4008 6584
269 464 371 528 273

967 467 1247 530 ORATIO
1284 469 1438 530 XIV.
1481 469 1654 530 -ΙΝ
1685 470 1997 532 LAUDEM
2036 472 2097 534 S.
2130 473 2441 534 MATHLE
2476 476 2732 539 APOST.

3414 467 3522 533 274

333 579 492 634 οὕτω
537 581 800 648 γάννυται
851 583 957 646 πᾶς
1013 583 1312 648 ἀπόστολος
1365 583 1842 656 δωροφορούμενος

2017 585 2155 641 Eum
2198 589 2254 644 in
2302 592 2522 648 modum
2581 589 2905 647 muneribus
2943 586 3117 658 accipi
3149 601 3214 643 ae
3260 586 3522 642 honorari

269 672 356 726 καὶ
375 671 684 742 τιμώμενος
704 690 718 704 ·
747 671 890 728 οὕτω
918 673 1011 728 καὶ
1037 677 1142 738 πᾶς
1169 675 1319 744 ἅγιος
1343 691 1356 704 ⁸
1385 675 1528 730 οὕτω
1558 678 1651 730 καὶ
1678 679 1706 730 6
1730 677 1837 729 τῶν

268 765 430 832 ἁγίων
466 765 646 835 χαίρει
670 765 820 830 Θεὸς,
860 766 1050 835 ’Ἄγιος
1080 769 1138 821 ὲν
1183 768 1360 836 ἁγίοις
1396 769 1834 840 ἀναπαυόμενος,
1866 824 1870 827 .

267 849 355 906 καὶ
377 852 735 924 δοξαζόμενος
766 857 822 908 ὲν
843 856 1238 925 δοξαζομένοις,
1275 859 1304 911 6
1337 861 1430 912 καὶ
1456 861 1585 930 ἡμῖν
1615 860 1706 914 τὸν
1740 861 1838 931 τῆς

264 945 545 1012 ἁγιότητος
574 945 738 1014 νόμον
767 947 1095 1016 νομοθετῶν.

347 1035 562 1087 Οὐκοῦν
631 1036 979 1108 σχολάσωμεν
1034 1039 1274 1110 σήμερον
1329 1042 1511 1114 πάσης
1573 1045 1837 1115 ἐργασίας

264 1125 554 1196 βιωτικῆς·
596 1128 966 1198 σχολάσωμεν,
1011 1131 1108 1184 καὶ
1140 1133 1360 1202 γνῶμεν
1390 1135 1472 1188 ὅτι
1502 1131 1656 1199 οὗτός
1688 1139 1836 1190 ἐστιν

261 1221 287 1271 6
314 1219 466 1286 Θεὸς,
499 1222 528 1272 6
556 1221 808 1292 καθάπερ
838 1224 896 1275 ἐν
940 1223 1190 1294 οὐρανοῖς
1224 1229 1338 1290 τοῖς
1381 1227 1698 1291 ἀποστόλοις
1741 1231 1838 1282 αὐ-

261 1311 348 1364 τοῦ
407 1312 700 1377 κατοικῶν,
757 1314 849 1366 καὶ
883 1314 1000 1379 ὅλος
1035 1315 1104 1369 δι’
1136 1315 1260 1370 ὅλου
1311 1317 1523 1382 τούτοις
1555 1320 1836 1390 ὑπερφυέ-

260 1422 427 1460 στατα
455 1407 533 1476 τῷ
570 1407 839 1478 πνεύματι
875 1411 1284 1482 συνενούμενος,
1319 1414 1412 1467 καὶ
1449 1414 1610 1484 σῶμα
1639 1417 1835 1470 ἑαυτοῦ

259 1501 669 1570 πανακήρατον,
706 1501 1050 1571 πανάμωμον
1110 1507 1655 1576 κατασκευαζόμενος
1679 1525 1693 1539 '
1740 1509 1837 1563 καὶ

261 1591 330 1660 μὴ
357 1592 802 1661 περιφρονῶμεν,
837 1593 951 1646 ἀλλ’
981 1593 1230 1664 εἰδῶμεν,
1281 1595 1358 1660 ὡς
1391 1598 1499 1668 ὅτῳ
1551 1597 1616 1652 ἂν
1648 1601 1838 1671 τρόπῳ

255 1682 362 1741 τοῖς
395 1680 668 1751 μαθηταῖς
703 1681 1163 1754 προσφερώμεθα,
1196 1683 1356 1737 τοῦτο
1392 1687 1528 1757 πρὸς
1554 1688 1716 1743 αὐτὸν
1745 1690 1841 1743 εὐ-

257 1771 492 1833 θυσόλως
521 1773 614 1826 τὸν
647 1775 980 1830 Διδάσκαλον
1009 1776 1415 1846 ἀναπέμπεται.
1455 1781 1563 1834 Καὶ
1590 1781 1780 1852 ὥσπερ
1810 1787 1839 1838 6

255 1861 542 1932 δεχόμενος
583 1865 802 1932 αὐτοὺς,
837 1867 928 1921 τὸν
961 1867 1358 1924 ἀποστείλαντα
1409 1869 1663 1942 δέχεται·
1696 1873 1837 1929 οὕτω

257 1959 342 2011 καὶ
363 1961 392 2011 6
423 1960 658 2026 ἀθετῶν,
693 1964 896 2017 ἐκεῖνον
923 1964 1104 2017 ἀθετεῖ
1120 1964 1341 2036 δηλαδή.

328 2049 487 2103 Ἐπεὶ
510 2050 566 2104 δὲ
601 2051 770 2105 ταῦτα
799 2054 894 2107 καὶ
929 2054 1147 2127 εἴρηται
1199 2056 1380 2121 καλῶς
1413 2059 1507 2113 καὶ
1548 2060 1840 2114 πεπίστευ⁹

253 2159 356 2208 ται,
389 2142 528 2214 φέρε
558 2143 623 2215 δὴ
660 2146 754 2198 καὶ
797 2149 1034 2218 σήμερον
1087 2149 1227 2203 κατὰ
1256 2150 1317 2204 τὸ
1350 2151 1548 2222 μέτρον
1591 2152 1692 2225 τῆς
1716 2155 1838 2208 ἑπι-

255 2237 661 2304 χορηγουμὲνης
715 2238 922 2292 ἄνωθεν
983 2240 1246 2311 χάριτος,
1304 2243 1412 2297 τῶν
1460 2245 1838 2300 ἀποστολικῶν

253 2327 489 2380 ἐπαίνων
544 2327 832 2397 ἁψώμεθα,
866 2331 962 2385 καὶ
990 2332 1084 2385 τοῦ
1121 2335 1270 2406 ἱεροῦ
1304 2337 1399 2390 καὶ
1426 2337 1570 2393 θείου
1599 2339 1836 2407 Μαθίου,

253 2417 386 2470 κατὰ
409 2419 470 2471 τὸ
497 2420 620 2472 ἐνὸν
648 2421 748 2490 τῆς
781 2423 1086 2492 δυνάμεως,
1116 2427 1225 2481 τῶν
1253 2429 1544 2500 εὐφημιῶν
1574 2447 1836 2504 κατατρυ-

253 2507 444 2579 φῶμεν
462 2527 476 2538 ·
516 2512 618 2564 οὐκ
639 2513 720 2576 είς
746 2514 948 2583 πλῆθος
984 2516 1077 2570 τὸν
1102 2517 1258 2588 λόγον
1279 2520 1688 2586 ἀποτείνοντες·
1718 2525 1838 2578 οὐδὲ

250 2600 354 2670 γὰρ
379 2603 668 2673 ἀνέχονται
693 2608 1073 2680 μακρηγορίας
1100 2611 1152 2664 οἱ
1178 2613 1305 2682 περὶ
1326 2611 1434 2667 τῶν
1457 2613 1620 2668 θείων
1643 2613 1834 2685 ὕμνοι·

250 2689 324 2758 τῷ
372 2695 812 2766 συντετμημένῳ
865 2698 921 2751 δὲ
981 2700 1181 2770 μᾶλλον
1214 2702 1433 2772 ἥδονται
1486 2706 1582 2758 καὶ
1629 2707 1834 2778 γοργῷ.

255 2782 468 2848 ’Δλλως
494 2785 575 2852 δὲ,
609 2788 729 2840 οὐδὲ
763 2789 883 2843 καθ’
918 2790 1148 2846 ἕκαστον
1191 2795 1299 2848 τῶν
1328 2797 1633 2868 εἰρημένων
1661 2797 1832 2869 αὐτῷ,

253 2875 291 2943 ἦ
310 2878 742 2948 πεπραγμένων,
774 2883 874 2935 ὅσα
903 2886 1021 2948 ταῖς
1052 2889 1290 2957 μακραῖς
1320 2890 1590 2961 περιόδοις
1620 2908 1836 2964 κατωρ-

255 2967 470 3022 θώσατο
519 2970 772 3038 διεξιέναι
804 2976 1002 3042 σκοπός
1028 2995 1043 3010 ·
1075 2978 1214 3033 ἀλλὰ
1250 2981 1465 3051 πρῶτον
1497 2984 1596 3054 μὶν
1641 2986 1739 3055 τὴν
1769 2987 1840 3040 ἱε-

257 3060 354 3128 ρὰν
391 3060 589 3130 κλῆσιν
613 3103 626 3126 ,
664 3062 855 3119 ἔπειτα
883 3067 980 3138 τὴν
1027 3069 1136 3123 ἀπὸ
1168 3071 1267 3142 τῆς
1297 3072 1554 3145 δευτέρας
1575 3075 1682 3130 τῶν
1706 3077 1840 3129 ἀπο-

255 3149 460 3203 στόλων
485 3153 693 3218 τάξεως
737 3156 828 3226 ἐπὶ.
851 3156 948 3228 τὴν
994 3160 1219 3231 πρώτην
1249 3164 1416 3218 αὐτοῦ
1451 3169 1842 3237 προσυπομνή-

257 3259 449 3306 σαντες
507 3246 802 3318 ἀναγωγήν
895 3247 1014 3304 εἶτα
1067 3252 1166 3323 τὴν
1219 3255 1456 3325 μέθεξιν,
1504 3258 1624 3328 ἢτοι
1675 3259 1838 3330 λῆψιν

255 3335 346 3387 τοῦ
402 3336 744 3405 Πνεύματος,
787 3341 882 3394 καὶ
931 3343 1029 3416 τὴν
1054 3346 1418 3420 ἀποστολικὴν
1471 3357 1696 3423 πορείαν
1721 3355 1841 3407 ἐπι-

257 3429 571 3498 τέμνοντες,
620 3433 715 3484 καὶ
775 3432 980 3504 βραχέα
1029 3440 1545 3511 προσφωνήσαντες,
1598 3443 1840 3511 ἀφοσιω-

260 3518 466 3589 σόμεθα
499 3523 738 3592 μετρίως
765 3523 908 3579 οὕτω
933 3528 1031 3596 τὴν
1060 3528 1308 3599 ὀφειλὴν.

339 3609 601 3679 Ἐκεῖνος,
653 3616 992 3690 Ὶσραηλίτης
1034 3621 1135 3691 μὲν
1164 3619 1232 3693 ἦν
1287 3623 1524 3697 ἀληθῶς,
1561 3625 1750 3700 ὥσπερ
1778 3628 1842 3700 δὴ

259 3704 352 3756 καὶ
380 3705 587 3770 πάντες
626 3709 676 3760 οί
736 3709 1000 3779 μαθηταὶ,
1056 3714 1151 3767 καὶ
1202 3715 1392 3770 τέκνον
1424 3718 1520 3771 τοῦ
1564 3719 1841 3791 Ἀϐραὰμ,

260 3794 334 3856 ὡς
377 3796 440 3848 τὸ
477 3796 641 3867 ἔργον
683 3800 998 3869 πεποιηκὼς
1021 3803 1114 3856 τοῦ
1157 3803 1440 3876 ’Δὸραάμσ
1469 3808 1625 3882 εἴπερ
1683 3811 1844 3880 ἔργον

263 3887 495 3954 ἐκείνου,
529 3890 714 3954 πίστις
760 3891 1084 3964 εἰλικρινὴς,
1119 3897 1212 3951 καὶ
1244 3899 1276 3969 ὴ
1330 3900 1570 3973 ἑπομένη
1599 3902 1736 3974 αὐτῇ
1767 3903 1846 3958 δι-

263 3979 550 4050 καιοσύνη’
593 3979 816 4052 ἐλεγχος
857 3983 914 4038 δὲ
944 3986 1126 4057 πάσης
1156 3987 1257 4056 τῆς
1291 3990 1546 4055 πίστεως,
1577 3995 1606 4046 ό
1640 3994 1844 4066 Κύριος

276 4067 502 4137 Ἰησοῦς,
530 4069 590 4134 ὃς
617 4073 710 4125 καὶ
756 4072 902 4136 λίθος
934 4075 1380 4146 προσκόμματος,
1409 4081 1504 4132 καὶ
1543 4079 1722 4151 πέτρα
1760 4099 1846 4134 τε-

267 4158 822 4235 θεῖσθαιγέγραπται
881 4166 1200 4232 σκανδάλου,
1244 4167 1447 4240 δηλαδὴ
1501 4173 1613 4236 τοῖς
1647 4173 1847 4246 καρδίᾳ

268 4253 628 4320 κεχρημένοις
651 4256 896 4327 σκαμόῇ·
930 4258 1203 4327 ἁνευθέτῳ
1236 4260 1463 4331 γνώμης
1482 4263 1834 4336 στρεϐλότητι

269 4344 356 4395 καὶ
379 4343 788 4419 διεστραμμένη
814 4349 1044 4420 διανοίᾳ,
1091 4351 1168 4421 τῷ
1198 4353 1389 4423 ἀγαθῷ
1430 4354 1526 4408 καὶ
1555 4355 1703 4409 εὐθεῖ
1747 4356 1845 4428 τὴν

271 4435 428 4503 φύσιν
466 4441 892 4508 προσπταίουσι,
947 4443 1042 4497 καὶ
1098 4446 1510 4517 ὲφαρμοσθῆναι
1541 4448 1715 4517 τούτῳ
1772 4450 1848 4522 μὴ

275 4528 635 4599 βουλομένοις,
672 4532 704 4603 ἢ
739 4534 814 4604 μὴ
834 4533 1148 4606 δυναμένοις
1171 4553 1183 4567 °
1215 4539 1360 4603 ὅσοις
1385 4539 1442 4593 δὲ
1465 4539 1590 4604 νοῦς
1616 4541 1848 4614 εὐθύτη-

1945 677 2188 746 gestiunt
2217 697 2407 738 omnes
2439 683 2668 756 apostoli
2709 703 2721 739 :
2767 684 2848 739 sic
2875 691 2931 736 et
2959 680 3135 737 sancti
3180 695 3409 746 omnes;
3441 680 3537 735 sie"

1943 777 2001 822 et
2036 780 2349 828 sanctorum
2385 775 2548 841 Deus,
2573 778 2663 846 qui
2690 775 2925 832 Sanctus
2947 773 3000 827 in
3029 772 3233 828 sanctis
3254 770 3523 840 conquie-

1943 864 2068 927 scit,
2100 866 2464 940 laudibusque
2497 872 2772 941 excipitur
2805 872 2858 926 in
2890 870 2956 924 iis
2984 868 3078 939 qui
3115 868 3430 932 laudantur,
3456 877 3523 920 ac

1943 955 2104 1012 nobis
2136 966 2195 1011 ut
2224 959 2398 1013 simus
2425 961 2620 1025 sancti,
2653 961 2770 1031 lege
2791 960 2988 1015 sancit.
3531 955 3535 958 ’

2014 1047 2186 1117 Igitur
2241 1066 2503 1107 vacemus
2542 1053 2705 1108 hodie
2750 1053 2818 1108 ab
2865 1052 3015 1107 omni
3057 1067 3124 1108 ex
3171 1050 3358 1106 surculi
3415 1063 3520 1105 usu

1943 1147 2141 1202 opere;
2187 1152 2448 1193 vacemus
2479 1154 2543 1193 ac
2600 1137 2988 1211 intelligamus,
3023 1140 3282 1210 quoniam
3316 1139 3405 1193 hie
3433 1146 3519 1193 est

1943 1226 2109 1291 Deus,
2137 1228 2230 1296 qui
2257 1228 2312 1282 in
2338 1231 2599 1298 apostolis
2624 1232 2738 1286 suis
2767 1232 2979 1287 habitat
3000 1233 3150 1287 velut
3169 1231 3225 1286 in
3253 1231 3409 1287 cmlis
3431 1230 3474 1264 “
3499 1239 3540 1297 ;'

1943 1327 2201 1389 totusque
2230 1337 2294 1374 ex
2329 1330 2441 1377 toto
2470 1323 2550 1378 eis
2574 1339 2740 1394 supra
2762 1341 2924 1394 quam
2946 1324 3146 1378 eximia
3168 1324 3378 1378 ratione
3401 1323 3516 1394 spi-
3541 1335 3544 1338 '

1944 1410 2054 1464 ritu
2087 1411 2296 1476 unitur,
2345 1427 2615 1484 suumque
2647 1415 3186 1484 incorruptissimum
3220 1425 3276 1469 et
3327 1416 3523 1470 imma-

1944 1500 2344 1557 culatissimum
2387 1519 2588 1575 corpus
2623 1504 2746 1560 illos
2794 1505 3002 1560 efﬁcit:
3061 1517 3164 1559 nec
3194 1519 3326 1560 vero
3382 1520 3520 1559 eon-

1946 1601 2272 1660 temnamus,
2291 1595 2386 1650 sed
2421 1596 2812 1667 intelligamus,
2846 1611 2956 1666 quo
2989 1595 3207 1651 tandem
3239 1593 3402 1649 modo
3435 1593 3521 1648 usi

1943 1684 2232 1756 discipulis
2279 1687 2567 1752 fuerimus,
2597 1688 2651 1742 id
2681 1689 2747 1743 ad
2775 1688 2954 1758 ipsum
3001 1695 3151 1742 recta
3199 1686 3518 1757 Magistrum

1944 1791 2230 1852 spectare:
2257 1797 2322 1836 ae
2354 1782 2498 1838 sicut
2524 1783 2618 1852 qui
2650 1797 2746 1837 eos
2778 1782 2993 1852 recipit,
3041 1795 3166 1835 eum
3197 1779 3393 1848 recipit
3425 1776 3520 1848 qui

1945 1875 2123 1944 ipsum
2153 1875 2339 1938 misit,
2367 1876 2451 1930 'sie
2491 1874 2584 1944 qui
2619 1875 2850 1944 spernit,
2884 1875 3038 1929 illum
3070 1873 3262 1944 utique
3293 1885 3520 1942 sperne-

1875 1947 1916 2002 B
1947 1982 2026 2032 re,
2051 1977 2205 2022 certo
2236 1967 2555 2021 noverimus
2581 1966 2647 2021 “.

2013 2058 2467 2128 Quandoquidem
2497 2070 2679 2114 autem
2733 2059 2849 2114 haec
2878 2067 3028 2114 recte
3071 2066 3184 2114 tum
3215 2058 3364 2114 dicta
3403 2066 3520 2114 tum

1945 2151 2151 2206 credita
2178 2158 2327 2215 sunt,
2353 2167 2448 2222 age
2477 2151 2640 2207 hodie
2669 2152 2833 2207 etiam
2865 2167 2966 2222 pro
2995 2166 3272 2208 concessae
3303 2151 3521 2208 cmlitus

1944 2243 2128 2313 gratia:
2179 2243 2425 2310 modulo,
2487 2245 2817 2313 apostolieas
2868 2244 3062 2300 laudes
3115 2244 3517 2316 aggrediamur,

1945 2335 2194 2405 sacrique
2215 2352 2279 2390 ac
2311 2335 2484 2390 divini
2519 2335 2754 2403 Mathiae,
2799 2343 3004 2406 quanta
3031 2336 3114 2392 vis
3140 2337 3307 2391 animi
3354 2352 3417 2392 ae
3437 2336 3521 2392 fa-

1944 2429 2139 2493 cultas,
2165 2429 2458 2498 prazconiis
2485 2428 2593 2484 ἰτειὶ
2618 2429 2998 2500 indulgeamus
3027 2448 3040 2484 :
3071 2444 3182 2484 non
3213 2445 3278 2484 ea
3309 2428 3522 2483 ratione

1945 2529 2007 2574 ut
2038 2537 2346 2577 sermonem
2387 2521 2544 2592 copia
2580 2521 2968 2591 protrahamus
2997 2535 3013 2575 :
3045 2535 3173 2575 nam
3221 2535 3401 2590 neque
3432 2518 3521 2572 di-

1944 2611 2085 2666 vinae
2115 2612 2304 2668 laudes
2334 2612 2706 2683 prolixitatem
2740 2612 2942 2678 ferunt,
2986 2611 3120 2682 quin
3153 2609 3309 2665 brevi
3333 2610 3520 2680 potius

1945 2717 2009 2756 ac
2026 2701 2196 2758 vivaci
2218 2719 2314 2759 seu
2344 2704 2572 2760 incitato
2601 2704 2822 2774 eloquio
2845 2703 3089 2775 proclive
3113 2704 3520 2774 depangunlur.

1944 2795 2022 2850 Ac
2054 2811 2158 2852 nec
2193 2806 2454 2866 praeterea
2486 2797 2622 2853 illud
2653 2797 2839 2852 animo
2874 2797 3255 2862 constitutum,
3280 2803 3341 2850 ut
3378 2793 3524 2849 dicta

1945 2903 2177 2957 quaeque
2211 2897 2306 2942 aut
2364 2888 2504 2944 facta
2555 2889 2922 2960 (quteeunque
2953 2889 3165 2945 scilieet
3189 2903 3288 2958 per
3332 2887 3527 2957 longos

1946 2978 2213 3034 circuitus
2245 2981 2502 3050 praeclare
2557 2981 2635 3036 illi
2672 2991 2824 3054 gesta
2851 2981 3002 3051 sunt)
3050 2979 3380 3043 edisseram;
3426 2976 3524 3032 sed

1946 3081 2008 3124 ut
2034 3070 2272 3140 primum
2317 3086 2470 3126 saera
2502 3073 2790 3129 vocatione
2830 3073 3024 3133 relata.
3073 3080 3299 3140 tumque
3325 3070 3446 3141 ejus
3491 3083 3550 3122 a‘

1947 3163 2188 3218 secunda
2217 3163 2284 3217 ad
2330 3164 2561 3233 primam
2612 3166 2986 3235 apostolorum
3038 3163 3268 3218 classem
3323 3177 3523 3232 prove-

1947 3257 2127 3310 ctione
2151 3264 2401 3322 narrata;
2427 3255 2736 3327 exindeque
2763 3257 3091 3328 compendio
3117 3255 3374 3311 collatum
3398 3253 3522 3324 Spi-

1949 3347 2088 3401 ritus
2135 3347 2361 3412 donum,
2403 3363 2468 3403 ac
2500 3363 2601 3418 pro
2633 3349 2936 3418 apostolico
2989 3362 3218 3402 munere
3263 3354 3521 3416 suscepta

1949 3438 2146 3492 itinera
2167 3439 2435 3503 exsecuti,
2465 3438 2732 3509 brevique
2753 3437 3148 3494 acclamatione
3183 3451 3277 3492 seu
3315 3438 3521 3492 saluta-

1951 3531 2100 3585 tione
2127 3530 2322 3593 i‘uncti,
2345 3530 2425 3586 sie
2444 3531 2527 3586 vel
2548 3530 2762 3586 modice
2785 3529 3032 3586 debitum
3067 3529 3463 3600 persolvemus.

2021 3623 2252 3680 Mathias
2303 3639 2435 3679 vere
2459 3624 2550 3679 ille
2573 3623 2796 3694 quidem
2831 3623 3075 3678 Israelita
3106 3622 3230 3686 fuit,
3265 3619 3528 3691 quemad-

1953 3717 2176 3772 modum
2233 3717 2400 3773 etiam
2435 3717 2633 3787 reliqui
2672 3715 3032 3786 discipuli“,
3084 3722 3247 3785 atque
3290 3713 3526 3768 Abrahae

1951 3807 2119 3874 ﬁlius,
2169 3815 2230 3862 ut
2275 3808 2370 3878 qui
2404 3807 2638 3864 Abrahae
2664 3823 2803 3878 opus
2833 3806 3027 3861 fecerit
3066 3823 3079 3860 :
3131 3805 3334 3876 quippe
3385 3818 3525 3874 opus

1951 3900 2121 3965 illius,
2154 3915 2285 3955 vera
2315 3899 2453 3956 ﬁdes
2485 3909 2606 3966 est;
2638 3915 2702 3954 ac
2731 3914 2851 3969 quae
2884 3898 3017 3953 huic
3069 3912 3254 3952 comes
3285 3895 3524 3960 exsistit,

1945 3993 2182 4066 justitia.
2227 3993 2420 4050 Omnis
2459 4001 2644 4048 autem
2675 3992 2802 4046 ﬁdei
2834 3990 3108 4060 probatio,
3140 3987 3404 4042 Dominus
3431 3986 3526 4042 Je-

1951 4101 2068 4151 sus,
2095 4101 2259 4155 quem
2307 4084 2543 4155 lapidem
2570 4081 2895 4138 oﬁ‘ensionis
2925 4090 2982 4136 et
3020 4088 3233 4150 petram
3280 4078 3526 4132 scandali

1952 4178 2236 4249 Scriptura
2262 4178 2498 4248 positum
2547 4184 2813 4238 testatur;
2845 4187 3043 4242 nempe
3089 4171 3199 4226 illis
3227 4170 3322 4240 qui
3354 4185 3525 4240 pravo

1951 4277 2244 4326 versantur
2298 4267 2566 4334 corde“;
2619 4267 2712 4336 qui
2761 4265 3025 4319 nimirum
3081 4264 3268 4334 inepta
3320 4263 3526 4319 mentis

1952 4362 2310 4433 perversitate
2340 4375 2404 4415 ac
2437 4359 2678 4430 obliquis
2717 4357 2886 4412 animi
2922 4357 3248 4420 rationibus,
3293 4355 3370 4410 illi
3421 4355 3526 4409 im-

1951 4453 2185 4524 pingunt
2209 4454 2303 4523 qui
2356 4459 2551 4506 natura
2582 4451 2759 4506 bonus
2789 4457 3081 4519 rectusque
3129 4457 3233 4513 est,
3274 4462 3376 4503 nec
3416 4448 3522 4518 ipsi

1953 4546 2198 4615 coaptari
2223 4553 2320 4600 aut
2351 4544 2565 4610 volunt,
2615 4552 2710 4598 aut
2741 4549 3003 4612 possunt:
3039 4548 3311 4611 quotquot
3339 4548 3524 4594 autem

272 4636 357 4684 τος
389 4621 622 4692 μέτοχος
649 4626 741 4677 καὶ
777 4626 1136 4698 ἀγαθότητος,
1166 4629 1244 4701 τῷ
1277 4633 1448 4703 ὁμοίῳ
1473 4631 1534 4685 τὸ
1559 4633 1746 4702 ὅμοιον
1773 4634 1842 4698 ὡς

1954 4654 2018 4694 ea
2042 4646 2224 4693 mente
2255 4636 2492 4708 przediti,
2524 4652 2647 4706 qua:
2673 4634 2744 4690 sit
2778 4631 3129 4688 rectitudinis
3153 4631 3431 4700 particeps
3461 4645 3526 4684 ac

280 4715 498 4782 τάχιστα
546 4715 764 4782 γνόντες
801 4719 897 4772 καὶ
931 4722 1380 4788 πεπιστευκότες,
1429 4725 1522 4777 καὶ
1569 4726 1659 4778 τὸν
1717 4727 1848 4781 Υίὸν

275 4803 361 4856 τοῦ
394 4805 684 4876 ἀνθρώπου
714 4810 853 4863 κατὰ
879 4811 1041 4878 φύσιν
1072 4814 1346 4884 ὁρώμενον
1392 4817 1486 4869 καὶ
1510 4818 1850 4888 γνωριζόμε-

277 4911 379 4957 νον,
424 4895 520 4948 τὸν
548 4897 709 4951 αὐτὸν
742 4901 834 4953 καὶ
868 4901 997 4955 Υίὸν
1021 4903 1157 4956 Θεοῦ
1214 4905 1388 4977 ἀληθῆ
1424 4909 1538 4971 τοῖς
1572 4908 1849 4978 ὑπερφυε-

279 4990 487 5054 στάτοις
538 4991 648 5044 τῶν
705 4992 1021 5064 θαυμασίων
1063 4996 1482 5069 βεϐαιούμενοι,
1542 4993 1688 5054 οὗτοι
1751 5001 1849 5056 καὶ

279 5081 436 5135 τέκνα
492 5082 586 5135 τοῦ
621 5084 895 5156 Ἀϐραὰμ,
942 5086 1018 5151 ώς
1064 5088 1140 5160 τῷ
1178 5090 1386 5144 ἐκείνου
1431 5094 1710 5163 μιμήματι
1756 5113 1851 5147 πι-

282 5174 581 5237 στεύοντες,
611 5175 705 5229 καὶ
742 5177 911 5231 τέκνα
961 5179 1120 5246 Θεοῦ,
1163 5182 1264 5234 οὐκ
1295 5183 1586 5255 ἀκολουθίᾳ
1639 5185 1854 5254 φύσεως

281 5263 394 5317 οὐδὲ
426 5267 670 5336 σαρκίνῳ
709 5268 1026 5339 γεννώμενα
1077 5273 1380 5342 θελήματι,
1412 5276 1500 5329 διὰ
1531 5276 1762 5341 πίστεως
1798 5280 1854 5332 δὲ

284 5355 370 5409 καὶ
401 5358 624 5428 ἀγάπης
659 5358 751 5412 τοῦ
785 5361 1123 5430 Μονογενοῦς
1149 5363 1594 5436 ἀναγεννώμενα.

353 5543 573 5597 Τούτων
603 5539 684 5607 εἷς
716 5547 810 5598 καὶ
841 5549 869 5600 6
901 5549 1320 5621 μακαριώτατος
1368 5554 1703 5626 ἐχρημάτισε
1739 5559 1858 5610 Μα-

291 5633 422 5700 θξας,
452 5635 547 5688 καὶ
587 5636 789 5704 ἀγαθὸς
818 5639 919 5709 τὴν
946 5640 1123 5713 ψυχὴν
1151 5643 1217 5698 ὲκ
1271 5645 1460 5709 παιδὸς
1493 5646 1590 5708 ὣν,
1639 5647 1735 5700 καὶ
1765 5647 1857 5701 τὸν

293 5725 407 5780 νοῦν
433 5727 616 5793 εὐθὺς,
634 5730 728 5782 καὶ
757 5728 854 5799 τὴν
885 5732 1112 5802 καρδίαν
1139 5734 1348 5806 πραῢς,
1378 5737 1473 5790 καὶ
1497 5736 1595 5808 τὴν
1627 5737 1855 5809 γνώμην

1952 4727 2241 4794 bonitatis,
2278 4728 2460 4783 simile
2495 4727 2663 4782 simili
2698 4740 2861 4797 quam
2918 4725 3206 4780 celerrime
3248 4737 3521 4794 cognove-

1952 4829 2079 4875 runt
2121 4835 2185 4874 ac
2240 4818 2618 4881 crediderunt,
2670 4817 2980 4886 Filiumque
3035 4815 3278 4868 hominis
3330 4822 3527 4868 natura

1952 4913 2308 4982 conspicuum
2339 4926 2403 4966 ac
2446 4911 2742 4974 visibilem,
2783 4907 3040 4963 eumdem
3102 4906 3280 4976 ipsum
3333 4920 3524 4959 verum

1952 5003 2050 5059 Dei
2101 5004 2321 5066 Filium’,
2379 5000 2785 5073 praemagniﬁca
2826 5001 3110 5070 signorum
3150 5000 3273 5052 luce
3311 4996 3522 5051 inducti

1953 5105 2105 5152 certo
2135 5095 2551 5158 existimarunt;
2591 5093 2646 5146 hi
2674 5093 2908 5158 scilicet,
2947 5100 3060 5146 tum
3093 5089 3189 5143 ﬁlii
3221 5088 3518 5151 Abraham,

1952 5187 2102 5242 velut
2125 5186 2272 5241 illius
2303 5185 2592 5240 credentes
2640 5183 2912 5253 exemplo,
2969 5189 3083 5235 tum
3121 5179 3216 5233 ﬁlii
3249 5178 3366 5244 Dei,
3412 5194 3522 5232 non

1953 5288 2159 5333 natura:
2186 5277 2382 5332 ordine
2417 5285 2515 5331 aut
2561 5275 2744 5331 carnis
2777 5274 3061 5328 voluntate
3115 5270 3250 5336 nati,
3289 5270 3386 5325 sed
3429 5286 3526 5340 per

1952 5369 2228 5439 Unigeniti
2273 5368 2437 5423 ﬁdem
2493 5383 2558 5422 ac
2607 5367 2964 5422 dilectionem
3019 5363 3232 5428 renati,
3294 5361 3524 5418 exstite-

1956 5470 2108 5516 runt.

2033 5553 2238 5608 Horum
2284 5568 2316 5607 e
2365 5567 2598 5607 numero
2646 5565 2788 5607 unus
2823 5550 3034 5606 exstitit
3073 5559 3127 5603 et
3171 5546 3526 5603 beatissimus

1959 5647 2221 5702 Mathias:
2253 5661 2507 5716 nempea
2555 5644 2760 5700 teneris
2806 5643 3100 5714 unguibus,
3155 5642 3297 5696 bona
3345 5639 3527 5694 anima

1959 5747 2124 5810 atque
2169 5739 2353 5794 indole
2404 5738 2688 5808 praeditus,
2742 5745 3032 5804 menteque
3072 5743 3258 5788 rectus
3287 5740 3343 5788 et
3388 5731 3528 5787 lenis

364 5899 566 5958 “Psal.
602 5919 723 5970 ην,
761 5903 847 5960 Η.
923 5905 968 5938 ⁸³
996 5904 1127 5962 Luc.
1167 5925 1221 5978 χ,
1259 5909 1340 5965 16.
1415 5910 1459 5944 ⁸⁵
1484 5910 1640 5967 Joau.
1677 5928 1712 5975 ι,
1740 5912 1842 5980 47ς

1951 5928 2004 5980 ιι,
2037 5914 2126 5969 59.
2206 5913 2254 5948 ⁸⁸
2281 5917 2387 5969 lsa.
2427 5929 2538 5976 \‘lll,
2577 5912 2641 5966 ii
2674 5927 2688 5978 ;
2745 5911 2904 5967 Rom.
2954 5926 3026 5977 Ix,
3055 5908 3144 5963 52.
