3934 6480
448 385 559 450 275

1616 399 1910 463 ΝΙΕΕΤίΕ
1949 402 2479 468 PAPHLAGONIS

3590 427 3691 494 2'16

448 499 654 566 animo,
706 517 981 575 sensuque
1016 507 1267 577 placidus
1312 527 1377 567 ac
1434 513 1717 572 modestus
1766 519 2018 589 mitisque

2129 523 2386 592 χρηστὸς,
2415 525 2508 577 καὶ
2525 522 2617 577 τὸν
2635 525 2734 596 τῆς
2758 526 2936 599 ψυχῆς
2953 528 3153 600 τρόπον
3179 530 3440 605 ἐπιεικὴς,
3460 538 3530 603 ὡς
3549 544 3694 610 μόνον

449 606 574 647 cum
605 605 770 661 esset,
792 597 886 652 ubi
916 600 1156 669 primum
1180 604 1309 659 Jesu
1334 605 1475 663 fama
1505 610 1561 664 in
1594 612 1849 665 omnium
1880 628 2043 668 aures

446 686 713 753 insonuit,
752 700 1148 761 cmperuntque
1174 693 1380 751 Christi
1423 700 1689 756 miracula
1717 702 1771 756 in
1812 703 2037 757 Christo

446 771 886 847 increbrescere,
938 782 1082 838 haud
1114 786 1247 841 satis
1270 790 1483 858 putavit
1528 793 1721 849 auditu
1768 796 2038 851 solover-

446 863 578 919 bum
611 868 926 939 suscipere;
960 874 1095 942 quin
1126 884 1182 928 et
1217 879 1465 933 cucurrit
1516 881 1701 937 animo
1745 885 1941 940 avidus
1975 896 2038 940 ut

446 957 582 1028 ipsis
615 975 834 1031 quoque
865 964 1044 1019 oculis
1070 966 1464 1024 miraculorum
1491 970 1771 1043 inspector
1797 976 1975 1032 ﬁeret.

516 1050 636 1104 Mox
665 1052 847 1122 itaque
869 1070 933 1110 ac
965 1056 1124 1125 vidit,
1146 1074 1256 1114 non
1296 1060 1591 1130 dubitavit,
1615 1075 1709 1120 aut
1738 1068 1889 1122 velut
1939 1072 2033 1140 qui

444 1141 677 1198 modicae
745 1144 872 1201 ﬁdei
924 1157 1074 1215 sunt,
1138 1166 1343 1223 anceps
1406 1155 1586 1213 haesit.
1652 1160 1773 1214 Non
1829 1162 2033 1216 invidia

443 1235 671 1303 exarsit,
722 1238 875 1294 velut
906 1243 1290 1314 malignissimi
1330 1248 1540 1316 Judaei;
1580 1267 1689 1309 non
1726 1250 2032 1311 dementis-

442 1324 711 1381 simorum
735 1331 1025 1399 gentilium
1060 1351 1214 1393 more
1244 1339 1468 1408 segnior
1495 1340 1640 1409 fuit;
1673 1346 1806 1414 quin
1843 1346 2031 1402 animo

441 1416 752 1485 revirescit,
776 1422 1051 1478 excitatur
1078 1428 1313 1495 spiritu;
1366 1446 1430 1485 ac
1454 1433 1678 1502 quidem
1718 1445 1902 1492 mente
1932 1439 2030 1493 ad-

443 1504 700 1572 miratur,
734 1509 790 1564 in
820 1511 1160 1569 desiderium
1209 1533 1340 1574 vero
1368 1522 1629 1579 transfert
1673 1527 2025 1597 miraculum,

442 1598 896 1675 desideriumque
959 1607 1241 1665 desiderio
1290 1616 1614 1681 cumulans,
1670 1618 1726 1672 in
1775 1620 2023 1677 divinum

441 1700 686 1743 amorem
709 1694 986 1761 provehit.
1009 1696 1334 1755 Vehementi
1371 1702 1609 1775 denique
1652 1718 2025 1783 contenteque

442 1776 771 1837 bonil‘ormis
827 1785 1033 1840 amoris
1092 1789 1333 1857 ardore,
1391 1793 1619 1864 depulsa
1676 1810 2020 1858 terrenarum

440 1873 591 1927 omni
644 1875 969 1945 cupiditate,
1031 1881 1292 1952 omnique
1350 1889 1534 1942 sa3culi
1586 1890 1752 1962 hujus
1793 1910 2023 1952 excussa
2058 1871 2098 1927 Β

440 1980 604 2033 cura;
629 1976 793 2040 atque
826 1977 1154 2033 necessariis
1184 1980 1406 2049 quidem
1435 1983 1693 2039 omnibus
1734 1987 1886 2041 velut
1920 1989 2022 2042 mi-

438 2058 590 2115 nime
643 2068 973 2122 necessariis
1028 2071 1250 2139 spretis,
1306 2073 1761 2147 charissimisque
1817 2080 2025 2135 relictis

437 2151 590 2207 velut
610 2158 905 2220 extraneis,
936 2163 1184 2217 omnium
1218 2165 1338 2220 vice
1369 2182 1537 2221 unum
1562 2169 1767 2239 oppido
1800 2175 2024 2242 optabat

438 2247 683 2303 nancisci
724 2250 935 2308 Iesum.
993 2256 1102 2311 llas
1165 2276 1303 2316 unas
1342 2265 1708 2334 pereupiebat
1752 2267 1971 2324 divitias
2006 2288 2019 2323 :

436 2342 608 2393 totam
638 2340 717 2395 illi
755 2344 924 2400 vitam
959 2363 1144 2405 comes
1173 2351 1455 2410 adhmrere
1483 2357 1721 2425 avebat;
1764 2368 1819 2414 et
1846 2371 1906 2416 ut
1938 2362 2023 2415 di-

434 2430 592 2487 vinas
620 2433 766 2490 illius
804 2450 1114 2497 mereretur
1145 2445 1339 2501 audire
1374 2449 1813 2518 praedicationes,
1849 2455 2023 2522 pluris

436 2521 517 2577 illi
548 2541 767 2582 servum
802 2547 945 2599 esse,
980 2546 1223 2605 quamut
1248 2540 1631 2596 universorum
1664 2544 1832 2601 herus
1852 2554 2018 2612 esset,

436 2613 679 2673 habebat
706 2640 720 2676 :
752 2640 922 2680 unum
980 2628 1133 2684 illum
1164 2632 1291 2688 vita:
1334 2651 1447 2692 sua:
1483 2648 1693 2708 patrem
1730 2650 1785 2695 et
1840 2652 2022 2712 pasto-

437 2722 554 2764 rem
576 2718 740 2781 atque
778 2717 1102 2788 magistrum
1134 2732 1189 2778 et
1216 2736 1611 2797 praeceptorem
1636 2730 1895 2787 ducebat.

504 2800 649 2868 Quid
679 2822 812 2863 vero
832 2809 1142 2869 Dominus?
1178 2832 1309 2871 num
1335 2819 1593 2891 discipuli
1615 2825 2021 2880 mmulationem

435 2896 679 2964 sprevit?
730 2899 1089 2960 Aut’admisit
1118 2910 1368 2979 quidem,
1420 2915 1516 2969 sed
1565 2924 1745 2971 tamen
1778 2918 2020 2974 ﬁdelium

438 2987 615 3043 turba:
666 2990 1057 3052 innumerabili
1090 3001 1343 3073 :adlegit?
1392 3007 1479 3060 vel
1539 3008 1777 3079 denique
1825 3010 2020 3080 paucis

436 3074 661 3144 quidem
708 3088 765 3136 et
822 3084 916 3153 qui
970 3085 1130 3145 facile
1165 3105 1597 3151 numerarentur
1643 3102 1948 3165 accensuit,
1985 3118 2015 3157 a

2146 613 2302 686 ἡτοῦ
2356 615 2531 683 Ἰησοῦ
2564 618 2722 688 φήμη
2754 620 2859 673 ἀνά
2901 621 3082 684 πάσας
3132 622 3240 677 τῶν
3290 626 3579 698 ἀνθρώπων
3620 635 3691 688 δι.

2144 708 2328 775 ηχεῖτο
2358 706 2548 771 ἀκοὰς,
2586 709 2679 760 καὶ
2696 708 2766 760 τὰ
2795 708 2889 762 τοῦ
2922 710 3158 781 Χριστοῦ
3195 712 3464 784 θαυμάσια
3492 720 3547 773 ὲν
3572 722 3696 792 Χρι-

2144 795 2254 866 στῷ
2285 797 2723 864 ἀπεκαλύπτετο,
2774 804 2875 854 οὐκ
2906 800 3179 873 αὔταρκες
3207 804 3405 875 ἥγηται
3442 809 3505 861 δι’
3539 813 3695 884 ἀκοῆς

2143 890 2312 958 μόνης
2364 889 2425 942 τὸ
2461 892 2613 961 ῥῆμα
2659 893 3090 960 καταδέξασθαι·
3126 895 3261 949 ἀλλά
3310 899 3403 951 καὶ
3442 899 3697 975 αὐτόπτης

2138 983 2246 1037 τῶν
2277 982 2598 1053 θαυμασίων
2636 985 2838 1056 ἔδραμε
2870 988 3142 1057 γενέσθαι.

2222 1076 2309 1140 Ὠς
2330 1076 2423 1131 οὖν
2454 1075 2615 1140 εἶδεν,
2652 1082 2753 1134 οὐκ
2787 1082 3065 1137 ὲδίστασεν
3099 1085 3175 1147 ὼς
3200 1087 3248 1138 οί
3293 1086 3611 1155 ὀλιγόπιστοι
3633 1096 3692 1165 τῇ

2134 1166 2359 1239 διανοίᾳ.
2392 1170 2505 1223 Οὐκ
2551 1171 2875 1241 ἐϐάσκηνεν,
2913 1174 2989 1237 ώς
3012 1176 3060 1228 οί
3096 1177 3388 1246 κακοήθεις
3432 1180 3693 1237 Ἰουδαῖον

2132 1258 2253 1312 οὐδὲ
2276 1260 2682 1332 ἐρῤᾳθύμησεν,
2715 1264 2790 1328 ώς
2819 1266 2868 1317 οἱ
2909 1267 3228 1321 ἀνούστατοι
3278 1270 3385 1323 τῶν
3448 1272 3693 1328 ἐθνικῶν·

2132 1350 2252 1404 ἀλλ’
2307 1353 2598 1407 ἀναϐάλλει
2662 1358 2763 1425 τὴν
2821 1357 3095 1428 καρδίαν,
3152 1360 3590 1435 ἀναζωπυρεῖται
3639 1369 3695 1422 τὸ

2130 1445 2381 1515 πνεῦμα⁹
2412 1448 2504 1499 καὶ
2558 1448 2829 1517 θαυμάζει
2866 1450 2967 1519 μὲν
3025 1451 3101 1522 τῷ
3156 1452 3271 1517 νοῒ,
3319 1457 3395 1517 εἰς
3442 1457 3596 1511 πόθον
3642 1460 3694 1513 δὲ

2131 1538 2453 1610 μετατίθησι
2486 1540 2547 1593 τὸ
2604 1540 2829 1611 θαῦμαο
2883 1543 3034 1616 πόθῳ
3084 1546 3142 1599 δὲ
3173 1546 3332 1599 πόθον
3379 1551 3693 1617 προστιθεὶς,

2126 1627 2207 1689 είς
2258 1628 2438 1681 ἔνθεον
2476 1629 2655 1699 ἔρωτα
2716 1633 3052 1701 προκόπτει⁸
3103 1635 3181 1706 τῷ
3239 1638 3452 1709 σφοδρῷ
3498 1639 3551 1691 δὲ
3611 1643 3695 1695 τοῦ

2124 1718 2470 1786 ἀγαθοειδοῦς
2490 1721 2692 1792 ἔρωτος
2714 1725 2806 1777 καὶ
2826 1727 3198 1797 ἑπιτεταμένῳ
3227 1730 3406 1782 πᾶσαν
3435 1731 3539 1784 τῶν
3559 1735 3699 1788 κάτω

2125 1810 2593 1882 διακρουσάμενος
2622 1814 2944 1885 ἐπιθυμίαν,
2975 1818 3072 1871 καὶ
3103 1820 3287 1874 πᾶσαν
3326 1818 3421 1874 τοῦ
3458 1821 3548 1875 νῦν
3574 1826 3697 1878 αίῶ-

2126 1920 2215 1967 νος
2242 1906 2713 1978 ἀποτιναξάμενος
2746 1911 2983 1981 σπουδήν
3004 1926 3019 1941 °
3057 1913 3152 1965 καὶ
3180 1914 3417 1977 οἰκείους
3454 1916 3549 1986 μὲν
3573 1919 3698 1972 πάν-

2125 1996 2227 2059 τας
2250 1997 2326 2060 ὡς
2355 2000 2660 2064 ἀνοικείους
2695 2002 2988 2074 ὑπεριδὼν,
3014 2005 3089 2069 ti);
3118 2006 3436 2077 ἀλλοτρίους
3481 2008 3536 2062 δὲ
3584 2012 3702 2074 τοὺς

2127 2087 2417 2155 φιλτάτους
2439 2090 2619 2160 ἀφεὶς,
2655 2092 2813 2162 μόνον
2841 2093 2987 2165 ἔχειν
3016 2096 3140 2149 ἀντὶ
3164 2096 3388 2151 πάντων
3412 2098 3591 2152 ἐπόθει
3617 2101 3703 2153 τὸν

2138 2178 2366 2249 Ἰησοῦν.
2394 2182 2571 2236 Μόνον
2596 2183 2833 2255 Χριστὸν
2864 2186 3050 2240 ἐπόθει
3080 2188 3335 2241 πλουτεῖν
3358 2208 3372 2223 ο
3406 2190 3552 2260 αὐτῷ
3582 2192 3699 2244 ἀκο-

2123 2273 2332 2327 λουθεῖν
2370 2274 2459 2328 διὰ
2486 2274 2600 2343 βίου
2635 2279 2839 2341 παντός
2863 2294 2877 2308 ·
2912 2279 3078 2333 αὐτοῦ
3116 2280 3228 2334 τῶν
3258 2280 3699 2354 θεορῤημοσυνῶν

2124 2364 2514 2432 καταξιοῦσθαι
2541 2382 2556 2397 ο
2614 2366 2778 2421 αὐτοῦ
2841 2367 3029 2433 δοῦλος
3086 2366 3251 2435 εἶναι,
3287 2370 3321 2441 ἢ
3356 2372 3463 2424 τῶν
3496 2372 3701 2425 πάντων

2121 2457 2391 2529 δεσπότην
2414 2458 2713 2527 ὲπεθύμει’
2751 2460 2844 2514 καὶ
2878 2462 3040 2515 αὑτὸν
3071 2463 3170 2533 τῆς
3207 2463 3415 2526 οἰκείας
3441 2465 3582 2533 ζωῆς
3606 2482 3702 2517 πα-

2122 2550 2279 2616 τέρα,
2334 2552 2568 2622 ποιμένα
2623 2553 2719 2606 καὶ
2769 2552 3090 2608 διδάσκαλον
3146 2555 3311 2625 μόνον
3363 2556 3567 2609 ἐτίθετο
3613 2556 3702 2610 κα)⁵

2123 2640 2468 2713 καθηγητήν.

2196 2824 2259 2880 Τί
2292 2825 2379 2880 δαὶ
2407 2829 2434 2880 ὁ
2463 2827 2701 2898 Κύριος;
2734 2823 2842 2900 ἆρα
2880 2829 3106 2903 παρεῖδε
3139 2829 3231 2883 τὸν
3278 2830 3439 2897 ζῆλον
3488 2830 3576 2883 τοῦ
3606 2847 3703 2900 μαο

2123 2917 2332 2987 θητοῦ;
2385 2919 2455 2972 Ἢ
2486 2919 2757 2990 προσέσχε
2797 2922 2915 2991 μὲν,
2964 2920 3040 2990 τῷ
3092 2921 3388 2992 ἀναρίθμῳ
3419 2920 3476 2974 δὲ
3526 2919 3716 2974 τοῦτον·

2121 3008 2316 3079 πλήθει
2343 3011 2599 3074 συνέταξε
2630 3011 2739 3064 τῶν
2773 3013 2981 3067 πιστῶν
3006 3029 3019 3077 ;
3052 3013 3085 3084 ἢ
3115 3015 3229 3076 τοῖς
3256 3013 3460 3081 ὀλίγοις
3495 3013 3589 3083 μὲν
3615 3013 3701 3065 καί⁸

2116 3100 2507 3172 εὐαριθμήτοις
2542 3103 2972 3176 συνηρίθμησεν,
3024 3106 3122 3174 τῆς
3159 3104 3391 3176 πρώτης
3424 3106 3479 3158 δὲ
3506 3103 3702 3170 τάξεως

436 3168 611 3236 prima
648 3180 828 3229 tamen
863 3179 1033 3235 classe
1065 3185 1314 3253 repulit?
1360 3187 1581 3245 Minime
1608 3192 1891 3260 gentium;
1919 3196 2013 3250 sed

2125 3168 2422 3259 ἀπώσατος
2459 3168 2746 3263 Οὐδαμῶς·
2779 3168 2919 3248 ἀλλά
2960 3196 3058 3265 τῆς
3080 3168 3356 3265 ’δευτέρας
3386 3196 3485 3265 μὲν
3509 3193 3704 3259 τάξεως

437 3277 564 3315 eum
613 3264 850 3333 primum
903 3274 1161 3331 secunda:
1209 3277 1612 3350 discipulorum
1654 3285 1843 3341 classis
1889 3303 2015 3343 eum

354 3418 365 3423 _
435 3351 731 3420 eﬁ‘eeisset,
762 3372 825 3413 ac
850 3360 1209 3436 Septuaginta
1238 3370 1552 3442 adlegisset,
1586 3378 1909 3448 cunctisque
1938 3380 2022 3434 di-

436 3443 582 3500 vinis
601 3452 1108 3527 sacratioribusque
1152 3460 1424 3519 doctrinis
1454 3481 1517 3520 ac
1547 3467 1829 3525 miraculis
1854 3472 2019 3527 abso-

435 3534 693 3594 lutiorem
728 3552 1069 3613 praestasset,
1097 3565 1224 3605 eum
1274 3553 1329 3608 in
1366 3557 1590 3612 modum
1637 3560 1784 3615 omni
1820 3577 2021 3632 prove-

437 3635 585 3681 ctum
606 3630 807 3700 pietate
824 3645 987 3708 atque
1003 3640 1229 3708 virtute,
1255 3646 1320 3700 ad
1345 3663 1660 3718 supremum
1688 3630 1902 3719 eorum,
1923 3657 2017 3727 qui

437 3723 709 3792 eoryphaai
740 3738 946 3796 essent,
971 3732 1133 3803 digne
1150 3752 1250 3806 pro
1268 3742 1480 3797 meritis
1508 3723 2017 3818 sustollitgradum.

505 3812 577 3867 At
630 3818 903 3885 quisnam,
937 3823 1096 3890 cedo,
1145 3829 1341 3886 modus
1377 3812 1794 3893 translationis}
1831 3841 2018 3896 Domi-

436 3920 543 3960 nus
576 3906 753 3975 Jesus,
778 3912 864 3967 sui
893 3914 946 3969 in
971 3925 1115 3972 terra
1134 3919 1405 3979 incolatus
1454 3925 1704 3983 absoluta
1730 3946 1904 3999 mora,
1934 3949 2021 3987 sa-

432 3997 738 4071 lutarisque
770 4004 1198 4076 dispensationis
1238 4027 1463 4084 peracto
1513 4035 1701 4089 opere,
1756 4039 1820 4079 ac
1865 4028 2017 4081 omni

434 4091 614 4149 Patris
680 4097 897 4167 expleto
930 4104 1185 4169 consilio,
1248 4108 1313 4161 ad
1362 4110 1636 4167 viviﬁcam
1690 4116 2016 4188 beatamque

435 4185 620 4241 crucis
649 4188 957 4256 passionem
984 4207 1229 4252 venerat.
1281 4200 1360 4256 Ac
1396 4203 1570 4259 Judas
1600 4206 1823 4275 quidem
1874 4225 2017 4265 unus

434 4274 501 4329 de
523 4275 841 4345 duodecim,
876 4282 970 4337 illo
1005 4284 1231 4351 Iudaeis,
1269 4290 1394 4344 data
1449 4274 1683 4362 pecunia
1705 4339 1719 4363 ,
1773 4299 2015 4367 prodito,

433 4370 793 4436 apostolicum
834 4390 1036 4431 munus
1066 4378 1268 4448 laqueo
1300 4396 1685 4441 eommutarat.
1718 4389 1890 4444 Judaei
1922 4389 2019 4444 lla-

432 4462 589 4527 gellis
607 4480 831 4532 caesum,
865 4470 1114 4539 colaphis
1155 4473 1574 4533 dehonestatum
1605 4481 1659 4543 to
1700 4482 1850 4537 nulla
1884 4498 2013 4537 ver-

2119 3281 2230 3336 τῶν
2259 3282 2423 3337 αὐτοῦ
2457 3283 2714 3354 μαθητῶν
2744 3285 2961 3356 πρῶτον
2985 3284 3242 3355 ἠξιωκὼς
3264 3285 3359 3337 καὶ
3385 3287 3495 3348 τοῖς
3536 3283 3704 3338 Ἑϐδο-

2124 3376 2366 3445 μήκοντα
2396 3375 2759 3447 συντεταχώς,
2796 3376 2891 3431 καὶ
2922 3377 3127 3440 πάσαις
3172 3377 3341 3430 αὐτὸν
3370 3377 3701 3447 θεουργικαίς

2121 3468 2705 3539 προκαταρτισάμενος
2737 3470 3187 3539 μυσταγωγίαις,
3221 3469 3369 3523 οὕτω
3419 3469 3561 3522 κατά
3603 3469 3699 3521 πᾶ·

2122 3574 2220 3611 σαν
2251 3558 2537 3612 εὐσέϐειαν
2588 3559 2684 3613 καὶ
2734 3560 2938 3631 ἀρετὴν
2974 3562 3385 3631 προκεκοφότα,
3442 3560 3577 3629 πρὸς
3617 3559 3701 3612 τὸν

2119 3650 2396 3707 ἀνώτατον
2447 3651 2556 3705 τῶν
2615 3652 2930 3723 κορυφαίων
2980 3652 3337 3723 ἀξιοπρεπῶς
3395 3653 3583 3721 ἀνάγει
3613 3651 3702 3721 βα-

2119 3743 2148 3798 θ
2156 3746 2279 3814 μόν.

2190 3838 2286 3900 Τίς
2340 3838 2428 3892 δαὶ
2473 3840 2567 3893 καὶ
2622 3840 2822 3910 τρόπος
2876 3839 2976 3910 τῆς
3036 3840 3419 3910 μεταθέσεωςς
3491 3839 3698 3909 Ἐπειδὴ

2121 3931 2457 3985 συνετελείτο
2504 3932 2605 4001 μὲν
2649 3932 2728 4000 τῷ
2764 3932 2952 4003 Κυρίῳ
2998 3931 3173 4001 Ἰησοῦ
3200 3934 3235 4000 ἡ
3290 3933 3387 3985 ἐπὶ
3436 3933 3540 4000 γῆς
3574 3928 3701 3996 μετά

2121 4024 2370 4094 σώματος
2402 4024 2672 4096 διατριϐὴ,
2705 4026 2763 4078 τὸ
2791 4025 2950 4094 ἔργον
2997 4025 3053 4079 δὲ
3076 4026 3176 4094 τῆς
3214 4024 3491 4097 σωτηρίου
3533 4025 3701 4076 διατε-

2116 4100 2355 4180 τελεκὼς
2389 4118 2722 4187 οἰκονομίας,
2759 4120 2853 4173 καὶ
2907 4120 3090 4172 πᾶσαν
3138 4122 3241 4188 τὴν
3298 4119 3577 4189 πατρικὴν
3623 4133 3705 4168 πε-

2121 4208 2286 4278 ράνας
2320 4209 2534 4279 βουλὴν,
2568 4212 2659 4263 ἐπὶ
2689 4211 2747 4263 τὸ
2786 4210 3050 4276 ζωοποιὺν
3078 4210 3172 4264 τοῦ
3207 4211 3453 4282 σταυροῦ
3484 4211 3575 4263 καὶ
3602 4226 3701 4279 μα-

2118 4300 2306 4368 κάριον
2339 4295 2442 4371 ἧκε
2488 4301 2658 4364 πάθος
2678 4318 2692 4331 °
2717 4303 2812 4355 καὶ
2862 4302 3061 4361 Ἰούδας
3092 4302 3194 4373 μὲν
3227 4300 3308 4367 εἷς
3336 4303 3448 4357 τῶν
3504 4302 3702 4356 δώδεκα

2117 4396 2229 4455 τοῖς
2274 4394 2547 4457 Ἰουδαίοις
2597 4395 2787 4449 τοῦτον
2842 4396 3109 4466 ἀργυρίου
3146 4398 3480 4467 προέμενος,
3519 4395 3701 4466 βρόχον

2115 4484 2385 4554 ἠλλάξατο
2409 4487 2511 4556 τῆς
2551 4488 2859 4557 ἀποστολῆς
2878 4507 2892 4520 ν
2922 4490 2972 4542 oi
3002 4489 3059 4542 δὲ
3089 4488 3286 4543 τοῦτον
3320 4488 3703 4560 φραγελώσαν-

432 4553 630 4608 borum
665 4557 716 4610 vi
752 4560 1129 4629 explicabilem
1169 4566 1640 4637 longanimitatem
1663 4571 1701 4643 Ι)
1753 4574 2006 4628 illusum-

2125 4592 2201 4639 τες
2250 4553 2642 4644 κολαφίσαντες
2717 4580 2783 4643 (ὣ
2816 4553 3222 4651 ’μακροθυμίας
3286 4553 3565 4651 atad-tau!)
3616 4578 3702 4631 καὶ

433 4659 541 4713 que
577 4646 729 4702 cruci
772 4648 1073 4707 allixerant.
1136 4656 1186 4710 Is
1224 4669 1410 4713 autem
1467 4663 1791 4718 conculcata
1829 4673 2010 4722 morte

433 4751 496 4790 ac
532 4752 601 4791 eo
634 4738 729 4807 qui
784 4744 979 4798 mortis
1025 4744 1261 4803 habebat
1314 4750 1630 4821 imperium,
1683 4770 1713 4809 a
1773 4757 2011 4812 mortuis

434 4828 748 4897 suscitatus,
786 4833 1009 4903 jamque
1039 4838 1296 4907 pluribus
1321 4844 1501 4898 modis
1524 4845 1812 4917 discipulis
1835 4848 2013 4904 factus

433 4922 785 4990 conspicuus,
813 4938 1090 4995 postremo
1124 4931 1233 4987 illis
1261 4934 1581 4992 videntibus
1611 4938 1666 4992 in
1692 4941 1890 4994 malum
1921 4958 2005 4997 re-

434 5018 625 5078 crptus
647 5020 786 5067 erat.
817 5015 1110 5085 Postquam
1143 5020 1328 5091 itaque
1347 5023 1463 5079 hare
1488 5025 1560 5080 ita
1593 5035 1744 5097 gesta
1770 5028 2007 5095 fuerant,

431 5104 661 5171 exsurgit
691 5105 873 5161 statim
905 5123 1135 5179 magnus
1157 5111 1411 5168 Petrus"
1433 5115 1531 5186 (illi
1566 5118 1711 5172 enim
1743 5121 2013 5176 sermonis

430 5193 794 5264 principatus,
841 5200 1042 5270 jusque
1098 5206 1385 5272 pascendae
1430 5215 1594 5278 atque
1630 5211 1882 5280 regendae
1912 5213 2010 5267 Ee-

432 5284 611 5338 clesiaa
639 5289 1017 5345 concreditum
1053 5297 1192 5360 erat)
1230 5296 1396 5366 inque
1422 5299 1601 5355 media
1632 5304 2006 5371 apostolorum

432 5376 615 5441 turba,
648 5379 867 5448 publica
914 5382 968 5435 in
1016 5384 1221 5453 Spiritu
1249 5389 1515 5445 concione
1551 5392 1705 5447 Judze
1735 5394 2009 5463 proditio-

432 5482 579 5531 nem,
596 5478 652 5523 et
679 5487 842 5540 quam
873 5474 990 5543 ejus
1012 5490 1173 5530 causa
1198 5478 1437 5549 diruptis
1466 5482 1772 5539 visceribus
1789 5500 2004 5554 poenam

430 5556 480 5613 is
512 5561 843 5628 sustulisset,
881 5580 1279 5625 commemorat
1312 5590 1324 5625 :
1366 5573 1770 5630 duodenarium
1810 5592 2005 5633 nume-

430 5666 573 5713 rum,
602 5667 765 5721 quem
791 5654 1057 5710 Dominus
1086 5658 1141 5712 in
1172 5663 1436 5730 aposrolis
1466 5680 1683 5720 sacrum
1719 5667 2003 5735 voluisset,

430 5740 635 5799 inluda
666 5745 1187 5815 diminutum,baud
1241 5754 1656 5825 despiciendum
1701 5775 1851 5816 esse:
1912 5768 2008 5816 aut

499 5862 544 5894 ⁸⁸
576 5861 695 5921 Act.
743 5879 779 5932 ι,
819 5864 902 5920 15.

2115 4669 2552 4736 καταπαίξαντες
2604 4672 2987 4743 ἐσταύρωσαν·
3030 4674 3057 4726 ὁ
3086 4674 3143 4726 δὲ
3172 4674 3268 4728 τὸν
3305 4674 3563 4734 θάνατον,
3613 4672 3703 4725 καὶ

2112 4759 2203 4813 τὸν
2237 4761 2299 4814 τὸ
2326 4763 2527 4831 κράτος
2583 4763 2775 4834 ἔχοντα
2803 4764 2895 4817 τοῦ
2929 4765 3161 4818 θανάτου
3187 4766 3556 4836 πεπατηκὼς,
3590 4782 3702 4834 τρι-

2114 4852 2321 4922 ήμερος
2347 4854 2567 4924 ἀνίσχεν
2597 4855 2661 4907 ὲκ
2684 4855 2795 4908 τῶν
2838 4855 3069 4922 νεκρῶν,
3109 4858 3207 4909 καὶ
3258 4857 3490 4927 τρόποις
3518 4855 3703 4910 ἑαυτὸν

2113 4944 2353 4997 πλείοσιν
2402 4945 2708 5015 ἐμφανίσας
2758 4949 2869 5010 τοῖς
2912 4948 3204 5017 μαθηταῖς,
3238 4949 3503 5018 ὁρώντων
3533 4946 3699 5000 αὐτῶν
3787 4962 3795 4969 ·

2112 5034 2337 5105 ἔσχατον
2363 5039 2444 5098 είς
2465 5037 2557 5089 τὸν
2587 5038 2817 5106 οὐρανὸν
2846 5041 3319 5111 ἀναλαμϐάνεται.
3366 5041 3589 5110 Ἐπειδὴ
3615 5034 3700 5106 οῦν

2111 5123 2255 5178 οὕτω
2304 5126 2477 5179 ταῦτα
2516 5128 2915 5191 συντετέλεστο,
2965 5130 3288 5187 ἀνίσταται
3323 5132 3428 5201 μὲν
3471 5132 3500 5183 ό
3534 5131 3700 5200 μέγας

2112 5216 2331 5292 ῌέτρος
2362 5216 2523 5280 εὐθύς
2546 5233 2561 5249 ⁸
2592 5219 2769 5289 τούτῳ
2804 5221 2911 5290 γὰρ
2935 5220 3022 5273 τοῦ
3051 5220 3210 5289 λόγου
3244 5220 3351 5292 τὴν
3382 5221 3698 5291 ἠγεμονίαν,

2112 5283 2329 5378 καὶτῆς
2369 5308 2695 5379 Ἐκκλησίας
2725 5283 3136 5381 ἐγκείειρίσθαι
3161 5311 3265 5381 τὴν
3298 5283 3696 5383 ποιμαντικήν’

2110 5399 2167 5452 ὲν
2202 5399 2350 5468 μέσῳ
2379 5400 2431 5453 δὲ
2466 5401 2542 5473 τῷ
2577 5401 2775 5471 πλήθει
2802 5402 2910 5455 τῶν
2940 5403 3263 5456 ἀποστόλων
3299 5407 3360 5457 ὲν
3410 5405 3491 5476 τῷ
3535 5402 3699 5458 ΙῙνεύ-

2112 5491 2616 5561 ματιδημηγορῶν,
2642 5494 3047 5564 ἀναμιμνήσκει
3081 5494 3178 5565 μὲν
3207 5495 3314 5567 τὴν
3373 5497 3546 5550 Ἰούδα
3571 5513 3700 5561 προ-

2107 5580 2311 5645 δοσίαν,
2342 5584 2437 5635 καὶ
2466 5583 2619 5653 ῥῆξιν
2649 5586 2716 5656 ἢν
2746 5585 2813 5638 δι’
2841 5585 3011 5657 αὐτὴν
3042 5586 3253 5656 ὑπέστη
3282 5604 3296 5617 ο
3340 5588 3446 5642 οὐκ
3472 5588 3621 5651 ἄξιον
3645 5586 3698 5640 δέ

2108 5690 2241 5743 φησι
2268 5673 2366 5743 τὴν
2396 5675 2472 5745 τῷ
2503 5676 2690 5746 Κυρίῳ
2716 5682 3087 5749 τετιμημένην
3135 5678 3425 5733 δωδεκάδα
3458 5680 3701 5751 μειωθεῖ-

2111 5782 2210 5819 σαν
2259 5766 2557 5837 ὑπεριδεῖν,
2589 5768 2709 5822 οὐδὲ
2740 5769 2828 5824 τὸν
2859 5768 2954 5823 τοῦ
3008 5771 3479 5843 παραϐεϐηκότος
3537 5772 3699 5827 τόπον
