4008 6576
284 450 387 515 2ἰῖ

1019 445 1299 508 ORATIO
1338 444 1583 506 XlV.--
1622 441 1705 502 IN
1746 440 2061 501 LAUDEM
2098 442 2158 503 S.
2186 442 2499 502 MATHI/E
2538 443 2782 503 APOST.

3426 443 3534 506 278

285 561 655 633 κεκενωμένον
696 560 937 631 ὁρῶντας
981 556 1352 629 παραμελεϊνο
1400 556 1498 609 ἕνα
1547 555 1603 609 δὲ
1632 554 1742 609 δεῖν
1767 552 1859 606 τὸν

1984 553 2438 621 :ommittenduur,
2491 564 2551 610 ut
2596 571 2758 625 quem
2813 554 3033 611 videant
3086 570 3318 611 vacuum
3374 556 3527 611 Judze

284 658 346 711 ἐκ
377 655 479 724 τῆς
501 651 762 723 δευτέρας
808 649 1036 717 τάξεως,
1093 648 1213 718 ’ήτοι
1252 648 1350 717 τῆς
1390 647 1537 718 ίερᾶς
1565 644 1675 699 τῶν
1726 646 1863 699 ἀπο-

286 745 482 801 στόλων
527 742 1023 815 ἐὸδομηκοντάδος,
1098 738 1206 793 τῶν
1251 739 1505 809 ἀπῳχῆς
1542 737 1636 791 τοῦ
1693 737 1861 804 εὐαγ-

287 835 503 907 γελικοῦ
526 835 880 905 κηρύγματος
905 834 1064 904 ἄχρις
1094 831 1263 901 αὐτῆς
1291 830 1608 901 ἀναλήψεως
1642 829 1719 900 τῷ
1756 830 1864 899 ἰη-

288 928 377 983 σοῦ
406 926 992 998 παρηκολουθηκότων,
1024 923 1114 977 τὸν
1138 921 1507 992 δοκιμώτατον
1529 921 1717 992 κλήρῳ
1748 921 1871 974 διας

284 1016 529 1085 γνόντας,
561 1016 641 1077 είς
671 1014 761 1068 τὸν
795 1012 887 1067 τοῦ
919 1011 1364 1083 άπωλισθηκότος
1394 1012 1863 1082 άντικαταστῆσαι

287 1105 515 1177 κλῆρον.

352 1289 473 1342 Καὶ
493 1287 685 1351 οῶως,
710 1279 1180 1359 ὧμακαριώτατε
1215 1284 1301 1347 σὺ,
1342 1284 1400 1337 ἐν
1442 1283 1631 1353 μέσοις
1675 1282 1860 1348 αὐτοῖς

286 1380 358 1445 ὡς
388 1384 552 1452 ἐπιση
562 1382 799 1451 μότατος.
809 1380 919 1433 τῶν
938 1378 1113 1432 ἄλλων
1134 1377 1460 1448 προδληθείς
1485 1393 1543 1431 τε
1570 1376 1661 1429 καὶ
1684 1392 1867 1447 παρα-

289 1474 439 1538 στὰς,
472 1474 569 1528 καὶ¹
592 1474 671 1545 τῷ
701 1471 829 1543 ἱερῷ
859 1468 1504 1542 συγκληρωθεὶςἸούστῳ
1529 1485 1543 1499 ο
1575 1463 1718 1534 εἶτα,
1744 1469 1865 1532 ταῖς

287 1565 395 1619 τῶν
428 1564 742 1633 κορυφαίων
795 1564 966 1635 ἱεραῖς
1006 1560 1485 1631 προσευχαῖς,,καὶ
1543 1558 1740 1630 μᾶλλον
1796 1561 1863 1630 τῇ

286 1658 472 1731 δικαίᾳ
514 1659 609 1711 τοῦ
637 1657 770 1711 Θεοῦ
800 1657 988 1729 ψήφῳ,
1035 1655 1131 1710 τοῦ
1175 1656 1244 1709 τά
1296 1654 1433 1726 βάθη
1467 1654 1576 1708 τῶν
1617 1652 1865 1707 διανοιῶν

287 1752 543 1823 ὁρῶντος,
592 1750 686 1804 τοῦ
715 1750 917 1823 κλήρου
964 1750 1222 1813 πεσόντος
1262 1748 1356 1801 ἐπὶ
1388 1747 1468 1814 σὲ,
1502 1744 1863 1816 ἀναλαμϐάνῃ

292 1844 390 1913 μὲν
418 1844 486 1895 ἐκ
510 1842 619 1897 τῶν
667 1843 1097 1913 Ἐὸδομήκοντα,
1129 1844 1241 1904 τοῖς
1269 1840 1465 1893 ἕνδεκα
1500 1837 1557 1891 δὲ
1588 1853 1864 1905 συγκατα-

287 1936 623 2006 ψηφισθεὶς,
678 1936 769 1989 τὸν
820 1936 1000 2006 τίμιον
1056 1934 1154 2004 τῆς
1204 1930 1504 1993 δωδεκάδος
1555 1930 1867 2001 άνέπλησας

289 2028 557 2100 ἀριθμόν
592 2027 762 2093 οῦτως
786 2027 884 2099 τὴν
937 2025 1207 2098 μυστικὴν
1244 2025 1337 2077 τοῦ
1376 2024 1512 2078 Θεοῦ
1562 2022 1868 2095 παράταξιν

290 2126 706 2196 ἀνεπλήρωσας,
733 2125 829 2179 καὶ
852 2124 949 2197 τὴν
978 2125 1070 2179 ἐπί
1093 2122 1515 2195 τῷκπεπτωκότι
1554 2119 1731 2189 λύπην
1759 2118 1871 2180 τοῖς

292 2216 386 2272 τοῦ
416 2218 584 2286 λόγου
613 2219 1123 2289 πρωταγωνισταῖς,
1156 2216 1247 2270 διὰ
1272 2216 1371 2287 τῆς
1398 2216 1509 2285 σῆς.
1522 2212 1871 2273 ἀναστάσεως

293 2310 677 2380 παρεμυθήσω
701 2327 716 2342 '
752 2310 847 2365 καὶ
899 2309 998 2381 τὴν
1048 2308 1356 2379 ἐπισκοπὴν
1387 2307 1595 2361 ἐκείνου
1646 2302 1787 2357 κατὰ
1812 2301 1887 2355 τό

293 2393 441 2469 ἱερὸν
466 2400 647 2468 λόγιον
671 2399 873 2464 λαϐὼν,
904 2400 1002 2454 καὶ
1044 2398 1141 2453 τοῦ
1177 2398 1380 2470 κλήρου
1438 2395 1540 2466 τῆς
1571 2392 1876 2461 ἀποστολῆς

293 2492 828 2562 κεκληρονομηκώς·
869 2492 964 2546 καὶ
1018 2491 1121 2561 τῆς
1150 2488 1514 2557 ἀποστολικῆς
1564 2486 1731 2557 τιμῆς
1780 2485 1877 2538 καὶ

294 2586 567 2656 καθέδρας
613 2586 749 2648 τέως
791 2585 892 2655 μὲν
928 2584 1027 2656 τῆς
1075 2583 1225 2638 κάτω
1269 2582 1363 2636 καὶ
1419 2579 1707 2634 κατέναντι
1765 2576 1879 2629 τῶν

296 2679 492 2739 ἐθνῶν,
531 2678 669 2749 μετὰ
707 2677 878 2732 ταῦτα
920 2677 977 2730 δὲ
1012 2677 1103 2729 καὶ
1130 2676 1228 2745 τῆς
1252 2677 1309 2728 ἐν
1334 2672 1582 2744 οὐρανοῖς
1615 2670 1767 2741 παρὰ
1795 2666 1879 2738 τῷ

297 2767 609 2838 ἐπουρανίῳ
660 2767 1106 2839 συγκαθιζήσεως
1138 2764 1376 2828 Βασιλεῖ,
1445 2765 1561 2834 ἅμα
1599 2765 1708 2825 τοῖς
1739 2778 1875 2832 πρε-

303 2858 594 2921 σϐυτὰτοις
617 2857 1045 2929 κατηξιωμένος,
1087 2856 1303 2928 όφθήσῃ
1336 2853 1593 2923 φαιδρῶς,
1624 2853 1700 2916 ὼς
1722 2854 1756 2923 ἡ
1786 2851 1879 2905 τοῦ

298 2946 569 3016 ἀψευδοῦς
599 2949 910 3017 ὑπόσχεσις,
941 2948 1071 3009 τοῖς’
1098 2946 1292 3000 ἕνδεκα
1325 2944 1761 3013 συγκαθήμενος,
1787 2945 1894 2997 καὶ.

300 3037 510 3107 κρίνων
539 3035 629 3089 τὸν
672 3036 909 3108 Ἰσραήλ.
951 3033 1117 3088 ’Δλλὰ
1137 3032 1293 3086 τοῦτο
1324 3032 1422 3104 μὲν
1464 3030 1710 3102 ὕστερον.

377 3216 516 3269 Τότε
562 3216 622 3269 δέ
655 3218 766 3280 τοῖς
796 3216 1034 3289 πρώτοις
1062 3213 1363 3307 τῶνῗίερῶν
1398 3212 1661 3307 θεολόγων
1803 3204 1882 3307 εἷς
1909 3251 1951 3307 c

1960 644 2397 715 praevaricatoris
2462 647 2680 711 locum,
2736 646 2841 716 ipsi
2897 646 3177 719 negligant
3224 664 3238 701 :
3307 662 3534 703 necesse

1961 752 2113 801 esse,
2143 747 2204 793 ut
2233 738 2301 793 de
2344 739 2585 794 secunda
2617 739 2790 794 classe
2830 739 2959 810 (hoc
3001 749 3106 804 est,
3146 755 3211 795 ex
3253 754 3406 794 sacra
3452 753 3538 794 se-

1960 829 2241 898 ptuaginta
2271 830 2643 899 apostolorum
2678 828 2862 899 turba)
2897 844 3066 883 unum
3094 844 3162 884 ex
3190 829 3294 893 his,
3340 828 3435 897 qui
3466 828 3535 882 ab

1963 921 2290 991 evangelica:
2318 920 2720 992 praedicationis
2758 920 2987 976 exordio
3019 920 3085 975 ad
3118 921 3291 991 ipsam
3319 921 3450 976 Iesu
3479 919 3537 975 in

1963 1013 2161 1071 caelum
2216 1013 2612 1084 receptionem,
2660 1014 2863 1070 sedulo
2894 1014 3147 1069 assectati
3205 1013 3335 1079 sint,
3370 1027 3537 1082 quem

1962 1105 2131 1161 sortis
2150 1104 2486 1161 indicatione
2520 1106 2971 1176 probatissimum
3002 1106 3278 1170 noverint,
3311 1105 3368 1160 in
3417 1106 3539 1176 ejus

1963 1197 2062 1267 qui
2090 1196 2277 1266 lapsus
2312 1196 2404 1261 sit,
2432 1206 2636 1252 sortem
2666 1212 2978 1267 munusque
3013 1196 3304 1253 suiﬁciant.

2031 1286 2211 1355 Atque
2260 1286 2363 1342 hac
2390 1287 2621 1351 ratione,
2664 1298 2722 1342 tu
2758 1290 2813 1348 (ο
2842 1287 3219 1355 beatissime!)
3259 1302 3362 1341 ceu
3412 1286 3541 1341 reli-

1964 1372 2089 1442 quis
2119 1374 2405 1439 illustrior,
2445 1375 2500 1429 in
2555 1375 2793 1430 medium
2827 1377 3128 1446 productus
3153 1391 3216 1431 ac
3246 1383 3541 1446 praesenta-

1966 1471 2076 1527 tus,
2111 1462 2346 1533 dataque
2372 1479 2499 1519 cum
2543 1473 2732 1519 sancto
2760 1464 2919 1520 Justo
2957 1465 3234 1519 communi
3281 1465 3542 1535 sociaque

1966 1565 2136 1623 sorte,
2168 1566 2394 1628 tumque
2432 1558 2603 1614 sacris
2648 1559 3063 1630 coryphazorum
3092 1558 3353 1630 precibus
3386 1558 3543 1630 (quin

1967 1649 2064 1705 Dei
2097 1650 2301 1720 potius,
2336 1650 2423 1705 cui
2448 1650 2756 1705 animorum
2791 1649 3063 1720 profunda
3078 1658 3362 1721 perspecta
3391 1657 3541 1714 sunt,

1962 1740 2112 1811 justo
2146 1740 2450 1812 suﬂragio),
2478 1741 2569 1795 illa
2597 1741 2654 1795 in
2684 1749 2737 1797 te
2766 1740 3023 1808 cadente,
3080 1756 3147 1795 ex
3189 1739 3543 1810 Septuaginta

1966 1843 2301 1902 assumptus,
2362 1831 2731 1903 undecimque
2780 1832 2975 1903 primis
3026 1831 3295 1898 adlectus,
3356 1846 3545 1886 sacra-

1968 1920 2551 1975 mentovenerahilem
2587 1919 2985 1975 duodenarium
3033 1910 3323 1973 numerum
3355 1917 3547 1988 imple-

1968 2008 2061 2063 sti.
2096 2008 2188 2063 Sic
2212 2007 2473 2063 nimirum
2495 2008 2783 2080 mysticam
2828 2008 2926 2063 Dei
2968 2010 3142 2063 aciem
3172 2009 3439 2079 integram
3468 2005 3548 2061 ef-

1968 2101 2171 2168 fecisti,
2201 2115 2599 2171 aspcrsumque
2619 2100 2775 2156 Judae
2796 2100 2956 2155 ruina
2983 2100 3179 2171 primis
3225 2099 3335 2155 illis
3378 2114 3547 2154 evan-

1970 2195 2157 2267 gelicaa
2178 2193 2585 2264 praedicationis
2605 2191 2841 2266 ducibus
2870 2207 3163 2249 mmrorem
3190 2190 3546 2247 suscitatione

1973 2295 2067 2342 tua
2092 2286 2401 2343 abstersisti
2426 2287 2468 2319 ⁸⁷
2493 2303 2506 2340 :
2541 2286 2797 2356 illiusque
2831 2294 3029 2342 nactus
3056 2285 3433 2355 episcopatum
3461 2282 3548 2353 (ut

1975 2394 2132 2434 sacro
2161 2379 2588 2449 praenuntiatum
2629 2387 2751 2435 erat
2779 2379 3029 2446 oraculo)
3062 2388 3379 2447 sortemque
3411 2391 3547 2445 apo-

1975 2468 2165 2524 stolici.
2202 2470 2452 2526 muneris
2503 2478 2653 2527 sorte
2696 2471 2929 2541 adeptus
2969 2470 3349 2541 (apostolicam
3392 2468 3551 2525 deni-

1975 2575 2084 2631 que
2128 2560 2451 2632 dignitatem
2475 2576 2541 2617 ac
2579 2560 2787 2628 sedem,
2816 2562 3084 2616 hactenus
3106 2560 3327 2631 quidem
3357 2559 3411 2614 in
3442 2569 3553 2614 ter-

1978 2652 2054 2709 ris
2085 2664 2141 2709 et
2166 2668 2351 2709 coram
2400 2654 2675 2724 gentibus,
2707 2662 2898 2724 postea
2928 2668 3062 2709 vero
3098 2653 3342 2709 etiamin
3372 2649 3549 2720 caelis)

1977 2746 2243 2801 calorum
2272 2746 2406 2817 Regi
2442 2754 2503 2801 ut
2528 2744 2818 2801 consideas
2864 2760 2973 2800 una
3003 2760 3126 2800 cum
3153 2742 3554 2813 antiquissimis

1979 2839 2087 2895 illis
2112 2850 2447 2895 consecutus
2485 2840 2606 2895 laete
2649 2854 2715 2894 ac
2751 2836 3040 2909 splendide
3069 2840 3152 2904 (ut
3180 2838 3299 2909 ejus
3332 2836 3426 2907 qui
3457 2849 3553 2889 vc-

1981 2945 2078 2985 rax
2101 2938 2186 2986 est
2229 2930 2521 2999 promissio
2550 2930 2655 2998 est)
2701 2930 2819 3000 pari
2849 2944 2976 2985 cum
3019 2928 3274 2983 undecim
3320 2927 3554 2997 collegio

1981 3018 2179 3074 sedens
2213 3034 2281 3074 ac
2319 3018 2574 3073 [eraelem
2623 3018 2895 3089 judicans,
2923 3018 3225 3090 apparebis
3257 3018 3322 3071 ⁸⁸.
3346 3017 3551 3072 Verum

1983 3107 2100 3161 haec
2129 3115 2336 3175 postea.

2055 3198 2211 3253 Tunc
2240 3214 2372 3254 vero
2399 3216 2507 3255 una
2550 3216 2677 3255 cum
2718 3214 3000 3254 sacrorum
3040 3199 3416 3269 theologorum
3440 3199 3557 3270 pri-

305 3308 382 3363 ῶν
402 3308 585 3362 αὐτῶν
609 3309 666 3362 ἐν
695 3309 891 3380 ἐκείνῳ
914 3308 992 3380 τῷ
1022 3306 1256 3379 ὑπερῴῳ
1287 3305 1642 3377 συνεδρεύων,
1668 3306 1762 3358 καὶ
1785 3304 1883 3373 τὴν

1985 3288 2091 3343 mis
2118 3290 2459 3346 antistitibus
2492 3292 2645 3347 velut
2672 3306 2816 3346 unus
2848 3306 2915 3346 ex
2954 3290 3036 3346 eis
3064 3291 3119 3345 in
3152 3292 3437 3346 caenaculo
3464 3292 3559 3347 illo

304 3401 401 3455 τοῦ
432 3399 749 3472 Πνεύματος
800 3401 1002 3468 ὁμοίως
1029 3400 1255 3462 ἐκείνοις
1286 3397 1620 3466 ἐπαγγελίαν
1650 3395 1886 3467 προσδε-

308 3495 541 3565 χόμενος
560 3511 575 3525 ·
610 3492 882 3563 ἐπειδητὸ
909 3490 1217 3563 Πνεῦματδ
1242 3490 1395 3559 ἅγιον
1424 3490 1524 3561 τῆς
1562 3489 1723 3556 ἁγίας
1751 3488 1889 3541 Πεν-

306 3584 579 3656 τηκοστῆς
638 3582 1154 3654 συμπληρουμένης,
1190 3581 1480 3653 οὐρανόθεν
1515 3579 1731 3634 ἐν-ετδει
1783 3597 1897 3632 πυ·-

309 3678 475 3749 ρίνων
496 3676 758 3748 ἐπεδήμει
786 3674 1069 3746 γλωσσῶν,
1100 3676 1195 3729 καὶ
1221 3676 1307 3745 ἐφ’
1334 3674 1414 3728 ἐνὶ
1440 3673 1646 3728 τούτων
1674 3672 1888 3742 ἑκάστῳ

309 3768 699 3839 καθεζόμενον,
736 3767 833 3835 τῆς
878 3764 1068 3819 ἑαυτοῦ
1120 3766 1400 3836 δυνάμεως
1431 3764 1692 3834 ἐπλήρου,
1748 3762 1887 3833 πλη-

312 3860 512 3933 ροῦσαι
539 3861 635 3934 μὲν
668 3860 764 3915 καὶ
794 3858 957 3925 αὐτὸς
980 3858 1201 3932 χάριτος
1248 3857 1450 3931 ζώσης,
1503 3854 1809 3927 πληροῦσαι
1831 3855 1889 3909 δὲ

316 3954 509 4025 σοφίας
542 3954 638 4008 καὶ
690 3954 975 4017 συνέσεως.
1022 3953 1133 4007 Καὶ
1168 3952 1230 4006 οὑ
1260 3951 1416 4022 τήνδε
1473 3949 1571 4021 μὲν
1605 3949 1887 4021 ἐνέργειαν

312 4047 409 4101 τοῦ
439 4046 801 4118 Παρακλήτου
827 4044 1099 4107 πλουτεῖς,
1137 4044 1236 4115 τῆς
1274 4043 1332 4097 δὲ
1373 4042 1570 4115 λείπῃο
1609 4040 1801 4111 ὥσπερ
1831 4040 1888 4094 δέ

315 4136 443 4199 ναὸς
471 4136 711 4208 καθαρὸς
743 4136 837 4190 καὶ
864 4136 1042 4205 ἅγιος,
1079 4135 1249 4207 αὑτῆς
1276 4133 1369 4189 τοῦ
1409 4134 1544 4187 Θεοῦ
1572 4132 1890 4202 Πνεύματος

314 4232 419 4301 τῆς
437 4229 646 4295 οὐσίας,
662 4230 772 4292 τοῖς
801 4228 981 4291 ἄλλοις
1005 4227 1207 4298 ὁμοίως
1243 4225 1565 4289 ἀποστόλοις
1595 4225 1684 4280 διὰ
1709 4226 1891 4296 πάσης

317 4320 610 4391 γενόμενος
633 4320 835 4391 ἀρετῆς
880 4319 975 4373 καὶ
1003 4318 1116 4388 βίου
1155 4316 1549 4386 καθαρότητος,
1573 4315 1700 4385 ὅλην
1724 4316 1899 4384 ὑπερο

323 4414 580 4485 αρρήτως
634 4412 728 4465 καὶ
781 4410 1123 4483 ὑπερουσίως
1178 4410 1236 4463 ἐν
1288 4407 1466 4477 ἐαυτῷ
1517 4407 1615 4479 τὴν
1666 4407 1894 4477 θεότητα

324 4506 678 4569 κατέπαυσας
699 4504 885 4558 (οὕτω
912 4503 970 4557 δέ
990 4502 1085 4557 καὶ
1111 4501 1221 4556 τῶν
1253 4500 1643 4572 πνευματικῶν
1665 4503 1894 4570 ἐνεργη-

1986 3382 2309 3445 consedens.
2347 3383 2576 3453 parique
2619 3383 2728 3438 illis
2772 3382 2985 3439 ratione
3015 3384 3347 3452 promissum
3382 3384 3561 3453 Spiri-

1988 3483 2102 3528 tum
2130 3483 2380 3530 sanctum
2424 3484 2784 3546 exspectans;
2829 3475 3173 3531 divinissimo
3219 3476 3314 3530 illo
3351 3476 3561 3546 Spiritu

1986 3565 2116 3620 dum
2152 3568 2521 3637 compleretur
2550 3576 2738 3623 sancta
2776 3568 3098 3623 Pentecoste
3122 3569 3404 3638 ignearum
3433 3584 3560 3637 spe-

1987 3658 2072 3712 cie
2097 3658 2404 3729 linguarum
2439 3674 2469 3714 e
2496 3659 2636 3715 caelo
2657 3659 2945 3725 veniente,
2980 3676 3043 3715 ac
3077 3660 3331 3730 singulos
3366 3675 3560 3713 eorum

1987 3750 2188 3820 quibus
2219 3752 2442 3817 insedit,
2490 3767 2588 3808 sua
2619 3752 2823 3807 virtute
2876 3752 3161 3823 implente,
3206 3752 3467 3822 impletus
3502 3762 3560 3807 et

1989 3842 2106 3912 ipse
2132 3842 2255 3897 viva
2304 3844 2478 3913 gratia
2522 3858 2616 3898 es:
2659 3844 2919 3913 impletus
2949 3843 3216 3912 sapientia
3252 3852 3307 3896 et
3357 3844 3564 3897 intelli-

1989 3933 2204 4002 gentia:
2234 3949 2337 3989 nec
2366 3934 2469 3988 hac
2496 3934 2716 4003 quidem
2746 3935 3016 3989 Paracleti
3043 3936 3248 3989 virtute
3278 3935 3567 3989 allluenter

1989 4022 2226 4079 donatus
2254 4040 2336 4086 es,
2376 4024 2578 4093 illaque
2608 4024 2899 4079 deﬁceris:
2927 4024 3060 4093 quin
3091 4025 3278 4092 potius
3308 4025 3568 4078 substan-

1991 4114 2080 4170 tia:
2101 4116 2197 4169 Dei
2234 4115 2492 4185 Spiritus,
2528 4116 2683 4170 velut
2729 4115 2997 4173 mundum
3038 4124 3398 4184 sanctumque
3440 4124 3571 4169 tem.

1993 4205 2165 4279 plum,
2196 4206 2341 4260 haud
2386 4220 2549 4260 secus
2585 4220 2649 4260 ac
2689 4206 2923 4275 apostoli
2958 4205 3176 4274 reliqui,
3225 4206 3383 4259 omni:
3416 4207 3568 4260 cultu

1991 4296 2211 4351 virtutis
2259 4296 2497 4366 vitaeque
2542 4295 2833 4361 munditia,
2885 4295 3137 4359 eﬂ'ectus,
3187 4296 3335 4351 nulla
3368 4298 3570 4351 verbo-

1996 4403 2117 4443 rum
2142 4389 2196 4443 vi
2227 4388 2558 4458 explicabili,
2615 4387 3068 4457 divinissimaque
3121 4388 3354 4452 ratione,
3406 4390 3461 4442 in
3516 4398 3570 4443 te

1998 4484 2167 4532 totam
2200 4476 2545 4531 divinitatem
2580 4476 2973 4545 conquiescere
3008 4474 3186 4530 fecisti
3218 4476 3288 4541 “,
3319 4484 3483 4546 atque
3515 4476 3572 4531 in

326 4598 527 4667 μάτων,
554 4598 629 4651 οὑ
656 4562 766 4650 τῶν
796 4596 916 4667 μὲν,
944 4594 1053 4649 τῶν
1090 4594 1134 4648 δ’
1158 4592 1218 4647 οὐ
1238 4609 1273 4624 ο-
1296 4562 1512 4648 πάντων
1545 4592 1602 4646 δέ
1634 4562 1886 4663 κατηξιω-

1996 4585 2123 4625 eum
2153 4562 2397 4635 modum,
2424 4584 2536 4623 non
2561 4568 2667 4623 alia
2692 4566 2938 4638 quidem,
2962 4567 3087 4622 aliis
3104 4566 3451 4631 desideratis,
3475 4568 3572 4623 sed

327 4691 503 4762 μένος,
560 4689 659 4743 καὶ
706 4688 906 4752 πάσαις
951 4686 1127 4749 θείαις
1181 4685 1446 4754 δυνάμεσι

326 4779 793 4852 ωγκροτοὺμενος
818 4777 1018 4841 δεξιᾶς,
1053 4775 1324 4844 εὐκαίρως
1352 4774 1447 4828 καὶ
1485 4771 1647 4833 αὐτὸς
1676 4772 1787 4834 τοῖς
1808 4771 1897 4835 ζο-

327 4867 971 4942 φορωτέροιςέπιδημεῖς
1003 4864 1112 4919 τῶν
1154 4862 1342 4928 ἐθνῶν,
1389 4860 1677 4932 περιουσίᾳ
1703 4857 1892 4931 νοεροῦ

327 4961 722 5030 κατακαλὺψων
752 4959 961 5028 eum;

394 5052 507 5106 Καὶ
528 5053 638 5121 γὰρ
679 5048 866 5119 ὥσπερ
891 5046 993 5119 ὕλῃ
1043 5045 1149 5099 τινὶ
1195 5042 1477 5114 παχυτέρα
1504 5057 1566 5094 τε
1616 5038 1710 5092 καὶ
1739 5040 1903 5109 ὑγρορ

328 5146 459 5218 τέρᾳ
504 5144 619 5213 πῦρ
648 5141 937 5214 ἐμϐληθὲν,
987 5136 1241 5209 ἀμυδρὸν
1265 5136 1362 5205 μέν
1394 5134 1475 5198 ὃν,
1513 5131 1647 5202 ἐσὸη
1674 5132 1768 5186 καὶ
1801 5149 1900 5201 μεο

333 5238 605 5308 μάρανται
649 5232 935 5303 παραυτά,
985 5229 1085 5297 τῆς
1131 5225 1440 5295 παχύτητος
1500 5222 1534 5293 ἢ
1601 5222 1903 5292 ὑγρότητος

329 5326 560 5401 ἡττηθὲν
582 5342 599 5357 ⁸
634 5323 832 5394 λάϐρον
872 5322 919 5386 δ’
946 5322 1029 5375 ὅτι
1071 5318 1305 5389 μάλιστα
1330 5315 1424 5369 καὶ
1449 5314 1776 5384 δραστήριον
1808 5329 1904 5365 πε-

333 5420 520 5494 φηνδς,
554 5415 867 5488 παραυτίκα
896 5412 992 5484 μὲν
1017 5412 1148 5473 ῐσως
1177 5410 1277 5462 οὐκ
1299 5406 1491 5477 ἀνῆψε,
1524 5408 1591 5476 τῇ
1618 5404 1712 5457 τοῦ

333 5492 607 5577 καύματος
636 5501 1100 5572 ἁνεπιτηδειότητι
1124 5515 1139 5530 ο
1175 5495 1502 5565 ἐνδομυχοῦν
1533 5494 1590 5546 δὲ
1622 5493 1763 5546 κατὰ
1807 5492 1902 5561 βά-

333 5599 443 5662 θος,
476 5598 568 5652 καὶ
622 5594 921 5664 λεληθότως
965 5593 1063 5663 τὴν
1116 5592 1481 5659 ὑποκειμένην
1534 5584 1897 5653 άναξηραῖνον

337 5688 485 5760 ῦλην,
527 5688 608 5750 είς
640 5686 880 5758 μεγάλην
906 5684 1162 5753 ἐξαίφνης
1195 5676 1551 5750 ἅνερῤιπίσθη
1581 5675 1777 5755 φλόγα,
1807 5675 1900 5728 καὶ

1489 4683 1591 4751 τῆς
1615 4682 1709 4735 τοῦ
1757 4681 1892 4734 Θεοῦ

1993 4660 2178 4714 omnia
2206 4659 2355 4714 illius
2383 4659 2525 4713 dona
2553 4666 2911 4722 consecutus,
2965 4657 3289 4726 cunctisque
3321 4657 3414 4710 Dei
3443 4656 3575 4709 dex-

1996 4760 2130 4806 tera:
2157 4750 2459 4805 virtutibus
2512 4751 2849 4814 instructus,
2896 4757 3205 4819 opportune
3252 4758 3308 4802 et
3355 4747 3470 4817 ipse
3504 4747 3573 4801 ad

1997 4852 2189 4913 gentes
2224 4842 2415 4914 majori
2456 4842 2655 4896 oblitas
2687 4840 2940 4911 caligine,
2972 4839 3379 4896 abundantiore
3410 4853 3576 4909 oper-

2002 4943 2160 4990 turus
2179 4935 2301 4989 luce
2324 4933 2607 5003 profectus
2630 4948 2710 4987 es.

2071 5026 2287 5080 Etenim
2313 5025 2457 5080 sicut
2481 5023 2643 5093 ignis,
2672 5023 2718 5077 si
2740 5023 2793 5077 in
2822 5021 3148 5078 crassiorem
3184 5019 3577 5075 humidiorem—

1998 5133 2105 5188 quc
2132 5117 2379 5172 forsitan.
2407 5117 2694 5187 lignorum.
2722 5115 3200 5191 strueminjicias,
3250 5112 3429 5181 sitque
3482 5112 3575 5167 ille

2000 5210 2162 5264 exilis
2190 5226 2255 5265 ac
2288 5209 2488 5273 tenuis,
2521 5223 2647 5262 mox
2689 5206 3059 5277 exstinguitur
3120 5212 3176 5259 et
3209 5204 3573 5274 elanguescit.

2002 5300 2272 5356 crassitiei
2313 5300 2392 5355 illi
2439 5315 2504 5354 ac
2533 5298 2849 5353 humiditati
2882 5296 3062 5351 victus
3105 5294 3453 5350 concedens:
3487 5292 3573 5346 sin

2007 5402 2189 5447 autem
2236 5391 2467 5446 maxime
2496 5404 2663 5444 vorax
2694 5388 2947 5457 acrisque
2988 5384 3281 5449 exstiterit,
3306 5382 3410 5436 etsi
3433 5380 3577 5436 forte

2008 5498 2119 5536 non
2172 5480 2426 5551 protinus
2470 5478 2733 5534 accendat
2777 5477 3009 5531 inhabili
3056 5473 3243 5530 fomite
3301 5487 3405 5526 nec
3443 5469 3577 5525 satis

2008 5572 2295 5641 disposito,
2338 5570 2576 5641 penitius
2609 5579 2788 5624 tamen
2829 5566 3076 5623 insidens
3120 5564 3337 5633 imaque
3376 5575 3576 5631 perva-

2007 5664 2165 5730 dens,
2194 5679 2257 5718 ac
2284 5663 2486 5719 sensim
2516 5662 2818 5735 subjectam
2848 5659 3128 5716 materiam
3169 5655 3476 5720 exsiccans,
3521 5652 3582 5707 in

410 5864 452 5896 ν
474 5862 619 5921 Psal.
652 5878 800 5934 Cvnt,
832 5864 885 5919 8.
962 5864 1005 5895 ⁵³
1036 5862 1222 5918 Matth.
1260 5878 1371 5926 xxx,
1409 5861 1501 5915 28.
1568 5861 1609 5891 ³⁸³
1641 5858 1797 5915 Joan.
1835 5874 1910 5923 Iv,
1946 5860 2033 5915 24.
