4008 6616
386 470 494 534 279

1524 473 1818 533 NICET/E
1854 474 2198 535 PAPHLAG
2210 471 2388 531 ONIS

3530 460 3635 522 280

383 591 636 652 magnam
682 578 978 649 derepente
1016 581 1383 635 exsuscitatnr
1419 581 1713 648 flammam,
1762 591 1953 637 totam-

2057 582 2185 652 ὅλην
2199 580 2266 634 δι’
2298 580 2419 633 ὅλου
2450 576 2731 641 λεπτῦνον,
2768 572 2945 643 ἐαυτῷ
2993 571 3336 642 ἐξωμοίωσεν
3356 586 3371 600 ·
3402 569 3545 623 οὕτω
3568 568 3635 639 δὴ

385 686 492 741 que
521 685 746 740 prorsus
768 671 967 726 molem
1001 682 1324 729 extenuans.
1347 672 1430 725 sui
1463 673 1699 734 similem
1728 672 1912 728 reddit
1939 692 1951 726 :

384 763 466 819 sie
488 779 618 819 sane
651 764 816 819 etiam
846 778 1075 834 magnus
1118 763 1209 818 hic
1241 764 1517 832 Evangelii
1551 779 1752 832 praeco.
1803 773 1955 833 post-

385 871 548 926 quam
575 855 784 910 cwlesti
806 856 1003 925 plenus
1037 854 1183 924 igne,
1225 869 1393 923 reque
1436 854 1552 923 ipsa
1596 855 1735 924 ignis
1767 870 1957 910 evase~

385 955 490 1007 rat,
527 955 743 1002 terrena
785 946 970 1001 relicta
992 946 1315 1011 Jerusalem,
1356 954 1518 1015 atque
1558 947 1623 1000 ad
1651 962 1746 1001 eas
1775 946 1956 1017 profe—

384 1049 507 1091 ctus
535 1046 745 1107 gentes,
780 1038 847 1091 ad
892 1053 1029 1106 quas
1059 1036 1241 1090 afllatn
1296 1053 1397 1091 suo
1441 1037 1663 1092 divinus
1714 1037 1956 1107 Spiritus

382 1128 764 1191 advocaverat,
812 1128 1124 1197 sensimque
1159 1129 1279 1197 ejus
1332 1129 1492 1197 ignis,
1528 1142 1689 1197 quem
1732 1136 1954 1196 pectore

381 1219 648 1288 gestabat,
690 1219 798 1273 illis
816 1218 1077 1274 virtutem
1109 1220 1431 1283 immittens,
1455 1220 1786 1288 optimisque
1811 1218 1953 1272 divi-

380 1310 468 1365 nis
497 1309 981 1379 pradicationibus
1024 1311 1600 1381 pmstantissimisque
1651 1310 1950 1373 miraculis,

378 1400 642 1470 paulatim
675 1402 1003 1455 insidentth
1027 1418 1219 1455 eorum
1245 1402 1562 1471 pectoribus
1592 1404 1948 1471 impietatem,

380 1490 736 1560 inolitamque
761 1492 1128 1547 viseositatem
1154 1502 1396 1547 atterens
1418 1509 1481 1548 ac
1516 1503 1769 1553 tenuans,
1807 1501 1952 1545 tum-

379 1595 489 1649 que
529 1582 695 1634 animi
721 1582 914 1635 sordes
959 1582 1288 1647 absumens,
1337 1591 1503 1653 atque
1556 1585 1624 1637 ad
1662 1583 1788 1636 fidei
1824 1582 1949 1635 illu-

381 1672 701 1727 stratiouem
734 1671 965 1727 idoneos
1003 1687 1338 1742 praeparans,
1374 1674 1451 1727 sic
1497 1683 1726 1741 repente
1756 1672 1824 1726 ad
1856 1687 1948 1726 ve-

380 1764 559 1818 ritatis
584 1762 705 1817 illos
725 1763 1059 1833 agnitionem
1080 1764 1352 1825 accendit,
1368 1780 1431 1818 ac
1454 1762 1659 1832 Spiritu
1680 1763 1947 1827 illustrat,

380 1851 712 1920 innovatque
735 1867 894 1921 aqua,
930 1867 993 1906 ac
1033 1868 1187 1906 sacra
1218 1853 1475 1906 unctione
1496 1853 1804 1923 consignat.
1828 1853 1951 1906 Dei-

2059 674 2153 726 καὶ
2187 673 2215 725 ὁ
2254 670 2424 741 μέγας
2443 663 2597 731 οὗτος
2631 667 2725 720 τοῦ
2763 667 2924 734 λόγου
2951 660 3234 735 θέηγόρος,
3268 662 3459 733 ἐπειδὴ
3498 660 3636 732 πλή-

2060 780 2162 837 ρης
2193 762 2403 816 ἐκείνου
2437 761 2528 813 τοῦ
2553 757 2806 832 οὐρανίου
2838 754 3011 826 πυρὸς
3055 751 3144 825 ἦν,
3186 753 3280 807 καὶ
3311 753 3637 823 αὐτόχρημα

2058 854 2188 924 πῦρ,
2222 852 2318 924 τὴν
2341 853 2493 905 κάτω
2520 848 2693 905 λιπὼν
2730 844 3108 917 Ἰερουσαλὴμ,
3141 844 3236 898 καὶ
3266 844 3350 913 ἐφ’
3382 842 3418 897 ἀ
3442 841 3635 897 τοῦτον

2057 948 2185 1018 ἔθνη
2222 946 2283 999 τὸ
2309 943 2491 999 κινοῦν
2538 941 2762 1012 Πνεῦμα
2812 940 2955 992 θεῖον
2992 936 3401 1008 προσκέκληται
3429 951 3631 1003 πορευ-

2058 1038 2192 1101 θεὶς,
2231 1037 2322 1089 καὶ
2361 1036 2459 1105 τὴν
2502 1033 2783 1104 ἐνέργειαν
2818 1030 3004 1101 ἡρέμα
3036 1026 3245 1090 τούτοις
3272 1026 3366 1079 τοῦ
3408 1028 3465 1078 ἐν
3488 1020 3640 1093 αὐτῷ

2056 1130 2225 1201 πυρὸς
2257 1128 2454 1192 ἐνιεὶς,
2508 1125 2601 1178 καὶ
2650 1122 2949 1189 θεολογίαις
3000 1120 3249 1190 ἀρίσταις
3298 1115 3392 1169 καὶ
3423 1115 3639 1185 θαυμα-

2054 1222 2333 1293 τουργίαις
2358 1216 2681 1289 κρατίσταις
2705 1212 3025 1281 καταδραχὺ
3056 1210 3156 1277 τὴν
3189 1203 3636 1275 ἐνεσκιρωμένην

2054 1314 2175 1375 ταῖς
2197 1308 2375 1363 αὐτῶν
2402 1306 2654 1377 καρδίαις
2678 1301 2931 1356 ἀσέϐειαν
2963 1298 3243 1353 λεπτύνων
3262 1313 3277 1328 ⁸
3307 1295 3401 1349 καὶ
3425 1296 3524 1364 τὴν
3544 1293 3634 1348 ἐν·

2056 1403 2396 1474 τετηγμένην
2420 1397 2809 1468 γλισχρότητα,
2861 1393 2959 1447 εἶτ’
2994 1391 3087 1445 οὖν
3138 1389 3333 1460 κηλίδα
3367 1388 3470 1457 τῆς
3510 1386 3636 1439 δια-ο

2054 1498 2198 1561 νοίας
2247 1491 2559 1559 ἐξανελὼν,
2624 1491 2719 1541 καὶ
2753 1485 3093 1557 ἐπιτηδείους
3150 1482 3288 1553 πρὸς
3350 1478 3636 1551 φωτισμδν

2053 1588 2288 1649 πίστεως
2317 1580 3002 1654 προπαρασκευαζόμενος,
3032 1575 3206 1637 οὕτως
3238 1572 3500 1642 ἐξαπίνης
3534 1570 3642 1624 αὐ-

2052 1682 2179 1740 τοὺς
2209 1676 2343 1746 πρὸς
2387 1674 2484 1744 τὴν
2517 1673 2617 1741 τῆς
2648 1670 2904 1741 ἀληθείας
2934 1668 3229 1737 ἐπίγνωσιν
3254 1666 3504 1729 ἀνάπτει,
3541 1663 3640 1717 καὶ

2052 1768 2358 1840 λαμπρύνει
2388 1767 2465 1837 τῷ
2494 1764 2795 1834 Πνεῦμα-τι,
2829 1763 2924 1815 καὶ
2954 1760 3187 1823 καινίζει
3217 1759 3293 1829 τῷ
3320 1758 3472 1811 ὕδατι
3498 1772 3512 1788 ο
3540 1755 3640 1809 καὶ

2056 1860 2186 1932 ίερῴ
2221 1859 2483 1929 χρίσματι
2524 1851 2835 1925 σφραγίζει,
2868 1852 2961 1905 καὶ
2992 1852 3194 1922 ῥήματι
3222 1849 3439 1916 ἁγιάζει
3466 1846 3638 1900 Θεοῦ’

381 1960 488 2012 que
516 1945 683 1998 verbo
706 1944 1041 1999 sanctificat:
1077 1945 1242 2014 inque
1260 1960 1386 1999 eum
1412 1945 1635 1999 modum
1661 1955 1806 2000 totos
1833 1960 1953 1999 om-

2058 1951 2151 2005 καὶ
2179 1950 2352 2013 οὓτως
2406 1948 2560 2011 ὅλους
2591 1947 2659 2000 δι’
2694 1945 2817 1999 ὅλου
2864 1943 2957 1997 τοῦ
3002 1942 3124 1995 κατ’
3174 1940 3335 1994 αὑτὸν
3378 1937 3635 2009 οὐρανίου

383 2037 537 2102 nino,
557 2052 666 2106 quo
691 2039 949 2091 incensus
966 2046 1105 2100 erat,
1128 2036 1335 2092 caelesti
1359 2053 1456 2091 eos
1486 2037 1610 2107 igne
1637 2038 1875 2106 replens,
1897 2038 1952 2090 in

383 2142 538 2181 suam
570 2126 736 2181 trahit
770 2125 1207 2181 similitudinem.
1237 2127 1646 2197 Scripturarum
1684 2127 1836 2181 enim
1862 2127 1953 2181 do-

384 2217 657 2271 cumentis
682 2232 804 2286 quae
851 2217 1113 2280 tironum,
1153 2232 1217 2271 ac
1250 2216 1644 2271 rudimentaria
1681 2224 1830 2281 sunt,
1856 2231 1953 2271 eos

380 2308 684 2363 emundans
704 2323 768 2362 ac
797 2308 1115 2371 instituens,
1131 2306 1663 2377 perfectioribusque
1684 2307 1953 2362 doctrinis

378 2398 696 2455 illuminans
724 2408 887 2469 atque
911 2414 1266 2468 componens.
1287 2413 1389 2452 nec
1422 2412 1533 2452 non
1562 2400 1835 2467 supremis
1865 2399 1952 2452 di-

376 2490 526 2546 vinis
545 2490 1030 2560 praedicationibus
1063 2491 1377 2560 perﬁciens,
1421 2493 1741 2561 donansque
1790 2491 1953 2545 abso-

379 2577 613 2644 lutione,
642 2581 739 2635 Dei
765 2581 908 2635 ﬁlios
934 2581 1334 2645 immaculatos,
1361 2582 1679 2637 cobzeredes
1714 2599 1777 2638 ac
1816 2598 1951 2637 con—

379 2674 696 2742 corporales
717 2674 1249 2744 comparticipesque
1264 2675 1469 2731 Christi
1501 2675 1667 2731 eﬂicit
1702 2694 1714 2729 :
1760 2676 1951 2746 sicque

378 2765 486 2834 iam
517 2766 573 2819 in
602 2765 876 2820 Ecelesias
913 2775 1130 2822 sanctas
1164 2768 1429 2835 Domino,
1487 2784 1789 2840 gregesque
1832 2785 1952 2823 ma-

378 2867 488 2922 gno
540 2852 887 2908 sacerdotum
941 2862 1331 2925 pastorumque
1382 2856 1619 2927 principi
1661 2872 1883 2928 cogens,
1921 2872 1951 2911 a

380 2944 704 3013 nequissimi
738 2953 1009 3015 potestate
1032 2947 1294 3003 liberatos
1338 2956 1500 3018 atque
1523 2950 1753 3015 solutos,
1784 2950 1953 3005 coale-

380 3037 449 3091 sti
495 3052 591 3091 eos
622 3036 765 3092 Patri
800 3053 1171 3109 supremoque
1197 3040 1444 3095 omnium
1483 3041 1613 3113 Regi
1644 3042 1918 3097 admovet.

446 3128 536 3183 Sic
570 3129 799 3185 Mathias
828 3132 1121 3186 Dominum
1172 3133 1515 3199 clarificavit,
1570 3137 1759 3206 sicque
1788 3136 1952 3192 vicis-

379 3219 484 3274 sim
517 3220 669 3275 illum
719 3220 983 3277 Dominus
1026 3225 1379 3293 clarificavit;
1438 3235 1665 3297 eratque
1697 3228 1949 3283 mirabile

378 3313 656 3383 quoddam
687 3315 829 3369 inter
859 3317 1049 3372 ambos
1081 3318 1232 3374 velut
1264 3329 1565 3384 certamen,
1602 3336 1665 3375 ac
1696 3320 1949 3376 vincendi
1980 3306 2022 3328 ’⁸

378 3406 564 3459 ardor.
590 3406 723 3460 Nam
757 3408 897 3461 alter
924 3410 1170 3478 quidem,
1219 3411 1313 3480 qui
1339 3411 1587 3466 salvandi
1630 3421 1815 3466 essent
1847 3412 1954 3466 Do-

378 3499 528 3551 mino
548 3499 900 3569 adiungebat,
933 3504 1192 3571 omnique
1218 3506 1503 3559 conatu’ac
1526 3505 1795 3559 industria
1814 3507 1953 3575 ejus,

377 3590 473 3661 qui
499 3586 745 3655 miserat,
800 3608 1051 3662 quaerens
1079 3595 1329 3665 gloriam,
1375 3611 1567 3650 eorum
1600 3612 1831 3650 numero
1862 3597 1956 3650 ad-

379 3682 588 3737 debat:
630 3682 767 3737 alter
823 3692 1004 3737 autem
1033 3725 1047 3747 ,
1104 3685 1193 3740 his
1238 3686 1333 3755 qui
1388 3686 1755 3742 credidissent
1807 3686 1955 3741 illius

379 3787 569 3840 opera,
597 3788 854 3827 coronam
880 3774 1071 3844 gloria:
1116 3773 1396 3844 animique
1427 3776 1854 3831 exsultationem
1892 3790 1954 3828 ac

379 3862 551 3918 decus
575 3864 871 3920 munificus
906 3874 1290 3921 remunerator
1323 3867 1584 3921 donabat.

453 3952 593 4010 Sane
623 3955 846 4024 quidem
882 3958 1115 4011 maxima
1158 3956 1306 4027 digni
1341 3957 1705 4013 admiratione
1754 3958 1956 4012 beatis-

380 4045 503 4101 simi
534 4046 765 4116 apostoli
807 4047 1073 4103 circuitus
1111 4063 1303 4103 omnes
1335 4064 1398 4104 ac
1442 4050 1951 4121 peregrinationes:

378 4142 650 4204 quotquot
674 4134 804 4191 item
832 4137 909 4191 illi
944 4137 1160 4193 fortiter
1176 4147 1326 4209 gesta
1354 4140 1642 4195 universas
1667 4141 1955 4196 lustrando

376 4228 649 4293 nationes,
679 4230 1124 4298 splendidissima
1162 4233 1253 4287 illa
1281 4234 1442 4303 plane
1465 4248 1529 4289 ac
1561 4234 1904 4289 divinissima
1935 4252 1949 4300 ;

375 4327 500 4367 cum
535 4314 729 4383 primis
762 4332 896 4371 vero
940 4319 1083 4389 apud
1129 4335 1224 4375 eos
1254 4322 1521 4387 exhibita,
1558 4323 1652 4393 qui
1687 4324 1742 4378 in
1776 4324 1951 4393 prima

372 4402 651 4475 EthiOpia
676 4406 835 4463 sedes
872 4409 1097 4465 habent.
1139 4411 1510 4469 Admirandus
1539 4416 1689 4470 enim
1729 4416 1816 4471 vir
1849 4416 1951 4471 iste

377 4497 529 4559 Jesu,
561 4499 705 4567 apud
735 4506 889 4555 atros
923 4501 1047 4555 illos
1074 4504 1323 4572 corporis
1356 4505 1604 4577 fuligine,
1642 4509 1950 4577 mentisque

2056 2041 2432 2115 πεπληρωκὼς
2460 2039 2648 2111 πυρὸς,
2680 2038 2860 2109 ἐαυτῷ
2892 2035 3151 2106 ἐξομοιοῖ.
3186 2034 3319 2095 Ταῖς
3343 2033 3642 2098 εἰσαγωγι-

2055 2139 2176 2198 καϊς
2212 2136 2321 2206 γάρ
2355 2134 2463 2187 τῶν
2514 2132 2709 2199 λογίων
2752 2130 2996 2199 διδαχαῖς
3025 2124 3306 2196 καθαίρων
3348 2123 3444 2177 καὶ
3492 2136 3641 2174 στοι-

2055 2227 2235 2298 χειῶν,
2269 2228 2380 2290 τοῖς
2409 2222 2764 2293 τελειοτέροις
2806 2222 2863 2275 δέ
2905 2220 3015 2274 τῶν
3046 2218 3335 2288 δογμάτων
3378 2212 3636 2284 φωτίζων

2054 2320 2148 2373 καὶ
2174 2317 2454 2387 συμὸιὸὦν
2479 2333 2493 2347 ·
2525 2317 2648 2377 ταῖς
2670 2315 2928 2367 ἀνωτάτω
2961 2311 3018 2365 δὲ
3041 2310 3345 2379 θεολογίαις
3371 2322 3507 2361 κατα
3518 2305 3666 2391 ρτίο.

2054 2412 2161 2475 ζων
2184 2409 2380 2472 αὐτοὺς
2412 2408 2504 2460 καὶ
2537 2403 2954 2475 τελεσιουργῶν,
2987 2403 3155 2456 τέκνα
3178 2399 3313 2454 Θεοῦ
3353 2397 3641 2467 ἀμώμητα

2056 2500 2263 2569 συγκλη
2275 2497 2480 2568 ρονόμα
2510 2498 2605 2549 καὶ
2636 2496 2901 2564 σύσσωμα
2926 2494 3020 2547 καὶ
3047 2491 3362 2562 συμμέτοχα
3396 2489 3636 2542 δείκνυσι

2054 2591 2147 2645 τοῦ
2177 2588 2444 2661 Χριστοῦ·
2482 2590 2576 2642 καὶ
2636 2586 2780 2641 οὕτω
2827 2585 3011 2638 λοιπὸν
3047 2586 3126 2647 είς
3157 2583 3449 2651 ἐκκλησίας
3471 2580 3638 2647 ἀγίας

2054 2683 2264 2751 Κυρίῳ,
2295 2680 2391 2733 καὶ
2415 2678 2589 2731 σεπτά
2642 2678 2869 2747 ποίμνια
2896 2675 2975 2743 τῷ
3007 2673 3227 2743 μεγάλῳ
3263 2672 3509 2741 ἀρχιερεῖ
3537 2668 3635 2721 καὶ

2054 2770 2401 2842 ἀρχιποίμενι
2450 2767 2742 2827 καθιστῶν.
2790 2765 3099 2835 ἀπήλλαττε
3150 2763 3249 2831 μὲν
3292 2759 3387 2812 καί⁵
3415 2754 3636 2824 ἠλευθέο

2057 2882 2150 2935 ρου
2182 2862 2282 2927 τῆς
2330 2862 2579 2927 ἐξουσίας
2613 2858 2708 2912 τοῦ
2744 2855 2986 2928 πονηροῦ
3007 2873 3023 2889 ’
3057 2854 3135 2924 τῷ
3163 2851 3398 2923 οὐρανίῳ
3424 2849 3481 2900 δέ
3508 2845 3636 2899 τοῦ-

2053 2972 2178 3019 τους
2199 2956 2434 3026 παρίστη
2458 2952 2635 3024 Πατρὶ
2668 2952 2761 3005 καὶ
2791 2948 3156 3021 Παμεασιλεῐ.

2129 3142 2286 3196 Οῦτω
2333 3140 2550 3202 Μαθίας
2578 3137 2795 3202 ἐδόξασε
2826 3137 2919 3188 τὸν
2942 3135 3169 3204 Κύριον⁹
3199 3131 3294 3183 καὶ
3319 3127 3490 3191 οὕτως
3526 3126 3630 3179 αὐ-

2053 3236 2145 3288 τὸν
2178 3234 2529 3299 ἀντεδόξασεν
2556 3233 2583 3285 ὁ
2614 3230 2851 3301 Κύριος·
2888 3228 2980 3281 καὶ
3002 3222 3070 3295 ἦν
3092 3221 3382 3293 θαυμαστή
3414 3237 3498 3283 τις
3519 3213 3631 3271 οἷον

2055 3326 2255 3396 ἅμιλλα
2286 3327 2342 3378 ἐν
2379 3324 2729 3394 ἀμφοτέροις.
2773 3321 2834 3373 '0
2873 3320 2969 3390 μὲν
3020 3317 3129 3388 γὰρ
3158 3313 3473 3386 προσετίθει
3504 3311 3629 3373 τοὺς

2058 3415 2400 3485 σωζομένους
2423 3414 2499 3485 τῷ
2532 3412 2745 3482 Κυρίῳ,
2775 3411 2925 3479 πάσῃ
2959 3408 3172 3479 μηχανῇ
3197 3404 3297 3475 τὴν
3326 3402 3487 3467 δόξαν
3529 3400 3629 3453 τοῦ

2055 3508 2368 3578 πέμψαντος
2392 3505 2553 3559 αὑτὸν
2587 3503 2767 3572 ζητῶν
2786 3520 2800 3534 ·
2831 3504 2860 3554 ὁ
2903 3502 2960 3553 δὲ
3005 3499 3180 3570 τούτῳ
3210 3499 3338 3560 τοὺς
3357 3495 3426 3549 δι’
3456 3491 3629 3547 αὐτοῦ

2056 3598 2427 3660 πιστεύοντας,
2455 3598 2775 3665 καυχήσεως
2804 3593 3087 3661 στέφανον,
3116 3589 3428 3660 ἀγαλλίαμά
3447 3606 3504 3643 τε
3529 3588 3625 3641 καὶ

2054 3690 2211 3754 δόξαν
2240 3689 2415 3759 ψυχῆς
2439 3687 2809 3757 ἀντεδωρεῖτο.

2129 3970 2284 4023 Ἐστι
2327 3967 2425 4037 μὲν
2452 3966 2545 4018 οὖν
2575 3966 2753 4027 πάσας
2777 3964 2869 4017 τοῦ
2898 3963 3318 4035 μακαριωτάτου
3344 3961 3445 4025 τὰς
3471 3978 3630 4032 περι-

2054 4061 2203 4124 ὁδους
2250 4056 2646 4127 ὑπεράγασθαι,
2707 4057 2802 4109 καὶ
2829 4058 2926 4119 τὰς
2971 4057 3357 4126 ἀνδραγαθίας,
3408 4057 3539 4118 ὅσας
3573 4056 3631 4108 ὲν

2056 4154 2221 4206 πᾶσιν
2252 4151 2427 4203 ἔθνεσι
2466 4149 2845 4220 κατεπράξατο
2885 4149 3133 4222 περιιὼν,
3156 4150 3233 4213 ὡς
3273 4148 3631 4216 ἀξιολογωτά-

2054 4262 2151 4306 τας
2182 4243 2275 4297 καὶ
2301 4240 2728 4308 ἀξιοθεωτάταςο
2758 4240 2856 4310 οὐχ
2883 4241 3083 4311 ἥκιστα
3112 4242 3188 4306 δὲ,
3219 4241 3284 4311 ἥν
3310 4240 3369 4293 ἐν
3394 4240 3504 4301 τοῖς
3532 4239 3632 4308 τὴν

2055 4335 2276 4406 πρώτην
2329 4333 2617 4386 Αἰθιοπίαν
2676 4331 2921 4385 οἰκοῦσιν
2972 4330 3303 4396 ἐπεδείξατο.
3358 4329 3485 4393 Τοῖς
3519 4331 3631 4400 γὰρ

2057 4425 2313 4494 μέλανσιν
2347 4423 2577 4486 ἐκείνοις
2644 4422 2705 4476 τὸ
2758 4422 2939 4493 σῶμα,
2979 4421 3327 4492 μελαντέροις
3379 4420 3435 4474 δὲ
3493 4420 3629 4472 πολῦ

2056 4515 2215 4568 πλέον
2243 4516 2332 4568 τὸν
2364 4514 2491 4568 νοῦν
2514 4515 2609 4568 καὶ
2635 4516 2734 4584 τὴν
2765 4514 2965 4585 ψυχὴν,
2983 4516 3075 4567 καὶ
3102 4513 3398 4583 ὠμοϐόρων
3423 4511 3631 4582 θηρίων

380 4587 498 4656 ipsa
526 4598 689 4659 atque
722 4590 892 4645 animi
920 4592 1154 4663 caligine
1171 4594 1331 4667 longe
1358 4599 1611 4663 atriores,
1643 4613 1748 4653 nec
1783 4599 1948 4668 quid-

2054 4605 2413 4676 διενηνοχόσιν
2471 4605 2644 4671 οὐδὲν,
2703 4606 2732 4658 ὁ
2785 4604 3088 4674 θαυμάσιος
3138 4597 3292 4666 οὗτος
3344 4602 3629 4673 ἄνθρωπος

377 4694 540 4749 quam
583 4682 895 4738 crudivoris
929 4685 1304 4742 animantibus
1336 4688 1666 4755 dissimiles,
1708 4705 1949 4746 commo-

376 4778 554 4834 ratus,
587 4769 754 4841 inque
790 4773 973 4827 medio
1010 4776 1308 4842 agrestium
1352 4778 1653 4835 bestiarum
1690 4789 1948 4850 tanquam

375 4859 575 4924 homo,
632 4876 731 4917 seu
782 4864 968 4933 potius
1027 4867 1172 4922 inter
1226 4870 1645 4928 scelestissimos
1698 4873 1950 4930 homines

375 4955 529 5024 quasi
573 4957 718 5013 Deus
769 4959 985 5025 beatus,
1040 4962 1097 5016 in
1130 4963 1351 5035 longum
1397 4974 1614 5036 tempus
1653 4978 1905 5024 versatus
1933 5009 1947 5032 ,

376 5048 578 5103 nedum
624 5051 836 5107 nullum
874 5069 1105 5123 prorsus
1134 5056 1352 5112 illorum
1388 5059 1684 5128 proterviae
1712 5075 1778 5116 ac
1820 5061 1949 5116 feri-
1989 5070 2016 5091 °

376 5141 507 5196 tatis
552 5145 842 5215 vestigium
882 5146 985 5203 sibi
1022 5147 1139 5218 ipse
1183 5150 1396 5214 ascivit,
1442 5168 1633 5207 verum
1676 5168 1775 5208 sua
1824 5154 1949 5209 illos

375 5236 799 5292 mansuetudine
831 5237 1121 5309 impartiit.
1150 5241 1362 5297 Nedum
1408 5244 1556 5298 nulla
1587 5245 1706 5298 vitii
1739 5247 1949 5301 macula

373 5324 581 5380 Christi
619 5325 843 5384 dotibus
867 5332 1247 5399 przenitentem
1291 5334 1535 5390 animum
1569 5337 1785 5403 imbuit,
1815 5338 1946 5408 quin

373 5415 439 5469 ad
472 5416 759 5473 meliorem
792 5433 888 5474 eos
906 5420 1117 5492 frugem
1148 5427 1526 5480 commutavit.
1553 5427 1784 5482 Prorsus
1800 5429 1946 5483 enim

372 5510 708 5564 coritrarium
728 5514 1007 5569 contrario
1023 5531 1244 5581 sanans,
1266 5534 1457 5574 eorum
1480 5520 1665 5577 cordis
1688 5522 1948 5577 duritiam

370 5609 428 5653 et
474 5601 841 5670 pervicaciam
881 5621 946 5660 ac
984 5607 1327 5676 superbiam,
1372 5628 1584 5667 morum
1634 5617 1901 5671 suavitate
1933 5657 1949 5679 ,

372 5690 621 5757 lenitate,
657 5696 972 5764 placiditate
1013 5701 1374 5775 emolliebat;
1419 5704 1716 5773 feritatem,
1769 5707 1949 5773 dolos,

374 5782 791 5853 malignitatem,
832 5787 1002 5841 animi
1049 5788 1421 5860 benignitate,
1481 5794 1743 5859 candore,
1796 5812 1950 5852 man-

375 5874 669 5931 suetudine
702 5878 1015 5935 intlectebat
1046 5897 1060 5945 ;
1092 5881 1369 5939 mellifluis
1404 5884 1642 5956 denique
1678 5888 1949 5943 sermoni-

2050 4696 2441 4768 ἐμφιλοχωρῶν
2465 4697 2558 4750 τοῦ
2606 4696 2802 4768 Ἰησοῦ,
2830 4699 2921 4748 καὶ
2942 4696 3001 4747 ἐν
3032 4694 3181 4765 μέσῳ
3212 4693 3393 4763 θηρῶν
3418 4691 3631 4763 ἀγρίων

2050 4792 2125 4854 ὼς
2152 4790 2468 4861 ἄνθρωπος’
2506 4789 2707 4861 μᾶλλον
2732 4789 2790 4842 δέ
2824 4787 3028 4859 μεταξῦ
3051 4786 3304 4858 πονηρῶν
3325 4784 3632 4854 ἀνθρώπων

2050 4882 2137 4939 οἷα
2168 4885 2304 4949 Θεὸς
2329 4886 2530 4954 ἀγαθὸς
2556 4886 2650 4939 ἐπὶ
2679 4884 2811 4938 πολὺ
2846 4882 3115 4937 κατοικῶν
3137 4924 3152 4948 ,
3189 4882 3248 4934 οὐ
3278 4882 3372 4950 τῆς
3403 4879 3629 4933 ἐκείνων

2054 4975 2378 5045 ἰταμότητος
2428 4975 2573 5044 ἴχνος
2598 4974 2734 5037 ὅλως
2763 4974 3081 5042 ἐπεσύρετο,
3135 4972 3233 5041 τῆς
3264 4970 3468 5033 οἰκείας
3498 4986 3631 5041 μετ-

2051 5067 2219 5121 έδωκε
2246 5065 2613 5136 χρηστότητος
2642 5063 2698 5118 δέ
2719 5081 2733 5095 ⁸
2783 5062 2898 5116 οὔτ’
2938 5058 3031 5117 οῦν
3058 5065 3158 5134 τῆς
3211 5062 3411 5124 κακίας
3435 5060 3627 5114 σπίλον

2050 5160 2115 5229 τῇ
2138 5157 2460 5229 χριστοειδεί
2486 5155 2889 5227 προσετρίψατο
2916 5155 3061 5225 ψυχῇ
3083 5170 3099 5184 ο
3124 5154 3431 5225 κρείττονος
3458 5169 3626 5223 μετα-

2051 5250 2216 5319 6ολῆς
2239 5248 2460 5311 τούτους
2492 5248 2798 5320 κατηξίωσε
2814 5247 2892 5301 δέ’
2911 5247 2989 5318 τῷ
3007 5247 3231 5313 ἐναντίῳ
3251 5248 3359 5317 γάρ
3388 5246 3629 5316 ἀτεχνῶς

2050 5339 2357 5394 τούναντίον
2375 5340 2685 5410 ἐξιώμενος,
2709 5340 2770 5392 τδ
2793 5340 3025 5410 σκληρὸν
3047 5340 3144 5413 μὲν
3172 5337 3350 5391 αὐτῶν
3366 5334 3463 5405 τῆς
3487 5353 3627 5405 καρ-

2049 5433 2165 5494 δίας
2192 5433 2283 5485 καὶ
2314 5431 2603 5495 δυσπειθὲς
2638 5431 2732 5485 καὶ
2766 5431 3066 5501 ἀγέρωχον,
3098 5427 3175 5499 τῷ
3206 5428 3398 5497 ἀπαλῷ
3419 5446 3477 5480 τε
3505 5425 3626 5499 ἤθει

2051 5526 2144 5578 καλ⁸
2202 5524 2449 5594 μειλιχίῳ
2497 5524 2874 5593 κατεμάλαττε
2905 5521 2996 5575 καὶ
3028 5523 3226 5591 πραεῖο
3261 5519 3321 5573 τὸ
3350 5519 3626 5589 ἀνήμερον

2049 5618 2106 5670 δὲ
2137 5618 2229 5671 καὶ
2264 5616 2496 5670 ὓπουλον
2529 5615 2625 5670 καὶ
2667 5617 2874 5679 σκαιὸν,
2902 5613 2979 5685 τῷ
3003 5612 3310 5682 ἀγαθοειδεῖ
3342 5612 3444 5681 τῆς
3473 5609 3625 5679 γνώ-

2054 5726 2182 5779 μης,
2213 5707 2457 5777 ἀπλοῖκῴ
2483 5725 2541 5761 τε
2570 5708 2663 5760 καὶ
2692 5708 2957 5777 προσηνεῖ
2990 5702 3362 5759 κατεδυσώπει
3385 5718 3398 5733 ·
3418 5703 3513 5755 καὶ
3546 5701 3626 5772 τῷ

2049 5801 2158 5855 τῶν
2184 5802 2357 5867 λόγων
2380 5800 2435 5852 δὲ
2455 5799 2765 5870 μελιρῤύτῳ
2793 5798 2886 5851 καὶ
2903 5798 2981 5867 τῷ
3006 5798 3099 5851 τοῦ
3128 5798 3330 5867 τρόπου
3358 5796 3412 5849 δὲ
3432 5796 3623 5865 ἐνθέῳ,

2051 5891 2145 5944 καὶ
2179 5888 2258 5960 τῷ
2287 5889 2393 5943 τῶν
2425 5887 2603 5959 ἔργων
2636 5888 2691 5942 δὲ
2725 5886 3061 5958 μεγαλοδόξῳ
3108 5884 3502 5954 καταπλῆττων
3531 5884 3625 5936 αὑ-
