  <div class='ocr_page' id='page_1' title='image "/cluster/home/n/w/nwhite01/storage/ocr_20150623/105/hvd.32044013678347/151.png"; bbox 0 0 4008 6612; ppageno 0'>
   <div class='ocr_carea' id='block_1_1' title="bbox 449 422 2045 505">
    <p class='ocr_par' dir='ltr' id='par_1_1' title="bbox 449 426 2045 505">
     <span class='ocr_line' id='line_1_1' title="bbox 449 426 2045 505; baseline -0.013 1"><span class='ocrx_word' id='word_1_1' title='bbox 449 435 556 505; x_wconf 81' lang='grc'><strong>283</strong></span> <span class='ocrx_word' id='word_1_2' title='bbox 1607 428 1903 490; x_wconf 72' lang='grc' dir='ltr'><strong>ΝΙΟΕΤᾸΞ</strong></span> <span class='ocrx_word' id='word_1_3' title='bbox 1938 426 2045 487; x_wconf 79' lang='grc' dir='ltr'><strong>ΡΑ]</strong></span> 
     </span>
    </p>
   </div>
   <div class='ocr_carea' id='block_1_2' title="bbox 2149 422 3709 505">
    <p class='ocr_par' dir='ltr' id='par_1_2' title="bbox 2149 422 3709 489">
     <span class='ocr_line' id='line_1_2' title="bbox 2149 422 3709 489; baseline -0.001 -3"><span class='ocrx_word' id='word_1_4' title='bbox 2149 427 2466 489; x_wconf 86' lang='lat' dir='ltr'><strong>LAGONIS</strong></span> <span class='ocrx_word' id='word_1_5' title='bbox 3591 422 3709 485; x_wconf 64' lang='grc'><strong>284-</strong></span> 
     </span>
    </p>
   </div>
   <div class='ocr_carea' id='block_1_3' title="bbox 445 536 2045 623">
    <p class='ocr_par' dir='ltr' id='par_1_3' title="bbox 445 546 2011 623">
     <span class='ocr_line' id='line_1_3' title="bbox 445 546 2011 623; baseline -0.008 -15"><span class='ocrx_word' id='word_1_6' title='bbox 445 551 734 623; x_wconf 69' lang='grc' dir='ltr'>Ᾱίιιιίοροε</span> <span class='ocrx_word' id='word_1_7' title='bbox 772 564 1016 615; x_wconf 84' lang='lat' dir='ltr'><strong>exuens,</strong></span> <span class='ocrx_word' id='word_1_8' title='bbox 1062 547 1400 605; x_wconf 81' lang='lat' dir='ltr'><strong>lucidissima</strong></span> <span class='ocrx_word' id='word_1_9' title='bbox 1454 546 1772 616; x_wconf 77' lang='lat' dir='ltr'><strong>angelorum</strong></span> <span class='ocrx_word' id='word_1_10' title='bbox 1827 550 2011 597; x_wconf 89' lang='lat' dir='ltr'><strong>castra</strong></span> 
     </span>
    </p>
   </div>
   <div class='ocr_carea' id='block_1_4' title="bbox 2149 536 3711 623">
    <p class='ocr_par' dir='ltr' id='par_1_4' title="bbox 2152 536 3711 613">
     <span class='ocr_line' id='line_1_4' title="bbox 2152 536 3711 613; baseline -0.002 -19"><span class='ocrx_word' id='word_1_11' title='bbox 2152 541 2243 595; x_wconf 90' lang='grc' dir='ltr'><strong>ίων</strong></span> <span class='ocrx_word' id='word_1_12' title='bbox 2299 544 2549 613; x_wconf 82' lang='grc' dir='ltr'>ἀγγέλων</span> <span class='ocrx_word' id='word_1_13' title='bbox 2586 541 2997 613; x_wconf 72' lang='grc' dir='ltr'>παρεμϐολαῖς·</span> <span class='ocrx_word' id='word_1_14' title='bbox 3048 539 3143 595; x_wconf 74' lang='grc' dir='ltr'>καὶ</span> <span class='ocrx_word' id='word_1_15' title='bbox 3184 539 3311 604; x_wconf 82' lang='grc' dir='ltr'><strong>τούς</strong></span> <span class='ocrx_word' id='word_1_16' title='bbox 3354 536 3711 609; x_wconf 72' lang='grc' dir='ltr'>διοχλούντας</span> 
     </span>
    </p>
   </div>
   <div class='ocr_carea' id='block_1_5' title="bbox 445 631 2045 711">
    <p class='ocr_par' dir='ltr' id='par_1_5' title="bbox 445 634 2012 711">
     <span class='ocr_line' id='line_1_5' title="bbox 445 634 2012 711; baseline -0.007 -12"><span class='ocrx_word' id='word_1_17' title='bbox 445 644 630 699; x_wconf 83' lang='lat' dir='ltr'><strong>adiisti</strong></span> <span class='ocrx_word' id='word_1_18' title='bbox 661 661 674 698; x_wconf 89' lang='lat'><strong>:</strong></span> <span class='ocrx_word' id='word_1_19' title='bbox 716 643 958 697; x_wconf 82' lang='lat' dir='ltr'><strong>dimissis</strong></span> <span class='ocrx_word' id='word_1_20' title='bbox 992 641 1086 711; x_wconf 91' lang='lat' dir='ltr'><strong>qui</strong></span> <span class='ocrx_word' id='word_1_21' title='bbox 1120 640 1334 695; x_wconf 91' lang='lat' dir='ltr'><strong>molesti</strong></span> <span class='ocrx_word' id='word_1_22' title='bbox 1390 654 1453 693; x_wconf 91' lang='lat' dir='ltr'><strong>ac</strong></span> <span class='ocrx_word' id='word_1_23' title='bbox 1487 654 1679 709; x_wconf 78' lang='lat' dir='ltr'><strong>graves</strong></span> <span class='ocrx_word' id='word_1_24' title='bbox 1723 644 1909 697; x_wconf 87' lang='lat' dir='ltr'><strong>erant,</strong></span> <span class='ocrx_word' id='word_1_25' title='bbox 1943 634 2012 689; x_wconf 87' lang='lat' dir='ltr'><strong>ad</strong></span> 
     </span>
    </p>
   </div>
   <div class='ocr_carea' id='block_1_6' title="bbox 2149 631 3700 711">
    <p class='ocr_par' dir='ltr' id='par_1_6' title="bbox 2149 631 3700 707">
     <span class='ocr_line' id='line_1_6' title="bbox 2149 631 3700 707; baseline -0.003 -20"><span class='ocrx_word' id='word_1_26' title='bbox 2149 636 2295 704; x_wconf 63' lang='grc' dir='ltr'>μφεὶς,</span> <span class='ocrx_word' id='word_1_27' title='bbox 2343 635 2479 707; x_wconf 83' lang='grc' dir='ltr'>πρὸς</span> <span class='ocrx_word' id='word_1_28' title='bbox 2512 635 2605 689; x_wconf 82' lang='grc' dir='ltr'>τὸν</span> <span class='ocrx_word' id='word_1_29' title='bbox 2636 634 2933 706; x_wconf 78' lang='grc' dir='ltr'>εὐεργέτην</span> <span class='ocrx_word' id='word_1_30' title='bbox 2964 634 3060 687; x_wconf 76' lang='grc' dir='ltr'><strong>καὶ</strong></span> <span class='ocrx_word' id='word_1_31' title='bbox 3084 632 3315 703; x_wconf 75' lang='grc' dir='ltr'>Σωτῆρα</span> <span class='ocrx_word' id='word_1_32' title='bbox 3356 648 3450 684; x_wconf 88' lang='grc' dir='ltr'><strong>σου</strong></span> <span class='ocrx_word' id='word_1_33' title='bbox 3494 631 3700 701; x_wconf 84' lang='grc' dir='ltr'>χαίρων</span> 
     </span>
    </p>
   </div>
   <div class='ocr_carea' id='block_1_7' title="bbox 448 722 2045 799">
    <p class='ocr_par' dir='ltr' id='par_1_7' title="bbox 448 729 2017 799">
     <span class='ocr_line' id='line_1_7' title="bbox 448 729 2017 799; baseline -0.003 -11"><span class='ocrx_word' id='word_1_34' title='bbox 448 734 757 789; x_wconf 89' lang='lat' dir='ltr'><strong>beneﬁcum</strong></span> <span class='ocrx_word' id='word_1_35' title='bbox 790 748 853 787; x_wconf 85' lang='lat' dir='ltr'><strong>ac</strong></span> <span class='ocrx_word' id='word_1_36' title='bbox 900 733 1237 788; x_wconf 89' lang='lat' dir='ltr'><strong>Salvatorem</strong></span> <span class='ocrx_word' id='word_1_37' title='bbox 1281 740 1434 785; x_wconf 91' lang='lat' dir='ltr'><strong>tuum</strong></span> <span class='ocrx_word' id='word_1_38' title='bbox 1459 730 1738 786; x_wconf 80' lang='lat' dir='ltr'><strong>Christum</strong></span> <span class='ocrx_word' id='word_1_39' title='bbox 1772 729 2017 799; x_wconf 84' lang='lat' dir='ltr'><strong>gaudens</strong></span> 
     </span>
    </p>
   </div>
   <div class='ocr_carea' id='block_1_8' title="bbox 2149 722 3706 799">
    <p class='ocr_par' dir='ltr' id='par_1_8' title="bbox 2154 722 3706 799">
     <span class='ocr_line' id='line_1_8' title="bbox 2154 722 3706 799; baseline -0.002 -20"><span class='ocrx_word' id='word_1_40' title='bbox 2154 728 2423 799; x_wconf 84' lang='grc' dir='ltr'>νελήφθης</span> <span class='ocrx_word' id='word_1_41' title='bbox 2450 729 2684 797; x_wconf 82' lang='grc' dir='ltr'>Χριστόν</span> <span class='ocrx_word' id='word_1_42' title='bbox 2701 744 2714 757; x_wconf 77' lang='grc'><strong><em>⁸</em></strong></span> <span class='ocrx_word' id='word_1_43' title='bbox 2740 729 2835 782; x_wconf 65' lang='grc' dir='ltr'>καὶ</span> <span class='ocrx_word' id='word_1_44' title='bbox 2872 729 3078 796; x_wconf 84' lang='grc' dir='ltr'>σφόδρα</span> <span class='ocrx_word' id='word_1_45' title='bbox 3100 727 3250 793; x_wconf 81' lang='grc' dir='ltr'>πρὸς</span> <span class='ocrx_word' id='word_1_46' title='bbox 3278 725 3386 779; x_wconf 79' lang='grc' dir='ltr'><strong>τὸν</strong></span> <span class='ocrx_word' id='word_1_47' title='bbox 3420 724 3570 778; x_wconf 73' lang='grc' dir='ltr'>Θεὸν</span> <span class='ocrx_word' id='word_1_48' title='bbox 3597 722 3706 776; x_wconf 80' lang='grc' dir='ltr'><strong>τὸν</strong></span> 
     </span>
    </p>
   </div>
   <div class='ocr_carea' id='block_1_9' title="bbox 451 815 2045 892">
    <p class='ocr_par' dir='ltr' id='par_1_9' title="bbox 451 820 2016 892">
     <span class='ocr_line' id='line_1_9' title="bbox 451 820 2016 892; baseline -0.003 -15"><span class='ocrx_word' id='word_1_49' title='bbox 451 834 705 892; x_wconf 85' lang='lat' dir='ltr'><strong>receptus</strong></span> <span class='ocrx_word' id='word_1_50' title='bbox 742 839 845 883; x_wconf 82' lang='lat' dir='ltr'><strong>es;</strong></span> <span class='ocrx_word' id='word_1_51' title='bbox 892 824 985 892; x_wconf 88' lang='lat' dir='ltr'><strong>qui</strong></span> <span class='ocrx_word' id='word_1_52' title='bbox 1015 823 1253 890; x_wconf 89' lang='lat' dir='ltr'><strong>denique</strong></span> <span class='ocrx_word' id='word_1_53' title='bbox 1290 822 1359 875; x_wconf 85' lang='lat' dir='ltr'><strong>ad</strong></span> <span class='ocrx_word' id='word_1_54' title='bbox 1410 821 1579 874; x_wconf 85' lang='lat' dir='ltr'><strong>Deum</strong></span> <span class='ocrx_word' id='word_1_55' title='bbox 1616 820 1801 889; x_wconf 81' lang='lat' dir='ltr'><strong>fortem</strong></span> <span class='ocrx_word' id='word_1_56' title='bbox 1845 822 2016 874; x_wconf 78' lang='lat' dir='ltr'><strong>vivum</strong></span> 
     </span>
    </p>
   </div>
   <div class='ocr_carea' id='block_1_10' title="bbox 2149 815 3702 892">
    <p class='ocr_par' dir='ltr' id='par_1_10' title="bbox 2149 815 3702 891">
     <span class='ocr_line' id='line_1_10' title="bbox 2149 815 3702 891; baseline -0.006 -16"><span class='ocrx_word' id='word_1_57' title='bbox 2149 821 2372 889; x_wconf 69' lang='grc' dir='ltr'>σχυρὸν</span> <span class='ocrx_word' id='word_1_58' title='bbox 2399 822 2507 874; x_wconf 81' lang='grc' dir='ltr'><strong>τὸν</strong></span> <span class='ocrx_word' id='word_1_59' title='bbox 2536 820 2721 882; x_wconf 78' lang='grc' dir='ltr'>ζῶντα</span> <span class='ocrx_word' id='word_1_60' title='bbox 2748 819 3071 891; x_wconf 76' lang='grc' dir='ltr'><strong>δεδιψηκὼς,</strong></span> <span class='ocrx_word' id='word_1_61' title='bbox 3097 819 3190 871; x_wconf 71' lang='grc' dir='ltr'><strong>καὶ</strong></span> <span class='ocrx_word' id='word_1_62' title='bbox 3226 820 3282 871; x_wconf 78' lang='grc' dir='ltr'>ὲν</span> <span class='ocrx_word' id='word_1_63' title='bbox 3313 815 3702 885; x_wconf 64' lang='grc' dir='ltr'><strong>ἐξομολογήσει</strong></span> 
     </span>
    </p>
   </div>
   <div class='ocr_carea' id='block_1_11' title="bbox 450 905 2045 982">
    <p class='ocr_par' dir='ltr' id='par_1_11' title="bbox 450 911 2023 982">
     <span class='ocr_line' id='line_1_11' title="bbox 450 911 2023 982; baseline -0.003 -15"><span class='ocrx_word' id='word_1_64' title='bbox 450 914 806 968; x_wconf 72' lang='lat' dir='ltr'><strong>vehementer</strong></span> <span class='ocrx_word' id='word_1_65' title='bbox 832 914 1102 973; x_wconf 81' lang='lat' dir='ltr'><strong>sitiens&quot;,</strong></span> <span class='ocrx_word' id='word_1_66' title='bbox 1124 913 1357 981; x_wconf 88' lang='lat' dir='ltr'><strong>atquein</strong></span> <span class='ocrx_word' id='word_1_67' title='bbox 1387 912 1729 982; x_wconf 79' lang='lat' dir='ltr'><strong>confessione</strong></span> <span class='ocrx_word' id='word_1_68' title='bbox 1756 920 1811 965; x_wconf 87' lang='lat' dir='ltr'><strong>et</strong></span> <span class='ocrx_word' id='word_1_69' title='bbox 1835 911 2023 964; x_wconf 73' lang='lat' dir='ltr'><strong>exsul-</strong></span> 
     </span>
    </p>
   </div>
   <div class='ocr_carea' id='block_1_12' title="bbox 2149 905 3705 982">
    <p class='ocr_par' dir='ltr' id='par_1_12' title="bbox 2149 905 3705 982">
     <span class='ocr_line' id='line_1_12' title="bbox 2149 905 3705 982; baseline 0.003 -18"><span class='ocrx_word' id='word_1_70' title='bbox 2149 914 2213 964; x_wconf 77' lang='lat' dir='ltr'><strong>:al</strong></span> <span class='ocrx_word' id='word_1_71' title='bbox 2244 912 2561 977; x_wconf 76' lang='grc' dir='ltr'><strong>ἀγαλλιάσει</strong></span> <span class='ocrx_word' id='word_1_72' title='bbox 2585 911 2663 982; x_wconf 83' lang='grc' dir='ltr'>τῷ</span> <span class='ocrx_word' id='word_1_73' title='bbox 2692 911 2969 982; x_wconf 81' lang='grc' dir='ltr'><strong>προσώπῳ</strong></span> <span class='ocrx_word' id='word_1_74' title='bbox 3002 911 3097 979; x_wconf 78' lang='grc' dir='ltr'>τῆς</span> <span class='ocrx_word' id='word_1_75' title='bbox 3141 907 3593 979; x_wconf 74' lang='grc' dir='ltr'><strong>μεγαλοπρεποῦς</strong></span> <span class='ocrx_word' id='word_1_76' title='bbox 3616 905 3705 957; x_wconf 70' lang='grc' dir='ltr'><strong>δά·-</strong></span> 
     </span>
    </p>
   </div>
   <div class='ocr_carea' id='block_1_13' title="bbox 455 978 2018 1074">
    <p class='ocr_par' dir='ltr' id='par_1_13' title="bbox 455 978 2018 1074">
     <span class='ocr_line' id='line_1_13' title="bbox 455 978 2018 1074; baseline -0.002 -16"><span class='ocrx_word' id='word_1_77' title='bbox 455 1008 663 1058; x_wconf 86' lang='lat' dir='ltr'><strong>tatione</strong></span> <span class='ocrx_word' id='word_1_78' title='bbox 700 1005 750 1058; x_wconf 92' lang='lat' dir='ltr'><strong>in</strong></span> <span class='ocrx_word' id='word_1_79' title='bbox 787 1014 1140 1072; x_wconf 84' lang='lat' dir='ltr'><strong>conspectum</strong></span> <span class='ocrx_word' id='word_1_80' title='bbox 1194 1005 1492 1074; x_wconf 82' lang='lat' dir='ltr'><strong>magniﬁcae</strong></span> <span class='ocrx_word' id='word_1_81' title='bbox 1532 978 1721 1073; x_wconf 66' lang='lat' dir='ltr'><strong>gloria:</strong></span> <span class='ocrx_word' id='word_1_82' title='bbox 1767 1003 2018 1066; x_wconf 88' lang='lat' dir='ltr'><strong>veniens,</strong></span> 
     </span>
    </p>
   </div>
   <div class='ocr_carea' id='block_1_14' title="bbox 453 1093 2019 1163">
    <p class='ocr_par' dir='ltr' id='par_1_14' title="bbox 453 1093 2019 1163">
     <span class='ocr_line' id='line_1_14' title="bbox 453 1093 2019 1163; baseline -0.001 -16"><span class='ocrx_word' id='word_1_83' title='bbox 453 1097 599 1149; x_wconf 89' lang='lat' dir='ltr'><strong>nulla</strong></span> <span class='ocrx_word' id='word_1_84' title='bbox 629 1096 920 1148; x_wconf 85' lang='lat' dir='ltr'><strong>verborum</strong></span> <span class='ocrx_word' id='word_1_85' title='bbox 955 1095 1004 1145; x_wconf 90' lang='lat' dir='ltr'><strong>vi</strong></span> <span class='ocrx_word' id='word_1_86' title='bbox 1037 1095 1418 1163; x_wconf 78' lang='lat' dir='ltr'><strong>explicabilem</strong></span> <span class='ocrx_word' id='word_1_87' title='bbox 1456 1095 1770 1149; x_wconf 74' lang='lat' dir='ltr'><strong>beatitatem</strong></span> <span class='ocrx_word' id='word_1_88' title='bbox 1802 1110 1863 1148; x_wconf 88' lang='lat' dir='ltr'><strong>ac</strong></span> <span class='ocrx_word' id='word_1_89' title='bbox 1891 1093 2019 1146; x_wconf 85' lang='lat' dir='ltr'><strong>dul-</strong></span> 
     </span>
    </p>
   </div>
   <div class='ocr_carea' id='block_1_15' title="bbox 451 1184 2025 1256">
    <p class='ocr_par' dir='ltr' id='par_1_15' title="bbox 451 1184 2025 1256">
     <span class='ocr_line' id='line_1_15' title="bbox 451 1184 2025 1256; baseline -0.001 -16"><span class='ocrx_word' id='word_1_90' title='bbox 451 1186 723 1248; x_wconf 86' lang='lat' dir='ltr'><strong>cedinem,</strong></span> <span class='ocrx_word' id='word_1_91' title='bbox 756 1186 1269 1255; x_wconf 89' lang='lat' dir='ltr'><strong>penitissimumque</strong></span> <span class='ocrx_word' id='word_1_92' title='bbox 1297 1202 1419 1241; x_wconf 90' lang='lat' dir='ltr'><strong>cum</strong></span> <span class='ocrx_word' id='word_1_93' title='bbox 1458 1186 1755 1256; x_wconf 78' lang='lat' dir='ltr'><strong>primitivis</strong></span> <span class='ocrx_word' id='word_1_94' title='bbox 1772 1186 1867 1239; x_wconf 87' lang='lat' dir='ltr'><strong>Dei</strong></span> <span class='ocrx_word' id='word_1_95' title='bbox 1894 1184 2025 1239; x_wconf 84' lang='lat' dir='ltr'><strong>ﬁliis</strong></span> 
     </span>
    </p>
   </div>
   <div class='ocr_carea' id='block_1_16' title="bbox 454 1279 1110 1332">
    <p class='ocr_par' dir='ltr' id='par_1_16' title="bbox 454 1279 1110 1332">
     <span class='ocr_line' id='line_1_16' title="bbox 454 1279 1110 1332; baseline 0.002 -1"><span class='ocrx_word' id='word_1_96' title='bbox 454 1279 764 1332; x_wconf 87' lang='lat' dir='ltr'><strong>recubitum</strong></span> <span class='ocrx_word' id='word_1_97' title='bbox 802 1287 996 1331; x_wconf 85' lang='lat' dir='ltr'><strong>nactus</strong></span> <span class='ocrx_word' id='word_1_98' title='bbox 1031 1294 1110 1332; x_wconf 89' lang='lat' dir='ltr'><strong>es.</strong></span> 
     </span>
    </p>
   </div>
   <div class='ocr_carea' id='block_1_17' title="bbox 524 1368 2025 1439">
    <p class='ocr_par' dir='ltr' id='par_1_17' title="bbox 524 1368 2025 1439">
     <span class='ocr_line' id='line_1_17' title="bbox 524 1368 2025 1439; baseline 0 -16"><span class='ocrx_word' id='word_1_99' title='bbox 524 1368 682 1423; x_wconf 82' lang='lat' dir='ltr'><strong>Salve</strong></span> <span class='ocrx_word' id='word_1_100' title='bbox 697 1369 774 1423; x_wconf 90' lang='lat' dir='ltr'><strong>sis</strong></span> <span class='ocrx_word' id='word_1_101' title='bbox 793 1369 997 1438; x_wconf 87' lang='lat' dir='ltr'><strong>itaque,</strong></span> <span class='ocrx_word' id='word_1_102' title='bbox 1023 1370 1333 1423; x_wconf 81' lang='lat' dir='ltr'><strong>venerande</strong></span> <span class='ocrx_word' id='word_1_103' title='bbox 1351 1369 1821 1439; x_wconf 81' lang='lat' dir='ltr'><strong>acperfectissime</strong></span> <span class='ocrx_word' id='word_1_104' title='bbox 1846 1384 2025 1439; x_wconf 69' lang='lat' dir='ltr'><strong>prmco</strong></span> 
     </span>
    </p>
   </div>
   <div class='ocr_carea' id='block_1_18' title="bbox 452 1460 2025 1530">
    <p class='ocr_par' dir='ltr' id='par_1_18' title="bbox 452 1460 2025 1530">
     <span class='ocr_line' id='line_1_18' title="bbox 452 1460 2025 1530; baseline 0.001 -16"><span class='ocrx_word' id='word_1_105' title='bbox 452 1476 516 1514; x_wconf 88' lang='lat' dir='ltr'><strong>ac</strong></span> <span class='ocrx_word' id='word_1_106' title='bbox 541 1460 991 1529; x_wconf 88' lang='lat' dir='ltr'><strong>discipule,quod</strong></span> <span class='ocrx_word' id='word_1_107' title='bbox 1024 1461 1330 1514; x_wconf 74' lang='lat' dir='ltr'><strong>sanctitatis</strong></span> <span class='ocrx_word' id='word_1_108' title='bbox 1367 1462 1688 1515; x_wconf 81' lang='lat' dir='ltr'><strong>excellentia</strong></span> <span class='ocrx_word' id='word_1_109' title='bbox 1713 1476 2025 1530; x_wconf 88' lang='lat' dir='ltr'><strong>supremam</strong></span> 
     </span>
    </p>
   </div>
   <div class='ocr_carea' id='block_1_19' title="bbox 455 1554 2027 1624">
    <p class='ocr_par' dir='ltr' id='par_1_19' title="bbox 455 1554 2027 1624">
     <span class='ocr_line' id='line_1_19' title="bbox 455 1554 2027 1624; baseline 0.001 -17"><span class='ocrx_word' id='word_1_110' title='bbox 455 1555 799 1623; x_wconf 87' lang='lat' dir='ltr'><strong>primamque</strong></span> <span class='ocrx_word' id='word_1_111' title='bbox 844 1562 1155 1609; x_wconf 86' lang='lat' dir='ltr'><strong>sanctorum</strong></span> <span class='ocrx_word' id='word_1_112' title='bbox 1194 1555 1422 1609; x_wconf 87' lang='lat' dir='ltr'><strong>classem</strong></span> <span class='ocrx_word' id='word_1_113' title='bbox 1472 1554 1702 1624; x_wconf 88' lang='lat' dir='ltr'><strong>adeptus</strong></span> <span class='ocrx_word' id='word_1_114' title='bbox 1736 1570 1813 1609; x_wconf 88' lang='lat' dir='ltr'><strong>es.</strong></span> <span class='ocrx_word' id='word_1_115' title='bbox 1867 1554 2027 1609; x_wconf 89' lang='lat' dir='ltr'><strong>Salve</strong></span> 
     </span>
    </p>
   </div>
   <div class='ocr_carea' id='block_1_20' title="bbox 456 1644 2029 1714">
    <p class='ocr_par' dir='ltr' id='par_1_20' title="bbox 456 1644 2029 1714">
     <span class='ocr_line' id='line_1_20' title="bbox 456 1644 2029 1714; baseline 0.001 -16"><span class='ocrx_word' id='word_1_116' title='bbox 456 1659 521 1698; x_wconf 90' lang='lat' dir='ltr'><strong>ac</strong></span> <span class='ocrx_word' id='word_1_117' title='bbox 562 1644 759 1714; x_wconf 80' lang='lat' dir='ltr'><strong>gaude,</strong></span> <span class='ocrx_word' id='word_1_118' title='bbox 790 1645 935 1713; x_wconf 87' lang='lat' dir='ltr'><strong>quod</strong></span> <span class='ocrx_word' id='word_1_119' title='bbox 970 1645 1067 1699; x_wconf 86' lang='lat' dir='ltr'><strong>tibi</strong></span> <span class='ocrx_word' id='word_1_120' title='bbox 1099 1646 1362 1699; x_wconf 80' lang='lat' dir='ltr'><strong>auxilium</strong></span> <span class='ocrx_word' id='word_1_121' title='bbox 1399 1662 1465 1699; x_wconf 82' lang='lat' dir='ltr'><strong>ex</strong></span> <span class='ocrx_word' id='word_1_122' title='bbox 1512 1646 1624 1699; x_wconf 93' lang='lat' dir='ltr'><strong>Deo</strong></span> <span class='ocrx_word' id='word_1_123' title='bbox 1653 1653 1736 1699; x_wconf 91' lang='lat' dir='ltr'><strong>est</strong></span> <span class='ocrx_word' id='word_1_124' title='bbox 1770 1662 1783 1710; x_wconf 92' lang='lat'>;</span> <span class='ocrx_word' id='word_1_125' title='bbox 1825 1645 2029 1714; x_wconf 88' lang='lat' dir='ltr'><strong>quibus</strong></span> 
     </span>
    </p>
   </div>
   <div class='ocr_carea' id='block_1_21' title="bbox 456 1736 2029 1804">
    <p class='ocr_par' dir='ltr' id='par_1_21' title="bbox 456 1736 2029 1804">
     <span class='ocr_line' id='line_1_21' title="bbox 456 1736 2029 1804; baseline -0.001 -16"><span class='ocrx_word' id='word_1_126' title='bbox 456 1745 512 1788; x_wconf 88' lang='lat' dir='ltr'><strong>et</strong></span> <span class='ocrx_word' id='word_1_127' title='bbox 546 1736 917 1799; x_wconf 87' lang='lat' dir='ltr'><strong>ascensiones,</strong></span> <span class='ocrx_word' id='word_1_128' title='bbox 950 1736 1027 1788; x_wconf 89' lang='lat' dir='ltr'><strong>uti</strong></span> <span class='ocrx_word' id='word_1_129' title='bbox 1077 1736 1343 1804; x_wconf 85' lang='lat' dir='ltr'><strong>scriptum</strong></span> <span class='ocrx_word' id='word_1_130' title='bbox 1396 1736 1572 1799; x_wconf 81' lang='lat' dir='ltr'><strong>est&quot;,</strong></span> <span class='ocrx_word' id='word_1_131' title='bbox 1618 1736 1671 1789; x_wconf 88' lang='lat' dir='ltr'><strong>in</strong></span> <span class='ocrx_word' id='word_1_132' title='bbox 1721 1736 1886 1790; x_wconf 86' lang='lat' dir='ltr'><strong>corde</strong></span> <span class='ocrx_word' id='word_1_133' title='bbox 1934 1743 2029 1788; x_wconf 93' lang='lat' dir='ltr'><strong>tuo</strong></span> 
     </span>
    </p>
   </div>
   <div class='ocr_carea' id='block_1_22' title="bbox 458 1824 2028 1897">
    <p class='ocr_par' dir='ltr' id='par_1_22' title="bbox 458 1824 2028 1897">
     <span class='ocr_line' id='line_1_22' title="bbox 458 1824 2028 1897; baseline 0.001 -19"><span class='ocrx_word' id='word_1_134' title='bbox 458 1824 816 1893; x_wconf 88' lang='lat' dir='ltr'><strong>disposueris,</strong></span> <span class='ocrx_word' id='word_1_135' title='bbox 851 1832 1015 1893; x_wconf 85' lang='lat' dir='ltr'><strong>atque</strong></span> <span class='ocrx_word' id='word_1_136' title='bbox 1050 1826 1105 1878; x_wconf 91' lang='lat' dir='ltr'><strong>in</strong></span> <span class='ocrx_word' id='word_1_137' title='bbox 1138 1826 1275 1878; x_wconf 86' lang='lat' dir='ltr'><strong>valle</strong></span> <span class='ocrx_word' id='word_1_138' title='bbox 1301 1825 1621 1893; x_wconf 85' lang='lat' dir='ltr'><strong>plorationis</strong></span> <span class='ocrx_word' id='word_1_139' title='bbox 1650 1826 1886 1897; x_wconf 88' lang='lat' dir='ltr'><strong>(humili</strong></span> <span class='ocrx_word' id='word_1_140' title='bbox 1916 1826 2028 1880; x_wconf 85' lang='lat' dir='ltr'><strong>sci-</strong></span> 
     </span>
    </p>
   </div>
   <div class='ocr_carea' id='block_1_23' title="bbox 459 1915 2031 1986">
    <p class='ocr_par' dir='ltr' id='par_1_23' title="bbox 459 1915 2031 1986">
     <span class='ocr_line' id='line_1_23' title="bbox 459 1915 2031 1986; baseline 0 -17"><span class='ocrx_word' id='word_1_141' title='bbox 459 1917 587 1969; x_wconf 88' lang='lat' dir='ltr'><strong>licet</strong></span> <span class='ocrx_word' id='word_1_142' title='bbox 606 1930 670 1970; x_wconf 86' lang='lat' dir='ltr'><strong>ac</strong></span> <span class='ocrx_word' id='word_1_143' title='bbox 703 1924 1032 1984; x_wconf 88' lang='lat' dir='ltr'><strong>compuneto</strong></span> <span class='ocrx_word' id='word_1_144' title='bbox 1064 1915 1268 1984; x_wconf 90' lang='lat' dir='ltr'><strong>animo)</strong></span> <span class='ocrx_word' id='word_1_145' title='bbox 1302 1916 1473 1986; x_wconf 85' lang='lat' dir='ltr'><strong>ipsius</strong></span> <span class='ocrx_word' id='word_1_146' title='bbox 1505 1916 1556 1969; x_wconf 94' lang='lat' dir='ltr'><strong>in</strong></span> <span class='ocrx_word' id='word_1_147' title='bbox 1595 1924 1647 1971; x_wconf 91' lang='lat' dir='ltr'><strong>te</strong></span> <span class='ocrx_word' id='word_1_148' title='bbox 1686 1916 2031 1984; x_wconf 88' lang='lat' dir='ltr'><strong>disponentis</strong></span> 
     </span>
    </p>
   </div>
   <div class='ocr_carea' id='block_1_24' title="bbox 459 2006 2033 2077">
    <p class='ocr_par' dir='ltr' id='par_1_24' title="bbox 459 2006 2033 2077">
     <span class='ocr_line' id='line_1_24' title="bbox 459 2006 2033 2077; baseline 0 -17"><span class='ocrx_word' id='word_1_149' title='bbox 459 2022 521 2060; x_wconf 85' lang='lat' dir='ltr'><strong>ac</strong></span> <span class='ocrx_word' id='word_1_150' title='bbox 548 2007 663 2075; x_wconf 91' lang='lat' dir='ltr'><strong>lege</strong></span> <span class='ocrx_word' id='word_1_151' title='bbox 690 2006 990 2060; x_wconf 85' lang='lat' dir='ltr'><strong>sancientis</strong></span> <span class='ocrx_word' id='word_1_152' title='bbox 1028 2007 1508 2061; x_wconf 85' lang='lat' dir='ltr'><strong>benedictionibus</strong></span> <span class='ocrx_word' id='word_1_153' title='bbox 1535 2011 1826 2077; x_wconf 86' lang='lat' dir='ltr'><strong>susceptis,</strong></span> <span class='ocrx_word' id='word_1_154' title='bbox 1854 2007 2033 2061; x_wconf 90' lang='lat' dir='ltr'><strong>subli-</strong></span> 
     </span>
    </p>
   </div>
   <div class='ocr_carea' id='block_1_25' title="bbox 462 2096 2033 2169">
    <p class='ocr_par' dir='ltr' id='par_1_25' title="bbox 462 2096 2033 2169">
     <span class='ocr_line' id='line_1_25' title="bbox 462 2096 2033 2169; baseline 0.002 -19"><span class='ocrx_word' id='word_1_155' title='bbox 462 2097 536 2150; x_wconf 89' lang='lat' dir='ltr'><strong>mi</strong></span> <span class='ocrx_word' id='word_1_156' title='bbox 565 2112 797 2151; x_wconf 90' lang='lat' dir='ltr'><strong>asccnsu</strong></span> <span class='ocrx_word' id='word_1_157' title='bbox 836 2096 903 2151; x_wconf 90' lang='lat' dir='ltr'><strong>de</strong></span> <span class='ocrx_word' id='word_1_158' title='bbox 946 2099 1150 2152; x_wconf 89' lang='lat' dir='ltr'><strong>virtute</strong></span> <span class='ocrx_word' id='word_1_159' title='bbox 1185 2098 1252 2151; x_wconf 89' lang='lat' dir='ltr'><strong>ad</strong></span> <span class='ocrx_word' id='word_1_160' title='bbox 1301 2098 1673 2168; x_wconf 90' lang='lat' dir='ltr'><strong>apostolorum</strong></span> <span class='ocrx_word' id='word_1_161' title='bbox 1716 2114 2033 2169; x_wconf 89' lang='lat' dir='ltr'><strong>supremum</strong></span> 
     </span>
    </p>
   </div>
   <div class='ocr_carea' id='block_1_26' title="bbox 464 2190 2038 2259">
    <p class='ocr_par' dir='ltr' id='par_1_26' title="bbox 464 2190 2038 2259">
     <span class='ocr_line' id='line_1_26' title="bbox 464 2190 2038 2259; baseline 0.001 -16"><span class='ocrx_word' id='word_1_162' title='bbox 464 2190 713 2243; x_wconf 84' lang='lat' dir='ltr'><strong>ordinem</strong></span> <span class='ocrx_word' id='word_1_163' title='bbox 739 2191 980 2245; x_wconf 82' lang='lat' dir='ltr'><strong>evaseris</strong></span> <span class='ocrx_word' id='word_1_164' title='bbox 1004 2208 1020 2256; x_wconf 86' lang='lat'><strong>;</strong></span> <span class='ocrx_word' id='word_1_165' title='bbox 1047 2191 1249 2259; x_wconf 90' lang='lat' dir='ltr'><strong>quibus</strong></span> <span class='ocrx_word' id='word_1_166' title='bbox 1270 2191 1433 2244; x_wconf 84' lang='lat' dir='ltr'><strong>etiam</strong></span> <span class='ocrx_word' id='word_1_167' title='bbox 1463 2190 1605 2244; x_wconf 88' lang='lat' dir='ltr'><strong>Deus</strong></span> <span class='ocrx_word' id='word_1_168' title='bbox 1626 2190 1853 2245; x_wconf 90' lang='lat' dir='ltr'><strong>deorum</strong></span> <span class='ocrx_word' id='word_1_169' title='bbox 1886 2190 2038 2244; x_wconf 85' lang='lat' dir='ltr'><strong>velut</strong></span> 
     </span>
    </p>
   </div>
   <div class='ocr_carea' id='block_1_27' title="bbox 464 2282 2073 2353">
    <p class='ocr_par' dir='ltr' id='par_1_27' title="bbox 464 2282 2073 2353">
     <span class='ocr_line' id='line_1_27' title="bbox 464 2282 2073 2353; baseline 0.002 -18"><span class='ocrx_word' id='word_1_170' title='bbox 464 2282 518 2335; x_wconf 88' lang='lat' dir='ltr'><strong>in</strong></span> <span class='ocrx_word' id='word_1_171' title='bbox 556 2283 769 2337; x_wconf 80' lang='lat' dir='ltr'><strong>excelsa</strong></span> <span class='ocrx_word' id='word_1_172' title='bbox 801 2283 1121 2353; x_wconf 69' lang='lat' dir='ltr'><strong>caelestique</strong></span> <span class='ocrx_word' id='word_1_173' title='bbox 1167 2284 1332 2339; x_wconf 86' lang='lat' dir='ltr'><strong>Sione</strong></span> <span class='ocrx_word' id='word_1_174' title='bbox 1383 2283 1809 2353; x_wconf 88' lang='lat' dir='ltr'><strong>(contemplante</strong></span> <span class='ocrx_word' id='word_1_175' title='bbox 1854 2284 2073 2338; x_wconf 79' lang='lat' dir='ltr'><strong>anim0‘</strong></span> 
     </span>
    </p>
   </div>
   <div class='ocr_carea' id='block_1_28' title="bbox 464 2376 893 2442">
    <p class='ocr_par' dir='ltr' id='par_1_28' title="bbox 464 2376 893 2442">
     <span class='ocr_line' id='line_1_28' title="bbox 464 2376 893 2442; baseline 0 -15"><span class='ocrx_word' id='word_1_176' title='bbox 464 2377 580 2442; x_wconf 89' lang='lat' dir='ltr'><strong>tuo)</strong></span> <span class='ocrx_word' id='word_1_177' title='bbox 623 2376 893 2430; x_wconf 90' lang='lat' dir='ltr'><strong>cernitur.</strong></span> 
     </span>
    </p>
   </div>
   <div class='ocr_carea' id='block_1_29' title="bbox 542 2465 2039 2538">
    <p class='ocr_par' dir='ltr' id='par_1_29' title="bbox 542 2465 2039 2538">
     <span class='ocr_line' id='line_1_29' title="bbox 542 2465 2039 2538; baseline -0.003 -14"><span class='ocrx_word' id='word_1_178' title='bbox 542 2468 699 2524; x_wconf 89' lang='lat' dir='ltr'><strong>Salve</strong></span> <span class='ocrx_word' id='word_1_179' title='bbox 745 2469 820 2523; x_wconf 87' lang='lat' dir='ltr'><strong>sis</strong></span> <span class='ocrx_word' id='word_1_180' title='bbox 846 2484 910 2523; x_wconf 89' lang='lat' dir='ltr'><strong>ac</strong></span> <span class='ocrx_word' id='word_1_181' title='bbox 942 2467 1139 2538; x_wconf 80' lang='lat' dir='ltr'><strong>gaude,</strong></span> <span class='ocrx_word' id='word_1_182' title='bbox 1167 2466 1366 2520; x_wconf 76' lang='lat' dir='ltr'><strong>Mathia</strong></span> <span class='ocrx_word' id='word_1_183' title='bbox 1396 2465 1706 2519; x_wconf 86' lang='lat' dir='ltr'><strong>venerande</strong></span> <span class='ocrx_word' id='word_1_184' title='bbox 1741 2472 2039 2534; x_wconf 83' lang='lat' dir='ltr'><strong>sancteque</strong></span> 
     </span>
    </p>
   </div>
   <div class='ocr_carea' id='block_1_30' title="bbox 464 2555 2040 2627">
    <p class='ocr_par' dir='ltr' id='par_1_30' title="bbox 464 2555 2040 2627">
     <span class='ocr_line' id='line_1_30' title="bbox 464 2555 2040 2627; baseline -0.004 -12"><span class='ocrx_word' id='word_1_185' title='bbox 464 2576 529 2615; x_wconf 86' lang='lat' dir='ltr'><strong>ac</strong></span> <span class='ocrx_word' id='word_1_186' title='bbox 571 2559 913 2622; x_wconf 84' lang='lat' dir='ltr'><strong>admirande,</strong></span> <span class='ocrx_word' id='word_1_187' title='bbox 970 2558 1117 2627; x_wconf 92' lang='lat' dir='ltr'><strong>quod</strong></span> <span class='ocrx_word' id='word_1_188' title='bbox 1179 2558 1232 2611; x_wconf 90' lang='lat' dir='ltr'><strong>in</strong></span> <span class='ocrx_word' id='word_1_189' title='bbox 1287 2556 1612 2611; x_wconf 84' lang='lat' dir='ltr'><strong>crudivoros</strong></span> <span class='ocrx_word' id='word_1_190' title='bbox 1660 2555 1793 2611; x_wconf 83' lang='lat' dir='ltr'><strong>feris</strong></span> <span class='ocrx_word' id='word_1_191' title='bbox 1850 2556 2040 2610; x_wconf 87' lang='lat' dir='ltr'><strong>bestiis</strong></span> 
     </span>
    </p>
   </div>
   <div class='ocr_carea' id='block_1_31' title="bbox 465 2646 2041 2718">
    <p class='ocr_par' dir='ltr' id='par_1_31' title="bbox 465 2646 2041 2718">
     <span class='ocr_line' id='line_1_31' title="bbox 465 2646 2041 2718; baseline -0.004 -13"><span class='ocrx_word' id='word_1_192' title='bbox 465 2650 805 2706; x_wconf 87' lang='lat' dir='ltr'><strong>crudeliores</strong></span> <span class='ocrx_word' id='word_1_193' title='bbox 840 2664 965 2703; x_wconf 90' lang='lat' dir='ltr'><strong>cum</strong></span> <span class='ocrx_word' id='word_1_194' title='bbox 1007 2648 1303 2718; x_wconf 85' lang='lat' dir='ltr'><strong>aliquando</strong></span> <span class='ocrx_word' id='word_1_195' title='bbox 1342 2647 1631 2701; x_wconf 90' lang='lat' dir='ltr'><strong>incidisses</strong></span> <span class='ocrx_word' id='word_1_196' title='bbox 1658 2687 1672 2712; x_wconf 94' lang='lat'><strong>,</strong></span> <span class='ocrx_word' id='word_1_197' title='bbox 1712 2646 2041 2715; x_wconf 90' lang='lat' dir='ltr'><strong>claususque</strong></span> 
     </span>
    </p>
   </div>
   <div class='ocr_carea' id='block_1_32' title="bbox 466 2737 2041 2808">
    <p class='ocr_par' dir='ltr' id='par_1_32' title="bbox 466 2737 2041 2808">
     <span class='ocr_line' id='line_1_32' title="bbox 466 2737 2041 2808; baseline -0.004 -12"><span class='ocrx_word' id='word_1_198' title='bbox 466 2758 687 2797; x_wconf 83' lang='lat' dir='ltr'><strong>carcere</strong></span> <span class='ocrx_word' id='word_1_199' title='bbox 707 2751 762 2795; x_wconf 90' lang='lat' dir='ltr'><strong>et</strong></span> <span class='ocrx_word' id='word_1_200' title='bbox 790 2741 843 2794; x_wconf 93' lang='lat' dir='ltr'><strong>in</strong></span> <span class='ocrx_word' id='word_1_201' title='bbox 871 2740 1116 2794; x_wconf 84' lang='lat' dir='ltr'><strong>tenebris</strong></span> <span class='ocrx_word' id='word_1_202' title='bbox 1144 2754 1315 2802; x_wconf 87' lang='lat' dir='ltr'><strong>esses,</strong></span> <span class='ocrx_word' id='word_1_203' title='bbox 1342 2740 1559 2808; x_wconf 91' lang='lat' dir='ltr'><strong>impuro</strong></span> <span class='ocrx_word' id='word_1_204' title='bbox 1585 2738 1846 2793; x_wconf 80' lang='lat' dir='ltr'><strong>nimirum</strong></span> <span class='ocrx_word' id='word_1_205' title='bbox 1867 2737 2041 2791; x_wconf 86' lang='lat' dir='ltr'><strong>scele-</strong></span> 
     </span>
    </p>
   </div>
   <div class='ocr_carea' id='block_1_33' title="bbox 466 2830 2042 2904">
    <p class='ocr_par' dir='ltr' id='par_1_33' title="bbox 466 2830 2042 2904">
     <span class='ocr_line' id='line_1_33' title="bbox 466 2830 2042 2904; baseline -0.004 -14"><span class='ocrx_word' id='word_1_206' title='bbox 466 2836 819 2904; x_wconf 85' lang='lat' dir='ltr'><strong>stissimoque</strong></span> <span class='ocrx_word' id='word_1_207' title='bbox 850 2844 1101 2887; x_wconf 88' lang='lat' dir='ltr'><strong>servatus</strong></span> <span class='ocrx_word' id='word_1_208' title='bbox 1132 2831 1408 2894; x_wconf 89' lang='lat' dir='ltr'><strong>convivio,</strong></span> <span class='ocrx_word' id='word_1_209' title='bbox 1444 2830 1668 2885; x_wconf 90' lang='lat' dir='ltr'><strong>minime</strong></span> <span class='ocrx_word' id='word_1_210' title='bbox 1698 2832 1766 2885; x_wconf 90' lang='lat' dir='ltr'><strong>ab</strong></span> <span class='ocrx_word' id='word_1_211' title='bbox 1796 2831 1877 2885; x_wconf 89' lang='lat' dir='ltr'><strong>eis</strong></span> <span class='ocrx_word' id='word_1_212' title='bbox 1908 2845 2042 2884; x_wconf 91' lang='lat' dir='ltr'><strong>con-</strong></span> 
     </span>
    </p>
   </div>
   <div class='ocr_carea' id='block_1_34' title="bbox 468 2923 2043 2995">
    <p class='ocr_par' dir='ltr' id='par_1_34' title="bbox 468 2923 2043 2995">
     <span class='ocr_line' id='line_1_34' title="bbox 468 2923 2043 2995; baseline -0.003 -15"><span class='ocrx_word' id='word_1_213' title='bbox 468 2935 720 2995; x_wconf 88' lang='lat' dir='ltr'><strong>sumptus</strong></span> <span class='ocrx_word' id='word_1_214' title='bbox 749 2940 829 2988; x_wconf 90' lang='lat' dir='ltr'><strong>es,</strong></span> <span class='ocrx_word' id='word_1_215' title='bbox 864 2923 961 2979; x_wconf 87' lang='lat' dir='ltr'><strong>sed</strong></span> <span class='ocrx_word' id='word_1_216' title='bbox 1001 2923 1380 2994; x_wconf 85' lang='lat' dir='ltr'><strong>benignissimi</strong></span> <span class='ocrx_word' id='word_1_217' title='bbox 1423 2923 1515 2977; x_wconf 91' lang='lat' dir='ltr'><strong>Dei</strong></span> <span class='ocrx_word' id='word_1_218' title='bbox 1563 2923 1797 2993; x_wconf 86' lang='lat' dir='ltr'><strong>benigna</strong></span> <span class='ocrx_word' id='word_1_219' title='bbox 1857 2923 2043 2992; x_wconf 88' lang='lat' dir='ltr'><strong>provi-</strong></span> 
     </span>
    </p>
   </div>
   <div class='ocr_carea' id='block_1_35' title="bbox 466 3016 2044 3088">
    <p class='ocr_par' dir='ltr' id='par_1_35' title="bbox 466 3016 2044 3088">
     <span class='ocr_line' id='line_1_35' title="bbox 466 3016 2044 3088; baseline -0.002 -15"><span class='ocrx_word' id='word_1_220' title='bbox 466 3020 651 3073; x_wconf 87' lang='lat' dir='ltr'><strong>dentia</strong></span> <span class='ocrx_word' id='word_1_221' title='bbox 683 3027 848 3088; x_wconf 91' lang='lat' dir='ltr'><strong>atque</strong></span> <span class='ocrx_word' id='word_1_222' title='bbox 880 3018 1125 3078; x_wconf 85' lang='lat' dir='ltr'><strong>numine,</strong></span> <span class='ocrx_word' id='word_1_223' title='bbox 1169 3016 1568 3072; x_wconf 86' lang='lat' dir='ltr'><strong>homicidarum</strong></span> <span class='ocrx_word' id='word_1_224' title='bbox 1608 3016 1756 3070; x_wconf 90' lang='lat' dir='ltr'><strong>omni</strong></span> <span class='ocrx_word' id='word_1_225' title='bbox 1795 3016 2044 3071; x_wconf 87' lang='lat' dir='ltr'><strong>molestia</strong></span> 
     </span>
    </p>
   </div>
   <div class='ocr_carea' id='block_1_36' title="bbox 466 3108 2045 3178">
    <p class='ocr_par' dir='ltr' id='par_1_36' title="bbox 466 3108 2045 3178">
     <span class='ocr_line' id='line_1_36' title="bbox 466 3108 2045 3178; baseline -0.003 -12"><span class='ocrx_word' id='word_1_226' title='bbox 466 3112 732 3166; x_wconf 73' lang='lat' dir='ltr'><strong>liberatus</strong></span> <span class='ocrx_word' id='word_1_227' title='bbox 769 3128 843 3165; x_wconf 91' lang='lat' dir='ltr'><strong>es.</strong></span> <span class='ocrx_word' id='word_1_228' title='bbox 899 3108 1086 3164; x_wconf 87' lang='lat' dir='ltr'><strong>Gaude</strong></span> <span class='ocrx_word' id='word_1_229' title='bbox 1133 3118 1189 3163; x_wconf 91' lang='lat' dir='ltr'><strong>et</strong></span> <span class='ocrx_word' id='word_1_230' title='bbox 1233 3109 1471 3173; x_wconf 85' lang='lat' dir='ltr'><strong>exsulta,</strong></span> <span class='ocrx_word' id='word_1_231' title='bbox 1517 3108 1661 3178; x_wconf 91' lang='lat' dir='ltr'><strong>quod</strong></span> <span class='ocrx_word' id='word_1_232' title='bbox 1710 3123 1807 3178; x_wconf 91' lang='lat' dir='ltr'><strong>per</strong></span> <span class='ocrx_word' id='word_1_233' title='bbox 1847 3108 2045 3161; x_wconf 87' lang='lat' dir='ltr'><strong>multas</strong></span> 
     </span>
    </p>
   </div>
   <div class='ocr_carea' id='block_1_37' title="bbox 2121 997 3708 1076">
    <p class='ocr_par' dir='ltr' id='par_1_37' title="bbox 2121 997 3708 1076">
     <span class='ocr_line' id='line_1_37' title="bbox 2121 997 3708 1076; baseline -0.013 -7"><span class='ocrx_word' id='word_1_234' title='bbox 2121 1005 2218 1076; x_wconf 81' lang='grc' dir='ltr'>ξης</span> <span class='ocrx_word' id='word_1_235' title='bbox 2266 1005 2642 1074; x_wconf 66' lang='grc' dir='ltr'>ἐμφανισθεὶς.</span> <span class='ocrx_word' id='word_1_236' title='bbox 2702 1006 2799 1072; x_wconf 76' lang='grc' dir='ltr'>τῆς</span> <span class='ocrx_word' id='word_1_237' title='bbox 2848 1004 3128 1073; x_wconf 79' lang='grc' dir='ltr'>ἀφράστου</span> <span class='ocrx_word' id='word_1_238' title='bbox 3182 1000 3581 1071; x_wconf 77' lang='grc' dir='ltr'><strong>μακαριότητος</strong></span> <span class='ocrx_word' id='word_1_239' title='bbox 3609 997 3708 1050; x_wconf 75' lang='grc' dir='ltr'><strong>καὶ</strong></span> 
     </span>
    </p>
   </div>
   <div class='ocr_carea' id='block_1_38' title="bbox 2121 1088 3722 1178">
    <p class='ocr_par' dir='ltr' id='par_1_38' title="bbox 2121 1088 3722 1178">
     <span class='ocr_line' id='line_1_38' title="bbox 2121 1088 3722 1178; baseline -0.005 -31"><span class='ocrx_word' id='word_1_240' title='bbox 2121 1096 2482 1165; x_wconf 86' lang='grc' dir='ltr'>γλυκύτητος.</span> <span class='ocrx_word' id='word_1_241' title='bbox 2508 1098 2603 1150; x_wconf 71' lang='grc' dir='ltr'>καὶ</span> <span class='ocrx_word' id='word_1_242' title='bbox 2624 1098 2720 1165; x_wconf 80' lang='grc' dir='ltr'>τῆς</span> <span class='ocrx_word' id='word_1_243' title='bbox 2745 1096 3007 1149; x_wconf 74' lang='grc' dir='ltr'><strong>ἐνδοτάτω</strong></span> <span class='ocrx_word' id='word_1_244' title='bbox 3037 1093 3409 1154; x_wconf 71' lang='grc' dir='ltr'>κατακλίσεως</span> <span class='ocrx_word' id='word_1_245' title='bbox 3437 1090 3574 1178; x_wconf 57' lang='grc' dir='ltr'>μετα</span> <span class='ocrx_word' id='word_1_246' title='bbox 3596 1088 3722 1140; x_wconf 58' lang='grc' dir='ltr'><strong>τῶνι</strong></span> 
     </span>
    </p>
   </div>
   <div class='ocr_carea' id='block_1_39' title="bbox 2124 1186 3324 1258">
    <p class='ocr_par' dir='ltr' id='par_1_39' title="bbox 2124 1186 3324 1258">
     <span class='ocr_line' id='line_1_39' title="bbox 2124 1186 3324 1258; baseline -0.001 -17"><span class='ocrx_word' id='word_1_247' title='bbox 2124 1190 2483 1258; x_wconf 83' lang='grc' dir='ltr'><strong>πρωτοτόκων</strong></span> <span class='ocrx_word' id='word_1_248' title='bbox 2506 1188 2599 1242; x_wconf 88' lang='grc' dir='ltr'><strong>τοῦ</strong></span> <span class='ocrx_word' id='word_1_249' title='bbox 2633 1189 2768 1242; x_wconf 90' lang='grc' dir='ltr'>Θεοῦ</span> <span class='ocrx_word' id='word_1_250' title='bbox 2798 1186 3143 1258; x_wconf 76' lang='grc' dir='ltr'>κατηξιώθης</span> <span class='ocrx_word' id='word_1_251' title='bbox 3174 1186 3324 1240; x_wconf 64' lang='grc' dir='ltr'><strong>υίὼνπ⁵</strong></span> 
     </span>
    </p>
   </div>
   <div class='ocr_carea' id='block_1_40' title="bbox 2198 1364 3717 1443">
    <p class='ocr_par' dir='ltr' id='par_1_40' title="bbox 2198 1364 3717 1443">
     <span class='ocr_line' id='line_1_40' title="bbox 2198 1364 3717 1443; baseline -0.006 -17"><span class='ocrx_word' id='word_1_252' title='bbox 2198 1373 2368 1443; x_wconf 75' lang='grc' dir='ltr'>Χαῖρε</span> <span class='ocrx_word' id='word_1_253' title='bbox 2400 1390 2488 1442; x_wconf 90' lang='grc' dir='ltr'><strong>μοι</strong></span> <span class='ocrx_word' id='word_1_254' title='bbox 2526 1371 2839 1441; x_wconf 81' lang='grc' dir='ltr'>τοιγαροῦν,</span> <span class='ocrx_word' id='word_1_255' title='bbox 2874 1364 2919 1425; x_wconf 78' lang='grc' dir='ltr'><strong>ὦ</strong></span> <span class='ocrx_word' id='word_1_256' title='bbox 2953 1370 3245 1424; x_wconf 84' lang='grc' dir='ltr'>σεπτότατε</span> <span class='ocrx_word' id='word_1_257' title='bbox 3282 1369 3374 1421; x_wconf 69' lang='grc' dir='ltr'>καὶ</span> <span class='ocrx_word' id='word_1_258' title='bbox 3404 1366 3717 1420; x_wconf 81' lang='grc' dir='ltr'>τελειότατε</span> 
     </span>
    </p>
   </div>
   <div class='ocr_carea' id='block_1_41' title="bbox 2128 1456 3711 1535">
    <p class='ocr_par' dir='ltr' id='par_1_41' title="bbox 2128 1456 3711 1535">
     <span class='ocr_line' id='line_1_41' title="bbox 2128 1456 3711 1535; baseline -0.006 -17"><span class='ocrx_word' id='word_1_259' title='bbox 2128 1465 2306 1535; x_wconf 81' lang='grc' dir='ltr'>κήρυξ</span> <span class='ocrx_word' id='word_1_260' title='bbox 2363 1464 2457 1517; x_wconf 76' lang='grc' dir='ltr'>καὶ</span> <span class='ocrx_word' id='word_1_261' title='bbox 2506 1463 2746 1533; x_wconf 69' lang='grc' dir='ltr'>μαθητὰ,</span> <span class='ocrx_word' id='word_1_262' title='bbox 2783 1464 2864 1515; x_wconf 84' lang='grc' dir='ltr'>ὃτι</span> <span class='ocrx_word' id='word_1_263' title='bbox 2916 1463 3015 1531; x_wconf 82' lang='grc' dir='ltr'>τῆς</span> <span class='ocrx_word' id='word_1_264' title='bbox 3062 1462 3321 1515; x_wconf 79' lang='grc' dir='ltr'><strong>ἀνωτάτω</strong></span> <span class='ocrx_word' id='word_1_265' title='bbox 3353 1461 3446 1511; x_wconf 78' lang='grc' dir='ltr'><strong>καὶ</strong></span> <span class='ocrx_word' id='word_1_266' title='bbox 3485 1456 3711 1528; x_wconf 82' lang='grc' dir='ltr'>πρώτης</span> 
     </span>
    </p>
   </div>
   <div class='ocr_carea' id='block_1_42' title="bbox 2127 1551 3717 1625">
    <p class='ocr_par' dir='ltr' id='par_1_42' title="bbox 2127 1551 3717 1625">
     <span class='ocr_line' id='line_1_42' title="bbox 2127 1551 3717 1625; baseline -0.006 -15"><span class='ocrx_word' id='word_1_267' title='bbox 2127 1557 2232 1610; x_wconf 83' lang='grc' dir='ltr'><strong>τῶν</strong></span> <span class='ocrx_word' id='word_1_268' title='bbox 2259 1557 2428 1625; x_wconf 83' lang='grc' dir='ltr'>ἁγίων</span> <span class='ocrx_word' id='word_1_269' title='bbox 2459 1556 2664 1620; x_wconf 77' lang='grc' dir='ltr'>τάξεως</span> <span class='ocrx_word' id='word_1_270' title='bbox 2684 1555 2750 1608; x_wconf 83' lang='grc' dir='ltr'>δι“</span> <span class='ocrx_word' id='word_1_271' title='bbox 2789 1554 3093 1625; x_wconf 82' lang='grc' dir='ltr'>ὑπερϐολὴν</span> <span class='ocrx_word' id='word_1_272' title='bbox 3121 1554 3404 1621; x_wconf 80' lang='grc' dir='ltr'>ἁγιότητος</span> <span class='ocrx_word' id='word_1_273' title='bbox 3439 1551 3717 1617; x_wconf 81' lang='grc' dir='ltr'>κατηξιώ-</span> 
     </span>
    </p>
   </div>
   <div class='ocr_carea' id='block_1_43' title="bbox 2131 1637 3717 1719">
    <p class='ocr_par' dir='ltr' id='par_1_43' title="bbox 2131 1637 3717 1719">
     <span class='ocr_line' id='line_1_43' title="bbox 2131 1637 3717 1719; baseline -0.006 -18"><span class='ocrx_word' id='word_1_274' title='bbox 2131 1648 2250 1717; x_wconf 85' lang='grc' dir='ltr'>θης.</span> <span class='ocrx_word' id='word_1_275' title='bbox 2278 1651 2450 1719; x_wconf 78' lang='grc' dir='ltr'>Χαῖρε</span> <span class='ocrx_word' id='word_1_276' title='bbox 2471 1651 2553 1703; x_wconf 80' lang='grc' dir='ltr'>ὅτι</span> <span class='ocrx_word' id='word_1_277' title='bbox 2579 1648 2695 1701; x_wconf 79' lang='grc' dir='ltr'>ἐστι</span> <span class='ocrx_word' id='word_1_278' title='bbox 2728 1665 2808 1700; x_wconf 83' lang='grc' dir='ltr'><strong>σοι</strong></span> <span class='ocrx_word' id='word_1_279' title='bbox 2838 1647 3123 1715; x_wconf 75' lang='grc' dir='ltr'>ἀντίληψις</span> <span class='ocrx_word' id='word_1_280' title='bbox 3155 1645 3287 1717; x_wconf 76' lang='grc' dir='ltr'>πρὸς</span> <span class='ocrx_word' id='word_1_281' title='bbox 3317 1644 3467 1708; x_wconf 75' lang='grc' dir='ltr'>Θεὸν,</span> <span class='ocrx_word' id='word_1_282' title='bbox 3505 1637 3586 1705; x_wconf 74' lang='grc' dir='ltr'>οἷς</span> <span class='ocrx_word' id='word_1_283' title='bbox 3619 1643 3717 1694; x_wconf 77' lang='grc' dir='ltr'><strong>καὶ</strong></span> 
     </span>
    </p>
   </div>
   <div class='ocr_carea' id='block_1_44' title="bbox 2131 1734 3720 1809">
    <p class='ocr_par' dir='ltr' id='par_1_44' title="bbox 2131 1734 3720 1809">
     <span class='ocr_line' id='line_1_44' title="bbox 2131 1734 3720 1809; baseline -0.007 -14"><span class='ocrx_word' id='word_1_284' title='bbox 2131 1741 2445 1805; x_wconf 78' lang='grc' dir='ltr'>ἀναϐάσεις,</span> <span class='ocrx_word' id='word_1_285' title='bbox 2475 1741 2549 1803; x_wconf 84' lang='grc' dir='ltr'>ὠς</span> <span class='ocrx_word' id='word_1_286' title='bbox 2579 1740 2913 1809; x_wconf 84' lang='grc' dir='ltr'>γέγραπται,</span> <span class='ocrx_word' id='word_1_287' title='bbox 2944 1741 3009 1809; x_wconf 79' lang='grc' dir='ltr'><strong>τῇ</strong></span> <span class='ocrx_word' id='word_1_288' title='bbox 3033 1737 3232 1807; x_wconf 66' lang='grc' dir='ltr'><strong>καρδίᾳ⁵</strong></span> <span class='ocrx_word' id='word_1_289' title='bbox 3266 1754 3358 1788; x_wconf 79' lang='grc' dir='ltr'><strong>σου</strong></span> <span class='ocrx_word' id='word_1_290' title='bbox 3388 1735 3586 1798; x_wconf 82' lang='grc' dir='ltr'>διέθου,</span> <span class='ocrx_word' id='word_1_291' title='bbox 3619 1734 3720 1786; x_wconf 73' lang='grc' dir='ltr'><strong>καὶ</strong></span> 
     </span>
    </p>
   </div>
   <div class='ocr_carea' id='block_1_45' title="bbox 2132 1826 3721 1900">
    <p class='ocr_par' dir='ltr' id='par_1_45' title="bbox 2132 1826 3721 1900">
     <span class='ocr_line' id='line_1_45' title="bbox 2132 1826 3721 1900; baseline -0.004 -15"><span class='ocrx_word' id='word_1_292' title='bbox 2132 1835 2192 1887; x_wconf 84' lang='grc' dir='ltr'>ὲν</span> <span class='ocrx_word' id='word_1_293' title='bbox 2247 1833 2453 1887; x_wconf 83' lang='grc' dir='ltr'>κοιλάδι</span> <span class='ocrx_word' id='word_1_294' title='bbox 2510 1832 2605 1885; x_wconf 92' lang='grc' dir='ltr'><strong>τοῦ</strong></span> <span class='ocrx_word' id='word_1_295' title='bbox 2636 1830 3029 1899; x_wconf 86' lang='grc' dir='ltr'>κλαυθμῶνος,</span> <span class='ocrx_word' id='word_1_296' title='bbox 3063 1833 3130 1900; x_wconf 78' lang='grc' dir='ltr'>τῇ</span> <span class='ocrx_word' id='word_1_297' title='bbox 3176 1828 3563 1897; x_wconf 82' lang='grc' dir='ltr'>ταπεινόφρονι</span> <span class='ocrx_word' id='word_1_298' title='bbox 3617 1826 3721 1879; x_wconf 79' lang='grc' dir='ltr'>καὶ</span> 
     </span>
    </p>
   </div>
   <div class='ocr_carea' id='block_1_46' title="bbox 2135 1915 3721 1996">
    <p class='ocr_par' dir='ltr' id='par_1_46' title="bbox 2135 1915 3721 1996">
     <span class='ocr_line' id='line_1_46' title="bbox 2135 1915 3721 1996; baseline -0.008 -19"><span class='ocrx_word' id='word_1_299' title='bbox 2135 1924 2580 1996; x_wconf 82' lang='grc' dir='ltr'>κατανενυγμένῃ</span> <span class='ocrx_word' id='word_1_300' title='bbox 2612 1922 2841 1993; x_wconf 77' lang='grc' dir='ltr'>διανοίᾳ,</span> <span class='ocrx_word' id='word_1_301' title='bbox 2869 1920 2968 1984; x_wconf 86' lang='grc' dir='ltr'><strong>τάς</strong></span> <span class='ocrx_word' id='word_1_302' title='bbox 3002 1919 3251 1984; x_wconf 84' lang='grc' dir='ltr'>εὐλογίας</span> <span class='ocrx_word' id='word_1_303' title='bbox 3286 1917 3383 1970; x_wconf 87' lang='grc' dir='ltr'><strong>τοῦ</strong></span> <span class='ocrx_word' id='word_1_304' title='bbox 3414 1921 3470 1969; x_wconf 83' lang='grc' dir='ltr'>ἐν</span> <span class='ocrx_word' id='word_1_305' title='bbox 3493 1918 3575 1969; x_wconf 73' lang='grc' dir='ltr'>σοὶ</span> <span class='ocrx_word' id='word_1_306' title='bbox 3602 1915 3721 1966; x_wconf 85' lang='grc' dir='ltr'>δια-</span> 
     </span>
    </p>
   </div>
   <div class='ocr_carea' id='block_1_47' title="bbox 2131 2007 3716 2087">
    <p class='ocr_par' dir='ltr' id='par_1_47' title="bbox 2131 2007 3716 2087">
     <span class='ocr_line' id='line_1_47' title="bbox 2131 2007 3716 2087; baseline -0.007 -18"><span class='ocrx_word' id='word_1_307' title='bbox 2131 2017 2416 2087; x_wconf 78' lang='grc' dir='ltr'>τιθεμένου</span> <span class='ocrx_word' id='word_1_308' title='bbox 2444 2017 2540 2070; x_wconf 74' lang='grc' dir='ltr'>καὶ</span> <span class='ocrx_word' id='word_1_309' title='bbox 2563 2015 2979 2085; x_wconf 88' lang='grc' dir='ltr'>νομοθετοῦντος</span> <span class='ocrx_word' id='word_1_310' title='bbox 3019 2009 3499 2079; x_wconf 82' lang='grc' dir='ltr'>καταδεδεγμένος,</span> <span class='ocrx_word' id='word_1_311' title='bbox 3531 2009 3594 2060; x_wconf 80' lang='grc' dir='ltr'>ἐκ</span> <span class='ocrx_word' id='word_1_312' title='bbox 3625 2007 3716 2059; x_wconf 75' lang='grc' dir='ltr'>δυο</span> 
     </span>
    </p>
   </div>
   <div class='ocr_carea' id='block_1_48' title="bbox 2132 2099 3722 2177">
    <p class='ocr_par' dir='ltr' id='par_1_48' title="bbox 2132 2099 3722 2177">
     <span class='ocr_line' id='line_1_48' title="bbox 2132 2099 3722 2177; baseline -0.006 -16"><span class='ocrx_word' id='word_1_313' title='bbox 2132 2108 2348 2177; x_wconf 90' lang='grc' dir='ltr'>νάμεως</span> <span class='ocrx_word' id='word_1_314' title='bbox 2403 2106 2707 2177; x_wconf 77' lang='grc' dir='ltr'>ἑπορεύθης</span> <span class='ocrx_word' id='word_1_315' title='bbox 2757 2107 2836 2169; x_wconf 85' lang='grc' dir='ltr'><strong>εἰς</strong></span> <span class='ocrx_word' id='word_1_316' title='bbox 2886 2106 2985 2172; x_wconf 77' lang='grc' dir='ltr'>τὴν</span> <span class='ocrx_word' id='word_1_317' title='bbox 3032 2104 3345 2173; x_wconf 83' lang='grc' dir='ltr'>ὑπερτάτην</span> <span class='ocrx_word' id='word_1_318' title='bbox 3403 2101 3553 2165; x_wconf 77' lang='grc' dir='ltr'>τάξιν</span> <span class='ocrx_word' id='word_1_319' title='bbox 3606 2099 3722 2152; x_wconf 81' lang='grc' dir='ltr'><strong>τῶν</strong></span> 
     </span>
    </p>
   </div>
   <div class='ocr_carea' id='block_1_49' title="bbox 2134 2189 3720 2268">
    <p class='ocr_par' dir='ltr' id='par_1_49' title="bbox 2134 2189 3720 2268">
     <span class='ocr_line' id='line_1_49' title="bbox 2134 2189 3720 2268; baseline -0.006 -18"><span class='ocrx_word' id='word_1_320' title='bbox 2134 2198 2449 2251; x_wconf 80' lang='grc' dir='ltr'>ἀποστόλων</span> <span class='ocrx_word' id='word_1_321' title='bbox 2478 2196 2828 2268; x_wconf 75' lang='grc' dir='ltr'>προσαναϐάς</span> <span class='ocrx_word' id='word_1_322' title='bbox 2852 2213 2866 2225; x_wconf 77' lang='grc'><strong>’</strong></span> <span class='ocrx_word' id='word_1_323' title='bbox 2890 2190 2973 2258; x_wconf 77' lang='grc' dir='ltr'>οἷς</span> <span class='ocrx_word' id='word_1_324' title='bbox 3012 2195 3105 2247; x_wconf 78' lang='lat' dir='ltr'><strong>xal.</strong></span> <span class='ocrx_word' id='word_1_325' title='bbox 3132 2196 3161 2246; x_wconf 85' lang='grc' dir='ltr'><strong>ό</strong></span> <span class='ocrx_word' id='word_1_326' title='bbox 3189 2193 3320 2255; x_wconf 70' lang='grc' dir='ltr'>Θεὸς</span> <span class='ocrx_word' id='word_1_327' title='bbox 3344 2191 3451 2244; x_wconf 81' lang='grc' dir='ltr'><strong>τῶν</strong></span> <span class='ocrx_word' id='word_1_328' title='bbox 3479 2190 3618 2243; x_wconf 85' lang='grc' dir='ltr'>θεῶν</span> <span class='ocrx_word' id='word_1_329' title='bbox 3641 2189 3720 2251; x_wconf 86' lang='grc' dir='ltr'>ὠς</span> 
     </span>
    </p>
   </div>
   <div class='ocr_carea' id='block_1_50' title="bbox 2136 2286 3719 2359">
    <p class='ocr_par' dir='ltr' id='par_1_50' title="bbox 2136 2286 3719 2359">
     <span class='ocr_line' id='line_1_50' title="bbox 2136 2286 3719 2359; baseline -0.004 -17"><span class='ocrx_word' id='word_1_330' title='bbox 2136 2291 2194 2342; x_wconf 76' lang='grc' dir='ltr'>ὲν</span> <span class='ocrx_word' id='word_1_331' title='bbox 2220 2289 2397 2359; x_wconf 74' lang='grc' dir='ltr'>ὑψηλῇ</span> <span class='ocrx_word' id='word_1_332' title='bbox 2426 2290 2522 2341; x_wconf 67' lang='grc' dir='ltr'>καὶ</span> <span class='ocrx_word' id='word_1_333' title='bbox 2548 2288 2777 2359; x_wconf 76' lang='grc' dir='ltr'>οὐρανίᾳ</span> <span class='ocrx_word' id='word_1_334' title='bbox 2828 2287 2988 2355; x_wconf 85' lang='grc' dir='ltr'>Σιὼν,</span> <span class='ocrx_word' id='word_1_335' title='bbox 3015 2289 3080 2358; x_wconf 79' lang='grc' dir='ltr'><strong>τῇ</strong></span> <span class='ocrx_word' id='word_1_336' title='bbox 3125 2286 3587 2357; x_wconf 79' lang='grc' dir='ltr'>θεωρητικωτάτῃ</span> <span class='ocrx_word' id='word_1_337' title='bbox 3618 2300 3719 2335; x_wconf 88' lang='grc' dir='ltr'><strong>σου</strong></span> 
     </span>
    </p>
   </div>
   <div class='ocr_carea' id='block_1_51' title="bbox 2137 2380 2737 2452">
    <p class='ocr_par' dir='ltr' id='par_1_51' title="bbox 2137 2380 2737 2452">
     <span class='ocr_line' id='line_1_51' title="bbox 2137 2380 2737 2452; baseline -0.002 -17"><span class='ocrx_word' id='word_1_338' title='bbox 2137 2382 2491 2451; x_wconf 73' lang='grc' dir='ltr'>ἐμφανίζεται</span> <span class='ocrx_word' id='word_1_339' title='bbox 2521 2380 2737 2452; x_wconf 80' lang='grc' dir='ltr'>καρδίᾳ.</span> 
     </span>
    </p>
   </div>
   <div class='ocr_carea' id='block_1_52' title="bbox 2209 2471 3733 2545">
    <p class='ocr_par' dir='ltr' id='par_1_52' title="bbox 2209 2471 3733 2545">
     <span class='ocr_line' id='line_1_52' title="bbox 2209 2471 3733 2545; baseline -0.005 -17"><span class='ocrx_word' id='word_1_340' title='bbox 2209 2475 2404 2545; x_wconf 79' lang='grc' dir='ltr'>Χαῖρε,</span> <span class='ocrx_word' id='word_1_341' title='bbox 2420 2475 2604 2528; x_wconf 83' lang='grc' dir='ltr'>Μαθία</span> <span class='ocrx_word' id='word_1_342' title='bbox 2620 2475 2789 2541; x_wconf 86' lang='grc' dir='ltr'>τίμιε,</span> <span class='ocrx_word' id='word_1_343' title='bbox 2813 2474 2906 2526; x_wconf 65' lang='grc' dir='ltr'><strong>καὶ</strong></span> <span class='ocrx_word' id='word_1_344' title='bbox 2931 2473 3044 2542; x_wconf 58' lang='lat' dir='ltr'><strong>laps</strong></span> <span class='ocrx_word' id='word_1_345' title='bbox 3074 2472 3166 2526; x_wconf 61' lang='grc' dir='ltr'><strong>καὶ⁵</strong></span> <span class='ocrx_word' id='word_1_346' title='bbox 3184 2471 3472 2538; x_wconf 84' lang='grc' dir='ltr'>θαυμάσιε.</span> <span class='ocrx_word' id='word_1_347' title='bbox 3491 2471 3570 2523; x_wconf 79' lang='grc' dir='ltr'>ὅτι</span> <span class='ocrx_word' id='word_1_348' title='bbox 3604 2471 3733 2533; x_wconf 68' lang='grc' dir='ltr'>τοῖς</span> 
     </span>
    </p>
   </div>
   <div class='ocr_carea' id='block_1_53' title="bbox 2139 2563 3730 2637">
    <p class='ocr_par' dir='ltr' id='par_1_53' title="bbox 2139 2563 3730 2637">
     <span class='ocr_line' id='line_1_53' title="bbox 2139 2563 3730 2637; baseline -0.003 -17"><span class='ocrx_word' id='word_1_349' title='bbox 2139 2566 2436 2637; x_wconf 76' lang='grc' dir='ltr'>ὠμοϐόροις</span> <span class='ocrx_word' id='word_1_350' title='bbox 2470 2566 2676 2637; x_wconf 87' lang='grc' dir='ltr'>θηρίων</span> <span class='ocrx_word' id='word_1_351' title='bbox 2716 2566 3015 2637; x_wconf 82' lang='grc' dir='ltr'>ὠμοτέροις</span> <span class='ocrx_word' id='word_1_352' title='bbox 3051 2564 3181 2619; x_wconf 73' lang='grc' dir='ltr'>ποτὲ</span> <span class='ocrx_word' id='word_1_353' title='bbox 3233 2563 3566 2635; x_wconf 84' lang='grc' dir='ltr'>περιπεσὼν,</span> <span class='ocrx_word' id='word_1_354' title='bbox 3620 2563 3730 2616; x_wconf 61' lang='grc' dir='ltr'><strong>καὶ</strong></span> 
     </span>
    </p>
   </div>
   <div class='ocr_carea' id='block_1_54' title="bbox 2140 2654 3725 2730">
    <p class='ocr_par' dir='ltr' id='par_1_54' title="bbox 2140 2654 3725 2730">
     <span class='ocr_line' id='line_1_54' title="bbox 2140 2654 3725 2730; baseline -0.003 -19"><span class='ocrx_word' id='word_1_355' title='bbox 2140 2659 2328 2730; x_wconf 76' lang='grc' dir='ltr'>εἱρκτῇ</span> <span class='ocrx_word' id='word_1_356' title='bbox 2355 2658 2768 2721; x_wconf 77' lang='grc' dir='ltr'>κατακλεισθεὶς</span> <span class='ocrx_word' id='word_1_357' title='bbox 2795 2659 2890 2711; x_wconf 72' lang='grc' dir='ltr'>καὶ</span> <span class='ocrx_word' id='word_1_358' title='bbox 2918 2661 3115 2726; x_wconf 80' lang='grc' dir='ltr'>σκότῳ,</span> <span class='ocrx_word' id='word_1_359' title='bbox 3150 2657 3242 2709; x_wconf 67' lang='grc' dir='ltr'>καὶ</span> <span class='ocrx_word' id='word_1_360' title='bbox 3265 2657 3344 2718; x_wconf 84' lang='grc' dir='ltr'><strong>είς</strong></span> <span class='ocrx_word' id='word_1_361' title='bbox 3373 2654 3725 2724; x_wconf 72' lang='grc' dir='ltr'>κατάδρωμα</span> 
     </span>
    </p>
   </div>
   <div class='ocr_carea' id='block_1_55' title="bbox 2141 2748 3724 2820">
    <p class='ocr_par' dir='ltr' id='par_1_55' title="bbox 2141 2748 3724 2820">
     <span class='ocr_line' id='line_1_55' title="bbox 2141 2748 3724 2820; baseline -0.003 -17"><span class='ocrx_word' id='word_1_362' title='bbox 2141 2749 2351 2813; x_wconf 82' lang='grc' dir='ltr'>τούτοις</span> <span class='ocrx_word' id='word_1_363' title='bbox 2373 2752 2467 2804; x_wconf 68' lang='grc' dir='ltr'>καὶ</span> <span class='ocrx_word' id='word_1_364' title='bbox 2499 2751 2680 2820; x_wconf 82' lang='grc' dir='ltr'>θοίνην</span> <span class='ocrx_word' id='word_1_365' title='bbox 2708 2750 2808 2804; x_wconf 89' lang='grc' dir='ltr'><strong>οὐκ</strong></span> <span class='ocrx_word' id='word_1_366' title='bbox 2830 2749 3005 2818; x_wconf 86' lang='grc' dir='ltr'>εὐαγῆ</span> <span class='ocrx_word' id='word_1_367' title='bbox 3025 2748 3443 2818; x_wconf 72' lang='grc' dir='ltr'>ταμιευόμενος,</span> <span class='ocrx_word' id='word_1_368' title='bbox 3482 2748 3544 2800; x_wconf 90' lang='grc' dir='ltr'><strong>οὐ</strong></span> <span class='ocrx_word' id='word_1_369' title='bbox 3582 2762 3724 2799; x_wconf 83' lang='grc' dir='ltr'>κατ-</span> 
     </span>
    </p>
   </div>
   <div class='ocr_carea' id='block_1_56' title="bbox 2143 2836 3724 2913">
    <p class='ocr_par' dir='ltr' id='par_1_56' title="bbox 2143 2836 3724 2913">
     <span class='ocr_line' id='line_1_56' title="bbox 2143 2836 3724 2913; baseline -0.002 -20"><span class='ocrx_word' id='word_1_370' title='bbox 2143 2840 2425 2913; x_wconf 87' lang='grc' dir='ltr'>ηναλὼθης</span> <span class='ocrx_word' id='word_1_371' title='bbox 2458 2843 2516 2895; x_wconf 82' lang='grc' dir='ltr'>ὲν</span> <span class='ocrx_word' id='word_1_372' title='bbox 2545 2842 2729 2905; x_wconf 82' lang='grc' dir='ltr'>αὐτοῖς</span> <span class='ocrx_word' id='word_1_373' title='bbox 2754 2859 2768 2873; x_wconf 79' lang='grc' dir='ltr'><strong>ο</strong></span> <span class='ocrx_word' id='word_1_374' title='bbox 2811 2841 3023 2909; x_wconf 79' lang='grc' dir='ltr'>ἀγαθῆς</span> <span class='ocrx_word' id='word_1_375' title='bbox 3072 2840 3129 2893; x_wconf 86' lang='grc' dir='ltr'>δὲ</span> <span class='ocrx_word' id='word_1_376' title='bbox 3158 2839 3412 2909; x_wconf 89' lang='grc' dir='ltr'>προνοίας</span> <span class='ocrx_word' id='word_1_377' title='bbox 3462 2839 3597 2908; x_wconf 71' lang='grc' dir='ltr'>πρὸς</span> <span class='ocrx_word' id='word_1_378' title='bbox 3621 2836 3724 2891; x_wconf 88' lang='grc' dir='ltr'><strong>τοῦ</strong></span> 
     </span>
    </p>
   </div>
   <div class='ocr_carea' id='block_1_57' title="bbox 2145 2929 3729 3003">
    <p class='ocr_par' dir='ltr' id='par_1_57' title="bbox 2145 2929 3729 3003">
     <span class='ocr_line' id='line_1_57' title="bbox 2145 2929 3729 3003; baseline -0.004 -16"><span class='ocrx_word' id='word_1_379' title='bbox 2145 2932 2351 3000; x_wconf 88' lang='grc' dir='ltr'>ἀγαθοῦ</span> <span class='ocrx_word' id='word_1_380' title='bbox 2391 2933 2551 3003; x_wconf 86' lang='grc' dir='ltr'>μόνου</span> <span class='ocrx_word' id='word_1_381' title='bbox 2585 2933 2675 2986; x_wconf 80' lang='grc' dir='ltr'>καὶ</span> <span class='ocrx_word' id='word_1_382' title='bbox 2711 2932 3017 3003; x_wconf 87' lang='grc' dir='ltr'>κρείττονος</span> <span class='ocrx_word' id='word_1_383' title='bbox 3045 2931 3364 3000; x_wconf 78' lang='grc' dir='ltr'>ἐπικουρίας</span> <span class='ocrx_word' id='word_1_384' title='bbox 3392 2929 3588 3000; x_wconf 85' lang='grc' dir='ltr'>τυχὼν,</span> <span class='ocrx_word' id='word_1_385' title='bbox 3620 2929 3729 2981; x_wconf 84' lang='grc' dir='ltr'>πά-</span> 
     </span>
    </p>
   </div>
   <div class='ocr_carea' id='block_1_58' title="bbox 2148 3020 3731 3095">
    <p class='ocr_par' dir='ltr' id='par_1_58' title="bbox 2148 3020 3731 3095">
     <span class='ocr_line' id='line_1_58' title="bbox 2148 3020 3731 3095; baseline -0.003 -17"><span class='ocrx_word' id='word_1_386' title='bbox 2148 3041 2246 3095; x_wconf 88' lang='grc' dir='ltr'><strong>σης</strong></span> <span class='ocrx_word' id='word_1_387' title='bbox 2272 3024 2592 3095; x_wconf 83' lang='grc' dir='ltr'>ἀπηλλάγης</span> <span class='ocrx_word' id='word_1_388' title='bbox 2622 3023 2939 3094; x_wconf 83' lang='grc' dir='ltr'>δυσχερείας</span> <span class='ocrx_word' id='word_1_389' title='bbox 2964 3024 3072 3077; x_wconf 86' lang='grc' dir='ltr'>τῶν</span> <span class='ocrx_word' id='word_1_390' title='bbox 3109 3022 3402 3090; x_wconf 83' lang='grc' dir='ltr'>φονευτῶν.</span> <span class='ocrx_word' id='word_1_391' title='bbox 3435 3023 3603 3091; x_wconf 80' lang='grc' dir='ltr'>Χαῖρε</span> <span class='ocrx_word' id='word_1_392' title='bbox 3626 3020 3731 3073; x_wconf 81' lang='grc' dir='ltr'>καὶ</span> 
     </span>
    </p>
   </div>
   <div class='ocr_carea' id='block_1_59' title="bbox 2148 3112 3727 3184">
    <p class='ocr_par' dir='ltr' id='par_1_59' title="bbox 2148 3112 3727 3184">
     <span class='ocr_line' id='line_1_59' title="bbox 2148 3112 3727 3184; baseline -0.003 -14"><span class='ocrx_word' id='word_1_393' title='bbox 2148 3116 2403 3184; x_wconf 85' lang='grc' dir='ltr'>ἀγαλλία,</span> <span class='ocrx_word' id='word_1_394' title='bbox 2460 3116 2653 3169; x_wconf 83' lang='grc' dir='ltr'>ὅτιδιά</span> <span class='ocrx_word' id='word_1_395' title='bbox 2678 3114 2888 3168; x_wconf 85' lang='grc' dir='ltr'>πολλῶν</span> <span class='ocrx_word' id='word_1_396' title='bbox 2938 3114 3049 3169; x_wconf 86' lang='grc' dir='ltr'>τῶν</span> <span class='ocrx_word' id='word_1_397' title='bbox 3086 3115 3225 3182; x_wconf 82' lang='grc' dir='ltr'>ὑπὲρ</span> <span class='ocrx_word' id='word_1_398' title='bbox 3254 3113 3349 3167; x_wconf 88' lang='grc' dir='ltr'><strong>τοῦ</strong></span> <span class='ocrx_word' id='word_1_399' title='bbox 3386 3112 3727 3179; x_wconf 73' lang='grc' dir='ltr'>Εὐαγγελίου</span> 
     </span>
    </p>
   </div>
   <div class='ocr_carea' id='block_1_60' title="bbox 467 3198 2045 3276">
    <p class='ocr_par' dir='ltr' id='par_1_60' title="bbox 467 3198 2045 3273">
     <span class='ocr_line' id='line_1_60' title="bbox 467 3198 2045 3273; baseline -0.004 -15"><span class='ocrx_word' id='word_1_400' title='bbox 467 3202 743 3273; x_wconf 81' lang='lat' dir='ltr'><strong>Evangelii</strong></span> <span class='ocrx_word' id='word_1_401' title='bbox 768 3218 932 3257; x_wconf 87' lang='lat' dir='ltr'><strong>causa</strong></span> <span class='ocrx_word' id='word_1_402' title='bbox 959 3200 1324 3267; x_wconf 86' lang='lat' dir='ltr'><strong>turbationes,</strong></span> <span class='ocrx_word' id='word_1_403' title='bbox 1351 3200 1591 3265; x_wconf 87' lang='lat' dir='ltr'><strong>labores,</strong></span> <span class='ocrx_word' id='word_1_404' title='bbox 1630 3214 1922 3262; x_wconf 65' lang='lat' dir='ltr'><strong>aerumnas,</strong></span> <span class='ocrx_word' id='word_1_405' title='bbox 1950 3198 2045 3252; x_wconf 90' lang='lat' dir='ltr'><strong>ﬁr-</strong></span> 
     </span>
    </p>
   </div>
   <div class='ocr_carea' id='block_1_61' title="bbox 2149 3198 3735 3276">
    <p class='ocr_par' dir='ltr' id='par_1_61' title="bbox 2149 3205 3735 3276">
     <span class='ocr_line' id='line_1_61' title="bbox 2149 3205 3735 3276; baseline -0.004 -13"><span class='ocrx_word' id='word_1_406' title='bbox 2149 3208 2566 3263; x_wconf 88' lang='grc' dir='ltr'>ἀκαταστασιῶν</span> <span class='ocrx_word' id='word_1_407' title='bbox 2616 3208 2713 3262; x_wconf 79' lang='grc' dir='ltr'>καὶ</span> <span class='ocrx_word' id='word_1_408' title='bbox 2736 3208 2915 3261; x_wconf 88' lang='grc' dir='ltr'>πόνων</span> <span class='ocrx_word' id='word_1_409' title='bbox 2938 3208 3032 3261; x_wconf 74' lang='grc' dir='ltr'>καὶ</span> <span class='ocrx_word' id='word_1_410' title='bbox 3061 3207 3313 3276; x_wconf 81' lang='grc' dir='ltr'>θλίψεων,</span> <span class='ocrx_word' id='word_1_411' title='bbox 3353 3209 3451 3275; x_wconf 79' lang='grc' dir='ltr'>τῆς</span> <span class='ocrx_word' id='word_1_412' title='bbox 3479 3205 3735 3274; x_wconf 76' lang='grc' dir='ltr'>ἑστώσης</span> 
     </span>
    </p>
   </div>
   <div class='ocr_carea' id='block_1_62' title="bbox 468 3289 2051 3364">
    <p class='ocr_par' dir='ltr' id='par_1_62' title="bbox 468 3289 2051 3364">
     <span class='ocr_line' id='line_1_62' title="bbox 468 3289 2051 3364; baseline -0.003 -15"><span class='ocrx_word' id='word_1_413' title='bbox 468 3310 618 3349; x_wconf 76' lang='lat' dir='ltr'><strong>mum</strong></span> <span class='ocrx_word' id='word_1_414' title='bbox 649 3311 712 3350; x_wconf 89' lang='lat' dir='ltr'><strong>ac</strong></span> <span class='ocrx_word' id='word_1_415' title='bbox 740 3294 934 3349; x_wconf 85' lang='lat' dir='ltr'><strong>stabile</strong></span> <span class='ocrx_word' id='word_1_416' title='bbox 966 3293 1227 3364; x_wconf 86' lang='lat' dir='ltr'><strong>gaudium</strong></span> <span class='ocrx_word' id='word_1_417' title='bbox 1258 3302 1591 3347; x_wconf 84' lang='lat' dir='ltr'><strong>consecutus</strong></span> <span class='ocrx_word' id='word_1_418' title='bbox 1618 3307 1678 3346; x_wconf 90' lang='lat' dir='ltr'><strong>es</strong></span> <span class='ocrx_word' id='word_1_419' title='bbox 1712 3308 1724 3343; x_wconf 93' lang='lat'><strong>:</strong></span> <span class='ocrx_word' id='word_1_420' title='bbox 1760 3289 1906 3361; x_wconf 90' lang='lat' dir='ltr'><strong>quod</strong></span> <span class='ocrx_word' id='word_1_421' title='bbox 1950 3305 2051 3361; x_wconf 89' lang='lat' dir='ltr'><strong>per</strong></span> 
     </span>
    </p>
   </div>
   <div class='ocr_carea' id='block_1_63' title="bbox 470 3384 2051 3455">
    <p class='ocr_par' dir='ltr' id='par_1_63' title="bbox 470 3384 2051 3455">
     <span class='ocr_line' id='line_1_63' title="bbox 470 3384 2051 3455; baseline -0.001 -14"><span class='ocrx_word' id='word_1_422' title='bbox 470 3388 772 3450; x_wconf 89' lang='lat' dir='ltr'><strong>molestias,</strong></span> <span class='ocrx_word' id='word_1_423' title='bbox 803 3386 1055 3455; x_wconf 87' lang='lat' dir='ltr'><strong>malaque</strong></span> <span class='ocrx_word' id='word_1_424' title='bbox 1086 3401 1224 3455; x_wconf 89' lang='lat' dir='ltr'><strong>pene</strong></span> <span class='ocrx_word' id='word_1_425' title='bbox 1259 3385 1570 3449; x_wconf 83' lang='lat' dir='ltr'><strong>innumera,</strong></span> <span class='ocrx_word' id='word_1_426' title='bbox 1606 3400 1671 3439; x_wconf 88' lang='lat' dir='ltr'><strong>ac</strong></span> <span class='ocrx_word' id='word_1_427' title='bbox 1692 3384 2051 3439; x_wconf 82' lang='lat' dir='ltr'><strong>necessitates</strong></span> 
     </span>
    </p>
   </div>
   <div class='ocr_carea' id='block_1_64' title="bbox 470 3474 2050 3549">
    <p class='ocr_par' dir='ltr' id='par_1_64' title="bbox 470 3474 2050 3549">
     <span class='ocr_line' id='line_1_64' title="bbox 470 3474 2050 3549; baseline -0.006 -13"><span class='ocrx_word' id='word_1_428' title='bbox 470 3481 703 3536; x_wconf 91' lang='lat' dir='ltr'><strong>nimium</strong></span> <span class='ocrx_word' id='word_1_429' title='bbox 756 3488 987 3549; x_wconf 87' lang='lat' dir='ltr'><strong>quantas</strong></span> <span class='ocrx_word' id='word_1_430' title='bbox 1040 3478 1285 3533; x_wconf 88' lang='lat' dir='ltr'><strong>veritatis</strong></span> <span class='ocrx_word' id='word_1_431' title='bbox 1328 3492 1526 3540; x_wconf 89' lang='lat' dir='ltr'><strong>causa,</strong></span> <span class='ocrx_word' id='word_1_432' title='bbox 1582 3476 1730 3529; x_wconf 89' lang='lat' dir='ltr'><strong>nulla</strong></span> <span class='ocrx_word' id='word_1_433' title='bbox 1788 3474 2050 3529; x_wconf 89' lang='lat' dir='ltr'><strong>caducam</strong></span> 
     </span>
    </p>
   </div>
   <div class='ocr_carea' id='block_1_65' title="bbox 472 3568 2049 3638">
    <p class='ocr_par' dir='ltr' id='par_1_65' title="bbox 472 3568 2049 3638">
     <span class='ocr_line' id='line_1_65' title="bbox 472 3568 2049 3638; baseline -0.004 -12"><span class='ocrx_word' id='word_1_434' title='bbox 472 3572 878 3633; x_wconf 86' lang='lat' dir='ltr'><strong>mutabilitate,</strong></span> <span class='ocrx_word' id='word_1_435' title='bbox 936 3584 1262 3638; x_wconf 88' lang='lat' dir='ltr'><strong>semperque</strong></span> <span class='ocrx_word' id='word_1_436' title='bbox 1312 3568 1562 3622; x_wconf 89' lang='lat' dir='ltr'><strong>eamdem</strong></span> <span class='ocrx_word' id='word_1_437' title='bbox 1622 3582 1687 3620; x_wconf 90' lang='lat' dir='ltr'><strong>ac</strong></span> <span class='ocrx_word' id='word_1_438' title='bbox 1741 3574 2049 3620; x_wconf 90' lang='lat' dir='ltr'><strong>manentem</strong></span> 
     </span>
    </p>
   </div>
   <div class='ocr_carea' id='block_1_66' title="bbox 466 3656 2042 3734">
    <p class='ocr_par' dir='ltr' id='par_1_66' title="bbox 466 3656 2042 3734">
     <span class='ocr_line' id='line_1_66' title="bbox 466 3656 2042 3734; baseline -0.004 -19"><span class='ocrx_word' id='word_1_439' title='bbox 466 3660 871 3734; x_wconf 87' lang='lat' dir='ltr'><strong>jucunditatem</strong></span> <span class='ocrx_word' id='word_1_440' title='bbox 904 3659 1181 3730; x_wconf 85' lang='lat' dir='ltr'><strong>ingressus</strong></span> <span class='ocrx_word' id='word_1_441' title='bbox 1239 3673 1319 3712; x_wconf 84' lang='lat' dir='ltr'><strong>es.</strong></span> <span class='ocrx_word' id='word_1_442' title='bbox 1338 3657 1548 3719; x_wconf 87' lang='lat' dir='ltr'><strong>Gaude,</strong></span> <span class='ocrx_word' id='word_1_443' title='bbox 1576 3671 1782 3726; x_wconf 72' lang='lat' dir='ltr'><strong>quaeso,</strong></span> <span class='ocrx_word' id='word_1_444' title='bbox 1808 3656 2042 3720; x_wconf 81' lang='lat' dir='ltr'><strong>intende,</strong></span> 
     </span>
    </p>
   </div>
   <div class='ocr_carea' id='block_1_67' title="bbox 473 3747 2048 3824">
    <p class='ocr_par' dir='ltr' id='par_1_67' title="bbox 473 3747 2048 3824">
     <span class='ocr_line' id='line_1_67' title="bbox 473 3747 2048 3824; baseline -0.003 -18"><span class='ocrx_word' id='word_1_445' title='bbox 473 3768 718 3824; x_wconf 82' lang='lat' dir='ltr'><strong>prospere</strong></span> <span class='ocrx_word' id='word_1_446' title='bbox 746 3752 964 3824; x_wconf 83' lang='lat' dir='ltr'><strong>procede</strong></span> <span class='ocrx_word' id='word_1_447' title='bbox 983 3762 1029 3805; x_wconf 89' lang='lat' dir='ltr'><strong>et</strong></span> <span class='ocrx_word' id='word_1_448' title='bbox 1058 3768 1223 3821; x_wconf 88' lang='lat' dir='ltr'><strong>regna</strong></span> <span class='ocrx_word' id='word_1_449' title='bbox 1246 3754 1317 3816; x_wconf 70' lang='grc' dir='ltr'><strong>δ’,</strong></span> <span class='ocrx_word' id='word_1_450' title='bbox 1353 3759 1608 3820; x_wconf 88' lang='lat' dir='ltr'><strong>tanquam</strong></span> <span class='ocrx_word' id='word_1_451' title='bbox 1641 3757 1789 3803; x_wconf 88' lang='lat' dir='ltr'><strong>totus</strong></span> <span class='ocrx_word' id='word_1_452' title='bbox 1830 3747 2048 3802; x_wconf 85' lang='lat' dir='ltr'><strong>bonita-</strong></span> 
     </span>
    </p>
   </div>
   <div class='ocr_carea' id='block_1_68' title="bbox 474 3836 2050 3913">
    <p class='ocr_par' dir='ltr' id='par_1_68' title="bbox 474 3836 2050 3913">
     <span class='ocr_line' id='line_1_68' title="bbox 474 3836 2050 3913; baseline -0.004 -16"><span class='ocrx_word' id='word_1_453' title='bbox 474 3854 585 3897; x_wconf 89' lang='lat' dir='ltr'><strong>tem</strong></span> <span class='ocrx_word' id='word_1_454' title='bbox 624 3843 859 3913; x_wconf 89' lang='lat' dir='ltr'><strong>spirans,</strong></span> <span class='ocrx_word' id='word_1_455' title='bbox 909 3857 1183 3911; x_wconf 85' lang='lat' dir='ltr'><strong>verusque</strong></span> <span class='ocrx_word' id='word_1_456' title='bbox 1224 3840 1390 3911; x_wconf 85' lang='lat' dir='ltr'><strong>Regis</strong></span> <span class='ocrx_word' id='word_1_457' title='bbox 1423 3840 1604 3911; x_wconf 87' lang='lat' dir='ltr'><strong>magni</strong></span> <span class='ocrx_word' id='word_1_458' title='bbox 1658 3839 1823 3893; x_wconf 89' lang='lat' dir='ltr'><strong>ﬁlius.</strong></span> <span class='ocrx_word' id='word_1_459' title='bbox 1861 3836 2050 3893; x_wconf 87' lang='lat' dir='ltr'><strong>Gaude</strong></span> 
     </span>
    </p>
   </div>
   <div class='ocr_carea' id='block_1_69' title="bbox 473 3931 2051 4003">
    <p class='ocr_par' dir='ltr' id='par_1_69' title="bbox 473 3931 2051 4003">
     <span class='ocr_line' id='line_1_69' title="bbox 473 3931 2051 4003; baseline -0.003 -14"><span class='ocrx_word' id='word_1_460' title='bbox 473 3942 531 3989; x_wconf 87' lang='lat' dir='ltr'><strong>et</strong></span> <span class='ocrx_word' id='word_1_461' title='bbox 562 3936 744 3989; x_wconf 67' lang='lat' dir='ltr'><strong>laetare</strong></span> <span class='ocrx_word' id='word_1_462' title='bbox 777 3953 792 3999; x_wconf 89' lang='lat'><strong>;</strong></span> <span class='ocrx_word' id='word_1_463' title='bbox 840 3949 1035 4003; x_wconf 89' lang='lat' dir='ltr'><strong>meque</strong></span> <span class='ocrx_word' id='word_1_464' title='bbox 1075 3941 1271 3988; x_wconf 66' lang='lat' dir='ltr'><strong>vestrm</strong></span> <span class='ocrx_word' id='word_1_465' title='bbox 1318 3933 1509 4002; x_wconf 86' lang='lat' dir='ltr'><strong>partis,</strong></span> <span class='ocrx_word' id='word_1_466' title='bbox 1549 3948 1582 3986; x_wconf 93' lang='grc' dir='ltr'><strong>ο</strong></span> <span class='ocrx_word' id='word_1_467' title='bbox 1616 3931 1813 3985; x_wconf 87' lang='lat' dir='ltr'><strong>beatel</strong></span> <span class='ocrx_word' id='word_1_468' title='bbox 1855 3939 2051 3985; x_wconf 65' lang='lat' dir='ltr'><strong>vestrae</strong></span> 
     </span>
    </p>
   </div>
   <div class='ocr_carea' id='block_1_70' title="bbox 478 4023 2048 4095">
    <p class='ocr_par' dir='ltr' id='par_1_70' title="bbox 478 4023 2048 4095">
     <span class='ocr_line' id='line_1_70' title="bbox 478 4023 2048 4095; baseline -0.001 -15"><span class='ocrx_word' id='word_1_469' title='bbox 478 4025 793 4080; x_wconf 87' lang='lat' dir='ltr'><strong>dilectionis</strong></span> <span class='ocrx_word' id='word_1_470' title='bbox 836 4041 900 4079; x_wconf 90' lang='lat' dir='ltr'><strong>ac</strong></span> <span class='ocrx_word' id='word_1_471' title='bbox 927 4026 1113 4095; x_wconf 66' lang='lat' dir='ltr'><strong>gratiae</strong></span> <span class='ocrx_word' id='word_1_472' title='bbox 1142 4026 1350 4080; x_wconf 89' lang='lat' dir='ltr'><strong>socium</strong></span> <span class='ocrx_word' id='word_1_473' title='bbox 1378 4039 1683 4087; x_wconf 87' lang='lat' dir='ltr'><strong>assumens,</strong></span> <span class='ocrx_word' id='word_1_474' title='bbox 1732 4023 1816 4077; x_wconf 82' lang='lat' dir='ltr'><strong>fac</strong></span> <span class='ocrx_word' id='word_1_475' title='bbox 1843 4031 1902 4077; x_wconf 90' lang='lat' dir='ltr'><strong>ut</strong></span> <span class='ocrx_word' id='word_1_476' title='bbox 1925 4038 2048 4078; x_wconf 90' lang='lat' dir='ltr'><strong>cum</strong></span> 
     </span>
    </p>
   </div>
   <div class='ocr_carea' id='block_1_71' title="bbox 479 4116 2051 4186">
    <p class='ocr_par' dir='ltr' id='par_1_71' title="bbox 479 4116 2051 4186">
     <span class='ocr_line' id='line_1_71' title="bbox 479 4116 2051 4186; baseline 0 -16"><span class='ocrx_word' id='word_1_477' title='bbox 479 4116 677 4172; x_wconf 89' lang='lat' dir='ltr'><strong>ﬁducia</strong></span> <span class='ocrx_word' id='word_1_478' title='bbox 718 4118 827 4171; x_wconf 94' lang='lat' dir='ltr'><strong>Deo</strong></span> <span class='ocrx_word' id='word_1_479' title='bbox 874 4118 1204 4186; x_wconf 77' lang='lat' dir='ltr'><strong>praescnter&#39;,</strong></span> <span class='ocrx_word' id='word_1_480' title='bbox 1265 4117 1321 4171; x_wconf 87' lang='lat' dir='ltr'><strong>in</strong></span> <span class='ocrx_word' id='word_1_481' title='bbox 1372 4116 1593 4172; x_wconf 90' lang='lat' dir='ltr'><strong>Christo</strong></span> <span class='ocrx_word' id='word_1_482' title='bbox 1641 4116 1770 4170; x_wconf 77' lang='lat' dir='ltr'><strong>.lesu</strong></span> <span class='ocrx_word' id='word_1_483' title='bbox 1819 4116 2051 4170; x_wconf 90' lang='lat' dir='ltr'><strong>Domino</strong></span> 
     </span>
    </p>
   </div>
   <div class='ocr_carea' id='block_1_72' title="bbox 477 4209 2051 4281">
    <p class='ocr_par' dir='ltr' id='par_1_72' title="bbox 477 4209 2051 4281">
     <span class='ocr_line' id='line_1_72' title="bbox 477 4209 2051 4281; baseline 0 -18"><span class='ocrx_word' id='word_1_484' title='bbox 477 4218 685 4273; x_wconf 89' lang='lat' dir='ltr'><strong>nostro,</strong></span> <span class='ocrx_word' id='word_1_485' title='bbox 719 4225 880 4279; x_wconf 90' lang='lat' dir='ltr'><strong>quem</strong></span> <span class='ocrx_word' id='word_1_486' title='bbox 910 4211 1067 4265; x_wconf 87' lang='lat' dir='ltr'><strong>decet</strong></span> <span class='ocrx_word' id='word_1_487' title='bbox 1093 4211 1272 4265; x_wconf 91' lang='lat' dir='ltr'><strong>omnis</strong></span> <span class='ocrx_word' id='word_1_488' title='bbox 1298 4210 1491 4281; x_wconf 90' lang='lat' dir='ltr'><strong>gloria,</strong></span> <span class='ocrx_word' id='word_1_489' title='bbox 1511 4216 1753 4280; x_wconf 89' lang='lat' dir='ltr'><strong>potestas</strong></span> <span class='ocrx_word' id='word_1_490' title='bbox 1772 4216 1830 4264; x_wconf 88' lang='lat' dir='ltr'><strong>et</strong></span> <span class='ocrx_word' id='word_1_491' title='bbox 1862 4209 2051 4263; x_wconf 87' lang='lat' dir='ltr'><strong>lauda-</strong></span> 
     </span>
    </p>
   </div>
   <div class='ocr_carea' id='block_1_73' title="bbox 477 4301 1518 4367">
    <p class='ocr_par' dir='ltr' id='par_1_73' title="bbox 477 4301 1518 4367">
     <span class='ocr_line' id='line_1_73' title="bbox 477 4301 1518 4367; baseline 0.003 -12"><span class='ocrx_word' id='word_1_492' title='bbox 477 4301 575 4367; x_wconf 88' lang='lat' dir='ltr'><strong>tio,</strong></span> <span class='ocrx_word' id='word_1_493' title='bbox 610 4301 665 4355; x_wconf 89' lang='lat' dir='ltr'><strong>in</strong></span> <span class='ocrx_word' id='word_1_494' title='bbox 700 4303 897 4357; x_wconf 64' lang='lat' dir='ltr'><strong>saecula</strong></span> <span class='ocrx_word' id='word_1_495' title='bbox 930 4304 1282 4358; x_wconf 68' lang='lat' dir='ltr'><strong>saeculorum.</strong></span> <span class='ocrx_word' id='word_1_496' title='bbox 1321 4302 1518 4358; x_wconf 86' lang='lat' dir='ltr'><strong>Amen.</strong></span> 
     </span>
    </p>
   </div>
   <div class='ocr_carea' id='block_1_74' title="bbox 1058 4429 1459 4486">
    <p class='ocr_par' dir='ltr' id='par_1_74' title="bbox 1058 4429 1459 4486">
     <span class='ocr_line' id='line_1_74' title="bbox 1058 4429 1459 4486; baseline -0.002 -1"><span class='ocrx_word' id='word_1_497' title='bbox 1058 4430 1316 4485; x_wconf 66' lang='lat' dir='ltr'><strong>ORATIO</strong></span> <span class='ocrx_word' id='word_1_498' title='bbox 1344 4429 1459 4486; x_wconf 80' lang='lat' dir='ltr'><strong>XV.</strong></span> 
     </span>
    </p>
   </div>
   <div class='ocr_carea' id='block_1_75' title="bbox 2151 3297 3730 3371">
    <p class='ocr_par' dir='ltr' id='par_1_75' title="bbox 2151 3297 3730 3371">
     <span class='ocr_line' id='line_1_75' title="bbox 2151 3297 3730 3371; baseline -0.004 -17"><span class='ocrx_word' id='word_1_499' title='bbox 2151 3299 2466 3369; x_wconf 78' lang='grc' dir='ltr'>κατεδράξω</span> <span class='ocrx_word' id='word_1_500' title='bbox 2499 3301 2672 3371; x_wconf 81' lang='grc' dir='ltr'>χαρᾶς</span> <span class='ocrx_word' id='word_1_501' title='bbox 2692 3315 2706 3329; x_wconf 83' lang='lat'>&#39;</span> <span class='ocrx_word' id='word_1_502' title='bbox 2738 3300 2820 3352; x_wconf 88' lang='grc' dir='ltr'>ὃτι</span> <span class='ocrx_word' id='word_1_503' title='bbox 2848 3300 2935 3353; x_wconf 88' lang='grc' dir='ltr'><strong>διά</strong></span> <span class='ocrx_word' id='word_1_504' title='bbox 2983 3297 3382 3363; x_wconf 87' lang='grc' dir='ltr'>κακοπαθείας,</span> <span class='ocrx_word' id='word_1_505' title='bbox 3416 3298 3511 3352; x_wconf 73' lang='grc' dir='ltr'>καὶ</span> <span class='ocrx_word' id='word_1_506' title='bbox 3540 3298 3730 3349; x_wconf 88' lang='grc' dir='ltr'>κόπων</span> 
     </span>
    </p>
   </div>
   <div class='ocr_carea' id='block_1_76' title="bbox 2155 3386 3740 3462">
    <p class='ocr_par' dir='ltr' id='par_1_76' title="bbox 2155 3386 3740 3462">
     <span class='ocr_line' id='line_1_76' title="bbox 2155 3386 3740 3462; baseline -0.001 -20"><span class='ocrx_word' id='word_1_507' title='bbox 2155 3391 2365 3462; x_wconf 88' lang='grc' dir='ltr'>μυρίων</span> <span class='ocrx_word' id='word_1_508' title='bbox 2385 3390 2524 3443; x_wconf 78' lang='grc' dir='ltr'>ὅσων</span> <span class='ocrx_word' id='word_1_509' title='bbox 2558 3390 2653 3441; x_wconf 78' lang='grc' dir='ltr'>καὶ</span> <span class='ocrx_word' id='word_1_510' title='bbox 2686 3388 2795 3441; x_wconf 85' lang='grc' dir='ltr'><strong>τῶν</strong></span> <span class='ocrx_word' id='word_1_511' title='bbox 2836 3390 2974 3460; x_wconf 84' lang='grc' dir='ltr'>ὑπὲρ</span> <span class='ocrx_word' id='word_1_512' title='bbox 2997 3387 3257 3457; x_wconf 85' lang='grc' dir='ltr'>ἀληθείας</span> <span class='ocrx_word' id='word_1_513' title='bbox 3300 3387 3575 3455; x_wconf 84' lang='grc' dir='ltr'>ἀναγκῶν,</span> <span class='ocrx_word' id='word_1_514' title='bbox 3626 3386 3740 3456; x_wconf 76' lang='grc' dir='ltr'>τῆς</span> 
     </span>
    </p>
   </div>
   <div class='ocr_carea' id='block_1_77' title="bbox 2151 3476 3731 3553">
    <p class='ocr_par' dir='ltr' id='par_1_77' title="bbox 2151 3476 3731 3553">
     <span class='ocr_line' id='line_1_77' title="bbox 2151 3476 3731 3553; baseline -0.004 -18"><span class='ocrx_word' id='word_1_515' title='bbox 2151 3482 2548 3553; x_wconf 87' lang='grc' dir='ltr'>ἀμεταπτώτου</span> <span class='ocrx_word' id='word_1_516' title='bbox 2578 3481 2672 3532; x_wconf 78' lang='grc' dir='ltr'>καὶ</span> <span class='ocrx_word' id='word_1_517' title='bbox 2720 3481 2808 3534; x_wconf 78' lang='grc' dir='ltr'>ἀεὶ</span> <span class='ocrx_word' id='word_1_518' title='bbox 2834 3480 3096 3542; x_wconf 80' lang='grc' dir='ltr'>ὡσαύτως</span> <span class='ocrx_word' id='word_1_519' title='bbox 3123 3478 3353 3549; x_wconf 67' lang='grc' dir='ltr'>ἐχούσης</span> <span class='ocrx_word' id='word_1_520' title='bbox 3387 3476 3731 3547; x_wconf 78' lang='grc' dir='ltr'>εὐφροσύνης</span> 
     </span>
    </p>
   </div>
   <div class='ocr_carea' id='block_1_78' title="bbox 2151 3565 3733 3642">
    <p class='ocr_par' dir='ltr' id='par_1_78' title="bbox 2151 3565 3733 3642">
     <span class='ocr_line' id='line_1_78' title="bbox 2151 3565 3733 3642; baseline -0.004 -16"><span class='ocrx_word' id='word_1_521' title='bbox 2151 3574 2504 3641; x_wconf 79' lang='grc' dir='ltr'>ὲπιϐἐϐηκας.</span> <span class='ocrx_word' id='word_1_522' title='bbox 2528 3572 2697 3642; x_wconf 84' lang='grc' dir='ltr'>Χαῖρέ</span> <span class='ocrx_word' id='word_1_523' title='bbox 2727 3589 2835 3640; x_wconf 88' lang='grc' dir='ltr'>μοι,</span> <span class='ocrx_word' id='word_1_524' title='bbox 2867 3572 2962 3624; x_wconf 73' lang='grc' dir='ltr'><strong>καὶ</strong></span> <span class='ocrx_word' id='word_1_525' title='bbox 2985 3571 3232 3632; x_wconf 69' lang='grc' dir='ltr'>ἔκτεινε,</span> <span class='ocrx_word' id='word_1_526' title='bbox 3266 3571 3363 3623; x_wconf 78' lang='grc' dir='ltr'>καὶ</span> <span class='ocrx_word' id='word_1_527' title='bbox 3399 3565 3733 3623; x_wconf 79' lang='grc' dir='ltr'>κατευοδοῦ</span> 
     </span>
    </p>
   </div>
   <div class='ocr_carea' id='block_1_79' title="bbox 2152 3655 3734 3731">
    <p class='ocr_par' dir='ltr' id='par_1_79' title="bbox 2152 3655 3734 3731">
     <span class='ocr_line' id='line_1_79' title="bbox 2152 3655 3734 3731; baseline -0.005 -14"><span class='ocrx_word' id='word_1_528' title='bbox 2152 3665 2249 3719; x_wconf 80' lang='grc' dir='ltr'>καὶ</span> <span class='ocrx_word' id='word_1_529' title='bbox 2266 3664 2566 3727; x_wconf 72' lang='grc' dir='ltr'>,βασίλευε</span> <span class='ocrx_word' id='word_1_530' title='bbox 2586 3702 2600 3725; x_wconf 95' lang='grc'><strong>,</strong></span> <span class='ocrx_word' id='word_1_531' title='bbox 2634 3662 2709 3725; x_wconf 87' lang='grc' dir='ltr'>ὡς</span> <span class='ocrx_word' id='word_1_532' title='bbox 2734 3661 3072 3731; x_wconf 80' lang='grc' dir='ltr'>ἀγαθοειδὴς,</span> <span class='ocrx_word' id='word_1_533' title='bbox 3102 3661 3197 3714; x_wconf 75' lang='grc' dir='ltr'>καὶ</span> <span class='ocrx_word' id='word_1_534' title='bbox 3215 3660 3337 3722; x_wconf 74' lang='grc' dir='ltr'>υίὸς</span> <span class='ocrx_word' id='word_1_535' title='bbox 3383 3660 3604 3728; x_wconf 85' lang='grc' dir='ltr'>γνήσιος</span> <span class='ocrx_word' id='word_1_536' title='bbox 3632 3655 3734 3710; x_wconf 89' lang='grc' dir='ltr'><strong>τοῦ</strong></span> 
     </span>
    </p>
   </div>
   <div class='ocr_carea' id='block_1_80' title="bbox 2152 3750 3726 3824">
    <p class='ocr_par' dir='ltr' id='par_1_80' title="bbox 2152 3750 3726 3824">
     <span class='ocr_line' id='line_1_80' title="bbox 2152 3750 3726 3824; baseline -0.004 -16"><span class='ocrx_word' id='word_1_537' title='bbox 2152 3757 2425 3818; x_wconf 82' lang='grc' dir='ltr'>Βασιλέως</span> <span class='ocrx_word' id='word_1_538' title='bbox 2456 3755 2551 3808; x_wconf 89' lang='grc' dir='ltr'><strong>τοῦ</strong></span> <span class='ocrx_word' id='word_1_539' title='bbox 2594 3753 2853 3824; x_wconf 83' lang='grc' dir='ltr'>μεγάλου.</span> <span class='ocrx_word' id='word_1_540' title='bbox 2896 3753 3198 3823; x_wconf 83' lang='grc' dir='ltr'>Εὐφραίνου</span> <span class='ocrx_word' id='word_1_541' title='bbox 3225 3752 3319 3805; x_wconf 77' lang='grc' dir='ltr'>καὶ</span> <span class='ocrx_word' id='word_1_542' title='bbox 3339 3750 3687 3821; x_wconf 86' lang='grc' dir='ltr'>κατατέρπου</span> <span class='ocrx_word' id='word_1_543' title='bbox 3712 3763 3726 3777; x_wconf 90' lang='grc'><strong>·</strong></span> 
     </span>
    </p>
   </div>
   <div class='ocr_carea' id='block_1_81' title="bbox 2152 3838 3730 3917">
    <p class='ocr_par' dir='ltr' id='par_1_81' title="bbox 2152 3838 3730 3917">
     <span class='ocr_line' id='line_1_81' title="bbox 2152 3838 3730 3917; baseline -0.006 -16"><span class='ocrx_word' id='word_1_544' title='bbox 2152 3849 2244 3901; x_wconf 89' lang='grc' dir='ltr'><strong>καί</strong></span> <span class='ocrx_word' id='word_1_545' title='bbox 2276 3864 2343 3917; x_wconf 89' lang='grc' dir='ltr'><strong>με</strong></span> <span class='ocrx_word' id='word_1_546' title='bbox 2373 3846 2474 3915; x_wconf 83' lang='grc' dir='ltr'>τῆς</span> <span class='ocrx_word' id='word_1_547' title='bbox 2503 3846 2773 3917; x_wconf 80' lang='grc' dir='ltr'>ὑμετέρας</span> <span class='ocrx_word' id='word_1_548' title='bbox 2808 3846 3044 3915; x_wconf 88' lang='grc' dir='ltr'>μερίδος,</span> <span class='ocrx_word' id='word_1_549' title='bbox 3067 3838 3113 3897; x_wconf 80' lang='grc' dir='ltr'><strong>ὦ</strong></span> <span class='ocrx_word' id='word_1_550' title='bbox 3145 3844 3378 3913; x_wconf 80' lang='grc' dir='ltr'>μακάριε</span> <span class='ocrx_word' id='word_1_551' title='bbox 3398 3882 3412 3907; x_wconf 91' lang='grc'><strong>,</strong></span> <span class='ocrx_word' id='word_1_552' title='bbox 3455 3840 3557 3910; x_wconf 84' lang='grc' dir='ltr'>τῆς</span> <span class='ocrx_word' id='word_1_553' title='bbox 3590 3841 3730 3910; x_wconf 82' lang='grc' dir='ltr'>ὐμε-</span> 
     </span>
    </p>
   </div>
   <div class='ocr_carea' id='block_1_82' title="bbox 2150 3931 3729 4011">
    <p class='ocr_par' dir='ltr' id='par_1_82' title="bbox 2150 3931 3729 4011">
     <span class='ocr_line' id='line_1_82' title="bbox 2150 3931 3729 4011; baseline -0.006 -18"><span class='ocrx_word' id='word_1_554' title='bbox 2150 3940 2315 4011; x_wconf 83' lang='grc' dir='ltr'>τέρας</span> <span class='ocrx_word' id='word_1_555' title='bbox 2362 3940 2585 4009; x_wconf 75' lang='grc' dir='ltr'>ἀγάπης</span> <span class='ocrx_word' id='word_1_556' title='bbox 2622 3940 2717 3992; x_wconf 79' lang='grc' dir='ltr'>καὶ</span> <span class='ocrx_word' id='word_1_557' title='bbox 2778 3940 2999 4009; x_wconf 89' lang='grc' dir='ltr'>χάριτος</span> <span class='ocrx_word' id='word_1_558' title='bbox 3041 3935 3297 3991; x_wconf 74' lang='grc' dir='ltr'>κοινωνὸν</span> <span class='ocrx_word' id='word_1_559' title='bbox 3348 3931 3729 4005; x_wconf 82' lang='grc' dir='ltr'>παρειληφὼς,</span> 
     </span>
    </p>
   </div>
   <div class='ocr_carea' id='block_1_83' title="bbox 2152 4026 3732 4104">
    <p class='ocr_par' dir='ltr' id='par_1_83' title="bbox 2152 4026 3732 4104">
     <span class='ocr_line' id='line_1_83' title="bbox 2152 4026 3732 4104; baseline -0.006 -18"><span class='ocrx_word' id='word_1_560' title='bbox 2152 4034 2643 4104; x_wconf 82' lang='grc' dir='ltr'>εὐπαρῥησιάστως</span> <span class='ocrx_word' id='word_1_561' title='bbox 2666 4031 2894 4102; x_wconf 81' lang='grc' dir='ltr'>ὀφθῆναι</span> <span class='ocrx_word' id='word_1_562' title='bbox 2922 4029 3340 4102; x_wconf 82' lang='grc' dir='ltr'>παρασκεύασον</span> <span class='ocrx_word' id='word_1_563' title='bbox 3385 4027 3464 4097; x_wconf 85' lang='grc' dir='ltr'>τῷ</span> <span class='ocrx_word' id='word_1_564' title='bbox 3491 4026 3639 4094; x_wconf 83' lang='grc' dir='ltr'>Θεῷ·</span> <span class='ocrx_word' id='word_1_565' title='bbox 3670 4027 3732 4078; x_wconf 81' lang='grc' dir='ltr'>ἐν</span> 
     </span>
    </p>
   </div>
   <div class='ocr_carea' id='block_1_84' title="bbox 2151 4111 3727 4196">
    <p class='ocr_par' dir='ltr' id='par_1_84' title="bbox 2151 4111 3727 4196">
     <span class='ocr_line' id='line_1_84' title="bbox 2151 4111 3727 4196; baseline -0.008 -18"><span class='ocrx_word' id='word_1_566' title='bbox 2151 4123 2372 4196; x_wconf 84' lang='grc' dir='ltr'>Χριστῷ</span> <span class='ocrx_word' id='word_1_567' title='bbox 2402 4122 2576 4192; x_wconf 81' lang='grc' dir='ltr'>Ἰησοῦ</span> <span class='ocrx_word' id='word_1_568' title='bbox 2602 4122 2680 4194; x_wconf 82' lang='grc' dir='ltr'>τῷ</span> <span class='ocrx_word' id='word_1_569' title='bbox 2705 4119 2895 4193; x_wconf 83' lang='grc' dir='ltr'>Κυρίῳ</span> <span class='ocrx_word' id='word_1_570' title='bbox 2920 4119 3097 4191; x_wconf 75' lang='grc' dir='ltr'>ἡμῶν,</span> <span class='ocrx_word' id='word_1_571' title='bbox 3117 4111 3161 4187; x_wconf 82' lang='grc' dir='ltr'>ᾧ</span> <span class='ocrx_word' id='word_1_572' title='bbox 3191 4119 3391 4186; x_wconf 83' lang='grc' dir='ltr'>πρέπει</span> <span class='ocrx_word' id='word_1_573' title='bbox 3411 4118 3558 4170; x_wconf 83' lang='grc' dir='ltr'>πᾶσα</span> <span class='ocrx_word' id='word_1_574' title='bbox 3574 4114 3727 4178; x_wconf 80' lang='grc' dir='ltr'>δόξα,</span> 
     </span>
    </p>
   </div>
   <div class='ocr_carea' id='block_1_85' title="bbox 2150 4203 3733 4282">
    <p class='ocr_par' dir='ltr' id='par_1_85' title="bbox 2150 4203 3733 4282">
     <span class='ocr_line' id='line_1_85' title="bbox 2150 4203 3733 4282; baseline -0.004 -18"><span class='ocrx_word' id='word_1_575' title='bbox 2150 4212 2350 4282; x_wconf 84' lang='grc' dir='ltr'>κράτος</span> <span class='ocrx_word' id='word_1_576' title='bbox 2384 4212 2478 4263; x_wconf 81' lang='grc' dir='ltr'>καὶ</span> <span class='ocrx_word' id='word_1_577' title='bbox 2506 4209 2733 4278; x_wconf 75' lang='grc' dir='ltr'>αῖνεσις,</span> <span class='ocrx_word' id='word_1_578' title='bbox 2783 4210 2865 4272; x_wconf 87' lang='grc' dir='ltr'><strong>είς</strong></span> <span class='ocrx_word' id='word_1_579' title='bbox 2915 4209 3043 4271; x_wconf 80' lang='grc' dir='ltr'>τοὺς</span> <span class='ocrx_word' id='word_1_580' title='bbox 3091 4205 3293 4270; x_wconf 82' lang='grc' dir='ltr'>αίῶνας</span> <span class='ocrx_word' id='word_1_581' title='bbox 3331 4205 3439 4260; x_wconf 81' lang='grc' dir='ltr'>τῶν</span> <span class='ocrx_word' id='word_1_582' title='bbox 3492 4203 3733 4258; x_wconf 84' lang='grc' dir='ltr'>αίώνων.</span> 
     </span>
    </p>
   </div>
   <div class='ocr_carea' id='block_1_86' title="bbox 2164 4303 2354 4375">
    <p class='ocr_par' dir='ltr' id='par_1_86' title="bbox 2164 4303 2354 4375">
     <span class='ocr_line' id='line_1_86' title="bbox 2164 4303 2354 4375; baseline 0 -20"><span class='ocrx_word' id='word_1_583' title='bbox 2164 4303 2354 4375; x_wconf 80' lang='grc' dir='ltr'>Ἀμήν.</span> 
     </span>
    </p>
   </div>
   <div class='ocr_carea' id='block_1_87' title="bbox 2768 4433 3129 4488">
    <p class='ocr_par' dir='ltr' id='par_1_87' title="bbox 2768 4433 3129 4488">
     <span class='ocr_line' id='line_1_87' title="bbox 2768 4433 3129 4488; baseline -0.003 0"><span class='ocrx_word' id='word_1_584' title='bbox 2768 4434 2986 4488; x_wconf 87' lang='grc' dir='ltr'><strong>ΛΟΓΟΣ</strong></span> <span class='ocrx_word' id='word_1_585' title='bbox 3028 4433 3129 4487; x_wconf 70' lang='grc' dir='ltr'>ιιῑν.</span> 
     </span>
    </p>
   </div>
   <div class='ocr_carea' id='block_1_88' title="bbox 477 4541 2045 4617">
    <p class='ocr_par' dir='ltr' id='par_1_88' title="bbox 477 4541 2045 4617">
     <span class='ocr_line' id='line_1_88' title="bbox 477 4541 2045 4617; baseline 0.001 -21"><span class='ocrx_word' id='word_1_586' title='bbox 477 4541 745 4597; x_wconf 81' lang='lat' dir='ltr'><strong>Laudatio</strong></span> <span class='ocrx_word' id='word_1_587' title='bbox 776 4545 948 4598; x_wconf 76' lang='lat' dir='ltr'><strong>sancti</strong></span> <span class='ocrx_word' id='word_1_588' title='bbox 974 4560 1033 4597; x_wconf 88' lang='lat' dir='ltr'><strong>ac</strong></span> <span class='ocrx_word' id='word_1_589' title='bbox 1066 4544 1470 4617; x_wconf 69' lang='lat' dir='ltr'><strong>celebratissimi</strong></span> <span class='ocrx_word' id='word_1_590' title='bbox 1501 4541 1673 4598; x_wconf 76' lang='lat' dir='ltr'><strong>Marci</strong></span> <span class='ocrx_word' id='word_1_591' title='bbox 1718 4544 1944 4615; x_wconf 74' lang='lat' dir='ltr'><strong>apostoli</strong></span> <span class='ocrx_word' id='word_1_592' title='bbox 1999 4553 2045 4599; x_wconf 89' lang='lat' dir='ltr'><strong>et</strong></span> 
     </span>
    </p>
   </div>
   <div class='ocr_carea' id='block_1_89' title="bbox 2149 4541 3737 4617">
    <p class='ocr_par' dir='ltr' id='par_1_89' title="bbox 2151 4542 3737 4617">
     <span class='ocr_line' id='line_1_89' title="bbox 2151 4542 3737 4617; baseline -0.001 -17"><span class='ocrx_word' id='word_1_593' title='bbox 2151 4548 2252 4614; x_wconf 82' lang='grc' dir='ltr'>Είς</span> <span class='ocrx_word' id='word_1_594' title='bbox 2277 4547 2386 4601; x_wconf 79' lang='grc' dir='ltr'><strong>τὸν</strong></span> <span class='ocrx_word' id='word_1_595' title='bbox 2429 4547 2604 4617; x_wconf 74' lang='grc' dir='ltr'>ἅγιον</span> <span class='ocrx_word' id='word_1_596' title='bbox 2629 4546 2728 4601; x_wconf 77' lang='grc' dir='ltr'><strong>καί</strong></span> <span class='ocrx_word' id='word_1_597' title='bbox 2773 4548 3169 4617; x_wconf 68' lang='grc' dir='ltr'>παν-εὔφημον</span> <span class='ocrx_word' id='word_1_598' title='bbox 3200 4545 3551 4599; x_wconf 72' lang='grc' dir='ltr'>ἀπόστολον</span> <span class='ocrx_word' id='word_1_599' title='bbox 3574 4542 3737 4612; x_wconf 74' lang='grc' dir='ltr'><strong>Μὰρο</strong></span> 
     </span>
    </p>
   </div>
   <div class='ocr_carea' id='block_1_90' title="bbox 1089 4614 1447 4684">
    <p class='ocr_par' dir='ltr' id='par_1_90' title="bbox 1089 4614 1447 4684">
     <span class='ocr_line' id='line_1_90' title="bbox 1089 4614 1447 4684; baseline 0.003 -17"><span class='ocrx_word' id='word_1_600' title='bbox 1089 4614 1447 4684; x_wconf 72' lang='lat' dir='ltr'><strong>evangelislaz.</strong></span> 
     </span>
    </p>
   </div>
   <div class='ocr_carea' id='block_1_91' title="bbox 549 4724 2052 4797">
    <p class='ocr_par' dir='ltr' id='par_1_91' title="bbox 549 4724 2052 4797">
     <span class='ocr_line' id='line_1_91' title="bbox 549 4724 2052 4797; baseline 0.003 -20"><span class='ocrx_word' id='word_1_601' title='bbox 549 4724 1021 4791; x_wconf 81' lang='lat' dir='ltr'><strong>Quemadmodum</strong></span> <span class='ocrx_word' id='word_1_602' title='bbox 1061 4741 1171 4779; x_wconf 91' lang='lat' dir='ltr'><strong>non</strong></span> <span class='ocrx_word' id='word_1_603' title='bbox 1221 4727 1465 4781; x_wconf 90' lang='lat' dir='ltr'><strong>omnium</strong></span> <span class='ocrx_word' id='word_1_604' title='bbox 1509 4743 1802 4797; x_wconf 81' lang='lat' dir='ltr'><strong>corporum</strong></span> <span class='ocrx_word' id='word_1_605' title='bbox 1862 4727 2052 4782; x_wconf 77' lang='lat' dir='ltr'><strong>forma:</strong></span> 
     </span>
    </p>
   </div>
   <div class='ocr_carea' id='block_1_92' title="bbox 480 4816 2048 4891">
    <p class='ocr_par' dir='ltr' id='par_1_92' title="bbox 480 4816 2048 4891">
     <span class='ocr_line' id='line_1_92' title="bbox 480 4816 2048 4891; baseline 0.001 -19"><span class='ocrx_word' id='word_1_606' title='bbox 480 4816 715 4883; x_wconf 85' lang='lat' dir='ltr'><strong>similes,</strong></span> <span class='ocrx_word' id='word_1_607' title='bbox 746 4817 827 4873; x_wconf 89' lang='lat' dir='ltr'><strong>sic</strong></span> <span class='ocrx_word' id='word_1_608' title='bbox 861 4833 959 4873; x_wconf 90' lang='lat' dir='ltr'><strong>nec</strong></span> <span class='ocrx_word' id='word_1_609' title='bbox 988 4818 1297 4873; x_wconf 87' lang='lat' dir='ltr'><strong>animorum</strong></span> <span class='ocrx_word' id='word_1_610' title='bbox 1329 4820 1529 4875; x_wconf 63' lang='lat' dir='ltr'><strong>eaedem</strong></span> <span class='ocrx_word' id='word_1_611' title='bbox 1563 4821 1694 4891; x_wconf 83' lang='lat' dir='ltr'><strong>ipsae</strong></span> <span class='ocrx_word' id='word_1_612' title='bbox 1740 4820 2048 4891; x_wconf 86' lang='lat' dir='ltr'><strong>proprieta-</strong></span> 
     </span>
    </p>
   </div>
   <div class='ocr_carea' id='block_1_93' title="bbox 2500 4616 3372 4687">
    <p class='ocr_par' dir='ltr' id='par_1_93' title="bbox 2500 4616 3372 4687">
     <span class='ocr_line' id='line_1_93' title="bbox 2500 4616 3372 4687; baseline -0.002 -16"><span class='ocrx_word' id='word_1_613' title='bbox 2500 4635 2613 4671; x_wconf 79' lang='grc' dir='ltr'>κον</span> <span class='ocrx_word' id='word_1_614' title='bbox 2646 4617 2752 4671; x_wconf 82' lang='grc' dir='ltr'><strong>τὸν</strong></span> <span class='ocrx_word' id='word_1_615' title='bbox 2777 4616 3218 4687; x_wconf 68' lang='grc' dir='ltr'>εὐαγγελιστήν</span> <span class='ocrx_word' id='word_1_616' title='bbox 3240 4617 3372 4683; x_wconf 68' lang='grc'><strong>(54).</strong></span> 
     </span>
    </p>
   </div>
   <div class='ocr_carea' id='block_1_94' title="bbox 2226 4728 3733 4801">
    <p class='ocr_par' dir='ltr' id='par_1_94' title="bbox 2226 4728 3733 4801">
     <span class='ocr_line' id='line_1_94' title="bbox 2226 4728 3733 4801; baseline -0.001 -19"><span class='ocrx_word' id='word_1_617' title='bbox 2226 4729 2438 4800; x_wconf 83' lang='grc' dir='ltr'>’Ὠσπερ</span> <span class='ocrx_word' id='word_1_618' title='bbox 2463 4729 2561 4801; x_wconf 89' lang='grc' dir='ltr'>οὐχ</span> <span class='ocrx_word' id='word_1_619' title='bbox 2588 4730 2769 4799; x_wconf 83' lang='grc' dir='ltr'>ὅμοιαι</span> <span class='ocrx_word' id='word_1_620' title='bbox 2794 4729 2902 4783; x_wconf 82' lang='grc' dir='ltr'><strong>τῶν</strong></span> <span class='ocrx_word' id='word_1_621' title='bbox 2944 4728 3213 4799; x_wconf 84' lang='grc' dir='ltr'>σωμάτων</span> <span class='ocrx_word' id='word_1_622' title='bbox 3252 4728 3469 4783; x_wconf 82' lang='grc' dir='ltr'>πάντων</span> <span class='ocrx_word' id='word_1_623' title='bbox 3504 4729 3561 4781; x_wconf 80' lang='grc' dir='ltr'>αἱ</span> <span class='ocrx_word' id='word_1_624' title='bbox 3596 4744 3733 4797; x_wconf 89' lang='grc' dir='ltr'>μορ-</span> 
     </span>
    </p>
   </div>
   <div class='ocr_carea' id='block_1_95' title="bbox 2159 4820 3737 4892">
    <p class='ocr_par' dir='ltr' id='par_1_95' title="bbox 2159 4820 3737 4892">
     <span class='ocr_line' id='line_1_95' title="bbox 2159 4820 3737 4892; baseline -0.001 -17"><span class='ocrx_word' id='word_1_625' title='bbox 2159 4821 2281 4892; x_wconf 78' lang='grc' dir='ltr'>φαὶ,</span> <span class='ocrx_word' id='word_1_626' title='bbox 2316 4821 2490 4886; x_wconf 77' lang='grc' dir='ltr'>οὕτως</span> <span class='ocrx_word' id='word_1_627' title='bbox 2521 4821 2642 4874; x_wconf 77' lang='grc' dir='ltr'>οὐδὲ</span> <span class='ocrx_word' id='word_1_628' title='bbox 2664 4822 2770 4875; x_wconf 86' lang='grc' dir='ltr'><strong>τῶν</strong></span> <span class='ocrx_word' id='word_1_629' title='bbox 2801 4821 2990 4892; x_wconf 81' lang='grc' dir='ltr'>ψυχῶν</span> <span class='ocrx_word' id='word_1_630' title='bbox 3016 4821 3275 4891; x_wconf 77' lang='grc' dir='ltr'>ἰδιότητες</span> <span class='ocrx_word' id='word_1_631' title='bbox 3316 4822 3373 4875; x_wconf 79' lang='grc' dir='ltr'>αἱ</span> <span class='ocrx_word' id='word_1_632' title='bbox 3410 4820 3604 4875; x_wconf 82' lang='grc' dir='ltr'>αὐταί’</span> <span class='ocrx_word' id='word_1_633' title='bbox 3642 4821 3737 4874; x_wconf 80' lang='grc' dir='ltr'>καὶ</span> 
     </span>
    </p>
   </div>
   <div class='ocr_carea' id='block_1_96' title="bbox 548 4996 2156 5067">
    <p class='ocr_par' dir='ltr' id='par_1_96' title="bbox 548 4996 2156 5067">
     <span class='ocr_line' id='line_1_96' title="bbox 548 4996 2156 5067; baseline 0.002 -15"><span class='ocrx_word' id='word_1_634' title='bbox 548 4996 597 5029; x_wconf 83' lang='grc'><strong><em>⁸⁸</em></strong></span> <span class='ocrx_word' id='word_1_635' title='bbox 624 4996 765 5052; x_wconf 84' lang='lat' dir='ltr'><strong>Psal.</strong></span> <span class='ocrx_word' id='word_1_636' title='bbox 792 5013 897 5062; x_wconf 79' lang='lat' dir='ltr'><strong>xu,</strong></span> <span class='ocrx_word' id='word_1_637' title='bbox 925 4998 979 5053; x_wconf 82' lang='grc'><strong>5.</strong></span> <span class='ocrx_word' id='word_1_638' title='bbox 1059 4996 1100 5029; x_wconf 87' lang='grc'><strong>³¹</strong></span> <span class='ocrx_word' id='word_1_639' title='bbox 1137 4998 1281 5053; x_wconf 87' lang='lat' dir='ltr'><strong>Psal.</strong></span> <span class='ocrx_word' id='word_1_640' title='bbox 1326 5014 1551 5065; x_wconf 80' lang='lat' dir='ltr'><strong>Lxxxm,</strong></span> <span class='ocrx_word' id='word_1_641' title='bbox 1584 4999 1636 5054; x_wconf 87' lang='lat'><strong>6.</strong></span> <span class='ocrx_word' id='word_1_642' title='bbox 1695 4998 1738 5030; x_wconf 82' lang='grc'>⁸¹</span> <span class='ocrx_word' id='word_1_643' title='bbox 1765 4998 1908 5053; x_wconf 87' lang='lat' dir='ltr'><strong>Psal.</strong></span> <span class='ocrx_word' id='word_1_644' title='bbox 1927 5014 2072 5067; x_wconf 61' lang='grc' dir='ltr'>των,</span> <span class='ocrx_word' id='word_1_645' title='bbox 2100 4999 2156 5055; x_wconf 88' lang='lat'><strong>5.</strong></span> 
     </span>
    </p>
   </div>
   <div class='ocr_carea' id='block_1_97' title="bbox 552 5153 2050 5227">
    <p class='ocr_par' dir='ltr' id='par_1_97' title="bbox 552 5153 2050 5227">
     <span class='ocr_line' id='line_1_97' title="bbox 552 5153 2050 5227; baseline 0 -16"><span class='ocrx_word' id='word_1_646' title='bbox 552 5153 869 5227; x_wconf 65' lang='lat' dir='ltr'><strong>(SllMarci</strong></span> <span class='ocrx_word' id='word_1_647' title='bbox 898 5155 1251 5227; x_wconf 68' lang='lat' dir='ltr'><strong>evangelista:</strong></span> <span class='ocrx_word' id='word_1_648' title='bbox 1288 5172 1412 5211; x_wconf 90' lang='lat' dir='ltr'><strong>cum</strong></span> <span class='ocrx_word' id='word_1_649' title='bbox 1441 5156 1531 5210; x_wconf 89' lang='lat' dir='ltr'><strong>alii</strong></span> <span class='ocrx_word' id='word_1_650' title='bbox 1563 5158 1751 5226; x_wconf 90' lang='lat' dir='ltr'><strong>plures</strong></span> <span class='ocrx_word' id='word_1_651' title='bbox 1773 5157 2050 5227; x_wconf 90' lang='lat' dir='ltr'><strong>prosecuti</strong></span> 
     </span>
    </p>
   </div>
   <div class='ocr_carea' id='block_1_98' title="bbox 480 5225 2052 5296">
    <p class='ocr_par' dir='ltr' id='par_1_98' title="bbox 480 5225 2052 5296">
     <span class='ocr_line' id='line_1_98' title="bbox 480 5225 2052 5296; baseline 0.001 -16"><span class='ocrx_word' id='word_1_652' title='bbox 480 5225 611 5290; x_wconf 83' lang='lat' dir='ltr'><strong>sint,</strong></span> <span class='ocrx_word' id='word_1_653' title='bbox 639 5226 729 5278; x_wconf 84' lang='lat' dir='ltr'><strong>vix</strong></span> <span class='ocrx_word' id='word_1_654' title='bbox 748 5225 888 5278; x_wconf 87' lang='lat' dir='ltr'><strong>alius</strong></span> <span class='ocrx_word' id='word_1_655' title='bbox 905 5225 1128 5293; x_wconf 87' lang='lat' dir='ltr'><strong>gravius</strong></span> <span class='ocrx_word' id='word_1_656' title='bbox 1154 5228 1477 5296; x_wconf 86' lang='lat' dir='ltr'><strong>majorique,</strong></span> <span class='ocrx_word' id='word_1_657' title='bbox 1494 5225 1704 5296; x_wconf 78' lang='lat' dir='ltr'><strong>judicio</strong></span> <span class='ocrx_word' id='word_1_658' title='bbox 1728 5225 1939 5286; x_wconf 85' lang='lat' dir='ltr'><strong>nostro,</strong></span> <span class='ocrx_word' id='word_1_659' title='bbox 1963 5227 2052 5281; x_wconf 89' lang='lat' dir='ltr'><strong>hic</strong></span> 
     </span>
    </p>
   </div>
   <div class='ocr_carea' id='block_1_99' title="bbox 478 5295 2054 5365">
    <p class='ocr_par' dir='ltr' id='par_1_99' title="bbox 478 5295 2054 5365">
     <span class='ocr_line' id='line_1_99' title="bbox 478 5295 2054 5365; baseline 0 -14"><span class='ocrx_word' id='word_1_660' title='bbox 478 5298 668 5351; x_wconf 85' lang='lat' dir='ltr'><strong>Niceta</strong></span> <span class='ocrx_word' id='word_1_661' title='bbox 701 5311 814 5348; x_wconf 87' lang='lat' dir='ltr'><strong>rem</strong></span> <span class='ocrx_word' id='word_1_662' title='bbox 867 5304 1163 5349; x_wconf 80' lang='lat' dir='ltr'><strong>exsecutus</strong></span> <span class='ocrx_word' id='word_1_663' title='bbox 1201 5295 1400 5350; x_wconf 88' lang='lat' dir='ltr'><strong>merito</strong></span> <span class='ocrx_word' id='word_1_664' title='bbox 1445 5295 1617 5351; x_wconf 82' lang='lat' dir='ltr'><strong>videri</strong></span> <span class='ocrx_word' id='word_1_665' title='bbox 1667 5297 1873 5365; x_wconf 87' lang='lat' dir='ltr'><strong>possit;</strong></span> <span class='ocrx_word' id='word_1_666' title='bbox 1906 5296 2054 5351; x_wconf 90' lang='lat' dir='ltr'><strong>illius</strong></span> 
     </span>
    </p>
   </div>
   <div class='ocr_carea' id='block_1_100' title="bbox 478 5365 2053 5434">
    <p class='ocr_par' dir='ltr' id='par_1_100' title="bbox 478 5365 2053 5434">
     <span class='ocr_line' id='line_1_100' title="bbox 478 5365 2053 5434; baseline -0.001 -14"><span class='ocrx_word' id='word_1_667' title='bbox 478 5366 739 5420; x_wconf 88' lang='lat' dir='ltr'><strong>omnibus</strong></span> <span class='ocrx_word' id='word_1_668' title='bbox 761 5380 881 5433; x_wconf 83' lang='lat' dir='ltr'><strong>qua:</strong></span> <span class='ocrx_word' id='word_1_669' title='bbox 906 5375 1051 5418; x_wconf 72' lang='lat' dir='ltr'><strong>I-erta</strong></span> <span class='ocrx_word' id='word_1_670' title='bbox 1081 5365 1293 5427; x_wconf 77' lang='lat' dir='ltr'><strong>habuit,</strong></span> <span class='ocrx_word' id='word_1_671' title='bbox 1330 5381 1658 5434; x_wconf 87' lang='lat' dir='ltr'><strong>summoque</strong></span> <span class='ocrx_word' id='word_1_672' title='bbox 1689 5366 1906 5421; x_wconf 88' lang='lat' dir='ltr'><strong>delectu</strong></span> <span class='ocrx_word' id='word_1_673' title='bbox 1931 5380 2053 5419; x_wconf 84' lang='lat' dir='ltr'><strong>ora-</strong></span> 
     </span>
    </p>
   </div>
   <div class='ocr_carea' id='block_1_101' title="bbox 481 5435 2054 5505">
    <p class='ocr_par' dir='ltr' id='par_1_101' title="bbox 481 5435 2054 5505">
     <span class='ocr_line' id='line_1_101' title="bbox 481 5435 2054 5505; baseline -0.002 -15"><span class='ocrx_word' id='word_1_674' title='bbox 481 5437 649 5491; x_wconf 89' lang='lat' dir='ltr'><strong>tionis</strong></span> <span class='ocrx_word' id='word_1_675' title='bbox 674 5443 997 5505; x_wconf 86' lang='lat' dir='ltr'><strong>argumcnto</strong></span> <span class='ocrx_word' id='word_1_676' title='bbox 1027 5435 1334 5505; x_wconf 89' lang='lat' dir='ltr'><strong>proposuit,</strong></span> <span class='ocrx_word' id='word_1_677' title='bbox 1383 5436 1695 5489; x_wconf 88' lang='lat' dir='ltr'><strong>luculenter</strong></span> <span class='ocrx_word' id='word_1_678' title='bbox 1729 5437 1869 5505; x_wconf 86' lang='lat' dir='ltr'><strong>stylo</strong></span> <span class='ocrx_word' id='word_1_679' title='bbox 1897 5452 2054 5490; x_wconf 84' lang='lat' dir='ltr'><strong>exor-</strong></span> 
     </span>
    </p>
   </div>
   <div class='ocr_carea' id='block_1_102' title="bbox 480 5504 2054 5573">
    <p class='ocr_par' dir='ltr' id='par_1_102' title="bbox 480 5504 2054 5573">
     <span class='ocr_line' id='line_1_102' title="bbox 480 5504 2054 5573; baseline -0.001 -14"><span class='ocrx_word' id='word_1_680' title='bbox 480 5508 643 5569; x_wconf 84' lang='lat' dir='ltr'><strong>natis,</strong></span> <span class='ocrx_word' id='word_1_681' title='bbox 681 5505 901 5559; x_wconf 89' lang='lat' dir='ltr'><strong>omissis</strong></span> <span class='ocrx_word' id='word_1_682' title='bbox 931 5520 1052 5572; x_wconf 68' lang='lat' dir='ltr'><strong>qua:</strong></span> <span class='ocrx_word' id='word_1_683' title='bbox 1091 5504 1158 5558; x_wconf 89' lang='lat' dir='ltr'><strong>de</strong></span> <span class='ocrx_word' id='word_1_684' title='bbox 1192 5506 1286 5558; x_wconf 91' lang='lat' dir='ltr'><strong>illo</strong></span> <span class='ocrx_word' id='word_1_685' title='bbox 1316 5505 1523 5559; x_wconf 87' lang='lat' dir='ltr'><strong>incerta</strong></span> <span class='ocrx_word' id='word_1_686' title='bbox 1560 5514 1654 5559; x_wconf 88' lang='lat' dir='ltr'><strong>aut</strong></span> <span class='ocrx_word' id='word_1_687' title='bbox 1688 5504 1874 5573; x_wconf 84' lang='lat' dir='ltr'><strong>spuria</strong></span> <span class='ocrx_word' id='word_1_688' title='bbox 1916 5520 2054 5557; x_wconf 85' lang='lat' dir='ltr'><strong>non-</strong></span> 
     </span>
    </p>
   </div>
   <div class='ocr_carea' id='block_1_103' title="bbox 479 5574 2050 5645">
    <p class='ocr_par' dir='ltr' id='par_1_103' title="bbox 479 5574 2050 5645">
     <span class='ocr_line' id='line_1_103' title="bbox 479 5574 2050 5645; baseline -0.001 -16"><span class='ocrx_word' id='word_1_689' title='bbox 479 5577 616 5629; x_wconf 84' lang='lat' dir='ltr'><strong>nulli</strong></span> <span class='ocrx_word' id='word_1_690' title='bbox 654 5584 902 5633; x_wconf 89' lang='lat' dir='ltr'><strong>narrant,</strong></span> <span class='ocrx_word' id='word_1_691' title='bbox 934 5574 1097 5645; x_wconf 85' lang='lat' dir='ltr'><strong>etiam</strong></span> <span class='ocrx_word' id='word_1_692' title='bbox 1144 5584 1381 5637; x_wconf 90' lang='lat' dir='ltr'><strong>veteres,</strong></span> <span class='ocrx_word' id='word_1_693' title='bbox 1430 5590 1665 5645; x_wconf 78' lang='lat' dir='ltr'><strong>quorum</strong></span> <span class='ocrx_word' id='word_1_694' title='bbox 1698 5575 1839 5629; x_wconf 89' lang='lat' dir='ltr'><strong>dicta</strong></span> <span class='ocrx_word' id='word_1_695' title='bbox 1867 5574 1932 5628; x_wconf 89' lang='lat' dir='ltr'><strong>ad</strong></span> <span class='ocrx_word' id='word_1_696' title='bbox 1962 5576 2050 5643; x_wconf 81' lang='lat' dir='ltr'><strong>ju-</strong></span> 
     </span>
    </p>
   </div>
   <div class='ocr_carea' id='block_1_104' title="bbox 481 5643 2047 5713">
    <p class='ocr_par' dir='ltr' id='par_1_104' title="bbox 481 5643 2047 5713">
     <span class='ocr_line' id='line_1_104' title="bbox 481 5643 2047 5713; baseline 0 -16"><span class='ocrx_word' id='word_1_697' title='bbox 481 5645 615 5699; x_wconf 89' lang='lat' dir='ltr'><strong>dicii</strong></span> <span class='ocrx_word' id='word_1_698' title='bbox 645 5645 838 5698; x_wconf 89' lang='lat' dir='ltr'><strong>libram</strong></span> <span class='ocrx_word' id='word_1_699' title='bbox 862 5643 1151 5711; x_wconf 84' lang='lat' dir='ltr'><strong>exigenda,</strong></span> <span class='ocrx_word' id='word_1_700' title='bbox 1194 5660 1262 5697; x_wconf 90' lang='lat' dir='ltr'><strong>nc</strong></span> <span class='ocrx_word' id='word_1_701' title='bbox 1288 5661 1355 5698; x_wconf 77' lang='lat' dir='ltr'><strong>ex</strong></span> <span class='ocrx_word' id='word_1_702' title='bbox 1386 5643 1501 5713; x_wconf 83' lang='lat' dir='ltr'><strong>ipsa</strong></span> <span class='ocrx_word' id='word_1_703' title='bbox 1534 5660 1728 5699; x_wconf 89' lang='lat' dir='ltr'><strong>eorum</strong></span> <span class='ocrx_word' id='word_1_704' title='bbox 1772 5653 2047 5699; x_wconf 81' lang='lat' dir='ltr'><strong>vetustate</strong></span> 
     </span>
    </p>
   </div>
   <div class='ocr_carea' id='block_1_105' title="bbox 480 5713 2049 5784">
    <p class='ocr_par' dir='ltr' id='par_1_105' title="bbox 480 5713 2049 5784">
     <span class='ocr_line' id='line_1_105' title="bbox 480 5713 2049 5784; baseline -0.001 -16"><span class='ocrx_word' id='word_1_705' title='bbox 480 5713 617 5784; x_wconf 82' lang='lat' dir='ltr'><strong>ﬁant</strong></span> <span class='ocrx_word' id='word_1_706' title='bbox 661 5714 869 5784; x_wconf 83' lang='lat' dir='ltr'><strong>erroris</strong></span> <span class='ocrx_word' id='word_1_707' title='bbox 918 5728 1117 5784; x_wconf 86' lang='lat' dir='ltr'><strong>causa;</strong></span> <span class='ocrx_word' id='word_1_708' title='bbox 1149 5714 1295 5783; x_wconf 80' lang='lat' dir='ltr'><strong>quod</strong></span> <span class='ocrx_word' id='word_1_709' title='bbox 1329 5714 1395 5768; x_wconf 89' lang='lat' dir='ltr'><strong>de</strong></span> <span class='ocrx_word' id='word_1_710' title='bbox 1441 5715 1604 5784; x_wconf 87' lang='lat' dir='ltr'><strong>Papia</strong></span> <span class='ocrx_word' id='word_1_711' title='bbox 1638 5715 1859 5768; x_wconf 88' lang='lat' dir='ltr'><strong>homine</strong></span> <span class='ocrx_word' id='word_1_712' title='bbox 1915 5716 2049 5768; x_wconf 88' lang='lat' dir='ltr'><strong>sim-</strong></span> 
     </span>
    </p>
   </div>
   <div class='ocr_carea' id='block_1_106' title="bbox 480 5783 2049 5854">
    <p class='ocr_par' dir='ltr' id='par_1_106' title="bbox 480 5783 2049 5854">
     <span class='ocr_line' id='line_1_106' title="bbox 480 5783 2049 5854; baseline -0.002 -17"><span class='ocrx_word' id='word_1_713' title='bbox 480 5783 611 5854; x_wconf 89' lang='lat' dir='ltr'><strong>plici</strong></span> <span class='ocrx_word' id='word_1_714' title='bbox 637 5783 806 5839; x_wconf 82' lang='lat' dir='ltr'><strong>refert</strong></span> <span class='ocrx_word' id='word_1_715' title='bbox 836 5783 1038 5854; x_wconf 85' lang='lat' dir='ltr'><strong>Euseb.</strong></span> <span class='ocrx_word' id='word_1_716' title='bbox 1061 5783 1100 5836; x_wconf 95' lang='lat' dir='ltr'><strong>l.</strong></span> <span class='ocrx_word' id='word_1_717' title='bbox 1141 5799 1219 5854; x_wconf 81' lang='lat' dir='ltr'><strong>Ill,</strong></span> <span class='ocrx_word' id='word_1_718' title='bbox 1244 5799 1294 5838; x_wconf 79' lang='grc' dir='ltr'>ο.</span> <span class='ocrx_word' id='word_1_719' title='bbox 1319 5784 1408 5841; x_wconf 79' lang='grc'><strong>59.</strong></span> <span class='ocrx_word' id='word_1_720' title='bbox 1435 5783 1529 5853; x_wconf 86' lang='lat' dir='ltr'><strong>qui</strong></span> <span class='ocrx_word' id='word_1_721' title='bbox 1570 5785 1769 5853; x_wconf 78' lang='grc' dir='ltr'>σφόδρα</span> <span class='ocrx_word' id='word_1_722' title='bbox 1819 5785 2049 5854; x_wconf 67' lang='grc' dir='ltr'>σμικρὸς</span> 
     </span>
    </p>
   </div>
   <div class='ocr_carea' id='block_1_107' title="bbox 461 5853 2048 5923">
    <p class='ocr_par' dir='ltr' id='par_1_107' title="bbox 461 5853 2048 5923">
     <span class='ocr_line' id='line_1_107' title="bbox 461 5853 2048 5923; baseline 0.002 -19"><span class='ocrx_word' id='word_1_723' title='bbox 461 5853 575 5911; x_wconf 77' lang='grc' dir='ltr'>,τὸν</span> <span class='ocrx_word' id='word_1_724' title='bbox 605 5854 747 5920; x_wconf 81' lang='grc' dir='ltr'>νοῦν,</span> <span class='ocrx_word' id='word_1_725' title='bbox 774 5853 1035 5922; x_wconf 73' lang='grc' dir='ltr'>ρενεεηιιίδ</span> <span class='ocrx_word' id='word_1_726' title='bbox 1070 5853 1222 5908; x_wconf 80' lang='lat' dir='ltr'><strong>valde</strong></span> <span class='ocrx_word' id='word_1_727' title='bbox 1251 5855 1469 5923; x_wconf 78' lang='lat' dir='ltr'><strong>ingenii,</strong></span> <span class='ocrx_word' id='word_1_728' title='bbox 1513 5855 1701 5907; x_wconf 84' lang='lat' dir='ltr'><strong>audita</strong></span> <span class='ocrx_word' id='word_1_729' title='bbox 1741 5870 1769 5908; x_wconf 84' lang='lat' dir='ltr'><strong>a</strong></span> <span class='ocrx_word' id='word_1_730' title='bbox 1814 5853 2048 5909; x_wconf 73' lang='lat' dir='ltr'><strong>scniori~</strong></span> 
     </span>
    </p>
   </div>
   <div class='ocr_carea' id='block_1_108' title="bbox 2155 5150 3735 5222">
    <p class='ocr_par' dir='ltr' id='par_1_108' title="bbox 2155 5150 3735 5222">
     <span class='ocr_line' id='line_1_108' title="bbox 2155 5150 3735 5222; baseline -0.004 -11"><span class='ocrx_word' id='word_1_731' title='bbox 2155 5156 2286 5218; x_wconf 88' lang='lat' dir='ltr'><strong>bus,</strong></span> <span class='ocrx_word' id='word_1_732' title='bbox 2318 5169 2421 5209; x_wconf 89' lang='lat' dir='ltr'><strong>nec</strong></span> <span class='ocrx_word' id='word_1_733' title='bbox 2448 5154 2581 5209; x_wconf 89' lang='lat' dir='ltr'><strong>satis</strong></span> <span class='ocrx_word' id='word_1_734' title='bbox 2617 5152 2922 5222; x_wconf 80' lang='lat' dir='ltr'><strong>intellecta,</strong></span> <span class='ocrx_word' id='word_1_735' title='bbox 2954 5151 3111 5205; x_wconf 86' lang='lat' dir='ltr'><strong>libris</strong></span> <span class='ocrx_word' id='word_1_736' title='bbox 3134 5150 3496 5222; x_wconf 81' lang='lat' dir='ltr'><strong>consignavit,</strong></span> <span class='ocrx_word' id='word_1_737' title='bbox 3543 5168 3606 5206; x_wconf 90' lang='lat' dir='ltr'><strong>ac</strong></span> <span class='ocrx_word' id='word_1_738' title='bbox 3636 5168 3735 5222; x_wconf 78' lang='lat' dir='ltr'><strong>po-</strong></span> 
     </span>
    </p>
   </div>
   <div class='ocr_carea' id='block_1_109' title="bbox 2158 5221 3731 5290">
    <p class='ocr_par' dir='ltr' id='par_1_109' title="bbox 2158 5221 3731 5290">
     <span class='ocr_line' id='line_1_109' title="bbox 2158 5221 3731 5290; baseline -0.004 -8"><span class='ocrx_word' id='word_1_739' title='bbox 2158 5224 2398 5282; x_wconf 85' lang='lat' dir='ltr'><strong>steritati</strong></span> <span class='ocrx_word' id='word_1_740' title='bbox 2428 5223 2675 5278; x_wconf 87' lang='lat' dir='ltr'><strong>tradidit.</strong></span> <span class='ocrx_word' id='word_1_741' title='bbox 2710 5222 2772 5276; x_wconf 87' lang='lat' dir='ltr'><strong>ln</strong></span> <span class='ocrx_word' id='word_1_742' title='bbox 2817 5221 3020 5290; x_wconf 90' lang='lat' dir='ltr'><strong>quibus</strong></span> <span class='ocrx_word' id='word_1_743' title='bbox 3061 5221 3195 5275; x_wconf 88' lang='lat' dir='ltr'><strong>mihi</strong></span> <span class='ocrx_word' id='word_1_744' title='bbox 3229 5223 3414 5274; x_wconf 90' lang='lat' dir='ltr'><strong>statim</strong></span> <span class='ocrx_word' id='word_1_745' title='bbox 3465 5221 3731 5285; x_wconf 88' lang='lat' dir='ltr'><strong>occurrit,</strong></span> 
     </span>
    </p>
   </div>
   <div class='ocr_carea' id='block_1_110' title="bbox 2157 5290 3736 5364">
    <p class='ocr_par' dir='ltr' id='par_1_110' title="bbox 2157 5290 3736 5364">
     <span class='ocr_line' id='line_1_110' title="bbox 2157 5290 3736 5364; baseline -0.002 -15"><span class='ocrx_word' id='word_1_746' title='bbox 2157 5294 2305 5364; x_wconf 90' lang='lat' dir='ltr'><strong>quod</strong></span> <span class='ocrx_word' id='word_1_747' title='bbox 2339 5297 2407 5349; x_wconf 88' lang='lat' dir='ltr'><strong>de</strong></span> <span class='ocrx_word' id='word_1_748' title='bbox 2437 5294 2618 5349; x_wconf 83' lang='lat' dir='ltr'><strong>Marco</strong></span> <span class='ocrx_word' id='word_1_749' title='bbox 2646 5293 2700 5345; x_wconf 91' lang='lat' dir='ltr'><strong>in</strong></span> <span class='ocrx_word' id='word_1_750' title='bbox 2721 5293 2847 5364; x_wconf 67' lang='lat' dir='ltr'><strong>haec</strong></span> <span class='ocrx_word' id='word_1_751' title='bbox 2862 5292 3029 5364; x_wconf 80' lang='lat' dir='ltr'><strong>verba</strong></span> <span class='ocrx_word' id='word_1_752' title='bbox 3082 5299 3269 5345; x_wconf 89' lang='lat' dir='ltr'><strong>narrat</strong></span> <span class='ocrx_word' id='word_1_753' title='bbox 3295 5290 3491 5344; x_wconf 85' lang='lat' dir='ltr'><strong>eodem</strong></span> <span class='ocrx_word' id='word_1_754' title='bbox 3528 5292 3622 5364; x_wconf 84' lang='lat' dir='ltr'><strong>illo</strong></span> <span class='ocrx_word' id='word_1_755' title='bbox 3643 5308 3736 5346; x_wconf 87' lang='lat' dir='ltr'><strong>ca-</strong></span> 
     </span>
    </p>
   </div>
   <div class='ocr_carea' id='block_1_111' title="bbox 2157 5361 3736 5435">
    <p class='ocr_par' dir='ltr' id='par_1_111' title="bbox 2157 5361 3736 5435">
     <span class='ocr_line' id='line_1_111' title="bbox 2157 5361 3736 5435; baseline -0.003 -19"><span class='ocrx_word' id='word_1_756' title='bbox 2157 5361 2267 5435; x_wconf 83' lang='lat' dir='ltr'><strong>pite</strong></span> <span class='ocrx_word' id='word_1_757' title='bbox 2294 5365 2450 5435; x_wconf 87' lang='lat' dir='ltr'><strong>quasi</strong></span> <span class='ocrx_word' id='word_1_758' title='bbox 2472 5380 2539 5419; x_wconf 79' lang='lat' dir='ltr'><strong>ex</strong></span> <span class='ocrx_word' id='word_1_759' title='bbox 2564 5362 2843 5435; x_wconf 63' lang='lat' dir='ltr'><strong>Aristione</strong></span> <span class='ocrx_word' id='word_1_760' title='bbox 2870 5361 3195 5435; x_wconf 80' lang='lat' dir='ltr'><strong>presbytero</strong></span> <span class='ocrx_word' id='word_1_761' title='bbox 3221 5370 3445 5435; x_wconf 80' lang='lat' dir='ltr'><strong>accepta</strong></span> <span class='ocrx_word' id='word_1_762' title='bbox 3468 5381 3479 5415; x_wconf 89' lang='lat'>:</span> <span class='ocrx_word' id='word_1_763' title='bbox 3501 5362 3736 5435; x_wconf 76' lang='grc' dir='ltr'>Μάρκος</span> 
     </span>
    </p>
   </div>
   <div class='ocr_carea' id='block_1_112' title="bbox 2160 5431 3740 5503">
    <p class='ocr_par' dir='ltr' id='par_1_112' title="bbox 2160 5431 3740 5503">
     <span class='ocr_line' id='line_1_112' title="bbox 2160 5431 3740 5503; baseline -0.002 -17"><span class='ocrx_word' id='word_1_764' title='bbox 2160 5431 2259 5503; x_wconf 77' lang='grc' dir='ltr'>μὲν</span> <span class='ocrx_word' id='word_1_765' title='bbox 2307 5434 2649 5503; x_wconf 75' lang='grc' dir='ltr'>ἑρμηνευτὴς</span> <span class='ocrx_word' id='word_1_766' title='bbox 2706 5432 2914 5503; x_wconf 80' lang='grc' dir='ltr'>Πέτρου</span> <span class='ocrx_word' id='word_1_767' title='bbox 2973 5431 3282 5503; x_wconf 73' lang='grc' dir='ltr'>γενόμενος,</span> <span class='ocrx_word' id='word_1_768' title='bbox 3347 5432 3444 5503; x_wconf 57' lang='grc' dir='ltr'>ὅσα</span> <span class='ocrx_word' id='word_1_769' title='bbox 3497 5433 3740 5503; x_wconf 55' lang='grc' dir='ltr'>ἐμνημόέ</span> 
     </span>
    </p>
   </div>
   <div class='ocr_carea' id='block_1_113' title="bbox 2156 5499 3738 5581">
    <p class='ocr_par' dir='ltr' id='par_1_113' title="bbox 2156 5499 3738 5581">
     <span class='ocr_line' id='line_1_113' title="bbox 2156 5499 3738 5581; baseline -0.001 -26"><span class='ocrx_word' id='word_1_770' title='bbox 2156 5499 2645 5581; x_wconf 40' lang='grc' dir='ltr'>νευσεν,’ἀκρι“6ᾤς</span> <span class='ocrx_word' id='word_1_771' title='bbox 2674 5499 2935 5581; x_wconf 56' lang='grc' dir='ltr'>ἔγραψεν.</span> <span class='ocrx_word' id='word_1_772' title='bbox 2974 5500 3472 5581; x_wconf 39' lang='grc' dir='ltr'>Οὐλμέντοιπὰξει</span> <span class='ocrx_word' id='word_1_773' title='bbox 3506 5503 3575 5581; x_wconf 58' lang='grc' dir='ltr'><strong>τά</strong></span> <span class='ocrx_word' id='word_1_774' title='bbox 3628 5502 3738 5553; x_wconf 74' lang='grc' dir='ltr'><strong>ὐπὸ</strong></span> 
     </span>
    </p>
   </div>
   <div class='ocr_carea' id='block_1_114' title="bbox 2154 5569 3736 5642">
    <p class='ocr_par' dir='ltr' id='par_1_114' title="bbox 2154 5569 3736 5642">
     <span class='ocr_line' id='line_1_114' title="bbox 2154 5569 3736 5642; baseline 0 -17"><span class='ocrx_word' id='word_1_775' title='bbox 2154 5572 2247 5625; x_wconf 88' lang='grc' dir='ltr'><strong>τοῦ</strong></span> <span class='ocrx_word' id='word_1_776' title='bbox 2268 5569 2553 5642; x_wconf 82' lang='grc' dir='ltr'>Χριστοῦῆ</span> <span class='ocrx_word' id='word_1_777' title='bbox 2575 5569 2879 5642; x_wconf 81' lang='grc' dir='ltr'>λεχθένταῆ</span> <span class='ocrx_word' id='word_1_778' title='bbox 2904 5569 3231 5642; x_wconf 74' lang='grc' dir='ltr'>πραχθέντα.</span> <span class='ocrx_word' id='word_1_779' title='bbox 3253 5570 3395 5642; x_wconf 21' lang='grc' dir='ltr'>Οῦτελ</span> <span class='ocrx_word' id='word_1_780' title='bbox 3409 5570 3736 5642; x_wconf 34' lang='grc' dir='ltr'>γὰρ-ἤκουσε</span> 
     </span>
    </p>
   </div>
   <div class='ocr_carea' id='block_1_115' title="bbox 2155 5638 3732 5710">
    <p class='ocr_par' dir='ltr' id='par_1_115' title="bbox 2155 5638 3732 5710">
     <span class='ocr_line' id='line_1_115' title="bbox 2155 5638 3732 5710; baseline 0 -16"><span class='ocrx_word' id='word_1_781' title='bbox 2155 5642 2248 5695; x_wconf 88' lang='grc' dir='ltr'><strong>τοῦ</strong></span> <span class='ocrx_word' id='word_1_782' title='bbox 2289 5638 2518 5709; x_wconf 78' lang='grc' dir='ltr'>Κυρίου,</span> <span class='ocrx_word' id='word_1_783' title='bbox 2542 5638 2552 5642; x_wconf 77' lang='grc'><em>’</em></span> <span class='ocrx_word' id='word_1_784' title='bbox 2577 5638 2702 5693; x_wconf 79' lang='grc' dir='ltr'>οὐτε</span> <span class='ocrx_word' id='word_1_785' title='bbox 2743 5638 3226 5710; x_wconf 87' lang='grc' dir='ltr'>παρηκολούθησεν</span> <span class='ocrx_word' id='word_1_786' title='bbox 3260 5639 3426 5707; x_wconf 83' lang='grc' dir='ltr'>αὐτῷ.</span> <span class='ocrx_word' id='word_1_787' title='bbox 3463 5638 3732 5710; x_wconf 69' lang='grc' dir='ltr'>’Ὕστερον</span> 
     </span>
    </p>
   </div>
   <div class='ocr_carea' id='block_1_116' title="bbox 2156 5709 3737 5798">
    <p class='ocr_par' dir='ltr' id='par_1_116' title="bbox 2156 5709 3737 5798">
     <span class='ocr_line' id='line_1_116' title="bbox 2156 5709 3737 5798; baseline 0 -35"><span class='ocrx_word' id='word_1_788' title='bbox 2156 5712 2237 5798; x_wconf 46' lang='grc' dir='ltr'>δὲ,</span> <span class='ocrx_word' id='word_1_789' title='bbox 2262 5712 2337 5773; x_wconf 84' lang='grc' dir='ltr'>ὡς</span> <span class='ocrx_word' id='word_1_790' title='bbox 2361 5712 2519 5798; x_wconf 47' lang='grc' dir='ltr'>ἕδρην,</span> <span class='ocrx_word' id='word_1_791' title='bbox 2551 5711 2765 5798; x_wconf 32' lang='grc' dir='ltr'>ῌιέτριρ,</span> <span class='ocrx_word' id='word_1_792' title='bbox 2790 5709 2848 5793; x_wconf 61' lang='grc' dir='ltr'>ὃς</span> <span class='ocrx_word' id='word_1_793' title='bbox 2881 5711 3017 5779; x_wconf 76' lang='grc' dir='ltr'>πρὸς</span> <span class='ocrx_word' id='word_1_794' title='bbox 3039 5709 3136 5793; x_wconf 73' lang='grc' dir='ltr'><strong>τάς</strong></span> <span class='ocrx_word' id='word_1_795' title='bbox 3170 5710 3363 5798; x_wconf 66' lang='grc' dir='ltr'>χρείας</span> <span class='ocrx_word' id='word_1_796' title='bbox 3377 5712 3613 5798; x_wconf 58' lang='grc' dir='ltr'>ἐποιεῖτο</span> <span class='ocrx_word' id='word_1_797' title='bbox 3638 5709 3737 5793; x_wconf 54' lang='lat' dir='ltr'><strong>fit;</strong></span> 
     </span>
    </p>
   </div>
   <div class='ocr_carea' id='block_1_117' title="bbox 2156 5778 3736 5849">
    <p class='ocr_par' dir='ltr' id='par_1_117' title="bbox 2156 5778 3736 5849">
     <span class='ocr_line' id='line_1_117' title="bbox 2156 5778 3736 5849; baseline -0.001 -16"><span class='ocrx_word' id='word_1_798' title='bbox 2156 5778 2529 5843; x_wconf 82' lang='grc' dir='ltr'>διδασκαλίας,</span> <span class='ocrx_word' id='word_1_799' title='bbox 2558 5778 2673 5833; x_wconf 81' lang='grc' dir='ltr'>ἀλλ’</span> <span class='ocrx_word' id='word_1_800' title='bbox 2690 5778 2785 5848; x_wconf 84' lang='grc' dir='ltr'>οὐχ</span> <span class='ocrx_word' id='word_1_801' title='bbox 2806 5778 2997 5847; x_wconf 85' lang='grc' dir='ltr'>ὥσπερ</span> <span class='ocrx_word' id='word_1_802' title='bbox 3024 5778 3275 5849; x_wconf 74' lang='grc' dir='ltr'>σύνταξιν</span> <span class='ocrx_word' id='word_1_803' title='bbox 3295 5779 3404 5831; x_wconf 83' lang='grc' dir='ltr'><strong>τῶν</strong></span> <span class='ocrx_word' id='word_1_804' title='bbox 3437 5780 3736 5849; x_wconf 79' lang='grc' dir='ltr'>Κυριακῶν</span> 
     </span>
    </p>
   </div>
   <div class='ocr_carea' id='block_1_118' title="bbox 2158 5848 3735 5921">
    <p class='ocr_par' dir='ltr' id='par_1_118' title="bbox 2158 5848 3735 5921">
     <span class='ocr_line' id='line_1_118' title="bbox 2158 5848 3735 5921; baseline 0.001 -17"><span class='ocrx_word' id='word_1_805' title='bbox 2158 5850 2478 5921; x_wconf 83' lang='grc' dir='ltr'>ποιούμενος</span> <span class='ocrx_word' id='word_1_806' title='bbox 2537 5849 2728 5917; x_wconf 88' lang='grc' dir='ltr'>λόγων.</span> <span class='ocrx_word' id='word_1_807' title='bbox 2775 5853 2988 5904; x_wconf 80' lang='lat' dir='ltr'><strong>Marcus</strong></span> <span class='ocrx_word' id='word_1_808' title='bbox 3044 5848 3191 5903; x_wconf 83' lang='lat' dir='ltr'><strong>Petri</strong></span> <span class='ocrx_word' id='word_1_809' title='bbox 3252 5848 3533 5921; x_wconf 80' lang='lat' dir='ltr'><strong>interpres,</strong></span> <span class='ocrx_word' id='word_1_810' title='bbox 3584 5867 3735 5919; x_wconf 68' lang='lat' dir='ltr'><strong>qua;-</strong></span> 
     </span>
    </p>
   </div>
  </div>
