4008 6580
261 393 375 457 289

1040 391 1325 452 ORATIO
1364 393 1483 452 XV.
1512 417 1577 428 --
1622 392 1702 452 IN
1735 391 2048 452 LAUDEM
2087 392 2150 453 S.
2192 393 2432 453 MARCI
2456 392 2713 455 APOST.

3407 392 3516 457 290

257 498 347 552 καὶ
399 490 807 563 εὐαγγελιστὴν,
855 493 1146 564 προσθήσω
1191 493 1248 546 δὲ
1279 494 1372 547 καὶ
1407 494 1688 565 ἱεράρχην,
1739 493 1833 547 καὶ

1955 506 2085 550 stam
2111 536 2127 563 ,
2159 496 2350 551 addam
2380 512 2510 552 vero
2536 507 2587 551 et
2611 496 2931 561 antistitem,
2956 495 3193 569 Jesuque
3217 497 3517 568 maiestatis

254 590 354 658 τῆς
405 585 579 656 Ἰησοῦ
628 588 1053 656 μεγαλειότητος
1077 585 1329 656 μάρτυρα
1357 585 1584 657 Μάρκον
1613 584 1837 653 ἀφηγῆ-

258 695 342 731 σαι
363 693 379 708 ⁶
410 676 503 729 καὶ
536 676 648 738 τοῖς
679 677 743 728 ὲκ
775 675 882 728 τῶν
909 675 1083 742 λόγων
1128 675 1370 737 ἐπαίνοις
1391 674 1466 739 ὡς
1501 675 1717 729 ἄνθεσιν
1746 674 1840 727 εὐ-

255 769 478 823 ωδιάσαι
496 768 591 821 καὶ
618 769 1055 836 κατακοσμῆσαι.
1079 761 1248 829 Οὗτος
1272 767 1381 837 γὰρ
1411 769 1560 837 ἡμᾶς
1579 769 1835 837 σήμερον,

253 863 327 933 τῷ
353 859 606 929 γλυκερῷ
635 859 733 929 μὲν
763 859 858 911 καὶ
886 859 1085 929 ἡδίστῳ
1116 859 1216 928 τῆς
1246 858 1412 912 αὑτοῦ
1456 860 1675 929 μνήμης
1704 861 1838 929 πρὸς

254 955 446 1006 οίκεῖον
476 950 852 1021 ἀναζωπυρῶν
881 947 1031 1004 αἶνον
1050 969 1064 982 ο
1089 951 1166 1021 τῷ
1190 949 1416 1017 ποικίλῳ
1438 952 1493 1004 δὲ
1514 952 1607 1018 τῆς
1640 952 1839 1023 ἀρετῆς

256 1044 345 1097 καὶ
385 1042 819 1113 μεγαλοπρεπεῖ,
880 1043 972 1095 τὸν
1017 1043 1175 1096 ὄκνον
1218 1044 1350 1113 ἡμῖν
1377 1045 1561 1103 ἐνιεὶς,
1600 1043 1838 1110 ἀγωνίας

253 1152 309 1188 τε
348 1134 465 1204 ἅμα
497 1133 593 1187 καὶ
627 1133 935 1205 προθυμίας
972 1134 1331 1203 ἐμπίπλησιν.
1374 1134 1512 1187 Ἀλλ’
1559 1136 1721 1204 ἡμεῖς
1744 1132 1837 1185 τοῦ

256 1226 572 1295 Πνεῦματος
615 1225 714 1296 τὴν
760 1226 1071 1295 ἐνέργειαν,
1125 1227 1220 1279 καὶ
1284 1226 1378 1279 τοῦ
1416 1225 1836 1296 εὑτρημουμένου

254 1320 349 1389 τὴν
378 1318 631 1386 θεολόγον
658 1319 1119 1388 ἐπικαλεσάμενοι
1151 1319 1358 1390 φωνὴν,
1394 1318 1603 1389 βραχέα
1642 1317 1837 1387 τούτῳ,

254 1413 344 1466 καὶ
394 1414 499 1465 ὅσα
553 1410 714 1464 δώσει
769 1411 1280 1482 προσλαλήσωμενο
1329 1411 1469 1464 οὕτω
1503 1411 1612 1482 γὰρ
1659 1409 1752 1463 καὶ
1782 1410 1842 1462 τὸ

255 1505 411 1576 χρέος
440 1504 521 1575 τῷ
548 1504 861 1573 λογιωτάτῳ
889 1503 984 1556 τοῦ
1015 1503 1189 1572 Λόγου
1221 1506 1364 1556 κατά
1382 1502 1619 1571 δύναμιν
1648 1501 1842 1570 ὑφέξο-

259 1616 352 1668 μεν
396 1598 637 1667 μαθητῇ,
678 1597 769 1650 καὶ
806 1599 871 1666 τῇ
930 1596 1227 1666 Ἐκκλησία
1272 1596 1369 1648 τοῦ
1417 1594 1552 1649 Θεοῦ
1582 1595 1675 1648 τὸν
1701 1595 1843 1665 ἱερὸν

254 1689 675 1758 ἀφοσιωσόμεθα
709 1688 894 1741 πόθον.

321 1774 496 1844 Οὗτος
520 1782 701 1834 τοίνυν
730 1783 758 1834 6
791 1778 1045 1843 ἐκλεκτὸς
1074 1782 1164 1833 καὶ
1198 1780 1422 1850 δόκιμος
1449 1780 1842 1850 εὐαγγελιστὴς

254 1872 341 1927 τοῦ
386 1872 588 1943 Ἰησοῦ,
623 1875 650 1925 6
677 1872 931 1943 λαμπρὸς
962 1874 1061 1941 τῆς
1099 1871 1416 1941 οἰκονομίας
1438 1871 1531 1924 τοῦ
1563 1870 1699 1925 Θεοῦ
1735 1871 1839 1923 Λό-

255 1980 347 2031 γου
388 1963 685 2031 θεολόγος·
737 1965 765 2015 6
819 1962 1305 2030 φωτοφανέστατος
1362 1963 1460 2031 τῆς
1516 1960 1843 2031 Ἐκκλησίας

256 2056 519 2127 λαμπτὴρ
540 2068 555 2082 ·
580 2057 609 2108 6
628 2056 703 2127 μὴ
727 2054 907 2123 λόγοις
943 2055 1101 2125 μόνον
1140 2057 1346 2120 σοφοῖς,
1378 2054 1514 2107 ἀλλά
1548 2056 1640 2106 καὶ
1661 2054 1846 2121 ἁγίαις

256 2147 524 2219 Γραφαῖς,
555 2146 690 2199 ἀλλὰ
714 2148 809 2199 καὶ
848 2145 1022 2214 ἀγῶσι
1061 2148 1332 2217 στερροῖς,
1368 2145 1503 2199 ἀλλά
1537 2146 1629 2198 καὶ
1673 2146 1847 2216 παθή-

260 2257 423 2310 μασιν
454 2239 772 2309 ἀθλητικοῖς
827 2238 1225 2309 ὑπέρλαμπρον
1251 2239 1313 2291 τδ
1366 2238 1487 2293 κατ’
1519 2237 1680 2291 αὑτὸν
1710 2254 1848 2308 μαρ-

256 2333 440 2402 τύριον
495 2330 908 2402 ἀποπληρώσας
958 2330 1035 2402 τῷ
1080 2330 1223 2400 Θεῷ.
1282 2323 1471 2395 Οὗτος,
1529 2330 1630 2400 τὴν
1678 2329 1847 2397 ἀκοὴν

258 2423 527 2493 πρότερον
581 2421 837 2493 ἀκηκοὼς
897 2420 991 2476 τοῦ
1026 2420 1224 2492 Ἰησοῦ,
1269 2421 1370 2475 οὐκ
1417 2421 1579 2475 ἔϐυσε
1630 2421 1699 2475 τά
1733 2414 1847 2473 ὦτα

257 2517 397 2571 κατὰ
421 2516 552 2579 τοὺς
585 2514 834 2579 ἀπειθεῖς
855 2555 871 2578 ,
905 2512 1016 2570 οὐδ’
1046 2514 1249 2584 ἡκουσε
1296 2515 1414 2584 μὲν,
1449 2515 1728 2577 ἀσυνέτως
1754 2514 1809 2566 δέ
1830 2530 1845 2545 ο

256 2608 376 2660 οὐδὲ
410 2608 651 2671 συνετῶς
676 2607 795 2678 μὲν,
830 2606 890 2660 οὐ
921 2607 1060 2678 μετά
1091 2607 1331 2670 πίστεως
1370 2607 1427 2660 δέ
1449 2625 1461 2638 ·
1490 2607 1612 2660 οὐδὲ
1644 2606 1850 2669 πιστῶς

262 2702 381 2769 μὲν,
413 2700 639 2769 ἀμελῶς
674 2700 731 2752 δὲ
775 2698 853 2769 τῷ
887 2700 1279 2769 κηρυττομένῳ
1326 2701 1633 2770 προσφοιτᾷ
1658 2698 1800 2767 λόγῳ
1831 2712 1844 2725 ·

260 2791 444 2859 πάσης
497 2790 554 2843 δὲ
596 2788 736 2843 κατὰ
786 2790 967 2860 σάρκα
998 2791 1340 2857 συγγενείας,
1375 2790 1556 2860 πάσης
1603 2792 1849 2858 κτήσεως

262 2884 349 2935 καὶ
377 2881 759 2953 προσπαθείας
779 2880 835 2934 δὲ
863 2882 1043 2951 πάσης
1067 2881 1176 2933 τῶν
1208 2882 1410 2950 γηΐνων
1440 2881 1657 2944 τελείως
1685 2883 1851 2951 ὑπερ-

266 2976 413 3043 ιδὼν,
444 2974 638 3046 ῶσπερ
688 2976 883 3044 ἔλαφος
923 2975 1160 3046 ἔδραμεν
1188 2976 1245 3027 ὲν
1268 2975 1428 3043 δίψει,
1459 2975 1565 3028 τῶν
1594 2974 1848 3046 ζωηρῤύ-

262 3086 371 3124 των
402 3070 647 3142 Χριστοῦ
679 3071 1127 3143 πλησθησόμενος
1149 3070 1363 3139 πηγῶν.

328 3256 402 3310 Τί
428 3255 527 3310 οὖν
548 3257 577 3309 6
597 3253 823 3326 Κύριος,
851 3255 885 3324 ἡ
913 3252 1063 3323 πηγὴ
1092 3253 1200 3306 τῶν
1232 3252 1468 3319 δωρεῶν,
1490 3253 1551 3304 τὸ
1578 3252 1850 3324 πλήρωμα

263 3351 373 3405 τῶν
407 3348 656 3417 ἀγαθῶν,
687 3349 715 3400 6
735 3347 829 3400 τοῦ
858 3347 1069 3417 Πατρὺς
1093 3345 1511 3418 ἀπαράλλακτος
1544 3347 1852 3417 χαρακτὴρ,

264 3444 292 3495 ὁ
326 3440 425 3496 τοῦ
453 3437 718 3492 θεωτικοῦ
742 3437 1057 3508 Πνεῦματος
1077 3437 1241 3505 δοτήρ
1266 3454 1280 3502 ;
1317 3436 1427 3500 πῶς
1458 3431 1632 3498 οὗτος.
1667 3436 1700 3507 ἢ
1730 3438 1857 3506 ποίᾳ

264 3532 510 3587 διαθέσει
533 3531 625 3583 τὸν
649 3529 850 3600 θερμὸν
880 3527 1023 3582 οῦτω
1045 3528 1360 3599 προσήκατο
1384 3529 1643 3598 φοιτητὴν
1667 3545 1681 3593 ;
1711 3523 1858 3599 Ἀρά

266 3644 328 3694 γε
358 3625 553 3679 τοῦτον
571 3623 646 3687 ὡς
673 3622 772 3675 οὐκ
801 3619 1016 3674 εῦθετον
1047 3619 1341 3685 ἀπώσατο;
1380 3619 1412 3690 ἢ
1445 3618 1603 3683 λόγου
1630 3619 1858 3689 βραχέος

266 3720 444 3786 ἀξιοῖ;
470 3717 507 3789 ἦ
538 3715 617 3787 τῷ
650 3712 830 3784 πολλῷ
878 3712 1074 3782 πλήθει
1123 3712 1447 3781 συναριθμεῖ
1473 3712 1581 3764 τῶν
1612 3711 1856 3778 πιστῶνς

266 3812 301 3882 ἢ
327 3811 442 3864 τῶν
499 3805 1004 3879 πρωτοαποστόλων
1057 3804 1202 3867 τινὸς
1235 3806 1383 3874 ἥττω
1419 3803 1726 3872 παρέσχετο
1760 3803 1856 3871 τὴν

267 3904 437 3972 τιμήν
461 3917 479 3967 ;
518 3899 815 3970 Οῦμενουν.
855 3896 1021 3968 Ὀμοῦ
1049 3897 1104 3950 δὲ
1125 3891 1234 3950 εἶδε
1258 3896 1464 3961 τοῦτον,
1496 3896 1588 3949 καὶ
1608 3894 1683 3965 τῷ
1706 3895 1860 3965 βάθει

266 3993 372 4063 τῆς
401 3991 635 4062 καρδίας
682 3988 846 4043 αὑτοῦ
895 3988 1178 4056 ἐνέϐλεψεν
1224 3988 1298 4051 ὼς
1328 3987 1481 4050 Θεὸς,
1538 3991 1633 4039 καὶ
1663 3987 1722 4039 ὃν
1756 3987 1861 4056 πρὸ

270 4084 587 4154 καταϐολῆς
619 4082 736 4153 ᾔδει
770 4080 865 4135 τοῦ
897 4080 1103 4150 κόσμου
1147 4080 1227 4151 τῷ
1258 4079 1424 4132 αὐτοῦ
1480 4078 1690 4148 σώματι
1722 4078 1860 4147 σύμ-

278 4194 488 4249 μορφον
520 4175 801 4244 ἐσόμενον,
833 4174 1020 4228 τοῦτον
1073 4175 1168 4227 καὶ
1201 4171 1529 4240 σωματικῶς
1580 4172 1705 4243 ἀρτι
1734 4182 1862 4240 ’φοι-

275 4269 451 4323 τῶντα
477 4266 610 4339 παρ’
634 4266 798 4320 αὐτὸν
828 4263 971 4327 ἰδὼν,
1005 4264 1102 4336 τὴν
1124 4264 1216 4316 τοῦ
1249 4264 1365 4325 νοὸς
1398 4261 1561 4326 εὐθὺς
1605 4263 1861 4333 ᾑρέτισεν

278 4362 575 4433 εὐθύτητα,
634 4359 730 4412 καὶ
764 4358 826 4410 τὸ
858 4357 1156 4428 ἀκραιφνὲς
1204 4356 1419 4427 ἠγάσθη
1470 4356 1570 4424 τῆς
1600 4356 1857 4417 πίστεως,

279 4456 369 4508 καὶ
387 4454 451 4508 τὺ
469 4452 713 4522 καθαρὸν
729 4449 983 4521 ἠγάπησε
1009 4450 1105 4518 τῆς
1139 4448 1396 4511 διανοίας,
1421 4448 1516 4500 καὶ
1544 4446 1605 4499 τὸ
1635 4445 1862 4514 ἀληθευ-

1942 594 2136 643 testem
2167 587 2409 643 Marcum
2443 588 2700 643 laudibus
2718 589 3081 653 celebremus,
3109 605 3174 644 ac
3201 590 3349 645 velut
3379 607 3509 646 sua-

1941 679 2287 735 veolentibus
2316 678 2568 742 ﬂoribus,
2604 680 2999 736 encomiastico
3024 696 3278 735 sermone
3322 696 3515 750 asper-

1942 784 2135 840 gamus
2162 784 2223 825 ac
2256 787 2611 827 exornemus.
2642 772 2743 826 Hic
2763 773 2907 826 enim
2933 788 3033 828 nos
3058 774 3216 829 hodie
3238 773 3383 829 dulei
3415 790 3514 829 sua

1942 862 2381 931 suavissimaque
2414 861 2699 926 memoria,
2736 862 2790 915 in
2834 876 2988 917 suam
3014 864 3216 918 excitat
3262 864 3512 930 Iaudem;

1942 948 2198 1020 idemque
2252 951 2614 1005 nihilominus
2647 952 2803 1005 vario
2835 967 2898 1007 ac
2951 952 3357 1022 praemagnilico
3394 970 3519 1008 sua-

1943 1057 2062 1095 rum
2100 1043 2361 1096 virtutum
2414 1043 2589 1107 cultu,
2642 1050 2921 1112 torporem
2977 1045 3253 1114 injiciens,
3324 1047 3519 1101 timore

1942 1134 2147 1203 pariter
2177 1149 2240 1187 ac
2272 1133 2555 1188 alacritate
2579 1136 2862 1203 adimplet.
2897 1135 3008 1190 Nos
3038 1138 3319 1190 enimvero
3354 1138 3512 1191 invo-

1942 1233 2069 1279 cato
2116 1225 2358 1296 Spiritus
2383 1225 2587 1287 aﬂlatu,
2622 1226 2855 1296 ejusque
2891 1229 3068 1297 ipsius
3094 1229 3186 1297 qui
3220 1229 3394 1283 laudis
3429 1244 3520 1282 ar-

1942 1327 2202 1387 gumento
2227 1318 2544 1387 propositus
2567 1329 2667 1384 est,
2690 1319 2875 1372 divina
2905 1319 3061 1374 nobis
3085 1320 3328 1373 adhibita
3359 1336 3515 1386 voce,

1944 1423 2116 1479 pauca
2174 1409 2273 1475 illi,
2311 1417 2364 1463 et
2418 1426 2540 1479 quae
2600 1410 2905 1474 donaverit,
2958 1411 3367 1481 proloquamur.
3428 1414 3519 1468 Sic

1942 1502 2110 1559 enim.
2145 1508 2265 1554 tum
2300 1501 2751 1571 eloquentissimo
2803 1500 2964 1566 Verbi
2998 1504 3265 1573 discipulo
3312 1522 3410 1574 pro
3440 1507 3524 1558 vi-

1945 1592 2030 1647 rili
2065 1600 2250 1645 nostra
2274 1591 2518 1646 debitum
2548 1593 2910 1653 exsolvamus,
2943 1601 3055 1646 tum
3080 1608 3240 1649 sacro
3270 1594 3522 1649 Ecclesia:

1945 1680 2037 1736 Dei
2062 1680 2340 1734 desiderio
2365 1680 2753 1748 defungetnur.

2019 1770 2118 1825 llic
2149 1772 2314 1843 igitur
2344 1773 2609 1841 probatus
2640 1780 2807 1842 atque
2850 1774 3061 1830 electus
3108 1774 3237 1830 Jesu
3279 1790 3519 1844 evangeo

1879 1836 2091 1926 Blista,
2152 1836 2246 1916 ﬁci
2292 1836 2455 1918 verbi
2514 1836 2945 1933 dispensationis
2976 1868 3160 1922 clarus
3214 1836 3522 1935 theologus,

1947 1956 2208 2013 Ecclesim
2237 1955 2639 2011 lucidissimqu
2679 1958 2859 2010 lumen
2886 2000 2901 2021 ,
2937 1962 3027 2028 qui
3060 1961 3262 2014 nedum
3294 1960 3519 2030 sapien-

1947 2048 2175 2103 tissimis
2212 2048 2583 2110 sermonibus,
2618 2048 2713 2101 sed
2758 2059 2811 2102 et
2839 2046 3142 2118 Scripturis
3191 2050 3391 2115 sacris,
3423 2050 3522 2105 sed

1946 2148 1999 2195 et
2023 2140 2235 2194 robusti
2257 2141 2423 2194 animi
2452 2142 2867 2207 certaminibus,
2892 2142 2986 2197 sed
3013 2152 3065 2197 et
3095 2144 3370 2196 athleticis
3396 2157 3523 2209 pas-

1948 2233 2218 2293 siouibus.
2247 2247 2413 2303 supra
2447 2233 2666 2286 modum
2718 2233 2931 2289 illustre
2980 2235 3303 2303 n‘mrtyrium
3360 2248 3520 2287 suum

1950 2325 2061 2380 Deo
2114 2324 2451 2394 adimplevit.
2496 2324 2570 2389 Is,
2615 2323 2800 2379 audita
2845 2326 2997 2395 prius
3040 2322 3167 2383 Jesu
3224 2326 3522 2386 auditione,

1949 2416 2374 2486 haudquaquam
2405 2415 2810 2471 iucredulorum
2835 2432 2985 2472 more
3012 2433 3172 2474 aures
3203 2418 3475 2472 obturavit
3505 2434 3520 2482 ;

1951 2524 2051 2562 nec
2079 2524 2209 2563 vero
2241 2508 2451 2562 audivit
2496 2518 2729 2573 tantum,
2764 2517 2820 2562 at
2875 2510 2991 2565 sine
3055 2511 3372 2577 intellectu;
3424 2527 3524 2566 nec

1948 2617 2071 2656 cum
2104 2599 2385 2654 intellectu
2435 2600 2678 2670 quidem,
2728 2609 2782 2655 at
2812 2601 2928 2655 sine
2962 2601 3101 2667 (ide;
3136 2618 3235 2657 nec
3266 2601 3370 2656 ﬁde
3400 2602 3523 2672 qui-

1951 2696 2100 2755 dem,
2141 2701 2196 2746 at
2232 2693 2401 2746 animi
2444 2692 2695 2746 socordia
2730 2694 3099 2763 praedicatioui
3150 2696 3394 2749 auditqu
3428 2694 3528 2748 ad-

1951 2787 2120 2840 movit
2154 2804 2166 2839 :
2198 2785 2450 2857 quinimo
2488 2785 2695 2839 carnali
2737 2787 2885 2840 omni
2939 2796 3122 2857 Spreta
3172 2791 3524 2858 cogitatione,

1950 2878 2099 2930 omni
2141 2879 2395 2947 despecta
2430 2876 2766 2942 substantia,
2816 2887 3157 2932 terrenarum
3209 2881 3357 2932 omni
3403 2879 3529 2932 libi-

1950 2969 2076 3023 dine
2111 2969 2347 3038 perfecte
2370 2978 2704 3036 contemp:a,
2732 2969 2877 3021 cervi
2917 2969 2968 3021 in
3009 2985 3237 3032 morem,
3270 2970 3529 3022 vitalibus

1950 3064 2155 3119 Christi
2190 3063 2445 3119 laticibus
2473 3064 2830 3120 iucbriandus
2873 3080 2935 3119 ac
2966 3064 3302 3134 prolueudus
3332 3075 3528 3115 accur-

1952 3157 2022 3209 rit
2052 3156 2104 3209 in
2137 3156 2225 3209 siti
2257 3155 2324 3208 ⁵³.

2029 3268 2169 3334 Quid
2202 3267 2366 3337 igitur
2396 3266 2676 3332 Dominus,
2717 3266 2837 3323 fons
2877 3266 2968 3320 ille
3007 3266 3302 3329 donorum,
3358 3263 3532 3319 bono-

1957 3375 2077 3414 rum
2106 3360 2406 3430 plenitudo,
2440 3357 2619 3413 Patris
2644 3357 3105 3413 incommutabilis
3133 3356 3325 3423 ﬁgura,
3350 3353 3529 3409 deiﬁci

1960 3450 2197 3521 Spiritus
2226 3448 2426 3504 dator?
2458 3448 2505 3504 is
2538 3450 2797 3502 nimirum
2822 3464 3056 3516 quanam
3100 3448 3328 3509 ratione,
3352 3458 3531 3516 quove

1961 3544 2163 3598 mentis
2199 3542 2418 3605 aﬂectu,
2449 3548 2602 3595 tanto
2626 3549 2808 3594 actutn
2836 3540 3048 3594 fervore
3078 3539 3405 3608 discipulum
3430 3538 3531 3592 ad-

1959 3634 2153 3689 misit?
2192 3634 2330 3687 Num
2359 3632 2518 3702 quasi
2555 3632 2737 3685 minus
2761 3630 3016 3685 idoneum
3038 3629 3275 3700 repulit?
3302 3639 3394 3681 aut
3426 3628 3533 3681 mi-

1959 3725 2112 3781 noris
2151 3724 2325 3778 fecit?
2358 3723 2441 3777 vel
2483 3722 2810 3791 promiscuae
2852 3721 3091 3774 ﬁdelium
3134 3720 3308 3772 turbae
3353 3732 3533 3771 annu-

1959 3816 2170 3871 merat?
2199 3822 2293 3869 aut
2326 3815 2537 3868 minore
2569 3815 2779 3866 honore
2826 3812 2988 3865 habet
3029 3824 3091 3863 ac
3143 3809 3312 3861 ullum
3368 3806 3533 3876 primi

1960 3912 2169 3965 ordinis
2209 3906 2553 3977 apostolum?
2598 3905 2813 3957 Minime
2831 3904 3072 3973 gentium
3120 3919 3133 3954 :
3167 3903 3297 3970 quin
3322 3914 3445 3953 mox
3471 3912 3535 3951 ac

1962 4000 2118 4062 vidit,
2149 4009 2203 4053 et
2233 4000 2381 4052 velut
2431 3996 2593 4055 Deus,
2636 3995 2785 4047 illius
2821 3995 2928 4046 alta
2962 3992 3200 4061 pectoris
3259 3991 3534 4056 inspexit;

1961 4110 2120 4161 quem
2152 4101 2277 4145 ante
2306 4088 2491 4143 mundi
2523 4085 2972 4140 constitutionem
3011 4097 3113 4136 suo
3144 4081 3361 4148 corpori
3395 4095 3528 4133 cou-

1961 4183 2192 4237 formem
2241 4181 2355 4233 fore
2396 4183 2658 4231 noverat:
2690 4176 2753 4227 ad
2794 4190 2853 4228 se
2888 4174 3000 4241 jam
3056 4173 3217 4226 etiam
3261 4170 3531 4237 corporali

1962 4289 2151 4345 gressu
2178 4272 2486 4325 Venientem
2522 4282 2776 4329 cernens,
2815 4265 2936 4333 ejus
2954 4266 3140 4317 statim
3174 4263 3338 4315 animi
3373 4263 3535 4315 recti-

1969 4361 2215 4415 tudinem
2262 4358 2549 4426 probavit;
2585 4356 2703 4409 fidei
2746 4354 3117 4409 sinceritatem
3167 4352 3395 4403 miratus
3426 4358 3533 4412 est,

1966 4453 2165 4507 mentis
2218 4451 2509 4521 puritatem
2536 4447 2765 4511 dilexit;
2804 4459 3091 4514 moresque
3136 4443 3249 4498 veri
3311 4452 3536 4497 tenaces

280 4552 424 4605 τικὺν
455 4549 553 4603 τοῦ
594 4548 797 4618 τρόπου
828 4546 925 4598 καὶ
952 4544 1228 4597 ἄπλαστον
1255 4541 1592 4613 πεφιληκὼς,
1619 4544 1730 4604 τοῖς
1765 4557 1852 4592 πι-

1967 4556 2129 4614 atque
2162 4542 2440 4611 simplices
2484 4553 2698 4602 amans,
2749 4536 3191 4591 ﬁdelissimorum
3236 4534 3540 4604 discipulo-

285 4643 564 4703 στοτάτοις
599 4639 883 4693 συντάττει
906 4638 1015 4691 τῶν
1047 4636 1341 4707 ὁμιλητῶν.

349 4734 462 4786 Καὶ
524 4729 719 4799 ἐπειδὴ
788 4730 903 4790 τοῖς
953 4726 1349 4799 πρεσϐυτάτοις
1427 4723 1870 4792 ὲγκαταλεγῆναι

286 4825 549 4878 ἀδύνατον
568 4816 662 4892 ἦν,
703 4821 803 4892 ἤδη
834 4820 935 4890 τῆς
965 4821 1115 4889 ἱερᾶς
1141 4817 1439 4880 δωδεκάδος
1465 4818 1871 4887 συμπεπληρω-

290 4917 487 4986 μένης’
542 4916 657 4977 τοῖς
704 4912 977 4981 δευτέροις
1006 4910 1104 4979 μὲν
1128 4908 1224 4980 τὴν
1255 4908 1409 4972 τάξιν
1432 4907 1715 4976 ὲναριθμεῖ
1740 4919 1754 4935 ⁸
1804 4909 1868 4975 τῇ

290 5008 623 5079 ἑϐδοματικῇ
678 5005 822 5073 λέγω
881 5003 1065 5072 λογάδι
1119 5001 1227 5055 τῶν
1286 5000 1577 5071 μαθητῶν·
1631 5001 1729 5070 τῆς
1762 5000 1870 5052 τῶν

291 5099 520 5168 πρώτων
550 5096 609 5150 δὲ
639 5095 859 5165 χάριτος
891 5091 1141 5157 καταξιοῖ
1166 5092 1259 5145 κα)⁸
1288 5090 1453 5161 τιμῆς
1473 5107 1487 5121 ’
1523 5085 1625 5154 οἷς,
1650 5089 1744 5142 καὶ
1778 5090 1870 5142 τοῦ

294 5189 630 5259 Εὑαγγελίου
666 5187 863 5241 σεπτὸν
891 5186 1174 5254 ὑποφήτην
1205 5184 1366 5238 αὑτὸν
1402 5184 1539 5254 μετά
1567 5182 1759 5248 ταῦτα,
1779 5181 1873 5236 καὶ

294 5284 535 5349 ἁξιὸθεον
558 5278 944 5333 ἀποδείκνυσιν
968 5274 1319 5346 ἱεροφάντην.
1382 5272 1600 5342 Ἐπειδὴ
1633 5273 1742 5342 γὰρ
1764 5273 1873 5325 τῶν

297 5375 406 5429 κατ’
446 5374 613 5427 αὐτὸν
647 5368 965 5441 μυστηρίων
1001 5366 1299 5436 ἀκροατὴν,
1331 5366 1425 5418 καὶ
1463 5364 1570 5416 τῶν
1609 5364 1868 5416 θεοτελῶν

297 5465 467 5534 ἔργων
526 5462 795 5524 ἐκείνων,
858 5459 953 5513 καὶ
1009 5455 1120 5510 τῶν
1160 5454 1439 5519 ζωοποιῶν
1485 5454 1865 5523 παθημάτων,

300 5557 384 5609 καὶ
441 5555 544 5622 τῆς
602 5550 957 5611 ἀναστάσεως
1021 5548 1114 5601 καὶ
1160 5545 1258 5615 τῆς
1320 5543 1642 5615 ἀναλήψεως
1704 5544 1867 5597 αὐτὸν

302 5648 538 5717 ἀπέφηνε
596 5645 808 5714 μύστην
866 5640 960 5694 καὶ
1015 5639 1240 5709 θεατήνο
1311 5638 1437 5722 καὶι
1471 5637 1563 5690 τοῦ
1619 5636 1868 5708 Πνεῦμα-

365 5823 583 5879 "Psal.
616 5838 735 5890 ιιι,
765 5820 822 5877 5.

1969 4651 2088 4691 mm
2118 4632 2350 4700 collegio
2381 4630 2647 4700 adjungit.

2038 4726 2309 4792 Quoniam
2334 4738 2467 4777 vero
2504 4720 2647 4776 haud
2682 4719 2797 4774 ﬁeri
2858 4724 3091 4787 poterat,
3129 4723 3189 4769 nt
3239 4730 3399 4770 sacro
3423 4714 3539 4784 jam

1967 4815 2305 4872 duodenario
2353 4812 2623 4880 completo
2678 4823 2932 4871 numero,
2984 4806 3384 4874 antiquissimis
3433 4805 3540 4858 illis

1968 4908 2265 4976 primisque
2290 4908 2635 4964 accenseret;
2659 4900 2727 4953 iis
2751 4905 3027 4960 accensct,
3055 4897 3148 4964 qui
3174 4893 3397 4948 secundi
3423 4893 3542 4961 qui—

1972 4999 2095 5053 dem
2134 4996 2344 5050 ordinis
2386 5000 2569 5049 essent
2611 4989 2992 5060 (septuaginta
3044 4987 3300 5040 nimirum
3352 4984 3543 5039 electis

1973 5082 2309 5156 discipulis),
2353 5091 2409 5136 at
2445 5082 2743 5151 primorum
2794 5088 2973 5132 tamen
3008 5076 3180 5144 gratia
3226 5084 3282 5128 et
3334 5075 3545 5129 honore

1972 5188 2174 5249 auget;
2210 5193 2318 5247 qua
2344 5183 2397 5229 et
2424 5173 2772 5245 postmodum
2805 5168 3082 5238 Evangelii
3113 5169 3434 5238 praeclarum
3466 5168 3545 5221 in-

1976 5278 2290 5340 terpretem,
2328 5266 2685 5334 divinumque
2720 5276 3003 5318 sacrorum
3053 5261 3355 5314 antistitem
3391 5258 3541 5314 facit.

1976 5362 2133 5430 Quod
2165 5362 2312 5416 enim
2340 5374 2565 5414 suorum
2603 5366 2655 5409 te
2686 5354 3072 5425 mysteriorum
3102 5350 3428 5413 auditorem,
3458 5349 3543 5404 dio

1975 5455 2338 5519 vinorumque
2365 5462 2589 5518 operum
2616 5446 2857 5509 illorum,
2887 5457 2950 5497 ac
2969 5440 3309 5497 viviﬁcarum
3336 5430 3557 5509 passio?

1975 5561 2127 5609 num,
2168 5539 2696 5608 resurrectionisque
2728 5546 2893 5607 atque
2948 5536 3000 5590 in
3034 5532 3233 5589 caelum
3269 5542 3560 5631 receptio-J.

1979 5637 2066 5691 nis
2114 5633 2423 5705 cognitione
2486 5631 2774 5696 imbuerat,
2833 5629 3138 5696 horumque
3182 5632 3552 5695 spectatorem.
