4008 6584
493 384 596 452 291

1705 382 1999 446 NICETxE
2030 381 2479 443 PAPHLAGON
2492 381 2561 441 IS

3652 380 3757 444 29?.

496 495 741 558 fecerat;
791 491 934 563 ignis
962 490 1090 547 item
1148 491 1333 559 specie
1378 490 1607 562 delapso
1668 490 1723 544 in
1779 490 2068 560 discipulos

2184 506 2275 551 τος
2332 488 2430 558 μὲν
2507 486 2811 557 πυροειδῶς
2865 487 2954 542 ἐπ’
3006 487 3205 550 αυτοὺς
3266 488 3578 556 κατιόντος,
3628 488 3758 552 ἴσως

498 585 708 657 Spiritu
740 594 955 646 sancto,
987 585 1102 654 pari
1131 600 1255 639 cum
1286 584 1591 654 coryphaﬁs
1613 584 1941 653 compendio
1968 582 2067 636 do.

497 689 744 738 naverat,
779 679 1070 748 omnisque
1108 678 1348 732 ccelestis
1400 679 1643 729 muneris
1695 674 2070 745 participatio-

499 786 619 822 nem
658 768 995 832 indulserat;
1028 779 1084 820 ut
1107 767 1251 836 quod
1285 768 1499 821 ordinis
1526 766 1845 836 pra2judicio
1876 766 2071 819 deesse

496 860 793 923 videretur,
828 860 936 911 alio
980 860 1293 926 expleretur
1336 874 1597 921 munere;
1632 857 1817 926 implet
1853 857 2074 925 sapien-

498 953 594 1019 tia,
635 952 818 1019 implet
851 950 1057 1017 majore
1103 951 1276 1018 gratia
1316 958 1369 1003 et
1423 950 1686 1012 veritate;
1734 948 1916 1001 omnis
1942 948 1995 1000 in
2023 958 2073 1001 te

496 1042 926 1112 dispensationis
960 1040 1255 1095 dilucidam
1292 1042 1607 1110 claramque
1636 1041 1952 1094 memoriam
1980 1054 2073 1092 ex-

497 1137 652 1187 citat.
691 1135 1055 1196 Quamobrem
1090 1142 1235 1187 totus
1263 1132 1370 1187 Deo
1402 1133 1637 1194 amatus,
1670 1143 1834 1195 totus,
1863 1148 1895 1184 ο
1918 1133 2073 1186 beate

497 1224 704 1279 Marce!
758 1226 979 1279 Christo
1030 1225 1325 1291 excedens,
1362 1226 1589 1295 ejusque
1618 1226 1833 1279 fervens
1864 1226 2069 1295 Spiritu

474 1325 654 1381 atque
683 1317 944 1368 instinctu
978 1325 1165 1379 actus;
1202 1316 1332 1381 quin
1359 1316 1522 1368 etiam
1558 1330 1754 1384 magno
1783 1318 2071 1385 priquue

496 1422 560 1459 ac
587 1408 831 1476 principe
862 1408 1234 1477 apostolorum
1270 1405 1454 1469 Petro,
1490 1408 1562 1460 uti
1596 1407 1736 1460 fama
1762 1419 1863 1469 est,
1894 1407 1946 1461 in
1972 1408 2072 1461 hoc

495 1509 829 1567 provocante
880 1511 1044 1569 atque
1088 1500 1352 1569 jubente,
1397 1501 1747 1566 evangelicus
1798 1502 2069 1569 scriptor,

498 1595 829 1662 baptismum
887 1609 1081 1649 narras
1128 1604 1181 1647 et
1234 1594 1610 1657 tcntationem,
1656 1593 1823 1646 ducto
1875 1593 2072 1647 divina

497 1698 601 1739 tuae
628 1685 947 1755 scriptionis
994 1686 1216 1739 exordio
1246 1686 1315 1740 ab
1358 1687 1676 1740 ostensione
1706 1683 1833 1739 Jcsu
1882 1685 2067 1740 Israel.

491 1781 812 1836 Conscribis
839 1796 967 1835 vero
996 1783 1369 1852 apostolorum
1401 1781 1720 1835 electionem
1748 1781 2071 1835 Sublimem-

493 1889 599 1940 qne
645 1873 1068 1943 lcgislatiouem,
1123 1889 1185 1927 ac
1246 1873 1520 1943 parabolis
1576 1876 1812 1927 intextas
1849 1873 2069 1929 divinas

494 1964 913 2032 praedicationes
942 1981 957 2029 ;
987 1966 1051 2019 ad
1080 1964 1193 2018 haec
1221 1964 1398 2018 omnis
1423 1966 1639 2035 generis
1684 1965 1825 2019 male
1857 1965 2067 2019 haben-

491 2057 624 2108 tium
657 2057 997 2120 curationes,
1033 2058 1295 2125 variaque
1335 2056 1599 2110 miracula
1638 2071 1702 2108 ac
1728 2057 1780 2109 in
1816 2054 2068 2109 Thabore

490 2146 1054 2211 transformationem,
1083 2158 1174 2199 tuo
1199 2146 1275 2199 illi
1310 2160 1471 2200 sacro
1506 2146 1707 2199 inseris
1732 2155 2068 2199 commenta-

489 2241 594 2293 rio.
636 2240 845 2294 Exinde
880 2239 1260 2293 admirandum
1294 2238 1500 2293 Christi
1545 2235 1944 2309 Jerosolymam
1985 2239 2069 2292 in-

490 2350 739 2403 gressum
768 2334 1051 2398 edisseris,
1087 2336 1559 2401 innocentumque
1590 2332 1858 2384 olivarum
1899 2332 2068 2386 ramis

489 2442 555 2479 ac
580 2427 769 2481 stratis
800 2427 1046 2481 vestibus
1078 2424 1339 2495 triumphi
1370 2426 1569 2495 specie,
1603 2424 1807 2477 clarum
1839 2424 2069 2478 comita-

492 2528 601 2570 tum
645 2526 697 2571 ct
727 2518 1099 2586 acceptionem
1125 2534 1139 2583 ;
1170 2531 1382 2571 sacram
1414 2516 1649 2586 denique
1684 2531 1919 2582 coenam,
1946 2532 2072 2586 pro-

491 2607 777 2672 ditionem,
815 2608 1057 2676 iniqnam
1095 2610 1443 2671 sententiam,
1484 2622 1728 2671 crucem,
1764 2606 1949 2671 funus,
1983 2623 2070 2661 se-

493 2702 792 2769 pttlttu'attt,
818 2700 1276 2754 resurrectionem
1298 2699 1386 2753 die
1414 2702 1573 2753 tertia
1598 2710 1646 2754 ct
1673 2700 2065 2768 apparitionem

491 2806 656 2861 aique
700 2792 752 2846 in
791 2792 993 2847 coelum
1035 2793 1425 2862 receptionem,
1456 2794 1627 2847 sacris
1654 2793 2066 2861 Scripturarum

492 2883 864 2936 monumentis
900 2882 1254 2951 consignatis,
1294 2898 1359 2937 ne
1391 2898 1587 2953 magna
1634 2883 1831 2937 salutis
1869 2892 2069 2936 nostrae

491 2974 750 3043 mysteria
770 2973 1031 3027 memoria
1054 2973 1383 3039 tlillluerent,
1413 2975 1629 3044 egregie
1678 2974 1895 3037 cavisti,
1936 2973 2067 3043 quin

489 3074 544 3119 et
594 3065 855 3119 universo
895 3075 1165 3119 terrarum
1212 3066 1353 3131 orbi,
1393 3065 1752 3133 omnimnqne
1783 3064 2065 3117 hominum

488 3156 688 3211 animis
740 3156 921 3226 (quod
965 3165 1058 3210 tua
1108 3157 1432 3227 spectabat)
1465 3172 1720 3227 magnum
1787 3155 2067 3225 Evangelii

492 3248 676 3301 lumen
704 3248 852 3302 claro
884 3248 1316 3303 sidcreintulisti
1351 3264 1366 3303 :
1398 3250 1660 3320 pariaque
1693 3248 2068 3305 sacratissimo
2095 3214 2138 3271 Ο

490 3335 767 3404 Mattbzeo,
789 3338 1102 3408 divinisque
1129 3339 1251 3393 aliis
1276 3337 1516 3407 Spiritus
1542 3338 1909 3410 scriptoribus
1934 3354 2067 3391 con-

490 3438 753 3483 sentanea
807 3429 1058 3499 idemque
1114 3429 1350 3483 valentia
1407 3430 1600 3483 eodem
1642 3430 1844 3498 Spiritu
1877 3430 2068 3484 elucu-

494 3520 713 3585 bratus,
740 3535 1085 3575 communem
1129 3521 1349 3590 pietatis
1394 3536 1646 3589 veraque
1695 3523 1957 3575 doctrime
1989 3531 2069 3575 ta.-

489 3608 714 3675 bellam,
761 3609 859 3665 abs
904 3617 958 3665 te
1012 3610 1394 3680 conscriptum
1441 3610 1795 3681 Evangelium
1856 3611 2069 3665 cunctis

488 3702 851 3772 proposuisti.

563 3792 700 3847 Eum
734 3795 787 3847 in
820 3791 1071 3855 modum,
1111 3792 1363 3849 eumdem
1403 3808 1467 3846 ac
1495 3793 1654 3863 primi
1703 3792 1935 3862 apostoli
1967 3792 2066 3845 ho-

490 3900 680 3939 norem
716 3894 1073 3948 consecutus,
1103 3884 1298 3939 iisdem
1323 3900 1545 3955 quoque
1577 3899 1874 3939 consessor
1904 3885 2068 3938 exsti-

492 3976 631 4029 tisti.
668 3973 758 4029 Sic
790 3976 1159 4045 apostolorum
1202 3976 1467 4046 principis
1494 3975 1759 4044 regnique
1800 3975 2063 4028 cmlorum

488 4067 767 4137 clavigeri,
808 4068 935 4122 boni
975 4067 1126 4121 illius
1175 4066 1362 4122 statim
1393 4083 1421 4119 ιι
1454 4066 1674 4121 Christo
1718 4067 1955 4135 pastoris
2002 4081 2065 4120 ac

490 4158 832 4212 successoris
880 4167 1140 4222 sectator,
1175 4158 1408 4228 ejusque
1430 4158 1579 4211 onmi
1616 4156 1729 4211 fere
1754 4158 1972 4211 civitate
2003 4174 2065 4213 ac

487 4259 648 4319 gente
681 4252 964 4314 itinerum,
1022 4266 1455 4320 sermonumque
1497 4264 1561 4305 ac
1606 4250 2063 4319 disputationum,

487 4358 704 4397 necnon
766 4344 1051 4414 signorum
1101 4359 1166 4397 ac
1207 4343 1584 4414 prodigiorum
1646 4344 1851 4406 socius,
1918 4344 2064 4398 illius

489 4442 774 4503 tantopere
801 4435 1001 4502 spiritu
1036 4435 1324 4503 sacrisque
1374 4433 1652 4504 Evangelii
1684 4432 2065 4488 [unctionibus

485 4534 651 4593 atque
683 4526 806 4579 aliis
873 4526 1115 4596 Spiritus
1158 4528 1659 4582 ministrationibus
1703 4528 1975 4592 claruisti,
2006 4534 2065 4580 ut

487 4617 609 4686 ejus
641 4618 817 4688 ipsius
846 4619 901 4671 in
927 4621 1124 4689 spiritu
1162 4618 1333 4674 Filius
1366 4632 1478 4674 tum
1507 4620 1821 4688 elIicereris,
1854 4633 1967 4676 tum
1994 4622 2070 4675 in-

486 4711 634 4776 clyta
664 4712 903 4766 nominis
932 4713 1297 4783 appellatione
1327 4714 1618 4770 dicereris.

559 4800 690 4872 Ejus
736 4804 895 4872 jussu
949 4817 1115 4873 atque
1174 4806 1613 4862 ordinationibus
1678 4806 2062 4862 Alexandriam

482 4888 707 4960 Egypti
742 4890 1020 4959 profectus
1078 4892 1299 4947 Christo
1328 4896 1380 4948 in
1430 4911 1492 4949 ea
1528 4896 1824 4949 Ecclesiam
1860 4896 2066 4950 consti-

483 4986 643 5039 tuisti
678 5004 691 5038 :
726 4985 819 5039 illo
860 4987 979 5057 ipso
1038 4988 1367 5043 inconcusso
1427 4989 1785 5044 fundamento
1843 4990 2062 5058 posito;

486 5076 604 5145 ipse
651 5078 836 5131 statim
885 5093 914 5131 a
958 5077 1089 5134 Jesu
1123 5080 1619 5150 stipermdilicatus,
1672 5080 1838 5148 inque
1886 5082 2059 5149 teipso

481 5177 717 5223 cunctos
749 5170 986 5223 tidelium
1034 5179 1214 5228 cretus
1263 5172 1614 5225 connnittens
1664 5183 2057 5240 coaptansque.

483 5263 560 5316 Ac
590 5264 732 5332 quod
767 5263 1178 5318 sacratissimus
1210 5263 1449 5319 Jacobus
1477 5263 1943 5334 Jerosolymorutn
1970 5264 2063 5318 Ec-

483 5355 686 5420 clesiae,
712 5365 766 5409 et
797 5356 881 5410 his
913 5358 1005 5426 qui
1050 5367 1207 5411 erant
1236 5374 1299 5411 ex
1333 5358 1783 5422 circumcisione,
1822 5359 1925 5411 hoc
1948 5359 2063 5427 ipse

482 5447 866 5503 Alexandrina:
893 5465 953 5501 ac
983 5453 1251 5503 universae
1280 5449 1517 5521 [Egypto
1549 5452 1828 5505 exstitisti.

557 5744 895 5817 (55l__f'0:zsp
936 5750 968 5801 ὀ
1017 5746 1173 5815 ἱερὸς
1231 5746 1519 5813 Ἰάκωϐος.
1570 5747 2053 5817 Comparationem

481 5824 643 5887 auget
668 5814 1034 5889 Hieronymus
1068 5814 1135 5872 in
1169 5819 1436 5887 cataIOgo,
1478 5814 2049 5891 secutus-Eusebium,

2173 582 2286 642 τοῖς
2359 579 2680 649 κορυφαίοις
2732 578 3105 647 κατηξίωσεν
3157 578 3413 631 κοινωνόν
3464 594 3523 631 τε
3578 578 3758 649 πάσης

2172 676 2376 745 ὁμοίως
2433 676 2692 744 οὐρανίας
2763 674 3013 740 ἀπέδειξε
3083 674 3332 743 δωρεᾶς,
3393 674 3483 728 ῖνα
3543 674 3602 727 τὸ
3652 673 3762 727 λεῖα

2175 785 2275 819 πον
2334 768 2433 835 τῆς
2492 767 2703 832 τάξεως
2756 766 2823 819 δι’
2881 769 3069 837 ἐτέρου
3122 766 3465 837 χαρίσματος
3516 769 3760 837 ἀναπλη-

2176 860 2297 931 σθῇ·
2361 861 2559 930 πληροῖ
2623 860 2721 929 μὲν
2766 860 2977 927 σοφίας,
3045 860 3243 928 πληροῖ
3306 860 3361 912 δὲ
3426 860 3764 929 χαρίσματος

2184 952 2431 1022 μείζονος
2462 952 2558 1003 καὶ
2588 949 2844 1019 ἀληθείας
2864 966 2877 980 ⁸
2930 951 3177 1003 ἀνακινεῖ
3214 950 3268 1002 δὲ
3303 951 3527 1019 μνήμην
3558 950 3760 1019 ἐναργῆ

2174 1046 2271 1113 τῆς
2295 1044 2424 1113 ὅλης
2468 1041 2780 1111 οἰκονομίας
2820 1043 2877 1092 ἐν
2909 1042 3010 1093 σοί.
3055 1042 3218 1093 Ὅθεν
3245 1044 3365 1103 ὅλος
3403 1041 3611 1101 ἔνθους,
3640 1042 3760 1104 ὅλος

2174 1136 2428 1202 ἑξεστὼς,
2458 1130 2502 1188 ὧ
2537 1135 2778 1204 μακάριε
2813 1134 3027 1203 Μάρκε,
3068 1133 3312 1203 Χριστῷ,
3359 1134 3454 1186 καὶ
3489 1134 3565 1203 τῷ
3594 1133 3757 1186 αὐτοῦ

2177 1226 2453 1294 Ιινεύματι
2493 1226 2917 1296 διαθερμανθείς
2972 1242 3030 1277 τε
3081 1226 3176 1277 καὶ
3218 1226 3618 1295 ὲμπνευσθεὶς,
3669 1226 3763 1277 καὶ

2176 1318 2281 1370 ὑπὸ
2328 1316 2421 1369 τοῦ
2495 1318 2731 1387 μεγάλου
2790 1316 2844 1369 δὲ
2906 1316 3000 1368 καὶ
3049 1314 3503 1386 πρωταποστὸλου
3557 1313 3763 1383 Πέτρου

2176 1410 2597 1480 παρακινηθεὶς,
2631 1409 2706 1471 ὥς
2745 1410 2806 1478 γέ
2845 1424 3002 1477 φασι,
3030 1410 3166 1478 πρὸς
3200 1415 3357 1460 τοῦτο
3403 1408 3499 1461 καὶ
3528 1425 3765 1477 προτρα-

2174 1502 2319 1565 πεὶς,
2356 1501 2682 1571 εὐαγγελίζῃ
2738 1501 2838 1570 μὲν
2872 1499 2970 1569 τὴν
3019 1499 3270 1568 βάπτισιν
3304 1500 3396 1550 καὶ
3437 1498 3527 1549 τὸν
3577 1515 3766 1565 πειρα-

2176 1591 2333 1660 σμὸν,
2368 1592 2542 1660 ἀρχὴν
2582 1591 2681 1658 τῆς
2724 1591 2865 1643 κατά
2911 1592 2968 1642 σὲ
3003 1590 3362 1643 θεοπνεύστου
3395 1590 3640 1660 Γραφῆς,
3670 1588 3766 1658 τὴν

2173 1680 2444 1746 ἀνάδειξιν
2483 1682 2619 1751 πρὸς
2667 1681 2758 1733 τὸν
2795 1681 3014 1751 Ἰσραὴλ
3062 1682 3499 1751 ἀναταττόμενος
3530 1682 3627 1735 τοῦ
3666 1682 3768 1753 ’1η-

2176 1770 2294 1823 σοῦ·
2331 1771 2654 1841 εὐαγγελίςη
2691 1771 2746 1823 δὲ
2776 1772 2883 1823 τῶν
2936 1773 3248 1825 ἀποστόλων
3275 1773 3374 1841 τὴν
3397 1774 3629 1841 ἐκλογὴν
3674 1775 3766 1827 καὶ

2100 1845 2141 1899 Β
2170 1864 2263 1934 τὴν
2307 1864 2516 1932 ὑψηλὴν
2551 1864 2893 1932 νομοθεσίαν,
2933 1866 3027 1918 καὶ
3053 1865 3149 1928 τὰς
3178 1865 3555 1938 παραϐολικὲις
3588 1866 3767 1918 θεολο-

2171 1955 2319 2022 γίας·
2356 1953 2490 2023 πρὸς
2520 1954 2578 2007 δὲ
2624 1954 2719 2006 κοιλ⁸
2768 1956 2867 2017 τὰς
2907 1957 3261 2019 παντοδαπάς
3295 1957 3402 2009 τῶν
3434 1956 3624 2020 κακῶς
3654 1972 3759 2013 πα-

2172 2046 2409 2115 σχόντων
2441 2046 2757 2115 θεραπείας,
2809 2048 2903 2100 καὶ
2958 2048 3026 2101 τὰ
3086 2048 3305 2101 ποικίλα
3336 2047 3613 2118 θαύματα,
3662 2048 3756 2101 καὶ

2168 2139 2268 2208 τὴν
2311 2140 2406 2190 ἐπὶ
2435 2137 2527 2191 τοῦ
2569 2138 2851 2209 Θαϐωρίου
2909 2142 3336 2211 μεταμόρφωσιν
3379 2146 3445 2213 τῇ
3480 2143 3607 2214 ἱερᾷ
3645 2144 3765 2195 ἐπι-

2172 2230 2440 2300 συνείρεις
2488 2231 2703 2301 Γραφῇ·
2756 2233 2849 2283 ἐπὶ
2891 2231 3103 2295 τούτοις
3137 2234 3236 2305 τὴν
3280 2234 3592 2305 θαυμασίαν
3637 2236 3767 2305 Χρι-

2171 2322 2299 2375 στοῦ
2334 2322 2470 2392 πρὸς
2518 2322 2617 2392 τὴν
2667 2322 3031 2395 Ἰερουσαλὴμ
3059 2326 3293 2378 είσοδίαν
3327 2325 3632 2396 θεηγορεῖς,
3675 2328 3766 2380 καὶ

2169 2416 2267 2486 τὴν
2304 2417 2443 2486 μετὰ
2467 2416 2678 2469 κλάδων
2710 2416 2926 2481 ἐλαιῶν,
2954 2418 3050 2469 καὶ
3076 2418 3308 2486 ἱματίων
3341 2417 3633 2488 στρώσεως
3659 2418 3764 2471 τῶν

2171 2510 2557 2578 ἀπειροκάκων
2601 2509 2927 2581 δορυφορίαν
2962 2511 3054 2563 καὶ
3087 2509 3356 2575 δεξίωσιν.
3404 2510 3525 2564 Ἐπὶ
3551 2509 3766 2574 τούτοις

2168 2602 2228 2654 το
2260 2603 2473 2655 δεῖπνον
2502 2602 2563 2655 τὸ
2593 2603 2759 2674 ἱερὸν,
2803 2602 2901 2673 τὴν
2933 2602 3249 2673 προδοσίαν,
3294 2603 3393 2674 τὴν
3422 2603 3609 2657 ἄδικον
3638 2602 3759 2675 κρί-

2172 2711 2276 2758 σιν,
2303 2694 2395 2746 τὸν
2444 2694 2699 2765 σταυρὸν,
2728 2693 2826 2766 τὴν
2877 2695 3119 2764 κηδείαν,
3149 2696 3248 2765 τὴν
3278 2696 3473 2766 ταφὴν,
3512 2696 3616 2767 τὴν
3649 2713 3764 2767 τρι-

2169 2788 2375 2857 ήμερον
2399 2788 2697 2841 ἀνάστασιν
2732 2788 2826 2841 καὶ
2852 2789 3145 2856 ὲμφάνισιν
3175 2789 3267 2842 καὶ
3290 2788 3581 2859 ἀνάληψιν,
3621 2790 3762 2860 ἱερο-

2171 2879 2383 2947 λογίαις
2405 2879 2579 2941 θείαις
2619 2879 2979 2949 συντεταχὼς,
3007 2880 3108 2933 οὐκ
3143 2880 3364 2950 ἀφῆκας
3392 2880 3531 2951 λήθῃ
3560 2880 3635 2933 τὰ
3671 2897 3764 2951 με.

2169 2973 2311 3041 γάλα
2358 2972 2459 3040 τῆς
2498 2973 2657 3041 ήμῶν
2699 2974 2972 3042 σωτηρίας
3020 2975 3293 3045 μυστήρια
3344 2975 3759 3046 παραρῤυῆσαι·

2170 3071 2233 3137 τῇ
2265 3067 2560 3137 οἰκουμένῃ
2611 3066 2667 3118 δὲ
2703 3067 2872 3137 πάσῃ,
2922 3067 3017 3118 καὶ
3056 3067 3259 3129 πάσαις
3309 3067 3618 3136 ἀνθρώπων
3660 3067 3759 3137 ψυ-

2173 3162 2316 3229 χαῖς,
2349 3160 2472 3212 ὅσον
2500 3160 2592 3210 ἐπὶ
2620 3160 2726 3223 σοὶ,
2752 3159 2811 3211 τὸ
2849 3159 2989 3229 μέγα
3017 3159 3110 3211 τοῦ
3134 3159 3469 3228 Εὐαγγελίου
3501 3161 3763 3229 ὲνήστρα-

2171 3251 2281 3322 ψας
2325 3252 2461 3321 φῶς
2493 3253 2585 3305 καὶ
2616 3251 2693 3322 τῷ
2724 3251 2855 3322 ἱερῷ
2895 3252 3161 3323 Ματθαίῳ
3196 3252 3489 3323 ἐφάμιλλα,
3524 3253 3625 3306 καλ⁹
3652 3254 3762 3315 τοῖς

2171 3344 2351 3407 ἄλλοις
2386 3345 2885 3414 μυσταγωγράφοις
2913 3344 3007 3397 τοῦ
3037 3345 3375 3415 Πνεύματος,
3407 3344 3669 3415 σύστοιχα
3702 3362 3761 3399 τι

2171 3434 2268 3486 καὶ
2302 3433 2621 3503 όμοδύναμα
2642 3434 2718 3503 τῷ
2754 3436 2853 3504 ἴσῳ
2886 3434 3163 3505 Πνεύματι
3191 3436 3533 3505 διαθέμενος,
3570 3452 3763 3489 κοινω-

2170 3526 2259 3577 νδν
2291 3523 2310 3596 [
2337 3524 2413 3577 al.
2440 3523 2639 3596 κοινὸν]
2667 3526 2951 3588 εὐσεδείας
2972 3528 3065 3579 καὶ
3094 3526 3503 3596 ἀληθογνωσίας
3555 3526 3762 3579 πίνακα

2173 3619 2309 3670 πᾶσι
2347 3617 2403 3669 τὸ
2441 3617 2580 3671 κατά
2616 3617 2675 3670 σὲ
2703 3618 3059 3687 προτέθεικας
3089 3619 3439 3688 Εὐαγγέλιον.

2241 3803 2398 3857 Οὕτω
2426 3806 2535 3867 τοῖς
2570 3803 3045 3872 πρωταποστόλοις
3066 3805 3417 3878 κατηξιώθης
3445 3807 3636 3878 τιμῆς,
3667 3806 3759 3861 καὶ

2169 3895 2539 3967 συγκάθεδρος
2584 3897 2959 3966 ὲχρημάτισας
2992 3899 3103 3960 τοῖς
3137 3899 3342 3960 αὐτοῖς.
3368 3897 3528 3953 Οὕτω
3552 3898 3632 3970 τῷ
3666 3914 3759 3951 κο·

2170 3988 2405 4061 ρυφαίῳ,
2443 3991 2536 4042 καὶ
2581 3990 2680 4059 τῆς
2713 3991 2807 4044 τοῦ
2844 3990 2980 4043 Θεοῦ
3018 3990 3314 4062 κλειδούχῳ
3360 3991 3665 4062 βασιλείας,
3697 3990 3756 4043 τὺ

2173 4081 2310 4151 μετά
2342 4082 2577 4151 Χριστὸν
2607 4082 2769 4145 εὐθὺς
2795 4082 2985 4153 ἀγαθῷ
3010 4083 3231 4153 ποιμένι
3268 4084 3362 4136 καὶ
3392 4082 3624 4153 διαδόχῳ
3649 4082 3757 4136 [Ιέ-

2166 4190 2282 4243 τρῳ
2352 4172 2769 4226 κατακολουθῶν
2798 4213 2813 4239 ,
2876 4178 2969 4227 καὶ
3037 4176 3145 4227 τῶν
3213 4174 3356 4228 κατά
3422 4178 3605 4228 πᾶσαν
3669 4192 3759 4246 μι-

2167 4262 2302 4333 κροῦ
2348 4263 2501 4316 πόλιν
2542 4265 2635 4316 καὶ
2679 4265 2786 4317 πᾶν
2824 4264 2974 4327 ἔθνος
3011 4265 3299 4335 περιόδων,
3342 4264 3519 4333 λόγων
3568 4280 3629 4317 τε
3668 4264 3759 4317 καὶ

2169 4356 2464 4424 συλλόγων,
2508 4356 2751 4427 σημείων
2790 4373 2849 4409 τε
2876 4358 2971 4410 καὶ
3003 4357 3249 4427 τεράτων
3276 4356 3425 4426 αὐτῷ
3457 4354 3755 4421 κοινωνῶν,

2169 4450 2264 4501 ἐπὶ
2304 4447 2559 4501 τοσοῦτον
2612 4449 2777 4501 αὑτοῦ
2811 4448 2889 4518 τῷ
2920 4451 3227 4519 πνεύματι,
3277 4451 3398 4511 ταῖς
3434 4465 3491 4501 τε
3554 4449 3758 4519 ἱερολο-

2103 4567 2142 4621 D
2172 4538 2318 4605 γίαις
2352 4536 2447 4589 τοῦ
2482 4536 2840 4605 Εὑαγγελίου,
2870 4543 2989 4603 ταῖς
3008 4540 3054 4592 τ’
3088 4540 3273 4603 ἄλλαις
3309 4540 3403 4593 τοῦ
3437 4542 3757 4609 Πνεύματος

2174 4627 2508 4697 ἱερουργίαις
2564 4629 2659 4680 καὶ
2700 4629 3011 4692 διακονίαις
3064 4634 3457 4705 εὑηρέστησας,
3485 4631 3627 4686 ὥστε
3664 4633 3757 4685 καὶ

2172 4720 2249 4780 εἰς
2291 4719 2406 4770 υἱὸν
2436 4718 2584 4789 αὐτῷ
2615 4722 2753 4772 κατὰ
2790 4721 3004 4791 πνεῦμα
3041 4725 3297 4791 γενέσθαι
3329 4729 3422 4779 καὶ
3464 4724 3751 4796 κληθῆναι.

2240 4808 2373 4871 Ταῖς
2397 4809 2561 4861 αὑτοῦ
2608 4810 2663 4862 δὲ
2702 4816 3039 4882 προτροπαῖς
3091 4816 3186 4868 καὶ
3236 4817 3614 4886 προχειρίσεσι
3658 4818 3753 4871 καὶ

2166 4896 2263 4966 τὴν
2298 4899 2418 4949 κατ’
2466 4898 2742 4967 Αἴγυπτον
2786 4901 3193 4973 Ἀλεξάνδρειαν
3236 4907 3580 4970 καταλαὸὼν,
3628 4907 3750 4959 Ἐκ-

2166 4988 2393 5057 κλησίαν
2451 4992 2507 5042 ὲν
2561 4992 2699 5063 αὐτῇ
2752 4995 3038 5065 ἀνεστησω
3070 4996 3309 5066 Χριστῷσ
3343 4998 3617 5069 ἄρρηκτον
3654 5000 3752 5069 μὲν

2168 5078 2414 5147 θεμέλιον
2462 5082 2669 5132 ἐκεῖνον
2723 5084 3127 5153 καταθέμενος’
3163 5085 3326 5149 εὐθὺς
3379 5087 3435 5140 δὲ
3485 5089 3620 5156 μετά
3650 5089 3754 5141 ’τὸν

2181 5170 2388 5240 Ἰησοῦν
2441 5173 2964 5245 ὲποικοδομούμενος
3021 5178 3223 5240 αὐτὸς,
3289 5180 3383 5233 καὶ
3442 5181 3529 5248 ἐφ’
3575 5179 3753 5249 ἐαυτῷ

2171 5263 2351 5315 πάντα
2376 5266 2798 5335 συναρμολογῶν
2830 5270 2924 5322 καὶ
2954 5270 3309 5339 συμὸιὸάζων
3328 5274 3397 5326 τά
3430 5278 3752 5344 συστήματα

2169 5354 2276 5405 τῶν
2316 5356 2559 5408 πιστῶν·
2617 5358 2713 5411 καὶ
2760 5361 2897 5429 ὅπερ
2934 5362 2963 5414 ό
3017 5363 3159 5433 ἱερὸς
3220 5365 3473 5429 Ἰάκωϐος
3528 5366 3640 5436 (55)
3683 5368 3750 5437 τῇ

2169 5444 2312 5495 κατά
2346 5445 2700 5517 Ἰερουσαλὴμ
2742 5449 3057 5522 Ἐκκλησία,
3077 5452 3171 5506 καὶ
3199 5457 3311 5520 τοῖς
3338 5456 3403 5507 ὲκ
3428 5455 3748 5526 περιτομῆς,

2165 5534 2324 5586 τοῦτο
2354 5539 2447 5588 καὶ
2484 5537 2645 5601 αὐτὸς
2677 5540 2868 5612 ἐκείνῃ
2907 5544 2973 5609 τῇ
3029 5543 3205 5609 πόλει,
3242 5547 3338 5599 καὶ
3376 5550 3443 5618 τῇ
3483 5547 3750 5618 Αἰγύπτῳ

2165 5626 2319 5697 πάσῃ
2356 5628 2793 5698 κεχρημάτικας.

2164 5756 2412 5838 utsolct,
2442 5757 2479 5812 l.
2515 5775 2574 5824 ιι,
2625 5776 2674 5838 c_.
2724 5763 2808 5838 l7,
2867 5764 2959 5838 ubi
2998 5765 3205 5838 multis
3234 5768 3541 5833 contendit,
3605 5786 3750 5838 quos

2164 5826 2322 5881 Philo
2355 5837 2612 5898 tanquam
2639 5832 2858 5889 Judaeos
2889 5834 3101 5921 laudat,
3124 5826 3746 5923 Libioitieisupp'licilms,
