4008 6570
221 354 339 418 293

1019 355 1303 418 ORATIO
1329 356 1448 418 XV.
1491 381 1560 395 --
1625 354 1708 418 IN
1738 351 2056 417 LAUDEM
2088 352 2152 413 S.
2192 351 2437 414 MARCI
2467 350 2721 413 APOST.

3394 348 3505 417 296

293 465 439 520 Δυσὶ
465 463 598 535 γοῦν
627 465 742 528 τοῖς
774 464 1036 521 ἀνωτάτω
1066 465 1159 520 τοῦ
1191 466 1509 538 Πνεύματος
1536 466 1817 537 χαρίσμαο

1993 461 2203 534 Duplici
2230 463 2416 536 itaque
2444 479 2705 535 supremo
2732 461 2974 534 Spiritus
2997 478 3223 520 munere
3248 462 3499 533 (aposto-

217 575 338 625 σιν,
370 556 720 628 ἀποστολικῷ
770 574 833 611 τε
886 558 981 611 καὶ
1030 556 1332 629 ίεραρχικῷ
1359 558 1817 631 κατηρτισμένος,

217 650 304 721 τῷ
338 651 438 720 μὲν
468 648 605 720 πρὸς
652 649 781 713 τοὺς
830 649 935 714 ἔξω
987 651 1085 719 τῆς
1142 651 1400 718 πίστεως,
1447 651 1525 723 τῷ
1578 651 1634 705 δὲ
1682 652 1821 722 πρὸς

218 742 355 806 τοὺς
379 743 450 796 δι’
485 741 652 796 αὐτοῦ
698 742 1053 807 πιστεύοντας
1079 745 1106 798 ό
1144 743 1566 815 μακαριώτατος
1594 745 1815 818 ἐχρῆτοο

221 837 326 892 ui.
352 831 442 889 οἷα
500 837 600 907 μὲν
634 837 950 904 ἀπόστολος,
1004 837 1140 909 πρὸς
1170 838 1296 902 τοὺς
1327 838 1707 906 ὲλληνίζοντας
1738 841 1819 897 ἔτι

222 929 770 1001 παρρησιαζόμενος,
827 930 1165 1001 παρακαλῶν
1191 968 1211 996 ,
1247 930 1535 996 νουθετῶν,
1579 933 1819 1004 ἐλέγχων

219 1021 331 1091 τὴν
362 1020 640 1086 ἀσέϐειαν,
676 1020 950 1094 διασύρων
991 1022 1094 1092 τὴν
1122 1022 1433 1091 ἀσέλγειαν,
1465 1024 1818 1097 θριαμϐεύων

216 1112 330 1183 τὴν
380 1112 483 1183 τῆς
527 1111 825 1184 θρησκείας
876 1116 1249 1185 ματαιότητα,
1300 1116 1820 1188 παραδειγματίζων

214 1206 342 1259 τῶν
390 1206 755 1276 σεϐασμάτων
793 1205 893 1277 τὴν
936 1207 1270 1278 σαθρότητα,
1312 1210 1820 1281 διαμαρτυρόμενος

210 1296 277 1350 δὲ
314 1297 413 1350 τὸν
443 1297 554 1350 τῶν
582 1296 720 1351 ὅλων
744 1299 1089 1368 Δημιουργὸν
1124 1301 1220 1353 καὶ
1244 1302 1475 1371 συνοχέα
1504 1301 1658 1356 Θεόν.
1692 1304 1820 1354 Δια-

213 1386 648 1457 μαρτυρόμενος
675 1387 960 1441 πιστεύειν
982 1389 1102 1460 Θεῷ
1130 1388 1295 1453 ζῶντι
1324 1391 1416 1444 καὶ
1439 1391 1699 1462 ἀληθινῷ,
1727 1394 1822 1446 καὶ

206 1475 305 1547 τῷ
340 1478 506 1531 αὑτοῦ
542 1477 700 1550 Λόγῳ
761 1478 837 1542 ὡς
908 1485 1148 1551 συμφυεῖ
1203 1484 1297 1536 καὶ
1350 1485 1691 1555 συνανάρχῳ,
1745 1484 1822 1548 ὠς

207 1570 563 1641 πρωτοτόκῳ
619 1571 803 1641 πάσης
842 1572 1093 1638 κτίσεως,
1126 1572 1223 1626 καὶ
1253 1573 1551 1642 Μονογενεῖ
1574 1591 1587 1606 ·
1619 1575 1821 1630 εἰδέναι

205 1662 271 1715 δὲ
316 1662 417 1715 καὶ
453 1661 672 1733 Πνεῦμα
718 1661 782 1715 τὸ
835 1663 990 1732 ἀγιον
1036 1664 1112 1728 ὼς
1172 1664 1435 1736 ὁμότιμον
1477 1666 1693 1728 τούτοις
1726 1667 1822 1721 καὶ

208 1750 523 1821 σύνθρονον
573 1753 667 1805 καὶ
698 1752 945 1824 συμφυές
968 1770 980 1784 ·
1013 1754 1304 1821 διδάσκων,
1343 1758 1439 1809 καὶ
1487 1757 1822 1827 παρακαλῶν

1923 552 2033 609 lico
2052 554 2267 612 scilicet
2297 564 2352 610 et
2374 555 2719 611 hierarchico
2737 570 2833 611 seu
2860 552 3162 625 pontiﬁcio)
3194 552 3465 624 perfectus
3485 592 3503 621 ,

1921 648 2092 704 altero
2122 648 2342 719 quidem
2370 650 2454 704 vir
2485 648 2838 705 beatissimus
2859 663 2982 718 erga
3017 664 3113 705 eos
3140 647 3391 702 utebatur
3410 644 3506 717 qui

1921 750 2170 796 extranei
2199 756 2230 795 a
2268 742 2372 797 lide
2397 752 2555 798 erant
2576 783 2590 807 ,
2632 743 2805 797 altero
2828 742 2881 796 in
2905 757 3020 808 eos,
3045 742 3136 811 qui
3168 740 3314 796 illius
3338 753 3504 810 opera

1920 831 1987 885 ad
2045 830 2203 887 ﬁdem
2252 834 2660 898 accessissent;
2718 849 2801 897 ac,
2850 846 2947 903 pro
2996 832 3228 903 apostoli
3280 832 3502 899 quidem

1920 938 2172 991 munere,
2215 925 2280 979 ad
2308 940 2404 981 eos
2434 926 2528 996 qui
2556 924 2874 980 Graecanico
2906 924 3085 979 adhuc
3124 939 3313 979 errore
3345 932 3498 979 tene-

1922 1024 2116 1070 rentur
2154 1017 2388 1086 loquens
2434 1017 2629 1083 libere,
2668 1018 2992 1080 obsecrans,
3047 1018 3363 1087 increpans,
3411 1032 3507 1071 ar-

1922 1121 2094 1177 guens
2121 1107 2482 1177 impietatem,
2516 1107 2921 1177 impudicitiam
2966 1120 3259 1172 accusans,
3310 1119 3507 1176 super-

1922 1198 2166 1253 stitionis
2190 1200 2486 1254 vanitatem
2513 1198 2830 1257 traducens.
2855 1196 3142 1251 numinum
3167 1196 3504 1251 debilitatem

1923 1291 2261 1362 suggillatis;
2306 1292 2800 1360 universorumque
2835 1291 3145 1345 Creatorem
3184 1297 3238 1344 et
3281 1305 3508 1344 conser-

1922 1390 2167 1438 vatorem
2228 1382 2401 1437 Deum
2458 1392 2796 1437 contestans.
2856 1382 3186 1437 Contestans
3245 1380 3506 1435 nimirum

1925 1472 2037 1529 Deo
2060 1475 2183 1529 vivo
2220 1490 2285 1529 ac
2308 1490 2436 1531 vero
2466 1475 2714 1535 credere,
2745 1474 2979 1544 ejusque
3005 1472 3209 1539 Verbo,
3260 1472 3506 1542 ejusdem

1924 1566 2138 1621 scilicet
2169 1582 2234 1622 ac
2267 1565 2358 1620 ille
2391 1574 2625 1632 naturae,
2658 1582 2721 1619 ac
2753 1574 3052 1630 coaeterni),
3086 1577 3344 1631 tanquam
3382 1563 3501 1633 pri-

1925 1661 2203 1733 mogenito
2248 1661 2432 1715 omnis
2477 1669 2747 1716 creatura:
2780 1661 2850 1722 ⁵⁸.
2884 1668 2937 1715 et
2972 1659 3290 1728 Uuigenito.
3351 1658 3508 1712 Scire

1925 1770 2056 1810 vero
2115 1756 2277 1809 etiam
2339 1754 2605 1825 Spiritum
2659 1764 2931 1817 sanctum,
2987 1761 3248 1821 tanquam
3290 1751 3404 1821 pari
3443 1764 3507 1805 ac

208 1844 512 1897 πιστεύειν
542 1845 638 1898 καὶ
672 1849 1023 1916 προσκυνεῖν,
1068 1847 1289 1917 Πατέρα
1327 1850 1426 1919 μὲν
1472 1848 1548 1912 ὡς
1591 1849 1820 1921 ἀγέννη-

1925 1846 1999 1899 illi
2060 1848 2268 1900 honore
2321 1853 2374 1901 et
2419 1845 2719 1916 dignitate,
2783 1845 3082 1913 eademque
3137 1844 3265 1900 sede
3330 1841 3509 1897 subli-

206 1951 319 1988 τον
348 1937 445 1989 καὶ⁸
466 1936 574 1990 τῶν
607 1937 745 1991 ὅλων
774 1938 972 2002 αἴτιον,
1010 1938 1104 1991 καὶ
1137 1939 1494 2011 προάναρχον
1520 1940 1628 1992 τῶν
1654 1940 1823 1993 ὄντων

209 2027 455 2081 πάντων
492 2029 665 2100 ἀρχήν
687 2047 699 2059 ·
738 2028 869 2083 Υἱδν
892 2029 970 2091 δὲ,
1001 2028 1077 2092 ὼς
1130 2031 1195 2084 ὲκ
1245 2030 1339 2084 τοῦ
1375 2032 1585 2102 [ἰατρὸς
1619 2031 1824 2101 γεννώ-

214 2136 394 2188 μενον
431 2121 779 2189 προαιωνίως
831 2122 924 2175 καὶ
971 2121 1333 2191 ὑπερουσίωςε
1382 2123 1479 2177 καλ⁵
1511 2123 1735 2194 Πνεῦμα
1767 2123 1823 2177 δὲ

210 2211 277 2261 τὸ
311 2211 496 2277 ᾰγιον,
529 2211 603 2273 ὡς
628 2212 691 2263 ὲκ
712 2211 811 2279 τῆς
844 2210 1017 2281 αὐτῆς
1043 2212 1223 2276 αἰτίας
1247 2212 1643 2284 ὑπερανάρχως
1667 2213 1823 2280 ἐξαλ-

209 2300 480 2371 λόμενον.
513 2302 804 2373 Παραινῶν
828 2302 882 2355 δὲ
914 2303 1010 2357 καὶ
1040 2304 1503 2376 παρεγγυώμενος
1537 2306 1632 2381 ὅλῃ
1663 2305 1824 2361 δυνά-

212 2410 315 2462 μει
352 2395 452 2446 καὶ
476 2394 570 2448 τοῦ
601 2395 719 2460 ὲνὺς
752 2395 851 2465 τῆς
894 2397 1220 2469 ύπερουσίου
1259 2398 1464 2469 ταύτης
1496 2400 1591 2454 καὶ
1621 2417 1822 2471 μοναρ-

206 2486 390 2555 χικῆς
432 2487 661 2558 Τριάδος
691 2488 793 2557 τὴν
818 2488 1200 2561 φιλάνθρωπον
1232 2490 1463 2543 κένωσιν
1496 2490 1819 2559 ἐπιγνῶναι,

208 2578 321 2631 καὶ
358 2576 459 2630 τοῦ
492 2577 628 2632 Θεοῦ
658 2578 835 2646 Λόγου
891 2579 990 2649 τὴν
1054 2581 1332 2650 σάρκωσιν
1393 2580 1468 2653 μὴ
1524 2582 1821 2637 ἀπαναίνε-

212 2669 378 2721 σθαιο
409 2669 548 2723 ἀλλά
590 2672 683 2723 καὶ
741 2670 842 2742 τὴν
891 2671 950 2738 ἐξ
1003 2670 1175 2742 ἁγνῆς
1204 2675 1379 2742 κόρης
1411 2673 1687 2745 γέννησιν,
1726 2674 1821 2728 καὶ

207 2759 323 2830 τὴν
356 2759 450 2813 διὰ
478 2758 570 2812 τοῦ
615 2759 861 2813 Ἰωάννου
891 2760 1171 2831 βάπτισιν,
1201 2763 1296 2815 καὶ
1321 2762 1421 2834 τὴν
1453 2764 1821 2836 εύαγγελικὴν

207 2852 455 2921 διδαχὴν
503 2853 717 2914 πᾶσαν,
767 2851 843 2915 ὼς
881 2852 1151 2923 σωτήριον
1205 2853 1417 2917 πάντας
1455 2856 1820 2925 ἀποδέχεσθαι

210 2946 393 3013 νόμον
446 2944 540 2996 καὶ
596 2943 858 3015 ἀληθείας
897 2943 1150 3015 δόγματα
1192 2947 1517 3018 παρεκάλει·
1571 2950 1706 3019 πρὸς
1737 2948 1817 3012 δὲ,

211 3036 328 3089 καὶ
378 3035 479 3104 τὴν
540 3035 677 3106 ὑπὲρ
725 3035 884 3107 ἡμῶν
942 3037 1268 3108 σταύρωσιν,
1304 3040 1526 3093 καὶτὸν
1561 3040 1816 3104 θάνατον,

212 3129 324 3180 καὶ
368 3128 469 3197 τὴν
507 3126 734 3198 λόγχην,
779 3128 871 3181 καὶ
917 3128 1014 3199 τὴν
1052 3130 1231 3200 ταφὴν
1276 3130 1350 3201 μὴ
1394 3133 1818 3202 ἐπαισχύνεσθαι

213 3218 298 3282 ὡς
334 3219 541 3290 ἀσθενῆ
571 3220 666 3273 καὶ
703 3220 1067 3274 ὲπονείδιστα’
1097 3222 1232 3275 ἁλλά
1265 3223 1362 3295 τὴν
1387 3223 1447 3288 ἐξ
1492 3224 1620 3295 ᾅδου
1672 3242 1760 3296 τρι
1787 3253 1813 3263 -

214 3313 439 3381 ήμερον
455 3312 573 3382 μετ’
590 3312 839 3377 ἐξουσίας
858 3313 1097 3385 ἔγερσιν,
1118 3316 1212 3369 καὶ
1228 3315 1327 3382 τὴν
1354 3319 1816 3383 συνεξανάστασιν

216 3403 339 3457 τῶν
364 3403 598 3475 νεκρῶν,
636 3405 733 3458 καὶ
759 3405 857 3476 τὴν
889 3408 969 3470 είς
1000 3407 1230 3477 οὐρανὸν
1254 3408 1449 3462 ἄνοδον
1470 3408 1817 3481 θεωροῦντας

218 3498 323 3547 καὶ
353 3496 730 3562 πιστεύοντας,
761 3497 1243 3570 ὲλλαμπρύνεσθαι
1283 3499 1486 3569 μᾶλλον
1519 3502 1613 3554 καὶ
1656 3501 1815 3567 δοξά-

220 3589 460 3653 ζεσθαι,
502 3590 662 3661 εἴπερ
719 3589 855 3643 Θεοῦ
898 3591 1183 3661 δυνάμεως
1231 3591 1406 3645 ταῦτα
1457 3593 1817 3664 γνωρίσματα

222 3682 402 3751 σαφῆο
439 3683 748 3754 προσδοκᾷν
778 3683 835 3736 δὲ
864 3684 958 3737 καὶ
992 3683 1088 3754 τὴν
1122 3682 1181 3747 ἐξ
1206 3684 1438 3753 ούρανοῦ
1491 3685 1654 3739 πάλιν
1696 3686 1819 3739 δευ-

219 3772 397 3844 τέραν
444 3775 585 3844 μετὰ
608 3773 766 3843 δόξης
796 3776 1137 3845 ἐπιφάνειαν,
1166 3776 1262 3828 καὶ
1297 3778 1497 3842 παντὸς
1542 3777 1694 3849 τοῦδε
1724 3779 1819 3834 τοῦ

218 3868 439 3933 κόσμου
478 3867 577 3938 τὴν
618 3869 711 3921 ἐπὶ
780 3868 840 3921 τὸ
885 3870 1131 3940 κρεῖττον
1181 3869 1468 3925 ἀλλοίωσιν
1518 3872 1614 3925 καὶ
1652 3888 1820 3942 μετα-

220 3955 477 4024 ποίησιν,
528 3957 623 4009 καὶ
671 3956 780 4010 τῶν
822 3958 1037 4027 νεκρῶν
1064 3958 1165 4028 τὴν
1208 3960 1530 4025 ἀνάστασιν,
1567 3963 1663 4015 καὶ
1712 3961 1822 4015 τῶν

219 4043 458 4095 δικαίων
499 4044 599 4115 τὴν
649 4043 883 4110 ζώωσιν,
922 4046 1018 4098 καὶ
1057 4044 1164 4098 τῶν
1194 4047 1539 4117 ἁμαρτωλῶν
1570 4048 1671 4121 τὴν
1716 4067 1819 4103 κα-

220 4132 506 4205 τάκρισιν.

1927 1956 2068 1995 mem
2121 1956 2183 1994 ac
2214 1938 2459 2009 ejusdem
2518 1947 2748 1991 naturai.
2816 1938 3026 1992 Docens
3063 1936 3342 1999 nimirum,
3376 1935 3506 1987 bor-

1925 2043 2165 2101 tansque
2198 2046 2262 2085 ac
2292 2031 2615 2091 obsecrans,
2648 2029 2939 2084 crederent
2970 2040 3021 2084 et
3050 2033 3366 2093 adorarent,
3404 2024 3507 2078 Pa-

1924 2134 2063 2181 trem
2102 2123 2322 2193 quidem
2354 2130 2411 2176 ut
2444 2123 2743 2191 ingenitum
2789 2136 3080 2189 rerumque
3121 2122 3503 2174 universarum

1925 2226 2227 2280 auctorem,
2266 2216 2512 2270 omnium
2558 2212 2794 2280 denique
2824 2210 3154 2282 principium
3187 2224 3350 2264 omne
3401 2222 3503 2261 an-

1924 2308 2185 2363 tecedens
2239 2305 2572 2377 principium
2613 2322 2629 2359 :
2665 2303 2862 2357 Filium
2914 2318 3066 2368 vero,
3115 2312 3173 2356 ut
3219 2318 3283 2356 ex
3343 2299 3508 2355 Patre

1926 2409 2249 2468 praeteterne
2272 2410 2335 2451 ac
2365 2392 2975 2465 supersubstantialiter
3000 2402 3189 2445 natum
3221 2409 3235 2444 :
3260 2407 3322 2445 ac
3354 2390 3504 2444 deni-

1923 2506 2029 2560 que
2064 2489 2329 2559 Spiritum
2372 2497 2651 2550 sanctum,
2686 2495 2743 2539 ut
2774 2485 2868 2553 qui
2897 2484 3089 2538 eodem
3123 2491 3350 2536 auctore
3373 2497 3509 2550 prte-

1922 2588 2127 2636 teterne
2147 2578 2423 2651 prosiliat.
2452 2575 2693 2631 Hortaris
2723 2577 2855 2630 totis
2886 2576 3101 2630 viribus
3136 2584 3303 2645 atque
3324 2575 3509 2629 admo-

1924 2689 2107 2739 nens,
2181 2673 2350 2728 unius
2417 2687 2634 2742 quoque
2709 2669 3261 2740 supersubstantialis
3341 2667 3505 2736 hujus

1923 2765 2220 2822 Trinitatis
2264 2780 2484 2835 unoque
2519 2765 2831 2835 principatu
2872 2763 3128 2833 pollentis
3174 2762 3503 2832 benignissi-

1923 2873 2067 2912 mam
2092 2856 2523 2912 exinanitiouem
2548 2861 2931 2924 agnoscerent,
2970 2852 3174 2922 Deique
3210 2850 3368 2906 Verbi
3415 2852 3505 2906 in-

1922 2949 2300 3003 carnationem
2347 2963 2454 3002 non
2496 2947 2820 3001 abnuerent.
2858 2945 3001 3012 Quin
3026 2954 3079 2999 et
3112 2946 3376 3001 suadebat
3406 2960 3509 2998 na-

1921 3051 2037 3097 tum
2075 3058 2137 3095 ex
2165 3042 2477 3096 castissima
2511 3041 2714 3111 puella,
2760 3048 2813 3095 et
2855 3054 2884 3091 a
2916 3038 3133 3093 Joanne
3186 3039 3501 3104 intinctum,

1921 3150 2249 3204 omnemque
2273 3134 2642 3201 evangelicam
2673 3133 3007 3196 doctrinam,
3044 3146 3144 3185 ceu
3203 3132 3503 3185 salutarem

1921 3226 2091 3294 legent
2112 3241 2177 3278 ac
2207 3224 2455 3278 veritatis
2495 3222 2742 3285 decreta,
2776 3236 2967 3274 omnes
2993 3220 3323 3289 reciperent.
3358 3217 3504 3272 Prte-

1920 3327 2069 3372 tcrea
2104 3331 2234 3372 vero
2265 3316 2432 3371 etiam
2483 3326 2704 3385 propter
2765 3328 2866 3369 nos
2895 3325 3211 3381 susceptam
3260 3325 3507 3376 crucem,

1918 3420 2265 3481 mortemque
2293 3416 2348 3463 et
2376 3409 2741 3479 sepulturam,
2774 3414 2833 3461 ut
2870 3405 3086 3459 inﬁrma
3128 3411 3182 3459 et
3232 3398 3493 3473 probrum

1921 3502 2177 3557 habentia
2208 3517 2316 3556 non
2352 3501 2779 3563 erubescerent;
2812 3496 2905 3551 sed
2933 3496 3025 3566 qui
3080 3496 3393 3549 triduanam
3433 3510 3500 3548 ex

1922 3595 2119 3650 inferis
2138 3610 2262 3648 cum
2294 3600 2565 3662 petestate
2594 3589 3035 3651 suscitationem,
3056 3597 3508 3656 mortuorumque

1919 3686 2124 3757 pariter
2159 3684 2571 3744 excitationem.
2626 3690 2790 3752 atque
2838 3682 2891 3735 in
2945 3681 3143 3735 coelum
3204 3694 3500 3734 ascensura

1919 3777 2339 3833 considerarent
2386 3790 2453 3830 ac
2504 3774 2791 3829 crederent
2843 3772 3161 3826 ltetarentur
3213 3772 3387 3840 magis
3439 3784 3506 3824 ac

1921 3872 2288 3941 gloriarentur
2314 3888 2327 3924 :
2356 3869 2556 3939 quippe
2578 3882 2702 3921 cum
2743 3866 2857 3920 haec
2886 3865 3087 3921 divinat
3116 3864 3336 3917 virtutis
3381 3878 3504 3931 pcr-

1923 3962 2113 4031 spicua
2148 3960 2347 4015 indicia
2379 3966 2566 4013 essent
2602 3975 2615 4011 :
2652 3964 3035 4026 exspectarent
3074 3957 3308 4024 denique
3337 3956 3501 4009 etiam

1929 4049 2223 4103 secundam
2283 4062 2313 4101 e
2372 4048 2514 4100 caelo
2568 4059 2786 4098 rursum
2833 4059 2958 4097 cum
3010 4042 3293 4110 majestate
3336 4057 3504 4111 appa-

1922 4141 2201 4202 ritionem,
2267 4136 2567 4205 mundique
2621 4136 2857 4189 universi
2908 4133 2961 4186 in
2998 4132 3192 4187 melius
3241 4132 3503 4186 immuta-

222 4234 461 4290 tionem,
487 4244 699 4284 necnon
731 4236 1071 4282 mortuorum
1098 4233 1582 4297 resurrectionem,
1619 4234 2008 4304 justorumque
2032 4228 2455 4285 viviﬁcationem
2488 4241 2553 4280 ac
2583 4234 2931 4296 peccatorum
2966 4222 3500 4279 condemnationem.

266 4327 318 4357 “
342 4325 557 4380 Coloss.
606 4341 643 4387 t,
670 4324 757 4378 15.

227 4461 578 4529 θεραπευτὰς
608 4474 703 4513 seu
733 4460 975 4514 cultores
1016 4459 1366 4515 Christianos
1392 4460 1502 4529 jam
1538 4470 1652 4514 tum
1692 4474 1812 4513 mo-

232 4533 444 4587 nachos
477 4530 676 4593 fuisse,
709 4530 802 4599 qui
823 4530 1004 4585 Marco
1035 4531 1265 4585 doctore
1300 4531 1644 4584 Alexandriae
1668 4547 1810 4599 pra:-

1923 4458 2243 4520 ἀσκοῦντες,
2280 4456 2374 4526 qui
2408 4456 2520 4510 vita
2545 4452 2810 4509 sevcriori
2836 4453 3179 4526 sanctitatem
3194 4452 3500 4526 quamdam

1923 4531 2089 4598 vulgo
2109 4522 2371 4598 majorem
2400 4526 2747 4598 praeferrent,
2777 4539 2917 4598 quos
2940 4524 3165 4598 latuisse
3191 4522 3499 4598 Philonem,

232 4611 465 4663 starent,
495 4600 644 4671 quod
662 4574 1032 4671 ’Jgrosolymis
1072 4601 1282 4665 ﬁdeles,
1319 4616 1459 4670 quos
1492 4574 1702 4655 Lucasr
1726 4574 1813 4654 ΓΞ·
1852 4574 1894 4629 θ
1923 4574 2170 4655 ,ιιιίίῗυίιιο
2193 4574 2492 4652 Jessentran
2518 4574 2847 4671 _Ch_ri_stian'i,
2875 4609 2999 4648 cum
3021 4574 3503 4671 ipseAlexaudria;

236 4674 361 4735 fert,
424 4670 669 4725 venditis
720 4670 1182 4740 posseSsionibus,
1237 4672 1302 4725 ad
1332 4672 1500 4740 pedes
1535 4671 1820 4740 apostolo-

234 4758 357 4796 rum
395 4742 636 4811 pretium
681 4741 968 4805 detulisse,
1025 4741 1397 4809 habuisseque
1444 4744 1627 4795 omnia
1669 4756 1823 4795 com-

237 4813 463 4877 munia;
495 4827 620 4880 qua:
651 4811 814 4865 nobis
849 4812 1025 4866 forma
1058 4812 1326 4881 religiosae
1372 4812 1731 4881 paupertatis,
1763 4812 1817 4865 in

234 4883 447 4944 Christi
497 4881 613 4952 ipSa
645 4881 851 4935 familia
883 4891 938 4935 et
965 4880 1229 4952 apostolis
1287 4880 1629 4936 consecrata.
1662 4880 1818 4947 Quod

239 4955 314 5008 ita
337 4952 580 5007 senserit
618 4952 890 5005 Eusebius
919 4961 974 5006 et
1027 4953 1333 5022 scripserit,
1363 4952 1605 5021 graviter
1632 4967 1821 5021 repre-

239 5024 437 5077 hendit
484 5022 732 5091 Scaliger
762 5022 905 5076 libro
933 5038 986 5077 vr
1027 5024 1101 5076 De
1140 5023 1345 5076 emend.
1393 5033 1707 5091 temporum,
1741 5022 1822 5074 ei-

239 5110 346 5163 que
381 5093 690 5147 assentitur
719 5091 942 5146 llenric.
1005 5093 1258 5148 Valesius
1321 5092 1389 5145 ad
1416 5091 1671 5163 eumdem
1709 5092 1820 5145 Eu-

242 5162 496 5228 sebium;
527 5178 630 5216 nec
662 5170 852 5233 putem
884 5163 1187 5218 abhorrere
1216 5177 1357 5233 quos
1388 5176 1582 5215 omnes
1626 5162 1683 5216 in
1712 5178 1825 5215 ma-

243 5236 413 5289 nibus
452 5233 621 5288 Marci
676 5232 991 5287 laudatores
1042 5233 1220 5288 habeo
1271 5233 1437 5302 (Beda
1489 5240 1720 5302 excepto
1768 5243 1824 5287 et

245 5305 557 5371 Damiano),
615 5302 887 5363 Nicetam.
950 5301 1287 5373 Proc0pium
1343 5304 1535 5373 rhet.,
1574 5301 1822 5356 Lauren-

246 5377 381 5430 tium
402 5375 635 5438 Justin.,
663 5384 798 5437 etc.,
846 5373 992 5443 quod
1028 5373 1084 5427 in
1132 5372 1250 5429 Suis
1304 5372 1577 5443 eneomiis
1616 5373 1823 5443 nullam

247 5447 367 5515 ejus
398 5447 476 5501 rei
510 5444 854 5499 mentionem
874 5442 1138 5515 iecerint,
1172 5454 1235 5498 ut
1270 5456 1373 5515 nec
1410 5442 1584 5498 01-ωεὶ
1624 5443 1681 5515 in_
1709 5442 1822 5515 Me-

248 5512 417 5572 naeis:
466 5530 708 5585 quorum
752 5512 1000 5585 proinde
1049 5529 1151 5584 ego
1193 5513 1465 5585 judicium
1519 5528 1631 5567 non
1654 5512 1819 5585 [acile

250 5583 555 5655 rejeceriin.
586 5584 653 5642 Ut
674 5583 824 5638 enim
855 5583 1108 5652 placeant
1142 5584 1540 5638 monachorum
1580 5583 1825 5655 origines

252 5652 327 5711 sic
360 5659 626 5727 antiquae,
658 5670 771 5709 non
806 5664 1000 5727 tamen
1043 5655 1216 5727 facile
1242 5664 1348 5727 est,
1401 5662 1546 5727 tanta
1575 5652 1697 5723 quae
1721 5652 1823 5727 ob-

253 5736 396 5781 stant
421 5724 757 5796 decoquere.
806 5724 973 5796 Erant
1009 5724 1420 5796 Alexandri-ara
1446 5725 1619 5796 prima
1651 5724 1825 5791 capti-

257 5800 417 5849 vitate
452 5794 898 5852 innumerabiles
919 5794 1129 5859 Judaei;
1166 5794 1267 5863 ipsi
1293 5795 1427 5863 legis
1449 5794 1820 5863 aentulatores,

254 5865 307 5919 in
365 5869 570 5937 quibus
611 5875 772 5924 erant
815 5867 862 5919 οἱ
920 5866 987 5920 τὰ
1034 5862 1241 5937 πάτρια
1295 5862 1731 5935 φιλοσοφοῦντες,
1768 5874 1825 5920 et

1923 4679 2131 4740 ageret.
2174 4683 2466 4740 rerumque
2507 4665 2863 4740 Judaicarum
2916 4665 3286 4733 peritissimus
3332 4674 3499 4740 esset,

1922 4734 2026 4794 hcc
2061 4755 2187 4793 eum
2248 4755 2335 4792 res
2379 4734 2724 4792 Christianae
2784 4735 3043 4795 laterent,
3082 4751 3225 4804 aegre
3278 4734 3502 4789 suaderi

1963 4821 2127 4864 otest.
2182 4807 2466 4863 Accedunt
2525 4807 2630 4861 alia
2684 4821 2807 4875 quae
2843 4805 3196 4875 prosequitur
3257 4805 3504 4859 Valesius

1943 4896 2083 4951 onge
2115 4880 2333 4933 diversa
2356 4878 2425 4931 ab
2446 4878 2578 4951 illis
2604 4874 2726 4951 quae
2779 4883 2938 4929 erant
2982 4874 3282 4951 Christiani
3332 4876 3496 4951 ritus,

1923 4961 1979 5004 et
2005 4944 2128 5019 qua:
2161 4958 2383 5018 recepta
2432 4945 3184 5019 ‘Cltristian‘orurmmoribus
3212 4944 3506 5019 _Jc_rosoly-

1925 5014 2037 5074 mis
2084 5036 2186 5073 nos
2217 5014 2381 5073 docet
2414 5017 2651 5071 Actuum
2690 5016 2851 5070 liber.
2891 5015 3148 5069 Diversus
3177 5014 3245 5067 ab
3277 5014 3501 5069 Essenis

1922 5090 2171 5145 ostendit
2225 5088 2474 5143 Valesius
2534 5095 2727 5140 contra
2773 5084 3329 5153 ScaligerumLMihi
3390 5100 3502 5138 non

1924 5160 2055 5216 licet
2106 5160 2264 5229 plura
2314 5159 2618 5229 inquirere.
2671 5151 3061 5229 Monacborum
3121 5151 3503 5229 .‘Egyptiorutn

1923 5223 2189 5300 origines.
2223 5237 2346 5299 post
2381 5223 2505 5300 illas
2532 5224 2887 5300 Jerosolymis
2912 5223 3053 5300 et_in
3107 5223 3501 5300 apostolisﬁde-

1927 5292 2295 5371 signatiOttes.
2331 5299 2570 5371 maxime,
2595 5292 2789 5371 probo,
2816 5309 2954 5371 quas
2976 5293 3031 5348 in
3063 5292 3347 5348 tuenachis
3372 5292 3503 5371 Bai.-

1927 5363 2115 5424 thvunis
2141 5380 2198 5424 et
2223 5369 2453 5424 Sinaitis
2485 5363 2652 5422 habet
2704 5363 3031 5419 Ammonius
3070 5380 3100 5419 a
3148 5379 3233 5418 me
3290 5363 3503 5434 produ-

1925 5450 2068 5504 ctus,
2100 5440 2454 5509 insinuatque
2497 5437 2717 5509 Antonii
2767 5436 2911 5509 Vita,
2942 5445 3000 5491 et
3040 5435 3192 5509 Pauli
3225 5434 3501 5509 Eretnitag,

1925 5527 1990 5565 ac
2011 5512 2055 5565 si
2092 5510 2223 5580 quid
2250 5505 2538 5563 exstathis
2594 5506 2899 5580 antiquius.
2957 5506 3121 5560 modo
3176 5520 3320 5560 sanae
3350 5505 3502 5580 ﬁdei,

1925 5598 2046 5659 non_
2089 5578 2543 5659 apocryph’orum.
2590 5578 2881 5659 insomniis
2904 5584 3262 5659 nu_ta.ns,'t_tut
3320 5578 3505 5659 minus

1925 5646 2308 5720 exploratum.
2356 5650 2414 5705 Si
2459 5650 2547 5704 cui
2594 5660 2774 5704 tamen
2829 5648 3084 5710 Eusebii,
3146 5646 3502 5720 Hieronymi,

1926 5706 2246 5798 Epiphanii,
2276 5730 2409 5798 etc.,
2440 5720 2715 5798 sententia
2744 5720 2945 5789 placet,
2974 5727 3035 5772 ut
3054 5706 3257 5798 (magis
3307 5706 3400 5798 pia
3446 5706 3505 5774 ei

1926 5786 2119 5917 fama:
2175 5788 2429 5868 instituto
2498 5786 2938 5859 monachorum,
3003 5786 3505 5846 adeat‘Barontttm

1929 5878 2020 5916 an.
2126 5904 2139 5917 .

1929 5878 2020 5916 an.
2051 5863 2139 5919 64.
2412 5864 2415 5868 ’
