4008 6582
540 381 651 448 295

1780 374 2072 436 NICETAZ
2100 372 2551 435 PAPHLAGON
2562 375 2577 433 I
2591 376 2631 433 S

3692 374 3802 439 296

628 495 752 552 Haec
782 495 999 568 quidem
1047 494 1160 561 ille,
1219 509 1316 551 ceu
1349 494 1509 566 plane
1552 505 1714 547 verax
1766 506 1827 544 ac
1868 490 2112 543 veritatis

2286 486 2470 540 Ταῦτα
2489 490 2517 541 ό
2543 488 2662 557 μὲν,
2687 488 2760 551 ὡς
2779 486 2985 558 ἀληθὴς
3002 486 3077 558 τῷ
3093 488 3208 541 δντι
3234 488 3328 542 καὶ
3349 485 3609 557 ἀληθείας
3627 489 3795 560 εὐαγ-

541 579 745 662 ριιεοό,
782 590 989 659 scripto
1032 588 1239 659 pariter
1271 588 1503 657 vivaque
1534 599 1665 639 voce
1722 584 1966 645 tradens,
2011 594 2111 651 po-

541 685 687 755 pulis
720 684 1067 755 pranlicabat.
1102 681 1181 735 Ex
1218 681 1322 734 illis
1352 693 1501 741 vero,
1536 678 1623 731 alii
1658 676 1875 747 quidem
1936 674 2114 729 verbis

541 777 1023 839 assentiebantur;
1074 775 1392 844 quicunque
1440 771 1653 825 scilicet
1718 778 1870 825 recto
1928 769 2112 821 animo

541 878 718 932 erant,
756 884 816 921 ac
848 883 1079 935 quorum
1116 881 1210 919 cor
1259 865 1552 918 invisibilis
1609 860 1849 933 Spiritus
1901 860 2114 914 uitiatus

554 961 820 1030 tetigerat.
856 958 963 1011 llos
988 958 1242 1010 nimirum
1277 956 1489 1010 veritati
1521 954 1784 1009 doctrinae
1817 953 2113 1006 adiimvens

539 1068 601 1104 ac
629 1069 766 1121 aqua
792 1049 1113 1113 emundans,
1147 1048 1465 1117 Spirituque
1524 1046 1862 1103 illuminaus.
1900 1058 2111 1099 necnon

538 1160 650 1195 Socr
669 1146 710 1197 is
730 1143 1036 1197 divinorum
1069 1141 1243 1212 signis
1264 1142 1488 1193 initians
1514 1150 1675 1208 atque
1694 1150 2110 1198 t‘OttSltltttltallS,

540 1231 677 1283 lilios
705 1229 1083 1283 immaculatos
1115 1246 1211 1298 per
1237 1231 1511 1283 lavacrum
1534 1228 1962 1295 regenerationis
1988 1225 2096 1280 Deo

537 1323 885 1388 obsignabat.
937 1323 1262 1390 Quicunque
1313 1330 1495 1375 autem
1553 1334 1721 1389 pravo
1754 1317 1919 1373 corde
1950 1326 2112 1387 atque

538 1412 688 1479 itnpii
738 1421 913 1477 erant,
958 1412 1010 1464 itt
1048 1410 1287 1465 divinam
1339 1411 1721 1465 contumeliosi
1781 1410 2110 1473 doctrinam,

537 1504 776 1573 superbo
800 1504 982 1557 animo
1014 1518 1078 1556 ac
1104 1504 1240 1556 dura
1296 1511 1477 1558 mente
1519 1504 1782 1556 adversus
1814 1499 2115 1555 disertissi-

540 1615 685 1652 nium
722 1610 1084 1653 contumaces
1111 1610 1441 1668 praeconem,
1475 1595 1644 1648 nimio
1680 1593 1864 1648 furore
1919 1590 2110 1660 perciti

542 1691 797 1745 tientibus
834 1690 886 1744 in
910 1706 1032 1744 eum
1066 1688 1405 1753 stridebant;
1437 1687 1830 1755 struebantque
1856 1684 2110 1748 insidias,

537 1800 646 1853 qua
675 1792 860 1853 aperta
897 1784 1180 1837 molitione
1209 1790 1547 1853 grassantes,
1570 1795 1677 1848 qua
1719 1780 1955 1834 occultis
1980 1793 2113 1833 con-

2218 576 2495 648 γελιστὴς,
2513 580 2805 648 ἐγγράφως
2829 594 2889 632 τε
2908 582 3002 633 καὶ
3035 580 3300 651 ἀγράφως
3330 579 3657 650 παραδιδοὺς
3685 585 3801 647 τοῖς

2221 670 2369 732 λαοῖς
2395 669 2797 738 εὐηγγελίζετο
2821 669 2925 723 τῶν
2950 670 3005 723 δὲ
3034 672 3081 721 ot
3112 671 3209 739 μὲν
3238 668 3476 723 ἐτίθεντο
3504 672 3618 734 τοῖς
3644 668 3802 739 λιγοο

2219 760 2549 829 μένοις,ὄσοι
2566 759 2657 812 τὸν
2688 759 2811 813 νοῦν
2831 756 2971 831 ἦσαν
3001 762 3202 825 εὐθεϊς,
3221 763 3313 815 καὶ
3339 758 3414 815 ὧν
3446 762 3545 830 τῆς
3568 762 3800 832 καρδίας

2217 852 2470 921 ἀοράτως
2503 852 2563 904 τὸ
2596 849 2820 920 Πνεῦμα
2840 853 3251 923 κατεδράττετοο
3294 852 3515 914 τούτους
3545 852 3623 922 τῷ
3654 854 3802 923 λόγῳ

2214 947 2315 1013 τῆς
2347 943 2603 1014 ἀληθείας
2640 947 3069 1016 προσαγόμενος,
3097 948 3190 1002 καὶ
3206 947 3283 1017 τῷ
3309 947 3460 1000 ῦδατι
3494 947 3797 1019 καθαίρων,

2215 1038 2310 1089 καὶ
2354 1037 2432 1106 τῷ
2487 1036 2764 1108 Πνεύματι
2797 1039 3071 1108 φωτίζων,
3114 1041 3211 1092 καὶ
3258 1041 3600 1109 ίερομιίστοις
3642 1041 3803 1093 τελεο

2216 1131 2486 1201 σιουργῶν
2536 1130 2961 1197 θεοπλαστίαις,
3021 1131 3301 1203 ἀμώμητα
3345 1132 3511 1185 τέκνα
3564 1133 3653 1187 διὰ
3698 1135 3803 1202 τῆς

2226 1224 2649 1292 παλιγγενεσίας
2673 1224 2970 1295 ἐσφράγιζε
3000 1225 3139 1295 Θεῷ·
3177 1227 3290 1278 ὅσοι
3319 1225 3375 1277 δὲ
3405 1226 3624 1288 σκολιᾶς
3646 1226 3804 1287 ὄντες

2216 1316 2515 1385 ἐτύγχανον
2564 1316 2790 1386 καρδίας
2827 1316 2920 1369 καὶ
2972 1316 3284 1381 δυσσεϐοῦς,
3342 1317 3477 1386 πρὸς
3520 1317 3610 1367 τὸν
3656 1316 3805 1368 θεῖον

2216 1404 2374 1473 λόγον
2425 1404 2823 1476 ἐξυϐρίζοντες,
2868 1407 2962 1458 καὶ
2998 1406 3217 1469 ἀλαζόνι
3267 1409 3423 1475 φρενὶ
3466 1406 3557 1459 καὶ
3606 1407 3806 1476 γνώμῃ

2219 1498 2437 1568 σκληρᾷ.
2472 1497 2568 1549 τοῦ
2594 1497 2930 1565 λογιωτάτου
2970 1500 3210 1567 κήρυκος
3245 1496 3802 1565 ἁπαυθαδιαζόμενοι,

2217 1590 2428 1660 ἐτριζον
2486 1590 2587 1660 μὲν
2636 1592 2763 1653 τοὺς
2806 1590 3031 1653 ὀδόντας
3081 1591 3485 1659 ἐμμαινόμενοι
3520 1588 3799 1658 στοδρῶς·

2216 1682 2574 1737 ἐπεϐούλευον
2631 1683 2725 1736 δέ·
2783 1682 2943 1735 τοῦτο
2999 1682 3100 1753 μὲν
3149 1682 3455 1751 ἀναφανδὸν
3484 1682 3602 1734 κατ’
3634 1680 3806 1735 αὑτοῦ

2217 1775 2697 1846 συσκευαζόμενοι,
2727 1775 2883 1829 τοῦτο
2913 1775 2969 1828 δέ
3015 1776 3108 1828 καὶ
3156 1773 3341 1845 κρυφῆ
3378 1774 3805 1845 σκαιωροῦντες,

537 1877 677 1931 siliis
708 1876 1089 1946 malignantes,
1122 1884 1287 1945 atque
1315 1890 1411 1929 eos
1436 1874 1528 1944 qui
1554 1882 1738 1927 essent
1765 1888 1831 1927 ex
1870 1870 2111 1926 Ecclesia

2222 1869 2311 1921 καὶ
2349 1869 2478 1932 τοὺς
2520 1868 2631 1921 ἀπὸ
2673 1868 2774 1938 τῆς
2824 1867 3150 1939 Ἐκκλησίας
3203 1866 3661 1940 συναρπάζοντες,
3710 1866 3808 1918 καὶ

538 1969 918 2040 corripientes,
954 1968 1480 2039 magistratibusque
1515 1982 1577 2020 ac
1614 1964 1942 2035 praesidibus
1970 1963 2107 2019 olfe-

539 2071 744 2124 rentes,
774 2062 1200 2123 calumniantes,
1236 2058 1525 2113 facultates
1554 2058 1890 2120 auferentes,
1929 2055 2112 2110 modis

536 2154 796 2206 omnibus
824 2151 1222 2221 aggredientes,
1250 2150 1399 2203 omni
1436 2148 1689 2202 machina
1719 2158 1945 2216 arteque
1975 2144 2115 2199 aliti-

538 2252 729 2312 gontes
765 2243 783 2312 (
810 2240 1149 2311 ejuscemodi
1175 2238 1433 2292 nimirum
1466 2235 1666 2289 diaboli
1693 2233 1970 2287 aunulatio
1987 2232 2113 2300 est)

535 2337 825 2408 omnisque
851 2336 1067 2406 generis
1099 2332 1339 2387 inventis
1362 2339 1646 2385 creaturos
1702 2343 1761 2380 se
1805 2326 2112 2380 molestiam

537 2428 815 2500 animique
892 2434 1181 2497 angustam
1262 2425 1582 2478 beatissimo
1655 2422 1772 2474 viro
1837 2420 2113 2473 arbitran-

537 2526 638 2575 tes.

608 2611 657 2666 Is
689 2618 892 2674 autem,
923 2610 1064 2663 haud
1093 2626 1253 2665 secus
1277 2625 1337 2663 ac
1364 2607 1589 2679 grandis
1620 2608 1866 2677 quaedam
1902 2606 2113 2660 marina

539 2716 704 2772 rupes
738 2714 897 2769 atque
922 2704 1193 2772 praedura,
1224 2703 1422 2772 vixque
1452 2718 1560 2755 non
1586 2701 1788 2763 dicam,
1818 2703 1927 2753 imo
1955 2714 2112 2753 teme

538 2793 662 2845 sinu
730 2793 994 2855 radicula,
1055 2792 1378 2846 irruentium
1454 2791 1715 2845 ﬂuctuum
1797 2791 2119 2844 incursibus

538 2883 791 2937 «:iiinibus
818 2898 881 2937 ac
929 2883 1229 2953 reciprocis
1263 2884 1513 2945 :estibus,
1547 2886 1873 2950 cunctisque
1927 2893 2113 2936 vento-

538 2991 660 3029 tum
696 2974 948 3029 violentis
997 2975 1212 3029 llatilms
1264 2976 1595 3029 inconcussa
1662 2974 1962 3043 inllexaque
1998 2989 2115 3027 nia-

538 3071 658 3127 net;
701 3063 779 3117 sic
807 3076 937 3117 sane
966 3061 1053 3115 hic
1075 3075 1315 3131 quoque,
1361 3062 1475 3113 alto
1509 3061 1666 3114 valde
1699 3064 1930 3115 Consilio
1951 3070 2116 3131 atque

537 3157 743 3221 animo,
782 3155 834 3209 in
876 3170 1027 3216 vera,
1064 3164 1117 3208 et
1148 3170 1269 3223 quae
1311 3163 1492 3208 menle
1532 3156 1875 3223 intelligitur.
1918 3154 2111 3207 fitnda-

537 3252 627 3299 tus
657 3239 826 3315 petra,
878 3245 1313 3312 reetissiniisque
1357 3260 1421 3299 ac
1458 3244 1772 3303 fortissimis
1808 3245 2114 3317 rationibus

539 3336 871 3390 inconcusse
905 3335 959 3389 in
1018 3335 1241 3391 Christo
1284 3336 1579 3401 ratlicatus,
1637 3337 1907 3391 concinne
1960 3345 2113 3391 trau-

536 3428 820 3498 quillaque
878 3429 1178 3483 securitate
1231 3428 1287 3481 in
1319 3442 1384 3483 eo
1426 3429 1795 3494 consistebat;
1855 3430 2115 3499 rmlloqne

537 3518 862 3573 tvrrentium
891 3518 1098 3572 insultu
1131 3518 1383 3588 pavidus.
1439 3518 1511 3581 ei,
1548 3519 1638 3587 qui
1675 3523 1978 3573 secundum
2025 3522 2117 3573 do-

537 3611 777 3664 etrinam
821 3619 923 3675 est,
957 3609 1100 3663 ﬁdeli
1150 3608 1389 3663 sermoni
1425 3609 1806 3676 incumbebat;
1854 3620 2017 3681 atque
2047 3611 2114 3664 ad

534 3712 699 3753 omne
735 3701 1003 3754 tentantis
1035 3699 1337 3769 periculum
1372 3709 1689 3769 struemque
1744 3700 2113 3768 inopen-cassus

537 3797 705 3859 atque
759 3788 994 3844 innexus
1027 3804 1277 3852 manens,
1322 3788 1617 3844 Ecclesiam
1668 3804 1823 3845 suam
1886 3792 2115 3846 lirmiter

537 3890 725 3939 tutans
754 3883 1095 3953 stipansque,
1116 3882 1185 3937 ab
1212 3883 1619 3938 adversantium
1651 3884 1876 3939 tiatuum
1913 3885 2111 3955 injuria

538 3977 768 4031 illa’sam
800 3974 1191 4031 conservabat.

606 4067 743 4124 Eum
778 4068 831 4122 in
868 4068 1093 4121 modum
1122 4068 1206 4122 vir
1241 4068 1477 4140 inclytus
1501 4067 1739 4134 Marcus,
1769 4086 1888 4139 quae
1917 4070 1968 4125 in
1996 4087 2116 4125 ver-

534 4159 619 4216 bis
649 4160 824 4230 posita
856 4168 939 4214 est
979 4158 1333 4230 (quandoque
1360 4176 1490 4216 vero
1509 4162 1675 4217 etiam
1704 4178 1826 4233 qure
1858 4164 1911 4217 in
1940 4165 2114 4235 signis

534 4261 702 4323 atque
728 4252 1018 4323 portentis)
1054 4253 1409 4322 apostolicam
1439 4254 1698 4310 virtutem
1730 4271 1855 4328 erga
1892 4256 2115 4314 Graecos

533 4346 855 4411 ostendens,
893 4344 1327 4401 domesticorum
1368 4346 1492 4401 ﬁdei
1536 4354 1795 4418 tanquam
1832 4350 2115 4404 divinissi-

534 4454 658 4495 nius
684 4440 914 4493 antistes
940 4437 1175 4493 salutem
1229 4436 1582 4507 adimplebat.
1636 4438 1771 4505 Quis
1832 4442 2113 4497 enimvero

2218 1961 2331 2021 τοῖς
2358 1959 2717 2031 πολιτάρχαις
2761 1960 3151 2030 προσάγοντες.
3184 1956 3675 2026 συκοφαντοῦντεςν
3702 1956 3807 2025 ζη“

2219 2052 2491 2123 μιοῦντες,
2546 2054 2680 2106 πᾶσι
2728 2053 2949 2123 τρόποις
2981 2050 3404 2122 ἐπιχειροῦντες,
3442 2052 3590 2120 πάσῃ
3622 2067 3811 2119 μηχα-

2216 2146 2280 2214 νῇ
2308 2144 2608 2207 κακοῦντες
2631 2142 2889 2213 (τοιοῦτος
2914 2142 3019 2215 γάρ
3077 2146 3105 2197 ό
3158 2141 3254 2195 τοῦ
3288 2140 3535 2194 διαϐόλου
3585 2141 3801 2209 ζῆλος).

2216 2234 2311 2287 καὶ
2345 2235 2548 2298 πάσαις
2594 2234 2867 2299 ἐπινοίαις
2898 2235 2989 2287 τὸν
3050 2231 3472 2304 μακαριώτατον
3519 2231 3688 2301 ἄνδρα
3723 2232 3809 2283 δο-

2217 2326 2441 2391 κοῦντες
2468 2328 2681 2382 λυπεῖν.

2299 2605 2357 2658 'U
2390 2606 2465 2669 δὲ,
2500 2604 2752 2678 καθάπερ
2777 2624 2855 2669 τις
2885 2606 3063 2677 πέτρα
3099 2605 3283 2669 nam;
3315 2605 3523 2675 μεγάλη
3551 2603 3644 2657 καὶ
3680 2620 3813 2656 στε-

2218 2699 2338 2771 ρεὰ,
2379 2702 2457 2761 εἰς
2483 2698 2643 2769 βάθος
2670 2699 2794 2769 γῆς,
2824 2698 2884 2751 οὐ
2925 2699 3023 2768 μέν
3053 2696 3145 2752 οὖν
3176 2699 3298 2752 ὅσον
3329 2699 3527 2759 εἰπεῖν,
3564 2696 3810 2766 ἐρριζω-

2220 2790 2380 2858 μένῃ,
2407 2791 2610 2852 πάσαις
2660 2789 2755 2859 μὲν
2810 2788 3069 2857 χυμάτων
3103 2788 3420 2858 ἐμπτώσεσι
3464 2788 3557 2841 καὶ
3603 2789 3810 2857 παλιρο

2224 2882 2421 2953 ροίαις,
2456 2882 2655 2945 πάσαις
2689 2882 2744 2934 δὲ
2792 2881 2931 2951 βίαις
2964 2884 3287 2953 πνευμάτων
3335 2884 3428 2936 καὶ
3478 2882 3812 2954 προσϐολαῖς

2218 2974 2490 3044 ᾰῤῥηκτός
2536 2992 2594 3026 τε
2622 2974 2770 3044 μένει
2820 2973 2913 3026 καὶ
2964 2974 3207 3045 ἀκλινὴς,
3241 2974 3385 3028 οὕτω
3415 2974 3479 3045 δὴ
3504 2976 3597 3028 κα)⁸
3623 2967 3808 3039 οὗτος,

2223 3069 2411 3139 βαθείᾳ
2444 3069 2649 3137 σςόδρα
2689 3068 2899 3140 διανοίᾳ
2947 3072 3010 3140 τῇ
3040 3069 3269 3141 ἀληθινῇ
3301 3070 3477 3140 πέτρᾳ
3507 3068 3603 3123 καὶ
3633 3071 3807 3141 νοητῇ

2217 3160 2707 3230 τεθεμελιωμένος,
2752 3161 2847 3214 καὶ
2896 3160 3176 3232 λογισμοῖς
3232 3161 3545 3225 εὐθυτάτοις
3600 3177 3659 3214 τε
3710 3162 3810 3213 καὶ

2222 3252 2601 3321 στεῤῥοτάτοις
2659 3253 3067 3317 ἀκατασείστως
3124 3253 3493 3325 ἐῤῥιζωμένος
3555 3251 3805 3321 Χριστῷ,

2215 3342 2408 3412 ἔμενεν
2443 3343 2541 3411 μὲν
2592 3343 2877 3414 ἀραρότως
2922 3344 3018 3397 καὶ
3071 3344 3296 3406 ἀπαθῶς
3332 3345 3391 3396 ἐν
3419 3342 3588 3413 αὐτῷ’
3616 3344 3808 3396 ἀντεί-

2216 3452 2341 3504 χετο
2373 3434 2428 3487 δὲ
2460 3433 2553 3486 τοῦ
2586 3435 2727 3488 κατὰ
2751 3436 2849 3507 τὴν
2879 3436 3103 3507 διδαχὴν
3137 3435 3331 3489 πιστοῦ
3362 3436 3541 3504 λόγου,
3574 3436 3809 3507 οὐδεμιᾷ

2216 3528 2560 3598 πτυρόμενος
2593 3528 2703 3581 τῶν
2736 3528 3069 3599 νομιζόντων
3112 3530 3299 3599 φοϐεῖν
3341 3530 3635 3602 προσσολῇ·
3662 3530 3807 3583 ἀκαο

2215 3621 2527 3692 τάπληκτος
2575 3622 2631 3675 δὲ
2678 3623 2855 3692 μένων
2912 3624 3049 3694 πρὸς
3093 3625 3275 3678 πᾶσαν
3305 3623 3398 3678 τοῦ
3444 3623 3807 3694 πειράζοντος

2217 3717 2413 3784 πεῖραν
2447 3714 2542 3767 καὶ
2580 3716 2853 3786 ἀρρεπὴς,
2886 3716 2979 3769 καί¹
3032 3717 3130 3787 τὴν
3180 3716 3300 3769 κατ’
3328 3716 3495 3771 αὐτοῦ
3540 3716 3808 3787 ἀρῤαγῶς

2229 3803 2557 3874 Ἐκκλησίαν
2590 3806 2927 3876 συγκροτῶν,
2955 3807 3051 3875 τῆς
3075 3806 3182 3859 ἀπὸ
3203 3806 3313 3859 τῶν
3343 3806 3600 3861 ἐναντίων
3632 3823 3807 3859 πνευ-

2219 3896 2405 3967 μάτων
2432 3898 2693 3970 ἐπηρείας
2728 3899 3139 3971 ἀνεπηρέαστον
3164 3900 3371 3970 ἐτήρει.

2287 4076 2474 4141 Οὕτως
2508 4079 2536 4130 ὁ
2581 4076 2755 4148 μέγας
2784 4077 3010 4148 Μάρκος
3053 4078 3189 4149 πρὸς
3226 4080 3350 4140 τοὺς
3387 4079 3801 4149 ἑλληνίζοντας,

2213 4170 2312 4240 τὴν
2343 4171 2401 4222 ἐν
2434 4173 2545 4232 τοῖς
2575 4169 2776 4237 λόγοις,
2814 4169 2927 4223 ἔστι
2971 4169 3014 4221 δ’
3053 4170 3141 4222 ὅτε
3186 4172 3279 4223 καὶ
3311 4171 3407 4239 τὴν
3448 4172 3505 4222 ἐν
3549 4174 3807 4242 σημείοις

2215 4262 2307 4313 καὶ
2355 4261 2597 4331 τέρασιν,
2630 4260 2993 4330 ἁποστολικὴν
3035 4259 3262 4329 δύναμιν
3314 4261 3762 4332 ἐπιδεικνύμενος
3788 4304 3804 4327 ,

2213 4351 2323 4404 τῶν
2349 4351 2564 4404 οἰκείων
2594 4351 2742 4423 αῦτῷ
2773 4352 2912 4405 κατά
2952 4353 3134 4407 πίστιν
3166 4352 3239 4416 ὡς
3304 4354 3569 4423 ἱεράρχης
3597 4354 3805 4408 ἐνθεώ-

2212 4458 2372 4504 τατος
2410 4442 2509 4514 τὴν
2555 4444 2831 4514 σωτηρίαν
2883 4444 3180 4514 ίερούργει.
3218 4444 3378 4497 Ἀλλά
3412 4446 3494 4508 τίς
3523 4449 3552 4499 ό
3590 4446 3693 4517 τῆς
3722 4449 3807 4501 ξε·-

534 4531 657 4599 ejus
693 4531 982 4599 implenda:
1009 4529 1208 4585 modus
1227 4530 1251 4585 ἳ
1270 4531 1477 4585 Divinze
1507 4532 1790 4601 sapientiae
1825 4533 2007 4591 verbis
2037 4543 2112 4588 at-

2222 4535 2473 4606 ρουργίας
2497 4535 2728 4605 τρόπος;
2759 4536 2953 4603 Λόγοις
2982 4537 3080 4606 μὲν
3108 4536 3391 4605 θεοσοφίας
3425 4540 3518 4589 καὶ
3538 4538 3805 4593 διδασκα-

536 4636 643 4692 que
669 4621 931 4675 doctrinae
979 4621 1240 4692 Spiritus,
1278 4636 1470 4677 eorum
1513 4624 1763 4694 quotidie
1817 4634 2028 4682 mentes
2055 4626 2116 4681 il-

538 4711 840 4777 lustrabat;
893 4727 957 4766 ac
1000 4712 1277 4768 carnalem
1319 4713 1539 4784 quidem
1599 4716 1896 4771 amicitiam
1949 4727 2113 4788 atque

536 4804 752 4874 peccati
813 4805 1269 4860 consuetudinem
1321 4806 1603 4874 inhibens,
1637 4808 1868 4877 spiritus
1895 4809 2012 4880 lege
2049 4825 2115 4865 ac

532 4899 742 4958 amoris
774 4899 825 4951 vi
861 4898 1084 4952 Christo
1117 4898 1525 4970 despondebat;
1552 4902 1620 4956 ab
1646 4901 1906 4973 omnique
1946 4904 2109 4958 noxia

531 4992 856 5062 cupiditate,
890 5007 957 5047 ac
984 5001 1333 5048 terrenarum
1361 4993 1600 5049 dementi
1635 4994 1869 5059 ratione,
1897 4996 2111 5068 appeti-

531 5086 685 5140 tione
722 5099 942 5149 arcens,
973 5085 1283 5140 cmlestium
1335 5085 1603 5141 duntaxat
1635 5094 1691 5142 et
1721 5089 2028 5159 stabilium,
2055 5098 2111 5147 et

534 5191 654 5246 qua!
690 5190 814 5231 vera
837 5177 980 5231 bona
1012 5177 1143 5242 sint,
1175 5176 1510 5233 desiderium
1548 5180 1872 5235 instillabat.

609 5266 701 5322 Sic
751 5267 941 5334 igitur,
975 5277 1032 5322 ut
1083 5269 1278 5339 paucis
1307 5269 1510 5335 dicam,
1556 5272 1729 5325 sacris
1756 5273 2109 5330 sermonibus

532 5363 702 5425 atque
724 5355 978 5411 doctrina
1031 5356 1270 5413 ﬁdelium
1305 5367 1513 5414 mentes
1544 5363 1842 5424 aulilirans,
1886 5378 2110 5419 rursus-

528 5461 636 5516 que
664 5447 924 5527 operibus
958 5462 1148 5503 sacras
1179 5459 1661 5506 sacrosanctorum
1716 5456 2105 5524 mysteriorum

604 5597 865 5674 (56)_T(’tc
894 5602 1069 5674 [apag
1100 5601 1218 5656 τῶν·
1271 5604 1444 5671 ἱερῶν
1489 5609 1843 5674 μυστηρίων
1882 5610 2109 5673 leporu-

531 5671 695 5751 πῖλος.
730 5670 826 5724 Est
859 5686 1024 5742 grave
1041 5673 1165 5751 _hoc
1196 5670 1570 5751 testimonium
1602 5670 1708 5751 pro
1726 5670 2109 5751 MarciLitur-

528 5742 639 5866 gina,
670 5756 777 5809 qua
828 5751 885 5795 et
930 5742 1095 5798 modo
1147 5752 1380 5798 utuntur
1431 5742 1692 5818 E‘gyp'tii,
1747 5749 2109 5819 meminitque

608 5810 841 5866 lsamon.
870 5812 975 5866 ctsi
1002 5812 1159 5866 locus
1189 5828 1299 5866 non
1345 5819 1609 5866 occurrit.
1665 5833 1770 5866 nua
1818 5829 1995 5866 tamen
2026 5822 2107 5866 nis

608 5810 841 5877 lsamon,
870 5812 975 5868 ctsi
1002 5812 1159 5869 locus
1189 5828 1299 5869 non
1345 5810 1609 5885 occur-"rit,
1665 5833 1772 5889 qua
1818 5810 2108 5879 tamcncis

2218 4626 2339 4689 λίας
2366 4626 2461 4680 τοῦ
2496 4627 2834 4698 Πνεῦματος,
2874 4630 2973 4692 τὰς
3009 4629 3189 4682 αὐτῶν
3245 4629 3518 4700 ὁσημέραι
3547 4632 3809 4700 κατεφώ-

2218 4719 2336 4785 τιξε
2364 4719 2560 4790 ψυχάς·
2605 4721 2698 4773 καὶ
2731 4720 2828 4792 τὴν
2861 4722 3133 4792 σαρκικὴν
3186 4723 3286 4791 μὲν
3330 4724 3539 4793 φιλίαν,
3568 4724 3664 4776 καὶ
3697 4723 3804 4795 τὴν

2218 4811 2508 4883 συνήθειαν
2552 4811 2654 4882 τῆς
2698 4812 2973 4883 ἁμαρτίας
3010 4814 3343 4880 ἐπικόπτων,
3411 4816 3489 4883 τῷ
3519 4815 3669 4886 νόμῳ
3704 4815 3803 4869 τοῦ

2217 4903 2531 4975 Πνεύματος
2561 4907 2653 4958 καὶ
2680 4902 2756 4975 τῷ
2790 4904 2996 4978 φίλτρῳ
3016 4908 3367 4977 κατηγγυᾶτο
3396 4906 3653 4978 Χριστοῦ
3691 4909 3806 4961 πά-

2221 5015 2321 5069 σης
2369 4998 2425 5052 δέ
2481 4996 2755 5069 βλαϐερᾶς
2798 4998 3096 5069 ἐπιθυμίας
3148 5000 3410 5071 ἐξείργων
3454 5001 3555 5071 τῆς
3614 4999 3807 5068 ἀλογι-

2220 5092 2373 5156 στίας
2410 5091 2519 5145 τῶν
2567 5092 2660 5145 ἐπὶ
2697 5091 2821 5161 γῆς,
2860 5093 3021 5161 μόνον
3051 5093 3160 5145 τῶν
3194 5093 3460 5164 οὐρανίων
3498 5094 3593 5146 καὶ
3622 5092 3805 5147 ἑστώ-

2215 5200 2345 5246 των,
2377 5184 2469 5236 καὶ
2502 5183 2669 5247 ὅντως
2699 5184 2879 5262 καλῶν
2912 5185 3012 5255 τὴν
3055 5184 3237 5256 ὄρεξιν
3269 5186 3573 5250 ἐνέσταζεν.

2296 5276 2387 5340 Ὧς
2436 5277 2492 5329 ἐν
2545 5276 2741 5348 βραχεῖ
2777 5276 2876 5346 μὲν
2903 5273 2999 5331 οὖν
3036 5276 3100 5347 δὴ
3130 5279 3325 5342 εἰπεῖν,
3362 5278 3536 5341 οὕτως
3574 5280 3632 5331 ἐν
3679 5281 3805 5342 τοῖς

2220 5366 2387 5435 ἱεροῖς
2415 5366 2595 5435 λόγοις
2623 5367 2720 5430 τὰς
2754 5366 2961 5420 πιστῶν
2992 5366 3259 5439 ᾠκοδόμει
3291 5368 3490 5437 ψυχάς·
3523 5368 3707 5438 ἔργοις
3741 5368 3805 5423 δὲ

2218 5458 2679 5533 πάλινέτὰςὶερὰς
2696 5458 2805 5514 τῶν
2833 5459 2993 5533 ἱερῶν
3017 5461 3335 5533 μυστηρίων
3356 5462 3804 5534 ἱεροτυπίαςβϐ)

2219 5613 2298 5667 uti
2327 5629 2437 5669 non
2492 5630 2721 5689 prorsus
2758 5614 2999 5689 liberum
3049 5618 3121 5674 sit
3156 5616 3668 5689 Constantinopoli,
3697 5623 3802 5678 sed

2217 5699 2280 5738 ea
2331 5701 2495 5753 quam
2530 5688 2733 5756 passim
2772 5686 2826 5741 in
2882 5688 3054 5742 sacris
3102 5688 3332 5743 adhibet
3376 5686 3620 5744 Ecclesia
3653 5692 3808 5748 Con—

2218 5756 2710 5840 staiitinopplitana
2740 5796 2816 5840 ,μ’
2851 5773 3049 5840 nenipe
3086 5757 3495 5840 “Chrysostomi
3528 5778 3543 5825 ;
3626 5765 3805 5840 certis

2214 5830 2381 5882 etiam
2407 5826 2604 5885 diebus
2634 5826 2839 5884 Basilii.
2874 5826 3061 5886 Edidit
3084 5826 3251 5887 Marci
3279 5830 3583 5891 Lituraiam
3634 5832 3800 5889 Joan.
