4008 6622
259 440 343 506 997
1015 429 1296 490 ORATIO
1335 430 1453 490 XV.
1491 453 1561 464 -
1596 429 1680 489 ῘΝ
1717 421 2034 489 LAUDEM
2062 428 2120 489 S.
2152 425 2391 488 MARCI
2431 426 2682 488 APOST.

3369 427 3473 490 298

259 555 494 622 πανιέρως
523 546 1034 615 διασκευαςὸμενος,
1093 547 1187 599 καὶ
1226 543 1540 614 προσευχὰς
1591 542 1794 611 ἐγγρά-

1905 542 2256 596 ιτιιιιυοιηοηίιιε
2336 543 2708 598 sacratissime
2761 557 3096 615 componens
3151 560 3215 600 ac
3286 561 3478 618 preces

257 662 366 714 φους
393 639 727 710 παραδιδοὺς,
760 639 852 690 καὶ
881 639 979 706 τὴν
1013 637 1280 707 μυστικὴν
1311 637 1405 689 καὶ
1454 635 1792 704 ἀναίμακτον

254 737 329 791 τοῦ
366 729 664 804 ζωαρχικοῦ
716 730 969 799 σώματος
1017 729 1114 782 καὶ
1145 727 1794 798 αἴματοςὶεροτελεστίαν

255 849 300 883 τε
354 828 438 883 καὶ
489 823 851 894 λειτουργίαν,
901 820 1263 882 θεοτυπώτοις
1315 818 1664 890 παραδόσεσι,
1700 818 1794 870 καὶ

256 917 472 987 ἀμώμοις
507 913 584 983 τῷ
633 913 906 984 πνεύματι
957 911 1388 980 διατυπούμενος
1428 911 1790 973 ἀκολουθίαις,

255 1012 393 1064 τύπον
437 1025 491 1060 τε
529 1007 638 1059 τῶν
670 1005 999 1076 βαπτισμῶν
1058 1012 1152 1058 καὶ
1204 1003 1552 1075 χειροτονιῶν
1609 1003 1790 1074 ἱερῶν,

255 1101 328 1153 καὶ
372 1100 541 1152 πᾶσαν
591 1098 778 1160 ἁπλῶς
823 1097 922 1167 τὴν
969 1095 1431 1167 ἐκκλησιαστικὴν
1486 1095 1790 1166 ἱεραρχίαν,

254 1192 399 1261 εὐχῶν
442 1207 498 1242 τε
537 1190 817 1260 μυστικῶν
872 1190 1218 1261 ίερολογὶαις,
1276 1189 1373 1241 καὶ
1435 1187 1795 1257 συμϐολικαῖς

253 1284 598 1355 θεσμοθεσίαις
629 1283 1002 1346 ἀποστολικῶς
1035 1282 1452 1352 διαταξάμενος,
1482 1281 1542 1332 ού
1575 1282 1640 1350 τῇ
1674 1280 1795 1332 κατ’

253 1379 386 1432 αὐτὸν
409 1380 564 1447 γενεᾷ
601 1378 782 1448 μόνον,
833 1378 968 1431 ἀλλὰ
1021 1378 1114 1430 καὶ
1157 1377 1358 1438 πάσαις
1393 1375 1540 1444 ἑξῆς,
1591 1373 1794 1444 ἱεροθέο

247 1487 328 1536 της
358 1469 636 1537 σωτήριος,
690 1468 786 1520 καὶ
830 1471 1023 1538 καινῆς
1075 1465 1338 1537 διαθήκης
1371 1465 1590 1535 ἄριστος
1638 1478 1800 1532 νομο-

252 1563 387 1628 θέτης
421 1561 789 1630 ἀναπέφηνεν.

305 1653 397 1702 Καὶ
425 1651 518 1719 οὐχ
563 1650 751 1722 ὥσπερ
791 1652 996 1721 Μωσῆς
1040 1653 1246 1714 ὲγεῖνος
1286 1653 1316 1703 ὁ
1362 1651 1526 1715 πάνυ,
1559 1651 1797 1721 κραταιᾷ

246 1743 365 1812 χειρὶ
421 1746 532 1803 τοῖς
593 1744 907 1810 Αἰγυπτίοις
947 1743 1306 1814 ἐμπεπαιχώς
1329 1762 1342 1774 ·
1378 1745 1513 1815 πρὸς
1544 1745 1640 1813 τὴν
1670 1743 1798 1813 ἕρη-

247 1834 402 1903 ρονδὲ
431 1835 525 1888 καὶ
581 1834 642 1888 τὸ
686 1837 816 1907 ὅρος
858 1838 1226 1908 διαϐεϐηκώς·
1257 1836 1476 1895 ἐδέξατο
1527 1837 1625 1905 μὲν
1655 1836 1794 1890 ἄνω-

1903 632 2108 701 scripto
2139 633 2384 695 tradens,
2417 635 2815 704 mysticamque
2846 645 2900 689 et
2958 634 3301 691 incruentam
3340 637 3482 691 vivi-

1902 724 1990 778 tici
2023 724 2273 793 corporis
2301 733 2467 795 atque
2493 729 2776 798 sanguinis
2815 728 3246 784 celebrationem
3282 731 3481 786 ritum-

1902 831 2010 884 que
2034 816 2235 871 divinis
2269 818 2681 883 traditionibus,
2713 833 2777 874 ac
2808 821 2956 874 omni
3010 821 3135 877 labe
3168 823 3322 893 puris
3365 823 3485 878 olli-

1904 910 2006 962 ciis
2038 909 2377 976 inlormans;
2411 913 2801 982 baptismatum
2837 914 3073 985 denique
3104 931 3168 970 ac
3201 930 3480 974 sacrarum

1903 1001 2310 1056 ordinationum
2370 1005 2556 1070 ritum,
2589 1021 2916 1076 omnemque
2957 1023 3187 1076 prorsus
3229 1008 3485 1063 ecclesia-

1905 1094 2100 1149 sticam
2135 1095 2498 1150 hierarchiam
2534 1113 2756 1167 precum
2783 1103 3134 1170 mysticarum
3171 1101 3346 1156 sacris
3376 1117 3487 1156 ser-

1907 1187 2162 1241 monibus
2199 1203 2262 1242 ac
2317 1189 2636 1258 symbolicis
2686 1192 3129 1249 institutionibus
3182 1196 3484 1264 apostolico

1905 1291 2068 1330 sensu
2107 1278 2349 1347 nutuqu‘e
2378 1279 2695 1342 instituens,
2719 1282 2931 1349 lnedum
2968 1299 3102 1348 stne,
3133 1285 3225 1340 sed
3269 1297 3482 1340 etcuu-

1904 1370 2008 1421 etis
2038 1369 2297 1439 deinceps
2318 1372 2595 1436 aetatibus,
2627 1373 2884 1428 salutaris
2907 1390 3192 1430 sacrorum
3224 1378 3480 1447 antistes,

1905 1462 2142 1531 novique
2170 1464 2482 1518 testamenti
2510 1466 2753 1534 optimus
2781 1466 3060 1536 legislator
3089 1467 3314 1524 eilulsit.

1977 1644 2084 1698 Nec
2121 1646 2258 1699 sicut
2291 1645 2687 1702 celeberrimus
2729 1648 2819 1702 ille
2854 1647 3031 1705 Moses
3068 1650 3120 1704 in
3155 1666 3321 1706 manu
3351 1651 3480 1706 forti

1905 1740 2186 1808 percussis
2218 1737 2510 1810 Egyptiis,
2539 1747 2703 1810 atque
2758 1740 2813 1795 in
2868 1741 3148 1798 desertum
3197 1745 3483 1808 secedens,

1905 1845 2323 1901 conscensoque
2353 1840 2538 1888 monte
2562 1835 2784 1888 coalitus
2811 1835 3056 1905 quidem,
3093 1847 3147 1890 at
3181 1838 3234 1892 in
3294 1839 3484 1893 littera

245 1928 318 1980 θεν
340 1928 510 1997 νόμον,
546 1928 642 1980 τὸν
691 1930 749 1980 ὲν
787 1930 1075 1999 γράμματι
1111 1931 1196 1983 δέ’
1229 1932 1324 1983 καὶ
1359 1929 1639 2000 νομοθετεῖ
1670 1927 1790 1997 μὲν,

1905 1930 2083 1977 tamen
2118 1923 2351 1990 positam
2379 1923 2575 1994 Legem
2609 1927 2849 1996 accepit;
2875 1941 2940 1981 ac
2968 1927 3085 1992 lege
3112 1927 3332 1999 quidem
3364 1939 3483 1984 sau-

246 2021 366 2089 μόνῳ
396 2019 467 2090 τῷ
513 2020 736 2090 Ἰσραὴλ
781 2022 836 2073 δέ
858 2036 871 2050 ·
925 2023 1040 2074 ἀλλ’
1074 2022 1392 2090 Αἰγυπτίοις
1429 2015 1526 2091 μὲν
1559 2023 1788 2092 νοητοῖς,

244 2115 337 2172 ταῖς
381 2113 863 2182 ἐπιτεταγμέναις
897 2114 1181 2184 δυνάμεσι,
1239 2117 1330 2168 καὶ
1363 2117 1496 2169 πᾶσι
1525 2118 1636 2178 τοῖς
1664 2116 1795 2166 ἀσε-

244 2207 367 2257 ϐέσιν
389 2205 492 2258 τῶν
521 2207 840 2276 Αἰγυπτίων
880 2208 1351 2277 συμπλεκόμενος,
1388 2209 1484 2260 καὶ
1515 2207 1794 2276 κατακρά-

241 2317 313 2362 τος
338 2299 550 2360 τούτους
604 2299 975 2371 τροπούμενος
1022 2301 1117 2352 καὶ
1167 2299 1478 2371 καθαιρῶν·
1516 2300 1616 2370 τὴν
1662 2299 1792 2352 ἀσέ-

241 2392 366 2444 ϐειαν
393 2393 444 2445 δὲ
475 2394 658 2446 αὐτῶν
690 2394 782 2446 καὶ
834 2394 1124 2462 ἀσέλγειαν
1155 2394 1493 2463 ἀπημάντως
1529 2393 1604 2455 ὡς
1644 2393 1794 2461 Ἐρυ-

242 2487 353 2555 θρὰν
390 2489 447 2540 ἐν
490 2487 720 2557 Χριστῷ
763 2487 937 2556 Ἰησοῦ
987 2486 1201 2553 διαϐὰς,
1237 2489 1331 2541 καὶ
1377 2487 1511 2556 πρὸς
1539 2487 1638 2555 τὴν
1670 2487 1794 2556 ἡρε-

243 2577 380 2646 μαίαν
405 2579 494 2631 τοῦ
523 2579 620 2630 νοῦ
654 2579 989 2632 κατάστασιν
1023 2580 1116 2631 καὶ
1147 2578 1424 2649 γαλήνιον,
1458 2578 1534 2642 ὠς
1585 2577 1793 2647 ἔρημον

242 2672 572 2742 προσχωρῶν,
623 2672 715 2725 καὶ
758 2671 835 2742 τῷ
889 2673 986 2742 τῆς
1027 2671 1305 2738 θεολογίας
1343 2673 1793 2743 προσαναϐαίνων

237 2763 332 2831 ὄρει
360 2764 530 2832 στόμα
563 2764 706 2817 κατὰ
749 2763 924 2833 στόμα
969 2764 1264 2835 προσλαλεῖ
1297 2765 1373 2833 τῷ
1405 2764 1545 2836 Θεῷ·
1583 2766 1677 2817 καὶ
1705 2764 1795 2817 τὸν

239 2853 376 2921 νόμον
415 2855 632 2906 ἐκεῖθεν
668 2855 728 2906 οὐ
755 2855 847 2907 τοῦ
878 2855 1231 2926 γράμματος,
1262 2857 1394 2909 ἀλλὰ
1423 2856 1517 2910 τοῦ
1550 2856 1794 2926 πνεύμα-

240 2959 310 3006 τος
340 2945 710 3014 νομοθετεῖται
732 2963 746 2977 ο
779 2949 870 2999 καὶ
922 2948 1259 3018 ἱερουργίαν,
1288 2950 1345 3001 ού
1378 2949 1478 3020 τὴν
1511 2951 1568 3002 ἐν
1604 2949 1794 3012 τύποις

237 3053 284 3087 τε
329 3041 412 3091 καὶ
448 3042 658 3103 σκιαῖς,
689 3039 824 3093 ἀλλὰ
852 3040 950 3110 τὴν
1004 3044 1060 3094 ἐν
1091 3040 1318 3111 ἀληθεία
1373 3042 1470 3094 καὶ
1523 3040 1796 3112 πνεύματι

237 3126 595 3200 θεωρουμένην
634 3131 1111 3201 μυσταγωγηθεὶς,
1141 3132 1200 3184 ού
1235 3134 1300 3203 τῇ
1330 3132 1452 3184 κατ’
1481 3133 1644 3186 αὑτὸν
1678 3133 1799 3186 Ἐκ·

237 3219 406 3291 nimi;
436 3224 624 3291 μόνον,
663 3223 798 3275 ἀλλὰ
829 3227 892 3294 τῇ
929 3224 1191 3295 καθολικῇ
1231 3225 1532 3295 νομοθετεῖ.
1567 3226 1674 3278 Καὶ
1695 3228 1793 3296 οὐχ
1821 3270 1867 3332 C

239 3312 266 3332 ι.
284 3313 296 3332 ἱ
326 3331 348 3332 η
368 3315 381 3332 Ι
500 3316 555 3332 In
769 3317 782 3332 ι
901 3316 912 3329 ο
1180 3317 1206 3328 ιο
1316 3319 1328 3332 ο
1387 3319 1398 3332 ο
1449 3317 1463 3332 ο
1741 3321 1763 3332 ι-

235 3312 472 3382 ἑνὶμόνον
498 3316 670 3381 ἔθνει,
698 3317 791 3368 καὶ
823 3316 996 3387 τούτῳ
1035 3317 1215 3388 μικρῷ
1245 3319 1339 3372 καὶ
1377 3317 1545 3387 ὁρίοις
1575 3321 1793 3389 μικροῖς

234 3404 601 3478 διειλημμένῳ,
640 3411 706 3479 τῇ
748 3411 1042 3482 οἰκουμένῃ
1075 3410 1132 3464 δὲ
1176 3411 1348 3484 πάσῃ,
1386 3412 1478 3464 καὶ
1524 3413 1688 3464 παντὶ
1718 3397 1804 3482 τῷ

234 3497 590 3570 Χριστωνύμῳ
641 3499 966 3571 πληρώματι
1018 3504 1295 3573 μυστικῶς
1353 3505 1656 3558 ἐπιστατεῖ·
1696 3505 1793 3558 καὶ

233 3587 436 3659 διαθήκη
453 3591 646 3660 καινὴ,
677 3594 772 3645 καὶ
800 3593 1094 3663 παράδοσις
1128 3595 1482 3666 ἀποστολικὴ,
1510 3597 1607 3650 καί¹
1632 3596 1794 3666 νόμος

233 3683 481 3754 ἀληθείας,
526 3689 642 3740 πᾶν
665 3688 724 3740 τὸ
755 3691 884 3760 παρ’
918 3688 1129 3742 ἐκείνου
1164 3689 1372 3758 λεχθὲν,
1401 3689 1434 3760 ἢ
1467 3690 1791 3761 παραδοθὲν,

230 3777 278 3826 οὗ
303 3781 406 3843 τοῖς
447 3779 866 3851 Ἀλεξανδρεῦσι
899 3781 1100 3851 μόνοις,
1135 3780 1272 3834 ἀλλὰ
1297 3782 1388 3834 καὶ
1423 3782 1624 3846 πάσαις
1653 3782 1790 3836 καθ-

232 3865 332 3918 όλου
356 3871 472 3932 ταῖς
499 3872 681 3940 ἱεραῖς
728 3870 1077 3938 Ἐκκλησίαις
1106 3871 1453 3942 χρηματίζει.

302 3959 445 4013 Ἐπεὶ
485 3961 546 4014 δὲ
599 3963 801 4024 πάσαις
844 3961 946 4032 μὲν
993 3964 1384 4027 ἀποστολικαῖς
1416 3963 1791 4034 θεοσημείαις,

231 4050 407 4115 πάσαις
434 4053 491 4106 δὲ
532 4053 711 4116 θείαις
734 4053 1014 4124 χρώμενος
1045 4055 1400 4126 ἱερουργίαις,
1431 4055 1492 4108 τὸ
1521 4055 1682 4126 ἔργον
1714 4058 1796 4108 εύ-

229 4142 432 4210 ἁρεστον
472 4143 600 4214 Θεῷ
629 4145 722 4196 καὶ
754 4145 960 4197 τέλειον
998 4146 1096 4216 τῆς
1127 4145 1291 4199 αὑτοῦ
1332 4147 1647 4217 παρέστησε
1677 4147 1793 4198 δια-

231 4234 413 4300 κονίας,
432 4236 526 4288 καὶ
563 4233 800 4298 πολλοὺς
833 4236 929 4306 μὲν
959 4237 1038 4309 τῷ
1066 4237 1330 4310 χρίσματι
1357 4239 1457 4307 τῆς
1494 4238 1794 4309 ἱερωσύνης

227 4325 596 4389 τετελειωκὼςσ
644 4328 992 4396 παμπὸλλους
1038 4329 1094 4382 δὲ
1123 4333 1221 4399 τῆς
1255 4329 1541 4398 εἰδωλικῆς
1567 4331 1792 4400 ἀπάτης

229 4419 305 4468 καὶ
333 4418 538 4488 πλάνης
585 4420 896 4491 ῥυσάμενος
916 4460 929 4484 ,
966 4421 1054 4475 διὰ
1085 4423 1321 4486 πίστεως
1367 4423 1684 4494 προσήγαγε
1716 4420 1793 4492 τῷ

228 4508 444 4580 Χριστῷ,
482 4512 640 4575 ἄξιον
673 4511 922 4582 κέκριται
965 4514 1098 4584 μηδὲ
1146 4515 1247 4584 τῆς
1276 4513 1641 4586 ἀθλοφορικῆς
1677 4514 1790 4585 (57)

229 4600 364 4651 αὑτὸν
396 4603 796 4674 ἀπολελεῖφθαι
827 4606 1016 4676 τιμῆς.

1903 2017 1997 2079 cit,
2034 2031 2221 2070 verum
2275 2017 2376 2072 soli
2417 2016 2602 2072 lsraeli
2634 2036 2646 2072 :
2682 2019 2932 2088 quiuimo
2975 2035 3098 2076 cum
3136 2022 3486 2092 spiritalibus

1906 2111 2175 2184 Egyptiis
2211 2113 2567 2184 (adversariis
2597 2114 2809 2169 scilicet
2842 2117 3208 2184 potestatibus
3237 2117 3487 2174 cunctis-

1905 2218 2010 2272 que
2043 2201 2425 2274 Egypliorum
2460 2204 2666 2275 impiis)
2689 2220 3044 2277 congressus,
3076 2208 3250 2277 iisque
3269 2211 3486 2280 penitus

1906 2294 2045 2348 fusis
2081 2309 2144 2348 ac
2205 2293 2530 2364 profligatis,
2584 2310 2797 2349 necnon
2855 2296 3073 2351 illorum
3117 2297 3396 2367 impietate
3422 2314 3484 2353 ac

1906 2384 2151 2448 lascivia,
2189 2385 2366 2440 instar
2393 2385 2560 2440 maris
2584 2384 2756 2440 Rubri
2782 2388 3002 2444 innoxie
3030 2389 3082 2443 in
3106 2389 3326 2445 Christo
3353 2389 3482 2445 Jesu

1905 2485 2190 2546 superata;
2227 2478 2483 2548 velutque
2537 2481 2589 2532 in
2633 2479 2938 2547 desertum,
2991 2482 3056 2536 ad
3125 2485 3480 2554 tranquillum)

1904 2575 2101 2626 mentis
2132 2579 2331 2626 statum
2367 2573 2723 2644 quietumque
2755 2575 3038 2640 secedens,
3068 2585 3295 2648 tumque
3317 2581 3439 2632 ahui
3464 2605 3486 2619 ο

1904 2661 1971 2716 de
2007 2677 2313 2718 conscenso
2349 2667 2639 2735 theologia:
2667 2675 2871 2729 monte,
2906 2683 3001 2721 ore
3031 2669 3098 2722 ad
3126 2686 3188 2724 os
3223 2688 3346 2724 cum
3375 2671 3484 2727 Deo

1905 2769 2190 2812 sermones
2251 2761 2476 2826 miscet;
2522 2759 2759 2830 indeque
2802 2774 2908 2814 non
2967 2761 3184 2828 litterae,
3223 2766 3321 2820 sed
3378 2769 3489 2837 spi-

1903 2849 2044 2904 ritus
2079 2850 2250 2922 legem
2287 2852 2551 2921 docetur;
2601 2869 2930 2925 sacramque
2974 2855 3338 2926 iunctionem,
3373 2878 3481 2916 non

1903 2957 2023 3012 qua:
2055 2943 2108 2997 in
2153 2945 2342 3015 ﬁguris
2371 2953 2426 3000 et
2477 2947 2724 3011 umbris,
2780 2950 2874 3004 scd
2903 2965 3025 3020 quae
3084 2951 3136 3005 in
3194 2953 3390 3022 Spiritu
3429 2963 3485 3007 ct

1902 3035 2133 3088 veritate
2163 3033 2520 3106 intelligatur,
2545 3036 2828 3103 hauriens,
2857 3040 3056 3094 nedum
3081 3057 3195 3096 sua:
3221 3042 3354 3112 ipse,
3385 3044 3478 3095 sed

1901 3133 1956 3180 et
2014 3126 2312 3180 universali
2362 3128 2542 3180 sancit
2603 3127 2898 3194 Ecclesim;
2929 3144 3029 3184 nec
3079 3131 3171 3185 uni
3215 3130 3482 3185 duntaxat

1903 3217 2072 3286 genti,
2099 3219 2260 3294 eique
2297 3217 2590 3288 ejusmodi,
2626 3228 2686 3273 ut
2739 3219 2854 3290 ipsa
2916 3222 3113 3292 exigua
3154 3223 3484 3294 angustiori.

1901 3309 2115 3378 busque
2164 3291 2415 3364 terminis
2471 3309 2873 3379 comprehensa
2921 3291 3026 3377 sit,
3062 3309 3159 3366 sed
3223 3291 3482 3368 universo

1901 3407 2172 3459 terrarum
2206 3399 2323 3454 orbi
2356 3413 2420 3453 ac
2471 3398 2916 3454 Christianorum
2954 3399 3102 3460 omni
3137 3400 3307 3454 οωιυί
3359 3416 3484 3472 my-

1901 3494 2040 3550 stice
2070 3493 2420 3564 prazscribit;
2475 3509 2791 3562 novumque
2819 3501 3214 3548 testamentum
3250 3505 3302 3550 et
3345 3508 3480 3564 apo-

1899 3587 2095 3641 stolica
2130 3587 2373 3652 traditio,
2406 3587 2603 3656 lexque
2623 3585 2871 3641 veritatis
2901 3586 3076 3650 audit,
3107 3586 3375 3656 quidquid
3409 3586 3480 3640 ah

1898 3692 1964 3732 eo
1992 3676 2192 3732 nedum
2218 3677 2631 3747 Alexandrinis,
2668 3677 2764 3733 sed
2792 3685 2846 3732 et
2897 3680 3115 3733 cunctis
3177 3679 3477 3735 universim

1899 3771 2107 3825 sanctis
2134 3769 2400 3826 Ecclesiis
2432 3771 2641 3825 dictum
2669 3778 2765 3825 aut
2789 3771 3053 3825 traditum
3096 3773 3186 3826 sit.

1969 3949 2127 4017 Quod
2189 3966 2321 4005 vero
2377 3951 2656 4005 universis
2708 3936 3037 4020 apostolicis
3087 3951 3263 4022 signis
3291 3953 3476 4008 divina

1896 4045 2101 4100 virtute
2161 4044 2442 4108 exhibitis,
2493 4044 2824 4110 cunctisque
2884 4044 3061 4099 sacris
3099 4043 3481 4100 functionibus

1898 4137 2162 4206 peractis,
2202 4135 2489 4191 ministerii
2543 4137 2628 4192 sui
2664 4152 2805 4206 opus
2833 4152 2998 4207 quam
3040 4148 3326 4207 acceptum
3370 4137 3481 4193 Deo

1895 4227 2310 4300 perfectumque
2389 4229 2739 4295 reddiderat,
2803 4230 3102 4301 multisque
3147 4231 3477 4286 sacerdotali

1895 4327 2160 4378 unt-tione
2179 4325 2604 4388 consummatis,
2626 4325 2945 4395 complures
2978 4339 3006 4377 a
3043 4323 3474 4380 simulacrorum

1895 4419 2046 4471 cultu
2082 4425 2245 4486 atque
2277 4432 2470 4471 errore
2501 4416 2764 4490 liberatos
2791 4432 2888 4486 per
2917 4417 3078 4471 ﬁdem
3112 4416 3339 4472 Christo
3379 4414 3448 4471 ad

1893 4508 2176 4579 junxcrat,
2215 4522 2398 4575 opera:
2455 4509 2691 4576 pretium
2754 4509 2932 4562 visum
2973 4517 3080 4573 est,
3106 4525 3177 4563 ne
3207 4520 3259 4564 et
3283 4508 3478 4562 trium-

1880 4606 2060 4677 phalis
2102 4621 2226 4659 cum
2251 4619 2447 4676 pugnae
2485 4605 2663 4658 honor
2692 4603 2976 4659 deﬁceret.

229 4773 252 4810 a
275 4759 761 4838 Sancto-Andrea,”
802 4766 1070 4838 Ecclesia
1103 4767 1431 4822 Parisiensis
1477 4765 1798 4838 canonicos,
1827 4769 1881 4828 D
1908 4766 2268 4838 singulariter
2300 4782 2359 4820 se
2402 4766 2630 4838 missum
2661 4781 2690 4819 a
2722 4764 2932 4838 Spiritu
2965 4773 3168 4838 sancto
3199 4763 3482 4833 professus

228 4845 282 4907 et
303 4834 416 4907 cod.
439 4837 766 4891 monasterii
795 4835 852 4890 S.
873 4838 1056 4891 Maria:
1084 4840 1180 4907 τῆς
1216 4838 1574 4907 Ὀδηγητρίας
1605 4839 1661 4892 in
1688 4837 1794 4892 Ca-

229 4901 401 4978 labria,
419 4906 781 4978 ex~cribente
807 4916 970 4975 atque
989 4901 1240 4962 mittente
1264 4901 1467 4962 Sirle'to
1487 4908 1792 4962 cardinale.

230 4969 550 5048 Fuerintque
574 4977 714 5048 adeo
743 4977 853 5048 duo
875 4969 1053 5048 magni
1084 4979 1360 5032 antistites
1379 4978 1480 5047 ipsi
1507 4994 1794 5032 sacrorum

227 5043 483 5100 antistites
533 5054 594 5100 et
645 5043 1461 5102 divinarum'czeremoniaru'm
1513 5055 1791 5111 auctores,

227 5114 371 5187 ambo
409 5117 651 5187 apostoli
683 5117 912 5170 secundi
943 5117 1178 5179 ordinis,
1211 5120 1314 5171 viri
1362 5119 1596 5172 maxime
1626 5119 1794 5187 spiri-

228 5183 366 5258 tales,
409 5183 658 5258 Jacobus
697 5198 753 5258 et
799 5187 1045 5240 Marcus:
1106 5189 1250 5242 unde
1292 5189 1486 5257 reliqui
1535 5183 1793 5258 tanquam

225 5255 700 5330 erlimpidissimo
726 5255 896 5330 fonte,
927 5273 1047 5330 qua:
1084 5260 1203 5326 ejus
1227 5255 1443 5330 generis
1471 5255 1660 5312 sancta
1690 5270 1790 5313 tra-

226 5321 487 5388 diderunt,
539 5327 859 5390 hauserint;
894 5321 1008 5381 sive
1049 5321 1254 5382 etiam'
1277 5329 1406 5390 illis,
1441 5345 1539 5382 ceu
1571 5330 1792 5382 solidis-

225 5393 349 5467 simo
376 5397 766 5467 fundamento,
799 5411 896 5450 sua
955 5413 1054 5466 pro
1096 5410 1402 5467 temporum
1458 5400 1670 5452 ratione
1701 5401 1792 5454 vel

226 5466 575 5530 cxplicatoria
607 5468 689 5519 vel
717 5465 985 5538 breviata,
1021 5484 1114 5522 seu
1142 5465 1302 5522 aliter
1337 5470 1662 5538 composita,
1695 5485 1790 5524 su-

229 5537 666 5614 perstruxerint;
700 5536 814 5590 sive
855 5537 908 5590 id
940 5537 1014 5591 ita
1064 5539 1172 5592 illis
1219 5536 1570 5614 usurpatum
1601 5539 1792 5614 divino

228 5609 498 5678 Instinctu.
537 5622 606 5660 ac
634 5615 830 5674 Sponte
887 5623 949 5661 ca
999 5618 1279 5678 assumpta
1325 5609 1631 5678 provincia,
1676 5611 1790 5666 sive

226 5675 337 5738 quia
361 5678 868 5748 majoresapostoli
916 5678 1060 5731 istud
1110 5675 1360 5733 muneris
1393 5681 1474 5733 eis
1528 5680 1788 5748 iniunxe-

228 5751 358 5820 runt.
390 5745 523 5820 dum
545 5745 664 5820 Ailli,
692 5747 759 5820 iis
779 5763 898 5815 qua:
925 5756 1054 5820 sunt
1083 5751 1310 5818 propius
1345 5745 1632 5820 apostolici
1660 5766 1784 5804 mu-

227 5815 380 5890 neris,
416 5817 514 5890 toti
544 5816 990 5890 incum_bunt,_id
1017 5815 1122 5880 est,
1177 5815 1593 5888 praadicationi;
1625 5837 1788 5890 quam

227 5880 413 5940 Paulus
442 5888 524 5941 sic
553 5887 840 5954 proprium
867 5888 970 5941 sibi
992 5880 1193 5945 munus
1243 5891 1439 5957 voluit,
1479 5900 1539 5946 ut
1566 5880 1659 5946 ad.
1686 5893 1792 5948 hoc

553 5979 826 6041 ὶἈτιιοι.
869 5980 984 6042 Gn.
1017 5980 1143 6043 CV.

1907 4835 2136 4901 sitfnon
2171 4839 2237 4892 ad
2269 4837 2682 4908 haplizandum.
2718 4835 2802 4890 vel
2829 4837 2993 4908 etiam
3020 4835 3086 4889 ad
3127 4836 3267 4889 ritus
3294 4848 3482 4908 sacros

1897 4904 2361 4964 conscribendum
2392 4926 2406 4961 :
2443 4923 2758 4978 quanquam
2789 4907 3083 4961 tradidisse
3134 4922 3258 4961 eum
3283 4904 3480 4960 Corin-

1901 4980 2052 5038 thiis,
2107 4994 2231 5047 qua:
2291 4979 2650 5032 Eucharistiae
2707 4979 2874 5031 ritum
2917 4985 3254 5044 spectarent,
3299 4985 3370 5047 et
3409 4978 3477 5030 ad

1900 5046 2156 5113 εὐταξίαν
2182 5048 2538 5120 ἱηίΕειιιρεὶο,
2573 5049 2791 5119 altaque
2817 5050 2937 5120 ejus
2972 5048 3254 5120 ge_neris,_
3273 5046 3475 5120 nedum

1901 5121 2128 5189 scripto,
2169 5119 2266 5173 sed
2293 5121 2460 5175 etiam
2493 5115 2785 5180 verbofex
2815 5115 2935 5188 ejus
2965 5115 3030 5170 ad
3057 5133 3155 5172 eos
3193 5115 3478 5189 Epistolis

1899 5188 2405 5260 cotti’pertissimum
2435 5201 2538 5242 est.
2575 5191 2648 5260 De
2664 5189 2870 5244 Jacoho
2905 5189 3043 5260 alias
3092 5188 3219 5260 dixi
3259 5191 3311 5260 in
3353 5203 3478 5240 meo

1894 5257 2197 5332 Hippolyti,
2233 5260 2500 5321 indiculo,
2555 5259 2733 5332 deque
2779 5259 3034 5332 regenda:
3098 5257 3359 5332 Ecclesiae
3413 5273 3478 5311 ac

1896 5328 2253 5385 instituenda:
2298 5333 2376 5384 sic
2431 5332 2574 5384 inter
2615 5330 2769 5383 illum
2791 5329 3093 5383 ctPetrum
3118 5344 3181 5383 ac
3208 5328 3478 5383 Joannem

1895 5401 2200 5455 distributo
2231 5417 2482 5454 munere.

1969 5473 2076 5540 (57p
2115 5471 2280 5535 Μηδέ
2318 5471 2424 5535 τῆς
2481 5469 2912 5538 ἀθλοφορικῆς.
2939 5470 3104 5524 Marci
3148 5469 3477 5541 martyrium

1896 5542 2129 5611 perinde
2196 5541 2398 5594 Mena‘a
2436 5541 2707 5604 referunt,
2767 5541 3032 5610 Metaph.,
3067 5541 3324 5610 Niceph.,
3365 5551 3472 5596 etc.

1897 5611 2052 5676 Quod
2082 5613 2261 5682 ignem
2289 5612 2586 5682 accessisse
2608 5611 2674 5664 ad
2709 5613 2922 5679 reliqua
2972 5621 3246 5666 tormenta
3277 5612 3476 5682 scribit

1898 5681 2140 5745 Hicetas,
2182 5681 2404 5736 videtur
2461 5681 2761 5752 singulare.
2814 5683 2999 5736 Potuit
3047 5684 3128 5737 sic
3191 5681 3350 5736 turba
3391 5692 3477 5737 tu-

1898 5754 2206 5808 multuante
2235 5768 2299 5806 ac
2324 5753 2674 5818 sa:viente,ut
2695 5763 2780 5809 est
2797 5754 3292 5807 Alexandrinorum
3325 5754 3479 5808 ferox

1902 5823 2206 5895 ingenium,
2241 5825 2476 5876 cadaver
2511 5826 2594 5878 in'
2625 5826 2804 5895 ignem
2851 5825 3090 5895 conjici;
3129 5824 3275 5879 unde
3308 5824 3475 5880 Marci

1900 5893 2156 5962 discipuli
2186 5902 2493 5948 extractum
2525 5893 2828 5952 honorilice
2889 5893 3232 5965 sepelierint.

2911 5985 2980 6047 10
