4008 6588
519 380 624 442 29’)

521 596 625 651 pus
654 596 717 634 ac
746 581 969 651 prazmia
993 580 1327 635 conferenda
1360 591 1568 641 essent,
1632 584 1925 651 derepente
1968 581 2096 636 Ale-

523 673 920 727 xandrinorum
984 675 1347 744 aequissimis
1378 676 1529 729 zelus
1560 676 1889 741 inardescit;
1946 673 2100 729 zelus

525 765 739 819 scilicet
800 764 1130 820 dannoniaci
1173 765 1377 820 furoris
1424 782 1490 820 ac
1547 768 1629 820 sui
1681 766 1972 835 impotens.
2012 763 2097 828 Hi,

522 858 814 912 consilium
840 858 893 911 in
924 867 1175 913 sanctum
1200 856 1473 921 ineuntes,
1506 866 1671 927 atque
1695 858 1749 911 in
1804 857 1928 927 ejus
1953 857 2101 912 aedes

524 951 861 1014 invadentes,
886 964 1011 1003 cum
1040 948 1384 1004 Dominicum
1433 964 1571 1019 opus
1622 957 1873 1020 agentem
1924 949 2099 1003 olTen-

522 1042 757 1106 dissent,
845 1041 1084 1096 violenta
1136 1056 1303 1096 manu
1372 1044 1682 1113 ahreptum,
1768 1041 1869 1097 soli
1937 1042 2103 1111 pavi-

524 1142 712 1189 mento
751 1133 1028 1200 allidunt;
1078 1142 1307 1206 tumque
1365 1135 1550 1205 ligatis
1580 1150 1611 1190 e
1645 1135 1786 1190 collo
1856 1133 2098 1197 funibus,

522 1225 613 1279 alii
643 1224 864 1295 quidem
902 1225 1081 1282 media
1112 1226 1444 1282 Alexandria
1471 1225 1709 1281 ludibrio
1743 1225 2102 1295 propudioso-

522 1333 629 1387 que
658 1318 971 1388 spectaculo
996 1320 1065 1375 ab
1100 1329 1226 1375 ante
1250 1320 1563 1385 trahebant,
1599 1320 1689 1374 alii
1722 1318 1896 1374 secuti
1939 1319 2100 1373 fustic-

524 1410 1032 1481 huslapidibusque
1069 1410 1381 1465 tondebant
1414 1429 1427 1464 :
1464 1425 1571 1480 qua
1595 1410 1642 1464 is
1674 1410 1903 1470 saevitia,
1942 1423 2101 1464 sacra

524 1500 747 1570 Ileoque
777 1500 975 1555 dilecta
1006 1516 1070 1555 ac
1104 1502 1422 1571 gratissima
1449 1502 1669 1556 victima
1698 1502 1932 1555 exstitit.

596 1678 729 1731 Eum
756 1680 810 1732 in
835 1677 1079 1744 modum,
1100 1679 1472 1748 apostolorum
1496 1693 1709 1733 summa
1741 1678 2103 1732 admiratione

523 1769 709 1837 digne,
758 1782 1047 1822 sacrorum
1107 1768 1415 1822 antistitum
1473 1767 1869 1830 sacratissime,
1901 1768 2099 1821 trium-

1714 380 2007 439 ΝῐίὶΕΤιΕ
2044 378 2575 441 PAPHLAGONIS

590 488 724 541 Cum
743 486 854 557 jam
884 488 1069 559 itaque
1120 499 1319 557 prmsto
1371 499 1521 544 esset
1552 489 1925 561 emigrationis
1957 490 2095 544 tem-
2129 494 2176 553 Α

2292 489 2443 555 Ἐπεὶ
2474 489 2530 542 δὲ
2558 488 2658 559 τῆς
2685 488 2998 552 ἀναλύσεως
3028 490 3123 543 καὶ
3156 488 3263 543 τῶν
3297 493 3576 562 στεφάνων
3602 496 3631 548 δ
3662 515 3779 551 και-

2208 580 2299 652 ρὸς
2338 580 2440 651 ἤδη
2486 581 2669 652 παρῆν
2692 621 2706 647 ,
2741 581 2902 645 ζῆλος
2949 581 3046 651 μὲν
3088 580 3317 646 ἐξάπινα
3355 587 3468 648 τοῖς
3494 588 3603 640 τῶν
3643 589 3782 643 Ἀλε-

2203 671 2474 742 ξανδρέων
2506 671 2808 725 ἀνάπτεται.
2844 672 3257 744 πονηροτάτοις·
3286 676 3445 746 ζῆλος
3481 678 3780 749 δαιμωνιώ-

2202 764 2318 835 δης,
2345 765 2439 818 καὶ
2472 766 2531 817 οὐ
2560 764 2845 827 καθεκτόςο
2883 766 2933 818 oi.
2966 766 3292 835 συμϐούλιον
3329 771 3451 822 κατ’
3492 772 3657 825 αὐτοῦ
3688 774 3781 827 λα·-

2203 857 2412 923 6όντες,
2453 859 2547 910 καὶ
2591 858 2690 928 τὴν
2747 858 2927 911 οίκίαν
2972 859 3067 912 τοῦ
3108 862 3387 933 μακαρίου
3421 865 3780 934 πεφθακότες,

2204 948 2296 999 καὶ
2322 946 2508 1000 τοῦτον
2537 946 2631 1000 τοῦ
2664 947 2872 1019 Κυρίου
2903 948 2963 1001 τὸ
2997 948 3159 1019 ἔργον
3195 951 3598 1018 καταλαῦόντες
3623 957 3779 1026 ἐργα-

2205 1036 2455 1107 ζόμενον,
2490 1040 2902 1108 συναρπάζουσί
2926 1057 2984 1093 τε
3022 1042 3289 1111 σφοδρῶς,
3324 1044 3421 1096 καὶ
3448 1043 3526 1114 τῷ
3555 1046 3651 1115 τῆς
3684 1050 3780 1118 γῆς

2205 1129 2393 1198 ἐδάφει
2431 1130 2930 1201 προσαράσσουσιν.
2979 1130 3113 1187 Εἶτα
3159 1134 3445 1197 καλωδίοις
3488 1136 3654 1190 αὐτοῦ
3695 1142 3781 1193 τὸν

2205 1218 2477 1291 τράχηλον
2526 1220 2859 1290 ἐξάψαντες,
2906 1224 2955 1275 οἱ
2998 1223 3097 1294 μὲν
3128 1223 3443 1295 ἔμπροσθεν
3492 1220 3674 1283 εἷλκον
3702 1229 3783 1284 διὰ

2209 1312 2384 1381 μέσης
2422 1313 2834 1386 ’Δλεξανδρείας
2888 1315 3261 1388 θεατρίζοντες
3309 1322 3404 1371 καὶ
3439 1320 3687 1388 παίγνιον
3714 1339 3785 1375 τι·

2206 1402 2408 1466 θέντεςε
2442 1407 2489 1458 οί
2538 1406 2594 1459 δὲ
2630 1406 2807 1471 ξύλοις
2843 1409 2936 1461 καὶ
2984 1407 3158 1476 λίθοις
3191 1411 3447 1481 ἑπόμενοι
3481 1414 3779 1469 κατέκλωνο

2209 1497 2300 1547 καὶ
2324 1496 2472 1567 θῦμα
2516 1498 2658 1569 ἱερὸν
2698 1498 2842 1552 οὕτω
2875 1500 2969 1554 καὶ
3011 1501 3165 1570 φίλον
3190 1501 3311 1573 Θεῷ
3340 1503 3436 1557 καὶ
3465 1505 3781 1575 εὐχάριστον

2208 1587 2474 1659 ἱέρευσαν.

2277 1680 2468 1743 Οὕτως
2495 1721 2510 1745 ,
2554 1675 2599 1734 ὦ
2643 1681 3062 1753 θαυμασιώτατε
3122 1684 3231 1737 τῶν
3282 1686 3627 1755 ἀποστόλων,
3679 1687 3781 1743 τῶν

2214 1774 2487 1845 ἱεραρχῶν
2546 1775 3116 1845 ίεροτελεστικὼκατεο
3151 1778 3260 1831 τῶν
3286 1778 3613 1850 ἀθληφόρων
3632 1784 3781 1855 στερ-

525 1862 822 1929 phatnrum
856 1861 1185 1915 athletarum
1228 1861 1531 1916 fortissime
1560 1875 1623 1915 ac.
1651 1860 2097 1931 generosissinte,

2207 1868 2400 1939 ρότατε
2438 1870 2534 1922 καὶ
2571 1871 2948 1937 γενναιότατε,
3000 1871 3061 1923 τὸ
3093 1873 3348 1943 σάρκινον
3385 1874 3608 1945 ἔλυτρον
3637 1893 3779 1945 μιαι-

522 1959 813 2006 eruentum
837 1953 1016 2007 adhuc
1049 1953 1363 2007 necantium
1418 1954 1673 2007 manibus
1714 1954 1955 2008 scissum
1986 1968 2103 2007 car-

521 2045 610 2097 nis
634 2043 1069 2114 integumentum
1094 2044 1433 2115 relinquens,
1462 2046 1528 2101 ad
1569 2046 1891 2101 certaminis
1922 2045 2099 2115 ipsum

524 2135 809 2204 praesidem
842 2150 905 2190 ac
930 2135 1279 2190 Servatorem
1310 2135 1591 2191 Christum
1618 2151 1818 2191 corona
1889 2136 2102 2189 redimi-

523 2237 612 2281 tus
638 2235 894 2297 reeeptus
934 2242 1023 2294 es;
1071 2236 1375 2297 posteaque
1424 2244 1586 2283 sacro
1633 2230 1724 2283 illo
1772 2229 2102 2299 corpusculo

522 2319 633 2388 igni
679 2319 1014 2383 sacriticato,
1048 2319 1122 2373 ita
1173 2320 1416 2390 undique
1470 2320 1543 2383 ei,
1590 2337 1750 2391 quem
1806 2322 2098 2385 dilexeras,

521 2413 702 2464 lat-tus
735 2410 937 2477 hostia,
981 2410 1365 2464 holocaustum
1422 2411 1725 2481 perlectum
1785 2412 2099 2467 itumacula-

524 2512 636 2555 tum
670 2502 723 2554 in
748 2501 972 2557 odorem
1007 2503 1295 2559 suavitatis
1348 2503 1566 2558 oblatus
1589 2518 1669 2559 es.

593 2591 931 2661 Aveitaque,
962 2592 1145 2647 divine
1196 2593 1491 2665 divinoque
1543 2610 1708 2649 sensu
1732 2598 2096 2665 evangelista!

522 2681 733 2742 Gaude,
751 2684 893 2749 quod
913 2682 1015 2737 etsi
1035 2684 1282 2737 inferiori
1305 2682 1592 2739 duodecim
1608 2684 1799 2739 ordine
1821 2702 1882 2739 ac
1900 2686 2098 2751 classe,

523 2773 799 2843 Evangelii
859 2782 1043 2829 tamen
1096 2774 1379 2831 {unctione
1425 2792 1487 2830 ac
1512 2776 1779 2832 Paracleti
1807 2780 1986 2845 donis,
2032 2783 2101 2835 ab

523 2880 715 2920 eorum
759 2866 895 2921 nihil
926 2867 1265 2938 perfectione
1299 2868 1553 2925 delicias.

593 3043 784 3097 Gaude
808 3044 951 3114 quod
980 3046 1248 3115 apostolis
1308 3056 1367 3101 ut
1412 3048 1710 3118 apostolus,
1751 3050 2100 3119 evangelistis

522 3143 783 3204 tanquam
839 3137 1201 3205 evangelista,
1260 3140 1589 3208 patriarchis
1651 3148 1708 3194 ιιι
1763 3142 2093 3210 patriarcha,

522 3237 685 3295 atque
716 3236 775 3281 ut
799 3240 1005 3299 martyr
1035 3232 1367 3302 martyribus
1422 3243 1857 3289 connumeratus
1908 3235 1984 3289 sis
2029 3249 2094 3290 ac

521 3330 839 3389 cooptatus;
907 3322 1144 3391 hincque
1221 3327 1355 3381 varii
1403 3328 1620 3397 generis
1662 3344 1863 3382 corona
1899 3329 2098 3383 eximie

521 3410 880 3479 praefulgens,
911 3427 1126 3466 sunnuo
1159 3417 1403 3469 omnium
1444 3414 1575 3488 Regi
1613 3428 1792 3472 astare
1823 3434 1853 3472 a
1887 3418 2096 3474 dextris

522 3507 553 3553 ιΙ
582 3498 967 3571 ειιιιεῚιιιὺιιιιε
999 3519 1078 3557 es.

596 3593 808 3656 Gaude,
866 3595 1012 3662 quod
1057 3612 1162 3648 non
1196 3597 1387 3662 semel,
1432 3597 1525 3653 sed
1583 3608 1638 3653 et
1696 3600 1918 3670 saepius.
1951 3600 2097 3655 bono

522 3685 651 3738 Jestl
692 3684 1007 3737 testimonio
1048 3686 1397 3754 perfunctus,
1443 3704 1617 3759 neque
1658 3690 1829 3744 semel
1881 3694 2097 3747 vinetus

526 3778 772 3837 t’unihus,
809 3775 984 3829 media
1027 3778 1250 3833 civitate
1276 3789 1509 3845 tractus,
1542 3792 1595 3834 et
1624 3779 1897 3836 laceratus
1925 3784 2100 3836 carni-

522 3870 625 3920 bus
672 3883 754 3932 es,
780 3878 832 3919 et
883 3875 975 3920 tuo
1029 3868 1203 3936 ipsius
1248 3884 1446 3924 cruore
1505 3870 1790 3926 inlectus:
1833 3873 1925 3928 sed
1974 3882 2099 3944 post

518 3959 755 4027 primum
805 3957 1100 4023 lanienam,
1152 3960 1455 4015 semivivus
1496 3961 1548 4015 in
1591 3978 1871 4016 carecan
1909 3964 2096 4034 conje-

521 4062 669 4115 ctus,
703 4066 767 4105 ac
802 4064 965 4105 noctu
1006 4052 1251 4121 angelica
1278 4068 1408 4109 voce
1440 4064 1666 4110 sanatus
1700 4066 1865 4126 atque
1895 4058 2098 4113 anima-

517 4154 646 4209 tus,
684 4152 738 4198 et
768 4145 820 4198 in
882 4146 1188 4199 crastinum
1226 4147 1389 4201 simili
1436 4149 1615 4203 adhuc
1659 4150 1871 4203 ratione
1901 4150 2096 4221 ligatus

522 4246 841 4305 tractusque
869 4274 884 4300 ,
922 4237 1086 4307 inque
1115 4254 1239 4292 eum
1276 4239 1498 4293 modqu
1525 4242 1759 4296 astantis
1785 4242 2001 4295 Domini
2032 4257 2097 4297 ae

521 4327 672 4394 pacis
696 4328 887 4380 osculo
920 4327 1180 4381 donantis
1209 4338 1431 4397 aspectu
1465 4340 1747 4385 recreatus
1800 4331 1943 4384 nulla
1976 4347 2097 4386 ver-

522 4417 716 4468 borum
750 4414 798 4467 vi
833 4416 1141 4484 explicabili
1168 4420 1367 4487 gaudio
1394 4432 1447 4473 et
1478 4420 1843 4476 exsultatione
1873 4423 1937 4475 ad
1971 4437 2094 4476 eum

519 4509 799 4575 emigrasti
812 4548 825 4561 .

588 4600 799 4663 Gaude,
833 4600 1034 4667 Marce,
1102 4602 1311 4657 [εἶπείεὶ
1381 4604 1690 4659 mandatum
1739 4622 1801 4660 ex
1856 4609 2097 4665 nominis

520 4693 639 4760 ipsa
678 4693 913 4745 ratione.
982 4692 1122 4748 Vere
1170 4697 1314 4749 inim
1369 4698 1631 4751 Altissimi
1696 4700 2093 4769 propemodum

523 4785 840 4839 mandatum
874 4789 1158 4852 exstitisti,
1181 4790 1496 4858 justiﬁcans
1526 4807 1620 4847 eos
1652 4794 1745 4862 qui
1796 4810 2097 4864 sequeren-

525 4884 634 4935 tur,
654 4889 718 4927 ae
738 4875 1113 4931 condcntnans
1134 4894 1251 4940 eos,
1273 4881 1365 4947 qni
1392 4887 1487 4933 tuo
1511 4880 1803 4951 Evangelia
1830 4884 2094 4938 increduli

522 4972 726 5018 essent.
766 4963 955 5021 Gaude
980 4978 1033 5021 et
1059 4968 1266 5033 hetare,
1307 4971 1494 5039 tuique
1520 4986 1822 5026 memorum
1861 4989 2091 5039 memor,

522 5068 629 5112 ιιιιο
660 5072 761 5111 nos
785 5058 1054 5114 claritatis
1100 5069 1154 5114 et
1210 5063 1420 5131 gratiae,
1473 5070 1580 5115 tua:
1612 5063 1665 5116 in
1716 5065 2095 5134 coalisjucun-

519 5151 707 5204 «litatis
764 5159 819 5203 et
849 5152 1156 5221 splendoris
1192 5158 1489 5224 participes
1542 5157 1800 5225 precibus
1835 5156 2008 5221 elIiee,
2037 5158 2091 5210 in

515 5243 736 5295 tlhristo
765 5242 894 5297 Jesu
922 5243 1150 5297 Domino
1186 5255 1396 5311 nostro,
1429 5246 1517 5301 cni
1551 5255 1634 5301 est
1666 5248 1860 5311 honor,
1919 5248 2091 5320 gloria

515 5342 569 5384 et
593 5342 838 5401 potestas
865 5342 1089 5388 aeterna.
1133 5335 1328 5390 Amen.

2204 1954 2383 2021 φόνοις
2414 1954 2497 2009 ἐτι
2534 1956 2873 2028 ῥηγνύμενον
2906 1960 3096 2030 χερσὶν
3120 1962 3302 2029 ἀφεὶς,
3336 1963 3471 2032 πρὸς
3506 1964 3599 2017 τὸν
3638 1965 3779 2033 ἀγω·

2201 2042 2428 2114 νοθέτην
2470 2046 2566 2097 καὶ
2597 2045 2826 2117 Σωτῆρα
2858 2050 3285 2121 στεφανηφορῶν
3314 2053 3623 2124 άνελήφθης
3653 2055 3779 2124 Χρι-

2204 2134 2350 2188 στόν·
2386 2136 2482 2190 καὶ
2516 2136 2577 2189 τὸ
2608 2138 2752 2208 ίερὸν
2783 2138 2840 2193 δὲ
2875 2139 3015 2209 μετὰ
3052 2140 3225 2195 ταῦτα
3262 2144 3540 2213 σωμάτιον
3569 2146 3656 2199 διά
3682 2163 3776 2199 πυ·

2206 2230 2299 2297 ρ³ς
2342 2229 2821 2300 ἱερουργούμενος,
2862 2233 2956 2285 καὶ
2978 2232 3141 2296 οὕτω,
3174 2234 3260 2287 διά
3291 2237 3509 2290 πάντων
3548 2237 3625 2308 τῷ
3646 2239 3778 2308 ἠγα-

2203 2321 2409 2391 πηκότι
2441 2338 2498 2374 σε
2531 2323 2974 2395 καθιερούμενος,
2999 2326 3370 2397 όλοκάρπωμα
3399 2328 3607 2384 τέλειον
3632 2330 3777 2401 ἄμω-

2205 2429 2305 2482 μον
2334 2413 2415 2478 είς
2446 2414 2625 2485 ὀσμὴν
2660 2416 2887 2479 εὐωδίας
2929 2418 3232 2490 ἀνηνέχθης
3262 2418 3431 2489 αὐτῷ.

2272 2587 2444 2659 Χαῖρε
2471 2588 2671 2651 τοίνυν,
2710 2583 2755 2642 ὦ
2800 2589 3052 2645 θεσπέσιε
3103 2594 3197 2646 καὶ
3227 2593 3455 2664 θεόφρον
3492 2593 3776 2663 εὐαγγελι-

2203 2680 2325 2733 στά.
2359 2680 2552 2751 Χαῖρε,
2578 2682 2659 2735 ὃτι
2688 2683 2737 2735 εί
2762 2682 2854 2735 καὶ
2893 2684 2991 2754 τὴν
3017 2685 3168 2751 τάξιν
3197 2688 3295 2755 τῆς
3318 2685 3621 2749 δωδεκάδος
3647 2688 3772 2739 ὐπο-

2202 2769 2445 2841 δέὸηκας
2470 2813 2485 2836 ,
2515 2772 2652 2827 ἀλλά
2684 2777 2752 2845 τῇ
2780 2776 3059 2847 ἱερουργίᾳ
3082 2775 3174 2830 τοῦ
3198 2778 3535 2847 Εὐαγγελίου
3560 2779 3651 2832 καὶ
3674 2780 3776 2841 τοῖς

2200 2862 2295 2917 τοῦ
2365 2866 2725 2937 Παρακλήτου
2788 2870 3122 2939 χαρίσμασιν
3196 2870 3349 2926 οὐδὲν
3401 2872 3500 2942 τῆς
3562 2874 3776 2925 ἐκείνων

2202 2954 2457 3026 ἰλείφθης
2498 2958 2862 3027 τελειότητος.

2274 3047 2469 3119 Χαῖρε,
2525 3050 2606 3102 ὅτι
2658 3052 2771 3113 τοῖς
2815 3051 3131 3115 ἀποστόλοις
3160 3052 3237 3117 ὡς
3294 3052 3629 3117 ἀπόστολος,
3672 3056 3775 3117 τοῖς

2204 3139 2617 3209 εὐαγγελισταῖς
2655 3142 2730 3205 ὡς
2762 3142 3186 3212 εὐαγγελιστὴς.
3243 3144 3339 3198 καὶ
3370 3147 3482 3208 τοῖς
3514 3145 3776 3216 πατριάρ-

2197 3247 2320 3301 χαις
2353 3231 2453 3300 μὲν
2497 3230 2571 3295 ὼς
2610 3234 2973 3304 πατριάρχης,
3007 3233 3083 3295 ὡς
3143 3235 3350 3304 μάρτυς
3382 3234 3438 3286 δὲ
3489 3235 3606 3299 τοῖς
3646 3233 3776 3305 μάρ-

2196 3337 2321 3373 τυσι
2381 3322 2852 3393 συνηριθμημένος
2917 3324 3011 3377 καὶ
3044 3323 3497 3395 συντεταγμένος,
3534 3326 3629 3379 xui.
3660 3341 3774 3378 ποι-

2199 3410 2335 3483 κίλῳ
2365 3414 2616 3485 στεφάνῳ
2650 3413 2737 3467 διά
2770 3415 2944 3468 ταῦτα
2974 3414 3472 3486 καθωραῖζόμενος.
3501 3418 3569 3470 ὲκ
3597 3415 3774 3484 δεξιῶν

2198 3506 2552 3575 παραστῆναι
2576 3506 2653 3576 τῷ
2679 3505 3017 3577 Παμόασιλεῖ
3046 3503 3422 3573 καταξιούσαι.

2268 3598 2465 3668 Χαῖρε,
2494 3599 2691 3670 δτιούχ
2711 3600 2861 3665 ἀπαξ
2907 3600 3007 3670 τὴν
3044 3598 3214 3669 καλὴν
3256 3598 3431 3668 Ἰησοῦ
3470 3597 3773 3669 μαρτυρίαν

2198 3688 2613 3759 ἐμαρτύρησας,
2696 3690 2987 3747 πλεονάκις
3028 3690 3087 3743 δέ
3113 3705 3127 3719 '
3174 3688 3281 3742 οὐδ’
3336 3688 3483 3755 ἀπαξ
3527 3688 3775 3759 σχοινίοις

2198 3780 2517 3844 καταδεθεὶς
2570 3780 2658 3833 διὰ
2712 3780 2885 3851 μέσης
2926 3781 3025 3851 τῆς
3066 3780 3276 3843 πόλεως
3324 3780 3652 3850 είλκύσθης,
3688 3779 3775 3831 καὶ

2198 3870 2298 3935 τάς
2328 3873 2538 3943 σάρκας
2595 3872 3001 3943 κατετρύφθης,
3064 3874 3159 3926 καὶ
3204 3872 3285 3945 τῷ
3343 3873 3531 3940 οίκείῳ
3586 3872 3773 3941 αἵματι

2199 3963 2430 4034 έδάφηςο
2463 3962 2599 4017 άλλά
2642 3964 2781 4034 μετά
2826 3964 2916 4017 τὸν
2962 3966 3296 4035 σπαραγμὸν
3331 3965 3421 4018 τὸν
3456 3964 3673 4035 πρῶτον
3699 3964 3772 4026 είς

2198 4054 2427 4125 εἱρκτὴν
2475 4052 2745 4125 ἡμιθανὴς
2787 4053 3103 4123 ἐμϐληθεὶς,
3148 4055 3243 4107 καὶ
3283 4056 3349 4107 δι’
3391 4052 3628 4123 ἀγγέλου
3666 4070 3771 4120 φω-

2198 4146 2294 4216 νῆς
2328 4144 2519 4207 νυκτὸς
2550 4145 2719 4206 ἰαθεὶς
2751 4144 2847 4197 καὶ
2880 4142 3399 4216 προθυμοποιηθείς·
3426 4143 3523 4197 καὶ
3556 4146 3623 4212 τῇ
3651 4142 3771 4211 ἑξῆς

2197 4235 2353 4299 αὖθις
2400 4235 2601 4305 ὁμοίως
2637 4234 2814 4299 δεθεὶς
2877 4238 2973 4290 καὶ
3031 4237 3388 4307 κατασυρεὶς,
3450 4236 3548 4290 καὶ
3610 4233 3776 4297 οὕτως

2197 4326 2499 4381 ἐπιστάντα
2543 4326 2635 4380 τὸν
2688 4326 2893 4397 Κύριον
2932 4331 3026 4382 καὶ
3076 4329 3371 4400 εἰρηνικῶς
3400 4330 3776 4399 ἀσπαζόμενον

2197 4418 2717 4489 τεθεαμένος,’μετά
2744 4422 2918 4492 χαρᾶς
2940 4422 3222 4492 ἀφράστου
3272 4422 3366 4475 καὶ
3407 4420 3777 4491 ἀγαλλιάσεως

2120 4540 2176 4599 D
2203 4512 2545 4583 ὲξεδήμησας
2585 4515 2723 4582 πρ³ς
2749 4513 2934 4567 αὐτόν.

2270 4607 2465 4676 Χαῖρε,
2494 4607 2690 4677 Μάρκε
2711 4647 2726 4671 ,
2751 4606 2789 4673 ἡ
2815 4607 2920 4661 τοῦ
2939 4607 3204 4677 Ὑψηλοῦ
3227 4606 3470 4674 ἐντολὴ,
3511 4604 3656 4660 κατά
3684 4602 3776 4675 τὴν

2202 4698 2483 4768 σημασίαν
2534 4698 2627 4751 τοῦ
2682 4699 2984 4769 ὀνόματος·
3036 4698 3277 4771 καὶγὰρ
3318 4698 3533 4769 ἀληθῶς
3581 4697 3777 4767 τρόπον

2200 4790 2323 4843 τινά
2372 4788 2468 4842 τοῦ
2518 4790 2773 4859 Ὑψίστου
2808 4792 3037 4859 γέγονας
3088 4790 3300 4861 ἐντολὴ.
3361 4787 3647 4843 δικαιοῦσα
3683 4787 3777 4856 μὲν

2202 4880 2329 4943 τοὺς
2362 4880 2686 4949 ἑπομένους,
2713 4881 3121 4951 κατακρίνουσα
3163 4879 3220 4934 δὲ
3262 4880 3386 4945 τούς
3416 4878 3776 4937 ἀπειθοῦντας

2199 4969 2278 5040 τῷ
2314 4970 2631 5041 Εὐαγγελίῳη
2680 4988 2794 5024 σου·
2838 4976 2997 5044 χαῖρε
3043 4974 3139 5027 καὶ
3195 4972 3515 5043 εὐφραίνου,
3548 4969 3775 5023 καὶτῶν

2202 5063 2566 5132 μεμνημένων
2622 5080 2716 5116 σου
2756 5063 3124 5133 μεμνημένος,
3178 5067 3281 5137 τῆς
3338 5064 3436 5135 σῆς
3478 5063 3636 5133 δόξης
3685 5064 3774 5114 καὶ

2198 5155 2442 5223 χάριτος,
2472 5158 2571 5225 τῆς
2601 5154 2698 5225 σῆς
2742 5158 2802 5208 ὲν
2847 5157 3097 5227 οὐρανοῖς
3139 5155 3479 5227 εὐφροσύνης
3522 5156 3616 5207 καὶ
3642 5153 3771 5222 λαμ-

2197 5246 2471 5315 πρότητος
2534 5247 2835 5317 πρόσευξαι
2889 5250 3203 5319 μετασχεῖνο
3243 5250 3302 5301 ὲν
3336 5245 3560 5318 Χριστῷ
3601 5242 3771 5314 Ἰησοῦ

2195 5336 2272 5406 τῷ
2304 5338 2490 5408 Κυρίῳ
2519 5338 2695 5409 ἡμῶν,
2722 5332 2765 5406 ᾧ
2794 5340 2828 5409 ἡ
2856 5338 3001 5406 δόξα,
3030 5341 3165 5409 τιμὴ
3187 5340 3280 5394 καὶ
3302 5340 3503 5410 κράτος
3533 5337 3770 5393 αίώνιον.

2211 5429 2403 5497 Ἀμήν.
