4008 6640
389 443 498 507 303

1581 431 1868 492 ΝΙΕΕΤίΕ
1891 428 2345 494 ,ΡΑΡΗΙιΑΟΟΝ
2358 428 2423 486 IS

3551 415 3652 482 30!.

394 564 479 609 est
515 547 1004 606 sanciiﬁcationem
1035 546 1193 602 nobis
1225 545 1582 604 asciseainus,
1617 541 1966 611 condignam-

2092 556 2248 602 isvm,
2293 538 2386 590 τὸν
2440 537 2570 607 παρ’
2605 534 2784 587 αὐτῶν
2845 533 2942 602 μὲν
2979 532 3248 601 ἁγιασμὸν
3288 531 3370 599 ἐφ’
3423 533 3654 594 ἑαυτοὺς

394 659 502 714 que
538 643 646 697 illis
674 642 871 702 vicem,
907 638 1140 693 salutein
1173 644 1418 689 nostram
1453 633 1769 686 olleramus.

467 817 726 872 Sanctum
747 812 965 884 quidem
984 826 1047 864 ac
1063 804 1660 869 convenientissimum,
1683 802 1848 871 utqui
1866 801 1974 854 Deo

399 909 793 980 propinquam,
842 917 1034 958 omnes
1072 897 1329 952 laudibus
1375 906 1537 965 atque
1585 896 1791 948 honore
1846 909 1973 963 pro-

401 1013 715 1068 sequamur,
745 995 838 1051 sed
867 1009 960 1048 eos
991 994 1248 1054 maxime,
1295 989 1390 1058 qui
1445 981 1681 1040 maxima
1720 986 1831 1039 Deo
1881 1000 1976 1038 ne-

397 1087 733 1144 cessitudine
763 1084 1088 1154 junguntur.
1130 1080 1251 1134 Non
1303 1078 1448 1132 enim
1501 1093 1691 1131 omnes
1729 1075 1973 1144 ejusdem

397 1179 609 1233 ordinis
638 1192 700 1231 ac
720 1176 915 1230 classis
938 1174 1240 1234 exsistunt;
1269 1170 1363 1225 sed
1399 1170 1451 1222 in
1471 1168 1645 1238 primo
1668 1168 1758 1220 alii
1784 1182 1974 1230 censu,

397 1272 491 1325 alii
553 1271 606 1323 iii
671 1278 950 1339 postremo
1004 1266 1295 1319 habentur.
1361 1263 1453 1317 Uti
1507 1261 1765 1314 nimirum
1810 1260 1976 1312 etiam

403 1362 544 1432 apud
579 1377 734 1431 reges
767 1370 925 1414 terrae
955 1374 1061 1411 non
1089 1371 1234 1412 unus
1290 1355 1545 1423 idemque
1577 1353 1819 1405 omnium
1847 1367 1977 1404 coii-

401 1470 590 1511 sessus
625 1453 959 1523 gradusque,
1014 1450 1107 1504 sed
1166 1448 1257 1500 alii
1300 1432 1501 1516 primo,
1555 1444 1643 1496 alii
1701 1451 1977 1513 pistrcino

403 1550 678 1602 habentur
728 1564 741 1599 :
789 1544 1014 1613 quidam
1071 1541 1234 1595 etiam
1293 1537 1495 1598 medio,
1554 1549 1653 1603 pro
1709 1534 1979 1602 cujusque

403 1636 621 1688 virtutis
645 1634 874 1696 ratione,
909 1639 1003 1683 aut
1033 1631 1155 1696 ejus
1181 1627 1271 1696 qui
1299 1633 1495 1695 praeest
1519 1626 1586 1677 ad
1612 1639 1708 1679 eos
1739 1638 1930 1676 amore
1961 1643 1974 1676 :

401 1727 480 1778 ita
535 1725 796 1777 nimirum
853 1722 1016 1776 etiam
1053 1721 1108 1772 in
1162 1719 1474 1772 cozlestibus
1524 1715 1780 1780 arbitror,
1839 1714 1979 1769 alios

405 1817 718 1885 superiores
746 1813 1268 1881 eminentioresque,
1302 1810 1438 1866 alios
1466 1807 1758 1863 inferiores
1787 1817 1978 1861 nactos

405 1908 584 1970 sedes,
608 1921 669 1960 ea
709 1915 824 1959 rata
873 1905 1102 1970 ratione,
1132 1918 1237 1972 qua
1271 1918 1298 1955 a
1329 1901 1522 1970 primis
1575 1901 1782 1954 minore
1843 1913 1979 1969 pra:-

405 2001 609 2056 staiitia
687 2006 851 2068 atque
915 1997 1116 2051 virtute
1173 1995 1457 2050 recedunt.
1506 1993 1661 2059 Quod
1715 1995 1760 2047 si
1791 2006 1981 2046 omnes

407 2093 551 2145 beati
587 2091 782 2145 merito
820 2089 1147 2160 praedicandi
1173 2101 1337 2155 atque
1366 2087 1616 2138 laudibus
1643 2083 1980 2148 celebrandi,

408 2185 565 2252 longe
599 2184 752 2252 prius
785 2183 876 2250 qui
917 2182 1092 2250 primo
1121 2181 1173 2232 in
1210 2180 1318 2232 illis
1347 2179 1518 2248 gradu
1572 2185 1719 2239 sunt,
1776 2175 1980 2244 prima-

406 2293 512 2345 que
535 2275 758 2329 Christo
791 2272 1206 2327 necessitudine
1236 2271 1498 2324 devincti.

477 2366 596 2432 Qiio
630 2367 794 2437 igitur
839 2365 959 2418 loco
1015 2363 1275 2417 Theclam
1337 2360 1757 2422 collocahimiis,
1813 2374 1984 2414 sacra:

410 2461 538 2514 lidei
566 2461 826 2515 decorum
849 2459 1069 2528 pignus,
1104 2455 1430 2510 venerandae
1477 2454 1810 2524 virginitatis
1861 2467 1983 2506 ino-

411 2553 542 2614 iiile,
577 2553 840 2605 intactam
881 2548 1088 2602 Christi
1138 2563 1419 2617 sponsam,
1471 2546 1837 2600 inviolabilem
1891 2560 1984 2615 ge-

411 2648 613 2700 nialem
675 2640 1069 2698 lectum?Ubi
1128 2641 1376 2710 inquam,
1435 2655 1613 2709 quove
1665 2639 1857 2693 ordine
1919 2653 1984 2693 ac

411 2741 531 2796 lico
587 2747 912 2801 statuemus,
975 2750 1138 2807 quam
1183 2735 1236 2788 ei
1281 2732 1696 2787 convenientem
1763 2731 1982 2786 laudem

411 2827 647 2884 oblaturi
680 2841 869 2880 suinus
891 2825 914 2876 ?
933 2823 1121 2878 Illisne
1147 2821 1532 2877 accensebitur
1553 2820 1645 2890 qui
1671 2820 1985 2890 virginitate

412 2923 736 2987 sanctisque
788 2915 1038 2968 moribus
1102 2913 1267 2967 vitain
1322 2913 1699 2974 instituerunt,
1753 2919 1812 2964 iit
1863 2924 1983 2979 qua:

415 3006 674 3061 nimirum
707 3005 891 3060 omnis
921 3002 1196 3058 castitatis
1229 3002 1462 3070 vitaeque
1492 3001 1762 3072 religiosae
1789 3013 1982 3053 norma

418 3099 620 3153 mundo
672 3096 993 3152 exstiterit?
1035 3091 1192 3148 l-faud
1250 3094 1529 3148 enimvero
1579 3108 1609 3147 a
1669 3090 1982 3161 triumphali

413 3194 627 3261 agmine
660 3190 855 3243 abesse
902 3186 1185 3256 patiatur;
1221 3197 1275 3240 at
1320 3199 1496 3254 neque
1551 3183 1782 3253 primam
1835 3197 1981 3236 mar-

2078 629 2538 701 ὲπισπασώμεοαο
2599 628 2835 699 ἀμοιϐὴν
2881 627 2938 680 δὲ
2987 627 3172 688 αὐτοῖς
3206 626 3530 698 ἀξιόχρεων,
3559 627 3658 696 τὴν

2079 725 2109 793 ή
2121 724 2238 794 μῶν
2278 722 2553 793 σωτηρίαν
2583 723 2611 773 ἀ
2622 718 3041 789 φοσιωσώμεθα.

2151 814 2365 874 Πάντας
2399 812 2499 881 μὲν
2532 805 2624 864 οῦν
2662 810 2851 879 ὑμνεῖν
2874 808 2967 860 καὶ
2991 809 3156 878 τιμᾷν
3184 809 3311 870 τοὺς
3343 809 3662 877 ὲγγίζοντας

2077 903 2159 972 τῷ
2186 900 2324 971 Θεῷ,
2354 901 2500 954 ὅσιόν
2533 917 2591 952 τε
2621 897 2758 968 ὁμοῦ
2787 898 2878 950 καὶ
2917 898 3392 966 πρεπωδέστατον·
3423 902 3664 971 μάλιστα

2077 995 2134 1048 δὲ
2161 997 2288 1058 τοὺς
2336 995 2567 1065 μάλιστα
2619 991 2793 1060 τούτῳ
2849 993 3396 1060 προσῳκειωμένους.
3435 995 3507 1046 Οὐ
3554 996 3664 1063 γὰρ

2079 1091 2177 1156 τῆς
2209 1086 2378 1155 αὐτῆς
2407 1081 2544 1137 εἶναι
2576 1087 2786 1143 πάντας
2822 1083 3030 1145 τάξεως
3063 1082 3154 1134 καὶ
3179 1085 3445 1147 στάσεως⁹
3473 1083 3664 1154 ὥσπερ

2077 1178 2141 1248 δὴ
2174 1179 2269 1230 καὶ
2317 1179 2468 1246 παρὰ
2516 1179 2628 1237 τοῖς
2669 1175 2927 1243 κρατοῦσι
2975 1173 3098 1241 γῆς,
3131 1175 3191 1225 οὐ
3245 1176 3373 1244 μιᾶς
3414 1177 3534 1228 οὐδὲ
3564 1178 3666 1246 τῆς

2080 1271 2250 1340 αὐτῆς
2307 1271 2508 1331 πάντες
2571 1267 2837 1335 καθέδρας
2885 1267 2916 1335 ἢ
2977 1267 3220 1328 στάσεως
3280 1273 3664 1337 τυγχάνουσινο

2017 1421 2036 1438 ί
2080 1360 2193 1414 ἀλλ’
2221 1362 2267 1412 oi
2303 1360 2401 1429 μὲν
2430 1358 2672 1427 πρώτης,
2713 1359 2762 1409 οἱ
2805 1358 2861 1410 δὲ
2904 1357 3162 1426 ἐσχάτηςσ
3194 1358 3343 1412 ἄλλοι
3372 1359 3428 1411 δὲ
3459 1361 3668 1412 τούτων

2083 1451 2285 1522 μεταξὺ
2323 1450 2441 1504 κατ’
2468 1451 2758 1516 ἀναλογίαν
2789 1450 2886 1516 τῆς
2915 1451 3139 1520 ἀρετῆς,
3178 1452 3209 1516 ἢ
3239 1452 3335 1521 τῆς
3363 1452 3458 1504 τοῦ
3501 1453 3670 1522 ὑπερο

2082 1545 2298 1613 έχοντος
2333 1541 2469 1612 πρὸς
2499 1543 2697 1604 αὐτοὺς
2726 1541 3105 1594 διατάττονται
3140 1541 3446 1610 φιλότητος·
3493 1541 3669 1604 οῦτως

2082 1633 2321 1704 ἡγοῦμαι
2372 1636 2474 1687 κάν
2524 1637 2634 1697 τοῖς
2688 1634 2978 1702 οὐρανίοις,
3013 1636 3140 1696 τοὺς
3191 1634 3289 1703 μὲν
3331 1635 3666 1706 ὑπερτέρας,

2081 1727 2206 1789 τοὺς
2240 1727 2296 1779 δὲ
2325 1726 2751 1794 καταδεεστέρας
2783 1726 2965 1796 λαχεῖν
2995 1726 3222 1792 τάξεως,
3258 1727 3538 1795 ἀναλόγως
3561 1728 3663 1795 τῆς

2089 1816 2392 1885 μειωτικῆς
2419 1815 2528 1868 άπὸ
2560 1815 2669 1868 τῶν
2722 1815 2958 1886 πρῶτων
3009 1817 3251 1884 ὑφέσεως
3315 1817 3407 1869 καὶ
3468 1818 3673 1871 ὑποϐά-

2010 1924 2057 1982 Β
2087 1924 2244 1969 σεως.
2275 1907 2338 1958 Εἰ
2360 1905 2418 1958 δὲ
2447 1909 2780 1976 μακαριστοὶ
2819 1907 3046 1970 πάντες,
3080 1909 3171 1959 καὶ
3202 1905 3399 1970 πάντες
3440 1909 3668 1960 ἐπαινε-

2084 1999 2189 2062 tot,
2213 1998 2394 2068 πολλῷ
2419 1999 2635 2069 πρῶτον
2660 2002 2707 2052 οἱ
2741 1999 2950 2070 πρῶτοι
2973 2001 3071 2068 τὴν
3094 1999 3247 2065 τάξιν
3278 2003 3376 2053 καὶ
3403 2001 3503 2072 τὴν
3533 2002 3672 2070 πρὸς

2083 2089 2175 2142 τὸν
2210 2090 2448 2159 Χριστὸν
2488 2091 2789 2145 οἰκείωσιν.

2156 2348 2267 2401 Ποῦ
2308 2349 2484 2403 τοίνυν
2511 2350 2748 2420 θήσομεν
2782 2350 3010 2416 Θέκλαν,
3038 2351 3099 2404 τὸ
3121 2350 3218 2421 τῆς
3257 2351 3406 2421 ἱερᾶς
3435 2351 3674 2414 πίστεως

2083 2439 2347 2510 ἄγαλμα,
2399 2441 2460 2493 τὸ
2532 2444 2632 2511 τῆς
2712 2441 2916 2510 σεπτῆς
2987 2442 3282 2512 παρθενίας
3360 2443 3671 2513 κειμήλιον,

2083 2532 2182 2602 τὴν
2230 2532 2506 2602 ἄψαυστον
2553 2533 2647 2585 τοῦ
2700 2531 2938 2602 Χριστοῦ
2981 2533 3201 2603 νύμφην
3230 2535 3323 2586 καὶ
3345 2535 3676 2589 άνεπίὸατον

2086 2625 2336 2678 παστάδα
2363 2642 2377 2690 ;
2411 2626 2520 2678 Ποῦ
2549 2627 2776 2696 ταύτην,
2810 2625 2902 2678 καὶ
2929 2626 2986 2679 ὲν
3016 2625 3153 2696 ποίῳ
3177 2625 3391 2696 Θέμενοι
3411 2627 3675 2698 τάγματι,

2087 2717 2184 2788 τὴν
2225 2719 2362 2789 αὐτῇ
2397 2718 2715 2787 πρέπουσαν
2745 2718 2952 2772 αῖνεσιν
2977 2719 3350 2790 προσάξομεν;
3371 2722 3503 2784 Ταῖς
3529 2739 3677 2791 παρ-

2085 2809 2311 2863 θενικῶς
2367 2813 2459 2862 καὶ
2503 2811 2664 2873 ὁσίως
2721 2811 3069 2880 βεϐιωκυίαις
3131 2813 3535 2878 συντετάξεται,
3599 2815 3680 2878 ὡς

2083 2901 2377 2970 ἁγνότητος
2398 2903 2576 2972 πάσης
2595 2904 2687 2955 καὶ
2704 2903 3002 2974 ἀσκητικοῦ
3025 2904 3142 2976 βίου
3159 2905 3446 2976 νομοθεσία
3463 2907 3575 2976 (59)
3596 2907 3680 2977 τῷ

2087 2990 2186 3062 βίῳ
2213 2993 2513 3064 γενομένη;
2545 2994 2687 3048 Ἀλλ’
2722 2995 2822 3049 οὐκ
2850 2997 2917 3050 ἂν
2949 3000 3049 3066 τῆς
3079 2997 3440 3067 άθλοφορικῆς
3465 2999 3681 3052 ἀπολεί-

2083 3084 2280 3138 πεσοαι
2311 3085 2513 3163 τάξεως
2535 3087 2842 3157 ἀνάσχοιτο·
2860 3088 2972 3141 ἀλλ’
2993 3089 3110 3141 οὐδὲ
3130 3089 3195 3142 τὰ
3217 3091 3555 3160 πρωτοτόκια
3577 3092 3681 3161 τῆς

2088 3176 2395 3246 μαρτυρίας
2445 3177 2589 3246 ἄλλῳ
2623 3181 2880 3249 παρεῖναι
2941 3179 3316 3266 καταδέξαιτοο
3355 3181 3545 3252 πρώτη
3575 3199 3680 3250 γυ-

414 3283 539 3354 tyrii
578 3283 818 3335 lauream
853 3279 946 3333 ulli
983 3279 1298 3333 mortalium
1331 3278 1490 3332 cedat
1525 3293 1540 3343 ;
1571 3291 1694 3345 quae
1729 3275 1985 3330 videlicet

2092 3267 2290 3319 ναικῶν
2316 3267 2548 3332 ὲντόνοις
2567 3269 2826 3337 ἀγωνίαις
2847 3271 2907 3324 τὸ
2924 3271 3020 3340 τῆς
3050 3271 3270 3343 θηλείας
3289 3272 3504 3341 φύσεως
3531 3276 3681 3327 όνει-

414 3372 705 3428 mulieruin
751 3371 946 3438 prima,
977 3368 1328 3422 contentione
1361 3365 1638 3428 certandi,
1671 3364 1986 3433 ingentique

412 3461 718 3515 animorum
755 3459 828 3524 vi,
856 3457 1142 3511 muliebris
1183 3471 1348 3510 sexus
1372 3456 1636 3525 probrum
1663 3454 2008 3518 sustulerit,

417 3554 708 3621 primaque
771 3549 1059 3617 spirituale
1133 3548 1479 3617 paiicratiuin
1558 3546 1911 3600 desudaret-it
1969 3562 1984 3610 ;

414 3657 536 3711 qure
603 3639 804 3694 teneris
865 3636 1094 3706 pedibus
1153 3634 1446 3688 draconem
1511 3633 1661 3686 illum
1731 3646 1987 3701 magnum

340 3772 344 3776 ι
419 3719 754 3806 protriverit,
809 3744 874 3782 ac
929 3731 1076 3782 velut
1155 3727 1339 3795 regina
1395 3741 1425 3778 a
1495 3724 1705 3778 dextris
1782 3724 1982 3779 somini

415 3822 658 3877 omnium
715 3819 877 3888 Regis
929 3832 1131 3871 corona
1183 3815 1440 3885 insignita
1467 3816 1557 3868 sit.
1613 3813 1753 3878 Quid
1800 3813 1985 3882 igitur,

420 3911 735 3981 triumphali
771 3908 975 3978 agmini
1005 3906 1386 3960 accenSi-bitur
1413 3905 1436 3958 ?
1468 3903 1757 3957 Enimvero
1816 3902 1987 3956 Paulo

419 4002 826 4077 prtedicatiouis
857 4000 1031 4064 socia,
1061 4012 1296 4066 eumque
1335 3995 1604 4051 doctrinis
1631 4009 1694 4049 ac
1730 3995 1987 4063 operibus

421 4099 650 4158 imitata,
703 4091 1094 4156 communique
1143 4090 1588 4159 persecutionum
1633 4101 1696 4140 ac
1742 4086 1992 4140 tentatio-

419 4203 548 4243 num
585 4185 787 4251 stadio,
819 4183 1023 4237 Christi
1060 4179 1188 4236 Jesu
1238 4181 1523 4250 apostolus
1562 4177 1729 4240 facta,
1783 4187 1991 4248 marty-

420 4296 540 4334 rum
593 4286 739 4333 coetu
797 4273 1042 4330 coerceri
1093 4273 1253 4326 nolit.
1312 4271 1562 4336 Quonam
1619 4270 1786 4340 igitur
1829 4271 1990 4322 modo

417 4373 540 4436 ejus
573 4369 830 4423 laudibus
858 4365 1245 4434 deiungentes,
1274 4377 1396 4432 qua:
1438 4371 1593 4432 grata
1628 4361 1812 4415 futura
1857 4363 1990 4425 sint,

419 4456 875 4529 praestiterimus?
901 4454 1040 4508 Num
1083 4453 1263 4522 plaiie,
1304 4467 1413 4506 non
1461 4459 1718 4521 tanquam
1772 4466 1837 4506 ex
1885 4468 1992 4504 una

2088 3358 2176 3421 δος
2197 3359 2544 3429 περιελοῦσα,
2569 3365 2663 3414 καὶ
2685 3362 2872 3433 πρώτη
2901 3363 3089 3433 νοητὸν
3114 3365 3452 3434 παγκράτιον
3473 3368 3681 3433 διαγω-

2093 3451 2375 3521 νισαμένηο
2423 3452 2516 3504 καὶ
2540 3455 2697 3506 ποσὶν
2733 3455 2958 3519 ἁπαλοῖς
2997 3456 3087 3508 τὸν
3123 3457 3389 3525 δράκοντα
3421 3475 3681 3511 καταπα-

2095 3542 2306 3612 τήσασα
2349 3544 2440 3596 τὸν
2475 3544 2669 3614 μέγαν·
2699 3546 2794 3600 καὶ
2823 3548 3160 3618 στεφηφόρος
3181 3541 3272 3602 οἷα
3296 3547 3584 3616 βασίλισσα
3609 3551 3680 3604 ἐκ

2095 3631 2286 3698 δεξιῶν
2330 3635 2405 3704 τῷ
2435 3636 2798 3706 Παμϐασιλεῖ.
2826 3639 2890 3690 Τί
2915 3636 3045 3704 οῦν;
3073 3643 3181 3702 τοῖς
3211 3639 3532 3710 ἀθλοφόροις
3550 3658 3682 3693 συν-

2094 3725 2377 3792 τετάξεται
2394 3745 2407 3793 ;
2435 3728 2574 3780 Ἀλλ’
2600 3730 2737 3800 αὑτὴ
2756 3729 2952 3800 Παύλῳ
2964 3733 3058 3785 τοῦ
3077 3732 3392 3802 εὐαγγελίου
3411 3737 3680 3806 κοινωνή-

2098 3833 2236 3871 σασα
2279 3819 2412 3888 (60),
2458 3820 2551 3872 κα“ι
2588 3823 2652 3890 τῇ
2689 3825 2918 3891 μιμήσει
2949 3823 3057 3875 τῶν
3110 3824 3284 3892 λόγων
3330 3825 3556 3880 καὶτῶν
3584 3826 3684 3894 έρ-

2093 3925 2227 3977 γων·
2256 3912 2351 3963 καὶ
2375 3913 2440 3980 τῇ
2466 3913 2724 3983 κοινωνίᾳ
2753 3913 2861 3965 τῶν
2907 3914 3163 3984 διωγμῶν
3195 3917 3288 3968 καὶ
3327 3917 3674 3987 πειρασμῶν,

2096 3999 2392 4062 ἀπόστολος
2434 3999 2610 4069 Ἰησοῦ
2644 4000 2883 4072 Χριστοῦ
2919 4003 3286 4072 γεγενημένη,
3319 4003 3418 4056 οὐκ
3461 4003 3528 4057 ἂν
3554 4002 3682 4055 ὲθέο

2099 4091 2177 4143 λοι
2211 4093 2323 4154 τοῖς
2353 4091 2593 4162 μάρτυσι
2623 4093 3005 4163 περιωρίσοαι.
3040 4094 3161 4157 Πῶς
3192 4091 3285 4148 οῦν
3318 4095 3486 4162 αὐτὴν
3517 4097 3680 4148 ἐπαι-

2100 4181 2338 4246 νοῦντες,
2370 4181 2742 4251 κεχαρισμένα
2785 4180 3088 4253 δράσαιμεν
3123 4185 3187 4237 ἄν
3216 4201 3232 4248 ;
3277 4185 3348 4237 Ἦ
3383 4185 3541 4254 δῆλον
3595 4185 3677 4246 ὡς

2099 4270 2201 4322 οὐκ
2243 4269 2303 4333 ἐξ
2347 4270 2466 4332 ἑνὸς
2523 4270 2556 4340 ἢ
2597 4270 2865 4340 δευτέρουλ
2904 4273 3065 4340 μόνον
3113 4274 3561 4345 προτερήματος·
3610 4276 3679 4326 ὲκ

2100 4361 2319 4413 πάντων
2376 4359 2434 4413 δὲ
2480 4360 2588 4414 τῶν
2644 4362 2804 4432 ἱερῶν
2854 4364 3023 4435 αὐτῆς
3074 4365 3522 4435 ἐπιτηδευμάτων
3544 4382 3576 4429 ,ο
3591 4361 3678 4428 οἷς

2102 4451 2245 4505 κατὰ
2299 4452 2360 4504 τὸ
2409 4453 2711 4524 ἀκρότατον
2763 4455 3241 4527 ὲνευδοκιμηκέναι
3321 4460 3680 4532 μεμαρτύρη-

419 4550 660 4604 alterave
705 4549 885 4602 solum
917 4545 1263 4610 excellentia,
1317 4543 1412 4598 sed
1461 4559 1527 4597 ex
1573 4543 1828 4597 omnibus
1869 4542 1985 4610 ejus

2093 4558 2209 4606 ται,
2245 4544 2483 4616 ἀγαπῴη
2514 4545 2582 4599 ἂν
2615 4546 2954 4600 ἐπαινεῖσθαι
2999 4550 3094 4602 καὶ
3129 4531 3527 4620 θαυμάζεσθαι.

419 4641 597 4694 sacris
624 4638 920 4700 institutis,
955 4635 1156 4704 quibus
1185 4648 1398 4687 sumine
1428 4633 1717 4697 claruisse,
1743 4632 2071 4702 egregiaque
2140 4633 2300 4688 laude
2361 4634 2704 4703 perfunctam
2757 4652 2898 4703 esse,
2949 4639 3310 4709 conspicuum
3376 4653 3482 4707 est,
3550 4643 3675 4699 lau-

417 4732 536 4788 dari
572 4737 790 4798 exoptet
823 4742 888 4780 ac
919 4724 1267 4780 admirationi
1301 4724 1533 4778 haberi?

493 4821 604 4888 (59)
643 4816 999 4886 ’Λσκητικοῦ
1017 4818 1160 4881 βίου
1177 4817 1518 4884 νομοθεσία.
1555 4814 1606 4868 Ν
1612 4834 1783 4881 arma,
1804 4818 1987 4885 regula

419 4893 540 4946 vita:
565 4890 845 4959 religiosae.
889 4888 979 4959 Sic
1011 4888 1205 4940 merito
1238 4890 1482 4955 σεμνεῖον
1542 4896 1701 4959 vocat
1750 4903 1986 4956 sequen-

421 4961 589 5023 tibus,
623 4955 905 5014 aa'diculam
967 4957 1022 5008 in
1086 4965 1268 5008 inonte
1315 4971 1480 5024 prope
1537 4955 1863 5020 Seleuciam,
1898 4957 1987 5010 ubi

420 5033 658 5098 quietam
691 5030 857 5082 vitam
890 5027 1280 5097 agebat,extra
1317 5028 1530 5098 civium
1553 5027 1769 5098 turbas,
1789 5034 1843 5098 et
1878 5041 1987 5093 quo

423 5095 571 5152 illam
627 5098 842 5154 l'eiiiinie
899 5095 953 5149 et
1011 5097 1196 5164 aegroti
1255 5095 1808 5164 c0iiveiiiehaiit;iibi
1860 5106 1913 5148 et
1961 5112 1986 5146 ιι

422 5179 571 5236 petra
594 5183 758 5223 orans
791 5163 1078 5234 absorpta,
1099 5175 1152 5216 ut
1175 5165 1241 5218 ab
1265 5165 1480 5236 spurcis
1510 5163 1825 5236 hominibus
1849 5174 1993 5236 esset

420 5233 496 5291 illi
530 5249 666 5301 tuta,
695 5237 905 5290 illibata
931 5233 1238 5301 virginitas.
1287 5236 1369 5286 Sit
1421 5234 1604 5300 itaque
1650 5233 1877 5300 Thecla,
1916 5233 1993 5286 iiIi

423 5316 748 5377 martyrum,
776 5307 855 5377 sic
878 5314 933 5358 et
963 5319 1244 5359 sacrarum
1290 5303 1586 5377 virginum,
1631 5305 1744 5377 sub
1805 5313 1996 5355 sancto

422 5372 675 5430 iiistit'uto
713 5376 967 5444 princeps
993 5385 1048 5427 et
1074 5388 1460 5444 llOl‘tllatvclje
1507 5372 1828 5444 ἁσκήτρεια,
1875 5375 1996 5439 ejus

423 5447 500 5500 illi
526 5438 762 5500 instituti
795 5438 1013 5496 auctore
1071 5457 1266 5511 magno
1292 5442 1482 5495 Paulo.
1535 5438 1714 5494 Nostri
1748 5438 1994 5511 l’lioreii-

422 5530 511 5569 ses
532 5518 670 5569 hanc
694 5515 908 5568 laudem
941 5510 1454 5571 Mzirtlw’tribuunt,
1484 5511 1597 5564 sive
1621 5513 1781 5565 etiam
1819 5510 1998 5565 Maria:

425 5585 774 5653 Magdalenie,
807 5599 928 5651 quae
977 5585 1058 5636 sic
1112 5581 1627 5653 religiosaiii_vitain
1684 5581 1994 5653 coluerint;

423 5651 724 5722 .icquidem
765 5653 1031 5706 Martham
1081 5652 1340 5722 similium
1394 5651 1663 5722 virginum
1722 5651 1994 5715 sodalitio,

423 5719 567 5792 quod
603 5723 758 5792 (idem
794 5725 1036 5792 haberet,
1068 5721 1170 5774 iiisi
1210 5729 1330 5773 acta
1392 5719 1726 5792 laborarent,
1768 5735 1888 5788 qua:
1945 5727 1998 5773 et

425 5790 553 5848 Pius
583 5791 622 5846 ν
654 5811 683 5846 e
713 5793 871 5844 lium.
908 5791 1186 5845 Breviario
1215 5804 1430 5841 movere
1459 5790 1754 5858 cogitabat,
1789 5803 1846 5843 iit
1879 5798 1998 5844 erat

415 5863 858 5920 euiunctissiinm
893 5861 1067 5928 naris,
1097 5869 1151 5915 et
1179 5859 1259 5914 sie
1311 5858 1537 5913 incertis
1573 5860 1715 5927 piam
1753 5859 1993 5915 ﬁdelium

2094 4815 2475 4870 credulitatem
2505 4816 2724 4870 onerari
2757 4833 2898 4885 aegre
2931 4817 3164 4874 ferebat.

2167 4886 2279 4954 (60)
2301 4885 2408 4964 Τοῦ
2419 4887 2771 4964 εὐαγγελίου
2796 4889 3241 4964 κοινωνήσασα,
3269 4892 3358 4946 Sic
3381 4895 3672 4964 evangelii.

2097 4971 2192 5010 seu
2221 4955 2628 5028 praedicationis
2656 4957 2805 5010 socia
2857 4957 3026 5011 Paulo
3081 4958 3284 5016 Thecla
3325 4955 3556 5028 exstitit,
3613 4955 3675 5019 ut

2098 5040 2204 5079 non
2239 5026 2337 5078 nisi
2373 5026 2627 5094 privatim
2660 5040 2724 5079 ac
2758 5028 3105 5091 necessitate,
3150 5032 3264 5085 sive
3315 5030 3470 5088 Pauli
3535 5026 3668 5089 alio

2098 5110 2330 5162 rumque
2375 5093 2763 5148 ministrorum
2827 5097 3090 5160 absentia,
3167 5101 3398 5156 docendi
3472 5119 3676 5159 munus

2100 5165 2379 5244 usurparit
2405 5183 2419 5218 :
2449 5166 2599 5244 quod
2625 5166 2940 5244 certehipsis
2966 5167 3130 5244 _Paul_i_
3155 5171 3368 5244 legibus
3391 5187 3454 5226 ac
3484 5172 3677 5229 Eccle‘

2098 5236 2214 5304 siae,
2242 5237 2309 5304 de
2351 5234 2638 5288 mulierum
2674 5237 2728 5288 in
2771 5234 3013 5290 Ecclesia
3068 5234 3308 5304 sileniio,
3347 5257 3454 5295 non
3490 5255 3672 5298 nocet.

2100 5303 2255 5367 Quod
2285 5318 2416 5379 ergo
2449 5303 2746 5368 ἀπόστολος
2776 5306 2980 5379 dicitur
3007 5309 3269 5376 singulari
3297 5303 3672 5379 excellentia,

2101 5387 2254 5426 more
2286 5372 2596 5426 Graecorum
2648 5385 2765 5448 est,
2799 5376 2890 5444 qui
2945 5372 3220 5444 apostolos
3287 5383 3525 5448 proclive
3573 5372 3674 5436 vo;

2101 5449 2230 5494 cant
2261 5457 2354 5496 eos
2379 5457 2570 5521 omnes
2606 5445 3006 5521 quimiiihreiii”
3033 5448 3151 5521 fidei
3178 5445 3430 5521 _iiiajoris
3465 5452 3672 5521 aliquid

2103 5527 2284 5580 operae
2299 5512 2675 5592 contulerunt.
2700 5513 2797 5592 _$ie
2819 5515 2926 5592 illis
2952 5517 3226 5592 discipuli
3255 5512 3448 5575 omnes
3480 5512 3677 5590 pi'i'ini-

2107 5596 2213 5662 que
2245 5584 2473 5662 ministri
2499 5584 2754 5648 apostoli,
2813 5586 2892 5662 sic
2946 5584 3340 5662 Constantinus
3392 5584 3678 5659 Augustus

2110 5651 2480 5724 iaanésA-ro‘aoc,
2505 5666 2604 5724 par
2634 5653 2884 5724 apostolis
2941 5655 3114 5724 eisque
3155 5672 3445 5724 consertus,
3480 5651 3545 5714 ἶιι
3575 5662 3676 5716 Se-

2107 5736 2269 5802 verus
2301 5721 2354 5773 in
2381 5719 2635 5802 Martiiio.
2665 5722 2756 5776 Sic
2787 5719 3063 5802 ’μωραί-
3093 5728 3204 5798 Τῆς
3232 5731 3394 5796 ἁγίας
3432 5719 3682 5802 ’μεγαλο-

2108 5791 2384 5873 μάρτυρος
2420 5792 2516 5873 καὶ
2541 5793 2893 5873 ξσαποστόλου
2940 5791 3174 5867 Θέκληςξ
3220 5791 3683 5873 Διιιιιόί.’πρωτο-

2109 5859 2318 5930 μάρτυς
2341 5859 2626 5916 ἁπόστολε.
