4008 6608
291 476 389 538 305

1093 478 1380 540 ORATIO
1407 480 1559 542 XVI.
1595 504 1664 517 -
1699 481 1780 541 IN
1813 482 2127 543 LAUDEM
2169 482 2227 542 S.
2271 483 2608 543 THECLJE.

3443 489 3552 552 306

364 590 582 659 Πρῶτον
615 592 713 662 μὲν
742 583 836 645 οὖν
865 591 964 662 τὴν
994 593 1334 664 παρθενικὴν
1364 593 1534 664 αὑτῆς
1578 594 1641 647 ὲκ
1673 594 1865 664 νεότη-
1895 643 1898 650 .

2040 595 2282 650 Primum
2343 597 2528 666 itaque
2601 598 2921 670 virginalem
2998 600 3118 668 ejus
3177 618 3205 656 a
3259 600 3549 671 iuventute

288 699 374 746 τος
417 684 788 756 ἀναστροφὴν,
827 685 1026 756 μᾶλλον
1064 686 1121 739 δὲ
1186 687 1286 757 τὴν
1335 688 1414 749 είς
1455 687 1693 758 Χριστὸν
1731 686 1868 755 ἀγά-

292 792 448 845 πησιν
498 776 594 829 καὶ
646 777 831 832 πίστιν
879 779 1022 831 κατὰ
1072 777 1303 850 δύναμιν
1369 777 1754 848 ὲπαινώμεθα·
1799 778 1866 832 δι’

288 860 366 934 ἧς.
410 865 444 935 ἥ
504 883 562 918 τε
614 867 884 936 παρθενία
928 871 1086 940 καὶὴ
1143 868 1371 940 ἄθλησις
1412 869 1863 937 ὑπερανθήσασα,

289 959 362 1019 είς
406 958 509 1028 τὴν
550 957 918 1028 ἀποστολικὴν
954 959 1125 1029 αὑτὴν
1161 959 1594 1030 προσανύψωσεν
1623 960 1870 1032 κορυφὴν

288 1049 316 1116 ἢ
350 1049 664 1119 περιωπήν.
703 1050 863 1120 Ἀρτι
901 1051 1008 1123 γὰρ
1031 1050 1125 1103 τοῦ
1186 1052 1428 1121 μεγάλου
1475 1055 1572 1123 τῆς
1611 1054 1870 1124 ἀληθείας

289 1141 714 1209 εὐαγγελιστοῦ,
769 1143 868 1212 τῆς
903 1143 1164 1212 οὐρανίας
1197 1145 1291 1197 καὶ
1342 1146 1869 1217 μεγαλοφωνοτάτης

286 1234 374 1285 τοῦ
410 1234 746 1302 Εὑαγγελίου
785 1233 1038 1305 βροντῆς,
1069 1236 1168 1302 τῆς
1195 1236 1523 1306 ὑπερφώτου
1555 1236 1661 1289 τῶν
1693 1239 1871 1310 ἔργων

289 1323 522 1392 Χριστοῦ
556 1325 650 1377 καλ⁸
683 1324 861 1393 λόγων
905 1325 1197 1396 ἀστραπῆς
1250 1326 1398 1396 (61)·
1449 1327 1660 1381 Παύλου
1701 1329 1868 1396 λέγω,

289 1415 378 1468 τοῦ
408 1416 682 1485 πόματος
739 1415 934 1484 Ἰησοῦ,
967 1417 1063 1470 τοῦ
1109 1418 1345 1489 ὀργάνου
1395 1419 1489 1472 τοῦ
1531 1419 1870 1490 Πνεύματος,

287 1508 380 1576 τῆς
413 1507 789 1578 εὑηχεστάτης
828 1508 964 1562 Θεοῦ
1022 1510 1345 1579 σάλπιγγος,
1391 1512 1491 1580 τῆς
1546 1513 1614 1565 τὰ
1668 1513 1873 1582 πέρατα

288 1597 771 1670 συγκαλουμένης·
805 1601 1020 1665 τούτου,
1055 1603 1102 1655 τ’
1133 1603 1268 1656 ἄλλα
1314 1620 1373 1656 τε
1408 1604 1508 1673 τῆς
1547 1606 1873 1674 οἰκουμένης

286 1691 520 1754 διιόντος
571 1691 737 1762 μέρη,
787 1693 1002 1746 καὶτὸν
1044 1695 1144 1763 τῆς
1191 1694 1338 1763 ζωῆς
1395 1693 1553 1762 λόγον
1593 1693 1781 1765 ὥσπερ
1818 1714 1869 1748 τι

288 1786 436 1838 θεῖον
482 1785 970 1857 καταὸαλλομένου
1014 1787 1240 1858 σπέρμα
1275 1804 1288 1818 ⁸
1341 1788 1423 1840 ἔτι
1477 1788 1534 1840 δὲ
1595 1789 1731 1858 πρὸς
1761 1792 1873 1851 τοῖς

286 1878 468 1942 ἀλλοις
517 1880 616 1932 καὶ
672 1880 894 1933 Ἰκόνιον
946 1880 1357 1950 κατειληφότος,
1408 1882 1502 1934 καὶ
1551 1881 1682 1952 παρ’
1718 1881 1870 1952 ἀνδρὶ

292 1970 775 2041 ξεναγωγουμένου
809 1973 1002 2042 πιστῷ·
1043 1973 1137 2027 καὶ
1184 1973 1336 2044 ἄρτῳ
1373 1973 1473 2044 μὲν
1516 1973 1594 2043 τῷ
1625 1974 1734 2026 ἀπὸ
1766 1973 1872 2043 γῆς

287 2065 344 2115 τὸ
386 2063 675 2132 σωμάτιον
723 2063 1137 2134 στηριζομένοψ
1193 2066 1342 2137 ἀρτῳ
1390 2065 1446 2118 δὲ
1488 2065 1725 2136 οὐρανίῳ
1763 2065 1872 2118 τῶν

286 2157 770 2227 ὲπισυναγομένων
799 2155 1153 2227 στηρίζοντος
1188 2158 1434 2228 καρδίαςο
1489 2159 1583 2211 καὶ
1617 2157 1753 2211 θεῶν
1775 2157 1874 2229 μὲν

286 2247 488 2313 ἀθέων,
551 2249 651 2301 καὶ
719 2249 1009 2320 συνηθείας
1053 2253 1264 2320 κακῆς,
1325 2251 1422 2305 καὶ
1480 2250 1875 2322 δεισιδαίμονος

287 2339 516 2409 ἀγωγῆς
561 2341 624 2392 τὸ
674 2339 968 2410 θεοστυγὲς
1023 2341 1370 2412 διασύροντος
1437 2344 1532 2396 καὶ
1602 2343 1872 2414 μυσαρόν·

288 2429 558 2500 ὑψοῦντος
609 2431 665 2484 δὲ
717 2434 815 2502 τὴν
866 2432 1027 2498 δόξαν
1079 2433 1174 2486 τοῦ
1213 2434 1438 2504 ὑψίστου
1471 2434 1631 2499 Θεοῦ,
1657 2435 1751 2488 καὶ
1777 2435 1876 2504 τὴν

287 2525 534 2596 ἆρῤητον
591 2526 874 2596 σάρκωσιν
915 2526 1008 2580 τοῦ
1055 2526 1253 2596 Ἰησοῦ·
1295 2528 1354 2580 τό
1379 2545 1438 2581 τε
1479 2528 1740 2592 ζωοποιδν
1776 2529 1878 2582 πά-

287 2615 378 2677 θος
422 2616 520 2668 καὶ
569 2618 858 2688 σωτήριον·
888 2618 988 2688 τήν
1039 2635 1099 2670 τε
1121 2620 1424 2690 τριήμερον
1469 2619 1776 2673 ἀνάστασιν
1806 2621 1872 2673 ὲκ

288 2707 531 2777 νεκρῶν,
575 2710 671 2762 καὶ
708 2711 808 2781 τὴν
849 2711 1438 2783 τεσσαρακονθήμερον
1471 2711 1738 2782 ἀνάληψιν
1770 2714 1879 2766 ἀπὸ

287 2798 421 2869 γῆς’
453 2800 549 2853 καὶ
578 2799 677 2870 τὴν
699 2801 992 2870 οὐρανόθεν
1026 2797 1192 2865 αὖθις
1219 2803 1542 2871 ἐπιφάνειαν
1559 2802 1875 2872 καὶκρίσιν·

290 2890 385 2941 καὶ
420 2888 522 2960 τὴν
563 2889 781 2942 δικαίαν
811 2891 922 2944 τῶν
974 2889 1322 2962 βεϐιωμένων
1361 2892 1616 2946 ἀπόδοσιν
1661 2893 1880 2962 φιλοσο-

291 2982 548 3051 φοῦντος,
582 2984 678 3037 καὶ
707 2985 916 3057 ῥήμασι
949 2987 1170 3056 χάριτος
1191 2985 1489 3057 ὑμνοῦντος
1517 2988 1758 3056 μεστοϊς’
1794 2987 1883 3039 ναὶ

294 3077 406 3147 μὴν
451 3076 550 3130 καὶ
582 3077 674 3129 τὸν
709 3076 958 3148 ἡδυπαθῆ
995 3078 1092 3148 μὲν
1139 3080 1234 3132 καὶ
1275 3078 1574 3132 ἀκόλαστον
1607 3079 1721 3149 βίον
1763 3079 1884 3131 ἑπι-

296 3167 652 3232 σκὼπτοντος
685 3168 761 3231 ὡς
801 3168 1107 3239 βδελυκτόν·
1133 3169 1224 3224 τὸν
1253 3170 1482 3242 ἄμωμον
1508 3171 1566 3224 δὲ
1588 3171 1684 3226 καὶ
1721 3170 1884 3241 ἁγνὸν

1975 689 2477 754 conversationem,
2525 691 2658 759 quin
2711 693 2912 761 potius,
2954 709 3062 763 qua
3093 693 3374 748 Christum
3422 709 3550 763 pro-

1974 788 2162 834 secuta
2203 789 2310 846 est,
2335 781 2690 838 dilectionem
2729 798 2794 835 ae
2825 783 3007 850 (idem,
3054 800 3154 854 pro
3187 786 3328 839 virili
3361 793 3551 840 nostra

1975 871 2262 928 laudemus
2296 911 2313 938 ,
2345 873 2503 942 cujus
2542 873 2802 927 nimirum
2843 889 2966 945 ope,
3013 876 3298 946 virginitas
3343 877 3552 945 pariter

1975 962 2242 1032 vigorque
2302 964 2621 1019 certaminis
2681 965 2879 1020 altiore
2942 967 3219 1019 cumulata
3280 965 3434 1031 ﬂore,
3483 966 3552 1020 ad

1977 1054 2348 1122 apostolicum
2381 1055 2551 1124 ipsam
2596 1072 2870 1111 summum
2901 1059 3161 1112 verticem
3213 1073 3310 1113 seu
3359 1072 3553 1126 speCu-

1977 1145 2083 1198 lam
2131 1145 2347 1201 abunde
2383 1159 2768 1216 provexerunt.
2813 1148 2932 1204 Jam
2965 1150 3110 1204 enim
3159 1166 3357 1221 magno
3405 1150 3551 1204 veri-

1977 1239 2107 1292 tatis
2157 1253 2432 1307 praacone,
2501 1241 2712 1296 caelesti
2761 1242 3223 1313 vocalissimoque
3274 1241 3550 1311 Evangelii

1978 1331 2211 1396 tonitru,
2275 1331 2394 1385 lucc
2435 1333 2584 1386 omni
2635 1333 2870 1387 clariore
2914 1333 3118 1389 Christi
3166 1350 3393 1404 operum
3436 1349 3553 1390 ser-

1986 1439 2324 1492 monumque
2386 1422 2644 1493 fulgetro,
2694 1423 2865 1491 Paulo
2917 1426 3200 1490 nimirum,
3251 1423 3380 1480 Jesu
3433 1441 3552 1490 ore,

1981 1513 2218 1584 Spiritus
2244 1530 2476 1584 organo,
2519 1515 2613 1568 Dei
2663 1516 2973 1570 clarissima
3015 1516 3166 1579 tuba,
3213 1516 3367 1570 orbis
3416 1531 3553 1569 con—

1978 1617 2209 1662 voeante
2279 1606 2414 1662 lines
2465 1624 2478 1660 :
2529 1606 2668 1672 hoc,
2734 1608 2980 1677 inquam,
3035 1623 3159 1662 cum
3215 1609 3354 1663 alias
3405 1608 3556 1664 orbis

1979 1707 2300 1768 peragrante
2327 1706 2529 1768 partes,
2566 1713 2628 1752 ac
2666 1700 2890 1752 verbum
2938 1698 3061 1752 vita:
3121 1698 3269 1753 velut
3316 1698 3555 1751 divinam

1980 1791 2272 1860 quamdam
2309 1797 2608 1847 sementem
2637 1791 2996 1859 jaciente;ac
3028 1805 3153 1845 cum
3206 1801 3405 1859 praeter
3451 1789 3559 1844 alia

1981 1881 2099 1933 loca
2131 1880 2296 1933 etiam
2336 1878 2583 1934 Iconium
2618 1881 2885 1945 venisset,
2926 1889 2979 1935 et
3016 1880 3160 1950 apud
3211 1880 3390 1934 virum
3424 1877 3557 1933 lide-

1905 1949 2082 2042 βιειιι
2157 1973 2360 2042 hospes
2414 1983 2600 2043 ageret
2647 1989 2663 2039 ;
2717 1988 2782 2027 ac
2847 1989 2988 2044 pane
3053 1949 3276 2043 quidem
3335 1980 3559 2028 terreno

1978 2061 2368 2131 corpusculum
2431 2060 2806 2123 conﬁrmaret,
2865 2061 3077 2116 cmlesti
3143 2074 3293 2123 vero,
3366 2073 3556 2114 eorum

1976 2154 2070 2226 qui
2129 2153 2196 2207 ad
2260 2167 2382 2208 eum
2450 2164 2950 2224 congregarentur,
3024 2154 3239 2207 animos
3298 2151 3554 2215 fulciret,

1978 2246 2336 2315 inaniumque
2370 2245 2598 2300 deorum
2641 2255 2693 2302 et
2741 2262 2921 2316 prava:
2966 2244 3406 2308 consuetudinis,
3463 2259 3558 2298 su-

1978 2336 2424 2408 perstitiosaeque
2470 2337 2861 2406 institutionis,
2925 2339 3161 2393 invisum
3216 2337 3328 2392 Deo
3377 2337 3560 2406 scelus

1979 2431 2475 2500 detestandumque
2511 2430 2849 2497 traduceret,
2903 2430 3107 2500 Deique
3150 2430 3407 2486 altissimi
3441 2429 3560 2498 glo-

1981 2524 2140 2588 riam,
2174 2533 2227 2578 ct
2270 2537 2528 2576 arcanam
2581 2521 2710 2578 Jesu
2766 2523 3202 2578 incarnationem
3258 2523 3557 2588 exaltaret,

1980 2617 2364 2687 viviticamque
2393 2625 2447 2672 et
2475 2616 2770 2672 salutarem
2801 2617 3112 2686 passionem
3139 2616 3564 2686 triduanamque

1981 2724 2047 2763 ex
2080 2710 2310 2764 mortuis
2341 2710 2826 2771 resurrectionem,
2862 2718 3026 2780 atque
3060 2726 3090 2764 e
3124 2708 3289 2763 terris
3322 2708 3562 2778 quadra-

1981 2801 2190 2872 gesimo
2237 2801 2325 2856 die
2367 2802 2419 2855 in
2475 2803 2647 2858 cmlos
2699 2802 3094 2870 receptionem,
3153 2815 3489 2870 rursumque
3535 2817 3565 2854 e

1984 2895 2140 2949 coelis
2200 2895 2626 2964 apparitionem,
2678 2895 3061 2965 judiciumque
3106 2910 3169 2949 ac
3209 2894 3412 2964 justam
3467 2909 3570 2964 pro

1985 2988 2109 3041 vita:
2147 2987 2366 3042 meritis
2397 2991 2450 3042 in
2480 3002 2653 3056 eaque
2681 2989 2854 3057 gestis
2887 2987 3309 3042 retributionem
3340 2987 3565 3056 sapien-

1987 3088 2071 3134 ter
2094 3078 2430 3146 declararet,
2465 3095 2529 3133 ac
2581 3080 2763 3134 verbis
2795 3081 2984 3148 gratiae
3033 3080 3210 3148 plenis
3264 3077 3509 3132 laudaret
3549 3094 3564 3130 :

1986 3185 2200 3225 necnon
2260 3171 2424 3224 etiam
2480 3171 2846 3242 voluptariam
2874 3187 2938 3226 ac
2991 3171 3344 3225 libidinosam
3395 3170 3561 3223 vitam

297 3259 702 3328 μακαρίζοντος
749 3261 845 3313 καλ¹
875 3261 1225 3334 παρθενικδν,
1266 3263 1342 3327 ὼς
1371 3265 1570 3317 οἰκεῖον
1611 3263 1740 3318 ὄντα
1764 3263 1883 3335 Θεῷ

1990 3262 2138 3316 velut
2165 3261 2545 3315 detestabilem
2583 3260 2923 3330 suggillaret,
2960 3260 3302 3328 impollutam
3341 3274 3475 3313 vero
3512 3267 3567 3314 ct

293 3354 386 3406 καὶ
421 3354 521 3423 ἀρε
531 3356 675 3411 στόν.

365 3535 557 3588 Ταῦτα
591 3537 688 3590 τοῦ
719 3536 927 3608 ὑψηλοῦ
968 3541 1213 3610 κήρυκος
1257 3541 1367 3604 τοῖς
1401 3538 1537 3611 πρὸς
1573 3540 1736 3592 αὑτὸν
1768 3540 1883 3592 εἶσ-

303 3625 478 3679 ιοῦσιν
511 3628 829 3696 ὁμιλοῦντος
850 3645 866 3658 ο
917 3630 1012 3682 καὶ
1038 3630 1200 3683 τινῶν
1239 3629 1339 3700 μὲν
1369 3631 1538 3700 ἡδέως
1582 3632 1676 3684 καὶ
1711 3647 1885 3699 προσ-

301 3718 450 3786 ηνῶς
482 3720 858 3790 ἀκροωμένων
881 3736 893 3748 ·
929 3722 1091 3773 τινῶν
1116 3720 1171 3773 δὲ
1199 3721 1334 3791 πρὸς
1364 3721 1452 3773 τὸν
1480 3721 1636 3789 λόγον
1661 3725 1887 3774 ἀνεπαι-

301 3810 517 3880 σθήτως
534 3811 945 3880 διατιθεμένων·
967 3809 1134 3883 ἔ[σ]τι
1151 3811 1195 3863 δ’
1219 3807 1293 3864 ὧν
1319 3812 1412 3864 καὶ
1432 3812 1886 3886 ὑποτονθορυζόν·

301 3919 430 3966 των,
466 3904 562 3956 καὶ
594 3905 808 3975 πονηρὰ
859 3904 1228 3974 λογιζομένων
1276 3905 1396 3957 ἀντὶ
1432 3905 1672 3972 ἀγαθῶν,
1711 3905 1888 3958 Θέκλα

302 3996 505 4058 νεᾶνις,
535 3994 786 4066 θυγάτηρ
821 3997 926 4067 μὲν
949 3998 1238 4060 Θεοκλείας
1264 4038 1277 4059 ,
1318 4001 1527 4068 μνηστὴ
1562 3998 1618 4051 δὲ
1645 3998 1889 4069 Θαμύρι-

304 4086 416 4149 δος,
445 4084 504 4150 ἐξ
530 4088 776 4154 ὑπογύου
822 4088 1062 4157 μένουσα
1090 4089 1324 4153 τούτοις,
1361 4092 1452 4142 καὶ
1483 4089 1569 4142 διὰ
1598 4093 1694 4160 τῆς
1733 4090 1886 4160 θυρί-

305 4179 392 4242 δος
426 4181 486 4232 τὺ
519 4180 614 4244 οὓς
659 4182 1010 4251 ὑποσχομένη
1039 4223 1052 4245 ,
1099 4182 1210 4234 τῶν
1268 4182 1482 4234 Παύλου
1526 4183 1887 4236 διδασκαλιῶν

310 4275 643 4342 ἐπηκροᾶτο.
679 4275 788 4326 Καὶ
824 4274 884 4326 τὸ
927 4275 1219 4343 πρόσωπον
1258 4273 1356 4342 μὲν
1398 4275 1529 4344 όρᾷν
1569 4275 1668 4326 οὑκ
1712 4272 1887 4343 εἶχεν·

310 4364 450 4416 οὕτω
479 4365 536 4416 δὲ
559 4369 659 4433 τῆς
694 4365 915 4434 διδαχῆς
946 4366 1037 4416 καὶ
1091 4365 1196 4416 τῶν
1227 4365 1389 4418 αὑτοῦ
1425 4366 1596 4434 λόγων
1627 4369 1892 4438 ἐξήρτητο

315 4457 728 4524 μυσταγωγίαε,
780 4457 854 4519 ὡς
886 4457 1012 4526 ὃλην
1041 4457 1108 4509 δι’
1139 4458 1259 4510 ὅλου
1287 4457 1394 4509 τῶν
1445 4460 1730 4529 παρόντων
1786 4461 1891 4512 ἀπα

313 4548 644 4605 ἀναστᾶσαν,
680 4547 817 4616 πρὶς
847 4547 938 4599 τὸν
970 4547 1458 4616 εὐαγγελιζόμενον
1499 4548 1731 4618 ἀρθῆναι
1757 4550 1890 4620 Χρι-

316 4639 454 4690 στὸι.
484 4638 681 4700 Οῦτως
703 4643 766 4690 ἐκ
791 4638 1011 4708 πρώτης
1036 4638 1194 4700 εὐθὺς
1226 4639 1476 4709 ἁκοῆς.ὣ
1499 4641 1599 4712 τῆς
1625 4642 1892 4706 πίστεωςί
1922 4623 1976 4682 D

315 4731 501 4800 ἐξέστη
528 4732 628 4799 μὲν
659 4730 771 4782 τῶν
805 4733 1018 4784 οἰκείων
1038 4733 1267 4802 ’ἐξέστη
1309 4734 1364 4786 δὲ
1396 4735 1566 4804 αὑτῆς
1590 4749 1601 4763 ·
1639 4737 1733 4790 καὶ
1761 4739 1900 4808 μήτε

317 4822 555 4887 σημείων
590 4823 792 4888 πεῖραν
817 4820 1077 4883 λαϐοῦσα,
1112 4821 1248 4891 μήτε
1278 4822 1453 4893 χρόνῳ
1486 4823 1577 4875 τὸν
1612 4822 1771 4892 λόγον
1803 4823 1898 4876 τοῦ

319 4913 652 4981 Εὑαγγελίου
699 4913 1074 4982 δοκιμάσασα,
1118 4913 1254 4967 ἀλλὰ
1293 4913 1429 4984 μηδὲ
1474 4914 1564 4966 τὸν
1619 4915 1902 4983 εὐαγγελι-

322 5008 468 5076 στὴν,
510 5009 571 5059 τὸ
622 5005 1085 5076 παραδοξότατον,
1127 5005 1339 5076 ὄμμασι
1387 5005 1728 5078 τεθεαμένη,
1761 5007 1904 5060 οὑτω

320 5099 575 5153 κατέθετο
609 5102 675 5170 τῇ
703 5099 936 5171 ἀληθείᾳ
957 5139 971 5162 ,
1021 5098 1118 5152 καὶ
1167 5100 1306 5170 πρὸς
1351 5099 1522 5169 αὑτῆς
1551 5099 1640 5152 διὰ
1668 5101 1903 5162 πίστεως

319 5191 550 5258 ἐγένετο,
587 5191 666 5254 ὡς
707 5192 802 5244 ἐπὶ
854 5193 1034 5260 τρισὶν
1095 5193 1331 5262 ἡμέραις
1387 5193 1687 5262 ἀμνηστείν
1734 5191 1903 5261 αὑτὴν

321 5285 512 5346 πάντα,
550 5286 650 5337 καὶ
675 5283 988 5353 βρώματος,
1023 5284 1115 5336 καὶ
1147 5284 1409 5352 πόματος.

392 5379 498 5430 Καὶ
558 5379 751 5448 μήτηρ
796 5376 896 5446 μὲν
940 5377 1278 5448 φιλοστόργῳ
1328 5377 1434 5431 τινὶ
1475 5377 1569 5431 καὶ
1627 5375 1906 5446 φιλοψύχῳ

324 5469 558 5524 διαθέσει
600 5469 728 5540 περὶ
763 5469 932 5539 αὑτὴν
969 5469 1236 5531 εἰσιοῦσαι,
1270 5470 1362 5522 καὶ
1396 5470 1653 5523 στένουσα
1681 5471 1774 5522 καὶ
1796 5469 1907 5520 δια-

325 5563 670 5634 πονουμένη⁶
713 5561 807 5614 καὶ
835 5561 890 5614 τί
930 5561 1038 5633 γὰρ
1072 5563 1105 5632 ἡ
1136 5561 1352 5632 μήτηρ;
1394 5561 1468 5630 πῆ
1509 5560 1607 5630 μὲν
1639 5559 1904 5612 κολακεύ-

327 5671 476 5718 ουσα,
515 5656 615 5710 καὶ
669 5653 946 5724 αἱμυλίοις
973 5653 1380 5724 ὑποποιουμένη
1421 5651 1622 5721 λόγοις,
1662 5652 1904 5715 Τέκνον,

327 5744 470 5809 ἐϐόα,
504 5747 810 5816 φίλτατον
831 5759 846 5776 ·
883 5741 1100 5796 τέκνον
1132 5741 1387 5810 ἣδιστόν
1428 5744 1478 5812 γ’
1515 5736 1630 5796 οὖν
1657 5741 1754 5794 καὶ
1785 5759 1908 5809 τερ-

1989 3357 2197 3402 castam
2233 3362 2296 3401 ac
2329 3348 2674 3418 virginalem,
2719 3355 2978 3418 tanquam
3031 3346 3139 3403 Deo
3196 3348 3566 3404 necessariam

1987 3441 2151 3510 eique
2179 3441 2434 3508 placitam
2471 3442 2684 3497 beatam
2719 3441 3068 3512 praedicaret.

2059 3537 2185 3590 Haec
2222 3537 2408 3605 itaque
2430 3536 2654 3591 sublimi
2685 3551 2941 3606 praecone
2972 3535 3038 3590 ad
3071 3551 3195 3590 eum
3230 3533 3572 3589 adeuntibus

1990 3638 2302 3697 perorante,
2339 3642 2404 3682 ac
2428 3643 2553 3683 cum
2594 3628 2685 3683 alii
2724 3629 2944 3700 quidem
2979 3629 3217 3683 dulciter
3247 3627 3572 3698 placideque

1989 3720 2265 3784 audirent,
2299 3719 2391 3774 alii
2421 3735 2549 3776 vero
2580 3720 2732 3774 nullo
2772 3722 3047 3775 sermonis
3076 3736 3240 3775 sensu
3285 3720 3573 3773 abiceren-

1989 3819 2101 3878 tur,
2165 3812 2257 3866 alii
2298 3811 2465 3866 etiam
2504 3820 2940 3876 murmurarent,
2989 3827 3052 3866 ac
3101 3827 3200 3881 pro
3241 3812 3398 3866 bonis
3433 3813 3573 3864 mala

1990 3906 2312 3976 cogitarent,
2365 3904 2566 3960 Thecla
2604 3907 2804 3974 puella,
2844 3904 3128 3960 Theoeleze
3174 3904 3392 3974 quidem
3445 3902 3575 3966 ﬁlia,

1992 4013 2194 4068 sponsa
2249 4013 2380 4052 vero
2434 3997 2806 4068 Thamyridis,
2841 4015 2870 4052 e
2910 3997 3091 4052 vicino
3140 3999 3287 4052 ardes
3340 3996 3576 4060 habens,

1993 4104 2056 4143 ac
2085 4105 2180 4159 per
2231 4089 2524 4143 fenestram
2551 4103 2736 4141 aurem
2775 4089 3220 4152 accommodans,
3263 4087 3417 4142 Pauli
3457 4087 3580 4142 doc-

1995 4183 2160 4236 trinis
2215 4181 2582 4236 auscultabat.
2636 4180 2712 4235 Ac
2745 4182 2965 4250 quidem
3005 4182 3197 4236 faciem
3246 4181 3433 4236 videre
3470 4197 3578 4234 non

1996 4273 2198 4328 licebat
2247 4289 2260 4337 ;
2299 4271 2382 4328 sic
2450 4287 2578 4325 vero
2623 4288 2652 4325 a
2686 4272 2935 4326 doctrina
2989 4273 3218 4342 ejusque
3266 4287 3580 4328 sermonum

1999 4365 2352 4420 institutione
2388 4365 2684 4434 pendebat,
2711 4373 2780 4417 ‘ut
2832 4373 2948 4418 tota
2997 4380 3227 4435 prorsus
3262 4381 3292 4420 e
3324 4365 3582 4428 terrenis,

1997 4459 2062 4511 ad
2104 4459 2385 4514 Christum
2411 4458 2502 4527 qui
2538 4458 2992 4524 annuntiabatur,
3046 4458 3231 4513 animo
3277 4457 3581 4512 tolleretur.

2000 4550 2091 4606 Sic
2117 4567 2183 4606 ex
2218 4551 2395 4621 primo
2422 4554 2602 4608 statim
2634 4553 2821 4607 auditu
2855 4553 2928 4623 (ο
2960 4553 3125 4608 tidcs!
3152 4556 3168 4620 )
3193 4551 3425 4608 exceSsit
3459 4551 3584 4622 qui-

2001 4643 2123 4698 dem
2168 4644 2355 4708 domo,
2399 4646 2638 4700 excessit
2678 4655 2731 4700 et
2761 4647 2943 4716 seipsa
2982 4662 2997 4711 ;
3034 4645 3199 4715 idque
3245 4660 3369 4699 cum
3407 4659 3586 4712 neque

2002 4737 2283 4806 signorum
2353 4740 2790 4807 experimentum
2854 4740 3022 4793 ullum
3095 4737 3342 4800 fecisset,
3409 4751 3586 4806 neque

2011 4829 2285 4900 Evangelii
2349 4831 2657 4884 doctrinam
2725 4847 2818 4900 per
2877 4841 3092 4900 tempus
3151 4831 3439 4900 probasset
3487 4839 3591 4882 :at

2009 4933 2187 4985 neque
2236 4921 2650 4989 pragdieatorem
2728 4922 2875 4990 (rem
2931 4936 3146 4974 summe
3210 4921 3589 4977 inauditath

2006 5012 2184 5065 oculis
2232 5019 2572 5080 usurpasset,
2616 5014 2695 5065 sic
2737 5013 2954 5064 veritati
2993 5011 3236 5064 assensit
3293 5009 3456 5077 eique
3492 5024 3588 5077 per

2012 5102 2171 5157 tidem
2224 5103 2475 5168 adhatsit,
2531 5113 2591 5158 ut
2643 5104 2826 5158 triduo
2870 5102 3118 5157 omnium
3167 5101 3339 5156 oblita
3389 5100 3484 5164 sit,
3537 5107 3589 5154 et

2011 5196 2119 5251 cibi
2145 5205 2198 5251 et
2224 5208 2407 5266 potus.

2086 5370 2258 5424 Mater
2293 5386 2418 5425 vero
2461 5371 2690 5425 materni
2741 5370 2978 5440 quadam
3028 5367 3233 5424 amoris
3271 5369 3341 5434 vi,
3377 5367 3593 5436 impen-

2012 5464 2265 5532 sioreque
2295 5464 2348 5516 in
2382 5478 2500 5517 eam
2531 5464 2738 5517 carnali
2774 5462 2968 5517 all‘eetu
3024 5464 3296 5531 ingressa,
3342 5475 3594 5530 gemens-

2021 5575 2127 5628 que
2161 5573 2222 5611 ae
2253 5559 2550 5626 quiritans,
2585 5559 2736 5627 (quid
2775 5559 2920 5612 enim
2947 5558 3094 5611 aliud
3135 5556 3387 5626 mater?)
3431 5553 3596 5609 modo

2021 5652 2239 5720 quidem
2274 5649 2587 5712 blandiens,
2624 5650 2950 5720 lenibusque
2973 5650 3156 5704 verbis
3191 5649 3507 5704 demulccns
3531 5662 3596 5700 ac

2019 5743 2121 5797 sibi
2157 5742 2476 5809 concilians,
2524 5741 2669 5797 Filia
2697 5743 3011 5809 ,clamabat,
3047 5743 3364 5798 charissima
3396 5740 3415 5794 !
3450 5739 3598 5795 Filia

399 5925 507 5994 (bl)
545 5921 663 5992 Τῆς
688 5916 1036 5989 ὑπερφώτυυ
1063 5917 1397 5988 ἀστραπῆς.
1434 5916 1637 5988 Fulgur
1681 5937 1828 5974 autne
1886 5938 1898 5974 t

1996 5939 2053 5975 us
2097 5922 2290 5975 lumen.
2333 5922 2484 5977 l’auli
2523 5923 2717 5978 scitum
2739 5923 3058 5993 epitbetum,
