4008 6590
450 433 556 500 30⁸1

1639 431 1929 494 ΝΙΟΕΤᾹΞ
1963 431 2484 492 PAPHLAGONIS

3586 433 3684 499 308

456 546 589 600 mihi
623 562 752 600 sane
794 544 1127 608 dulcissima,
1172 545 1581 614 gratissimaque
1633 563 1697 600 ac
1749 546 2021 599 desidera-

2130 543 2422 594 πνότατον
2451 541 2547 594 καὶ
2589 540 3011 595 ποθεινότατον
3031 555 3042 568 ⁸
3086 541 3140 594 τί
3171 541 3269 594 σοι
3310 541 3406 594 καὶ
3439 543 3513 607 τῷ
3538 544 3685 611 ξένῳ

457 639 697 701 tissima,
743 640 870 708 quid
926 637 1019 692 tibi
1067 647 1116 694 et
1159 639 1431 706 peregrino
1477 637 1559 690 illi
1605 654 1666 690 ac
1705 635 1967 690 seductori
1999 636 2025 688 ?

461 731 660 801 Ecquid
691 749 865 785 caustv
891 743 991 798 est,
1037 749 1132 786 cur
1179 732 1246 784 ad
1290 730 1402 797 ejus
1453 727 1738 782 absurdam
1781 727 1916 778 hanc
1963 741 2026 777 ac

455 821 754 876 inauditam
808 823 1187 889 {abulationem
1258 835 1436 874 aurem
1495 816 2024 879 accommodaveris?

454 912 605 978 Quid
628 924 704 967 est
732 913 870 997 quod
890 914 1180 978 excessisti,
1225 922 1583 982 portentosum
1623 911 1761 964 hunc
1801 909 2026 962 horren-

455 1005 679 1071 dumque
707 1020 978 1059 excessum
1008 1008 1033 1060 1'
1058 1004 1166 1059 Cur
1199 1015 1309 1058 tota
1334 1005 1535 1067 animo,
1568 1013 1683 1071 post
1707 1003 2024 1057 seductionis

457 1093 614 1162 hujus
649 1094 801 1147 verba
829 1095 1007 1148 abiisti
1039 1096 1067 1149 .9
1095 1093 1366 1152 Revertere
1401 1095 1470 1148 ad
1500 1095 1805 1163 genitricem
1856 1103 2024 1159 tuam,

456 1200 574 1250 qua:
603 1194 653 1237 te
679 1187 940 1240 educavit.
1005 1187 1194 1256 Aspice
1221 1188 1274 1240 in
1305 1203 1404 1251 me,
1453 1187 1569 1255 ﬁlia
1614 1202 1748 1240 mea.
1790 1183 2026 1254 Loquere

459 1272 526 1325 ad
557 1289 637 1326 me
671 1275 880 1327 verbum
906 1291 926 1340 ,'
955 1276 1164 1344 loquere
1197 1279 1265 1328 ad
1311 1291 1411 1340 me,
1440 1277 1639 1330 viscera
1670 1291 1784 1328 mea
1812 1291 1832 1340 ;
1880 1274 2026 1344 obje-

458 1371 643 1431 ctaque
662 1363 760 1417 hac
781 1365 1064 1426 dementia.
1090 1382 1310 1436 exsurge
1326 1378 1379 1419 ut
1398 1367 1569 1418 cibum
1591 1381 1792 1428 sumas,
1817 1381 1848 1418 o
1869 1364 2026 1433 ﬁlia!

457 1468 677 1524 exsurge
730 1465 785 1508 ut
837 1456 1006 1510 bibas.
1050 1458 1190 1524 Quid
1230 1474 1408 1512 causa:
1453 1469 1530 1513 est
1587 1474 1682 1511 cur
1731 1458 1807 1512 ita
1850 1473 2024 1512 vecors

461 1547 746 1617 mentisque
780 1550 926 1616 inops
957 1550 1136 1604 sedeas
1164 1551 1191 1602 ?

529 1725 620 1779 Sic
654 1725 814 1781 modo
838 1725 1058 1796 quidem
1092 1728 1428 1791 obsecrans,
1467 1725 1631 1780 modo
1673 1740 1800 1779 vero
1857 1724 2021 1779 etiam

457 1817 859 1872 auster-ictibus
907 1820 973 1872 ad
1014 1835 1130 1872 eam
1173 1820 1374 1883 verbis,
1406 1818 1515 1873 Cur
1547 1833 1684 1881 vero,
1716 1817 1853 1870 velut
1897 1817 2024 1870 insi-

457 1913 711 1979 pientium
764 1929 890 1976 una,
943 1912 1281 1981 increpabat,
1336 1913 1557 1980 teipsam
1603 1909 1907 1979 desperans,
1961 1925 2025 1962 ac

455 2006 607 2075 quasi
641 2022 757 2075 qua)
795 2022 1004 2058 sensum
1044 2020 1246 2058 onmem
1274 2005 1462 2058 mentis
1499 2001 1878 2072 consiliumque
1905 2017 2026 2070 per-

457 2093 678 2158 dideris,
709 2098 788 2157 sic,
818 2096 1262 2150 irrationabiliter
1289 2095 1435 2149 sedes
1463 2096 1489 2150 ?
1510 2093 1756 2147 Reverere
1779 2103 2023 2156 matrem,

454 2203 575 2252 qua:
600 2192 653 2243 in
679 2199 727 2243 te
749 2191 1023 2244 erubescit.
1059 2187 1306 2242 Reverere
1343 2196 1616 2256 cognatos,
1651 2185 1871 2247 amicos,
1895 2199 2029 2236 eoa:-

457 2289 661 2332 tttneos.
698 2279 902 2333 Pudeat
939 2297 970 2332 a
998 2280 1135 2348 facie
1162 2295 1426 2333 servorum
1457 2287 1689 2332 tuorum.
1736 2273 1835 2328 Ubi
1870 2275 2030 2344 virgi-

457 2387 583 2424 neus
629 2372 846 2438 pudoris
896 2373 1057 2425 rubor
1083 2375 1108 2425 ι
1142 2371 1232 2425 ubi
1274 2373 1507 2425 incessus
1542 2369 1678 2424 ?ubi
1726 2368 1965 2438 gravitas
2000 2366 2027 2421 2

456 2460 544 2514 ubi
583 2462 714 2516 ordo
745 2464 768 2515 ?
800 2463 890 2515 ubi
919 2465 1065 2530 prior.
1089 2463 1183 2516 illa
1221 2462 1470 2516 honestas
1499 2463 1524 2517 Ρ
1556 2458 1745 2514 Nescis
1783 2475 1895 2514 esse
1929 2475 2022 2513 nos

457 2554 658 2621 primos
705 2554 845 2608 inter
894 2553 1066 2608 Iconii
1099 2556 1256 2621 cives,
1309 2563 1578 2624 totamque
1620 2551 1688 2606 ad
1741 2568 1835 2606 nos
1883 2550 2030 2605 urbis

459 2645 845 2699 temulationem
899 2657 1152 2714 spectare,
1207 2663 1388 2716 resque
1452 2655 1664 2700 nostras
1721 2653 2031 2698 cunctorum

456 2737 725 2804 expositas
764 2737 1092 2791 sermonibus
1125 2754 1259 2809 esse,
1298 2739 1404 2792 sive
1437 2738 1549 2794 illa
1587 2739 1770 2808 fausto
1800 2755 1864 2792 ac
1898 2739 2033 2793 omi-

460 2837 586 2880 nato
614 2839 818 2888 euentu.
860 2830 966 2882 sive
999 2846 1144 2883 secus
1173 2830 1473 2885 succedant.
1531 2831 1640 2884 Cur
1674 2847 1797 2900 ergo
1827 2840 1877 2885 te
1913 2831 2030 2898 ipsa

459 2917 657 2970 invidis
719 2917 996 2988 gaudium,
1051 2909 1239 2974 amicis
1299 2937 1420 2975 vero
1467 2920 1916 2989 reprehensionem
1969 2937 2032 2975 ac

455 3006 706 3075 probrum
742 3008 941 3077 prtebes
966 3009 991 3062 .’

533 3183 612 3238 En
633 3195 682 3239 et
703 3201 925 3254 sponsus
953 3185 1120 3242 adest.
1160 3186 1240 3242 En
1269 3188 1458 3242 civium
1494 3188 1615 3257 ﬂos,
1634 3189 1916 3259 tequalium
1937 3190 2030 3242 de-

460 3291 574 3338 cor,
614 3274 785 3328 Iconii
820 3277 1024 3333 oculus.
1073 3276 1151 3332 En
1192 3288 1312 3332 tuus
1341 3277 1646 3349 Thamyris,
1678 3278 1891 3334 Thecla.
1923 3277 2034 3334 Ex-

458 3382 634 3434 surge,
692 3369 744 3420 in
802 3369 1076 3437 amplexus
1119 3386 1232 3435 rue,
1283 3369 1544 3424 osculare.
1608 3369 1756 3424 Scito
1809 3371 1896 3423 cui
1955 3370 2031 3424 sis

459 3468 798 3525 desponsata,
830 3461 917 3512 cui
940 3461 1266 3528 nuptialibus
1295 3462 1469 3530 pactis
1498 3461 1780 3516 obstricta.
1829 3460 1910 3514 Ne
1943 3477 2032 3529 spe

461 3565 704 3612 vacuum,
738 3566 800 3604 ne
833 3562 1042 3606 tuarum
1064 3562 1326 3624 expertem
1353 3554 1670 3624 gratiarum,
1697 3570 1758 3608 ne
1801 3563 1889 3608 tuo
1922 3555 2034 3622 pri-

461 3637 640 3698 vatum
675 3646 932 3714 colloquio
965 3649 1135 3703 virum
1171 3651 1450 3717 repuleris.

531 3827 826 3900 Thamyris
863 3847 1017 3895 vero,
1066 3836 1160 3902 qui
1206 3841 1262 3888 et
1307 3833 1424 3904 ipse
1470 3834 1680 3900 aderat,
1737 3833 1868 3904 quid
1925 3847 2033 3887 non

465 3924 722 3988 faciebat,
783 3925 912 3994 quid
973 3942 1079 3980 non
1139 3926 1482 3997 loquebatur,
1550 3923 1753 3997 quibus
1798 3925 2033 3981 emolliri

465 4025 691 4069 noverat
756 4017 994 4070 annnam
1053 4025 1215 4087 atque
1262 4035 1293 4073 a
1352 4019 1666 4074 constantia
1737 4029 2036 4088 tenoreque

469 4105 728 4161 inﬂecti?
766 4105 979 4171 Thecla,
1019 4109 1248 4190 _aiebat,
1319 4110 1449 4164 mihi
1498 4109 1832 4181 gratissima,
1905 4109 2035 4163 nnhi

461 4201 777 4268 desponsata
805 4211 960 4271 atque
990 4212 1175 4271 aptata
1203 4202 1225 4256 !
1244 4201 1495 4258 Converte
1528 4214 1794 4272 aspectum
1823 4203 1877 4257 in
1915 4218 2035 4270 pro-

461 4309 582 4345 cum
613 4302 760 4346 tuum
788 4309 806 4347 :
838 4310 1069 4348 reverere
1101 4311 1273 4349 vocem
1313 4297 1490 4363 sponsi
1522 4296 1620 4351 tui.
1660 4294 1791 4348 Veni
1839 4294 1908 4346 ad
1955 4310 2038 4348 me

461 4386 551 4454 qui
595 4403 767 4440 amem
798 4396 867 4450 te,
904 4389 996 4456 qui
1053 4395 1099 4441 te
1152 4388 1398 4458 diligam,
1456 4389 1644 4458 quique
1689 4387 1870 4440 omnia
1920 4402 2036 4439 mea

464 4493 769 4546 omnemque
811 4494 980 4530 meam
1029 4479 1410 4541 substantiam,
1462 4494 1640 4546 meque
1686 4482 1857 4544 ipsum
1915 4492 2036 4529 cum

2127 637 2314 697 τούτῳ
2347 632 2518 701 ἀνδρὶ
2549 634 2647 686 καὶ
2671 636 2875 702 γόητι;
2904 635 3002 688 καὶ
3040 633 3140 687 ἵνα
3174 635 3232 687 τί
3261 634 3408 701 πρὸς
3441 634 3554 701 τὴν
3583 639 3684 690 αὐ-

2127 726 2231 779 τοῦ
2277 724 2500 778 λαλιὰν
2549 724 2664 792 τὴν
2695 725 3038 779 ἀλλόκοτον
3085 725 3310 790 ταύτην
3357 725 3451 778 καὶ
3511 726 3689 793 ξένην

2127 817 2425 884 προσέθου
2474 815 2589 884 τὴν
2619 817 2848 882 ἀχοήν;
2875 818 2998 871 Ἵνα
3055 817 3112 869 τί
3144 815 3394 881 ἐξέστης·
3423 818 3691 881 ἐξαισίαν

2126 912 2353 976 ταύτην
2384 909 2678 963 ἔκστασιν
2709 909 2805 962 καὶ
2829 908 3106 977 φρικτήν;
3132 909 3257 961 Ἵνα
3284 910 3341 961 τί
3384 909 3494 975 ὅλῃ
3523 907 3690 977 ψυχῇ

2127 1000 2320 1054 ὀπίσω
2350 999 2468 1053 τῶν
2493 1001 2692 1068 λόγων
2725 1001 2946 1065 ταύτης
2995 999 3278 1067 ἀπήχθης
3328 997 3437 1065 τῆς
3468 1000 3690 1066 πλανή-

2125 1108 2316 1158 σεως;
2352 1091 2752 1159 Ἐπίστρεψον
2782 1090 2929 1158 πρὸς
2966 1089 3080 1157 τὴν
3105 1089 3564 1158 γεννησαμένην
3595 1107 3685 1152 σε,

2125 1185 2242 1252 τὴν
2271 1184 2777 1252 ἀναθρεψαμένην
2797 1199 2871 1236 σε
2891 1199 2903 1212 ·
2929 1183 3175 1250 ,βλέψον
3193 1183 3342 1248 πρός
3371 1199 3466 1250 με,
3485 1183 3693 1235 τέκνον

2125 1276 2271 1345 ἐμόν
2291 1291 2306 1307 ⁸
2331 1275 2577 1345 φθέγξαι
2605 1277 2751 1342 πρὸς
2783 1275 2886 1344 ἐμὲ
2912 1277 3100 1343 λόγον
3121 1291 3134 1304 ·
3167 1273 3436 1342 φθέγξαι,
3463 1275 3690 1343 σπλάγ-

2125 1386 2278 1437 χνον
2337 1369 2484 1437 ἐμὸν
2506 1407 2522 1434 ,
2586 1367 2682 1422 καὶ
2757 1367 3217 1437 ἀπορῤιψαμένη
3289 1367 3532 1432 ταυτηνὶ
3586 1367 3695 1434 τὴν

2125 1459 2499 1528 παραφορὰν,
2552 1458 2849 1524 ἀνάστηθι
2901 1458 3001 1511 ἐπὶ
3027 1458 3285 1526 βρωτὸν.
3321 1452 3368 1510 ὦ
3417 1459 3690 1527 θύγατερ·

2125 1548 2420 1616 ἀνάστηθι
2444 1549 2543 1604 ἐπὶ
2570 1550 2759 1604 ποτόν
2777 1567 2790 1580 °
2819 1549 2915 1604 καὶ
2949 1550 3048 1603 ἵνα
3083 1550 3139 1602 τί
3167 1549 3354 1615 οὕτως
3375 1549 3695 1616 ἀπονενοη-

2123 1639 2279 1708 μένη
2314 1640 2466 1707 κάθῃ
2492 1658 2510 1706 ;

2200 1730 2285 1800 Πῆ
2318 1731 2417 1799 μὲν
2448 1731 2541 1784 οὖν
2583 1732 2782 1785 οὑτωσὶ
2821 1732 3219 1800 παρακαλοῦσα
3242 1773 3256 1796 ,
3293 1734 3369 1802 πῆ
3397 1733 3455 1786 δὲ
3487 1733 3578 1786 καὶ
3600 1733 3695 1786 αὐ-

2129 1821 2456 1893 στηρότερον
2495 1823 2630 1893 αὐτῇ
2663 1824 2962 1893 χρωμένη,
2991 1825 3126 1878 Ἵνα
3175 1826 3265 1886 τί,
3317 1825 3398 1891 ὡς
3435 1826 3544 1894 μία
3584 1823 3696 1876 τῶν

2055 1892 2098 1948 Β
2125 1892 2420 1980 ἀφρόνων,
2463 1892 2822 1982 ἐπέπληττεν,
2871 1913 3092 1982 ἑαυτῆς
3149 1892 3545 1982 ἀπεγνωκυῖα,
3603 1913 3697 1968 καὶ

2126 2004 2330 2074 ὥσπερ
2385 2005 2808 2060 ἀπολωλεκυῖα
2854 2007 3117 2060 σύνεσιν
3162 2006 3259 2059 καὶ
3319 2007 3566 2073 βουλὴν
3590 2023 3697 2059 πα-

2120 2099 2394 2167 ραλόγως
2448 2097 2670 2152 οὑτωσὶ
2717 2096 2902 2166 πάθῃς
2952 2098 3272 2166 Αιδέσθητι
3298 2099 3528 2168 μητέρα
3577 2097 3699 2152 δια-

2128 2185 2502 2257 τρεπομένην
2552 2187 2643 2268 έν.
2675 2187 2808 2240 σοί·
2857 2187 3167 2254 αἰδέσθητι
3213 2189 3551 2256 συγγενεῖς,
3607 2191 3697 2257 φί-

2128 2281 2298 2344 λους,
2333 2277 2631 2346 ὁμήλικας
2660 2293 2673 2307 ·
2735 2279 3091 2346 αὶσχύνθητι
3118 2278 3187 2331 έκ
3219 2278 3545 2346 προσώπου
3586 2277 3699 2330 τῶν

2129 2367 2260 2423 σῶν
2284 2367 2554 2423 οἰκετῶν.
2582 2369 2708 2422 Ποῦ
2730 2369 2796 2422 τὸ
2831 2367 3151 2436 παρθένοις
3175 2369 3408 2437 πρέπον
3440 2371 3698 2438 ἐρύθημα

2131 2460 2242 2529 τῆς
2277 2460 2519 2527 αὶδοῦς;
2549 2461 2668 2514 ποῦ
2708 2460 2773 2514 τὸ
2819 2461 3124 2530 βάδισμα;
3153 2461 3271 2515 ποῦ
3303 2463 3339 2529 ἠ
3373 2463 3700 2530 σεμνότηςς

2131 2552 2250 2607 ποῦ
2285 2553 2323 2620 ἠ
2355 2551 2544 2618 τάξις,
2572 2553 2671 2605 καὶ
2713 2554 2750 2620 ἡ
2792 2553 3048 2621 προτέρα
3073 2554 3432 2621 κοσμιότης;
3477 2556 3593 2606 Οὐκ
3621 2549 3700 2605 οἳ..

2132 2649 2251 2700 σθα
2277 2645 2357 2710 ὡς
2385 2644 2603 2712 πρῶτοι
2642 2642 2762 2698 τῶν
2802 2643 3099 2700 Ἰκονιέων
3121 2644 3310 2714 ἡμεῖς,
3347 2646 3442 2698 καί
3474 2648 3506 2698 ό
3527 2644 3699 2711 ζῆλος

2131 2737 2243 2807 τῆς
2266 2738 2497 2804 πόλεως
2523 2737 2674 2806 πρὸς
2704 2737 2862 2806 ἡμᾶς
2891 2737 3035 2803 ὅλος
3055 2777 3070 2802 ,
3103 2737 3201 2790 καὶ
3224 2738 3295 2792 τὰ
3328 2737 3582 2805 ἡμέτερα
3608 2735 3702 2790 λά·

2131 2833 2293 2897 λημα
2317 2829 2526 2892 πᾶσιν,
2571 2829 2692 2883 εἴτε
2717 2828 2931 2894 δεξιῶς
2950 2869 2964 2891 ,
2999 2829 3119 2883 εἴτε
3148 2826 3262 2884 οὖν
3288 2829 3504 2896 ἑτέρως
3545 2829 3700 2896 Exue;

2133 2923 2236 2976 Διὰ
2288 2921 2346 2974 τί
2391 2917 2506 2976 οὖν
2529 2961 2544 2986 ,
2604 2920 2802 2991 χάρμα
2843 2921 2960 2990 μέν
3019 2920 3137 2988 τοῖς
3196 2922 3650 2986 βασκαίνουσιν
3679 2959 3696 2983 ,

2134 3015 2389 3083 ἔλεγχον
2416 3012 2486 3066 δέ
2519 3013 2619 3066 καὶ
2659 3012 2891 3080 ὄνειδος
2943 3012 3068 3080 τοῖς
3105 3015 3308 3083 φίλοις
3347 3013 3694 3081 ἐμπαρέχεις

2133 3104 2370 3172 σαυτήν
2385 3123 2406 3170 ;
2993 3127 3008 3136 -

2223 3196 2379 3251 Ἰδού
2408 3211 2508 3250 σοι
2541 3193 2642 3248 καὶ
2671 3197 2704 3249 ὀ
2725 3194 3028 3265 μνηστήρ.
3083 3193 3239 3250 Ἰδοὺ
3268 3194 3334 3248 τὸ
3375 3194 3561 3256 ἄνθος
3591 3191 3701 3246 τῶν

2135 3289 2415 3354 πολιτῶν,
2443 3287 2510 3343 τὸ
2540 3288 2770 3352 κάλλος
2812 3286 2926 3341 τῶν
2974 3288 3302 3356 ὁμηλίκων,
3339 3289 3372 3340 ὁ
3424 3286 3530 3340 τοῦ
3569 3286 3698 3338 Ἰκο-

2130 3381 2266 3434 νίου
2326 3380 2666 3449 ὀφθαλμός·
2709 3370 2840 3433 ἰδοὺ
2898 3381 2930 3432 ὀ
2977 3379 3090 3444 σὸς
3148 3377 3438 3446 Θάμυρις,
3485 3376 3699 3430 Θέκλιι*

2131 3471 2449 3539 ἀνάστηθι,
2483 3471 2759 3525 άσπασαι
2783 3471 2989 3525 αὐτόν.
3012 3469 3206 3524 Γνῶθι
3237 3469 3344 3522 τὸν
3370 3466 3704 3538 νυμφευσὰο

2127 3580 2333 3632 μενον,
2347 3562 2456 3615 τὸν
2477 3559 3069 3631 κατεγγυησάμενον·
3081 3560 3167 3630 μὴ
3187 3561 3367 3613 κενὸν
3397 3559 3516 3612 τῶν
3541 3556 3703 3611 ἐλπί-

2131 3653 2272 3717 δων,
2297 3651 2384 3721 μὴ
2419 3652 2540 3705 τῶν
2568 3651 2700 3706 σῶν
2727 3652 2976 3721 ἄμοιρον
3000 3653 3276 3720 χαρίτων.
3313 3650 3412 3704 καὶ
3448 3648 3557 3718 τῆς
3584 3646 3698 3715 σῆς

2133 3743 2498 3814 ἀποπέμψεις
2521 3743 2904 3811 ἀστοχοῦντα
2943 3740 3347 3810 προσλαλιᾶς.

2203 3837 2448 3906 Θάμυρις
2479 3836 2536 3890 δὲ
2563 3835 2752 3906 παρὼν
2779 3836 2874 3890 καὶ
2903 3835 3085 3900 αὐτὸς,
3117 3835 3171 3888 τί
3201 3835 3298 3903 μὲν
3337 3835 3438 3888 οὒκ
3469 3834 3620 3903 ἔδρα,
3652 3828 3703 3884 τι

2134 3926 2180 3980 δ’
2213 3927 2274 3980 οὐ
2307 3927 2630 3998 προσελὰὴι
2683 3928 2789 3981 τῶν
2811 3923 2922 3980 ’ὅπα
2967 3926 3200 3996 χαυνοῦν
3239 3923 3347 3978 οἶδε
3397 3927 3492 3978 καὶ
3541 3941 3703 3976 κατα-

2140 4019 2432 4089 μαλάττειν
2452 4019 2652 4089 ψυχήν;
2674 4020 2890 4082 Θέκλα,
2914 4020 3111 4088 λέγων,
3132 4019 3260 4088 ἐμοὶ
3285 4017 3700 4086 κεχαρισμένη,

2134 4112 2263 4182 ἐμοὶ
2315 4101 2707 4182 ήρμοσμένη,’
2751 4113 2846 4165 καὶ
2903 4108 3486 4180 νυμφοστολουμένη
3542 4107 3665 4175 ἐμοι
3684 4121 3696 4134 ·

2135 4205 2506 4273 ἐπίστρεψον
2550 4205 2615 4258 τὸ
2641 4204 2884 4272 βλέμμα
2920 4203 3070 4271 πρὸς
3102 4200 3424 4272 μνηστῆρα
3452 4201 3556 4255 τὸν
3572 4201 3702 4254 σόνο

2136 4295 2441 4362 αὶδέσθητι
2496 4295 2702 4365 φωνῆς
2730 4296 2996 4364 νυμφίου
3036 4295 3143 4348 τοῦ
3171 4294 3286 4349 σοῦ
3307 4309 3322 4324 °
3355 4293 3535 4364 γενοῦ
3563 4291 3704 4360 πρὸς

2136 4388 2282 4456 ἐμοῦ
2317 4388 2422 4442 τοῦ
2454 4369 2860 4457 πεφιληκότος
2912 4403 3007 4453 σε,
3066 4387 3172 4441 τοῦ
3206 4388 3584 4454 ἡταπηκότος
3612 4401 3700 4447 σε,

2139 4479 2237 4532 καὶ
2267 4479 2466 4532 πάντα
2497 4478 2568 4531 τὰ
2595 4476 2729 4546 ἐμὰ,
2788 4476 2887 4531 καὶ
2923 4475 3132 4531 πᾶσαν
3180 4475 3401 4543 κτῆσιν
3458 4477 3554 4530 καὶ
3602 4477 3704 4530 ὕπ-

465 4565 733 4629 omnibus,
768 4567 870 4620 tuis
911 4567 1153 4620 manibus
1191 4568 1426 4622 credam.
1481 4566 1812 4629 Convertere,
1847 4576 1895 4620 et
1925 4564 2031 4619 vide

2141 4567 2315 4636 αρειν
2335 4609 2350 4634 ,
2400 4566 2498 4620 καὶ
2547 4565 2810 4636 ἐμαυτὸν
2841 4565 2992 4633 πρὸς
3029 4564 3149 4631 τοῖς
3180 4563 3354 4626 πᾶσι,
3410 4563 3539 4628 ταῖς
3570 4562 3702 4627 σαῖς

467 4666 614 4708 tuum
673 4658 983 4726 Thamyrin,
1049 4657 1266 4723 Thecla,
1331 4660 1479 4728 eique
1551 4658 1691 4727 loqui
1757 4657 2038 4726 dignare;

464 4749 672 4804 eosdem
702 4752 1059 4820 percipiamus
1091 4751 1231 4806 sales
1260 4769 1280 4817 ;
1314 4768 1399 4816 ac,
1427 4751 1474 4804 si
1504 4749 1666 4812 lubet,
1696 4765 1833 4803 nunc
1858 4749 2041 4802 statim

472 4859 719 4898 ranamus
755 4845 1103 4914 hymenteum.
1144 4843 1239 4897 Sin
1296 4851 1471 4897 autem
1521 4859 1682 4914 neque
1729 4847 1825 4894 hoc
1874 4841 2038 4903 lubet,

468 4935 587 4989 iube
642 4937 792 4998 mihi,
850 4945 899 4989 et
961 4937 1164 4991 veniam
1220 4935 1288 4989 ad
1338 4935 1901 5004 le;quemadmodum
1946 4950 2040 5004 ego

469 5039 615 5081 tutus
647 5044 763 5081 sum
795 5039 850 5081 ut
887 5029 1263 5098 tibiplaceam.
1300 5040 1404 5082 tua:
1437 5029 1696 5098 obsequar
1748 5027 2034 5092 voluntati,

468 5133 558 5173 tuo
601 5119 862 5176 desiderio
919 5132 1060 5176 totus
1117 5131 1294 5176 tenear
1333 5139 1351 5186 ;
1385 5121 1542 5176 modo
1597 5137 1768 5174 vocem
1799 5118 2038 5181 audiam,

469 5209 624 5269 modo
667 5210 1032 5265 dulcissimam
1080 5213 1211 5265 mihi
1245 5213 1656 5281 fabulationem,
1715 5209 1870 5263 modo
1915 5225 2041 5261 con-

466 5301 646 5354 silium
674 5311 819 5354 tuum
839 5305 1086 5370 sentiam,
1118 5305 1268 5358 modo
1300 5320 1404 5358 non
1425 5303 1644 5356 surdum
1675 5301 1744 5354 ad
1767 5311 1815 5354 te
1845 5301 2045 5369 ingres-

467 5410 604 5451 sum.
641 5411 743 5448 non
776 5413 1003 5468 vanum,
1037 5413 1142 5450 non
1174 5399 1406 5464 inanem,
1457 5413 1486 5449 o
1518 5395 1858 5456 charissima,
1891 5392 1961 5445 ad
1993 5401 2040 5446 te

471 5489 600 5541 mihi
632 5491 866 5557 prtebeas
902 5489 1207 5544 adventum.

542 5747 726 5816 Neque
775 5748 859 5804 his
906 5749 1174 5803 duntaxat
1225 5750 1431 5813 verbis,
1484 5750 1578 5806 sed
1604 5759 1656 5804 et
1705 5751 1928 5804 nutibus
1974 5750 2040 5804 ad

471 5839 854 5897 inﬂectendutn
883 5845 1126 5898 animum
1152 5844 1474 5914 compositis
1517 5844 1740 5900 allicere
1784 5845 2035 5910 studens,

2141 4659 2568 4729 ἐγχειρίζοντος
2624 4659 2860 4726 χερσίν.
2901 4657 3322 4725 Ἑπίστρεψον,
3355 4655 3453 4710 καὶ
3483 4656 3572 4708 ἴδε
3606 4653 3706 4706 τὸν

2139 4750 2256 4804 σὸν
2287 4751 2570 4819 Θάμυριν,
2609 4748 2824 4812 Θέιιλα,
2883 4748 2982 4801 καὶ
3029 4748 3217 4816 λόγου
3261 4747 3522 4816 μετάδος
3549 4763 3561 4776 ·
3613 4741 3704 4795 και

2138 4839 2303 4893 ἁλῶν
2325 4839 2719 4909 μετάσχωμεν
2754 4837 2871 4891 τῶν
2912 4836 3144 4896 αὐτῶνθ
3193 4837 3316 4899 καὶ,
3371 4840 3422 4891 εὶ
3469 4836 3706 4901 βούλει.

2138 4933 2352 4986 αὐτίκα
2382 4932 2498 4985 νῦν
2519 4931 2753 4998 ᾄδωμεν
2774 4929 2881 4983 τὸν
2916 4929 3221 4997 ὑμέναιον.
3256 4929 3325 4980 El
3354 4927 3405 4980 δ’
3436 4922 3549 4980 οὖν
3577 4924 3708 4977 οὔτε

2139 5038 2239 5075 σοι
2275 5021 2460 5091 φίλον
2507 5020 2703 5083 τοῦτο,
2733 5017 3046 5079 σύνταξον
3093 5014 3248 5084 ἐμοὶ,
3279 5014 3377 5067 καὶ
3415 5012 3540 5080 ἥξω
3568 5011 3709 5077 πρὸς

2141 5112 2216 5168 σέ
2239 5130 2250 5140 ·
2297 5113 2374 5177 ὡς
2401 5112 2583 5179 ἔγωγε
2612 5108 2722 5176 τῆς
2752 5108 2872 5175 σῆς
2915 5107 3058 5172 ὅλος
3087 5105 3434 5174 ἀρεσκείας,
3466 5101 3570 5154 τοῦ
3599 5097 3708 5152 σοῦ

2141 5201 2495 5268 θελήματος,
2516 5197 2741 5263 καὶτῆς
2774 5195 3094 5264 ἐπιθυμίας
3119 5193 3263 5258 ὅλος
3292 5191 3407 5259 ειμι
3441 5189 3550 5256 τῆς
3574 5185 3706 5252 σῆςο

2141 5295 2329 5359 μόνον
2362 5292 2607 5344 ἀκούσω
2633 5287 2869 5358 φωνῆς⁶
2921 5288 3116 5356 μόνον
3165 5283 3276 5353 τῆς
3307 5283 3560 5348 ἡδίστης
3587 5277 3706 5350 ἐμοὶ

2142 5381 2385 5449 λαλιᾶς·
2417 5380 2526 5449 τῆς
2546 5379 2787 5449 βουλῆς
2824 5381 3019 5448 μόνον
3057 5378 3382 5443 αἰσθοίμην
3430 5373 3540 5441 τῆς
3573 5371 3708 5436 σῆς.

2139 5477 2343 5530 Μόνον
2365 5473 2451 5542 μὴ
2483 5471 2692 5541 κωφὴν
2717 5471 2831 5539 τὴν
2867 5471 2948 5536 ὠς
2987 5470 3062 5524 σέ
3096 5469 3363 5530 εἴσοδον,
3388 5468 3473 5539 μὴ
3505 5465 3706 5531 κενὴν,

2136 5567 2223 5636 μὴ
2273 5566 2622 5632 ἀνήνυτον,
2681 5559 2728 5619 ὦ
2763 5564 3053 5633 φιλτάτη,
3105 5561 3577 5632 παρασκευάσῃς
3611 5573 3708 5626 μοι

2145 5660 2260 5723 τὴν
2287 5657 2647 5724 παρουσίαν.

2215 5751 2324 5805 Καὶ
2350 5749 2411 5802 οὐ
2445 5749 2604 5818 μόνον
2634 5745 2844 5809 τούτοις
2869 5749 2977 5808 τοῖς
3015 5746 3276 5817 ῥήμασιν,
3309 5743 3445 5798 ἀλλὰ
3468 5742 3558 5794 καὶ
3589 5739 3708 5792 vsti-

2148 5860 2278 5913 μασι
2304 5842 2700 5912 δυσωπητικοῖς
2726 5838 3022 5895 ὲπικλίνειν
3051 5839 3244 5908 δοκῶν,
3273 5839 3407 5894 ἀλλὰ
3438 5838 3527 5892 καὶ
3552 5835 3704 5906 φιλή-
