4008 6574
265 411 378 478 3θ9

1127 399 1414 474 ORATIO
1443 412 1597 474 XVI.
1638 438 1706 450 —
1766 415 1845 474 ΙΝ
1883 416 2195 478 LAUDEM
2249 417 2311 478 S.
2351 416 2686 478 THECL/E.

3421 409 3535 474 ΒΗ·

267 541 401 596 μασι
423 521 783 594 χαυνωτικοῖς
802 536 818 552 ·
848 519 1034 592 ἠρέμα
1062 520 1119 574 δὲ
1145 522 1239 576 καὶ
1269 521 1370 592 τῆς
1397 520 1592 593 ὀθόνης
1619 521 1848 592 ἑπαφώ-
1878 543 1892 582 Α

1982 523 2047 577 ed
2072 531 2127 579 et
2152 522 2410 579 mollibus
2439 521 2646 578 osculis
2667 565 2683 590 ,
2730 519 2936 576 sensim
2965 536 3096 577 vero
3122 522 3287 577 etiam
3328 540 3526 596 appre-

266 632 450 688 μενος,
475 613 574 667 καὶ
599 612 738 684 πρὸς
771 612 966 665 ἑαυτὸν
995 611 1383 682 ἐφελκόμενος,
1420 613 1701 682 Ἕτειραι,
1735 613 1848 683 φά-

264 723 480 778 γωμεν,
521 704 744 774 ελεγενο
791 702 946 774 τάχα
975 704 1088 773 γὰρ
1117 703 1220 758 καί
1261 705 1302 774 ἠ
1329 704 1534 760 ἀσιτία
1571 704 1637 759 τὸ
1690 705 1850 760 πολὺ

262 799 443 870 μέρος
467 798 841 865 (ἐξέστησεν⁸
875 795 1168 866 τραπέζης
1200 796 1272 850 δὲ
1298 799 1720 868 μετασχοῦσα,
1752 797 1852 852 καὶ

262 889 675 961 ἁγαθυνθεῖσα
701 888 818 958 τὴν
851 888 1125 957 καρδίαν,
1157 889 1380 956 ἑαυτῆς
1419 891 1560 959 ἔσῃ,
1603 891 1704 944 καὶ
1746 891 1854 944 τόν

264 985 453 1052 γόητα
480 982 699 1037 τοῦτον
723 981 916 1050 ἄνδρα
939 981 1040 1036 καί
1065 980 1357 1051 πονηρὸν,
1383 983 1466 1048 ὡς
1495 982 1732 1050 ἀλήτην
1752 982 1853 1036 καί

265 1076 510 1130 πλάνον
551 1074 1032 1144 ἀποσεισαμένη.
1060 1075 1249 1141 οὕτως
1298 1075 1542 1142 τελείως
1593 1073 1854 1146 ἀνακάμ-

267 1172 409 1238 ψεις
438 1167 587 1239 ἡμῖν
611 1184 625 1198 ·
666 1168 765 1222 καὶ
803 1169 912 1223 τὸν
938 1167 1221 1238 γαμεταῖς
1251 1167 1644 1238 προσήκοντα
1667 1170 1856 1222 πόθον

267 1263 422 1332 πρὸς
477 1261 639 1332 ἡμᾶς
693 1260 1195 1331 ἀνανεωσαμένη,
1251 1259 1364 1329 τῆς
1412 1261 1856 1330 νενομισμένης

267 1356 495 1410 αὐτίκα
520 1354 936 1425 συγκυρήσεις
959 1354 1221 1422 ὁμιλίας.

339 1449 410 1502 Τί
437 1447 533 1502 οῦν
582 1450 616 1518 ἡ
653 1448 956 1514 παρθένο;;
989 1442 1080 1518 ἆρ’
1116 1445 1386 1516 ἐπέϐλεψε
1430 1445 1569 1516 πρὸς
1607 1445 1707 1518 τὴν
1749 1463 1855 1516 μη-

267 1541 452 1612 τέρας
489 1537 598 1610 ἆρα
621 1539 700 1609 τῷ
737 1540 1000 1610 μνήστορι
1054 1538 1395 1610 προσέσχεν;
1431 1533 1544 1604 ἆρά
1573 1555 1719 1602 τινος
1747 1537 1858 1590 τῶν

266 1631 498 1686 οἰκείων
530 1631 564 1701 ἦ
597 1631 766 1699 φίλων
798 1629 1118 1700 ὴττηθεῖσα,
1166 1628 1228 1683 τὸ
1258 1627 1360 1696 τῆς
1409 1627 1724 1698 ἀκροάσεως
1767 1629 1858 1681 ὲν-

267 1727 580 1797 τεταμένον
615 1723 992 1794 ὑπεχὰλασεν;
1022 1720 1291 1792 Οὐδαμῶς
1310 1735 1324 1750 ⁸
1353 1719 1546 1790 ὥσπερ
1569 1719 1627 1772 δὲ
1653 1718 1859 1790 ὀρνέων

270 1824 448 1893 ἠχὴν,
480 1823 515 1893 ἢ
543 1823 816 1892 σωμάτων
836 1819 1063 1891 ἀψύχων
1087 1816 1262 1889 ψόῴν
1291 1818 1390 1880 τὰς
1417 1817 1672 1880 τοιαύτας
1700 1817 1862 1887 ἡγου-

271 1914 418 1984 μένη
448 1912 785 1985 πῳσλαλιάς
809 1953 824 1977 ,
879 1915 975 1966 καὶ
1013 1911 1206 1981 ὥσπερ
1251 1909 1309 1963 δὲ
1351 1908 1580 1978 θάμνος,
1623 1907 1862 1981 ἥπέτρα

273 2005 576 2079 βαθύριζος
600 2047 616 2071 ,
650 2007 764 2068 τοῖς
795 2004 1050 2058 ἕλκουσιν
1081 2002 1181 2072 οὐχ
1224 2003 1468 2072 ἑπομένη
1492 2040 1508 2065 ,
1554 1999 1727 2071 μόνης
1754 1999 1864 2053 τῶν

270 2097 457 2165 λόγων
510 2096 727 2151 Παύλου
773 2096 873 2167 τῆς
905 2095 1129 2167 χάριτος
1158 2094 1219 2148 ὲν
1263 2094 1510 2164 ἠρεμαίᾳ
1552 2091 1646 2146 νοῦ
1695 2109 1868 2147 κατα-

272 2193 491 2258 στάσει,
513 2191 611 2244 καὶ
641 2189 995 2261 συναισθήσιι
1021 2187 1296 2260 κατήκουε
1320 2186 1520 2258 ψυχῆς.

352 2371 473 2425 Καὶ
517 2365 588 2443 ἦν
633 2371 787 2438 ἀξιον
852 2371 1025 2437 ὅντως
1069 2371 1132 2427 τὸ
1184 2370 1476 2442 γινόμενον
1533 2369 1868 2440 ἐκπλήξεως.

275 2467 552 2539 ’τρυφερὰ
585 2467 746 2539 κόρη,
796 2467 1067 2538 ἀμνθήτῳ
1093 2465 1284 2520 κάλλει
1313 2464 1411 2520 καὶ
1439 2463 1734 2535 ὡραιότητι
1765 2462 1871 2517 σώ-

278 2577 460 2630 ματος
491 2561 673 2623 πάσας
709 2561 1018 2632 ἀνθρώπων
1045 2559 1147 2625 τὰς
1197 2557 1508 2628 θυγατέρας
1537 2556 1870 2626 παρευδοκι-

277 2648 491 2719 μοῦσα,
535 2650 595 2702 ιν
625 2649 776 2719 αύτῷ
800 2651 900 2718 τῆς
947 2649 1165 2721 ἡλικίας
1190 2649 1268 2720 τῷ
1306 2645 1481 2710 ἀνθει,
1509 2646 1568 2698 ὲν
1601 2643 1738 2714 αὐτῇ
1773 2643 1868 2710 τῆς

274 2740 542 2808 νεότητος
587 2741 654 2810 τῇ
697 2740 882 2810 ἀκμῇ·
943 2741 1036 2793 καὶ
1067 2741 1177 2812 γὰρ
1215 2734 1284 2809 ἦν
1311 2735 1619 2806 ἐπίγαμος,
1654 2734 1734 2797 είς
1775 2734 1875 2802 ἐφ-

276 2831 458 2900 ήϐους
481 2831 585 2901 ἤδη
608 2830 856 2884 τελοῦσα·
878 2834 971 2884 καὶ
999 2831 1160 2904 αῦτη,
1192 2832 1328 2901 μήτε
1359 2830 1603 2898 Γραφαῖς
1630 2843 1867 2897 προπαι-

276 2923 561 2986 δευθείσα,
607 2926 747 2995 μήτε
777 2926 928 2994 νόμῳ
952 2925 1088 2978 Θεοῦ
1112 2925 1208 2978 καὶ
1253 2923 1568 2994 προφήταις
1594 2920 1868 2988 παιδαγω-

278 3016 522 3084 γηθεῖσα
541 3055 557 3080 ,
590 3017 666 3080 ὡς
696 3018 856 3088 μόνον
887 3018 987 3088 τῆς
1019 3016 1385 3085 εύαγγελικῆς
1417 3012 1689 3086 ὲπῄσθετο
1717 3013 1876 3082 φθογο

280 3111 417 3178 γῆς.
446 3109 542 3162 καὶ
573 3107 778 3180 ταύτης
802 3110 862 3162 οὐ
896 3111 1017 3163 κατ’
1068 3109 1304 3170 εὐθεῖαν,
1356 3106 1472 3159 ἀλλ’
1522 3107 1586 3158 ὲκ
1639 3105 1876 3171 πλαγίας

283 3202 382 3253 ἐπ’
431 3199 602 3270 αὐτὴν
643 3199 851 3270 ίούσης,
911 3199 1105 3269 ἐξέστη
1139 3198 1239 3268 μὲν
1283 3198 1522 3268 στοργῆς
1556 3194 1832 3266 μητρικῆς
1857 3211 1871 3226 ·
1902 3241 1943 3297 C

285 3292 490 3360 ἑξὲστη
542 3291 598 3344 δὲ
631 3293 810 3363 πάσης
844 3292 1142 3362 ἐπιθυμίας
1199 3291 1424 3359 σαρκός.
1461 3288 1535 3342 Οὐ
1584 3289 1744 3357 μόνον
1793 3286 1873 3352 δὲ,

286 3385 435 3439 ἀλλά
464 3386 559 3438 καὶ
588 3386 788 3454 ἑαυτῆς
819 3385 1061 3438 ὲκστᾶσα
1093 3383 1170 3454 τῷ
1198 3381 1492 3452 πνεύματι,
1539 3380 1633 3434 καὶ
1668 3379 1880 3449 διανοίᾳ

286 3477 522 3547 καθαρᾷ
551 3477 646 3530 καὶ
681 3475 994 3546 πιστοτάτῳ
1019 3473 1101 3530 νοτ
1126 3515 1140 3538 ,
1171 3473 1264 3527 τδν
1313 3468 1772 3540 εύαγγελισθέντα
1801 3467 1877 3521 λό·

288 3587 395 3637 γον
425 3569 590 3632 εὐθὺς
618 3568 975 3638 είσδεξαμένη
998 3583 1012 3598 ο
1074 3568 1134 3620 ὲν
1181 3567 1352 3637 ἑαυτῇ
1383 3565 1439 3620 δὲ
1473 3563 1690 3618 τοῦτον·
1722 3561 1882 3632 ἐδρά-

290 3678 466 3727 σασα,
501 3661 595 3715 καὶ
635 3658 961 3730 ὲδρασθεῖσα
997 3657 1208 3728 παγίως
1241 3657 1300 3711 ὲν
1329 3655 1480 3728 αύτῷ
1500 3696 1515 3720 ,
1566 3653 1750 3725 ὡρᾶτο
1783 3652 1881 3722 μὲν

290 3755 396 3807 ἐπὶ
421 3753 524 3822 γῆς
557 3747 716 3813 οὖσα.
747 3753 860 3814 τοῖς
893 3749 1045 3804 οὖσιν
1076 3750 1140 3803 ἐκ
1183 3751 1286 3820 γῆς
1307 3764 1320 3778 ο
1355 3743 1424 3819 ἦν
1453 3747 1511 3801 δὲ
1546 3747 1605 3800 ὲν
1630 3746 1883 3816 οὐρανοῖς

291 3850 540 3921 ἀληθῶς,
570 3851 665 3901 καὶ
697 3848 806 3900 τῶν
839 3847 1000 3917 ἱερῶν
1042 3844 1259 3898 Παύλου
1312 3843 1533 3910 λογίων,
1569 3842 1644 3904 ὡς
1679 3841 1744 3894 ὲκ
1785 3839 1882 3894 τοῦ

293 3942 700 4015 ὑπερουρανίου
745 3939 884 3994 Θεοῦ
943 3937 1354 3996 κατακούσασα.
1417 3935 1677 4004 οὐδεμιᾶς
1726 3933 1882 4004 ἠξίου

293 4043 430 4097 τοὺς
471 4035 581 4089 ἀπὸ
623 4035 726 4104 γῆς
755 4031 1070 4102 φωνοῦντας
1103 4028 1460 4100 ὲπιστρτφῆς.
1495 4023 1885 4096 Καὶικαθάπερ

221 4115 226 4126 ’
298 4131 468 4199 ἡμεῖς
503 4129 634 4199 περὶ
664 4127 774 4180 τῶν
831 4122 1144 4192 ἀναγκαίων
1179 4120 1324 4182 τινὸς
1380 4119 1517 4190 πρὸς
1550 4117 1661 4170 τῶν
1713 4118 1885 4188 ύπερ-

301 4223 540 4290 εχόντων
589 4221 748 4292 ήμῶν
815 4215 1356 4288 παραγγελλόμενα,
1435 4211 1645 4282 νηπίων
1715 4210 1886 4263 ἐνίοτε

305 4311 774 4382 παραληρούντων
817 4309 1092 4378 εἰώθαμεν
1119 4306 1516 4377 παραφρονεῖν,
1548 4303 1636 4356 ἵνα
1681 4303 1756 4374 μὴ
1791 4300 1887 4354 τοῦ

306 4404 619 4474 κρείττονος
663 4400 823 4465 λόγου
879 4399 1309 4468 διαμάρτωμεν·
1341 4394 1518 4455 οὕτως
1561 4395 1595 4464 ἠ
1645 4390 1888 4464 μακαρία

313 4495 610 4565 παρθένος.
661 4493 783 4545 ὅλον
811 4490 1134 4561 ἀκραιφνῶς
1163 4489 1251 4542 διὰ
1279 4487 1625 4560 θερμοτάτης
1649 4484 1891 4545 πίστεως

1953 617 2126 671 henso
2157 617 2327 672 linteo
2379 616 2447 671 ad
2497 630 2665 686 seque
2713 614 2959 680 trahens,
3023 614 3213 687 Surge,
3273 617 3524 683 edamus,

1954 709 2152 772 aiebat,
2185 709 2320 778 forte
2357 725 2472 764 vero
2499 708 2681 762 inedia
2729 724 2971 778 magnam
3019 719 3225 778 partem
3258 723 3528 780 stuporem

1952 801 2152 870 injecit.
2191 799 2289 855 Ubi
2333 809 2508 855 autem
2555 817 2748 856 mensa:
2800 801 3088 870 particeps,
3157 800 3372 856 metiare
3410 802 3530 872 jam

1954 895 2131 947 animo
2167 893 2313 962 facta
2348 893 2538 962 fueris,
2572 902 2665 947 tua
2691 893 2855 960 ipsius
2893 894 3018 956 eris,
3072 893 3312 964 [tuncque
3363 895 3535 948 virum

1954 984 2400 1053 pra'stigiatorem
2453 1000 2516 1037 ac
2565 985 2964 1052 nequissimum,
3021 983 3157 1037 velut
3205 983 3533 1038 seductorem

1954 1075 2272 1146 planumque
2305 1076 2634 1142 submovent,
2676 1079 2754 1132 sic
2791 1077 3018 1146 perfecte
3071 1076 3140 1130 ad
3167 1094 3262 1131 nos
3308 1078 3530 1142 redibis,

1957 1167 2360 1238 instauratoque
2396 1184 2578 1222 amore
2613 1168 2902 1240 conjugali,
2937 1177 3244 1223 consuetum
3275 1169 3534 1224 sermonis

1957 1275 2112 1312 nsum
2138 1261 2384 1314 continue
2413 1261 2769 1328 recuperabis.

1985 1432 1988 1434 ’
2031 1439 2173 1506 Quid
2225 1441 2392 1513 igitur
2433 1441 2641 1511 virgo?
2690 1439 2827 1496 Num
2875 1442 2939 1495 ad
2969 1448 3197 1494 matrem
3253 1439 3545 1510 respexit?
3629 1426 3635 1432 ’

1959 1528 2097 1586 Num
2142 1531 2210 1584 ad
2254 1546 2480 1600 procum
2517 1531 2760 1586 animum
2813 1533 3046 1586 attendit
3073 1533 3096 1585 ?
3123 1532 3262 1586 Num
3310 1532 3408 1585 ulli
3447 1547 3539 1587 ce-

1960 1620 2097 1676 dens
2139 1621 2580 1675 necessariorum
2619 1630 2714 1675 aut
2749 1623 3078 1684 amicorum,
3128 1621 3349 1675 auditus
3394 1621 3538 1690 rigo-

1963 1725 2076 1763 rem
2122 1709 2392 1764 relaxavit
2417 1710 2440 1762 ?
2469 1708 2827 1780 Nequaquam
2861 1725 2877 1775 ;
2911 1711 3006 1764 sed
3052 1706 3224 1762 velut'
3249 1721 3540 1777 passercu-

1965 1800 2143 1854 lorum
2196 1799 2460 1856 stridulas
2522 1816 2704 1862 voces,
2767 1799 3202 1870 inanimiumque
3247 1812 3538 1866 corporum

1966 1889 2233 1962 fragorem
2297 1891 2605 1946 istiusmodi
2657 1892 2822 1947 verba
2855 1891 3247 1962 alloquentinm
3295 1891 3541 1956 ducens;

1965 1983 2062 2040 sed
2106 1991 2162 2038 et
2194 1983 2336 2037 sicut
2379 1983 2723 2048 fruticetum,
2761 1994 2856 2038 aut
2898 1992 3051 2053 petra
3105 1983 3215 2038 alta
3295 1982 3542 2036 radicata

1967 2076 2157 2144 humo,
2206 2077 2512 2132 trahentem
2554 2091 2660 2131 non
2700 2077 2974 2146 sequitur,
3028 2076 3202 2132 solam
3249 2075 3543 2130 verborum

1967 2165 2119 2222 Pauli
2186 2168 2439 2240 gratiam,
2501 2169 2802 2238 tranquillo
2878 2167 3078 2221 mentis
3154 2176 3298 2221 statu
3380 2175 3552 2235 atque

1968 2260 2136 2316 animi
2165 2275 2330 2316 sensu
2364 2260 2644 2316 audiebat.

2046 2353 2284 2422 Eratque
2319 2369 2452 2407 sane
2489 2354 2634 2423 quod
2667 2353 2959 2424 gerebatur
2997 2351 3294 2423 ejusmodi,
3327 2359 3388 2404 ut
3426 2360 3548 2404 stu-

1972 2458 2158 2514 porem
2203 2444 2401 2498 merito
2465 2445 2758 2514 ingereret.
2813 2443 3016 2514 Nempe
3062 2444 3239 2514 puella
3291 2442 3544 2504 delicata,

1972 2534 2238 2589 immensa
2257 2533 2670 2595 pulchritudine
2697 2549 2760 2589 ac
2782 2535 3031 2605 corporis
3053 2542 3338 2588 venustate
3357 2546 3549 2586 omnes

1972 2623 2256 2678 hominum
2281 2624 2423 2681 filias
2455 2626 2614 2696 longe
2644 2640 2934 2696 superans,
2966 2626 3020 2680 in
3053 2627 3170 2694 ipso
3192 2625 3372 2680 artatis
3397 2623 3549 2686 ﬂore,

1973 2713 2026 2766 in
2064 2715 2180 2782 ipso
2205 2714 2519 2781 juventulis
2543 2717 2730 2787 vigore
2751 2717 2974 2786 (etenim
3006 2717 3160 2786 virgo
3185 2716 3384 2771 nubilis
3409 2723 3545 2778 erat,

1975 2805 2118 2861 inter
2156 2808 2398 2877 ephebos
2435 2809 2546 2879 jam
2581 2809 2924 2876 constituta),
2970 2809 3194 2878 haecque
3229 2810 3386 2868 adeo.
3427 2823 3554 2862 cum

1974 2914 2076 2953 nec
2123 2911 2251 2954 ante
2285 2901 2589 2972 Scriptor-is
2634 2902 2848 2956 erudita
2894 2902 3107 2967 fuisset,
3159 2918 3257 2956 nec
3313 2901 3402 2955 llei
3437 2901 3555 2968 legit

1975 2997 2137 3057 atque
2161 2993 2440 3059 prophetis
2479 2993 2732 3046 instituta
2755 3033 2771 3057 ,
2805 2993 2894 3045 ubi
2933 2992 3108 3047 Stllllm
3145 2992 3420 3061 Evangelii
3459 3007 3557 3045 sn—

1977 3095 2104 3132 num
2159 3083 2422 3150 percepit,
2459 3097 2694 3151 eumque
2731 3098 2838 3136 non
2887 3091 3054 3143 reita,
3089 3081 3184 3135 sed
3229 3095 3293 3135 es
3330 3081 3557 3148 obliquo

1977 3173 2042 3226 ad
2075 3190 2193 3228 eam
2223 3175 2549 3237 venientem,
2585 3185 2830 3230 materna
2861 3176 3123 3227 continuo
3151 3173 3385 3228 excessit
3410 3187 3554 3224 amo-

1983 3267 2057 3319 ris
2083 3267 2132 3320 vi
2169 3283 2184 3330 ;
2217 3267 2364 3320 omni
2395 3282 2523 3322 vero
2543 3268 2728 3322 carnis
2746 3264 3046 3336 cupiditate.
3069 3266 3307 3319 excessit
3332 3280 3345 3315 :
3380 3279 3558 3332 neque

1983 3359 2033 3413 id
2063 3361 2263 3425 solum,
2300 3359 2394 3414 sed
2423 3367 2477 3415 et
2511 3361 2625 3428 ipsa
2645 3361 2824 3429 seipsa
2855 3360 3123 3415 excedens
3152 3358 3368 3428 spiritu,
3402 3372 3556 3410 men-

1983 3459 2142 3521 teque
2181 3466 2314 3521 pura
2351 3466 2416 3504 ac
2457 3450 2774 3507 fidelissimo
2824 3453 3029 3512 animo,
3068 3465 3232 3519 quam
3269 3448 3554 3510 audierat,

1981 3545 2165 3598 Statim
2199 3553 2415 3614 arrepta
2448 3543 2721 3605 doctrina,
2755 3551 2920 3612 atque
2956 3543 3103 3596 illius
3142 3542 3263 3596 sinu
3309 3539 3414 3592 alte
3445 3539 3558 3591 col—

1984 3637 2181 3701 locata,
2219 3637 2444 3707 ipsaque
2480 3639 2535 3691 in
2569 3637 2658 3690 illa
2686 3635 2914 3690 flrtniter
2943 3635 3312 3697 constabilita,
3341 3631 3560 3685 videba-

1983 3738 2074 3782 tur
2095 3728 2314 3797 quidem
2349 3729 2404 3784 in
2436 3739 2581 3782 terra
2605 3729 2832 3789 versari,
2864 3728 2951 3782 his
2977 3729 3071 3796 qui
3101 3733 3258 3779 erant
3277 3723 3344 3778 de
3369 3734 3511 3777 terra
3541 3763 3558 3785 ,

1985 3837 2111 3876 vere
2157 3832 2337 3876 tamen
2375 3821 2430 3875 in
2482 3822 2636 3878 malis
2689 3820 3032 3882 versabatur,
3086 3818 3368 3886 sacrisque
3407 3812 3560 3868 Pauli

1985 3914 2220 3982 eloquiis
2247 3915 2394 3968 velut
2427 3928 2492 3966 ex
2528 3910 2908 3982 supercaalesti
2958 3910 3067 3964 Deo
3095 3908 3321 3969 auditis,
3369 3922 3436 3961 ne
3479 3906 3569 3960 vei

1989 4005 2272 4059 minimum
2304 4004 2550 4059 converti
2586 4004 2650 4057 ad
2683 4019 2778 4057 eos
2801 4002 3151 4073 dignabatur,
3177 4001 3269 4068 qui
3297 3998 3566 4052 vocabant

1988 4101 2056 4153 de
2088 4108 2253 4155 terra.
2286 4101 2365 4153 Ac
2391 4100 2536 4154 sicut
2576 4099 2698 4161 nos,
2731 4099 2857 4152 dum
2899 4114 2927 4151 a
2964 4096 3100 4151 viris
3133 4096 3474 4166 principibus
3502 4110 3568 4150 ac

1991 4193 2299 4260 majoribus
2346 4193 2777 4247 necrssariorum
2824 4190 3106 4260 quidpiam
3153 4187 3441 4260 jubemur,
3486 4189 3570 4242 in-

1991 4285 2222 4340 fantium
2266 4285 2596 4354 quandoque
2649 4299 2823 4353 nugas
2869 4298 2931 4338 ac
2971 4282 3168 4337 deliria
3218 4291 3570 4336 contemnere

1991 4379 2252 4439 solemus,
2278 4394 2343 4430 ne
2363 4392 2456 4444 per
2475 4377 2562 4429 illa
2584 4376 2808 4442 majoris
2827 4375 3083 4428 momenti
3108 4387 3415 4429 sermonem
3457 4388 3564 4425 non

1993 4472 2128 4525 satis
2159 4483 2521 4538 assequamur
2554 4485 2568 4532 ;
2605 4467 2686 4522 sic
2717 4468 2868 4521 beata
2897 4467 3074 4536 virgo,
3109 4481 3229 4536 qua:
3252 4472 3423 4517 totum
3453 4464 3571 4519 sin-

309 4555 650 4652 ἐλ).α6ομένη
705 4584 798 4636 τὸν
831 4555 1060 4654 Ἰησοῦν,
1111 4555 1358 4642 συνετῶς-
1387 4555 1488 4632 καὶ
1533 4555 1890 4634 πανευλαὸὦς

1995 4576 2118 4616 eere
2141 4560 2544 4615 ferventissimo
2569 4559 2671 4614 fide
2695 4560 2860 4613 animi
2880 4559 3002 4614 sinu
3026 4559 3330 4628 accepisset
3359 4555 3568 4621 Jesnm,

308 4678 499 4746 ὑπεῖχε
529 4674 610 4744 τῷ
642 4674 852 4727 ἐκείνου
901 4674 1105 4743 κήρυκι
1153 4671 1214 4723 τὸ
1249 4666 1362 4733 οῦς,
1418 4670 1507 4723 ἴνα
1553 4671 1666 4732 τοῖς
1723 4666 1890 4721 αὑτοῦ

309 4769 536 4837 λογίοις,
561 4769 622 4821 τὸ
651 4766 745 4820 τοῦ
779 4764 1119 4835 γνωσθέντος
1160 4764 1298 4834 αὐτῇ
1329 4760 1464 4815 Θεοῦ
1489 4761 1702 4830 θέλημα
1731 4759 1894 4828 γνοῦ-

315 4880 405 4922 σα,
433 4862 531 4915 καὶ
564 4859 725 4913 τοῦτο
765 4856 1264 4928 καταπραξαμένη,
1325 4854 1540 4926 βέϐαιον
1596 4854 1758 4922 ἑαυτῇ
1799 4854 1896 4906 καὶ

315 4956 584 5022 ἄτρεπτον
611 4951 674 5004 τὸ
705 4949 959 5020 οὐράνιον
992 4947 1197 5017 ἀγαθὸν
1225 4946 1630 5017 διατηρήσειεν.

385 5133 752 5204 Σωφροσύνην
802 5133 932 5200 γοῦν
959 5130 1057 5183 καὶ¹
1095 5127 1427 5198 ἐγκράτειαν
1449 5168 1463 5191 ,
1495 5124 1768 5194 ἀκτησίαν
1802 5125 1900 5176 καὶ

321 5227 656 5298 παρθενίαν,
713 5225 898 5288 πίστιν
935 5241 996 5276 τε
1030 5222 1127 5276 καὶ
1153 5221 1397 5291 ἀγάπην,
1451 5218 1526 5281 ὡς
1577 5215 1900 5288 βεϐαιοῦντα

321 5320 545 5394 Χριστῷ
583 5319 680 5391 τὴν
711 5319 888 5389 ψυχὴν
921 5315 1282 5372 ὲπακούσασα
1317 5311 1734 5382 μακαριζόμενα
1755 5350 1769 5370 ,
1805 5307 1898 5378 Ep;

321 5434 440 5484 γοις
473 5415 671 5470 αὐτίκα
708 5413 802 5466 καὶ
832 5410 1128 5482 πράξεσιν,
1173 5407 1273 5478 τὴν
1307 5406 1460 5476 ἱερὰν
1511 5402 1704 5476 μετῄει
1755 5402 1901 5455 διδα-

323 5509 425 5579 χὴν
448 5527 460 5540 ο
495 5507 593 5560 καὶ
640 5508 738 5573 τῆς
776 5501 1103 5572 ἐγκρατείας
1148 5498 1484 5569 περιείχετο,
1535 5496 1629 5548 καὶ
1659 5497 1725 5565 τῇ
1759 5510 1903 5564 παρ-

325 5598 477 5668 θενίᾳ
510 5594 884 5667 προσεφύετο,
919 5593 1012 5646 καὶ
1045 5594 1147 5662 τὴν
1177 5589 1446 5659 ἀκτησίαν
1486 5585 1800 5658 ῄρετίζετοο
1834 5583 1900 5636 δι’

326 5684 400 5744 ὧν
431 5691 511 5752 είς
541 5689 726 5742 πίστιν
753 5686 848 5740 τοῦ
887 5683 1258 5754 ἀγαπωμένου
1302 5679 1704 5752 κραταιονμένη
1768 5677 1901 5746 Χρι-

330 5780 477 5846 στοῦ,
510 5780 816 5850 ἐκπληκτος
851 5779 950 5850 μὲν
984 5776 1155 5831 ἐδόκει
1199 5777 1311 5837 τοῖς
1356 5774 1435 5836 εἰς
1467 5770 1636 5840 αὐτὴν
1665 5770 1900 5842 ὁρῶσιν,

331 5874 424 5946 ὅλη
455 5874 513 5928 δὲ
544 5873 653 5945 ἄρα
685 5867 754 5944 ἦν
789 5869 1066 5942 ἒξεστῶσα
1092 5871 1158 5940 τῇ
1187 5866 1392 5938 θεωρίᾳ.
1419 5861 1511 5920 τοῦ
1544 5860 1704 5915 Θεοῦ.

1999 4655 2293 4723 prudenter
2322 4654 2582 4717 omnique
2602 4651 2902 4706 reverentia
2925 4667 2990 4705 ac
3011 4650 3274 4719 religione
3298 4648 3418 4718 ejus
3434 4663 3573 4718 pra:-

1996 4749 2120 4802 coni
2170 4763 2357 4801 aurem
2419 4745 2714 4815 praebebat,
2755 4751 2812 4798 ut
2862 4743 3010 4797 illius
3061 4740 3314 4810 eloquiis,
3351 4739 3442 4794 Dei
3497 4741 3574 4794 illi

1997 4839 2200 4910 cogniti
2252 4839 2469 4907 cognita
2525 4837 2822 4898 voluntate,
2872 4848 3104 4903 eamque
3171 4842 3429 4887 exsecuta
3485 4831 3575 4885 (ir-

1999 4947 2148 4987 rnum
2192 4932 2295 4986 sibi
2337 4947 2400 4982 ao
2435 4927 2713 4982 immobile
2743 4926 2970 4982 caeleste
3009 4925 3210 4979 bomnn
3255 4939 3476 4978 servare
3511 4922 3578 4975 li-

2000 5031 2169 5078 ceret.

2069 5113 2390 5168 Castltalem
2441 5113 2607 5181 igitur
2639 5118 2696 5163 et
2725 5108 3143 5170 continentiam.
3197 5115 3575 5176 paupertatem

2000 5214 2055 5261 et
2097 5207 2490 5274 virginitatem,
2534 5206 2804 5271 fidemque
2840 5213 2892 5257 et
2921 5201 3245 5254 charitatem
3289 5197 3574 5268 prmdicari

2001 5299 2254 5363 audiens,
2292 5307 2350 5351 ut
2376 5313 2497 5366 quae
2528 5296 2750 5350 Christo
2779 5294 3020 5348 animum
3049 5294 3278 5346 firmiter
3307 5290 3580 5360 astringe-

2002 5398 2144 5449 rent,
2174 5405 2337 5458 opere
2367 5389 2550 5441 statim
2579 5401 2642 5437 ac
2665 5385 2878 5438 actione
2911 5398 3123 5437 sacram
3157 5383 3345 5436 colens
3371 5379 3579 5434 doctri-

2003 5497 2150 5544 nam,
2189 5476 2544 5532 COIllil'tt‘ltliLB
2588 5475 2862 5539 studebat,
2899 5489 2962 5526 ac
2995 5471 3292 5541 virginitati
3335 5471 3576 5523 animum

2005 5572 2320 5631 adhibebat,
2350 5579 2512 5638 atque
2541 5575 2916 5638 paupertatem
2958 5566 3061 5619 sibi
3105 5564 3413 5631 deligebat:
3457 5565 3582 5629 qui-

2006 5669 2108 5723 bus
2136 5667 2190 5720 in
2209 5663 2413 5718 Christi
2443 5661 2740 5732 preedilecti
2767 5659 3020 5713 roborata
3053 5657 3177 5714 ﬁde.
3206 5667 3429 5725 stupore
3458 5670 3580 5710 eor-

2006 5768 2155 5828 repta
2189 5766 2356 5826 atque
2388 5754 2592 5823 percita
2629 5750 2988 5808 cernentibus
3025 5750 3078 5803 in
3111 5763 3232 5802 eam
3269 5749 3584 5811 ridebatur,

2005 5867 2130 5906 cum
2165 5849 2352 5919 utique
2387 5845 2481 5903 Dei
2519 5845 2980 5916 contemplatione.
3013 5851 3126 5898 tota
3158 5841 3511 5898 excessisset.
