4008 6650
363 421 465 487 3H

1564 429 1858 490 NICET/E
1898 427 2344 488 I’APHLAGON
2352 428 2423 487 IS

3525 414 3638 477 312

433 539 574 607 Quid
608 539 774 611 igitur
801 538 1090 611 Thamyris
1117 542 1139 594 ?
1167 541 1366 595 Amara
1425 542 1551 598 inde
1578 544 1944 605 aemulatione,

2121 543 2186 594 Ti
2216 541 2308 594 οὖν
2351 541 2378 592 6
2411 538 2694 607 Θάμυρις;
2745 533 2915 602 Ζήλου
2960 528 3182 601 πικροῦ,
3227 525 3400 597 θυμοῦ
3442 543 3499 578 τε
3535 529 3634 580 καὶ

364 636 558 699 iraque
587 638 641 685 et
674 628 858 685 furore
891 630 1166 700 impletur.
1203 629 1486 700 Ejusmodi
1524 633 1670 686 cnim
1706 641 1790 686 est
1823 649 1947 686 cor-

367 720 518 788 poris
544 719 833 790 pltiltrum.
869 718 1131 786 Quandiu
1157 722 1375 792 quidem
1403 722 1556 778 adest
1582 725 1725 793 quod
1765 725 1815 776 in
1851 724 1945 778 de-

367 811 510 866 liciis
555 823 663 876 est,
721 813 869 866 velut
898 812 1040 882 ignis
1072 814 1221 870 illius
1271 814 1571 885 cupiditate
1605 818 1944 882 accenditur,

367 901 514 972 quod
551 903 725 956 amori
753 903 1027 968 habetur;
1060 905 1342 959 sinautem
1369 904 1681 961 desideran
1715 906 1947 960 frustre—

369 1005 482 1061 tur,
514 1004 726 1051 mutata
770 999 955 1051 statim
985 1001 1259 1066 passione,
1293 999 1550 1054 desiderii
1576 1000 1849 1054 ﬂammam
1889 1001 1943 1054 in

370 1087 466 1143 irte
508 1088 687 1160 ignem
729 1090 1000 1155 accendit,
1037 1090 1304 1146 adversus
1333 1108 1456 1146 eum
1499 1095 1590 1161 qui
1628 1093 1776 1146 illius
1804 1093 1948 1146 iubi-

371 1182 497 1236 bere
520 1181 872 1250 cupiditatem
898 1183 1270 1240 existimatur.
1299 1184 1391 1240 Sic
1420 1195 1472 1239 ct
1492 1186 1581 1240 ille
1598 1186 1948 1239 artnulatione

367 1260 654 1333 exa'st‘ual,
692 1269 845 1336 furit,
888 1271 1145 1341 injuriam
1179 1276 1450 1344 queritur,
1489 1273 1820 1335 incenditur,
1865 1284 1950 1329 to-

370 1370 598 1431 tumque
633 1362 924 1417 succendit
974 1363 1220 1418 Iconium
1249 1407 1263 1429 ,
1310 1381 1638 1436 omnemque
1691 1366 1948 1436 populum

369 1453 636 1520 civitatis,
667 1468 730 1508 ac
757 1455 932 1509 turst
961 1470 1179 1512 omnem
1199 1457 1463 1513 adversus
1480 1474 1602 1514 eum
1625 1460 1947 1514 concionem

370 1547 536 1617 cogit,
573 1562 604 1601 a
635 1563 744 1616 quo
783 1549 946 1603 lassus
990 1549 1196 1619 injuria
1226 1551 1534 1606 videbatur.
1585 1552 1682 1606 Ubi
1731 1552 1950 1607 diluxe-

371 1646 479 1704 rat,
521 1637 852 1710 Onesiphori
888 1640 1110 1695 domum
1147 1643 1427 1713 irrumpit,
1479 1645 1720 1715 injuriis,
1759 1646 1948 1709 minis,

373 1729 683 1785 maledictis
717 1746 942 1802 procax,
981 1735 1301 1804 turpissime
1335 1736 1562 1790 Paulum
1603 1751 1664 1792 se
1693 1738 1953 1792 multatu-

373 1834 493 1874 rum
519 1819 760 1888 jurans;
797 1821 1017 1878 trahens
1053 1823 1292 1894 primum
1318 1825 1373 1879 in
1413 1825 1590 1881 forum
1621 1835 1675 1881 et
1702 1827 1767 1879 ad
1802 1826 1952 1896 prin-

373 1913 524 1983 cipes
562 1914 819 1980 civitatis,
863 1928 1069 1987 pestem
1105 1933 1230 1971 eum
1283 1934 1552 1976 accusans
1599 1935 1664 1976 ac
1710 1922 1951 1976 civitatis
1985 1906 2025 1962 Β

374 2018 755 2078 corruptorem
784 2025 801 2076 ;
855 2010 1034 2066 adhuc
1065 2027 1192 2065 vero
1227 2013 1393 2066 etiaut
1432 2013 1574 2084 ejus,
1615 2030 1735 2083 quae
1761 2015 1836 2069 illi
1865 2014 1954 2069 de-

374 2108 635 2166 sponsata
661 2106 807 2154 esset
839 2100 1126 2166 ;emndetn
1164 2111 1349 2172 postea
1383 2105 1546 2158 etiam
1573 2104 1638 2158 ad
1668 2105 1952 2173 praesidem

375 2190 604 2245 ducens.
628 2191 894 2261 Quodque
912 2204 1162 2247 coactum
1185 2194 1454 2264 judicium
1478 2204 1617 2259 erat,
1646 2211 1955 2266 praesesque

377 2299 474 2353 pro
504 2284 764 2338 tribunali
790 2285 1033 2351 sedebat,
1068 2301 1133 2340 ac
1162 2297 1356 2357 praesto
1387 2287 1604 2359 judices
1639 2303 1954 2343 assessores

374 2385 556 2440 erant,
602 2377 950 2446 populusque
992 2377 1368 2432 circumfusus
1423 2380 1626 2434 stabat.
1664 2395 1728 2434 ac
1777 2394 1956 2449 praeco

376 2471 653 2525 silentium
693 2472 991 2536 indicebat,
1038 2472 1352 2542 Paulusque
1409 2474 1686 2529 adductus
1716 2475 1768 2528 in
1804 2474 1958 2543 judi-

375 2562 523 2616 cium
547 2572 685 2627 crat,
714 2561 1004 2635 Tltantyris
1037 2579 1308 2620 accusans
1348 2565 1458 2620 ait:

453 2653 566 2710 Nec
627 2665 858 2710 vestram
905 2659 1230 2724 potentiam,
1275 2659 1961 2728 magniﬁcentissimamque

381 2750 571 2803 mentis
612 2749 905 2815 solertiam,
938 2767 1031 2804 nec
1065 2752 1405 2820 prazsentium
1446 2769 1762 2823 quemquam
1809 2753 1963 2822 igno-

380 2855 502 2892 rare
531 2841 785 2901 arbitror,
815 2857 932 2910 qua:
969 2858 1207 2894 mearum
1240 2859 1414 2895 rerum
1446 2854 1588 2896 sunt.
1626 2841 1787 2897 Scitis
1818 2860 1959 2906 vero,

381 2947 492 2986 tum
524 2933 652 2986 mihi
683 2949 847 3002 genus
874 2932 1232 3002 splendidum,
1269 2945 1380 2988 tum
1421 2936 1570 3006 longe
1613 2953 1820 3006 gravent
1849 2954 1962 2991 esse

379 3022 763 3088 substantiam,
827 3023 1199 3093 honoremque,
1231 3025 1321 3094 qui
1349 3026 1456 3092 ipse
1492 3042 1651 3093 opum
1681 3026 1960 3095 afﬂuentia

378 3113 598 3182 paribus
625 3113 796 3168 modis
821 3114 1156 3183 respondeat.
1189 3116 1226 3168 Α
1239 3115 1403 3169 cccdit
1432 3125 1480 3170 et
1505 3116 1690 3185 forma:
1715 3128 1961 3172 venustas

380 3212 496 3272 ipsa
520 3207 753 3276 elegans,
770 3218 1062 3275 cunctaque
1085 3206 1344 3273 illustria,
1369 3224 1432 3260 ac
1445 3218 1636 3261 cuncta
1653 3209 1958 3277 conspicua.

379 3299 457 3353 Ac
480 3317 543 3353 ne
576 3298 740 3355 verbis
770 3299 1057 3352 obtundere
1089 3300 1290 3363 videar,
1337 3315 1452 3353 mea
1495 3301 1671 3353 omnia
1699 3300 1962 3369 ejusmodi

381 3404 524 3457 sunt,
559 3406 611 3445 ut
635 3393 818 3446 merito
849 3408 1080 3446 amorem
1108 3394 1282 3445 cicant
1311 3409 1372 3444 ac
1398 3393 1813 3446 annulationem.
1860 3392 1964 3446 Sed

381 3496 430 3539 et
465 3485 594 3538 mihi
625 3500 843 3537 uxorem
872 3483 1149 3552 despondi.
1188 3482 1371 3536 Nostis
1396 3499 1575 3536 omnes
1606 3483 1916 3536 Theoclcam
1945 3498 1964 3546 ,°

381 3579 496 3645 ejus
523 3579 651 3647 ﬁlia'
677 3578 922 3631 addic:us
945 3595 1082 3631 sum.
1116 3575 1318 3630 Parata
1335 3577 1452 3645 jam
1477 3577 1654 3630 omnia
1685 3596 1698 3641 ;
1735 3587 1966 3644 tempus-

381 3689 478 3734 que
494 3673 792 3739 nuptiarum
816 3671 1020 3738 aderat,
1036 3690 1097 3725 ac
1116 3680 1306 3724 cuncta
1330 3670 1398 3723 ad
1419 3688 1506 3724 eas
1526 3673 1802 3726 ambitioso
1825 3673 1968 3727 cultu

385 3766 668 3818 instructa.
706 3763 929 3832 Repente
964 3781 1082 3818 vero
1128 3762 1270 3817 malo
1305 3765 1457 3834 genio
1485 3763 1640 3816 homo
1672 3765 1770 3818 iste
1799 3766 1970 3818 homi-

386 3856 538 3910 nibus
571 3857 703 3922 lues,
730 3858 960 3927 mihique
978 3874 1089 3926 pra:
1109 3860 1311 3912 cunctis
1333 3858 1551 3911 exitium
1579 3857 1809 3926 (fabellis
1829 3861 1966 3912 enim

385 3949 572 4002 dilulis
624 3965 814 4003 uxores
865 3950 1196 4013 dementans,
1245 3952 1470 4021 virgines
1519 3951 1813 4016 seducens;
1872 3952 1967 4006 has

384 4038 596 4107 quidem
627 4057 728 4094 non
750 4042 876 4094 sinit
911 4040 1158 4111 legitimis
1182 4044 1376 4106 nuptiis
1411 4044 1534 4097 viris
1562 4043 1822 4111 copulari,
1843 4043 1966 4097 illas

303 4174 320 4179 -
386 4150 504 4187 rcro
546 4134 680 4188 viros
735 4144 1064 4189 contemnere
1107 4136 1281 4206 facit),
1312 4135 1460 4190 'cum
1523 4136 1762 4191 omnibus
1804 4147 1968 4191 etiam

386 4242 556 4280 meam
597 4225 841 4281 Theclam
864 4228 1098 4296 corrupit
1131 4244 1150 4291 ,'
1191 4228 1434 4282 Theclam
1480 4229 1608 4282 mihi
1651 4245 1901 4296 sponsam
1934 4245 1966 4282 a

388 4331 521 4367 sana
559 4325 727 4369 mente
776 4316 986 4385 dejecit.
1023 4315 1293 4380 Siquidem
1325 4319 1488 4389 igitur
1527 4320 1736 4372 siuatur
1777 4320 1863 4372 hic
1895 4320 1967 4372 vi-

388 4423 522 4468 sere,
551 4409 992 4474 praestantissime
1019 4426 1234 4478 prwses,
1270 4427 1362 4464 nec
1385 4411 1562 4465 urbem
1586 4411 1866 4465 habiturus
1885 4429 1962 4467 es.

387 4496 637 4563 Corrupit
658 4499 922 4563 Iconium,
947 4500 1100 4565 periit
1125 4510 1174 4552 et
1193 4501 1360 4554 omnis
1388 4502 1760 4554 circunwicina
1782 4503 1922 4570 regio
1946 4517 1965 4554 :

386 4606 550 4660 neque
580 4591 634 4644 id
666 4592 844 4656 modo,
877 4594 966 4645 sed
995 4601 1044 4646 et
1068 4595 1238 4646 omnis
1263 4595 1534 4662 provincia
1567 4604 1725 4663 atque
1756 4597 1965 4664 civitas,

385 4685 434 4738 si
463 4682 532 4736 ad
566 4682 711 4736 illius
745 4684 872 4754 legis
905 4685 1064 4737 ritum
1098 4701 1266 4740 ntores
1298 4703 1608 4755 componere
1642 4688 1698 4740 in
1729 4690 1966 4741 animum

389 4773 634 4837 inducat,
666 4775 809 4828 haud
837 4778 1056 4830 evaserit
1087 4779 1214 4847 quin
1245 4788 1474 4846 tempore
1509 4780 1793 4834 liberorum
1821 4781 1967 4834 orbi-

391 4880 498 4922 tate
524 4869 768 4922 intereat.
801 4867 1009 4922 Etenim
1045 4871 1089 4923 si
1123 4872 1322 4940 nuptia:
1356 4874 1408 4924 in
1440 4888 1603 4926 causa
1631 4884 1752 4925 sunt
1783 4884 1836 4925 ut
1870 4890 1964 4943 pe-

387 4977 544 5016 renne
576 4962 646 5016 sit
686 4961 975 5016 humanum
1010 4979 1172 5032 genus
1211 4981 1273 5016 ac
1316 4968 1602 5034 generatio,
1647 4983 1864 5036 quaeque
1901 4983 1968 5021 ex

384 5055 510 5109 aliis
531 5055 763 5109 aliorum
791 5058 1055 5110 successio
1082 5067 1160 5110 est
1191 5075 1210 5122 ;
1258 5059 1508 5111 nimirum
1537 5060 1813 5115 cwlibatus
1838 5061 1967 5116 libe-

384 5164 567 5202 rorum
594 5147 878 5202 orbitatem
898 5148 1126 5202 inducit.
1167 5151 1498 5219 universique
1534 5153 1738 5221 generis
1778 5153 1964 5206 interi-

385 5254 496 5297 tum
521 5245 699 5308 aﬂ'ert.

457 5469 572 5543 (62)
612 5469 723 5524 Τὸν
783 5470 1177 5543 Ὀνησιφόρρυ
1213 5471 1545 5543 κατ-ἐλαϐεν
1578 5467 1768 5524 οἷκον.
1808 5468 1966 5524 Hunc

385 5539 788 5610 Onesiphorum
801 5541 1082 5596 existimat
1096 5541 1296 5593 Barnn.
1318 5541 1494 5610 ipsum
1509 5557 1630 5596 esse
1651 5543 1784 5608 quia
1799 5543 1971 5594 Paulo

388 5613 730 5682 nominatur,
761 5628 799 5666 ιι
835 5611 901 5664 ad
927 5610 1067 5665 Tim.
1089 5627 1119 5682 ι
1147 5621 1201 5664 et
1235 5626 1316 5682 Iv.
1339 5612 1542 5680 quique
1573 5622 1780 5682 martyr
1801 5611 1970 5664 babe-

390 5683 555 5735 turin
581 5680 738 5734 Rom.
770 5682 974 5736 tabulis
1017 5683 1048 5734 7
1082 5679 1232 5750 Sept.
1288 5680 1414 5734 Sola
1457 5679 1799 5748 conjec-tura
1861 5689 1966 5750 est.

389 5751 592 5806 Nemea
628 5751 720 5803 illo
745 5752 854 5814 die,
886 5749 1168 5820 iungentia
1208 5750 1435 5816 Evodio,
1491 5755 1668 5816 primo
1714 5761 1835 5818 post
1867 5749 1968 5804 Pe-

390 5833 534 5874 trum
566 5821 821 5892 Antioch.
858 5824 1157 5892 episcopo:
1189 5820 1391 5892 T6v6é
1466 5822 1846 5892 Ὀνησιφόρον,
1908 5821 1967 5872 ὃν

389 5892 447 5948 ὲν
473 5894 538 5964 τῇ
598 5891 735 5964 πρὸς
780 5891 1044 5963 Τιμόθεον
1082 5891 1370 5962 Ἐπιστολῇ
1408 5893 1436 5945 6
1472 5891 1794 5958 ’Δπόστολος
1823 5909 1964 5964 παρ-

2049 635 2217 706 όργῆς
2245 631 2495 685 ἐντεῦθεν
2527 625 2974 694 ἁναπίμπλαται’
3003 622 3243 676 τοιοῦτον
3285 621 3394 691 γὰρ
3422 621 3481 672 τὸ
3507 620 3634 687 φίλ-

2049 744 2177 796 τρον
2203 725 2298 778 τοῦ
2333 723 2586 794 σώματος
2609 739 2622 752 ·
2647 720 2753 784 ἕως
2781 719 2880 787 μὲν
2905 717 2971 770 ἂν
3002 718 3152 786 παρῇ
3173 713 3236 767 τὸ
3265 712 3632 782 καταθύμιον,

2049 821 2124 882 ὼς
2151 817 2264 888 πῦρ
2292 815 2615 870 ἀνακαίεται
2632 815 2699 883 τῇ
2725 811 2852 883 περὶ
2881 810 2945 862 τὸ
2969 808 3296 877 φιλούμενον
3322 807 3589 877 ἐπιθυμίᾳ
3613 822 3630 838 ο

2049 911 2296 981 ἀστοχῶν
2329 909 2386 962 δὲ
2438 908 2531 961 τοῦ
2571 903 3038 975 ὲπιθυμουμὲνου,
3077 901 3333 971 ἐνήλλαξε
3368 899 3429 953 τὸ
3459 900 3636 962 πάθος

2050 1003 2233 1068 εὐθὺς,
2267 1001 2360 1055 καὶ
2383 1002 2484 1072 τήν
2504 999 2678 1068 φλόγα
2700 998 2801 1068 τῆς
2832 995 3130 1066 ἐπιθυμίας
3158 996 3240 1055 εἰς
3285 993 3398 1064 πῦρ
3425 993 3635 1061 ἀνῆψεν

2049 1096 2240 1166 ὀργῆς,
2267 1093 2407 1147 κατὰ
2434 1092 2528 1144 τοῦ
2561 1090 2894 1145 ἀνακόπτειν
2926 1088 3093 1143 αὐτοῦ
3125 1088 3222 1158 τήν
3253 1088 3439 1154 ἔφεσιν
3473 1103 3633 1154 νομι-

2051 1185 2319 1256 ζομένου·
2387 1182 2530 1237 οὕτω
2591 1184 2865 1245 κάκεῖνος,
2938 1179 3234 1249 ζηλοτυπεῖ
3265 1218 3280 1238 ,
3346 1178 3635 1247 μαίνεται,

2053 1275 2396 1346 ὑδριοπαθεῖ,
2435 1273 2750 1339 ἐξάπτεται,
2781 1273 2876 1325 καὶ
2905 1271 3026 1324 ὅλον
3047 1270 3270 1335 ἐξάπτει
3300 1267 3362 1321 τὸ
3389 1269 3635 1329 Ἰκόνιον,

2053 1369 2148 1422 καὶ
2202 1367 2380 1421 πάντα
2431 1366 2522 1420 τὸν
2571 1366 2744 1438 δῆμον
2775 1367 2874 1436 τῆς
2906 1363 3149 1426 πόλεως,
3185 1362 3281 1415 καὶ
3311 1361 3490 1414 πάντα
3541 1359 3636 1412 τὸν

2052 1460 2230 1531 όχλον,
2259 1461 2400 1514 κατὰ
2453 1459 2547 1513 τοῦ
2582 1461 2811 1512 ὐπονοου
2825 1457 2986 1527 μένου
3035 1456 3230 1509 λυπεῖν
3280 1453 3589 1524 ὀχλαγωγεί
3615 1468 3629 1482 ο

2053 1551 2273 1624 ὄρθρος,
2322 1553 2416 1605 καὶ
2449 1549 2540 1604 τὸν
2575 1549 2929 1620 Ὀνησιφόρου
2962 1545 3264 1602 κατέλαϐεν
3313 1541 3462 1598 οἷκον
3498 1542 3633 1611 (62),

2056 1645 2318 1716 ὑϐρίζων,
2353 1643 2620 1708 ἀπειλῶν,
2669 1639 3029 1712 βλασφημῶν,
3085 1639 3184 1691 καὶ
3229 1635 3324 1689 τοῦ
3376 1636 3636 1706 αἴσχιστα

2057 1736 2270 1790 Παῦλον
2314 1737 2592 1805 διαθήσειν
2625 1732 2983 1804 διομνύμενος
3006 1747 3019 1761 ·
3053 1729 3227 1784 ἕλκων
3255 1727 3352 1782 ἐπὶ
3379 1727 3476 1791 τὰς
3505 1727 3639 1795 ἁγο-

2062 1831 2160 1900 ρὰς
2183 1829 2402 1900 πρῶτον
2446 1827 2540 1883 καὶ
2571 1828 2700 1890 τοὺς
2731 1827 3086 1896 πολιταρχας,
3137 1823 3394 1892 λυμεῶνα
3425 1820 3635 1882 τοῦτον,

2058 1921 2264 1994 φθορέα
2315 1923 2416 1992 τῆς
2466 1920 2711 1984 πόλεως,
2768 1918 2848 1972 ἔτι
2895 1917 2953 1972 δὲ
3001 1919 3095 1971 καὶ
3149 1916 3251 1987 τῆς
3299 1913 3450 1984 αὑτῷ
3508 1913 3639 1967 καθ-

2058 2014 2444 2086 ηρμοσμένης,
2511 2010 3048 2082 διαλοιδοροὺμενος·
3104 2010 3317 2076 ὲνὰγων
3390 2006 3448 2060 δὲ
3501 2005 3644 2075 μετὰ

2058 2106 2235 2160 ταῦτα
2264 2106 2358 2160 καὶ
2384 2106 2480 2159 ἐπὶ
2501 2105 2594 2158 τὸν
2627 2105 2877 2174 ἡγεμόνα
2895 2120 2908 2132 ·
2946 2101 3042 2156 καὶ
3078 2101 3265 2171 ἐπειδὴ
3295 2100 3358 2153 τὸ
3381 2100 3647 2168 δικαστή-

2064 2220 2177 2274 ριον
2212 2199 2584 2271 συνεκροτήθη
2609 2239 2624 2263 ,
2658 2197 2751 2251 καὶ
2795 2200 2824 2251 6
2877 2194 3103 2266 ἡγεμὼν
3143 2194 3237 2246 ἐπὶ
3267 2194 3456 2263 θρόνου
3487 2192 3645 2243 δικα-

2063 2295 2287 2357 στικοῦ,
2343 2293 2438 2347 καὶ
2471 2293 2520 2346 οἱ
2577 2291 2825 2362 σύνεδροι
2873 2291 3004 2360 περὶ
3055 2287 3240 2350 αὐτὸν,
3279 2288 3374 2339 καὶ
3424 2283 3585 2353 πέριξ
3615 2285 3644 2333 6

2060 2387 2254 2457 δῆμος,
2311 2388 2406 2439 καὶ
2452 2385 2664 2456 σιωπὴν
2717 2385 2744 2436 6
2807 2382 2986 2453 κήρυξ
3033 2377 3437 2453 παρήγγελλεν,
3471 2375 3564 2428 καὶ
3614 2374 3648 2424 6

2064 2480 2275 2545 Παῦλος
2306 2479 2384 2549 τῷ
2419 2479 2627 2550 βήματι
2675 2476 2954 2548 παρῆκτο,
2985 2474 3082 2527 καὶ
3140 2473 3168 2526 6
3225 2471 3475 2541 Θάμυρις
3506 2484 3645 2521 κατ-

2062 2574 2281 2644 ηγορῶν
2313 2572 2453 2642 ἔφη’

2137 2665 2286 2717 Οῦτε
2328 2662 2400 2716 τὸ
2453 2660 2743 2731 ὑμέτερον
2789 2657 3038 2726 κράτος,
3083 2655 3182 2708 καί
3223 2654 3337 2721 τὴν
3388 2654 3618 2722 μετ-για.ῑο

2062 2755 2414 2826 φυεστάτην
2438 2753 2756 2824 ἀγχίνοιαν
2784 2750 2896 2818 τῆς
2934 2749 3225 2813 διανοίας.
3258 2747 3398 2800 οὔτε
3422 2744 3490 2798 δέ
3512 2759 3650 2797 τινα

2063 2850 2183 2904 τῶν
2215 2850 2529 2917 παρόντων
2562 2843 2807 2915 ἀγνοεῖν
2849 2839 3009 2911 οἶμαι
3041 2841 3114 2894 τὰ
3145 2838 3277 2892 κατ’
3309 2837 3434 2906 ἐμέ.
3486 2835 3647 2889 Ἐπί-

2063 2944 2294 2996 στασθε
2348 2938 2437 3002 δὲ,
2482 2937 2574 2993 ὅτι
2628 2936 2726 2991 καὶ
2787 2934 2964 3004 γένος
3013 2932 3143 3002 ἐμοὶ
3185 2928 3484 3000 λαμπρὸν,
3544 2925 3646 2980 καὶ

2065 3034 2386 3102 περιουσία
2419 3031 2657 3100 σφόδρα
2710 3027 2947 3094 πολλὴ,
2981 3025 3080 3078 καί
3135 3021 3275 3092 τιμὴ
3335 3019 3484 3074 κατὰ
3536 3018 3653 3070 τὸν

2063 3126 2352 3181 πλοῦτον.
2413 3123 2570 3192 Πρὸς
2622 3122 2711 3186 δὲ,
2774 3121 2872 3173 καὶ
2919 3117 3076 3186 ὥρας
3118 3117 3344 3182 ἔλαχον
3371 3109 3601 3181 ἀγαθῆς
3628 3124 3644 3138 ⁸

2068 3219 2162 3272 καὶ
2198 3217 2398 3271 πάντα
2422 3217 2712 3283 ἐπίσημα,
2743 3213 2842 3266 καί
2886 3211 3083 3265 πάντα
3113 3209 3502 3277 περίϐλεπτα·
3548 3202 3649 3253 καὶ

2069 3314 2168 3365 ἵνα
2187 3311 2272 3381 μὴ
2304 3307 2793 3378 πολυῤῥημονεῖν
2821 3304 2977 3360 δοκῶ
2998 3345 3012 3369 ,
3045 3301 3241 3356 πάντα
3270 3299 3341 3352 τὰ
3368 3298 3492 3352 κατ’
3540 3295 3652 3363 ἐμὲ·

2071 3401 2329 3469 ζηλωτὰ·
2355 3398 2812 3470 μεμνήστευμαι
2849 3396 2920 3449 δὲ
2953 3393 3051 3448 καί
3083 3390 3340 3462 γυναῖκα
3368 3384 3605 3459 ἐμαυτῷ
3632 3400 3644 3415 ⁸

2071 3495 2186 3562 τὴν
2243 3495 2569 3548 Θεόκλειαν
2617 3491 2880 3554 ἅπαντες
2927 3486 3156 3542 οἴδατεο
3212 3482 3434 3548 ταύτης
3462 3492 3654 3547 προσ-

2069 3589 2291 3658 εθέμην·
2317 3586 2390 3654 τῇ
2423 3587 2698 3654 θυγατρί·
2721 3583 2819 3636 καί
2849 3581 2966 3650 ἤδη
3005 3580 3208 3647 ἕτοιμα
3231 3576 3430 3629 πάντα
3448 3589 3461 3602 ·
3491 3570 3589 3626 καί
3615 3572 3652 3623 ό

2071 3682 2274 3750 καιρὸς
2305 3679 2412 3734 τοῦ
2439 3677 2630 3750 γόμου
2656 3675 2880 3744 παρῆν,
2908 3672 3006 3728 καί
3035 3671 3231 3725 πάντα
3253 3667 3402 3737 πρὸς
3431 3663 3655 3719 τοῦτον

2071 3775 2391 3845 φιλοτίμως
2454 3770 2960 3840 παρεσκεύαστο⁶
3012 3764 3307 3828 ἐξαπίνης
3365 3759 3434 3812 δὲ
3485 3754 3652 3818 κακῷ

2071 3868 2312 3936 δαίμονι
2352 3868 2385 3919 ό
2410 3864 2722 3931 ἄνθρωπος
2751 3855 2949 3924 οὗτος,
2971 3857 3218 3924 ὄλεθρος
3247 3847 3526 3918 ἀνδράσι,
3549 3845 3650 3899 καὶ

2080 3956 2195 4025 πρὸ
2240 3954 2484 4008 πάντων
2508 3951 2636 4020 ἐμοὶ
2701 3949 3066 4020 (λογυδρίοις
3098 3947 3207 4015 γὰρ
3233 3937 3651 4010 κεκομψευμέ-

2070 4067 2201 4112 νοις
2230 4047 2338 4112 τὰς
2390 4045 2676 4115 γυναῖκας
2722 4038 3115 4108 συλαγωγῶν,
3167 4035 3274 4100 τὰς
3313 4029 3655 4100 παρθένους

2069 4139 2410 4207 ἐξαπατῶν·
2463 4137 2570 4202 τὰς
2593 4135 2708 4205 μὲν
2736 4137 2848 4188 οὐκ
2878 4131 2950 4200 ἐᾷ
2983 4131 3111 4187 καθ’
3140 4129 3170 4183 ὃ
3199 4129 3364 4196 θέμις
3393 4119 3648 4188 ἀνδράσι

2071 4232 2442 4304 γαμηθῆναν
2478 4230 2584 4294 τὰς
2637 4226 2708 4280 δὲ
2740 4226 3060 4280 συνεύνων
3101 4216 3404 4288 ὑπερορᾷν
3456 4231 3649 4283 παρα-

2070 4323 2397 4393 σκευάζει),
2424 4321 2573 4391 μετὰ
2596 4317 2840 4373 πάντων
2862 4316 2961 4370 καὶ
2989 4315 3104 4382 τὴν
3132 4313 3287 4381 ἐμὴν
3319 4309 3653 4379 διέφθειρεν

2073 4421 2308 4474 Θέκλαν
2327 4432 2340 4446 ·
2380 4415 2493 4480 τὴν
2523 4411 2653 4482 ἐμοὶ
2691 4405 3197 4477 καθηρμοσμένην
3220 4402 3521 4468 ἐξέστησε
3545 4399 3654 4452 es-

2071 4515 2248 4565 κλαν.
2275 4503 2474 4561 Είοῦν
2501 4503 2700 4571 ἐαθειή
2717 4500 2824 4569 ζῇν
2841 4497 3039 4565 οὗτος,
3067 4497 3272 4558 πόλιν,
3293 4490 3340 4548 ὧ
3371 4491 3653 4560 κράτιστε

2000 4601 2047 4658 Ι)
2073 4602 2332 4672 ἡγεμὼν,
2361 4602 2473 4654 οὐκ
2503 4598 2694 4665 ἔχεις·
2732 4595 3028 4664 διέφθειρε
3062 4591 3432 4645 τό’1κόνιον’
3464 4587 3658 4640 ὤλετο

2068 4697 2168 4750 καὶ
2218 4693 2389 4748 πᾶσα
2449 4691 2773 4759 περιοικίς·
2819 4687 2919 4740 καί
2968 4688 3040 4740 οὐ
3091 4685 3303 4753 μόνον,
3338 4681 3500 4736 ἀλλὰ
3550 4680 3653 4732 καὶ

2067 4788 2235 4844 πᾶσα
2265 4785 2424 4855 χώρα
2455 4782 2555 4836 καὶ
2585 4783 2783 4845 πόλις,
2841 4779 2895 4832 εἴ
2925 4795 2990 4845 γε
3021 4775 3098 4843 δὴ
3135 4775 3286 4829 κατὰ
3323 4774 3430 4826 τὸν
3461 4771 3652 4825 αὑτοῦ

2064 4882 2256 4948 νόμον
2291 4875 2621 4943 ἀνάσχοιτο
2645 4871 2849 4936 βιοῦν,
2882 4873 2993 4924 οὐκ
3030 4868 3106 4922 ἂν
3138 4866 3426 4936 φθάνοιεν
3458 4866 3659 4932 χρόνῳ

2066 4971 2141 5024 δι’
2169 4967 2451 5031 ἀτεκνίας
2502 4964 2982 5026 ἐξαπολωλότες.
3035 4959 3147 5013 Καὶ
3178 4959 3292 5027 τὰρ
3319 4959 3373 5010 εὶ
3400 4959 3434 5010 ό
3465 4953 3659 5025 γάμος

2065 5061 2326 5126 ἀειζωΐας
2357 5058 2463 5112 τοῦ
2493 5057 2712 5126 γένους
2756 5053 3019 5123 ἀφορμὴ,
3075 5051 3173 5104 καὶ
3212 5050 3404 5116 altior;
3431 5047 3657 5114 ἀνθρώ-

2073 5171 2212 5218 ποις
2244 5150 2536 5220 γενέσεως
2559 5165 2574 5180 ·
2634 5145 2736 5199 καὶ
2775 5144 2886 5213 τῆς
2932 5145 3001 5209 ἐξ
3039 5145 3246 5197 ἄλλων
3281 5144 3370 5208 είς
3417 5140 3656 5203 ἄλλους

2073 5242 2296 5312 ἐφεξῆς
2331 5239 2645 5308 διαδοχῆς]
2691 5238 2974 5304 ἀπαιδίας
3005 5236 3082 5291 ἂν
3106 5237 3223 5302 εἴη,
3261 5235 3360 5289 καὶ
3387 5232 3658 5287 καθόλου

2075 5336 2181 5390 τοῦ
2212 5334 2430 5404 τέγους
2452 5331 2836 5399 ἀναιρέσεως,
2861 5330 2900 5397 ἠ
2930 5330 3153 5398 ἀγαμία
3174 5326 3435 5396 δηλαδή.

2074 5471 2320 5538 εισάγει,
2390 5467 2764 5538 Κολοφωνίας
2814 5467 3110 5520 ἐπίσκοπον
3181 5464 3416 5538 εὕρομεν
3491 5479 3657 5538 γεγο-

2073 5535 2231 5592 νόταῖ
2264 5540 2438 5606 δεξιὸν
2475 5542 2532 5593 ὲν
2561 5543 2672 5601 τοῖς
2709 5537 2892 5605 λόγοις
2921 5540 3016 5590 καὶ
3048 5535 3433 5606 ἀλκιμώτατον
3452 5535 3663 5606 μέχρις

2073 5611 2308 5681 αἵματος
2333 5609 2498 5663 αὑτοῦ
2523 5610 2622 5681 τήν
2645 5609 2828 5662 πίστιν
2851 5605 3222 5681 κρατύνανξαῄ.
3243 5605 3658 5681 Onesiphqrum,

2076 5676 2231 5748 cujus
2257 5681 2544 5748 Apostolus
2575 5676 2743 5734 obiter
2773 5676 3006 5732 meminit
3035 5681 3088 5731 in
3115 5676 3358 5744 Epistola
3393 5678 3459 5728 ad
3484 5677 3656 5748 Timo-

2074 5746 2268 5810 theum.
2285 5746 2575 5804 invenimus
2594 5750 2758 5819 fuisse
2776 5749 3119 5817 Colophonius
3133 5749 3460 5817 episcopum,
3483 5746 3657 5819 virum

2071 5824 2277 5891 eloquio
2306 5823 2515 5888 facilem
2541 5817 2602 5873 ac
2626 5822 3002 5889 fortissimum,
3034 5820 3127 5891 qui
3155 5819 3223 5871 ad
3250 5833 3410 5891 usque
3436 5817 3660 5886 sangui-

2074 5890 2191 5948 nem
2220 5895 2542 5948 roborarerit
2574 5893 2750 5960 ﬁdem.
2787 5891 3017 5964 Reliqua
3045 5890 3202 5948 nobis
3225 5890 3461 5946 obscura
3499 5894 3655 5944 sunt.
