4008 6570
319 393 428 460 313

317 604 621 673 λογεῖσθαι,
659 605 804 675 Ἐγὼ
830 606 946 674 μέν
966 608 1081 674 εἰμι
1108 605 1420 673 ἄνθρωπος
1456 606 1760 672 Ἰουδαῖος,
1797 610 1906 660 ἀπ-

318 697 595 764 εκρίνατο,
630 694 710 761 τῷ
741 697 846 750 τοῦ
881 697 1142 765 adparat")
1192 697 1288 750 καὶ
1338 697 1446 764 τῆς
1488 698 1602 766 γῆς
1647 698 1769 762 Θεῷ
1798 716 1906 764 νη-

319 791 532 841 πιόθεν
579 789 1005 857 ἀνακείμενος·
1039 789 1137 842 καὶ
1186 790 1282 843 διὰ
1320 791 1518 855 τοῦτο,
1566 791 1727 860 νόμῳ
1758 792 1906 846 Θεοῦ

316 881 816 949 παιδαγωγηθεὶς,
879 882 980 935 καὶ
1048 882 1178 947 ταῖς
1222 882 1496 947 ἐντολαῖς
1549 883 1907 950 προπαιδευ-

317 974 463 1038 θεὶς,
495 972 684 1038 δεκτῷ
716 974 898 1042 καιρῷ
951 976 1250 1044 θειοτέρας
1315 977 1684 1046 κατηξίωμαι
1712 994 1906 1046 μυστ-

316 1065 607 1132 arui-lac“
639 1065 739 1118 καὶ
778 1065 847 1118 ἐν
887 1067 1077 1134 ἡμέρᾳ
1105 1067 1251 1120 ποτὲ
1273 1069 1434 1137 μέσῃ
1468 1065 1648 1130 εἶδον,
1673 1064 1733 1122 ὧι
1753 1072 1906 1138 λαμ-

315 1160 577 1222 πρότατε
625 1157 864 1226 ἡγεμὼν
893 1197 907 1220 ,
955 1159 1286 1225 οὐρανόθεν
1334 1159 1795 1229 περιαστράψαν
1831 1178 1907 1230 με

314 1247 446 1316 φῶς
475 1248 630 1316 ὑπὲρ
663 1249 774 1302 τὸν
808 1249 990 1317 ἥλιον
1017 1265 1029 1278 ⁸
1061 1250 1160 1303 καὶ
1197 1249 1404 1318 φωνῆς
1440 1250 1678 1318 ἤκουσα
1713 1251 1907 1320 ζώσης

316 1344 416 1395 καὶ
447 1341 890 1410 διατρανούσης
921 1343 991 1396 ἐν
1016 1342 1144 1412 ἐμοὶ
1176 1345 1435 1410 Χριστὸν
1470 1345 1744 1411 Ἰησοῦν·
1769 1347 1906 1413 Χρι-

315 1437 471 1490 στὸν
525 1438 779 1500 ἐκεῖνον,
815 1437 888 1491 ὃν
936 1437 1176 1507 ἀγνοῶν
1219 1439 1516 1506 πρότερον
1549 1438 1803 1492 ἐδίωκον
1837 1440 1908 1494 ἐν

314 1530 571 1597 ἀπιστίᾳ
593 1548 606 1562 ο
635 1529 990 1599 ἐπεγνωκὼς
1015 1530 1084 1584 δὲ
1108 1531 1208 1584 διὰ
1231 1530 1572 1598 κρείττονος
1600 1531 1905 1585 ἀποκαλύ-

314 1628 500 1692 ψεως,
543 1626 624 1692 ὡς
647 1625 830 1690 αὐτός
852 1626 1024 1678 ἐστιν
1047 1624 1234 1691 ὅντως
1259 1627 1291 1678 o'
1312 1624 1619 1693 ἀγαπητὸς
1639 1625 1770 1689 Υἱὸς
1798 1623 1904 1677 τοῦ

317 1715 496 1781 Θεοῦ,
531 1717 599 1783 ὃς
625 1718 722 1771 καὶ
771 1718 900 1783 υίὸς
943 1717 1258 1785 ἀνθρώπου
1291 1716 1392 1770 διὰ
1450 1718 1906 1786 φιλανθρωπίαν

315 1811 699 1876 ὐπερουσίως
753 1809 1214 1879 κεγρημάτικεν,
1276 1810 1378 1864 ἵνα
1427 1809 1542 1876 τὴν
1605 1811 1904 1878 ἡμετέραν

314 1900 611 1968 ἐσχατιὰν
667 1903 1120 1970 ἀνακαλέσηται
1149 1920 1162 1934 ·
1234 1903 1332 1956 καὶ
1393 1902 1621 1968 πᾶσαν,
1669 1904 1771 1956 ἵνα
1818 1904 1900 1973 μὴ

312 1991 698 2059 μακρηγορῶ.
734 1993 850 2058 τὴν
887 1993 993 2047 τοῦ
1031 1994 1180 2046 Θεοῦ
1229 1993 1476 2062 ,βουλὴν
1500 2011 1892 2063 μεμυσταγω-

316 2082 577 2152 must-ot;
601 2088 904 2151 κρείττοσι
931 2087 1138 2156 λόγοις
1184 2087 1260 2140 δι’
1314 2086 1523 2151 αὐτοῦ,
1550 2089 1689 2156 παρ’
1716 2087 1906 2142 αὐτοῦ

318 2175 435 2240 τοῖς
458 2176 710 2230 ἔθνεσιν
727 2177 1177 2246 ἐξαπεστάλην,
1205 2179 1511 2234 διδάσκων
1549 2180 1748 2234 πάντα
1785 2181 1898 2234 ἇν-

313 2269 576 2334 θρωπον,
606 2269 706 2322 καὶ
738 2271 1050 2326 νουθετῶν
1075 2272 1462 2342 ἐπιστρέφειν
1491 2273 1589 2327 ἐπὶ
1620 2273 1728 2326 τὸν
1753 2274 1907 2329 Θεὸν

312 2359 420 2412 τὸν
477 2362 737 2429 ἰσχυρὸν
767 2365 874 2416 τὸν
908 2363 1119 2424 ζῶντα·
1157 2366 1256 2418 καὶ
1289 2364 1669 2434 παρακλήσει
1705 2366 1904 2420 πάντα

311 2452 634 2517 ἄνθρωπον
668 2457 1054 2524 παρακαλῶν,
1089 2459 1296 2513 πᾶσαν
1342 2461 1460 2529 μὲν
1505 2461 1764 2527 ἀνομίαν
1801 2461 1900 2514 καὶ

313 2546 558 2600 ἀδικίαν
585 2549 1071 2619 ἀποστρέφεσθαι
1095 2568 1108 2580 °
1153 2552 1554 2620 δικαιοσύνην
1595 2553 1664 2606 δὲ
1693 2552 1902 2608 πᾶσαν

313 2641 412 2692 καὶ
443 2640 800 2711 ἁγιωσύνην
824 2643 894 2697 ἐν
923 2645 1088 2712 φόϐῳ
1113 2645 1568 2714 κατεργάζεσθαι
1597 2645 1704 2699 τοῦ
1729 2645 1896 2699 Θεοῦ·

1173 403 1454 464 ORATIO
1484 405 1638 466 XVI.
1677 429 1734 439 --·
1772 407 1852 466 IN
1896 406 2210 468 LAUDEM
2253 409 2313 468 S.
2343 408 2676 469 THECLJE.

403 512 744 578 Ἐνδοθέντος
765 513 818 566 δὲ
852 512 942 567 καὶ
978 512 1054 584 τῷ
1093 515 1289 586 Παύλῳ
1320 516 1386 568 τὰ
1419 518 1537 569 κατ’
1573 517 1736 570 αὑτὸν
1773 519 1911 571 ἀπο·
1944 527 1984 580 Α

3485 403 3590 471 3H

2087 518 2252 572 Fat-ta
2271 529 2450 574 autem
2471 529 2523 575 et
2550 518 2714 573 Paulo
2737 518 2975 587 seipsum
2999 518 3323 574 defendendi
3348 519 3586 583 licentia,

2013 610 2124 677 ligo
2167 610 2392 675 quidem,
2433 612 2733 680 respondit,
2773 613 2926 665 homo
2963 610 3181 665 Judwus
3212 628 3326 664 sttm
3363 653 3377 674 ,
3405 611 3468 664 ab
3505 612 3590 663 in-

2011 700 2186 768 fantia
2217 699 2322 752 Deo
2363 699 2479 753 caeli
2499 711 2547 753 et
2579 711 2731 753 terra:
2753 700 2996 754 addictus
3029 717 3047 754 :
3084 717 3146 754 ac
3185 710 3458 768 propterea
3495 700 3588 752 Dei

2011 789 2120 856 lege
2143 789 2382 843 eruditus
2415 799 2569 859 atque
2594 791 2858 842 mandatis
2884 792 3192 855 instructus,
3223 803 3434 848 accepto
3462 803 3591 844 tem-

2009 897 2135 948 pore
2175 883 2432 935 diviniore
2461 884 2708 952 dignatus
2761 899 2878 935 sum
2920 883 3270 936 institutione.
3322 882 3591 950 MediOque

2009 975 2321 1043 quandoque
2350 975 2435 1027 die
2460 977 2588 1041 vidi,
2613 977 2909 1029 clarissime
2938 992 3152 1043 ρηοδες,
3177 977 3588 1045 circumfnlgcn-

2012 1071 2112 1116 tem
2161 1080 2241 1117 me
2287 1081 2313 1117 e
2343 1065 2468 1117 ca-lo
2503 1065 2670 1118 lucem
2715 1065 2826 1119 sole
2857 1066 3285 1134 splendidiorem,
3321 1067 3591 1136 vivamque

2012 1155 2191 1208 audivi
2228 1173 2423 1219 vocem,
2455 1174 2516 1210 ac
2557 1160 2608 1210 in
2650 1174 2728 1211 me
2757 1157 3027 1211 Christum
3065 1157 3251 1211 Jesunt
3297 1158 3591 1227 explanan-

2013 1259 2112 1302 tem
2140 1250 2208 1313 ³⁵,
2247 1265 2429 1318 nempe
2473 1249 2743 1303 Christum
2781 1250 2957 1312 illum,
2986 1268 3135 1319 quem
3165 1252 3416 1322 ignorans
3441 1252 3590 1314 prius

2009 1347 2360 1414 persequebar
2415 1346 2467 1398 in
2512 1344 2885 1398 incredulitate
2914 1346 2979 1398 ⁵⁸.
3032 1345 3132 1398 Ubi
3181 1355 3354 1399 autem
3409 1345 3590 1398 divina

2013 1437 2330 1490 ret-elatione
2359 1437 2572 1505 cognovi
2609 1453 2719 1490 esse
2744 1437 2894 1489 illum
2951 1453 3065 1490 vere
3109 1435 3308 1490 Filium
3347 1437 3442 1490 Dei
3471 1439 3591 1490 cha-

2012 1530 2172 1583 rissin
2195 1545 2304 1591 um,
2337 1531 2428 1599 qui
2455 1540 2503 1584 et
2535 1530 2683 1599 ﬁlius
2715 1531 2943 1583 hominis
2977 1531 3280 1600 impensiori
3312 1532 3366 1584 in
3397 1533 3589 1582 huma-

2011 1638 2136 1675 nunt
2178 1638 2338 1692 genus
2385 1622 2663 1676 clementia
2704 1622 3169 1692 misericordiaque
3208 1624 3487 1683 exstiterit.
3534 1630 3590 1675 ut

2009 1717 2123 1783 ejus
2141 1727 2404 1769 extremas
2423 1715 2574 1784 fa’ces
2597 1715 2780 1769 altiori
2795 1733 2952 1784 quam
2969 1717 3103 1784 [erat
3119 1715 3416 1768 substantia
3438 1716 3592 1768 modo

2012 1810 2384 1862 instauraret:
2421 1826 2690 1878 omneque,
2729 1826 2792 1863 ne
2829 1809 2931 1862 sim
2971 1809 3252 1877 prolixior,
3298 1809 3592 1876 potioribus

2003 1903 2168 1956 verbis
2236 1901 2329 1957 Dei
2380 1902 2566 1956 doctus
2631 1903 2937 1968 consilium,
2992 1918 3086 1969 per
3133 1919 3270 1964 eum,
3311 1912 3360 1956 et
3415 1902 3480 1954 ab
3532 1919 3592 1955 eo

2001 1995 2242 2065 gentibus
2280 1996 2469 2048 missus
2499 2011 2637 2057 sum,
2671 1995 2740 2048 ad
2767 1995 3058 2049 docendum
3090 2012 3293 2049 omnem
3330 1998 3591 2050 hominem

2002 2105 2066 2142 ac
2095 2087 2483 2142 admonendum
2519 2091 2753 2143 converti
2781 2091 2849 2143 ad
2886 2090 3047 2145 Deunt
3077 2092 3266 2160 fortem
3303 2093 3469 2145 vivum
3499 2093 3542 2123 ⁵⁷
3573 2110 3589 2159 ;

2001 2193 2050 2236 et
2082 2190 2137 2234 ut
2163 2181 2427 2234 hortando
2461 2182 2706 2236 hortarer
2727 2199 2928 2248 omnes,
2961 2200 3168 2238 omnem
3199 2186 3591 2252 improbitatem

2004 2289 2066 2326 ac
2098 2271 2416 2340 iujustitiam
2453 2275 2711 2339 aversari,
2739 2291 3046 2344 omnemque
3070 2276 3345 2344 justitiam
3371 2294 3440 2330 ac
3463 2295 3591 2330 san-

2009 2365 2246 2418 ctitatem
2287 2365 2340 2419 in
2379 2368 2566 2420 timore
2617 2365 2708 2420 Dei
2753 2369 3007 2435 operari;
3039 2370 3130 2435 qui
3177 2385 3358 2437 nempe
3397 2372 3589 2432 sciant,

2007 2459 2260 2512 statuisse
2284 2458 2445 2524 diem,
2471 2461 2524 2514 in
2555 2476 2656 2530 quo
2683 2461 2784 2514 sibi
2803 2461 2914 2530 ipse
2940 2477 3091 2515 omne
3118 2460 3405 2514 humanum
3431 2477 3592 2532 genus

2007 2556 2178 2618 sistet,
2233 2571 2296 2607 ac
2334 2556 2616 2626 unicuique
2661 2572 2756 2626 pro
2807 2571 3029 2609 suarum
3085 2554 3272 2608 nterito
3323 2555 3590 2607 actionum

2017 2645 2222 2701 reddet.

310 2719 571 2804 ειδότας,
601 2738 692 2792 ὅτι
727 2739 996 2806 ἔστησεν
1027 2742 1274 2808 ἡμέραν,
1297 2743 1366 2794 ἐν
1393 2737 1431 2812 ᾖ
1452 2745 1665 2812 μέλλει
1687 2742 1898 2799 πᾶσαν
1932 2743 2125 2810 ἐαυτῷ
2156 2745 2270 2812 τὴν
2293 2746 2724 2814 ἀνθρωπότητα
2748 2739 3074 2809 παριστᾷν,
3156 2740 3255 2794 καὶ
3312 2737 3594 2793 ἀποδιδό-

310 2849 412 2884 ναι
440 2833 680 2898 ἐκάστῳ
707 2835 855 2888 κατὰ
889 2836 1006 2901 τὴν
1031 2833 1253 2902 πρᾶξιν
1290 2839 1500 2894 αὑτοῦ.

383 2926 496 2980 Καὶ
519 2929 590 2980 οὐ
607 2945 706 2996 μοι
733 2931 982 2995 σκοπὸς,
1010 2924 1057 2983 ὦ
1094 2929 1424 2985 δικαιότατε
1451 2932 1728 2999 δικαστὰ,
1763 2939 1903 2988 καθ-

311 3018 476 3082 άπαξ
534 3019 642 3072 τὸν
704 3019 892 3088 τάμον
944 3024 1242 3090 ἀναιρεῖν⁶
1297 3024 1449 3092 αῦτη
1497 3025 1704 3094 σαφὴς
1772 3028 1903 3080 καθ’

312 3111 484 3180 ἡμῶν
507 3113 636 3166 ἐστι
656 3122 1034 3183 συκοφαντία
1055 3133 1069 3148 ο
1109 3118 1270 3170 ἀλλὰ
1312 3121 1602 3185 πορνείαν
1628 3121 1746 3188 μὲν
1794 3118 1902 3174 πᾶα

2089 2931 2198 2986 Νεε
2232 2933 2284 2985 id
2319 2931 2446 2984 mihi
2486 2931 2810 2996 propositum
2841 2937 2940 2990 est,
2973 2926 3270 2995 arquissime
3305 2923 3494 2993 judex.
3534 2934 3589 2976 ut

2010 3042 2186 3079 omnes
2219 3040 2435 3092 prorsus
2467 3023 2679 3088 nuptias
2711 3021 2949 3075 sublatas
2976 3019 3168 3083 velint;
3196 3019 3304 3072 haec
3337 3019 3587 3070 nimirunt

2011 3119 2289 3172 adversum
2348 3131 2439 3167 nos
2509 3124 2692 3181 aperta
2750 3113 3022 3166 calumnia
3069 3122 3198 3175 est;
3241 3110 3330 3164 sed
3382 3127 3586 3164 onmem

311 3222 434 3257 σαν
488 3205 589 3257 καὶ
643 3207 937 3274 μοιχείαν,
991 3209 1087 3261 καὶ
1125 3208 1331 3264 πᾶσαν
1382 3213 1757 3279 ἀκαθαρσίαν
1802 3213 1904 3266 καὶ

2009 3207 2217 3276 quidem
2254 3205 2660 3273 fornicationem
2695 3215 2744 3257 et
2790 3204 3081 3268 mtechiam,
3134 3218 3438 3270 omnemque
3485 3203 3586 3254 int-

2687 3298 2698 3309 .
2833 3298 2865 3313 _.
3037 3312 3040 3313 ν
3095 3296 3106 3313 .
3184 3295 3264 3313 ν...
3372 3295 3455 3313 μμ.

309 3297 633 3364 ἐπιθυμίαν
655 3297 881 3363 κακήν·
919 3300 1014 3352 καὶ
1050 3299 1165 3353 πᾶν
1198 3302 1387 3367 πάνος
1411 3305 1719 3357 ἐκκλίνειν
1749 3321 1902 3372 παρ-

309 3388 489 3441 αινῶ·
521 3390 714 3459 γάμον
756 3390 822 3444 δὲ
865 3391 972 3444 τὸν
1009 3393 1269 3462 ἔννομον
1305 3397 1401 3449 καὶ
1449 3398 1765 3466 ἔνθεσμον,
1827 3398 1907 3463 ὡς

308 3479 603 3547 ἀμίαντον
631 3481 998 3549 ἀποδέχομαι
1040 3484 1137 3535 καὶ
1188 3484 1353 3552 τιμῶ.
1388 3489 1454 3539 Εἰ
1484 3485 1550 3539 δέ
1590 3504 1680 3551 τις
1732 3490 1904 3555 ψυχὴ

308 3569 524 3636 πραεῖα
569 3569 668 3622 καὶ
711 3571 1000 3637 ἐπιεικὴς,
1045 3572 1142 3626 διὰ
1188 3575 1334 3637 βίου
1389 3577 1615 3642 παντὸς
1645 3579 1908 3645 ἀγαμίαν

308 3661 409 3714 καὶ
435 3663 764 3728 παρθενίαν
791 3663 1070 3731 ἑλομένη,
1101 3666 1264 3732 μόνῳ
1287 3668 1444 3733 μόνη
1477 3667 1798 3734 σχολάζειν
1827 3667 1907 3734 τῷ

309 3756 527 3820 Κυρ·¹ῳ,
565 3755 660 3807 καὶ
687 3755 815 3819 ταῖς
843 3757 1216 3823 προσευχαῖς
1253 3757 1724 3825 ἀπερισπάστως
1751 3763 1905 3828 αΙρε-
1938 3821 1942 3829 ,

309 3849 494 3907 τίσαι,
522 3848 696 3900 τοῦτο
719 3848 1054 3901 κάλλιστον
1078 3848 1191 3918 ἐγὼ
1218 3850 1416 3915 κρίνω,
1460 3850 1556 3902 καὶ
1596 3852 1698 3904 τοῦ
1728 3851 1908 3905 ἐπαι-

309 3939 492 3992 νέτου
547 3941 1152 4009 ἀξιεπαινετὼτερον,
1197 3943 1292 3994 καὶ
1330 3943 1434 3996 τοῦ
1484 3944 1678 4011 τιμίου
1715 3944 1906 4014 γάμου

311 4030 676 4099 τιμιώτερον,
710 4032 787 4096 ὠς
819 4032 1041 4085 οἰκεῖον
1073 4033 1261 4098 ὄντως
1294 4033 1367 4085 ὃν
1389 4034 1486 4086 καὶ
1507 4033 1751 4102 μᾶλλον
1771 4037 1905 4103 ἀρε-

310 4130 466 4181 στ‹“ν
490 4126 571 4192 τῷ
589 4125 710 4191 Θεῷ
731 4143 744 4155 ο
770 4129 848 4192 ὡς
869 4129 1062 4181 ditior
1089 4129 1184 4181 καὶ
1213 4130 1430 4197 νοερὰν
1451 4132 1689 4198 ουσίαν,
1708 4133 1906 4199 ἀῢλως

308 4219 409 4272 καὶ
432 4219 700 4287 θελητῶς
723 4217 801 4284 τῷ
825 4221 1138 4288 ὑπερίιῦλῳ
1168 4219 1654 4289 προσαγομένην.

381 4482 605 4536 Τούτων
659 4485 866 4548 ἐκεῖνος
920 4485 996 4548 ὡς
1051 4487 1254 4556 ἢκουσε
1293 4487 1402 4542 τῶν
1451 4489 1666 4558 φωνῶν,
1715 4491 1900 4563 ἐπειδὴ

2013 3299 2328 3354 mmtditiam
2364 3315 2423 3351 ac
2478 3298 2958 3364 concupiscentiam
2997 3296 3195 3348 malunt
3220 3295 3288 3358 ⁵⁸,
3331 3295 3584 3365 quidquid

2009 3391 2216 3442 demum
2249 3389 2483 3442 libidinis
2517 3399 2593 3442 est
2624 3430 2639 3454 ,
2670 3390 2836 3442 vitare
2889 3388 3084 3442 suadeo
3118 3405 3137 3452 ;
3190 3387 3584 3439 matrimonium

2009 3497 2125 3534 vero
2152 3481 2443 3549 legitimum
2467 3489 2785 3549 statumque,
2812 3491 2867 3532 ut
2894 3478 3366 3532 incontaminatum
3393 3478 3585 3544 recipio

2011 3589 2073 3624 ac
2088 3571 2222 3625 colo.
2244 3570 2335 3625 Sin
2357 3585 2528 3625 autem
2552 3571 2729 3624 mitior
2751 3572 2991 3639 quaedam
3017 3571 3349 3638 ntodestaque
3379 3568 3582 3630 anima,

2007 3679 2098 3731 per
2121 3663 2284 3717 vitam
2317 3679 2522 3715 omnem
2550 3662 2751 3715 delecto
2783 3662 3027 3714 ca’libatu
3059 3677 3120 3714 ac
3143 3661 3456 3730 virginitate,
3484 3659 3587 3713 soli

2010 3756 2238 3809 Domino
2272 3755 2384 3808 sola
2421 3770 2630 3818 vacare,
2676 3771 2738 3806 ac
2773 3756 3012 3822 precibus
3053 3754 3370 3806 indistracta
3420 3764 3588 3806 mente

2007 3849 2210 3902 instare
2258 3847 2399 3909 velit,
2448 3847 2502 3899 id
2547 3863 2638 3914 ego
2685 3846 3098 3913 pulcherrimum
3133 3843 3364 3913 judico;
3411 3861 3591 3912 nempe

2010 3937 2271 3992 laudabili
2327 3938 2528 4006 majore
2587 3939 2803 4006 dignum
2854 3937 3031 4000 laude,
3079 3938 3440 4005 connuhioque
3496 3935 3590 3988 lto—

2008 4031 2241 4084 uorabili
2269 4029 2674 4090 honorabilius;
2706 4037 2762 4080 ut
2803 4029 2940 4096 quod
2967 4027 3074 4080 Deo
3106 4045 3218 4081 vere
3239 4030 3591 4081 necessarium

2010 4143 2071 4178 ac
2121 4125 2289 4194 magis
2328 4121 2605 4188 placitura,
2653 4119 2788 4173 velut
2835 4119 3035 4172 scilicet
3091 4120 3203 4172 sine
3254 4121 3475 4172 materia
3529 4136 3589 4170 ac

2006 4215 2381 4285 intelligentem
2423 4213 2671 4273 hostiam,
2708 4211 3064 4263 immateriate
3111 4226 3173 4262 ac
3220 4210 3492 4263 voluntate
3541 4211 3588 4262 ci

2007 4307 2264 4370 oblatam,
2284 4303 2372 4374 qui
2393 4301 2534 4356 omni
2558 4300 2639 4354 illi
2663 4299 2800 4370 quod
2831 4309 2982 4352 extra
3007 4299 3284 4353 materiam
3307 4309 3405 4365 est,
3439 4299 3590 4369 longe

2005 4399 2218 4454 eminet.

2079 4491 2175 4546 llis
2208 4491 2299 4545 ille
2331 4489 2537 4543 auditis
2569 4487 2816 4547 vocibus,
2850 4484 2994 4556 quod
3029 4484 3276 4539 veritatis
3311 4483 3414 4536 vim
3437 4483 3586 4552 judi-

308 4577 516 4644 κρίνειν
537 4577 638 4628 οὐκ
656 4576 770 4645 ᾔδει
797 4577 896 4647 τὴν
925 4577 1155 4649 δύναμιν
1181 4579 1281 4648 τῆς
1298 4580 1574 4648 ἀληθείας
1605 4581 1770 4652 (ψυχὴ
1790 4583 1896 4655 γὰρ

2009 4603 2133 4642 care
2177 4601 2283 4640 non
2337 4591 2562 4637 noverat
2610 4580 2906 4650 (quisquis
2956 4581 3100 4635 enim
3156 4584 3371 4632 animus
3461 4577 3587 4630 lmic.

313 4669 485 4734 πᾶσα,
524 4667 605 4734 τῷ
641 4669 736 4720 νῦν
765 4669 921 4721 αἰῶνι
945 4671 1040 4722 καὶ
1063 4673 1182 4734 ταῖς
1217 4673 1458 4736 ἀπάταις
1480 4671 1575 4726 τοῦ
1606 4673 1722 4744 βίου
1765 4691 1897 4743 atpo-

311 4765 565 4835 δρότερον
619 4766 1043 4838 ἑμττεφυρμὲνη,
1101 4768 1203 4819 οὐκ
1275 4763 1416 4821 οἶδεν
1479 4771 1898 4840 ἀσκαρδαμυκτὶ

312 4856 445 4926 πρὸς
474 4856 574 4917 τὰς
611 4858 710 4924 τῆς
743 4857 1000 4928 ἀληθείας
1052 4858 1227 4927 αὐγὰς
1279 4862 1546 4913 ἁντωπεῖν
1636 4862 1703 4914 δι’
1743 4861 1770 4914 ὃ
1801 4864 1896 4914 καὶ

306 4949 491 5012 αὐτὸς,
555 4948 681 5018 μήτ’
733 4949 1054 5002 ἀντιτείνειν
1103 4951 1264 5021 ἔχων,
1293 4954 1430 5022 μήτε
1460 4953 1518 5005 δὲ
1555 4953 1896 5006 συντίθεσθαι

307 5042 416 5101 τοῖς
456 5039 565 5092 ὑπὸ
586 5039 681 5092 τοῦ
724 5040 936 5093 Παύλου
969 5041 1344 5112 λαλουμένοις,
1377 5043 1640 5113 ἀσχολίαν
1682 5061 1740 5096 τε
1765 5061 1897 5114 προ-

307 5129 620 5196 φασίζεται,
672 5131 766 5184 καὶ
791 5130 979 5185 τοῦτον
1003 5131 1330 5204 δεσμεύσας,
1355 5133 1739 5206 καθείργνυσιν
1778 5134 1894 5206 εἱρ-

305 5223 424 5292 mg.

371 5313 437 5365 Ti
466 5309 562 5366 οὖν
595 5314 626 5384 ἡ
659 5313 874 5382 Θὲκλας
906 5311 1032 5386 Ἆρ’
1053 5315 1333 5386 ὑπεστάλη
1367 5317 1600 5388 φρίξασα
1631 5320 1767 5390 πρὸς
1795 5320 1893 5391 τὴν

303 5403 394 5456 τοῦ
436 5405 682 5476 κήρυκος
734 5407 1074 5478 ἀπαγωγήν;
1132 5407 1166 5478 ἢ
1203 5408 1398 5476 μικρὸν
1447 5408 1577 5477 γοῦν
1603 5410 1889 5481 καθυφῆκε

305 5497 402 5564 τῆς
435 5497 784 5568 προθέσεωςς
824 5499 854 5569 ἦ
891 5500 1129 5563 διανοίας
1163 5500 1354 5570 βάθεσι
1396 5500 1532 5564 τέως
1584 5502 1683 5573 τὴν
1719 5505 1889 5572 αὐτῆς

307 5589 488 5640 πίστιν
520 5589 1028 5662 ἐγκατέκρυψεν;ἥ
1071 5593 1130 5644 οὑ
1171 5592 1377 5660 σφόδρα
1425 5592 1628 5661 ταύτην
1670 5593 1890 5664 septem.

308 5676 463 5732 θευσε
499 5680 849 5750 περιφανῶ;;
891 5681 923 5751 ἢ
959 5681 1277 5752 θοιαμϐεύει
1313 5686 1432 5754 μὲν,
1455 5685 1516 5736 οὐ
1535 5685 1769 5748 συνετῶς
1788 5685 1878 5751 es;

377 5859 419 5891 ⁸³
449 5861 570 5918 Act.
604 5861 734 5927 tx,5
767 5878 780 5928 ;
818 5879 960 5930 xxvi,
999 5867 1078 5922 l5.
1158 5865 1203 5896 "
1243 5863 1430 5919 l'l‘itu.
1468 5880 1505 5932 ι,
1547 5864 1625 5920 13.

1701 5865 1742 5898 ⁵⁷
1773 5863 1916 5922 l‘sal.
1955 5881 2067 5933 ιιι,
2089 5865 2140 5920 5.

2003 4679 2203 4734 sacculo
2248 4677 2475 4746 vitatque
2515 4675 2796 4729 erroribus
2855 4672 3232 4727 vehementius
3293 4673 3586 4725 immersus

2001 4784 2107 4838 est,
2139 4771 2413 4826 irretortis
2443 4769 2617 4824 oculis
2649 4769 2895 4822 veritatis
2928 4766 3168 4838 fulgores
3201 4765 3446 4819 contueri
3475 4780 3582 4818 neu

2004 4864 2173 4935 novit)
2212 4881 2225 4917 :
2258 4861 2610 4932 quamobrem
2646 4861 2807 4946 etiam
2860 4860 2969 4919 ille,
3007 4873 3129 4912 cum
3173 4871 3273 4910 nec
3304 4856 3581 4910 adversmi

2002 4963 2208 5025 posset,
2236 4967 2336 5007 nec
2376 4967 2502 5006 vero
2543 4949 2802 5004 assentiri
2828 4949 2980 5003 Pauli
3007 4949 3209 5013 verbis,
3245 4962 3352 5001 non
3388 4962 3583 4999 vacare

2002 5045 2105 5101 sibi
2143 5059 2238 5114 per
2276 5044 2452 5099 otium
2489 5041 2733 5108 simulat,
2766 5042 3122 5110 vinctumque
3151 5039 3203 5093 in
3244 5053 3466 5094 carcere
3496 5039 3582 5092 in-

2000 5120 2193 5192 cludit.

2069 5316 2207 5384 Quid
2255 5315 2422 5386 igitur
2462 5313 2660 5369 Thecla
2703 5314 2726 5368 ?
2771 5311 2990 5368 Timore
3025 5311 3300 5368 inhorruit
3346 5312 3582 5367 abduc-to

1997 5408 2281 5480 praecone?
2325 5418 2418 5463 aut
2466 5423 2656 5478 parum
2733 5406 2938 5477 aliquid
3003 5407 3266 5476 propositi
3330 5415 3579 5462 tenorem

1997 5501 2251 5558 remisit?
2279 5511 2372 5555 aut
2403 5501 2514 5557 alto
2543 5501 2741 5554 mentis
2771 5502 2892 5554 sinu
2927 5500 3190 5555 hactenus
3224 5499 3386 5554 tidem
3422 5515 3576 5553 suam

1999 5595 2296 5649 occultavit
2329 5595 2353 5648 ?
2381 5607 2475 5647 aut
2505 5609 2611 5646 non
2649 5593 2932 5660 splendide
2965 5607 3082 5646 eam
3115 5591 3459 5660 publicant?
3487 5601 3581 5646 aut

1990 5688 2288 5758 publicavit
2335 5687 2551 5757 quidem
2597 5691 2762 5754 atque
2799 5684 3007 5750 edidit,
3059 5683 3154 5741 sed
3199 5683 3518 5755 imprudent
3555 5703 3583 5744 ι·

2224 5865 2269 5897 ⁸⁸
2305 5864 2518 5922 Coluss.
2557 5881 2638 5931 ιιι,
2681 5864 2714 5921 5
2748 5881 2762 5932 ;
2805 5861 2970 5919 llchr.
3001 5877 3122 5928 xm,
3148 5861 3200 5917 4.
