4008 6632
393 424 498 490 3ίὸ

1559 429 1855 491 ΝΙΟΕΤᾸΞ
1878 431 2357 497 PAPIILAGONI
2372 437 2411 498 S

3565 439 3671 507 316

396 524 562 589 fecit?
588 531 1045 606 Haudquaquam.
1079 535 1218 604 Quid
1258 536 1441 607 itaque
1471 536 1599 592 facit
1629 540 1652 593 ?
1681 539 1865 609 Surgit
1896 539 1973 595 si—

2098 544 2375 615 )ὐμενοῦν.
2404 544 2565 598 Ἀλλά
2586 545 2638 599 τί
2664 546 3171 613 ποιεῖ;’⁹Ανίσταται
3202 548 3343 603 κατά
3376 550 3545 621 μέσας
3577 557 3674 610 νύ-

393 627 564 681 lentio
608 627 785 682 media
838 636 1049 694 nocte;
1104 629 1381 698 lleumque
1430 628 1580 684 Pauli
1628 630 1867 695 invocat,
1915 637 1975 683 ut

393 734 579 774 comes
609 734 731 774 esse
768 720 899 774 velit
932 738 947 785 ;
996 728 1250 774 ornatum
1304 721 1534 791 spernit,
1568 721 1808 786 inaures,
1852 736 1975 790 spe-

396 812 541 877 cula,
567 813 830 883 quidquid
862 814 1240 868 illecebrarum
1272 823 1356 868 est
1408 814 1746 883 iuventutis;
1776 816 1977 869 instar-

396 920 505 974 qtte
563 906 861 976 evangelici
899 905 1043 959 illius
1097 906 1442 965 mercatoris.
1486 905 1705 959 inventa
1737 908 1973 975 pretiosa

397 997 691 1066 margarita
712 1038 726 1062 ,
760 1013 983 1051 suorum
1016 998 1260 1050 omnium
1294 997 1470 1066 pretio
1498 1013 1617 1052 eam
1650 999 1851 1051 coemit
1882 999 1926 1030 ⁵³
1959 1013 1974 1061 ;

395 1105 458 1142 ac
498 1092 647 1143 velut
677 1091 795 1158 ejus
824 1099 1146 1159 praeceptor,
1192 1106 1313 1158 qua:
1341 1091 1416 1143 illi
1449 1099 1607 1143 erant
1639 1091 1810 1152 lucra,
1846 1106 1975 1159 pro-

396 1191 480 1238 ter
508 1182 784 1237 Christum
832 1184 1219 1238 detrimentum
1257 1184 1583 1237 existimans
1620 1184 1686 1248 5°,
1729 1173 1831 1234 alia
1891 1183 1977 1250 ja-

396 1276 561 1330 nitori
595 1278 887 1346 praebebat,
925 1278 1028 1330 alia
1059 1277 1395 1339 carcerario,
1431 1274 1593 1330 modo
1623 1276 1800 1330 solunt
1835 1277 1980 1329 sine-

395 1378 548 1423 retur
577 1368 804 1423 Paulum
852 1371 1053 1430 videre,
1096 1370 1258 1438 eique
1297 1370 1564 1430 carceris.
1609 1371 1735 1432 soli,
1781 1372 1981 1425 vincu-

397 1462 572 1515 lorum
649 1462 853 1516 sociam
930 1461 1256 1525 aet-edere;
1317 1460 1631 1530 divinaeque
1705 1462 1979 1532 Evangelii

396 1555 807 1625 praedicationis
835 1554 1130 1624 perfectius
1161 1555 1482 1625 participem
1501 1553 1636 1609 fore.
1680 1554 1807 1608 Erat
1840 1557 1983 1611 inter

397 1647 514 1702 lucc
557 1650 901 1713 conspicere,
942 1648 1088 1700 illam
1121 1647 1342 1718 quidem
1376 1657 1434 1702 ut
1475 1649 1979 1705 siticulosissimam

396 1754 614 1794 cervam
646 1741 710 1793 ad
751 1741 839 1794 Dei
880 1756 1053 1810 aquas
1086 1756 1381 1797 accurrere
1424 1782 1440 1808 ,
1487 1744 1635 1797 hunc
1681 1758 1812 1798 vero
1861 1755 1983 1799 tan-

397 1848 557 1902 quam
596 1834 952 1901 ptolluenlem
980 1832 1228 1900 ﬂuvium,
1270 1835 1422 1888 illitts
1466 1836 1667 1890 mentis
1701 1837 1781 1891 ori
1816 1838 1979 1892 uber-
2012 1857 2052 1910 ιι

400 1926 600 1979 rimutn
644 1927 929 1996 theologia:
964 1912 1182 1983 laticem
1214 1927 1290 1982 illi
1321 1927 1721 1985 al'fundere.Ac
1750 1931 1826 1984 illi
1857 1933 1980 2002 qui-

400 2019 522 2073 dem
552 2020 603 2073 in
638 2018 720 2074 Itis
742 2029 924 2073 erant.

468 2196 651 2252 Prima
681 2197 861 2251 statim
892 2214 1113 2263 aurora,
1143 2201 1447 2270 ingensque
1478 2201 1813 2256 domesticos
1840 2205 1987 2272 cepit

334 2320 335 2323 η
400 2293 663 2346 turbatio.
699 2292 1057 2358 Quaerebatur
1100 2310 1338 2364 namque
1388 2295 1591 2349 Thecla
1628 2312 1643 2348 :
1677 2296 1744 2347 de.
1784 2295 1986 2349 Thecla

400 2401 591 2439 rumor
627 2397 782 2441 erat:
819 2387 958 2454 apud
994 2394 1175 2449 notos,
1213 2386 1354 2456 apud
1387 2398 1648 2458 cognatos
1678 2389 1824 2441 omni
1861 2389 1987 2441 dili-

400 2482 581 2549 gentia
617 2482 994 2545 vestigabatur
1022 2522 1035 2543 ,
1092 2481 1346 2550 interque
1381 2482 1612 2543 vicinos,
1652 2489 1711 2534 ιιι
1755 2497 1851 2547 par
1877 2489 1982 2541 est.

399 2582 453 2624 et
494 2574 723 2626 amicos.
760 2572 968 2626 Famuli
1029 2572 1451 2641 inquirebantur
1480 2588 1494 2636 ;
1527 2574 1739 2626 ancillm
1799 2588 1988 2641 poenas

401 2663 645 2728 (labant;
698 2666 877 2717 omnis
920 2663 1126 2717 familia
1156 2664 1487 2731 agitabatur.
1520 2664 1749 2735 Cognita
1783 2676 1983 2731 tamen,

403 2755 469 2808 ad
512 2756 661 2809 l‘auli
700 2756 863 2824 pedes
891 2758 1175 2825 prosoluta
1205 2757 1421 2811 inventa
1464 2766 1548 2811 est
1581 2773 1595 2822 ;
1641 2773 1704 2811 ac
1744 2757 1984 2827 quidem,

401 2848 550 2920 juxta
602 2848 817 2908 Isaiam.
865 2849 1009 2902 illius
1041 2849 1237 2913 pedum
1286 2850 1562 2918 pulverem
1612 2850 1846 2916 liugebat
1877 2850 1918 2880 ⁶¹
1970 2866 1984 2912 ;

348 2929 355 2935 ’
405 2951 667 3010 tanquam
689 2956 816 2995 vero
849 2940 937 2994 Dei
971 2939 1109 2995 Filio
1134 2942 1355 3010 Deoque
1385 2942 1464 2993 sic.
1483 2942 1789 2995 reverentia
1824 2951 1988 3009 atque

404 3044 642 3089 tremore
672 3033 748 3086 illi
796 3034 1031 3087 astabat.
1074 3032 1164 3086 Sic
1196 3033 1458 3086 nimirqu
1500 3049 1710 3088 summe
1739 3049 1857 3087 eam
1897 3034 1985 3086 Dei

407 3128 575 3179 timor
600 3135 823 3194 ceperat
855 3141 966 3193 quo
989 3126 1100 3192 jam
1131 3126 1343 3179 conﬁxa
1366 3133 1624 3194 lentaque
1654 3140 1717 3179 ac
1748 3127 1985 3180 constri-

2079 650 2211 696 κτας
2243 633 2422 704 ησυχῆ
2444 650 2457 664 ο
2484 635 2826 690 ἐπικαλεῖται
2869 636 2961 691 τὸν
2992 637 3207 691 Παύλου
3241 638 3374 692 Θεὸν
3414 643 3496 705 είς
3550 662 3678 698 συν-

2076 727 2245 780 οδίαν·
2266 727 2537 792 ὲξουθενεῖ
2557 728 2623 781 τά
2650 729 2873 799 κόσμια,
2896 730 2964 784 τὰ
3006 731 3225 796 ἐνώτια,
3259 733 3327 786 τά
3361 735 3673 809 κάτοπτρα,

2077 818 2148 872 τὰ
2199 819 2473 891 θέλγητρα
2528 821 2706 873 πάντα
2752 823 2851 889 τῆς
2906 823 3190 892 νεότητος·
3228 827 3322 878 καὶ
3377 829 3519 881 κατά
3582 832 3678 885 τὸν

2078 909 2431 979 εὐαγγελικὸν
2469 913 2678 966 ἐκεῖνον
2730 912 2991 984 ἔμπορον,
3042 916 3134 969 τὸν
3177 917 3474 988 πολύτιμον
3505 922 3675 992 εὐρη-

2078 1003 2206 1055 κυῖα
2243 1004 2623 1074 μαργαρίτην,
2673 1005 2890 1059 πάντων
2919 1000 2994 1060 ὧν
3024 1002 3172 1076 εἶχεν
3204 1008 3433 1079 ἐπρίατο
3464 1012 3627 1065 αὐτόν
3652 1029 3667 1043 ·

2078 1094 2171 1145 καὶ
2193 1095 2335 1147 κατά
2358 1095 2448 1146 τὸν
2477 1095 2646 1164 αὐτῆς
2666 1096 3006 1163 διδάσκαλον,
3040 1099 3196 1153 ἀτινα
3220 1096 3289 1171 ἦν
3310 1101 3446 1172 αὐτῇ
3482 1103 3674 1174 κέρδη,

2078 1184 2166 1236 διὰ
2199 1184 2292 1236 τὸν
2324 1184 2556 1255 Χριστὸν
2583 1185 2788 1254 ζημίαν
2810 1188 3159 1257 ἡγησαμένη,
3200 1189 3234 1244 ἀ
3270 1192 3369 1260 μὲν
3403 1193 3574 1246 ἐδίδου
3596 1194 3679 1264 τῷ

2081 1276 2337 1347 πυλωρῷ,
2364 1277 2398 1331 ἃ.
2422 1279 2476 1331 δὲ
2515 1279 2592 1347 τῷ
2640 1280 3042 1349 δεσμοφύλακιο
3083 1283 3263 1352 μόνον,
3304 1284 3447 1339 ὥστε
3494 1303 3681 1356 παρα-

2080 1366 2328 1436 χωρῆσαι
2360 1366 2529 1437 ταύτῃ
2576 1367 2665 1419 τὸν
2706 1367 2915 1421 Παῦλον
2970 1368 3128 1435 ἰδεῖν,
3162 1372 3253 1423 καὶ
3303 1373 3401 1442 τῆς
3449 1376 3681 1446 εἱρκτῆς

2082 1457 2230 1526 αὐτῷ
2283 1458 2375 1510 καὶ
2407 1459 2501 1511 τοῦ
2537 1459 2765 1527 ἐδάφους
2796 1461 3120 1529 κοινωνῆσαι
3155 1465 3248 1515 καὶ
3294 1465 3405 1517 τῶν
3435 1464 3675 1536 δεσμῶν,

2083 1552 2178 1603 καὶ
2204 1550 2269 1621 δὴ
2301 1552 2395 1604 καὶ
2448 1552 2551 1620 τῆς
2607 1553 2968 1621 εὐαγγελικῆς
2999 1553 3293 1620 θεηγορίας
3343 1558 3681 1626 τελεώτερον

2087 1648 2397 1714 μετασχεῖν.
2430 1641 2538 1697 Ἦν
2569 1642 2661 1699 οῦν
2694 1648 2811 1698 ἐκεῖ
2841 1647 3105 1719 καθορᾷν,
3127 1651 3228 1720 τὴν
3266 1648 3366 1719 μὲν
3398 1643 3485 1702 οἷα
3512 1650 3679 1721 διψη-

2083 1737 2388 1803 τικωτάτην
2414 1735 2611 1798 ἔλαφον
2633 1737 2818 1807 δρόμῳ
2836 1736 2906 1789 τά
2939 1736 3107 1791 ὕδατα
3134 1739 3230 1792 τοῦ
3267 1739 3402 1793 Θεοῦ
3432 1741 3684 1793 καταλαο

2085 1829 2285 1882 ϐοῦσαν
2309 1846 2322 1858 ·
2351 1831 2441 1882 τὸν
2472 1830 2548 1893 δὲ,
2610 1830 2861 1901 καθάπερ
2910 1832 3250 1903 προρρἑντα
3276 1824 3543 1903 ποταμὸν,
3580 1834 3679 1887 καὶ

2084 1922 2227 1976 κατά
2259 1921 2351 1975 τοῦ
2406 1921 2593 1992 νοεροῦ
2631 1923 2895 1992 στόματος
2930 1925 3098 1994 αὐτῆς
3158 1925 3219 1978 τὸ
3252 1926 3349 1995 τῆς
3400 1925 3683 1995 θεολογίας

2084 2015 2231 2083 νάμα
2269 2015 2653 2085 δαψιλέστατον
2682 2016 3060 2081 ὲπιϐλύζοντα.
3104 2019 3213 2071 Καὶ
3243 2019 3292 2070 οί
3335 2018 3434 2089 μὲν
3463 2014 3602 2088 ἦσαν
3621 2020 3689 2071 ἐν

2083 2107 2312 2170 τούτοις.
2647 2122 2651 2127 ·

2159 2201 2313 2267 ’Ἅμα
2343 2198 2401 2252 δὲ
2427 2199 2521 2265 ἓω,
2577 2200 2673 2253 καὶ
2711 2201 2946 2272 τάραχος
2991 2202 3166 2272 μέγας
3200 2201 3520 2271 κατειλήφει
3552 2202 3685 2266 τοὺς

2085 2292 2342 2353 οίκείους.
2407 2292 2681 2363 Ἐζητεῖτο
2725 2295 2835 2365 γὰρ
2882 2294 3095 2346 Θέκλα⁶
3128 2294 3430 2347 διελαλεῖτο
3459 2294 3681 2347 Θέκλα⁶

2086 2386 2423 2455 ἀνηρευνᾶτο
2476 2386 2624 2457 παρὰ
2657 2390 2772 2450 τοῖς
2819 2391 3103 2455 γνωστοῖς,
3140 2389 3291 2460 παρὰ
3335 2390 3447 2450 τοῖς
3486 2406 3687 2455 συγγε-

2088 2480 2234 2543 νέσι,
2292 2479 2388 2532 καὶ
2423 2480 2572 2549 παρά
2618 2480 2876 2549 γείτοσιν,
2913 2481 2988 2543 ὡς
3036 2481 3203 2544 εἰκὸς,
3261 2481 3358 2532 καὶ
3391 2479 3583 2549 φίλοις.
3619 2481 3685 2534 Οἱ

2086 2572 2295 2626 οἰκέται
2351 2572 2649 2642 ὴτάζοντο,
2682 2573 2735 2625 ad
2767 2572 3148 2642 θεραπαινίδες
3202 2571 3359 2635 δίκας
3418 2572 3683 2626 ὲτίννυον·

2087 2666 2183 2716 καὶ
2204 2663 2252 2715 οί
2283 2664 2379 2714 ἐπὶ
2401 2663 2502 2731 τῆς
2527 2664 2707 2727 οἰκίας
2737 2665 2938 2726 πάντες
2977 2663 3274 2717 ὲδονοῦντο.
3329 2663 3610 2734 Ἐγνὼσθη
3636 2658 3687 2717 δ’

2087 2754 2181 2808 οῦν
2207 2756 2375 2823 ὅμως,
2396 2756 2488 2807 καὶ
2512 2756 2645 2823 πρὸς
2673 2758 2784 2818 τοῖς
2806 2756 3020 2808 Παύλου
3047 2755 3343 2825 κυλιομένη
3368 2756 3684 2827 κατελήφθη

2090 2846 2265 2897 ποσίνε
2295 2846 2495 2898 καὶτὸν
2518 2847 2646 2915 χοῦν
2679 2845 2776 2915 μὲν
2803 2846 2911 2900 τῶν
2931 2846 3118 2912 αὐτοῦ,
3147 2847 3289 2900 κατά
3312 2846 3403 2900 τδν
3433 2847 3685 2911 Ἡσαΐαν,

2091 2938 2266 3007 ἓλειχε
2286 2937 2464 2990 ποδῶν
2486 2952 2499 2965 ’
2529 2936 2679 3008 αὐτῷ
2699 2938 2756 2990 δὲ
2792 2939 2907 3007 μετ’
2936 2938 3224 3001 εὐλαϐείας
3244 2938 3387 2992 οὕτω
3434 2938 3529 2991 καὶ
3554 2938 3687 3009 τρό-

2095 3049 2196 3101 μου
2235 3031 2561 3100 παρίστατο,
2607 3029 2684 3093 ὼς
2731 3030 2834 3102 υίῷ
2868 3031 3003 3085 Θεοῦ
3044 3036 3139 3086 καὶ
3185 3031 3329 3101 θεῷ·
3389 3030 3532 3084 οὔτω
3564 3014 3690 3083 κατ’

2094 3122 2271 3190 ἄκρας
2310 3120 2481 3191 αὐτὴν
2503 3115 2647 3173 εἷλεν
2682 3123 2709 3174 ὁ
2738 3121 2875 3174 Θεοῦ
2906 3121 3091 3189 φόϐος,
3122 3114 3165 3189 ᾧ
3213 3121 3398 3175 λοιπὸν
3427 3121 3682 3190 καθηλω-

405 3227 516 3284 cla,
552 3219 687 3272 nihil
739 3218 893 3287 pensi
944 3218 1179 3272 habebat
1220 3225 1315 3270 aut
1348 3216 1682 3278 attendebat,
1733 3217 1824 3286 qui
1871 3217 1989 3285 ejus

2098 3214 2234 3284 μένη
2270 3214 2364 3267 καὶ
2392 3213 2747 3282 συνεχομένη,
2781 3213 3038 3284 οὐδεμίαν
3068 3214 3214 3279 ὄπιν,
3263 3214 3524 3283 οὐδεμίαν
3557 3216 3685 3267 επι-

408 3327 576 3366 causa
612 3320 706 3364 aut
738 3311 927 3366 turbas
960 3312 1192 3374 cierent,
1246 3317 1341 3363 aut
1382 3310 1515 3378 ipsis
1546 3309 1727 3364 illatas
1762 3308 1987 3365 ferrent.

486 3485 628 3551 Quid
669 3486 834 3554 igitur
860 3484 1151 3557 Thamyris
1181 3486 1204 3538 ?
1237 3484 1443 3539 Furore
1475 3501 1669 3538 rursus
1700 3484 1939 3553 agitatur
1974 3501 1990 3552 ;

411 3590 609 3631 rursus
642 3577 935 3643 turbatur;
970 3592 1164 3629 rursus
1187 3576 1542 3639 incenditur;
1580 3590 1776 3629 rursus
1804 3577 1997 3632 turbas

360 3660 361 3663 T
410 3671 577 3738 cogit,
624 3669 890 3737 Inngrque
936 3669 1106 3736 magis
1157 3682 1220 3720 ac
1264 3668 1437 3737 prius,
1480 3675 1686 3735 quanto
1735 3668 1995 3722 nimirum

411 3764 575 3817 etiam
608 3763 895 3815 ret-liorem
936 3762 1165 3831 virginis
1199 3761 1575 3815 seductionem
1610 3763 1854 3830 putabat.
1890 3761 1996 3815 De-

413 3854 521 3907 fert
574 3871 764 3907 rursus
822 3854 1037 3924 pnesidi
1095 3853 1361 3908 adversus
1418 3852 1699 3918 Paulum;
1746 3854 2001 3924 velutque

414 3945 591 4012 palam
635 3945 838 4013 injuria
876 3946 1057 4005 laesus,
1108 3959 1324 4012 pmnam
1373 3943 1601 4012 irrogari
1650 3944 1917 4013 deposcit.
1952 3944 2000 4002 Is

412 4035 597 4103 itaque
615 4035 953 4105 apparitores
978 4045 1221 4097 secutus,
1242 4033 1307 4085 ad
1325 4032 1594 4101 judicium
1614 4033 1780 4087 alacri
1809 4051 2002 4090 rursus

414 4126 599 4180 animo
657 4126 1032 4181 ascendebat:
1083 4125 1177 4179 sed
1229 4133 1284 4179 et
1332 4126 1443 4190 illa,
1501 4134 1558 4177 ttt
1614 4126 1766 4179 Pauli
1813 4142 2001 4182 revera

414 4220 706 4289 discipula,
728 4228 917 4273 vocata
947 4235 1068 4272 cunt
1098 4227 1266 4280 esset,
1303 4218 1564 4287 praeclara
1591 4218 1756 4271 animi
1791 4220 2005 4289 magni-

422 4313 607 4363 tudine
635 4326 697 4363 ac
733 4313 1067 4378 praestantia,
1111 4308 1176 4362 ad
1205 4309 1444 4362 tribunal
1476 4309 1684 4363 adibat.
1712 4308 1828 4364 Non
1857 4311 2001 4363 enim

420 4405 627 4458 Christi
653 4403 1003 4473 Erangelium
1029 4404 1424 4465 erubescebat;
1448 4402 1542 4457 sed
1567 4402 1824 4471 gaudium
1846 4404 1997 4458 illius

416 4497 617 4549 eximie
639 4512 756 4557 cor,
787 4497 1129 4566 mysticaque
1161 4494 1457 4548 exsultatio
1497 4504 1833 4563 pervaserat.
1856 4496 2002 4564 quod

418 4588 886 4659 pz-otjhristocum
905 4587 1069 4640 Paulo
1088 4587 1241 4640 urbis
1257 4585 1471 4640 theatro
1487 4586 1695 4640 traduci
1716 4597 2013 4651 meruerat,

500 4681 602 4736 Ubi
639 4680 825 4747 itaque
859 4678 1019 4733 ambo
1047 4678 1217 4741 iudici
1253 4677 1542 4731 astiterant
1575 4694 1590 4742 ;
1628 4676 1852 4731 Paulum
1886 4680 2010 4749 qui-

421 4771 545 4828 dem
577 4785 675 4822 nec
708 4769 875 4823 verbo
910 4769 1223 4838 dignantur,
1255 4767 1399 4837 quod
1447 4766 1537 4822 ille
1559 4769 1671 4837 jam
1704 4768 1786 4822 sui
1815 4769 2007 4826 defen-

426 4867 582 4919 sione.
622 4862 945 4933 perfunctus
983 4871 1121 4927 erat,
1171 4862 1426 4931 quodque
1488 4878 1552 4917 ex
1610 4862 1784 4933 prima
1825 4864 2007 4918 statim

422 4958 786 5026 responsione
825 4956 1034 5009 illatum
1081 4956 1289 5009 crimen
1325 4966 1547 5010 strenue
1576 4955 1798 5025 ‘quidem
1835 4958 2010 5027 depu-

423 5051 563 5107 lerat
597 5066 610 5102 :
642 5065 706 5101 ex
734 5038 935 5101 Thecla
966 5062 1093 5101 vero
1122 5048 1387 5102 rationem
1441 5056 1747 5117 exposcunt
1792 5060 2010 5119 spreta-

424 5159 543 5199 rum
592 5141 933 5209 nuptiarum,
977 5138 1177 5207 quidve
1220 5154 1387 5193 causa
1432 5140 1609 5194 aversi
1648 5139 1769 5209 ejus
1797 5155 1825 5193 a
1862 5141 2012 5194 Tha-

427 5227 637 5299 tnyride
681 5226 847 5278 animi
887 5226 1137 5280 exsistat.
1178 5227 1246 5279 At
1277 5228 1388 5291 illa,
1422 5243 1489 5282 ne
1532 5229 1759 5282 verbum
1790 5229 2010 5297 quidem

422 5323 651 5395 dignata
685 5320 855 5388 loqui,
889 5319 1096 5373 intenta
1126 5320 1180 5373 in
1212 5317 1439 5373 Paulum
1476 5328 1617 5385 erat,
1682 5320 2014 5389 silentioque

424 5431 583 5471 Suam
639 5414 847 5468 sensim
914 5418 1151 5464 mentem
1210 5410 1525 5465 videntibus
1573 5410 2011 5475 subindicabat;

429 5523 622 5575 nempe.
668 5523 773 5560 non
822 5505 990 5559 licere
1035 5513 1302 5573 prresente
1354 5504 1639 5571 magistro,
1681 5502 2011 5571 discipulum

431 5614 530 5666 pro
558 5600 826 5653 concione
871 5596 1041 5667 loqui.
1088 5594 1535 5663 lndisciplinatos
1573 5596 1759 5664 itaque
1797 5610 1894 5648 seu
1930 5595 2016 5647 in-

429 5687 768 5756 compositos
818 5684 1231 5757 reprehendens
1282 5685 1650 5752 magnanimis
1700 5683 1865 5754 Virgo
1919 5684 2014 5753 qui

433 5779 865 5846 sciscitarentur,
883 5782 935 5835 in
959 5797 1081 5835 eum
1105 5778 1325 5833 modum
1347 5779 1478 5833 nihil
1501 5780 1729 5849 loquens
1749 5778 2026 5833 manebat.

506 5904 551 5935 ⁸⁸
586 5897 775 5958 Matth.
811 5917 929 5969 χιιι,
960 5902 1037 5957 li.
1119 5903 1163 5935 ⁶⁰
1198 5901 1431 5970 Philipp.
1468 5915 1545 5966 ιιι,
1575 5899 1631 5955 7.

2094 3304 2336 3373 στροφὴν
2373 3304 2482 3355 τῶν
2534 3302 2600 3356 δι’
2624 3302 2793 3373 αὐτὴν
2815 3302 3187 3374 θορυϐούντων
3215 3305 3248 3375 ἢ
3272 3303 3690 3376 θορυϐουμένων

2095 3397 2349 3450 ἐποιεῖτο.

2168 3488 2234 3541 Τί
2260 3488 2317 3541 δὲ
2370 3489 2397 3540 ὁ
2433 3486 2722 3557 Θάμυρις;
2765 3487 3032 3540 Μαίνεται
3088 3486 3280 3541 πάλιν·
3335 3490 3692 3558 ταράττεται,

2098 3583 2261 3635 πάλιν
2293 3580 2582 3645 ἐξάπτεται
2608 3596 2621 3608 ·
2644 3579 2954 3649 ὀχλαγωγεῖ
2983 3579 3166 3643 πάλιν,
3194 3580 3290 3633 καὶ
3314 3578 3449 3632 πολὺ
3488 3579 3693 3648 μᾶλλον

2097 3675 2131 3746 ἢ
2163 3673 2353 3745 πρώην
2375 3714 2389 3736 ,
2421 3674 2530 3743 ὅσῳ
2551 3673 2644 3726 καὶ
2676 3671 3028 3743 βεϐαιοτέραν
3055 3672 3321 3741 ὑπείληφε
3350 3673 3451 3741 τῆς
3480 3672 3691 3742 παρθέ-

2099 3784 2192 3819 νου
2215 3765 2312 3836 τὴν
2343 3764 2581 3834 ἀπάτην.
2622 3762 2940 3833 Ἐμφανίζει
2965 3763 3127 3826 αὖθις
3164 3763 3243 3833 τῷ
3292 3764 3521 3833 ἡγεμόνι
3548 3764 3694 3817 κατά

2101 3855 2350 3909 Παύλου’
2384 3855 2478 3906 καὶ
2532 3853 2607 3915 ὼς
2646 3852 2905 3922 ἄντικρυς
2941 3853 3288 3923 ἠδικημένος,
3341 3853 3499 3922 δίκην
3551 3856 3695 3907 αἰτεῖ

2101 3946 2306 4004 λαϐεῖν.
2358 3945 2452 3999 καί⁵
2500 3944 2559 4008 ὃς
2586 3946 2699 4008 τοῖς
2727 3946 3028 4015 κλητῆρσιν
3077 3944 3362 4014 ἑπόμενος,
3397 3944 3695 4015 προθύμως

2104 4032 2261 4098 αὖθις
2288 4034 2383 4087 ἐπὶ
2407 4033 2469 4087 τὸ
2502 4034 2853 4105 δικαστήριον
2883 4033 3059 4104 ἀνῄει.
3102 4033 3168 4086 Ἦ
3204 4032 3262 4085 δὲ
3297 4033 3393 4087 καὶ
3423 4034 3562 4102 αὐτὴ
3616 4033 3696 4095 ὡς

2104 4127 2321 4183 Παύλου
2363 4127 2442 4198 τῷ
2473 4126 2585 4179 ὄντι
2620 4126 2897 4197 μαθήτρια
2937 4126 3333 4195 κλητευομένη,
3366 4127 3505 4196 μετά
3539 4125 3696 4179 πλεί-

2106 4242 2239 4293 στης
2273 4226 2405 4294 ὅσης
2430 4221 2584 4292 ἀνῄει
2638 4221 3063 4292 μεγαλοψυχίας.
3107 4223 3181 4274 Οὐ
3215 4220 3324 4292 γὰρ
3360 4221 3700 4293 ὲπῃσχύνετο

2106 4318 2168 4370 τὸ
2200 4315 2537 4383 Εὐαγγέλιον
2587 4313 2682 4367 τοῦ
2713 4312 2951 4383 Χριστοῦ
2973 4330 2987 4344 ο
3036 4312 3184 4384 χαρά
3219 4312 3277 4365 δὲ
3330 4314 3498 4383 αὐτῆς
3527 4314 3698 4380 ὑπερ-

2110 4408 2263 4478 φυῶς
2290 4409 2389 4477 τὴν
2416 4406 2665 4477 καρδίαν,
2685 4408 2778 4459 καὶ
2813 4406 3047 4476 μυστικὴ
3069 4405 3334 4473 διειλήφει
3355 4405 3514 4473 ἀγαλ)
3531 4406 3696 4470 ίασις,

2047 4535 2091 4591 D
2118 4501 2201 4554 ὅτι
2238 4499 2378 4569 ὑπὲρ
2409 4497 2647 4569 Χριστοῦ
2681 4497 2818 4567 μετὰ
2844 4497 3057 4550 Παύλου
3088 4496 3394 4567 θεατρίςειν
3423 4496 3661 4565 ἠξιοῦτο.

2198 4676 2351 4730 Ἐπεὶ
2382 4670 2474 4729 οὖν
2502 4674 2852 4746 παρέστησαν
2876 4674 3045 4745 ἄμφω
3076 4673 3152 4743 τῷ
3182 4674 3446 4745 δικαστῇ,
3476 4675 3567 4728 τὸν
3602 4676 3703 4746 μὲν

2111 4771 2211 4823 οὐκ
2242 4766 2453 4833 ἀξιοῦσι
2485 4767 2670 4834 λόγου,
2711 4767 2813 4838 ήδη
2847 4768 2914 4820 τὰ
2939 4768 3070 4838 περὶ
3096 4757 3262 4820 αὐτοῦ
3290 4766 3421 4819 ἀπο)
3434 4767 3705 4836 ελογημέ-

2111 4882 2223 4928 νον,
2254 4861 2351 4915 καὶ
2398 4860 2474 4922 ὡς
2533 4861 2598 4913 ἐκ
2648 4860 2749 4929 τῆς
2774 4858 2998 4928 πρώτης
3036 4859 3199 4923 εὐθὺς
3229 4858 3578 4928 ἀποκρίσεως
3604 4858 3706 4925 τὴν

2110 4953 2449 5023 κατηγορίαν
2509 4950 2611 5003 οὐκ
2658 4950 2901 5016 ἀγεννῶς
2951 4949 3450 5017 διακρουσάμενον·
3499 4948 3597 5019 τὴν
3647 4948 3707 5001 δὲ

2111 5044 2270 5111 λόγον
2301 5040 2598 5094 ἀπαιτοῦσι
2636 5039 2736 5107 τῆς
2787 5038 3053 5108 ἀγαμίας,
3111 5042 3206 5092 καὶ
3255 5038 3359 5107 τῆς
3393 5036 3706 5107 Θαμύριδος

2113 5132 2488 5203 ἀποστροφῆς.
2528 5130 2589 5183 Ἦ
2614 5132 2669 5183 δὲ
2689 5129 2849 5197 λόγου
2884 5130 2985 5198 μὲν
3012 5130 3238 5190 τοᾶτους
3274 5128 3506 5197 ἠξίωσεν
3551 5128 3707 5181 οὐδε-

2113 5227 2231 5289 νόςο
2258 5228 2547 5294 προσεῖχεν
2570 5222 2625 5274 δὲ
2675 5221 2901 5289 Παύλῳο
2940 5220 3034 5273 καὶ
3072 5221 3355 5283 σιωπῶσα,
3400 5222 3500 5292 τὴν
3532 5220 3707 5289 αὐτῆς

2113 5319 2226 5379 τοῖς
2258 5315 2425 5385 ὁρῶσι
2452 5313 2678 5383 γνώμην
2697 5314 2877 5383 ἠρέμα
2908 5311 3339 5382 καθυπέφαινεν,
3364 5313 3439 5375 ὡς
3465 5314 3525 5365 οὐ
3548 5312 3709 5381 θεμιο

2119 5409 2212 5461 τὸν
2227 5407 2549 5460 διδασκάλου
2568 5405 2834 5475 παρόντος
2855 5405 3190 5475 δημηγορεῖν
3218 5406 3488 5476 μαθητήν.
3512 5406 3712 5457 Ἀπαι-

2120 5496 2337 5559 δευσίας
2388 5494 2502 5560 οῦν,
2542 5494 2574 5564 ἦ
2627 5492 2852 5558 ἀταξίας
2878 5492 2986 5545 τῶν
3026 5493 3446 5563 πυνθανομένων
3471 5492 3645 5559 αὐτὴν
3678 5492 3712 5562 ἡ

2126 5590 2486 5662 μεγαλόφρων
2523 5588 2893 5659 καταγνοῦσα,
2924 5587 3118 5659 ἔμενεν
3151 5587 3292 5642 οὕτω
3331 5586 3568 5642 λαλοῦσα
3602 5604 3712 5658 μη-

2121 5680 2230 5733 δέν.

1711 5900 1751 5930 ⁸⁸
1787 5898 1890 5954 lsa.
1919 5912 2066 5963 χιιι,
2094 5896 2187 5951 2'5.
