4008 6584
245 413 314 474 32
328 410 343 472 l

1141 409 1423 468 ORATIO
1460 407 1617 468 XVI.
1662 433 1724 444 ’ν
1757 405 1836 465 1N
1881 405 2192 465 LAUDEM
2224 406 2283 465 S.
2326 406 2665 466 TI-IECLIE.

3352 427 3354 429 '
3420 404 3525 466 322

244 529 390 598 τέρῳ
404 527 513 579 τινὶ
534 523 731 591 ζέοντι,
756 525 850 578 καὶ
876 523 969 575 τοῦ
993 522 1241 594 σώματος
1258 522 1357 591 τὴν
1371 523 1554 591 ἀκμὴν
1575 519 1851 591 σφριγῶν-

1953 527 2278 573 aestuantem
2319 520 2607 588 quemdam
2637 521 2915 587 juvenem,
2949 525 3251 588 vegetoque
3294 531 3526 588 corpore.

244 619 654 690 τιπεριπίπτει.
677 619 733 670 ’0
757 617 812 670 δὲ
833 613 900 686 ἦν
925 616 1094 685 Σύρος
1120 616 1215 685 μὲν
1239 615 1316 684 τῷ
1339 616 1508 683 γένει,
1525 613 1846 683 Ἀντιοχέων

247 712 305 765 δὲ
330 711 550 780 πρῶτος
568 726 582 739 ⁸
608 708 963 778 Ἀλέξανδρος
986 707 1043 760 δὲ
1056 706 1294 776 τοῦνομα
1321 723 1334 736 ·
1363 699 1516 770 οὗτος
1541 704 1607 758 δι’
1641 706 1846 774 ὀφθαλ-

253 802 367 872 μῶν
386 800 647 862 ἑαλωκὼς
678 800 776 868 τῆς
808 799 996 868 κόρης,
1029 799 1124 851 καὶ
1151 797 1269 860 ὅλος
1291 797 1382 850 τοῦ
1399 798 1597 866 ἔρωτος
1621 797 1846 866 γενόμε·

247 911 337 956 νος
383 892 558 961 (δεινὴ
587 893 695 962 γὰρ
709 891 845 943 νέων
868 890 988 959 ὄψις
1004 889 1321 951 ἀκόλαστος,
1341 888 1400 939 τὸ
1424 887 1734 957 προσπεσὸν
1759 887 1846 938 αὐ-

246 987 311 1053 τῇ
327 983 524 1044 κάλλος
553 977 665 1034 οἷόν
696 999 748 1034 τι
771 980 1186 1050 γλυκερώτατον
1219 979 1370 1047 βέλος
1384 982 1496 1040 τοῖς
1513 978 1732 1048 βάθεσιν
1751 981 1842 1045 ὲγ-

246 1077 624 1144 κατασπεῖραι
648 1074 748 1142 τῆς
787 1073 1058 1140 καρδίας).
1107 1072 1322 1142 πρῶτον
1375 1070 1472 1140 μὲν
1535 1069 1843 1139 ἐξελιπάρει

244 1167 480 1228 Παῦλον,
519 1167 686 1236 μυρία
709 1165 878 1236 δῶρα,
919 1165 987 1217 τά
1022 1165 1121 1234 μὲν
1162 1165 1356 1217 αὐτίκα
1409 1163 1606 1227 διδοὺς,
1661 1163 1728 1215 τὰ
1787 1163 1842 1214 δὲ

246 1259 744 1328 ἐπαγγελλόμενος,
787 1259 841 1310 εἴ
895 1275 959 1326 γε
1019 1258 1194 1327 τούτῳ
1248 1258 1496 1326 γαμετὴν
1551 1256 1842 1325 ἐπιτρέψαι

244 1352 454 1405 λαόεῖν.
487 1351 592 1402 Τὸν
620 1351 699 1414 δὲ,
737 1349 1009 1420 μηδεμίαν
1041 1349 1185 1418 ἔχειν
1233 1351 1313 1411 εἰς
1362 1349 1533 1414 αὐτὴν
1589 1345 1841 1409 ἐξουσίαν

245 1441 690 1509 ἀποκρίνασθαιο
741 1440 902 1494 ἄλλου
937 1440 1047 1511 γὰρ
1091 1436 1251 1502 εἶναι,
1291 1441 1386 1492 καὶ
1445 1439 1588 1508 ἄλλῳ
1639 1437 1842 1506 καθηρ-

250 1531 473 1602 μόσθαι.

319 1624 382 1674 Τί
411 1622 504 1676 οὖν
527 1624 553 1674 ὁ
575 1623 825 1684 νεανίαςς
857 1621 1148 1674 Δύσοιστον
1177 1621 1286 1692 γὰρ
1313 1621 1340 1671 ὁ
1376 1619 1514 1690 ἔρως
1546 1635 1559 1648 ·
1587 1619 1838 1687 νεότητος

245 1715 320 1779 δὲ,
347 1717 441 1767 καὶ
469 1715 640 1784 τύφου
671 1715 763 1767 καὶ
795 1713 1050 1783 ποικίλης
1093 1715 1302 1784 τρυφῆς
1335 1711 1628 1780 ἐπιτυχὼν,
1689 1713 1837 1777 γίνε-

245 1825 334 1858 ται
369 1805 717 1866 ἀνύποιστος.
765 1806 934 1875 Ὥραν
985 1801 1099 1868 οὖν,
1148 1806 1224 1864 ὡς
1289 1805 1562 1873 ἐνόμιζεν,
1619 1802 1837 1855 εὗῢετον

245 1898 682 1969 ἐπιτετηρηκὼς,
735 1899 897 1960 αὐτὸς
932 1898 1070 1968 αὐτῇ
1126 1899 1184 1948 ὲν
1242 1897 1470 1966 ἀμφόδῳ
1510 1895 1618 1947 τινὶ
1675 1912 1836 1961 περι-

247 1993 536 2045 επλέκετο.
593 1991 811 2060 Ἑκείνη
868 1990 926 2042 δὲ
972 1990 1056 2057 τί;
1096 1990 1318 2060 Πρῶτον
1373 1989 1472 2057 μὲν
1497 1989 1612 2052 τοῖς
1659 1987 1840 2056 λόγοις

246 2082 598 2154 ἀπημύνετο,
631 2084 728 2135 καὶ
760 2082 858 2152 τὴν
885 2084 1157 2154 ἀκρασίαν
1185 2081 1277 2134 τοῦ
1304 2081 1447 2141 νέου,
1476 2081 1572 2134 καὶ
1595 2081 1693 2150 τὴν
1717 2081 1847 2133 ἀκό-

249 2178 442 2227 λαστον
467 2175 775 2243 ἀνεχαίτιζε
819 2172 1143 2244 προσϐολὴν,
1176 2171 1273 2240 Μὴ
1315 2173 1552 2237 βιάζου,
1586 2173 1845 2240 λέγουσα,

249 2268 362 2334 τὴν
392 2267 583 2333 ξένην
616 2282 629 2296 ·
647 2266 734 2334 μὴ
767 2265 1142 2329 ἀπαιδεύτως
1174 2265 1502 2319 ἑπιτίθεσο.
1538 2265 1842 2318 Ἰκονιέων

245 2362 358 2430 εἰμὶ
389 2359 614 2428 πρώτη,
641 2360 739 2412 καὶ
776 2359 1114 2429 γαμηθῆναι
1137 2356 1217 2423 τῷ
1243 2357 1451 2424 πρώτῳ
1481 2357 1589 2425 τῆς
1614 2359 1847 2423 πόλεως

247 2452 703 2522 οὺβουλομένη,
725 2451 841 2505 τῶν
861 2453 1095 2505 οἰκείων
1112 2451 1415 2518 ἁπῶσμαι’
1435 2451 1850 2516 ἀλλίὶπόστη.

249 2551 326 2609 θι,
357 2546 492 2611 dra;
513 2561 653 2598 ωπε.
688 2544 836 2598 Θεοῦ
860 2545 1128 2612 ὑψίστου
1183 2543 1374 2610 δούλη
1428 2543 1550 2611 εἰμί
1574 2558 1586 2571 ·
1615 2541 1850 2608 Χριστῷ

251 2639 652 2706 κατετγὺηιιαι
689 2636 894 2703 Ἰησοῦ
921 2651 935 2665 ⁶
970 2633 1199 2702 Χριστῷ
1223 2634 1700 2703 μεμνήστευμαι.
1752 2632 1846 2694 Μὴ

249 2733 488 2798 ἐνόχλει
514 2730 846 2799 τοιγαροῦν.
865 2728 959 2795 Μὴ
977 2727 1159 2797 πειρῶ
1181 2729 1368 2797 θίγειν
1385 2727 1488 2780 τοῦ
1503 2727 1598 2780 σοι
1611 2726 1696 2796 μὴ
1711 2729 1849 2779 κοθ-

248 2823 529 2888 ἡιιοντος.
552 2827 601 2875 Μ
614 2823 646 2889 ἡ
668 2821 848 2891 πειρῶ
868 2823 1089 2890 ψαύειν
1103 2821 1426 2890 ἁψαὺστου
1443 2818 1740 2890 σώματος.
1764 2820 1846 2888 μή

251 2915 399 2968 ποτέ
417 2932 519 2968 σοι
547 2915 940 2983 μεταμελήσῃ
963 2913 1070 2980 τῆς
1089 2913 1374 2978 ἀναιδοῦς
1399 2911 1848 2980 ἐπιχειρήσειας.

252 3009 402 3078 Καὶὴ
428 3007 532 3077 μὲν
544 3007 736 3060 ταῦτα.
757 3005 814 3058 '0
826 3006 882 3060 δὲ
899 3006 1075 3075 εἴχετο
1102 2998 1464 3074 κατακρατος.
1483 3006 1545 3057 Ἦ
1566 3004 1621 3056 δὲ
1639 3004 1848 3072 τδνῚηο

253 3099 380 3152 σούν
412 3099 887 3168 ἐπικαλεσαμένη,
916 3097 1226 3167 περισχίζει
1257 3098 1354 3165 μὲν
1391 3095 1538 3165 αὐτῷ
1572 3095 1670 3166 τὴν
1715 3095 1847 3164 χλασ

256 3193 397 3262 μύδα
429 3210 444 3226 ·
482 3192 757 3255 ἀκοντίζει
784 3192 841 3244 δὲ
877 3191 1084 3244 καὶτὸν
1109 3192 1372 3258 στέφανον
1403 3190 1510 3241 ἀπὸ
1542 3188 1642 3256 τῆς
1669 3203 1846 3255 κεφα-

1953 611 2342 674 luxurianteu'i,
2370 612 2577 665 incidit.
2610 610 2740 664 Erat
2765 611 2831 672 is.
2869 609 3042 682 Syrus
3075 625 3299 680 genere,
3334 611 3528 663 Antio-

1949 698 2248 756 chenorum
2289 703 2524 771 primus,
2582 701 2894 757 Alexander
2919 702 3162 757 nomine.
3197 700 3297 755 Hic
3333 701 3526 771 puella:

1947 801 2142 862 captus
2199 795 2398 859 oculis,
2433 803 2690 864 totusque
2743 810 2930 848 amore
2983 795 3245 849 incensus
3291 793 3528 862 (validus

1946 888 2091 940 enim
2147 887 2462 956 impudicus
2491 889 2755 957 juvcuum
2813 895 3089 958 aspectus,
3144 895 3202 940 ut
3255 887 3525 956 obiectam

1950 978 2439 1044 pulchritudinem.
2482 979 2628 1033 velut
2662 979 3041 1033 dulcissimum
3093 978 3371 1047 quoddam
3410 977 3524 1045 spi-

1946 1071 2126 1123 culum
2149 1070 2270 1124 imis
2294 1073 2481 1139 inligat
2508 1072 2686 1126 cordis
2713 1071 3131 1140 penetralibus),
3153 1072 3389 1140 primum
3415 1069 3528 1137 qui-

1944 1162 2064 1215 dem
2099 1161 2325 1214 Paulum
2371 1164 2684 1227 obsecrare,
2721 1179 2827 1232 qua
2861 1164 3042 1217 statim
3074 1165 3360 1218 innumera
3387 1176 3528 1231 pra:-

1941 1255 2076 1310 bens
2135 1271 2384 1318 munera,
2429 1271 2532 1324 qua
2572 1264 2626 1309 et
2693 1256 2825 1309 dare
2856 1257 3151 1324 pollicitus,
3214 1257 3257 1309 si
3289 1254 3450 1307 modo
3477 1253 3525 1306 ei

1941 1348 2231 1418 Ct‘mjugem
2271 1347 2528 1400 Titeclam
2563 1349 2924 1417 permitteret.
2985 1348 3063 1401 Ad
3096 1363 3256 1416 quem
3302 1345 3526 1408 Paulus,

1940 1440 2060 1508 ejus
2093 1441 2194 1495 sibi
2246 1443 2451 1493 nullam
2487 1457 2611 1494 esse
2650 1450 3004 1510 potestatem;
3044 1440 3110 1493 ad
3145 1441 3310 1493 alium
3367 1453 3528 1510 spec-

1942 1543 2076 1596 tare,
2105 1545 2267 1602 atque
2298 1535 2386 1587 alii
2417 1515 2810 1602 desponsatam
2844 1547 2988 1587 esse.

2010 1625 2148 1690 Quid
2188 1627 2356 1695 igitur
2413 1626 2672 1693 juvenis?
2735 1624 2824 1678 Est
2883 1625 3028 1679 enim
3081 1638 3236 1676 amor
3269 1637 3357 1676 res
3386 1638 3530 1693 :egre

1940 1717 2274 1780 tolerabilis;
2304 1718 2390 1770 tibi
2414 1733 2540 1770 vero
2564 1716 2905 1784 juventulem
2945 1724 2998 1768 et
3026 1714 3338 1784 superbiam
3367 1715 3531 1767 varii-

1937 1824 2046 1876 que
2101 1810 2317 1876 generis
2370 1809 2595 1864 delicias
2651 1817 2843 1862 nactus
2906 1806 3087 1872 fuerit,
3151 1806 3528 1861 intolerabilis.

1939 1901 2238 1955 Observata
2299 1901 2484 1972 igitur,
2541 1909 2596 1953 ut
2627 1900 2999 1964 existimabat,
3034 1907 3338 1968 opportuna
3392 1907 3531 1952 tetu-

1947 1995 2094 2063 poris
2154 1996 2312 2058 hora,
2345 1996 2399 2047 in
2433 1995 2673 2063 compito
2700 1993 2940 2063 quodam
2976 1994 3093 2062 ipse
3125 1993 3200 2045 illi
3238 1991 3531 2061 congredi-

1946 2096 2052 2140 tur.
2111 2088 2250 2151 Quid
2314 2102 2442 2139 vero
2499 2087 2634 2140 illa?
2684 2086 2928 2140 Primum
2982 2085 3198 2155 quidem
3261 2100 3319 2139 se
3352 2085 3532 2137 verbis

1947 2187 2152 2240 tuetur,
2189 2188 2352 2247 atque
2406 2179 2858 2248 intemperantem
2890 2178 3262 2246 lascivamque
3294 2177 3532 2230 retundit

1941 2269 2160 2338 juvenis
2210 2271 2524 2324 audaciam.
2563 2270 2644 2324 Ne
2678 2272 2802 2335 vim,
2838 2271 3037 2339 inquit,
3070 2271 3290 2339 hospitae
3320 2269 3528 2338 feceris.

1950 2360 2032 2414 Ne
2102 2375 2336 2424 protetve
2397 2362 2671 2416 insilieris.
2737 2362 3098 2417 lconiensium
3162 2363 3334 2430 prima
3387 2377 3528 2424 sum,

1947 2457 2183 2523 quodque
2242 2454 2432 2507 nollem
2491 2455 2649 2521 primi
2702 2456 2929 2508 civitatis
2985 2455 3181 2523 nuptiis
3239 2455 3529 2524 implicari.

1947 2548 2103 2599 domo
2151 2547 2370 2612 expulsa
2424 2562 2562 2598 sum.
2625 2543 2821 2598 Verum
2875 2547 3114 2611 abscede,
3173 2547 3379 2601 homo:
3433 2545 3532 2599 Dei

1949 2637 2199 2690 altissimi
2265 2637 2461 2690 ancilla
2538 2653 2688 2702 sum;
2751 2636 2962 2691 Christo
3043 2639 3302 2691 obstricta
3369 2654 3531 2703 sum;

1949 2727 2157 2782 Christo
2190 2745 2304 2780 sunt
2340 2730 2680 2796 desponsata.
2722 2727 2804 2783 Ne
2841 2732 3020 2800 itaque
3053 2730 3354 2783 molestiam
3389 2729 3530 2798 fece—

1951 2823 2042 2874 ris.
2082 2819 2162 2872 l\'e
2198 2831 2358 2874 tentes
2385 2822 2664 2892 attingere,
2702 2821 2840 2890 quod
2868 2823 2937 2873 ad
2969 2831 3017 2875 te
3053 2837 3153 2874 non
3191 2823 3400 2876 attinet.
3448 2818 3532 2874 Ne

1950 2915 2202 2965 intactum
2225 2930 2414 2981 corpus
2443 2917 2648 2966 coneris
2682 2914 3001 2984 contingere,
3030 2930 3091 2966 ne
3131 2923 3178 2966 te
3213 2913 3352 2982 forte
3375 2924 3532 2966 teme-

1951 3008 2111 3059 raria:
2153 3007 2505 3075 aggressionis
2524 3007 2796 3073 paeniteat.
2823 3009 2998 3074 Atque
3026 3007 3139 3059 haec
3170 3007 3530 3075 quidemilla:

1951 3097 1999 3149 is
2057 3113 2184 3150 vero
2223 3099 2352 3150 totis
2416 3098 2623 3151 viribus
2663 3098 2923 3152 instabat.
2960 3095 3097 3150 Tum
3139 3099 3308 3167 virgo,
3345 3096 3532 3151 Jesum

1952 3188 2233 3242 invm-ans.
2277 3190 2424 3240 illius
2465 3188 2722 3242 discindit
2751 3189 3116 3258 chlamydem,
3147 3205 3326 3258 exque
3352 3191 3534 3257 capite

253 3287 350 3356 λῆς
381 3303 396 3316 ⁶
434 3286 788 3339 ὑπεκδύνασα
816 3286 872 3337 δὲ
895 3285 1003 3337 τῶν
1037 3283 1238 3354 χειρῶν
1266 3284 1364 3346 τάς
1393 3283 1587 3343 λαϐὰς,
1629 3281 1843 3349 ἀφῆκεν

1950 3297 2208 3335 coronam
2267 3282 2496 3345 excutit,
2525 3297 2694 3351 seque
2730 3282 2971 3335 tenentis
3030 3283 3283 3336 manibus
3317 3284 3532 3336 Subdu-

252 3379 418 3431 αὑτὸν
441 3380 524 3440 εἰς
550 3380 653 3447 γῆν
685 3375 1044 3446 ἀπωσαμένη.
1119 3375 1176 3428 Ὀ
1205 3375 1261 3426 δὲ
1302 3375 1401 3445 τὴν
1449 3374 1711 3442 αἰσχύνην
1760 3372 1839 3441 τῷ

257 3471 462 3540 φίλτρῳ
507 3469 905 3540 κερασάμενος,
968 3468 1060 3520 καὶ
1113 3466 1327 3538 βαρέως
1391 3463 1708 3534 ἐζηλωκὼς,
1763 3463 1841 3533 τῷ

258 3562 485 3632 ἡγεμόνι
506 3561 609 3631 τῆς
646 3561 852 3622 πόλεως
881 3557 1168 3630 ἐμφανίζει
1194 3561 1313 3611 κατ’
1343 3559 1532 3627 αὐτῆς.
1594 3558 1842 3627 Ἐρωτω-

259 3653 428 3722 μένης
447 3652 529 3718 δὲ,
563 3653 656 3704 καὶ
717 3651 1084 3721 ὁμολογούσης
1123 3650 1265 3704 οὕτω
1311 3648 1649 3720 δεδρακέναι,
1708 3666 1841 3702 κατ-

256 3749 440 3818 έκρινε
467 3746 676 3818 θηρίοις
707 3762 780 3798 πα
791 3745 1062 3814 ραὸαλεῑν.

327 3926 424 3988 Τίς
452 3925 553 3978 οὐκ
583 3924 907 3988 ἐπεστέναξε
935 3927 1048 3986 τοῖς
1070 3908 1448 3995 κεκριμένοις;
1496 3923 1591 3985 Τίς
1622 3922 1700 3993 τῷ
1747 3923 1843 3976 ἀνα

227 4019 386 4088 ιοσίῳ
423 4019 522 4087 τῆς
545 4019 779 4082 κρίσεως
809 4019 909 4070 οὐκ
934 4017 1372 4084 ἐπεστύγνατεν;
1430 4017 1677 4086 Ἀνδρες,
1741 4034 1836 4083 γυ-

261 4115 464 4176 ναῖκες,
501 4113 594 4162 καὶ
621 4109 953 4162 πολῖταικαὶ
991 4107 1152 4174 ξέκοι,
1185 4109 1400 4162 ἀδικίαν
1438 4105 1577 4162 εἶναι
1607 4109 1666 4162 τὸ
1713 4107 1843 4178 δρώ-

265 4219 422 4270 μενον
456 4201 627 4254 ἐϐὁων
664 4217 676 4228 '
717 4201 885 4271 βίαιον
915 4201 975 4254 τὸ
1002 4202 1178 4270 δόγμα
1211 4218 1225 4232 ο
1256 4201 1578 4272 τυραννικὸν
1632 4201 1692 4252 τὸ
1744 4203 1838 4268 ἐγ-

263 4293 499 4363 χείρημα
529 4309 542 4321 ·
574 4292 855 4362 βιάζεσθαι
891 4292 1178 4360 παρθένον,
1213 4291 1502 4346 καὶταῦτα
1537 4292 1714 4360 ξένην,
1745 4292 1838 4344 καὶ

263 4385 429 4438 ταῦτα
447 4386 556 4436 τῶν
583 4384 878 4452 ἐπιφανῶν.
905 4385 1183 4438 καὶταῦτα
1209 4384 1316 4436 τῶν
1345 4383 1490 4436 ἰδίων
1516 4382 1668 4435 τοῦδε
1700 4381 1839 4433 εἵνε-

264 4495 354 4529 κεν
373 4477 766 4547 δεδιωγμένην.
785 4476 922 4529 Ἀλλ’
950 4478 1097 4546 ὅμως
1124 4476 1152 4527 ὁ
1187 4475 1534 4545 μακρόθυμος
1557 4474 1798 4544 ἠνείχετο
1821 4489 1834 4503 ⁶

265 4575 353 4626 καὶ
382 4575 485 4626 ὅσα
509 4574 645 4642 πρὸς
672 4574 829 4637 δόξαν
875 4573 1109 4634 οἰκείων,
1161 4568 1448 4640 πόρρωθεν
1503 4569 1838 4639 προητοιμα-

1947 3391 2099 3439 cens,
2137 3375 2260 3428 l'orti
2318 3375 2534 3444 repulsa
2565 3377 2684 3428 solo
2735 3383 2966 3430 stratum
3009 3376 3290 3443 relinquit.
3325 3376 3393 3428 At
3445 3375 3535 3428 ille

1947 3469 2203 3535 probrum
2253 3467 2452 3534 philtro
2510 3468 2899 3532 commiscens,
2952 3468 3216 3538 gravique
3293 3467 3534 3536 percitus

1943 3558 2294 3613 ammlatione
2343 3573 2461 3611 eam
2491 3567 2717 3612 accusat
2745 3558 2898 3613 urbis
2952 3558 3196 3627 praesidi.
3232 3558 3536 3626 Interroga-

1945 3646 2052 3703 tam
2089 3667 2236 3714 vero,
2273 3667 2335 3705 ac
2368 3667 2491 3706 cum
2526 3652 2605 3706 sic
2641 3650 2842 3706 fecisse
2870 3650 3152 3712 fateretur,
3191 3650 3384 3705 bestiis
3427 3650 3532 3702 ob-

1939 3743 2233 3813 jit'it‘tltlutn
2291 3745 2394 3796 lata
2456 3745 2510 3797 in
2571 3759 2690 3798 eam
2769 3743 3042 3798 sententia
3097 3745 3531 3813 praesesdecer-

1945 3838 2051 3888 nit.
3513 3851 3515 3854 '

2017 3930 2149 3994 Quis
2210 3945 2318 3982 non
2381 3931 2456 3983 rei
2539 3930 2796 3999 judicatze
2845 3928 3166 3998 indignitate
3229 3928 3536 3998 ingemuit?

1943 4020 2078 4084 Quis
2111 4036 2215 4072 non
2249 4021 2539 4074 scelestum
2565 4021 2834 4088 judicium
2872 4021 3003 4074 illud
3035 4035 3178 4088 (egre
3201 4019 3368 4072 tulit?
3397 4017 3533 4084 Viri,

1943 4113 2217 4171 mulieres,
2254 4113 2398 4165 cives
2428 4113 2629 4178 pariter
2655 4121 2818 4178 atque
2844 4105 3106 4181 Hospites,
3140 4112 3387 4179 iniquum
3411 4126 3536 4164 esse

1949 4201 2093 4272 quod
2138 4203 2452 4272 gerebatur,
2487 4203 2940 4267 eonelamarunt;
2997 4201 3293 4254 violentum
3342 4198 3536 4252 decre-

1941 4305 2076 4361 tum,
2106 4299 2442 4368 tyrannicam
2481 4298 2879 4366 aggressionem
2909 4315 2923 4350 :
2965 4298 3072 4350 vim
3105 4295 3288 4350 inferri
3310 4296 3533 4365 virgini,

1944 4389 2106 4457 idque
2163 4388 2394 4456 hospita:
2427 4387 2589 4459 idque
2630 4389 2829 4443 illustri
2863 4388 3031 4456 Stirpe
3061 4399 3222 4454 salte;
3257 4389 3416 4457 idque
3439 4388 3536 4441 de-

1942 4494 2088 4530 nntm
2126 4494 2186 4531 ea
2207 4467 2458 4533 dccausa
2482 4481 2649 4548 patria
2668 4479 2874 4549 ejectte.
2897 4478 3094 4534 Verutn
3117 4481 3420 4534 sustinebat
3439 4479 3533 4548 qui

1941 4570 2116 4638 lungm
2148 4571 2416 4640 patientia:
2448 4581 2553 4634 est,
2583 4584 2901 4642 quantaque
2947 4573 3014 4626 ad
3054 4588 3278 4627 suorum
3304 4573 3530 4641 gloriam

266 4667 382 4730 ζετο
407 4685 418 4699 ·
451 4668 548 4720 καὶ
576 4668 609 4735 ἡ
637 4667 902 4736 παρθένος
932 4666 992 4718 οὐ
1038 4663 1325 4734 καθυφῆκε
1385 4661 1460 4731 τῷ
1522 4661 1798 4732 προσώπῳ
1823 4679 1837 4693 ο

1949 4666 2154 4728 esSent,
2187 4666 2374 4732 procul
2402 4665 2728 4720 instruebat.
2754 4667 2831 4718 Ac
2867 4669 3018 4734 virgo
3049 4681 3155 4718 non
3193 4666 3342 4718 vultu
3399 4680 3534 4718 con.-

262 4762 319 4812 οὗ
343 4761 479 4830 πρὸς
521 4760 620 4830 τὴν
643 4759 749 4812 τῶν
778 4760 1005 4812 λεόντων
1041 4757 1287 4811 ὤκλασεν
1311 4755 1542 4824 ἀπειλήν
1568 4770 1583 4784 ⁸
1614 4755 1674 4806 οὐ
1705 4755 1842 4824 πρὸς

262 4854 355 4923 τὴν
389 4854 446 4920 ἐξ
479 4853 714 4923 οὐρανοῦ
767 4853 1085 4922 συμμαχίαν
1139 4850 1440 4904 ὲνεδοίασεν
1475 4865 1489 4878 ο
1547 4846 1839 4900 πεποιθυῖα

262 4945 313 4996 δὲ
355 4945 583 5013 μᾶλλον,
617 4945 711 4996 κα)⁸
745 4944 878 5012 πρὸς
903 4945 992 4995 τὸν
1027 4942 1289 5012 ἀμίαντον
1318 4943 1395 4992 ’ὲκ
1438 4939 1609 5007 ⁴πυρὸς
1669 4940 1839 5007 αὐτὴν

263 5035 648 5088 ἀποὸλέπουσα
715 5033 1140 5103 διασωσάμενον,
1215 5029 1429 5100 πρῶτον
1497 5028 1594 5098 μὲν
1651 5027 1841 5100 λεαίνῃ

263 5217 465 5272 talione
512 5219 792 5287 passionis
847 5216 1168 5287 perfuncta._
1207 5216 1486 5286 liberaque
1538 5215 1764 5271 dimissa
1818 5229 1847 5268 a

263 5285 526 5352 praeside,
548 5289 775 5342 Paulum
808 5289 1009 5357 Myram
1045 5291 1098 5340 in
1150 5285 1312 5355 Lycia
1375 5285 1563 5342 secuta
1634 5295 1774 5346 erat,
1818 5300 1847 5338 a

264 5373 366 5422 quo
388 5359 712 5421 dimittitur,
745 5370 803 5412 ut
848 5359 960 5428 jam
1011 5357 1146 5428 satis
1194 5358 1633 5428 conlirtnatagne
1663 5357 1732 5410 sit
1769 5357 1847 5408 illi

267 5429 499 5495 amplius
523 5444 733 5492 comes,
776 5425 866 5483 sed
898 5429 949 5479 in
986 5427 1214 5492 patriam
1250 5427 1491 5480 discedat
1533 5425 1719 5494 ibique
1750 5441 1848 5494 pro

266 5499 486 5551 modqu
520 5514 625 5553 suo
658 5513 935 5566 sexusque
959 5498 1170 5549 ratione
1209 5497 1490 5549 tlhristutn
1532 5501 1845 5548 annuntiet.

267 5567 390 5630 Quae
423 5569 612 5622 omnia
643 5570 696 5621 in
734 5571 882 5624 Actis
936 5568 1222 5621 habentur.
1253 5566 1428 5621 Vestis
1485 5567 1844 5619 mutationem

272 5640 430 5690 seutel
462 5647 518 5691 et
552 5644 752 5691 iterum
803 5639 996 5692 merito
1056 5639 1362 5705 suppressit
1397 5635 1636 5688 Nicetas.
1670 5633 1846 5688 Graeci

274 5721 485 5775 quoque
551 5709 689 5761 nihil
733 5710 853 5778 ejus
916 5707 1238 5778 meminere.
1275 5708 1336 5778 Et
1379 5716 1527 5778 certe
1566 5705 1698 5778 quid
1759 5705 1850 5757 illa

279 5777 433 5831 Vesus
463 5781 721 5840 mutatio,
764 5776 908 5831 chm
971 5777 1154 5831 statim
1213 5776 1561 5830 Antiochiam
1601 5776 1845 5843 ingressa

280 5848 465 5903 mulier
493 5850 682 5920 agnita
713 5849 808 5915 sit,
846 5849 949 5904 nisi
985 5845 1340 5917 ingrediendo
1374 5845 1692 5900 muliebrem
1721 5848 1844 5902 cul-

1950 4754 2080 4807 eidit
2117 4773 2128 4807 :
2168 4770 2274 4807 non
2304 4756 2367 4808 ad
2410 4756 2628 4808 leonum
2689 4755 2866 4810 minas
2909 4757 3152 4818 nutavit;
3196 4772 3302 4808 non
3338 4755 3403 4809 de
3441 4771 3534 4808 su-

1951 4861 2117 4915 perna
2147 4862 2246 4914 ope
2275 4847 2573 4912 dubitavit;
2605 4848 2736 4916 quin
2772 4849 2954 4916 potius
3000 4847 3197 4900 ﬁducia
3235 4848 3412 4914 plena,
3450 4847 3532 4898 in-

1947 4953 2051 5005 qtte
2069 4952 2189 4988 eum
2219 4937 2440 4990 intentis
2471 4939 2665 5001 oculis,
2698 4937 2786 5007 qui
2812 4954 2875 4991 ex
2906 4938 3026 5007 igne
3047 4937 3529 4990 incontaininutam

1953 5036 2286 5090 servaverat,
2350 5027 2586 5096 primum
2635 5029 2857 5096 quidem
2889 5042 3045 5081 same
3101 5027 3281 5079 lemna:
3315 5026 3531 5095 alligata

1949 5227 2058 5269 tum
2089 5217 2283 5270 iterum
2318 5213 2657 5284 resumpsit?
2703 5229 2823 5282 qua:
2851 5212 3018 5281 gratis
3068 5213 3212 5267 dicta
3253 5212 3526 5267 videntur.

1950 5287 2143 5341 Datum
2182 5290 2346 5340 etiam
2391 5287 2605 5339 Theclm
2632 5292 2686 5335 ut
2721 5300 2882 5336 unam
2921 5287 3219 5338 alteramve
3244 5284 3522 5337 civitatem

1948 5358 2053 5410 sibi
2100 5366 2429 5417 assumeret,
2487 5355 2642 5423 quasi
2675 5354 2976 5422 apostolico
3015 5369 3240 5408 munere
3273 5354 3530 5406 erudien-

1947 5428 2094 5490 dam,
2125 5428 2280 5481 valde
2312 5427 2442 5479 mihi
2485 5428 2680 5478 durum
2745 5433 2797 5476 et
2853 5423 3092 5476 alienum
3159 5439 3188 5476 a
3237 5423 3527 5491 disciplina

1946 5498 2321 5552 ecclesiastica
2364 5497 2680 5564 Christique
2718 5492 3065 5546 institutione
3093 5509 3132 5564 ς,
3158 5494 3261 5548 etsi
3294 5495 3423 5564 Acta
3456 5495 3526 5545 ita

1950 5567 2281 5636 signilicent.
2313 5563 2652 5636 Videturun
2687 5579 2954 5636 pugnare,
2992 5563 3136 5630 quod
3155 5574 3342 5636 sancta
3378 5563 3528 5630 virgo

1952 5634 2216 5690 intuente
2232 5646 2384 5691 extra
2412 5634 2601 5690 urbem
2637 5634 2899 5688 Seleucia:
2929 5635 2979 5684 in
3005 5634 3203 5701 angulo
3229 5650 3292 5687 ac
3311 5637 3528 5702 tugurio

1949 5708 2323 5770 consenuerit,
2369 5722 2528 5774 quam
2585 5720 2773 5774 paucae
2818 5703 3032 5757 femina:
3072 5704 3368 5774 aegrotique
3418 5703 3533 5756 adi-

1949 5788 2113 5845 rent;
2153 5792 2260 5830 non
2320 5793 2441 5848 quae
2466 5776 2587 5832 urbi
2622 5791 2681 5832 se
2748 5774 3062 5844 magistram
3108 5789 3173 5831 ac
3223 5775 3530 5845 apostolum

1949 5849 2255 5904 exhiberet.
