4008 6590
462 396 566 459 323

1680 385 1972 447 NICETAE
2005 377 2451 443 PAPHLAGON
2464 378 2530 439 IS

3615 362 3726 429 324

464 520 578 575 est;
613 505 773 577 cujus
797 504 1042 567 dorsum,
1067 501 1214 556 omni
1251 500 1422 569 major
1444 496 1805 552 admiratione
1836 494 2032 563 puella,

2167 488 2436 559 ιροσεδὲοη
2468 488 2644 558 πικρᾷ
2664 503 2678 518 ·
2709 480 2775 557 ἧς
2807 484 2899 539 ἐπὶ
2930 482 3022 538 τὸν
3052 480 3221 536 νῶτον
3254 479 3370 552 ((36)
3420 481 3452 551 ἡ
3503 480 3724 552 θαυμα-

466 604 613 656 velut
665 598 790 669 equi
824 597 964 651 lenis
1022 608 1352 657 conscensa,
1387 591 1467 646 sic
1524 589 1711 645 sedate
1748 602 1813 642 ac
1845 588 2037 641 incon-

466 709 630 749 cusse
658 690 977 746 vehebatur.
1012 686 1192 741 Bestia
1222 699 1373 745 vero.
1402 681 1559 751 quasi
1589 694 1746 733 suam
1784 679 1902 747 ipsa
1953 676 2041 730 in-

466 785 645 837 dolem
693 780 881 840 oblita.
927 777 1207 846 speciosos
1261 788 1325 827 ac
1387 771 1749 840 triumphales
1791 769 1956 839 pedes
1988 769 2042 837 (ο

469 872 830 928 miraculum!
861 886 894 924 ο
934 867 1115 938 populi
1149 866 1444 921 clamorem
1479 876 1543 916 ac
1591 860 1931 929 stuporem!)
1965 860 2042 913 le-

470 970 611 1021 niler
634 978 902 1017 conversa
925 960 1405 1028 circumlingebat,
1437 955 1513 1011 Ne
1543 957 1668 1025 quis
1697 969 1827 1009 vero
1861 954 2043 1007 inere-

471 1060 715 1111 clnhtatis
771 1057 855 1109 hic
907 1053 1331 1122 cogitationibus
1399 1048 1636 1103 fatiscat.
1694 1047 1831 1099 Cum
1897 1047 2045 1099 enim

474 1150 712 1217 Spiritus
736 1155 957 1199 sanctus
983 1145 1230 1197 vclntrex
1256 1136 1483 1209 magnus
1515 1156 1605 1209 per
1627 1148 1844 1192 sanctos
1871 1137 2044 1201 adeat,

470 1240 892 1294 contremiscere
914 1237 1061 1290 novit
1089 1236 1384 1289 bestiarum
1415 1233 1642 1301 spiritus
1664 1240 1718 1282 et
1740 1230 2045 1297 quiescere,

469 1348 644 1402 exque
674 1330 1063 1400 omnipotentis
1095 1328 1310 1382 consilii
1339 1326 1640 1378 rationibus
1670 1338 1908 1377 cessare.

548 1589 723 1660 llujns
770 1592 951 1674 itaque
1004 1589 1194 1656 agonis
1232 1589 1430 1641 lnctam
1489 1585 1634 1640 velut
1679 1582 2046 1637 rudimentum

476 1686 748 1756 quoddam
796 1684 1061 1736 adversus
1123 1680 1409 1734 fortissimi
1484 1677 1722 1747 pectoris
1783 1677 2047 1745 virginem

477 1792 600 1831 cum
630 1774 969 1837 statuissent,
999 1772 1297 1825 bestiarum
1331 1770 1588 1838 deinceps
1617 1767 2046 1823 S$\‘iSSlIIIHI‘UID

480 1866 883 1921 multitudinem
913 1864 1198 1934 parabant.
1235 1861 1469 1915 Decebat
1502 1861 1671 1923 enim,
1693 1869 1750 1913 ut
1778 1858 2049 1913 etChristi

478 1962 673 2021 virtus,
699 1957 1031 2027 virginisque
1070 1954 1122 2007 in
1153 1968 1275 2008 eum
1312 1951 1443 2005 lides
1472 1950 1734 2003 illustrior
1758 1950 1901 2002 inter
1922 1964 2054 2018 gen-

480 2063 559 2105 tes
584 2050 1044 2103 manil‘estaretur.
1080 2044 1280 2099 Thecla
1312 2044 1476 2113 igitur
1527 2040 1669 2111 apud
1694 2040 2053 2111 Tryphaenam

477 2144 766 2211 quamdam
787 2142 1086 2205 mulierem,
1113 2136 1291 2190 indole
1321 2136 1523 2204 pariter
1559 2146 1721 2202 atque
1743 2132 1910 2185 animi
1934 2146 2055 2185 mo-

482 2235 635 2286 ribus
669 2233 981 2298 ingenuam,
1013 2230 1278 2283 hactenus
1315 2226 1656 2287 servlibatur,
1686 2224 2058 2278 convenientis

479 2328 619 2397 apud
647 2342 764 2379 eam
795 2323 1010 2392 bo.~pitii
1042 2336 1239 2374 munus
1264 2327 1583 2372 consecuta.
1618 2318 1771 2381 Quod
1806 2330 1932 2369 vero
1966 2316 2060 2369 be-

479 2435 521 2473 s:
536 2422 706 2471 iarnm
727 2417 777 2470 in
794 2433 909 2469 eam
926 2423 1249 2483 congregata
1265 2412 1553 2465 multitudo
1566 2418 1702 2472 erat,
1717 2410 1937 2478 jamque
1952 2423 2063 2462 cer-

480 2509 703 2562 taminis
728 2508 843 2559 dies
892 2492 1103 2567 aderat,
1131 2512 1184 2555 et
1214 2498 1499 2553 certamini
1524 2499 1759 2553 stadium
1812 2505 2059 2567 apertum

481 2608 623 2660 erat,
681 2597 1025 2667 populusque
1082 2594 1417 2648 clamoribus
1470 2592 1536 2646 ad
1568 2592 1842 2644 theatrum
1866 2602 2064 2643 evoca-

482 2692 663 2753 baiur,
700 2704 760 2741 ac
792 2703 967 2741 saevus
990 2693 1199 2739 amator
1225 2693 1530 2754 correptam
1566 2682 1828 2753 virginem
1863 2680 2064 2750 produ-

483 2783 639 2834 cebat
668 2794 826 2831 zeum
858 2778 1103 2831 universa
1152 2775 1264 2844 jam
1316 2775 1531 2837 civitas,
1579 2773 1836 2841 praesides
1863 2770 2065 2840 pariter

486 2888 550 2925 ac
610 2871 813 2926 subditi
867 2870 930 2923 ad
972 2868 1315 2921 tremendum
1364 2866 1491 2919 illud
1536 2866 1908 2935 spectaculum
1960 2876 2067 2915 una

486 2979 608 3015 eum
677 2962 902 3030 praeside
965 2960 1369 3022 convenissent,
1430 2960 1711 3027 turbaeque
1780 2957 2070 3009 tumultua-

486 3059 676 3109 i‘rntttr
702 3070 764 3106 ac
818 3052 1285 3118 vociferarentur;
1316 3061 1445 3105 tunc
1484 3050 1740 3103 nimirum
1786 3047 2069 3117 splendida

486 3139 775 3209 splendide
808 3139 1058 3192 muliebri
1093 3154 1215 3193 cum
1250 3136 1385 3191 stola
1421 3137 1663 3205 deposita
1718 3146 1829 3187 tum
1863 3136 2067 3197 animo,

487 3231 811 3300 cinguloque
841 3230 1153 3299 prmcincla,
1185 3244 1247 3283 ac
1283 3236 1456 3281 totum
1499 3227 1646 3280 intus
1666 3223 1851 3279 Jesum
1887 3223 2067 3278 divine

486 3322 844 3395 prospiriens,
867 3320 1201 3391 Paulumque
1224 3320 1416 3374 mentis
1443 3320 1617 3373 oculis
1653 3328 1916 3371 contuens
1937 3316 2068 3385 (uno

486 3416 634 3467 enim
672 3416 868 3473 mentis
890 3426 1113 3482 aspectu
1148 3413 1298 3465 velut
1332 3426 1499 3465 unum
1528 3409 1718 3463 ambos
1744 3408 2066 3478 intuebaris)

493 3507 705 3557 lurtiter
767 3506 1058 3556 admodum
1122 3502 1245 3555 forti
1305 3504 1503 3556 mentis
1537 3502 1820 3572 proposito
1854 3503 1905 3554 in
1957 3515 2069 3555 me-

491 3595 640 3649 dium
681 3596 916 3648 stadium
956 3595 1194 3649 insiliisti
1228 3612 1241 3649 :
1272 3596 1529 3665 priusque
1552 3602 1722 3647 totum
1755 3608 1956 3663 corpus
1993 3593 2068 3646 si-

492 3701 601 3757 gno
628 3688 811 3739 crucis
838 3687 1198 3755 consignatis,
1246 3689 1607 3754 expansisque
1634 3685 1688 3738 in
1720 3686 1917 3738 caelum
1955 3700 2069 3737 ma-

496 3778 682 3840 nibus,
748 3779 958 3831 sedenti
1019 3792 1186 3846 super
1246 3777 1527 3830 cherubim
1581 3777 1798 3830 arcanis
1834 3776 2068 3829 maxime

495 3869 659 3921 animi
684 3869 919 3923 motibus
941 3884 1106 3923 orans
1126 3868 1557 3938 colloquebaris;
1588 3869 2067 3938 immissorumque

496 3960 548 4012 in
612 3968 661 4013 te
722 3959 960 4024 leonum,
996 3974 1365 4029 ursorumque
1414 3975 1478 4014 ac
1507 3960 1799 4030 pardorum
1826 3959 2064 4030 rugitum

498 4052 639 4103 velut
691 4051 959 4121 pecudum
990 4052 1232 4105 balatum
1280 4062 1576 4121 reputans,
1628 4053 2067 4122 populorumque

496 4141 766 4209 fragorem
798 4150 853 4194 et
889 4142 1273 4197 tmnnltuantis
1325 4146 1500 4197 turba:
1549 4144 1838 4212 strepitum
1872 4143 2067 4197 mulie-

494 4246 723 4297 rumque
791 4231 1031 4286 ululatus
1081 4244 1242 4303 atque
1279 4235 1518 4304 gemitus
1568 4235 1714 4288 velut
1770 4233 2062 4290 infantium

495 4322 733 4388 vagitum
766 4322 994 4385 habens,
1032 4324 1113 4378 sic
1138 4325 1323 4394 quiete
1354 4327 1564 4390 stabas,
1594 4341 1657 4380 ac
1680 4326 1725 4380 si
1779 4327 1833 4381 in
1886 4328 2064 4382 media

494 4414 698 4481 publiri
740 4422 919 4467 coetus
964 4417 1222 4487 panegyri
1280 4416 1537 4474 laudibus
1570 4421 1943 4487 coronareris,
1994 4435 2060 4474 ac

494 4504 749 4573 opulente
781 4516 959 4583 mente
989 4508 1278 4562 lmtareris.

567 4704 794 4767 Exinde,
819 4707 1039 4775 quando
1070 4707 1312 4763 dimissis
1340 4710 1393 4763 in
1416 4725 1534 4765 eam
1561 4713 1819 4768 omnibus
1858 4714 2072 4779 bestiis,

510 4798 630 4850 alia:
665 4797 898 4849 aliarum
932 4797 1208 4851 morsibus
1245 4799 1623 4867 laniabantur;
1652 4803 1771 4857 alia
1799 4805 1945 4857 velut
1968 4805 2077 4858 alto

498 4903 695 4956 sopore
729 4889 1025 4958 consopita:
1062 4905 1361 4959 segnesque
1392 4890 1614 4959 elfectm,
1657 4904 1863 4948 tantum
1892 4898 2080 4949 aberat

497 4989 556 5030 ut
612 4978 873 5059 virginale
936 4994 1000 5033 ac
1067 4982 1412 5051 impollutum
1464 4999 1665 5054 corpus
1719 4986 2071 5056 attingerent,

495 5080 760 5137 quantmn
796 5077 855 5123 ut
883 5080 936 5124 et
959 5072 1129 5126 duros
1163 5074 1416 5129 dentibus
1468 5075 1674 5144 lapides
1705 5078 2076 5146 apprehende-

496 5172 637 5214 renl.
684 5158 783 5214 Ubi
837 5163 1017 5231 itaque
1054 5172 1331 5218 certamen
1394 5166 1539 5219 istud
1574 5165 1753 5222 fauste
1808 5169 1885 5221 illi
1946 5185 2067 5237 per-

494 5264 676 5305 actum
703 5261 843 5316 erat,
899 5252 1167 5323 Paterque
1218 5255 1481 5309 luminum
1522 5257 1872 5322 clariﬁcatus,
1899 5258 2070 5314 Filius

496 5344 902 5410 magniﬁcatus,
928 5343 1247 5401 l’aracletus
1297 5345 1537 5415 denique
1566 5347 1619 5401 in
1644 5363 1709 5402 ea
1744 5350 2068 5405 mirillcatus

494 5434 702 5500 luerat;
774 5446 903 5488 tunc
949 5437 1207 5490 nimirum
1292 5438 1345 5491 in
1396 5438 1598 5491 theatri
1677 5448 1828 5509 parte
1893 5442 2073 5512 aliqua

570 5612 684 5681 (66)
714 5609 830 5680 'Hc
866 5614 1098 5685 ἐπὶτόν
1150 5612 1360 5668 νῶτον.
1419 5614 1709 5685 Singnlare
1768 5615 1913 5673 istud
1978 5615 2073 5670 Ni-

497 5694 631 5757 ecta:
654 5696 761 5745 est.
796 5701 893 5740 nec
920 5684 1059 5739 forte
1116 5687 1253 5740 satis
1285 5684 1582 5757 credibile,
1653 5686 1734 5739 sic
1801 5686 2068 5757 virginem

500 5755 644 5806 velut
667 5768 865 5823 equum
898 5761 1105 5809 leonem
1144 5754 1435 5809 insedisse.
1462 5756 1567 5808 Alii
1606 5757 1804 5809 melius
1839 5754 2064 5812 leaenam

500 5824 695 5893 virgini
746 5826 1043 5890 assedisse,
1110 5837 1163 5879 et
1199 5826 1358 5879 canis
1434 5840 1586 5878 more
1641 5825 1837 5880 blande
1905 5830 2077 5881 eattda

2089 4514 2134 4569 D
2160 4504 2408 4574 ηγύρεως
2465 4503 2884 4573 εὐφημουμένη,

2146 581 2385 651 σιωτάτη
2413 580 2572 649 κόρη.
2607 578 2860 649 καθάπερ
2892 579 2976 647 ἐφ’
3006 577 3172 629 ἵππου
3204 574 3425 643 πραέως
3450 574 3723 636 ἀναϐᾶσα,

2148 672 2403 740 γαληνῶς
2429 671 2628 723 οὑτωσὶ
2660 671 2752 723 καὶ
2782 668 3160 739 ἀδιατρέπτως
3184 668 3447 735 ἐπωχεῖτο
3479 681 3493 695 ο
3524 666 3585 718 τὸ
3631 665 3728 734 θη-

2146 765 2259 835 ρίον
2288 763 2364 826 δὲ,
2394 765 2491 833 τῆς
2519 760 2690 815 αὑτοῦ
2730 762 2941 828 φύσεως
2973 759 3160 829 ὥσπερ
3190 759 3283 827 είς
3332 756 3503 827 λήθην
3550 756 3729 819 ἐλθὸν,

2144 856 2270 918 τοὺς
2301 854 2536 924 ὡραίους
2570 855 2663 908 καὶ
2688 854 3079 924 ἀθλοψορικοὺς
3107 850 3277 913 πόδας
3350 847 3416 916 (ῶ
3445 847 3539 901 τοῦ
3585 848 3725 901 θαύ-

2149 948 2353 1018 ματοςῐ
2388 946 2432 997 ὣ
2472 947 2568 1015 τῆς
2590 945 2683 997 τοῦ
2712 946 2887 1015 δήμου
2933 942 3184 1013 κραυγῆς
3226 942 3322 996 καὶ
3368 941 3467 1010 τῆς
3525 938 3734 1008 ἐκπλή-

2147 1041 2279 1106 ξεως
2310 1040 2347 1109 ί)
2376 1038 2837 1107 ἐπιστρεφόμενον
2889 1037 3072 1107 ἠρέμα
3117 1034 3527 1106 περιελιχμᾶτο.
3570 1032 3733 1084 Ἀλλὰ

2152 1132 2339 1201 μηδεὶς
2397 1131 2489 1185 ἐπὶ
2542 1128 2753 1191 τούτοις
2801 1130 3059 1191 ἀπιστίας
3118 1125 3373 1195 καμνέτω
3424 1124 3728 1191 λογισμοῖς.

2151 1221 2463 1289 Πνεύματος
2494 1220 2601 1288 γαρ
2621 1219 2773 1283 ἁγίου
2806 1218 2895 1269 διὰ
2964 1217 3071 1268 τῶν
3102 1216 3271 1283 ἁγίων
3330 1209 3417 1266 οἷα
3484 1212 3726 1281 μεγάλου

2152 1314 2415 1382 παρόντος
2450 1310 2734 1381 βασιλέως,
2765 1306 2904 1361 οἶδεν
2930 1309 3143 1377 πνεῦμα
3161 1306 3419 1376 θηριῶδες
3450 1306 3736 1374 ὑποπτήσο

2150 1421 2263 1456 σειν
2281 1405 2372 1455 καὶ
2398 1406 2649 1472 ἠρεμεῖν,
2671 1404 2761 1454 καὶ
2806 1405 2884 1464 εἰς
2934 1400 3207 1469 πανσθενῆ
3231 1400 3563 1453 διατίθεσθαι
3605 1398 3734 1466 βου-

2149 1495 2269 1564 λήν.

2219 1584 2422 1637 Τούτου
2458 1582 2556 1653 μὲν
2582 1582 2674 1635 τοῦ
2694 1582 2904 1647 ἀγῶνος
2936 1576 3046 1634 οἶόν
3080 1599 3131 1634 τι
3154 1579 3562 1650 προγύμνασμα
3592 1580 3735 1631 κατᾶ

2150 1678 2248 1743 τῆς
2272 1676 2653 1744 γενναιοτάτης
2705 1675 3121 1744 ἐνστησάμενοι,
3172 1672 3373 1742 π’ῆθος
3422 1673 3607 1724 λοιπὸν
3634 1672 3734 1741 0r;-

2154 1773 2282 1841 ρίων
2312 1772 2694 1841 πονηροτάτων
2725 1766 3105 1839 ἡτοιμάζοντο.
3132 1766 3278 1818 Ἔδει
3315 1768 3442 1834 γαρ,
3471 1766 3565 1818 τοῦ
3598 1766 3738 1834 Χρι-

2157 1864 2280 1916 στοῦ
2326 1864 2424 1933 μὲν
2452 1864 2550 1932 τὴν
2580 1862 2809 1931 δύναμιν
2834 1902 2849 1925 ,
2886 1861 2983 1930 τῆς
3034 1860 3091 1913 δὲ
3126 1862 3225 1929 τὴν
3251 1862 3328 1921 εἱς
3360 1860 3521 1911 αὐτὸν
3552 1860 3739 1910 πίστιν

2154 1956 2579 2024 ἐπιφανέστερον
2606 1957 2661 2006 ἐν
2694 1956 2806 2015 τοῖς
2835 1952 3044 2005 ἔθνεσιν
3071 1949 3500 2017 ὲκκαλυφθῆναι.
3537 1950 3601 2003 'lI
3635 1950 3741 2018 μὲν

2155 2044 2248 2101 οὖν
2280 2048 2478 2109 Θέκλα,
2511 2046 2664 2115 παρά
2694 2043 2981 2116 Τρυφαίνῃ
3004 2043 3111 2095 τινὶ
3140 2043 3383 2110 γυναικὶ,
3419 2041 3518 2111 τήν
3542 2058 3601 2093 τε
3632 2040 3738 2108 cpt}-

2160 2157 2242 2192 σιν
2272 2138 2362 2191 τόν
2382 2155 2440 2189 τε
2466 2137 2664 2205 τρόπον
2688 2135 2789 2203 τῆς
2808 2135 2983 2204 ψυχῆς
3020 2134 3253 2201 εὐγενεῖ,
3290 2132 3427 2195 τέως
3456 2133 3737 2202 ἐτηρεῖτοο

2159 2232 2335 2296 ξενίας
2377 2231 2431 2283 δὲ
2467 2229 2597 2299 παρ’
2630 2230 2767 2298 αὐτῇ
2800 2226 2979 2292 δεξιᾶς
3040 2223 3299 2296 λαχοῦσα.
3366 2225 3523 2278 Ἐπεὶ
3570 2224 3627 2276 δὲ
3676 2226 3743 2277 τὸ

2162 2322 2359 2389 πλῆθος
2394 2320 2502 2371 τῶν
2535 2318 2655 2371 κατ’
2682 2316 2851 2385 αὐτῆς
2910 2315 3114 2384 θηρίων
3166 2314 3422 2383 συνῆκτο,
3457 2314 3607 2383 καὶὴ
3640 2314 3743 2382 τῆς

2162 2412 2398 2479 ἀγωνίας
2434 2410 2617 2479 ἡμέρα
2647 2409 2747 2479 ήδη
2802 2407 3018 2476 παρῆν’
3056 2408 3150 2458 καὶ
3203 2406 3263 2458 τὸ
3312 2406 3409 2476 τῆς
3460 2404 3744 2475 ἀθλήσεως

2162 2503 2373 2555 στάδιον
2413 2502 2683 2571 ἠνέῳκτο·
2737 2500 2834 2552 καὶ
2862 2500 2890 2551 ὁ
2917 2499 3085 2567 δῆμος
3122 2497 3272 2567 βοαῖς
3308 2498 3388 2557 είς
3422 2496 3483 2549 τὸ
3512 2496 3745 2567 θέατρον

2163 2592 2470 2659 ἐξεκαλεῖτο
2496 2606 2510 2621 ο
2538 2591 2630 2643 καὶ
2654 2592 2681 2644 ὁ
2714 2588 2908 2658 πικρὸς
2936 2587 3142 2656 ταύτην
3169 2587 3351 2640 λαϐὼν
3378 2586 3580 2656 ἀνῆγεν
3612 2589 3742 2656 ὲρα-

2164 2687 2345 2755 στήςο-
2374 2684 2462 2737 ὅτε
2500 2682 2563 2753 δὴ
2610 2683 2760 2735 πᾶσα
2800 2680 2899 2750 μὲν
2952 2680 2986 2749 ἡ
3044 2679 3214 2743 πόλις,
3256 2676 3514 2751 ἄρχοντές
3556 2693 3618 2729 τε
3650 2677 3746 2729 καὶ

2164 2775 2455 2845 ἀρχόμενοι
2483 2775 2575 2827 ἐπὶ
2608 2774 2705 2844 τὴν
2756 2774 2991 2843 φρικτὴν
3024 2771 3226 2842 ταύτην
3255 2772 3381 2825 θέαν
3410 2770 3488 2840 τῷ
3512 2770 3747 2839 ἡγεμόνι

2166 2871 2530 2941 συνανῄεσαν·
2565 2868 2783 2940 θόρυϐοι
2818 2868 2874 2922 δὲ
2901 2869 3027 2933 τοὺς
3059 2868 3248 2938 δχλους
3287 2866 3383 2920 καὶ
3418 2867 3539 2936 βοαὶ
3571 2868 3752 2919 συνεῖ-

2167 2980 2283 3033 χον,
2319 2963 2411 3015 καὶ
2434 2961 2667 3031 ταραχαί
2689 2978 2704 2992 ·
2731 2960 2849 3013 τότε
2888 2960 2951 3029 δὴ
2981 2960 3045 3013 σὺ
3070 2958 3301 3029 λαμπρά
3325 2957 3615 3028 λαμπρῶς,
3648 2958 3752 3025 τὴν

2169 3054 2485 3122 γυναικείαν
2524 3053 2842 3123 ἀποθεμένη
2878 3052 2971 3105 καὶ
3004 3051 3196 3121 στολὴν
3252 3050 3347 3104 καὶ
3382 3050 3561 3120 ψυχήν
3583 3066 3596 3079 °
3627 3051 3749 3103 διὰ-

2172 3149 2368 3216 ζωσμα
2415 3146 2472 3197 δὲ
2524 3146 2891 3216 περιθεμένη,
2944 3144 3162 3197 καὶτὸν
3204 3143 3413 3213 Ἰησοῦν
3444 3144 3563 3195 ὅλον
3599 3143 3752 3195 ἔνδον

2173 3240 2331 3300 θείως
2363 3238 2756 3309 προορωμένη·
2784 3238 2877 3289 καὶ
2904 3236 2992 3289 τὸν
3023 3234 3233 3289 Παῦλον
3267 3236 3510 3305 ὄμμασιν
3542 3237 3752 3305 νοεροῖς

2171 3328 2516 3397 όπταζομένη
2572 3318 2697 3397 (μιᾷ
2752 3327 2858 3396 γὰρ
2910 3326 3094 3395 ὁράσει
3138 3326 3257 3387 νοὸς
3289 3324 3633 3394 ἀμφοτέρους
3673 3323 3751 3386 ὡς

2170 3420 2265 3473 ἕνα
2303 3416 2682 3487 κατωπτρίζον
2708 3418 2751 3485 ),
2786 3416 2928 3485 μάλα
2956 3414 3219 3477 νεανικῶς
3248 3414 3305 3465 ὲν
3334 3413 3639 3484 ἀρρενωπῴ
3676 3410 3754 3483 τῷ

2172 3509 2514 3580 φρονήματι.
2550 3508 2629 3570 είς
2658 3507 2719 3558 τὸ
2745 3505 2837 3559 τοῦ
2876 3506 3090 3559 σταδίου
3124 3505 3288 3575 μέσον
3334 3504 3704 3575 είσεπήδησας
3732 3521 3749 3537 ι

2171 3601 2263 3651 καί⁸
2316 3598 2534 3669 σταυρῷ
2591 3598 2693 3665 μὲν
2744 3599 2867 3650 ὅλον
2915 3598 2976 3649 τὸ
3006 3599 3165 3668 σῶμα
3196 3599 3462 3667 πρότερον
3508 3614 3756 3665 σημειω-

2171 3689 2356 3742 θεῖσα’
2384 3689 2840 3759 ὲκπεπετασμένη
2872 3689 2927 3741 δὲ
2970 3688 3067 3751 τάς
3101 3690 3287 3758 χεῖρας
3321 3691 3401 3751 είς
3451 3688 3543 3741 τὸν
3588 3689 3646 3740 οὐ
3660 3704 3751 3757 ρα-

2169 3783 2278 3845 νδν,
2310 3781 2389 3850 τῷ
2432 3780 2529 3851 μὲν
2564 3780 2658 3832 ἐπὶ
2708 3780 2816 3832 τῶν
2846 3779 3129 3850 Χερουϐὶμ
3173 3779 3468 3850 καθημένῳ
3506 3782 3621 3842 τοῖς
3651 3778 3753 3846 τῆς

2168 3870 2405 3931 διανοίας
2432 3868 2864 3939 μυστικωτάτοις
2903 3871 3200 3941 κινήμασιν
3250 3871 3519 3940 εὐχομένη
3572 3885 3750 3940 προσ-

2168 3960 2425 4029 ωμίλεις·
2458 3959 2566 4012 τῶν
2598 3958 2692 4011 ἐπὶ
2754 3962 2811 4013 σὲ
2876 3960 2935 4013 δὲ
2986 3960 3357 4029 πεμπομένων
3386 3960 3617 4013 λεόντων
3659 3959 3755 4013 καὶ
3792 4016 3809 4030 ο

2167 4052 2383 4121 ἄρκτων
2414 4050 2508 4103 καὶ
2545 4050 2862 4119 παρδάλεων
2892 4051 2982 4103 τὸν
3031 4051 3298 4122 βρυγμὸν,
3344 4052 3419 4114 ὡς
3465 4050 3759 4120 προϐάτων

2166 4140 2486 4210 λογιζομένη
2526 4139 2839 4210 βληχηθμόν
2865 4156 2877 4170 ·
2916 4141 3011 4195 τοῦ
3052 4142 3298 4212 πατάγου
3333 4144 3387 4195 δὲ
3412 4141 3521 4194 τῶν
3556 4143 3750 4211 δήμων

2168 4228 2388 4297 καὶτῆς
2422 4227 2529 4280 τῶν
2575 4227 2749 4297 ὄχλων
2777 4230 3024 4300 ταραχῆς
3070 4236 3164 4285 καὶ
3198 4233 3296 4301 τῆς
3331 4231 3437 4285 τῶν
3469 4235 3760 4300 γυναικῶν

2167 4320 2432 4387 ὀλολυγῆς
2488 4319 2563 4381 ὡς
2626 4321 2835 4387 νηπίων
2886 4323 3327 4393 ὲπαισθανομένη
3378 4324 3529 4394 βοῆς,
3580 4325 3760 4389 οὔτως

2175 4414 2421 4483 ἀτρέμας
2448 4411 2634 4465 ἵστασο
2663 4412 2915 4485 καθάπερ
2966 4417 3023 4468 ἐν
3058 4418 3206 4487 μέσῳ
3236 4416 3573 4486 δημοτελοῦς
3603 4433 3749 4469 παν-

2970 4508 3065 4562 καὶ
3145 4509 3598 4579 κατατερπομένη
3666 4508 3761 4562 τὸν

2170 4615 2314 4655 νουν.
2380 4610 2390 4619 “

2243 4711 2367 4768 Εἶεν
2390 4733 2403 4746 ·
2438 4715 2526 4768 ὅτε
2561 4715 2616 4768 δὲ
2650 4717 2756 4769 πᾶν
2788 4714 2977 4783 θηρίον
3033 4712 3233 4779 ἀφεθὲν
3290 4711 3412 4765 κατ’
3443 4710 3614 4781 αὐτῆς
3641 4754 3657 4776 ,
3716 4713 3755 4767 ἃ.

2179 4808 2275 4877 μὲν
2308 4807 2400 4860 ὑπ’
2430 4806 2675 4877 ἀλλήλων
2713 4806 2956 4875 ἀνήλωτο
2982 4822 2994 4834 ·
3043 4802 3078 4856 ἃ
3110 4803 3155 4855 δ’
3190 4803 3264 4866 ὡς
3293 4801 3447 4872 ὕπνῳ
3475 4802 3633 4872 βαθεῖ
3658 4821 3760 4856 κα-

2180 4897 2420 4967 ρωθέντα
2440 4899 2533 4950 καὶ
2570 4896 2939 4968 ναρκήσαντα,
2973 4892 3224 4946 τοσοῦτον
3254 4894 3448 4963 ἀπεῖχε
3486 4893 3578 4947 τοῦ
3614 4910 3763 4965 παρ-

2179 4987 2393 5040 θενικοῦ
2439 4988 2534 5041 καὶ
2580 4988 2851 5057 ἀχράντου
2886 4984 3137 5054 σώματος
3168 4983 3491 5053 ἐνάψασθαι,
3523 4985 3634 5054 ὅσῳ
3660 4986 3761 5038 καὶ

2176 5078 2339 5131 λίθων
2388 5079 2710 5139 ἀντιτυπίας
2740 5076 2919 5129 ὀδοῦσι
2970 5075 3447 5145 καταδράξασθαιο
3481 5076 3570 5129 ὅτε
3626 5075 3760 5144 γοῦν

2173 5168 2362 5232 δεξιῶς
2394 5170 2529 5238 αὐτῇ
2564 5169 2713 5221 τόνδε
2738 5166 3148 5221 συντετελέσθαι
3168 5166 3258 5219 τὸν
3289 5165 3499 5234 ἀγῶνα,
3541 5166 3637 5219 καὶ
3666 5167 3760 5218 τὸν

2179 5261 2394 5327 Πατέρα
2428 5261 2533 5312 τῶν
2569 5259 2763 5329 φώτων
2794 5258 3139 5326 δοξασθῆναι,
3162 5260 3255 5310 καὶ
3283 5259 3375 5311 τὸν
3411 5258 3538 5311 Υίὸν
3576 5274 3761 5329 μεγα-

2176 5352 2453 5422 λυνθῆναι,
2480 5354 2576 5406 καὶ
2630 5354 2722 5406 τον
2755 5353 3111 5424 Παράκλητον
3142 5353 3199 5403 ὲν
3252 5354 3389 5423 αὐτῇ
3421 5352 3759 5420 θαυμαστωο

2187 5444 2365 5514 θῆναι,
2395 5446 2515 5498 τότε
2543 5446 2604 5515 δὴ
2636 5446 2770 5517 πρὸς
2794 5446 2852 5498 ἓν
2874 5463 2924 5498 τι
2947 5444 3040 5498 τοῦ
3082 5444 3307 5516 θεάτρου
3340 5447 3502 5516 μέρος
3531 5445 3758 5515 ϐρυγμα

2180 5618 2477 5690 ldanditam
2511 5636 2655 5674 esse.
2696 5619 2863 5675 Basii.
2900 5619 3307 5689 παρεκαθέζετό
3370 5637 3427 5672 τε
3474 5621 3567 5674 καὶ
3602 5639 3763 5690 περι-

2177 5689 2357 5741 ἐσαινε
2389 5690 2515 5752 τοὺς
2544 5690 2732 5753 πόδας.
2766 5690 3027 5759 Metaph.,
3066 5690 3269 5759 Lingua
3325 5690 3555 5744 molliter
3602 5689 3761 5758 pedes

2171 5758 2285 5826 ejus
2314 5759 2563 5813 lambere.
2593 5761 2747 5830 Quod
2770 5761 2835 5813 ad
2872 5758 3030 5815 [idem
3087 5758 3246 5830 longe
3292 5762 3611 5830 ptorliritts,
3663 5762 3761 5818 dc-

2187 5839 2382 5899 cetque
2424 5832 2594 5898 magis
2632 5829 2952 5885 modestiam
2990 5829 3235 5901 virginis.
