4008 6590
289 407 403 469 325

1180 402 1464 463 oamo
1507 401 1661 465 XVI.
1704 426 1773 438 -
1798 401 1878 462 IN
1907 366 2220 461 LAUDEM
2254 401 2316 462 s.
2354 401 2693 463 mecm.

3461 408 3569 474 39.6

282 518 497 586 πλῆρες
548 514 738 579 ὓδατος
768 513 949 569 ἰδοῦσα
976 513 1089 583 (67)
1107 554 1122 579 ,
1148 515 1245 568 καὶ
1272 518 1869 587 κατασφραγισαμένη,

1981 516 2182 571 fossam
2256 534 2400 587 aqua
2470 522 2686 587 plenaut
2756 515 2967 578 videns.
3035 532 3098 573 ac
3164 520 3347 575 crucis
3402 522 3562 592 signo

283 609 558 674 ἀκοντίζει
597 610 695 680 μὲν
716 609 916 680 ἑαυτὴν
941 608 1084 662 κατὰ
1098 608 1193 661 τοῦ
1225 608 1418 671 ὓδατος
1452 611 1509 663 ὲν
1540 610 1617 681 τῷ
1641 610 1871 680 ὀνόματι

296 701 471 772 Ἰησοῦ
528 702 790 771 Χριστοῦ,
824 702 1063 770 λέγουσα
1086 717 1103 732 ⁸
1137 701 1222 767 Τῷ
1252 702 1428 756 ὕδατι
1462 703 1735 772 σήμερον
1759 704 1876 768 βα-

283 792 574 863 πτίζομαι.
604 790 714 848 Ἦν
742 794 852 865 γὰρ
882 796 981 866 ἤδη
1017 794 1078 847 τὸ
1120 795 1346 867 Πνεῦμα
1376 794 1438 849 τὸ
1469 796 1625 864 ἅγιον
1654 795 1743 849 διὰ
1776 796 1877 866 τῆς

285 886 502 941 Παύλου
562 888 859 957 σφραγίδος
904 887 1127 951 τελείως
1155 887 1634 958 ὲγκολπωσαμένη
1660 904 1674 918 '
1708 886 1873 951 εὐθὺς

280 978 334 1030 δὲ
364 979 569 1048 νεφέλη
624 979 754 1047 περὶ
804 978 975 1047 αὐτὴν
1016 977 1187 1048 πυρὸς
1220 972 1425 1043 ὦπται,
1487 978 1624 1047 ὁμοῦ
1655 980 1758 1048 τήν
1812 996 1873 1032 τε

280 1069 567 1137 γύμνωσιν
599 1068 1029 1139 περιστέλλουσα
1059 1069 1153 1121 τοῦ
1181 1069 1453 1139 σώματος,
1480 1073 1575 1123 καὶ
1610 1070 1873 1140 ἀμίαντον

281 1162 393 1215 ἀπὸ
419 1161 529 1213 τῶν
557 1163 615 1213 ὲν
648 1160 809 1213 ὕδασι
846 1159 1184 1231 διατηροῦσα
1218 1161 1443 1229 φωκῶν.

364 1252 609 1305 Ἐκεῖθεν
659 1254 692 1321 ἡ
743 1251 1052 1315 καλλίνικος
1113 1252 1411 1325 ἀθλοφόρος
1477 1252 1744 1319 ἀναδῦσα,
1778 1255 1871 1308 ἵνα

286 1344 485 1415 μᾶλλον
519 1345 599 1398 ἔτι
632 1344 864 1415 δοξασθῇ
896 1346 1008 1407 τοῖς
1037 1345 1261 1409 οἰκείοις
1305 1346 1525 1416 μέλεσιν
1564 1347 1869 1414 ἀγιάζουσα

281 1438 542 1506 Χριστὸν.
576 1438 798 1508 ταύροις
837 1436 1056 1505 ἀγρίοις
1105 1439 1201 1491 καὶ
1260 1439 1648 1509 σκληροτάτοις
1702 1457 1872 1510 προσ-

283 1528 516 1580 εδέδετο·
550 1528 645 1580 καὶ
696 1528 794 1595 τῆς
828 1526 949 1597 βίας
983 1529 1174 1591 αἴτιος,
1226 1526 1576 1599 Ἀλέξανδρος
1616 1530 1643 1581 ὁ
1678 1529 1870 1599 ἄφρων

279 1621 454 1689 αὐτῆς
513 1621 757 1691 ὑπῆρχεν
814 1620 1096 1690 ἐραστής⁶
1132 1619 1324 1674 τούτου
1379 1620 1488 1694 γὰρ
1523 1622 1622 1691 τῆς
1675 1624 1869 1693 μανίας

280 1713 527 1781 ἀγεννῶς
561 1714 589 1765 ὁ
622 1711 846 1782 ἡγεμὼν
876 1715 1101 1782 ἡττᾶτο.
1155 1714 1266 1767 Καὶ
1296 1714 1498 1778 πάντες
1533 1716 1631 1785 μὲν
1678 1716 1869 1787 ἄνδρες

279 1809 393 1868 τοῖς
450 1805 762 1874 γινομένοις
828 1806 1362 1877 ἒπιμυκτηρίζοντες
1411 1808 1865 1861 ἀπεδυσπέτουν·

280 2008 390 2045 ναι.
416 1990 737 2068 Τρύφαιναν
764 1990 821 2043 δὲ
851 1991 1005 2062 παρὰ
1030 1991 1093 2045 τὸ
1122 1990 1350 2063 θέατρον
1383 1993 1579 2064 μικροῦ
1601 1992 1713 2046 δεῖν
1736 1996 1869 2048 ἀπο-

278 2083 594 2137 πνεύσασαν
629 2084 931 2137 ἀνείλαντο.
993 2084 1058 2137 Οἱ
1112 2083 1170 2137 δὲ
1212 2085 1409 2155 σίδηρα
1459 2085 1869 2156 κακομηχάνως

280 2176 659 2248 κυρώσαντες,
691 2178 911 2231 καὶτῶν
940 2179 1221 2249 ταυρικῶν
1251 2180 1459 2251 ὄρχεων
1481 2182 1872 2252 ἀπαιωρήσανο

278 2285 390 2333 τες,
425 2268 710 2322 ὲπιπλείον
738 2269 937 2332 αὐτοὺς
978 2273 1044 2341 τῇ
1077 2270 1171 2324 τοῦ
1207 2272 1380 2343 πυρὸς
1411 2273 1548 2339 θίξει
1598 2273 1870 2343 συνταρά-

282 2361 390 2425 ξαι,
416 2361 515 2415 καὶ
541 2361 640 2431 τὴν
671 2361 767 2414 τοῦ
803 2362 1044 2432 Χριστοῦ
1075 2362 1305 2434 δεσμίαν
1358 2364 1547 2434 βιαίως
1595 2364 1871 2430 ὲξανελεῖν

279 2452 662 2523 ἐμηχανῶντο.
685 2453 920 2524 Νήπιοιῑ
954 2454 1015 2508 οὐ
1043 2455 1152 2526 γὰρ
1184 2455 1281 2527 τὴν
1310 2455 1739 2527 ὑπερμαχοῦσαν
1773 2458 1873 2512 αὖ-

279 2544 377 2614 τῆς
406 2544 750 2599 κατεθεῶντο
780 2548 938 2617 χεῖρα
963 2563 976 2577 -
1006 2546 1169 2610 εὐθὺς
1196 2548 1305 2619 γὰρ
1326 2547 1435 2602 τῶν
1459 2548 1640 2601 κάλων
1672 2550 1871 2620 περιρ-

284 2636 564 2704 ραγέντων
591 2640 658 2709 τῇ
695 2638 875 2706 φλογὶ,
909 2640 956 2691 οἱ
994 2638 1093 2708 μὲν
1116 2640 1435 2711 ἀπέστησαν
1460 2657 1473 2671 ’
1532 2642 1565 2711 ἡ
1597 2640 1871 2712 παρθένος

281 2727 340 2779 δὲ
374 2730 521 2782 κατὰ
565 2727 753 2799 χώρας
802 2728 1084 2801 ἁλώὸητος
1138 2730 1567 2803 διαμεμένηκεν.
1600 2729 1811 2792 Ταῦτα,
1843 2731 1872 2783 ὁ

280 2820 371 2874 τὸν
403 2822 607 2891 Δανιὴλ
636 2821 920 2876 λεοντείων
946 2822 1249 2894 ῥυσάμενος
1276 2825 1570 2895 χασμάτων
1596 2841 1609 2853 ο
1638 2825 1667 2877 ό
1694 2821 1872 2892 στύλῳ

285 2914 459 2984 πυρὸς
498 2915 594 2969 καὶ
622 2914 850 2985 νεφέλης
882 2917 940 2968 ὲν
964 2918 1033 2987 γῇ
1064 2916 1159 2972 καὶ
1181 2915 1335 2969 ὕδατι
1368 2915 1755 2987 παραδοξάσας
1778 2914 1871 2968 τὸν

296 3003 547 3075 Ἰσραήλ·
583 3006 677 3058 καὶ
710 3004 915 3076 θηρίων
946 3006 1143 3068 αὐτοὺς
1173 3006 1463 3076 κράτορας,
1500 3007 1592 3059 καὶ
1619 3022 1873 3076 πονηρο-

284 3096 463 3151 τὰτων
495 3096 776 3168 τυράννων
808 3097 1193 3167 ἰσχυροτάτους
1226 3097 1624 3168 ἐργασάμενος.

362 3351 627 3422 Ἐφριξεν
687 3352 989 3424 Ἀντιόχεια
1025 3352 1210 3424 όρῶσα
1271 3352 1464 3412 ταῦτα.
1519 3352 1615 3407 καὶ
1648 3355 1863 3428 μεγάλῃ

289 3447 442 3513 ςωνῇ
477 3444 569 3497 τὸν
596 3444 695 3513 τῆς
722 3444 930 3516 Θέκλης
959 3446 1161 3517 ᾔνεσαν
1207 3445 1363 3500 Θεόν.
1413 3447 1629 3519 Τρόμος
1684 3447 1877 3503 ἐλαϐεν

287 3536 377 3588 τὸν
416 3536 680 3606 ἡγεμόνα,
710 3537 806 3590 καὶ
840 3538 975 3609 πρὸς
1002 3538 1196 3592 ἑαυτὸν
1226 3538 1474 3607 εὐμενῶς
1512 3538 1718 3593 οὑτωσὶ
1780 3540 1878 3594 καὶ

288 3630 483 3699 πράως
536 3628 635 3699 τὴν
696 3630 989 3700 νικηφόρον
1043 3630 1586 3702 μετακαλεσάμενος,
1643 3630 1877 3685 ἐπύθετο

288 3719 419 3790 ποίᾳ
449 3718 678 3788 δυνάμει
708 3720 819 3773 τῶν
840 3720 1109 3775 τοσούτων
1156 3722 1499 3793 περιγένοιτο
1524 3723 1727 3795 θηρῶν.
1763 3722 1873 3795 Τὴν

287 3810 345 3863 δὲ
373 3798 923 3882 παρρησιασαμένην,
945 3815 1039 3866 καὶ
1055 3813 1303 3883 θεολόγον
1320 3815 1584 3885 διάρασαν
1612 3817 1732 3869 ἐκεῖ
1752 3817 1876 3870 στό-

292 3922 391 3973 μα,
428 3906 821 3975 λαμπροτάτην
847 3907 1239 3977 ὲξερεύξασθαι
1266 3908 1359 3961 τοῦ
1395 3909 1571 3978 Ἰησοῦ
1601 3908 1701 3979 τὴν
1732 3926 1875 3979 μαρ-

287 3997 501 4067 τυρίαν.
534 3998 664 4063 Καὶ,
709 3999 832 4067 stre
854 4000 1128 4064 βούλοιο,
1162 4002 1348 4070 φησὶν,
1388 3995 1435 4055 ὦ
1467 4000 1721 4070 ἡγεμὼν,
1760 4000 1877 4069 τὴν

287 4088 358 4142 ἐν
384 4089 519 4159 ἐμοὶ
559 4091 821 4159 δύναμιν
849 4089 1129 4153 ἀκοῦσαι,
1163 4092 1389 4161 φθόνος
1426 4092 1629 4161 οὐδεὶς
1663 4092 1872 4165 φάναι.

360 4207 407 4238 ⁸⁵
445 4207 579 4261 Dan.
606 4223 718 4273 xiv,
756 4204 848 4262 50.
924 4206 970 4238 ⁸⁸
1010 4206 1183 4264 Exod.
1210 4223 1323 4273 xw,
1348 4205 1441 4262 21.

359 4326 471 4395 (67)
500 4326 771 4393 Ὄρυγμα
806 4324 1032 4391 πλῆρες
1077 4325 1296 4391 ὕδατος
1328 4325 1566 4395 ἰδοῦσα.
1618 4322 1858 4395 Metaph.

289 4394 491 4450 λάκκον
564 4397 764 4463 μεστὸν
825 4395 1036 4458 ὓδατος.
1092 4395 1258 4449 Basil.
1319 4394 1731 4465 κολυμϐήθραν
1770 4394 1865 4447 καὶ

290 4467 455 4535 ὓδωρ,
489 4481 613 4532 qua:
640 4466 821 4519 omnia
859 4466 982 4519 aliis
1007 4467 1239 4534 aliisque
1276 4466 1459 4519 verbis
1514 4465 1656 4518 idem
1693 4464 1866 4533 signi-

291 4534 474 4590 tit'aut.
510 4537 758 4613 l’_hocas._
779 4536 982 4613 bestias
1010 4539 1251 4613 marinas
1275 4551 1340 4590 ac
1379 4536 1708 4613 carnivoras
1733 4542 1870 4613 _tru-

1977 4534 2241 4613 baptigcr,
2276 4538 2439 4613 lueret
2482 4541 2763 4613 μυστικόν,
2832 4542 3008 4609 ipsum
3042 4534 3297 4613 λουτρόν,

290 4622 516 4676 cesque,
545 4605 598 4659 in
636 4620 700 4659 eo
735 4604 905 4659 fuisse
935 4605 1009 4657 ait
1042 4604 1393 4676 Basilius,ad
1416 4605 1661 4676 _virginis
1691 4675 1696 4676 γ
1730 4604 1871 4676 forte

290 4674 623 4746 supplicium
671 4684 939 4745 paratas;
1001 4685 1059 4727 ut
1109 4675 1254 4744 quod
1306 4675 1359 4729 in
1408 4674 1610 4729 fossam
1670 4675 1874 4731 desiliit

290 4749 465 4813 virgo,
504 4745 852 4800 sclummodo
883 4746 1206 4800 carnificqu
1268 4747 1377 4800 vim
1441 4747 1746 4813 occuparit,
1804 4745 1873 4801 ab

291 4818 397 4872 illis
429 4821 486 4870 in
515 4830 635 4870 eam
697 4831 822 4868 mox
888 4816 1245 4885 projicieuda,
1314 4827 1372 4869 ut
1430 4817 1705 4870 nullarqu
1761 4832 1872 4870 non

288 4889 593 4942 bestiarum
634 4885 691 4955 in
716 4900 835 4939 eam
869 4886 1174 4955 periculum
1229 4887 1401 4940 ﬁeret.
1438 4886 1726 4952 Quomodo
1795 4886 1868 4939 fa-

286 4967 434 5011 ctum
463 4955 611 5011 istud
652 4954 888 5020 Theclaz,
946 4957 1101 5010 alteri
1150 4955 1449 5026 Apollonia:
1507 4956 1779 5025 praziverit
1818 4957 1870 5009 in

287 5030 510 5082 diverso
537 5028 663 5079 licet
692 5026 1000 5080 elemento:
1047 5026 1405 5096 videaturque
1454 5042 1560 5081 non
1620 5034 1730 5079 tam
1785 5027 1869 5080 sui

286 5108 597 5179 spontanea
625 5095 850 5179 occisio,
877 5111 1040 5165 quam
1071 5095 1363 5179 certaejam
1394 5097 1546 5179 necis
1580 5105 1872 5179 acOparataa

285 5163 475 5223 divino
525 5163 767 5237 quodam
818 5163 1025 5237 impetu
1081 5166 1317 5234 fideique
1370 5166 1713 5237 excellentia
1743 5182 1875 5218 nou-

286 5240 436 5293 nulla
469 5233 819 5291 acCeleratio.
844 5233 1204 5305 Di'splicuissc
1233 5233 1424 5290 tamen
1466 5236 1609 5290 istud
1653 5233 1873 5290 Thecla:

284 5311 503 5363 cunctis
539 5308 850 5363 astantibus
879 5306 1047 5362 refert
1097 5306 1263 5361 Basil.
1320 5306 1523 5375 quibus
1573 5308 1688 5375 visa
1741 5306 1870 5359 ἄτο-

284 5395 383 5441 πος
442 5377 543 5430 παλ⁵
608 5376 851 5445 ὀλέθριος
911 5377 1107 5448 τόλμα,
1174 5374 1415 5430 absurda
1476 5374 1872 5445 exitiabilisque

285 5448 519 5501 audacia
575 5456 625 5502 et
653 5448 945 5512 temeritas,
988 5449 1069 5502 sic
1129 5462 1189 5502 se
1250 5448 1305 5501 in
1343 5462 1539 5516 aquam
1606 5449 1869 5502 monstris

284 5518 591 5572 vorandam
634 5518 980 5587 praecipitem
1065 5517 1219 5581 dare,
1275 5532 1589 5586 quanquam
1662 5527 1872 5585 pmerat

287 5598 434 5642 certa
467 5604 595 5642 esse
620 5586 841 5653 Thecla,
871 5588 964 5658 qui
995 5604 1054 5642 se
1105 5588 1438 5658 incolumem
1470 5595 1743 5658 servasset
1795 5587 1865 5641 ab

288 5663 432 5712 omni
459 5658 673 5711 illarutn
706 5656 1046 5713 terrestrium
1104 5656 1403 5714 bestiarum
1460 5657 1694 5726 agmine,
1726 5671 1869 5726 Aser-

291 5742 542 5782 vaturum
574 5738 629 5783 et
676 5742 706 5780 a
757 5729 1023 5799 marinis,
1068 5744 1178 5799 quo
1247 5727 1370 5799 eju_s
1417 5724 1591 5799 inagis
1631 5724 1872 5799 undique

296 5800 461 5865 gloria
494 5798 846 5853 claresceret.
873 5797 1029 5862 Quod
1060 5795 1190 5852 vero
1213 5798 1290 5851 ait
1312 5795 1537 5859 Thecla,
1568 5812 1626 5849 se
1664 5798 1718 5849 in
1756 5796 1866 5850 foss

301 5885 409 5921 sam
439 5870 722 5939 iactando,
764 5866 854 5937 Τῷ
884 5866 1298 5939 ὖδατισήμερον
1361 5867 1711 5937 βαπτίζομαι,
1751 5865 1865 5920 Ilo-

1969 1804 2225 1873 degeueri
2285 1807 2473 1859 animo
2553 1817 2699 1862 totus
2758 1820 3127 1866 concesserat.

281 1902 454 1952 πᾶσαι
480 1898 539 1950 δὲ
568 1901 821 1966 γυναῖκες
848 1898 1142 1963 ὼλόλυζον,
1169 1899 1270 1969 τὴν
1298 1898 1420 1969 βίαν
1444 1901 1865 1972 ἀπολοφυρόμε-

1977 1899 2069 1951 viri
2140 1914 2328 1953 omnes
2402 1900 2622 1967 probris
2709 1901 3069 1967 incessentes,

1987 610 2349 675 Communita,
2402 625 2525 664 sese
2582 609 2635 663 in
2667 625 2788 663 eam
2852 610 3020 679 jactat
3056 612 3108 664 in
3177 612 3398 667 nomine
3432 612 3563 669 Jesu

1986 701 2192 755 Christi
2243 702 2436 758 dicens
2483 701 2703 756 :llodie
2750 719 2891 773 aqua
2952 702 3219 771 baptizor.
3266 702 3386 759 Jam
3422 707 3567 761 enim

1978 792 2247 863 Spiritum
2297 804 2554 851 sanctum
2610 796 2781 849 Paulo
2833 796 3160 866 obsignaute
3216 798 3383 851 animi
3444 800 3569 853 sinu

1979 885 2222 952 perfecte
2270 898 2617 958 susceperat.
2653 886 2775 940 Mox
2838 902 2971 941 vero
3008 889 3164 958 ignea
3222 891 3398 943 nuch
3420 891 3571 942 circa

1974 988 2099 1026 eam
2131 976 2248 1029 visa
2277 984 2382 1041 est,
2428 994 2548 1047 qum
2576 987 2630 1030 et
2662 979 2916 1047 corporis
2950 978 3255 1032 nuditatem
3286 979 3570 1049 obtegeret

1974 1075 2026 1118 et
2056 1080 2084 1117 a
2146 1067 2340 1137 phocis
2376 1068 2430 1122 in
2502 1071 2661 1140 aquis
2687 1069 3016 1140 degentibus
3073 1071 3305 1125 illaesum
3355 1086 3560 1125 serva-

1973 1166 2075 1213 τοι.

2045 1251 2186 1309 llinc
2218 1254 2477 1323 praeclara
2507 1257 2651 1326 pugil
2684 1257 2911 1312 victoria
2950 1258 3230 1329 triumpho
3254 1277 3565 1329 emergens,

1972 1356 2083 1411 quo
2108 1344 2300 1413 majori
2334 1345 2516 1398 adhuc
2558 1347 2808 1401 claritate
2842 1348 3003 1411 foret,
3035 1350 3320 1406 Christum
3354 1356 3561 1408 sancti-

1972 1432 2143 1486 ticans
2178 1436 2440 1490 membris
2469 1438 2613 1500 suis,
2679 1440 2862 1493 tauris
2897 1441 3205 1509 agrestibus
3233 1459 3297 1496 ac
3326 1446 3567 1499 saevissi-

1972 1526 2078 1579 mis
2108 1542 2447 1596 prorsusque
2492 1529 2776 1585 indomitis
2806 1532 3025 1600 alligata
3057 1544 3164 1586 est.
3198 1532 3441 1605 Ejusque
3492 1537 3561 1590 il-

1932 1617 2099 1672 ‘lataa
2155 1620 2239 1673 vis
2296 1629 2488 1674 auctor
2541 1621 2767 1676 demens
2826 1623 3136 1678 Alexander
3224 1627 3370 1680 illius
3418 1644 3568 1681 aina-

1972 1720 2058 1765 tor
2125 1728 2189 1765 ac
2244 1729 2445 1783 procus
2506 1733 2518 1769 :
2586 1716 2760 1785 ipsius
2827 1717 2972 1769 enim
3056 1719 3287 1773 insania:
3364 1736 3565 1790 praeses

3206 1811 3283 1867 Ac
3340 1814 3562 1884 quidem

3158 1920 3266 1958 rent
3344 1907 3565 1978 indigne

1976 1988 2254 2058 ferebant;
2302 2002 2513 2047 cunctae
2544 2008 2674 2047 vero
2730 1994 3006 2059 mulieres,
3050 1996 3155 2049 vim
3204 1997 3351 2050 illaut
3380 1998 3567 2067 deplo-

1977 2081 2170 2144 rando,
2244 2082 2455 2137 ululatu
2515 2099 2642 2139 aera
2704 2086 3010 2154 replebant.
3072 2085 3431 2158 Tryphaenam
3492 2090 3561 2145 ad

1972 2173 2171 2227 theatri
2209 2175 2413 2245 gradus
2446 2176 2815 2246 exspirantem
2845 2192 3037 2246 parum
3071 2181 3225 2234 abest
3257 2183 3387 2250 quin
3437 2197 3561 2237 sus~

1982 2264 2231 2319 tulerint.
2287 2264 2529 2321 Subulas
2580 2281 2747 2337 porro
2800 2267 3028 2331 ferreas.
3080 2271 3271 2325 subtili
3325 2271 3561 2325 nocendi

1972 2365 2091 2412 arte
2117 2356 2480 2413 incendentes
2509 2367 2905 2429 taurorumque
2932 2361 3134 2415 scrotis
3154 2361 3557 2431 appendcntes,

1973 2450 2240 2521 majorem
2277 2451 2330 2504 in
2369 2452 2589 2506 modum
2625 2452 2770 2522 ignis
2810 2461 3047 2507 attracto
3099 2455 3449 2518 conturbare,
3499 2471 3563 2511 ac

1970 2539 2176 2596 Christi
2210 2543 2454 2596 vinctam
2491 2543 2543 2597 vi
2567 2558 2799 2599 enecare
2821 2546 3134 2601 studebant.
3171 2548 3334 2601 Stulti
3374 2548 3564 2602 videli-

1971 2641 2057 2687 cet
2092 2633 2379 2689 hominesl
2442 2631 2629 2704 Neque
2659 2637 2803 2690 enim
2842 2652 3058 2690 manum
3092 2639 3167 2692 illi
3207 2641 3561 2694 auxiliantem

1970 2722 2249 2779 videbant.
2286 2724 2481 2779 Statim
2536 2726 2680 2779 enim
2740 2725 2964 2782 funibus
2994 2726 3212 2781 ﬂamma
3286 2730 3560 2800 abruptis,

1971 2814 2147 2869 tauris
2174 2816 2601 2871 abscedentibus
2636 2818 2787 2888 virgo
2807 2819 2975 2874 illaesa
3010 2820 3063 2874 in
3089 2822 3270 2875 Slatlio
3311 2838 3373 2877 ac
3397 2838 3562 2877 arena

1974 2906 2297 2974 permansit.
2335 2906 2459 2962 Ilazc
2486 2910 2768 2974 nimirum,
2804 2913 2894 2979 qui
2934 2909 3209 2965 Danieletn
3247 2929 3276 2966 e
3311 2914 3563 2969 faucibus

1976 2997 2258 3054 hiantibus
2290 2999 2512 3054 lenitum
2562 3002 2919 3069 liberavit“;
2978 3008 3069 3074 qui
3114 3009 3365 3059 columna
3423 3008 3563 3075 ignis

1975 3103 2037 3141 ac
2067 3090 2249 3155 nubis,
2287 3099 2430 3144 terra
2467 3094 2711 3163 marique
2741 3093 2991 3150 Israelem
3025 3097 3283 3163 praeclare
3308 3096 3563 3150 honesta-

1976 3182 2052 3235 vit
2091 3182 2173 3249 ";
2203 3197 2328 3237 cum
2374 3183 2674 3238 bestiarum
2705 3186 2829 3239 illos
2857 3187 3111 3251 victores,
3142 3196 3255 3241 tum
3289 3190 3562 3256 nequissi-

1901 3258 1945 3321 C
1981 3274 2083 3329 mis
2114 3275 2366 3345 tyrannis
2397 3275 2651 3330 fortiores
2682 3277 2829 3331 fecit.

2058 3362 2284 3419 Horruit
2336 3366 2620 3419 Antiochia
2654 3381 2776 3421 cum
2817 3367 2933 3422 bzec
2978 3368 3205 3435 videret,
3257 3388 3563 3443 magnaque

1974 3470 2111 3510 voce
2171 3453 2385 3510 Thecla:
2429 3455 2596 3511 Deum
2631 3457 2942 3512 laudarunt.
2999 3458 3225 3515 Tremor
3274 3466 3559 3532 przesidem

1978 3547 2201 3609 invasit.
2249 3546 2438 3616 sicque
2473 3549 2681 3618 placide
2714 3550 3015 3621 blandeque
3070 3554 3300 3609 victoria
3356 3557 3559 3610 claram

1976 3654 2267 3694 aet'erscns
2301 3639 2589 3707 virginem,
2616 3641 3025 3701 sciscitabatur.
3053 3659 3156 3711 qua
3191 3643 3410 3699 demum
3450 3648 3562 3699 vir-

1982 3740 2097 3785 tute
2153 3741 2231 3786 tot
2264 3733 2557 3786 bestiarum
2588 3734 2778 3787 victrix
2810 3734 3133 3790 exstitisset.
3163 3738 3243 3792 Ad
3275 3754 3434 3808 quem
3469 3739 3560 3794 illa

1985 3822 2154 3876 libere
2188 3821 2496 3889 fiduciaque
2534 3824 2901 3892 theologicum
2936 3825 3046 3878 illic
3086 3842 3147 3879 os
3179 3831 3454 3896 aperiens,
3486 3832 3561 3885 il-

1983 3913 2376 3967 lustrissimum
2429 3913 2559 3969 Jesu
2620 3920 2996 3971 testimonium
3048 3920 3340 3974 eructavit.
3377 3923 3560 3990 Atqui,

1981 4003 2028 4055 si
2059 3990 2222 4068 lubet,
2251 4006 2451 4075 inquit,
2483 4023 2511 4059 ο
2536 4022 2753 4075 prwses.
2785 4009 2838 4060 in
2872 4025 2950 4061 me
2986 4010 3324 4064 exsisteutem
3393 4014 3550 4068 virtw

1983 4106 2084 4150 tem
2110 4098 2318 4163 audire,
2351 4099 2501 4152 nulla
2539 4100 2742 4154 invidia
2773 4112 2875 4167 est,
2909 4118 3025 4171 quae
3057 4102 3200 4172 loqui
3232 4114 3379 4161 vetet.
3408 4106 3565 4161 Clari-

1970 4324 2207 4393 dieaqua
2239 4324 2562 4390 baptizanda
2589 4342 2725 4392 sum,
2759 4329 2866 4391 vel,
2900 4340 2959 4383 ut
3004 4331 3247 4386 referunt
3308 4331 3471 4388 Basil.
3504 4341 3559 4389 et

1972 4393 2233 4475 hletaphq
2266 4395 2354 4448 'Ev
2374 4395 2461 4475 :rq't
2488 4397 2712 4475 ὀνόματί
2755 4402 3091 4475 σουζΚύριε,
3147 4402 3348 4475 ὑστέρᾳ
3378 4404 3561 4475 ἡμέρα

1976 4464 2333 4536 βαπτίζομαι,
2367 4464 2670 4521 Ιιίηοηιὶηε
2706 4478 2820 4533 tuo,
2857 4464 3097 4536 Domine,
3139 4464 3334 4527 ultima
3357 4464 3456 4527 hac
3474 4464 3561 4528 die

3336 4560 3555 4598 verum-

1978 4621 2086 4674 que
2115 4606 2318 4659 Chrisu
2354 4606 2710 4675 baptismum,
2736 4606 2984 4666 hoc—sibi
3030 4612 3145 4666 fore
3176 4606 3389 4667 'Thecla
3440 4617 3560 4669 exi-

1978 4677 2472 4745 stituavcrit.quml
2504 4688 2684 4733 tamen
2752 4694 2897 4734 reete
2947 4684 3222 4737 adversari
3299 4683 3559 4741 Ecclesia:

1978 4747 2191 4815 legibus
2228 4747 2482 4801 advertit.
2515 4748 2707 4803 Mirum
2742 4766 2873 4805 sane
2902 4754 2945 4805 si
2997 4756 3224 4807 necdum
3256 4752 3412 4807 Pauli
3457 4758 3561 4809 nti-

1976 4820 2209 4873 nisterio
2266 4818 2443 4871 fuerat
2508 4819 2762 4883 intincta,
2796 4823 2877 4875 vel
2926 4822 2971 4874 si
3036 4823 3194 4876 istam
3232 4825 3560 4879 mersionem

1974 4902 2169 4963 verum
2240 4888 2569 4963 baptismum
2650 4894 2880 4957 putavit.
2965 4893 3070 4946 nisi
3172 4894 3314 4947 forte
3371 4904 3565 4963 quate-

1977 4973 2082 5033 nus
2117 4959 2211 5011 illo
2240 4960 2343 5014 sibi
2378 4960 2759 5033 complendum
2789 4965 3107 5033 martyrium
3157 4959 3409 5027 credidit,
3456 4967 3560 5019 etsi

1976 5027 2121 5102 Deus
2177 5045 2286 5081 rem
2353 5027 2517 5102 aliter
2567 5027 2946 5102 dispensavitf
2990 5032 3065 5085 Ex
3146 5034 3253 5087 illis
3302 5049 3423 5102 qua:
3478 5035 3559 5087 lo-

1979 5098 2167 5165 quitur
2230 5101 2369 5166 apud
2448 5100 2734 5167 Metaphr.,
2790 5117 2901 5153 rem
2978 5103 3117 5156 hanc
3166 5098 3422 5157 habuisse
3476 5105 3562 5157 vi-

1974 5169 2135 5221 detur
2168 5183 2280 5239 pro
2320 5168 2627 5239 baptismo.
2667 5170 2758 5223 Sic
2813 5171 2958 5223 enim
3014 5183 3287 5239 postremo
3324 5173 3549 5227 Paulum

1975 5238 2295 5307 alloquitur,
2389 5254 2512 5309 cum
2584 5238 2789 5309 Myram
2854 5241 2920 5292 ad
2996 5238 3120 5294 eum
3201 5244 3557 5307 aCCessisset,

1975 5310 2115 5382 virili
2148 5308 2809 5382 sonipeshabitu,quod
2875 5326 3143 5380 nuSquatn
3192 5315 3413 5382 placet:
3458 5314 3562 5366 Ac-

1975 5379 2120 5443 cepi,
2171 5394 2199 5429 ο
2250 5376 2481 5449 Paule
2515 5376 2787 5432 lavacrum
2839 5397 2851 5433 :
2906 5376 3012 5449 qui
3055 5376 3206 5434 enini
3242 5400 3347 5436 una
3390 5395 3560 5436 tecum

1976 5458 2221 5521 operatus
2246 5459 2324 5501 est
2360 5449 2413 5500 in
2440 5448 2803 5521 Euangelium,
2835 5448 2963 5503 mihi
2990 5468 3192 5520 quoque
3231 5455 3321 5507 ille
3369 5457 3477 5521 ipse
3502 5462 3560 5506 ut

1976 5519 2238 5578 abluerer,
2264 5520 2541 5572 concessit.
2575 5521 2677 5583 Qui
2709 5523 2788 5573 sic
2843 5521 3085 5576 liberalis
3109 5519 3326 5578 Paulus
3354 5519 3407 5577 in
3438 5527 3557 5579 Act.

1975 5588 2191 5668 legitur,
2225 5597 2282 5642 ut
2312 5588 2724 5668 statinLjnbeat
2756 5590 3018 5668 bapt-zari
3045 5596 3109 5668 in
3146 5595 3366 5668 notninc
3396 5593 3558 5668 Chri-

1974 5657 2069 5720 sti,
2104 5659 2381 5727 quomodo
2410 5657 2687 5715 inThecla
2748 5657 2842 5716 sic
2865 5677 2977 5715 rem
3024 5664 3261 5727 distulit.
3289 5674 3347 5719 ut
3387 5666 3562 5719 mira-

1974 5730 2169 5806 culoso
2200 5729 2980 5806 baptismate,_seu_miraculo
3020 5735 3195 5806 ipsius
3249 5737 3357 5791 vim
3422 5751 3561 5806 sup-

1974 5800 2177 5869 plente,
2210 5799 2262 5854 in
2293 5815 2355 5854 ea
2387 5815 2529 5870 opus
2560 5800 2726 5858 fuerit
2756 5803 2779 5855 ?
