4008 6582
252 363 355 424 329

1136 360 1418 421 ORATIO
1457 361 1609 420 XVI.
1641 386 1707 396 -ο
1749 361 1829 420 lN
1870 329 2203 420 LAUDE‘M.
2235 362 2297 422 s.
2321 361 2656 420 THECL/E.

3392 362 3495 424 330

255 471 404 523 στίαν
433 470 849 540 προμεταστὰν,
887 471 1020 541 πρὸς
1071 471 1168 542 τὴν
1201 472 1409 543 ἀμείνω
1457 473 1543 527 διὰ
1593 489 1830 544 προσευ-

1945 469 2102 525 Deum
2137 471 2397 526 traduxit.
2428 470 2664 539 Totique
2687 471 2827 526 adeo
2856 471 3004 525 illius
3034 469 3218 524 domui
3249 471 3500 525 immensi

251 560 353 628 χῆς
381 561 804 629 μεταγαγοῦσαν
823 579 836 593 ο
871 563 967 614 καὶ
993 563 1057 632 δὴ
1084 563 1179 617 καὶ
1207 565 1314 634 ὅλῳ
1341 564 1544 632 ταύτης
1592 566 1669 635 τῷ
1695 565 1829 636 οῑκῳ

252 652 424 720 χαρᾶς
483 653 794 722 ἀφράστου,
837 655 930 706 καὶ
979 657 1250 726 σωτηρίας
1297 656 1448 709 αἰτία
1505 656 1827 725 γενομένην,

250 741 399 804 αὖθις
465 737 713 812 μετιέναι
763 745 856 799 τὸν
887 746 1276 816 καθηγεμόναο
1310 747 1369 800 ὃν
1417 748 1704 818 εὑροῦσαν,
1735 749 1831 802 καὶ

252 834 346 903 τὴν
393 837 479 885 ἐπ’
511 837 650 906 αὐτῇ
699 837 1087 908 συμπεσοῦσαν
1117 839 1430 909 οἰκονομίαν
1466 840 1829 910 ὑφηγησαμέ-

253 944 367 994 νην,
396 927 551 998 αὑτῴ
587 929 688 999 μὲν
737 930 820 984 ὅτι
859 930 1096 1000 μάλιστα
1133 931 1392 1002 πλείστης
1432 930 1830 1002 παρακλήσεως

251 1020 344 1072 καί
372 1020 758 1092 εὐφροσύνης,
786 1026 898 1086 τοῖς
928 1025 1140 1088 πιστοῖς
1189 1024 1248 1077 δὲ
1278 1022 1530 1094 ’μεγάλης
1575 1025 1831 1094 di”?le

253 1114 497 1182 χρηματί
509 1131 594 1167 ται
621 1117 935 1186 οἰκοδομῆς.
1704 1177 1707 1181 ,

323 1202 515 1268 Οῦτως
554 1206 587 1274 ἡ
623 1206 887 1259 πανολὸία
912 1205 973 1259 τὸ
997 1205 1298 1276 μαρτύριον
1327 1205 1650 1274 ἀφοσιοῦται
1676 1203 1794 1274 Θεῷ
1813 1221 1828 1234 ’

252 1293 468 1365 πρώτη,
501 1295 754 1366 καθάπερ
787 1299 814 1350 ὁ
841 1297 1016 1366 μέγας
1047 1298 1319 1366 Στέφανος
1347 1297 1626 1368 ἀνδράσιν,
1655 1296 1829 1358 οὕτως

250 1385 392 1454 αὐτὴ
424 1386 642 1439 στάδιον
675 1388 966 1460 ἀθλητικὸν
996 1388 1270 1459 ὑπερϐολῇ
1310 1387 1544 1451 πίστεως
1568 1386 1832 1450 διανοίξα-

253 1493 320 1528 σα
345 1477 595 1543 γυναιξίν
617 1493 633 1509 ο
663 1478 743 1532 διὸ
762 1479 856 1532 καὶ
889 1479 1136 1551 μείζονος
1168 1481 1386 1534 πάντων
1409 1480 1507 1550 τῆς
1534 1478 1669 1549 πρὸς
1699 1480 1834 1550 Χρι-

252 1569 380 1620 στοῦ
445 1569 746 1642 τετύχηκεν
798 1573 1144 1644 ἐπικουρίας,
1193 1575 1276 1628 ὃτι
1335 1574 1538 1637 πάσαις
1587 1571 1832 1642 θηλείαις

249 1661 477 1728 ἔμελλεν
512 1662 978 1733 περιφανέστατον
1007 1665 1315 1734 ἀρχέτυπον
1354 1663 1660 1734 μαρτυρίας
1704 1662 1833 1715 ἀνα-

246 1751 586 1808 δείκνυσθαι.

1934 565 2116 634 gaudii
2156 573 2319 635 atque
2363 565 2560 621 salutis
2593 572 2788 619 auctor
2829 562 3041 627 ell’ecta,
3071 579 3264 618 rursus
3302 579 3505 634 praece-

1936 665 2145 726 ptorem
2170 657 2303 721 adit,
2338 660 2687 727 narratisque
2713 673 2833 727 qu;e
2854 657 3215 726 propensiore
3251 656 3342 711 Dei
3369 672 3502 711 con-

1936 749 2062 803 silio
2097 759 2250 818 gesta
2299 749 2352 803 in
2393 750 2483 803 illa
2519 760 2696 812 erant,
2727 765 2852 802 cum
2887 749 2936 804 ei
2957 748 3197 804 maxime
3229 749 3505 820 ingentem

1936 842 2096 910 plane
2124 842 2559 898 consolationem
2585 858 2649 896 ac
2680 841 2924 896 lmtitiam
2954 841 3160 909 attulit,
3193 850 3308 897 tum
3339 841 3510 898 ﬁdeli-

1935 930 2039 987 bus
2080 946 2289 1000 magna:
2322 946 2488 988 causa
2519 932 2894 988 aediﬁcatiouis
2922 931 3046 988 fuit.

2017 1197 2074 1250 In
2105 1212 2227 1252 eum
2266 1196 2486 1252 modum
2540 1197 2854 1253 beatissima
2895 1198 2986 1254 Dei
3021 1202 3282 1270 martyrio
3332 1202 3510 1274 fungi-

1939 1295 2029 1342 tur
2058 1306 2072 1342 :
2097 1288 2272 1357 prima
2291 1289 2570 1353 nimirum,
2607 1289 2758 1344 velut
2778 1289 3092 1360 Stephanus
3115 1294 3272 1359 viris,
3304 1293 3387 1349 sic
3416 1294 3509 1349 illa

1940 1380 2179 1446 feminis,
2218 1381 2542 1438 excellentia
2569 1381 2693 1439 ﬁdei
2730 1385 2982 1454 aperiens
3034 1388 3356 1444 certaminis
3390 1396 3509 1442 sta-

1938 1475 2111 1530 dium.
2161 1474 2344 1542 Quare
2387 1476 2552 1532 etiam
2598 1478 2862 1549 majorem
2915 1480 3230 1536 omnibusa
3290 1481 3512 1538 Christo

1938 1575 2233 1622 consecuta
2265 1576 2350 1624 est
2377 1569 2810 1639 opitulationem,
2848 1571 2994 1642 quod
3020 1574 3235 1629 cunctis
3266 1576 3514 1631 mulieri-

1937 1660 2042 1716 bus
2088 1659 2518 1717 illustrissimam
2571 1663 2881 1720 exhibitura
2931 1673 3081 1722 esset
3127 1668 3373 1738 martyrii
3408 1667 3515 1723 for-

1941 1772 2083 1811 mam
2115 1766 2280 1827 atque
2323 1758 2626 1828 exemplar.

336 1844 623 1898 Ἐντεῦθεν
654 1847 834 1914 πάσης
887 1845 1191 1917 ἀνθρώπων
1240 1847 1504 1918 ἐπηρείας
1561 1849 1836 1920 ὑπερτέρα

2012 1849 2150 1906 Hine
2179 1851 2328 1905 omni
2357 1852 2592 1906 humana
2628 1852 2828 1921 injuria
2862 1864 3088 1924 prepter
3113 1854 3395 1910 Christum
3427 1871 3520 1911 su-

247 1935 338 1987 διΞι
403 1936 645 2006 Χριστὸν
711 1939 1080 2008 γεγενημένη,
1127 1940 1222 1992 καὶ
1281 1939 1407 2002 τοὺς
1439 1940 1836 2011 ἀθλοφορικοὺς

249 2025 405 2093 ἁγῶν
423 2045 474 2090 ῖς
506 2028 816 2100 ὑπερϐᾶσα,
848 2029 938 2082 τὸν
969 2029 1328 2084 ἀποστολικὸν
1357 2031 1482 2103 ἄχρι
1508 2032 1696 2096 τέλους
1722 2032 1836 2103 βίον

251 2119 576 2188 ἁκραιφνῶς
601 2121 942 2175 ἐπολιτεύετο
964 2137 977 2151 '
1009 2122 1106 2176 καὶ
1138 2123 1270 2177 ποτὲ
1308 2124 1406 2193 μὲν
1449 2125 1586 2195 πρὸς
1631 2124 1730 2196 τὴν
1757 2126 1836 2178 oi-

253 2210 411 2263 κείαν
467 2212 772 2266 ἐπανιοῦσα
810 2213 986 2278 πόλιν,
1019 2217 1098 2278 είς
1134 2215 1425 2286 οἰκοδομὴν
1452 2216 1562 2269 τῶν
1595 2217 1834 2281 οἰκείων,

252 2303 349 2356 καὶ
376 2304 516 2375 πρὸς
561 2305 694 2358 Θεὸν
751 2307 1101 2377 ὑποστροφήν
1121 2324 1135 2338 ·
1172 2309 1248 2372 ὡς
1279 2309 1482 2363 ἐπίπαν
1508 2308 1564 2361 δὲ
1609 2308 1708 2380 τὴν
1741 2309 1837 2362 Σε-

252 2393 506 2447 λεύκειαν
536 2398 835 2468 αἱρουμένη
867 2400 1160 2461 κατοικεῖν,
1187 2400 1345 2469 μόνον
1375 2400 1533 2452 τοῦτο
1559 2399 1645 2452 διὰ
1670 2417 1836 2452 σπου-

247 2485 350 2555 δῆς
383 2485 546 2555 ἔργον
600 2483 746 2558 εἶχεν
796 2490 903 2553 ἀεὶ,
964 2489 1288 2560 μεγαλύνειν
1341 2490 1597 2561 Χριστόν.
1658 2491 1837 2544 Μόνον

252 2577 414 2630 τοῦτο
445 2580 760 2650 φρόντισμα
797 2585 890 2633 καὶ
947 2582 1175 2652 καρδίας
1230 2581 1469 2652 ἔμμονον
1529 2583 1829 2653 μελέτημα,

251 2667 503 2732 δοξάζειν
531 2669 791 2740 Χριστόν.
817 2673 930 2725 Καὶ
958 2671 1068 2743 γὰρ
1094 2673 1237 2743 λόγῳ
1270 2673 1369 2742 μὲν
1397 2672 1669 2726 ἐνουθέτει
1696 2675 1836 2726 παν-

253 2776 352 2823 τας
379 2762 476 2812 καὶ
511 2762 691 2825 πάσας
720 2763 1072 2832 ἐπιστρέφειν
1116 2765 1211 2817 ἐπὶ
1240 2765 1330 2817 τὸν
1361 2765 1490 2817 Θεὸν
1518 2765 1609 2816 τὸν
1633 2763 1835 2830 ζῶντα,

255 2851 348 2903 καὶ
398 2851 498 2915 τὰς
531 2856 1051 2926 πατροπαραδότους
1083 2857 1178 2910 καὶ
1224 2857 1478 2927 μυσαρὰς
1519 2857 1836 2928 θρησκείας.

255 2943 351 2995 καὶ
381 2945 565 3009 πάσας
620 2947 910 3017 συνηθείας
945 2949 1295 3012 ἐκκλίνοντας
1348 2949 1612 3018 πονηράς,
1665 2953 1839 3018 μόνης

251 3035 480 3105 ἔχεσθαι
533 3038 772 3109 παρῄνει
806 3043 904 3111 τῆς
937 3042 994 3094 ἐν
1037 3040 1260 3113 Χριστῷ
1289 3040 1550 3111 ἀληθείας
1605 3043 1700 3095 καὶ
1744 3043 1840 3093 πί-

257 3142 430 3190 στεως
451 3169 468 3194 ,
506 3131 676 3201 μόνης
708 3134 807 3201 τῆς
836 3132 978 3185 κατὰ
1008 3132 1070 3186 τὸ
1095 3133 1426 3202 Εὐαγγέλιον
1460 3131 1840 3202 ἐπιμελεῖσθαι

1781 3221 1814 3246 .-.
1869 3190 1909 3246 C

253 3217 404 3288 ζωῆς
431 3259 448 3286 ,
486 3223 580 3275 καὶ
605 3220 744 3293 πρὸς
774 3220 833 3274 ἐν
871 3222 1032 3292 μόνον
1061 3223 1214 3294 δρᾷν,
1241 3223 1300 3276 τὸ
1333 3223 1566 3294 ἀρέσκον
1589 3221 1670 3293 τῷ
1697 3221 1838 3293 Θεῷ.

328 3402 573 3458 Τοιαῦτα
601 3409 713 3470 ταῖς
745 3407 927 3476 λόγοις
955 3411 987 3480 ἡ
1023 3411 1418 3482 μακαριωτάτη
1451 3409 1718 3481 παρθένος
1748 3408 1844 3462 καὶ

260 3497 560 3560 ἀπόστολος
615 3499 1117 3572 διαμαρτυρομένη,
1161 3505 1306 3576 ἔργῳ
1356 3507 1479 3566 τοὺς
1527 3501 1842 3574 ἀρρώστους

257 3590 442 3641 αὐτῶν
474 3590 542 3643 δι’
577 3593 922 3664 ἐπικλήσεως
962 3595 1264 3663 ἐθεράπευε
1313 3596 1552 3667 Χριστοῦ
1577 3614 1590 3627 ’
1617 3596 1712 3648 καὶ
1739 3595 1844 3648 πᾶ-

260 3696 360 3732 σαν
391 3680 650 3751 σώματος
703 3688 973 3754 πήρωσιν,
1028 3687 1122 3740 καὶ
1175 3688 1356 3740 πᾶσαν
1408 3686 1677 3755 δαιμόνων
1707 3687 1845 3757 ἐπή-

261 3789 417 3828 ρειαν
442 3791 456 3803 ο
488 3775 586 3827 καὶ
616 3777 796 3832 πᾶσαν
829 3777 1088 3842 καθάπαξ
1112 3779 1288 3831 εἰπεῖν
1330 3779 1486 3831 νόσον
1513 3778 1609 3830 καὶ
1662 3779 1844 3831 πᾶσαν

269 3866 544 3932 μαλακίαν
580 3868 818 3940 ίωμένη’
867 3871 930 3923 οὐ
970 3871 1129 3940 μόνον
1176 3871 1255 3935 δὲ,
1310 3870 1445 3924 ἀλλὰ
1474 3871 1567 3923 καὶ
1599 3869 1677 3940 τῷ
1705 3869 1844 3939 ἁγίῳ

267 3959 608 4030 βαπτίσματι
638 3960 1073 4032 τελετουργοῦσα
1098 3978 1111 3991 ·
1163 3962 1370 4032 ταύτην
1415 3961 1522 4032 γὰρ
1558 3962 1696 4031 μόνη
1744 3977 1844 4027 γυ-

267 4053 471 4106 ναικῶν
502 4054 696 4124 εἴληφε
721 4054 820 4125 τὴν
842 4055 1091 4121 ἐξουσίαν
1118 4072 1132 4085 °
1165 4052 1327 4108 ἆθλον
1346 4055 1549 4125 δηλαδὴ
1570 4054 1728 4107 τοῦτο
1753 4053 1846 4106 καὶ

267 4146 435 4218 γέρας
469 4147 753 4220 ἐξαίρετον
777 4147 890 4201 οἷον
940 4152 1041 4220 τῆς
1066 4149 1280 4212 τελείας
1310 4147 1585 4218 ἀθλήσεως
1623 4147 1718 4200 καὶ
1753 4147 1846 4199 πί-

273 4253 464 4302 στεως,
498 4240 710 4302 πάντας
738 4239 1033 4310 ᾠκοδόμει,
1053 4241 1147 4292 καὶ
1175 4242 1256 4302 είς
1290 4239 1417 4308 μίαν
1447 4238 1607 4306 ἁγίαν
1632 4238 1687 4290 ἐν
1712 4237 1844 4306 Χριο

416 4331 596 4401 Ἰησοῦ
641 4331 970 4400 Ἐκκλησίαν
993 4331 1372 4402 κατηρτίςετο.

345 4425 502 4477 Ἐπεὶ
531 4425 588 4477 δὲ
623 4426 716 4478 τὸν
743 4425 942 4495 δρόμον
981 4425 1164 4489 καλῶς
1193 4425 1528 4486 τετελεκυία,
1555 4426 1634 4486 είς
1671 4423 1848 4492 γῆρας

1939 1943 2123 2012 perior
2153 1942 2371 2007 eﬂecta,
2424 1945 2812 2014 superatisque
2847 1947 3199 2017 triumphalis
3245 1947 3516 2018 palaeszrze

1938 2038 2230 2108 agonibus,
2261 2039 2619 2107 apostolicam
2647 2038 2700 2092 in
2727 2038 2886 2094 ﬁnem
2932 2055 3103 2109 usque
3145 2041 3309 2111 plane
3337 2042 3511 2095 vitam

1936 2131 2048 2200 egit
2089 2146 2106 2183 :
2146 2144 2212 2184 ac
2230 2129 2560 2200 quandoque
2587 2130 2804 2198 quidem
2825 2131 2890 2185 ad
2919 2133 3195 2203 propriam
3230 2142 3514 2190 revertens

1936 2221 2235 2287 civitatem,
2261 2220 2328 2276 ad
2345 2221 2755 2276 aediﬁcationem
2776 2224 3102 2279 necessariis
3129 2225 3514 2294 praestandam,

1939 2315 2173 2385 illosque
2207 2314 2274 2368 ad
2303 2313 2472 2369 Deum
2524 2315 2952 2380 convertendos;
2985 2316 3306 2386 plerumque
3332 2328 3514 2373 tamen

1939 2407 2200 2463 Seleucia:
2221 2407 2430 2462 delecto
2457 2406 2712 2476 hospitio,
2744 2422 2908 2460 unum
2934 2406 3037 2461 huc
3062 2422 3198 2476 opus
3228 2408 3517 2479 diligenter

1943 2483 2263 2569 :ugehat,_ut
2313 2497 2596 2553 Christum
2657 2498 3052 2566 magnilicaret.
3109 2495 3228 2552 Una
3275 2499 3390 2554 haec
3439 2501 3516 2554 illi

1939 2604 2074 2644 cura
2105 2590 2432 2659 assiduaque
2467 2589 2665 2644 mentis
2700 2589 2976 2659 cogitatio,
3009 2597 3067 2642 ut
3097 2589 3374 2645 Christum
3401 2592 3519 2660 glo-

1944 2682 2180 2735 rilicaret
2203 2689 2367 2750 atque
2395 2680 2665 2735 laudaret.
2699 2681 2912 2736 Etenim
2960 2686 3107 2737 viros
3129 2696 3320 2737 omnes
3352 2691 3518 2753 atque

1945 2773 2202 2828 mulieres
2227 2774 2388 2828 verbo
2413 2772 2742 2828 admonebat
2765 2774 3004 2829 converti
3027 2775 3092 2828 ad
3114 2773 3280 2829 Deum
3311 2776 3516 2838 vivum,

1943 2874 2280 2935 paternoque
2321 2881 2508 2920 errore
2549 2876 2802 2936 acceptas
2839 2867 3192 2936 impurasque
3247 2869 3519 2937 supersti-

1960 2956 2143 3011 tiones
2163 2971 2467 3027 pravasque
2493 2972 2683 3012 omnes
2723 2959 3149 3012 consuetudines
3192 2957 3516 3024 deserendo,

1946 3048 2050 3102 soli
2089 3048 2142 3101 in
2176 3048 2403 3103 Christo
2437 3050 2650 3103 veritati
2681 3058 2846 3120 atque
2867 3050 2988 3103 ﬁdei
3017 3048 3299 3104 adhaerere
3327 3049 3517 3102 horta-

1947 3139 2140 3195 batur:
2165 3141 2291 3195 vita:
2316 3140 2582 3195 duntaxat
2611 3156 2675 3196 ex
2696 3140 2970 3211 Evangelii
2999 3141 3303 3195 rationibus
3326 3155 3516 3195 curam

1946 3232 2172 3296 habere,
2198 3233 2362 3303 inque
2377 3249 2545 3287 unum
2565 3233 2768 3298 solum,
2783 3232 2927 3303 quod
2959 3233 3069 3288 Deo
3090 3233 3318 3303 placeat,
3347 3235 3518 3290 animi

1944 3341 2164 3382 sensum
2196 3327 2493 3382 attendere.

2016 3418 2363 3489 Ejuseemodi
2402 3419 2716 3475 beatissima
2751 3419 2908 3491 virgo
2937 3420 3121 3477 verbis
3175 3428 3518 3482 contestans.

1946 3511 2164 3567 illorum
2202 3512 2448 3566 inﬁrmos
2473 3509 2679 3566 Christi
2707 3512 2945 3566 nominis
2971 3510 3325 3566 invocatione
3355 3527 3521 3582 Opere

1947 3602 2220 3670 curabat;
2251 3617 2523 3672 omneque
2559 3603 2808 3673 corporis
2852 3602 3067 3666 vitium,
3101 3609 3266 3672 atque
3299 3616 3520 3658 omnem

1947 3694 2253 3749 daemonum
2273 3694 2546 3749 laesionem
2569 3712 2583 3761 ;
2608 3709 2849 3760 omnem,
2878 3702 2939 3748 ut
2972 3694 3138 3749 verbo
3154 3693 3359 3760 dicam,
3383 3707 3524 3746 mor-

1950 3785 2102 3852 bum,
2133 3793 2188 3839 et
2225 3798 2442 3838 onmem
2476 3784 2795 3853 languorem
2823 3798 3022 3838 sanans
3062 3801 3075 3836 :
3120 3799 3298 3854 neque
3328 3781 3383 3838 id
3427 3797 3525 3838 so-

1948 3875 2083 3940 lum,
2117 3876 2209 3931 sed
2242 3883 2292 3930 et
2323 3891 2482 3930 sacro
2524 3875 2853 3943 baptismate
2884 3872 3109 3928 initians
3156 3872 3330 3942 (hanc
3372 3871 3522 3926 enim

1949 3963 2062 4017 sola
2097 3963 2388 4017 mulierum
2415 3974 2572 4016 nacta
2598 3972 2681 4018 cst
2706 3970 3032 4032 potestatem
3058 3979 3074 4029 ;
3107 3977 3298 4032 nempe
3319 3976 3522 4016 munus

1948 4054 2320 4124 hocvelutque
2341 4056 2618 4125 singulare
2642 4055 2924 4125 praemium
2949 4053 3174 4125 perfecti
3197 4052 3521 4108 certaminis

1951 4146 2520 4216 atqnelidei)omnes
2560 4147 2886 4211 aedificabat,
2942 4147 3108 4216 inque
3171 4159 3335 4198 unam
3389 4159 3520 4199 san-

1947 4247 2091 4292 ctam
2127 4238 2182 4292 in
2217 4239 2432 4294 Christo
2453 4239 2579 4294 Jesu
2610 4238 2908 4294 Ecclesiam
2927 4238 3263 4310 perﬁciebat.

2023 4421 2178 4487 Quod
2215 4437 2342 4475 vero
2373 4437 2535 4477 cursu
2573 4424 2738 4492 probe
2769 4434 3152 4480 consummato
3173 4426 3243 4490 °",
3275 4427 3340 4482 ad
3377 4428 3524 4496 opti-

265 4517 364 4586 ἤδη
409 4519 534 4569 πῖον
595 4519 910 4589 κατήντησε
961 4519 1054 4571 καὶ
1096 4519 1363 4589 χρηστόν·
1406 4518 1493 4570 ἵνα
1532 4518 1634 4569 κάν
1675 4517 1849 4586 τούτῳ

1961 4530 2101 4569 mam
2149 4514 2260 4583 jam
2316 4515 2631 4583 bonamque
2689 4524 3026 4570 senectutem
3086 4527 3310 4572 venerat
3343 4519 3427 4579 ⁸⁸,
3466 4527 3526 4572 ιιι

268 4609 426 4661 πλέον
453 4609 556 4680 ἔχῃ
584 4609 698 4662 τῶν
741 4610 920 4664 ἄλλων
965 4611 1156 4678 ἁγίων,
1201 4611 1299 4680 τὴν
1333 4610 1632 4682 παράδοξον
1665 4610 1846 4662 τελευ-

270 4701 361 4772 τὴν
401 4705 499 4755 καὶ
555 4705 923 4774 ἀποκρυφήν·
959 4705 1197 4772 ἀνῆπται
1253 4703 1351 4773 μὲν
1399 4703 1591 4771 φθόνος
1624 4705 1735 4764 τοῖς
1757 4718 1852 4752 πο-

267 4796 590 4864 νηροτάτοις
613 4798 713 4866 τῆς
737 4797 947 4858 πόλεως
979 4795 1100 4848 κατ’
1128 4795 1296 4864 αὐτῆς
1317 4812 1330 4826 ·
1365 4795 1604 4865 ἀνῆπται
1631 4794 1686 4846 δὲ
1715 4793 1850 4862 μᾶλ-

266 4885 357 4939 λον
389 4890 510 4950 τοῖς
543 4888 772 4958 ίατροίς.
812 4889 885 4940 Τὸ
910 4888 954 4940 δ’
991 4887 1184 4953 αἴτιον,
1212 4889 1293 4941 ὅτι
1317 4888 1446 4957 παρ’
1488 4887 1658 4957 αὐτὴν
1688 4887 1734 4937 oi
1765 4902 1851 4936 νο-

271 4977 496 5043 σοῦντες
557 4979 753 5044 ἰόντες,
820 4979 1044 5033 ἐκείνων
1102 4979 1472 5051 παρημέλουν.
1521 4976 1854 5047 Συμϐούλιον

371 5157 416 5187 δ’
444 5159 491 5215 ιι
518 5157 665 5214 Tim.
705 5173 783 5223 tv,
811 5155 866 5210 7.
975 5157 1018 5190 ⁸⁸
1043 5156 1178 5212 Gen.
1212 5173 1338 5224 xxv,
1361 5158 1418 5213 8.

271 5344 452 5399 Mariae
475 5341 912 5415 praesentatiolie
935 5348 988 5415 et
1017 5339 1428 5415 educationein
1449 5341 1694 5415 templo,
1725 5357 1846 5415 quae

273 5425 380 5468 tota
415 5410 529 5480 jain
582 5413 797 5482 recepit
833 5410 1078 5466 Ecclesia
1110 5427 1124 5475 ;
1183 5411 1489 5482 repudiavit
1523 5410 1766 5482 Romana
1797 5413 1850 5465 in

273 5485 368 5540 Pio
398 5479 466 5546 V,
502 5486 703 5539 mitius
719 5479 974 5536 habente
1033 5481 1374 5550 postmodum
1411 5479 1566 5534 Sixto
1603 5479 1662 5535 V.
1699 5480 1856 5546 Qua:-

274 5556 394 5608 dam
431 5558 486 5611 in
515 5557 613 5608 illo
642 5553 792 5607 libro
825 5561 1059 5620 exstant,
1103 5550 1262 5605 nobis
1320 5552 1657 5620 apocrypha,
1692 5561 1857 5618 atque

273 5627 524 5695 reproba,
554 5624 808 5692 antiquis
832 5622 1016 5695 (etiam
1042 5619 1272 5695 Latinis,
1305 5619 1585 5695 magisque
1629 5619 1855 5695 Graecis)

279 5691 515 5759 laudata,
554 5705 618 5750 ut
644 5691 714 5747 de
738 5691 1037 5746 obstetrice
1066 5707 1080 5743 :
1118 5693 1169 5743 in
1209 5705 1330 5758 quae
1359 5691 1517 5742 modo
1535 5707 1641 5743 non
1675 5691 1858 5759 inqui-

279 5768 527 5834 rendum,
568 5776 626 5821 et
655 5779 728 5818 an
768 5763 905 5816 nihil
951 5776 977 5812 a
1031 5761 1134 5814 lide
1168 5762 1522 5825 abhorreant,
1565 5772 1653 5813 aut
1690 5761 1859 5814 divini

591 5859 873 5919 ΡΑΤιιοι.
919 5855 1009 5912 Gn
1081 5853 1206 5916 CV.

1955 4610 2010 4662 in
2054 4609 2156 4662 hoc
2195 4621 2414 4677 quoque
2444 4623 2552 4676 prae
2580 4609 2786 4663 sanctis
2809 4609 3038 4679 reliquis
3057 4611 3318 4678 majorem
3342 4613 3526 4667 excel-

1962 4702 2190 4756 lentiam
2237 4700 2463 4755 haberet
2505 4702 2585 4768 (ut
2623 4701 2797 4754 scilict
2851 4701 3092 4755 inaudita
3132 4713 3310 4758 morte
3339 4719 3403 4758 ac
3430 4719 3527 4758 oc-

1952 4797 2096 4848 tulta
2142 4793 2454 4864 praestaret)
2515 4794 2833 4847 accenditur
2888 4795 2939 4846 in
2972 4809 3089 4847 eam
3125 4795 3263 4848 livor
3319 4796 3522 4850 civium

1955 4887 2369 4942 scelestissimis
2395 4905 2409 4953 ;
2440 4887 2712 4955 praecipue
2742 4900 2870 4938 vero
2909 4887 3228 4941 accenditur
3275 4887 3522 4942 medicis.

1955 4975 2088 5043 Ejus
2118 4974 2260 5028 ratio
2303 4975 2427 5038 fuit,
2463 4978 2605 5043 quod
2670 4976 2859 5044 (egroti
2902 4971 2986 5027 ad'
3017 4993 3134 5029 cum
3174 4977 3524 5042 accedentes.

1952 5349 2142 5412 partus
2165 5342 2423 5411 puritate.
2453 5342 2526 5398 De
2557 5343 2844 5416 Triphazna
2880 5345 3017 5402 nihil
3048 5347 3335 5411 habemus,
3365 5363 3526 5416 quam

1951 5427 2072 5487 qua
2141 5422 2537 5487 replucsentant
2605 5415 2716 5470 haec
2749 5416 3002 5487 i'l‘hecla-
3059 5420 3212 5481 Acta,
3277 5427 3333 5473 et
3384 5415 3528 5487 quod

1953 5483 2072 5550 ejus
2102 5483 2348 5536 meminit
2394 5485 2687 5551 Apostolus
2747 5486 2906 5540 Rom.
2945 5506 3055 5551 xw,
3091 5493 3134 5542 si
3174 5498 3349 5541 tamen
3403 5483 3530 5542 haec

1955 5553 2070 5618 ipsa
2099 5561 2206 5618 est,
2239 5569 2401 5620 utinm
2449 5555 2606 5610 llom.
2658 5557 2857 5611 tabulae
2911 5559 3064 5613 aiunt
3105 5558 3267 5612 lconii
3316 5560 3422 5612 coli
3466 5559 3532 5613 lO

1955 5621 2248 5698 Ijlovemhr.
2279 5623 2482 5698 Quidni
2521 5627 2694 5698 magis
2726 5628 3054 5696 Antiochiae,
3093 5631 3182 5684 ubi
3213 5637 3364 5683 tanta
3415 5639 3530 5686 era:

1961 5693 2174 5748 femina:
2205 5696 2504 5749 uolnlilas?

3095 5861 3153 5922 ll
