4008 6640
460 369 588 442 331’

1648 375 1692 434 Ν
1702 371 1936 432 ΙΟΕΤίΕ
1997 371 2083 429 ΡΑ
2093 370 2440 430 ΡΙΙΙΛῦΟΝ
2450 370 2516 427 IS

3596 374 3706 438 33?.

457 491 585 547 illos
633 487 1000 559 negligcbant.
1047 486 1292 543 Consilio
1338 487 1504 558 igitur
1554 487 1716 548 inito,
1776 485 2055 556 impuros,

2153 481 2218 535 ιῦν
2245 483 2467 546 τούτους
2499 483 2851 554 πεποιῆσθαι,
2877 481 3111 554 μιαρούς
3141 499 3295 546 τινας
3321 481 3523 555 ἄνδρας
3549 484 3706 554 ἀφεῖ-

461 583 727 654 quosdam
755 584 902 638 viros
944 581 1000 636 in
1031 581 1180 635 illam
1237 580 1584 635 dimiserunt.
1645 579 1827 634 Dianae
1880 579 2026 633 enim

465 675 827 732 sacriﬁculam
862 675 1083 730 scelesti
1111 673 1361 728 homines
1410 674 1856 737 arbitrabantur;
1888 678 2030 726 etut

467 767 587 836 ejus
620 764 946 821 labefactata
976 763 1288 835 virginitate
1319 765 1523 817 nullam
1552 764 1786 832 amplius
1820 763 1923 818 Dea
1951 762 2030 818 illi

465 858 574 912 vim
607 856 831 912 aﬂlaret.
867 855 979 910 iloc
1005 855 1190 922 itaque
1237 854 1476 908 absurdo
1520 856 1774 919 consilio,
1823 855 1888 908 ad
1943 869 2033 910 sa-

465 963 615 1002 cram
649 947 734 1016 pie
777 946 1083 1001 exercentis
1131 959 1416 999 accessere
1466 945 1772 999 aadiculam.
1820 945 2031 1011 Quibus

466 1041 558 1095 illa
589 1038 921 1107 conspectis,
970 1045 1024 1090 et
1067 1037 1130 1091 ad
1171 1039 1402 1091 vicinam
1465 1053 1676 1106 rupem,
1711 1037 2033 1106 confugiens

469 1127 853 1184 intentissimis
879 1126 1066 1183 Jesutn
1093 1128 1345 1197 precibus
1371 1127 1681 1192 invocabat,
1709 1139 1765 1180 ut
1791 1128 1859 1181 ab
1888 1143 1952 1182 eo
1975 1143 2034 1183 se

467 1221 710 1292 periculo
740 1219 991 1274 liberaret
1020 1236 1033 1272 :
1062 1234 1297 1289 moxque
1348 1218 1440 1272 Dei
1482 1234 1644 1272 manu
1675 1219 1907 1275 discissa
1946 1237 2036 1292 pe-

468 1330 572 1383 tra,
604 1315 956 1386 suppliceque
983 1315 1036 1368 in
1059 1329 1121 1369 ea
1157 1315 1293 1378 (rem
1332 1314 1524 1367 tttiram
1549 1313 1598 1380 l)
1635 1320 1874 1382 recepta,
1908 1329 2038 1383 epo-

469 1407 632 1461 midis
663 1406 779 1461 sola
814 1405 1057 1460 exterius
1087 1393 1326 1466 timbria,
1361 1403 1427 1457 ad
1458 1401 1812 1472 conspicuam
1846 1403 2035 1458 hacte-

471 1514 574 1553 nus
603 1497 914 1554 videntibus
956 1496 1139 1558 fidem,
1180 1497 1450 1552 substitit.

552 1673 692 1729 Hine
721 1673 978 1728 nimirum
1039 1675 1312 1741 praeclara:
1357 1674 1585 1743 virginis
1621 1673 1834 1729 Thecla:
1895 1672 2035 1728 linis.
2125 1688 2127 1691 ·

474 1765 799 1820 llaec—sacra!
821 1765 1049 1834 apostoli
1072 1779 1134 1818 ac
1157 1765 1573 1836 protomartyris
1608 1765 1891 1828 dormitio,
1922 1766 2035 1820 sive

474 1858 748 1928 migratio,
772 1855 905 1911 nihil
925 1857 1130 1925 antiqui
1153 1856 1299 1911 illius
1318 1855 1502 1912 Henoc
1529 1857 1669 1923 '9'",
1701 1857 1837 1911 nihil
1859 1857 2040 1927 magni
2068 1830 2116 1890 Β

478 1950 604 2005 Elia:
622 1947 972 2003 translatione
990 1946 1359 2003 inferior“°".
1382 1949 1589 2003 Etenim
1616 1949 1714 2015 illi,
1730 1964 2040 2019 quanquam

481 2043 550 2095 ab
582 2041 833 2095 humanis
863 2041 1037 2095 oculis
1081 2040 1320 2095 inaudita
1352 2042 1589 2111 quadam
1631 2044 1837 2096 ratione
1883 2046 2044 2097 subs-

478 2133 658 2198 tracti,
691 2131 782 2201 qui
816 2139 996 2186 tamen
1041 2133 1092 2185 in
1121 2134 1334 2186 mortali
1366 2134 1543 2187 adhuc
1577 2149 1806 2204 corpore
1841 2136 2042 2199 vivant,

483 2223 713 2278 necdttm
750 2223 898 2278 clare
929 2225 980 2276 itt
1011 2224 1302 2293 purissima
1352 2224 1438 2276 illa
1478 2238 1764 2278 versamur
1796 2227 1934 2280 lucc.
1963 2223 2043 2279 Tu

479 2329 630 2381 vero,
658 2329 691 2369 ο
725 2314 820 2369 Dei
861 2316 967 2368 lilia
996 2317 1007 2368 !
1045 2315 1243 2370 visibili
1277 2325 1426 2384 petra
1466 2318 1896 2371 incontaminalo
1922 2333 2046 2372 eor-

481 2407 599 2476 pori
630 2406 884 2471 discissa,
920 2406 1162 2475 illudque
1193 2412 1338 2460 velut
1393 2423 1606 2460 sacrum
1638 2409 1934 2478 pretiosum
1963 2410 2047 2478 pi-

482 2514 624 2568 gnus
656 2499 708 2551 itt
745 2498 906 2552 linem
946 2514 1118 2566 usque
1147 2498 1420 2551 invisibile
1447 2499 1824 2570 intactumque
1847 2509 2044 2555 conte-

481 2590 1018 2660 gente,'(‘.hristoque
1042 2589 1271 2658 spiritali
1304 2589 1457 2643 Petra
1485 2591 1552 2652 ⁷³,
1575 2591 1772 2646 eximie
1793 2591 2048 2647 deiformi

481 2681 677 2735 animae
699 2689 909 2750 aperta,
937 2681 990 2732 iu
1025 2680 1340 2734 celsissitnis
1365 2682 1509 2735 intus
1545 2683 1894 2753 paternisque
1919 2680 2052 2740 eon-

484 2774 778 2843 quiescens
799 2773 1046 2836 sedibus,
1097 2787 1204 2826 non
1235 2772 1344 2842 jam
1375 2789 1470 2843 per
1500 2774 1657 2828 lident
1717 2777 1915 2840 solum,
1955 2777 2050 2832 sed

482 2874 536 2920 et
563 2878 657 2934 per
680 2864 943 2934 speciem;
981 2879 1156 2934 neque
1181 2866 1234 2918 itt
1266 2867 1491 2935 speculo
1515 2875 1570 2920 ct
1597 2868 1885 2938 aenigmate
1907 2909 1922 2933 ,
1954 2870 2049 2924 sed

485 2955 626 3011 facie
651 2955 716 3008 ad
759 2953 951 3009 tucivnt
983 2955 1048 3018 ⁷⁵,
1077 2956 1248 3010 solam
1297 2954 1713 3012 desiderabilem
1757 2974 1821 3014 ac
1844 2959 2053 3014 amabi-

484 3048 590 3104 lem
613 3048 804 3117 adepta
822 3047 1278 3117 pulchritudinem
1301 3065 1314 3109 ;
1350 3056 1514 3118 atque
1531 3059 1586 3102 ut
1609 3049 1869 3112 tortuosa,
1885 3067 2053 3121 supra

485 3137 706 3194 modum
726 3138 984 3202 formoso,
1005 3147 1172 3208 utque
1190 3140 1535 3194 immaculata
1555 3157 1722 3210 spons
1739 3160 1775 3207 ι,
1792 3143 2055 3198 immacu-

489 3227 754 3282 latissimo
771 3233 1020 3296 copu'ate
1038 3227 1269 3297 Sponso,
1289 3228 1518 3299 ejusque
1535 3231 1958 3300 pulchritudinis
1980 3244 2057 3288 at-

487 3335 594 3388 que
625 3322 809 3389 gratiae
829 3320 884 3374 in
912 3330 1228 3390 perpetuum
1251 3321 1462 3375 deliciis
1495 3321 1880 3395 fruens,quam
1902 3341 1930 3379 a
1961 3343 2058 3382 no-

485 3413 571 3468 iis
586 3412 908 3481 condignam
924 3412 1133 3466 laudem
1158 3411 1420 3468 habebis?
1438 3412 1568 3478 Quae
1585 3430 1739 3470 utens
1753 3418 2059 3473 sanctitatis

491 3513 685 3559 vestra:
713 3503 964 3557 decorem
989 3517 1052 3556 ac
1081 3505 1449 3571 praestantiam
1480 3504 1780 3574 intelligere
1803 3507 2057 3574 sulliciat,

488 3611 677 3666 quaeve
714 3595 890 3650 oratio
924 3594 1192 3649 laudare?
1227 3593 1390 3649 Solus
1414 3596 1505 3650 ille
1537 3596 1702 3667 digne
1737 3613 1801 3653 ac
1855 3615 2059 3656 conve-

491 3686 701 3740 nienter
733 3692 880 3738 tuam
911 3683 1134 3739 laudare
1161 3686 1330 3754 possit
1359 3686 1636 3754 virtutem,
1667 3705 1825 3758 quem
1849 3691 2055 3759 glorifi-

490 3777 652 3842 casti,
686 3791 846 3845 quem
873 3774 1259 3845 magnificasti,
1290 3792 1448 3846 quem
1476 3777 1528 3831 itt
1559 3780 1726 3833 variis
1751 3781 2057 3836 tentationi-

489 3867 594 3920 bus
611 3881 673 3920 ac
689 3864 1035 3936 passionibus
1048 3868 1424 3921 sanctiﬁcasti.
1442 3867 1600 3924 Solus
1619 3869 1708 3924 ille
1723 3872 2053 3942 condignum

495 3957 754 4011 honorent
784 3956 1058 4021 habuerit,
1091 3956 1177 4009 cui
1213 3958 1417 4011 nullam
1452 3975 1632 4013 rerum
1677 3961 1922 4016 ontniunt
1956 3980 2057 4017 att-

495 4051 857 4117 teponendatn
891 4047 1200 4118 majorique
1231 4047 1436 4104 honore
1469 4050 1772 4106 habendam
1806 4051 2008 4108 duxisti
2044 4073 2058 4109 :

491 4144 583 4199 cui
617 4150 668 4197 te
697 4148 864 4195 totam
906 4155 971 4195 ex
1003 4147 1116 4195 toto
1140 4139 1426 4196 reddidisti
1455 4158 1470 4204 ;
1505 4142 1590 4197 cui
1635 4144 1831 4211 spiritu
1880 4143 2063 4200 adlue-

493 4237 638 4299 sisti,
672 4247 928 4302 unusque
957 4246 1081 4286 cum
1113 4232 1210 4287 illo
1259 4235 1490 4303 spiritus
1529 4237 1752 4289 evasisti
1779 4235 1825 4266 ⁷⁸
1854 4253 1866 4288 :
1897 4252 2059 4305 quem

494 4325 745 4383 exaltasti
782 4325 837 4379 in
876 4325 1150 4393 gentibus,
1203 4326 1456 4380 exaltasti
1500 4325 1554 4380 in
1613 4334 1755 4381 terra
1782 4327 1848 4382 ".
1903 4330 2066 4387 Solus

566 4486 851 4560 θωτέρω),
886 4482 1429 4560 v,22.__'“~'_’_E_c.-li_.
1460 4499 1602 4546 XLIV,
1634 4484 1734 4560 lli;
1777 4481 1837 4536 IV
1888 4484 2020 4560 Reg,
2066 4508 2127 4557 tt,
2177 4494 2274 4560 ll;
2319 4495 2485 4548 Eccli.
2543 4509 2732 4560 κινιιι,
2782 4494 2845 4548 l5

495 4577 549 4625 v,
577 4560 633 4612 '7.
662 4552 709 4590 ⁷³
747 4556 761 4607 l
792 4555 923 4611 Cor.
952 4570 1027 4619 vt,
1060 4554 1145 4606 Π.
1220 4554 1268 4585 ’⁸
1299 4553 1439 4606 l’sal.
1471 4569 1593 4616 xcv,
1629 4555 1715 4607 il.

2132 591 2220 630 ναι
2273 575 2397 628 κατ’
2430 575 2635 645 αὐτῆς·
2674 575 2878 646 ῐέρειαν
2932 575 3042 645 γὰρ
3084 574 3182 646 τῆς
3230 575 3546 646 Ἀρτέμιδος
3573 578 3709 630 ὑπο-

2130 668 2387 732 τοπάζειν
2401 669 2526 732 τοὺς
2543 669 2773 738 έναγεζς·
2802 668 2897 721 καὶ
2916 667 3082 731 ὥστε,
3106 668 3261 738 φησὶ,
3284 670 3383 738 τῆς
3404 667 3706 738 παρθενίας

2133 760 2271 832 αὐτῇ
2294 759 2679 831 λυμανθεισης,
2708 759 2982 829 μηδεμίαν
3015 760 3072 812 ὲν
3101 759 3239 830 αὐτῇ
3263 758 3450 811 λοιπὸν
3469 757 3706 829 δύναμιν

2133 853 2234 926 τὴν
2261 853 2383 907 θεὸν
2411 853 2672 923 ἐνεργεῖν.
2705 852 2845 915 Τοὺς
2879 851 2977 923 μὲν
2997 845 3089 906 οῦν
3111 851 3358 916 ἐκτόπως
3388 850 3562 906 ταῦτα
3585 850 3711 921 βου-

2134 945 2524 1018 λευσαμένους,
2549 944 2626 1016 τῷ
2651 943 2782 1015 ἱερῷ
2813 943 3048 1014 σεμνειῳ
3085 943 3483 1014 προσεγγίσαιο
3517 943 3618 1011 τὴν
3649 942 3709 994 δὲ

2133 1039 2355 1102 τούτους
2389 1037 2623 1101 ἰδοῦσαν,
2650 1037 2745 1091 καὶ
2770 1037 2835 1107 τῇ
2863 1035 3097 1109 ἐχομένῃ
3147 1035 3325 1107 πέτρᾳ
3354 1032 3707 1104 προσφυγοῦ-

2138 1148 2256 1194 σαν,
2307 1129 2715 1192 έκτενεστάταις
2765 1127 3144 1181 ἐπικαλεῖσθαι
3175 1126 3267 1180 τὸν
3319 1125 3530 1195 Ἰησοῦν
3564 1123 3712 1191 ὑπὲρ

2135 1221 2565 1290 ἀπολυτρώσεως
2593 1220 2944 1290 προσευχαῖς.
2977 1211 3087 1281 Ἦς
3126 1217 3325 1271 αὐτίκα
3374 1216 3520 1286 χειρὶ
3555 1216 3712 1285 διαρο

2139 1302 2399 1386 ῥαγείσης
2451 1312 2610 1378 Θεοῦ,
2660 1312 2758 1366 καὶ
2803 1311 2902 1382 τὴν
2932 1311 3125 1374 ἱκέτιν,
3183 1309 3228 1362 ὣ
3265 1309 3358 1362 τοῦ
3384 1307 3708 1380 θαύματοςὲ

2136 1404 2569 1476 εἰσδεδεγμένης,
2629 1405 2789 1473 μόνον
2818 1403 2922 1467 ἔξω
2962 1403 3021 1456 τὸ
3065 1402 3163 1472 τῆς
3198 1401 3473 1470 ἐπωμίδος
3508 1398 3716 1469 πτερύο

2138 1517 2279 1566 γιον,
2336 1502 2416 1562 εἰς
2456 1497 2660 1569 ἐναργῆ
2722 1499 2836 1560 τοῖς
2874 1494 3076 1568 ὁρῶσιν
3131 1493 3260 1564 ἄχρι
3321 1494 3417 1547 καὶ
3471 1492 3713 1565 τήμερον

2135 1591 2499 1662 ἀπηωρῆσθαι
2531 1590 2736 1644 πίστιν.

2209 1683 2378 1736 Τοῦτο
2407 1682 2506 1751 τῆς
2530 1679 2962 1750 καλλιπαρθένου
2989 1679 3198 1749 Θέκλης
3231 1676 3292 1731 τὸ
3321 1676 3472 1738 τέλος
3498 1694 3512 1708 ο
3569 1671 3716 1741 αῦτη

2140 1775 2240 1843 τῆς
2266 1775 2416 1845 ἱερᾶς
2435 1773 2731 1826 ἀποστόλου
2757 1773 2850 1826 καὶ
2881 1772 3347 1842 πρωτομὰρτυρος
3370 1769 3403 1836 ἡ
3432 1765 3716 1836 κοίμησις,

2143 1867 2261 1938 ἦτοι
2295 1867 2644 1934 μετάστασις,
2677 1863 2830 1916 οὐδὲν
2875 1862 2974 1933 τῆς
3022 1862 3192 1931 Ἑνὼχ
3226 1859 3434 1913 ἐκείνου
3465 1855 3559 1910 τοῦ
3593 1854 3713 1908 πά-

2141 1957 2250 2016 λαι,
2293 1957 2446 2010 οὐδὲν
2477 1957 2574 2025 τῆς
2619 1954 2796 2008 Ἠλιοῦ
2821 1953 2915 2007 τοῦ
2961 1953 3196 2024 μεγάλου
3229 1949 3574 2022 μεταθέσεως
3594 1947 3719 2000 ἀτι-

2146 2049 2367 2119 μοτέρα.
2396 2048 2458 2100 Οἱ
2497 2047 2596 2118 μὲν
2620 2047 2757 2118 γὰρ,
2784 2048 2833 2099 εἰ
2869 2046 2963 2098 καὶ
3007 2045 3118 2098 τῶν
3167 2041 3463 2112 ὀφθαλμῶν
3490 2041 3599 2093 τῶν
3628 2039 3722 2092 ἀν-

2145 2136 2376 2207 θρώπιον
2399 2135 2716 2206 παραδόξως
2747 2134 3162 2205 ἀπεκρύϐησαν,
3190 2133 3308 2186 ἀλλ’
3335 2131 3413 2184 ἔτι
3450 2129 3585 2200 μετά
3619 2127 3720 2182 τοῦ

2145 2228 2343 2300 θνητοῦ
2407 2229 2659 2298 σώματος
2711 2226 3045 2289 διαδιοῦντες
3105 2224 3259 2278 οῦπω
3324 2223 3580 2294 καθαρῶς
3637 2221 3724 2289 τῷ

2146 2321 2598 2390 ἀκραιφνεστὰτῳ
2645 2319 3035 2391 προσομιλοῦσι
3081 2317 3240 2387 φωτί.
3275 2317 3345 2368 Σὺ
3380 2316 3460 2379 δὲ,
3493 2307 3537 2367 ὦ
3577 2313 3721 2365 Θεοῦ

2148 2412 2415 2482 θύγατερ,
2466 2412 2567 2481 τῆς
2626 2410 2826 2482 ὁρατῆς
2877 2410 2976 2480 μὲν
3025 2408 3230 2478 πέτρας
3276 2405 3356 2477 τῷ
3401 2403 3725 2475 ἀκηλιδὼτῳ

2149 2501 2361 2572 σώματι
2407 2498 2837 2571 περιρραγείσης
2867 2499 2998 2567 (69),
3025 2497 3117 2550 καὶ
3144 2495 3302 2550 τοῦτο
3327 2494 3580 2563 καθάπερ
3605 2509 3724 2546 κει-

2153 2598 2346 2669 μήλιον
2405 2597 2560 2666 ἅγιον
2592 2595 2775 2666 τίμιον
2821 2595 2949 2664 ἄχρι
2997 2593 3204 2655 τέλους,
3259 2590 3491 2662 ἀόρατόν
3538 2604 3595 2641 τε
3629 2587 3729 2641 καὶ

2127 2689 2424 2758 ,ἄψαυστον
2462 2685 2950 2754 συγκαλυπτούσης
2970 2700 2984 2714 ⁸
3019 2685 3085 2754 τῇ
3133 2680 3512 2753 θεοειδεστάτῃ
3535 2679 3592 2732 δὲ
3621 2678 3728 2747 ψυ-

2150 2783 2219 2851 κῇ
2251 2782 2347 2850 τῆς
2380 2780 2577 2849 νοητῆς
2609 2778 2836 2850 πέτρας,
2866 2774 3106 2848 Χριστοῦ
3129 2773 3493 2844 διανοιγεέσης
3522 2774 3580 2825 ὲν
3603 2773 3731 2835 ταῖς

2153 2871 2515 2942 ὑψηλοτὰταις
2538 2870 2685 2924 ἔνδον
2717 2870 2808 2923 καὶ
2860 2867 3155 2936 πατρικαῖς
3187 2861 3591 2918 καταπαύσασα
3626 2876 3729 2929 μο-

2153 2965 2293 3024 ναῖς,
2317 2962 2419 3014 οὐκ
2446 2959 2525 3013 ἔτι
2545 2960 2633 3013 διὰ
2659 2959 2893 3020 πίστεως
2923 2957 3102 3028 μόνον,
3135 2953 3270 3007 ἀλλά
3295 2954 3389 3006 καὶ
3403 2951 3491 3004 διά
3516 2948 3727 3008 εἰδους*

2153 3054 2262 3108 οὐδ’
2285 3056 2342 3107 ἐν
2389 3052 2640 3123 ἐσόπτρῳ
2671 3053 2766 3104 καὶ
2806 3051 3118 3120 αἰνίγματι,
3150 3046 3442 3118 πρόσωπον
3476 3041 3534 3096 δὲ
3589 3039 3730 3111 πρὸς

2081 3179 2127 3242 c
2157 3146 2468 3218 πρόσωπον,
2497 3145 2574 3214 τῷ
2603 3143 2748 3213 μόνῳ
2771 3140 2947 3212 ἐφετῷ
2978 3141 3068 3194 καὶ
3097 3135 3365 3208 ἀγαπητῷ
3396 3130 3731 3242 περιτυγοῦ-

2160 3256 2223 3294 σα
2253 3237 2440 3294 κάλλει
2464 3253 2479 3268 ⁸
2515 3237 2609 3290 καὶ
2639 3237 2715 3298 ὼς
2748 3235 2951 3307 ὡραία,
3005 3231 3085 3302 τῷ
3123 3226 3490 3300 ὑπερωραὶῳ,
3527 3225 3622 3278 καὶ
3654 3224 3731 3285 ὡς

2155 3330 2384 3400 ἄμωμος
2407 3329 2613 3396 νύμφη,
2647 3325 2724 3395 τῷ
2744 3320 3100 3395 ὑπεραμώμῳ
3123 3319 3359 3390 Νυμφὶῳ
3386 3314 3728 3386 συνημμένη,

2157 3423 2251 3474 καὶ
2274 3421 2374 3490 τῆς
2409 3417 2574 3472 αὐτοῦ
2601 3415 2868 3485 καλλονῆς
2913 3414 3007 3467 καὶ
3035 3428 3091 3465 τε
3103 3413 3400 3482 ρπνότητος
3425 3407 3611 3468 ἀῖδὶως
3642 3406 3732 3456 έν-

2156 3511 2441 3581 τρυφῶσα,
2463 3510 2583 3562 τινα
2607 3508 2738 3579 παρ’
2762 3507 2916 3577 ἡμῶν
2943 3504 3086 3568 ἕξεις
3119 3498 3268 3556 αἶνον
3325 3498 3548 3564 ἐπάξιον
3579 3515 3594 3561 ;
3632 3495 3731 3561 Ti;

2158 3602 2284 3665 νοῦς
2312 3602 2410 3672 τὴν
2443 3599 2711 3670 ὑμετέραν
2747 3597 3141 3667 ἀγιοπρέπειαν
3175 3596 3334 3657 νοεῖν,
3376 3591 3452 3653 τίς
3482 3590 3539 3643 δὲ
3575 3588 3735 3656 λόγος

2165 3692 2346 3754 ἱκανὸς
2375 3691 2626 3760 ὲξυμνεῑν
2656 3706 2672 3756 ;
2703 3688 2879 3750 Μόνος
2909 3688 3113 3748 ὶκεῖνος
3141 3681 3491 3753 ἀξιοπρεπῶς
3520 3679 3736 3732 αἰνέσαι

2163 3786 2261 3857 τὴν
2300 3784 2398 3852 σὴν
2427 3782 2650 3852 ἀρετὴν,
2689 3781 2748 3833 ὃν
2781 3779 3057 3844 έδόξασας,
3093 3777 3152 3830 ὃν
3199 3775 3560 3846 ὲμεγάλυνας,
3585 3770 3646 3824 ὃν
3676 3771 3738 3822 έν

2165 3876 2426 3938 ποικίλοις
2446 3875 2767 3944 πειρασμοῖς
2797 3871 2892 3925 καὶ
2919 3871 3237 3939 παθήμασιν
3259 3866 3493 3938 ἡγιασας
3521 3879 3536 3895 ο
3573 3862 3738 3933 μόνος

2162 3970 2366 4028 ἐκεῖνος
2399 3965 2496 4035 τὴν
2521 3962 2678 4028 ἀξίαν
2711 3980 2792 4016 σοι
2824 3962 3092 4034 προσάγοι
3113 3960 3301 4030 τιμὴν,
3331 3953 3392 4012 οῦ
3419 3957 3572 4010 οὐδὲν
3594 3957 3737 4024 ἡγή-

2163 4077 2240 4113 σω
2275 4058 2384 4112 τῶν
2413 4056 2582 4110 ὄντων
2616 4054 2871 4108 ἁπάντων
2920 4052 3274 4123 τιμιώτερον·
3307 4045 3353 4119 ᾧ
3385 4049 3514 4118 ὃλην
3556 4047 3743 4100 ὁλοτε-

2160 4152 2267 4214 λῶς
2293 4149 2491 4203 ἀπέδου
2533 4147 2735 4214 σαυτήν
2754 4161 2768 4176 ο
2900 4143 3195 4212 έκολλήθης
3227 4141 3518 4210 πνεύματι,
3551 4139 3645 4191 καὶ
3675 4138 3738 4190 ἓν

2163 4240 2382 4311 πνεῦμα
2434 4237 2582 4308 αὑτῷ
2627 4236 2851 4306 ἐγένου·
2901 4235 2959 4287 ὃν
3008 4234 3228 4304 ῦῲωσας
3255 4235 3312 4286 ὲν
3335 4236 3450 4297 τοῖς
3502 4232 3738 4295 ἔθνεσιν,

2165 4334 2387 4405 ῦψωσας
2422 4332 2478 4385 ὲν
2507 4332 2574 4399 τῇ
2603 4331 2696 4399 γῇ.
2722 4329 2900 4389 Μόνος
2948 4328 3152 4389 ἐκεῖνος
3197 4327 3294 4390 τὰς
3329 4325 3430 4388 σάς
3480 4323 3739 4393 ἀγλαΐας,

2851 4531 2866 4548 .
2941 4493 2986 4524 ⁷³
3021 4491 3040 4546 l
3077 4490 3203 4546 Cor.
3239 4508 3290 4557 κ,
3332 4491 3390 4557 4,
3463 4492 3507 4523 τι
3535 4484 3575 4539 ll
3605 4484 3737 4540 Cor.

573 4651 682 4721 (69)
709 4649 824 4722 Ἰξῆς
871 4647 1107 4722 ὁρατῆς,
1156 4646 1378 4722 πέτρας
1407 4649 1943 4722 ,περιῤῥᾳγείσηςμ
1976 4650 2055 4704 Sit

2173 4651 2325 4706 "and
2354 4653 2605 4709 absimile
2640 4655 2693 4708 in
2738 4654 2825 4707 illa
2865 4651 3052 4706 Jacobi
3108 4651 3571 4722 JerOSolymorunt
3640 4669 3741 4706 an-

497 4717 716 4790 quoque
742 4719 1032 4790 Metaphr.,
1065 4719 1368 4790 εἰςᾲπέτραν
1403 4717 2065 4790 διανοιγεῖσανῗείσϐἦναι,

499 4787 594 4844 καὶ
630 4787 744 4859 ἅμα
775 4789 842 4842 τά
888 4787 1094 4859 πέτρας
1143 4787 1428 4859 ἀμφότερα
1469 4787 1606 4856 μέρη
1655 4789 1920 4859 ἑνωθῆναι
1977 4791 2071 4842 καὶ

502 4857 946 4930 συγκλεισθῆναι.
973 4857 1036 4911 1η
1057 4867 1257 4930 petram
1285 4857 1527 4930 subiisse,
1588 4858 1871 4928 ambasth
1920 4859 2067 4930 illius

501 4925 678 5000 partes
703 4925 953 5000 contritas
973 4939 1024 4994 et
1043 4925 1252 5000 clausas
1282 4943 1413 4981 esse.
1443 4925 1592 5000 Hanc
1619 4925 1795 4982 etiam
1815 4927 2067 4983 traditio-

501 4997 628 5056 nem
685 5009 869 5054 tuetur
926 4999 1182 5060 Basilius,
1215 5006 1424 5068 terram
1491 4997 1566 5050 illi
1617 5008 1856 5068 apertam
1924 5014 2066 5064 esse,

503 5073 788 5141 ipsamque
813 5071 990 5141 vivam
1038 5065 1364 5141 subsidisse,
1401 5081 1513 5141 quo
1558 5065 1669 5141 fere
1705 5069 1865 5141 modo
1897 5085 1952 5141 se
1977 5085 2067 5141 res

505 5138 779 5196 h'abuit'in
808 5139 1017 5195 Joanne
1058 5138 1416 5207 evangelista.
1461 5138 1748 5204 Singulare
1797 5139 1939 5192 istud
1976 5138 2070 5192 Ni-

505 5219 664 5276 cetaa,
713 5211 780 5266 de
820 5219 1062 5265 extrema
1112 5224 1205 5262 ora
1254 5208 1498 5261 mulieris
1561 5208 1762 5276 pallioli
1795 5217 2067 5270 exstante,

505 5283 651 5350 quod
679 5296 744 5335 ex
763 5282 906 5350 vulgi
935 5287 1120 5350 narret
1150 5277 1428 5350 opinione.
1481 5278 1684 5350 Menam
1759 5279 1844 5350 sic
1871 5277 2068 5350 defun-

505 5346 650 5406 ctam
682 5346 926 5414 tradunt,
967 5349 1173 5419 πέτρας
1235 5347 1512 5419 ῥαγείσης
1538 5349 1630 5399 καὶ
1665 5346 2070 5419 ύποᾷεξαμένης

505 5423 696 5491 αὐτὴν,
732 5436 855 5474 cum
889 5415 1088 5491 annos:
1119 5415 1413 5491 ηοηέιεηιιει
1468 5417 1712 5471 "mssa-
1764 5415 2068 5491 _Q“°___'"“'i

506 5486 831 5546 incredibile
859 5492 999 5544 istud
1030 5489 1253 5551 Nicetag
1281 5490 1576 5541 arbitratus
1617 5488 1844 5540 mutulos
1890 5486 2069 5540 Diana:

504 5562 867 5616 sacriﬁculum
926 5575 1048 5615 esse
1085 5559 1250 5628 (quod
1283 5557 1420 5628 idem
1468 5556 1859 5628 Metaplirastes
1888 5555 2067 5625 habet)

503 5640 557 5682 et
589 5645 816 5685 conatos
869 5624 1231 5698 constuprare
1265 5637 1324 5680 ut
1356 5625 1475 5680 Dea:
1521 5624 1750 5698 invisam
1773 5695 1783 5698 _
1804 5624 2062 5698 facerent.

2172 4724 2361 4777 tistitis
2393 4723 2739 4779 confessione
2795 4724 3027 4778 Eusebio
3091 4731 3332 4781 narrata,
3367 4726 3516 4790 quasi
3553 4725 3736 4777 aemuli

2173 4794 2448 4862 nescirent
2471 4794 2672 4848 Christi
2706 4791 3365 4862 cultoretnesse.quando
3395 4795 3572 4861 ipsum
3598 4810 3737 4846 con-

2171 4861 2398 4934 fessum,
2427 4880 2458 4919 e
2485 4865 2780 4934 pittuaculo
2811 4864 2994 4934 tetnpli
3025 4861 3358 4934 ρνιι-ιρίρίιυιιι
3390 4873 3642 4934 egerunt.
3681 4872 3740 4917 et

2171 4933 2461 4988 seductum
2488 4931 2731 4988 'Justum
2772 4931 3206 4987 conclamarunt.
3255 4931 3537 5000 Majusque
3591 4933 3738 4987 foret

2172 5004 2520 5067 miraculum,
2559 5005 2602 5058 si
2641 5005 2754 5072 ipse
2789 5002 3028 5058 Jacobus
3076 5004 3282 5072 Alplta+i
3319 5018 3460 5056 unus
3497 5004 3563 5056 de
3593 5002 3741 5056 duo-

2172 5072 2347 5128 decim
2393 5075 2589 5129 fuisset
2617 5085 2703 5137 (ex
2734 5075 2921 5143 primis
2971 5074 3182 5128 scilicet
3233 5072 3354 5128 ﬁdei
3415 5074 3738 5141 satorihus).

2171 5158 2292 5214 quae
2331 5144 2504 5212 prima
2529 5145 2710 5198 statim
2738 5146 3016 5212 alteraque
3055 5143 3198 5214 Petri
3249 5143 3636 5214 praedicatione
3667 5145 3738 5214 in

2169 5211 2230 5266 ea
2273 5211 2426 5281 plebe
2465 5223 2672 5267 tantum
2730 5211 3111 5282 promovisset.
3145 5213 3304 5266 Certe
3348 5213 3520 5282 liquet
3567 5211 3741 5265 multa

2170 5285 2444 5338 veteribus
2491 5285 2772 5353 ἀρχαϊκῶς
2795 5285 3024 5352 scripta,
3079 5299 3185 5337 non
3236 5284 3338 5338 nisi
3391 5285 3537 5353 justa
3593 5282 3740 5335 libra

2170 5355 2502 5411 examinata.
2529 5353 2759 5408 eruditis
2802 5354 3099 5422 probisque
3128 5355 3258 5406 viris
3289 5355 3342 5406 itt
3391 5367 3614 5406 censum
3649 5367 3742 5404 re-

2169 5423 2415 5490 cipienda
2446 5440 2458 5476 :
2493 5423 2868 5492 justaquehic
2902 5423 3033 5476 Cani
3081 5425 3249 5477 nostri
3318 5423 3462 5488 bilis,
3515 5425 3568 5476 in
3621 5423 3741 5492 suis

2173 5507 2453 5560 nunquam
2486 5491 2872 5548 satislauilatis
2914 5492 3066 5547 Locis
3113 5492 3439 5560 theologicis.
3475 5492 3620 5561 quod
3653 5491 3740 5545 vel

2171 5564 2543 5631 simplicitate,
2580 5564 2660 5616 vel
2697 5565 2900 5617 insulsa
2951 5565 3168 5632 pietate,
3203 5563 3345 5615 haud
3379 5578 3501 5614 raro
3551 5564 3738 5632 minus

2169 5634 2380 5687 sincere
2408 5641 2461 5688 et
2497 5642 2753 5686 accurate
2783 5631 3055 5688 nestrates
3117 5634 3436 5701 scripserint
3473 5631 3741 5685 ecclesia-

506 5699 732 5773 Yidetur
766 5700 908 5773 enim
964 5695 1492 5773 per'tot_annoru_m
1547 5695 1904 5773 cfl‘erl‘iCllltllll,
1933 5695 2064 5773 ejus
2165 5703 2299 5756 stica
2349 5711 2721 5767 monumenta,
2774 5720 2937 5773 quant
2971 5704 3199 5772 gentiles
3225 5695 3324 5772 ipsi
3370 5701 3618 5771 profana.

502 5769 676 5838 ipsius
704 5786 764 5823 ac
783 5763 1094 5825 Christiana
1144 5767 1275 5821 lides
1332 5767 1510 5818 notior
1572 5763 1834 5820 Seleucia:
1871 5765 2059 5818 tuisse.
