  <div class='ocr_page' id='page_1' title='image "/cluster/home/n/w/nwhite01/storage/ocr_20150623/105/hvd.32044013678347/176.png"; bbox 0 0 4008 6594; ppageno 0'>
   <div class='ocr_carea' id='block_1_1' title="bbox 302 379 406 439">
    <p class='ocr_par' dir='ltr' id='par_1_1' title="bbox 302 379 406 439">
     <span class='ocr_line' id='line_1_1' title="bbox 302 379 406 439; baseline -0.01 0"><span class='ocrx_word' id='word_1_1' title='bbox 302 379 406 439; x_wconf 61' lang='lat'><strong>333</strong></span> 
     </span>
    </p>
   </div>
   <div class='ocr_carea' id='block_1_2' title="bbox 1139 351 2671 425">
    <p class='ocr_par' dir='ltr' id='par_1_2' title="bbox 1139 351 2671 425">
     <span class='ocr_line' id='line_1_2' title="bbox 1139 351 2671 425; baseline -0.008 -4"><span class='ocrx_word' id='word_1_2' title='bbox 1139 364 1427 425; x_wconf 58' lang='lat' dir='ltr'><strong>ORATIO</strong></span> <span class='ocrx_word' id='word_1_3' title='bbox 1466 363 1619 424; x_wconf 65' lang='lat' dir='ltr'>XVI.</span> <span class='ocrx_word' id='word_1_4' title='bbox 1657 382 1728 394; x_wconf 90' lang='grc'><strong>-·</strong></span> <span class='ocrx_word' id='word_1_5' title='bbox 1763 353 1842 419; x_wconf 62' lang='lat' dir='ltr'><strong>1N</strong></span> <span class='ocrx_word' id='word_1_6' title='bbox 1885 351 2196 412; x_wconf 73' lang='lat' dir='ltr'><strong>LAUDEM</strong></span> <span class='ocrx_word' id='word_1_7' title='bbox 2237 355 2276 409; x_wconf 61' lang='grc' dir='ltr'>Β</span> <span class='ocrx_word' id='word_1_8' title='bbox 2338 353 2671 411; x_wconf 66' lang='grc' dir='ltr'><strong>ΤῖῘΕίῖἶιπ.</strong></span> 
     </span>
    </p>
   </div>
   <div class='ocr_carea' id='block_1_3' title="bbox 3447 341 3558 405">
    <p class='ocr_par' dir='ltr' id='par_1_3' title="bbox 3447 341 3558 405">
     <span class='ocr_line' id='line_1_3' title="bbox 3447 341 3558 405; baseline 0 -1"><span class='ocrx_word' id='word_1_9' title='bbox 3447 341 3558 405; x_wconf 64' lang='grc' dir='ltr'><strong>πα</strong></span> 
     </span>
    </p>
   </div>
   <div class='ocr_carea' id='block_1_4' title="bbox 301 460 1920 554">
    <p class='ocr_par' dir='ltr' id='par_1_4' title="bbox 301 473 1920 554">
     <span class='ocr_line' id='line_1_4' title="bbox 301 473 1920 554; baseline -0.012 -8"><span class='ocrx_word' id='word_1_10' title='bbox 301 494 404 554; x_wconf 71' lang='grc' dir='ltr'><strong>τὰς</strong></span> <span class='ocrx_word' id='word_1_11' title='bbox 426 488 686 549; x_wconf 78' lang='grc' dir='ltr'><strong>αίνέσεις,</strong></span> <span class='ocrx_word' id='word_1_12' title='bbox 712 484 809 546; x_wconf 66' lang='grc' dir='ltr'><strong>τὰς</strong></span> <span class='ocrx_word' id='word_1_13' title='bbox 837 481 1172 553; x_wconf 65' lang='grc' dir='ltr'><strong>παρθενικὰς</strong></span> <span class='ocrx_word' id='word_1_14' title='bbox 1201 480 1504 551; x_wconf 80' lang='grc' dir='ltr'><strong>ἀριστείας,</strong></span> <span class='ocrx_word' id='word_1_15' title='bbox 1533 476 1631 540; x_wconf 77' lang='grc' dir='ltr'><strong>τὰς</strong></span> <span class='ocrx_word' id='word_1_16' title='bbox 1648 473 1878 541; x_wconf 65' lang='grc' dir='ltr'><strong>ἀθλοφο-</strong></span> <span class='ocrx_word' id='word_1_17' title='bbox 1912 505 1920 526; x_wconf 71' lang='grc' dir='ltr'><em>Α</em></span> 
     </span>
    </p>
   </div>
   <div class='ocr_carea' id='block_1_5' title="bbox 2006 460 3556 554">
    <p class='ocr_par' dir='ltr' id='par_1_5' title="bbox 2009 460 3556 535">
     <span class='ocr_line' id='line_1_5' title="bbox 2009 460 3556 535; baseline -0.004 -17"><span class='ocrx_word' id='word_1_18' title='bbox 2009 467 2078 522; x_wconf 90' lang='lat' dir='ltr'><strong>lle</strong></span> <span class='ocrx_word' id='word_1_19' title='bbox 2105 477 2227 521; x_wconf 88' lang='lat' dir='ltr'><strong>tuas</strong></span> <span class='ocrx_word' id='word_1_20' title='bbox 2252 465 2483 535; x_wconf 75' lang='lat' dir='ltr'><strong>gratias,</strong></span> <span class='ocrx_word' id='word_1_21' title='bbox 2504 472 2634 518; x_wconf 88' lang='lat' dir='ltr'><strong>tuas</strong></span> <span class='ocrx_word' id='word_1_22' title='bbox 2668 463 2876 525; x_wconf 84' lang='lat' dir='ltr'><strong>Iaudes,</strong></span> <span class='ocrx_word' id='word_1_23' title='bbox 2921 461 3208 533; x_wconf 76' lang='lat' dir='ltr'><strong>virginalis</strong></span> <span class='ocrx_word' id='word_1_24' title='bbox 3235 461 3405 516; x_wconf 86' lang='lat' dir='ltr'><strong>animi</strong></span> <span class='ocrx_word' id='word_1_25' title='bbox 3435 460 3556 514; x_wconf 62' lang='grc' dir='ltr'><strong>εον·-</strong></span> 
     </span>
    </p>
   </div>
   <div class='ocr_carea' id='block_1_6' title="bbox 301 567 1883 656">
    <p class='ocr_par' dir='ltr' id='par_1_6' title="bbox 301 567 1883 656">
     <span class='ocr_line' id='line_1_6' title="bbox 301 567 1883 656; baseline -0.014 -18"><span class='ocrx_word' id='word_1_26' title='bbox 301 584 467 656; x_wconf 78' lang='grc' dir='ltr'><strong>ρικάς</strong></span> <span class='ocrx_word' id='word_1_27' title='bbox 490 576 875 650; x_wconf 73' lang='grc' dir='ltr'><strong>ἀνδραγαθίας,</strong></span> <span class='ocrx_word' id='word_1_28' title='bbox 907 575 1004 638; x_wconf 87' lang='grc' dir='ltr'><strong>τάς</strong></span> <span class='ocrx_word' id='word_1_29' title='bbox 1050 573 1414 634; x_wconf 71' lang='grc' dir='ltr'><strong>ἀποστολικάς</strong></span> <span class='ocrx_word' id='word_1_30' title='bbox 1428 571 1583 632; x_wconf 71' lang='grc' dir='ltr'><strong>ὁδοὺς</strong></span> <span class='ocrx_word' id='word_1_31' title='bbox 1611 567 1704 622; x_wconf 84' lang='grc' dir='ltr'><strong>καὶ</strong></span> <span class='ocrx_word' id='word_1_32' title='bbox 1732 582 1883 637; x_wconf 86' lang='grc' dir='ltr'><strong>περι-</strong></span> 
     </span>
    </p>
   </div>
   <div class='ocr_carea' id='block_1_7' title="bbox 300 659 1882 742">
    <p class='ocr_par' dir='ltr' id='par_1_7' title="bbox 300 659 1882 742">
     <span class='ocr_line' id='line_1_7' title="bbox 300 659 1882 742; baseline -0.012 -13"><span class='ocrx_word' id='word_1_33' title='bbox 300 677 478 738; x_wconf 83' lang='grc' dir='ltr'><strong>όδους,</strong></span> <span class='ocrx_word' id='word_1_34' title='bbox 507 673 668 742; x_wconf 88' lang='grc' dir='ltr'><strong>μόνος</strong></span> <span class='ocrx_word' id='word_1_35' title='bbox 693 669 760 723; x_wconf 71' lang='grc' dir='ltr'><strong>ἂν</strong></span> <span class='ocrx_word' id='word_1_36' title='bbox 795 668 1001 728; x_wconf 73' lang='grc' dir='ltr'><strong>ἐκεῖνος</strong></span> <span class='ocrx_word' id='word_1_37' title='bbox 1025 666 1191 731; x_wconf 81' lang='grc' dir='ltr'><strong>ἀξίως</strong></span> <span class='ocrx_word' id='word_1_38' title='bbox 1216 665 1436 730; x_wconf 80' lang='grc' dir='ltr'><strong>δοξάσαι</strong></span> <span class='ocrx_word' id='word_1_39' title='bbox 1465 664 1561 716; x_wconf 64' lang='grc' dir='ltr'><strong>καὶ⁹</strong></span> <span class='ocrx_word' id='word_1_40' title='bbox 1587 659 1847 732; x_wconf 80' lang='grc' dir='ltr'><strong>σεμνῦναι</strong></span> <span class='ocrx_word' id='word_1_41' title='bbox 1865 697 1882 722; x_wconf 92' lang='grc'><strong>,</strong></span> 
     </span>
    </p>
   </div>
   <div class='ocr_carea' id='block_1_8' title="bbox 301 754 1882 837">
    <p class='ocr_par' dir='ltr' id='par_1_8' title="bbox 301 754 1882 837">
     <span class='ocr_line' id='line_1_8' title="bbox 301 754 1882 837; baseline -0.011 -16"><span class='ocrx_word' id='word_1_42' title='bbox 301 768 364 822; x_wconf 79' lang='grc' dir='ltr'><strong>ὃν</strong></span> <span class='ocrx_word' id='word_1_43' title='bbox 386 767 676 837; x_wconf 68' lang='grc' dir='ltr'><strong>ἠγάπησεν</strong></span> <span class='ocrx_word' id='word_1_44' title='bbox 695 765 730 833; x_wconf 79' lang='grc' dir='ltr'><strong>ἡ</strong></span> <span class='ocrx_word' id='word_1_45' title='bbox 757 761 901 832; x_wconf 81' lang='grc' dir='ltr'><strong>ψυχή</strong></span> <span class='ocrx_word' id='word_1_46' title='bbox 934 777 1052 822; x_wconf 86' lang='grc' dir='ltr'><strong>σου,</strong></span> <span class='ocrx_word' id='word_1_47' title='bbox 1081 759 1222 812; x_wconf 85' lang='grc' dir='ltr'><strong>κατά</strong></span> <span class='ocrx_word' id='word_1_48' title='bbox 1252 758 1320 812; x_wconf 72' lang='grc' dir='ltr'><strong>τὰ</strong></span> <span class='ocrx_word' id='word_1_49' title='bbox 1342 757 1684 825; x_wconf 82' lang='grc' dir='ltr'><strong>θεόφθεγκτα</strong></span> <span class='ocrx_word' id='word_1_50' title='bbox 1705 754 1882 820; x_wconf 83' lang='grc' dir='ltr'><strong>λόγια,</strong></span> 
     </span>
    </p>
   </div>
   <div class='ocr_carea' id='block_1_9' title="bbox 1987 555 3562 626">
    <p class='ocr_par' dir='ltr' id='par_1_9' title="bbox 1987 555 3562 626">
     <span class='ocr_line' id='line_1_9' title="bbox 1987 555 3562 626; baseline -0.004 -16"><span class='ocrx_word' id='word_1_51' title='bbox 1987 559 2269 614; x_wconf 82' lang='lat' dir='ltr'><strong>titudincs.</strong></span> <span class='ocrx_word' id='word_1_52' title='bbox 2294 557 2648 626; x_wconf 86' lang='lat' dir='ltr'><strong>triumphalis</strong></span> <span class='ocrx_word' id='word_1_53' title='bbox 2681 571 2874 625; x_wconf 82' lang='lat' dir='ltr'><strong>pugnae</strong></span> <span class='ocrx_word' id='word_1_54' title='bbox 2905 556 3149 610; x_wconf 79' lang='lat' dir='ltr'><strong>facinora</strong></span> <span class='ocrx_word' id='word_1_55' title='bbox 3179 556 3337 624; x_wconf 76' lang='lat' dir='ltr'><strong>digne</strong></span> <span class='ocrx_word' id='word_1_56' title='bbox 3374 555 3562 609; x_wconf 87' lang='lat' dir='ltr'><strong>lauda-</strong></span> 
     </span>
    </p>
   </div>
   <div class='ocr_carea' id='block_1_10' title="bbox 1987 646 3562 718">
    <p class='ocr_par' dir='ltr' id='par_1_10' title="bbox 1987 646 3562 718">
     <span class='ocr_line' id='line_1_10' title="bbox 1987 646 3562 718; baseline -0.003 -15"><span class='ocrx_word' id='word_1_57' title='bbox 1987 652 2123 706; x_wconf 86' lang='lat' dir='ltr'><strong>verit</strong></span> <span class='ocrx_word' id='word_1_58' title='bbox 2148 666 2210 704; x_wconf 88' lang='lat' dir='ltr'><strong>ac</strong></span> <span class='ocrx_word' id='word_1_59' title='bbox 2239 650 2561 711; x_wconf 84' lang='lat' dir='ltr'><strong>honestarit,</strong></span> <span class='ocrx_word' id='word_1_60' title='bbox 2593 665 2752 718; x_wconf 84' lang='lat' dir='ltr'><strong>quem</strong></span> <span class='ocrx_word' id='word_1_61' title='bbox 2782 649 2970 704; x_wconf 80' lang='lat' dir='ltr'><strong>dilexit</strong></span> <span class='ocrx_word' id='word_1_62' title='bbox 3003 651 3182 702; x_wconf 83' lang='lat' dir='ltr'><strong>anima</strong></span> <span class='ocrx_word' id='word_1_63' title='bbox 3206 649 3383 712; x_wconf 83' lang='lat' dir='ltr'><strong>tua&quot;,</strong></span> <span class='ocrx_word' id='word_1_64' title='bbox 3411 646 3562 714; x_wconf 77' lang='lat' dir='ltr'><strong>juxta</strong></span> 
     </span>
    </p>
   </div>
   <div class='ocr_carea' id='block_1_11' title="bbox 1987 742 3561 812">
    <p class='ocr_par' dir='ltr' id='par_1_11' title="bbox 1987 742 3561 812">
     <span class='ocr_line' id='line_1_11' title="bbox 1987 742 3561 812; baseline -0.001 -17"><span class='ocrx_word' id='word_1_65' title='bbox 1987 742 2166 796; x_wconf 90' lang='lat' dir='ltr'><strong>divina</strong></span> <span class='ocrx_word' id='word_1_66' title='bbox 2190 744 2437 808; x_wconf 87' lang='lat' dir='ltr'><strong>oracula,</strong></span> <span class='ocrx_word' id='word_1_67' title='bbox 2473 744 2561 798; x_wconf 90' lang='lat' dir='ltr'><strong>cui</strong></span> <span class='ocrx_word' id='word_1_68' title='bbox 2603 758 2700 796; x_wconf 77' lang='lat' dir='ltr'><strong>eor</strong></span> <span class='ocrx_word' id='word_1_69' title='bbox 2729 742 3074 805; x_wconf 78' lang='lat' dir='ltr'><strong>abstraxisti,</strong></span> <span class='ocrx_word' id='word_1_70' title='bbox 3107 757 3266 812; x_wconf 83' lang='lat' dir='ltr'><strong>quem</strong></span> <span class='ocrx_word' id='word_1_71' title='bbox 3289 757 3350 796; x_wconf 75' lang='lat' dir='ltr'><strong>es</strong></span> <span class='ocrx_word' id='word_1_72' title='bbox 3377 755 3561 810; x_wconf 84' lang='lat' dir='ltr'><strong>perse-</strong></span> 
     </span>
    </p>
   </div>
   <div class='ocr_carea' id='block_1_12' title="bbox 302 833 1920 928">
    <p class='ocr_par' dir='ltr' id='par_1_12' title="bbox 302 833 1885 928">
     <span class='ocr_line' id='line_1_12' title="bbox 302 833 1885 928; baseline -0.012 -15"><span class='ocrx_word' id='word_1_73' title='bbox 302 860 362 914; x_wconf 77' lang='grc' dir='ltr'><strong>ὃν</strong></span> <span class='ocrx_word' id='word_1_74' title='bbox 391 833 756 928; x_wconf 65' lang='grc' dir='ltr'><strong>έκαρδίωσας,</strong></span> <span class='ocrx_word' id='word_1_75' title='bbox 778 854 838 906; x_wconf 83' lang='grc' dir='ltr'><strong>ὃν</strong></span> <span class='ocrx_word' id='word_1_76' title='bbox 869 850 1116 916; x_wconf 76' lang='grc' dir='ltr'><strong>ὲδίωξας,</strong></span> <span class='ocrx_word' id='word_1_77' title='bbox 1144 851 1202 904; x_wconf 76' lang='grc' dir='ltr'><strong>ὃν</strong></span> <span class='ocrx_word' id='word_1_78' title='bbox 1233 848 1555 912; x_wconf 74' lang='grc' dir='ltr'><strong>κατέλαϐες,</strong></span> <span class='ocrx_word' id='word_1_79' title='bbox 1588 845 1682 916; x_wconf 77' lang='grc' dir='ltr'><strong>ὑφ’</strong></span> <span class='ocrx_word' id='word_1_80' title='bbox 1705 839 1766 901; x_wconf 78' lang='grc' dir='ltr'><strong>οῦ</strong></span> <span class='ocrx_word' id='word_1_81' title='bbox 1792 846 1885 898; x_wconf 76' lang='grc' dir='ltr'><strong>καὶ</strong></span> 
     </span>
    </p>
   </div>
   <div class='ocr_carea' id='block_1_13' title="bbox 2006 833 3561 928">
    <p class='ocr_par' dir='ltr' id='par_1_13' title="bbox 2006 833 3561 904">
     <span class='ocr_line' id='line_1_13' title="bbox 2006 833 3561 904; baseline -0.002 -16"><span class='ocrx_word' id='word_1_82' title='bbox 2006 845 2134 896; x_wconf 85' lang='lat' dir='ltr'><strong>:uta,</strong></span> <span class='ocrx_word' id='word_1_83' title='bbox 2168 851 2327 904; x_wconf 82' lang='lat' dir='ltr'><strong>quem</strong></span> <span class='ocrx_word' id='word_1_84' title='bbox 2357 834 2845 904; x_wconf 73' lang='lat' dir='ltr'><strong>comprehendisti,</strong></span> <span class='ocrx_word' id='word_1_85' title='bbox 2884 849 2912 888; x_wconf 89' lang='lat' dir='ltr'><strong>a</strong></span> <span class='ocrx_word' id='word_1_86' title='bbox 2953 850 3062 904; x_wconf 89' lang='lat' dir='ltr'><strong>quo</strong></span> <span class='ocrx_word' id='word_1_87' title='bbox 3087 843 3140 889; x_wconf 89' lang='lat' dir='ltr'><strong>et</strong></span> <span class='ocrx_word' id='word_1_88' title='bbox 3163 833 3561 904; x_wconf 87' lang='lat' dir='ltr'><strong>comprehensa</strong></span> 
     </span>
    </p>
   </div>
   <div class='ocr_carea' id='block_1_14' title="bbox 303 941 1888 1018">
    <p class='ocr_par' dir='ltr' id='par_1_14' title="bbox 303 941 1888 1018">
     <span class='ocr_line' id='line_1_14' title="bbox 303 941 1888 1018; baseline -0.009 -15"><span class='ocrx_word' id='word_1_89' title='bbox 303 947 680 1018; x_wconf 83' lang='grc' dir='ltr'><strong>κατελήφθης,</strong></span> <span class='ocrx_word' id='word_1_90' title='bbox 739 949 940 1016; x_wconf 80' lang='grc' dir='ltr'>γάμοις</span> <span class='ocrx_word' id='word_1_91' title='bbox 970 943 1120 1014; x_wconf 82' lang='grc' dir='ltr'><strong>αὐτῷ</strong></span> <span class='ocrx_word' id='word_1_92' title='bbox 1145 945 1424 1015; x_wconf 77' lang='grc' dir='ltr'><strong>οὐρανίοις</strong></span> <span class='ocrx_word' id='word_1_93' title='bbox 1469 942 1564 995; x_wconf 78' lang='grc' dir='ltr'><strong>καὶ</strong></span> <span class='ocrx_word' id='word_1_94' title='bbox 1591 941 1888 1010; x_wconf 84' lang='grc' dir='ltr'><strong>θεοπρεπε-</strong></span> 
     </span>
    </p>
   </div>
   <div class='ocr_carea' id='block_1_15' title="bbox 305 1034 1887 1111">
    <p class='ocr_par' dir='ltr' id='par_1_15' title="bbox 305 1034 1887 1111">
     <span class='ocr_line' id='line_1_15' title="bbox 305 1034 1887 1111; baseline -0.009 -13"><span class='ocrx_word' id='word_1_95' title='bbox 305 1043 529 1103; x_wconf 53' lang='lat' dir='ltr'><strong>etiam;</strong></span> <span class='ocrx_word' id='word_1_96' title='bbox 572 1038 865 1111; x_wconf 65' lang='grc' dir='ltr'><strong>ὑπερφυῶς</strong></span> <span class='ocrx_word' id='word_1_97' title='bbox 899 1037 1292 1107; x_wconf 82' lang='grc' dir='ltr'><strong>συνενουμένη,</strong></span> <span class='ocrx_word' id='word_1_98' title='bbox 1322 1034 1601 1106; x_wconf 79' lang='grc' dir='ltr'><strong>Πνεῦματι</strong></span> <span class='ocrx_word' id='word_1_99' title='bbox 1629 1035 1726 1086; x_wconf 72' lang='grc' dir='ltr'><strong>καὶ</strong></span> <span class='ocrx_word' id='word_1_100' title='bbox 1763 1048 1887 1084; x_wconf 85' lang='grc' dir='ltr'><strong>συν-</strong></span> 
     </span>
    </p>
   </div>
   <div class='ocr_carea' id='block_1_16' title="bbox 308 1129 1059 1204">
    <p class='ocr_par' dir='ltr' id='par_1_16' title="bbox 308 1129 1059 1204">
     <span class='ocr_line' id='line_1_16' title="bbox 308 1129 1059 1204; baseline -0.007 -17"><span class='ocrx_word' id='word_1_101' title='bbox 308 1131 768 1204; x_wconf 80' lang='grc' dir='ltr'><strong>αρμολογουμένη</strong></span> <span class='ocrx_word' id='word_1_102' title='bbox 798 1129 876 1200; x_wconf 82' lang='grc' dir='ltr'><strong>τῷ</strong></span> <span class='ocrx_word' id='word_1_103' title='bbox 901 1131 1059 1200; x_wconf 81' lang='grc' dir='ltr'><strong>ἁγίῳ.</strong></span> 
     </span>
    </p>
   </div>
   <div class='ocr_carea' id='block_1_17' title="bbox 390 1214 1890 1288">
    <p class='ocr_par' dir='ltr' id='par_1_17' title="bbox 390 1214 1890 1288">
     <span class='ocr_line' id='line_1_17' title="bbox 390 1214 1890 1288; baseline -0.004 -17"><span class='ocrx_word' id='word_1_104' title='bbox 390 1219 632 1279; x_wconf 81' lang='grc' dir='ltr'><strong>Ἐκεῖνος</strong></span> <span class='ocrx_word' id='word_1_105' title='bbox 673 1219 789 1288; x_wconf 81' lang='grc' dir='ltr'><strong>ἐρεῖ</strong></span> <span class='ocrx_word' id='word_1_106' title='bbox 835 1222 898 1288; x_wconf 80' lang='grc' dir='ltr'><strong>τῇ</strong></span> <span class='ocrx_word' id='word_1_107' title='bbox 951 1217 1247 1288; x_wconf 84' lang='grc' dir='ltr'><strong>ὼραιότητί</strong></span> <span class='ocrx_word' id='word_1_108' title='bbox 1294 1235 1408 1278; x_wconf 88' lang='grc' dir='ltr'><strong>σου,</strong></span> <span class='ocrx_word' id='word_1_109' title='bbox 1451 1219 1546 1270; x_wconf 69' lang='grc' dir='ltr'><strong>καὶ</strong></span> <span class='ocrx_word' id='word_1_110' title='bbox 1589 1215 1666 1285; x_wconf 79' lang='grc' dir='ltr'><strong>τῷ</strong></span> <span class='ocrx_word' id='word_1_111' title='bbox 1704 1214 1890 1270; x_wconf 80' lang='grc' dir='ltr'><strong>κάλλει</strong></span> 
     </span>
    </p>
   </div>
   <div class='ocr_carea' id='block_1_18' title="bbox 310 1307 1890 1383">
    <p class='ocr_par' dir='ltr' id='par_1_18' title="bbox 310 1307 1890 1383">
     <span class='ocr_line' id='line_1_18' title="bbox 310 1307 1890 1383; baseline -0.002 -21"><span class='ocrx_word' id='word_1_112' title='bbox 310 1328 430 1374; x_wconf 85' lang='grc' dir='ltr'><strong>σου,</strong></span> <span class='ocrx_word' id='word_1_113' title='bbox 462 1311 600 1378; x_wconf 85' lang='grc' dir='ltr'><strong>Ὄλη</strong></span> <span class='ocrx_word' id='word_1_114' title='bbox 653 1309 794 1381; x_wconf 74' lang='grc' dir='ltr'><strong>καλὴ</strong></span> <span class='ocrx_word' id='word_1_115' title='bbox 838 1307 907 1377; x_wconf 75' lang='grc' dir='ltr'><strong>εἴ,</strong></span> <span class='ocrx_word' id='word_1_116' title='bbox 959 1312 992 1383; x_wconf 74' lang='grc' dir='ltr'>ἡ</span> <span class='ocrx_word' id='word_1_117' title='bbox 1039 1311 1266 1380; x_wconf 81' lang='grc' dir='ltr'><strong>πλησίον</strong></span> <span class='ocrx_word' id='word_1_118' title='bbox 1307 1327 1436 1380; x_wconf 88' lang='grc' dir='ltr'><strong>μου·</strong></span> <span class='ocrx_word' id='word_1_119' title='bbox 1469 1309 1564 1380; x_wconf 80' lang='grc' dir='ltr'><strong>ὅλη</strong></span> <span class='ocrx_word' id='word_1_120' title='bbox 1601 1307 1761 1379; x_wconf 70' lang='grc' dir='ltr'><strong>καλὴ.</strong></span> <span class='ocrx_word' id='word_1_121' title='bbox 1796 1308 1890 1360; x_wconf 77' lang='grc' dir='ltr'><strong>καὶ</strong></span> 
     </span>
    </p>
   </div>
   <div class='ocr_carea' id='block_1_19' title="bbox 314 1398 1887 1472">
    <p class='ocr_par' dir='ltr' id='par_1_19' title="bbox 314 1398 1887 1472">
     <span class='ocr_line' id='line_1_19' title="bbox 314 1398 1887 1472; baseline 0 -20"><span class='ocrx_word' id='word_1_122' title='bbox 314 1403 508 1472; x_wconf 80' lang='grc' dir='ltr'><strong>μῶμος</strong></span> <span class='ocrx_word' id='word_1_123' title='bbox 537 1403 638 1454; x_wconf 69' lang='grc' dir='ltr'><strong>οὐκ</strong></span> <span class='ocrx_word' id='word_1_124' title='bbox 665 1401 812 1454; x_wconf 78' lang='grc' dir='ltr'><strong>ἐστιν</strong></span> <span class='ocrx_word' id='word_1_125' title='bbox 850 1403 909 1454; x_wconf 76' lang='grc' dir='ltr'><strong>ὲν</strong></span> <span class='ocrx_word' id='word_1_126' title='bbox 952 1404 1068 1456; x_wconf 89' lang='grc' dir='ltr'><strong>σοί·</strong></span> <span class='ocrx_word' id='word_1_127' title='bbox 1117 1402 1386 1472; x_wconf 81' lang='grc' dir='ltr'><strong>ὀφθαλμοί</strong></span> <span class='ocrx_word' id='word_1_128' title='bbox 1421 1419 1515 1456; x_wconf 89' lang='grc' dir='ltr'><strong>σου</strong></span> <span class='ocrx_word' id='word_1_129' title='bbox 1551 1398 1887 1472; x_wconf 89' lang='grc' dir='ltr'><strong>περιστεραί.</strong></span> 
     </span>
    </p>
   </div>
   <div class='ocr_carea' id='block_1_20' title="bbox 311 1489 1893 1564">
    <p class='ocr_par' dir='ltr' id='par_1_20' title="bbox 311 1489 1893 1564">
     <span class='ocr_line' id='line_1_20' title="bbox 311 1489 1893 1564; baseline -0.001 -21"><span class='ocrx_word' id='word_1_130' title='bbox 311 1490 486 1543; x_wconf 79' lang='grc' dir='ltr'><strong>Τοῦτό</strong></span> <span class='ocrx_word' id='word_1_131' title='bbox 515 1507 597 1542; x_wconf 86' lang='grc' dir='ltr'><strong>σοι</strong></span> <span class='ocrx_word' id='word_1_132' title='bbox 619 1491 712 1542; x_wconf 74' lang='grc' dir='ltr'><strong>καὶ</strong></span> <span class='ocrx_word' id='word_1_133' title='bbox 735 1491 893 1559; x_wconf 87' lang='grc' dir='ltr'><strong>μόνον</strong></span> <span class='ocrx_word' id='word_1_134' title='bbox 918 1490 1046 1564; x_wconf 80' lang='grc' dir='ltr'><strong>παρ’</strong></span> <span class='ocrx_word' id='word_1_135' title='bbox 1067 1491 1231 1544; x_wconf 80' lang='grc' dir='ltr'><strong>αὐτοῦ</strong></span> <span class='ocrx_word' id='word_1_136' title='bbox 1257 1489 1741 1563; x_wconf 72' lang='grc' dir='ltr'><strong>προσφωνοῦμενον</strong></span> <span class='ocrx_word' id='word_1_137' title='bbox 1765 1489 1893 1559; x_wconf 80' lang='grc' dir='ltr'><strong>ἀρέ-</strong></span> 
     </span>
    </p>
   </div>
   <div class='ocr_carea' id='block_1_21' title="bbox 315 1577 1892 1652">
    <p class='ocr_par' dir='ltr' id='par_1_21' title="bbox 315 1577 1892 1652">
     <span class='ocr_line' id='line_1_21' title="bbox 315 1577 1892 1652; baseline -0.001 -20"><span class='ocrx_word' id='word_1_138' title='bbox 315 1598 398 1633; x_wconf 84' lang='grc' dir='ltr'><strong>σει</strong></span> <span class='ocrx_word' id='word_1_139' title='bbox 447 1581 669 1650; x_wconf 82' lang='grc' dir='ltr'><strong>μᾶλλον,</strong></span> <span class='ocrx_word' id='word_1_140' title='bbox 701 1581 734 1650; x_wconf 80' lang='grc' dir='ltr'><strong>ἢ</strong></span> <span class='ocrx_word' id='word_1_141' title='bbox 771 1582 970 1645; x_wconf 82' lang='grc' dir='ltr'><strong>πάντες</strong></span> <span class='ocrx_word' id='word_1_142' title='bbox 1005 1582 1056 1634; x_wconf 82' lang='lat' dir='ltr'><strong>oi</strong></span> <span class='ocrx_word' id='word_1_143' title='bbox 1090 1582 1146 1648; x_wconf 81' lang='grc' dir='ltr'><strong>ὲξ</strong></span> <span class='ocrx_word' id='word_1_144' title='bbox 1177 1580 1481 1652; x_wconf 82' lang='grc' dir='ltr'><strong>ἀνθρώπων</strong></span> <span class='ocrx_word' id='word_1_145' title='bbox 1519 1581 1625 1634; x_wconf 82' lang='grc' dir='ltr'><strong>ἀπὸ</strong></span> <span class='ocrx_word' id='word_1_146' title='bbox 1661 1578 1767 1648; x_wconf 84' lang='grc' dir='ltr'><strong>γῆς</strong></span> <span class='ocrx_word' id='word_1_147' title='bbox 1803 1577 1892 1630; x_wconf 81' lang='grc' dir='ltr'><strong>λό-</strong></span> 
     </span>
    </p>
   </div>
   <div class='ocr_carea' id='block_1_22' title="bbox 311 1668 1893 1744">
    <p class='ocr_par' dir='ltr' id='par_1_22' title="bbox 311 1668 1893 1744">
     <span class='ocr_line' id='line_1_22' title="bbox 311 1668 1893 1744; baseline -0.003 -21"><span class='ocrx_word' id='word_1_148' title='bbox 311 1689 419 1740; x_wconf 59' lang='lat' dir='ltr'><strong>70i.</strong></span> <span class='ocrx_word' id='word_1_149' title='bbox 463 1672 625 1740; x_wconf 80' lang='grc' dir='ltr'><strong>Ἡμῖν</strong></span> <span class='ocrx_word' id='word_1_150' title='bbox 655 1671 712 1723; x_wconf 80' lang='grc' dir='ltr'><strong>δὲ</strong></span> <span class='ocrx_word' id='word_1_151' title='bbox 741 1672 902 1742; x_wconf 73' lang='grc' dir='ltr'><strong>μέγα,</strong></span> <span class='ocrx_word' id='word_1_152' title='bbox 935 1670 1040 1724; x_wconf 77' lang='grc' dir='ltr'><strong>κᾶν</strong></span> <span class='ocrx_word' id='word_1_153' title='bbox 1075 1673 1123 1724; x_wconf 87' lang='grc' dir='ltr'><strong>εί</strong></span> <span class='ocrx_word' id='word_1_154' title='bbox 1146 1671 1334 1744; x_wconf 73' lang='grc' dir='ltr'><strong>τεόρρω</strong></span> <span class='ocrx_word' id='word_1_155' title='bbox 1362 1671 1458 1739; x_wconf 81' lang='grc' dir='ltr'><strong>τῆς</strong></span> <span class='ocrx_word' id='word_1_156' title='bbox 1487 1671 1586 1739; x_wconf 81' lang='grc' dir='ltr'><strong>σῆς</strong></span> <span class='ocrx_word' id='word_1_157' title='bbox 1616 1668 1893 1737; x_wconf 81' lang='grc' dir='ltr'><strong>ἱστάμενοι</strong></span> 
     </span>
    </p>
   </div>
   <div class='ocr_carea' id='block_1_23' title="bbox 317 1760 1968 1862">
    <p class='ocr_par' dir='ltr' id='par_1_23' title="bbox 317 1760 1968 1862">
     <span class='ocr_line' id='line_1_23' title="bbox 317 1760 1968 1862; baseline -0.002 -46"><span class='ocrx_word' id='word_1_158' title='bbox 317 1763 760 1833; x_wconf 79' lang='grc' dir='ltr'><strong>μεγαλειότητος,</strong></span> <span class='ocrx_word' id='word_1_159' title='bbox 805 1765 898 1817; x_wconf 72' lang='grc' dir='ltr'><strong>καὶ</strong></span> <span class='ocrx_word' id='word_1_160' title='bbox 934 1764 1072 1836; x_wconf 80' lang='grc' dir='ltr'><strong>μόνῃ</strong></span> <span class='ocrx_word' id='word_1_161' title='bbox 1116 1767 1184 1836; x_wconf 78' lang='grc' dir='ltr'><strong>τῇ</strong></span> <span class='ocrx_word' id='word_1_162' title='bbox 1219 1767 1316 1834; x_wconf 76' lang='grc' dir='ltr'><strong>τῆς</strong></span> <span class='ocrx_word' id='word_1_163' title='bbox 1361 1766 1458 1831; x_wconf 81' lang='grc' dir='ltr'><strong>σῆς</strong></span> <span class='ocrx_word' id='word_1_164' title='bbox 1496 1762 1655 1829; x_wconf 87' lang='grc' dir='ltr'><strong>ἁγίας</strong></span> <span class='ocrx_word' id='word_1_165' title='bbox 1688 1760 1895 1824; x_wconf 75' lang='grc' dir='ltr'><strong>εἰκόνος</strong></span> <span class='ocrx_word' id='word_1_166' title='bbox 1921 1802 1968 1862; x_wconf 73' lang='grc' dir='ltr'>Β</span> 
     </span>
    </p>
   </div>
   <div class='ocr_carea' id='block_1_24' title="bbox 314 1853 1888 1925">
    <p class='ocr_par' dir='ltr' id='par_1_24' title="bbox 314 1853 1888 1925">
     <span class='ocr_line' id='line_1_24' title="bbox 314 1853 1888 1925; baseline -0.001 -19"><span class='ocrx_word' id='word_1_167' title='bbox 314 1855 588 1925; x_wconf 73' lang='grc' dir='ltr'><strong>ἐμφερείᾳ</strong></span> <span class='ocrx_word' id='word_1_168' title='bbox 625 1854 1079 1924; x_wconf 76' lang='grc' dir='ltr'><strong>προσϐλέποντες,</strong></span> <span class='ocrx_word' id='word_1_169' title='bbox 1119 1856 1210 1908; x_wconf 82' lang='grc' dir='ltr'><strong>τὸν</strong></span> <span class='ocrx_word' id='word_1_170' title='bbox 1241 1855 1551 1925; x_wconf 81' lang='grc' dir='ltr'><strong>καθήκοντα</strong></span> <span class='ocrx_word' id='word_1_171' title='bbox 1592 1853 1888 1924; x_wconf 82' lang='grc' dir='ltr'><strong>προσάγοι-</strong></span> 
     </span>
    </p>
   </div>
   <div class='ocr_carea' id='block_1_25' title="bbox 319 1943 1891 2016">
    <p class='ocr_par' dir='ltr' id='par_1_25' title="bbox 319 1943 1891 2016">
     <span class='ocr_line' id='line_1_25' title="bbox 319 1943 1891 2016; baseline 0 -20"><span class='ocrx_word' id='word_1_172' title='bbox 319 1962 420 2014; x_wconf 88' lang='grc' dir='ltr'><strong>μεν</strong></span> <span class='ocrx_word' id='word_1_173' title='bbox 455 1944 769 2014; x_wconf 86' lang='grc' dir='ltr'><strong>ἀσπασμόν.</strong></span> <span class='ocrx_word' id='word_1_174' title='bbox 811 1946 1004 2016; x_wconf 82' lang='grc' dir='ltr'><strong>Χαῖρε,</strong></span> <span class='ocrx_word' id='word_1_175' title='bbox 1045 1947 1106 1998; x_wconf 83' lang='grc' dir='ltr'><strong>τὸ</strong></span> <span class='ocrx_word' id='word_1_176' title='bbox 1151 1943 1254 2014; x_wconf 86' lang='grc' dir='ltr'><strong>τῆς</strong></span> <span class='ocrx_word' id='word_1_177' title='bbox 1302 1945 1625 2016; x_wconf 80' lang='grc' dir='ltr'><strong>ὖπερουσίου</strong></span> <span class='ocrx_word' id='word_1_178' title='bbox 1666 1944 1891 2016; x_wconf 86' lang='grc' dir='ltr'><strong>Τριάδος</strong></span> 
     </span>
    </p>
   </div>
   <div class='ocr_carea' id='block_1_26' title="bbox 317 2034 1893 2108">
    <p class='ocr_par' dir='ltr' id='par_1_26' title="bbox 317 2034 1893 2108">
     <span class='ocr_line' id='line_1_26' title="bbox 317 2034 1893 2108; baseline 0 -20"><span class='ocrx_word' id='word_1_179' title='bbox 317 2035 640 2106; x_wconf 77' lang='grc' dir='ltr'><strong>ἐνδιαίτημα</strong></span> <span class='ocrx_word' id='word_1_180' title='bbox 668 2035 763 2088; x_wconf 77' lang='grc' dir='ltr'><strong>καὶ</strong></span> <span class='ocrx_word' id='word_1_181' title='bbox 794 2036 1058 2106; x_wconf 75' lang='grc' dir='ltr'><strong>σκήνωμα</strong></span> <span class='ocrx_word' id='word_1_182' title='bbox 1075 2051 1093 2069; x_wconf 78' lang='grc' dir='ltr'><strong>ο</strong></span> <span class='ocrx_word' id='word_1_183' title='bbox 1117 2035 1180 2090; x_wconf 74' lang='grc' dir='ltr'><strong>τὸ</strong></span> <span class='ocrx_word' id='word_1_184' title='bbox 1203 2035 1312 2090; x_wconf 89' lang='grc' dir='ltr'><strong>τῶν</strong></span> <span class='ocrx_word' id='word_1_185' title='bbox 1340 2035 1726 2108; x_wconf 78' lang='grc' dir='ltr'><strong>ὑπερκοσμίων</strong></span> <span class='ocrx_word' id='word_1_186' title='bbox 1757 2034 1893 2088; x_wconf 87' lang='grc' dir='ltr'><strong>νόων</strong></span> 
     </span>
    </p>
   </div>
   <div class='ocr_carea' id='block_1_27' title="bbox 319 2125 1892 2199">
    <p class='ocr_par' dir='ltr' id='par_1_27' title="bbox 319 2125 1892 2199">
     <span class='ocr_line' id='line_1_27' title="bbox 319 2125 1892 2199; baseline 0.001 -20"><span class='ocrx_word' id='word_1_187' title='bbox 319 2128 578 2197; x_wconf 66' lang='grc' dir='ltr'><strong>ὀρὰῖσμα</strong></span> <span class='ocrx_word' id='word_1_188' title='bbox 626 2129 722 2181; x_wconf 69' lang='grc' dir='ltr'><strong>καὶ</strong></span> <span class='ocrx_word' id='word_1_189' title='bbox 755 2126 1069 2199; x_wconf 75' lang='grc' dir='ltr'><strong>ἀγαλλίαμα</strong></span> <span class='ocrx_word' id='word_1_190' title='bbox 1088 2145 1104 2162; x_wconf 78' lang='grc' dir='ltr'><strong>ο</strong></span> <span class='ocrx_word' id='word_1_191' title='bbox 1152 2127 1215 2182; x_wconf 80' lang='grc' dir='ltr'><strong>τὸ</strong></span> <span class='ocrx_word' id='word_1_192' title='bbox 1264 2128 1376 2183; x_wconf 82' lang='grc' dir='ltr'><strong>τῶν</strong></span> <span class='ocrx_word' id='word_1_193' title='bbox 1412 2126 1723 2182; x_wconf 73' lang='grc' dir='ltr'><strong>ἀποστόλων</strong></span> <span class='ocrx_word' id='word_1_194' title='bbox 1760 2125 1892 2180; x_wconf 79' lang='grc' dir='ltr'><strong>καλ-</strong></span> 
     </span>
    </p>
   </div>
   <div class='ocr_carea' id='block_1_28' title="bbox 320 2221 1464 2293">
    <p class='ocr_par' dir='ltr' id='par_1_28' title="bbox 320 2221 1464 2293">
     <span class='ocr_line' id='line_1_28' title="bbox 320 2221 1464 2293; baseline 0.001 -20"><span class='ocrx_word' id='word_1_195' title='bbox 320 2221 582 2292; x_wconf 72' lang='grc' dir='ltr'><strong>ὶὼπισμα</strong></span> <span class='ocrx_word' id='word_1_196' title='bbox 607 2239 622 2252; x_wconf 88' lang='grc'><strong>·</strong></span> <span class='ocrx_word' id='word_1_197' title='bbox 655 2222 764 2274; x_wconf 88' lang='grc' dir='ltr'><strong>τῶν</strong></span> <span class='ocrx_word' id='word_1_198' title='bbox 793 2221 1086 2293; x_wconf 86' lang='grc' dir='ltr'><strong>μαρτύρων</strong></span> <span class='ocrx_word' id='word_1_199' title='bbox 1116 2223 1464 2292; x_wconf 79' lang='grc' dir='ltr'><strong>στεφάνωμα.</strong></span> 
     </span>
    </p>
   </div>
   <div class='ocr_carea' id='block_1_29' title="bbox 387 2401 1897 2475">
    <p class='ocr_par' dir='ltr' id='par_1_29' title="bbox 387 2401 1897 2475">
     <span class='ocr_line' id='line_1_29' title="bbox 387 2401 1897 2475; baseline 0.001 -21"><span class='ocrx_word' id='word_1_200' title='bbox 387 2402 562 2473; x_wconf 81' lang='grc' dir='ltr'><strong>Χαῖρε</strong></span> <span class='ocrx_word' id='word_1_201' title='bbox 612 2403 1009 2475; x_wconf 85' lang='grc' dir='ltr'><strong>καλλίμαρτυς,</strong></span> <span class='ocrx_word' id='word_1_202' title='bbox 1057 2403 1510 2474; x_wconf 82' lang='grc' dir='ltr'><strong>παρθενόμαρτυς</strong></span> <span class='ocrx_word' id='word_1_203' title='bbox 1553 2403 1645 2456; x_wconf 73' lang='grc' dir='ltr'><strong>καὶ</strong></span> <span class='ocrx_word' id='word_1_204' title='bbox 1686 2401 1897 2473; x_wconf 81' lang='grc' dir='ltr'><strong>πρωτό-</strong></span> 
     </span>
    </p>
   </div>
   <div class='ocr_carea' id='block_1_30' title="bbox 323 2494 1894 2566">
    <p class='ocr_par' dir='ltr' id='par_1_30' title="bbox 323 2494 1894 2566">
     <span class='ocr_line' id='line_1_30' title="bbox 323 2494 1894 2566; baseline -0.001 -18"><span class='ocrx_word' id='word_1_205' title='bbox 323 2510 568 2565; x_wconf 77' lang='grc' dir='ltr'><strong>μαρτυς’</strong></span> <span class='ocrx_word' id='word_1_206' title='bbox 599 2496 682 2549; x_wconf 83' lang='grc' dir='ltr'><strong>ὅτι</strong></span> <span class='ocrx_word' id='word_1_207' title='bbox 725 2497 821 2566; x_wconf 80' lang='grc' dir='ltr'><strong>οὐχ</strong></span> <span class='ocrx_word' id='word_1_208' title='bbox 872 2496 947 2558; x_wconf 82' lang='grc' dir='ltr'><strong>ὡς</strong></span> <span class='ocrx_word' id='word_1_209' title='bbox 983 2495 1082 2549; x_wconf 75' lang='grc' dir='ltr'><strong>ἕνα</strong></span> <span class='ocrx_word' id='word_1_210' title='bbox 1133 2494 1242 2549; x_wconf 88' lang='grc' dir='ltr'><strong>τῶν</strong></span> <span class='ocrx_word' id='word_1_211' title='bbox 1287 2496 1395 2548; x_wconf 76' lang='grc' dir='ltr'><strong>ἀπὸ</strong></span> <span class='ocrx_word' id='word_1_212' title='bbox 1436 2495 1540 2566; x_wconf 81' lang='grc' dir='ltr'><strong>γῆς</strong></span> <span class='ocrx_word' id='word_1_213' title='bbox 1570 2494 1894 2566; x_wconf 83' lang='grc' dir='ltr'><strong>ἀνθρώπων,</strong></span> 
     </span>
    </p>
   </div>
   <div class='ocr_carea' id='block_1_31' title="bbox 321 2586 1897 2658">
    <p class='ocr_par' dir='ltr' id='par_1_31' title="bbox 321 2586 1897 2658">
     <span class='ocr_line' id='line_1_31' title="bbox 321 2586 1897 2658; baseline 0 -20"><span class='ocrx_word' id='word_1_214' title='bbox 321 2587 440 2639; x_wconf 80' lang='grc' dir='ltr'><strong>ἀλλ’</strong></span> <span class='ocrx_word' id='word_1_215' title='bbox 499 2586 576 2650; x_wconf 86' lang='grc' dir='ltr'><strong>ὡς</strong></span> <span class='ocrx_word' id='word_1_216' title='bbox 624 2586 855 2655; x_wconf 70' lang='grc' dir='ltr'><strong>ἄγγελον</strong></span> <span class='ocrx_word' id='word_1_217' title='bbox 896 2587 1067 2652; x_wconf 83' lang='grc' dir='ltr'><strong>Θεοῦ,</strong></span> <span class='ocrx_word' id='word_1_218' title='bbox 1116 2587 1191 2650; x_wconf 78' lang='grc' dir='ltr'><strong>ὡς</strong></span> <span class='ocrx_word' id='word_1_219' title='bbox 1235 2587 1467 2658; x_wconf 78' lang='grc' dir='ltr'><strong>Χριστὸν</strong></span> <span class='ocrx_word' id='word_1_220' title='bbox 1522 2587 1750 2657; x_wconf 82' lang='grc' dir='ltr'><strong>Ἰησοῦν,</strong></span> <span class='ocrx_word' id='word_1_221' title='bbox 1806 2587 1897 2639; x_wconf 77' lang='grc' dir='ltr'><strong>τὸν</strong></span> 
     </span>
    </p>
   </div>
   <div class='ocr_carea' id='block_1_32' title="bbox 322 2676 1898 2748">
    <p class='ocr_par' dir='ltr' id='par_1_32' title="bbox 322 2676 1898 2748">
     <span class='ocr_line' id='line_1_32' title="bbox 322 2676 1898 2748; baseline 0 -20"><span class='ocrx_word' id='word_1_222' title='bbox 322 2677 466 2729; x_wconf 78' lang='grc' dir='ltr'><strong>θεῖον</strong></span> <span class='ocrx_word' id='word_1_223' title='bbox 493 2677 762 2747; x_wconf 79' lang='grc' dir='ltr'><strong>δεξαμένη</strong></span> <span class='ocrx_word' id='word_1_224' title='bbox 792 2677 1002 2731; x_wconf 83' lang='grc' dir='ltr'><strong>Παῦλον</strong></span> <span class='ocrx_word' id='word_1_225' title='bbox 1021 2695 1034 2709; x_wconf 76' lang='grc' dir='ltr'><strong>ο</strong></span> <span class='ocrx_word' id='word_1_226' title='bbox 1061 2678 1157 2731; x_wconf 73' lang='grc' dir='ltr'><strong>καὶ</strong></span> <span class='ocrx_word' id='word_1_227' title='bbox 1181 2678 1256 2740; x_wconf 82' lang='grc' dir='ltr'><strong>ὡς</strong></span> <span class='ocrx_word' id='word_1_228' title='bbox 1289 2677 1612 2748; x_wconf 83' lang='grc' dir='ltr'><strong>Ἰσραηλῖτις</strong></span> <span class='ocrx_word' id='word_1_229' title='bbox 1630 2677 1776 2748; x_wconf 84' lang='grc' dir='ltr'><strong>ψυχὴ</strong></span> <span class='ocrx_word' id='word_1_230' title='bbox 1804 2676 1898 2729; x_wconf 70' lang='grc' dir='ltr'><strong>καὶ</strong></span> 
     </span>
    </p>
   </div>
   <div class='ocr_carea' id='block_1_33' title="bbox 325 2767 1894 2839">
    <p class='ocr_par' dir='ltr' id='par_1_33' title="bbox 325 2767 1894 2839">
     <span class='ocr_line' id='line_1_33' title="bbox 325 2767 1894 2839; baseline 0 -21"><span class='ocrx_word' id='word_1_231' title='bbox 325 2769 538 2838; x_wconf 78' lang='grc' dir='ltr'><strong>μεγάλη</strong></span> <span class='ocrx_word' id='word_1_232' title='bbox 568 2769 658 2822; x_wconf 77' lang='grc' dir='ltr'><strong>τὸν</strong></span> <span class='ocrx_word' id='word_1_233' title='bbox 707 2771 766 2821; x_wconf 83' lang='grc' dir='ltr'><strong>ἐν</strong></span> <span class='ocrx_word' id='word_1_234' title='bbox 803 2767 950 2838; x_wconf 85' lang='grc' dir='ltr'><strong>αὑτῷ</strong></span> <span class='ocrx_word' id='word_1_235' title='bbox 993 2768 1252 2839; x_wconf 80' lang='grc' dir='ltr'><strong>διηνεκῶς</strong></span> <span class='ocrx_word' id='word_1_236' title='bbox 1300 2768 1589 2839; x_wconf 84' lang='grc' dir='ltr'><strong>καθορῶσα</strong></span> <span class='ocrx_word' id='word_1_237' title='bbox 1642 2768 1894 2838; x_wconf 74' lang='grc' dir='ltr'><strong>Χριστὸν,</strong></span> 
     </span>
    </p>
   </div>
   <div class='ocr_carea' id='block_1_34' title="bbox 320 2857 1898 2930">
    <p class='ocr_par' dir='ltr' id='par_1_34' title="bbox 320 2857 1898 2930">
     <span class='ocr_line' id='line_1_34' title="bbox 320 2857 1898 2930; baseline -0.001 -19"><span class='ocrx_word' id='word_1_238' title='bbox 320 2858 558 2927; x_wconf 53' lang='grc' dir='ltr'><strong>ἑτοίμως</strong></span> <span class='ocrx_word' id='word_1_239' title='bbox 585 2858 684 2926; x_wconf 81' lang='grc' dir='ltr'><strong>τὴν</strong></span> <span class='ocrx_word' id='word_1_240' title='bbox 707 2857 914 2928; x_wconf 72' lang='grc' dir='ltr'><strong>ὑψηλὴν</strong></span> <span class='ocrx_word' id='word_1_241' title='bbox 940 2857 1032 2909; x_wconf 79' lang='grc' dir='ltr'><strong>καὶ</strong></span> <span class='ocrx_word' id='word_1_242' title='bbox 1057 2858 1238 2920; x_wconf 78' lang='grc' dir='ltr'><strong>ζῶσαν</strong></span> <span class='ocrx_word' id='word_1_243' title='bbox 1265 2858 1362 2928; x_wconf 85' lang='grc' dir='ltr'><strong>τῆς</strong></span> <span class='ocrx_word' id='word_1_244' title='bbox 1392 2857 1692 2927; x_wconf 79' lang='grc' dir='ltr'><strong>ἀποστολῆς</strong></span> <span class='ocrx_word' id='word_1_245' title='bbox 1740 2857 1898 2930; x_wconf 85' lang='grc' dir='ltr'><strong>χάριν</strong></span> 
     </span>
    </p>
   </div>
   <div class='ocr_carea' id='block_1_35' title="bbox 324 2946 1197 3018">
    <p class='ocr_par' dir='ltr' id='par_1_35' title="bbox 324 2946 1197 3018">
     <span class='ocr_line' id='line_1_35' title="bbox 324 2946 1197 3018; baseline 0 -18"><span class='ocrx_word' id='word_1_246' title='bbox 324 2947 583 3018; x_wconf 67' lang='grc' dir='ltr'><strong>εὐθύτητι</strong></span> <span class='ocrx_word' id='word_1_247' title='bbox 617 2947 850 3010; x_wconf 78' lang='grc' dir='ltr'><strong>διανοίας</strong></span> <span class='ocrx_word' id='word_1_248' title='bbox 882 2946 1197 3000; x_wconf 73' lang='grc' dir='ltr'><strong>ἐπεσπάσω.</strong></span> 
     </span>
    </p>
   </div>
   <div class='ocr_carea' id='block_1_36' title="bbox 398 3035 1898 3108">
    <p class='ocr_par' dir='ltr' id='par_1_36' title="bbox 398 3035 1898 3108">
     <span class='ocr_line' id='line_1_36' title="bbox 398 3035 1898 3108; baseline -0.002 -17"><span class='ocrx_word' id='word_1_249' title='bbox 398 3039 593 3108; x_wconf 85' lang='grc' dir='ltr'><strong>Χαῖρε.</strong></span> <span class='ocrx_word' id='word_1_250' title='bbox 625 3038 706 3090; x_wconf 80' lang='grc' dir='ltr'><strong>ὅτι</strong></span> <span class='ocrx_word' id='word_1_251' title='bbox 735 3036 947 3106; x_wconf 84' lang='grc' dir='ltr'><strong>ἀληθῶς</strong></span> <span class='ocrx_word' id='word_1_252' title='bbox 977 3037 1035 3088; x_wconf 81' lang='grc' dir='ltr'><strong>ὲν</strong></span> <span class='ocrx_word' id='word_1_253' title='bbox 1072 3035 1292 3108; x_wconf 81' lang='grc' dir='ltr'><strong>Χριστῷ</strong></span> <span class='ocrx_word' id='word_1_254' title='bbox 1321 3037 1414 3089; x_wconf 76' lang='grc' dir='ltr'><strong>καὶ</strong></span> <span class='ocrx_word' id='word_1_255' title='bbox 1446 3036 1582 3106; x_wconf 77' lang='grc' dir='ltr'><strong>αὐτὴ</strong></span> <span class='ocrx_word' id='word_1_256' title='bbox 1610 3037 1898 3107; x_wconf 80' lang='grc' dir='ltr'><strong>νενίκηκας</strong></span> 
     </span>
    </p>
   </div>
   <div class='ocr_carea' id='block_1_37' title="bbox 1987 925 3561 992">
    <p class='ocr_par' dir='ltr' id='par_1_37' title="bbox 1987 925 3561 992">
     <span class='ocr_line' id='line_1_37' title="bbox 1987 925 3561 992; baseline 0 -13"><span class='ocrx_word' id='word_1_257' title='bbox 1987 943 2047 981; x_wconf 85' lang='lat' dir='ltr'><strong>es</strong></span> <span class='ocrx_word' id='word_1_258' title='bbox 2072 927 2139 992; x_wconf 77' lang='grc'><strong>’⁸,</strong></span> <span class='ocrx_word' id='word_1_259' title='bbox 2165 927 2483 981; x_wconf 70' lang='grc' dir='ltr'><strong>οωιεειὼυε</strong></span> <span class='ocrx_word' id='word_1_260' title='bbox 2517 925 2590 980; x_wconf 85' lang='lat' dir='ltr'><strong>illi</strong></span> <span class='ocrx_word' id='word_1_261' title='bbox 2619 941 2684 982; x_wconf 89' lang='lat' dir='ltr'><strong>ac</strong></span> <span class='ocrx_word' id='word_1_262' title='bbox 2715 926 3077 982; x_wconf 81' lang='lat' dir='ltr'><strong>divinissimis</strong></span> <span class='ocrx_word' id='word_1_263' title='bbox 3110 927 3310 982; x_wconf 79' lang='lat' dir='ltr'><strong>eximie</strong></span> <span class='ocrx_word' id='word_1_264' title='bbox 3341 925 3561 980; x_wconf 81' lang='lat' dir='ltr'><strong>eounita</strong></span> 
     </span>
    </p>
   </div>
   <div class='ocr_carea' id='block_1_38' title="bbox 1992 1019 3096 1090">
    <p class='ocr_par' dir='ltr' id='par_1_38' title="bbox 1992 1019 3096 1090">
     <span class='ocr_line' id='line_1_38' title="bbox 1992 1019 3096 1090; baseline 0.002 -18"><span class='ocrx_word' id='word_1_265' title='bbox 1992 1020 2222 1090; x_wconf 83' lang='lat' dir='ltr'><strong>nuptiis,</strong></span> <span class='ocrx_word' id='word_1_266' title='bbox 2256 1035 2318 1072; x_wconf 89' lang='lat' dir='ltr'><strong>ac</strong></span> <span class='ocrx_word' id='word_1_267' title='bbox 2351 1019 2578 1089; x_wconf 75' lang='lat' dir='ltr'><strong>Spiritui</strong></span> <span class='ocrx_word' id='word_1_268' title='bbox 2609 1027 2798 1074; x_wconf 90' lang='lat' dir='ltr'><strong>saneto</strong></span> <span class='ocrx_word' id='word_1_269' title='bbox 2824 1026 3096 1089; x_wconf 80' lang='lat' dir='ltr'><strong>coaptata.</strong></span> 
     </span>
    </p>
   </div>
   <div class='ocr_carea' id='block_1_39' title="bbox 2063 1191 3564 1262">
    <p class='ocr_par' dir='ltr' id='par_1_39' title="bbox 2063 1191 3564 1262">
     <span class='ocr_line' id='line_1_39' title="bbox 2063 1191 3564 1262; baseline -0.001 -16"><span class='ocrx_word' id='word_1_270' title='bbox 2063 1192 2156 1246; x_wconf 88' lang='lat' dir='ltr'><strong>llle</strong></span> <span class='ocrx_word' id='word_1_271' title='bbox 2185 1191 2443 1246; x_wconf 83' lang='lat' dir='ltr'><strong>nimirum</strong></span> <span class='ocrx_word' id='word_1_272' title='bbox 2477 1191 2729 1248; x_wconf 85' lang='lat' dir='ltr'><strong>dicturus</strong></span> <span class='ocrx_word' id='word_1_273' title='bbox 2761 1203 2864 1258; x_wconf 90' lang='lat' dir='ltr'><strong>est,</strong></span> <span class='ocrx_word' id='word_1_274' title='bbox 2897 1208 2994 1262; x_wconf 89' lang='lat' dir='ltr'><strong>pro</strong></span> <span class='ocrx_word' id='word_1_275' title='bbox 3016 1200 3109 1248; x_wconf 90' lang='lat' dir='ltr'><strong>tua</strong></span> <span class='ocrx_word' id='word_1_276' title='bbox 3142 1191 3234 1245; x_wconf 89' lang='lat' dir='ltr'><strong>illa</strong></span> <span class='ocrx_word' id='word_1_277' title='bbox 3258 1191 3564 1246; x_wconf 68' lang='lat' dir='ltr'><strong>Venustatis</strong></span> 
     </span>
    </p>
   </div>
   <div class='ocr_carea' id='block_1_40' title="bbox 1991 1281 3564 1353">
    <p class='ocr_par' dir='ltr' id='par_1_40' title="bbox 1991 1281 3564 1353">
     <span class='ocr_line' id='line_1_40' title="bbox 1991 1281 3564 1353; baseline -0.001 -17"><span class='ocrx_word' id='word_1_278' title='bbox 1991 1281 2166 1336; x_wconf 72' lang='lat' dir='ltr'><strong>forma</strong></span> <span class='ocrx_word' id='word_1_279' title='bbox 2190 1298 2254 1336; x_wconf 89' lang='lat' dir='ltr'><strong>ac</strong></span> <span class='ocrx_word' id='word_1_280' title='bbox 2285 1283 2696 1353; x_wconf 89' lang='lat' dir='ltr'><strong>pulchritudine</strong></span> <span class='ocrx_word' id='word_1_281' title='bbox 2726 1297 2742 1337; x_wconf 89' lang='lat'><strong>:</strong></span> <span class='ocrx_word' id='word_1_282' title='bbox 2777 1283 2912 1338; x_wconf 80' lang='lat' dir='ltr'><strong>Tota</strong></span> <span class='ocrx_word' id='word_1_283' title='bbox 2965 1285 3184 1353; x_wconf 83' lang='lat' dir='ltr'><strong>pulchra</strong></span> <span class='ocrx_word' id='word_1_284' title='bbox 3215 1294 3288 1337; x_wconf 76' lang='lat' dir='ltr'><strong>est</strong></span> <span class='ocrx_word' id='word_1_285' title='bbox 3321 1283 3564 1350; x_wconf 68' lang='lat' dir='ltr'><strong>proxima</strong></span> 
     </span>
    </p>
   </div>
   <div class='ocr_carea' id='block_1_41' title="bbox 1995 1373 3566 1443">
    <p class='ocr_par' dir='ltr' id='par_1_41' title="bbox 1995 1373 3566 1443">
     <span class='ocr_line' id='line_1_41' title="bbox 1995 1373 3566 1443; baseline -0.001 -16"><span class='ocrx_word' id='word_1_286' title='bbox 1995 1391 2108 1428; x_wconf 85' lang='lat' dir='ltr'><strong>mea</strong></span> <span class='ocrx_word' id='word_1_287' title='bbox 2120 1390 2139 1438; x_wconf 88' lang='lat'><strong><em>;</em></strong></span> <span class='ocrx_word' id='word_1_288' title='bbox 2186 1384 2296 1428; x_wconf 89' lang='lat' dir='ltr'><strong>tota</strong></span> <span class='ocrx_word' id='word_1_289' title='bbox 2321 1374 2563 1443; x_wconf 75' lang='lat' dir='ltr'><strong>pulchra,</strong></span> <span class='ocrx_word' id='word_1_290' title='bbox 2584 1384 2638 1430; x_wconf 77' lang='lat' dir='ltr'><strong>et</strong></span> <span class='ocrx_word' id='word_1_291' title='bbox 2659 1375 2868 1429; x_wconf 82' lang='lat' dir='ltr'><strong>macula</strong></span> <span class='ocrx_word' id='word_1_292' title='bbox 2893 1392 2994 1429; x_wconf 84' lang='lat' dir='ltr'><strong>non</strong></span> <span class='ocrx_word' id='word_1_293' title='bbox 3013 1385 3093 1430; x_wconf 74' lang='lat' dir='ltr'><strong>est</strong></span> <span class='ocrx_word' id='word_1_294' title='bbox 3127 1376 3177 1428; x_wconf 75' lang='lat' dir='ltr'><strong>in</strong></span> <span class='ocrx_word' id='word_1_295' title='bbox 3207 1385 3274 1428; x_wconf 82' lang='lat' dir='ltr'><strong>te.</strong></span> <span class='ocrx_word' id='word_1_296' title='bbox 3309 1375 3460 1428; x_wconf 82' lang='lat' dir='ltr'><strong>Oculi</strong></span> <span class='ocrx_word' id='word_1_297' title='bbox 3491 1373 3566 1427; x_wconf 81' lang='lat' dir='ltr'><strong>tui</strong></span> 
     </span>
    </p>
   </div>
   <div class='ocr_carea' id='block_1_42' title="bbox 1991 1465 3560 1537">
    <p class='ocr_par' dir='ltr' id='par_1_42' title="bbox 1991 1465 3560 1537">
     <span class='ocr_line' id='line_1_42' title="bbox 1991 1465 3560 1537; baseline 0 -17"><span class='ocrx_word' id='word_1_298' title='bbox 1991 1465 2249 1521; x_wconf 70' lang='lat' dir='ltr'><strong>columba:</strong></span> <span class='ocrx_word' id='word_1_299' title='bbox 2272 1468 2338 1520; x_wconf 69' lang='lat'><strong>7’.</strong></span> <span class='ocrx_word' id='word_1_300' title='bbox 2379 1465 2506 1521; x_wconf 67' lang='lat' dir='ltr'><strong>Haec</strong></span> <span class='ocrx_word' id='word_1_301' title='bbox 2530 1467 2624 1522; x_wconf 88' lang='lat' dir='ltr'><strong>tibi</strong></span> <span class='ocrx_word' id='word_1_302' title='bbox 2659 1482 2872 1537; x_wconf 89' lang='lat' dir='ltr'><strong>unaque</strong></span> <span class='ocrx_word' id='word_1_303' title='bbox 2900 1467 2969 1522; x_wconf 85' lang='lat' dir='ltr'><strong>ab</strong></span> <span class='ocrx_word' id='word_1_304' title='bbox 2997 1482 3064 1522; x_wconf 90' lang='lat' dir='ltr'><strong>eo</strong></span> <span class='ocrx_word' id='word_1_305' title='bbox 3090 1467 3412 1522; x_wconf 87' lang='lat' dir='ltr'><strong>acclamatio</strong></span> <span class='ocrx_word' id='word_1_306' title='bbox 3441 1483 3560 1520; x_wconf 86' lang='lat' dir='ltr'><strong>ma-</strong></span> 
     </span>
    </p>
   </div>
   <div class='ocr_carea' id='block_1_43' title="bbox 1996 1555 3567 1627">
    <p class='ocr_par' dir='ltr' id='par_1_43' title="bbox 1996 1555 3567 1627">
     <span class='ocr_line' id='line_1_43' title="bbox 1996 1555 3567 1627; baseline -0.001 -18"><span class='ocrx_word' id='word_1_307' title='bbox 1996 1557 2079 1626; x_wconf 77' lang='lat' dir='ltr'><strong>gis</strong></span> <span class='ocrx_word' id='word_1_308' title='bbox 2109 1555 2366 1625; x_wconf 84' lang='lat' dir='ltr'><strong>placebit,</strong></span> <span class='ocrx_word' id='word_1_309' title='bbox 2400 1571 2564 1627; x_wconf 90' lang='lat' dir='ltr'><strong>quam</strong></span> <span class='ocrx_word' id='word_1_310' title='bbox 2596 1556 2865 1626; x_wconf 81' lang='lat' dir='ltr'><strong>quidquid</strong></span> <span class='ocrx_word' id='word_1_311' title='bbox 2889 1571 2918 1611; x_wconf 91' lang='lat' dir='ltr'><strong>e</strong></span> <span class='ocrx_word' id='word_1_312' title='bbox 2957 1565 3103 1610; x_wconf 79' lang='lat' dir='ltr'><strong>terra</strong></span> <span class='ocrx_word' id='word_1_313' title='bbox 3137 1556 3387 1612; x_wconf 83' lang='lat' dir='ltr'><strong>homines</strong></span> <span class='ocrx_word' id='word_1_314' title='bbox 3418 1556 3567 1626; x_wconf 83' lang='lat' dir='ltr'><strong>loqui</strong></span> 
     </span>
    </p>
   </div>
   <div class='ocr_carea' id='block_1_44' title="bbox 2000 1648 3568 1720">
    <p class='ocr_par' dir='ltr' id='par_1_44' title="bbox 2000 1648 3568 1720">
     <span class='ocr_line' id='line_1_44' title="bbox 2000 1648 3568 1720; baseline 0.003 -22"><span class='ocrx_word' id='word_1_315' title='bbox 2000 1650 2236 1716; x_wconf 72' lang='lat' dir='ltr'><strong>possint.</strong></span> <span class='ocrx_word' id='word_1_316' title='bbox 2289 1648 2542 1720; x_wconf 73' lang='lat' dir='ltr'><strong>Magnum</strong></span> <span class='ocrx_word' id='word_1_317' title='bbox 2577 1665 2708 1706; x_wconf 86' lang='lat' dir='ltr'><strong>vero</strong></span> <span class='ocrx_word' id='word_1_318' title='bbox 2748 1650 2849 1719; x_wconf 85' lang='lat' dir='ltr'><strong>ipsi</strong></span> <span class='ocrx_word' id='word_1_319' title='bbox 2898 1650 3187 1712; x_wconf 82' lang='lat' dir='ltr'><strong>ducamus,</strong></span> <span class='ocrx_word' id='word_1_320' title='bbox 3230 1649 3273 1704; x_wconf 89' lang='lat' dir='ltr'><strong>si</strong></span> <span class='ocrx_word' id='word_1_321' title='bbox 3305 1649 3386 1703; x_wconf 88' lang='lat' dir='ltr'><strong>vel</strong></span> <span class='ocrx_word' id='word_1_322' title='bbox 3416 1663 3445 1702; x_wconf 92' lang='lat' dir='ltr'><strong>a</strong></span> <span class='ocrx_word' id='word_1_323' title='bbox 3477 1657 3568 1702; x_wconf 80' lang='lat' dir='ltr'><strong>tua</strong></span> 
     </span>
    </p>
   </div>
   <div class='ocr_carea' id='block_1_45' title="bbox 1998 1739 3566 1812">
    <p class='ocr_par' dir='ltr' id='par_1_45' title="bbox 1998 1739 3566 1812">
     <span class='ocr_line' id='line_1_45' title="bbox 1998 1739 3566 1812; baseline 0 -20"><span class='ocrx_word' id='word_1_324' title='bbox 1998 1742 2187 1810; x_wconf 82' lang='lat' dir='ltr'><strong>procul</strong></span> <span class='ocrx_word' id='word_1_325' title='bbox 2229 1741 2634 1812; x_wconf 75' lang='lat' dir='ltr'><strong>magniﬁcentia</strong></span> <span class='ocrx_word' id='word_1_326' title='bbox 2679 1742 3134 1804; x_wconf 79' lang='lat' dir='ltr'><strong>consistentes&quot;,</strong></span> <span class='ocrx_word' id='word_1_327' title='bbox 3171 1741 3336 1810; x_wconf 84' lang='lat' dir='ltr'><strong>inque</strong></span> <span class='ocrx_word' id='word_1_328' title='bbox 3393 1739 3566 1793; x_wconf 86' lang='lat' dir='ltr'><strong>solam</strong></span> 
     </span>
    </p>
   </div>
   <div class='ocr_carea' id='block_1_46' title="bbox 2013 1832 3568 1904">
    <p class='ocr_par' dir='ltr' id='par_1_46' title="bbox 2013 1832 3568 1904">
     <span class='ocr_line' id='line_1_46' title="bbox 2013 1832 3568 1904; baseline -0.003 -16"><span class='ocrx_word' id='word_1_329' title='bbox 2013 1843 2214 1888; x_wconf 65' lang='lat' dir='ltr'><strong>saneta!</strong></span> <span class='ocrx_word' id='word_1_330' title='bbox 2242 1841 2350 1887; x_wconf 68' lang='lat' dir='ltr'><strong>tua:</strong></span> <span class='ocrx_word' id='word_1_331' title='bbox 2373 1832 2624 1901; x_wconf 76' lang='lat' dir='ltr'><strong>imaginis</strong></span> <span class='ocrx_word' id='word_1_332' title='bbox 2663 1832 2892 1904; x_wconf 73' lang='lat' dir='ltr'><strong>efﬁgiem</strong></span> <span class='ocrx_word' id='word_1_333' title='bbox 2929 1834 3116 1887; x_wconf 85' lang='lat' dir='ltr'><strong>oculos</strong></span> <span class='ocrx_word' id='word_1_334' title='bbox 3163 1839 3568 1896; x_wconf 82' lang='lat' dir='ltr'><strong>convertentes,</strong></span> 
     </span>
    </p>
   </div>
   <div class='ocr_carea' id='block_1_47' title="bbox 1991 1922 3566 2000">
    <p class='ocr_par' dir='ltr' id='par_1_47' title="bbox 1991 1922 3566 2000">
     <span class='ocr_line' id='line_1_47' title="bbox 1991 1922 3566 2000; baseline -0.002 -22"><span class='ocrx_word' id='word_1_335' title='bbox 1991 1925 2407 2000; x_wconf 77' lang='lat' dir='ltr'><strong>convenientem</strong></span> <span class='ocrx_word' id='word_1_336' title='bbox 2443 1925 2836 1981; x_wconf 81' lang='lat' dir='ltr'><strong>salutationem</strong></span> <span class='ocrx_word' id='word_1_337' title='bbox 2866 1925 3252 1980; x_wconf 89' lang='lat' dir='ltr'><strong>obtulerimus.</strong></span> <span class='ocrx_word' id='word_1_338' title='bbox 3300 1922 3461 1977; x_wconf 88' lang='lat' dir='ltr'><strong>Salve</strong></span> <span class='ocrx_word' id='word_1_339' title='bbox 3489 1923 3566 1976; x_wconf 88' lang='lat' dir='ltr'><strong>sis</strong></span> 
     </span>
    </p>
   </div>
   <div class='ocr_carea' id='block_1_48' title="bbox 1992 2015 3568 2086">
    <p class='ocr_par' dir='ltr' id='par_1_48' title="bbox 1992 2015 3568 2086">
     <span class='ocr_line' id='line_1_48' title="bbox 1992 2015 3568 2086; baseline -0.003 -15"><span class='ocrx_word' id='word_1_340' title='bbox 1992 2016 2537 2086; x_wconf 83' lang='lat' dir='ltr'><strong>supersubstantialis</strong></span> <span class='ocrx_word' id='word_1_341' title='bbox 2565 2015 2852 2071; x_wconf 85' lang='lat' dir='ltr'><strong>Trinitatis</strong></span> <span class='ocrx_word' id='word_1_342' title='bbox 2887 2015 3256 2070; x_wconf 84' lang='lat' dir='ltr'><strong>habitaculum</strong></span> <span class='ocrx_word' id='word_1_343' title='bbox 3284 2029 3351 2068; x_wconf 87' lang='lat' dir='ltr'><strong>ac</strong></span> <span class='ocrx_word' id='word_1_344' title='bbox 3384 2015 3568 2069; x_wconf 87' lang='lat' dir='ltr'><strong>taber-</strong></span> 
     </span>
    </p>
   </div>
   <div class='ocr_carea' id='block_1_49' title="bbox 1995 2105 3564 2175">
    <p class='ocr_par' dir='ltr' id='par_1_49' title="bbox 1995 2105 3564 2175">
     <span class='ocr_line' id='line_1_49' title="bbox 1995 2105 3564 2175; baseline -0.001 -16"><span class='ocrx_word' id='word_1_345' title='bbox 1995 2107 2274 2168; x_wconf 86' lang='lat' dir='ltr'><strong>naculum,</strong></span> <span class='ocrx_word' id='word_1_346' title='bbox 2345 2107 2912 2175; x_wconf 82' lang='lat' dir='ltr'><strong>supermutulanarum</strong></span> <span class='ocrx_word' id='word_1_347' title='bbox 2970 2106 3232 2160; x_wconf 85' lang='lat' dir='ltr'><strong>mentium</strong></span> <span class='ocrx_word' id='word_1_348' title='bbox 3301 2105 3564 2158; x_wconf 76' lang='lat' dir='ltr'><strong>eximium</strong></span> 
     </span>
    </p>
   </div>
   <div class='ocr_carea' id='block_1_50' title="bbox 1993 2196 3567 2267">
    <p class='ocr_par' dir='ltr' id='par_1_50' title="bbox 1993 2196 3567 2267">
     <span class='ocr_line' id='line_1_50' title="bbox 1993 2196 3567 2267; baseline 0.001 -18"><span class='ocrx_word' id='word_1_349' title='bbox 1993 2197 2160 2250; x_wconf 85' lang='lat' dir='ltr'><strong>decus</strong></span> <span class='ocrx_word' id='word_1_350' title='bbox 2193 2208 2249 2251; x_wconf 87' lang='lat' dir='ltr'><strong>et</strong></span> <span class='ocrx_word' id='word_1_351' title='bbox 2279 2198 2598 2263; x_wconf 82' lang='lat' dir='ltr'><strong>exsultatio,</strong></span> <span class='ocrx_word' id='word_1_352' title='bbox 2629 2198 2998 2267; x_wconf 88' lang='lat' dir='ltr'><strong>apostolorum</strong></span> <span class='ocrx_word' id='word_1_353' title='bbox 3022 2197 3274 2267; x_wconf 71' lang='lat' dir='ltr'><strong>gloriatio</strong></span> <span class='ocrx_word' id='word_1_354' title='bbox 3298 2211 3363 2251; x_wconf 87' lang='lat' dir='ltr'><strong>ac</strong></span> <span class='ocrx_word' id='word_1_355' title='bbox 3385 2196 3567 2260; x_wconf 89' lang='lat' dir='ltr'><strong>decor,</strong></span> 
     </span>
    </p>
   </div>
   <div class='ocr_carea' id='block_1_51' title="bbox 1998 2296 2558 2358">
    <p class='ocr_par' dir='ltr' id='par_1_51' title="bbox 1998 2296 2558 2358">
     <span class='ocr_line' id='line_1_51' title="bbox 1998 2296 2558 2358; baseline -0.002 -16"><span class='ocrx_word' id='word_1_356' title='bbox 1998 2296 2298 2358; x_wconf 84' lang='lat' dir='ltr'><strong>martyrum</strong></span> <span class='ocrx_word' id='word_1_357' title='bbox 2332 2302 2558 2341; x_wconf 80' lang='lat' dir='ltr'><strong>corona.</strong></span> 
     </span>
    </p>
   </div>
   <div class='ocr_carea' id='block_1_52' title="bbox 2065 2376 3571 2450">
    <p class='ocr_par' dir='ltr' id='par_1_52' title="bbox 2065 2376 3571 2450">
     <span class='ocr_line' id='line_1_52' title="bbox 2065 2376 3571 2450; baseline 0.002 -21"><span class='ocrx_word' id='word_1_358' title='bbox 2065 2376 2227 2432; x_wconf 84' lang='lat' dir='ltr'><strong>Salve</strong></span> <span class='ocrx_word' id='word_1_359' title='bbox 2252 2378 2356 2444; x_wconf 85' lang='lat' dir='ltr'><strong>sis,</strong></span> <span class='ocrx_word' id='word_1_360' title='bbox 2389 2379 2648 2447; x_wconf 64' lang='lat' dir='ltr'><strong>praeclara</strong></span> <span class='ocrx_word' id='word_1_361' title='bbox 2689 2387 2914 2450; x_wconf 81' lang='lat' dir='ltr'><strong>martyr,</strong></span> <span class='ocrx_word' id='word_1_362' title='bbox 2949 2379 3099 2449; x_wconf 82' lang='lat' dir='ltr'><strong>virgo</strong></span> <span class='ocrx_word' id='word_1_363' title='bbox 3127 2385 3354 2450; x_wconf 84' lang='lat' dir='ltr'><strong>martyr,</strong></span> <span class='ocrx_word' id='word_1_364' title='bbox 3385 2384 3571 2448; x_wconf 62' lang='lat' dir='ltr'><strong>proto»</strong></span> 
     </span>
    </p>
   </div>
   <div class='ocr_carea' id='block_1_53' title="bbox 1996 2471 3565 2540">
    <p class='ocr_par' dir='ltr' id='par_1_53' title="bbox 1996 2471 3565 2540">
     <span class='ocr_line' id='line_1_53' title="bbox 1996 2471 3565 2540; baseline 0.001 -17"><span class='ocrx_word' id='word_1_365' title='bbox 1996 2478 2225 2540; x_wconf 84' lang='lat' dir='ltr'><strong>martyr,</strong></span> <span class='ocrx_word' id='word_1_366' title='bbox 2256 2471 2398 2539; x_wconf 85' lang='lat' dir='ltr'><strong>quod</strong></span> <span class='ocrx_word' id='word_1_367' title='bbox 2432 2486 2542 2525; x_wconf 92' lang='lat' dir='ltr'><strong>non</strong></span> <span class='ocrx_word' id='word_1_368' title='bbox 2567 2472 2714 2526; x_wconf 86' lang='lat' dir='ltr'><strong>velut</strong></span> <span class='ocrx_word' id='word_1_369' title='bbox 2745 2487 2910 2525; x_wconf 90' lang='lat' dir='ltr'><strong>unum</strong></span> <span class='ocrx_word' id='word_1_370' title='bbox 2958 2471 3192 2540; x_wconf 81' lang='lat' dir='ltr'><strong>aliquem</strong></span> <span class='ocrx_word' id='word_1_371' title='bbox 3226 2480 3565 2527; x_wconf 79' lang='lat' dir='ltr'><strong>terrenarum</strong></span> 
     </span>
    </p>
   </div>
   <div class='ocr_carea' id='block_1_54' title="bbox 1997 2561 3569 2634">
    <p class='ocr_par' dir='ltr' id='par_1_54' title="bbox 1997 2561 3569 2634">
     <span class='ocr_line' id='line_1_54' title="bbox 1997 2561 3569 2634; baseline 0.002 -21"><span class='ocrx_word' id='word_1_372' title='bbox 1997 2561 2300 2626; x_wconf 88' lang='lat' dir='ltr'><strong>hominum,</strong></span> <span class='ocrx_word' id='word_1_373' title='bbox 2325 2561 2420 2617; x_wconf 89' lang='lat' dir='ltr'><strong>sed</strong></span> <span class='ocrx_word' id='word_1_374' title='bbox 2457 2571 2517 2617; x_wconf 83' lang='lat' dir='ltr'><strong>ut</strong></span> <span class='ocrx_word' id='word_1_375' title='bbox 2553 2563 2643 2618; x_wconf 85' lang='lat' dir='ltr'><strong>Dei</strong></span> <span class='ocrx_word' id='word_1_376' title='bbox 2669 2564 2949 2634; x_wconf 79' lang='lat' dir='ltr'><strong>angelum,</strong></span> <span class='ocrx_word' id='word_1_377' title='bbox 2975 2573 3033 2618; x_wconf 90' lang='lat' dir='ltr'><strong>ut</strong></span> <span class='ocrx_word' id='word_1_378' title='bbox 3059 2565 3336 2620; x_wconf 82' lang='lat' dir='ltr'><strong>Christum</strong></span> <span class='ocrx_word' id='word_1_379' title='bbox 3360 2563 3569 2631; x_wconf 67' lang='lat' dir='ltr'><strong>Iesum,</strong></span> 
     </span>
    </p>
   </div>
   <div class='ocr_carea' id='block_1_55' title="bbox 1997 2652 3572 2724">
    <p class='ocr_par' dir='ltr' id='par_1_55' title="bbox 1997 2652 3572 2724">
     <span class='ocr_line' id='line_1_55' title="bbox 1997 2652 3572 2724; baseline 0.001 -18"><span class='ocrx_word' id='word_1_380' title='bbox 1997 2653 2246 2709; x_wconf 86' lang='lat' dir='ltr'><strong>divinum</strong></span> <span class='ocrx_word' id='word_1_381' title='bbox 2279 2652 2508 2710; x_wconf 81' lang='lat' dir='ltr'><strong>Paulum</strong></span> <span class='ocrx_word' id='word_1_382' title='bbox 2529 2655 2840 2724; x_wconf 84' lang='lat' dir='ltr'><strong>suscipiens</strong></span> <span class='ocrx_word' id='word_1_383' title='bbox 2871 2655 2942 2718; x_wconf 82' lang='grc'><strong>⁸⁸,</strong></span> <span class='ocrx_word' id='word_1_384' title='bbox 2975 2666 3029 2709; x_wconf 87' lang='lat' dir='ltr'><strong>et</strong></span> <span class='ocrx_word' id='word_1_385' title='bbox 3061 2664 3122 2710; x_wconf 89' lang='lat' dir='ltr'><strong>ut</strong></span> <span class='ocrx_word' id='word_1_386' title='bbox 3153 2656 3334 2710; x_wconf 89' lang='lat' dir='ltr'><strong>anima</strong></span> <span class='ocrx_word' id='word_1_387' title='bbox 3361 2656 3572 2710; x_wconf 79' lang='lat' dir='ltr'><strong>Israeli-</strong></span> 
     </span>
    </p>
   </div>
   <div class='ocr_carea' id='block_1_56' title="bbox 2000 2747 3571 2816">
    <p class='ocr_par' dir='ltr' id='par_1_56' title="bbox 2000 2747 3571 2816">
     <span class='ocr_line' id='line_1_56' title="bbox 2000 2747 3571 2816; baseline 0.004 -20"><span class='ocrx_word' id='word_1_388' title='bbox 2000 2747 2071 2800; x_wconf 89' lang='lat' dir='ltr'><strong>tis</strong></span> <span class='ocrx_word' id='word_1_389' title='bbox 2100 2755 2152 2799; x_wconf 92' lang='lat' dir='ltr'><strong>et</strong></span> <span class='ocrx_word' id='word_1_390' title='bbox 2206 2761 2426 2816; x_wconf 78' lang='lat' dir='ltr'><strong>magna,</strong></span> <span class='ocrx_word' id='word_1_391' title='bbox 2465 2748 2559 2816; x_wconf 89' lang='lat' dir='ltr'><strong>qui</strong></span> <span class='ocrx_word' id='word_1_392' title='bbox 2605 2747 2660 2802; x_wconf 90' lang='lat' dir='ltr'><strong>in</strong></span> <span class='ocrx_word' id='word_1_393' title='bbox 2686 2747 2782 2802; x_wconf 89' lang='lat' dir='ltr'><strong>illo</strong></span> <span class='ocrx_word' id='word_1_394' title='bbox 2809 2756 2949 2814; x_wconf 89' lang='lat' dir='ltr'><strong>erat,</strong></span> <span class='ocrx_word' id='word_1_395' title='bbox 2997 2749 3263 2803; x_wconf 87' lang='lat' dir='ltr'><strong>continue</strong></span> <span class='ocrx_word' id='word_1_396' title='bbox 3295 2748 3571 2802; x_wconf 87' lang='lat' dir='ltr'><strong>Christum</strong></span> 
     </span>
    </p>
   </div>
   <div class='ocr_carea' id='block_1_57' title="bbox 1999 2838 3575 2910">
    <p class='ocr_par' dir='ltr' id='par_1_57' title="bbox 1999 2838 3575 2910">
     <span class='ocr_line' id='line_1_57' title="bbox 1999 2838 3575 2910; baseline 0.004 -22"><span class='ocrx_word' id='word_1_397' title='bbox 1999 2844 2291 2902; x_wconf 84' lang='lat' dir='ltr'><strong>contuens,</strong></span> <span class='ocrx_word' id='word_1_398' title='bbox 2351 2838 2642 2892; x_wconf 85' lang='lat' dir='ltr'><strong>sublimem</strong></span> <span class='ocrx_word' id='word_1_399' title='bbox 2683 2847 2851 2909; x_wconf 89' lang='lat' dir='ltr'><strong>atque</strong></span> <span class='ocrx_word' id='word_1_400' title='bbox 2901 2841 3176 2894; x_wconf 80' lang='lat' dir='ltr'><strong>viventem</strong></span> <span class='ocrx_word' id='word_1_401' title='bbox 3234 2843 3575 2910; x_wconf 81' lang='lat' dir='ltr'><strong>apostolatus</strong></span> 
     </span>
    </p>
   </div>
   <div class='ocr_carea' id='block_1_58' title="bbox 1999 2929 3426 3001">
    <p class='ocr_par' dir='ltr' id='par_1_58' title="bbox 1999 2929 3426 3001">
     <span class='ocr_line' id='line_1_58' title="bbox 1999 2929 3426 3001; baseline 0.004 -23"><span class='ocrx_word' id='word_1_402' title='bbox 1999 2930 2225 2996; x_wconf 77' lang='lat' dir='ltr'><strong>gratiam</strong></span> <span class='ocrx_word' id='word_1_403' title='bbox 2261 2929 2457 2983; x_wconf 90' lang='lat' dir='ltr'><strong>mentis</strong></span> <span class='ocrx_word' id='word_1_404' title='bbox 2486 2929 2830 2994; x_wconf 81' lang='lat' dir='ltr'><strong>rectitudine,</strong></span> <span class='ocrx_word' id='word_1_405' title='bbox 2859 2943 3105 3001; x_wconf 84' lang='lat' dir='ltr'><strong>prompte</strong></span> <span class='ocrx_word' id='word_1_406' title='bbox 3132 2932 3426 2987; x_wconf 80' lang='lat' dir='ltr'><strong>attraxisti.</strong></span> 
     </span>
    </p>
   </div>
   <div class='ocr_carea' id='block_1_59' title="bbox 2089 3018 3569 3092">
    <p class='ocr_par' dir='ltr' id='par_1_59' title="bbox 2089 3018 3569 3092">
     <span class='ocr_line' id='line_1_59' title="bbox 2089 3018 3569 3092; baseline 0.004 -20"><span class='ocrx_word' id='word_1_407' title='bbox 2089 3018 2251 3074; x_wconf 86' lang='lat' dir='ltr'><strong>Salve</strong></span> <span class='ocrx_word' id='word_1_408' title='bbox 2281 3020 2380 3086; x_wconf 89' lang='lat' dir='ltr'><strong>sis,</strong></span> <span class='ocrx_word' id='word_1_409' title='bbox 2415 3022 2559 3090; x_wconf 89' lang='lat' dir='ltr'><strong>quod</strong></span> <span class='ocrx_word' id='word_1_410' title='bbox 2591 3029 2647 3075; x_wconf 81' lang='lat' dir='ltr'><strong>et</strong></span> <span class='ocrx_word' id='word_1_411' title='bbox 2674 3022 2788 3092; x_wconf 90' lang='lat' dir='ltr'><strong>ipsa</strong></span> <span class='ocrx_word' id='word_1_412' title='bbox 2817 3039 2944 3079; x_wconf 81' lang='lat' dir='ltr'><strong>vere</strong></span> <span class='ocrx_word' id='word_1_413' title='bbox 2967 3024 3023 3078; x_wconf 90' lang='lat' dir='ltr'><strong>in</strong></span> <span class='ocrx_word' id='word_1_414' title='bbox 3051 3024 3275 3080; x_wconf 87' lang='lat' dir='ltr'><strong>Christo</strong></span> <span class='ocrx_word' id='word_1_415' title='bbox 3306 3023 3569 3078; x_wconf 88' lang='lat' dir='ltr'><strong>mundum</strong></span> 
     </span>
    </p>
   </div>
   <div class='ocr_carea' id='block_1_60' title="bbox 323 3109 1920 3210">
    <p class='ocr_par' dir='ltr' id='par_1_60' title="bbox 323 3126 1898 3200">
     <span class='ocr_line' id='line_1_60' title="bbox 323 3126 1898 3200; baseline -0.004 -16"><span class='ocrx_word' id='word_1_416' title='bbox 323 3133 418 3184; x_wconf 81' lang='grc' dir='ltr'><strong>τὸν</strong></span> <span class='ocrx_word' id='word_1_417' title='bbox 445 3130 802 3200; x_wconf 68' lang='grc' dir='ltr'><strong>κόσμονθδιά</strong></span> <span class='ocrx_word' id='word_1_418' title='bbox 843 3129 1011 3200; x_wconf 84' lang='grc' dir='ltr'><strong>πυρὸς</strong></span> <span class='ocrx_word' id='word_1_419' title='bbox 1054 3129 1162 3200; x_wconf 81' lang='grc' dir='ltr'><strong>γὰρ</strong></span> <span class='ocrx_word' id='word_1_420' title='bbox 1209 3129 1638 3197; x_wconf 77' lang='grc' dir='ltr'><strong>ἀκατάφλεκτος,</strong></span> <span class='ocrx_word' id='word_1_421' title='bbox 1696 3127 1790 3181; x_wconf 76' lang='grc' dir='ltr'><strong>καὶ</strong></span> <span class='ocrx_word' id='word_1_422' title='bbox 1832 3126 1898 3180; x_wconf 74' lang='grc' dir='ltr'><strong>δι’</strong></span> 
     </span>
    </p>
   </div>
   <div class='ocr_carea' id='block_1_61' title="bbox 2006 3109 3572 3210">
    <p class='ocr_par' dir='ltr' id='par_1_61' title="bbox 2006 3109 3572 3184">
     <span class='ocr_line' id='line_1_61' title="bbox 2006 3109 3572 3184; baseline 0.002 -21"><span class='ocrx_word' id='word_1_423' title='bbox 2006 3110 2205 3166; x_wconf 86' lang='lat' dir='ltr'><strong>vicisti.</strong></span> <span class='ocrx_word' id='word_1_424' title='bbox 2239 3109 2344 3166; x_wconf 89' lang='lat' dir='ltr'><strong>Per</strong></span> <span class='ocrx_word' id='word_1_425' title='bbox 2378 3113 2555 3182; x_wconf 77' lang='lat' dir='ltr'><strong>ignem</strong></span> <span class='ocrx_word' id='word_1_426' title='bbox 2586 3113 2730 3167; x_wconf 91' lang='lat' dir='ltr'><strong>enim</strong></span> <span class='ocrx_word' id='word_1_427' title='bbox 2766 3114 3134 3176; x_wconf 88' lang='lat' dir='ltr'><strong>ineombusta,</strong></span> <span class='ocrx_word' id='word_1_428' title='bbox 3167 3123 3220 3168; x_wconf 91' lang='lat' dir='ltr'><strong>et</strong></span> <span class='ocrx_word' id='word_1_429' title='bbox 3249 3130 3342 3182; x_wconf 90' lang='lat' dir='ltr'><strong>per</strong></span> <span class='ocrx_word' id='word_1_430' title='bbox 3373 3128 3572 3184; x_wconf 87' lang='lat' dir='ltr'><strong>aquam</strong></span> 
     </span>
    </p>
   </div>
   <div class='ocr_carea' id='block_1_62' title="bbox 327 3220 1898 3291">
    <p class='ocr_par' dir='ltr' id='par_1_62' title="bbox 327 3220 1898 3291">
     <span class='ocr_line' id='line_1_62' title="bbox 327 3220 1898 3291; baseline -0.003 -16"><span class='ocrx_word' id='word_1_431' title='bbox 327 3222 522 3286; x_wconf 79' lang='grc' dir='ltr'><strong>ὓδατος</strong></span> <span class='ocrx_word' id='word_1_432' title='bbox 581 3220 992 3284; x_wconf 71' lang='grc' dir='ltr'><strong>ἀκατάκλυστος</strong></span> <span class='ocrx_word' id='word_1_433' title='bbox 1043 3220 1293 3290; x_wconf 80' lang='grc' dir='ltr'><strong>διῆλθες·</strong></span> <span class='ocrx_word' id='word_1_434' title='bbox 1351 3221 1521 3291; x_wconf 79' lang='grc' dir='ltr'><strong>θῆρας</strong></span> <span class='ocrx_word' id='word_1_435' title='bbox 1570 3221 1898 3290; x_wconf 80' lang='grc' dir='ltr'><strong>ἡμέρωσας,</strong></span> 
     </span>
    </p>
   </div>
   <div class='ocr_carea' id='block_1_63' title="bbox 325 3310 1904 3383">
    <p class='ocr_par' dir='ltr' id='par_1_63' title="bbox 325 3310 1904 3383">
     <span class='ocr_line' id='line_1_63' title="bbox 325 3310 1904 3383; baseline -0.004 -18"><span class='ocrx_word' id='word_1_436' title='bbox 325 3313 560 3383; x_wconf 72' lang='grc' dir='ltr'><strong>ταύρους</strong></span> <span class='ocrx_word' id='word_1_437' title='bbox 587 3311 861 3380; x_wconf 83' lang='grc' dir='ltr'><strong>ἐπράῦνας</strong></span> <span class='ocrx_word' id='word_1_438' title='bbox 883 3329 898 3343; x_wconf 70' lang='grc'><strong><em>⁸</em></strong></span> <span class='ocrx_word' id='word_1_439' title='bbox 931 3315 1023 3365; x_wconf 75' lang='grc' dir='ltr'><strong>καὶ</strong></span> <span class='ocrx_word' id='word_1_440' title='bbox 1069 3311 1345 3379; x_wconf 74' lang='grc' dir='ltr'><strong>συγγενῶν</strong></span> <span class='ocrx_word' id='word_1_441' title='bbox 1392 3311 1589 3380; x_wconf 87' lang='grc' dir='ltr'><strong>μανίαν</strong></span> <span class='ocrx_word' id='word_1_442' title='bbox 1611 3353 1623 3374; x_wconf 92' lang='grc'><strong>,</strong></span> <span class='ocrx_word' id='word_1_443' title='bbox 1655 3310 1747 3362; x_wconf 70' lang='grc' dir='ltr'><strong>καὶ</strong></span> <span class='ocrx_word' id='word_1_444' title='bbox 1775 3310 1904 3378; x_wconf 82' lang='grc' dir='ltr'><strong>ἐρα-</strong></span> 
     </span>
    </p>
   </div>
   <div class='ocr_carea' id='block_1_64' title="bbox 330 3400 1901 3474">
    <p class='ocr_par' dir='ltr' id='par_1_64' title="bbox 330 3400 1901 3474">
     <span class='ocr_line' id='line_1_64' title="bbox 330 3400 1901 3474; baseline -0.003 -17"><span class='ocrx_word' id='word_1_445' title='bbox 330 3406 474 3458; x_wconf 85' lang='grc' dir='ltr'><strong>στῶν</strong></span> <span class='ocrx_word' id='word_1_446' title='bbox 507 3400 724 3474; x_wconf 75' lang='grc' dir='ltr'><strong>οἶστρον</strong></span> <span class='ocrx_word' id='word_1_447' title='bbox 749 3405 1022 3474; x_wconf 77' lang='grc' dir='ltr'><strong>ἀφρόνων,</strong></span> <span class='ocrx_word' id='word_1_448' title='bbox 1059 3405 1153 3458; x_wconf 54' lang='grc' dir='ltr'><strong>καὶ⁵</strong></span> <span class='ocrx_word' id='word_1_449' title='bbox 1187 3403 1469 3474; x_wconf 79' lang='grc' dir='ltr'><strong>ἡγεμόνων</strong></span> <span class='ocrx_word' id='word_1_450' title='bbox 1527 3403 1724 3456; x_wconf 86' lang='grc' dir='ltr'><strong>ἀδίκων</strong></span> <span class='ocrx_word' id='word_1_451' title='bbox 1757 3401 1901 3470; x_wconf 69' lang='grc' dir='ltr'><strong>βίαν,</strong></span> 
     </span>
    </p>
   </div>
   <div class='ocr_carea' id='block_1_65' title="bbox 329 3492 1905 3566">
    <p class='ocr_par' dir='ltr' id='par_1_65' title="bbox 329 3492 1905 3566">
     <span class='ocr_line' id='line_1_65' title="bbox 329 3492 1905 3566; baseline -0.003 -17"><span class='ocrx_word' id='word_1_452' title='bbox 329 3497 424 3550; x_wconf 80' lang='grc' dir='ltr'><strong>καὶ</strong></span> <span class='ocrx_word' id='word_1_453' title='bbox 445 3495 717 3565; x_wconf 75' lang='grc' dir='ltr'><strong>δαιμόνων</strong></span> <span class='ocrx_word' id='word_1_454' title='bbox 747 3497 998 3566; x_wconf 72' lang='grc' dir='ltr'><strong>κρυπτὴν</strong></span> <span class='ocrx_word' id='word_1_455' title='bbox 1033 3495 1299 3557; x_wconf 74' lang='grc' dir='ltr'><strong>ἐπίθεσιν,</strong></span> <span class='ocrx_word' id='word_1_456' title='bbox 1339 3497 1434 3547; x_wconf 78' lang='grc' dir='ltr'><strong>καὶ</strong></span> <span class='ocrx_word' id='word_1_457' title='bbox 1462 3495 1704 3564; x_wconf 82' lang='grc' dir='ltr'><strong>πονηρὰν</strong></span> <span class='ocrx_word' id='word_1_458' title='bbox 1755 3492 1905 3557; x_wconf 75' lang='grc' dir='ltr'><strong>ἐξου-</strong></span> 
     </span>
    </p>
   </div>
   <div class='ocr_carea' id='block_1_66' title="bbox 331 3589 1575 3660">
    <p class='ocr_par' dir='ltr' id='par_1_66' title="bbox 331 3589 1575 3660">
     <span class='ocr_line' id='line_1_66' title="bbox 331 3589 1575 3660; baseline -0.002 -15"><span class='ocrx_word' id='word_1_459' title='bbox 331 3592 454 3645; x_wconf 82' lang='grc' dir='ltr'><strong>σίαν</strong></span> <span class='ocrx_word' id='word_1_460' title='bbox 484 3592 664 3644; x_wconf 79' lang='grc' dir='ltr'><strong>πᾶσαν</strong></span> <span class='ocrx_word' id='word_1_461' title='bbox 689 3589 1047 3654; x_wconf 76' lang='grc' dir='ltr'><strong>ὲξουδένωσας</strong></span> <span class='ocrx_word' id='word_1_462' title='bbox 1080 3589 1176 3644; x_wconf 77' lang='grc' dir='ltr'><strong>καὶ</strong></span> <span class='ocrx_word' id='word_1_463' title='bbox 1206 3589 1575 3660; x_wconf 73' lang='grc' dir='ltr'><strong>κατήρραξας.</strong></span> 
     </span>
    </p>
   </div>
   <div class='ocr_carea' id='block_1_67' title="bbox 402 3766 1903 3839">
    <p class='ocr_par' dir='ltr' id='par_1_67' title="bbox 402 3766 1903 3839">
     <span class='ocr_line' id='line_1_67' title="bbox 402 3766 1903 3839; baseline -0.001 -18"><span class='ocrx_word' id='word_1_464' title='bbox 402 3769 598 3839; x_wconf 85' lang='grc' dir='ltr'><strong>Χαῖρε,</strong></span> <span class='ocrx_word' id='word_1_465' title='bbox 633 3767 832 3833; x_wconf 82' lang='grc' dir='ltr'><strong>Θέκλα,</strong></span> <span class='ocrx_word' id='word_1_466' title='bbox 881 3767 1160 3838; x_wconf 82' lang='grc' dir='ltr'><strong>θεόκλητε,</strong></span> <span class='ocrx_word' id='word_1_467' title='bbox 1194 3767 1254 3819; x_wconf 83' lang='grc' dir='ltr'><strong>τὸ</strong></span> <span class='ocrx_word' id='word_1_468' title='bbox 1295 3766 1650 3838; x_wconf 83' lang='grc' dir='ltr'><strong>χαριέστατον</strong></span> <span class='ocrx_word' id='word_1_469' title='bbox 1690 3783 1863 3836; x_wconf 83' lang='grc' dir='ltr'><strong>ονομα</strong></span> <span class='ocrx_word' id='word_1_470' title='bbox 1886 3783 1903 3797; x_wconf 86' lang='grc'><strong>·</strong></span> 
     </span>
    </p>
   </div>
   <div class='ocr_carea' id='block_1_68' title="bbox 330 3856 1908 3937">
    <p class='ocr_par' dir='ltr' id='par_1_68' title="bbox 330 3856 1908 3937">
     <span class='ocr_line' id='line_1_68' title="bbox 330 3856 1908 3937; baseline -0.001 -25"><span class='ocrx_word' id='word_1_471' title='bbox 330 3861 393 3912; x_wconf 74' lang='grc' dir='ltr'><strong>τὸ</strong></span> <span class='ocrx_word' id='word_1_472' title='bbox 418 3860 746 3930; x_wconf 78' lang='grc' dir='ltr'><strong>τιμιώτατον</strong></span> <span class='ocrx_word' id='word_1_473' title='bbox 773 3859 867 3912; x_wconf 72' lang='grc' dir='ltr'><strong>καὶ</strong></span> <span class='ocrx_word' id='word_1_474' title='bbox 903 3859 1228 3912; x_wconf 83' lang='grc' dir='ltr'><strong>σεπτότατον</strong></span> <span class='ocrx_word' id='word_1_475' title='bbox 1254 3875 1269 3889; x_wconf 75' lang='grc' dir='ltr'><strong>ο</strong></span> <span class='ocrx_word' id='word_1_476' title='bbox 1301 3858 1360 3911; x_wconf 81' lang='grc' dir='ltr'><strong>τὸ</strong></span> <span class='ocrx_word' id='word_1_477' title='bbox 1392 3858 1642 3937; x_wconf 78' lang='grc' dir='ltr'><strong>φίλτατον</strong></span> <span class='ocrx_word' id='word_1_478' title='bbox 1670 3856 1788 3927; x_wconf 84' lang='grc' dir='ltr'><strong>Θεῷ</strong></span> <span class='ocrx_word' id='word_1_479' title='bbox 1817 3858 1908 3910; x_wconf 76' lang='grc' dir='ltr'><strong>καὶ</strong></span> 
     </span>
    </p>
   </div>
   <div class='ocr_carea' id='block_1_69' title="bbox 329 3949 1909 4025">
    <p class='ocr_par' dir='ltr' id='par_1_69' title="bbox 329 3949 1909 4025">
     <span class='ocr_line' id='line_1_69' title="bbox 329 3949 1909 4025; baseline -0.004 -18"><span class='ocrx_word' id='word_1_480' title='bbox 329 3953 640 4025; x_wconf 79' lang='grc' dir='ltr'><strong>ἀνθρώποις</strong></span> <span class='ocrx_word' id='word_1_481' title='bbox 671 3952 765 4005; x_wconf 75' lang='grc' dir='ltr'><strong>καὶ</strong></span> <span class='ocrx_word' id='word_1_482' title='bbox 793 3953 1020 4022; x_wconf 80' lang='grc' dir='ltr'><strong>πρᾶγμα</strong></span> <span class='ocrx_word' id='word_1_483' title='bbox 1050 3953 1142 4005; x_wconf 63' lang='grc' dir='ltr'><strong>κα)⁵</strong></span> <span class='ocrx_word' id='word_1_484' title='bbox 1165 3951 1356 4020; x_wconf 76' lang='grc' dir='ltr'><strong>ὄνομα.</strong></span> <span class='ocrx_word' id='word_1_485' title='bbox 1382 3953 1572 4020; x_wconf 86' lang='grc' dir='ltr'><strong>Χαῖρε,</strong></span> <span class='ocrx_word' id='word_1_486' title='bbox 1601 3951 1679 4003; x_wconf 82' lang='grc' dir='ltr'><strong>ὅτι</strong></span> <span class='ocrx_word' id='word_1_487' title='bbox 1702 3949 1909 4021; x_wconf 72' lang='grc' dir='ltr'><strong>ἤνοιξέν</strong></span> 
     </span>
    </p>
   </div>
   <div class='ocr_carea' id='block_1_70' title="bbox 336 4041 1910 4115">
    <p class='ocr_par' dir='ltr' id='par_1_70' title="bbox 336 4041 1910 4115">
     <span class='ocr_line' id='line_1_70' title="bbox 336 4041 1910 4115; baseline -0.003 -16"><span class='ocrx_word' id='word_1_488' title='bbox 336 4063 420 4099; x_wconf 83' lang='grc' dir='ltr'><strong>σοι</strong></span> <span class='ocrx_word' id='word_1_489' title='bbox 449 4046 548 4115; x_wconf 80' lang='grc' dir='ltr'><strong>τὴν</strong></span> <span class='ocrx_word' id='word_1_490' title='bbox 580 4044 840 4113; x_wconf 83' lang='grc' dir='ltr'><strong>ἀληθινὴν</strong></span> <span class='ocrx_word' id='word_1_491' title='bbox 884 4042 1055 4114; x_wconf 81' lang='grc' dir='ltr'><strong>θύραν</strong></span> <span class='ocrx_word' id='word_1_492' title='bbox 1084 4046 1112 4096; x_wconf 88' lang='grc' dir='ltr'>ὁ</span> <span class='ocrx_word' id='word_1_493' title='bbox 1141 4043 1385 4114; x_wconf 82' lang='grc' dir='ltr'><strong>θυρωρός</strong></span> <span class='ocrx_word' id='word_1_494' title='bbox 1411 4059 1425 4072; x_wconf 83' lang='lat'><strong><em>°</em></strong></span> <span class='ocrx_word' id='word_1_495' title='bbox 1467 4043 1561 4094; x_wconf 77' lang='grc' dir='ltr'><strong>καὶ</strong></span> <span class='ocrx_word' id='word_1_496' title='bbox 1594 4041 1910 4094; x_wconf 73' lang='grc' dir='ltr'><strong>εἰσελθοῦσα</strong></span> 
     </span>
    </p>
   </div>
   <div class='ocr_carea' id='block_1_71' title="bbox 333 4134 1911 4206">
    <p class='ocr_par' dir='ltr' id='par_1_71' title="bbox 333 4134 1911 4206">
     <span class='ocr_line' id='line_1_71' title="bbox 333 4134 1911 4206; baseline -0.001 -16"><span class='ocrx_word' id='word_1_497' title='bbox 333 4139 402 4191; x_wconf 85' lang='grc' dir='ltr'><strong>δι’</strong></span> <span class='ocrx_word' id='word_1_498' title='bbox 432 4137 625 4206; x_wconf 79' lang='grc' dir='ltr'><strong>αὐτῆς,</strong></span> <span class='ocrx_word' id='word_1_499' title='bbox 657 4135 868 4206; x_wconf 78' lang='grc' dir='ltr'><strong>ἐσώθης</strong></span> <span class='ocrx_word' id='word_1_500' title='bbox 891 4151 907 4166; x_wconf 79' lang='grc' dir='ltr'><strong>ο</strong></span> <span class='ocrx_word' id='word_1_501' title='bbox 940 4135 1230 4188; x_wconf 86' lang='grc' dir='ltr'><strong>κάντεῦθεν</strong></span> <span class='ocrx_word' id='word_1_502' title='bbox 1267 4136 1619 4206; x_wconf 82' lang='grc' dir='ltr'><strong>είσερχομένη</strong></span> <span class='ocrx_word' id='word_1_503' title='bbox 1660 4135 1796 4204; x_wconf 74' lang='grc' dir='ltr'><strong>πρὸς</strong></span> <span class='ocrx_word' id='word_1_504' title='bbox 1823 4134 1911 4188; x_wconf 82' lang='grc' dir='ltr'><strong>τὸν</strong></span> 
     </span>
    </p>
   </div>
   <div class='ocr_carea' id='block_1_72' title="bbox 337 4225 1908 4298">
    <p class='ocr_par' dir='ltr' id='par_1_72' title="bbox 337 4225 1908 4298">
     <span class='ocr_line' id='line_1_72' title="bbox 337 4225 1908 4298; baseline -0.003 -16"><span class='ocrx_word' id='word_1_505' title='bbox 337 4230 451 4282; x_wconf 81' lang='grc' dir='ltr'><strong>ἀνω</strong></span> <span class='ocrx_word' id='word_1_506' title='bbox 483 4227 832 4298; x_wconf 73' lang='grc' dir='ltr'><strong>παράδεισον,</strong></span> <span class='ocrx_word' id='word_1_507' title='bbox 861 4226 954 4280; x_wconf 60' lang='grc' dir='ltr'><strong>καὶ⁸</strong></span> <span class='ocrx_word' id='word_1_508' title='bbox 994 4226 1063 4278; x_wconf 83' lang='grc' dir='ltr'><strong>τὰ</strong></span> <span class='ocrx_word' id='word_1_509' title='bbox 1097 4227 1153 4279; x_wconf 83' lang='grc' dir='ltr'><strong>ἐν</strong></span> <span class='ocrx_word' id='word_1_510' title='bbox 1199 4225 1346 4293; x_wconf 81' lang='grc' dir='ltr'><strong>αὐτῷ</strong></span> <span class='ocrx_word' id='word_1_511' title='bbox 1387 4226 1776 4295; x_wconf 79' lang='grc' dir='ltr'><strong>μακαριώτατα</strong></span> <span class='ocrx_word' id='word_1_512' title='bbox 1817 4225 1908 4278; x_wconf 88' lang='grc' dir='ltr'><strong>τοῦ</strong></span> 
     </span>
    </p>
   </div>
   <div class='ocr_carea' id='block_1_73' title="bbox 335 4315 1915 4388">
    <p class='ocr_par' dir='ltr' id='par_1_73' title="bbox 335 4315 1915 4388">
     <span class='ocr_line' id='line_1_73' title="bbox 335 4315 1915 4388; baseline -0.001 -19"><span class='ocrx_word' id='word_1_513' title='bbox 335 4317 527 4388; x_wconf 75' lang='grc' dir='ltr'><strong>νοητοῦ</strong></span> <span class='ocrx_word' id='word_1_514' title='bbox 578 4317 829 4386; x_wconf 85' lang='grc' dir='ltr'><strong>Νυμφίου</strong></span> <span class='ocrx_word' id='word_1_515' title='bbox 887 4315 1056 4386; x_wconf 77' lang='grc' dir='ltr'><strong>κάλλη</strong></span> <span class='ocrx_word' id='word_1_516' title='bbox 1104 4318 1196 4369; x_wconf 67' lang='grc' dir='ltr'><strong>καὶ</strong></span> <span class='ocrx_word' id='word_1_517' title='bbox 1247 4316 1526 4386; x_wconf 82' lang='grc' dir='ltr'><strong>οεἀματα’</strong></span> <span class='ocrx_word' id='word_1_518' title='bbox 1565 4316 1668 4369; x_wconf 81' lang='grc' dir='ltr'><strong>καὶ.</strong></span> <span class='ocrx_word' id='word_1_519' title='bbox 1695 4317 1915 4387; x_wconf 79' lang='grc' dir='ltr'><strong>ἐξερχο-</strong></span> 
     </span>
    </p>
   </div>
   <div class='ocr_carea' id='block_1_74' title="bbox 341 4410 1912 4482">
    <p class='ocr_par' dir='ltr' id='par_1_74' title="bbox 341 4410 1912 4482">
     <span class='ocr_line' id='line_1_74' title="bbox 341 4410 1912 4482; baseline -0.001 -20"><span class='ocrx_word' id='word_1_520' title='bbox 341 4411 477 4482; x_wconf 81' lang='grc' dir='ltr'><strong>μένη</strong></span> <span class='ocrx_word' id='word_1_521' title='bbox 495 4410 550 4462; x_wconf 80' lang='grc' dir='ltr'><strong>δὲ</strong></span> <span class='ocrx_word' id='word_1_522' title='bbox 578 4410 715 4480; x_wconf 71' lang='grc' dir='ltr'><strong>πρὸς</strong></span> <span class='ocrx_word' id='word_1_523' title='bbox 744 4411 838 4479; x_wconf 83' lang='grc' dir='ltr'><strong>τὴν</strong></span> <span class='ocrx_word' id='word_1_524' title='bbox 854 4410 1085 4480; x_wconf 86' lang='grc' dir='ltr'><strong>θεωρίαν</strong></span> <span class='ocrx_word' id='word_1_525' title='bbox 1102 4411 1199 4478; x_wconf 78' lang='grc' dir='ltr'><strong>τῆς</strong></span> <span class='ocrx_word' id='word_1_526' title='bbox 1232 4410 1774 4478; x_wconf 82' lang='grc' dir='ltr'><strong>ὲγκατατεταγμένης</strong></span> <span class='ocrx_word' id='word_1_527' title='bbox 1801 4410 1912 4471; x_wconf 87' lang='grc' dir='ltr'><strong>τοῖς</strong></span> 
     </span>
    </p>
   </div>
   <div class='ocr_carea' id='block_1_75' title="bbox 2006 3203 3573 3270">
    <p class='ocr_par' dir='ltr' id='par_1_75' title="bbox 2006 3203 3573 3270">
     <span class='ocr_line' id='line_1_75' title="bbox 2006 3203 3573 3270; baseline 0.001 -14"><span class='ocrx_word' id='word_1_528' title='bbox 2006 3203 2351 3257; x_wconf 85' lang='lat' dir='ltr'><strong>insuhmersa</strong></span> <span class='ocrx_word' id='word_1_529' title='bbox 2381 3204 2630 3259; x_wconf 86' lang='lat' dir='ltr'><strong>transisti</strong></span> <span class='ocrx_word' id='word_1_530' title='bbox 2651 3223 2663 3269; x_wconf 92' lang='lat'><strong>;</strong></span> <span class='ocrx_word' id='word_1_531' title='bbox 2684 3205 3174 3270; x_wconf 81' lang='lat' dir='ltr'><strong>bestiaseicurasti,</strong></span> <span class='ocrx_word' id='word_1_532' title='bbox 3202 3215 3389 3260; x_wconf 90' lang='lat' dir='ltr'><strong>tauros</strong></span> <span class='ocrx_word' id='word_1_533' title='bbox 3417 3220 3573 3258; x_wconf 87' lang='lat' dir='ltr'><strong>man-</strong></span> 
     </span>
    </p>
   </div>
   <div class='ocr_carea' id='block_1_76' title="bbox 2007 3291 3577 3362">
    <p class='ocr_par' dir='ltr' id='par_1_76' title="bbox 2007 3291 3577 3362">
     <span class='ocr_line' id='line_1_76' title="bbox 2007 3291 3577 3362; baseline 0.001 -17"><span class='ocrx_word' id='word_1_534' title='bbox 2007 3307 2267 3348; x_wconf 72' lang='lat' dir='ltr'><strong>suescere</strong></span> <span class='ocrx_word' id='word_1_535' title='bbox 2313 3291 2533 3358; x_wconf 77' lang='lat' dir='ltr'><strong>fecisti;</strong></span> <span class='ocrx_word' id='word_1_536' title='bbox 2585 3303 2941 3362; x_wconf 76' lang='lat' dir='ltr'><strong>cognatorum</strong></span> <span class='ocrx_word' id='word_1_537' title='bbox 2996 3295 3258 3355; x_wconf 80' lang='lat' dir='ltr'><strong>furorem,</strong></span> <span class='ocrx_word' id='word_1_538' title='bbox 3313 3294 3577 3362; x_wconf 86' lang='lat' dir='ltr'><strong>insipien-</strong></span> 
     </span>
    </p>
   </div>
   <div class='ocr_carea' id='block_1_77' title="bbox 2007 3386 3574 3455">
    <p class='ocr_par' dir='ltr' id='par_1_77' title="bbox 2007 3386 3574 3455">
     <span class='ocr_line' id='line_1_77' title="bbox 2007 3386 3574 3455; baseline -0.002 -16"><span class='ocrx_word' id='word_1_539' title='bbox 2007 3386 2250 3454; x_wconf 85' lang='lat' dir='ltr'><strong>tiumque</strong></span> <span class='ocrx_word' id='word_1_540' title='bbox 2281 3401 2570 3455; x_wconf 90' lang='lat' dir='ltr'><strong>procorum</strong></span> <span class='ocrx_word' id='word_1_541' title='bbox 2601 3393 2832 3441; x_wconf 72' lang='lat' dir='ltr'><strong>(nstrum</strong></span> <span class='ocrx_word' id='word_1_542' title='bbox 2855 3396 2909 3438; x_wconf 88' lang='lat' dir='ltr'><strong>et</strong></span> <span class='ocrx_word' id='word_1_543' title='bbox 2942 3386 3251 3452; x_wconf 87' lang='lat' dir='ltr'><strong>iniquorqu</strong></span> <span class='ocrx_word' id='word_1_544' title='bbox 3282 3386 3574 3455; x_wconf 62' lang='lat' dir='ltr'><strong>priesid-um</strong></span> 
     </span>
    </p>
   </div>
   <div class='ocr_carea' id='block_1_78' title="bbox 2010 3479 3574 3549">
    <p class='ocr_par' dir='ltr' id='par_1_78' title="bbox 2010 3479 3574 3549">
     <span class='ocr_line' id='line_1_78' title="bbox 2010 3479 3574 3549; baseline 0 -20"><span class='ocrx_word' id='word_1_545' title='bbox 2010 3479 2344 3541; x_wconf 79' lang='lat' dir='ltr'><strong>violentiam,</strong></span> <span class='ocrx_word' id='word_1_546' title='bbox 2378 3479 2796 3549; x_wconf 74' lang='lat' dir='ltr'><strong>dzemonumque</strong></span> <span class='ocrx_word' id='word_1_547' title='bbox 2832 3479 3108 3532; x_wconf 87' lang='lat' dir='ltr'><strong>occultam</strong></span> <span class='ocrx_word' id='word_1_548' title='bbox 3147 3481 3574 3548; x_wconf 71' lang='lat' dir='ltr'><strong>aggres-ionen&#39;t,</strong></span> 
     </span>
    </p>
   </div>
   <div class='ocr_carea' id='block_1_79' title="bbox 2008 3573 3580 3643">
    <p class='ocr_par' dir='ltr' id='par_1_79' title="bbox 2008 3573 3580 3643">
     <span class='ocr_line' id='line_1_79' title="bbox 2008 3573 3580 3643; baseline 0.002 -19"><span class='ocrx_word' id='word_1_549' title='bbox 2008 3586 2173 3639; x_wconf 85' lang='lat' dir='ltr'><strong>atque</strong></span> <span class='ocrx_word' id='word_1_550' title='bbox 2240 3574 2437 3626; x_wconf 78' lang='lat' dir='ltr'><strong>malum</strong></span> <span class='ocrx_word' id='word_1_551' title='bbox 2501 3589 2718 3625; x_wconf 67' lang='lat' dir='ltr'><strong>(inuitem</strong></span> <span class='ocrx_word' id='word_1_552' title='bbox 2774 3579 3099 3643; x_wconf 84' lang='lat' dir='ltr'><strong>potestatem</strong></span> <span class='ocrx_word' id='word_1_553' title='bbox 3147 3573 3467 3626; x_wconf 74' lang='lat' dir='ltr'><strong>destmxisti</strong></span> <span class='ocrx_word' id='word_1_554' title='bbox 3515 3588 3580 3627; x_wconf 75' lang='lat' dir='ltr'><strong>ac</strong></span> 
     </span>
    </p>
   </div>
   <div class='ocr_carea' id='block_1_80' title="bbox 2006 3663 2218 3718">
    <p class='ocr_par' dir='ltr' id='par_1_80' title="bbox 2006 3663 2218 3718">
     <span class='ocr_line' id='line_1_80' title="bbox 2006 3663 2218 3718; baseline -0.009 0"><span class='ocrx_word' id='word_1_555' title='bbox 2006 3663 2218 3718; x_wconf 79' lang='lat' dir='ltr'><strong>elisisti.</strong></span> 
     </span>
    </p>
   </div>
   <div class='ocr_carea' id='block_1_81' title="bbox 2092 3754 3577 3824">
    <p class='ocr_par' dir='ltr' id='par_1_81' title="bbox 2092 3754 3577 3824">
     <span class='ocr_line' id='line_1_81' title="bbox 2092 3754 3577 3824; baseline -0.001 -16"><span class='ocrx_word' id='word_1_556' title='bbox 2092 3756 2205 3809; x_wconf 82' lang='lat' dir='ltr'><strong>Ave</strong></span> <span class='ocrx_word' id='word_1_557' title='bbox 2233 3755 2334 3819; x_wconf 86' lang='lat' dir='ltr'><strong>sis,</strong></span> <span class='ocrx_word' id='word_1_558' title='bbox 2387 3755 2588 3810; x_wconf 84' lang='lat' dir='ltr'><strong>Thecla</strong></span> <span class='ocrx_word' id='word_1_559' title='bbox 2633 3772 2661 3808; x_wconf 85' lang='lat' dir='ltr'><strong>a</strong></span> <span class='ocrx_word' id='word_1_560' title='bbox 2697 3754 2804 3810; x_wconf 78' lang='lat' dir='ltr'><strong>Deo</strong></span> <span class='ocrx_word' id='word_1_561' title='bbox 2850 3762 3064 3818; x_wconf 83' lang='lat' dir='ltr'><strong>vocata,</strong></span> <span class='ocrx_word' id='word_1_562' title='bbox 3121 3755 3577 3824; x_wconf 82' lang='lat' dir='ltr'><strong>graliosissimum</strong></span> 
     </span>
    </p>
   </div>
   <div class='ocr_carea' id='block_1_82' title="bbox 2011 3846 3577 3926">
    <p class='ocr_par' dir='ltr' id='par_1_82' title="bbox 2011 3846 3577 3926">
     <span class='ocr_line' id='line_1_82' title="bbox 2011 3846 3577 3926; baseline 0 -27"><span class='ocrx_word' id='word_1_563' title='bbox 2011 3861 2229 3911; x_wconf 80' lang='lat' dir='ltr'><strong>nomen,</strong></span> <span class='ocrx_word' id='word_1_564' title='bbox 2262 3846 2832 3926; x_wconf 77' lang='lat' dir='ltr'><strong>honoraltilissimqin,</strong></span> <span class='ocrx_word' id='word_1_565' title='bbox 2866 3862 3188 3917; x_wconf 81' lang='lat' dir='ltr'><strong>suunneque</strong></span> <span class='ocrx_word' id='word_1_566' title='bbox 3223 3847 3529 3900; x_wconf 75' lang='lat' dir='ltr'><strong>venerabile</strong></span> <span class='ocrx_word' id='word_1_567' title='bbox 3561 3861 3577 3899; x_wconf 89' lang='lat'>:</span> 
     </span>
    </p>
   </div>
   <div class='ocr_carea' id='block_1_83' title="bbox 2009 3939 3582 4008">
    <p class='ocr_par' dir='ltr' id='par_1_83' title="bbox 2009 3939 3582 4008">
     <span class='ocr_line' id='line_1_83' title="bbox 2009 3939 3582 4008; baseline 0.001 -16"><span class='ocrx_word' id='word_1_568' title='bbox 2009 3939 2461 3992; x_wconf 72' lang='lat' dir='ltr'><strong>amabilissimam</strong></span> <span class='ocrx_word' id='word_1_569' title='bbox 2500 3940 2608 3995; x_wconf 81' lang='lat' dir='ltr'><strong>Dee</strong></span> <span class='ocrx_word' id='word_1_570' title='bbox 2659 3949 2712 3992; x_wconf 90' lang='lat' dir='ltr'><strong>et</strong></span> <span class='ocrx_word' id='word_1_571' title='bbox 2764 3939 3080 3991; x_wconf 82' lang='lat' dir='ltr'><strong>hominilms</strong></span> <span class='ocrx_word' id='word_1_572' title='bbox 3121 3955 3229 3992; x_wconf 89' lang='lat' dir='ltr'><strong>rem</strong></span> <span class='ocrx_word' id='word_1_573' title='bbox 3273 3941 3476 4008; x_wconf 83' lang='lat' dir='ltr'><strong>pariter</strong></span> <span class='ocrx_word' id='word_1_574' title='bbox 3519 3955 3582 3993; x_wconf 82' lang='lat' dir='ltr'><strong>ac</strong></span> 
     </span>
    </p>
   </div>
   <div class='ocr_carea' id='block_1_84' title="bbox 2013 4029 3583 4098">
    <p class='ocr_par' dir='ltr' id='par_1_84' title="bbox 2013 4029 3583 4098">
     <span class='ocr_line' id='line_1_84' title="bbox 2013 4029 3583 4098; baseline -0.001 -14"><span class='ocrx_word' id='word_1_575' title='bbox 2013 4046 2234 4084; x_wconf 85' lang='lat' dir='ltr'><strong>Immen.</strong></span> <span class='ocrx_word' id='word_1_576' title='bbox 2262 4029 2424 4083; x_wconf 86' lang='lat' dir='ltr'><strong>Salve</strong></span> <span class='ocrx_word' id='word_1_577' title='bbox 2464 4030 2564 4094; x_wconf 79' lang='lat' dir='ltr'><strong>sis,</strong></span> <span class='ocrx_word' id='word_1_578' title='bbox 2607 4029 2752 4098; x_wconf 86' lang='lat' dir='ltr'><strong>quod</strong></span> <span class='ocrx_word' id='word_1_579' title='bbox 2787 4031 2882 4082; x_wconf 85' lang='lat' dir='ltr'><strong>tibi</strong></span> <span class='ocrx_word' id='word_1_580' title='bbox 2924 4045 3111 4083; x_wconf 82' lang='lat' dir='ltr'><strong>verum</strong></span> <span class='ocrx_word' id='word_1_581' title='bbox 3163 4030 3361 4084; x_wconf 89' lang='lat' dir='ltr'><strong>ostium</strong></span> <span class='ocrx_word' id='word_1_582' title='bbox 3411 4029 3583 4083; x_wconf 88' lang='lat' dir='ltr'><strong>ostia-</strong></span> 
     </span>
    </p>
   </div>
   <div class='ocr_carea' id='block_1_85' title="bbox 2014 4121 3577 4192">
    <p class='ocr_par' dir='ltr' id='par_1_85' title="bbox 2014 4121 3577 4192">
     <span class='ocr_line' id='line_1_85' title="bbox 2014 4121 3577 4192; baseline -0.003 -15"><span class='ocrx_word' id='word_1_583' title='bbox 2014 4124 2130 4178; x_wconf 89' lang='lat' dir='ltr'><strong>rius</strong></span> <span class='ocrx_word' id='word_1_584' title='bbox 2164 4122 2378 4192; x_wconf 88' lang='lat' dir='ltr'><strong>aperuit</strong></span> <span class='ocrx_word' id='word_1_585' title='bbox 2400 4121 2468 4184; x_wconf 79' lang='lat'><strong>&quot;,</strong></span> <span class='ocrx_word' id='word_1_586' title='bbox 2500 4132 2554 4176; x_wconf 82' lang='lat' dir='ltr'><strong>et</strong></span> <span class='ocrx_word' id='word_1_587' title='bbox 2579 4137 2675 4192; x_wconf 89' lang='lat' dir='ltr'><strong>per</strong></span> <span class='ocrx_word' id='word_1_588' title='bbox 2712 4121 2843 4174; x_wconf 91' lang='lat' dir='ltr'><strong>illud</strong></span> <span class='ocrx_word' id='word_1_589' title='bbox 2888 4122 3152 4190; x_wconf 73' lang='lat' dir='ltr'><strong>ingressa,</strong></span> <span class='ocrx_word' id='word_1_590' title='bbox 3186 4124 3416 4174; x_wconf 89' lang='lat' dir='ltr'><strong>salutem</strong></span> <span class='ocrx_word' id='word_1_591' title='bbox 3443 4136 3577 4173; x_wconf 87' lang='lat' dir='ltr'><strong>eon-</strong></span> 
     </span>
    </p>
   </div>
   <div class='ocr_carea' id='block_1_86' title="bbox 2014 4212 3582 4282">
    <p class='ocr_par' dir='ltr' id='par_1_86' title="bbox 2014 4212 3582 4282">
     <span class='ocr_line' id='line_1_86' title="bbox 2014 4212 3582 4282; baseline -0.004 -12"><span class='ocrx_word' id='word_1_592' title='bbox 2014 4224 2200 4270; x_wconf 84' lang='lat' dir='ltr'><strong>sec-uta</strong></span> <span class='ocrx_word' id='word_1_593' title='bbox 2259 4231 2338 4270; x_wconf 90' lang='lat' dir='ltr'><strong>es.</strong></span> <span class='ocrx_word' id='word_1_594' title='bbox 2373 4214 2612 4282; x_wconf 84' lang='lat' dir='ltr'><strong>Indeque</strong></span> <span class='ocrx_word' id='word_1_595' title='bbox 2654 4214 2897 4282; x_wconf 80' lang='lat' dir='ltr'><strong>ingressa</strong></span> <span class='ocrx_word' id='word_1_596' title='bbox 2940 4214 2993 4267; x_wconf 90' lang='lat' dir='ltr'><strong>in</strong></span> <span class='ocrx_word' id='word_1_597' title='bbox 3037 4214 3309 4267; x_wconf 72' lang='lat' dir='ltr'><strong>ctelestem</strong></span> <span class='ocrx_word' id='word_1_598' title='bbox 3367 4212 3582 4280; x_wconf 85' lang='lat' dir='ltr'><strong>paradi-</strong></span> 
     </span>
    </p>
   </div>
   <div class='ocr_carea' id='block_1_87' title="bbox 2014 4303 3583 4376">
    <p class='ocr_par' dir='ltr' id='par_1_87' title="bbox 2014 4303 3583 4376">
     <span class='ocr_line' id='line_1_87' title="bbox 2014 4303 3583 4376; baseline -0.004 -15"><span class='ocrx_word' id='word_1_599' title='bbox 2014 4323 2158 4372; x_wconf 85' lang='lat' dir='ltr'><strong>sum,</strong></span> <span class='ocrx_word' id='word_1_600' title='bbox 2185 4316 2241 4360; x_wconf 90' lang='lat' dir='ltr'><strong>et</strong></span> <span class='ocrx_word' id='word_1_601' title='bbox 2257 4323 2376 4376; x_wconf 72' lang='lat' dir='ltr'><strong>qua:</strong></span> <span class='ocrx_word' id='word_1_602' title='bbox 2397 4307 2450 4360; x_wconf 93' lang='lat' dir='ltr'><strong>in</strong></span> <span class='ocrx_word' id='word_1_603' title='bbox 2478 4305 2569 4360; x_wconf 87' lang='lat' dir='ltr'><strong>illo</strong></span> <span class='ocrx_word' id='word_1_604' title='bbox 2591 4313 2741 4370; x_wconf 89' lang='lat' dir='ltr'><strong>sunt,</strong></span> <span class='ocrx_word' id='word_1_605' title='bbox 2759 4303 3022 4375; x_wconf 81' lang='lat' dir='ltr'><strong>spiritalis</strong></span> <span class='ocrx_word' id='word_1_606' title='bbox 3045 4303 3243 4374; x_wconf 83' lang='lat' dir='ltr'><strong>Sponsi</strong></span> <span class='ocrx_word' id='word_1_607' title='bbox 3269 4304 3583 4358; x_wconf 80' lang='lat' dir='ltr'><strong>beatissima</strong></span> 
     </span>
    </p>
   </div>
   <div class='ocr_carea' id='block_1_88' title="bbox 2015 4395 3585 4468">
    <p class='ocr_par' dir='ltr' id='par_1_88' title="bbox 2015 4395 3585 4468">
     <span class='ocr_line' id='line_1_88' title="bbox 2015 4395 3585 4468; baseline -0.004 -14"><span class='ocrx_word' id='word_1_608' title='bbox 2015 4399 2211 4454; x_wconf 86' lang='lat' dir='ltr'><strong>decora</strong></span> <span class='ocrx_word' id='word_1_609' title='bbox 2245 4413 2308 4452; x_wconf 89' lang='lat' dir='ltr'><strong>ac</strong></span> <span class='ocrx_word' id='word_1_610' title='bbox 2339 4399 2675 4467; x_wconf 77' lang='lat' dir='ltr'><strong>spectacula,</strong></span> <span class='ocrx_word' id='word_1_611' title='bbox 2700 4412 3029 4468; x_wconf 71' lang='lat' dir='ltr'><strong>egressaque</strong></span> <span class='ocrx_word' id='word_1_612' title='bbox 3053 4396 3116 4448; x_wconf 86' lang='lat' dir='ltr'><strong>ad</strong></span> <span class='ocrx_word' id='word_1_613' title='bbox 3153 4396 3272 4465; x_wconf 86' lang='lat' dir='ltr'><strong>ejus</strong></span> <span class='ocrx_word' id='word_1_614' title='bbox 3304 4395 3585 4465; x_wconf 70' lang='lat' dir='ltr'><strong>sapientiae</strong></span> 
     </span>
    </p>
   </div>
   <div class='ocr_carea' id='block_1_89' title="bbox 338 4489 1920 4572">
    <p class='ocr_par' dir='ltr' id='par_1_89' title="bbox 338 4499 1910 4572">
     <span class='ocr_line' id='line_1_89' title="bbox 338 4499 1910 4572; baseline -0.001 -19"><span class='ocrx_word' id='word_1_615' title='bbox 338 4501 478 4562; x_wconf 81' lang='grc' dir='ltr'><strong>ὅλοις</strong></span> <span class='ocrx_word' id='word_1_616' title='bbox 530 4501 722 4568; x_wconf 81' lang='grc' dir='ltr'><strong>σοφίας</strong></span> <span class='ocrx_word' id='word_1_617' title='bbox 769 4501 863 4553; x_wconf 76' lang='grc' dir='ltr'><strong>καὶ</strong></span> <span class='ocrx_word' id='word_1_618' title='bbox 921 4500 1071 4564; x_wconf 83' lang='grc' dir='ltr'><strong>θείας</strong></span> <span class='ocrx_word' id='word_1_619' title='bbox 1129 4501 1404 4572; x_wconf 77' lang='grc' dir='ltr'><strong>προνοίας,</strong></span> <span class='ocrx_word' id='word_1_620' title='bbox 1455 4501 1641 4571; x_wconf 87' lang='grc' dir='ltr'><strong>ῶσπερ</strong></span> <span class='ocrx_word' id='word_1_621' title='bbox 1701 4499 1910 4570; x_wconf 84' lang='grc' dir='ltr'><strong>ἀγαθὴν</strong></span> 
     </span>
    </p>
   </div>
   <div class='ocr_carea' id='block_1_90' title="bbox 2006 4489 3587 4572">
    <p class='ocr_par' dir='ltr' id='par_1_90' title="bbox 2017 4489 3587 4561">
     <span class='ocr_line' id='line_1_90' title="bbox 2017 4489 3587 4561; baseline -0.003 -16"><span class='ocrx_word' id='word_1_622' title='bbox 2017 4490 2326 4561; x_wconf 61' lang='lat' dir='ltr'><strong>divinaeque</strong></span> <span class='ocrx_word' id='word_1_623' title='bbox 2380 4490 2738 4561; x_wconf 57' lang='lat' dir='ltr'><strong>providentia</strong></span> <span class='ocrx_word' id='word_1_624' title='bbox 2777 4489 3296 4553; x_wconf 86' lang='lat' dir='ltr'><strong>considerationem,</strong></span> <span class='ocrx_word' id='word_1_625' title='bbox 3336 4503 3456 4558; x_wconf 72' lang='lat' dir='ltr'><strong>quae</strong></span> <span class='ocrx_word' id='word_1_626' title='bbox 3495 4504 3587 4542; x_wconf 85' lang='lat' dir='ltr'><strong>re-</strong></span> 
     </span>
    </p>
   </div>
   <div class='ocr_carea' id='block_1_91' title="bbox 339 4589 1906 4664">
    <p class='ocr_par' dir='ltr' id='par_1_91' title="bbox 339 4589 1906 4664">
     <span class='ocr_line' id='line_1_91' title="bbox 339 4589 1906 4664; baseline 0.003 -22"><span class='ocrx_word' id='word_1_627' title='bbox 339 4589 542 4659; x_wconf 79' lang='grc' dir='ltr'><strong>ταύτην</strong></span> <span class='ocrx_word' id='word_1_628' title='bbox 567 4589 840 4658; x_wconf 83' lang='grc' dir='ltr'><strong>εὑρίσκεις</strong></span> <span class='ocrx_word' id='word_1_629' title='bbox 870 4591 957 4644; x_wconf 75' lang='grc' dir='ltr'><strong>ἀεὶ</strong></span> <span class='ocrx_word' id='word_1_630' title='bbox 990 4593 1084 4644; x_wconf 73' lang='grc' dir='ltr'><strong>καὶ</strong></span> <span class='ocrx_word' id='word_1_631' title='bbox 1119 4592 1309 4662; x_wconf 84' lang='grc' dir='ltr'><strong>νοεράν</strong></span> <span class='ocrx_word' id='word_1_632' title='bbox 1353 4591 1520 4662; x_wconf 78' lang='grc' dir='ltr'><strong>νομὴν</strong></span> <span class='ocrx_word' id='word_1_633' title='bbox 1552 4593 1642 4646; x_wconf 68' lang='grc' dir='ltr'><strong>καὶ</strong></span> <span class='ocrx_word' id='word_1_634' title='bbox 1682 4593 1906 4664; x_wconf 81' lang='grc' dir='ltr'><strong>τροφήν.</strong></span> 
     </span>
    </p>
   </div>
   <div class='ocr_carea' id='block_1_92' title="bbox 406 4850 1911 4924">
    <p class='ocr_par' dir='ltr' id='par_1_92' title="bbox 406 4850 1911 4924">
     <span class='ocr_line' id='line_1_92' title="bbox 406 4850 1911 4924; baseline 0.004 -22"><span class='ocrx_word' id='word_1_635' title='bbox 406 4850 604 4920; x_wconf 85' lang='grc' dir='ltr'><strong>Χαῖρε,</strong></span> <span class='ocrx_word' id='word_1_636' title='bbox 642 4851 724 4902; x_wconf 83' lang='grc' dir='ltr'><strong>ὅτι</strong></span> <span class='ocrx_word' id='word_1_637' title='bbox 770 4853 931 4902; x_wconf 77' lang='grc' dir='ltr'><strong>παντὶ</strong></span> <span class='ocrx_word' id='word_1_638' title='bbox 968 4851 1153 4923; x_wconf 86' lang='grc' dir='ltr'><strong>τρόπῳ</strong></span> <span class='ocrx_word' id='word_1_639' title='bbox 1189 4853 1320 4922; x_wconf 59' lang='lat' dir='ltr'><strong>qm</strong></span> <span class='ocrx_word' id='word_1_640' title='bbox 1343 4850 1454 4920; x_wconf 74' lang='grc' dir='ltr'><strong>ῖθης</strong></span> <span class='ocrx_word' id='word_1_641' title='bbox 1479 4869 1494 4882; x_wconf 66' lang='grc' dir='ltr'><strong>υ</strong></span> <span class='ocrx_word' id='word_1_642' title='bbox 1544 4855 1704 4907; x_wconf 73' lang='grc' dir='ltr'><strong>παντὶ</strong></span> <span class='ocrx_word' id='word_1_643' title='bbox 1757 4854 1911 4924; x_wconf 78' lang='grc' dir='ltr'><strong>μέρει</strong></span> 
     </span>
    </p>
   </div>
   <div class='ocr_carea' id='block_1_93' title="bbox 336 4941 1912 5015">
    <p class='ocr_par' dir='ltr' id='par_1_93' title="bbox 336 4941 1912 5015">
     <span class='ocr_line' id='line_1_93' title="bbox 336 4941 1912 5015; baseline 0.004 -24"><span class='ocrx_word' id='word_1_644' title='bbox 336 4941 456 5010; x_wconf 77' lang='grc' dir='ltr'><strong>Θεῷ</strong></span> <span class='ocrx_word' id='word_1_645' title='bbox 484 4941 825 5011; x_wconf 82' lang='grc' dir='ltr'><strong>καθιερώθης</strong></span> <span class='ocrx_word' id='word_1_646' title='bbox 850 4958 863 4970; x_wconf 92' lang='grc'><strong>·</strong></span> <span class='ocrx_word' id='word_1_647' title='bbox 901 4943 1171 5010; x_wconf 83' lang='grc' dir='ltr'><strong>πνεύματι</strong></span> <span class='ocrx_word' id='word_1_648' title='bbox 1214 4943 1313 5013; x_wconf 86' lang='grc' dir='ltr'><strong>μὲν</strong></span> <span class='ocrx_word' id='word_1_649' title='bbox 1353 4945 1411 4995; x_wconf 83' lang='grc' dir='ltr'><strong>ὲν</strong></span> <span class='ocrx_word' id='word_1_650' title='bbox 1441 4945 1685 5013; x_wconf 76' lang='grc' dir='ltr'><strong>οὐρανοῖς</strong></span> <span class='ocrx_word' id='word_1_651' title='bbox 1715 4944 1793 5014; x_wconf 85' lang='grc' dir='ltr'>τῷ</span> <span class='ocrx_word' id='word_1_652' title='bbox 1819 4945 1912 5015; x_wconf 86' lang='grc' dir='ltr'><strong>βα-</strong></span> 
     </span>
    </p>
   </div>
   <div class='ocr_carea' id='block_1_94' title="bbox 343 5030 1906 5107">
    <p class='ocr_par' dir='ltr' id='par_1_94' title="bbox 343 5030 1906 5107">
     <span class='ocr_line' id='line_1_94' title="bbox 343 5030 1906 5107; baseline 0.003 -22"><span class='ocrx_word' id='word_1_653' title='bbox 343 5033 481 5085; x_wconf 85' lang='grc' dir='ltr'><strong>σιλεῖ</strong></span> <span class='ocrx_word' id='word_1_654' title='bbox 501 5030 736 5096; x_wconf 76' lang='grc' dir='ltr'><strong>δεξιόθεν</strong></span> <span class='ocrx_word' id='word_1_655' title='bbox 770 5034 1117 5104; x_wconf 80' lang='grc' dir='ltr'><strong>παρεστῶσα,</strong></span> <span class='ocrx_word' id='word_1_656' title='bbox 1142 5037 1231 5088; x_wconf 71' lang='grc' dir='ltr'><strong>καὶ</strong></span> <span class='ocrx_word' id='word_1_657' title='bbox 1258 5034 1482 5102; x_wconf 69' lang='grc' dir='ltr'><strong>ἔίγιστα</strong></span> <span class='ocrx_word' id='word_1_658' title='bbox 1508 5038 1570 5105; x_wconf 83' lang='grc' dir='ltr'><strong>τῇ</strong></span> <span class='ocrx_word' id='word_1_659' title='bbox 1604 5037 1906 5107; x_wconf 76' lang='grc' dir='ltr'><strong>Θεομήτορι</strong></span> 
     </span>
    </p>
   </div>
   <div class='ocr_carea' id='block_1_95' title="bbox 341 5123 1914 5196">
    <p class='ocr_par' dir='ltr' id='par_1_95' title="bbox 341 5123 1914 5196">
     <span class='ocr_line' id='line_1_95' title="bbox 341 5123 1914 5196; baseline 0.001 -20"><span class='ocrx_word' id='word_1_660' title='bbox 341 5125 434 5177; x_wconf 70' lang='grc' dir='ltr'><strong>καὶ</strong></span> <span class='ocrx_word' id='word_1_661' title='bbox 479 5123 714 5194; x_wconf 78' lang='grc' dir='ltr'><strong>βασιλίδι</strong></span> <span class='ocrx_word' id='word_1_662' title='bbox 759 5125 866 5177; x_wconf 86' lang='grc' dir='ltr'><strong>τῶν</strong></span> <span class='ocrx_word' id='word_1_663' title='bbox 910 5125 1046 5178; x_wconf 81' lang='grc' dir='ltr'><strong>ὅλων</strong></span> <span class='ocrx_word' id='word_1_664' title='bbox 1081 5127 1412 5189; x_wconf 83' lang='grc' dir='ltr'><strong>συνεστῶσα,</strong></span> <span class='ocrx_word' id='word_1_665' title='bbox 1454 5124 1914 5196; x_wconf 73' lang='grc' dir='ltr'><strong>περιϐεϐλημένη,</strong></span> 
     </span>
    </p>
   </div>
   <div class='ocr_carea' id='block_1_96' title="bbox 342 5216 1919 5287">
    <p class='ocr_par' dir='ltr' id='par_1_96' title="bbox 342 5216 1919 5287">
     <span class='ocr_line' id='line_1_96' title="bbox 342 5216 1919 5287; baseline 0.001 -18"><span class='ocrx_word' id='word_1_666' title='bbox 342 5217 771 5286; x_wconf 74' lang='grc' dir='ltr'><strong>πεποικιλμένη⁸</strong></span> <span class='ocrx_word' id='word_1_667' title='bbox 822 5219 920 5286; x_wconf 85' lang='grc' dir='ltr'><strong>τῆς</strong></span> <span class='ocrx_word' id='word_1_668' title='bbox 964 5216 1057 5269; x_wconf 88' lang='grc' dir='ltr'><strong>τοῦ</strong></span> <span class='ocrx_word' id='word_1_669' title='bbox 1108 5216 1466 5286; x_wconf 76' lang='grc' dir='ltr'><strong>ὴγαπημένου</strong></span> <span class='ocrx_word' id='word_1_670' title='bbox 1513 5218 1687 5285; x_wconf 81' lang='grc' dir='ltr'><strong>Λόγου</strong></span> <span class='ocrx_word' id='word_1_671' title='bbox 1726 5219 1919 5287; x_wconf 80' lang='grc' dir='ltr'><strong>νοερᾶς</strong></span> 
     </span>
    </p>
   </div>
   <div class='ocr_carea' id='block_1_97' title="bbox 340 5309 1916 5381">
    <p class='ocr_par' dir='ltr' id='par_1_97' title="bbox 340 5309 1916 5381">
     <span class='ocr_line' id='line_1_97' title="bbox 340 5309 1916 5381; baseline 0.002 -21"><span class='ocrx_word' id='word_1_672' title='bbox 340 5309 675 5379; x_wconf 83' lang='grc' dir='ltr'><strong>ὡραιότητος</strong></span> <span class='ocrx_word' id='word_1_673' title='bbox 703 5310 988 5379; x_wconf 87' lang='grc' dir='ltr'><strong>προσεχῶς</strong></span> <span class='ocrx_word' id='word_1_674' title='bbox 1017 5311 1371 5381; x_wconf 80' lang='grc' dir='ltr'><strong>κατατρυφᾷς</strong></span> <span class='ocrx_word' id='word_1_675' title='bbox 1390 5327 1403 5340; x_wconf 76' lang='grc' dir='ltr'><strong>ο</strong></span> <span class='ocrx_word' id='word_1_676' title='bbox 1446 5312 1511 5381; x_wconf 80' lang='grc' dir='ltr'><strong>τῇ</strong></span> <span class='ocrx_word' id='word_1_677' title='bbox 1553 5310 1698 5381; x_wconf 75' lang='grc' dir='ltr'>ψυχῇ</span> <span class='ocrx_word' id='word_1_678' title='bbox 1728 5310 1804 5373; x_wconf 88' lang='grc' dir='ltr'><strong>δὲ,</strong></span> <span class='ocrx_word' id='word_1_679' title='bbox 1839 5311 1916 5380; x_wconf 83' lang='grc' dir='ltr'><strong>τῷ</strong></span> 
     </span>
    </p>
   </div>
   <div class='ocr_carea' id='block_1_98' title="bbox 343 5393 1915 5474">
    <p class='ocr_par' dir='ltr' id='par_1_98' title="bbox 343 5393 1915 5474">
     <span class='ocr_line' id='line_1_98' title="bbox 343 5393 1915 5474; baseline 0.003 -22"><span class='ocrx_word' id='word_1_680' title='bbox 343 5399 432 5452; x_wconf 88' lang='grc' dir='ltr'><strong>τοῦ</strong></span> <span class='ocrx_word' id='word_1_681' title='bbox 465 5400 603 5454; x_wconf 86' lang='grc' dir='ltr'><strong>Θεοῦ</strong></span> <span class='ocrx_word' id='word_1_682' title='bbox 635 5400 946 5471; x_wconf 81' lang='grc' dir='ltr'><strong>παραδείσῳ</strong></span> <span class='ocrx_word' id='word_1_683' title='bbox 991 5403 1127 5471; x_wconf 88' lang='grc' dir='ltr'><strong>μετά</strong></span> <span class='ocrx_word' id='word_1_684' title='bbox 1154 5404 1247 5455; x_wconf 87' lang='grc' dir='ltr'><strong>τοῦ</strong></span> <span class='ocrx_word' id='word_1_685' title='bbox 1298 5401 1510 5456; x_wconf 89' lang='grc' dir='ltr'><strong>κλεινοῦ</strong></span> <span class='ocrx_word' id='word_1_686' title='bbox 1565 5393 1915 5474; x_wconf 75' lang='grc' dir='ltr'><strong>διατρίϐουσα</strong></span> 
     </span>
    </p>
   </div>
   <div class='ocr_carea' id='block_1_99' title="bbox 345 5488 1915 5567">
    <p class='ocr_par' dir='ltr' id='par_1_99' title="bbox 345 5488 1915 5567">
     <span class='ocr_line' id='line_1_99' title="bbox 345 5488 1915 5567; baseline 0.003 -25"><span class='ocrx_word' id='word_1_687' title='bbox 345 5491 742 5562; x_wconf 82' lang='grc' dir='ltr'><strong>καθηγεμόνος,</strong></span> <span class='ocrx_word' id='word_1_688' title='bbox 779 5494 876 5562; x_wconf 80' lang='grc' dir='ltr'><strong>τῆς</strong></span> <span class='ocrx_word' id='word_1_689' title='bbox 911 5493 1294 5564; x_wconf 85' lang='grc' dir='ltr'><strong>τερπνότητος,</strong></span> <span class='ocrx_word' id='word_1_690' title='bbox 1407 5493 1584 5563; x_wconf 84' lang='grc' dir='ltr'><strong>θέμις,</strong></span> <span class='ocrx_word' id='word_1_691' title='bbox 1615 5493 1724 5547; x_wconf 90' lang='grc' dir='ltr'><strong>τῶν</strong></span> <span class='ocrx_word' id='word_1_692' title='bbox 1751 5493 1915 5548; x_wconf 79' lang='grc' dir='ltr'><strong>αὑτοῦ</strong></span> 
     </span>
    </p>
   </div>
   <div class='ocr_carea' id='block_1_100' title="bbox 346 5585 1916 5660">
    <p class='ocr_par' dir='ltr' id='par_1_100' title="bbox 346 5585 1916 5660">
     <span class='ocr_line' id='line_1_100' title="bbox 346 5585 1916 5660; baseline 0.001 -22"><span class='ocrx_word' id='word_1_693' title='bbox 346 5585 560 5653; x_wconf 82' lang='grc' dir='ltr'><strong>ἀγαθῶν</strong></span> <span class='ocrx_word' id='word_1_694' title='bbox 604 5587 812 5650; x_wconf 82' lang='grc' dir='ltr'><strong>ἀενάως</strong></span> <span class='ocrx_word' id='word_1_695' title='bbox 861 5587 1305 5640; x_wconf 80' lang='grc' dir='ltr'><strong>ἀναπίαπλασαι·</strong></span> <span class='ocrx_word' id='word_1_696' title='bbox 1361 5586 1438 5657; x_wconf 80' lang='grc' dir='ltr'><strong>τῷ</strong></span> <span class='ocrx_word' id='word_1_697' title='bbox 1483 5585 1696 5648; x_wconf 83' lang='grc' dir='ltr'><strong>σώματι</strong></span> <span class='ocrx_word' id='word_1_698' title='bbox 1731 5588 1811 5650; x_wconf 80' lang='grc' dir='ltr'><strong>δὲ,</strong></span> <span class='ocrx_word' id='word_1_699' title='bbox 1848 5591 1916 5660; x_wconf 81' lang='grc' dir='ltr'><strong>τῇ</strong></span> 
     </span>
    </p>
   </div>
   <div class='ocr_carea' id='block_1_101' title="bbox 415 5703 1197 5775">
    <p class='ocr_par' dir='ltr' id='par_1_101' title="bbox 415 5703 1197 5775">
     <span class='ocr_line' id='line_1_101' title="bbox 415 5703 1197 5775; baseline 0.001 -17"><span class='ocrx_word' id='word_1_700' title='bbox 415 5705 457 5775; x_wconf 65' lang='grc' dir='ltr'><strong>’ζτ</strong></span> <span class='ocrx_word' id='word_1_701' title='bbox 479 5705 640 5758; x_wconf 77' lang='lat' dir='ltr'><strong>Cant.</strong></span> <span class='ocrx_word' id='word_1_702' title='bbox 669 5719 751 5764; x_wconf 87' lang='lat' dir='ltr'><strong>nt,</strong></span> <span class='ocrx_word' id='word_1_703' title='bbox 784 5704 834 5775; x_wconf 71' lang='grc' dir='ltr'><strong>ί.</strong></span> <span class='ocrx_word' id='word_1_704' title='bbox 908 5705 955 5737; x_wconf 75' lang='grc'><strong>’⁸</strong></span> <span class='ocrx_word' id='word_1_705' title='bbox 985 5703 1197 5775; x_wconf 84' lang='lat' dir='ltr'><strong>Philipp</strong></span> 
     </span>
    </p>
   </div>
   <div class='ocr_carea' id='block_1_102' title="bbox 351 5771 1504 5840">
    <p class='ocr_par' dir='ltr' id='par_1_102' title="bbox 351 5771 1504 5840">
     <span class='ocr_line' id='line_1_102' title="bbox 351 5771 1504 5840; baseline 0.003 -14"><span class='ocrx_word' id='word_1_706' title='bbox 351 5773 394 5805; x_wconf 81' lang='grc'>⁸³</span> <span class='ocrx_word' id='word_1_707' title='bbox 419 5771 457 5826; x_wconf 87' lang='lat' dir='ltr'><strong>ll</strong></span> <span class='ocrx_word' id='word_1_708' title='bbox 490 5775 619 5829; x_wconf 85' lang='lat' dir='ltr'><strong>Cor.</strong></span> <span class='ocrx_word' id='word_1_709' title='bbox 650 5792 744 5836; x_wconf 81' lang='lat' dir='ltr'><strong>xu,</strong></span> <span class='ocrx_word' id='word_1_710' title='bbox 773 5773 826 5827; x_wconf 66' lang='grc'><strong>4.</strong></span> <span class='ocrx_word' id='word_1_711' title='bbox 902 5776 947 5808; x_wconf 70' lang='grc'>⁸³</span> <span class='ocrx_word' id='word_1_712' title='bbox 981 5771 1389 5840; x_wconf 48' lang='lat' dir='ltr'><strong>Exodl&#39;uXItt,</strong></span> <span class='ocrx_word' id='word_1_713' title='bbox 1415 5775 1504 5830; x_wconf 72' lang='lat'><strong>2|.</strong></span> 
     </span>
    </p>
   </div>
   <div class='ocr_carea' id='block_1_103' title="bbox 1206 5705 1941 5774">
    <p class='ocr_par' dir='ltr' id='par_1_103' title="bbox 1206 5705 1941 5774">
     <span class='ocr_line' id='line_1_103' title="bbox 1206 5705 1941 5774; baseline -0.005 -14"><span class='ocrx_word' id='word_1_714' title='bbox 1206 5747 1217 5760; x_wconf 94' lang='lat'><strong>.</strong></span> <span class='ocrx_word' id='word_1_715' title='bbox 1247 5705 1443 5769; x_wconf 70' lang='grc'><strong>111,⁴12.</strong></span> <span class='ocrx_word' id='word_1_716' title='bbox 1521 5707 1567 5737; x_wconf 74' lang='grc'><strong>⁷⁸³</strong></span> <span class='ocrx_word' id='word_1_717' title='bbox 1594 5707 1753 5762; x_wconf 85' lang='lat' dir='ltr'><strong>Cant.</strong></span> <span class='ocrx_word' id='word_1_718' title='bbox 1785 5724 1856 5774; x_wconf 83' lang='lat' dir='ltr'><strong>tv,</strong></span> <span class='ocrx_word' id='word_1_719' title='bbox 1887 5707 1941 5759; x_wconf 91' lang='lat'><strong>7.</strong></span> 
     </span>
    </p>
   </div>
   <div class='ocr_carea' id='block_1_104' title="bbox 2019 4579 3589 4646">
    <p class='ocr_par' dir='ltr' id='par_1_104' title="bbox 2019 4579 3589 4646">
     <span class='ocr_line' id='line_1_104' title="bbox 2019 4579 3589 4646; baseline -0.004 -10"><span class='ocrx_word' id='word_1_720' title='bbox 2019 4581 2121 4636; x_wconf 86' lang='lat' dir='ltr'><strong>bus</strong></span> <span class='ocrx_word' id='word_1_721' title='bbox 2173 4581 2444 4636; x_wconf 86' lang='lat' dir='ltr'><strong>universis</strong></span> <span class='ocrx_word' id='word_1_722' title='bbox 2476 4581 2700 4642; x_wconf 85' lang='lat' dir='ltr'><strong>inserta</strong></span> <span class='ocrx_word' id='word_1_723' title='bbox 2755 4587 2860 4640; x_wconf 86' lang='lat' dir='ltr'><strong>est,</strong></span> <span class='ocrx_word' id='word_1_724' title='bbox 2903 4579 3051 4631; x_wconf 83' lang='lat' dir='ltr'><strong>velut</strong></span> <span class='ocrx_word' id='word_1_725' title='bbox 3109 4579 3304 4632; x_wconf 88' lang='lat' dir='ltr'><strong>bonam</strong></span> <span class='ocrx_word' id='word_1_726' title='bbox 3372 4593 3589 4646; x_wconf 73' lang='lat' dir='ltr'><strong>semper</strong></span> 
     </span>
    </p>
   </div>
   <div class='ocr_carea' id='block_1_105' title="bbox 2017 4670 3586 4742">
    <p class='ocr_par' dir='ltr' id='par_1_105' title="bbox 2017 4670 3586 4742">
     <span class='ocr_line' id='line_1_105' title="bbox 2017 4670 3586 4742; baseline -0.004 -18"><span class='ocrx_word' id='word_1_727' title='bbox 2017 4687 2080 4726; x_wconf 89' lang='lat' dir='ltr'><strong>ac</strong></span> <span class='ocrx_word' id='word_1_728' title='bbox 2159 4673 2462 4742; x_wconf 86' lang='lat' dir='ltr'><strong>spiritalem</strong></span> <span class='ocrx_word' id='word_1_729' title='bbox 2543 4686 2800 4742; x_wconf 88' lang='lat' dir='ltr'><strong>paseuam</strong></span> <span class='ocrx_word' id='word_1_730' title='bbox 2865 4687 3158 4740; x_wconf 86' lang='lat' dir='ltr'><strong>escamque</strong></span> <span class='ocrx_word' id='word_1_731' title='bbox 3233 4686 3350 4723; x_wconf 87' lang='lat' dir='ltr'><strong>eam</strong></span> <span class='ocrx_word' id='word_1_732' title='bbox 3431 4670 3586 4722; x_wconf 74' lang='lat' dir='ltr'><strong>inve.-</strong></span> 
     </span>
    </p>
   </div>
   <div class='ocr_carea' id='block_1_106' title="bbox 2017 4765 2126 4820">
    <p class='ocr_par' dir='ltr' id='par_1_106' title="bbox 2017 4765 2126 4820">
     <span class='ocr_line' id='line_1_106' title="bbox 2017 4765 2126 4820; baseline -0.018 0"><span class='ocrx_word' id='word_1_733' title='bbox 2017 4765 2126 4820; x_wconf 87' lang='lat' dir='ltr'><strong>nis.</strong></span> 
     </span>
    </p>
   </div>
   <div class='ocr_carea' id='block_1_107' title="bbox 2096 4853 3586 4926">
    <p class='ocr_par' dir='ltr' id='par_1_107' title="bbox 2096 4853 3586 4926">
     <span class='ocr_line' id='line_1_107' title="bbox 2096 4853 3586 4926; baseline -0.003 -16"><span class='ocrx_word' id='word_1_734' title='bbox 2096 4857 2230 4924; x_wconf 68' lang='lat' dir='ltr'><strong>Ave,</strong></span> <span class='ocrx_word' id='word_1_735' title='bbox 2275 4855 2422 4926; x_wconf 82' lang='lat' dir='ltr'><strong>quod</strong></span> <span class='ocrx_word' id='word_1_736' title='bbox 2457 4855 2608 4910; x_wconf 85' lang='lat' dir='ltr'><strong>onmi</strong></span> <span class='ocrx_word' id='word_1_737' title='bbox 2659 4854 2823 4910; x_wconf 89' lang='lat' dir='ltr'><strong>modo</strong></span> <span class='ocrx_word' id='word_1_738' title='bbox 2897 4853 3234 4910; x_wconf 83' lang='lat' dir='ltr'><strong>sanctiﬁcata</strong></span> <span class='ocrx_word' id='word_1_739' title='bbox 3283 4854 3405 4908; x_wconf 84' lang='lat' dir='ltr'><strong>sis:</strong></span> <span class='ocrx_word' id='word_1_740' title='bbox 3439 4854 3586 4907; x_wconf 79' lang='lat' dir='ltr'><strong>oumi</strong></span> 
     </span>
    </p>
   </div>
   <div class='ocr_carea' id='block_1_108' title="bbox 2020 4942 3587 5020">
    <p class='ocr_par' dir='ltr' id='par_1_108' title="bbox 2020 4942 3587 5020">
     <span class='ocr_line' id='line_1_108' title="bbox 2020 4942 3587 5020; baseline -0.004 -21"><span class='ocrx_word' id='word_1_741' title='bbox 2020 4959 2179 5016; x_wconf 86' lang='lat' dir='ltr'><strong>parte</strong></span> <span class='ocrx_word' id='word_1_742' title='bbox 2213 4947 2321 5001; x_wconf 89' lang='lat' dir='ltr'><strong>Deo</strong></span> <span class='ocrx_word' id='word_1_743' title='bbox 2349 4947 2427 5001; x_wconf 92' lang='lat' dir='ltr'><strong>sis</strong></span> <span class='ocrx_word' id='word_1_744' title='bbox 2479 4954 2840 5020; x_wconf 82' lang='lat' dir='ltr'><strong>consecrata;</strong></span> <span class='ocrx_word' id='word_1_745' title='bbox 2873 4943 3066 5012; x_wconf 91' lang='lat' dir='ltr'><strong>spiritu</strong></span> <span class='ocrx_word' id='word_1_746' title='bbox 3101 4943 3318 5012; x_wconf 88' lang='lat' dir='ltr'><strong>quidem</strong></span> <span class='ocrx_word' id='word_1_747' title='bbox 3351 4942 3404 4995; x_wconf 92' lang='lat' dir='ltr'><strong>in</strong></span> <span class='ocrx_word' id='word_1_748' title='bbox 3433 4943 3587 4995; x_wconf 76' lang='lat' dir='ltr'><strong>cretis</strong></span> 
     </span>
    </p>
   </div>
   <div class='ocr_carea' id='block_1_109' title="bbox 2015 5032 3579 5107">
    <p class='ocr_par' dir='ltr' id='par_1_109' title="bbox 2015 5032 3579 5107">
     <span class='ocr_line' id='line_1_109' title="bbox 2015 5032 3579 5107; baseline -0.003 -17"><span class='ocrx_word' id='word_1_749' title='bbox 2015 5037 2148 5107; x_wconf 76' lang='lat' dir='ltr'><strong>Regi</strong></span> <span class='ocrx_word' id='word_1_750' title='bbox 2180 5053 2210 5091; x_wconf 91' lang='lat' dir='ltr'><strong>a</strong></span> <span class='ocrx_word' id='word_1_751' title='bbox 2241 5037 2450 5092; x_wconf 80' lang='lat' dir='ltr'><strong>dextris</strong></span> <span class='ocrx_word' id='word_1_752' title='bbox 2481 5037 2750 5091; x_wconf 89' lang='lat' dir='ltr'><strong>assistens</strong></span> <span class='ocrx_word' id='word_1_753' title='bbox 2776 5037 2846 5103; x_wconf 68' lang='grc' dir='ltr'><strong>δ’,</strong></span> <span class='ocrx_word' id='word_1_754' title='bbox 2878 5035 3233 5105; x_wconf 76' lang='lat' dir='ltr'><strong>proximaque</strong></span> <span class='ocrx_word' id='word_1_755' title='bbox 3284 5033 3376 5088; x_wconf 85' lang='lat' dir='ltr'><strong>Dei</strong></span> <span class='ocrx_word' id='word_1_756' title='bbox 3423 5032 3579 5086; x_wconf 73' lang='lat' dir='ltr'><strong>Matri</strong></span> 
     </span>
    </p>
   </div>
   <div class='ocr_carea' id='block_1_110' title="bbox 2016 5125 3584 5200">
    <p class='ocr_par' dir='ltr' id='par_1_110' title="bbox 2016 5125 3584 5200">
     <span class='ocr_line' id='line_1_110' title="bbox 2016 5125 3584 5200; baseline -0.003 -17"><span class='ocrx_word' id='word_1_757' title='bbox 2016 5139 2178 5200; x_wconf 83' lang='lat' dir='ltr'><strong>atque</strong></span> <span class='ocrx_word' id='word_1_758' title='bbox 2216 5128 2459 5184; x_wconf 91' lang='lat' dir='ltr'><strong>omnium</strong></span> <span class='ocrx_word' id='word_1_759' title='bbox 2489 5126 2710 5198; x_wconf 72' lang='lat' dir='ltr'><strong>Reginae</strong></span> <span class='ocrx_word' id='word_1_760' title='bbox 2764 5128 3096 5188; x_wconf 89' lang='lat' dir='ltr'><strong>consistens,</strong></span> <span class='ocrx_word' id='word_1_761' title='bbox 3147 5125 3584 5188; x_wconf 82' lang='lat' dir='ltr'><strong>circumamieta,</strong></span> 
     </span>
    </p>
   </div>
   <div class='ocr_carea' id='block_1_111' title="bbox 2019 5217 3578 5290">
    <p class='ocr_par' dir='ltr' id='par_1_111' title="bbox 2019 5217 3578 5290">
     <span class='ocr_line' id='line_1_111' title="bbox 2019 5217 3578 5290; baseline -0.003 -15"><span class='ocrx_word' id='word_1_762' title='bbox 2019 5224 2316 5288; x_wconf 83' lang='lat' dir='ltr'><strong>variegata,</strong></span> <span class='ocrx_word' id='word_1_763' title='bbox 2342 5219 2642 5290; x_wconf 68' lang='lat' dir='ltr'><strong>praedilecti</strong></span> <span class='ocrx_word' id='word_1_764' title='bbox 2673 5217 2838 5272; x_wconf 83' lang='lat' dir='ltr'><strong>Verbi</strong></span> <span class='ocrx_word' id='word_1_765' title='bbox 2885 5219 3114 5288; x_wconf 85' lang='lat' dir='ltr'><strong>spiritali</strong></span> <span class='ocrx_word' id='word_1_766' title='bbox 3142 5217 3340 5272; x_wconf 89' lang='lat' dir='ltr'><strong>decore</strong></span> <span class='ocrx_word' id='word_1_767' title='bbox 3395 5217 3578 5270; x_wconf 69' lang='lat' dir='ltr'><strong>imme«</strong></span> 
     </span>
    </p>
   </div>
   <div class='ocr_carea' id='block_1_112' title="bbox 2023 5308 3586 5381">
    <p class='ocr_par' dir='ltr' id='par_1_112' title="bbox 2023 5308 3586 5381">
     <span class='ocr_line' id='line_1_112' title="bbox 2023 5308 3586 5381; baseline -0.003 -14"><span class='ocrx_word' id='word_1_768' title='bbox 2023 5315 2169 5368; x_wconf 88' lang='lat' dir='ltr'><strong>diate</strong></span> <span class='ocrx_word' id='word_1_769' title='bbox 2202 5311 2445 5377; x_wconf 79' lang='lat' dir='ltr'><strong>frueris;</strong></span> <span class='ocrx_word' id='word_1_770' title='bbox 2484 5311 2664 5366; x_wconf 85' lang='lat' dir='ltr'><strong>anima</strong></span> <span class='ocrx_word' id='word_1_771' title='bbox 2726 5326 2877 5374; x_wconf 87' lang='lat' dir='ltr'><strong>vero,</strong></span> <span class='ocrx_word' id='word_1_772' title='bbox 2924 5311 2978 5365; x_wconf 92' lang='lat' dir='ltr'><strong>in</strong></span> <span class='ocrx_word' id='word_1_773' title='bbox 3029 5308 3121 5365; x_wconf 89' lang='lat' dir='ltr'><strong>Dei</strong></span> <span class='ocrx_word' id='word_1_774' title='bbox 3171 5310 3424 5381; x_wconf 86' lang='lat' dir='ltr'><strong>paradiso</strong></span> <span class='ocrx_word' id='word_1_775' title='bbox 3462 5325 3586 5362; x_wconf 89' lang='lat' dir='ltr'><strong>eum</strong></span> 
     </span>
    </p>
   </div>
   <div class='ocr_carea' id='block_1_113' title="bbox 2025 5401 3589 5476">
    <p class='ocr_par' dir='ltr' id='par_1_113' title="bbox 2025 5401 3589 5476">
     <span class='ocr_line' id='line_1_113' title="bbox 2025 5401 3589 5476; baseline -0.003 -16"><span class='ocrx_word' id='word_1_776' title='bbox 2025 5406 2230 5476; x_wconf 86' lang='lat' dir='ltr'><strong>inclyte</strong></span> <span class='ocrx_word' id='word_1_777' title='bbox 2259 5411 2595 5474; x_wconf 64' lang='lat' dir='ltr'><strong>praeceptore</strong></span> <span class='ocrx_word' id='word_1_778' title='bbox 2644 5417 2865 5459; x_wconf 86' lang='lat' dir='ltr'><strong>morans</strong></span> <span class='ocrx_word' id='word_1_779' title='bbox 2893 5403 2962 5467; x_wconf 78' lang='grc'><strong>³³,</strong></span> <span class='ocrx_word' id='word_1_780' title='bbox 3014 5403 3280 5457; x_wconf 90' lang='lat' dir='ltr'><strong>bonorum</strong></span> <span class='ocrx_word' id='word_1_781' title='bbox 3330 5401 3589 5469; x_wconf 86' lang='lat' dir='ltr'><strong>illiusju-</strong></span> 
     </span>
    </p>
   </div>
   <div class='ocr_carea' id='block_1_114' title="bbox 2024 5493 3589 5568">
    <p class='ocr_par' dir='ltr' id='par_1_114' title="bbox 2024 5493 3589 5568">
     <span class='ocr_line' id='line_1_114' title="bbox 2024 5493 3589 5568; baseline -0.003 -14"><span class='ocrx_word' id='word_1_782' title='bbox 2024 5501 2325 5562; x_wconf 90' lang='lat' dir='ltr'><strong>eunditate,</strong></span> <span class='ocrx_word' id='word_1_783' title='bbox 2361 5498 2540 5568; x_wconf 90' lang='lat' dir='ltr'><strong>quoad</strong></span> <span class='ocrx_word' id='word_1_784' title='bbox 2575 5497 2687 5553; x_wconf 84' lang='lat' dir='ltr'><strong>ﬁeri</strong></span> <span class='ocrx_word' id='word_1_785' title='bbox 2732 5503 2935 5568; x_wconf 87' lang='lat' dir='ltr'><strong>potest,</strong></span> <span class='ocrx_word' id='word_1_786' title='bbox 2978 5497 3181 5567; x_wconf 81' lang='lat' dir='ltr'><strong>jugiter</strong></span> <span class='ocrx_word' id='word_1_787' title='bbox 3232 5493 3589 5563; x_wconf 82' lang='lat' dir='ltr'><strong>adimpleris;</strong></span> 
     </span>
    </p>
   </div>
   <div class='ocr_carea' id='block_1_115' title="bbox 2025 5587 3588 5662">
    <p class='ocr_par' dir='ltr' id='par_1_115' title="bbox 2025 5587 3588 5662">
     <span class='ocr_line' id='line_1_115' title="bbox 2025 5587 3588 5662; baseline -0.005 -16"><span class='ocrx_word' id='word_1_788' title='bbox 2025 5606 2251 5662; x_wconf 85' lang='lat' dir='ltr'><strong>corpore</strong></span> <span class='ocrx_word' id='word_1_789' title='bbox 2303 5600 2484 5644; x_wconf 91' lang='lat' dir='ltr'><strong>autem</strong></span> <span class='ocrx_word' id='word_1_790' title='bbox 2527 5596 2678 5661; x_wconf 86' lang='lat' dir='ltr'><strong>petra</strong></span> <span class='ocrx_word' id='word_1_791' title='bbox 2727 5596 3045 5659; x_wconf 72' lang='lat' dir='ltr'><strong>protegente</strong></span> <span class='ocrx_word' id='word_1_792' title='bbox 3074 5587 3140 5652; x_wconf 71' lang='lat'><strong>&#39;“,</strong></span> <span class='ocrx_word' id='word_1_793' title='bbox 3164 5601 3228 5640; x_wconf 90' lang='lat' dir='ltr'><strong>ae</strong></span> <span class='ocrx_word' id='word_1_794' title='bbox 3264 5601 3384 5656; x_wconf 71' lang='lat' dir='ltr'><strong>qua‘</strong></span> <span class='ocrx_word' id='word_1_795' title='bbox 3411 5594 3588 5640; x_wconf 85' lang='lat' dir='ltr'><strong>tecum</strong></span> 
     </span>
    </p>
   </div>
   <div class='ocr_carea' id='block_1_116' title="bbox 2014 5698 3591 5770">
    <p class='ocr_par' dir='ltr' id='par_1_116' title="bbox 2014 5698 3591 5770">
     <span class='ocr_line' id='line_1_116' title="bbox 2014 5698 3591 5770; baseline -0.006 -8"><span class='ocrx_word' id='word_1_796' title='bbox 2014 5708 2062 5740; x_wconf 82' lang='grc'><strong>⁸⁸</strong></span> <span class='ocrx_word' id='word_1_797' title='bbox 2097 5707 2215 5762; x_wconf 85' lang='lat' dir='ltr'><strong>Gal.</strong></span> <span class='ocrx_word' id='word_1_798' title='bbox 2260 5722 2332 5770; x_wconf 89' lang='lat' dir='ltr'><strong>tv,</strong></span> <span class='ocrx_word' id='word_1_799' title='bbox 2362 5706 2445 5759; x_wconf 78' lang='lat' dir='ltr'><strong>N.</strong></span> <span class='ocrx_word' id='word_1_800' title='bbox 2557 5704 2600 5736; x_wconf 76' lang='grc'><strong>⁸⁸</strong></span> <span class='ocrx_word' id='word_1_801' title='bbox 2635 5701 2792 5757; x_wconf 83' lang='lat' dir='ltr'><strong>Joan.</strong></span> <span class='ocrx_word' id='word_1_802' title='bbox 2826 5719 2875 5767; x_wconf 76' lang='grc' dir='ltr'><strong>κ,</strong></span> <span class='ocrx_word' id='word_1_803' title='bbox 2899 5702 2954 5758; x_wconf 69' lang='lat'><strong>2.</strong></span> <span class='ocrx_word' id='word_1_804' title='bbox 3064 5702 3109 5734; x_wconf 82' lang='grc'><strong>⁸¹</strong></span> <span class='ocrx_word' id='word_1_805' title='bbox 3142 5700 3290 5757; x_wconf 87' lang='lat' dir='ltr'><strong>Psal.</strong></span> <span class='ocrx_word' id='word_1_806' title='bbox 3330 5715 3473 5763; x_wconf 69' lang='grc' dir='ltr'><strong>κων,</strong></span> <span class='ocrx_word' id='word_1_807' title='bbox 3502 5698 3591 5754; x_wconf 80' lang='grc'><strong>10.</strong></span> 
     </span>
    </p>
   </div>
  </div>
