4008 6584
431 335 538 397 335

1615 328 1660 387 Ν
1680 329 1912 388 [ΕΕῚἈΕ
1966 326 2492 386 ΡΛΡΙΗΑΟΟΝῌ
3573 327 3673 386 336

438 451 598 506 simul
622 458 703 504 est
737 457 825 502 tua
859 448 1122 511 Ecclesia,
1163 445 1327 498 Deum
1361 443 1416 496 in
1448 458 1510 498 ea
1536 441 1590 495 in
1627 440 1788 495 [luem
1821 453 1993 509 usque

2109 439 2274 506 πέτρᾳ.
2306 438 2692 494 σκεπασθεῐσα.
2727 435 2817 489 καὶ
2857 440 2921 505 τῇ
2957 435 3094 487 κατᾶ
3127 435 3181 486 σὲ
3215 433 3446 488 συνοῦσα
3477 435 3670 506 ἐκκλη-

435 542 762 599 benedicens
795 556 858 594 ac
891 539 1226 610 glot'iticans,
1265 533 1430 591 Deum
1457 543 1765 603 exspectas.

502 809 638 868 Ave,
670 804 812 875 quod
862 802 1135 873 particeps
1167 814 1228 854 es
1263 798 1507 852 omnium
1551 797 1853 850 amicorum
1884 793 1999 848 Dei.

434 901 616 966 Quare
644 897 806 950 ctiam
863 909 984 960 qua:
1017 894 1096 946 sis
1131 905 1258 944 cum
1293 889 1574 955 omnibus,
1596 901 1721 942 cum
1753 885 2005 941 omnibus

437 994 635 1060 pariter
659 988 846 1056 spiritu
869 984 1069 1038 tharis
1098 997 1160 1036 ac
1186 979 1510 1052 gloriﬁcaris
1533 997 1546 1045 ;
1577 994 1697 1033 cum
1725 978 1930 1033 sanctis
1950 985 2003 1032 et

435 1082 616 1151 iustis,
651 1090 705 1133 ut
741 1093 864 1131 vere
897 1083 1085 1128 Sancta
1117 1073 1404 1139 omnisque
1443 1071 1746 1125 sanctitatis
1782 1069 1953 1122 forma
1988 1088 2000 1122 :

431 1189 552 1228 cum
576 1167 886 1240 triumphali
903 1166 1136 1234 agmine,
1156 1173 1212 1217 ut
1234 1180 1350 1234 qua:
1363 1163 1534 1232 prima
1553 1172 1824 1216 certamen
1844 1161 2004 1214 desu-

432 1264 670 1328 dasti,et
694 1263 759 1314 ad
781 1255 1306 1327 martyriumoptima
1326 1254 1518 1323 aliptes
1551 1253 1627 1308 sis
1665 1270 1678 1306 :
1712 1266 1835 1306 cum
1869 1265 1999 1320 apo-

429 1357 584 1411 stolis
607 1362 666 1408 ut
697 1351 936 1422 perfecta
969 1348 1270 1417 apostolus,
1305 1347 1585 1416 ﬁdelisque
1605 1343 1879 1414 Evangelii
1909 1343 2005 1398 ad-

431 1450 680 1503 ministra
708 1459 770 1498 ac
800 1440 1072 1495 industria
1100 1438 1272 1493 socia.

503 1541 574 1594 At
601 1554 669 1592 ne
696 1532 1047 1590 obliviscaris
1069 1545 1254 1585 vocem
1298 1547 1583 1587 servorum
1615 1540 1870 1595 tuorum;
1901 1543 2005 1583 me-

434 1644 661 1700 morque
690 1629 957 1684 bonorum
990 1642 1111 1697 qua:
1130 1626 1285 1696 plena
1313 1640 1476 1679 manu
1502 1624 1762 1691 elargitus
1784 1631 1889 1687 est,
1913 1621 2003 1690 qui

432 1737 648 1777 omnem
681 1721 975 1775 bonitatem
1003 1718 1260 1780 excedit;
1303 1729 1514 1770 memor
1541 1713 1662 1783 ejus
1691 1713 1743 1766 in
1772 1720 1826 1767 te
1853 1713 1999 1766 inex-

2106 529 2216 599 σία,
2246 527 2546 594 εὑλογοῦσὰ
2570 545 2626 580 τε
2652 526 2742 579 τὸν
2771 526 2902 579 Θεὸν
2932 525 3058 596 ἄχρι
3095 525 3285 587 τέλους
3310 528 3366 578 ἐν
3397 526 3557 596 αὐτῇ,
3584 530 3676 580 καὶ

2104 620 2132 670 ὑ
2143 619 2208 671 πὸ
2230 618 2336 672 τῶν
2357 619 2571 671 οἰκείων
2597 617 2962 687 εὐλογουμένη
2987 616 3078 669 καὶ
3095 613 3429 685 δοξαζομένη
3453 615 3676 678 τέκνων,

2105 711 2374 782 προσδέχῃ
2400 709 2490 762 τὸν
2523 709 2678 764 Θεὸν.

2175 805 2368 873 Χαῖρε,
2389 803 2470 856 ὅτι
2501 801 2724 872 μέτοχος
2751 793 2800 853 εἴ
2820 800 3035 853 πάντων
3063 797 3170 851 τῶν
3204 795 3374 866 φίλων
3401 795 3496 850 τοῦ
3520 797 3677 850 Θεοῦ·

2103 895 2180 947 διὸ
2209 895 2304 948 καὶ
2336 894 2474 963 μετὰ
2508 892 2725 947 πάντων
2773 875 2946 954 οὗσαί
2990 891 3123 944 πᾶσι
3169 891 3536 961 συνευφραίνῃ
3585 892 3683 943 καὶ

2106 986 2399 1056 συνδοξάζῃ
2454 984 2873 1054 πνευματικῶς·
2923 985 3035 1042 τοῖς
3076 981 3279 1046 ὁσίοις,
3332 982 3407 1045 ὼς
3463 980 3680 1051 ἀληθῶς

2105 1079 2242 1133 ὁσία.
2298 1079 2390 1132 καὶ
2438 1078 2512 1139 ὡς
2567 1075 2912 1138 ὑποτύπωσις
2967 1074 3148 1140 πάσης
3203 1073 3516 1143 ὁσιότητος·
3567 1077 3682 1135 τοῖς

2105 1171 2444 1239 ἀθλοφόροις,
2493 1169 2567 1230 ὼς
2604 1167 2942 1238 ιπρώταθλος,
2973 1167 3068 1219 καὶ
3123 1165 3200 1229 ὼς
3252 1165 3498 1228 ἀλεῖπτις
3544 1167 3684 1236 πρὸς

2108 1258 2416 1328 μαρτυρίαν
2455 1257 2630 1327 ἀγαθή
2658 1273 2672 1287 ο
2722 1258 2835 1320 τοῖς
2882 1253 3221 1319 ἀποστόλοις,
3265 1255 3342 1317 ὡς
3385 1255 3684 1318 ἀπόστολος

2105 1350 2304 1410 τελεία,
2337 1350 2428 1404 καὶ
2451 1349 2690 1411 διάκονος
2711 1345 2804 1400 τοῦ
2827 1345 3162 1414 Εὑαγγελὶου
3180 1343 3346 1416 πιστὴ
3369 1345 3463 1400 καὶ
3489 1362 3683 1416 συνερ-

2106 1441 2200 1509 γὸς
2228 1440 2400 1506 δεξιά.

2189 1531 2349 1584 ’Δλλὰ
2382 1530 2458 1599 μὴ
2488 1529 2752 1602 ὲπιλὰοῃς
2793 1529 2893 1599 τῆς
2923 1528 3104 1598 φωνῆς
3136 1528 3246 1582 τῶν
3282 1527 3389 1582 σῶν
3415 1528 3640 1582 οἰκετῶν
3661 1544 3680 1558 ο

2110 1617 2406 1688 μνησθεῖσα
2432 1617 2508 1681 δὲ,
2554 1610 2628 1670 ὧν
2672 1616 2974 1686 ἐπλήθυνεν
3023 1618 3080 1669 ὲν
3133 1617 3216 1670 σοὶ
3261 1617 3292 1669 ὁ
3337 1617 3687 1687 ὑπεράγαϐος

2105 1707 2344 1773 ἀγαθῶν,
2385 1706 2684 1776 μνησθεῖσα
2716 1705 2825 1760 τῶν
2848 1705 3150 1778 οἰκτιρμῶν
3179 1703 3342 1758 αὐτοῦ
3369 1704 3477 1756 τῶν
3503 1704 3684 1772 ἀπλη-

435 1813 714 1884 plebilinm
740 1810 1151 1866 miserationum
1179 1825 1193 1875 ;
1215 1809 1330 1878 ipsa
1346 1820 1564 1877 quoque
1596 1805 1651 1859 in
1684 1805 1841 1858 nobis
1860 1803 1999 1856 viam

2109 1797 2295 1865 ρώτων
2323 1797 2401 1858 εἰς
2433 1798 2515 1855 σὲ.
2544 1795 3000 1866 σπλαγχνίσθητι,
3033 1789 3077 1848 ὦ
3105 1794 3408 1864 τρισολὸία,
3429 1794 3524 1846 καὶ
3543 1794 3687 1863 αὑτὴ

433 1910 487 1960 in
519 1905 684 1961 Deum
733 1917 1034 1974 prospera;
1088 1901 1248 1955 [idem
1296 1899 1514 1962 robora,
1566 1910 1629 1950 ac
1669 1909 1821 1966 spem
1865 1908 2000 1948 con-

434 1999 621 2061 tirma;
661 2004 992 2066 gustumque
1039 1993 1094 2047 in
1143 1991 1302 2046 nobis
1360 1988 1630 2059 spiritalis
1661 2000 1725 2040 ac
1771 1986 2001 2042 sincerze

433 2086 738 2142 dilectionis
770 2083 1075 2156 perficiens,
1145 2083 1400 2152 placitum
1425 2082 1576 2136 ellice
1607 2077 1752 2133 Patri
1785 2087 1839 2133 ct
1869 2077 2006 2132 Filio

433 2189 486 2233 et
533 2177 762 2248 Spiritui
821 2184 1028 2239 sancto,
1082 2175 1174 2228 uni
1221 2173 1407 2228 deitati
1457 2179 1511 2226 et
1560 2169 1789 2239 imperio
1844 2179 2006 2240 atque

432 2270 642 2336 virtuti,
678 2281 826 2324 nunc
851 2275 905 2323 et
934 2280 1170 2336 semper,
1212 2275 1264 2319 et
1317 2264 1371 2318 in
1405 2261 1602 2318 saecula
1647 2261 1999 2318 saaculorum.

431 2362 625 2417 Amen.

987 2535 1248 2592 ΟιιΑἸἹΟ
1282 2535 1446 2589 XVII.

436 2631 704 2686 Laudatio
753 2637 950 2684 sancta:
1007 2645 1210 2752 ngna:
1266 2628 1519 2710 martyris
1573 2636 1726 2695 atque
1789 2627 2001 2697 virginis

1101 2709 1372 2752 nastastw.

1101 2709 1372 2753 ηαδιαειω.

513 2789 758 2844 Gloriosa
798 2790 944 2842 dicta
961 2798 1082 2843 sunt
1111 2790 1173 2842 de
1199 2798 1268 2850 te,
1299 2789 1483 2842 civitas
1521 2786 1616 2841 Dei
1646 2787 1728 2840 ⁸⁵1
1762 2787 1837 2841 ait
1874 2787 2002 2842 bea-

447 2883 702 2940 tissimus
737 2881 925 2937 David.
977 2880 1149 2948 Quam
1183 2895 1312 2936 vero
1365 2881 1498 2934 dicit
1553 2879 1644 2936 Dei
1697 2881 1995 2946 civitatem,

535 3019 583 3052 ⁸³
608 3017 747 3074 Psal.
786 3034 1006 3081 Lxxxvt,
1039 3017 1092 3072 5.

2103 1886 2188 1954 ἐφ’
2216 1888 2370 1955 ἡμῖν,
2403 1888 2498 1939 καὶ
2538 1886 2636 1956 τὴν
2666 1886 2800 1956 πρὸς
2833 1885 2968 1939 Θεὸν
3011 1886 3129 1939 ὁδὸν
3161 1884 3554 1949 κατευόδωσον,
3587 1887 3688 1938 καὶ

2102 1977 2200 2047 τὴν
2239 1977 2419 2030 πίστιν
2447 1977 2802 2047 κραταίωσον,
2831 1977 2926 2030 καὶ
2946 1977 3043 2045 τὴν
3062 1975 3251 2028 ἐλπίδα
3274 1974 3526 2045 στήριξον
3546 1991 3560 2004 ⁸
3588 1974 3686 2026 καὶ

2103 2069 2164 2122 τδ
2201 2067 2382 2138 γεῦμα
2437 2067 2540 2138 τῆς
2591 2070 2783 2140 νοερᾶς
2826 2068 2922 2121 καὶ
2973 2066 3308 2138 ἀκραιφνοῦς
3357 2066 3578 2135 ἀγάπης
3623 2067 3683 2118 ἐν

2104 2165 2237 2232 ἡμίν
2271 2161 2768 2231 τελετουργήσασα,
2800 2161 3088 2230 εὐάρεστον
3119 2160 3435 2230 ἀπέργασαι
3463 2158 3541 2228 τῷ
3570 2159 3682 2210 Πα·

2105 2255 2194 2322 τρὶ
2229 2255 2321 2306 καὶ
2369 2253 2444 2322 τῷ
2491 2253 2606 2322 Υίῷ
2653 2253 2748 2305 καὶ
2801 2251 2879 2322 τῷ
2933 2251 3074 2322 ἁγίῳ
3119 2251 3435 2322 Πνεύματι·
3475 2253 3540 2321 τῇ
3583 2252 3684 2320 μιᾷ

2107 2345 2320 2414 Θεότητι
2352 2346 2445 2398 καὶ
2476 2345 2724 2415 βασιλείᾳ
2764 2347 2857 2399 καὶ
2897 2345 3146 2415 δυνάμει,
3195 2345 3290 2398 νῦν
3324 2345 3418 2399 καὶ
3446 2343 3554 2411 ἀεὶ,
3588 2344 3683 2396 καὶ

2105 2442 2182 2501 εἰς
2203 2441 2326 2503 τοὺς
2357 2439 2559 2504 αἰῶνας
2587 2439 2693 2494 τῶν
2719 2439 2950 2492 αἰώνων.
2995 2439 3186 2507 Ἀμήν.

2716 2531 2934 2584 ΛΟΓΟΣ
2964 2532 3026 2583 1Ζ
3049 2571 3064 2585 .

2245 2623 2355 2688 Εἰς,
2379 2625 2490 2693 τὴν
2518 2625 2694 2693 ἁγίαν
2719 2623 3214 2692 μεγῖιλομάρτυρα
3247 2621 3544 2693 παρθένον

2615 2695 2670 2748 Ἀ
2679 2697 3020 2746 ναστασιάν
3053 2694 3188 2764 (70).

2180 2785 2595 2854 Δεδοξασμένα
2633 2785 3027 2850 ἐλαλήθησαν
3067 2783 3198 2849 περὶ
3241 2782 3387 2847 σοῦ,
3422 2784 3460 2850 ἡ
3506 2784 3684 2850 πόλις

2108 2881 2212 2935 τοῦ
2242 2880 2411 2944 Θεοῦ,
2444 2881 2607 2948 φησὶν
2629 2879 2655 2930 ὁ
2685 2875 3100 2946 μακαριώτατος
3126 2875 3289 2928 Δαείδ
3315 2891 3327 2905 ⁸
3360 2875 3479 2928 τίνα
3506 2874 3572 2944 δὴ
3593 2875 3654 2928 λέ

533 3159 623 3227 70)
654 3157 1002 3214 Anastasiam
1067 3156 1454 3227 hanemnnes
1485 3151 1755 3227 seniorem
1791 3157 2005 3227 vocant.
2037 3137 2079 3194 (ἶ
2113 3166 2377 3227 ⁸ιτρνιςοηιιη
2404 3150 2608 3227 regebat
2637 3154 2945 3227 imperium.
2975 3152 3264 3227 Graveque
3286 3151 3422 3205 ineo
3450 3150 3516 3204 ad
3543 3164 3681 3203 con-

436 3219 616 3299 coque
681 3230 1025 3297 distinguunt
1076 3226 1143 3278 ab
1207 3222 1500 3299 An_a_stasia_
1540 3221 1723 3299 vidua,
1779 3219 2005 3273 muliere

435 3291 733 3361 senatoria,
765 3291 885 3367 qua}
941 3310 1098 3366 passa
1145 3303 1231 3367 est
1280 3291 1614 3367 Diocletiano
1657 3291 2005 3367 imperatore,

434 3385 579 3425 anno
609 3360 753 3422 illius
782 3360 998 3422 circiter
1031 3364 1313 3424 vicesimo,
1355 3377 1480 3416 cum
1510 3361 1628 3415 dira
1653 3360 1822 3414 multa
1844 3373 2004 3428 paSsa

433 3451 576 3494 esset
605 3457 633 3492 a
669 3438 786 3490 viro
819 3452 919 3490 suo
947 3435 1155 3499 Publio,
1187 3433 1505 3487 consolante
1525 3445 1645 3484 eam
1675 3440 1864 3484 sancto
1891 3429 2007 3481 viro

434 3509 792 3579 Chrysogono
828 3520 1129 3579 ;_quo_rum
1184 3512 1384 3579 mutuae
1427 3501 1529 3579 sub
1596 3500 1710 3579 haec
1764 3509 2005 3579 tempora

434 3568 946 3656 esstantiepistolzé.
986 3573 1060 3626 De
1109 3572 1324 3656 senipre
1357 3571 1645 3656 Anastasia
1673 3578 1728 3656 et
1776 3568 2003 3656 virgine,

439 3649 545 3702 tilia
603 3637 833 3716 spiritali
884 3653 1085 3716 sanetze
1120 3641 1377 3716 Sophize,_
1413 3641 1478 3694 de
1529 3654 1636 3709 qua
1693 3637 2003 3716 tanta’ha'c

436 3710 674 3780 Nicetas,
703 3715 941 3769 occurrit
1000 3712 1310 3779 scrupulus,
1367 3711 1419 3764 in
1453 3724 1616 3780 quem
1643 3710 1840 3762 mirum
1897 3721 2003 3780 non

440 3777 694 3842 incidisse
731 3785 805 3840 illi
857 3777 1144 3837 annalium
1183 3791 1428 3849 patrem,
1471 3777 1565 3849 qui
1614 3789 1672 3849 et
1725 3780 1847 3849 ips_e_
1887 3777 2006 3845 ejus

438 3859 572 3911 Acta
607 3872 636 3911 a
663 3854 962 3923 Lipomano
991 3861 1044 3906 et
1080 3845 1240 3923 Surio
1276 3845 1657 3923 relata,_'n_otis
1693 3845 1759 3923 ad
1800 3845 1998 3923 Marty-

440 3926 704 3994 rOIOgium
729 3916 980 3988 'Iaudat;
1030 3923 1081 3994 in
1123 3921 1337 3994 quibus
1367 3919 1609 3994 p_e_riu_de_
1631 3934 1695 3974 ac
1728 3919 1780 3972 in
1804 3916 2003 3994 ﬁiceta

439 3998 527 4051 hic
561 3988 770 4058 nostro,
821 4008 982 4063 passa
1035 3988 1238 4063 legitur
1258 3991 1360 4063 sub
1376 3989 1723 4063 Diocletiano
1754 4006 1767 4042 :
1801 3988 2002 4063 Meliten

439 4065 620 4121 Sit-leti
654 4075 707 4119 et
743 4057 856 4133 ipsa
903 4057 1114 4132 Magna,
1160 4061 1262 4133 sub
1294 4059 1581 4115 Valeriano
1615 4076 1630 4133 ;_
1665 4074 1856 4133 exque
1882 4057 2004 4133 illis

436 4127 775 4191 recentiores
802 4127 1058 4187 Romana:
1091 4131 1284 4185 tabula!
1317 4149 1330 4185 :
1365 4146 1486 4184 nam
1525 4127 1760 4197 antiquae
1785 4127 1919 4181 nihil
1941 4129 2004 4179 de

437 4209 537 4261 hac
562 4208 848 4260 Anastasia
904 4203 1124 4266 habent,
1160 4202 1242 4255 vel
1280 4201 1569 4264 liosweidi,
1602 4200 1682 4254 vel
1711 4199 2004 4252 Corbeien—

433 4292 524 4332 scs
552 4275 863 4345 Hieronymi
896 4291 911 4340 ;
949 4285 1004 4326 at
1028 4269 1204 4394 neqtfe
1255 4272 1391 4326 Ado.
1439 4270 1591 4336 Quod
1631 4269 1764 4324 mihi
1803 4268 2004 4322 indicio

434 4357 539 4394 est-
579 4360 674 4394 eos
728 4346 819 4394 uni
880 4357 1053 4394 nuner
1130 4344 1383 4394 iomanas
1439 4342 1650 4394 tabulas
1711 4348 1999 4394 auxerunt,

434 4357 539 4407 est,
579 4360 674 4400 eos
728 4342 819 4411 qui
880 4357 1053 4411 nuper
1107 4342 1383 4396 Romanas
1439 4342 1679 4411 tabulas,
1711 4348 1999 4411 auxerunt,

436 4406 608 4470 Clem.
654 4406 765 4468 V'lll
811 4406 1099 4482 pontiﬁce,
1126 4426 1235 4466 non
1275 4409 1800 4482 aliundehabnisse.
1855 4406 2002 4478 quod

439 4488 512 4540 ita
546 4495 749 4539 asserte
774 4478 829 4535 in
861 4482 941 4536 eis
972 4489 1292 4550 posuerunt,
1333 4482 1399 4535 de
1425 4478 1694 4534 Valeriani
1732 4488 1996 4550 tempore,

437 4570 602 4623 quam
630 4570 696 4608 ex
731 4554 838 4606 illis
873 4549 1204 4623 Graecorum
1246 4550 1523 4623 M_enaeis,_
1547 4563 1666 4623 quae
1719 4549 2007 4623 videndum

437 4618 510 4678 an
547 4624 896 4693 praepolleaut
925 4619 1358 4693 Actisantiquis,
1395 4619 1474 4675 sic
1505 4618 1800 4693 Lipomano
1829 4618 2010 4693 et_Su-

444 4695 525 4747 rio
547 4687 708 4762 'quaSi
740 4689 1120 4762 Metaphrastis
1159 4687 1365 4762 relatis.
1397 4705 1519 4746 cum
1563 4687 1701 4762 forte
1750 4687 1859 4762 sint
1894 4689 2009 4758 ipsa

444 4757 675 4832 primum
718 4763 797 4816 sic
851 4757 1134 4832 ἀίρχαῖκῶς
1181 4760 1421 4832 scripta,
1465 4774 1586 4830 quae
1617 4759 1747 4832 ipsa
1795 4757 2010 4816 Nicelas

441 4829 582 4904 stylo
628 4831 937 4904 exornanda
985 4829 1302 4904 acceperit,_'
1334 4843 1443 4904 nec
1478 4829 1531 4904 in
1597 4831 1678 4904 eis
1735 4829 2006 4904 inventam

437 4899 701 4964 epocham
765 4900 1157 4954 immutandam
1192 4899 1296 4954 sibi
1353 4900 1684 4964 indulserit;
1722 4899 1835 4953 sive
1878 4900 2007 4954 illud

441 4968 804 5041 Menologinm
835 4970 1061 5028 viderat.
1105 4969 1219 5041 sive
1249 4969 1392 5039 quod
1428 4985 1492 5024 ex
1538 4971 1828 5038 archetypo
1855 4968 2007 5024 Basi-

443 5044 547 5096 lius
572 5039 1042 5112 Porphyrogeneta
1095 5039 1360 5112 edendum
1388 5041 1778 5112 curavitatque
1801 5043 2008 5112 esset-i-

435 5114 586 5182 psit;
619 5109 775 5180 cujus
808 5109 1029 5182 Nicetas
1057 5120 1211 5182 aftate
1234 5111 1392 5182 paulo
1438 5110 1707 5182 superior.
1750 5110 1806 5160 ιιι
1839 5109 2006 5164 Sirle-

439 5179 566 5236 tano
597 5179 710 5236 hare
737 5181 901 5234 habes
943 5180 1012 5234 29
1067 5179 1185 5234 Oct.
1223 5197 1236 5232 :
1292 5180 1506 5234 Natalis
1553 5190 1752 5233 sancta:
1805 5195 2006 5248 magna:

440 5253 742 5306 Anastasia:
775 5250 1046 5304 Romanae.
1075 5249 1201 5303 Fuit
1241 5263 1419 5303 autem
1446 5251 1738 5303 Anastasia
1783 5248 1936 5301 Decio
1957 5263 2005 5303 et

450 5320 728 5376 Valeriano
756 5321 1175 5386 imperatoribus,
1219 5337 1398 5390 genere
1443 5321 1701 5376 liomana.
1742 5329 1842 5372 etc.
1895 5319 2005 5372 Ma-

2028 4476 2280 4544 Ddi,at

2107 3223 2566 3293 jecturam,_quod
2597 3223 2823 3293 virginis
2859 3223 3062 3277 crimen
3109 3222 3439 3291 pnecipuum
3476 3235 3683 3293 memo-

2110 3299 2210 3355 rat,
2273 3291 2418 3359 quod
2473 3291 2824 3346 evertendam
2850 3293 3129 3362 gentilium
3193 3293 3479 3360 imperium
3530 3292 3671 3362 etin

2107 3362 2449 3431 Christianos
2505 3363 2778 3431 principes
2827 3361 2973 3416 brevi
3035 3364 3464 3416 translerendum
3530 3361 3679 3414 clare

2112 3430 2551 3486 vaticinabatur:
2590 3435 2732 3500 quod
2769 3434 2943 3501 ipsum
2979 3433 3030 3485 in
3071 3434 3299 3484 aliorum
3332 3431 3451 3500 ejus
3501 3433 3678 3485 aetatis

2112 3510 2412 3570 martyrum
2464 3504 2614 3556 Actis
2665 3503 2860 3569 legitur
2898 3521 2910 3556 :
2946 3503 3053 3556 Deo
3109 3502 3366 3556 nimirum
3409 3502 3520 3569 jam
3555 3502 3682 3554 inde

2112 3569 2408 3645 licclesiain
2457 3573 2799 3645 consolante,
2839 3589 2959 3642 qua:
3009 3573 3086 3645 sic
3122 3573 3239 3645 di_re
3285 3587 3313 3624 a
3347 3571 3682 3645 Diocletiano

2111 3643 2427 3695 rcxahalur.
2479 3639 2572 3704 Είς
2635 3639 2994 3710 Χριστιανοὺς
3027 3643 3082 3694 δὲ
3104 3642 3291 3696 τοῦτον
3353 3639 3683 3710 μεταθήσειν

2111 3660 2427 3695 vexabatur.
2479 3660 2572 3704 nu;
2635 3660 2680 3695 Λ
2725 3660 2994 3706 ιστιανους
3027 3660 3082 3694 οε
3104 3660 3291 3696 τουτον
3353 3660 3679 3710 μεταυησειν

2111 3717 2304 3780 μικρὸν
2353 3713 2477 3764 ὅσον
2527 3711 2624 3781 τὴν
2678 3660 2952 3780 ἔασιλείαν
3010 3712 3439 3765 διαϐεϐαιοῦται.
3505 3712 3679 3776 Quam

2109 3782 2244 3833 brevi
2270 3781 2493 3850 (:{ﬁrmat
2525 3784 2901 3837 translaturum
2934 3784 2986 3836 in
3025 3782 3352 3836 Christianos
3381 3783 3676 3849 imperitans.

2108 3851 2428 3920 Qua;.~,uam
2461 3857 2589 3907 ve'ro
2627 3854 2758 3908 Acta
2790 3863 2970 3906 vetera
3009 3852 3272 3921 ejusmodi
3311 3852 3515 3905 crimen
3565 3866 3675 3905 non

2111 3921 2247 3976 habe
2270 3923 2365 3980 int.
2417 3923 2508 3976 sed
2567 3922 2833 3977 duntaxat
2877 3921 3078 3977 Christi
3134 3921 3573 3991 przedicatiouem
3623 3931 3681 3975 et

2117 3996 2238 4044 vita:
2313 3992 2516 4046 caelibis
2568 3992 2998 4061 professionem,
3039 3994 3208 4047 fuisse
3257 4001 3434 4045 tamen
3472 3991 3680 4060 aliquid

2111 4061 2192 4134 in‘
2220 4077 2280 4115 ea
2310 4063 2603 4134 peculiare,
2655 4063 2815 4134 cujus
2873 4063 3052 4134 delata
3088 4061 3303 4133 praesidi
3349 4061 3441 4123 sit,
3498 4076 3681 4134 exeo

2109 4131 2320 4203 videtur
2349 4131 2894 4203 tnanil‘estum,'quod
2951 4148 3058 4188 una
3088 4131 3219 4202 "ipsa
3250 4147 3314 4187 ex
3344 4140 3532 4203 sancto
3585 4131 3680 4203 illo

2108 4201 2358 4256 sodalitio
2411 4203 2478 4256 ad
2530 4201 2690 4257 Probi
2740 4201 2977 4257 tribunal
3028 4201 3202 4272 rapta,
3246 4216 3368 4256 cum
3418 4201 3506 4254 ille
3555 4202 3680 4270 ejus

2112 4272 2326 4340 nuptias
2387 4287 2493 4326 non
2573 4274 2838 4338 ambiret,
2901 4289 2998 4328 nec
3069 4273 3194 4342 ejus
3259 4273 3402 4326 ullus
3473 4286 3678 4341 procas

2105 4351 2289 4396 esset:
2345 4342 2614 4411 fueritque
2670 4344 2836 4397 libera
2891 4344 3117 4397 l'acultas
3165 4341 3380 4411 Sophia:
3419 4342 3678 4411 colligen-

2105 4411 2156 4463 di
2213 4412 2443 4466 dissecta
2501 4410 2646 4467 illius
2686 4415 2923 4467 membra
2957 4452 2972 4474 ,
3026 4410 3324 4480 truncoque
3372 4410 3676 4480 adjungeu-

2286 4496 2390 4605 aue
2439 4485 2661 4536 omnino
2699 4485 2762 4536 ad
2811 4484 2986 4536 locum
3031 4481 3158 4536 Urbi
3221 4483 3453 4534 vicinum
3511 4480 3677 4536 funus

2329 4552 2340 4603 i
2377 4567 2539 4605 :uuae
2569 4569 2674 4605 non
2719 4553 2856 4605 tuale
2901 4552 3228 4605 conveniant
3275 4551 3328 4604 in
3361 4550 3674 4605 Diocletiani

2114 4550 2340 4605 curandi
2377 4567 2539 4620 :quae
2569 4569 2674 4607 non
2719 4553 2856 4606 male
2901 4552 3228 4606 conveniant
3275 4551 3328 4604 in
3361 4550 3674 4605 Diocletiani

2116 4620 2324 4693 priores
2353 4637 2548 4693 annos,
2581 4624 2800 4693 quando
2837 4627 3062 4693 necdum
3099 4622 3369 4675 funestum
3404 4621 3532 4674 illud
3550 4623 3677 4693 edi-

2112 4699 2258 4743 ctum
2297 4691 2349 4743 in
2402 4691 2739 4748 Christianos
2775 4691 3228 4762 promulgaverat,
3280 4707 3390 4762 quo
3417 4691 3562 4762 flanti
3608 4693 3677 4744 ab

2112 4775 2178 4812 eo
2205 4762 2384 4816 omnis
2431 4763 2642 4829 generis
2688 4765 2831 4816 brevi
2888 4761 3130 4832 tempore
3155 4776 3282 4815 nece
3307 4761 3505 4832 sublati
3535 4778 3549 4826 ;
3579 4763 3672 4815 sed

2111 4845 2175 4881 ex
2242 4833 2582 4899 superiorum
2632 4842 2933 4901 temporum
2992 4831 3222 4896 ratione,
3288 4831 3370 4884 vel
3400 4831 3534 4900 ipse,
3593 4834 3676 4884 vel

2113 4901 2403 4968 praesides,
2457 4905 2549 4972 qui
2612 4909 2876 4972 pra-cipue
2937 4903 3225 4957 oﬂendisse
3276 4901 3480 4970 aliquid
3525 4901 3676 4954 vide-

2111 4972 2328 5032 liantur.
2362 4989 2424 5025 ac
2461 4975 2764 5041 majestatis
2795 4974 3072 5042 quidpiam
3143 4973 3358 5034 habere,
3385 4973 3676 5042 ﬁlii-istia-

2113 5056 2192 5091 ttat!
2231 5045 2666 5110 superstitionis
2726 5061 2845 5097 reos
2905 5041 3310 5097 excruciabant.
3382 5041 3677 5110 Fueritqne

2110 5109 2343 5164 forsitan
2371 5112 2484 5166 haec
2527 5127 2688 5166 C8023
2715 5123 2772 5166 ιιι
2794 5115 2986 5166 senior
3006 5113 3148 5166 dicta
3179 5115 3268 5175 sit,
3301 5113 3446 5178 quod
3501 5109 3672 5178 prior.

2110 5179 2436 5252 etsiAeodem
2463 5182 2820 5250 imperatore,
2858 5185 3173 5252 martyrium
3222 5181 3450 5252 feci3rit;
3480 5198 3675 5251 quam-

2107 5250 2188 5303 vis
2213 5248 2351 5322 l'orte
2381 5248 2841 5308 aetate-Anastasia
2900 5248 3279 5322 viduajanior.
3336 5251 3391 5304 Si
3432 5248 3555 5320 quis
3606 5255 3676 5305 ad

2107 5321 2475 5388 conjecturam
2502 5324 2696 5377 melius
2725 5324 3006 5387 habuerit,
3047 5321 3218 5376 autin
3263 5323 3492 5376 certiora
3550 5337 3674 5374 mo-

437 5408 540 5472 αρε
563 5392 785 5472 Mnenzeal,
806 5379 952 5460 Ᾱῦτη
973 5379 1339 5472 ὑστῆβχεννέπὶ.
1354 5391 1544 5472 Δεκίου
1562 5390 2003 5472 καξΒαλεριανοῦ

2111 5379 2369 5472 ιιιιιῖιθιιιιι
2421 5392 2691 5472 inciderit,
2735 5396 2960 5462 gratiam
2993 5379 3188 5472 'faciet
3235 5393 3280 5446 si
3335 5394 3672 5472 produxerit.

437 5462 546 5514 τῶν
596 5461 883 5531 βασιλέων,
931 5467 1024 5513 καὶ
1073 5460 1283 5530 Πρόὸου
1319 5462 1606 5530 ἡγεμόνος.
1637 5460 1836 5513 Contra
1870 5463 2002 5513 Acta

445 5543 654 5586 vetera:
684 5531 776 5584 liti
814 5547 930 5585 vero
963 5533 1144 5584 statim
1182 5542 1442 5584 currentes
1500 5531 1567 5582 ad
1619 5531 1892 5594 praesidem
1923 5533 2001 5598 (is

439 5611 614 5654 autem
653 5611 765 5655 erat
813 5602 1037 5663 Probus,
1067 5600 1394 5654 Diocletiano
1437 5611 1558 5653 tunc
1597 5601 2004 5653 administrante

439 5673 780 5740 imperium),
831 5683 934 5726 etc.
998 5671 1214 5726 Nicotas
1265 5690 1278 5724 :
1335 5671 1715 5740 Διοκλητιανὸς
1761 5671 1818 5723 δὲ
1883 5672 2002 5722 τότε

442 5741 546 5794 τῶν
575 5742 710 5796 ὅλων
737 5743 910 5795 διεῖπε
944 5741 1044 5812 τὴν
1070 5741 1268 5812 ἀρχήν.
1321 5739 1678 5795 Diocletianus
1717 5751 1822 5794 tum
1878 5744 1996 5794 uni-

2109 5459 2221 5532 lloe
2253 5471 2397 5532 certe
2423 5463 2616 5524 habeo,
2647 5459 2833 5532 parum
2865 5471 3018 5516 caute
3043 5462 3240 5526 facere,
3261 5459 3353 5531 qui
3388 5461 3468 5515 sic
3490 5477 3668 5515 asser-

2108 5541 2156 5581 te
2193 5530 2321 5585 illud
2355 5548 2518 5586 unum
2545 5530 2772 5586 alterum
2813 5543 3036 5600 ponium,
3087 5547 3150 5586 ac
3186 5533 3232 5586 si
3262 5530 3394 5584 nihil
3445 5531 3525 5586 eis
3572 5536 3675 5584 ob-

2105 5610 2272 5654 staret
2302 5612 2554 5666 ;aul,una
2582 5602 2906 5657 Menaeorum
2931 5605 3061 5657 tides
3084 5613 3227 5656 certa
3253 5601 3478 5656 omnino
3497 5616 3672 5656 essm:

2104 5685 2226 5723 cum
2261 5683 2465 5726 certum
2491 5675 2561 5727 sit
2585 5675 2735 5742 plura
2777 5673 2827 5726 in
2855 5673 2935 5726 eis
2977 5683 3208 5727 exstare
3237 5688 3356 5740 qua:
3409 5673 3675 5734 laborent,

2107 5757 2412 5811 magnoque
2438 5745 2644 5812 judicio
2669 5744 2976 5812 accipienda
3006 5746 3113 5798 sint
3143 5761 3156 5809 ;
3185 5743 3340 5810 cuius
3365 5745 3675 5804 exemplum
