4008 6582
465 456 571 519 343

1660 457 1955 516 NICETAS
2000 457 2526 518 PAPIILAGONIS

3601 456 3698 519 illi

464 582 745 645 acceptam
776 590 991 631 onmem
1020 576 1385 630 substantiam
1423 574 1563 646 (quae
1588 591 1720 631 sane
1757 575 2017 645 pcrampl:

2142 596 2253 631 σεν.
2286 579 2396 632 Καὶ
2425 580 2456 649 ἠ
2493 579 2613 649 μὲν,
2646 580 2775 651 ὅλην
2797 578 2965 650 αὐτῆς
3004 577 3104 650 τὴν
3129 578 3350 649 γονικὴν
3398 579 3703 646 περιουσίαν

462 676 603 738 erat)
634 668 1057 723 necessitatibus
1102 678 1418 723 sanctorum
1449 669 1885 733 communicatis,
1936 668 2035 720 im-

465 775 744 829 pensaque
784 761 1117 832 martyribus
1149 762 1354 817 amoris
1380 763 1431 815 vi
1484 762 1591 818 illis
1630 762 2035 832 quodammodo

462 853 858 923 conglutinata,
886 869 1183 924 eorumque
1210 855 1466 923 pretiosis
1492 854 1674 910 linteis
1701 855 1909 910 saniem
1937 870 2035 908 ex-

463 949 703 1010 tergens,
731 943 1068 1012 vulneraque
1110 942 1408 999 infundens
1441 960 1505 999 ac
1538 946 1907 1009 exosculans;
1945 953 2031 998 at-

460 1046 567 1098 que
600 1031 780 1086 adhuc
816 1032 1081 1099 viventes,
1110 1035 1290 1091 verbis
1318 1034 1554 1091 fortibus
1583 1038 1851 1091 roborans
1887 1044 1940 1091 et
1963 1036 2029 1090 ad

459 1118 950 1203 iuimarcescibiles
992 1139 1228 1181 coronas
1267 1128 1484 1198 egregie
1523 1130 1796 1192 animans,
1832 1128 2030 1183 defun-

457 1212 667 1281 ctisque
713 1216 1060 1271 sanctissime
1091 1218 1241 1287 justa
1289 1220 1625 1288 persolvens,
1676 1220 2029 1290 sic.seipsam

455 1306 782 1374 praeclarum
818 1308 928 1363 illis
957 1325 1157 1366 munus
1195 1312 1506 1382 sepulcrale
1559 1318 1744 1382 postea
1776 1312 2028 1382 praebuit,

392 1394 399 1401 ’
456 1412 552 1465 per
592 1400 772 1469 ignem
809 1401 1136 1457 bolocausto
1172 1404 1376 1465 oblata.
1408 1419 1470 1458 ac
1500 1405 1553 1458 in
1587 1405 1812 1461 odorem
1840 1406 2028 1461 suavi-

454 1489 583 1545 tatis
625 1492 735 1546 Deo
773 1502 1111 1563 computata,
1154 1496 1309 1566 virgo
1342 1506 1546 1561 autem,
1584 1507 1868 1568 parentum
1915 1497 2030 1552 alii—

457 1583 740 1653 uiumque,
780 1586 1110 1653 praediorum
1141 1603 1203 1643 ac
1243 1591 1598 1659 pecuniarum
1642 1591 1710 1645 ab
1757 1592 1877 1661 ipso
1914 1591 2027 1660 jam

454 1676 635 1730 aetatis
666 1678 830 1732 tertio
860 1694 1006 1733 anno
1035 1680 1224 1734 relicta
1255 1681 1516 1738 facultate
1532 1693 1699 1752 atque
1721 1685 1901 1754 copia,
1942 1700 2029 1740 re-

455 1767 773 1840 ligiosaque
800 1770 1018 1826 cuidam
1053 1772 1239 1829 domui
1270 1775 1337 1828 ad
1376 1776 1699 1831 vicesimum
1725 1793 1901 1847 usque
1935 1794 2026 1832 an-

452 1874 585 1915 n‘um
621 1877 687 1917 ex
713 1864 899 1923 animo
921 1866 1184 1932 assidua;
1224 1883 1437 1923 necnon
1474 1884 1644 1925 sacra!
1660 1871 1869 1939 sopliirc
1899 1873 2027 1935 (hoc

451 1953 597 2009 enim
623 1954 699 2010 illi
732 1970 927 2012 nomen
966 1958 1072 2013 sub
1106 1958 1268 2029 cujus
1286 1960 1605 2031 magisterio
1637 1977 1700 2016 ac
1731 1962 2023 2033 disciplina

451 2046 691 2117 agebat).
720 2064 817 2105 seu
845 2050 1028 2121 potius
1060 2051 1235 2123 ipsius
1253 2069 1378 2109 vere
1402 2053 1493 2109 Dei
1518 2056 1798 2124 sapientia:
1818 2071 2022 2125 opera;

450 2138 600 2195 Patri
630 2141 911 2211 adoptata,
945 2159 1042 2214 per
1086 2144 1257 2199 multa
1308 2146 1609 2216 graviaque
1654 2162 1754 2217 pro
1802 2147 2027 2202 Christo

448 2239 728 2294 tormenta
751 2242 805 2287 et
836 2234 1108 2303 lanienas,
1140 2236 1379 2307 abrupto
1404 2238 1497 2309 qui
1534 2239 1585 2292 in
1616 2254 1780 2294 carne
1820 2250 1905 2296 est
1951 2241 2026 2294 in-

446 2325 655 2394 colatu,
681 2328 753 2383 ad
780 2328 1257 2386 desideratissima
1287 2330 1383 2387 Dei
1410 2331 1763 2387 tabernacula
1802 2333 2025 2387 commi.

446 2419 645 2485 gravit.
1270 2436 1287 2441 “
1756 2448 1763 2451 η

518 2508 644 2566 Hac
674 2511 840 2584 igitur
870 2515 1052 2587 magni
1075 2514 1415 2588 illustrisque
1445 2519 1683 2575 nominis
1710 2520 2021 2584 Anastasia,

448 2604 696 2674 spiritale
725 2606 1224 2679 iutemeratumque
1245 2613 1556 2667 convivium
1615 2613 1776 2669 hodie
1818 2628 2024 2669 convo-

446 2711 604 2763 cans,
634 2698 888 2768 velutqne
915 2702 1224 2769 upimarum
1256 2704 1453 2774 dapum
1488 2705 1805 2761 varietatem
1858 2722 2020 2761 sacra

447 2803 547 2843 sua
596 2791 896 2845 certamina
956 2793 1327 2865 victoriasque
1381 2810 1684 2866 apponens,
1724 2806 1885 2869 atque
1914 2799 2022 2855 illis

444 2881 794 2939 castissimus
824 2893 1101 2942 amatores
1135 2902 1267 2943 suos
1288 2890 1587 2958 accipiens,
1622 2890 1891 2946 immensa
1925 2906 2023 2948 eos

444 2971 705 3043 adimplet
735 2975 941 3042 laetitia,
974 2978 1281 3052 divinaeque
1307 2992 1593 3039 consortes
1634 2985 2021 3042 exsultationis

445 3064 594 3121 facit.
626 3064 749 3124 Haec
772 3076 1020 3125 nostrum
1039 3079 1092 3127 et
1114 3072 1353 3128 animum
1380 3085 1430 3129 et
1458 3090 1763 3130 sermonem
1788 3078 1852 3131 ad
1874 3077 2019 3133 illius

442 3157 763 3225 passionum
836 3164 1279 3230 exsuperantiam
1350 3163 1666 3223 fatiscentes
1735 3170 2017 3236 excitans;

2141 671 2331 742 (πολλὴ
2362 671 2517 734 δέτις
2544 666 2633 741 ἦν)
2651 675 2769 736 ταῖς
2798 672 2907 726 τῶν
2935 672 3104 739 ἁγίων
3130 671 3337 739 χρείαις
3363 669 3702 733 κοινωνοῦσα,

2139 765 2231 817 καὶ
2262 765 2463 834 στοργῇ
2495 764 2858 834 φιλομάρτυρι
2883 762 3091 824 τούτοις
3114 762 3312 833 τρόπον
3333 761 3454 813 τινὰ
3482 776 3707 829 συμφυοο

2139 857 2302 928 μένη⁶
2333 857 2426 908 καὶ
2449 857 2572 919 τοὺς
2599 856 2801 925 ἰχῶρας
2832 855 3012 908 αὐτῶν
3040 854 3251 916 ὀθόναις
3279 853 3516 922 ὲντίμοις
3545 870 3703 905 κατα-

2138 948 2443 1018 μάσσουσα,
2468 946 2564 1001 καὶ
2595 948 2660 1000 τὰ
2686 946 2973 1018 τραύματα
3010 943 3383 999 καταντλοῦσα
3411 944 3502 995 καὶ
3543 961 3705 995 κατα-

2136 1036 2395 1105 φιλοῦσα·
2440 1038 2531 1090 καί
2567 1037 2775 1101 ζῶντας
2800 1038 2896 1106 μὲν
2931 1036 3031 1098 ἔτι.
3071 1036 3250 1104 λόγοις
3287 1036 3529 1105 στερροῖς
3560 1036 3705 1101 ἔπιρο

2138 1130 2470 1202 ρωννύουσα,
2527 1132 2620 1184 καί
2674 1131 2811 1201 πρὸς
2860 1131 2985 1192 τοὺς
3040 1128 3387 1199 ἁμαράντους
3436 1125 3708 1193 παραθαρ-

2136 1223 2371 1292 ῥύνουσα
2399 1224 2695 1291 στεφάνους
2719 1239 2731 1251 ·
2774 1222 3158 1291 άποιχομένοις
3203 1218 3260 1271 δὲ
3302 1217 3575 1279 πανοσίως
3612 1219 3705 1284 τὴν

2133 1318 2285 1370 ὁσίαν
2314 1316 2698 1383 ἐπιϐάλλουσα,
2720 1316 2892 1380 οὕτως
2910 1316 3109 1385 ἑαυτὴν
3135 1314 3298 1369 καλδν
3324 1314 3571 1381 ὲντάοριον
3597 1312 3708 1380 (7i)

2134 1411 2343 1474 τούτοις
2362 1409 2588 1481 ὕστερον
2614 1410 2937 1481 παρέσχετο,
2961 1409 3050 1463 διὰ
3072 1410 3239 1477 πυρὸς
3258 1407 3704 1469 ὁλοκαυτωθεῐσα,

2134 1502 2230 1554 καὶ
2244 1503 2325 1565 εἰς
2344 1501 2518 1572 ὀσμὴν
2538 1502 2764 1566 εὐωδίας
2784 1502 3092 1570 λογισθεῖσα
3106 1500 3183 1571 τῷ
3203 1499 3339 1570 Θεῷ.
3360 1500 3424 1551 Ἠ
3444 1500 3701 1567 παρθένος

2131 1593 2207 1658 δὲ,
2240 1595 2446 1662 γονέων
2473 1593 2566 1647 καὶ
2606 1593 2902 1661 συγγενῶν,
2949 1593 3245 1664 κτημάτων
3279 1594 3373 1645 καί
3415 1593 3708 1661 χρημάτων

2131 1687 2195 1737 ὲκ
2217 1684 2461 1753 τριετοῦς
2494 1685 2590 1755 τῆς
2623 1685 2837 1756 ἡλικίας
2868 1684 3057 1755 χρόνον
3083 1685 3207 1747 τοὺς
3254 1682 3704 1753 περιουσιασμοῦς

2130 1776 2381 1843 λιποῦσα,
2413 1778 2505 1830 καί
2538 1776 2769 1847 σεμνείῳ
2804 1776 2912 1829 τινὶ
2947 1776 3184 1846 γνησίως
3216 1776 3342 1845 ἄχρι
3372 1773 3468 1827 τοῦ
3498 1776 3704 1827 εἰκοσα-

2130 1871 2287 1933 ετοῦς
2317 1870 2848 1940 προσκαρτερήσασα
2877 1885 2891 1899 ο
2931 1868 3027 1922 καί⁵
3068 1868 3156 1922 διά
3188 1869 3289 1937 τῆς
3323 1867 3473 1937 ἱερᾶς
3515 1866 3703 1934 Σοφίας

2133 1964 2295 2036 (οὔτω
2323 1965 2433 2035 γάρ
2476 1965 2509 2034 ἡ
2558 1963 2876 2027 διδάσκαλος
2922 1962 3250 2033 ὠνόμαστο),
3281 1961 3483 2031 μᾶλλον
3525 1960 3579 2012 δὲ
3620 1960 3700 2012 ὄιίι

2126 2058 2227 2127 τῆς
2260 2057 2425 2121 ὄντως
2453 2056 2589 2111 Θεοῦ
2622 2056 2811 2126 σοφίας
2836 2055 3210 2124 υίοθετηθεῖσα
3238 2052 3313 2123 τῷ
3340 2054 3534 2123 Πατρί,
3567 2051 3708 2104 οὕτω

2125 2149 2215 2202 διὰ
2242 2148 2453 2202 πολλῶν
2480 2149 2572 2200 καί
2609 2146 2797 2202 δεινῶν
2842 2146 2951 2199 τῶν
2991 2145 3130 2217 ὑπὲρ
3170 2143 3411 2211 Χριστοῦ
3464 2142 3704 2213 βασάνων

2126 2240 2216 2293 καί
2248 2238 2450 2309 τομῶν,
2498 2238 2595 2308 τῆς
2648 2238 2706 2290 ἐν
2757 2238 2917 2307 σαρκί
2971 2237 3071 2307 μὲν
3113 2236 3323 2308 ἐρράγη
3376 2234 3701 2305 παροικίας,

2128 2332 2263 2403 πρὸς
2288 2330 2358 2385 τὰ
2386 2330 2645 2400 ἀγαπητά
2674 2329 2731 2383 δὲ
2757 2329 2891 2382 Θεοῦ
2926 2328 3259 2400 σκηνώματα
3289 2326 3546 2398 μετέστη.

2196 2516 2343 2587 Αὕτη
2369 2517 2547 2570 τοίνυν
2582 2517 2615 2587 ἡ
2651 2514 3064 2586 μεγαλώνυμος,
3096 2514 3130 2584 ἡ
3162 2511 3511 2585 περιώνυμος
3552 2509 3703 2563 Ἀνα-

2126 2610 2345 2670 στασία.
2395 2611 2428 2681 ἠ
2481 2608 2857 2678 πνευματικὴν
2910 2607 3002 2661 καί⁵
3045 2605 3321 2677 ἀκήρατον
3361 2602 3703 2671 ἑστιατορίαν

2124 2705 2364 2774 σήμερον
2389 2701 2818 2771 συγκαλουμένη,
2839 2701 2932 2753 καί
2953 2694 3038 2753 οἷα
3066 2697 3129 2769 δὴ
3155 2696 3463 2751 πολυτελῶν
3479 2696 3697 2765 ἐδεσμά-

2123 2814 2229 2849 των
2266 2795 2558 2859 ποικιλίαν,
2609 2796 2733 2857 τοῦς
2770 2794 2948 2863 ἱεροὺς
2996 2791 3191 2854 ἄθλους
3238 2790 3573 2861 προτιθείσα,
3609 2789 3697 2841 καὶ

2122 2886 2331 2949 τούτοις
2356 2887 2481 2949 τοὺς
2512 2886 2816 2953 πανάγνονς
2850 2884 3056 2951 ταύτης
3102 2882 3336 2954 ἐραστὰς
3362 2880 3695 2950 δεξιουμένη.

2122 2977 2325 3047 μυρίας
2356 2974 2677 3047 ἀναπιμπλᾷ
2698 2976 2796 3045 τῆς
2825 2974 3183 3044 εὐφροσύνης,
3210 2973 3302 3026 καί
3330 2972 3696 3040 ἀγαλλιάσεως

2121 3071 2271 3134 θείας
2327 3070 2586 3139 μετόχους
2637 3067 3034 3120 ἀποδείκνυσιν.
3094 3063 3240 3131 Δθτη
3293 3064 3387 3116 καί⁵
3444 3062 3568 3115 νοῦν
3611 3060 3699 3112 τὸν

2119 3163 2413 3233 ἡμέτερον,
2446 3160 2539 3216 καὶ
2563 3160 2722 3228 λόγον
2749 3160 2883 3230 πρὸς
2912 3158 3009 3228 τὴν
3038 3156 3343 3229 ὑπερϐολὴν
3382 3155 3493 3209 τῶν
3533 3154 3695 3221 αὐτῆς

441 3248 682 3304 animum
715 3251 935 3321 quidem
983 3252 1088 3310 ﬁde
1123 3256 1380 3323 roborat;
1423 3274 1731 3315 sermonem
1773 3276 1903 3316 vero
1948 3261 2016 3316 ad

2125 3255 2462 3325 παθημάτων
2510 3253 2843 3321 ἐκλυόμενον
2886 3250 3163 3316 διιστῶσα,
3216 3248 3452 3319 ῥώννυσι
3512 3245 3606 3315 μὲν
3639 3246 3699 3297 ὲν

442 3339 591 3397 illius
613 3343 923 3399 enarranda
964 3345 1237 3401 mirabilia
1269 3348 1452 3419 erigit.

486 3526 759 3605 Primum
800 3531 1023 3600 quidem
1061 3532 1197 3587 illud
1218 3547 1411 3589 omnes
1442 3548 1609 3605 rogo;
1642 3552 1711 3591 ne
1744 3537 1871 3606 quis
1905 3539 2015 3592 sci-

440 3619 568 3678 licet
616 3621 987 3692 comparando
1037 3632 1250 3679 natura!
1291 3624 1718 3682 imbecillitatem
1750 3643 1877 3682 cum
1910 3628 2015 3682 im-

440 3727 631 3778 mensa
678 3723 1075 3769 tormentorum
1128 3715 1201 3781 vi,
1252 3716 1479 3772 moleste
1513 3717 1699 3774 animo
1731 3718 2017 3775 babeatac

437 3804 794 3861 dubitationis
814 3805 1172 3875 cogitationes
1192 3815 1466 3873 assumat;
1489 3819 1744 3879 tanquam
1768 3810 1881 3866 ﬁeri
1908 3826 2016 3866 non

437 3899 637 3969 possit,
672 3905 733 3954 ut
786 3901 870 3954 vel
912 3898 1359 3955 robustissimum
1408 3901 1509 3955 viri
1559 3916 1778 3973 corpus,
1814 3905 2013 3958 nedum

438 3987 708 4044 muliebre
733 4003 797 4042 ac
822 3988 1056 4057 juvenili
1098 3987 1256 4043 valde
1282 3997 1459 4051 aetate,
1498 3991 1683 4044 tandiu
1721 3992 1885 4047 tantis
1911 3993 2017 4048 sic-

436 4096 545 4152 que
607 4080 863 4135 violentis
914 4079 1257 4135 cruciatibus
1294 4095 1359 4134 ac
1389 4082 1678 4136 tormentis
1705 4082 1879 4135 obniti
1914 4098 2015 4152 po-

438 4170 626 4226 tuerit.
682 4169 802 4226 Non
860 4170 1007 4236 enim
1058 4169 1315 4238 corporis
1340 4170 1561 4233 robore,
1614 4170 1710 4225 scd
1742 4171 2012 4240 spiritus;

437 4276 540 4317 nec
580 4260 835 4316 firmitate
870 4268 1101 4326 natum,
1130 4260 1223 4316 sed
1256 4260 1378 4315 ﬁdei
1412 4260 1750 4327 fortitudine,
1778 4261 2017 4317 victor'ue

434 4364 720 4426 compotes
746 4362 1015 4426 martyres
1066 4354 1349 4409 exstitere.
1380 4351 1497 4422 Ipse
1530 4353 1673 4408 enim
1708 4354 2017 4423 inaspecta-

438 4445 535 4501 bili
566 4445 784 4500 ratione
816 4444 1139 4499 certaminis
1161 4458 1365 4512 praeses
1398 4443 1506 4498 illis
1529 4444 1726 4513 spiritu
1746 4460 2013 4514 praesens.

436 4537 530 4607 qui
556 4537 647 4591 illo
673 4535 1072 4607 deiunguntur,
1104 4536 1433 4605 illorumque
1466 4536 1725 4591 membris
1750 4548 2009 4608 tanquam

2122 3352 2300 3403 πίστει
2326 3347 2414 3400 τὸν
2436 3345 2561 3399 νοῦν
2589 3365 2601 3377 ·
2635 3345 2770 3416 πρὸς
2796 3344 3056 3414 ἐξήγησιν
3079 3342 3138 3397 δὲ
3156 3343 3265 3395 τῶν
3288 3342 3460 3410 αὐτῆς
3493 3340 3694 3409 θαυμαο

2120 3443 2254 3495 σίων
2280 3440 2369 3494 τὸν
2398 3440 2556 3508 λόγον
2584 3438 2868 3507 ὲξεγείρει.

2190 3530 2413 3601 Πρῶτον
2448 3530 2547 3601 μὲν
2577 3529 2670 3582 οὖν
2717 3529 2892 3581 έκεῖνο
2940 3528 3146 3590 πάντας
3188 3524 3342 3591 ἀξιῶ,
3397 3524 3600 3595 μηδένα
3634 3523 3697 3576 τὸ

2120 3625 2319 3696 σαθρὸν
2347 3625 2445 3691 τῆς
2477 3622 2693 3693 φύσεως
2728 3623 2862 3694 πρὸς
2895 3621 2994 3692 τὴν
3039 3620 3343 3691 ὑπερϐολὴν
3382 3619 3493 3672 τῶν
3536 3618 3699 3672 κολάσ

2120 3733 2257 3770 σεων
2310 3714 2777 3785 παρατιθέμενον,
2827 3712 3218 3767 ἀποκναίεσθαι
3264 3712 3357 3764 τὸν
3399 3710 3559 3771 νοῦν,
3607 3708 3697 3762 καὶ

2116 3806 2367 3877 διψυχίας
2392 3805 2621 3875 κάμνειν
2641 3804 2939 3874 λογισμοῖς,
2966 3803 3041 3867 ὡς
3063 3803 3340 3873 ἀμήχανον
3368 3800 3428 3854 ὃν
3455 3800 3545 3853 καὶ
3575 3816 3694 3866 γεν-

2118 3900 2412 3954 νικώτατον
2435 3897 2625 3967 ἀνδρὸς
2652 3896 2833 3966 σῶμα,
2865 3894 2938 3965 μὴ
2974 3895 3054 3948 ὅτι
3100 3910 3163 3962 γε
3207 3892 3270 3963 ὀὴ
3315 3891 3449 3961 θῆλυ
3492 3892 3584 3944 καὶ
3606 3906 3693 3941 κο-

2121 3990 2246 4059 μιδῆ
2281 3989 2496 4061 νεαρὸν,
2531 3988 2668 4059 πρὸς
2714 3985 3048 4056 τηλικαύτην
3086 3984 3537 4054 στρεϐλωτηρίων
3577 3980 3696 4049 βίαν

2116 4085 2209 4137 ὲπί
2234 4082 2488 4137 τοσοῦτον
2515 4082 2785 4150 ἀντισχεῖν
2811 4096 2824 4110 ·
2850 4078 2911 4132 οὑ
2934 4078 3043 4147 γὰρ
3072 4076 3243 4146 ἰσχύει
3268 4075 3541 4145 σώματος,
3563 4073 3695 4128 ἀλλὰ

2116 4174 2465 4242 πνεύματος·
2511 4170 2632 4223 οὐδὲ
2692 4168 2905 4237 φύσεως
2958 4167 3298 4237 στερρότητι,
3351 4164 3587 4226 πίστεως
3637 4163 3691 4215 δὲ

2116 4265 2473 4338 κραταιότητι
2504 4262 2642 4333 μετὰ
2667 4261 2958 4331 μαρτύρων
2983 4261 3015 4329 ὴ
3040 4260 3162 4330 νίκη
3192 4258 3509 4329 καθορᾶται.
3528 4256 3693 4319 Αὐτὸς

2116 4359 2224 4429 γὰρ
2252 4358 2498 4427 ἀοράτως
2527 4358 2555 4408 ὁ
2581 4353 2873 4421 ἀθλοθέτης
2896 4355 3032 4422 μετὰ
3056 4352 3164 4406 τῶν
3199 4352 3506 4405 ἀθλούντων
3546 4351 3689 4413 γινό-

2119 4465 2278 4518 μενος
2327 4446 2405 4516 τῷ
2457 4444 2747 4512 πνεύματι,
2806 4442 2899 4494 καί
2953 4442 3066 4502 τοῖς
3126 4440 3305 4494 αὐτῶν
3358 4440 3576 4509 μέλεσιν
3617 4438 3690 4500 ὡς

2115 4540 2335 4602 οἰκείοις
2368 4537 2727 4608 κεχρημένος,
2770 4534 3035 4602 σταθεράν
3073 4550 3132 4586 τε
3168 4533 3259 4585 καὶ
3294 4531 3690 4602 μεγαλότολμοι)

437 4600 677 4701 propriis
703 4600 883 4693 utens,
909 4641 1007 4697 pro
1026 4600 1084 4681 se
1104 4600 1481 4681 laborantibus
1508 4627 1817 4683 ﬁrmitatem
1844 4600 2013 4683 animi

2125 4633 2211 4703 τὴν
2252 4600 2360 4683 των
2392 4600 2728 4699 οὲέὲρᾉιωῡ
2773 4600 3117 4696 πονουμένων
3153 4600 3443 4695 ἐργάζεται
3490 4626 3687 4695 ψυχήν.

435 4724 657 4788 praestat
677 4730 742 4770 ac
770 4714 1077 4770 audaciam.
1109 4711 1403 4783 Ipsumque
1435 4713 1571 4770 adeo
1602 4716 1805 4784 pariter
1830 4716 2010 4771 decer-

437 4819 562 4862 tans
581 4806 989 4875 corpusculum,
1036 4805 1197 4859 modo
1224 4805 1446 4875 quidem
1500 4806 1759 4861 intactum
1786 4808 2010 4862 omnino

432 4898 722 4954 tormentis
744 4895 907 4963 facit;
932 4897 1092 4951 modo
1116 4906 1293 4952 autem
1314 4897 1404 4952 ubi
1431 4898 1700 4968 tantisper
1730 4899 1836 4968 pati
1886 4915 2011 4970 per-

434 4987 675 5048 miserit.
706 5002 869 5055 quam
902 4986 1011 5041 cito
1038 4985 1171 5039 illud
1202 4994 1379 5048 curat,
1416 4986 1802 5058 integrumque
1830 5002 1891 5043 ac
1921 5004 2008 5043 sa-

432 5095 561 5134 num
592 5075 797 5142 reddit;
824 5076 997 5131 donec
1018 5078 1231 5133 tandem
1250 5077 1484 5133 faustum
1506 5081 1709 5134 exitum
1736 5080 2005 5148 ﬁnemque

429 5170 770 5226 certantibus
798 5168 1050 5224 conferre
1086 5168 1135 5224 ei
1172 5170 1459 5239 placuerit.
1498 5171 1551 5225 Id
1595 5187 1724 5226 vero
1754 5181 2000 5241 praestat,

409 5260 544 5317 'tum
572 5269 631 5315 ut
656 5260 759 5315 sibi
783 5260 1034 5331 gloriam,
1062 5260 1241 5331 iisque
1265 5262 1662 5332 quitormentis
1681 5265 2004 5319 excrucian-

429 5365 540 5421 tur,
563 5355 981 5410 sanctimoniam
1013 5356 1293 5422 conciliet,
1323 5366 1437 5411 tum
1468 5365 1527 5411 ut
1578 5366 1631 5413 et
1662 5359 1823 5429 vulgo
1854 5359 1999 5413 salu-

426 5456 536 5502 tem
559 5446 771 5502 aﬂ'erat.
804 5446 1070 5509 Salutem,
1112 5447 1360 5518 inquam,
1392 5464 1511 5518 quae
1530 5466 1593 5503 ex
1628 5450 1735 5505 fide
1761 5457 1868 5515 est,
1903 5466 2001 5505 ne-

429 5536 558 5590 dum
589 5537 701 5591 illis
725 5536 817 5607 qui
843 5545 972 5592 tunc
997 5537 1263 5609 temporis
1313 5539 1675 5594 certaminum
1727 5551 2000 5610 spectato-

428 5639 517 5680 res
539 5624 763 5691 fuerint,
789 5626 883 5682 sed
914 5635 970 5683 et
989 5627 1193 5683 futuris
1222 5630 1672 5698 generationibus
1689 5631 1998 5701 provideat.

501 5766 631 5843 (7_2)_
672 5768 892 5843 Καλὸν(
920 5768 1232 5843 ἐντάφιον.
1284 5772 1567 5840 Sumptum
1602 5783 1686 5829 est
1750 5773 1995 5843 Gregorii

428 5834 824 5912 blachabgeicis,
843 5838 930 5912 ubi
963 5842 1032 5892 ita
1055 5834 1169 5912 liill.
1192 5861 1204 5894 :
1228 5834 1445 5894 Pulchri
1466 5844 1743 5911 rujusdnm
1760 5834 1994 5912 [latebris

433 5908 543 5961 loco
595 5909 820 5977 scipsam
863 5910 1039 5963 liberis
1078 5910 1289 5978 obtulit,
1345 5908 1537 5967 triatch
1590 5908 1818 5980 scilicet;
1879 5916 1990 5985 ipsa

2112 4723 2222 4776 Καὶ
2250 4724 2311 4775 τὸ
2346 4720 2637 4774 συεθαθλοῦν
2661 4720 2717 4772 δὲ
2757 4721 3047 4787 σωμάτιον.
3084 4718 3213 4771 ποτὲ
3264 4717 3363 4786 μὲν
3396 4717 3688 4785 ἀπρόσιτον

2113 4815 2288 4883 πάντη
2330 4815 2449 4876 ταῖς
2494 4811 2788 4881 τιμωρίαις
2840 4809 3219 4861 ἀποδείκνυσι·
3257 4808 3387 4862 ποτὲ
3426 4808 3482 4860 δὲ
3522 4804 3690 4876 μικρὰ

2113 4908 2344 4975 πάσχειν
2372 4904 2572 4966 ἐνδοὺς,
2604 4902 2679 4965 ὡς
2712 4902 2938 4971 τάχιστα
2967 4898 3121 4952 τοῦτο
3161 4900 3452 4969 θεραπεύει
3492 4917 3551 4951 τε
3596 4897 3684 4951 καί⁵

2110 4992 2446 5067 καταρτίζει,
2482 4994 2672 5063 μέχρις
2712 4987 2771 5043 οὗ
2804 4991 2974 5055 δεξιὸν
3008 4991 3180 5060 πέρας
3209 4993 3316 5053 τοῖς
3351 4989 3685 5060 ἀγωνιζομέ-

2109 5108 2221 5151 νοις
2248 5085 2522 5140 ὲπιϐαλείν
2552 5082 2754 5143 ἐκεῖνος
2784 5082 3146 5151 δοκιμάσειεν.
3175 5080 3248 5134 Τὸ
3279 5082 3335 5135 δὲ
3354 5084 3511 5146 ποιεῖ,
3550 5079 3682 5151 ὁμοῦ

2112 5182 2213 5250 μὲν
2254 5177 2433 5246 ἑαυτῷ
2474 5176 2652 5239 δόξαν,
2718 5175 2811 5228 καὶ
2857 5177 2969 5236 τοῖς
3018 5174 3383 5243 αἰκιζομένοις
3418 5173 3686 5242 ἁγιασμον

2110 5267 2595 5340 περιποιούμενος”
2667 5263 2801 5335 ὁμοῦ
2855 5265 2911 5316 δὲ
2958 5266 3051 5317 καὶ
3111 5265 3381 5334 σωτηρίαν
3435 5264 3679 5324 πολλοῖς·

2110 5360 2383 5430 σωτηρίαν
2406 5359 2481 5422 δὲ,
2508 5358 2603 5428 τὴν
2629 5360 2691 5410 ἐκ
2722 5357 2974 5421 πίστεως,
3006 5357 3068 5409 ού
3098 5359 3206 5420 τοῖς
3231 5358 3347 5411 τότε
3376 5357 3533 5426 μόνον
3557 5354 3682 5416 τοὺς

2104 5454 2322 5522 ἀγῶνας
2346 5452 2565 5522 ὁρῶσιν,
2589 5449 2725 5503 ἀλλὰ
2755 5450 2845 5502 καὶ
2876 5452 2996 5511 ταῖς
3043 5450 3322 5511 ἐπιούσαις
3366 5446 3679 5519 προμηθούν

2106 5562 2264 5614 μενος
2303 5544 2537 5611 γενεαῖς.

2111 5791 2441 5845 praegressos
2474 5772 2949 5845 liberosrmarlyrii
2998 5771 3242 5839 palrestra
3299 5782 3504 5845 secula.
3537 5770 3675 5823 Sunt

2104 5843 2307 5901 ltmc‘dc
2336 5845 2618 5899 Anastasia
2653 5843 2812 5895 vidua
2858 5850 3108 5911 accltratn
3140 5858 3202 5893 ac
3241 5858 3397 5906 pura,
3431 5844 3542 5911 ipsa
3576 5853 3669 5893 ca-

2100 5919 2220 5973 dem
2245 5932 2365 5987 quae
2396 5918 2448 5970 in
2484 5915 2697 5969 Menaeis
2730 5924 2780 5968 ct
2806 5913 2859 5967 in
2891 5913 3040 5967 Actis
3074 5910 3339 5981 Metaplir.
