4008 6582
277 475 382 542 345

1100 465 1382 541 ORATIO
1420 482 1603 543 xvn.
1643 509 1707 520 —
1734 484 1815 545 IN
1850 485 2162 552 LtUDEtt
2207 495 2267 557 s.
2301 495 2775 558 ANASTASI/B.

3454 495 3561 561 246

359 586 578 657 Ἐπειδὴ
635 584 815 640 τοίνυν
858 587 1013 643 ταῦθ’
1061 588 1235 654 οὕτως
1282 590 1427 660 ἔχειν
1485 592 1665 656 καλῶς
1716 595 1868 647 ὑπεί-

2048 601 2499 677 Ouandoquidcm
2546 608 2713 679 igitur
2737 607 2850 663 haec
2882 622 2942 663 se
2966 617 3118 664 recte
3147 607 3351 664 habere
3383 612 3560 666 visum

277 681 503 751 ληπται,
535 678 669 750 φέρε
688 679 752 750 δὴ
775 681 868 734 καὶ
895 682 1077 751 ἡμεῖς,
1107 683 1452 755 κυϐερνήτην
1490 688 1591 755 μὲν
1620 688 1876 741 ἐπικαλε-

277 774 507 844 σάμενοι
532 774 625 826 τὸν
650 774 993 844 ἀγωνοθέτην
1018 776 1254 845 Χριστόν
1274 793 1289 807 ο
1325 777 1495 848 οὐρίῳ
1521 779 1577 833 δὲ
1604 779 1880 851 πνεύματι

275 866 356 937 τῷ
384 864 733 936 Παρακλήτῳ
775 866 1127 937 κεχρημένοι,
1156 867 1234 936 τῷ
1286 869 1515 937 πελάγει
1567 872 1630 941 δὴ
1680 872 1878 942 τούτῳ,

275 955 387 1010 τῶν
411 956 513 1026 τῆς
551 956 795 1026 μεγάλης
836 958 1192 1021 Ἀναστασίας
1226 959 1406 1012 ἄθλων
1452 960 1544 1013 τὸν
1581 960 1737 1029 λόγον
1783 964 1873 1014 ἑπ-

275 1050 530 1119 αφῶμενο
562 1049 723 1104 τοῦτό
748 1068 811 1119 γε
841 1050 907 1103 δι’
939 1051 1103 1122 εὐχῆς
1130 1051 1343 1122 ἔχοντες
1374 1054 1553 1124 μόνον,
1579 1054 1720 1108 ὥστε
1752 1071 1880 1109 κατ-

275 1142 604 1213 ευθυνθῆναι
660 1145 760 1214 μὲν
802 1146 934 1215 ἡμῖν
984 1145 1045 1197 τὸ
1091 1145 1297 1215 σκάφος
1343 1147 1438 1200 τοῦ
1485 1148 1578 1201 νοῦ
1619 1149 1756 1215 πρὸς
1788 1148 1881 1201 τὸν

274 1235 379 1305 τῆς
417 1236 676 1303 ἀληθείας
714 1236 1015 1301 ἀκινδύνως
1060 1238 1263 1309 ὅρμονσ
1312 1240 1402 1292 τὸν
1448 1239 1793 1293 παντοδαπδν
1822 1240 1880 1293 δὲ

275 1326 387 1381 τῶν
412 1327 738 1397 ἀγωγίμων,
770 1329 866 1382 εἴτ’
890 1324 983 1382 οὖν
1007 1330 1245 1383 ἐπαίνων
1273 1331 1493 1401 φόρτον,
1520 1326 1608 1385 οἶα
1630 1332 1694 1403 δὴ
1720 1350 1880 1403 κεχα-

278 1420 515 1491 ρισμένα
557 1420 707 1491 δῶρα
749 1421 845 1473 καὶ⁹
890 1420 1042 1491 φίλα,
1072 1424 1137 1493 τῇ
1183 1422 1666 1495 παρθενομάρτυρι
1715 1442 1889 1496 προσ--

278 1514 550 1577 ενεγκεῖν.

354 1606 574 1670 Ἀλλοις
616 1606 714 1674 μὲν
754 1604 847 1659 οῦν
884 1606 1119 1677 πατρίδα
1160 1608 1260 1677 τὴν
1296 1607 1545 1678 βασιλίδα
1580 1609 1673 1662 καὶ
1706 1625 1880 1677 μεγαο

276 1694 499 1749 λόπολιν
542 1695 771 1765 αὐχοῦσι
813 1695 1067 1767 Ῥώμην,
1115 1697 1208 1751 καὶ
1245 1698 1436 1766 γένους
1485 1699 1540 1751 δὲ
1596 1699 1705 1752 τῶν
1748 1697 1880 1768 παρ’

277 1790 467 1853 αὐτοῖς
493 1789 720 1860 λαχοῦσι
745 1790 1022 1862 λαμπροῦ,
1048 1791 1256 1855 ἔξεστιν
1280 1792 1409 1856 ἴσως
1434 1793 1879 1863 μεγαλοφρονεῖν,

276 1881 373 1935 καί
400 1899 455 1935 τι
478 1882 643 1935 πλέον
676 1881 784 1935 τῶν
816 1882 1191 1954 ἁγενεστέρων
1220 1883 1365 1954 ἔχειν
1386 1884 1560 1937 δοκεῖν
1582 1900 1595 1914 ·
1625 1879 1707 1945 οἷς
1728 1884 1882 1938 οὐδὲν

277 1974 493 2029 οἴκοθεν
524 1974 740 2045 ἔχουσιν
790 1976 871 2039 είς
913 1974 1299 2045 εὐδοκίμησιν.
1344 1976 1597 2029 ἐντεῦθεν
1651 1976 1872 2030 εύκλειά

277 2082 363 2130 τις
394 2064 790 2137 προσγίνεσθαι
821 2065 1102 2135 νομίζεται
1125 2081 1138 2094 °
1168 2070 1235 2137 τῇ
1264 2066 1321 2120 δὲ
1368 2066 1521 2120 οὐδὲν
1549 2062 1702 2137 οἶμαι
1738 2068 1881 2137 μέγα

290 2156 515 2229 Ῥώμης
537 2158 843 2226 πεφυκέναι
873 2156 1121 2228 βλαστὸν.
1143 2156 1309 2211 Οὐδὲν
1330 2157 1466 2229 αὐτῇ
1500 2158 1560 2211 τὸ
1589 2157 1880 2228 ἐπίσημον,

279 2250 331 2303 εί
361 2250 559 2318 γενεᾶς
582 2246 717 2303 οὖσα
741 2249 1001 2317 τυγχάνοι
1040 2248 1373 2320 περιφανοῦς
1399 2266 1414 2281 ο
1446 2248 1754 2303 τούναντίον
1782 2249 1883 2319 μὲν

279 2341 397 2407 οῦν,
452 2341 597 2412 μέγα
644 2344 709 2412 τῇ
769 2341 925 2394 πόλει
968 2341 1279 2407 Ῥωμαίων,
1320 2341 1382 2394 τὸ
1440 2340 1649 2395 πολῖτιν
1695 2340 1884 2410 αὐχεῖν

291 2433 674 2489 ’Δναστασίαν.
721 2432 1015 2503 Ἐπίσημοι
1063 2432 1120 2485 δὲ
1168 2432 1237 2485 δι’
1276 2432 1466 2502 αὐτὴν,
1499 2434 1596 2502 οὐχ
1651 2433 1701 2485 οἱ
1744 2432 1883 2485 κατὰ

281 2528 445 2598 σῶμα
473 2527 758 2595 συγγενεῖς
782 2526 943 2595 μόνον
959 2566 973 2590 ,
1001 2524 1181 2594 πολλῷ
1206 2525 1262 2577 δὲ
1288 2525 1451 2578 πλέον
1468 2525 1517 2577 οἱ
1543 2524 1629 2577 διὰ
1649 2525 1884 2587 πίστεως

280 2621 423 2689 αὐτῇ
472 2617 1005 2689 προσοικειούμενοι.
1040 2618 1164 2681 Πῶς
1196 2616 1290 2671 οῦν
1334 2617 1592 2688 πατρίδος
1622 2617 1655 2688 ἢ
1692 2618 1883 2683 γένους

283 2714 577 2783 σεμνότητι
626 2711 989 2781 σεμνύνεσθαι
1027 2712 1269 2780 νομίζειν
1310 2711 1479 2775 εἰκὸς,
1524 2711 1621 2781 τὴν
1666 2710 1883 2775 ἁπάσας

280 2805 391 2860 τῶν
410 2805 621 2859 πιστῶν
647 2803 841 2873 γενεὰς
867 2804 934 2857 δι’
956 2804 1265 2876 ὑπερϐολὴν
1292 2804 1577 2874 ἁγιότητος
1606 2802 1882 2873 ἐξευγενί-

284 2896 485 2959 ζουσαν
508 2913 524 2961 ;
548 2896 740 2959 Οὐδεὶς
768 2896 991 2958 ἔπαινος
1027 2898 1296 2967 μάρτυσιν
1321 2913 1333 2925 ·
1366 2898 1485 2950 οὐδὲ
1510 2896 1740 2950 καθόλου
1772 2899 1884 2960 τοῖς

284 2990 491 3044 ἄνωθεν
511 3006 741 3059 γεγεννη
751 2989 950 3058 μένοις,
978 2990 1226 3059 καὶπρὸς
1248 2990 1476 3059 οὐρανὸν
1500 2990 1560 3040 τὸ
1585 2989 1885 3058 πολίτευμα

288 3082 698 3152 μεταθεμένοις,
757 3082 789 3151 ἡ
837 3081 949 3133 τῶν
1002 3081 1153 3134 κάτω
1199 3082 1521 3151 λαμπρότης
1580 3082 1881 3149 συγγενῶν.

288 3173 450 3227 Ὅθεν
513 3174 609 3226 καὶ
661 3174 821 3244 ἡμεῖς
866 3172 935 3226 τὰ
991 3173 1141 3226 κάτω
1189 3173 1611 3242 παραλιπόντες,
1671 3176 1735 3225 ὲκ
1778 3173 1885 3226 τῶν

1980 705 2088 762 est,
2119 714 2217 769 age
2246 699 2359 769 jam
2401 715 2504 757 nos
2554 716 2776 771 quoque
2802 702 3122 757 Certaminis
3153 702 3381 773 praeside
3406 702 3567 758 Chri-

1982 800 2067 845 sto
2144 792 2510 861 gubernatore
2583 794 2858 857 invocato,
2936 797 3294 865 secundoque
3353 796 3563 867 Spiritu

1982 889 2146 949 atque
2199 882 2380 937 alllattt
2428 883 2712 939 Paracleto
2772 886 2882 952 usi,
2911 885 3040 941 huic
3081 902 3289 956 magna:
3324 888 3563 941 Anasta-

1982 974 2077 1027 sia:
2125 976 2487 1030 certaminum
2563 978 2752 1047 pelago
2806 993 3114 1032 sermonem
3178 978 3560 1042 immittamus,

1985 1052 2152 1119 unum
2199 1066 2302 1120 hoc.
2352 1067 2621 1123 duntaxat
2653 1070 2706 1124 in
2738 1070 2881 1126 votis
2920 1070 3204 1135 habentes,
3259 1082 3314 1125 ut
3366 1073 3566 1127 mentis

1984 1167 2186 1213 nostra:
2205 1160 2405 1230 scapha
2430 1160 2497 1215 ad
2523 1163 2766 1217 veritatis
2796 1173 3011 1229 portum
3044 1172 3165 1218 tuto
3195 1164 3483 1234 dirigatur,
3510 1172 3567 1219 et

1983 1262 2044 1307 ttt
2075 1253 2254 1307 omnis
2282 1254 2496 1324 generis
2524 1256 2787 1311 mercium
2833 1257 3079 1327 (laudum
3114 1258 3349 1313 scilicetl
3376 1267 3564 1313 vectu-

1983 1359 2098 1397 ram
2133 1343 2357 1414 (quippe
2380 1352 2532 1417 grata
2579 1362 2806 1401 munera
2851 1348 3181 1419 placitaque)
3218 1349 3420 1419 virgini
3483 1358 3566 1403 at-

1983 1451 2089 1505 que
2128 1437 2353 1507 martyri
2399 1435 2720 1493 offeramus.

2056 1626 2301 1696 Reliquis
2322 1626 2565 1698 quidem,
2606 1632 2697 1697 qui
2733 1631 2923 1685 urbem
2961 1639 3250 1700 augustam
3284 1646 3566 1703 magnam-

1984 1737 2090 1787 que
2160 1719 2383 1775 Romam
2466 1724 2697 1793 patriam
2765 1726 3089 1795 glorientur,
3156 1728 3360 1797 quique
3417 1727 3568 1781 claro

1984 1811 2171 1867 Romae
2195 1829 2391 1885 genere
2412 1816 2519 1868 nati
2544 1816 2673 1877 sint,
2694 1816 2858 1871 liceat
2884 1816 3113 1872 forsitan
3147 1820 3318 1872 altum
3352 1834 3567 1888 sapere,

1985 1918 2150 1975 atque
2204 1906 2381 1975 majus
2413 1908 2616 1977 aliquid
2654 1924 2761 1977 prae
2798 1910 3022 1979 ignobili
3057 1913 3217 1982 vulgo
3263 1911 3434 1966 videri
3473 1927 3567 1964 na-

1985 2009 2103 2054 ctos
2133 2015 2253 2054 esse
2286 2016 2299 2051 :
2329 2001 2530 2070 quibus
2567 2003 2823 2055 nimirum
2853 2018 2977 2056 cum
3009 2020 3035 2057 a
3073 2019 3131 2058 se
3175 2004 3311 2058 nihil
3349 2004 3571 2058 virtutis

1986 2092 2051 2147 ad
2092 2093 2396 2149 claritatem
2428 2095 2685 2155 habeant,
2722 2096 2903 2165 aliqua
2944 2098 3071 2152 inde
3099 2097 3326 2151 claritas
3378 2096 3567 2151 videa-

1987 2197 2074 2239 tur
2103 2187 2393 2251 accedere;
2423 2187 2729 2241 Anastasice
2765 2204 2914 2253 vero,
2950 2189 3086 2243 nihil
3144 2206 3403 2257 magnum
3460 2190 3570 2243 exi-

1986 2280 2149 2335 stimo
2179 2279 2364 2334 Romae
2401 2296 2619 2349 germen
2648 2281 2841 2337 fuisse.
2878 2280 3020 2336 Nihil
3045 2283 3118 2337 illi
3149 2274 3386 2347 illustre,
3419 2280 3568 2349 quod

1988 2372 2186 2427 illustri
2222 2372 2480 2443 claraque
2510 2382 2628 2426 orta
2679 2375 2937 2444 progenie
2965 2392 2979 2440 ;
3010 2390 3169 2431 secus
3202 2390 3331 2429 vero
3373 2390 3568 2442 magna

1987 2464 2102 2519 lucc
2128 2461 2389 2520 Romana:
2445 2466 2681 2520 civitatis
2736 2467 3077 2537 przeSIantia,
3112 2466 3403 2522 Anastasia
3452 2466 3569 2536 glo-

1985 2557 2118 2611 riari
2148 2557 2287 2611 cive.
2326 2557 2473 2612 Clari
2515 2575 2643 2615 vero
2672 2559 2793 2629 ejus
2835 2559 3034 2629 gratia,
3066 2560 3267 2615 nedum
3316 2560 3567 2630 corporis

1987 2649 2064 2703 illi
2113 2648 2375 2704 alliuitate
2403 2651 2707 2719 conjuncti,
2744 2653 2838 2707 sed
2872 2663 2925 2709 et
2984 2654 3144 2723 longe
3186 2653 3382 2724 magis,
3445 2650 3572 2707 tidel

1987 2740 2184 2795 merito
2243 2742 2505 2811 cultuque
2584 2742 2633 2796 ei
2704 2744 3021 2799 ttccessnrii.
3098 2743 3347 2809 Quonam
3408 2742 3573 2813 igitur

1990 2831 2173 2894 modo,
2207 2831 2395 2902 patria:
2424 2832 2540 2889 sive
2573 2834 2791 2905 generis
2836 2836 3088 2890 claritate
3136 2835 3414 2890 honestari
3449 2835 3576 2905 jure

1990 2926 2231 2996 putanda
2294 2928 2385 2989 sit,
2433 2942 2555 2997 qua:
2602 2928 2914 2983 sanctitatis
2977 2930 3299 2984 excellentia
3343 2938 3572 2983 cunctas

1990 3017 2251 3084 praeclare
2309 3019 2694 3085 generationes
2726 3020 3025 3073 nobilitat?
3053 3017 3272 3072 Nullam
3312 3020 3571 3089 martyri-

1994 3106 2095 3159 bus
2143 3104 2387 3171 laudem,
2451 3120 2550 3158 nec
2613 3121 2838 3173 prorsus
2888 3107 2995 3160 illis
3052 3122 3283 3173 quorum
3342 3122 3371 3160 e
3417 3104 3574 3161 cmlis

1992 3197 2252 3251 nativitas
2284 3204 2387 3261 est,
2418 3211 2483 3251 ac
2517 3198 2607 3266 qui
2648 3214 2807 3251 suum
2854 3198 3250 3269 municipatum
3280 3199 3332 3251 in
3369 3199 3571 3252 coelum

287 3268 501 3322 οίκείων
524 3265 1035 3337 ἀνδραγαθημάτων
1059 3268 1126 3336 τῇ
1171 3264 1407 3336 μάρτυρι
1438 3270 1562 3329 τοῦς
1591 3266 1698 3319 τῶν
1721 3266 1877 3319 ἐπαί-

1993 3289 2411 3353 transtulerunt,
2500 3298 2845 3343 terrenorum
2925 3290 3150 3345 claritas
3216 3300 3573 3360 cognatorum

287 3377 388 3414 νων
419 3358 823 3431 άναδησῶμεθα
856 3359 1178 3429 στεφάνους.

364 3637 429 3692 Ἦ
458 3639 557 3709 μὲν
606 3637 701 3692 οῦν
726 3636 786 3703 ἐξ
830 3636 1003 3707 ἀρχῆς
1032 3636 1202 3707 αὑτῆς
1244 3636 1450 3707 βίωσις,
1496 3639 1594 3692 εἰτ’
1627 3639 1718 3692 οὖν
1755 3640 1885 3693 ἀνα-

292 3733 522 3804 στροφὴ,
548 3732 689 3801 καλή
750 3748 809 3784 τε
851 3730 946 3785 καὶ⁸
983 3730 1163 3785 δεξιά·
1215 3733 1309 3785 καὶ
1351 3732 1471 3786 οἵαν
1516 3733 1662 3797 είκὸς
1694 3736 1887 3788 ἀνατε-

288 3825 550 3896 θράφθαι,
579 3824 679 3895 τὴν
706 3824 839 3893 πρὸς
868 3823 1206 3894 τηλικαύτην
1246 3828 1648 3897 ταμιευομένην
1680 3844 1882 3897 μαρτυο

291 3920 432 3989 ρίαν.
472 3916 833 3986 Ἐγκράτειαν
883 3916 981 3987 μὲν
1004 3916 1113 3987 γὰρ
1139 3918 1171 3986 ἡ
1200 3918 1561 3988 πανάμωμος,
1586 3920 1684 3989 οὐχ
1715 3918 1885 3973 ὕπνου

292 4013 471 4081 μόνον,
498 4010 617 4063 οὐδὲ
650 4009 956 4080 βρωμάτων
982 4010 1076 4063 καὶ
1105 4010 1365 4081 πομάτων
1390 4052 1405 4077 ,
1436 4011 1570 4066 ἀλλὰ
1598 4015 1692 4065 καὶ
1716 4012 1887 4083 θυμοῦ

291 4104 493 4168 παντὸς
520 4104 615 4158 καὶ
640 4102 935 4173 ἐπιθυμίας
958 4102 1154 4171 ἀλόγου
1181 4104 1528 4174 κατορθοῦσα
1552 4121 1566 4137 ο
1589 4106 1683 4158 καὶ
1711 4104 1889 4172 γλῶσ-

292 4215 389 4250 σαν
437 4194 767 4267 χαλινοῦ-τα,
821 4196 917 4251 καὶ
976 4198 1160 4250 πᾶσαν
1213 4197 1503 4266 αἴσθησιν,
1557 4197 1652 4249 καὶ
1712 4198 1891 4250 πᾶσαν

289 4289 468 4359 ψυχῆς
514 4288 728 4358 κίνησιν
785 4288 1215 4358 παιδαγωγοῦσα
1270 4288 1365 4341 καὶ
1419 4286 1888 4357 κατακοσμοῦσα³

290 4383 468 4452 ἀενάῳ
512 4384 567 4435 δὲ
621 4386 897 4453 προσευχῇ
940 4384 1035 4437 καὶ⁹
1092 4382 1297 4453 μελέτῃ
1351 4383 1460 4434 τῶν
1504 4382 1665 4452 ἱερῶν
1702 4380 1889 4453 σχολάο

292 4474 463 4537 ζουσα
495 4475 756 4544 Γραφῶν,
787 4476 972 4543 νεκροῖ
1004 4474 1102 4544 μὲν
1135 4473 1203 4526 τὰ
1245 4473 1381 4544 μέλη
1420 4476 1487 4527 τὰ
1521 4475 1613 4526 ἐπὶ
1645 4474 1744 4544 τῆς
1768 4474 1891 4543 γῆς,

292 4570 635 4633 ζωοποιεῖται
663 4567 717 4620 δὲ
743 4566 1047 4636 πνεύματιο
1084 4565 1296 4629 τούτοις
1326 4566 1384 4620 δὲ
1421 4567 1521 4634 τῆς
1547 4567 1751 4636 ἀρετῆς
1780 4568 1894 4628 τοῖς

1987 3380 2242 3436 conferre
2295 3381 2572 3437 censenda
2630 3392 2734 3436 est.
2797 3381 3164 3448 Quamobrem
3220 3384 3320 3453 ipsi
3356 3400 3577 3451 quoque

1989 3472 2096 3530 illis
2122 3473 2346 3529 omissis
2375 3488 2497 3545 qua?
2526 3484 2744 3529 terrena
2777 3482 2928 3536 sunt,
2970 3490 3030 3531 ex
3092 3475 3327 3545 propriis
3362 3474 3573 3528 facino—

1988 3569 2140 3623 ribus
2168 3566 2389 3622 laudum
2423 3584 2655 3623 coronas
2692 3569 2915 3642 martyri
2948 3575 3329 3624 contcxamus.

2058 3657 2196 3714 Vitae
2227 3660 2395 3730 igitur
2444 3676 2473 3712 a
2518 3659 2789 3731 principio
2840 3660 3002 3724 ratio,
3056 3660 3171 3716 sive
3209 3658 3573 3721 conversatio,

1990 3755 2158 3825 proba
2193 3763 2357 3824 atque
2393 3755 2626 3824 ingenua
2657 3756 2749 3809 fuit
2779 3774 2794 3823 ;
2849 3755 2996 3822 quali
3029 3755 3289 3809 nimirum
3352 3736 3574 3808 educari

1989 3847 2372 3909 conveniebat.
2434 3866 2556 3917 qnze
2607 3850 2671 3900 ad
2724 3858 2934 3902 tantum
2985 3847 3233 3919 martyrii
3296 3857 3576 3902 certamen

1992 3950 2324 3996 servaretur.
2360 3940 2767 3994 (Iontiuentiam
2832 3940 2975 3994 enim
3028 3956 3255 4010 prorsus
3318 3941 3579 3992 innnaru-

1994 4032 2124 4098 lata,
2152 4031 2349 4086 nedum
2383 4046 2411 4083 a
2447 4046 2663 4087 somno.
2709 4032 2943 4101 ciboque
2969 4039 3024 4083 rt
3057 4042 3183 4099 potu
3213 4038 3448 4092 tantttm,
3480 4028 3575 4081 sed

1992 4125 2047 4172 ct
2083 4118 2148 4171 ad
2183 4117 2330 4170 omni
2367 4118 2444 4171 ira
2470 4119 2811 4185 adversaque
2866 4118 3058 4171 rationi
3117 4116 3415 4186 cupiditate
3476 4116 3576 4168 im-

1996 4210 2169 4278 plens,
2219 4208 2571 4278 linguamque
2643 4206 2886 4271 frenatis,
2942 4221 3273 4276 omnemque
3325 4220 3573 4269 sensum,

1996 4304 2159 4366 atque
2190 4296 2354 4348 animi
2382 4305 2584 4348 tnotnm
2605 4311 2823 4348 omnem
2843 4296 3116 4363 castigans
3140 4310 3575 4365 perornansqne,

1993 4387 2109 4457 jttgi
2149 4386 2384 4455 denique
2414 4386 2646 4441 orationi
2711 4403 3107 4455 sacrarumque
3165 4388 3575 4457 Scriptttrarnm

2001 4476 2341 4531 meditationi
2375 4493 2598 4538 vacans,
2635 4478 2875 4531 membra
2911 4494 3030 4547 quae
3088 4488 3215 4531 sunt
3277 4494 3443 4549 super
3470 4487 3580 4532 ter-

2002 4578 2111 4622 tam
2165 4567 2456 4623 tnortilicat
2484 4568 2553 4634 ⁸⁷,
2617 4568 3033 4639 vivilicaturque
3092 4570 3341 4639 spiritu:
3412 4582 3579 4641 atque

290 4662 476 4721 ὅπλοις
508 4660 952 4731 κατοχυρωθεῖσα
974 4676 987 4689 ’
1029 4660 1230 4730 μᾶλλον
1276 4660 1332 4714 δὲ
1370 4660 1604 4732 Χριστὸν
1632 4659 1753 4713 ὅλον
1801 4660 1885 4713 διὰ

1999 4660 2151 4714 hisce
2178 4657 2398 4712 virtutis
2432 4658 2602 4713 armis
2633 4660 2967 4711 communita
2996 4675 3010 4713 :
3046 4663 3141 4714 situ
3176 4660 3357 4729 potius
3406 4668 3578 4712 totum

290 4755 397 4807 τῶν
426 4754 663 4826 ἀρετῶν,
690 4752 763 4817 ὡς
815 4752 1043 4827 θώρακα
1077 4751 1447 4821 δικαιοσύνης,
1479 4751 1554 4815 ὡς
1589 4769 1889 4821 περικεφα-

292 4846 451 4899 λαίαν
508 4845 812 4917 σωτηρίου,
863 4845 938 4909 ὡς
998 4844 1272 4915 μάχαιραν
1329 4843 1584 4912 δίστομον
1632 4844 1892 4897 καθοπλιο

295 4936 485 4989 σθεῖσα
506 4952 519 4966 ·
550 4937 736 5006 ἐπειδὴ
774 4936 912 5007 πρὸς
939 4935 1279 5004 τελειοτέραν
1317 4929 1452 5005 ἧκεν
1484 4933 1722 5003 ἠλικίαν,
1754 4934 1891 5005 πρὸς

298 5028 657 5099 ίσχυροτέραν
705 5028 883 5099 πάλην
926 5027 1021 5080 τοῦ
1066 5026 1360 5097 δράκοντος
1393 5068 1407 5089 ,
1460 5025 1556 5078 τοῦ
1617 5025 1891 5078 θάλασσαν

300 5120 419 5196 μὲν,
437 5120 631 5190 ὥσπερ
656 5119 1027 5188 ὲξάλειπτρον.
1055 5120 1197 5172 κατᾶ
1215 5119 1305 5170 τὸν
1345 5117 1487 5183 Ἰὼϐ,
1515 5118 1888 5189 ἡγησαμένου’

295 5215 372 5277 είς
401 5213 711 5284 περίπατον
741 5213 795 5265 δὲ
827 5213 925 5281 τὴν
964 5212 1200 5267 ἄϐυσσον
1239 5211 1634 5279 λογισαμένου·
1673 5210 1769 5264 τοῦ
1814 5210 1897 5263 σί-

294 5305 457 5377 δηρον
500 5306 619 5374 μὲν,
660 5306 873 5376 ἄχυρα·
921 5305 1119 5375 χαλκὸν
1160 5306 1240 5367 δὲ,
1278 5306 1351 5365 ῶς
1393 5302 1550 5370 ξύλον
1585 5301 1784 5373 σαθρὸν
1808 5321 1891 5356 νο-

299 5400 573 5467 μίζοντος.
604 5399 761 5453 Κατὰ
790 5396 980 5450 τούτου
1028 5399 1207 5462 νεᾶνις
1251 5395 1435 5466 ἁπαλὴ
1474 5397 1565 5449 καὶ
1599 5397 1897 5467 ἀπειρόγα-

300 5505 419 5555 μος,
461 5488 671 5558 σφόδρα
708 5487 1132 5558 κατευμεγεθεῖν
1175 5486 1531 5541 νεανιεύεται.
1575 5486 1633 5540 ’0
1662 5486 1740 5549 δὲ,
1776 5488 1896 5549 ταῖς

297 5580 402 5634 ἀπὸ
439 5579 552 5632 τῶν
585 5576 862 5647 λογισμῶν
900 5580 964 5632 ὲκ
996 5578 1247 5647 νεότητος
1288 5577 1470 5632 ἀκίσιν
1516 5578 1892 5647 έναλλόμενος,

300 5671 393 5722 καὶ
419 5669 684 5735 ποικίλως
714 5674 834 5733 ταῖς
865 5671 1268 5724 ὲπαναστάσεσι
1317 5670 1406 5724 διὰ
1448 5670 1556 5722 τῶν
1596 5669 1782 5722 παθῶν
1810 5673 1900 5743 ὲῤ-

304 5761 489 5830 ραγείς
511 5776 529 5793 ο
556 5762 679 5815 ἐπεὶ
707 5763 783 5833 μὴ
805 5758 911 5825 οἶός
935 5781 993 5816 τε
1031 5764 1252 5832 γέγονεν
1265 5763 1363 5833 τῆς
1390 5764 1557 5833 κόρης
1592 5781 1899 5835 καταστραο

378 5938 419 5970 ⁸⁷
454 5938 667 5993 Coloss.
708 5955 785 6005 ut,
952 5941 994 5973 ¹⁴⁸
1023 5940 1333 6012 Εμὶιυερνι,
1376 5944 1460 5997 Η.

1538 5944 1579 5972 ⁸⁹
1603 5942 1702 5997 Joh
1738 5960 1847 6007 xu,
1880 5945 1963 5999 ‘18.

1998 4751 2279 4806 Christum
2310 4753 2573 4805 virtutum
2602 4753 2776 4816 cultu,
2820 4751 2967 4805 velut
2990 4752 3214 4806 loricam
3248 4753 3477 4820 justitim
3508 4752 3579 4817 ⁵⁸,

1998 4847 2147 4900 velut
2177 4844 2435 4899 salutaris
2466 4844 2699 4913 galeam,
2743 4845 2893 4897 velut
2950 4845 3189 4912 gladium
3253 4845 3579 4913 ancipitem,

1999 4954 2150 4992 arma
2200 4945 2395 5001 nacta;
2430 4937 2518 4989 ubi
2543 4934 2652 5003 jam
2686 4936 2751 4989 ad
2785 4934 3167 5006 perlectiorcm
3213 4946 3424 4990 aetatem
3455 4952 3579 5005 per-

1999 5038 2244 5093 venerat,
2296 5028 2361 5082 ad
2425 5029 2704 5083 fortiorem
2737 5030 2999 5084 draconis
3055 5030 3255 5083 luctam
3306 5027 3446 5098 (ejus
3473 5027 3580 5082 sci-

1992 5125 2143 5186 liret,
2195 5125 2287 5193 qui
2337 5132 2561 5178 auctore
2610 5120 2769 5181 Jobo.
2831 5138 2985 5176 mare
3048 5132 3264 5192 reputat
3347 5128 3406 5175 ut
3481 5136 3581 5176 vas

1994 5213 2411 5284 unguentarium
2439 5212 2506 5276 δι’,
2548 5211 2917 5282 abyssumque
2961 5211 3121 5266 habet
3160 5211 3213 5264 in
3249 5209 3571 5265 deambula-

1994 5306 2192 5361 torintn
2224 5321 2239 5370 ;
2286 5314 2452 5372 atque
2494 5306 2696 5357 lerrum
2730 5304 2916 5374 paleas
2946 5304 3202 5362 aestimat,
3237 5318 3423 5373 avsque
3454 5310 3579 5355 tan-

1993 5414 2157 5468 quam
2189 5396 2379 5465 fragile
2411 5397 2661 5465 lignum)
2694 5397 2960 5452 adversus
3003 5397 3148 5451 hunc
3190 5406 3376 5451 tenera
3416 5396 3581 5449 innu—

1998 5500 2200 5560 ptaque
2256 5490 2432 5553 puella
2500 5489 2641 5544 vires
2698 5490 2936 5558 experiri
2989 5490 3314 5559 fortiterque
3368 5489 3578 5544 conniti

1998 5580 2180 5633 audet.
2216 5578 2310 5633 llle
2338 5594 2505 5649 porro
2552 5579 2948 5650 cogitatiomtm
2985 5596 3013 5633 a
3049 5580 3335 5649 juventute
3373 5578 3581 5634 aculeis

2000 5676 2253 5733 irruens,
2312 5672 2567 5741 varieque
2620 5673 3097 5742 perturbationum
3160 5671 3581 5741 insurgentibus

2004 5767 2245 5821 motibus
2268 5765 2492 5835 pulsans
2515 5774 2569 5822 ct
2611 5765 2973 5837 congrediens
2997 5807 3011 5831 ,
3043 5766 3186 5836 quod
3219 5765 3454 5836 puellam
3485 5777 3582 5821 ex-
