4008 6576
365 470 469 533 347

1521 462 1810 521 ΝΙΟΕΊΣΕ
1870 460 2058 519 ΡΜἮ
2076 463 2103 517 ι
2125 457 2396 516 AGONIS

3490 459 3599 520 318

352 593 596 649 pugnare
647 574 965 642 nequiverat
1004 572 1332 642 (quiuimo,
1369 570 1536 624 haece
1578 586 1754 640 pugna
1803 571 1910 621 lin-

2035 566 2258 637 τηγῆσαι
2283 579 2298 597 ⁸
2337 563 2538 634 μᾶλλον
2574 564 2674 634 μὲν
2703 559 2817 630 οὖν,
2845 567 2978 635 πρὸς
3011 565 3286 633 θεολογίαν
3317 564 3451 635 αὐτῇ
3481 567 3603 619 τού-

349 685 509 738 guam
538 669 585 720 ei
609 668 671 718 ad
697 666 877 718 divina
900 664 1057 718 verba
1083 662 1472 731 expeditionem
1497 661 1916 715 contentiorum-

351 775 455 825 que
481 757 807 817 reddiderat,
829 755 1200 822 adversusque
1223 754 1471 807 insanum
1500 753 1914 807 siuntlacrorum

353 852 559 901 cultum
593 887 607 902 .
663 849 762 900 etsi
825 847 1064 908 invitus,
1112 844 1490 898 vehementius
1550 841 1916 909 ineitaverat)

311 929 316 936 ’
354 941 561 993 insania
609 940 756 1000 furit,
792 939 987 1001 uritur,
1029 937 1178 990 rabie
1211 936 1491 1003 impletur,
1531 946 1715 1003 atque,
1755 943 1813 986 nt
1845 934 1919 986 ait

355 1031 660 1101 Scriptura,
695 1029 774 1081 Ex
816 1047 905 1082 ore
945 1029 1058 1097 ejus
1089 1026 1488 1097 egrediebantur
1524 1026 1790 1091 (antipodes
1828 1040 1919 1076 ac-

332 1116 539 1184 censa',
569 1134 615 1175 et
645 1121 1055 1188 projieicbantur
1086 1137 1224 1173 arere
1261 1121 1394 1190 ignis
1425 1121 1495 1172 9°.

427 1212 567 1267 Dens
599 1228 728 1267 sane
764 1215 816 1265 in
850 1213 1156 1275 altissimis,
1191 1212 1355 1280 hujus
1393 1213 1707 1267 certaminis
1739 1213 1924 1280 inspe-

353 1314 496 1368 ctor,
524 1316 689 1372 atque
722 1305 1074 1372 prazmiorntn
1108 1304 1318 1358 victrici
1350 1305 1689 1364 distributor,
1755 1305 1922 1360 silens

352 1396 734 1448 consistebat:
793 1411 985 1449 o-nnes
1035 1409 1164 1448 vero
1209 1396 1405 1462 angeli,
1446 1407 1609 1464 atque
1659 1396 1920 1450 uelox-nm

352 1502 546 1541 Omnes
573 1494 890 1555 potestates.
920 1488 1210 1555 spectaculi
1238 1487 1498 1540 aviditate
1529 1489 1922 1556 prospicientes

355 1579 506 1646 (Vere
535 1580 679 1632 enim
713 1580 908 1632 ttterito
943 1579 1276 1646 aspectabilc
1313 1589 1561 1634 coactum
1595 1579 1725 1634 illttd
1769 1581 1923 1634 thea-

353 1677 499 1724 trum
536 1669 690 1739 erat)
729 1671 814 1722 vix
860 1686 964 1724 non
998 1670 1172 1722 anxia:
1205 1672 1427 1741 virginis
1453 1685 1617 1725 causa
1654 1682 1830 1737 erant,
1859 1687 1926 1726 ne

355 1759 485 1828 quid
515 1759 718 1812 sinistri
750 1759 984 1827 malique
1008 1760 1150 1814 circa
1177 1760 1326 1813 illam
1350 1761 1708 1830 contingeret.
1731 1763 1807 1814 Ac
1830 1777 1925 1815 nec

355 1850 606 1903 homines
632 1849 699 1902 ab
725 1864 788 1902 eo
813 1851 1126 1918 spectaculo
1167 1850 1416 1903 aberant.
1443 1851 1630 1904 Omnis
1648 1849 1790 1904 enim
1813 1866 1927 1903 ma-

2018 674 2134 719 τοις
2157 657 2254 725 τὴν
2284 657 2532 725 γλῶσσαν
2563 658 2928 728 εὐτονωτέραν
2969 659 3272 727 ἀποφήνας,
3321 659 3416 711 καὶ
3461 659 3602 711 κατὰ

2017 755 2116 821 τῆς
2160 749 2548 817 είδωλομανίας
2589 749 2963 820 σφοδρότερον,
3002 751 3096 804 καὶ
3145 751 3219 821 μὴ
3261 750 3599 820 βουλόμενος,

2019 841 2297 913 ἠρέθισεν,
2348 843 2687 910 ἐκμαίνεται,
2737 843 2971 905 καίεται,
3001 846 3068 913 τῇ
3115 842 3285 914 λύσσῃ
3319 843 3601 913 καταπίμ-

2021 949 2246 1006 πραται.
2284 932 2414 997 Καὶ,
2449 935 2476 987 ὅ
2524 951 2686 1004 φησιν
2716 935 2748 1003 ή
2791 935 3001 1004 Γραφὴ,
3043 936 3142 989 Ἐκ
3164 935 3274 988 τοῦ
3299 937 3602 1001 στόματος

2019 1025 2208 1080 αὑτοῦ
2219 1025 2644 1094 ἐξεπορεύοντο
2659 1025 2968 1093 λαμπάδες
2984 1027 3313 1096 καιόμεναι,
3334 1027 3429 1078 καὶ
3449 1027 3602 1094 διερο

2015 1116 2345 1185 [immite-to
2373 1115 2623 1184 ἐσχάραι
2653 1116 2861 1182 πυρός.

2091 1208 2223 1270 Θεὸς
2260 1206 2358 1276 μὲν
2395 1202 2487 1259 οὖν
2541 1207 2598 1258 ἐν
2657 1207 2930 1274 ὑψίστοις,
2965 1207 3063 1274 τῆς
3098 1207 3336 1274 ἀγωνίας
3387 1208 3592 1279 ταύτης

2023 1298 2332 1370 καθήμενος
2362 1297 2578 1368 ἔφορος,
2626 1297 2720 1349 καὶ
2773 1296 2883 1348 τῶν
2937 1298 3184 1351 ἐπάθλων
3220 1301 3284 1368 τῇ
3323 1300 3603 1369 νικηφόρῳ

2025 1391 2320 1444 καθίστατο
2367 1388 2619 1459 βραϐεύς.
2673 1389 2927 1456 ’Ἄγγελοι
2957 1390 3013 1443 δὲ
3044 1390 3266 1452 πάντες,
3300 1391 3394 1442 καὶ
3430 1391 3601 1442 πᾶσαι

2023 1479 2130 1532 τῶν
2173 1479 2440 1549 οὐρανίων
2490 1478 2768 1546 δυνάμεις,
2820 1481 3206 1548 ἐπικεκεοφυίαι
3239 1480 3314 1550 τῷ
3348 1479 3599 1549 θεάματι·

2027 1571 2254 1641 θέατρον
2283 1569 2393 1640 γὰρ
2423 1568 2590 1633 ὅντως
2625 1569 2937 1634 ἀξιοθέατον
2970 1575 3362 1639 συνεκροτεῖτο·
3405 1571 3602 1641 μικροῦ

2025 1662 2135 1716 δεῖν
2193 1661 2446 1731 ἠγωνίων
2474 1661 2614 1732 ὑπὲρ
2638 1662 2736 1730 τῆς
2778 1663 3070 1733 παρθένου,
3110 1666 3182 1734 μή
3212 1682 3264 1717 τι
3298 1665 3405 1717 τῶν
3439 1665 3610 1719 ἀπευ-

2027 1753 2168 1806 κτῶν
2199 1753 2326 1824 περὶ
2363 1753 2531 1822 αὐτὴν
2580 1754 2841 1824 συμϐαίη.
2884 1754 3021 1806 Ἀλλ’
3059 1755 3167 1806 οὐδ’
3199 1754 3474 1825 ἄνθρωποι
3509 1757 3607 1822 τῆς

2028 1846 2258 1916 θεωρίας
2294 1847 2507 1914 ἐκείνης
2561 1847 2917 1898 ἀπελείποντο
2944 1865 2955 1876 ο
2999 1849 3146 1900 πᾶσα
3195 1847 3250 1900 δὲ
3293 1849 3326 1918 ή
3377 1850 3607 1916 μεγίστη

354 1943 500 1996 xima
530 1942 698 1996 Roma
729 1960 742 1997 :
775 1942 888 2011 jam
923 1958 1049 1994 vero
1076 1933 1240 1996 etiam
1273 1941 1540 2010 indigena!
1572 1943 1925 2010 extraneian

2039 1939 2261 2008 Ῥώμη·
2317 1939 2416 2008 ἤδη
2473 1939 2528 1991 δὲ
2589 1939 2682 1990 καὶ
2729 1939 2835 1990 τῶν
2875 1940 3186 2008 ἐπιχωρίων
3224 1941 3318 1992 καὶ
3353 1940 3518 2003 ξένιον
3556 1941 3608 1991 οἱ

355 2033 409 2087 in
435 2049 496 2088 ea
527 2042 808 2088 versantes
839 2033 1138 2087 Christiani
1174 2032 1478 2101 Graecique,
1508 2034 1572 2086 ad
1602 2034 1925 2088 sceleratum

356 2124 489 2179 illud
526 2125 785 2191 tribunal,
809 2127 971 2194 inque
999 2127 1089 2178 illo
1123 2127 1524 2194 praisidentem,
1557 2125 1922 2180 conﬂuebant.

353 2212 558 2282 Nempe
589 2213 795 2269 Probus
830 2214 915 2268 hic
932 2224 1070 2278 erat,
1106 2216 1480 2268 universarum
1515 2231 1692 2268 rerum
1719 2232 1927 2285 praeses

355 2313 410 2358 et
453 2303 643 2372 judex.
697 2303 1015 2358 iiut-rendus
1056 2306 1275 2372 quidam
1327 2322 1390 2358 ac
1432 2306 1700 2360 sollicitus
1759 2323 1927 2376 pavor

357 2399 623 2466 timorque
645 2413 834 2452 omnes
859 2399 1152 2462 invaserat,
1183 2396 1401 2452 Graecos
1428 2400 1667 2468 quidem,
1698 2417 1763 2455 ne
1792 2401 1928 2457 forte

357 2489 534 2556 puella
559 2489 806 2559 primoris
829 2490 1029 2559 spretis
1049 2491 1351 2544 terroribus
1369 2491 1925 2562 deosquedespieata,

356 2581 494 2635 mori
529 2583 707 2650 potius
745 2597 908 2652 quam
941 2581 1222 2636 Christum
1262 2584 1539 2652 abnegare
1569 2583 1794 2651 eligetet
1827 2601 1840 2638 :
1871 2594 1928 2640 ut

357 2673 484 2727 inde
524 2683 678 2727 certo
725 2683 1050 2744 argumento
1097 2674 1288 2728 falsam
1325 2689 1446 2730 esse
1488 2675 1701 2729 illorum
1733 2693 1927 2747 super-

358 2764 634 2818 stitionem
689 2765 942 2835 liqueret.
999 2763 1139 2835 lpsis
1196 2781 1323 2820 vero
1383 2767 1548 2820 etiam
1599 2765 1928 2826 Christianis

358 2857 578 2909 animus
604 2856 742 2910 clam
777 2855 1069 2912 formidine
1101 2858 1296 2912 anxius
1330 2867 1469 2924 erat,
1503 2869 1798 2931 pectusque
1831 2876 1930 2916 oc-

363 2947 510 3000 culte
539 2947 922 3016 constrepebat
956 2964 1020 3002 ac
1052 2948 1434 3012 collidebatur,
1465 2953 1753 3021 nequando
1778 2953 1930 3024 virgo

362 3035 644 3093 blanditiis
691 3039 952 3104 emollita,
1001 3049 1092 3094 aut
1138 3050 1534 3098 tormentorum
1584 3045 1632 3097 vi
1683 3042 1928 3112 fatigata,

363 3126 647 3198 fractaque
682 3129 755 3183 illi
788 3133 1119 3196 constantia,
1149 3133 1353 3200 aliquid
1383 3134 1662 3206 indignum
1686 3135 1928 3205 Christo,

358 3220 691 3292 illorumque
718 3238 815 3292 spe
852 3224 1158 3279 moliretur.

434 3312 666 3368 Exuitur
709 3314 890 3386 itaque
934 3317 1312 3374 astutissimus
1363 3318 1452 3373 ille
1503 3318 1572 3374 ad
1624 3321 1930 3391 palastratn

359 3403 530 3461 draco
565 3421 582 3472 ;
635 3407 768 3477 quin
816 3409 996 3477 potius
1035 3409 1265 3465 sibilans
1298 3410 1563 3467 adrersus
1603 3413 1809 3467 castam
1846 3429 1939 3469 co-

359 3495 602 3554 lumbam
651 3502 843 3569 sterpit.
877 3499 1053 3555 Grave
1101 3503 1247 3556 enim
1293 3504 1370 3556 illi
1417 3521 1479 3558 ac
1517 3505 1935 3574 drplorandum,

360 3589 509 3657 quod
533 3605 693 3643 omne
727 3591 961 3644 sublime
999 3589 1209 3656 videns,
1241 3589 1553 3662 Rege-tuque
1587 3609 1645 3648 se
1674 3611 1796 3649 esse
1831 3595 1941 3663 glo-

363 3683 516 3737 rians
564 3682 810 3736 omniurn
853 3684 1186 3738 versantium
1234 3684 1288 3738 in
1336 3687 1543 3755 aquis;
1589 3687 1830 3756 nullique
1880 3703 1940 3742 se

364 3776 602 3830 similem
633 3774 890 3845 dignatus
939 3777 1324 3831 eXsistentium
1379 3778 1480 3833 sub
1528 3779 1642 3833 sole
1668 3780 1740 3840 ",
1796 3782 1938 3835 nuda

365 3867 563 3937 put-lla.
588 3881 886 3936 saxumque
925 3867 1169 3938 fragilem
1198 3869 1278 3938 (ut
1311 3870 1682 3935 existimabat,
1707 3868 1942 3924 circnm-

363 3957 512 4021 data,
545 3972 649 4010 non
675 3958 908 4026 amplius
934 3958 1178 4012 haberet.
1210 3957 1516 4029 Ingreditur
1552 3961 1734 4028 itaque
1763 3959 1942 4029 ignote

365 4046 420 4102 in
462 4048 738 4101 theatrum
783 4049 1044 4104 draconis
1095 4050 1314 4115 obtutu,
1351 4048 1634 4118 leonisqne
1677 4052 1940 4106 adversus

363 4142 632 4212 v;rgittetn
677 4140 891 4194 fremitu
923 4160 937 4206 ;
981 4141 1240 4195 invisibili
1281 4140 1499 4208 quidem
1533 4150 1796 4211 apparatu
1832 4144 1939 4197 dae-

366 4249 593 4287 tnonnm
633 4233 966 4303 stipantibus
1003 4234 1194 4288 cuneis
1235 4251 1249 4298 ;
1298 4234 1499 4288 visibili
1539 4247 1690 4296 vero,
1738 4244 1942 4288 morta-

364 4324 496 4380 littm
528 4325 873 4395 iutpiissitnis
905 4325 1206 4380 confertus.

435 4416 742 4473 Confestim
793 4419 979 4486 itaque
1019 4417 1198 4470 delata
1239 4416 1303 4470 ad
1337 4416 1494 4470 Probi
1527 4419 1763 4472 tribunal
1800 4422 1943 4472 Ana-

366 4509 556 4573 stasia,
581 4505 869 4577 ablataque
891 4509 1170 4562 accusatio
1200 4507 1252 4559 in
1287 4508 1397 4560 haec
1429 4506 1538 4562 fere
1566 4510 1754 4562 Verba:
1787 4506 1944 4562 Pael-

2029 2030 2420 2099 ὲπιδημοῦντες
2472 2032 2786 2100 Χριστιανοὶ
2859 2031 2950 2082 καὶ
3004 2029 3306 2100 Ἕλληνες,
3360 2032 3498 2102 πρὸς
3549 2033 3608 2082 τὸ

2029 2122 2350 2192 παράνομον
2398 2123 2575 2173 ἐκεῖνο
2625 2119 2797 2189 βῆμα,
2832 2121 2925 2172 καὶ
2965 2119 3056 2172 τὸν
3088 2123 3174 2172 ἐπ’
3201 2122 3366 2174 αὑτοῦ
3396 2139 3609 2192 προκα-

2029 2213 2286 2283 θήμενον,
2317 2213 2626 2282 συνέρρεον.
2678 2212 2884 2279 Πρόΰος
2923 2211 2976 2264 δὲ
3017 2206 3170 2273 οὗτος
3210 2207 3298 2280 ἦν,
3331 2212 3438 2264 τῶν
3471 2213 3610 2264 ὅλων
3636 2243 3651 2255 .

2029 2307 2370 2376 πραγμάτιον
2417 2303 2639 2373 ἡγεμὼν
2692 2305 2786 2356 καὶ
2838 2304 3116 2372 δικαστής.
3165 2304 3372 2374 Φρικτὴ
3421 2303 3476 2355 δέ
3525 2322 3610 2368 τις

2028 2400 2273 2460 ἅπαντας
2309 2391 2454 2466 εἶχεν
2486 2395 2692 2464 ἀγωνία
2741 2397 2836 2448 καὶ
2873 2395 3008 2457 δέος·
3049 2395 3316 2466 ’Έλληνας
3350 2397 3470 2464 μὲν,
3505 2398 3613 2467 μή-

2028 2494 2196 2561 πωςὴ
2223 2491 2400 2552 νεᾶνις
2427 2489 2520 2542 τοῦ
2551 2487 2866 2541 δικαστικοῦ
2897 2489 3062 2557 φόϐου
3094 2489 3437 2558 κατολιγωρή
3449 2505 3608 2550 σασα,

2028 2584 2121 2638 καὶ
2159 2584 2284 2644 τοὺς
2313 2582 2468 2644 θεοὺς
2498 2579 2925 2644 ὲξουδενώσασα,
2974 2579 3156 2633 θανεῖν
3189 2580 3388 2648 μᾶλλον
3437 2581 3469 2651 ἢ
3511 2580 3612 2646 eg-

2027 2674 2328 2746 ομόσασθαι
2355 2671 2642 2742 βουληθείη
2675 2670 2765 2724 τὸν
2789 2671 3040 2741 Χριστόν
3067 2671 3142 2735 ὼς
3176 2671 3428 2724 ἐντεῦθεν
3466 2673 3610 2726 ἀπα-

2028 2767 2198 2838 τηλῆς
2233 2765 2415 2827 αὐτοῖς
2468 2762 2565 2834 τῆς
2604 2762 2904 2832 θρησκείας
2939 2762 3388 2834 ἀπελεγχομένης
3416 2778 3430 2793 ο
3475 2765 3613 2833 Χρι-

2031 2861 2268 2921 στιανοῖς
2323 2858 2381 2910 δὲ
2434 2857 2530 2910 καὶ
2569 2855 2753 2919 αὐτοῖς
2799 2857 2829 2924 ἡ
2865 2854 3012 2926 ψυχὴ
3051 2855 3336 2926 λαθριδίως
3380 2854 3612 2924 ἠγωνία,

2030 2954 2124 3008 καὶ
2171 2954 2204 3022 ή
2250 2951 2449 3023 καρδία
2509 2949 2756 3020 κρυφίως
2803 2951 3247 3016 συνεπαταγείτο,
3285 2949 3481 3018 μήπως
3514 2965 3615 3002 κα-

2028 3043 2498 3116 ταμαλακισθεῖσα
2548 3040 2684 3112 πρὸς
2716 3041 2814 3104 τὰς
2861 3039 3154 3102 κολακείας
3186 3041 3220 3112 ὴ
3258 3038 3548 3111 παρθένος,
3579 3039 3614 3108 ἦ

2031 3137 2168 3208 πρὸς
2197 3137 2299 3199 τὰς
2354 3134 2538 3198 αίκίας
2571 3133 3008 3204 ἀπηγορευκυῖα,
3039 3132 3257 3198 ἀνάξιόν
3285 3150 3338 3185 τι
3382 3132 3618 3203 Χριστοῦ

2032 3228 2129 3282 καὶ
2154 3226 2254 3296 τῆς
2287 3225 2467 3280 αὐτῶν
2493 3223 2708 3288 ἐλπίδος
2739 3223 3176 3294 καταπρᾶξαι-το.

2115 3317 2435 3373 Ἀποδύεται
2472 3315 2650 3370 τοίνυν
2706 3317 2736 3370 ὁ
2782 3315 3154 3384 παμμήχανος
3211 3314 3418 3378 ἐκεῖνος
3484 3313 3620 3383 πρὸς

2033 3411 2094 3462 τὸ
2123 3410 2353 3479 σκάμμα
2375 3407 2618 3479 δράκωνο
2651 3405 2852 3478 μᾶλλον
2889 3405 2946 3458 δὲ
2971 3405 3342 3475 προσερπύζει
3383 3407 3622 3476 συρίζων

2035 3503 2176 3556 κατὰ
2215 3501 2315 3570 τῆς
2352 3500 2523 3569 ἁγνῆς
2575 3499 2934 3570 περιστερᾶς.
2980 3497 3168 3551 Δεινδν
3200 3497 3311 3568 γὰρ
3357 3493 3499 3552 εἶναι
3525 3499 3620 3552 καὶ

2039 3593 2300 3662 σχέτλιον,
2339 3594 2388 3645 εί
2419 3593 2528 3645 πᾶν
2567 3590 2772 3662 ὑψηλὸν
2817 3588 2982 3662 ὁρῶν,
3019 3589 3270 3660 βασιλεὺς
3312 3590 3367 3643 δὲ
3403 3590 3621 3644 πάντων

2037 3686 2143 3739 τῶν
2188 3686 2244 3737 ἐν
2295 3686 2410 3748 τοῖς
2459 3683 2647 3738 ὕδασιν
2697 3683 2905 3753 αὑχῶνο
2946 3682 3122 3736 οὐδενὶ
3154 3683 3207 3736 δὲ
3240 3683 3350 3736 τῶν
3389 3683 3494 3736 ὑπὸ
3523 3683 3618 3736 τὸν

2037 3779 2187 3848 ἥλιον
2219 3778 2455 3848 ἐμφερὲς
2501 3774 2796 3840 καταξιῶν,
2835 3775 2909 3846 μὴ
2957 3775 3118 3828 πλέον
3167 3775 3277 3846 ἔχοι
3318 3776 3485 3846 κόρης
3524 3793 3624 3843 γυ-

2043 3871 2201 3940 μνῆς,
2236 3871 2331 3922 καὶ
2365 3869 2572 3940 σαθρὰν
2618 3866 3011 3938 περικειμένης
3059 3866 3239 3936 φύσιν,
3271 3867 3345 3930 ὡς
3374 3866 3622 3934 ὑπελάμ-

2041 3962 2222 4015 ϐανεν.
2250 3962 2457 4014 Εἴσεισι
2491 3960 2670 4014 τοίνυν
2694 3957 2991 4027 ἀγνώστως
3023 3959 3102 4021 εἰς
3135 3959 3196 4012 τὸ
3237 3959 3466 4027 θέατρον
3490 3959 3618 4028 δρα-

2041 4053 2308 4116 κοντῶδες
2335 4053 2496 4125 ὁρῶν,
2523 4054 2615 4105 καὶ
2646 4051 2911 4104 λεόντειον
2935 4049 3154 4121 βρέμων
3178 4049 3318 4103 κατὰ
3348 4050 3447 4113 τῆς
3483 4066 3622 4120 παρ-

2042 4142 2217 4196 θένου·
2267 4143 2362 4194 καὶ
2394 4141 2642 4211 ἀοράτως
2676 4141 2774 4210 μὲν
2807 4141 2926 4202 ταῖς
2969 4138 3273 4208 δαιμονίαις
3293 4137 3624 4208 δορυφορού-

2045 4251 2203 4305 μενος
2259 4235 2560 4303 στρατιαῖς.
2602 4231 2895 4302 ὁρωμένως
2933 4230 2991 4284 δὲ
3029 4231 3144 4293 τοῖς
3185 4227 3292 4283 τῶν
3323 4227 3624 4300 ἀνθρώπων

2043 4325 2426 4386 ἀσεϐεστάτοις
2473 4320 2961 4391 συγκροτούμενος.

2129 4415 2477 4485 Παραχρῆμα
2524 4413 2703 4465 τοίνυν
2757 4411 3019 4479 ἀνάγεται
3079 4410 3242 4480 φάσις
3299 4408 3378 4479 τῷ
3431 4407 3626 4478 Πρόϐῳ

2045 4507 2186 4559 κατὰ
2214 4505 2310 4572 τῆς
2350 4502 2729 4563 ’Λναστασίας.
2770 4503 3052 4570 Ἀνάγεται
3097 4501 3176 4564 δὲ,
3220 4501 3317 4564 Ὡς
3351 4501 3494 4567 κόρη
3535 4517 3626 4563 τις

369 4597 474 4650 lam
492 4598 772 4667 quamdam
787 4598 968 4666 procul
991 4599 1041 4651 in
1061 4599 1251 4667 angulo
1268 4597 1496 4666 quodam
1513 4600 1931 4653 contumeliosau

2052 4599 2360 4665 ὺϐρίστρια
2388 4592 2732 4661 Χριστιανὴ,
2775 4595 2843 4645 ἐν
2883 4591 3133 4660 ἐσχατιᾷ
3187 4609 3301 4645 τινι
3331 4591 3452 4645 σὺν
3495 4586 3624 4644 ὀλί-

368 4705 484 4741 rnm
550 4689 734 4751 paucis
783 4689 1100 4758 quibusdam
1157 4689 1455 4752 sedentem,
1532 4689 1637 4744 diis
1692 4693 1937 4745 omnibus

369 4779 555 4832 acerbe
578 4779 912 4844 maledicere,
932 4779 1020 4833 sed
1052 4789 1100 4833 et
1134 4782 1183 4832 in
1209 4781 1376 4847 ipsum
1406 4780 1631 4834 Probum
1670 4781 1939 4834 verborum

367 4873 613 4942 procacia
644 4873 898 4940 injuriam
935 4875 1525 4942 esse;everlendamque
1557 4874 1938 4940 imperatorem

371 4964 787 5018 tDiot-letiunum
819 4965 1070 5017 nimirum
1108 4965 1473 5018 universorum
1503 4977 1623 5019 tunc
1656 4966 1940 5032 imperium

369 5057 754 5128 moderantem)
781 5061 1086 5112 evertendas
1118 5068 1165 5110 et
1196 5059 1448 5127 pru'sides
1480 5058 1621 5110 clare
1649 5060 1943 5111 vaticinan-

369 5161 510 5214 tem;
540 5167 603 5202 ac
624 5148 889 5204 Christum
922 5150 1168 5220 quemdat
1235 5149 1420 5219 Regem
1448 5151 1716 5214 exsistere,
1741 5166 1802 5203 ac
1829 5149 1943 5218 [ore

370 5253 424 5295 ut
457 5245 498 5294 is
529 5242 668 5294 brevi
701 5241 977 5308 imperium
1015 5242 1069 5293 in
1109 5241 1444 5294 Christianos
1478 5238 1754 5307 trasferat,
1792 5255 1940 5292 asse-

369 5351 502 5390 rere.
540 5333 635 5388 llis
683 5335 867 5403 itaque
900 5333 1109 5387 Probus
1146 5332 1372 5395 auditis,
1403 5331 1705 5400 ell'renique
1747 5330 1932 5384 statim

440 5517 486 5548 ’°
523 5515 646 5570 Job.
681 5513 910 5580 xu,10.
983 5513 1023 5544 ⁹¹
1059 5513 1166 5568 lsa.
1207 5528 1319 5577 stv,
1359 5509 1444 5565 il.

443 5694 554 5778 (τῷ)
586 5698 690 5778 ῌις
711 5692 1101 5778 Χριστιανοὺς
1127 5691 1214 5778 δέ.
1253 5689 1378 5776 μειερ
1402 5691 1487 5746 sic
1515 5705 1722 5778 pressa,
1747 5687 1940 5778 deva-

373 5759 561 5820 tirinio
592 5759 954 5819 transferetuli
1007 5764 1200 5833 μικρδν
1251 5764 1396 5824 ὅσον,
1429 5759 1586 5831 quam
1617 5761 1740 5833 cito,
1769 5759 1938 5833 impe-

375 5838 514 5889 rium
550 5834 602 5888 in
633 5830 1211 5902 Christianos,'gravia
1237 5843 1385 5896 sttttt,
1421 5841 1477 5884 ut
1505 5831 1770 5884 suadeant
1815 5830 1942 5902 Dio-

370 5908 634 5962 cietianea
665 5915 928 5976 tempera,
970 5900 1080 5975 ipsa
1113 5903 1222 5975 jam
1286 5913 1542 5984 provecta
1579 5919 1591 5954 :
1627 5908 1684 5954 ut
1713 5900 1948 5955 senioris

2044 4707 2178 4759 γαις
2218 4687 2468 4749 ἄλλαις*
2489 4685 2815 4753 καθημένη,
2852 4683 3005 4750 θεοῖς
3035 4701 3097 4736 τε
3129 4681 3279 4739 πᾶσι
3325 4681 3627 4735 διαλοιδο-

2038 4778 2227 4848 ρεῖτιιι
2262 4774 2502 4843 πικρῶς
2539 4770 2825 4840 ἐνυϐρίζει
2876 4773 2943 4825 δὲ
2995 4772 3091 4825 καὶ
3136 4775 3223 4838 εἰς
3281 4771 3468 4824 αὐτὸν
3521 4771 3628 4823 τὸν

2047 4868 2310 4934 Πρόϐον·
2347 4864 2446 4918 καὶ
2501 4861 2931 4931 καταστροφὴν
2987 4862 3106 4930 μὲν
3162 4861 3267 4915 τοῦ
3319 4859 3627 4926 ,ϐασιλέως

2049 4955 2492 5037 (Διοκλητιανὸς
2529 4954 2599 5008 δὲ
2637 4956 2770 5009 τότε
2815 4951 2933 5007 τῶν
2955 4952 3113 5007 ὅλων
3151 4951 3337 5006 διεῖπε
3362 4952 3473 5019 τὴν
3519 4950 3624 5018 ἀρ-

2047 5051 2210 5122 χὴν),
2244 5048 2672 5117 καταστροφὴν
2706 5046 2774 5100 δὲ
2805 5047 3109 5115 ἡγεμόνων
3135 5045 3424 5114 λαμπρῶς
3445 5059 3627 5098 κατα-

2043 5141 2400 5214 μαντεύεται
2419 5156 2434 5169 ·
2470 5140 2568 5195 καὶ
2606 5139 2865 5207 Χριστὸν
2891 5136 3008 5206 μέν
3030 5153 3159 5190 τινα
3185 5134 3453 5200 ,ϐασιλέα
3484 5137 3628 5187 καθ-

2048 5231 2334 5289 εστάκειν
2378 5233 2464 5297 εις
2499 5228 2892 5299 Χριστιανοὺς
2921 5227 2990 5280 δὲ
3049 5229 3163 5298 (73)
3209 5227 3421 5282 τοῦτον
3447 5242 3627 5295 μετα-

2041 5324 2253 5391 θήσειν
2282 5323 2498 5396 μικρὸν
2543 5321 2694 5376 ὅσον
2741 5319 2856 5387 τὴν
2883 5319 3213 5385 ,ϐασιλείαν
3259 5317 3632 5372 διαϐεϐαιοῦ-

2044 5686 2408 5756 jttniorisque
2433 5680 2736 5756 Anastasite
2770 5679 3050 5756 distinctio
3077 5679 3296 5756 illorUm
3339 5677 3489 5732 forte
3533 5694 3624 5734 so-

2052 5749 2329 5812 lttmmodo
2368 5755 2460 5817 sit,
2501 5751 2597 5821 qui
2655 5751 3000 5807 Anastasiam
3043 5749 3304 5819 virginem
3336 5759 3629 5803 arcessunt

2052 5829 2118 5884 ad
2154 5824 2425 5881 Valeriani
2465 5832 2732 5890 tempora.
