4008 6582
263 508 363 573 349

1059 501 1340 564 ORATIO
1380 501 1544 567 XVII
1594 525 1661 534 σ-
1695 498 1775 557 IN
1817 494 2129 555 LAUDEH
2174 496 2232 555 S.
2278 493 2738 554 ANASTASI/E.

3396 494 3504 558 350

265 638 373 674 ται.
406 617 572 671 Ταῦτ’
599 616 694 671 οὖν
743 613 1015 686 ἀκηκοότα
1053 612 1281 684 Πρόόον,
1312 611 1524 681 ἁσχέτῳ
1558 610 1658 679 μὲν
1686 607 1829 662 ἁλῶν
1858 656 1860 662 λ

1948 612 2217 674 :orreptns
2250 606 2349 671 ira,
2380 604 2575 659 acerbo
2606 605 2862 658 mandato
2889 603 3119 673 puellam
3158 621 3277 659 mox
3307 605 3502 661 adduci

267 731 349 764 ναι
379 710 696 780 παραυτίκα
753 706 942 777 Θυμῷο
984 704 1167 776 πικρῷ
1209 705 1264 759 δὲ
1312 704 1697 775 προστάγματι
1738 699 1835 771 τὴν

270 803 436 874 κόρην
460 803 622 864 εὐθὺς
648 801 879 868 ἄγεσθαι
911 799 1184 853 κελεῦσαι.

338 916 547 969 Αὐτίκα
587 917 769 968 τοίνυν
795 914 893 984 τὴν
926 911 1257 981 παρθενικὴν
1290 909 1493 972 ἑστίαν,
1529 902 1612 972 οἷς
1655 907 1837 960 ἐπιτέ-

269 1023 497 1077 τραπτο,
541 996 950 1074 κατειληφότες,
997 1001 1185 1067 πέλυξί
1227 1016 1286 1052 τε
1320 998 1412 1051 καὶ
1462 994 1837 1065 λαξευτηρίοις

269 1096 365 1161 τᾶς
425 1095 595 1166 Θύρας
643 1091 1086 1165 καταρῤάξαντὲς
1139 1108 1199 1144 τε
1247 1091 1342 1144 καὶ
1383 1089 1834 1148 ἐπεισπεσόντες·

271 1186 457 1259 ἐπειδὴ
516 1187 685 1257 μόνην
731 1184 1081 1250 ἐξεκαλοῦντο
1135 1182 1233 1253 τὴν
1298 1180 1695 1235 Ἀναστασίανο
1740 1179 1838 1249 τὴν

273 1281 424 1351 ἱερὰν
490 1280 691 1348 Σοφίαν
757 1278 980 1340 τούτους
1034 1274 1419 1347 παραιτεῖσθαι
1472 1272 1664 1343 μικρὸν
1714 1272 1837 1324 ἐπι-

276 1375 448 1442 σχεῖν,
481 1373 574 1427 καὶ
604 1371 701 1441 τὴν
727 1370 1064 1440 ζητουμένην
1088 1367 1289 1430 εὐθέως
1318 1367 1637 1436 παρασχεῖν.
1655 1365 1840 1415 Κατα-

270 1464 577 1534 λαὸομένην
615 1462 673 1517 δὲ
719 1462 820 1531 τῆς
870 1459 1078 1522 παιδὸς,
1113 1459 1206 1511 καὶ⁵
1264 1460 1321 1510 ὲν
1367 1454 1671 1524 aucupo-,9,
1710 1468 1840 1505 κατ·

271 1559 450 1611 ἐναντι
470 1556 564 1610 τοῦ
596 1555 982 1625 θυσιαστηρίου
1020 1554 1258 1614 στᾶσαν,
1294 1549 1518 1605 τοιοῖσδε
1561 1547 1696 1616 πρὸς
1742 1544 1841 1599 αὖ·

269 1648 366 1721 τὴν
399 1651 606 1721 ῥήμασι
638 1647 962 1718 κεχρῆσθαιο

348 1760 491 1829 Ἐγὼ
512 1760 650 1830 μὲν,
681 1754 739 1828 ὦ,
758 1758 1097 1829 θυγατέρων
1135 1757 1260 1827 ἐμοὶ
1285 1757 1584 1824 καλλίστη
1618 1730 1713 1809 καὶ
1737 1771 1842 1808 πο-

269 1851 603 1919 θεινοτάτη,
650 1851 762 1919 τῆς
789 1851 985 1919 καλῆς
1016 1848 1380 1919 ἀνατροφῆς,
1423 1849 1519 1901 καὶ
1560 1845 1665 1913 τῆς
1694 1846 1843 1900 κατὰ

1935 698 2111 768 jubet.

2010 926 2308 982 Confestim
2346 926 2531 997 igitur,
2565 925 2767 995 quibus
2793 924 3117 994 imperatum
3146 934 3262 979 erat
3295 927 3359 980 ad
3386 926 3500 980 vir-

1939 1021 2081 1090 ginis
2108 1023 2250 1073 aedes
2285 1020 2581 1078 venientes.
2623 1018 3021 1086 securibusque
3062 1024 3116 1069 et
3161 1018 3328 1073 asciis
3361 1017 3507 1074 fores

1941 1120 2350 1181 perrumpentes
2386 1124 2448 1162 ac
2492 1109 2876 1176 irrumpentes,
2931 1107 3077 1176 quod
3115 1109 3287 1163 solam
3312 1124 3503 1163 evoca-

1940 1205 2069 1258 bant
2092 1202 2457 1265 Anastasiam,
2482 1199 2809 1269 deprecatur
2835 1213 2990 1253 sacra
3013 1200 3216 1271 Sophia
3244 1202 3507 1270 tantisper

1943 1295 2268 1356 subsistere,
2287 1307 2519 1361 moxque
2544 1290 2908 1345 exbibituram
2927 1306 3086 1360 quam
3120 1292 3193 1345 illi
3221 1301 3490 1362 quierant.

1942 1389 2237 1456 Assumpta
2269 1400 2397 1439 vero
2427 1386 2626 1455 puella,
2670 1397 2830 1455 atque
2862 1388 2916 1441 in
2946 1387 3161 1443 occulto
3188 1396 3314 1442 ante
3337 1389 3509 1443 altare

1942 1476 2261 1541 constituta,
2293 1474 2628 1545 ejuscemodi
2664 1477 2729 1529 atl
2758 1462 2903 1531 illam
2940 1477 3119 1532 verbis
3146 1493 3241 1533 usa
3272 1487 3356 1532 est
3387 1495 3400 1531 :

2016 1774 2126 1845 Ego
2150 1774 2380 1846 quidem,
2430 1791 2459 1828 ο
2494 1772 2728 1842 filiarum
2762 1773 2892 1827 mihi
2932 1773 3286 1841 pulcherrima
3308 1790 3370 1827 ac
3410 1773 3502 1828 de-

1943 1867 2355 1928 sideratissima,
2402 1865 2579 1934 proba:
2619 1866 2945 1919 educationis
2972 1881 3033 1917 ac
3065 1864 3373 1918 Christiano
3401 1866 3512 1919 ritu

269 1944 525 2013 Χριστὸν
570 1943 807 2013 ἀγωγῆς
832 1944 946 2010 τὴν
973 1942 1339 2011 ἐπιμέλειαν,
1370 1942 1451 2007 ὠς
1484 1941 1580 1995 οἵα
1635 1956 1698 1993 τε
1742 1937 1839 2007 ἦν,

1948 1958 2297 2011 institutionis
2348 1973 2532 2010 curam
2579 1955 2754 2024 quoad
2793 1955 2940 2008 licuit
2973 1971 3061 2022 per
3091 1955 3425 2024 facultatem,
3459 1957 3513 2009 in

267 2041 352 2103 είς
383 2037 511 2105 σὴν
563 2036 962 2104 ἐπεδειξάμην
992 2033 1187 2104 χάριν.
1222 2032 1447 2087 Λοιπὸν
1504 2034 1591 2097 είς
1621 2033 1839 2100 μέτρον

267 2132 512 2197 ἡλικίας
548 2128 657 2185 τοῦ
687 2128 1078 2198 πληρώματος
1096 2126 1528 2193 καταντήσασα
1558 2123 1837 2193 Χριστοῦ,

268 2224 429 2278 ἄπιθι
452 2222 602 2292 μετὰ
628 2220 817 2290 χαρᾶς
845 2221 993 2289 πρὸς
1017 2220 1221 2274 αὐτόν.
1260 2218 1428 2283 Αὐτῷ
1467 2218 1842 2286 νυμφεύομαί

269 2329 342 2368 σε
382 2313 830 2381 μυστικώτερον
861 2311 1130 2380 σήμερον
1174 2309 1271 2363 καί
1305 2310 1690 2375 τελειότερον,
1727 2307 1841 2375 τὴν

266 2404 335 2459 ἐκ
362 2405 635 2473 ,βρέφους
665 2400 824 2469 αὐτῷ
849 2402 1368 2471 καθηρμοσμένην.
1418 2398 1587 2465 Αὐτῷ
1620 2418 1693 2454 σε
1724 2399 1842 2453 νῦν

270 2494 637 2565 παραδίδωμι
670 2495 1141 2565 φιλοτιμότερον.
1189 2493 1346 2561 Πρὸς
1399 2491 1507 2546 τὸν
1559 2491 1842 2560 οὐράνιον

270 2589 460 2653 τούτῳ
486 2586 898 2642 συνανάϐαινε
933 2583 1240 2655 νυμφῶνα.

353 2701 535 2768 Ἰδοὺ,
556 2696 603 2756 ὦ
621 2701 913 2771 φίλτατον
937 2698 1065 2769 ἐμοὶ
1096 2699 1327 2762 τέκνον,
1347 2701 1380 2753 ό
1407 2699 1665 2768 νυμφίος
1695 2698 1841 2767 πάρ-

270 2810 439 2849 εστιν
455 2792 725 2862 ἀρρήτως
747 2790 967 2846 καλῶν.
996 2791 1050 2844 '0
1077 2789 1329 2860 νυμφὼν
1345 2789 1657 2858 εὐτρεπής
1680 2792 1712 2844 ό
1736 2807 1839 2843 κα-

270 2883 395 2939 λῶν
410 2884 708 2954 ἀψευδής.
729 2884 857 2939 Νῦν
868 2882 1169 2951 ἡβασιλὶς
1186 2883 1281 2936 καί
1301 2883 1478 2951 κυρία
1495 2883 1592 2936 καὶ
1610 2884 1835 2951 θεογεν-

271 2978 500 3046 νήτρια,
518 2976 744 3045 νοητῶς
758 2974 1253 3045 προπορευθεῒσα,
1272 2976 1421 3043 πρὸς
1437 2974 1543 3027 τὸν
1552 2973 1674 3027 ἅνω
1692 2973 1842 3026 ναὸν

271 3067 618 3133 συνεισάξει
647 3083 719 3122 σε
747 3067 852 3121 τοῦ
877 3065 1203 3133 βασιλέως.
1228 3067 1357 3121 Νῦν
1373 3065 1710 3119 ἀπόστολοι
1735 3064 1835 3118 καὶ

267 3160 585 3231 μάρτυρες,
623 3160 771 3228 πρὸς
800 3160 868 3214 τὸ
902 3159 1006 3214 τοῦ
1027 3158 1358 3228 μαρτυρίου
1398 3158 1648 3212 στάδιον
1688 3158 1839 3213 ἁπο-

271 3252 571 3322 δυομένην
586 3250 975 3321 καθορῶντες,
1007 3251 1153 3319 ὑπὲρ
1179 3250 1295 3305 σοῦ
1318 3251 1422 3304 τὸν
1443 3251 1658 3319 Κύριον
1678 3250 1840 3303 ἐκλι-

270 3345 591 3409 παροῦσιν,
638 3343 736 3397 καὶ
764 3342 862 3396 ἐπὶ
894 3342 969 3411 τῇ
1018 3341 1104 3410 σῇ
1161 3342 1543 3411 σταθερότητι
1583 3340 1844 3408 προσδο-

273 3434 458 3489 κῶσιν
480 3434 985 3505 ἁγαλλιασθῆναι.
1018 3435 1149 3489 Νῦν
1173 3435 1414 3503 ἄγγελοι
1444 3432 1841 3499 σπεύδουσιν,

272 3527 698 3593 ἀναϐαίνοντες
725 3527 823 3581 ἐπὶ
862 3528 937 3580 σὲ
961 3527 1060 3582 καί
1087 3526 1574 3591 καταϐαίνοντεςο
1614 3522 1714 3579 καί
1750 3542 1846 3594 φι-

272 3619 684 3685 λοφροσύναις
740 3617 1063 3687 λαμπραῖς,
1104 3618 1186 3684 ὡς
1252 3616 1512 3685 Χριστοῦ
1577 3616 1844 3686 νύμφην,

272 3708 615 3775 δεξιοῦσθαι
652 3690 1121 3778 κατεπείγονται.

346 3820 563 3876 Τοίνυν
583 3819 789 3885 ,ϐάδιζε
826 3819 942 3885 τὴν
975 3817 1376 3887 τεθλιμμένην
1416 3816 1565 3872 ὁδὸν
1611 3815 1708 3871 καί
1735 3816 1849 3883 τὴν

274 3913 519 3978 στενήν·
555 3913 859 3982 κρούουσα
909 3910 994 3981 μὴ
1051 3910 1240 3977 ἐνδῷς
1298 3912 1522 3979 πύλην,
1565 3909 1738 3979 ἄχρις
1774 3905 1848 3967 οὗ

276 4002 691 4073 προσπεχθῇς
722 4003 796 4071 τῇ
844 4002 976 4072 ζωῇ.
1037 4006 1234 4073 Νόμος
1282 3999 1459 4069 οὗτός
1522 4003 1693 4056 ἐστιν
1740 4002 1850 4070 τῆς

277 4100 623 4165 μαρτυρίας,
669 4096 755 4165 μὴ
799 4097 1105 4165 φείδεσθαι
1149 4094 1376 4165 ψυχῆς,
1413 4095 1499 4165 μὴ
1540 4095 1851 4164 φείδεσθαι

276 4188 572 4258 σώματος.
637 4188 857 4255 Ὀμόσε
910 4189 1035 4254 τοῖς
1101 4187 1373 4253 διώκταις
1425 4187 1667 4257 χωρεῖν·
1709 4187 1852 4252 τοὺς

276 4280 452 4346 θεοὺς
506 4278 709 4333 αὐτῶν
745 4280 1103 4343 ἐξουθενεῖν·
1133 4281 1323 4348 μόνον
1356 4279 1614 4347 Χριστὸν
1640 4281 1852 4347 ὁμολο-

276 4370 426 4438 γεῖν·
459 4372 662 4438 καλὴν
690 4372 915 4437 ταύτην
952 4370 1151 4440 μόνην
1196 4370 1511 4424 ἀναίδειαν
1552 4369 1849 4438 ἡγεῖσθαι,

276 4468 428 4535 ὑπὲρ
474 4467 735 4534 Χριστοῦ
788 4466 1183 4535 γυμνοῦσθαι,
1224 4465 1695 4533 κατατέμνεσθαι
1752 4464 1854 4517 καὶ

278 4558 705 4612 θανατοῦσθαι.
739 4556 1072 4624 Μνήσθητι.
1125 4558 1375 4626 θύγατερ
1420 4555 1555 4624 ἐμὴ,
1601 4558 1698 4610 καὶ
1729 4555 1851 4619 ἴδε,

278 4651 375 4704 καὶ
413 4648 626 4719 ’γνῶθι,
668 4648 755 4703 ὅτι
784 4649 1019 4703 δίκαιον
1063 4650 1134 4702 οὐ
1163 4648 1374 4702 παθεῖν
1413 4650 1564 4715 ὑπὲρ
1599 4647 1857 4717 Χριστοῦ

272 4742 486 4810 μόνον,
547 4742 710 4795 ἀλλὰ
755 4740 853 4793 καὶ
910 4741 1207 4804 πολλάκις
1252 4740 1598 4796 ἀποθανεῖν.
1641 4742 1708 4793 El
1748 4740 1858 4810 γὰρ

276 4831 507 4897 ἐκεῖνος
563 4830 715 4900 ὑπὲρ
769 4830 959 4899 ἡμῶν,
998 4830 1093 4883 καὶ
1128 4831 1186 4883 τί
1205 4830 1360 4899 μέγα
1400 4829 1598 4893 δούλῳ
1643 4831 1715 4884 τὰ
1752 4831 1859 4882 ἵσα

277 4923 359 4989 τῷ
392 4924 667 4990 Δεσπότῃ
701 4921 948 4985 παθεῖν;
990 4921 1174 4980 Τοῦτο
1212 4920 1311 4974 καὶ
1346 4921 1860 4975 λυσιτελέστατον

277 5013 356 5069 ἂν
400 5015 497 5080 εἴη
519 5053 533 5075 ,
557 5011 776 5083 μικρᾶς
816 5013 992 5078 ἀνίας
1034 5013 1275 5066 αίὼνιον
1312 5013 1681 5080 ἁγαλλίασιν
1701 5009 1856 5077 ὠνή-

278 5108 527 5160 σασθαι·
562 5104 659 5157 καὶ
696 5103 989 5173 βραχείας
1022 5103 1264 5170 ὀδύνης,
1297 5105 1686 5172 εὐφροσύνην
1713 5102 1853 5157 ἀέν-

279 5213 432 5251 ναον
477 5196 911 5265 καρπώσασθαι
933 5210 948 5227 ο
994 5195 1093 5249 καὶ
1138 5196 1510 5263 πρόσκαιρον
1558 5192 1815 5247 θάνατον
1837 5232 1853 5258 ,

280 5285 431 5357 ζωῆς
478 5285 567 5356 μὴ
613 5286 926 5356 ληγούσης
969 5284 1484 5350 ἀνταλλάξασθαι.
1534 5283 1716 5339 Τοῦτό
1768 5301 1858 5338 τοι

282 5379 379 5432 καὶ
424 5378 641 5448 ῥᾴδιον
671 5379 874 5444 ἔσται,
922 5375 997 5445 τῇ
1040 5378 1238 5430 πίστει
1287 5378 1684 5446 κρατυνθείσῃ
1726 5379 1857 5444 Χρι-

283 5469 455 5523 στοῦ.
493 5466 791 5536 Παρέσται
834 5482 935 5520 σοι
965 5465 1252 5531 Χριστὸς,
1286 5460 1333 5518 ὦ
1368 5464 1622 5534 φιλτάτη
1645 5481 1661 5497 ο
1710 5481 1860 5531 παρ·

283 5558 454 5615 ἐσται
495 5557 793 5628 κουφίζων
818 5560 920 5624 τὰς
952 5556 1173 5625 ὀδύνας
1209 5555 1328 5610 τῶν
1357 5555 1669 5625 αἰκισμῶν.
1694 5556 1759 5609 Et
1794 5554 1860 5608 δὲ

287 5655 385 5707 καὶ
424 5652 645 5722 μικρὸν
677 5649 1008 5706 ὀδυνᾶσθαι
1037 5648 1508 5719 συγχωρήσειεν,
1546 5646 1701 5705 ὥστε
1739 5666 1857 5703 σου

289 5745 355 5798 τὸ
382 5745 632 5814 δόκιμον
681 5744 786 5813 τῆς
830 5748 1087 5810 πίστεως
1115 5738 1595 5809 κατεργάσασθαι
1636 5746 1860 5807 ὑπομο-

398 5922 441 5954 "
469 5918 672 5992 Epltcs.
700 5936 771 5983 ιν,
811 5920 889 5975 13.

1944 2051 2024 2102 tui
2050 2049 2277 2118 gratiam
2304 2046 2536 2101 exhibui.
2568 2045 2712 2109 Jam,
2759 2062 2874 2115 qua:
2903 2046 2970 2098 ad
2998 2063 3299 2100 mensuram
3336 2049 3513 2101 attatis

1939 2140 2167 2194 evaseris
2189 2137 2532 2208 plenitudinis
2557 2136 2759 2191 Christi
2778 2136 2845 2199 ”,
2861 2138 2989 2189 vade
3010 2137 3203 2205 gaudio
3224 2137 3292 2190 ad
3314 2140 3509 2205 ipsum.

1943 2231 2038 2285 Illi
2064 2241 2112 2285 te
2138 2231 2291 2284 hodie
2320 2230 2587 2283 sacratius
2618 2228 2999 2297 perfectiusque
3040 2245 3289 2297 sponsam
3332 2229 3511 2293 trado,

1940 2338 2055 2391 quae
2083 2320 2146 2373 ab
2182 2320 2411 2386 infantia
2437 2320 2486 2373 ei
2518 2319 2833 2385 desponsata
2864 2320 2957 2373 sis.
2988 2318 3080 2373 Illi
3111 2331 3158 2374 te
3182 2338 3318 2374 nunc
3343 2321 3517 2375 ambi-

1942 2414 2128 2466 tiosius
2163 2412 2324 2480 offero
2356 2430 2376 2478 ;
2412 2413 2467 2465 in
2504 2412 2762 2465 ctelestem
2792 2412 2873 2465 illi
2902 2428 3071 2467 comes
3106 2412 3398 2466 thalamum
3425 2429 3511 2467 as.

1941 2507 2171 2560 cendito.

2017 2706 2168 2773 Ecce,
2201 2708 2315 2776 ﬁlia
2342 2707 2468 2761 mihi
2495 2708 2837 2773 charissima,
2866 2709 3016 2762 adest
3053 2707 3287 2776 Sponsus
3319 2716 3515 2762 secreto

1942 2816 2151 2854 vocans.
2206 2799 2436 2854 Paratus
2468 2801 2735 2855 thalamus
2761 2810 2837 2855 est
2860 2816 2879 2854 :
2920 2799 3025 2865 Qui
3053 2810 3202 2854 vocat
3234 2814 3394 2853 verax
3417 2809 3518 2855 est.

1953 2892 2109 2944 Nunc
2139 2890 2332 2962 Regina
2364 2891 2691 2962 Dominaque
2714 2909 2776 2946 ac
2805 2891 2899 2945 Dei
2925 2907 3179 2961 puerpera
3204 2892 3522 2960 spiritaliter

1951 2984 2198 3052 prwiens,
2247 2982 2317 3035 ad
2342 2999 2591 3052 superum
2625 2994 2674 3037 te
2718 2982 2873 3052 Regis
2917 2984 3162 3051 templum
3204 2982 3516 3035 introducit.

1946 3074 2105 3129 Nunc
2145 3077 2370 3142 apostoli
2398 3086 2554 3146 atque
2585 3086 2844 3146 martyres
2885 3077 3007 3129 exui
3035 3075 3416 3141 conspicientes
3449 3072 3518 3125 ad

1947 3167 2195 3238 martyrii
2231 3166 2502 3231 stadium,
2557 3166 2780 3221 Domino
2818 3183 2915 3236 pro
2952 3177 2999 3220 te
3043 3166 3364 3233 supplicant,
3405 3180 3521 3231 spe-

1945 3269 2163 3329 rantque
2200 3259 2312 3329 fore
2342 3270 2399 3313 ut
2445 3261 2508 3314 de
2554 3269 2646 3312 tua
2690 3260 2995 3314 constantia
3017 3261 3302 3312 exsultent.
3355 3254 3517 3310 Nunc

1948 3350 2121 3420 angeli
2155 3359 2457 3420 properant,
2490 3349 2822 3404 ascendentes
2853 3367 3015 3417 supra
3048 3361 3095 3405 te
3126 3362 3174 3405 et
3205 3349 3522 3404 descenden-

1946 3453 2022 3497 tes
2049 3443 2117 3507 ”,
2152 3442 2417 3512 clarisque
2451 3441 2635 3513 gaudii
2663 3443 3143 3512 signiﬁcationibus
3167 3482 3183 3507 ,
3220 3450 3278 3495 ut
3313 3439 3518 3498 Christi

1946 3551 2214 3605 sponsam,
2257 3536 2493 3605 accipere
2528 3536 2807 3606 festinant.

2020 3824 2211 3880 Incede
2262 3825 2429 3895 igitur
2475 3833 2881 3895 coangustatam
2921 3832 3226 3894 arctamque
3273 3825 3412 3879 uiam
3438 3825 3522 3890 ",

1948 3918 2169 3982 pulsans
2196 3958 2211 3981 ,
2256 3917 2405 3969 nulla
2436 3917 2764 3980 remissione,
2802 3916 3059 3984 januam,
3092 3916 3255 3969 donec
3297 3931 3530 3984 prtesens
3608 3970 3611 3973 .

1948 4012 2071 4064 vita:
2117 4010 2348 4064 sistaris.
2390 4008 2643 4077 Martyrii
2677 4025 2737 4061 ea
2772 4008 2857 4061 lea:
2884 4017 2961 4061 est
2983 4048 2998 4072 ,
3054 4018 3111 4060 ut
3139 4024 3243 4062 non
3274 4018 3532 4074 parcatur

1951 4102 2165 4163 unitate,
2213 4115 2303 4152 nec
2348 4098 2557 4167 corpori
2601 4109 2874 4165 parcatur.
2933 4097 3063 4151 Cum
3104 4098 3526 4162 persecutoribus

1938 4188 2160 4260 illisque
2200 4189 2413 4242 comites
2453 4189 2775 4257 persistere:
2822 4187 3032 4240 illorum
3072 4187 3195 4241 deos
3240 4203 3527 4255 spernere;

1952 4280 2122 4335 solum
2162 4279 2430 4333 Christum
2485 4277 2763 4346 conﬁteri;
2814 4292 2977 4329 unam
3024 4276 3159 4328 Itane
3205 4276 3522 4341 prazclaram

1954 4372 2336 4441 impudentiam
2360 4369 2570 4435 ducere,
2605 4385 2698 4436 pro
2734 4368 2942 4423 Christo
2982 4367 3198 4433 nudari,
3226 4367 3523 4430 conscindi,

1954 4464 2064 4517 neci
2086 4462 2226 4515 dari.
2258 4461 2534 4525 Memento,
2573 4461 2688 4528 ﬁlia
2724 4477 2859 4524 mea,
2895 4468 2944 4513 et
2994 4460 3129 4521 vide,
3178 4468 3226 4512 et
3267 4460 3415 4520 scito,
3439 4460 3530 4527 iu.

1956 4566 2096 4609 stum
2141 4570 2254 4607 esse
2298 4552 2516 4617 necdum
2561 4553 2675 4621 pati
2721 4567 2814 4619 pro
2848 4549 3080 4607 Christo.
3117 4550 3206 4605 sed
3243 4562 3289 4603 et
3335 4553 3530 4620 sa'pt'us

1891 4634 1930 4688 Ι)
1962 4646 2114 4700 mori.
2153 4642 2295 4697 Nam
2320 4648 2365 4698 si
2401 4645 2481 4698 illi
2520 4661 2614 4713 pro
2651 4644 2798 4697 nobis
2820 4685 2834 4708 ,
2863 4643 3045 4713 ecquid
3079 4660 3326 4710 umquam
3361 4660 3533 4707 seruo,

1958 4747 2013 4790 nt
2041 4753 2136 4805 pro
2174 4737 2395 4790 Domino
2433 4738 2589 4805 paria
2629 4737 2869 4805 patiatur
2895 4737 2920 4788 ?
2961 4733 3144 4789 Fuerit
3183 4736 3279 4788 hoc
3327 4751 3531 4803 quoque

1958 4831 2106 4900 longe
2146 4830 2513 4889 utilissimum.
2551 4844 2713 4896 parua
2759 4827 3001 4881 molestia
3029 4837 3276 4880 cateruam
3310 4828 3531 4894 lucrifa-

1954 4936 2065 4975 cere
2093 4920 2495 4975 e‘xsultationem
2526 4935 2545 4973 :
2600 4919 2738 4972 brevi
2764 4919 2964 4981 dolore,
2995 4934 3267 4985 perennem
3291 4919 3530 4969 nancisci

1949 5012 2348 5080 jucunditatem
2370 5027 2390 5064 :
2426 5020 2811 5077 tentporaneam
2850 5018 3086 5069 mortem,
3125 5010 3231 5060 vita
3264 5023 3529 5074 nunquam

1959 5103 2194 5156 desitnra
2216 5112 2560 5157 commutare.
2588 5099 2703 5153 Erit
2725 5100 2821 5152 hoc
2841 5112 3040 5169 quoque
3067 5100 3222 5165 facile
3251 5100 3531 5149 roborante

1961 5192 2161 5246 Christi
2191 5192 2316 5260 ﬁde.
2344 5191 2526 5244 Aderit
2558 5191 2651 5242 tibi
2674 5187 2941 5250 Christus,
2969 5188 3282 5241 charissima
3311 5203 3324 5248 ;
3358 5188 3529 5239 adem

1962 5283 2137 5337 levans
2186 5283 2518 5335 cruciatuum
2570 5280 2799 5332 dolores.
2866 5279 3018 5344 Quod
3049 5280 3098 5332 si
3135 5279 3295 5332 etiam
3342 5293 3529 5345 parum

1963 5374 2096 5443 afﬁci
2127 5372 2310 5427 dolore
2329 5372 2647 5441 permiserit.
2691 5378 2749 5423 ut
2774 5371 3013 5439 probatio
3038 5379 3142 5424 tuae
3180 5369 3305 5439 fidei
3329 5371 3535 5439 patien-

1965 5466 2096 5517 tiam
2128 5474 2370 5533 operetur
2392 5464 2461 5524 ”,
2494 5479 2556 5515 ne
2576 5464 2843 5529 putaueris
2876 5473 2924 5516 te
2951 5462 3256 5516 derelictam
3288 5478 3418 5516 esse.
3456 5461 3533 5515 Ne

1966 5556 2297 5619 dissolraris,
2320 5556 2475 5625 quasi
2507 5555 2748 5623 despecta
2772 5556 2867 5621 sis,
2902 5556 3026 5625 quin
3049 5555 3381 5623 fatiscentem
3410 5553 3531 5605 ani-

1970 5665 2110 5701 mum
2152 5664 2261 5715 spes
2295 5650 2581 5700 contineat.
2628 5643 2898 5699 Modicum
2936 5646 3073 5699 enim
3120 5644 3532 5712 aliquantulum,

1966 5749 2014 5792 et
2039 5740 2396 5808 exstinguetur
2417 5735 2675 5790 acerbitas
2705 5735 2949 5790 dolorum
2977 5749 2996 5798 ;
3030 5735 3229 5788 orietur
3263 5749 3377 5788 vero
3409 5749 3541 5786 con-

965 5920 1010 5952 ⁹³
1040 5917 1198 5973 Joan.
1239 5934 1275 5981 t,
1312 5916 1397 5970 Sil.
1476 5917 1519 5949 9"
1576 5914 1762 5971 Matth.
1807 5930 1901 5980 vn,
1932 5914 2014 5969 li.
2093 5913 2137 5944 ’³
2172 5913 2186 5964 l
2217 5913 2362 5968 Petr.
2391 5930 2429 5978 ι,
2456 5916 2487 5969 7
