4008 6622
405 472 504 551 351

1570 489 1864 549 NICETzE
1906 489 2438 552 PAPIILAGONIS

3569 491 3690 555 352‘

405 607 622 668 sola'io,
649 604 868 657 claritas
897 610 946 655 et
972 617 1066 670 θνα
1095 601 1167 654 ia.
1200 599 1417 653 Orietur
1447 599 1542 652 tibi
1572 602 1678 653 vita
1701 610 1749 654 et
1786 601 1902 667 lux,
1938 601 1988 654 in

2109 600 2233 670 μὴν,
2264 602 2350 671 μὴ
2385 602 2646 672 νομΙσ-ῃς
2671 601 3224 672 ἐγκαταλελεῖφθαι.
3259 603 3355 673 Μὴ
3388 605 3682 673 ἐκλυθιῖςν

405 700 617 754 Christo
639 697 767 752 Jesu
793 713 910 750 cum
939 697 1112 766 gloria
1143 705 1363 749 a'terna.

2091 692 2172 758 ὡς
2210 693 2666 764 πιιρεωραμένηο
2705 693 3018 763 κάμνοντα
3051 695 3118 748 δὲ
3158 694 3267 749 τὸν
3303 697 3602 766 λογισμὸν
3641 697 3681 763 ἡ

402 790 580 856 ἐλπὶς
621 789 964 857 διανεχέτω.
1022 789 1261 856 Μικρὸν
1309 789 1418 857 γὰρ
1453 789 1626 853 ὅσον,
1684 787 1785 842 και
1841 784 2249 855 σϐεσθήσεται
2274 785 2392 854 μὲν
2476 787 2514 852 ή
2563 785 2854 854 δριμύτης
2925 786 3044 840 τῶν
3103 788 3413 858 ἀλγεινῶν·
3478 791 3687 844 ἀνατεο

402 881 505 935 λεῖ
525 881 593 934 δὲ
622 880 1026 949 παράκλησις,
1055 879 1205 944 δόξα
1237 897 1300 933 τε
1321 871 1420 934 καὶ
1447 880 1640 948 χάρις.
1687 878 2000 935 Ἀνατελεῖ
2032 894 2132 933 σοι
2165 877 2277 945 ζωὴ
2317 879 2416 932 καὶ
2455 879 2605 948 φῶς,
2640 879 2710 933 ἐν
2749 880 2976 949 Χριστῷ
3053 883 3248 950 Ἰησοῦ
3282 882 3430 953 μετὰ
3495 884 3686 953 δόξης

402 973 666 1027 αἰωνίου.

380 1108 388 1154 ί
475 1067 573 1122 Cui
617 1067 772 1137 virgo
808 1079 1165 1134 I‘CSPOII'M‘DS,
1229 1066 1304 1120 ait
1339 1085 1352 1120 :
1387 1065 1664 1122 Orationis
1715 1086 1844 1138 opus
1883 1077 1982 1131 est,

404 1179 433 1214 ο
462 1158 670 1214 mater!
704 1158 915 1221 impleri
949 1159 1062 1210 vina
1085 1161 1284 1228 gratia,
1316 1177 1418 1228 quo
1467 1171 1632 1216 tanta:
1682 1174 1986 1230 p-rsecuto-

404 1271 523 1308 rum
575 1253 908 1322 impressioni
972 1252 1272 1307 resistatur.
1338 1251 1460 1307 Non
1511 1256 1652 1308 enim
1711 1263 1758 1307 te
1836 1253 1985 1316 latet,

407 1349 558 1415 iuxta
602 1347 930 1399 Dominicum
959 1363 1273 1408 sermonem,
1313 1347 1557 1414 spiritum
1589 1348 1796 1416 quidem
1820 1362 1990 1416 prom-

405 1449 553 1508 ptum
576 1454 706 1497 esse,
748 1453 958 1488 carnem
998 1444 1171 1488 autem
1201 1424 1561 1503 inﬁrmam'".
1598 1436 1795 1506 Nempe
1827 1437 1993 1491 debile

404 1529 664 1598 quoddam
685 1544 770 1580 vus
785 1541 972 1594 corpus
989 1535 1086 1590 est,
1104 1543 1163 1579 ne
1181 1526 1255 1580 vel
1273 1527 1502 1581 minima:
1517 1528 1731 1596 injuria!
1748 1529 1995 1582 resistere

405 1619 605 1674 valens.
628 1616 725 1672 Sin
753 1629 928 1670 autem
956 1618 1121 1670 virtus
1150 1617 1328 1687 aliqua
1347 1635 1373 1672 e
1394 1619 1522 1671 caelo
1555 1619 1990 1673 subministrabi-

409 1721 516 1776 tur,
553 1713 735 1766 statim
771 1712 981 1764 animus
1025 1711 1314 1780 vigoratur,
1344 1728 1635 1782 corpusque
1690 1713 1990 1778 roboratur,

408 1818 471 1856 ac
532 1819 674 1857 mens
711 1803 906 1856 divinis
943 1803 1260 1856 collustrata
1291 1802 1590 1874 fulgoribus
1618 1804 1732 1872 pias
1795 1806 1990 1875 cogita-

2173 1065 2237 1117 Ἥ
2293 1065 2349 1117 δὲ
2397 1064 2686 1132 παρθένος,
2712 1065 2916 1134 Εὺχῆς
2961 1068 3141 1138 ἔργον
3165 1067 3360 1130 ἐστὶν,
3394 1063 3440 1123 ὦ
3471 1069 3687 1140 μῆτερν

2094 1153 2248 1212 εἶπεν
2316 1158 2688 1222 ὑπολαϐοῦσα,
2769 1156 3121 1227 πλησθῆναι
3176 1159 3417 1230 χάριτος
3471 1159 3687 1229 ζώσης,

2091 1250 2246 1304 ὥστε
2275 1250 2426 1318 πρὸς
2462 1252 2764 1319 τοσαύτην
2785 1251 3062 1307 ἐπίθεσιν
3091 1251 3208 1306 τῶν
3235 1252 3501 1307 διωκτῶν
3529 1255 3695 1308 ἀντισ-

2094 1345 2292 1414 σχεῖν.
2325 1346 2512 1399 Οἶσθα
2558 1345 2667 1413 γὰρ
2718 1345 2799 1410 ὡς
2845 1345 2913 1398 τὸ
2956 1345 3075 1414 μὲν
3117 1345 3374 1415 πνεῦμα,
3407 1348 3558 1402 κατὰ
3582 1349 3694 1400 τὸν

2093 1437 2201 1491 τοῦ
2248 1437 2472 1505 Κυρίου
2499 1438 2708 1505 λόγον,
2745 1436 3080 1504 πρόθυμον,
3108 1437 3146 1504 ἡ
3187 1437 3256 1491 δὲ
3284 1439 3442 1508 σὰρξ
3510 1440 3694 1494 ἀσθε-

2094 1527 2230 1594 νής.
2265 1527 2490 1593 Σκεῦός
2515 1545 2565 1580 τι
2597 1529 2829 1596 σαθρόν
2855 1529 2988 1582 ἐστι
3021 1529 3086 1581 τὸ
3127 1529 3319 1599 σῶμα,
3356 1530 3515 1600 μηδέ
3538 1531 3694 1598 πρῶς

2094 1619 2210 1687 τὴν
2258 1617 2574 1688 τυχοῦσαν
2627 1613 2758 1672 οἷον
2801 1619 3089 1688 ἐπήρειαν
3133 1620 3467 1689 ἀντιϐῆναι.
3511 1624 3611 1677 “Ar
3637 1623 3693 1674 δ’

2091 1712 2204 1780 ἄρα
2232 1730 2321 1776 τις
2354 1712 2584 1766 ἀνωθεν
2621 1711 2875 1782 δύναμις
2899 1712 3332 1782 ἐπιχορηγηθῆ,
3365 1714 3691 1782 νειιροῦτιι.

2088 1805 2204 1874 μὲν
2231 1805 2412 1870 εὐθὺς
2460 1806 2498 1873 ἡ
2530 1804 2720 1874 ψυχή’
2750 1805 3098 1872 στερεοῦτιιι
3130 1806 3198 1860 δὲ
3233 1805 3303 1861 τὸ
3341 1805 3533 1877 σῶμα·
3578 1807 3683 1857 καὶ

410 1896 574 1950 tiones
601 1912 664 1950 ac
690 1895 1007 1965 theologicos
1034 1911 1287 1964 propense
1313 1911 1578 1951 sermones
1605 1897 1840 1966 profert,
1883 1897 1986 1950 Do-

2109 1897 2130 1949 ὕ
2174 1893 2323 1961 νοῦς
2351 1867 2438 1957 δέ,
2470 1867 2600 1961 ταῖς
2623 1867 2828 1962 ’θείαις
2856 1867 3406 1966 ’περιλαμπόμενος
3428 1867 3446 1877 ν
3465 1895 3692 1954 ἀκτῖσι.

410 1990 614 2041 minuat
644 2004 798 2042 suum
851 1989 1176 2056 clariﬁcaus,
1201 2005 1388 2059 eosque
1417 1989 1744 2060 confundens
1791 1991 1881 2061 qui
1916 1990 1997 2044 illi

409 2080 781 2134 adversantur.
855 2079 990 2133 Tota
1055 2082 1192 2135 enim
1270 2080 1382 2136 Deo
1439 2083 1734 2148 adha’rens,
1796 2083 1988 2137 nedum

410 2187 512 2224 non
575 2171 712 2225 cedit
779 2173 1064 2242 quidquam
1121 2175 1419 2235 tormentis,
1469 2191 1644 2229 rerum
1675 2175 1835 2228 etiam
1893 2191 1998 2229 non

410 2280 534 2316 raro
565 2265 768 2324 irritat,
810 2265 901 2334 qui
931 2274 1172 2334 torquere
1207 2265 1472 2330 videntur,
1525 2267 1661 2320 velut
1721 2267 1818 2319 hoc
1853 2283 1987 2337 quo-

409 2355 696 2408 dummodo
723 2357 1010 2418 conducat,
1041 2365 1096 2409 ut
1120 2356 1372 2410 desiderii
1398 2361 1604 2428 votique
1643 2375 1851 2426 compos
1890 2359 1998 2428 elﬁ-

411 2444 610 2499 ciatur.

492 2712 687 2769 Verum
713 2733 977 2772 sermones
1007 2717 1122 2786 hos,
1143 2721 1360 2775 domina
1381 2721 1780 2788 colendissima,
1811 2724 2000 2778 missos

414 2808 601 2877 facito,
635 2823 754 2878 qua:
784 2809 882 2863 hoc
911 2810 1092 2878 palam
1118 2812 1298 2873 sciasr
1324 2827 1405 2865 me
1447 2813 1552 2866 tuis
1595 2813 1799 2882 pridem
1829 2811 1996 2866 imbu-

415 2906 523 2950 tam
551 2897 922 2964 hortamentis,
972 2916 1064 2953 nec
1105 2917 1337 2970 unquam
1384 2903 1542 2956 vestri
1586 2903 1746 2971 hujus
1788 2903 2004 2958 consilii

411 3005 524 3044 esse
547 2990 855 3046 oblituram.
895 2993 977 3046 Ad
1021 2992 1301 3046 Dominum
1343 3011 1461 3049 vero
1508 2998 1745 3050 oratione
1768 2997 1909 3068 fusa,
1939 3011 2002 3049 ac

413 3099 509 3152 pro
572 3100 674 3147 me,
703 3100 818 3138 mea
849 3085 934 3139 illi
987 3102 1226 3140 aerumna
1279 3087 1508 3156 supplici
1563 3099 1680 3142 uoto
1730 3088 2000 3159 expasita,

2096 1986 2433 2056 λογισμοὺς
2479 1987 2790 2053 εὐσεϐείας
2846 1987 2942 2041 καὶ
3018 1988 3243 2058 λόγους
3317 1985 3690 2056 καρποφορεῖ

2098 2077 2433 2146 θεολογίας,
2465 2077 2729 2142 δοξάζων
2774 2078 2891 2148 μὲν
2938 2079 3045 2133 τὸν
3081 2079 3302 2134 ἑαυτοῦ
3345 2081 3686 2147 Δεσπότην,

2099 2171 2526 2240 καταισχύνων
2576 2170 2646 2224 δὲ
2703 2170 2844 2238 τοὺς
2877 2172 3462 2243 ἀντιδιατιθεμένους
3506 2173 3693 2239 αὐτῷ.

2102 2259 2286 2327 ὐλος
2332 2262 2443 2330 γὰρ
2499 2261 2608 2316 τοῦ
2663 2263 3007 2332 κρείττονος
3060 2262 3344 2334 γεγονὼς,
3374 2267 3446 2324 οὐ
3499 2267 3697 2334 μόνον

2098 2353 2210 2405 οὐκ
2243 2351 2524 2406 ἐνδίδωσι
2576 2353 2728 2422 πρὸς
2759 2355 2868 2420 τὰς
2907 2355 3212 2420 κολάσεις,
3238 2355 3399 2409 ἀλλὰ
3428 2356 3521 2408 καὶ
3550 2372 3695 2423 πορ-

2098 2442 2304 2508 οξύνει
2392 2444 2692 2511 πολλάκις
2759 2445 2902 2511 τοὺς
2977 2443 3251 2516 τιμωρεῖν
3317 2444 3689 2509 δοκοῦνιας,

2098 2533 2258 2590 ὥστε
2315 2532 2696 2605 συνεργῆσαι
2745 2535 2971 2604 τρόπον
3024 2535 3160 2590 τινὰ
3198 2534 3374 2590 τοῦτο
3404 2535 3553 2603 πρὸς
3576 2533 3698 2603 τὴν

2100 2627 2212 2698 τῆς
2233 2629 2499 2698 ἐφέσεως
2529 2625 2897 2697 κατάληψιν.

2184 2718 2361 2774 Ἀλλὰ
2398 2718 2539 2784 τοὺς
2568 2718 2793 2786 λόγους
2835 2717 2953 2788 μὲν
2997 2717 3274 2783 τούτους,
3313 2711 3360 2772 ὦ
3407 2715 3585 2784 κυρία
3609 2734 3698 2771 τι-

2097 2810 2360 2881 μιωτάτη
2383 2851 2398 2877 ,
2442 2808 2652 2878 πάρεςο
2707 2808 2887 2863 τοῦτο
2939 2809 3152 2879 σαφῶς
3199 2807 3425 2872 εἰδυῖα,
3460 2810 3540 2875 ὡς
3585 2806 3698 2879 ἐμὲ

2103 2903 2290 2959 πάλαι
2336 2903 2456 2958 τῶν
2493 2901 2624 2956 σῶν
2659 2901 3005 2970 ήρτυμένην
3045 2904 3212 2971 ἔχεις
3255 2903 3695 2970 παραινέσεων,

2103 2995 2201 3050 καὶ
2248 2994 2469 3050 οὔποτε
2513 2993 2624 3063 τῆς
2667 2992 2960 3063 ὑμετέρας
3020 2993 3483 3064 ἐπιλησομένην
3534 3011 3696 3063 συμ-

2104 3085 2384 3152 ϐουλίας·
2444 3085 2541 3139 ἐπὶ
2605 3086 2712 3139 τὸν
2749 3088 2972 3154 Κύριον
3039 3085 3108 3138 δὲ
3170 3085 3285 3155 τὴν
3328 3087 3547 3152 δέησιν
3603 3086 3699 3140 ἐκ·

415 3179 582 3248 inagis
614 3177 830 3248 juvabis
873 3179 990 3248 ejus
1029 3196 1244 3235 munere
1291 3183 1535 3235 uirtutem
1585 3181 1790 3236 cwlitus
1843 3178 1999 3234 addi-

2109 3179 2356 3248 χέουσα,
2393 3180 2492 3234 καὶ
2531 3179 2692 3246 (ιιότῷ
2720 3177 2836 3248 τὴν
2865 3179 3022 3248 ὑπὲρ
3071 3179 3220 3249 ἐμοῦ
3269 3181 3482 3248 θλίψιν
3503 3179 3698 3248 ἀπαγ-

417 3282 560 3335 tura,
589 3288 694 3341 qua
721 3271 1120 3342 corruptoribus
1155 3273 1273 3328 istis
1305 3273 1499 3342 possim
1525 3274 1786 3329 resistere.

491 3544 624 3614 Ejus
683 3546 916 3601 necdum
977 3562 1072 3600 ore
1099 3547 1325 3601 verbum
1358 3561 1644 3618 egressum
1705 3560 1841 3612 erat,
1872 3562 1999 3603 eum

417 3651 684 3707 procaces
739 3638 960 3706 procaci
1027 3637 1230 3708 impetu
1282 3639 1602 3693 cubiculum
1652 3639 2000 3708 irrumpunt;

419 3729 664 3800 ferrique
694 3729 936 3799 pondera
971 3730 1324 3795 adhibentes,
1362 3745 1425 3784 ae
1454 3730 1706 3800 luporum
1738 3739 2000 3785 cruento-

418 3835 544 3875 rum
578 3835 734 3876 more
787 3835 1004 3876 sacram
1044 3823 1186 3876 hanc
1224 3838 1420 3893 agnam
1451 3822 1751 3890 rapientes,
1812 3837 2002 3877 coram

420 3911 651 3982 praeside
689 3911 973 3967 stiterunt.
1011 3912 1173 3968 Stetit
1203 3923 1383 3969 autem
1413 3914 1586 3986 virgo,
1622 3926 1794 3969 totum
1825 3926 2007 3970 mente

418 4005 609 4061 induta
672 4003 986 4071 Christum;
1031 4021 1096 4060 ac
1127 4007 1345 4075 quidem
1405 4006 1606 4061 eximia
1655 4008 1839 4063 vultus
1885 4008 1997 4079 pul-

417 4097 756 4160 chritudine.
787 4099 1132 4154 cernentium
1165 4099 1359 4155 oculos
1400 4100 1550 4154 velut
1581 4100 1827 4155 radiante
1859 4115 2005 4170 quo-

418 4191 541 4245 dam
573 4190 789 4259 fulgure
820 4189 1264 4259 perstringebat;
1303 4190 1505 4244 mentis
1537 4205 1668 4245 vero
1729 4191 2005 4256 ﬁrmitate,

420 4283 793 4340 adversarium
835 4282 955 4337 dire
986 4283 1328 4338 Vtiluerabat.
1385 4282 1854 4349 Quemadmodum
1905 4299 2008 4338 au-

419 4388 526 4431 tem
559 4377 739 4432 oculis
788 4376 1126 4446 conspicuus
1168 4377 1355 4443 decor,
1392 4379 1623 4434 moleste
1662 4375 1895 4434 habebat
1923 4379 2009 4433 vi-

419 4472 615 4526 dentes
655 4469 936 4541 (quisquis
967 4470 1114 4524 enim
1151 4485 1211 4524 re
1241 4467 1562 4537 frustratur,
1592 4488 1758 4541 quam
1789 4473 2005 4528 dulcem

2102 3270 2433 3340 τέλλουσα,
2458 3269 2700 3339 μᾶλλον
2736 3269 3098 3339 ὠφελήσεις,
3132 3271 3466 3338 οὐρανόθεν
3509 3270 3698 3324 δύναι’

2096 3379 2204 3433 μιν
2241 3360 2634 3430 προστιθεῖσα
2679 3361 2778 3415 διὰ
2829 3361 3204 3431 προσευχῆς,
3243 3361 3320 3416 δι’
3343 3358 3419 3432 ἧς
3450 3362 3694 3416 ἀντικα-

2103 3453 2397 3522 ταστῆναι
2426 3453 2727 3523 δυναίμην
2754 3451 2878 3519 τοῖς
2903 3451 3169 3522 λυμεῶσι
3203 3455 3437 3520 τούτοις

2177 3546 2300 3600 Ἔτι
2325 3545 2423 3600 τοῦ
2448 3547 2690 3618 ῥήματος
2703 3545 2853 3609 ὄντος
2870 3547 2928 3599 ὲν
2948 3545 3026 3616 τῷ
3044 3545 3271 3617 στόματι
3294 3545 3486 3616 αὑτῆς,
3509 3544 3695 3598 ἐπεισ-

2105 3639 2358 3710 ἐρχονται
2401 3636 2500 3708 μὲν
2553 3636 2776 3705 ἀναίδην
2831 3637 2880 3689 οἱ
2914 3635 3171 3700 ἀναιδεῖςο
3206 3635 3399 3708 σίδηρα
3427 3635 3485 3688 δὲ
3538 3653 3696 3706 περι-

2105 3729 2311 3792 θέντες,
2371 3727 2466 3782 καὶ
2525 3729 2728 3800 τρόπον
2785 3728 3100 3799 αῐμοόόρων
3151 3727 3334 3781 λύκων
3387 3728 3488 3796 τὴν
3543 3727 3697 3797 ἱερὰν

2103 3821 2309 3891 ταύτην
2338 3821 2689 3892 ἁρπάσαντες
2711 3819 2950 3892 ἀμνάδα,
2975 3821 3069 3876 τοῦ
3106 3821 3375 3891 ἡγεμόνος
3407 3820 3695 3873 κατέναντι

2107 3913 2477 3984 παρέστησαν.
2532 3911 2790 3981 Εἱστήκει
2837 3911 2894 3964 δὲ
2939 3912 2972 3982 ἡ
3014 3911 3283 3980 παρθένος
3340 3909 3460 3964 ὅλον
3491 3907 3697 3978 νοερῶς

2106 4002 2432 4074 ὲνδεδυμένη
2465 4000 2721 4072 Χριστόν·
2756 4000 2851 4054 καὶ
2870 4001 2938 4072 τῇ
2971 3999 3072 4070 μὲν
3099 4001 3370 4070 ὑπερφυεῖ
3397 3997 3493 4052 τοῦ
3529 4014 3699 4067 προσ-

2107 4094 2255 4147 ώπου
2293 4094 2548 4163 καλλονῇ,
2598 4091 2698 4155 τὰς
2731 4090 2839 4145 τῶν
2883 4089 3136 4163 ὁρώντων
3179 4090 3332 4161 ὄψεις
3379 4089 3698 4161 καταστρά-

2108 4203 2347 4253 πτουσα,
2381 4188 2473 4240 τὸν
2534 4183 2827 4240 ἀντίπαλον
2873 4185 2931 4238 δὲ
2993 4187 3060 4256 τῇ
3104 4183 3205 4254 τῆς
3246 4183 3490 4247 διανοίας
3525 4201 3698 4256 τραυ-

2113 4279 2416 4352 ματίζουσα
2469 4277 2814 4350 στερρότητι.
2865 4277 3080 4348 Ὠσπερ
3123 4276 3182 4329 δὲ
3251 4275 3310 4329 τὸ
3363 4275 3698 4345 βλεπόμενον

2109 4373 2304 4435 κάλλος
2339 4370 2526 4424 ὲλὺπει
2574 4371 2699 4432 τοὺς
2730 4371 2974 4438 ὁρῶντας
3014 4369 3147 4440 (πᾶς
3177 4369 3288 4438 γὰρ
3319 4367 3567 4438 ἁστοχῶν
3603 4367 3700 4420 τοῦ

2110 4464 2233 4518 κατ’
2265 4461 2425 4514 αὑτὸν
2455 4461 2632 4530 ἡδέος,
2677 4460 2904 4529 ἄχθεται
2931 4457 3132 4529 δηλαδὴ
3181 4458 3275 4511 καὶ
3306 4457 3698 4527 δυσχεραίνει),

422 4565 608 4627 habet,
640 4563 789 4619 dolet
817 4562 1074 4616 nimirum
1109 4572 1163 4617 et
1188 4560 1566 4634 indignatur):
1609 4564 1691 4619 sic
1734 4574 1788 4618 et
1819 4565 1999 4621 animo

2109 4553 2252 4606 οὕτω
2281 4553 2344 4623 δὴ
2369 4553 2462 4605 καὶ
2487 4551 2548 4604 τὸ
2576 4550 2981 4621 κρυπτόμενον,
3011 4547 3104 4601 τὸν
3129 4547 3372 4619 κρυπτὸν
3403 4547 3575 4615 αὐτῆς
3604 4547 3703 4600 καὶ

420 4657 621 4720 latens,
651 4655 910 4711 latentem
951 4654 1070 4724 ejus
1094 4669 1438 4726 prorsusque
1469 4671 1691 4728 gravem
1721 4659 2006 4724 aemulum,

423 4749 490 4804 ad
520 4747 787 4803 acriorem
835 4747 1247 4803 aemulationem
1280 4748 1700 4821 gravioremque
1755 4749 2005 4806 furorem

424 4839 710 4896 incitabat.

496 4929 748 4994 Quonam
789 4929 957 5000 igitur
1004 4929 1170 4986 modo
1209 4931 1472 5004 singulari
1512 4935 1833 4992 excellentia
1867 4951 2007 5006 prae-

425 5029 580 5074 stans
655 5031 937 5077 certamen
1006 5023 1109 5078 hoc
1160 5026 1411 5080 oratione
1459 5028 2010 5096 repraesentaverim?

427 5109 580 5175 Quod
631 5111 728 5165 tibi
763 5113 990 5167 nomen?
1049 5112 1127 5166 ait
1181 5112 1418 5179 Probus,
1478 5116 1657 5184 prima
1711 5116 1894 5171 statim
1941 5117 2008 5172 ad

423 5217 544 5256 eam
565 5203 900 5282 quaestione.
946 5204 1048 5259 Cui
1081 5203 1171 5260 illa
1215 5205 1552 5261 :‘Anastasia
1606 5207 1818 5275 quidem
1864 5207 2008 5277 apud

425 5281 660 5351 homines
684 5313 966 5367 eorumque
995 5313 1095 5352 usu
1128 5313 1320 5364 vocor;
1362 5297 1674 5354 Christiana
1706 5315 1848 5359 vero.
1880 5299 2009 5353 mihi

424 5407 603 5445 verum
627 5402 784 5463 atque
815 5392 1089 5461 proprium
1119 5408 1307 5447 nomen
1345 5401 1444 5446 est.
1471 5391 1572 5448 Cui
1607 5393 1842 5458 Prasses,
1880 5408 2008 5447 rur-

427 5501 524 5540 sus
548 5485 891 5555 subjuugens
926 5501 940 5528 ε
990 5483 1134 5549 Quid
1164 5500 1342 5540 causte
1381 5494 1481 5549 est,
1528 5501 1623 5539 cur
1662 5485 2009 5539 Anastasiam

427 5578 654 5632 vocent?
701 5577 844 5644 Quia
873 5576 1146 5640 nimirum,
1199 5577 1374 5646 inquit
1403 5578 1606 5648 puella,
1657 5579 1878 5632 suscitat
1927 5593 2008 5630 me

428 5669 686 5724 Dominus
716 5684 893 5724 coram
918 5667 1082 5731 vobis,
1101 5675 1159 5721 ut
1179 5677 1229 5723 et
1265 5678 1314 5723 te
1337 5669 1492 5723 hodie
1515 5679 1817 5739 patremque
1855 5677 2006 5721 tuum

429 5760 691 5817 Satanam
742 5761 901 5829 plane
947 5758 1292 5831 confundam.
1341 5756 1386 5816 0
1432 5759 1609 5814 vivam
1675 5760 1904 5814 vocem!
1961 5756 2006 5812 Ο

505 5955 552 5986 ³⁵
580 5954 765 6010 Matth.
827 5971 912 6017 xx,
955 5955 1032 6008 il.

2110 4645 2468 4716 παγχάλεπον
2519 4643 2830 4713 ἀντίζηλον,
2890 4644 2970 4704 εἰς
3027 4639 3352 4712 πικρότερον
3392 4638 3558 4710 ζῆλον
3606 4638 3706 4692 καὶ

2108 4740 2312 4795 λύσσαν
2346 4735 2567 4809 ἠρέθιζε
2593 4735 3009 4807 χαλεπωτέραν.

2178 4923 2305 4988 Πῶς
2358 4918 2452 4977 οὖν
2512 4922 2682 4988 ἀξίως
2726 4921 2821 4974 τὸν
2863 4919 3118 4992 ὑπερφυῆ
3155 4918 3346 4973 τοῦτον
3387 4918 3579 4987 ἀγῶνα
3617 4916 3702 4987 τῷ

2108 5019 2252 5088 λόγῳ
2285 5013 2739 5085 παραστήσαιμις
2780 5011 2841 5065 Τί
2863 5027 2984 5076 σοι,
3015 5012 3202 5080 φησιν,
3226 5009 3450 5078 europa;
3481 5008 3711 5079 πρῶτον

2109 5113 2138 5164 ὁ
2188 5108 2395 5179 Πρόϐος
2443 5107 2544 5175 τὴν
2590 5103 2984 5173 μεγαλώνυμον
3023 5102 3290 5171 ἀνείρετο.
3335 5101 3705 5154 Ἀναστασιά

2108 5203 2244 5273 μὲν,
2281 5199 2407 5269 ἔφη,
2445 5198 2603 5265 παρὰ
2631 5195 2756 5261 τοῖς
2799 5195 3131 5262 ἀνθρώποις
3147 5192 3526 5263 ὀνομάζομασ
3565 5195 3704 5262 Χρι-

2114 5291 2334 5360 στιανὴ
2360 5289 2426 5344 δέ
2460 5305 2563 5358 μοι
2609 5288 2674 5341 τὸ
2731 5286 3024 5354 ἀληθινὸν
3077 5286 3267 5355 ὄνομα
3312 5286 3412 5338 καὶ
3464 5286 3698 5351 κύριον.

2129 5387 2186 5439 '0
2209 5386 2288 5448 δὲ,
2329 5382 2439 5439 Τοῦ
2487 5379 2683 5450 χάριν,
2726 5378 2882 5440 αὖθις
2931 5377 3119 5446 ἔλεγεν
3167 5378 3477 5440 ὑπολαϐὼν,
3525 5379 3701 5431 Ἀνα-

2114 5476 2379 5532 στασίαν
2422 5489 2497 5526 σε
2551 5470 2888 5535 καλοῦσιν;
2941 5470 3096 5528 Ὅτι.
3160 5471 3325 5539 φησιν
3391 5471 3424 5540 ἡ
3479 5471 3700 5532 νεᾶνις,

2114 5569 2403 5637 ἁνΙστησί
2450 5583 2527 5636 με
2581 5571 2793 5636 Κύριος
2816 5565 2965 5620 κατὰ
3018 5565 3345 5632 πρόσωπον
3376 5561 3566 5632 ὑμῶν,
3595 5563 3703 5616 ἵνα

2115 5662 2215 5718 καὶ
2247 5661 2322 5714 σὲ
2345 5659 2632 5730 σήμερον,
2670 5661 2768 5711 καὶ
2811 5659 2919 5711 τὸν
2952 5653 3176 5723 πατέρα
3209 5670 3328 5708 σου
3363 5652 3732 5722 καταισχύ-.

2117 5774 2199 5810 νω
2227 5751 2528 5808 Σατανᾶν.
2560 5751 2624 5802 Ὢ
2679 5749 2863 5820 φωνῆς
2923 5747 3140 5818 ζώσηςῐ
3181 5746 3227 5799 ὣ
3285 5746 3548 5816 λαμπρᾶς
3605 5745 3703 5798 καὶ
