4008 6604
235 385 326 447 353

1021 386 1305 447 ORATIO
1346 383 1529 444 XV”.
1560 407 1629 415 "-
1668 381 1751 441 IN
1794 379 2106 442 LAUDEM
2148 384 2210 446 S.
2239 385 2696 446 ANAS'I‘ASIXE.

3374 374 3479 440 35L

225 495 779 566 πεπαρῤησιασμένης
839 495 1221 567 ἀποκρίσεωςῑ
1279 495 1346 566 ἢν
1417 492 1626 564 Πρόὸος
1693 491 1792 562 μὲν

1931 491 2239 560 plendidam
2267 495 2605 564 liberamque
2631 491 3036 549 confessionem
3066 491 3078 544 !
3113 505 3220 559 qua
3261 489 3476 543 Probas

223 587 468 652 ἀκούσας,
503 588 776 659 συνεχύθη
807 589 902 644 καὶ
933 589 1234 642 συνέπεσεν
1260 606 1274 621 ·
1305 588 1368 640 οὐ
1401 587 1509 658 γὰρ
1542 586 1686 656 ἔχειν
1716 585 1798 638 ἔτι

223 680 459 751 χρηστὰς
479 680 611 750 περὶ
646 681 818 749 αὐτῆς
865 679 1108 741 ἐλπίδας·
1145 677 1392 739 διάϐολος
1433 677 1491 729 δὲ
1525 675 1625 746 τὴν
1677 675 1802 744 ὄψιν

1903 586 2109 652 audita,
2151 584 2414 640 confusus
2442 594 2549 649 est,
2588 584 2938 652 conciditqne
2973 581 3105 652 (non
3126 581 3271 634 enim
3301 581 3485 634 adhuc

1906 678 2041 733 bene
2071 684 2136 734 de
2178 680 2268 733 illa
2296 689 2509 750 poterat
2543 693 2766 748 sperare
2797 679 2851 745 );
2911 674 3170 730 diabolus
3200 673 3252 726 in
3286 671 3482 727 faciem

227 771 550 842 ὲρῤαπίσοη.
589 772 846 841 ’Ἄγγελοι
903 772 961 827 δὲ
1018 771 1346 845 ἐκρότησαν·
1379 770 1408 824 6
1429 770 1485 824 δὲ
1510 769 1716 842 Κύριος
1744 771 1802 822 ἐν

1931 784 2082 822 ηειιευε
2115 778 2235 835 est;
2278 770 2479 838 angeli,
2537 768 2730 838 plausu
2760 779 3058 836 excepere;
3098 780 3162 820 ac
3207 774 3488 834 postremo

223 866 460 934 οὐρανοῖς
496 867 925 937 ὲπεσφράγισεν.

285 957 347 1008 Tl
389 952 487 1010 οὖν
515 959 548 1009 6
580 957 808 1028 σοϐαρὸς
833 957 1132 1026 δικαστής;
1169 954 1369 1028 Πρῶτα
1411 955 1510 1026 μὲν
1541 954 1802 1016 θωπείαις

225 1048 550 1120 κατακηλείν
581 1049 780 1112 ἐδόκει,
812 1051 906 1103 καὶ
954 1050 1372 1112 κολακευτικαῖς
1402 1048 1610 1110 λαλιαῐς
1645 1047 1805 1099 συλα-

225 1143 421 1206 γιιιγείν
457 1140 556 1211 τὴν
606 1140 875 1211 ἀσύλητον
916 1142 1133 1212 ἐπείραο
1188 1141 1304 1206 καὶ,
1347 1141 1630 1208 Πείσθητί
1674 1157 1801 1208 μοι.

226 1232 628 1295 συνεϐούλευεν,
668 1233 715 1285 ὦ
739 1234 1012 1302 θύγατερ,
1051 1233 1145 1287 καὶ
1169 1233 1292 1300 τοῖς
1308 1234 1597 1303 μεγάλοις
1622 1246 1797 1299 προσ.

225 1324 499 1378 πεσοῦσα
526 1325 704 1392 θεοῖς,
729 1328 823 1380 καὶ
855 1327 972 1380 τῶν
1017 1325 1192 1395 ἱερῶν
1219 1327 1433 1396 ὀργίων
1461 1324 1804 1394 μετασχοῦ-

1908 857 2172 915 ιιυιιιίιιιιε
2203 861 2514 928 obsignavit
2550 859 2604 913 in
2635 859 2810 914 caelis.

1977 951 2119 1015 Quid
2152 951 2320 1021 igitur
2354 953 2628 1021 superbus
2701 949 2917 1020 judes?
2997 949 3231 1019 primum
3269 947 3488 1016 quidem

1907 1044 2186 1098 blanditiis
2230 1045 2587 1099 deliniturum
2651 1059 2711 1100 se
2755 1044 3002 1114 putabat,
3057 1042 3489 1109 adulatoriisqu:

1906 1138 2276 1194 sermonibus.
2314 1154 2436 1205 (μου
2468 1137 2800 1192 inviolabilis
2839 1147 3002 1198 esset,
3037 1134 3338 1205 dcprtedaii
3368 1135 3491 1186 tcn'-

1907 1231 2078 1282 tabat.
2131 1227 2349 1283 "Credita
2399 1229 2547 1293 mihi,
2598 1230 2939 1291 consulebat,
2987 1229 3125 1296 ﬁlia,
3185 1227 3493 1296 magnisque

1906 1322 2179 1390 procidcns
2201 1322 2326 1386 diis,
2347 1339 2725 1392 sacrorumque
2751 1324 3017 1392 orgiorum
3037 1321 3303 1391 particeps
3322 1321 3490 1389 facta,

224 1431 317 1478 σα,
367 1414 671 1485 ζευχθήσῃ
701 1417 820 1485 μὲν
863 1415 988 1470 τῶν
1031 1417 1278 1484 πρώτων
1302 1415 1413 1485 τῆς
1440 1418 1674 1481 πόλεως
1707 1413 1805 1468 καὶ

1931 1415 1998 1467 ιιιὶ
2033 1430 2307 1484 procerum
2335 1415 2568 1468 civitatis
2591 1431 2654 1468 ac
2668 1414 3155 1468 illustrissimarum
3185 1413 3493 1482 nuptiarum

227 1508 752 1576 :ts-ptgpareotdtwr
773 1508 883 1563 ἐνί·
931 1507 1408 1578 προστεθήσεται
1446 1507 1513 1561 δέ
1542 1522 1639 1561 σοι
1663 1524 1808 1576 χρυ-

226 1600 354 1666 σὸς,
405 1599 685 1669 ἄργυρος,
742 1602 1078 1672 ἱματισμὸς,
1128 1599 1521 1670 ἀνδραπόδων
1587 1616 1652 1652 τε
1711 1599 1807 1652 καὶ

225 1693 461 1759 κτηνῶν
489 1694 793 1763 ἀμύθητος
835 1694 1172 1763 περιουσία.
1216 1695 1374 1760 "Eon
1428 1692 1497 1746 δὲ
1542 1691 1811 1760 περίϐλε-

1909 1508 2102 1575 [ωάενε
2133 1506 2375 1575 jungeris
2404 1521 2424 1560 :
2479 1505 2843 1560 cumulabitur
2871 1521 2991 1558 vero
3051 1519 3268 1562 aurum,
3303 1517 3497 1570 argen-

1911 1607 2052 1661 tum,
2083 1597 2317 1650 vestium
2348 1597 2546 1662 cultus,
2582 1611 2851 1650 seri-orum
2883 1595 3496 1666 pecorumqueimmensa

1915 1686 2236 1738 substantia.
2270 1683 2498 1754 Erisque
2559 1685 2866 1756 spectabilis
2897 1702 2960 1738 ac
2991 1685 3270 1739 mulierum
3305 1685 3499 1738 beatis-

226 1802 366 1851 πτος
448 1786 546 1839 καὶ
601 1785 1018 1855 μακαριωτάτη
1100 1785 1402 1856 γυναικῶν
1437 1824 1452 1848 ,
1506 1785 1812 1849 παντοίοις

1931 1778 2080 1844 sima;
2133 1794 2313 1842 nempe
2346 1778 2516 1832 omnis
2541 1779 2748 1848 generis
2783 1778 3038 1832 bonorum
3077 1777 3228 1845 copia
3257 1777 3490 1847 aﬂlaens,

225 1845 465 1944 ἀταὸοῖς
495 1845 894 1946 κομνῶσαξκαὶ
922 1845 1072 1944 δόξῃ
1101 1845 1458 1944 παντοδαπῇ
1486 1845 1808 1945 καταγλαῖζ

1931 1873 2084 1924 minis
2104 1870 2350 1924 claritate
2363 1845 2765 1940 jucundaberis.
2783 1870 3009 1924 Attende
3028 1871 3214 1939 igitur,
3237 1886 3266 1924 ο
3292 1845 3496 1939 puella,

228 1967 456 2037 ζομένη.
479 1968 710 2038 Exegi-at
731 1969 1068 2038 τοιγαροῦν,
1088 1965 1134 2024 ὦ
1150 1969 1321 2037 κόρη,
1335 1970 1430 2022 καὶ
1455 1967 1812 2037 κατάλληλα

1931 1978 1976 2015 ic
2010 1977 2126 2032 qua:
2181 1949 2304 2015 oris.
2355 1962 2614 2015 venustati
2661 1963 2970 2016 conveniant
3034 1962 3128 2015 tibi
3168 1963 3285 2030 ipsa
3307 1979 3500 2015 censu--

229 2063 296 2130 τῇ
324 2063 637 2131 ὠραιότητι
668 2061 777 2131 τῆς
810 2064 1006 2132 ὄψεως
1026 2062 1529 2132 βουλευσαμένη,
1560 2061 1674 2129 τὴν
1702 2078 1814 2130 μα-

227 2157 508 2222 τιιιὸτητα
551 2155 671 2224 μὲν
709 2157 941 2212 τούτων
997 2158 1119 2211 τῶν
1177 2156 1486 2227 ,λογισμῶν
1534 2158 1764 2211 ἀπόθου
1795 2171 1809 2186 ·

229 2247 496 2316 φρενήρη
546 2247 616 2302 δὲ
643 2248 916 2304 διάνοιαν
943 2250 1351 2319 ἐνδυσαμένη,
1377 2249 1462 2318 μὴ
1495 2246 1816 2316 βουληθῇς

228 2338 437 2406 πεῖραν
487 2339 601 2408 τῆς
663 2341 958 2410 ἡμετέρας
1021 2343 1490 2412 ἀγανακτήσεως
1569 2339 1812 2395 λαϐεῖν*

223 2433 373 2501 μηδὲ
427 2435 581 2489 κατὰ
610 2435 756 2500 τοὺς
810 2435 1082 2504 ἄφρονας
1130 2437 1302 2504 πείρᾳ
1338 2437 1552 2506 μείνῃς
1577 2435 1813 2504 μαθεῖν,

230 2523 357 2579 οἷον
391 2528 589 2580 κακόν
613 2527 786 2581 ἐστιν
810 2529 1072 2583 ἀσέϐεια.
1126 2530 1295 2600 Ἐγὼ,
1322 2531 1417 2584 καὶ
1442 2529 1553 2598 τῆς
1576 2530 1818 2599 φύσεως

229 2623 554 2690 olere/pter,
585 2625 680 2678 καὶ
709 2624 815 2679 τοῦ
838 2624 1104 2691 κάλλους
1129 2625 1479 2694 κηδόμενος,
1509 2625 1588 2690 ὡς
1620 2623 1818 2692 πατὴρ

232 2714 384 2780 μίλῳ
435 2714 629 2779 τέκνῳ
684 2717 752 2768 τὸ
804 2715 1102 2769 συνοῖσον
1159 2715 1544 2785 εὶσηγοῦμαι·
1605 2715 1714 2768 ἐὰν
1751 2713 1819 2767 δὲ

229 2805 306 2874 μὴ
336 2805 621 2874 πεισθῇς,
667 2806 901 2878 ἑτέρως,
945 2805 1014 2862 εὖ
1065 2808 1208 2873 ἴσθι,
1253 2807 1820 2876 προσενεχθήσομαί

234 2911 345 2949 σοι.

310 2990 374 3042 ἰι
405 2989 467 3043 δὲ
508 2991 721 3060 μάρτυς
770 2993 845 3054 ὡς
891 2991 968 3043 ἱὸν
998 2990 1174 3059 ὂψεως
1209 2989 1308 3060 τὴν
1337 2990 1662 3061 παραίνεσιν
1686 2990 1820 3044 ταύ-

235 3098 328 3151 την
359 3082 698 3149 ὲκτινὰξοισα
731 3082 831 3152 τῆς
863 3083 1058 3154 ἀκοῆς,
1094 3080 1281 3149 Ἐμοὶ,
1315 3080 1470 3151 φησὶ,
1496 3080 1563 3134 τὸ
1607 3079 1734 3150 ζῇν,
1775 3075 1822 3135 ὦ

236 3173 527 3239 εῖν-θρωπε,
585 3175 862 3241 Χριστόςο
897 3173 996 3226 καὶ
1049 3172 1260 3241 κέρδος
1300 3169 1368 3224 δέ
1413 3189 1513 3240 μοι
1543 3171 1822 3241 λαμπρὸν

1931 3178 2100 3240 homo,
2149 3177 2317 3230 virere
2357 3174 2603 3228 Christus
2659 3184 2736 3228 est
2767 3175 2834 3240 ³⁷,

237 3265 318 3316 ὅτι
342 3265 639 3333 μάλιστα,
669 3264 744 3317 δι’
773 3265 962 3319 αὐτὸν
997 3265 1342 3320 ἀποθανεῖν·
1371 3263 1446 3318 δι’
1478 3262 1551 3318 ὃν
1579 3265 1652 3318 οὐ
1681 3281 1823 3332 χρυ-

236 3359 390 3420 σιόν,
440 3357 555 3410 οὐκ
605 3358 774 3426 simu},
795 3374 911 3420 ιον,
965 3356 1090 3410 οὐδ’
1126 3356 1282 3410 ἄλλο
1330 3374 1387 3410 τι
1430 3353 1550 3409 τῶν
1580 3355 1679 3408 ἐπὶ
1712 3352 1826 3423 γῆς

237 3447 505 3515 ἐπόθησα
532 3448 822 3516 τερπνῶν¹
849 3449 1038 3502 αὑτὸν
1073 3449 1140 3502 δὲ
1164 3450 1358 3517 μόνον
1383 3448 1464 3515 ὡς
1494 3449 1827 3516 πολύτιμον

241 3540 466 3606 ἔχουσα
487 3542 860 3611 μαργαρίτην
899 3542 968 3594 ἐν
996 3543 1148 3611 ἐμοὶ,
1191 3541 1388 3596 πάντα
1420 3541 1622 3608 πηλὸν
1650 3540 1828 3608 ἠγοῦ-

237 3650 355 3700 μαι·
389 3634 594 3687 πάντα
644 3635 970 3688 σκυϐάλων
995 3635 1328 3703 ,ἀτιμότερα
1357 3636 1429 3691 τὰ
1476 3633 1613 3702 παρ’
1636 3631 1822 3701 ὑμῶν.

243 3726 505 3779 Βιὶσανοι
538 3725 608 3778 δὲ
653 3727 750 3780 καὶ
786 3726 996 3796 ξεσμοὶ
1033 3726 1129 3781 καὶ
1159 3727 1364 3796 μελῶν
1395 3726 1695 3781 ἀποκοπαὶ
1727 3725 1828 3778 καὶ

251 3819 484 3886 ὀνύχων
529 3820 874 3888 σπαραγμοὶ
938 3820 1037 3874 καὶ
1095 3820 1315 3888 θηρίων
1362 3817 1638 3887 ἀλεσμοὶ,
1680 3819 1829 3886 πρὸς

245 3909 476 3977 ἡδονὴν
502 3909 750 3979 μᾶλλον
774 3911 900 3980 ἐμοὶ
948 3912 1020 3965 δι’
1061 3911 1317 3977 ἐκεῖνον,
1346 3912 1384 3980 ἢ
1421 3912 1662 3980 ἄλγημα
1695 3927 1832 3979 τυγ-

247 4001 559 4068 χάνουσιν.
594 4001 777 4055 Ὥστε
803 4001 888 4070 μὴ
929 4003 995 4055 τὸ
1045 4001 1349 4072 σωμάτιον
1380 4001 1525 4072 ἡμῖν
1551 4002 1630 4067 ὡς
1655 4001 1833 4068 ἀδρα-

248 4093 345 4158 νὲς
371 4096 694 4162 οἰκτείρειν
717 4096 1071 4163 ὐποκρίνου,
1094 4096 1257 4150 ἀλλὰ
1287 4098 1350 4149 τὸ
1388 4094 1834 4164 παριστάμενον

250 4182 318 4250 τῇ
346 4184 603 4252 ἐξουσίᾳ
647 4201 767 4239 σου
826 4185 926 4240 καὶ
963 4185 1036 4253 τῇ
1075 4186 1192 4240 τῶν
1225 4188 1460 4255 τρόπων
1507 4187 1830 4255 ἰταμότητα,

249 4275 418 4330 τοῦτο
474 4278 637 4330 ποίει
695 4277 894 4347 μηδὲν
944 4279 1437 4348 ἀναϐαλλόμενος
1468 4294 1480 4306 ·
1521 4278 1602 4343 ὡς
1653 4276 1836 4345 ἔγωγε

251 4369 516 4436 ξυλίνοις
546 4369 791 4436 ξοάνοις
836 4372 933 4425 καὶ
961 4372 1235 4437 λιθίνοις,
1267 4373 1378 4425 οὐκ
1410 4370 1487 4424 ἂν
1518 4369 1838 4438 προσενέγ-

249 4480 405 4530 satia
446 4465 880 4533 προσκύνησιν
913 4467 1000 4531 εὶς
1029 4466 1137 4518 τὸν
1168 4465 1374 4519 αἰῶνα.

1916 2053 2049 2118 lens,
2075 2053 2264 2106 harum
2294 2054 2581 2106 vanitatem
2604 2068 2736 2122 pone
2765 2054 3141 2124 cogitationum
3168 2069 3499 2124 “unamque

1915 2155 2136 2198 mentem
2167 2146 2411 2208 induens,
2440 2161 2563 2199 cave
2615 2146 2688 2198 sis
2719 2155 2917 2200 nostra:
2941 2146 3233 2216 periculum
3266 2149 3388 2202 velis
3424 2148 3502 2216 [a-

1916 2255 2028 2292 cere
2058 2238 2474 2308 indignationis;
2507 2254 2600 2292 nec
2629 2239 2989 2308 insipientium
3018 2256 3163 2294 more
3210 2251 3496 2310 exspectes.

1915 2330 2079 2383 donec
2109 2329 2228 2398 ipso
2262 2330 2339 2382 rei
2371 2329 2732 2396 experimento
2759 2330 2982 2396 noveris,
3013 2338 3270 2400 quantum
3297 2331 3499 2383 malum

1917 2423 2162 2492 impietas
2185 2422 2275 2476 sit.
2330 2420 2465 2492 Ego,
2507 2431 2555 2474 et
2585 2437 2743 2475 sexus
2795 2423 3139 2477 miseratione
3185 2423 3396 2488 ductus,
3451 2433 3502 2476 et

1917 2514 2325 2585 pulchritudinis
2353 2531 2486 2568 cura
2522 2514 2808 2579 sollicitus,
2839 2517 2977 2568 velut
3009 2527 3161 2580 pater
3180 2517 3381 2586 prwdil.
3402 2528 3503 2568 ctu:

1920 2607 2068 2677 ﬁlice,
2099 2606 2237 2678 quod
2267 2608 2371 2661 tuis
2399 2606 2694 2661 rationibus
2717 2607 2984 2669 conducit,
3013 2609 3109 2661 hoc
3151 2609 3367 2662 suadeo.
3406 2606 3504 2662 Sin

1922 2707 2102 2752 autem
2130 2713 2327 2751 morem
2354 2713 2457 2752 non
2489 2698 2736 2768 gesseris,
2768 2697 2878 2750 alia
2913 2698 3118 2750 ratione
3144 2704 3390 2750 acturum
3425 2710 3505 2748 me

1923 2800 2094 2846 tecum
2126 2791 2354 2846 noveris.

1992 2990 2196 3064 Martyr
2251 3006 2380 3046 vero
2436 2991 2582 3046 velut
2618 2992 2894 3061 serpentis
2950 2992 3100 3047 virus
3157 2992 3502 3048 exhortnntis

1922 3085 2086 3139 verba
2123 3083 2256 3150 lnec,
2309 3099 2441 3138 aure
2485 3085 2650 3138 surda
2691 3084 2994 3148 excutiens,
3037 3083 3193 3150 Mihi,
3239 3084 3438 3154 inquit,
3476 3099 3507 3137 ο

2901 3191 3059 3244 quant
3101 3177 3332 3229 maxime
3389 3191 3508 3228 vero

1925 3265 2254 3336 splendidum
2283 3267 2412 3317 mihi
2451 3265 2680 3329 lucrum,
2709 3276 2925 3334 propter
2964 3266 3118 3319 illum
3140 3267 3307 3330 mori;
3350 3271 3506 3336 cujus

1925 3359 2100 3429 gratia
2123 3373 2225 3410 non
2249 3373 2438 3410 aurum
2460 3358 2754 3424 concupiui,
2776 3373 2878 3411 non
2906 3367 3205 3427 argentum,
3233 3373 3337 3411 non
3357 3356 3507 3411 aliud

1927 3449 2216 3520 quidquam
2239 3465 2442 3512 eorum,
2472 3464 2588 3518 quw
2623 3465 2783 3518 super
2808 3460 3006 3504 terram
3045 3449 3379 3504 delectabilia
3408 3450 3508 3502 ha-

1928 3543 2138 3608 bentur,
2163 3543 2337 3612 ipsum
2367 3558 2486 3596 vero
2524 3558 2689 3596 unum
2719 3543 2858 3597 velut
2877 3544 3164 3613 pretiosam
3190 3553 3349 3596 nacta
3367 3559 3511 3595 mar-

1929 3638 2179 3707 garitam,
2215 3636 2394 3689 omnia
2418 3635 2587 3688 lutum
2618 3636 2885 3700 existimo,
2907 3645 3096 3690 cuncta
3123 3651 3240 3704 qua:
3269 3636 3320 3687 in
3355 3651 3512 3688 censu

1930 3730 2156 3796 habetis,
2213 3730 2528 3783 stercoribus
2585 3731 2820 3783 arbitror
2865 3730 3055 3782 vilioi'a
3078 3728 3148 3782 9".
3193 3728 3361 3782 Porro
3403 3739 3516 3781 tor-

1932 3837 2110 3878 menta
2161 3833 2210 3878 et
2265 3823 2488 3877 laniena:
2515 3823 2972 3892 membrorumque
3028 3823 3317 3876 excisioncs
3360 3833 3516 3892 atque

1933 3916 2186 3985 unguium
2235 3915 2613 3984 discerptiones
2682 3916 3072 3985 bestiarumque
3133 3917 3311 3981 molae,
3367 3915 3516 3968 illius

1933 4025 2098 4062 causa
2162 4008 2358 4076 majori
2433 4008 2703 4077 voluptate
2759 4009 3084 4075 exhilarant,
3125 4025 3283 4079 quant
3333 4009 3519 4062 dolore

1933 4102 2269 4155 excruciant.
2330 4099 2535 4153 Idcirco
2575 4102 2684 4154 noli
2719 4101 2994 4164 simulare,
3045 4102 3148 4153 mei
3205 4112 3254 4154 te
3294 4117 3516 4169 corpus-

1935 4193 2042 4247 culi
2077 4202 2132 4245 ut
2171 4191 2442 4245 imbecillis
2502 4192 2838 4245 miseratione
2875 4193 3017 4254 duci,
3076 4192 3168 4245 sed
3233 4192 3372 4262 quod
3417 4205 3522 4247 tua:

1934 4287 2184 4354 potentia:
2209 4299 2514 4353 morumque
2543 4284 2860 4353 procacitati
2883 4285 3204 4352 impromptu
3234 4294 3336 4348 est,
3371 4285 3522 4338 nulla

1937 4378 2192 4431 dilatione
2221 4392 2522 4446 exsequere.
2553 4377 2633 4430 Ad
2661 4393 2742 4430 me
2770 4393 2897 4431 sane
2924 4378 3064 4446 quod
3095 4379 3304 4444 attinet,
3336 4378 3523 4448 ligneis

1941 4470 2266 4541 lapideisque
2289 4469 2485 4522 statuis
2517 4467 2722 4522 nullum
2745 4469 2946 4522 cultum
2970 4469 3280 4524 adhibuero.

316 4556 544 4620 Τούτοις
579 4557 613 4626 ἡ
650 4556 916 4627 καλλίστη
973 4556 1241 4628 παρθένος
1273 4559 1371 4627 τὴν
1393 4556 1561 4627 ὀργὴν
1588 4556 1823 4627 ἐξάψασα

1998 4533 2113 4619 Ἠίε
2163 4533 2528 4632 pulcherrima
2581 4561 2735 4631 virgo
2763 4575 2993 4618 accensa
3032 4563 3232 4629 iudicis
3264 4563 3365 4626 ira,
3397 4581 3526 4636 gra-

250 4647 338 4700 τοῦ
383 4647 674 4711 δικαστοῦ,
701 4649 942 4719 χαλεπὸν
992 4649 1050 4702 δέ
1082 4666 1204 4702 τινα
1255 4649 1350 4703 καὶ
1395 4649 1702 4720 βαρύμηνιν
1744 4650 1837 4704 τὸν

251 4740 303 4790 ἐν
353 4740 503 4810 αὐτῷ
547 4740 781 4810 δαίμονα.
827 4742 1315 4811 παρασκευάσασα,
1348 4743 1476 4810 ὃλην
1521 4742 1607 4811 ἐφ’
1634 4742 1836 4814 ἑαυτὴν

252 4828 339 4881 τοῦ
367 4830 618 4902 ὀλεθρίου
658 4831 827 4903 θηρὸς
857 4833 1210 4886 ἐπεσπάσατο
1239 4834 1337 4902 τὴν
1361 4833 1584 4886 λύσσαν.
1613 4834 1836 4904 Πρῶτον

256 4923 348 4988 μὲν
380 4921 476 4976 οὖν
506 4925 620 4986 τοῖς
664 4925 758 4976 ἐπὶ
796 4925 966 4994 κόρης
1009 4925 1320 4994 ραπίσμασι
1350 4926 1449 4996 τὴν
1479 4925 1685 4996 σεμνὴν
1714 4926 1836 4996 δψιυ

256 5015 490 5084 εκείνην,
524 5015 602 5076 ὡς
636 5016 903 5086 φλυαρεῖν
943 5016 1228 5086 τολμῶσιν
1264 5015 1607 5089 κατῃκίζετο.
1652 5019 1843 5070 Ἐπει-

253 5124 338 5169 τα,
383 5109 474 5162 τὸν
527 5107 864 5179 παρθενικὸν
918 5109 1451 5181 ἐπικαταρῤηγνύειν
1485 5110 1621 5179 αὐτῇ
1671 5126 1844 5178 προσ-

254 5200 442 5254 έταττε
468 5202 702 5272 χιτῶνα·
738 5201 834 5254 καὶ
865 5200 935 5270 δὴ
961 5201 1166 5270 γυμνὸν
1205 5201 1326 5255 ὅλον
1367 5201 1428 5254 τὸ
1461 5202 1556 5254 καὶ
1591 5201 1845 5269 ἀγγέλοις

256 5290 529 5362 αἰδέσιμον
563 5293 746 5344 ἐκεῖνο
778 5291 940 5356 σῶμα
993 5292 1486 5361 παραστησάμενος
1527 5291 1556 5343 6
1599 5289 1842 5360 ἀναιδὴς,

257 5383 524 5450 ἐπιγελῶν
596 5383 656 5436 δὲ
737 5383 818 5453 τῷ
891 5382 1128 5454 Θεάματι
1203 5384 1296 5436 καὶ
1364 5382 1840 5452 κατορχούμενος,

261 5472 419 5526 Οὕτω
438 5490 564 5538 σοι,
587 5475 782 5544 φησὶν,
811 5474 1187 5543 ἀσχημονεῖν
1211 5473 1445 5542 πρέπει,
1472 5476 1598 5527 κατ’
1627 5476 1846 5543 ὀφθαλ-

255 5561 404 5629 μοὺς
449 5565 742 5619 ἁπάντων
779 5565 1139 5634 παρεστώσῃ
1175 5564 1396 5635 γυμνῇ,
1445 5567 1541 5619 καὶ
1600 5566 1844 5635 καταγέ-

260 5653 414 5706 λωτα
460 5653 618 5710 πᾶσι
649 5654 776 5722 τοῖς
829 5656 1014 5726 ὁρῶσί
1047 5672 1121 5710 σε
1154 5657 1554 5726 παρεχομένῃ.
1599 5659 1760 5712 Ἀλλ’
1789 5658 1844 5710 ει

332 5835 375 5869 ’⁷
399 5833 639 5907 Philipp.
673 5850 714 5898 t,
749 5849 864 5889 XXI.

1945 4666 2174 4720 remque
2206 4650 2500 4720 quemdam
2533 4664 2596 4705 ac
2638 4651 2820 4720 gravis
2881 4651 2976 4706 irae.
3015 4650 3167 4706 ineo
3221 4653 3527 4709 daemonem

1946 4760 2068 4799 cum
2104 4743 2476 4807 instruxisset,
2512 4751 2682 4796 totam
2716 4743 2768 4795 in
2809 4742 3046 4811 scipsam
3102 4742 3349 4797 exitiosae
3403 4742 3529 4800 fera.-

1945 4836 2176 4890 attraxit
2207 4835 2432 4889 rabiem.
2477 4832 2721 4888 Primum
2780 4834 2944 4903 igitur
2983 4834 3236 4904 impactis
3286 4835 3530 4904 colaphis

1946 4929 2311 4984 venerabilem
2368 4928 2521 4982 illam
2557 4927 2774 4990 faciem,
2815 4926 2964 4981 velut
2993 4943 3116 4996 qua:
3147 4937 3396 4997 proterve
3429 4944 3530 4980 nn-

1953 5020 2066 5090 gari
2099 5034 2232 5072 ausa
2266 5027 2432 5080 esset,
2491 5016 2912 5071 deltonestavit.
2974 5015 3182 5070 Exinde
3210 5015 3531 5085 virginalem

1953 5113 2030 5166 illi
2061 5112 2301 5165 tunicam
2335 5109 2573 5178 dirumpi
2638 5109 2931 5178 praecepit;
2994 5108 3313 5177 nudumque
3354 5117 3528 5161 totum

1952 5219 2155 5273 corpus
2189 5203 2346 5263 illud,
2412 5204 2576 5256 etiam
2611 5201 2819 5270 angelis
2876 5200 3208 5264 venerabile,
3243 5199 3532 5268 impudens

1954 5303 2120 5348 homo
2154 5294 2490 5364 producens,
2557 5307 2657 5363 pro
2691 5294 3007 5362 spectaculo
3043 5291 3310 5346 illudebat
3345 5307 3408 5347 ac
3450 5293 3536 5346 in-

1952 5383 2211 5439 Sultabat.
2269 5382 2381 5447 Sic,
2426 5382 2629 5448 aiebat,
2687 5386 2933 5436 decorum
2967 5383 3060 5436 tibi
3107 5383 3333 5451 turpiter
3379 5398 3534 5451 agere

1950 5487 2066 5542 qua:
2100 5471 2162 5523 ob
2185 5473 2420 5524 omnium
2445 5469 2624 5524 oculos
2657 5470 2800 5523 nuda
2828 5481 2990 5533 astes,
3018 5471 3283 5539 risumque
3331 5473 3534 5524 cunctis

1951 5563 2246 5618 uidentibus
2279 5563 2554 5632 prurbeas?
2607 5560 2710 5617 Sed
2743 5563 2790 5616 si
2819 5580 2924 5633 qua
2982 5562 3076 5617 tibi
3131 5577 3276 5617 same
3310 5564 3535 5618 rationis

1951 5669 2098 5727 gutta
2122 5654 2373 5724 'inspersa
2407 5668 2504 5725 est,
2545 5657 2610 5712 ab
2638 5665 2854 5728 stupore
2887 5659 2978 5729 qui
3017 5657 3203 5712 incidit
3244 5674 3530 5728 emergens,

965 5835 1010 5867 9'
1053 5834 1239 5890 Matth.
1286 5850 1402 5900 λιιι,
1436 5833 1536 5900 46ς
1572 5832 1702 5902 Sap.
1734 5851 1806 5889 vn
1842 5835 1909 5902 9;
1936 5835 2172 5907 Philipp.
2211 5853 2292 5902 Ill,
2328 5837 2382 5894 8.
