4008 6580
478 353 582 414 355

1686 341 1980 402 ΝΙΟΕΤῈ
2021 338 2542 400 PAPHLAGONIS

3633 328 3742 391 356

476 465 676 534 hacque
740 462 906 516 animi
947 470 1280 516 contentione
1359 477 1420 514 ac
1467 460 1759 529 pervicacia
1825 455 2054 524 objecta,

2159 450 2248 516 τίς
2287 465 2386 504 σοι
2421 447 2716 518 λογισμοῦ
2772 447 3084 516 σώφρονος
3139 444 3490 498 ἐνέστακται
3535 442 3741 513 ῥανὶς,

475 569 788 625 magnorum
861 554 1079 608 deorum
1149 553 1435 606 clementiae
1513 548 1736 613 accede;
1823 547 2058 616 velutque

479 646 739 699 mundum
803 643 1106 709 amabilem,
1139 642 1439 713 religiosam
1483 641 1540 694 in
1569 656 1656 694 eos
1699 649 1923 692 mentem
1960 635 2058 688 tibi

479 739 760 804 asciscens,
819 737 929 791 noli
971 745 1173 789 tantum
1222 742 1543 801 pramature
1612 729 2060 801 pulchritudinem

480 839 863 884 tormentorum
929 828 1068 898 falce
1123 827 1355 880 excisam
1404 825 1498 878 tibi
1553 823 1810 895 deperire.
1876 818 2058 889 Neque

476 923 614 976 enim
672 923 812 976 ullus
845 931 924 976 est
977 921 1068 990 qui
1128 936 1232 973 non
1286 919 1696 988 obsequenteme
1733 931 1894 968 manu
1941 929 2056 966 mea

477 1017 642 1084 possit
679 1016 924 1071 liberare.
959 1013 1153 1070 Omnia
1177 1030 1294 1067 vero
1315 1022 1406 1065 tua
1431 1013 1665 1065 membra
1695 1008 1876 1080 (probe
1905 1005 2059 1076 scito)

479 1109 654 1162 bestiis
678 1111 886 1164 tradam
921 1107 1245 1163 devorando.

555 1389 687 1440 Mihi
723 1387 955 1458 quidem,
975 1405 1004 1440 ο
1034 1403 1250 1455 prwses,
1277 1388 1354 1440 ait
1375 1401 1566 1440 l‘Ul‘StIS
1592 1383 1886 1455 subiiciens
1911 1385 2063 1453 virga

477 1495 704 1553 martyr,
745 1483 895 1536 nulla
925 1484 1197 1552 turpitudo
1229 1493 1303 1536 est
1341 1484 1556 1536 vestium
1588 1483 1812 1534 istorum
1849 1481 2061 1549 positio,

474 1577 598 1642 quin
617 1576 789 1642 potius
813 1572 969 1625 decor
982 1583 1080 1637 est,
1113 1571 1307 1626 nudari
1326 1588 1419 1642 pro
1447 1572 1659 1626 Christo
1682 1589 1700 1635 ;
1723 1583 1878 1641 atque
1905 1571 2059 1623 indu-

474 1679 647 1719 mento
687 1667 782 1718 hoc
831 1665 1053 1734 objecta,
1101 1675 1320 1719 veterem
1367 1667 1623 1720 hominem
1649 1664 1808 1719 simul
1837 1663 2063 1734 abjicere

476 1758 614 1826 (quw
637 1759 772 1809 enim
809 1756 976 1809 oculis
1005 1757 1288 1820 conspicua
1325 1766 1470 1819 sunt,
1522 1756 1676 1825 signa
1709 1764 1829 1807 sunt
1857 1769 2059 1813 eorum,

2160 541 2272 612 τῆς
2325 540 2806 610 προσπεσούσης
2873 539 3292 609 ἀνασφήλασα
3356 540 3692 609 πεισμονῆς
3727 582 3741 604 ,

2159 635 2259 691 καὶ
2280 633 2347 688 τὸ
2375 633 2586 702 δύσερι
2611 632 2788 687 τοῦτο
2826 633 2922 686 καὶ
2953 633 3303 702 φιλόνεικον
3342 633 3742 704 ἐκριψαμένη,

2160 727 2462 794 πρόσελθε
2507 724 2584 793 τῇ
2627 724 2746 779 τῶν
2777 724 3060 796 μεγάλων
3091 726 3371 796 εὐμενείᾳ
3414 726 3566 781 θεῶν
3589 743 3603 758 ·
3639 727 3742 783 καὶ

2160 819 2225 871 τὸ
2275 818 2432 885 πρὸς
2478 816 2704 884 αὐτοὺς
2759 816 2942 882 σέϐας
2994 817 3075 885 ὡς
3134 818 3474 887 ἐπέραστον
3506 821 3746 890 κόσμον

2160 909 2687 980 ἐγκομσωσαμένη,
2721 909 2809 980 μὴ
2847 910 3165 978 βουληθῇς
3190 909 3417 978 κάλλος
3445 913 3746 967 τοσοῦτον

2163 1003 2433 1072 πρόωρον
2451 1003 2892 1074 ἐκθερισθῆναι.
2923 1005 3033 1057 Καὶ
3082 1004 3195 1075 γὰρ
3221 1004 3425 1073 οὐδεὶς
3462 1006 3746 1062 ἀπειθοῦ-

2163 1111 2284 1150 σαν
2321 1095 2430 1164 τῆς
2457 1095 2608 1165 ἐμῆς
2645 1095 2996 1160 ἀπαλλάξαι
3037 1096 3288 1151 δύναται
3334 1100 3565 1167 χειρόςο
3617 1097 3746 1153 πᾶν

2161 1187 2229 1240 δέ
2271 1204 2387 1242 σου
2415 1191 2622 1258 μέλος,
2649 1185 2718 1244 εὖ
2756 1189 2900 1254 ἴσθι,
2947 1190 3143 1258 βορὰν
3186 1190 3560 1260 προϐήσομαι
3593 1194 3738 1261 θηρ-

2163 1299 2287 1336 σιν.

2245 1375 2406 1444 Ἐμοὶ
2433 1375 2569 1444 μὲν,
2602 1371 2648 1430 ὦ
2699 1376 2946 1446 ήγεμὸν,
3003 1373 3156 1430 εἶπεν
3211 1375 3368 1441 αὖθις
3405 1380 3438 1449 ἡ
3475 1379 3746 1450 παρθενό-

2168 1484 2378 1538 μαρτυς
2427 1467 2794 1533 ὑπολαϐοῦσα,
2853 1471 2965 1524 οὐκ
3017 1470 3420 1540 ἀσχημοσύνη
3469 1470 3582 1523 τῶν
3612 1473 3749 1539 ίμα-

2164 1557 2305 1611 τίων
2329 1559 2554 1612 τούτων
2584 1561 2622 1628 ἡ
2657 1560 2964 1627 ἀπόθεσις·
3008 1560 3329 1628 εὐπρέπεια
3361 1560 3428 1614 δὲ
3475 1558 3743 1630 μᾶλλον,

2163 1651 2317 1720 ὑπὲρ
2341 1652 2601 1720 Χριστοῦ
2633 1654 3028 1723 γυμνοῦσθαι,
3061 1655 3159 1708 καὶ
3197 1653 3271 1722 τῇ
3297 1654 3568 1724 ἀποϐολῇ
3601 1655 3743 1709 τοῦς

2164 1740 2233 1794 δε
2276 1742 2384 1796 τοῦ
2435 1743 2790 1812 ἐνδύματος,
2841 1745 2951 1798 τὸν
2984 1746 3246 1800 παλαιὸν
3285 1746 3396 1814 μὲν
3427 1746 3749 1814 ἄνθρωπον

473 1821 588 1913 qua:
609 1855 775 1896 mente
805 1843 1216 1913 intelliguntur),
1236 1842 1544 1913 superindui
1575 1857 1690 1896 vero
1727 1857 1936 1907 novum,
1971 1839 2054 1911 qui

2163 1836 2735 1890 συναποϐάλλεσθαι
2756 1853 2769 1866 ·
2812 1839 3088 1906 σύμϐολα
3117 1837 3228 1908 γὰρ
3279 1839 3350 1892 τὰ
3393 1839 3747 1910 βλεπόμενα

475 1937 760 1988 secundant
785 1936 949 1989 Deum
977 1936 1240 2005 conﬂatus
1265 1948 1340 1989 est
1365 1939 1418 1989 in
1439 1936 1653 2006 justitia
1681 1946 1728 1989 et
1749 1937 1966 1989 veritate
1988 1936 2056 1989 ν’.

478 2025 594 2079 Tibi
622 2036 797 2079 autem
842 2029 1013 2094 reipsa
1053 2039 1205 2095 turpe
1236 2043 1298 2080 ac
1316 2028 1568 2096 probrum
1596 2037 1694 2090 est,
1731 2027 1869 2096 quod
1898 2025 2060 2078 mali-

474 2121 604 2171 tiam
636 2121 768 2172 sicut
797 2121 1165 2173 vestimentum
1208 2121 1425 2174 iudutus
1457 2137 1531 2185 es,
1561 2129 1609 2174 et
1642 2121 1859 2174 intravit
1914 2120 2050 2173 sicut

474 2227 611 2279 aqua
643 2211 886 2280 impietas
921 2212 976 2264 in
1025 2211 1278 2265 interiora
1319 2221 1432 2274 tua,
1464 2221 1514 2266 et
1561 2213 1693 2265 sicut
1752 2211 1925 2265 oleum
1955 2227 2059 2266 sce-

476 2300 666 2354 lerata:
705 2301 892 2354 mentis
911 2303 1148 2371 pravitas
1176 2302 1331 2356 hwsit
1365 2303 1569 2356 assibus
1600 2303 1705 2355 tuis
1741 2302 1783 2354 ί.

551 2484 624 2539 Te
645 2485 812 2556 igitur
845 2486 900 2540 in
934 2487 1075 2552 istis,
1109 2504 1212 2542 non
1243 2505 1362 2544 vero
1390 2505 1471 2544 me
1497 2505 1704 2560 (equum
1735 2499 1811 2544 est
1839 2489 2054 2560 pudere,

472 2577 614 2646 quod
652 2594 758 2632 una
792 2595 910 2632 cum
937 2587 1038 2634 hac
1090 2584 1294 2646 tunica,
1325 2582 1532 2636 carnali
1597 2583 1751 2636 sorde
1796 2584 2058 2652 deposita,

469 2685 535 2722 ac
599 2681 852 2739 gravante
922 2688 1140 2727 excusso
1226 2682 1429 2728 terreno
1487 2675 1739 2744 pondere.
1820 2674 1942 2730 levis
1997 2691 2060 2728 ac

470 2759 718 2827 expedita
752 2758 1021 2814 Christum
1050 2762 1105 2816 in
1138 2762 1326 2816 calum
1354 2765 1458 2818 sint
1485 2775 1772 2827 secutura;
1798 2780 1949 2834 quem
1975 2781 2058 2818 ve-

471 2849 552 2903 lut
593 2853 830 2906 tunicam
884 2854 1088 2915 latitia
1118 2865 1178 2910 et
1218 2856 1576 2911 vestimentum
1605 2858 1798 2912 salutis
1860 2858 2060 2911 occulte

473 2945 759 2998 secundum
775 2945 1083 3000 interiorem
1104 2946 1364 3002 hominem
1382 2947 1533 3000 indui
1557 2949 1597 3000 ¹.
1618 2947 1702 3001 Me
1731 2963 1848 3002 vero
1861 2947 2059 3018 alioqui

474 3035 636 3090 etiam
689 3037 900 3090 decebat
919 3040 1085 3116 quasi
1135 3039 1190 3093 in
1245 3041 1421 3093 stadio
1475 3039 1595 3092 huic
1626 3039 1884 3093 tribunali
1917 3041 2058 3093 nudo

472 3145 688 3198 corpore
748 3138 1034 3194 astantem,
1094 3134 1169 3186 ita
1217 3135 1480 3186 vobiscum
1533 3133 1851 3187 adversariis
1910 3132 2055 3186 lucta

470 3220 740 3290 congredi.
800 3219 925 3274 1am
963 3223 1141 3292 itaque
1181 3235 1430 3287 tortores,
1489 3241 1552 3278 ne
1594 3225 1929 3289 cunctemini,
1992 3241 2054 3279 ne

478 3326 656 3362 moras
707 3311 918 3377 nectite,
953 3312 1087 3382 ignis
1145 3315 1492 3378 accendatur,
1542 3325 1656 3368 rota
1693 3315 2052 3380 distendatur,

470 3402 684 3474 gladius
728 3404 981 3469 vibretur,
1035 3407 1293 3460 novacula
1357 3416 1602 3462 acuatur.
1662 3408 1758 3474 Ac,
1798 3409 1846 3461 si
1903 3407 2049 3471 libet,

469 3495 634 3549 etiam
663 3495 809 3562 [ossa
825 3499 1120 3566 aperiatur,
1157 3515 1406 3570 omneque
1437 3501 1623 3556 mortis
1656 3517 1913 3571 organum
1961 3517 2053 3554 ex-

472 3583 743 3654 pediatur.

543 3774 738 3830 Adhuc
787 3791 936 3842 vero,
980 3777 1229 3848 martyrii
1287 3793 1473 3834 amore
1511 3794 1884 3844 succensa,ac
1911 3779 2056 3835 velut

473 3867 662 3922 divino
694 3870 928 3938 quodam
961 3869 1164 3934 lurore.
1193 3872 1499 3927 castissima
1527 3871 1728 3937 aillata,
1748 3872 1911 3926 etiam
1939 3871 2055 3927 hate

472 3961 671 4029 adjecit
703 3978 716 4015 :
744 3960 1122 4027 Committttris,
1187 3966 1478 4020 sa'vissime
1536 3981 1599 4018 ac
1643 3965 1758 4022 dire
1804 3975 2048 4034 tyranne,

473 4054 702 4107 membra
748 4055 1144 4112 exscindenda?
1175 4055 1251 4112 En
1286 4059 1342 4110 in
1395 4057 1492 4110 hoc
1521 4057 1614 4111 tibi
1664 4066 1859 4126 parata
1909 4066 2050 4110 asto.

2158 1923 2280 1978 τῶν
2305 1925 2669 1995 νοουμένων·
2705 1927 3104 1984 έπενδύεσθαι
3144 1928 3212 1982 δὲ
3241 1929 3348 1982 τὸν
3375 1931 3608 1995 καινὸν,
3633 1931 3748 1984 τὸν

2157 2018 2311 2072 κατὰ
2355 2018 2506 2073 Θεὸν
2557 2021 3086 2089 συγκροτούμενον
3135 2020 3205 2074 ἐν
3254 2020 3608 2090 δικαιοσύνη
3640 2024 3741 2075 καὶ

2155 2110 2434 2179 ἀληθείᾳ.
2486 2113 2588 2166 Σοὶ
2649 2111 2718 2165 δὲ
2762 2111 2841 2178 τῷ
2893 2112 3022 2167 δντι
3057 2112 3430 2180 καθέστηκεν
3460 2114 3738 2184 ἀσχημο-

2157 2204 2341 2271 σύνη,
2392 2203 2480 2258 ὅτι
2514 2204 2594 2271 ὡς
2633 2204 2867 2274 ἱμάτιον
2905 2205 3172 2260 ἐνεδύσω
3213 2204 3328 2274 τὴν
3361 2207 3598 2260 κακίαν·
3639 2207 3744 2260 καὶ

2154 2295 2446 2364 εἰσῆλθεν
2490 2297 2632 2352 ὡσεὶ
2687 2297 2846 2366 ὕδωρ
2886 2301 2972 2364 εις
3006 2298 3076 2352 τὰ
3129 2297 3348 2368 ἐγκατά
3378 2315 3495 2353 σου
3525 2300 3564 2369 ἡ
3592 2300 3743 2354 ἀσέ-

2155 2390 2307 2452 ϐεια,
2320 2392 2414 2443 καὶ
2431 2391 2466 2460 ἡ
2481 2391 2738 2458 πονηρία
2751 2392 2890 2445 ὡσεὶ
2910 2393 3119 2446 ἔλαιον
3129 2392 3200 2445 ἐν
3212 2392 3337 2457 τοῖς
3347 2392 3582 2459 ὀστέοις
3597 2409 3740 2448 σου.

2229 2481 2307 2536 Σὲ
2338 2483 2545 2536 τοίνυν
2592 2482 2665 2535 ἐν
2707 2484 2961 2549 τούτοις,
3003 2483 3140 2538 ἀλλ’
3171 2486 3281 2537 οὐκ
3328 2483 3453 2552 ἐμὲ,
3507 2484 3748 2538 δίκαιον

2159 2577 2588 2644 αἰσχύνεσθαιο
2625 2575 2713 2628 ὅτι
2753 2574 2833 2640 τῷ
2870 2574 3072 2645 χιτῶνι
3106 2576 3292 2640 τούτῳ
3331 2575 3447 2642 τὴν
3479 2576 3598 2629 ἀπὸ
3632 2576 3746 2643 τῆς

2159 2667 2386 2733 σαρκὸς
2441 2666 2682 2732 κηλῖδα,
2729 2667 2829 2720 καὶ
2889 2665 2958 2720 τὸ
2989 2667 3108 2721 ἀπὸ
3136 2666 3250 2737 γῆς
3274 2683 3744 2722 συναπεσκευα-

2158 2758 2352 2828 σμένη
2377 2758 2593 2827 βάρος,
2618 2761 2812 2828 κούφη
2843 2743 3063 2814 λοιπὸν
3099 2761 3197 2814 καὶ
3233 2762 3545 2828 εὐσταλὴς
3588 2763 3748 2830 πρὸς

2157 2853 2420 2920 οὐρανὸν
2451 2853 2668 2922 ἕψομαι
2705 2853 2933 2922 Χριστῷ
2957 2870 2971 2884 ·
2997 2853 3070 2906 ὃν
3087 2855 3168 2920 ὡς
3194 2853 3413 2923 χιτῶνα
3439 2857 3743 2924 εὐφροσύ-

2157 2960 2270 3012 νης
2326 2945 2425 2999 καὶ
2487 2945 2723 3014 ιμάτιον
2779 2946 3076 3014 σωτηρίου
3116 2947 3379 3016 κρυφίως
3433 2945 3582 3000 κατὰ
3635 2947 3746 3000 τὸν

2157 3037 2330 3104 ἐντὸς
2378 3037 2695 3105 ἄνθρωπον
2741 3039 3080 3108 ἐνδέδυμαι.
3137 3040 3273 3107 Ἐμὲ
3302 3039 3370 3093 δὲ
3407 3040 3504 3093 καὶ
3539 3041 3746 3106 ἄλλως

2159 3128 2280 3182 ἔδει
2316 3129 2579 3196 καθάπερ
2617 3131 2687 3182 ἐν
2723 3130 2949 3193 σταδίῳ
2981 3128 3061 3194 τῷ
3091 3129 3319 3198 ,βήματι
3349 3131 3535 3193 τούτῳ
3569 3147 3744 3200 τεγυ-

2150 3219 2473 3287 μνωμένην
2493 3219 2560 3272 τὸ
2594 3219 2766 3288 σῶμα
2798 3218 3219 3287 παραστᾶσαν,
3263 3221 3416 3274 οὕτω
3466 3223 3742 3290 συμπλέ-

2156 3313 2364 3363 κεσθαι
2386 3309 2508 3377 τοῖς
2536 3309 2886 3376 ἀντιπάλοις
2907 3311 3068 3379 ὑμῖν.
3086 3311 3334 3374 Λοιπὸν,
3359 3306 3641 3380 ὦδιξμιοι,
3651 3313 3743 3382 μὴ

2151 3400 2426 3469 μέλλετε,
2462 3400 2550 3470 μὴ
2601 3402 2956 3456 ἀναδύεσθε.
3000 3402 3070 3456 Τὸ
3120 3401 3239 3470 πῦρ
3284 3403 3655 3467 ἐξαπτέσθω,
3706 3406 3745 3456 δ

2155 3493 2370 3562 τροχὸς
2419 3493 2828 3558 κατατεινέτω,
2858 3495 2896 3561 ἠ
2945 3494 3210 3564 μάχαιρα
3257 3496 3658 3560 στιλϐούσθω,
3705 3497 3744 3549 ὁ

2156 3582 2338 3650 ξυρὸς
2359 3584 2736 3652 ἀκονηθήτω.
2758 3584 2819 3638 Εἰ
2839 3585 3054 3648 ,βούλει
3083 3584 3170 3646 δὲ,
3201 3583 3300 3637 καὶ
3319 3585 3545 3651 βόθρος
3566 3585 3740 3652 όρυτο

2155 3674 2366 3738 τέσθω,
2410 3675 2505 3727 καὶ
2530 3673 2655 3730 πᾶν
2679 3676 2935 3743 ὄργανον
2961 3675 3390 3744 εὐτρεπιζέσθω
3422 3675 3707 3729 θανάτου.

2232 3768 2352 3820 Ἔτι
2373 3767 2451 3830 δὲ,
2470 3769 2548 3838 τῷ
2565 3769 2664 3837 τῆς
2686 3768 2994 3839 μαρτυρίας
3025 3769 3188 3840 ἔρωτι
3219 3769 3740 3840 διαθερμαινομένῃ,

2156 3861 2250 3912 καὶ
2279 3859 2440 3912 οἱονεί
2493 3877 2609 3922 πως
2653 3863 2687 3930 ὴ
2723 3860 2993 3928 πάναγνος
3040 3860 3396 3923 ἐνθουσιῶσα,
3427 3861 3523 3914 καὶ
3568 3860 3745 3914 ταῦτα

2156 3953 2468 4022 προσετίθει
2491 3970 2506 3985 ο
2539 3953 2755 4007 Μελῶν
2787 3953 3074 4019 ἀπειλεῖς,
3107 3953 3391 4022 ὠμότατε,
3430 3953 3546 4021 τὴν
3573 3953 3742 4007 ἐκτο-

2149 4042 2276 4110 μήν
2299 4059 2317 4105 ;
2356 4042 2585 4112 Ἑτοίμη
2603 4042 2754 4110 πρὸς
2774 4043 2952 4098 τοῦτό
2967 4059 3069 4097 σοι
3095 4045 3465 4112 παρέστηκα.
3494 4044 3742 4108 Θανάτῳ

473 4143 642 4197 Morte
693 4144 1026 4198 multandum
1059 4148 1302 4200 asseris?
1358 4147 1428 4201 Et
1461 4147 1557 4202 hoc
1613 4147 1803 4201 volenti
1852 4147 2051 4200 accidet

2159 4133 2400 4202 ὕιιιιοῦν
2445 4133 2758 4204 ὑπισχνᾶ;
2822 4134 2925 4202 Εις
2970 4137 3146 4190 τοῦτο
3218 4138 3736 4208 παρεσκεύασμαι.

470 4235 684 4295 animo;
735 4235 972 4288 omnium
1019 4234 1148 4288 mihi
1209 4237 1352 4289 istud
1419 4237 1802 4306 gratissimum,
1866 4236 2051 4290 horum

2160 4229 2341 4283 Τοῦτό
2387 4246 2489 4298 μοι
2547 4229 2668 4282 τῶν
2715 4228 2958 4283 πάντων
3009 4229 3482 4298 θυμηρέστατον,
3512 4229 3586 4299 τῇ
3613 4229 3736 4291 τῶν

473 4326 761 4378 amissione
819 4326 1169 4379 membrorum
1217 4327 1286 4380 ad
1322 4329 1481 4381 vitam
1531 4328 1763 4381 transire
1811 4327 2053 4381 incorru-

2159 4319 2354 4386 μελῶν
2399 4318 2670 4387 ἀποϐολῇ
2714 4321 2960 4381 τούτων,
3003 4321 3149 4387 πρὸς
3180 4320 3294 4387 τὴν
3314 4320 3744 4387 πανακήρατον

468 4427 637 4482 ptum.
678 4414 867 4484 Itaque
902 4417 1229 4484 eﬂodiuutur
1248 4417 1407 4481 oculi,
1437 4429 1492 4472 ut
1521 4420 1635 4472 sola
1659 4420 1883 4472 interius
1909 4435 2050 4473 meus

2159 4413 2483 4482 μεταϐῆναι
2515 4411 2686 4482 ζωήν.
2760 4414 3085 4482 Ὀφθαλμοὶ
3132 4414 3342 4468 τοίνυν
3370 4413 3738 4481 όρυττέσθω-

471 4503 742 4560 ίὶιννιιίιιιδ
779 4506 1092 4568 elucescens,
1128 4506 1298 4561 Deum
1323 4509 1462 4562 clare
1494 4526 1557 4561 ac
1581 4509 1850 4562 inturbnte
1880 4510 2054 4563 videre

2159 4521 2300 4570 σαν,
2339 4507 2415 4572 ὠς
2476 4503 2554 4560 ἂν
2584 4507 2766 4572 μόνος
2830 4505 3010 4559 ἔνδον
3043 4509 3076 4560 ό
3101 4506 3247 4570 νοῦς
3311 4504 3740 4574 διαυγέστερον

468 4602 657 4668 possit.
689 4596 1037 4666 Amputentur
1066 4616 1221 4653 aures
1246 4610 1294 4653 et
1326 4617 1486 4654 nasus
1520 4612 1640 4655 :est
1678 4603 1807 4654 mihi
1833 4603 2052 4656 interior

2159 4597 2494 4666 ἐκλάμψας,
2545 4596 2653 4650 τὸν
2690 4595 2839 4650 Θεὸν
2867 4596 3137 4664 καθαρῶς
3161 4595 3311 4664 όρᾷν
3340 4596 3436 4650 καὶ
3458 4598 3738 4651 ἀνεπιϐο-

467 4687 646 4741 cordis
677 4689 914 4750 auditus,
959 4706 1060 4759 quo
1113 4693 1336 4760 mystica
1386 4691 1595 4757 eloquia
1639 4694 1854 4746 audiant
1883 4710 1901 4747 ;
1930 4705 2053 4749 sunt

2159 4689 2354 4756 λώτως
2374 4687 2628 4756 δυνηθῇ.
2654 4689 3193 4757 Περιαιρείσθωσαν
3220 4684 3340 4743 ὦτα
3363 4689 3459 4742 καὶ
3476 4687 3740 4758 μυκτὴρ·

471 4780 602 4831 mihi
629 4788 677 4832 et
710 4795 890 4844 nares,
950 4783 1141 4850 quibus
1182 4783 1473 4851 ineffabilia
1508 4782 1603 4838 Dei
1635 4786 1735 4838 mei
1783 4797 2047 4854 unguenta

468 4873 745 4940 olfaciam.
780 4869 921 4924 Num
958 4873 1067 4927 hwc
1099 4885 1266 4940 potes,
1327 4876 1706 4944 impurissime,
1752 4877 1932 4947 gladio
1959 4889 2048 4931 tuo

463 4965 786 5032 amputare?
813 4961 1146 5018 Extra/tatur
1165 4983 1281 5020 vero
1301 4970 1461 5021 etiam
1479 4968 1684 5038 lingua,
1701 4981 1756 5022 ut
1782 4986 1883 5023 non
1907 4969 2045 5023 ultra

467 5059 718 5128 loquatur
747 5075 905 5128 opera
943 5059 1215 5113 hominum
1246 5061 1302 5126 ⁸;
1329 5078 1503 5115 secum
1544 5079 1661 5116 vero
1702 5065 1810 5131 ipse
1837 5064 2046 5116 animus

464 5153 718 5223 loquatur
749 5163 796 5206 et
833 5151 959 5206 Deo.
994 5152 1268 5208 Radititns
1293 5156 1588 5210 evellantur
1611 5158 1812 5220 dentes,
1835 5156 2046 5209 abscin-

459 5247 661 5299 dautur
695 5254 743 5299 et
779 5244 966 5310 labia;
1013 5263 1115 5300 non
1159 5249 1298 5301 enim
1363 5250 1472 5301 haec
1519 5247 1812 5302 necessaria
1866 5249 1913 5300 ei
1956 5247 2048 5317 qui

464 5355 568 5393 non
629 5337 858 5405 amplius
887 5337 1041 5396 \luteo
1090 5340 1202 5392 cibo
1255 5340 1514 5409 indigeat,
1549 5339 1639 5392 sed
1689 5340 1778 5408 qui
1801 5339 1913 5392 solo
1954 5339 2048 5393 Dei

462 5429 615 5484 verbo
647 5429 898 5482 secretius
936 5429 1154 5498 mystice
1195 5430 1397 5486 alatur.
1430 5430 1698 5484 Pra'terea
1720 5429 2042 5498 auferantur

461 5537 616 5576 aures
655 5537 675 5575 :
721 5536 804 5584 ac,
849 5521 895 5573 si
931 5522 1092 5584 libet,
1140 5522 1456 5592 auferantur
1490 5524 1650 5576 etiam
1693 5522 1870 5588 pedes.
1908 5521 2046 5576 Sunt

459 5615 601 5666 enim
637 5609 1011 5678 irreprehensa:
1060 5627 1244 5666 manus
1293 5613 1564 5682 (practice
1591 5610 1793 5664 scilicet
1852 5611 2048 5666 anima:

546 5791 592 5822 ⁹⁹
623 5789 824 5860 Ephes.
857 5808 932 5858 vr,
971 5792 1162 5848 22-24.
1243 5795 1258 5826 ¹
1287 5795 1427 5850 Psal.
1469 5811 1624 5862 cun,
1659 5797 1745 5850 18.
1822 5802 1841 5830 ²
1865 5800 1968 5857 lsa.
2010 5815 2122 5868 ut,
2155 5799 2244 5855 10.

2151 4785 2281 4838 ἔστι
2299 4801 2398 4851 μοι
2434 4783 2691 4852 κρύφιον
2725 4778 2834 4848 οὖς
2856 4781 3189 4852 ἐγκάρδιον,
3217 4775 3266 4849 ᾧ
3292 4780 3608 4850 μυστικῶν
3631 4784 3741 4834 .10-

2152 4879 2296 4948 γίων
2343 4873 2676 4945 ἀκροῶμαι·
2737 4875 2869 4929 ἔστι
2917 4892 3021 4943 μοι
3089 4875 3187 4928 καὶ
3230 4873 3493 4943 μυκτὴρ,
3525 4867 3575 4941 ᾧ
3619 4873 3741 4926 τῶν

2147 4968 2473 5038 ἀφράστων
2503 4967 2611 5023 τοῦ
2635 4967 2784 5022 Θεοῦ
2806 4983 2924 5036 μου
2949 4965 3371 5036 κατοσφρῶμαι
3388 4967 3614 5035 μύρων.
3635 4969 3694 5018 Μ
3703 4965 3737 5033 ὴ

2149 5062 2335 5116 ταῦτα
2389 5062 2564 5135 δύνῃ,
2613 5062 2962 5131 μιαρώτατε,
3005 5058 3079 5128 τῇ
3109 5060 3373 5127 μαχαίρᾳ
3421 5075 3538 5112 σου
3573 5074 3738 5125 περι-

2146 5153 2346 5217 ελεῖν;
2388 5153 2758 5218 Ἕξελκέσθω
2791 5152 2860 5206 δὲ
2893 5151 2991 5206 καὶ
3017 5150 3288 5222 γλῶσσα,
3312 5152 3393 5214 ὠς
3426 5150 3504 5204 ἂν
3523 5150 3740 5219 μηκέτι

2147 5245 2311 5314 λαλῇ
2342 5248 2414 5301 τὰ
2445 5247 2590 5315 ἔργα
2617 5245 2736 5300 τῶν
2767 5243 3116 5314 ἀνθρώπων,
3142 5242 3327 5310 ἑαυτῇ
3357 5229 3425 5296 δέ
3448 5241 3665 5311 νοερῶς
3698 5244 3738 5308 ἡ

2149 5337 2320 5406 Ψυχὴ
2372 5337 2660 5405 συλλαλιῖ
2733 5336 2831 5391 καὶ
2883 5334 3026 5401 Θεῷ.
3107 5333 3621 5404 Ἕκριζούσθωσαν
3682 5335 3740 5386 οί

2153 5431 2428 5496 ὀδόντες’
2485 5429 2991 5486 ἐκκοπτέσθωσαν
3055 5427 3154 5482 καὶ
3184 5428 3357 5496 χείλη
3381 5443 3396 5458 ·
3453 5424 3598 5479 οὐδὲ
3625 5424 3742 5493 γὰρ

2154 5523 2380 5576 τούτων
2406 5522 2594 5590 χρεία,
2619 5521 2700 5588 τῷ
2718 5519 2929 5591 μηκέτι
2950 5520 3214 5588 πηλίνης
3240 5516 3464 5572 ἐπιδεεῖ
3486 5513 3734 5584 τροφῆςο

2149 5614 2316 5684 μόνῳ
2373 5613 2441 5668 δὲ
2473 5613 2554 5678 τῷ
2585 5613 2746 5680 Θεοῦ,
2764 5611 2986 5683 ῥήματι
3040 5611 3502 5682 κρυφιομύστως
3524 5621 3740 5676 τρεφο-

2356 5800 2376 5832 ³
2403 5799 2551 5857 Ρεοι.
2574 5801 2760 5871 ινιίι.
