4008 6580
281 369 382 433 357

283 481 504 551 μένοις.

279 572 791 642 ἀφαιρείσθωσαν,
813 570 872 624 εἴ
899 587 999 625 σοι
1024 570 1209 635 δοκεῖ,
1237 569 1337 624 καὶ
1370 569 1572 634 πόδες.
1613 567 1744 622 Είσί
1771 586 1872 638 μοι

279 663 477 734 χεῖρες
499 663 783 731 ἄληπτοι,
825 665 887 717 αὶ
924 661 1245 732 πρακτικαί
1287 660 1397 731 τῆς
1445 660 1654 730 ψυχῆς
1686 658 1874 713 δυνά-

273 773 423 826 μεις,
459 749 558 822 αἷς
583 754 660 809 ἂν
684 755 1154 826 εὐαρεστήσαιμι
1191 752 1314 818 Θεῷ
1332 770 1344 783 ·
1379 752 1499 807 εἰσὶ
1528 751 1734 822 πόδες,
1766 749 1874 816 τὰς

277 846 396 910 σὰς
423 843 685 916 παγίδας
707 846 1186 912 ὑπερϐαίνοντες,
1215 847 1274 898 αἱ
1297 841 1446 912 πρὸς
1475 841 1663 895 αὑτὸν
1695 840 1874 893 εὐθυ-

277 937 526 1005 νόμεναι
563 935 662 990 διὰ
685 937 929 1002 θεωρίας
959 935 1332 1005 ἀκραιφνοῦς
1377 932 1625 1002 πορεῖαι.
1665 931 1874 998 Πρότε-

271 1047 386 1098 ρον
421 1028 492 1081 δὲ
513 1027 658 1095 τοὺς
698 1028 926 1097 ὄνυχας
983 1029 1306 1097 ἀφέλεσθε.
1352 1027 1454 1080 ἵνα
1490 1043 1592 1096 μοι
1621 1024 1873 1089 πλείους

189 1105 192 1110 ’
277 1120 766 1189 φιλοτιμήσησθε
813 1122 989 1188 νίκης
1035 1119 1134 1174 καὶ
1195 1119 1516 1189 στεφάνων
1577 1116 1870 1187 ἀφορμάς.

282 1214 530 1281 Περιττή
557 1234 661 1286 μοι
698 1216 889 1286 τυχὸν
912 1215 1010 1269 καὶ
1046 1213 1165 1268 τῶν
1183 1212 1382 1283 μαζῶν
1419 1211 1570 1278 αὕτη
1611 1210 1872 1277 περίκειο

277 1323 371 1358 ται
417 1306 630 1375 ζυῃάς·
686 1308 788 1360 ἵνα
851 1308 908 1361 τί
941 1308 1177 1376 λίχνοις
1223 1306 1486 1374 ὄμμασιν
1531 1305 1619 1357 ἐτι
1657 1301 1872 1370 δέλεαρ

279 1402 750 1467 προκείσονται;
790 1401 1092 1454 Ἀπτέσθω
1141 1400 1239 1454 καὶ
1299 1400 1523 1452 τούτων
1577 1401 1609 1452 ὀ
1649 1397 1870 1464 ξιιρόςσ

281 1492 477 1561 τρυφή
499 1511 602 1562 μοι
625 1493 722 1548 διὰ
741 1495 999 1562 Χριστόν
1016 1493 1145 1546 ἐστι
1172 1493 1244 1545 τὰ
1266 1489 1635 1558 κολαστήρια
1656 1506 1671 1521 ο
1707 1491 1872 1557 εὺερ-

283 1586 461 1654 τέτας
492 1586 748 1656 ἡγοῦμαι
774 1585 912 1650 τοὺς
941 1583 1268 1649 κολαστάς.
1292 1583 1429 1638 Εἴθε
1453 1583 1684 1650 γένοιτο
1719 1580 1870 1635 πᾶσι

279 1676 494 1745 μέλεσι
519 1677 779 1742 δοξάσαι
819 1677 926 1731 τὸν
953 1676 1399 1750 πλασητουργόν.
1446 1675 1586 1728 Εἴθε
1610 1691 1713 1742 μοι
1772 1672 1870 1727 καὶ

279 1770 361 1833 τῷ
387 1771 615 1839 σώματι
643 1772 737 1824 καὶ
761 1769 838 1835 τῷ
867 1771 1160 1838 πνεύματι
1181 1769 1398 1822 τοῦτον
1414 1766 1682 1837 ἁγιάσαι.
1705 1767 1869 1820 Οὕτω

1061 363 1348 426 ORATIO
1399 361 1589 424 XVII.
1637 387 1706 399 --
1748 361 1830 424 IN
1861 361 2178 423 LAUDEM
2219 361 2280 423 S.
2320 361 2780 423 ANASTASLE.

583 480 1088 549 Ἀεεαιρείσθωσαν
1133 479 1283 548 πρὸς
1350 478 1590 543 τούτοις
1647 475 1872 546 χεῖρες·

1980 476 2136 543 rires)
2169 475 2355 546 quibus
2379 475 2534 528 liceat
2557 477 2764 544 placere
2821 475 2960 537 Deo;
2993 484 3112 529 sunt
3148 485 3195 528 el
3232 473 3406 543 pedes,
3433 486 3549 530 tuos

3440 361 3548 425 358

1973 568 2186 638 laqueos
2233 570 2705 640 supergrellientes,
2746 586 2862 640 qum
2893 585 2984 638 per
3011 584 3188 623 veram
3226 567 3554 636 contempla-

1975 661 2166 713 tionem
2221 661 2289 712 ad
2337 677 2455 714 eum
2511 662 2816 731 diriguntur
2862 663 2979 715 vice.
3014 659 3173 714 Prius
3216 675 3332 712 vero
3355 675 3554 730 ungues

1973 752 2210 817 eximite,
2242 769 2344 823 quo
2392 755 2549 822 plura
2600 772 2632 807 a
2661 755 2806 808 vobis
2854 754 3090 808 victoria:
3132 768 3196 807 ac
3236 767 3555 807 coronarum

1974 842 2104 893 mihi
2129 844 2407 898 ambitiose
2440 858 2636 914 pra’slo
2664 849 2770 900 sint
2797 863 2983 914 argum
3018 857 3131 900 uta.
3163 843 3397 898 Frustra
3425 843 3557 898 mihi

1972 935 2130 986 etiam
2160 935 2339 1002 forsan
2369 941 2507 1006 quod
2542 939 2697 1000 inest,
2731 939 2951 991 uberum
2988 955 3106 1007 par.
3145 936 3210 992 Ut
3258 936 3385 1007 quid
3419 936 3557 990 enint

1971 1026 2131 1078 etiam
2152 1027 2488 1095 proslabunt,
2525 1039 2580 1082 ut
2613 1031 2823 1083 lascivis
2857 1030 3024 1082 oculis
3047 1045 3222 1084 escam
3251 1029 3511 1098 sufﬁciant
3533 1030 3560 1080 ν

1977 1117 2076 1172 llis
2106 1135 2311 1190 quoque
2358 1122 2616 1174 novacula
2648 1122 2992 1175 aclhibealur.
3028 1121 3162 1176 Μειε
3190 1131 3309 1175 sunt
3350 1131 3562 1190 propter

1976 1211 2249 1264 Christum
2284 1221 2544 1266 tormenta
2596 1213 2820 1267 delicia).
2869 1217 2974 1266 Eos
3017 1215 3105 1282 qui
3154 1215 3423 1266 cruciatus
3475 1215 3561 1264 in-

1972 1313 2177 1373 gerunt,
2215 1305 2608 1372 benefactorum
2637 1304 2754 1358 loco
2784 1305 2968 1358 habeo.
3017 1303 3234 1358 Utinam
3269 1306 3398 1356 mihi
3429 1320 3557 1356 con-

1979 1399 2149 1467 tingat
2183 1399 2424 1452 membris
2458 1398 2720 1458 ontnibus.
2745 1401 2973 1467 eumqui
3003 1399 3180 1466 ﬁnxit,
3217 1397 3561 1467 gloriﬁcare!

1977 1487 2197 1543 Utinam
2261 1500 2309 1544 et
2341 1507 2560 1562 corpore
2605 1501 2654 1545 et
2683 1493 2879 1560 spiritu
2919 1509 3036 1544 eum
3070 1491 3432 1558 sancti/icore.
3472 1489 3561 1544 Sic

1971 1584 2109 1637 enim
2137 1600 2217 1636 me
2253 1583 2336 1637 illi
2365 1585 2624 1654 integram
2650 1584 2971 1648 adhibendo,
3012 1586 3213 1654 integre
3255 1583 3401 1636 illius
3452 1583 3564 1652 frui

1972 1675 2249 1729 dulcedine
2292 1677 2538 1730 valeam!
2579 1675 2800 1730 Festina
2841 1679 3028 1748 igitur,
3069 1694 3098 1730 ο
3131 1687 3374 1746 tyranne,
3403 1687 3460 1729 ut
3513 1682 3563 1729 et

1973 1768 2103 1821 milii
2122 1769 2191 1820 ad
2211 1769 2554 1838 pulcherrimi
2571 1771 2856 1838 optimique
2874 1771 3124 1823 desiderii
3147 1770 3561 1823 consecutionem

281 1862 389 1928 γὰρ
457 1862 729 1930 ἐμαυτὴν
790 1864 1129 1929 ὀλόκληρον
1180 1858 1342 1924 αὑτῷ
1398 1858 1868 1927 παραστήσασα,

1980 1861 2114 1913 viam
2141 1861 2333 1930 facias,
2373 1861 2690 1931 libiqueipsc
2712 1862 2953 1916 tenebras
2989 1879 3051 1914 ac
3071 1864 3255 1932 fugem
3281 1860 3562 1931 caliginem

281 1954 632 2020 ὁλοκλήρως
665 1953 741 2008 ἂν
774 1954 919 2018 ἵσως
941 1953 1052 2021 τῆς
1084 1953 1272 2006 αὐτοῦ
1298 1953 1677 2018 γλυκύτητος
1705 1952 1766 2003 ἐν
1779 1953 1870 2005 ul-

1983 1953 2230 2006 thesauro
2259 1970 2502 2022 reponas.

280 2060 419 2111 μην.
468 2046 701 2101 Σπεῦδε
751 2047 983 2110 τοίνυν,
1021 2041 1066 2099 ὦ
1124 2047 1399 2113 τύραννε,
1467 2043 1598 2114 ἐμοὶ
1664 2044 1782 2114 μὲν
1831 2043 1943 2114 τῆς
1980 2047 2315 2114 καλλίστης
2369 2047 2634 2117 ἐφέσεως
2688 2047 2804 2117 τὴν
2853 2049 3164 2114 ἐπίτευξιν
3233 2047 3562 2104 ὁδοποιῶν-ο

281 2137 486 2203 σαυτῷ
535 2139 604 2192 δὲ
661 2143 884 2205 σκότος
921 2138 1018 2192 καὶ
1057 2142 1318 2192 κόλασιν
1370 2136 1742 2206 θησαυρίζων
1772 2136 2038 2206 διηνεκῆ.

351 2228 579 2292 Τούτοις
632 2229 960 2283 Ἀναστασία
1003 2231 1110 2290 τοῖς
1143 2228 1324 2295 λόγοις
1371 2226 1767 2298 καταπλήξασα
1805 2225 1867 2279 τὸ

284 2323 514 2394 θέατρον
536 2363 550 2386 ,
606 2321 702 2373 καὶ
737 2319 1001 2388 ἀγγέλους
1037 2319 1137 2389 μὲν
1186 2317 1596 2388 κατατέρψασα,
1647 2319 1742 2371 καὶ
1775 2317 1868 2372 τὸν

283 2415 390 2467 τῶν
425 2413 675 2482 ἀγγέλων
728 2412 1153 2480 κατευφρανασα
1200 2413 1476 2479 Δεσπότην
1503 2429 1515 2441 ·
1558 2410 1867 2482 εὐφροσύνη

284 2507 391 2575 γὰρ
419 2505 562 2573 ἄγαν
592 2502 712 2572 Θεῷ
747 2502 970 2573 Δεσότῃ,
1004 2501 1194 2554 πιστοῦ
1225 2503 1556 2573 θεράποντος
1591 2503 1872 2573 εὐγνωμο-

285 2600 420 2669 σύνη
439 2615 454 2628 ο
487 2597 748 2667 δαίμονας
774 2596 826 2648 δὲ
854 2597 946 2648 καὶ
976 2595 1068 2648 τὸν
1092 2595 1273 2659 αρτῶν
1319 2597 1628 2668 προστάτην
1653 2594 1870 2665 συμφύ-

290 2706 468 2762 ρασα*
527 2689 668 2760 αὑτὴ
732 2689 830 2760 μὲν
884 2689 1121 2761 ἄτρομος
1166 2690 1374 2750 ἵστατο,
1405 2689 1498 2741 καὶ
1518 2687 1614 2759 τὴν
1643 2686 1874 2757 γνώμην

287 2783 711 2853 ἀπερίτρεπτος,
761 2780 896 2851 πρὸς
942 2781 1033 2833 τὸν
1095 2780 1303 2852 Ἰησοῦν
1368 2781 1528 2851 μόνον
1573 2779 1669 2831 τοῦ
1698 2778 1790 2833 νοῦ
1814 2780 1875 2832 τὸ

289 2876 509 2946 βλέμμα
537 2873 979 2945 προσερείδουσα,
1003 2873 1097 2926 καὶ
1122 2874 1221 2944 τὴν
1249 2872 1343 2926 ἀπ’
1369 2871 1533 2925 αὑτοῦ
1558 2870 1876 2942 συμμαχίαν

287 2968 721 3036 ἐπικαλουμένη.
798 2966 860 3019 Ὀ
911 2963 1172 3036 δικαστὴς
1224 2965 1300 3031 δὲ,
1357 2964 1544 3036 ἐπειδὴ
1595 2963 1877 3035 τρυφερὰν

287 3060 481 3114 ἒ6λεπε
507 3058 674 3112 παῖδα
693 3101 707 3124 ,
745 3057 1052 3130 ἀρρενωπῴ
1103 3055 1299 3130 γνώμῃ
1333 3057 1426 3126 τῆς
1453 3057 1742 3118 κολακείας
1771 3055 1872 3108 οὒκ

289 3152 598 3206 ὲνδιδοῦσαν
631 3150 1118 3222 μαγγανεύμασινο
1163 3150 1409 3220 σταθερῴ
1448 3149 1507 3203 δὲ
1552 3150 1646 3204 καὶ
1679 3149 1872 3221 γαύρῳ

288 3246 380 3300 τοῦ
409 3245 504 3299 νοῦ
557 3245 972 3315 παραστήματι,
1002 3243 1061 3295 οὑ
1092 3242 1253 3312 μόνον
1280 3242 1381 3294 οὐκ
1424 3241 1874 3312 ἐκπλησσομὲνην

287 3336 383 3399 τὰς
412 3335 672 3398 ἀπειλάς·
707 3333 843 3387 ἀλλὰ
875 3332 1092 3402 καὶτῆς
1119 3331 1227 3384 τῶν
1256 3331 1630 3404 κολαστηρίων
1674 3330 1870 3402 δριμύ·

289 3446 448 3500 τητος
498 3427 793 3501 ὑπερφυῶς
834 3424 1317 3496 ὐπερφρονοῦσανο
1374 3423 1565 3494 μηδενὶ
1600 3422 1656 3476 δὲ
1688 3421 1875 3477 λοιπὸν

290 3521 474 3592 τρόπῳ
523 3522 616 3575 τὸν
673 3523 773 3594 τῆς
823 3525 1096 3595 ἀηττήτου
1130 3526 1283 3579 τόνον
1332 3523 1685 3595 ὲκμοχλεύειν
1711 3524 1872 3593 ἔχων,

292 3613 563 3690 ὲμαςνετο,
616 3617 953 3686 ὲκορυφοῢτο
1002 3617 1232 3690 θράσειο
1275 3616 1485 3689 βαρέως
1541 3618 1680 3686 ἄγαν
1729 3616 1877 3670 κατὰ

291 3685 774 3776 τῆς’παρεστώσης
802 3685 1080 3773 ἀείπαιδος
1111 3707 1223 3780 (74)
1258 3685 1500 3766 ὗλακτει.

363 3797 589 3866 Πρῶτον
626 3799 725 3866 μὲν
781 3796 875 3854 οὖν
935 3802 999 3855 ἐκ
1023 3803 1306 3874 τεσσάρων
1353 3801 1747 3869 τανυσθεῑσαν,
1783 3804 1877 3857 καὶ

293 3891 484 3954 πάλοις
534 3891 944 3962 προσδεθεῖσαν,
993 3895 1179 3966 ἠρέμα
1212 3895 1570 3966 κουφισθῆναι
1604 3897 1699 3966 τῆς
1731 3897 1834 3967 γῆς
1858 3935 1874 3960 ,

292 3987 380 4035 καὶ
411 3983 658 4037 κάτωθεν
700 3985 798 4055 μὲν
852 3983 985 4057 πῦρ,
1047 3987 1211 4058 ἐλαίῳ
1265 3989 1358 4040 καὶ
1395 3989 1584 4060 πίσσῃ,
1626 3988 1755 4058 θείῳ
1783 3989 1878 4041 καὶ

290 4075 621 4145 κληματίσιν
657 4077 1060 4148 ὑφαπτόμενον,
1091 4082 1204 4142 τοῖς
1222 4079 1423 4149 τιμίοις
1455 4080 1625 4150 αὐτῆς
1659 4082 1877 4134 ἐκέλευ-

293 4182 380 4218 σεν
434 4168 856 4240 ὐποστρωθῆναι
907 4171 1254 4241 σπλάγχνοις.
1309 4173 1432 4225 Ἐπὶ
1477 4175 1612 4226 πολὺ
1663 4173 1720 4226 δὲ
1765 4173 1876 4227 τῶν

290 4261 604 4330 ἀλγηδόνων
660 4263 904 4328 εὐπετῶς
965 4265 1274 4336 ἀνα-τλάσης
1312 4265 1411 4336 τὴν
1463 4265 1700 4336 ὀξύτητα
1739 4262 1874 4336 (εἶχε

290 4353 396 4426 γὰρ
425 4355 618 4419 ὅντως,
650 4350 764 4426 εἶχε
796 4357 1032 4428 Χριστὸν
1059 4357 1350 4431 ἐπίκουρον
1379 4359 1602 4430 ἀληθῆ),
1650 4359 1746 4412 καὶ
1769 4359 1876 4412 τῶν

293 4449 616 4518 σπλάγχνων
651 4448 749 4518 μὲν
774 4449 1020 4505 κάτωθεν
1045 4449 1462 4521 ὲξοπτωμένων,
1489 4468 1634 4521 cupa;
1645 4450 1876 4521 ρυγομέ-

291 4557 393 4592 νων
422 4539 478 4590 δὲ
508 4540 602 4590 καὶ
636 4543 937 4612 σπωμένων
970 4543 1079 4596 τῶν
1107 4544 1342 4613 ἐντέρων
1378 4561 1434 4596 τε
1465 4546 1559 4598 καὶ
1595 4544 1702 4598 τῶν
1727 4543 1872 4597 ἰνῶν⁸

290 4637 381 4688 τοῦ
416 4639 652 4707 αἵματος
682 4635 740 4688 δὲ
793 4634 1209 4707 ξηραινομένου,
1237 4637 1330 4690 καὶ
1358 4637 1746 4708 τεφρουμένων
1767 4635 1874 4689 τῶν

2046 2226 2143 2282 His
2181 2227 2472 2284 Anastasis
2535 2231 2718 2287 verbis
2780 2233 2996 2287 theatro
3048 2243 3272 2304 stupore
3300 2236 3560 2304 attonito,

1975 2320 2292 2391 angelisque
2361 2337 2631 2392 propense
2682 2325 2964 2388 recreatis,
3023 2335 3188 2395 atque
3242 2327 3562 2397 angelorum

1974 2411 2209 2467 Domino
2245 2413 2433 2469 laetitia
2457 2415 2653 2470 allecto
2681 2417 2859 2488 (valde
2884 2418 3037 2472 enim
3069 2417 3359 2474 Dominum
3394 2420 3563 2488 [leum

1975 2505 2209 2561 delectat
2241 2507 2416 2563 fidelis
2447 2508 2590 2563 servi
2626 2520 2815 2580 gratus
2843 2512 3061 2567 animus
3079 2523 3240 2583 atque
3269 2513 3563 2586 probitaS),

1976 2597 2319 2654 tlzemonibus
2347 2615 2478 2654 vero
2521 2615 2825 2672 eorumque
2875 2604 3123 2674 principe
3169 2607 3416 2661 confusis
3447 2615 3567 2660 lur-

1973 2690 2118 2745 batis
2146 2701 2331 2764 atque,
2362 2693 2542 2750 Stabat
2573 2697 2725 2768 virgo
2752 2697 2936 2768 quieta
2959 2709 3125 2768 atque
3149 2699 3567 2764 lib:-ra,mente-

1973 2799 2080 2852 que
2121 2785 2470 2853 inconcussa,
2505 2788 2558 2842 in
2588 2805 2696 2842 uno
2726 2790 2996 2845 duntaxat
3032 2789 3161 2846 Iesu
3188 2791 3368 2846 defixo
3395 2807 3554 2846 men-

1976 2876 2045 2930 tis
2070 2876 2255 2939 ocnlo,
2285 2887 2450 2949 atque
2480 2879 2630 2935 illius
2663 2896 2822 2952 opem
2859 2882 3184 2952 implorans.
3206 2880 3387 2942 Judex.
3414 2897 3563 2948 vero,

1975 2970 2121 3038 quod
2155 2971 2441 3026 delicatam
2497 2974 2731 3044 puellam
2762 2975 2980 3030 vidi-bat
3007 2976 3145 3030 \irili
3199 2978 3385 3032 animo
3430 2976 3565 3032 nihil

1979 3062 2368 3118 blanditiarum
2398 3065 2673 3122 illecebris
2698 3071 2917 3134 cedere,
2952 3069 3046 3123 sed
3073 3070 3346 3124 constanti
3372 3085 3568 3139 super-

1981 3154 2171 3223 bteqne
2198 3156 2400 3209 mentis
2437 3159 2723 3227 prmsentia
2772 3174 2836 3214 ac
2894 3160 3146 3224 audacia,
3212 3162 3410 3214 nedum
3451 3177 3564 3216 non

1982 3247 2149 3302 minis
2179 3250 2501 3314 conterreri,
2529 3251 2624 3304 sed
2674 3260 2728 3305 et
2779 3261 3177 3307 tormentorum
3211 3256 3564 3309 acerbitatem

1903 3359 1947 3420 ο
1980 3338 2318 3396 fortitudinis
2373 3342 2575 3398 eximia
2625 3344 2674 3397 vi
2713 3360 3012 3414 spernere;
3075 3362 3200 3401 cum
3262 3348 3413 3402 nulla
3447 3349 3562 3418 jam

1986 3431 2203 3486 ratione
2237 3433 2452 3489 invicta:
2503 3437 2701 3492 mentis
2745 3439 2986 3508 vigorem
3033 3449 3214 3508 posset
3254 3439 3563 3510 eﬂ‘ringere,

1979 3524 2165 3579 furore
2204 3526 2488 3596 agebatur,
2522 3529 2749 3584 audacia
2781 3530 3041 3594 tumebat,
3076 3533 3421 3602 graviterque
3471 3533 3570 3586 ad-

1980 3619 2202 3672 modum
2233 3619 2501 3674 adversus
2530 3632 2802 3675 astantem
2833 3637 3027 3692 puram
3057 3638 3273 3694 semper
3330 3624 3570 3694 puellam

1979 3709 2234 3764 lalrabat.

2052 3801 2295 3855 Primum
2327 3802 2492 3871 igitur
2521 3818 2551 3857 e
2589 3791 2828 3873 quatuor
2849 3802 3147 3878 distentam
3191 3805 3442 3876 palisque
3484 3808 3567 3861 al-

1980 3895 2224 3964 ligatam,
2251 3896 2509 3964 paulatim
2535 3911 2565 3949 e
2619 3907 2760 3950 terra
2817 3896 3004 3962 levari,
3041 3899 3343 3967 subtusqne
3385 3901 3565 3970 ignem

1979 3989 2098 4043 oleo
2128 3997 2179 4043 et
2213 3991 2351 4060 pice,
2388 3989 2756 4059 sulphnreque
2784 3998 2838 4044 et
2869 3993 3160 4046 tormentis
3208 4008 3574 4056 succensum;

1981 4084 2304 4136 venerandis
2338 4083 2458 4151 ejus
2496 4082 2804 4137 visceribus
2835 4083 3111 4138 substerni
3149 4087 3423 4154 praecepit.
3462 4085 3565 4141 Diu

1979 4185 2160 4229 autem
2212 4175 2558 4244 multumque
2609 4183 2802 4230 acutos
2866 4176 2957 4230 illa
3009 4175 3202 4230 leniter
3261 4177 3568 4232 sustinente

1979 4267 2196 4321 dolores
2225 4268 2449 4336 (quippe
2498 4280 2622 4334 qua:
2690 4264 2970 4321 Christum
3021 4283 3147 4323 vere
3205 4270 3565 4326 auxiliantem

1979 4361 2250 4430 haberet),
2281 4360 2696 4430 visceribusque
2714 4360 2972 4415 deorsum
3006 4361 3128 4430 igne
3164 4363 3324 4426 assis,
3358 4363 3570 4419 intesti-

1980 4457 2176 4526 nisque
2210 4470 2275 4510 ac
2343 4455 2494 4509 libris
2559 4455 2768 4525 pariter
2822 4455 2983 4509 tostis
3018 4469 3084 4509 ac
3133 4454 3568 4523 dissilientibus;

1977 4548 2262 4604 exsiccata
2289 4563 2509 4618 quoque
2540 4548 2808 4618 sanguine
2839 4563 2903 4602 ac
2931 4549 3082 4604 venis
3114 4549 3168 4604 in
3201 4549 3442 4605 favillam
3481 4568 3570 4606 rc-

1981 4642 2188 4707 dactis,
2219 4641 2483 4714 vitalique
2516 4641 2775 4698 facultate
2809 4644 3022 4699 exustis
3052 4659 3110 4698 se
3141 4645 3406 4701 membris
3433 4648 3568 4702 sub-

216 4796 230 4811 .
290 4705 536 4798 φλεϐῶνο
565 4730 662 4800 τῆς
715 4705 950 4800 ζωτικῆς
983 4705 1039 4781 δέ
1065 4728 1350 4800 δυνάμεως
1383 4705 1492 4781 τῶν
1526 4730 1622 4798 μὲν
1661 4730 1873 4799 ἐμπιμ-

1983 4737 2238 4800 ducente,
2269 4745 2629 4807 emortuaqne
2693 4737 2838 4790 unde
2897 4737 3240 4804 recessisset,
3289 4753 3352 4793 ea
3406 4740 3570 4793 relin-

290 4824 588 4893 πραμένων
646 4821 821 4893 μελῶν
849 4823 1194 4892 ὑπαπιούσης
1214 4839 1228 4852 ⁸
1264 4823 1434 4894 νεκρᾶ
1485 4822 1634 4874 δὲτὰ
1661 4816 1734 4876 ὧν
1771 4825 1877 4892 ἁφ-

289 4920 510 4987 εστήκοι
563 4917 1121 4987 καταλιμπανούσης·
1169 4916 1640 4988 διαρῤηγνυμένου
1694 4917 1749 4970 δὲ
1783 4917 1877 4970 καὶ

286 5009 378 5062 τοῦ
431 5009 605 5062 νώτου
655 5012 764 5072 τοῖς
825 5009 1043 5079 μάστιξι
1101 5010 1192 5062 καὶ
1239 5009 1744 5079 διαρῤυῖσκομένων
1769 5009 1877 5062 τῶν

290 5104 532 5173 σαρκῶν,
568 5101 794 5172 οὐδεμία
820 5105 884 5173 τῇ
918 5103 1203 5172 ἁθλοφόρῳ
1229 5104 1595 5174 προσπίπτειν
1621 5101 1876 5171 αἴσθησις

289 5195 462 5248 ἐδόκει
485 5211 498 5222 °
539 5197 639 5265 ὅλη
671 5195 726 5248 δὲ
757 5194 850 5248 τοῦ
901 5193 1339 5265 συγκρατοῦντος
1369 5195 1509 5267 αὐτῇ
1562 5193 1624 5246 τὸ
1653 5193 1874 5264 πνεῦμα

289 5290 579 5359 γενομένη,
619 5290 715 5341 καὶ
744 5291 810 5358 τῇ
853 5288 988 5360 πρὸς
1021 5287 1184 5341 αὑτὸν
1213 5287 1469 5340 ἐκστάσει
1500 5286 1598 5357 τὴν
1629 5287 1876 5355 αἰσθητι-

293 5385 390 5452 κὴν
441 5381 647 5453 μικροὖ
703 5381 938 5452 δύναμιν
989 5381 1311 5444 παοεθεῑσα,
1345 5380 1468 5435 οὔτε
1503 5381 1610 5433 τῶν
1667 5378 1875 5434 ἄνωθεν

361 5591 473 5661 (74)
511 5587 950 5661 ίΠαρεστὼοξης
1012 5587 1341 5661 ἀείπαιδος.
1398 5584 1510 5638 Vox
1561 5599 1702 5661 nova
1765 5592 1866 5649 est,

293 5657 432 5714 haud
457 5657 461 5658 ⁷
488 5660 718 5714 dubium
779 5659 870 5727 qui
931 5671 1028 5725 pro
1069 5657 1428 5727 ἁειπαρθὲνου
1485 5657 1680 5727 posita,
1715 5663 1770 5708 et
1809 5665 1872 5727 ut

293 5734 492 5785 candor
543 5747 608 5783 ac
645 5725 952 5782 innocentia
1005 5729 1195 5796 puella:
1242 5725 1600 5796 Sigltllicellll‘.
1651 5725 1872 5794 Suppli-

1981 4842 2215 4901 quente;
2253 4830 2418 4883 dorso
2478 4843 2700 4898 quoque
2730 4828 3053 4882 verberibus
3099 4828 3338 4899 dirupto,
3383 4831 3572 4884 carni-

1981 4923 2196 4992 busque
2223 4920 2619 4986 diﬁluentibus,
2656 4920 2842 4973 nullus
2874 4921 2998 4974 inde
3029 4919 3154 4975 forti
3176 4922 3341 4992 pugili
3374 4937 3572 4978 sensus

1981 5014 2116 5070 elIici
2163 5014 2491 5067 videbatur:
2542 5012 2635 5065 sed
2689 5018 2802 5064 tota
2861 5010 3167 5063 roborantis
3215 5009 3264 5066 ei
3315 5010 3568 5078 Spiritum

1982 5103 2151 5171 facta,
2180 5117 2517 5172 excessuque
2567 5101 2620 5154 in
2657 5115 2781 5154 eum
2825 5100 2912 5152 vix
2967 5114 3074 5152 non
3123 5098 3388 5152 dissoluta
3445 5102 3570 5169 ejus

1984 5197 2252 5252 sentiendi
2305 5197 2376 5261 vi,
2427 5211 2527 5248 nec
2582 5194 2772 5264 plagas
2835 5193 3064 5248 curabat
3125 5209 3262 5264 quas
3311 5195 3568 5262 superius

1984 5295 2158 5340 tortor
2189 5284 2491 5356 inlligebat,
2528 5301 2626 5340 nec
2680 5288 2745 5340 ad
2782 5287 3031 5342 incendia
3062 5288 3317 5341 deorsum
3353 5290 3566 5344 urentia

1984 5380 2226 5434 animum
2289 5380 2646 5434 attendebat:
2686 5381 2779 5435 sed
2838 5381 3117 5436 Christum
3178 5381 3355 5436 solum
3409 5383 3569 5436 enixe

1977 5584 2061 5640 cia
2092 5584 2206 5638 haec
2236 5583 2428 5637 eodem
2459 5583 2654 5638 ordine
2681 5593 2904 5639 narrata
2954 5584 3012 5654 in
3037 5583 3189 5641 Actis
3246 5584 3558 5654 Metapltra-

1956 5655 2144 5720 statis,
2187 5654 2281 5709 sed
2338 5669 2444 5706 non
2481 5668 2545 5708 ea
2582 5669 2803 5726 pompa,
2857 5671 2967 5726 qua
2999 5653 3215 5712 Nicetas
3247 5654 3338 5709 illa
3377 5653 3567 5726 prose-

1979 5727 2224 5795 sequitnr
2251 5733 2611 5795 exornatque.
