4008 6580
423 332 529 396 359

1586 335 1632 393 N
1646 334 1881 393 lCET/E
1939 332 2131 392 PAPII
2142 329 2462 390 LAGONIS

3579 322 3687 383 360

428 460 650 513 rogans,
713 461 886 516 eaque
950 448 1218 503 mirabilia
1292 464 1625 514 memorans,
1694 464 1815 517 quae
1880 449 1982 502 olin

2116 443 2572 514 καταφερομένων
2603 440 2880 511 ἐφρόντιζε
2922 439 3173 508 πληγῶν
3203 436 3325 491 οὔτε
3349 436 3405 488 δὲ
3429 436 3561 505 πρὸς
3587 435 3687 497 τὰς

427 536 717 609 llabylouar
743 542 918 595 tribus
956 543 1135 610 pueris
1186 544 1425 597 exhibita
1483 551 1666 597 essent
1696 544 1738 603 ⁸,
1776 550 1830 594 et
1878 555 2000 609 qua:

426 644 642 699 semper
689 632 797 685 illis
832 634 1073 696 ωιίιίιιιιι,
1108 636 1199 703 qui
1237 636 1355 704 ('jus
1385 650 1550 689 causa
1578 634 1735 689 malis
1757 633 2001 687 allician-

424 728 549 783 tur;
590 722 739 776 velut
771 740 891 778 rore
936 727 1194 795 quodam,
1230 728 1478 781 oratione
1513 724 1891 795 rcirigerante,
1922 723 2001 778 fa-

421 812 527 867 cile
551 814 843 870 admoilum
880 818 1158 872 cruciatus
1188 819 1411 873 terebat.

495 1087 791 1159 llisitaque
818 1092 1057 1145 animqu
1121 1094 1463 1163 despondeas
1510 1093 1619 1149 lera
1659 1096 1863 1161 bellua,
1934 1097 1988 1151 in

421 1191 541 1233 rota
605 1181 841 1237 distemli
873 1184 1182 1238 columbam
1265 1189 1668 1241 immaculatam
1736 1189 1994 1252 mandat;

416 1274 639 1342 direque
692 1275 792 1327 hac
844 1292 1028 1345 pressa
1065 1278 1356 1341 machina,
1395 1280 1711 1333 ossibusilli
1764 1281 1994 1334 commi-

418 1366 585 1429 nutis,
623 1368 910 1434 nervisque
937 1384 1000 1421 ac
1034 1370 1288 1423 medullis
1319 1372 1592 1437 distentis,
1624 1372 1880 1441 omnique
1912 1371 1994 1425 fe—

417 1473 473 1509 re
528 1469 810 1511 exarmata
890 1460 1140 1528 corporis
1185 1463 1569 1517 commissura.
1620 1464 1687 1516 At
1751 1477 1989 1531 quonam

416 1551 578 1602 modo
636 1566 666 1603 a
724 1553 848 1606 talis
917 1554 1109 1605 mortis
1169 1554 1369 1624 impetu
1437 1555 1733 1610 liberatur?
1784 1553 1991 1624 Nempe

413 1652 633 1711 accepta
663 1644 728 1694 ad
759 1659 906 1703 eum,
941 1646 1030 1712 qui
1067 1645 1278 1699 salvare
1336 1662 1480 1709 eain,
1526 1662 1594 1701 ex
1654 1658 1825 1701 morte
1857 1662 1987 1715 pos—

423 1743 507 1787 set
579 1734 756 1787 oblata
821 1736 1243 1803 supplicatione,
1296 1752 1457 1807 quam
1522 1736 1658 1791 forte
1699 1736 1845 1790 haud
1893 1753 1989 1788 su-

2104 536 2344 589 κοὶτωοεν
2374 536 2738 603 ἐπεστρέφετο
2767 531 3042 601 πυρώσεις
3068 546 3082 560 ·
3120 530 3265 600 μόνῳ
3297 528 3351 581 δὲ
3396 543 3688 597 προσευχο-

2104 632 2237 699 μένη
2292 628 2532 698 Χριστῷ,
2565 628 2792 679 καὶτῶν
2827 624 3145 695 Θαυμασίων
3178 624 3338 677 αὑτὸν
3371 623 3686 691 ὑπομιμνή-

2101 739 2326 784 σκουσα,
2386 715 2460 774 ὧν
2518 737 2574 771 τε
2607 719 2773 772 πάλαι
2816 718 2957 770 κατά
3005 719 3105 786 τὴν
3156 716 3507 768 Βαϐυλωνίαν
3540 714 3688 784 τρισὶ

2100 812 2359 874 νεανίαις,
2421 812 2517 865 καὶ
2552 806 2626 865 ὧν
2669 810 2755 863 ἀεὶ
2795 812 2906 871 τοῖς
2936 808 3075 879 ὑπὲρ
3124 806 3289 861 αὑτοῦ
3324 806 3689 875 κακουμένοις

2100 906 2513 958 ύποδείκνυται’
2566 905 2819 972 καθάπερ
2884 903 3060 973 δρόσῳ
3112 900 3218 954 τινὶ
3280 904 3346 968 τῇ
3405 900 3685 969 προσευχῇ

2100 995 2804 1067 καταψυχομένηβύμαρῶς
2819 994 2958 1061 ἄγαν
2982 993 3221 1063 ὑπέφερε
3248 993 3343 1054 τὰς
3363 991 3683 1059 ἀλγηδόνας.

2170 1090 2390 1150 Ὶόύτοις
2429 1085 2523 1141 οὖν
2559 1089 2859 1155 ἁποκαμὼν
2901 1088 2928 1139 ὁ
2964 1085 3068 1157 Οὴρ
3098 1087 3327 1147 ἐκεῖνος,
3355 1084 3447 1136 ἐπὶ
3488 1082 3683 1152 τροχοῦ

2097 1181 2509 1235 κατατείνεσῦαι
2560 1182 2658 1249 τὴν
2716 1179 2940 1232 ἄσπιλον
2983 1178 3284 1229 ἐνετέλλετο
3318 1176 3678 1246 περιστεράνσ

2095 1274 2285 1334 δεινῶς
2317 1274 2372 1325 δὲ
2406 1272 2481 1341 τῷ
2528 1274 2799 1341 μαγγὰνῳ
2859 1270 3287 1322 καταπιεσοεῖσα
3310 1283 3323 1295 °
3364 1267 3472 1320 τῶν
3504 1266 3681 1318 ὀστῶν

2101 1368 2198 1436 μὲν
2256 1367 2394 1435 αὖτῇ
2465 1363 2877 1433 συνολωμὲνων,
2934 1362 3319 1430 ὲντεινομένων
3373 1359 3429 1411 δέ
3474 1375 3534 1426 γε
3571 1358 3684 1410 τῶν

2094 1459 2301 1526 νεύρων
2352 1459 2447 1509 καὶ
2497 1456 2679 1526 μυῶν*
2716 1455 2808 1507 καὶ
2857 1455 3034 1522 πάσης
3081 1452 3137 1504 δὲ
3183 1452 3367 1521 σχεδὸν
3416 1450 3683 1520 ἁρμονίας

2093 1550 2187 1604 τοῦ
2212 1550 2459 1619 σώματος
2492 1548 2931 1619 ὲξαρΟρουμένης
2953 1561 2966 1574 ·
3004 1546 3122 1597 τίκα
3153 1544 3353 1614 τρόπον
3374 1545 3472 1613 τῆς
3498 1541 3681 1595 τοιαύ-

2094 1660 2189 1709 της
2247 1644 2338 1695 τοῦ
2384 1642 2614 1694 θανάτου
2664 1641 2845 1710 ῥύμης
2900 1638 3339 1705 ἁπαλλάττεταις
3378 1637 3681 1707 Ἰκετηρίαν

2092 1736 2287 1805 δεκῖὴν
2322 1735 2457 1805 πρὸς
2480 1736 2567 1785 τὸν
2590 1732 2884 1802 δυνάμενον
2928 1731 3118 1793 σώζειν
3156 1730 3323 1799 αὐτὴν
3355 1732 3417 1783 ὲκ
3444 1729 3679 1781 Θανάτου

412 1822 676 1891 perﬂuum
751 1826 999 1878 videatur
1059 1825 1277 1880 addere.
1315 1826 1475 1892 Deus,
1508 1827 1646 1881 Deus
1677 1828 1982 1895 spirituum,

2093 1829 2529 1896 προσενέγκασα,
2592 1827 2657 1896 ἣν
2712 1827 2840 1887 ίσως
2892 1825 2951 1877 οὐ
3020 1822 3270 1893 περιττὸν
3317 1823 3673 1891 προσθεῖναν

412 1914 608 1979 aiebat,
634 1916 903 1986 omnisque
934 1920 1132 1981 carnis,
1166 1918 1259 1988 qui
1291 1919 1552 1988 sapientia
1598 1929 1688 1973 tua
1729 1936 1806 1973 res
1868 1934 1988 1987 pro-

409 2006 634 2071 duxisti,
662 2023 937 2077 rerumque
965 2010 1129 2061 oculis
1156 2011 1557 2078 conspicuarum
1583 2011 1989 2078 pulcherrimam

411 2100 674 2163 (hominen
714 2101 937 2168 scilicet)
968 2102 1035 2153 ad
1068 2102 1351 2171 imaginem
1377 2110 1521 2154 tuam
1552 2101 1797 2171 fecisti“;
1834 2112 1989 2171 atque

407 2189 546 2242 hunc
574 2207 670 2258 pro
693 2193 871 2246 aemuli
903 2193 1061 2259 hujus
1122 2194 1535 2262 dispensatione.
1569 2210 1727 2246 carne
1770 2210 1831 2246 ac
1870 2205 1988 2249 tute

408 2285 629 2347 uestiui,
660 2285 966 2354 casibusque
997 2304 1058 2339 ac
1093 2288 1260 2339 nervis
1288 2287 1616 2355 compegisti,
1644 2287 1903 2354 vitamque
1926 2301 1989 2338 ac

408 2378 826 2430 misericordiam
866 2380 1099 2431 tribuisti
1125 2378 1253 2445 ei“;
1295 2389 1371 2443 tu,
1410 2379 1650 2442 Domine,
1694 2379 1986 2431 misericors

405 2468 845 2535 curatorjnssisti
890 2485 981 2537 per
1021 2468 1365 2538 Prop/telam,
1404 2471 1583 2522 dicens
1612 2485 1631 2523 :
1668 2472 1855 2523 lnvoca
1905 2486 1989 2523 tne

409 2559 462 2611 in
496 2563 582 2613 die
608 2562 979 2614 tribulationis
1036 2573 1164 2624 tute,
1216 2578 1405 2617 eruam
1441 2573 1512 2629 te,
1553 2574 1605 2616 et
1659 2563 1987 2632 glorilicabis

408 2666 495 2705 me
521 2652 564 2703 ⁷.
594 2650 726 2705 Ecce
753 2653 906 2706 hodie
930 2653 1139 2723 benigni
1170 2656 1246 2707 tui
1267 2655 1411 2709 iliius
1441 2657 1678 2708 mandati
1712 2658 1986 2710 recordata

407 2745 620 2810 fortiter
652 2744 869 2808 invoco;
916 2761 1040 2798 erue
1065 2756 1112 2799 et
1172 2746 1344 2800 libera
1373 2764 1452 2801 me
1485 2766 1515 2799 a
1566 2749 1812 2802 violentia
1872 2764 1988 2818 qua:

408 2846 580 2887 arctat
635 2852 754 2899 me;
810 2848 962 2904 atque
1017 2855 1048 2891 a
1083 2839 1353 2892 doloribus
1385 2857 1501 2911 qua:
1540 2856 1619 2894 me
1679 2858 1816 2893 nunc
1871 2858 1988 2907 prc-

407 2938 576 2991 munt,
617 2929 899 2983 immunem
934 2930 1093 2983 redde
1125 2950 1137 2985 :
1164 2942 1213 2985 et
1250 2934 1462 2986 ostende
1502 2934 1633 2986 mihi
1702 2934 1990 2987 miscricor-

404 3020 553 3071 diam
620 3032 790 3085 luant,
844 3032 892 3076 et
932 3021 1173 3077 salutare
1207 3033 1354 3076 tuum
1397 3024 1579 3077 dona’3
1614 3042 1627 3078 :
1666 3035 1722 3076 ut
1751 3025 1804 3077 in
1832 3034 1898 3091 te,
1932 3027 1986 3077 in

2093 1918 2218 1981 Θεὲ,
2253 1918 2358 1971 Θεὲ
2387 1918 2504 1970 τῶν
2533 1916 2912 1984 πνευμάτων,
2937 1915 3109 1981 ἔλεγε,
3142 1913 3239 1966 καί
3289 1911 3485 1978 πάσης
3528 1929 3679 1980 capo

2090 2013 2196 2077 κός
2217 2027 2229 2039 .
2261 2014 2291 2063 ό
2314 2008 2390 2078 τῇ
2420 2010 2602 2077 σοφίᾳ
2626 2025 2741 2061 σου
2778 2008 2845 2060 τὰ
2870 2007 3013 2059 ὄντα
3037 2004 3416 2075 παραγαγὼν,
3442 2004 3536 2057 καὶ
3558 2004 3679 2057 τῶν

2089 2104 2398 2173 ὁρωμένων
2427 2104 2490 2157 τὸ
2523 2103 2875 2166 κάλλιστον,
2913 2100 3249 2169 ᾶνθρωπον,
3307 2098 3434 2151 κατ’
3469 2098 3678 2152 εἰκόνα

2088 2197 2214 2265 σὴν
2240 2195 2580 2263 πεποιηκὼς
2599 2210 2613 2225 ο
2640 2196 2737 2247 καὶ
2767 2193 2891 2247 τοῦ.
2912 2210 2984 2246 ον
3023 2192 3171 2261 πρὸς
3194 2190 3307 2258 τὴν
3328 2190 3677 2258 οἰκονομίαν

2089 2291 2203 2359 τὴν
2246 2290 2397 2343 κατὰ
2443 2286 2547 2341 τὸν
2587 2287 2856 2355 πορόντα
2874 2286 3041 2349 βίον,
3094 2287 3292 2351 σάρκα
3338 2282 3677 2350 περιϐαλὼν

2089 2381 2188 2435 καί
2218 2380 2434 2449 δέρμαο
2477 2378 2712 2443 ὀστέοις
2741 2376 2809 2429 δὲ
2830 2377 2927 2429 καὶ
2959 2377 3194 2441 νεύροις
3216 2374 3452 2439 ere/pag
3472 2390 3483 2401 ·
3522 2372 3676 2440 ζωὴν

2087 2472 2154 2524 δὲ
2182 2472 2319 2539 παρ’
2359 2468 2519 2534 αὐτῷ
2542 2468 2790 2537 θέμενος
2815 2468 2913 2521 καὶ
2960 2468 3133 2532 ἕλεος
3161 2482 3174 2495 ·
3217 2465 3299 2518 σὺ
3333 2466 3509 2531 Κύριε
3539 2467 3673 2532 φιλ-

2087 2562 2358 2630 άνθρωπε
2398 2560 2675 2630 κηδεμὼν
2717 2559 2994 2613 ἐνετείλω
3027 2558 3124 2611 διὰ
3174 2558 3282 2611 τοῦ
3329 2557 3672 2625 προφήτου,

2100 2653 2453 2708 Ἐπικαλεσαί
2480 2669 2571 2722 με,
2600 2651 2813 2722 λέγων,
2856 2652 2913 2703 ἐν
2938 2650 3122 2721 ἡμέρα
3148 2648 3379 2719 θλίψεως
3409 2666 3531 2715 σου,
3576 2649 3674 2701 καὶ

2087 2748 2375 2817 ὲξελοῦμαί
2428 2766 2507 2810 σε,
2562 2747 2655 2800 καὶ
2706 2746 2949 2811 δοξάσεις
2980 2763 3069 2816 με,
3115 2746 3260 2799 Ἰδοὺ
3301 2745 3377 2812 δὴ
3406 2744 3674 2814 σήμερον

2086 2840 2195 2908 τῆς
2219 2838 2449 2909 ἀγαθῆς
2472 2858 2593 2893 σου
2614 2840 2836 2905 ταύτης
2861 2836 3139 2906 ἐντολῆς,
3166 2839 3205 2905 ἡ
3232 2837 3526 2907 ἐλαχίστη
3552 2855 3672 2891 σου

2087 2933 2434 3000 θεραπαινὶς
2466 2931 2949 3000 ὑπομνησθεῐσα,
2968 2928 3233 2998 στερρὡ
3251 2931 3669 3000 ἐπικαλοῦμαι·

2086 3024 2301 3089 ἐξελοῦ
2358 3024 2455 3077 καί
2505 3027 2684 3089 ρὐαι
2737 3024 2848 3093 τῆς
2900 3026 3292 3093 συνεχούσης
3329 3025 3505 3091 βίας·
3570 3022 3671 3079 καὶ

404 3111 561 3178 ﬁnem
588 3129 747 3182 usque
778 3113 1012 3183 legitime
1030 3117 1287 3170 desudata
1306 3118 1616 3177 certamine,
1640 3117 1734 3169 tibi
1751 3116 1977 3187 gloriam

2089 3116 2447 3181 ἀπάλλαξον
2468 3116 2585 3170 τῶν
2614 3118 2869 3184 ὀδυνῶν,
2896 3118 2959 3172 a1
2975 3136 3051 3188 με
3096 3118 3211 3171 νῦν
3233 3115 3501 3178 πιέζουσι
3518 3135 3531 3147 ·
3570 3119 3672 3172 καὶ

402 3204 737 3270 σιιιιυιίιιαηι,
765 3205 922 3260 Patri
940 3216 989 3261 et
1016 3206 1161 3262 Filio
1184 3220 1233 3263 et
1258 3208 1482 3278 Spiritui
1502 3220 1706 3272 sancto,
1728 3209 1978 3279 quoniam

402 3297 547 3349 solus
573 3315 625 3351 es
651 3298 983 3368 gloriﬁcatus
1009 3302 1064 3354 in
1099 3302 1316 3356 satcula.
1362 3306 1547 3355 Amen.

2085 3208 2287 3272 δεῖξόν
2322 3226 2424 3277 μοι
2464 3212 2526 3262 τὸ
2570 3209 2744 3275 ἔλεός
2778 3226 2918 3275 σου,
2978 3212 3076 3264 καὶ
3109 3211 3175 3264 τὸ
3217 3212 3514 3279 σωτήριόν
3550 3226 3670 3265 σου

2082 3299 2369 3370 δώρησαι’
2392 3302 2552 3367 ὅπως
2590 3301 2659 3355 ἐν
2681 3302 2780 3355 σοι
2796 3302 2971 3372 μέχρι
2993 3302 3206 3369 τέλους
3236 3304 3493 3372 νομψως
3518 3302 3670 3370 ἀγω-

401 3393 716 3461 νισαμένη,
742 3393 927 3457 δόξαν
957 3395 1285 3466 ἀναπέμπω
1317 3413 1436 3461 σοι,
1460 3396 1539 3461 τῷ
1564 3395 1745 3465 Harp!
1770 3396 1865 3449 καί
1900 3394 1978 3461 τῷ
2023 3394 2133 3461 Υἱῷ
2165 3396 2267 3451 καί
2294 3396 2375 3462 τῷ
2407 3397 2552 3466 ἁγίῳ
2582 3398 2901 3467 Πνεύματι,
2938 3398 3028 3452 ὅτι
3056 3400 3245 3468 μόνος
3316 3395 3375 3453 εἷ
3420 3398 3669 3464 δεδοξαο

401 3483 627 3553 σμένος
658 3488 745 3551 εἰς
764 3486 903 3553 τοὺς
941 3485 1181 3553 αἰῶνας.
1217 3487 1412 3557 Ἀμήν.

477 3576 627 3631 Talia
653 3594 1028 3648 eomprecaus,
1057 3595 1086 3633 a
1117 3579 1269 3633 ferali
1307 3581 1396 3635 illa
1427 3581 1676 3635 machina
1709 3580 1937 3634 solvitur
1963 3597 1979 3646 ;

403 3688 681 3742 manuque
725 3676 903 3727 statim
951 3673 1155 3738 divina,
1208 3670 1272 3727 ad
1308 3674 1545 3727 nativam
1578 3674 1865 3728 sanitatem
1896 3688 1980 3727 rc-

402 3770 639 3825 ducitur.
694 3768 906 3823 Rursus
952 3784 1081 3839 ergo
1124 3772 1386 3824 cruentus
1428 3769 1519 3823 ille
1562 3768 1729 3838 jurlex
1766 3767 1980 3823 uncinis

400 3861 579 3915 acutis
611 3861 661 3913 iu
688 3874 815 3915 acre
863 3876 1163 3929 suspensae,
1204 3869 1375 3915 totum
1415 3875 1613 3931 corpus
1654 3858 1852 3915 ferreis
1876 3874 1977 3913 un-

402 3952 544 4024 gulis
604 3952 855 4005 dilaniari
907 3951 1084 4021 jubet.
1161 3952 1483 4022 Rursusque
1544 3953 1635 4007 illa
1690 3951 1971 4007 Christum

401 4057 585 4105 orans,
621 4041 1086 4113 propensioreque
1117 4042 1209 4099 Dei
1238 4059 1373 4099 cura
1408 4044 1617 4107 fruens,
1647 4043 1972 4100 carniﬁcum

400 4136 643 4191 dissolvit
693 4136 876 4202 loros;
910 4136 1282 4206 depositaque,
1324 4137 1477 4193 facile
1516 4153 1546 4192 a
1579 4138 1855 4193 laboribus
1890 4152 1975 4192 re-

376 4239 637 4309 lcreatur,
674 4238 727 4284 et
768 4228 839 4283 ad
886 4230 1123 4284 nativam
1158 4230 1320 4286 citius
1347 4230 1546 4285 bonam
1594 4230 1968 4286 habitudinem

399 4319 558 4373 redit.

470 4494 536 4547 At
588 4511 654 4547 ne
703 4495 784 4549 sic
836 4495 1051 4565 quidem
1106 4495 1370 4564 insipiens
1427 4495 1599 4549 voluit
1648 4496 1965 4564 intelligere.
2003 4528 2047 4585 υ

398 4584 562 4640 Plane
589 4588 733 4641 enim
766 4602 984 4657 pugnax
1016 4588 1293 4643 contentio
1324 4596 1462 4649 erat,
1496 4588 1575 4641 uti
1617 4589 1760 4657 quod
1796 4590 1972 4645 oculis

398 4677 701 4745 Subjectum
742 4688 878 4741 erat,
925 4679 1273 4732 Auastasiam
1313 4679 1451 4734 inter
1498 4678 1863 4749 Probumque,
1895 4682 1973 4737 sic

399 4766 655 4819 nimirum
733 4768 878 4835 quod
957 4779 1135 4824 mene
1208 4768 1644 4839 intelligebatur,
1693 4770 1970 4825 Christum

398 4857 539 4911 inter
585 4866 639 4911 et
688 4859 1086 4915 Antichristum
1122 4880 1134 4914 :
1196 4862 1342 4915 hunc
1386 4878 1600 4933 nempe,
1633 4863 1736 4918 hoc
1769 4880 1971 4919 conan-

397 4960 527 5014 tem,
563 4960 677 5005 uta
708 4962 855 5005 recto
890 4966 1049 5006 sensu
1081 4962 1356 5007 avocatam
1379 4996 1393 5019 ,
1432 4955 1848 5009 simulacrorum
1882 4956 1966 5008 in-

394 5041 765 5110 quinamentis
812 5042 1108 5112 pollueret;
1160 5044 1311 5097 illum
1359 5061 1485 5099 vero
1528 5048 1630 5100 hoc
1658 5036 1961 5101 studentem

392 5148 456 5185 ac
490 5145 755 5203 propense
794 5146 1063 5204 agentem,
1098 5144 1156 5188 ut
1205 5136 1297 5189 illo
1341 5137 1589 5207 depulso,
1644 5140 1965 5193 incontami-

392 5235 581 5278 natum
614 5241 774 5280 suum
810 5227 913 5281 sibi
948 5228 1262 5295 ﬁgmentum
1295 5230 1599 5284 exhiberet.
1738 5218 1749 5229 ’

466 5316 636 5371 Ursos
661 5316 817 5371 aiunt
842 5319 897 5372 in
930 5320 1119 5374 lustris
1154 5320 1451 5385 latitantes,
1488 5321 1579 5374 ubi
1610 5320 1774 5376 semel
1811 5334 1840 5374 a
1872 5336 1964 5375 ve-

392 5410 676 5465 natoribus
718 5410 771 5463 in
814 5412 979 5466 corde
1004 5413 1203 5467 vulnus
1234 5412 1561 5482 acceperint,
1600 5411 1960 5482 importabilis

390 5501 484 5554 irae
535 5501 668 5567 ﬁeri,
724 5517 788 5559 ac
837 5504 1100 5575 quidquid
1156 5505 1424 5571 inciderit,
1452 5514 1672 5572 repente
1706 5500 1955 5559 enecare.

390 5592 540 5646 Talis
569 5602 696 5647 tunc
727 5607 845 5650 erat
878 5595 1119 5662 Probus;
1155 5598 1235 5651 sic
1279 5596 1538 5651 nimirum
1572 5595 1664 5650 ira:
1689 5596 1959 5665 impotens

462 5768 640 5822 ‘Dan.
687 5786 767 5835 Ill,
798 5772 877 5827 l9.
955 5775 975 5804 ⁸
1002 5773 1138 5827 Gen.
1170 5791 1209 5839 t,
1235 5774 1324 5829 26.
1403 5778 1423 5807 ⁸
1461 5775 1565 5831 Job
1603 5793 1652 5843 ς,
1685 5778 1771 5841 ll,
1812 5778 1893 5832 Η..

1970 5778 1989 5808 ⁷
2021 5776 2169 5832 Psal.
2201 5793 2345 5843 κων,
2383 5778 2468 5834 l5.

2150 3574 2387 3630 Τοιαῦτα
2422 3577 2857 3647 προσευχομένη,
2912 3576 3099 3631 λύεται
3150 3579 3249 3648 μὲν
3299 3578 3392 3632 τοῦ
3423 3580 3664 3649 χαλεποῦ

2082 3674 2474 3745 μηχανήματος
2502 3671 2712 3724 ἐκείνου
2734 3686 2749 3701 ·
2784 3672 2929 3741 χειρὶ
2966 3670 3023 3724 δὲ
3080 3671 3335 3741 παραυτὰ
3365 3674 3662 3743 κρείττονι,

2078 3770 2216 3839 πρὸς
2239 3769 2338 3838 τὴν
2371 3767 2515 3821 κατὰ
2548 3767 2710 3836 φύσιν
2742 3766 2899 3834 ὑγίαν
2926 3766 3193 3819 ἐπάνεισι.
3230 3766 3399 3819 Πάλιν
3422 3761 3515 3819 οὖν
3538 3765 3665 3829 ὀξέ-

2079 3878 2164 3914 σιν
2194 3860 2364 3931 αύτὴν
2395 3859 2634 3927 όγκίνοις
2670 3862 2698 3912 ό
2723 3858 2894 3921 δεινὸς
2928 3858 3134 3921 ἐκεῖνος
3163 3858 3422 3929 δικαστὴς
3449 3859 3532 3921 εἰς
3569 3857 3665 3911 τὸν

2078 3955 2216 4024 ἀέρα
2258 3952 2736 4023 μετεωρισθείσαν,
2770 3951 2883 4003 πᾶν
2936 3949 3175 4019 σιδηροῖς
3228 3948 3377 4014 όνυξι
3407 3949 3468 4002 τὸ
3502 3952 3663 4020 σῶμα

2079 4042 2290 4096 κελεύει
2350 4039 2813 4105 καταξαίνεσθαισ
2880 4038 2975 4092 καὶ⁵
3035 4038 3196 4090 πάλιν
3241 4039 3379 4109 αὐτὴ
3439 4039 3662 4109 Χριστῷ

2078 4132 2515 4207 προσευχομένη,
2566 4133 2661 4187 καὶ
2714 4130 3019 4203 κρείττονος
3068 4130 3399 4201 εὐμοιρούσα
3448 4148 3662 4204 προμη-

2080 4227 2248 4291 Θείας,
2298 4227 2483 4280 ἐκλύει
2510 4227 2609 4297 μὲν
2630 4226 2727 4296 τὴν
2755 4224 2863 4278 τῶν
2891 4224 3103 4294 δημίων
3124 4224 3369 4279 εὐτονίαν
3387 4242 3401 4256 ·
3438 4243 3661 4279 κατενε-

2078 4320 2269 4391 χθεῖσα
2286 4319 2361 4383 δὲ,
2393 4319 2589 4391 ῥᾳδίως
2610 4336 2666 4371 τε
2698 4317 2806 4370 τῶν
2837 4318 3016 4370 πόνων
3052 4317 3255 4379 ἀνεῖτο,
3280 4318 3373 4368 καὶ
3402 4316 3535 4388 πρὸς
3560 4317 3659 4388 τήν

2076 4415 2311 4481 φυσικὴν
2337 4411 2550 4476 εὐεξίαν
2572 4409 2738 4475 ὀξέως
2770 4411 3018 4481 ἐπανῄει.

2160 4504 2299 4556 Ἀλλ’
2332 4503 2439 4555 οὐδ’
2483 4501 2655 4563 οὕτως
2695 4503 2723 4554 ό
2754 4502 3010 4566 ἀσύνετος
3047 4502 3319 4574 ἠϐουλήθη
3371 4500 3612 4554 συνιέναι
3639 4515 3654 4530 ο

2076 4594 2277 4664 ἅμιλλα
2305 4594 2411 4661 γὰρ
2448 4593 2615 4655 ὅντως
2643 4590 2729 4662 ἦν,
2764 4593 2951 4663 ὥσπερ
3001 4595 3061 4646 τὸ
3109 4594 3458 4664 βλεπόμενον,
3501 4594 3657 4645 Ἀνα-

2073 4686 2297 4747 στασίας
2349 4684 2551 4753 μεταξὺ
2584 4685 2677 4736 καὶ
2706 4684 2937 4755 Πρόδου,
2976 4684 3117 4738 οὕτω
3150 4686 3213 4755 δὴ
3244 4686 3303 4739 τὸ
3343 4684 3652 4752 νοούμενον,

2071 4776 2308 4848 Χριστοῦ
2338 4778 2432 4828 καὶ
2476 4777 2843 4845 Ἀντιχρίστου
2868 4792 2881 4805 °
2918 4775 3009 4827 τοῦ
3052 4777 3173 4844 μὲν,
3196 4778 3344 4839 ὅπως
3365 4774 3460 4845 τῆς
3484 4774 3653 4844 ὀρθῆς

2072 4870 2383 4939 ἀποστήσας
2436 4868 2693 4930 διανοίας,
2754 4867 2986 4920 εἰδώλων
3033 4869 3305 4939 μιάσμασι
3364 4867 3651 4939 βεδηλώσῃ

2070 4960 2433 5032 πειρωμένου’
2456 4960 2547 5013 τοῦ
2570 4960 2635 5025 δ’,
2662 4961 2809 5023 ὅπως
2830 4961 3036 5013 ἐκεῖνον
3059 4960 3429 5033 ἀποστρέψας,
3453 4960 3652 5030 ἀμίαν-

2066 5075 2156 5110 τον
2208 5057 2386 5127 ἑαυτῷ
2432 5058 2758 5129 παραστήσῃ
2809 5056 2869 5109 τὸ
2924 5057 3053 5110 ἴδιον
3084 5056 3491 5120 ἑνευδοκοῦντος
3518 5054 3649 5108 πλά·

2067 5168 2199 5219 σμα.

2134 5328 2246 5389 Τὰς
2276 5326 2374 5397 μὲν
2400 5328 2465 5398 δὴ
2494 5328 2745 5397 φωλάδας
2774 5328 2883 5383 τῶν
2903 5330 3141 5399 ἄρκτων,
3171 5330 3355 5399 φασιν,
3388 5330 3556 5384 ὲπειδ“
3578 5330 3647 5384 ἂν

2066 5419 2213 5484 ἅπαξ
2242 5420 2380 5490 πρὸς
2409 5421 2516 5473 τῶν
2547 5420 2799 5491 Θηρατῶν
2829 5422 3192 5492 κατακάρδιον
3223 5422 3477 5488 δέξωνται
3506 5422 3644 5489 πλη-

2066 5509 2189 5579 γὴν,
2218 5510 2525 5581 ἀφορήτους
2556 5528 2616 5563 τε
2640 5511 2906 5579 γίνεσθαι,
2942 5516 3036 5566 καὶ
3069 5515 3177 5567 πᾶν
3210 5512 3271 5566 τὸ
3300 5512 3645 5583 προσπίπτον

2067 5601 2397 5666 ἐξαπιναίως
2422 5603 2687 5674 ἀναιρεῖν.
2726 5604 2977 5669 Τοιοῦτος
3006 5601 3073 5678 ἦν
3118 5607 3238 5659 τότε
3277 5605 3503 5679 Πρόϐος.
3536 5605 3644 5658 Οὓ-

2544 5780 2564 5809 ⁸
2602 5777 2749 5836 Psal.
2778 5796 2995 5845 Lnnv,
3028 5782 3080 5836 8.
