4008 6594
260 435 357 502 361

1037 434 1320 496 ORATIO
1348 434 1535 499 XVII.
1560 460 1627 473 --
1662 434 1745 497 ΙΝ
1783 434 2097 497 LAUDEM
2123 435 2181 496 S.
2225 436 2679 498 ANASTASIIE.

3407 440 3519 506 362

256 566 360 611 τως
387 546 613 619 ἔξοργός
643 562 727 612 τις
760 546 856 600 καὶ
880 543 1193 617 βαρύχολος,
1214 546 1477 601 ῶστ⁹ούδὲ
1499 548 1694 603 πολλοῦ
1721 550 1843 604 τοῦ-

1941 558 2191 605 evaserat
2211 550 2472 621 gravique
2490 551 2595 605 bile
2623 558 2951 617 excesserat,
2977 559 3037 607 ut
3077 566 3267 621 parum
3287 553 3525 617 abfuerit

257 658 345 694 τον
374 640 483 692 ἔδει
507 639 603 693 τοῦ
650 638 839 710 θρόνου
878 654 942 691 τε
965 638 1338 711 διαναστῆναι,
1365 643 1459 697 καὶ
1486 644 1599 707 τοῖς
1625 642 1839 698 ὀδοῦσιν

256 732 420 802 ὠμῶν
444 732 555 785 τῶν
584 731 932 809 παρθενικῶν
962 734 1263 803 ἐνάψασθαι
1295 736 1537 807 σαρκῶν.

322 822 552 895 Πρῶτον
575 824 669 879 οὖν
702 826 843 880 κατὰ
873 828 982 881 τῶν
1022 828 1238 898 σεμνῶν
1285 830 1379 882 καὶ
1432 829 1631 899 τιμίων
1672 829 1841 884 ὡπλί-

257 931 384 967 σατο
415 916 675 985 μαστῶνο
711 919 805 971 καὶ
832 917 977 990 ξυρῷ
1021 918 1247 983 τούτους
1292 922 1320 973 6
1351 920 1647 991 ὠμοφάγος
1678 938 1839 991 περι-

253 1006 408 1071 ελὼν,
450 1008 812 1079 δριμυτάταις
884 1011 1099 1075 ὀδύναις
1176 1012 1442 1067 θανατοῦν
1498 1016 1836 1085 ἐμηχανᾶτο.

258 1100 399 1152 ἰο-ιε
438 1101 493 1153 δὲ
521 1101 757 1167 πάντως,
790 1102 923 1171 οἵγε
959 1103 1059 1174 τὴν
1088 1105 1433 1176 κατασκευὴν
1468 1104 1564 1159 τοῦ
1588 1104 1838 1175 σώματος
1887 1150 1893 1157 .

222 1208 233 1219 ·
254 1192 475 1256 εἰδότες,
501 1192 577 1257 ὠς
605 1196 668 1247 ὲκ
694 1194 912 1266 σαρκῶν
948 1197 1043 1249 καὶ
1070 1195 1223 1266 μυῶν
1250 1198 1346 1251 καὶ
1388 1199 1599 1269 νεύρων
1625 1199 1743 1252 τόδε
1776 1198 1838 1251 τὸ

256 1284 419 1354 μέρος
461 1284 731 1348 συνεστὼς
753 1327 769 1353 ,
812 1286 1279 1359 αίσθητικώτατόν
1316 1288 1466 1343 ἐστιν
1485 1305 1499 1319 ⁸
1521 1289 1616 1343 ἅτε
1646 1287 1711 1360 δὴ
1742 1288 1838 1342 καὶ

254 1374 480 1442 πλησίον
528 1376 627 1445 τῆς
682 1376 865 1448 πηγῆς
909 1379 1019 1433 τῶν
1071 1378 1398 1451 αἰσθήσεων,
1449 1380 1548 1451 τῆς
1582 1379 1834 1451 καρδίας,

254 1466 419 1534 φημὶ,
457 1466 884 1536 καθιδρυμένον*
920 1469 1017 1522 καὶ⁵
1061 1468 1427 1540 τεμνόμενον,
1460 1469 1851 1540 όδυνηροτάτῳ-

257 1558 408 1627 μόρῳ
466 1558 834 1628 παραδίδωσι*
865 1558 961 1612 τοῦ
1002 1559 1237 1623 ζωτικοῦ
1288 1561 1384 1615 καὶ
1413 1561 1542 1631 περὶ
1566 1560 1664 1632 τὴν
1694 1576 1846 1630 καρο.

251 1647 367 1701 δίαν
413 1648 647 1718 αἵματος
703 1648 820 1720 ἃμα
866 1651 944 1721 τῷ
990 1650 1209 1723 ψυχικῷ
1246 1652 1521 1723 πνεύματι
1565 1652 1838 1722 συναπορ-

252 1740 485 1809 ῥέοντος.
531 1740 670 1793 Ἀλλ’
701 1742 734 1811 ἡ
765 1741 866 1811 τῆς
918 1743 1265 1806 ἀναστάσεως
1296 1743 1605 1813 ἐπώνυμος,
1642 1742 1705 1795 οὐ
1756 1740 1837 1812 τῷ

251 1831 397 1901 νόμῳ
422 1832 520 1899 τῆς
545 1832 781 1900 φύσεως,
806 1832 943 1887 ἀλλά
969 1834 1444 1905 τῆςηάναστάσεως
1470 1833 1832 1907 ὑποκειμένη,

1941 640 2073 710 quin
2107 655 2139 695 e
2192 642 2391 695 throno
2438 639 2738 707 dissiliens,
2794 640 2994 699 crudas
3047 642 3275 713 virginis
3327 662 3523 707 carnes

1941 732 2196 788 dentibus
2224 732 2506 788 laceraret.

2010 822 2253 878 Primmu
2286 826 2469 895 itaque
2499 824 2767 882 adversus
2793 826 3052 884 honestas
3075 844 3140 884 ac
3174 832 3519 890 venerabiles

1940 931 2209 972 mammas
2238 930 2506 985 armatur,
2539 918 2716 989 iisque
2742 920 3034 976 crudivora
3062 922 3239 978 bellua
3270 935 3522 996 amputa-

1941 1008 2030 1070 tis,
2079 1008 2449 1064 acerbissimis
2488 1009 2772 1067 doloribus
2814 1011 3127 1068 interimere
3174 1017 3517 1074 moliebatur.

1941 1098 2173 1155 Prorsus
2209 1114 2337 1155 vero
2372 1101 2547 1165 scitis,
2591 1112 2861 1172 quatquot
2895 1105 3143 1174 corporis
3180 1116 3516 1162 structuram

1942 1207 2053 1246 non
2086 1192 2372 1263 ignoratis,
2405 1194 2547 1249 hanc
2580 1194 2701 1264 ejus
2732 1204 2965 1265 partem,
3002 1198 3206 1268 quippe
3238 1216 3359 1269 quae
3392 1215 3527 1255 car-

1939 1284 2101 1340 nibus
2140 1293 2194 1338 et
2241 1285 2504 1341 musculis
2551 1294 2714 1357 atque
2768 1288 2950 1343 nervis
2994 1299 3227 1353 constet,
3282 1292 3523 1348 maxime

1940 1391 2104 1430 sensu
2138 1377 2342 1446 vigere,
2372 1376 2629 1446 quodque
2671 1392 2839 1448 prope
2884 1392 3145 1434 sensuum
3175 1381 3379 1436 fontem
3406 1383 3521 1437 col-

1940 1467 2117 1522 locata
2147 1467 2249 1522 sit:
2288 1482 2383 1522 cor
2427 1467 2683 1523 nimirum
2715 1486 2729 1523 :
2769 1484 2833 1523 ac
2900 1471 2945 1524 si
2986 1482 3318 1541 amputetur.
3352 1475 3520 1529 diris-

1940 1558 2081 1612 simo
2106 1560 2353 1613 cruciatu
2388 1567 2621 1613 mortem
2671 1560 3002 1627 consciscit;
3038 1577 3233 1632 nempe
3260 1563 3428 1625 vitali,
3464 1574 3519 1619 et

1939 1650 2029 1718 qui
2060 1649 2203 1704 circa
2232 1665 2352 1715 cor,
2390 1651 2616 1721 sanguis
2642 1652 2877 1720 exsistit,
2904 1667 3029 1707 cum
3063 1653 3284 1709 animali
3320 1656 3516 1725 spiritu

1940 1738 2140 1805 pariter
2161 1740 2449 1795 delluente.
2482 1741 2570 1804 At,
2597 1743 2684 1796 cui
2727 1757 2759 1796 a
2797 1743 3192 1799 resurrectione
3227 1747 3519 1815 appellatio

1936 1842 2071 1895 erat,
2122 1848 2227 1885 non
2274 1833 2372 1902 legi
2403 1842 2627 1898 naturae,
2661 1833 2754 1889 sed
2803 1837 3223 1893 resurrectionis
3254 1839 3513 1901 obnoxia.

254 1925 339 1975 καὶ
368 1922 465 1975 τοῦ
493 1923 726 1977 θανάτου
756 1925 1100 1996 περιγέγονε,
1127 1927 1351 1980 καὶτῶν
1372 1926 1578 1980 ὠδίνων
1605 1906 1831 1980 ἐκείνων

1938 1937 2049 1980 tum
2086 1936 2313 1982 mortem
2356 1930 2655 1997 superavit,
2690 1938 2804 1981 tum
2847 1926 2954 1984 illis
2988 1927 3149 1984 facile
3178 1930 3516 1986 cruciatibus

252 2016 448 2086 ῥᾳδίως
479 2017 799 2088 ὑπερέσχεν.
841 2019 905 2071 ’Ὠ
928 2020 1145 2088 μαστοὶ,
1168 2020 1230 2072 οὐ
1262 2019 1407 2088 γάλα
1423 2020 1631 2091 τροφὴν
1658 2019 1832 2089 προρ-

253 2108 466 2177 ρέοντες
513 2109 750 2178 νηπίοις,
797 2109 935 2164 ἀλλά
966 2111 1301 2183 μαρτυρικδν
1329 2105 1470 2181 αἷμα
1514 2109 1832 2172 σπένδοντες

252 2196 515 2266 Χριστῷί
572 2198 637 2249 Ὦ
696 2200 918 2269 μαστοὶ,
971 2200 1223 2271 καθάπερ
1251 2199 1345 2253 δύο
1384 2199 1565 2271 νεϐροὶ
1620 2200 1831 2269 δίδυμοι

249 2284 501 2355 δορκάδος
517 2286 857 2358 διαλλόμενοι
880 2288 970 2342 τοῦ
992 2288 1242 2361 σώματος
1263 2291 1276 2344 l
1307 2290 1630 2362 Προσᾳδέτω
1647 2292 1756 2361 γάρ
1779 2308 1834 2343 τι

249 2376 457 2440 τούτοις
514 2377 609 2431 καὶ
664 2380 693 2432 ό
748 2379 1003 2451 Σολομῶν
1028 2396 1042 2410 ’
1102 2380 1301 2452 μᾶλλον
1334 2381 1391 2434 δὲ
1422 2384 1451 2435 6
1476 2382 1726 2453 Νυμφίος
1760 2386 1828 2453 τῇ

250 2468 451 2539 Νύμφῃ
473 2472 881 2540 προσφωνείτω,
905 2472 972 2524 δι’
1000 2472 1058 2526 ὃν
1083 2472 1221 2545 αὐτὴ
1247 2474 1372 2537 τοὺς
1403 2475 1640 2544 μαστοὺς
1656 2473 1833 2541 ἐξεθε-

253 2562 449 2630 ρίξετο·
482 2565 543 2617 Τί
566 2565 1032 2634 ἐκωλιὼθησαν
1045 2567 1270 2637 μαστοὶ
1300 2581 1439 2630 σου,
1458 2566 1692 2637 ἀδελφή
1710 2584 1830 2637 μου

248 2657 453 2725 νύμφη
476 2657 498 2709 .'
539 2658 595 2710 τί
630 2658 1091 2728 ἐκαὶλιώθησαν
1135 2663 1359 2731 μασι-οι
1389 2664 1548 2718 σου]
1590 2665 1694 2718 οὐκ
1722 2664 1832 2718 ἀπὸ

249 2749 408 2811 οἴνου.
438 2750 557 2806 ἀλλ’
573 2751 680 2805 ἀπὸ
704 2751 796 2806 τοῦ
832 2754 1033 2808 οίκείου
1063 2755 1330 2825 αἴματοςί
1545 2768 1550 2773 ”

329 2839 448 2892 Ἐπὶ
489 2840 725 2908 τούτοις,
749 2843 892 2898 κατὰ
912 2845 1023 2897 τῶν
1048 2844 1257 2916 ὀνύχων
1282 2848 1311 2901 6
1330 2845 1547 2918 ἀπηνὴς
1571 2847 1831 2917 διηγωνί-

251 2949 376 2988 σατο
395 2949 408 2963 ·
455 2932 550 2998 οὓς
596 2934 807 2999 πάντας
835 2936 1062 3007 ἀπηνῶς
1095 2938 1355 2993 ἀνασπῶν
1382 2942 1475 2993 καὶ
1502 2942 1827 3014 ριζοτομῶν,

250 3023 609 3087 ἀνυποίστους
660 3025 796 3096 αὐτῇ
854 3026 1154 3098 προσάγειν
1200 3027 1340 3100 ᾤετο
1390 3031 1607 3096 πόνους.
1650 3034 1715 3086 Ἦ
1749 3033 1828 3098 δὲ,

250 3116 502 3188 καθάπερ
524 3117 731 3188 τριχῶν
764 3117 1078 3188 ἀφαίρεσιν,
1104 3121 1247 3176 οὕτω
1268 3123 1597 3196 λογιζομένη
1625 3127 1831 3180 τούτων

248 3211 340 3280 τὴν
368 3209 684 3280 ὲκρίζωσιν,
710 3210 1031 3282 ηὑχαρίστει
1069 3214 1168 3285 μὲν
1196 3214 1271 3286 τῷ
1301 3216 1439 3288 πρὸς
1464 3218 1561 3281 τὰς
1602 3217 1828 3289 ἀλγηδό-

252 3321 341 3367 νας
364 3302 763 3376 ὲπιρρωννύντι
793 3304 1046 3377 Χριστᾷν
1071 3310 1510 3381 κατερῤητόρευε
1540 3309 1596 3362 δὲ
1623 3310 1717 3363 τοῦ
1750 3310 1829 3363 δι-

252 3397 485 3450 καστοῦο
537 3397 697 3463 θεούς
749 3415 810 3452 τε
870 3400 1341 3471 ἀναθεματίζουσα
1394 3402 1488 3454 καὶ
1544 3401 1825 3472 δαίμονας,

253 3489 422 3560 ψυχῆς
451 3489 755 3562 βεϐήλωσιν
788 3494 887 3566 τὴν
915 3493 1095 3548 αὐτῶν
1122 3491 1494 3564 προσκύνησιν
1522 3490 1825 3562 ὠνόμαζεν.

254 3582 314 3633 Ὃ
342 3583 559 3653 ὄνυχες,
621 3585 810 3656 μικροὶ
859 3586 959 3657 μὲν
985 3585 1047 3639 τὸ
1103 3584 1353 3657 μέγεθος,
1385 3583 1482 3638 καὶ
1528 3583 1629 3656 τὴν
1673 3581 1828 3647 τάξιν

254 3674 490 3745 ἔσχατοι,
536 3677 791 3747 μεγάλων
810 3678 868 3732 δὲ
898 3681 992 3733 καὶ
1015 3678 1237 3733 τελείων
1273 3676 1524 3749 πρόξενοι
1549 3675 1828 3745 στεφάνων

254 3770 532 3840 γενόμενοι
556 3788 570 3802 ·
610 3770 823 3842 ὄνυχες,
861 3772 940 3843 τῷ
975 3788 1034 3825 τε
1059 3771 1213 3842 ὄνυχι
1250 3770 1343 3824 καὶ⁵
1378 3771 1444 3840 τῇ
1473 3771 1699 3840 στακτῇ,
1736 3770 1831 3823 καὶ

253 3863 359 3923 τοῖς
388 3861 570 3925 ἄλλοις
594 3862 851 3934 ἀρώμασι
887 3862 1271 3935 προσεοικότες
1289 3876 1302 3889 ·
1332 3854 1413 3925 οἷς
1441 3860 1646 3931 Μωσῆς
1684 3862 1828 3913 ἐκεῖ·

253 3969 335 4016 νος
363 3954 422 4006 τὸ
462 3954 559 4025 τῆς
604 3954 908 4019 συνθέσεως
954 3953 1502 4024 κατασκευαζόμενος
1554 3953 1826 4025 θυμίαμα,

256 4045 440 4100 θυσίαν
466 4045 641 4117 εύὼδη
674 4050 918 4119 προσῆγε
944 4046 1021 4118 τῷ
1049 4045 1189 4119 Θεῷ.

319 4238 442 4299 Τοῖς
476 4234 623 4300 ὄνυξι
650 4234 729 4301 δὲ,
758 4233 960 4306 χειρῶν
990 4232 1124 4304 όμοῦ
1157 4233 1247 4287 καὶ
1274 4232 1447 4287 ποδῶν
1473 4235 1502 4286 6
1535 4229 1829 4302 μιαιφονώ-

254 4345 401 4389 tam;
438 4326 749 4398 προσετίθει
773 4328 874 4398 τὴν
908 4325 1216 4397 ἀποκοπὴν.
1253 4324 1401 4377 Ἔδει
1434 4324 1542 4397 γὰρ
1568 4322 1720 4385 ἴσως,
1753 4321 1827 4392 μὴ

254 4422 314 4472 τὰ
336 4420 640 4489 λεπτότερα
676 4417 857 4489 μόνον,
892 4417 1029 4472 ἀλλὰ
1063 4418 1157 4471 καὶ
1189 4416 1257 4470 τὰ
1288 4416 1397 4469 τῶν
1432 4413 1637 4487 μορίων
1668 4412 1827 4483 ἁδρό-

255 4529 380 4581 τερα
406 4513 507 4581 τῆς
538 4509 935 4581 όσιομάρτυρος
959 4508 1359 4580 καλλιερεῖσθαι
1380 4524 1394 4539 ο
1437 4508 1532 4560 καὶ
1576 4504 1827 4575 καθάπερ

1934 2030 2211 2087 superstes
2268 2016 2387 2071 fuit.
2433 2015 2478 2071 0
2535 2018 2724 2084 ubera,
2772 2033 2895 2089 qua:
2936 2033 3043 2073 non
3088 2019 3173 2075 lac
3211 2019 3515 2077 infantibus

1936 2109 2226 2179 prolluant,
2285 2110 2379 2166 sed
2443 2110 2688 2181 martyrii
2743 2125 2985 2166 amorem
3035 2112 3256 2169 Christo
3302 2114 3509 2169 libent!

1933 2200 1978 2255 0
2010 2204 2197 2267 ubera,
2235 2203 2379 2257 velut
2412 2203 2517 2257 dno
2551 2202 2759 2255 binnuli
2781 2203 2995 2272 gemelli
3019 2218 3049 2257 e
3072 2218 3281 2274 caprea:
3307 2207 3513 2271 sallen-

1933 2306 2012 2350 tcs
2040 2296 2321 2366 corpore"
2346 2296 2359 2348 !
2397 2295 2782 2349 Accinatenim
2806 2296 2890 2351 his
2906 2296 3109 2366 aliquid
3134 2306 3188 2351 et
3212 2297 3467 2353 Salomon
3494 2316 3510 2353 :

1933 2388 2071 2453 Quin
2125 2390 2307 2459 potius
2340 2388 2586 2459 Sponsus
2617 2403 2831 2458 sponsa:
2872 2390 3158 2453 acclamet,
3196 2389 3357 2458 cujus
3383 2404 3512 2459 ergo

1932 2478 2007 2532 illi
2072 2480 2233 2533 ubera
2286 2488 2563 2549 amputata
2617 2496 2630 2533 :
2681 2479 2852 2544 Quam
2902 2480 3136 2548 pulchra:
3184 2481 3344 2549 facta:
3389 2490 3511 2534 sunt

1933 2570 2175 2626 mamma?
2202 2584 2325 2636 tuae,
2346 2588 2499 2627 soror
2521 2589 2635 2625 mea
2661 2587 2872 2639 sponsa,
2903 2588 3061 2641 quam
3092 2572 3325 2642 pulchra
3355 2574 3512 2642 [nch

1931 2675 2054 2720 sunt
2114 2681 2359 2720 mamma:
2409 2664 2588 2719 tuw‘!
2642 2678 2750 2719 non
2800 2678 2829 2717 a
2862 2663 3009 2728 vino,
3063 2664 3156 2719 sed
3206 2678 3238 2719 a
3292 2664 3513 2735 proprio

1931 2774 2145 2813 cruore.

2002 2852 2080 2907 Ad
2134 2853 2247 2908 btec
2296 2851 2556 2907 adversus
2614 2867 2823 2923 ungues
2855 2866 2999 2909 servo
3042 2852 3118 2907 illi
3169 2862 3509 2923 assumptum

1931 2954 2207 2998 certamen
2254 2955 2373 3009 est;
2406 2958 2547 3014 quos
2593 2958 2786 3000 omnes
2833 2943 3149 2999 immaniter
3180 2945 3422 2999 evelleus
3448 2957 3514 2998 ac

1930 3053 1960 3092 a
2022 3037 2296 3093 radicibus
2347 3052 2574 3101 secans,
2631 3036 3000 3092 intolerabiles
3046 3052 3105 3093 se
3160 3037 3240 3092 illi
3296 3037 3514 3092 dolores

1931 3129 2123 3185 afferre
2154 3129 2541 3186 arbitrabatur.
2576 3128 2666 3183 Illa
2720 3144 2871 3197 vero,
2912 3144 2977 3184 ac
3015 3129 3059 3185 si
3094 3128 3276 3198 capilli
3315 3129 3513 3183 detun-

1931 3223 2208 3286 derentur,
2244 3222 2314 3275 ita
2349 3231 2608 3291 reputans
2637 3221 2783 3290 quod
2805 3222 2995 3277 dentes
3017 3221 3283 3277 radicitus
3316 3221 3513 3276 evelle-

1933 3315 2149 3379 bantnr,
2183 3315 2388 3385 gratias
2419 3313 2639 3369 Christo
2670 3314 2881 3384 agebat,
2909 3314 2999 3383 qui
3034 3313 3206 3369 robur
3245 3312 3510 3369 adversus

1931 3409 2210 3463 cruciatus
2251 3416 2553 3478 praestaret,
2604 3423 2669 3461 ac
2715 3407 2956 3476 jndicem
2995 3406 3174 3460 verbis
3204 3404 3510 3460 confunde-

1932 3502 2052 3565 l.at,
2100 3500 2338 3571 deosque
2405 3515 2469 3555 ac
2509 3500 2783 3555 daemones
2826 3488 2960 3554 diris
3013 3498 3328 3562 devovens,
3375 3512 3511 3552 con-

1932 3593 2335 3661 spurcationem
2403 3592 2570 3646 animi
2652 3592 2871 3646 illorum
2935 3591 3143 3646 cultum
3213 3590 3508 3644 vocitabnt.

1932 3680 1977 3738 Ο
2028 3698 2258 3752 ungues,
2316 3683 2457 3737 mole
2509 3682 2727 3753 quidem
2769 3682 2947 3754 exigui
2991 3690 3153 3752 atque
3192 3681 3383 3736 ordine
3414 3697 3512 3751 po-

1931 3776 2142 3839 stremi,
2172 3775 2265 3845 qui
2314 3782 2497 3829 tamen
2544 3790 2861 3844 magnarum
2898 3789 2962 3828 ac
2984 3772 3365 3843 ~perlecturum
3414 3790 3511 3828 ex—

1932 3866 2151 3921 stitistis
2177 3877 2429 3922 auctores
2469 3866 2826 3919 coronarum!
2876 3863 2920 3919 Ο
2946 3879 3176 3935 ungues,
3215 3865 3427 3933 ungulm
3458 3873 3513 3918 et

1930 3968 2119 4012 stuctze
2160 3957 2392 4027 aliisque
2443 3958 2782 4012 aromatibns
2835 3956 3062 4017 similes,
3091 3955 3289 4025 quibus
3331 3953 3513 4009 Moses
3622 3974 3625 3977 π

1931 4048 2023 4102 ille
2094 4049 2379 4103 incensum
2436 4048 2850 4118 compositionis
2906 4060 3259 4116 prmparans,
3321 4046 3509 4100 suavis

1930 4137 2241 4208 fragrantia:
2276 4139 2508 4193 ho<tinm
2543 4137 2651 4192 Deo
2681 4139 2935 4193 oli'erebat
2967 4141 3034 4194 θ’.

2007 4230 2175 4285 l’orro
2205 4230 2478 4300 unguibus
2498 4271 2513 4296 ,
2550 4246 2746 4285 manus
2774 4229 2984 4300 pariter
3009 4230 3285 4302 pedesque
3318 4246 3510 4301 ampu-

1930 4324 2125 4380 tandos
2159 4324 2580 4380 cruentissimus
2612 4325 2830 4395 adjecit.
2865 4324 3027 4380 Forte
3065 4325 3211 4380 enim
3254 4325 3504 4391 decebat,

1931 4425 1990 4469 ut
2029 4431 2137 4469 non
2184 4416 2361 4471 solum
2390 4416 2753 4484 tenuioribus,
2783 4432 2970 4471 verum
3001 4417 3165 4470 etiam
3212 4415 3495 4471 robustio-

1932 4507 2083 4561 ribus
2135 4515 2337 4562 sanetae
2389 4506 2614 4576 virginis
2669 4507 2917 4578 partibus
2965 4505 3074 4561 Deo
3127 4506 3411 4561 litaretur:
3444 4521 3509 4560 ac

256 4606 491 4673 ἄμπελος
543 4602 982 4675 εὐκληματοῦσα,
1039 4602 1255 4671 ὅσῳπερ
1284 4599 1349 4653 ἂν
1387 4600 1497 4652 τῶν
1552 4596 1824 4668 περιττῶν

1938 4600 2075 4654 sicut
2100 4598 2224 4654 vitis
2253 4599 2569 4670 palmitibus
2592 4599 2927 4666 eluxurians,
2974 4614 3083 4670 quo
3116 4598 3290 4667 magis
3316 4613 3508 4669 super-

256 4697 345 4766 τὴν
399 4695 639 4766 βλάστην
693 4694 1087 4765 ἀποτέμνηται,
1157 4692 1396 4763 τοσούτῳ
1448 4691 1548 4762 τῆς
1596 4692 1656 4743 ὲν
1685 4690 1824 4761 αὐτῇ

256 4788 489 4855 ζωτικῆς
517 4787 799 4857 δυνάμεως
828 4786 968 4857 περὶ
1002 4783 1207 4856 βραχὺν
1237 4782 1611 4853 συναγομένης
1640 4783 1825 4847 τόπον,

256 4879 416 4942 mitia;
452 4880 553 4949 μὲν
576 4880 605 4932 6
637 4878 848 4949 καρπός
867 4893 882 4908 ο
911 4875 1188 4945 εύτραφὴς
1218 4874 1275 4928 δὲ
1307 4877 1334 4927 6
1358 4872 1572 4944 βότρυς,
1604 4872 1701 4926 καὶ
1734 4872 1829 4925 δα-

255 4971 406 5041 ψιλὴς
438 4972 468 5023 6
498 4965 641 5033 οἶνος
676 4969 944 5040 καταρρεῖ
995 4967 1103 5022 τῶν
1157 4966 1333 5037 ληνῶν
1352 4981 1366 4995 ·
1404 4965 1545 5019 οὕτω
1574 4964 1639 5035 δὴ
1670 4966 1763 5019 καὶ
1793 4966 1827 5035 ἡ

258 5064 544 5137 παρθένος,
572 5064 682 5133 ὅσῳ
700 5060 767 5114 τὰ
803 5060 937 5132 μέλη
993 5058 1378 5129 κατετέμνετο,
1405 5056 1657 5111 τοσοῦτον
1696 5057 1826 5109 ἐκύ-

260 5156 445 5228 πριζεν
478 5156 576 5226 μὲν
600 5152 772 5223 αὐτῆς
817 5154 880 5206 τὸ
926 5152 1026 5222 τῆς
1073 5150 1361 5222 ὁμολογίας
1414 5149 1600 5213 ἄνθος·
1630 5148 1680 5202 οἱ
1729 5147 1829 5218 τῆς

262 5249 559 5319 μαρτυρὶας
591 5245 649 5299 δὲ
680 5244 901 5316 βότρυες
930 5242 1347 5314 πληθυνόμενοι,
1369 5242 1465 5310 τὴν
1493 5239 1595 5310 τῆς
1618 5240 1828 5308 ὑπομο-

262 5341 347 5409 νῆς
384 5340 627 5394 ἐδίδοσαν
676 5339 883 5408 ὀσμήν*
932 5336 993 5389 τὸ
1021 5330 1163 5406 αἷμα
1201 5335 1256 5388 δὲ
1280 5336 1375 5405 τῆς
1422 5332 1722 5404 ἀθλήσεως,
1754 5332 1829 5397 ὡς

262 5427 392 5495 οἶνος
422 5434 561 5502 ῥέων
585 5430 793 5499 εὐώδης
840 5429 935 5483 καῖ⁵
959 5427 1207 5498 δαψιλὴς,
1248 5426 1535 5494 συνέπνιγε
1577 5423 1676 5494 μὲν
1706 5424 1831 5476 ὅσον

265 5523 525 5595 ἀλλότριον
549 5524 642 5577 καὶ
665 5522 943 5587 δυσσεῦὲς,
968 5520 1329 5590 κατεύφραινε
1352 5519 1407 5572 δὲ
1427 5519 1550 5572 ὅσον
1568 5517 1831 5589 ἡμέτερον

267 5618 349 5667 καί
364 5615 606 5678 εὐσεϐές.

338 5708 612 5762 Ἐντεῦθεν
660 5706 972 5760 lembum!
1016 5708 1064 5758 οἱ
1112 5706 1318 5769 (ἰδόντες
1351 5708 1445 5774 τῆς
1479 5705 1612 5768 ἰδίας
1652 5704 1830 5757 αὐτῶν

328 5880 367 5912 ⁸·
396 5880 552 5937 Cant.
584 5896 685 5945 vn,
710 5882 764 5936 3.

574 5978 848 6038 Parnoe.
898 5984 1012 6040 Gtt.
1055 5978 1176 6038 CV.

841 5880 862 5912 ’
899 5880 1055 5936 Cant.
1102 5882 1281 5947 l\',10.
1364 5884 1400 5914 9‘
1446 5882 1613 5937 Exod.
1645 5897 1768 5945 xxx,
1829 5878 1917 5932 δι.

1930 4695 2039 4748 lluo
2074 4695 2316 4765 germine
2364 4700 2609 4763 putatur,
2645 4700 2795 4747 tanto
2823 4692 2970 4747 vitali
3009 4692 3129 4762 ejus
3167 4694 3367 4747 virtute
3406 4708 3503 4747 an-

1927 4783 2154 4855 gustiori
2178 4792 2451 4838 coarctata
2480 4782 2678 4854 spatio,
2703 4782 2898 4854 majori
2937 4784 3093 4853 copia
3129 4782 3509 4853 pinguior-imre

1930 4876 2083 4929 botro
2112 4873 2425 4937 fructificat,
2455 4889 2520 4929 ac
2566 4874 2750 4928 vinum
2802 4889 2833 4929 e
2891 4873 3256 4929 torcularibus
3288 4875 3508 4929 uberius
3548 4943 3555 4953 _

1929 4966 2143 5033 deﬂuit;
2198 4966 2278 5023 sic
2312 4966 2570 5021 nimirum
2606 4974 2660 5021 ct
2691 4966 2864 5035 virgo,
2916 4982 3027 5035 quo
3073 4967 3315 5021 membra
3348 4977 3508 5035 puta-

1933 5058 2150 5125 bantur,
2179 5066 2329 5112 tanto
2356 5057 2502 5111 illius
2531 5056 2895 5111 confeSsionis
2925 5055 3025 5110 llos
3055 5057 3338 5118 vernabat,
3365 5072 3509 5110 mar-

1933 5148 2166 5219 tyriique
2212 5148 2351 5203 botri
2378 5149 2761 5210 exuberantcs,
2794 5161 3015 5200 suavem
3072 5145 3343 5215 patientia:
3394 5145 3508 5199 fra-

1932 5241 2198 5310 grantiam
2243 5240 2476 5304 dabant;
2510 5254 2676 5294 cruor
2712 5240 2949 5308 denique
2975 5238 3312 5305 certaminis,
3346 5237 3504 5308 quasi

1932 5335 2241 5389 suavissimi
2292 5332 2477 5389 odoris
2523 5333 2915 5403 copiosumque
2973 5332 3156 5386 vinum
3207 5330 3504 5385 abundanti

1933 5424 2088 5479 latice
2120 5424 2315 5488 lluens,
2347 5421 2611 5493 quidquid
2639 5431 2959 5477 extraneum
2998 5422 3336 5492 impiumque
3364 5432 3503 5484 erat,

1932 5516 2264 5583 suﬂ'ocabat;
2311 5516 2578 5588 quidquid
2624 5531 2755 5571 vero
2796 5526 3041 5572 nostrmn
3073 5531 3137 5570 ac
3168 5514 3504 5586 religiosum.

1931 5611 2129 5681 gaudio
2154 5610 2532 5679 perfundebat.

2004 5703 2128 5757 Ιητίι·
2156 5704 2269 5774 ίηη
2304 5714 2356 5759 et
2391 5705 2579 5760 dentes
2632 5704 2870 5761 violento
2917 5713 3204 5775 prazccptn,
3242 5702 3506 5757 violenter

3080 5970 3148 6035 12
