4008 6626
302 520 399 583 365

1084 526 1367 589 ORATIO
1394 526 1579 589 XVII.
1611 492 1681 563 —°
1734 527 1816 588 IN
1840 527 2153 589 LAUDEM
2183 528 2240 588 s.
2285 514 2747 588 ANASTASIIE.

3450 527 3556 589 366

304 632 508 699 Ὠσπερ
536 629 648 702 γάρ
696 633 765 685 τά
799 633 938 706 ὑπὲρ
989 636 1154 706 φύσιν
1176 639 1263 692 διὰ
1310 639 1404 693 τὸν
1438 640 1577 712 ὑπὲρ
1602 639 1765 707 φύσιν
1818 641 1877 693 ἐν

1980 650 2172 710 perant
2194 650 2415 711 propter
2442 656 2567 696 eum
2606 640 2700 710 qui
2729 647 2923 695 natura
2949 639 3201 709 superior
3250 650 3356 709 est,
3389 643 3445 701 in
3490 659 3557 701 ea

297 722 433 792 αὐτῇ
465 723 818 794 μεμενηκότα
837 740 851 755 υ
879 722 1022 778 οὕτω
1051 729 1146 781 καὶ
1190 729 1259 783 τά
1286 730 1430 784 κατὰ
1456 731 1621 801 φύσιν
1666 731 1737 786 δι’
1767 731 1869 785 αὐ-

294 812 389 885 τὴν
425 814 678 885 ὁρᾶσθαι.
741 812 820 887 Τῇ
852 815 1032 871 τοίνυν
1075 820 1323 893 ἀποῤῥοῇ
1381 822 1475 875 τοῦ
1512 822 1747 893 αἵματος
1778 824 1870 876 ὲκ-

292 903 547 975 λυομένη,
584 905 782 979 μικρὸν
810 907 1013 979 ᾔτησεν
1046 908 1191 981 ὕδωρ
1237 913 1318 977 είς
1348 913 1604 968 ἐκκλυσιν
1631 915 1727 969 τοῦ
1754 915 1875 969 στό-

292 1013 485 1066 ματος.
533 996 811 1052 Ἐπεδίδου
837 999 897 1053 δέ
926 1014 1014 1064 τις
1053 1002 1217 1075 ἀνὴρ,
1245 1004 1273 1056 ὀ
1304 1006 1401 1076 μὲν
1439 1007 1540 1078 τὴν
1573 1006 1874 1078 θρησκείαν

289 1088 411 1143 καθ’
440 1088 593 1159 ἡμᾶς
614 1104 630 1118 ·
668 1091 790 1145 κατ’
821 1092 1065 1159 ἐκείνους
1096 1095 1175 1160 δὲ,
1235 1097 1398 1169 μέχρι
1450 1097 1603 1153 τοῦδε
1655 1098 1871 1170 νομιζό-

260 1170 471 1251 ίμενος.
506 1179 776 1252 Κύριλλος
825 1182 996 1256 ὄνομα
1038 1187 1116 1258 τῷ
1152 1187 1383 1261 ἀθλητῇ.
1444 1188 1551 1263 Ὃν
1587 1186 1617 1246 ὅ
1665 1191 1875 1264 Πρόὸος

288 1275 434 1340 ἰδὼν,
475 1277 573 1330 καὶ
600 1278 720 1348 οὐχὶ
752 1281 1067 1355 συμπαθείᾳ
1098 1285 1315 1353 φύσεως
1372 1285 1557 1355 μόνον,
1611 1285 1747 1340 ἀλλὰ
1779 1285 1873 1340 καὶ

283 1370 579 1439 ταυτότητι
610 1370 848 1438 πίστεως
878 1376 1016 1447 πρὸς
1048 1376 1147 1447 τὴν
1180 1377 1480 1450 άθλοφὸρον
1525 1379 1871 1449 διακείμενον

283 1462 570 1530 ἐγνωκὼς,
638 1464 737 1535 τὴν
799 1466 892 1521 ἐπὶ
944 1467 1163 1541 θανάτῳ
1231 1471 1601 1542 προσέταττεν
1658 1470 1870 1539 ἀπάγει

284 1556 431 1610 σθαι.

363 1650 605 1729 Ἐπεὶ
637 1654 868 1726 λαμπρά
916 1655 1013 1726 μὲν
1047 1657 1079 1727 ἡ
1134 1658 1365 1729 αἰσχύνη
1419 1657 1763 1729 κατεκέχυτο
1790 1656 1868 1727 τῷ

280 1747 579 1815 παραστῇ,
619 1746 978 1817 λαμπροτέρα
1003 1747 1060 1800 δὲ
1086 1748 1266 1819 ήνίκη
1295 1748 1392 1819 τῆς
1422 1749 1730 1820 ὑπεράθλου
1753 1749 1869 1820 (76)

279 1834 660 1902 κατεφαίνετο,
720 1837 812 1890 τὸν
860 1837 960 1907 τῆς
1001 1840 1309 1911 μαρτυρίας
1358 1841 1458 1911 μὲν
1499 1840 1714 1896 δίαυλον
1768 1857 1867 1893 πε·

280 1926 633 1997 ραινομένης,
663 1928 829 1996 ἐγγὺς
858 1928 915 1981 δὲ
940 1928 1047 1982 τῶν
1092 1930 1377 2001 στεφάνων
1422 1932 1736 2001 γινομένης,
1774 1929 1864 1996 ἐξα

277 2014 567 2085 ενεχθῆναί
602 2031 661 2068 τε
697 2016 795 2087 τῆς
824 2018 1052 2085 πόλεως,
1093 2020 1188 2073 καὶ
1220 2019 1673 2090 καρατομηθῆναι
1697 2035 1865 2073 κατα-

278 2105 555 2176 κέκριται.
586 2107 663 2160 Οὐ
693 2107 801 2179 γάρ
835 2108 1032 2182 ἔφερεν
1060 2110 1089 2163 ὁ
1137 2111 1549 2179 ἀνταγωνιστὴς
1584 2109 1688 2176 ἔτι,
1722 2110 1864 2164 άπα-

276 2195 375 2265 λῆς
403 2197 514 2250 ὗπδ
545 2199 716 2270 κόρης
754 2196 1191 2266 καταπαίζεσθαι
1218 2200 1397 2255 ποσίν.
1437 2200 1585 2253 Ἔδει
1632 2199 1689 2252 δὲ
1723 2198 1865 2252 κατά

275 2289 367 2341 τὸν
390 2288 694 2357 Αίγύπτιον
726 2292 815 2347 καὶ
843 2284 1034 2346 τοῦτον
1064 2292 1521 2364 σκληρυνόμενον,
1570 2290 1661 2346 καὶ
1701 2291 1863 2360 ἔσχα-

274 2398 369 2434 τον
394 2382 461 2453 δὴ
495 2383 656 2437 τοῦτο
694 2384 839 2438 κατὰ
862 2386 961 2457 τῆς
996 2386 1384 2461 ἰσραηλίτιδος
1412 2387 1617 2457 ταύτης
1668 2385 1861 2448 παιδὸς

274 2475 816 2545 ἐστρατοπεδευκότα
843 2517 858 2541 ,
921 2478 1022 2548 τῆς
1087 2480 1188 2550 μὲν
1250 2480 1554 2551 ἀστοχῆσαι
1618 2478 1861 2542 πάντως,

274 2568 534 2641 καθάπερ
568 2571 835 2639 ἀμιάντου
860 2573 1216 2643 περιστεράς,
1253 2575 1319 2644 τῇ
1346 2572 1607 2645 διαιρέσει
1633 2571 1734 2640 τῆς
1767 2587 1861 2624 κε-

274 2661 456 2731 φαλῆς
490 2662 599 2715 άπὸ
628 2662 721 2715 τοῦ
769 2662 1021 2733 σώματος
1077 2663 1533 2733 ὲκπετασθείσης,
1584 2662 1679 2716 καὶ⁹
1722 2660 1862 2733 πρὸς

272 2753 374 2816 τὰς
400 2754 517 2806 άνω
550 2753 1009 2828 κατευθυνθείσης
1054 2755 1258 2827 μονάςο
1305 2754 1399 2809 τοῦ
1452 2756 1510 2809 δὲ
1574 2757 1688 2819 τοῖς
1732 2755 1860 2824 ἐρυ-

272 2844 489 2915 θραίοις
544 2845 771 2914 αῖμασιν
806 2845 1025 2917 ὲκείνης
1081 2846 1539 2914 ὲναποπνιγέντος
1561 2887 1576 2912 ,
1608 2845 1703 2899 καὶ
1736 2844 1862 2898 ταύο

272 2955 378 3009 την
407 2937 473 3007 δὴ
523 2937 746 2991 κόλασιν
784 2936 993 2992 ἔνδικον
1027 2938 1123 3007 τῆς
1179 2937 1524 3009 άδικωτάτης
1557 2934 1861 2999 ἐπιθέσεως

274 3029 677 3099 ὑπεσχηκὼος.

346 3119 538 3183 Οὕτως
580 3119 906 3173 Ἀναστασία
958 3120 1050 3174 τὸν
1099 3119 1273 3191 βαρὺν
1296 3119 1606 3191 ἀντίζηλον,
1629 3120 1719 3174 τὸν
1752 3120 1857 3189 ψυ-

274 3210 548 3283 χοφθόρον
593 3211 735 3279 ὅφιν,
782 3212 874 3265 τὸν
909 3212 1155 3285 σφοδρῶς
1213 3213 1313 3283 μὲν
1345 3216 1467 3265 κατ’
1497 3213 1669 3283 αὐτῆς
1694 3215 1860 3286 ἐρρα-

1979 733 2352 803 perstiterant,
2386 733 2465 788 sic
2488 742 2541 788 et
2568 734 2689 803 ejus
2722 731 2897 803 gratia
2936 732 3050 787 visa
3082 747 3169 802 ea,
3201 748 3324 804 quae
3368 744 3557 793 essent

1976 840 2039 879 ex
2074 834 2292 879 natura.
2322 825 2548 879 Cruoris
2584 823 2753 896 igitur
2784 823 2937 893 copia
2978 825 3393 896 elanguescens,
3430 841 3552 883 mo-

1976 917 2150 971 dicam
2201 933 2399 985 aquam
2453 916 2625 986 petiit,
2662 932 2768 987 qua
2800 932 2864 972 os
2893 917 3118 972 clueret.
3168 918 3420 974 Porrexit
3470 919 3556 973 vir

1976 1007 2224 1078 quidam,
2275 1006 2623 1063 Christianus
2682 1009 2897 1079 quidem
2952 1009 3237 1081 religione,
3310 1009 3407 1066 sed
3458 1010 3552 1079 qui

1978 1098 2242 1155 hactenus
2294 1099 2576 1170 gentilium
2636 1108 2797 1155 secta:
2853 1100 3304 1156 existimaretur:
3351 1101 3553 1171 Cyrillo

1976 1188 2191 1246 athletae
2216 1204 2414 1245 nomen
2442 1199 2576 1245 erat.
2601 1189 2720 1258 Quo
2740 1190 2950 1245 Probus
2974 1198 3287 1261 conspecto,
3318 1206 3418 1247 nec
3450 1207 3551 1247 na-

1974 1290 2111 1336 turae
2133 1280 2311 1337 solum
2344 1281 2713 1347 miseratione,
2747 1281 2840 1336 sed
2863 1290 2917 1335 et
2960 1283 3205 1351 ejusdem
3245 1281 3366 1337 tidei
3393 1298 3547 1338 com-

1974 1372 2179 1429 mercio
2244 1373 2297 1427 in
2342 1373 2578 1443 pugilem
2628 1387 2898 1443 propense
2930 1372 3183 1428 allectum
3217 1373 3546 1448 intelligens,

1972 1482 2092 1521 eam
2124 1482 2246 1537 quae
2267 1467 2334 1521 ad
2362 1474 2595 1521 mortem
2636 1475 2739 1532 est,
2770 1466 2894 1521 duci
2921 1467 3198 1538 praecepit.

2042 1645 2201 1712 Quod
2258 1659 2389 1701 vero
2436 1646 2692 1700 tentatori
2748 1645 3031 1717 splendida
3084 1645 3259 1701 oll‘usa
3298 1644 3547 1702 confusio

1968 1748 2107 1805 erat,
2151 1737 2614 1809 splendidiorque,
2663 1753 2829 1807 quam
2873 1752 2971 1808 pro
3011 1737 3373 1793 certaminum
3426 1738 3545 1793 alea

1969 1831 2259 1903 superiori,
2297 1831 2522 1887 victoria
2559 1830 2861 1900 aﬂ‘ulserat,
2895 1847 3018 1903 quae
3053 1839 3108 1886 et
3140 1831 3387 1901 martyrii
3437 1840 3550 1887 sta-

1975 1926 2125 1980 dium
2158 1908 2365 1989 liniret,‘
2390 1939 2457 1978 ac
2483 1939 2649 1994 prape
2673 1924 2786 1994 jam
2817 1937 3051 1979 coronas
3075 1922 3550 1993 aspiceret.ejeeta

1898 1997 1940 2056 Β
1971 2015 2128 2078 urbe,
2167 2015 2345 2084 capite
2370 2014 2528 2084 plecti
2560 2014 2926 2069 condemnata
2946 2021 3051 2069 est.
3083 2013 3203 2068 Non
3234 2015 3379 2070 enim
3404 2013 3548 2071 ultra

1969 2107 2177 2163 ferebat
2210 2108 2580 2173 adversarius,
2611 2117 2670 2161 ut
2700 2108 2930 2162 delicata
2955 2108 3134 2178 puella
3162 2108 3549 2171 conculcante,

1966 2201 2015 2255 ei
2056 2201 2396 2257 illuderetur.
2432 2198 2829 2254 Decebatenim
2859 2206 2921 2253 ut
2946 2198 3092 2254 velut
3121 2198 3543 2270 Egyptiusille,

1974 2293 2064 2347 hic
2103 2307 2322 2363 quoque
2370 2291 2681 2358 induratus,
2713 2301 2989 2361 postrema
3018 2292 3121 2348 hac
3149 2293 3413 2348 adversus
3457 2291 3543 2347 Is-

1966 2385 2269 2440 raelitidem
2301 2386 2459 2441 istam
2493 2386 2861 2455 expeditione,
2892 2399 2992 2441 suo
3025 2384 3080 2439 in
3134 2384 3282 2439 illam
3314 2399 3541 2454 prorsus

1966 2487 2165 2558 cgnatu
2207 2475 2592 2541 frustraretur,
2626 2492 2750 2548 qua:
2788 2477 2936 2531 velut
2976 2475 3403 2531 incontaminata
3448 2489 3546 2530 co-

1964 2567 2170 2634 lumba,
2197 2567 2431 2623 dissecta
2461 2567 2675 2624 cervice
2700 2583 2730 2622 a
2757 2582 2989 2638 corpore
3023 2567 3319 2631 evolasset,
3366 2576 3421 2622 et
3472 2567 3542 2621 ad

1963 2656 2207 2713 coelestia
2249 2656 2558 2712 habitacula
2601 2666 2752 2713 recta
2801 2665 3185 2723 commcasset,
3212 2656 3305 2711 illo
3357 2656 3542 2712 rubris

1964 2748 2111 2803 illius
2141 2763 2400 2803 cruorqu
2445 2747 2705 2805 ﬂuctibus
2763 2749 3051 2816 sull‘ocato,
3108 2750 3320 2819 hacque
3350 2749 3542 2821 utique

1958 2840 2103 2909 justa
2130 2855 2288 2911 prmia
2313 2841 2675 2911 iniquissima:
2708 2840 3082 2911 aggressionis
3114 2841 3367 2897 multato.

2031 3126 2089 3182 ln
2122 3130 2268 3183 hunc
2296 3129 2480 3197 itaque
2507 3129 2727 3183 modum
2765 3128 3076 3193 Anastasia,
3103 3142 3319 3198 gravem
3365 3143 3539 3184 aemu-

1963 3220 2096 3285 lum,
2154 3222 2462 3276 animarum
2525 3229 2903 3291 corruptorem
2979 3230 3310 3291 serpentem,
3360 3220 3538 3275 valide

273 3304 444 3371 γέντα
469 3341 485 3369 ,
521 3304 878 3375 σφοδρότερον
904 3305 960 3357 δὲ
992 3304 1191 3375 ταύτης
1222 3305 1646 3376 ὲκκρουσθέντα,
1682 3305 1856 3359 καθά-

1964 3328 2092 3367 sane
2122 3312 2173 3367 in
2210 3327 2330 3369 eam
2384 3327 2723 3383 aggressum,
2766 3304 3111 3382 validiusque
3140 3311 3211 3367 ab
3243 3326 3308 3366 ea
3354 3309 3539 3381 repul-

276 3413 385 3466 περ
417 3396 590 3467 πηλὸν
640 3397 909 3450 πλατειῶν
948 3398 1062 3460 τοῖς
1107 3396 1331 3468 ὡραίοις
1360 3397 1488 3449 ποσὶ
1519 3396 1856 3452 καταλεάνα-

278 3506 367 3557 σα,
416 3492 497 3553 είς
537 3490 672 3561 χάος
702 3491 985 3562 ἀμήχανον
1042 3490 1138 3543 καὶ
1182 3492 1470 3562 χηραμοὺς
1525 3492 1856 3563 ταρταρίους

278 3581 624 3653 ὲξερῤίιίατο.
660 3582 808 3654 Αὐτὴ
842 3583 897 3637 δὲ
929 3582 1096 3645 θείοις
1141 3582 1394 3651 ἀγγέλοις
1438 3583 1639 3655 ἑαυτὴν
1678 3601 1858 3652 παρα-

278 3674 507 3745 θεμένη,
564 3674 920 3745 ἀρχαγγέλοις
980 3673 1370 3744 ὀδοποιουμένη
1393 3713 1410 3739 ,
1447 3675 1539 3727 καὶ
1568 3675 1767 3736 πάσαις
1798 3675 1855 3728 δὲ

276 3766 395 3827 ταῖς
422 3762 813 3835 ὑπερκοσμίοις
840 3764 1103 3833 δυνάμεσι
1158 3763 1615 3835 προπεμπούσαις
1645 3766 1742 3818 καὶ
1771 3765 1856 3818 δε-

278 3854 592 3926 ξιουμέναις
630 3857 823 3929 αὐτὴν,
877 3855 1200 3927 κλεῖζομένη
1231 3856 1330 3910 καὶ
1384 3857 1852 3928 συγκροτουμένη,

276 3949 352 4020 τῷ
376 3949 590 4020 βασιλεῖ
617 3949 712 4003 καὶ
744 3942 963 4021 νυμφίῳ
995 3949 1145 4020 μετὰ
1166 3948 1325 4018 δόξης
1356 3950 1690 4021 προσάγεται
1714 3951 1855 4021 Χρι-

280 4038 388 4109 στῷ
404 4055 418 4069 '
443 4038 798 4111 άμαραντίνῳ
825 4040 1229 4110 καταστέφεται
1253 4040 1353 4112 τὴν
1376 4041 1620 4111 κεφαλήν
1639 4057 1656 4073 ·
1689 4042 1853 4111 ἀμοι-

278 4131 378 4194 ϐάς
400 4130 697 4199 ἀναλόγους
724 4130 833 4184 τῶν
865 4131 1043 4185 πόνων
1062 4174 1077 4195 ,
1101 4131 1303 4203 μᾶλλον
1324 4132 1383 4186 δὲ
1409 4132 1589 4203 πολλῷ
1612 4132 1853 4204 κρείσσω

278 4225 368 4277 καὶ
421 4222 728 4294 ὑψηλότερα
776 4224 929 4294 παρὰ
977 4226 1077 4295 τῆς
1106 4225 1318 4279 ἐκείνου
1355 4224 1624 4295 λαμϐάνει
1648 4223 1850 4290 δεξιᾶς.

278 4314 356 4367 Τὰ
391 4312 679 4383 πανώραια
705 4312 761 4367 δὲ
789 4310 886 4384 τῆς
913 4314 1180 4385 ἀμιάντου
1216 4314 1377 4386 μέλη,
1407 4316 1475 4370 τὰ
1497 4315 1697 4382 παντὸς
1722 4332 1853 4387 χρυ-

280 4408 392 4459 σίου
434 4402 762 4478 τιμιώτερα,
818 4405 888 4459 τὰ
937 4406 1135 4473 παντὸς
1183 4407 1331 4461 λίθου
1364 4408 1550 4480 τιμίου
1585 4408 1853 4480 τιμαλφέο

281 4514 468 4564 στατα,
488 4496 623 4567 γυψὶ
662 4496 763 4568 μὲν
792 4486 888 4551 καὶ
913 4497 1078 4569 Θηρσὶ
1105 4498 1294 4572 βορὰν,
1324 4501 1353 4553 ὁ
1384 4499 1566 4571 θηρῶν
1591 4498 1850 4554 ἁπάντων

277 4591 555 4660 ὠμότατος
580 4588 875 4644 ἐκδέδωκεν
896 4605 909 4620 '
942 4590 1196 4660 ἀνέπαφα
1224 4590 1282 4646 δὲ
1298 4590 1529 4656 τούτοις,
1554 4592 1650 4645 καὶ
1674 4590 1852 4662 ἄψαυ-

1960 3419 2104 3469 sum,
2137 3419 2261 3459 cum
2298 3403 2446 3459 sicut
2473 3404 2648 3458 lutum
2679 3403 2985 3473 platearum
3019 3405 3062 3436 "
3093 3400 3359 3472 speciosis
3379 3400 3567 3472 pedi-ﬁ

1961 3493 2061 3547 bus
2088 3492 2526 3559 comminuisset,
2554 3491 2608 3546 in
2642 3492 2970 3545 immensum
2995 3491 3165 3546 chaos
3190 3498 3538 3562 tartareaqtte

1958 3585 2129 3640 lustra
2163 3584 2459 3654 l'oveasque
2484 3582 2713 3654 projecit
2746 3598 2759 3635 :
2791 3582 2909 3653 ipsa
2935 3596 3062 3637 vero
3099 3581 3298 3637 divinis
3326 3582 3537 3653 angelis

1958 3693 2080 3734 sese
2120 3677 2535 3741 commendans,
2584 3676 2935 3746 archangelis
2983 3675 3128 3729 viam
3181 3673 3534 3739 facientibus.

1956 3771 2279 3841 cunctisque
2330 3768 2816 3840 supercmlestibus
2873 3766 3235 3838 potestatibus
3284 3780 3536 3836 praemis

1959 3865 2109 3919 tibus
2136 3879 2369 3933 eamque
2392 3862 2809 3933 accipientibus,
2839 3860 3130 3928 magniﬁco
3159 3867 3357 3914 ornatu
3375 3858 3533 3929 plau-

1956 3971 2129 4025 suque
2153 3955 2376 4010 Chrisxo
2409 3953 2539 4024 Regi
2580 3968 2643 4007 ac
2665 3951 2884 4021 Sponso
2915 3967 3040 4006 cum
3076 3950 3246 4020 gloria
3270 3948 3530 4006 otl'ertur:

1955 4045 2396 4101 immarcescibili
2462 4052 2612 4098 serto
2670 4051 2835 4112 caput
2894 4049 3223 4108 coronatur;
3307 4053 3410 4111 pro
3451 4040 3534 4095 la-

1955 4138 2149 4194 borum
2202 4137 2411 4192 ratione
2466 4135 2644 4204 justas
2690 4134 2836 4189 vices
2875 4133 3144 4204 (quinimo
3204 4134 3363 4201 longe
3413 4145 3531 4186 me-

1953 4228 2094 4284 liora
2150 4226 2618 4296 sublimioraque)
2675 4225 2743 4280 ah
2801 4225 2947 4280 illius
3016 4222 3217 4288 accipit
3282 4222 3527 4278 dextera.

1954 4319 2376 4376 Formosissima
2397 4332 2527 4373 vero
2561 4318 2899 4372 intemerata:
2927 4316 3195 4379 membra,
3218 4327 3354 4369 auro
3392 4328 3531 4384 quo-
3560 4368 3563 4369 ν

1953 4412 2038 4467 vis
2077 4411 2422 4482 pretiosiora,
2478 4409 2740 4480 omnique
2786 4407 2963 4479 lapide
2998 4407 3236 4478 pretioso
3283 4405 3527 4471 cariora;

1954 4501 2265 4558 vulturibus
2293 4500 2617 4572 bestiisque,
2671 4501 2741 4556 ab
2774 4500 2997 4555 homine
3053 4498 3245 4555 bestiis
3273 4497 3530 4554 omnibus

1955 4594 2287 4649 immensum
2310 4591 2602 4648 crudeliori
2637 4607 2819 4648 escam
2852 4592 3007 4658 data,
3040 4590 3109 4645 iis
3130 4605 3259 4645 vero
3296 4589 3527 4653 intacta,

278 4698 372 4735 στα
399 4682 490 4735 διά
518 4680 775 4750 προνοίας
806 4682 901 4735 τοῦ
933 4682 1111 4737 πάντα
1137 4682 1209 4736 τὰ
1238 4682 1348 4736 τῶν
1376 4682 1604 4738 δικαίων
1635 4683 1844 4753 φυλάσ-

1964 4684 2205 4754 nihilque
2232 4683 2355 4738 lazta
2390 4682 2537 4739 illius
2567 4682 2907 4753 providentia
2939 4691 3179 4747 servata,
3211 4681 3305 4751 qui
3336 4690 3527 4736 custo-

279 4787 456 4834 σοντος
502 4771 658 4835 ὀστᾶ,
726 4773 1098 4845 μεμενηκότα,
1154 4775 1221 4846 τῇ
1278 4773 1398 4845 ίερᾷ
1446 4774 1582 4844 πρὸς
1623 4774 1847 4845 κηδείαν

278 4861 589 4915 ἀποδέδοται
618 4862 788 4935 Σοφίᾳ
811 4878 825 4893 ·
862 4863 956 4918 καὶ
983 4865 1105 4920 τίνα
1130 4865 1368 4937 τρόπον;
1403 4866 1537 4921 Οὐδὲ
1560 4865 1667 4938 γάρ
1689 4865 1847 4922 τοῦτο

278 4952 496 5023 σιγῆσαι
524 4954 757 5008 δίκαιον.

351 5042 592 5115 Ἠγωνία
619 5046 717 5117 μὲν
753 5047 882 5118 γάρ,
917 5049 992 5114 ὡς
1021 5048 1185 5116 εἰκὸς,
1241 5049 1275 5120 ἠ
1306 5049 1442 5120 καλὴ
1472 5051 1652 5121 μήτηρ
1706 5051 1848 5120 ὑπὲρ

276 5136 369 5205 τῆς
399 5138 541 5190 κατὰ
583 5137 797 5209 πνεῦμα
828 5139 1123 5210 καλλίστης
1147 5140 1433 5213 θυγατρός.
1476 5141 1735 5212 Ἦγωνία,
1772 5144 1846 5213 μή

277 5242 322 5278 τι
354 5229 482 5298 περὶ
526 5229 627 5292 τὰς
662 5228 929 5299 βασάνους
966 5232 1192 5299 ἀγεννὲς
1242 5232 1513 5299 παθοῦσα,
1572 5235 1687 5299 τὰς,
1714 5236 1848 5289 ὐπο-

280 5320 489 5389 σχὲσεις
531 5322 911 5392 διαψεύσηται.
958 5326 1225 5397 Ἐρριπτο
1278 5326 1457 5379 τοίνυν
1488 5328 1574 5379 ἐπ’
1614 5327 1848 5397 ἐδάφους
1894 5375 1899 5381 .

278 5412 406 5465 οίκοι
460 5415 928 5486 κατακεκλιμένη,
998 5416 1093 5471 καὶ
1149 5419 1372 5487 γοεραίς
1422 5418 1691 5489 οἰμωγαῖς
1752 5421 1845 5484 ,τὸν

343 5612 384 5644 ¹⁶
411 5611 558 5669 Psal.
592 5629 725 5679 xvn,
756 5615 847 5670 45.
927 5617 1145 5675 “.Psal.
1172 5634 1364 5687 χχχιιι,
1392 5621 1485 5675 2t.

334 5792 452 5874 ⁸(Ἳῧ)
498 5794 559 5851 Ἠ
584 5795 725 5874 τίκη
752 5796 864 5865 τῆς
914 5795 1279 5874 ὑπερὰθλου.
1311 5797 1478 5865 Quasi
1512 5799 1624 5874 jam
1662 5809 1844 5874 certa-

283 5867 694 5937 mineemerita,
717 5875 773 5921 et
809 5883 928 5935 quae
965 5869 1119 5937 plura
1172 5882 1235 5937 ac
1262 5884 1426 5937 supra
1477 5872 1697 5926 modum
1750 5872 1838 5925 illa

281 5934 588 5991 desudasset
619 5955 632 5990 :
663 5934 855 5993 novem
900 5934 1012 6008 jam
1062 5934 1347 6007 perfuncta
1409 5942 1699 5997 tormentis
1739 5957 1755 6007 ;
1790 5951 1846 5997 ct

1953 4777 2033 4833 dit
2054 4776 2240 4832 omnia
2259 4790 2388 4832 ossa
2419 4774 2691 4845 iustorum
2716 4776 2781 4841 ¹⁶,
2812 4783 3017 4830 sanctae
3044 4775 3261 4845 Sophim
3286 4773 3353 4827 ad
3379 4773 3527 4844 justa

1955 4869 2024 4924 iis
2057 4867 2417 4939 persolvenda
2446 4867 2656 4923 reddita
2693 4875 2844 4921 sunt.
2884 4868 2954 4919 At
2983 4880 3225 4935 quonam
3256 4864 3310 4919 id
3329 4864 3529 4919 modo?

1951 4959 2137 5031 Neque
2166 4961 2311 5014 enim
2348 4959 2574 5015 reticere
2600 4974 2780 5028 operae
2808 4958 3039 5028 pretium
3069 4963 3176 5013 est.

2026 5051 2234 5106 Etenim
2256 5051 2417 5106 anxia
2440 5051 2635 5106 merito
2661 5059 2783 5106 erat
2807 5050 2979 5120 proba
3005 5058 3182 5104 mater
3194 5062 3295 5117 pro
3314 5044 3522 5115 Optima

1951 5158 2015 5199 ac
2069 5143 2436 5214 pulcherrima
2486 5142 2789 5198 secundum
2836 5140 3089 5211 spiritum
3149 5139 3277 5194 lilia.
3352 5137 3513 5193 Anxia

1951 5244 2068 5292 erat
2094 5242 2259 5303 atque
2282 5232 2510 5289 timebat
2541 5247 2610 5287 ne
2638 5233 2921 5303 degeneris
2949 5231 3156 5302 aliquid
3188 5224 3357 5285 animi
3379 5225 3515 5280 inte:

1952 5337 2219 5383 tormenta
2260 5325 2340 5381 illi
2369 5324 2663 5389 accideret,
2697 5340 2762 5380 ac
2791 5323 3116 5395 sponsiones
3150 5330 3384 5389 votaque
3411 5314 3546 5370 [οι-ν

1954 5421 2110 5477 leret.
2145 5418 2305 5474 Nudo
2332 5418 2521 5489 itaque
2558 5418 2802 5489 projecta
2827 5418 2946 5475 solo
2988 5416 3136 5473 domi
3164 5413 3402 5486 iacebat,
3436 5409 3520 5463 lu-

1950 5803 2037 5859 cui
2078 5819 2248 5887 unum
2278 5805 2641 5864 novissimum
2656 5811 2882 5863 restaret
2901 5819 2965 5861 ac
2985 5802 3279 5871 decimum,
3298 5809 3516 5859 exsecta

1949 5891 2185 5932 CCI'VICC.
