4008 6592
430 448 531 509 367

1594 438 1908 501 ΝΠΣΕΤᾹΞ
1962 437 2487 497 PAPIILAGONIS

3578 429 3682 490 368

424 560 698 631 gum-ique
721 556 925 629 gemitu
955 556 1209 626 querula,
1244 555 1470 627 supplex
1533 555 1875 608 Altissimum
1910 564 1999 606 ro-

2105 548 2368 620 Ὗψιστον
2414 546 2689 619 ἐλιπάρει,
2745 546 2823 617 μὴ
2875 543 3176 617 ἡττηθῆναι
3221 542 3321 614 τὴν
3371 542 3537 598 παῖδα
3574 546 3681 597 τῶν

432 652 614 721 gebat,
639 663 707 703 ne
739 648 845 703 lilia
890 647 1169 703 blanditiis
1208 647 1441 712 cederet,
1476 663 1543 700 ne
1576 646 1739 699 minis
1778 645 1999 713 subige-

420 750 608 803 retur,
647 756 712 794 ne
743 741 1028 794 tormentis
1055 738 1387 802 ﬂecteretur,
1423 752 1488 791 ne
1535 736 1730 790 minori
1766 748 1999 804 usquam

418 833 737 890 constantia
779 832 1221 902 persecutoribus
1288 840 1592 900 appareret.
1640 826 1761 882 Ubi
1819 836 1999 881 autem

434 941 520 979 rcs
550 925 639 980 illi”
660 923 835 979 fauste
857 929 1222 985 successerat,
1276 922 1558 992 virgoque,
1584 935 1749 991 quam
1781 919 1872 973 illa
1902 934 2000 972 ex-

421 1024 785 1087 spectaverat,
816 1015 1033 1070 meliori
1075 1015 1222 1069 exitu
1266 1023 1429 1069 nacta
1476 1012 2000 1068 consummationem

431 1114 567 1170 crat,
596 1109 670 1161 rci
704 1107 930 1162 nuntius
959 1106 1135 1176 angeli
1171 1106 1238 1161 ad
1265 1121 1384 1160 eam
1413 1103 1870 1174 pci‘l‘ertur‘wce:
1895 1117 2003 1173 quo

430 1196 549 1266 ipso
588 1196 750 1251 ctitmi
775 1197 882 1250 'viae
905 1196 1045 1250 duce
1077 1211 1199 1261 usa.
1243 1196 1599 1264 collectisque
1660 1191 2006 1263 triumphalis

432 1289 686 1359 martyris
726 1289 1045 1359 segmentis,
1071 1297 1233 1359 atque
1265 1288 1481 1341 mundis
1514 1287 1693 1341 linteis
1724 1286 2002 1348 involutis,

426 1380 715 1450 multoque
747 1381 1119 1451 lacrymarum
1151 1380 1325 1434 imbre
1369 1377 1632 1448 perfusis,
1666 1375 2000 1447 ejuscemodi

432 1472 662 1528 vocibus
692 1471 957 1541 praeelare
991 1470 1270 1526 victricem
1311 1470 1577 1524 aﬂabatur
1610 1490 1623 1522 :

502 1652 650 1707 Filia
678 1668 813 1718 mea,
836 1646 1039 1714 aiebat,
1100 1651 1468 1705 amantissima
1500 1650 1632 1719 ﬁlia,
1657 1665 1813 1717 quam
1838 1651 1900 1702 ub
1923 1650 2007 1702 in-

433 1744 609 1813 fantia
645 1744 901 1814 prwclare
935 1744 1173 1809 educavi,
1208 1760 1270 1796 ac
1311 1743 1530 1812 pietatis
1564 1741 1891 1794 documentis
1926 1741 2008 1793 in-

432 1835 586 1889 stitui
647 1850 667 1890 :
716 1833 985 1902 omnisque
1035 1834 1238 1900 generis
1293 1832 1507 1886 virtutis
1564 1832 1745 1885 modos
1792 1830 2004 1893 docens,

2101 641 2402 696 κολακειῶν
2426 684 2442 709 ,
2495 640 2569 712 μὴ
2597 638 2930 711 χειρωθῆναι
2962 639 3086 703 ταῖς
3119 636 3373 700 ἀπειλαῖς
3397 677 3415 703 ,
3466 637 3543 709 μὴ
3576 654 3683 691 κα-

2100 731 2488 803 τακαμφθῆναι
2511 734 2632 795 ταῖς
2656 729 2950 802 τιμωρίαις
2966 768 2982 797 ,
3006 731 3066 785 ὲν
3093 729 3282 801 μηδενὶ
3305 728 3414 783 τῶν
3434 728 3684 783 διωκτῶν

2101 824 2247 893 ἥττω
2302 823 2556 894 φανῆναι.
2620 821 2771 875 Ἐπεὶ
2798 822 2856 875 δὲ
2892 821 2961 875 τὰ
3008 821 3130 874 κατ’
3173 819 3344 890 αὐτὴν
3378 818 3561 891 ἀπέϐη
3590 821 3680 874 δε-

2105 913 2251 978 ξιῶς,
2293 914 2389 968 καὶ
2417 914 2490 977 ὼς
2513 914 2621 968 οὐδ’
2655 914 2721 968 ἂν
2746 913 2883 985 αὑτὴ
2914 912 3335 983 προσεδόκησεν,
3369 912 3683 983 κρείττονος

2103 1001 2138 1070 ἡ
2164 1000 2426 1071 παρθένος
2470 1001 2628 1072 ἔτυχε
2672 1003 2770 1073 τῆς
2817 999 3174 1065 τελειώσεως,
3227 1000 3557 1069 ἀγγέλλεται
3586 1001 3687 1073 μὲν

2102 1090 2238 1160 αὑτῇ
2287 1091 2444 1145 τοῦτο
2493 1090 2561 1144 δι’
2591 1091 2826 1161 ἀγγέλου
2874 1091 3093 1163 φωνῆς’
3120 1090 3268 1163 αὐτῷ
3300 1091 3357 1145 δὲ
3384 1091 3560 1164 τούτῳ
3591 1093 3689 1146 καὶ

2105 1180 2439 1253 καθηγεμόνι
2486 1182 2585 1253 τῆς
2638 1181 2760 1236 όδοῦ
2815 1182 3096 1255 χριομένη,
3151 1182 3345 1237 καὶτὰ
3384 1183 3484 1254 τῆς
3519 1183 3687 1250 ἀθλη-

2106 1271 2274 1342 φόρου
2304 1274 2569 1343 τμήματα
2622 1272 3005 1344 συλλεξαμὲνη
3032 1313 3045 1338 ,
3080 1274 3175 1326 καὶ
3208 1272 3475 1345 καθαραῖς
3513 1272 3689 1326 ταῦτα

2108 1364 2338 1418 σινδόσιν
2385 1365 2815 1435 ὲντυλιξαμένη,
2880 1365 3113 1436 δάκρυσί
3146 1383 3206 1418 τε
3257 1365 3689 1419 καταδιαίνουσα

2107 1454 2354 1519 πολλοῖς,
2398 1456 2656 1510 τοιούσδε.
2694 1455 2885 1526 λόγους
2930 1459 2997 1527 τῇ
3045 1456 3348 1526 καλλινίκῳ
3402 1454 3687 1527 προσεφὼ-

2108 1564 2188 1600 νει
2209 1563 2223 1578 ⁸

2181 1639 2403 1694 Τέκνον
2432 1640 2596 1710 ἐμόν,
2662 1639 2918 1709 λέγουσα,
2976 1639 3389 1709 πανέραστον·
3441 1639 3683 1703 τέκνον,

2108 1731 2140 1785 ὃ
2176 1732 2482 1788 παιδιόθεν
2514 1731 2715 1799 καλῶς
2744 1731 3169 1801 ἀνεθρεψάμην
3190 1772 3205 1797 ,
3268 1732 3367 1786 καὶ
3400 1732 3525 1800 τοῖς
3573 1732 3688 1804 τῆς

2108 1823 2415 1888 εὐσεϐείας
2435 1823 2864 1892 συνανήγαγον
2884 1822 3245 1893 διδάγμασιν
3264 1840 3278 1855 ⁸
3307 1824 3405 1878 καὶ
3428 1826 3690 1893 τρόπους

431 1936 678 1990 sponsam
709 1901 931 1985 castam,
959 1920 1208 1990 rirginem
1248 1923 1615 1975 intemeratum
1643 1921 1882 1975 exhibere
1912 1936 2003 1987 op-

2105 1912 2319 1984 ἀρετῆς
2349 1916 2639 1983 παντοίας
2666 1915 3137 1980 ἐκπαιδεύουσα,
3177 1914 3257 1981 τῷ
3287 1917 3519 1984 Χριστῷ
3541 1918 3689 1986 νύμ-

434 2013 540 2067 taui
569 2029 587 2066 :
627 2014 829 2082 gratias
856 2027 978 2081 ago,
1005 2017 1143 2079 quod
1175 2010 1561 2065 admonidones
1586 2027 1723 2065 meas
1756 2011 2002 2065 oblivioni

433 2107 648 2159 minime
674 2105 966 2169 tradidisti,
1009 2104 1098 2158 sed
1142 2119 1253 2157 meo
1284 2103 1347 2156 de
1374 2114 1421 2156 te
1459 2117 1614 2171 scopo
1664 2119 1725 2155 ac
1763 2104 2005 2156 destina-

435 2197 588 2261 tioni,
644 2207 736 2249 tua
786 2211 966 2249 comes
1010 2195 1248 2249 voluntas
1293 2194 1559 2262 animique
1602 2193 1849 2245 incitatio
1879 2193 2001 2261 fuit.

434 2286 788 2353 Quamobrem
850 2296 1100 2357 tanquam
1160 2301 1339 2338 cervus
1390 2283 1698 2336 desiderans
1738 2283 1806 2335 ad
1837 2284 2004 2352 fontes

432 2380 729 2432 divinorum
756 2378 1101 2447 ﬂuentorum,
1136 2377 1298 2431 etiam
1338 2385 1492 2444 atque
1528 2377 1684 2427 etiam
1714 2374 1895 2428 sitiens
1936 2376 2005 2427 ad

433 2467 626 2530 Deum,
668 2467 880 2535 fortem.
908 2465 1101 2526 vivum,
1135 2463 1398 2516 transiisti
1455 2462 1510 2513 in
1550 2461 1724 2514 locum
1759 2463 2008 2516 taberna-

433 2556 540 2610 culi
574 2554 908 2609 admirabilis
938 2564 987 2608 et
1020 2552 1364 2622 confessionis
1416 2553 1623 2606 sonitus
1650 2552 1844 2621 festum
1869 2552 2005 2605 diem

434 2649 704 2717 agentium
739 2648 803 2710 '7;
852 2646 1095 2716 certisque
1128 2645 1407 2715 superatis,
1476 2644 1715 2713 spiritali
1771 2643 2005 2697 thalamo

434 2739 652 2793 admota
685 2755 761 2803 es,
783 2738 1075 2807 divinis-que
1105 2737 1303 2805 nuptiis
1333 2736 1492 2790 cubili
1522 2738 1745 2790 sociata.
1774 2735 1844 2789 Te
1870 2736 2006 2789 enim

434 2832 564 2901 cepit
589 2831 722 2884 odor
748 2840 1128 2900 unguentorum
1154 2829 1197 2861 ¹⁸
1245 2829 1568 2882 immortalis
1615 2828 1815 2896 sponsi,
1855 2827 2006 2896 cujus

434 2939 621 2979 nomen
652 2932 971 2993 unguentum
1008 2923 1236 2992 effusum
1266 2932 1619 2991 nuncupatur.
1652 2920 2007 2988 Quamobrem

433 3033 553 3072 eum
580 3015 858 3081 dilexisti;
898 3016 1111 3070 traxisti
1150 3029 1306 3078 eum;
1357 3014 1411 3067 in
1461 3024 1550 3067 tuo
1580 3016 1735 3067 corde
1765 3013 2010 3081 conquie-

440 3125 586 3164 scere
609 3109 798 3179 fecisti.
834 3106 1116 3162 Ferculum
1145 3105 1273 3178 Regi
1312 3106 1461 3175 fuisti
1489 3106 1554 3171 ‘9,
1584 3105 1723 3173 ﬁlia,
1773 3115 1832 3159 ut
1857 3121 2005 3159 vene-

2104 2024 2227 2076 φην
2255 2010 2471 2076 ἁγνὴν,
2502 2008 2802 2075 παρθένον
2837 2008 3133 2077 ἀμίαντον
3184 2007 3467 2077 ηὐξάμην
3497 2024 3689 2076 παρα-

2104 2099 2370 2168 στῆσαι,
2413 2098 2749 2168 εὐχαριστῶ
2780 2116 2879 2153 σοι
2903 2140 2918 2165 ,
2964 2099 3052 2152 ὅτι
3095 2100 3167 2154 οὑ
3206 2098 3534 2169 διήμαρτον
3560 2099 3693 2167 τῶν,

2104 2190 2266 2257 ἐμῶν
2302 2189 2564 2243 ἐλπίδων
2590 2190 2686 2243 ἐπὶ
2732 2191 2872 2245 σοί·
2906 2190 2996 2243 ὅτι
3049 2192 3161 2244 οὐκ
3208 2190 3510 2245 ἐπελάθου
3559 2208 3687 2261 μου

2104 2280 2224 2337 τῶν
2254 2283 2693 2350 παραινέσεων,
2727 2282 2885 2337 ἀλλὰ
2914 2280 2992 2347 τῷ
3020 2281 3141 2352 ἐμῷ
3170 2283 3305 2352 περὶ
3328 2283 3447 2338 σοῦ
3475 2283 3691 2349 σκοπῷ

2106 2374 2203 2429 καὶ
2229 2375 2268 2443 ἠ
2299 2373 2382 2442 σὴ
2413 2376 2696 2441 πρόθεσις
2733 2373 3321 2443 συνέδραμεν.Ὀθεν
3346 2377 3427 2443 ὡς
3456 2377 3681 2446 ἔλαφος

2105 2462 2201 2515 ἐπὶ
2232 2463 2341 2527 τὰς
2374 2464 2569 2531 πηγὰς
2598 2462 2715 2515 τῶν
2756 2464 2930 2518 θείων
2980 2463 3407 2535 ἐπιποθήσασα
3451 2467 3691 2547 ὑδάτων

2105 2554 2402 2621 ναμάτων,
2442 2552 2760 2621 διψήσασα
2788 2554 3023 2623 σφόδρα
3061 2554 3213 2625 πρὸς
3243 2556 3350 2609 τὸν
3378 2557 3546 2623 Θεὸν,
3580 2560 3692 2612 τίν

2106 2649 2380 2715 ἰσχυρὸν,
2413 2646 2520 2700 τόν
2558 2646 2762 2712 ζῶντα,
2811 2646 3053 2716 διῆλθες
3096 2649 3165 2702 ἐν
3218 2651 3382 2715 τόπῳ
3440 2651 3684 2719 σκηνῆς

2107 2737 2479 2807 θαυμαστῆς,
2505 2739 2615 2804 ἕως
2650 2739 2758 2792 τοῦ
2790 2741 2961 2795 οἴκου
2994 2741 3100 2795 τοῦ
3132 2742 3313 2807 Θεοῦ,
3343 2742 3589 2812 διῆλθες
3617 2745 3691 2798 ἐν

2107 2830 2275 2900 φωνῇ
2336 2830 2753 2901 ἀγαλλιάσεως
2812 2833 2909 2886 καὶ
2970 2833 3465 2904 έξομολογήσεως
3523 2836 3686 2905 ἤχου

2107 2922 2532 2992 ἑορταζόντων
2589 2925 2685 2978 καὶ
2744 2926 2886 2992 τοὺς
2940 2928 3238 2995 οὐρανοὺς
3280 2929 3685 2997 διεόιϐάσθης,

2109 3016 2208 3071 καὶ
2260 3015 2342 3081 τῷ
2396 3015 2581 3086 νοερῷ
2636 3017 2907 3087 νυμφῶνι
2955 3019 3412 3089 προσηνέχθης,
3468 3022 3568 3075 καὶ
3598 3025 3688 3088 εις

2108 3108 2252 3175 τοὺς
2280 3110 2477 3174 θείους
2501 3108 2825 3174 ἀνεκλίθης
2855 3108 3098 3179 γάμους.
3150 3110 3340 3180 Ὀσμὴ
3384 3112 3494 3182 γὰρ
3522 3108 3688 3166 εἷλέν

429 3201 601 3256 rabile
633 3201 914 3256 Canticum
952 3200 1205 3271 loquitur,
1254 3198 1405 3267 cujus
1450 3198 2003 3261 acclinatorium,au-

2111 3218 2186 3255 σε
2209 3202 2417 3271 μύρων
2472 3200 2578 3255 τοῦ
2615 3200 2915 3255 ἀθανάτου
2945 3202 3231 3270 νυμφίου,
3278 3199 3351 3259 οὗ
3382 3203 3446 3256 τὸ
3498 3204 3687 3273 ὄνομα

435 3290 599 3359 rum;
632 3309 878 3347 ascensus
908 3292 1045 3362 ejus,
1064 3308 1298 3362 purpuru
1317 3291 1393 3357 ’°;
1428 3291 1672 3344 intimum
1702 3289 1838 3357 ejus,
1869 3288 2007 3357 lapi-

436 3388 590 3441 dibus
613 3380 964 3441 constratum.
1015 3386 1224 3439 Idcirco
1265 3396 1377 3440 tum
1423 3382 1583 3437 simul
1613 3382 1829 3446 dilecta,
1897 3391 2005 3434 tum

435 3479 627 3535 diuina
645 3479 920 3532 charitatis
970 3479 1160 3532 eximie
1187 3477 1461 3531 vulnerata
1485 3472 1537 3530 es
1551 3493 1570 3541 ;
1622 3477 1691 3526 ad
1729 3490 1846 3528 eum
1885 3490 2008 3543 pro—

436 3580 602 3635 vecta,
664 3567 951 3623 virtutibus
1016 3568 1261 3622 dealbata
1312 3582 1375 3621 ac
1423 3566 1710 3635 suffimenlo
1757 3565 2003 3627 incensa,

436 3676 654 3732 quisque
678 3660 905 3713 vicissim
940 3676 1059 3714 eum
1099 3660 1360 3721 attrahas,
1406 3675 1468 3712 ac
1519 3653 1793 3725 virginalis
1833 3654 2007 3709 cordis

437 3752 517 3805 tui
556 3752 753 3822 geniali
777 3751 968 3805 lectulo
1005 3751 1266 3821 quiescere
1288 3750 1511 3818 facias.’

2104 3292 2300 3362 μύρον
2325 3289 2653 3344 ἐκκενωθὲν
2680 3288 2966 3345 καλεῖται.
2994 3292 3176 3345 ’Ὅθεν
3223 3291 3545 3365 ἠγάπησας
3575 3297 3684 3348 αὐο

2103 3380 2241 3434 τόν’
2273 3380 2568 3444 εἵλκυσας
2595 3380 2814 3433 αὐτόν’
2863 3378 2963 3433 ἐπὶ
3008 3380 3124 3448 τὴν
3156 3381 3282 3450 σὴν
3309 3382 3527 3437 τοῦτον
3581 3383 3687 3437 dr-

2102 3470 2377 3534 έπαυσας
2402 3469 2673 3537 καρδίαν.
2701 3470 2947 3540 Φορεῖον
2971 3470 3203 3541 ἐγένου,
3235 3473 3505 3541 θύγατερ,
3536 3475 3688 3528 κατὰ

2101 3561 2169 3615 τὸ
2190 3561 2558 3631 σεμνότατον
2577 3555 2790 3631 Etcum.
2836 3560 2914 3627 τῷ
2936 3564 3188 3616 Βασιλεῖ
3204 3580 3220 3594 ·
3255 3560 3327 3620 οὗ
3358 3565 3423 3619 τὸ
3441 3564 3689 3619 ἀνάκλιο

2104 3669 2231 3716 τον,
2268 3652 2561 3721 χρυσίον·
2594 3652 2632 3720 ἡ
2681 3652 2959 3718 ἐπίϐασις
3005 3652 3214 3718 αὐτοῦ,
3250 3654 3563 3724 πορφύραι
3618 3656 3687 3709 τὸ

2103 3744 2273 3811 ἐντὸς
2310 3744 2520 3807 αὐτοῦ,
2570 3744 2992 3815 λιθόστρωτον.
3027 3743 3128 3799 Διὰ
3161 3744 3339 3799 τοῦτο
3369 3745 3689 3815 ήγαπήθης

435 3860 501 3898 τε
521 3841 670 3913 ἅμα,
706 3843 804 3896 καὶ
834 3841 949 3910 τῆς
986 3842 1149 3907 θείας
1181 3840 1413 3911 ἀγάπης
1460 3839 1781 3910 ὑπερφυῶς
1829 3836 2122 3905 ἐτρώθηςο
2181 3836 2522 3905 ἀναγομένη
2547 3834 2665 3903 μέν
2690 3835 2841 3903 πρὸς
2887 3833 3095 3899 αὐτὸν,
3129 3834 3688 3905 λελευκανθισμένη

436 3936 565 4001 ταῖς
609 3934 844 4003 ἀρεταῖς
889 3932 986 3987 καὶ
1040 3933 1463 4001 τεθυμιαμένηο
1505 3931 1889 4000 ἐπισπωμένη
1943 3927 2009 3980 δέ
2058 3925 2245 3980 πάλιν
2314 3926 2521 3991 αὐτὸν,
2559 3924 2655 3978 καὶ
2690 3923 2764 3993 τῇ
2812 3922 2921 3992 τῆς
2978 3922 3343 3992 παρθενικῆς
3377 3940 3496 3980 σου
3543 3942 3686 3995 καρ-

435 4031 567 4094 δίας
590 4025 1149 4097 προσαναπαύουσα
1175 4022 1455 4079 παστάδι.

493 4120 646 4183 Quid
678 4118 841 4185 igitur
870 4115 1216 4168 retribuemus
1260 4114 1484 4168 Domino
1514 4130 1608 4183 pro
1634 4114 1865 4166 muneris
1902 4128 2010 4164 ma-

420 4208 736 4281 gnificentia
757 4208 782 4261 γ
804 4206 954 4273 Quid
978 4206 1160 4260 dicunt
1177 4206 1205 4261 2
1226 4205 1368 4273 Quid
1400 4205 1526 4273 fiam
1548 4207 1571 4261 .’
1593 4204 1867 4269 Quomodo
1889 4202 2007 4256 lau-

2179 4104 2239 4158 Tl
2277 4098 2391 4157 οὖν
2423 4096 2927 4170 ἀνταποδώσομεν
2973 4101 3169 4169 Κιιρίῳ
3212 4101 3322 4171 τῆς
3346 4106 3688 4174 μεγαλοὸω.

2104 4199 2284 4267 ρίας;
2320 4197 2379 4251 Τί
2406 4194 2586 4259 circa);
2613 4194 2705 4259 τίς
2733 4192 2983 4263 γένωμαι
3006 4209 3024 4257 ;
3050 4192 3176 4260 πῶς
3206 4196 3501 4265 Ope-rimo;
3560 4197 3689 4265 πῶς

430 4300 616 4354 dabo?
648 4296 920 4363 Quomodo
945 4304 1150 4351 tantum
1179 4296 1425 4365 beneﬁcii
1476 4296 1665 4349 molem
1702 4293 2003 4349 enarrabo?

2106 4288 2288 4354 ὄγκον
2319 4282 2614 4337 τοσοῦτον
2662 4281 3008 4351 εὐεργεσίας
3042 4282 3407 4354 έξαγγείλω;
3454 4287 3690 4356 Ἀπορεῖ

437 4387 612 4455 Egena
636 4387 938 4456 linguaest,
962 4402 1123 4456 egena
1149 4395 1197 4440 et
1224 4402 1387 4440 mens.
1428 4385 1472 4440 0
1501 4386 1762 4456 quomodo
1804 4385 2003 4454 gratias

2105 4380 2218 4451 μέν
2252 4379 2292 4447 ἡ
2332 4374 2584 4446 γλῶσσα
2606 4391 2620 4407 ·
2646 4375 2863 4443 ἀπορεῖ
2889 4374 2958 4429 δέ
2984 4378 3017 4430 ό
3045 4377 3212 4443 νοῦς.
3253 4380 3322 4431 Ὦ
3351 4378 3479 4445 πῶς
3502 4384 3686 4450 sola-

434 4477 1103 4546 ligaminexplicabilituae
1145 4477 1415 4530 bonitati?
1468 4475 1744 4543 Quomodo
1793 4477 2003 4545 dignum

2105 4472 2376 4542 ριστήσω
2411 4471 2485 4541 τῇ
2521 4470 2917 4541 ἀνεκφράστῳ
2944 4486 3062 4527 σου
3120 4476 3517 4543 γρηστότητι;
3553 4476 3688 4543 Πῶς

435 4567 640 4636 aliquid
670 4567 814 4635 loqui
853 4568 1071 4634 possim,
1092 4583 1122 4620 ο
1150 4565 1399 4631 Domine,
1434 4566 1656 4635 inﬁnitae
1692 4565 2002 4636 benignitati

2110 4563 2187 4620 ἂν
2211 4564 2386 4628 ἄξιόν
2406 4581 2461 4617 τι
2482 4564 2875 4635 φθεγξαίμην,
2898 4559 2945 4619 ὦ
2972 4565 3265 4629 Δέσποτα,
3294 4565 3406 4636 τῆς
3432 4568 3685 4639 ἀπείρου

436 4657 575 4709 tum!
602 4654 744 4709 Nam
762 4657 979 4725 spiritus
1008 4658 1215 4725 quidem
1247 4656 1630 4724 magnitudinis
1652 4656 1841 4724 gratia:
1863 4671 2000 4724 pau-

2105 4672 2221 4710 σου
2255 4655 2741 4724 φιλανθρωπίας;
2780 4656 2848 4711 Τὸ
2873 4657 3110 4727 πνεῦμα
3151 4657 3268 4728 μὲν
3297 4658 3406 4727 γὰρ
3427 4659 3536 4712 τοῦ
3572 4659 3685 4726 τῆς

434 4748 587 4799 latim
622 4763 775 4799 sensu
803 4758 1063 4815 percepto,
1109 4747 1404 4813 cupiditate
1429 4746 1607 4815 agitur
1636 4760 1653 4796 :
1686 4745 1883 4799 saliens
1942 4762 2004 4799 ac

433 4838 629 4891 alacris
651 4848 770 4903 est;
803 4854 975 4891 verum
1012 4838 1279 4908 deﬁcitur,
1313 4853 1603 4892 sermonem
1652 4853 1753 4891 non
1781 4837 1999 4904 habens,

429 4940 488 4983 ut
516 4930 677 5001 digna
699 4930 974 4999 majestate
996 4940 1327 4997 repraesentet
1347 4929 1483 5000 quod
1502 4941 1664 4983 mente
1686 4930 2000 4999 concipitur.

426 5020 555 5074 Jam
575 5037 697 5091 ergo
721 5032 883 5075 cesset
914 5022 1127 5092 lingua;
1155 5038 1300 5077 mens
1340 5037 1459 5075 vero
1506 5022 1857 5090 beneﬁcentia:
1896 5032 2001 5075 tua:

431 5111 792 5174 altitudinem,
827 5127 858 5164 ο
888 5111 1140 5165 bonorum
1171 5111 1404 5164 omnium
1452 5120 1639 5163 auctor
1686 5127 1748 5163 ac
1804 5108 2000 5165 Pater!

428 5220 601 5259 secum
623 5205 737 5272 ipsa
759 5206 1019 5274 cogitans,
1053 5206 1253 5270 laudet,
1276 5204 1414 5275 quod
1442 5204 1809 5258 charissimam
1832 5203 2001 5272 ﬁliam

427 5314 621 5363 meam,
653 5307 799 5353 tuam
826 5298 943 5367 ﬁeri
957 5298 1208 5369 dignatus
1234 5315 1285 5352 es
1312 5314 1331 5352 :
1363 5297 1519 5364 Quod
1559 5297 2000 5352 mearumadmo-

414 5388 690 5442 ,nitionum
727 5388 983 5456 fructum,
1016 5388 1151 5442 velut
1184 5388 1421 5442 divinum
1444 5388 1655 5457 pignus,
1690 5385 1745 5439 in
1768 5385 1999 5439 caelestia

426 5493 638 5531 sursum
667 5477 808 5532 uehis
848 5477 1036 5532 horrea
1066 5493 1085 5532 :
1128 5476 1282 5542 Quod
1317 5495 1488 5532 meam
1516 5478 1862 5547 margaritam
1906 5485 1999 5530 tua

414 5568 642 5637 dignam
666 5585 858 5623 corona
878 5568 1158 5638 iudicasti,
1190 5578 1347 5639 atque
1401 5568 1601 5638 angelis
1657 5569 1991 5633 conseruisti,

414 5660 781 5731 apostolisque
803 5676 865 5714 uc
900 5654 1241 5731 martyribus
1261 5659 1687 5735 contubernalem
1716 5661 1915 5729 fecisti.

2105 4748 2343 4817 χάριτος
2386 4748 2573 4817 ἠρέμα
2622 4747 3121 4820 διαισθανόμενον
3165 4750 3460 4821 μεγέθους
3483 4792 3498 4816 ,
3532 4751 3683 4805 ἵεται

2104 4839 2505 4907 ὄιαλλόμενον
2533 4839 2631 4894 καὶ
2676 4841 3063 4910 προθυμεῖται
3087 4857 3103 4873 ⁸
3135 4842 3350 4911 ἀπορεῖ
3370 4841 3459 4908 δέ,
3494 4844 3687 4913 λόγον

2104 4932 2214 4985 οὐκ
2239 4930 2382 4999 ἕχον
2405 4931 2925 5001 ἀξιοπρεπέστατα
2939 4932 3327 5003 παραστῆσαι
3348 4933 3414 4988 τὸ
3434 4936 3687 5004 νοούμε-

2104 5038 2233 5075 νον·
2257 5022 2476 5077 λοιπὸν
2501 5023 2784 5093 ἠρεμείτω
2805 5024 3058 5094 γλῶσσα
3082 5041 3096 5055 ·
3128 5028 3161 5080 ό
3188 5025 3334 5093 νοῦς
3354 5025 3443 5092 δὲ,
3468 5027 3535 5080 τὸ
3564 5028 3685 5080 σὸν
3712 5007 3723 5023 ’

2104 5113 2262 5181 ὕψος
2301 5112 2413 5180 τῆς
2468 5115 2890 5186 ἀγαθουργίας,
2942 5112 2989 5171 ὦ
3020 5117 3265 5172 πάντων
3313 5119 3553 5188 ἀγαθῶν
3580 5120 3684 5187 ἀρ-

2099 5206 2249 5275 χηγὲ
2268 5206 2366 5260 καὶ
2400 5207 2611 5277 Πάτερ,
2654 5208 2783 5262 καθ’
2804 5209 3024 5263 ἑαυτὸν
3049 5209 3447 5280 λογιζόμενος,
3477 5213 3683 5281 ὑμνεί-

2096 5315 2195 5363 τω,
2228 5298 2315 5352 ότι
2354 5299 2421 5354 τὸ
2449 5300 2596 5370 ἐμὸν
2620 5300 2959 5370 ἐπέραστον
2999 5302 3235 5367 τέκνον,
3269 5302 3389 5356 σὸν
3442 5293 3680 5374 γεγονέ-

2095 5404 2194 5442 ναι
2231 5389 2642 5457 κατηείωσας’
2682 5391 2771 5445 ὅτι
2822 5392 2929 5446 τὸν
2982 5391 3099 5447 τῶν
3140 5391 3301 5462 ἐμῶν
3324 5395 3684 5448 ,νουθεσιῶν

2095 5480 2350 5548 καρπόν,
2404 5478 2500 5535 οἷα
2554 5481 2631 5551 δὴ
2693 5482 3008 5552 κειμήλιον
3054 5482 3217 5537 θεῖον
3240 5486 3329 5551 εις
3358 5484 3683 5552 οὐρανίους

2103 5572 2345 5642 ἀνάγεις
2392 5574 2743 5642 ἀποθήκας·
2794 5574 2885 5629 ὅτι
2937 5576 3046 5629 τὸν
3093 5576 3241 5646 ἐμὸν
3306 5578 3685 5647 μαργαρίτην

2101 5663 2276 5726 ἀξιον
2306 5665 2548 5734 ἔκρινας
2596 5666 2703 5721 τοῦ
2736 5683 2852 5722 σου
2881 5669 3209 5747 στεφάνου,
3252 5671 3352 5726 καὶ
3398 5670 3686 5744 ἀγγέλοις

405 5752 743 5821 -συνιῖψας,
774 5755 870 5808 καὶ
900 5754 1268 5820 ἀποστόλοις
1286 5752 1381 5807 καὶ
1398 5753 1701 5822 μάρτυσιν
1732 5753 2080 5822 ὁμόσκηνον
2105 5755 2444 5823 ἀπέδειξας.

499 5867 543 5897 ⁸⁷
572 5864 717 5922 Psal.
744 5883 854 5933 xu,
877 5868 991 5923 2-5.
1073 5870 1117 5902 “
1146 5870 1300 5925 Cant.
1336 5884 1374 5935 ι,
1406 5869 1459 5923 2.

1556 5871 1599 5903 "
1629 5868 1786 5931 Cant,
1820 5886 1897 5932 ιιι.
1927 5868 1981 5925 9.
2067 5871 2113 5900 ²⁰
2152 5873 2277 5926 ibid.
2316 5875 2398 5930 10.
