4008 6652
351 395 451 460 371
1548 396 1842 458 NlCET/E
1878 392 2405 460 PAPHLAGONIS
3491 378 3595 440 37?.

347 518 489 580 suis.
517 515 665 582 Fide,
699 515 804 585 Spe
832 524 886 570 et
904 514 1181 570 Charitate
1205 532 1219 582 ;
1247 513 1511 584 Ripsimia
1545 524 1599 569 et
1623 514 1912 578 Febronia,

2026 529 2113 582 m;
2144 511 2278 580 (77),
2315 505 2694 576 Λίκαθερίνης,
2727 502 2924 570 Σοφῖας
2956 497 3090 570 (78),
3151 496 3245 550 καὶ
3279 493 3386 548 τῶν
3420 494 3591 562 θυγαο

353 610 582 678 aliaeque
641 617 765 679 post
804 621 917 664 eas.
972 605 1084 661 Has
1134 621 1328 662 omnes
1384 606 1579 676 partim
1638 604 1918 674 superavit

2026 603 2187 673 εέρων
2237 600 2428 669 αὐτῆς,
2484 599 2750 658 Πίστεως,
2815 593 2992 660 λέγω,
3053 590 3148 644 καὶ
3210 587 3455 649 Ἐλπίδος
3500 587 3594 638 καὶ

349 701 663 761 Anastasis.
693 699 885 770 partim
911 715 1040 754 vero
1068 699 1321 768 aequavit.
1357 697 1614 779 Quinimo
1645 697 1919 767 superavit

353 809 572 859 omnes,
604 793 706 847 nisi
744 793 920 848 audax
944 792 1094 846 dictu
1121 792 1264 846 istud
1305 792 1587 856 videatur;
1640 791 1760 846 illas
1793 791 1916 860 qui-

355 886 477 942 dem
507 902 629 957 quae
655 886 758 941 ﬁde
810 885 1092 956 magniﬁce
1133 885 1340 940 clarere
1382 885 1697 948 creduntur,
1740 884 1918 938 chari-

357 979 484 1036 tatis
525 976 856 1048 perfectione
900 975 1246 1045 praacellens;
1297 976 1415 1030 illas
1451 991 1578 1029 vero
1625 991 1746 1044 qum
1790 976 1918 1028 cha-

356 1069 533 1128 ritatis
561 1066 892 1138 perfectione
921 1067 1230 1135 splendent,
1295 1069 1420 1122 ﬁdei
1450 1068 1771 1123 excellentia
1804 1068 1922 1120 vin-

357 1176 506 1218 ceris.
538 1163 615 1216 Ac
652 1160 699 1216 si
732 1161 882 1225 libet,
921 1159 1024 1214 ﬁde
1047 1160 1265 1229 quidem
1309 1161 1506 1216 eximie
1543 1159 1803 1230 perfecta,
1839 1160 1922 1214 his

357 1269 481 1322 qua:
553 1252 656 1307 ﬁde
719 1253 1254 1306 consummationem
1323 1255 1592 1320 habeant;
1643 1253 1923 1309 charitatis

359 1359 486 1398 vero
514 1345 837 1399 excellentia
873 1344 982 1398 illis
1005 1353 1247 1413 praestat,
1278 1360 1400 1414 quae
1432 1346 1642 1399 sincere
1660 1345 1925 1399 charitate

357 1432 605 1503 diligant.
636 1432 860 1489 Cunctis
881 1448 1046 1505 porro
1078 1435 1285 1490 sanctis
1335 1436 1751 1490 adolescentulis
1782 1436 1924 1489 divi-

360 1537 552 1576 narum
586 1524 883 1593 gratiarum
918 1523 1138 1579 cumulo
1171 1531 1379 1578 tantum
1402 1525 1624 1588 eminet.
1660 1535 1922 1587 quantum

361 1610 608 1680 pluribus
630 1612 1116 1682 acerbioribusque
1163 1627 1263 1682 pro
1295 1612 1500 1668 Christi
1557 1613 1845 1669 dilectione
1867 1613 1927 1666 ﬁ-

2026 694 2275 764 ’Λγάπης
2297 709 2312 724 ·
2362 689 2644 761 Ῥιψιμίας
2673 685 2809 756 (79),
2844 682 3175 753 Φεὸρωνίας,
3209 680 3303 732 καὶ
3332 679 3440 764 τῶν
3471 680 3597 730 Erro-

2022 785 2197 855 μένων
2229 762 2441 844 αὐταῖς.
2500 779 2715 831 Τούτων
2754 773 2946 829 πασῶν
2989 770 3317 825 Ἀναστασία
3339 809 3354 832 ,
3392 762 3466 822 ὧν
3500 767 3598 836 μὲν

2019 873 2350 945 ὑπερέσχεν,
2378 863 2451 924 ὧν
2475 869 2532 922 δὲ
2560 868 2701 920 κο.τά
2738 864 2936 919 ταυτὸν
2985 861 3210 934 ἠνέχθη.
3249 859 3466 914 Μᾶλλον
3514 859 3593 921 δὲ,

2021 963 2212 1020 πασῶν
2243 961 2563 1033 ὑπερέσχεν,
2593 960 2642 1011 εἱ
2675 957 2748 1028 μὴ
2777 954 3052 1025 τολμηρὸν
3103 955 3278 1004 εἰπεῖν
3303 967 3316 981 ·
3349 949 3456 1002 τῶν
3498 950 3596 1019 μὲν

2022 1059 2081 1110 ὲν
2108 1056 2290 1109 πίστει
2318 1051 2586 1123 λαμπρῶς
2617 1049 2926 1118 εὐδοκιμεῖν
2948 1042 3374 1112 πιστευομένων,
3401 1043 3464 1111 τῇ
3497 1041 3596 1107 τῆς

2021 1148 2241 1218 ἀγάπης
2269 1141 2653 1216 ύπερὸαλοῦσα
2695 1139 2996 1208 τελειότητι
3024 1154 3038 1168 ·
3086 1136 3188 1198 τὰς
3222 1137 3280 1187 ἐν
3321 1133 3506 1202 ἀγάπῃ
3539 1131 3597 1184 δὲ

2022 1235 2316 1305 τελειότητι
2359 1232 2754 1303 κλεῖζομένας,
2789 1231 2856 1299 τῇ
2910 1226 3183 1298 ὑπερσολῇ
3235 1225 3334 1293 τῆς
3363 1223 3598 1279 πίστεως

2023 1335 2316 1403 νικήσασα.
2355 1331 2416 1384 Εί
2451 1329 2627 1400 βούλει
2657 1326 2735 1390 δὲ,
2805 1326 2985 1377 πίστει
3032 1324 3130 1393 μὲν
3187 1318 3481 1391 ύπερτελεῖι
3499 1317 3598 1379 τάς

2025 1431 2082 1481 ὲν
2111 1426 2290 1479 πίστει
2323 1420 2750 1491 τετελειωμέναις
2771 1459 2786 1484 ,
2820 1417 3094 1488 ὑπερϐολῇ
3124 1416 3181 1469 δὲ
3234 1413 3454 1482 ἀγάπης
3499 1410 3600 1473 τὰς

2025 1516 2344 1590 ἀκραιφνῶς
2413 1512 2714 1583 άγαπώσας
2790 1509 3204 1580 παρευδοκιμεῖ.
3284 1503 3481 1560 Πασῶν
3542 1502 3599 1554 δὲ

2025 1609 2280 1662 νεανίδων
2322 1605 2495 1674 ἁγίων
2528 1604 2670 1657 κατὰ
2704 1601 2962 1656 τοσοῦτον
3010 1601 3127 1663 ταῖς
3159 1598 3332 1659 θείαις
3381 1595 3600 1666 χάρισιν

362 1698 538 1768 deque
561 1699 841 1769 perfuncta
874 1703 1177 1769 tormentis,
1207 1704 1484 1758 acerbiore
1505 1719 1630 1759 casu
1663 1704 1918 1758 adversa-

2026 1702 2363 1774 ὑπέρκειται,
2412 1696 2532 1750 καθ’
2560 1698 2681 1749 ὅσον
2715 1694 2811 1748 καὶ
2843 1692 3050 1746 πλείοσι
3097 1690 3190 1743 καὶ
3243 1688 3602 1778 δριμυτέρᾲαις

361 1789 503 1844 rium
533 1790 693 1847 elisit.

432 1969 561 2036 Sed,
610 1986 643 2026 ο
679 1973 880 2041 puella,
919 1988 1144 2042 prorsus
1214 1974 1563 2029 immaculata
1619 1991 1683 2030 ac
1743 1975 1917 2031 incor-

359 2063 553 2130 rupta!
580 2077 701 2131 quae
739 2063 892 2132 prius
924 2064 1138 2133 quidem
1176 2065 1432 2135 religiose
1477 2081 1755 2131 exercens,
1801 2083 1921 2123 cor-

359 2153 513 2224 poris
541 2153 672 2208 vitia
705 2169 769 2209 ac
800 2155 1052 2210 libidines
1077 2157 1415 2211 mortiﬁcasti
1436 2158 1587 2228 (imo,
1623 2174 1687 2211 ne
1706 2169 1920 2213 exstare

360 2244 578 2312 quidem
637 2244 690 2298 in
742 2253 792 2300 te
820 2261 847 2299 a
883 2245 1151 2315 principio
1181 2247 1282 2302 ista
1343 2248 1659 2317 permisisti)
1694 2264 1926 2319 quaeque

358 2333 554 2389 deinde
583 2336 900 2391 certaminis
931 2337 1202 2406 palaestra,
1251 2339 1364 2408 ipsa
1397 2354 1612 2409 quoque
1660 2341 1926 2406 membra,

358 2424 415 2482 in
443 2426 646 2495 quibus
671 2427 780 2484 illis
811 2427 994 2497 vigere
1021 2439 1397 2496 comparatum
1431 2439 1538 2494 est,
1570 2440 1754 2500 putata
1789 2432 1924 2485 strii-

359 2515 478 2572 sisti
513 2526 572 2571 ut
599 2518 700 2573 soli
728 2517 946 2574 Christo
978 2519 1032 2572 in
1093 2517 1298 2587 Spiritu
1358 2521 1602 2575 viveres!
1653 2521 1925 2576 OChristi

361 2622 562 2676 sponsa
606 2619 660 2664 et
710 2624 866 2664 soror
899 2619 952 2664 et
983 2619 1155 2665 mater
1175 2613 1252 2664 “!
1315 2613 1705 2678 castissimam,
1748 2614 1927 2683 quoad

361 2693 509 2756 licet,
562 2694 656 2748 Dei
712 2694 938 2756 Matrem
968 2694 1216 2762 imitata;
1261 2710 1326 2752 ac
1384 2698 1571 2752 animo
1620 2698 1838 2768 quidem
1871 2699 1927 2754 in

360 2799 528 2840 carne
568 2785 683 2853 ipsa
747 2801 964 2856 quoque
1017 2799 1382 2859 praepurgata,
1440 2791 1694 2860 relutque
1738 2793 1925 2846 divino

359 2875 595 2945 quodam
625 2877 832 2932 semine
847 2879 1123 2948 conceptis
1147 2879 1384 2949 Spiritus
1416 2881 1693 2952 primitiis,
1728 2883 1926 2938 variis-

359 2982 470 3036 que
517 2977 739 3038 propter
772 2969 924 3024 illum
951 2971 1238 3028 tormentis
1266 2972 1448 3038 enixa,
1481 2988 1544 3028 ac
1575 2989 1697 3043 quae
1717 2973 1925 3043 Spiritu

360 3057 552 3112 salutis
606 3057 827 3114 Christo
879 3059 1110 3116 Domino
1152 3062 1208 3116 in
1267 3063 1434 3119 corde
1460 3066 1662 3132 genito,
1698 3067 1764 3120 ad
1797 3083 1920 3122 cum
1953 3060 1996 3118 C

361 3150 606 3220 gaudens
643 3153 1044 3222 commigrasti.

429 3243 657 3300 Osexus
692 3260 879 3301 sexum
916 3262 1132 3303 omnem
1192 3249 1394 3305 eximie
1425 3250 1646 3306 vincens
1677 3271 1689 3305 :
1759 3269 1926 3308 sexus

361 3335 647 3392 muliebris
701 3338 753 3392 in
784 3338 924 3393 virili
980 3355 1166 3397 sensu.
1218 3341 1476 3407 Quinimo
1521 3352 1714 3398 natura
1771 3346 1928 3400 indo-

361 3428 551 3498 iesque
576 3429 816 3486 hominis
861 3432 917 3486 in
949 3434 1190 3502 angelica
1245 3435 1468 3492 elucens
1523 3447 1704 3492 mente
1763 3446 1929 3508 atque

359 3521 583 3585 virtute,
612 3536 734 3590 quae
767 3521 899 3591 igni,
938 3521 1085 3578 ferro
1115 3526 1407 3596 omnisque
1451 3530 1668 3596 generis
1698 3539 1929 3585 tormen-

360 3613 432 3668 tis
458 3627 791 3683 congressa;
845 3630 912 3672 ac
937 3630 1061 3672 cum
1113 3627 1300 3687 postea
1348 3620 1610 3677 abscissae
1653 3637 1925 3690 mammae,

362 3716 672 3772 manusque
706 3717 771 3758 ac
806 3703 993 3774 pedes,
1019 3706 1304 3776 evulsique
1346 3708 1579 3778 dentes;
1623 3725 1688 3766 ac
1747 3711 1926 3781 lingua

361 3793 621 3863 primum,
659 3802 771 3848 tum
796 3797 977 3850 cervix
1002 3811 1141 3852 caesa
1172 3805 1336 3862 esset,
1365 3799 1638 3855 Christum
1667 3815 1770 3856 non
1796 3817 1926 3872 pro-

361 3883 568 3952 didisti,
590 3897 684 3941 aut
717 3901 838 3956 qure
872 3896 956 3942 est
979 3887 1032 3942 in
1073 3888 1247 3953 illum,
1275 3890 1430 3944 ﬁdem
1463 3892 1684 3946 mentita
1711 3908 1791 3959 es,
1833 3908 1926 3948 ac-

359 3973 482 4044 cipe
533 3982 722 4031 tenues
771 3975 870 4033 has
915 3993 1232 4034 sermonum
1282 3981 1572 4050 primitias.
1607 3982 1750 4050 Quid
1781 3986 1926 4041 enim

359 4066 476 4121 haec
511 4068 688 4123 oratio
718 4068 785 4124 ad
819 4078 965 4124 tuam
1016 4071 1295 4138 virtutem,
1351 4089 1514 4143 quam
1553 4074 1777 4131 laudant
1825 4092 1926 4133 an-

358 4157 601 4228 gelorum
632 4161 796 4224 acies,
831 4161 1213 4234 celebrantque
1252 4165 1500 4220 caelestes
1526 4182 1718 4225 omnes
1763 4167 1926 4225 Pote-

357 4250 561 4304 states?
588 4251 844 4306 Animum
890 4261 1091 4318 tamen,
1145 4269 1178 4309 ο
1220 4254 1732 4328 incorruptissima!
1766 4275 1922 4316 acce-

357 4352 509 4414 ptum
544 4344 774 4410 habens,
798 4348 1070 4402 exsuscita
1114 4364 1213 4404 nos
1247 4349 1313 4404 de
1340 4349 1458 4405 lacu
1493 4353 1728 4408 miseria:
1757 4360 1812 4409 et
1856 4353 1924 4408 de

357 4435 471 4488 luto
500 4433 672 4498 faecis,
717 4445 776 4490 ut
804 4451 925 4505 quae
962 4435 1312 4494 Resurrectio
1349 4441 1427 4496 sis
1481 4456 1544 4498 ac
1575 4443 1801 4520 dicaris,
1837 4459 1921 4499 ve-

356 4541 585 4596 ramque
623 4525 1097 4584 Resurrectionem
1117 4530 1394 4586 Christum
1435 4533 1489 4586 in
1525 4542 1577 4590 te
1624 4535 1920 4603 refeceris;

354 4627 410 4672 et
455 4626 635 4672 statue
691 4634 858 4688 super
911 4631 1116 4690 petram
1162 4623 1350 4691 pedes,
1395 4623 1671 4696 animique
1704 4643 1924 4697 gressus

357 4707 516 4763 nobis
556 4707 762 4780 dirige;
824 4717 881 4762 ut
905 4718 997 4772 tuo
1022 4711 1244 4766 numine
1273 4713 1556 4769 meliorem
1587 4717 1752 4772 vitam
1785 4718 1922 4773 divi-

355 4798 678 4868 uioremque
727 4801 1179 4855 resurrectionem
1227 4806 1530 4871 consecuti,
1604 4808 1829 4878 gloriam
1866 4820 1919 4866 et

353 4892 568 4948 raudem
601 4902 654 4947 et
681 4893 976 4962 gratiarum
1004 4896 1274 4952 actionem
1323 4899 1731 4968 submittamus,
1771 4902 1916 4960 Patri

352 4994 405 5041 at
438 4983 576 5042 Filio
604 4996 660 5044 et
688 4984 914 5057 Spiritui
959 4999 1172 5055 sancto,
1228 4989 1282 5045 in
1320 4993 1519 5048 saecula
1565 4997 1914 5053 saeculorum.

349 5079 546 5135 Amen.

420 5186 465 5216 "
491 5183 677 5241 Matth.
706 5201 805 5251 xu,
837 5185 927 5242 50.

422 5280 536 5345 (77)
615 5279 893 5355 ξἰρήνης.
925 5281 1052 5355 Duae
1075 5281 1260 5355 Irenes
1284 5281 1488 5339 Graecis
1516 5285 1720 5355 pariter
1770 5285 1916 5340 Lati-

355 5352 548 5424 nisque
577 5351 777 5424 tabulis
803 5352 1085 5424 celebres;
1117 5354 1218 5409 etsi
1269 5355 1396 5424 illis,
1426 5351 1620 5424 parum
1654 5356 1916 5410 varianti-

349 5422 476 5484 bus,
500 5438 602 5476 nec
632 5421 798 5491 liquet
826 5423 912 5476 cui
940 5423 1281 5490 potissimum
1311 5440 1340 5478 a
1374 5421 1683 5479 Justiuiano
1733 5434 1915 5480 erecta

350 5491 582 5564 celebris
611 5491 698 5564 illa
725 5502 926 5564 sancta:
959 5493 1142 5548 [renes
1195 5495 1440 5554 basilica,
1500 5497 1658 5564 cujus
1720 5495 1918 5550 Proco-

347 5561 475 5634 pius
503 5563 748 5616 meminit
784 5563 974 5628 libror,
1007 5579 1070 5617 ac
1102 5580 1225 5620 cum
1257 5581 1362 5634 qua
1402 5561 1617 5622 Nicetas
1659 5567 1744 5621 hic
1775 5571 1919 5620 Aua-

348 5633 570 5686 stasiam
603 5642 902 5699 comparat.

422 5699 530 5775 (7?)
559 5701 801 5775 Σορίας.
855 5704 1067 5774 Sophia:
1090 5716 1142 5759 et
1175 5707 1403 5760 ﬁliarum
1447 5717 1744 5775 martyrum
1773 5707 1913 5761 diem

346 5770 582 5825 natalem
624 5770 794 5826 Graeci
833 5770 1080 5828 recolunt
1116 5779 1176 5830 l7
1215 5770 1746 5842 Septetnbriszllis
1803 5779 1915 5832 die-

348 5842 452 5899 bus
479 5842 781 5910 ascriptum
812 5843 1067 5900 Romanae
1092 5848 1307 5901 tabulae.

2026 1795 2144 1857 ταῖς
2176 1791 2318 1862 ὑπὲρ
2345 1789 2564 1858 ἀγάπης
2586 1784 2821 1858 Χριστοῦ
2847 1783 2941 1837 καὶ
2969 1783 3206 1844 πίστεως
3229 1775 3600 1850 περιπεσοῦσα

2022 1883 2336 1954 τιμωρίαις,
2366 1879 2690 1951 δριμύτερον
2715 1875 3020 1946 κατέρραξε
3045 1872 3136 1926 τὸν
3166 1869 3596 1938 ἀνταγωνιστήν.

2108 1973 2269 2038 Ἀλλ’,
2311 1967 2355 2026 ὧ
2386 1971 2524 2042 κόρη
2559 1969 2867 2038 πανάμωμε
2906 1965 3001 2019 καὶ
3056 1962 3392 2033 πανάφθορε,
3531 1961 3598 2031 τῇ

2025 2067 2255 2138 ἀσκήσει
2305 2067 2402 2136 μὲν
2446 2064 2711 2134 πρότερον
2739 2060 2810 2112 τά
2835 2058 2981 2129 πάθη
3011 2056 3335 2126 νεκρὼσασα
3367 2052 3461 2108 τοῦ
3492 2051 3602 2104 σώ-

2030 2175 2233 2232 ματος·
2277 2157 2476 2228 μᾶλλον
2514 2155 2590 2220 δὲ,
2635 2153 2767 2225 μηδὲ
2806 2151 2907 2222 τὴν
2962 2148 3138 2220 ἀρχὴν
3184 2149 3242 2200 ἐν
3297 2145 3381 2199 σοὶ
3428 2143 3602 2198 ταῦτα

2028 2248 2426 2320 συγχωρήσασα
2447 2258 2464 2274 ·
2495 2247 2560 2315 τῇ
2607 2243 2829 2314 ἀθλήσει
2852 2241 2909 2294 δὲ
2937 2239 3000 2294 τὸ
3026 2237 3298 2308 δεύτερον,
3335 2236 3428 2290 καὶ
3460 2234 3602 2288 αύτά

2024 2343 2094 2396 τὰ
2122 2340 2278 2411 μέλη,
2308 2334 2390 2403 οἷς
2417 2334 2758 2406 ἐνεργεῖσθαι
2809 2333 3022 2403 πέφυκε
3074 2329 3142 2385 τά
3171 2328 3342 2398 πάθη,
3381 2343 3602 2397 περιαι-

2027 2432 2267 2500 ρεθεῖσα,
2303 2430 2390 2482 ἵνα
2431 2428 2578 2498 μόνῳ
2601 2426 2777 2496 ζήσῃς
2807 2425 2866 2477 ὲν
2918 2420 3187 2490 πνεύματι
3239 2416 3480 2488 Χριστῷ.
3537 2416 3604 2468 Ὠ

2025 2523 2213 2594 νύμφη
2246 2518 2486 2592 Χριστοῦ
2526 2520 2619 2572 καὶ
2646 2515 2849 2585 ἀδελφὴ
2885 2515 2980 2568 καὶ
3019 2515 3224 2584 μήτηρ,
3256 2510 3408 2580 ήτὴν
3431 2509 3602 2578 ὑπέρ-

2026 2632 2208 2686 αγνον,
2253 2614 2330 2677 ὡς
2375 2611 2622 2674 δυνατὸν,
2673 2608 2994 2679 Θεομήτορα
3047 2603 3447 2675 μιμησαμένη·
3507 2599 3606 2654 καὶ

2027 2709 2204 2779 ψυχὴν
2234 2707 2333 2777 μὲν
2379 2703 2476 2759 καὶ
2507 2703 2686 2774 σάρκα
2715 2700 2793 2771 τῷ
2822 2698 3100 2768 Πνεύματι
3149 2695 3244 2748 καὶ
3278 2691 3416 2762 αὑτὴ
3471 2707 3606 2760 προ-

2026 2799 2383 2870 καθαρθεῖσα,
2419 2797 2519 2868 τὴν
2553 2793 2810 2864 ἀπαρχὴν
2857 2790 2914 2845 δὲ
2943 2789 3039 2844 τοῦ
3075 2786 3392 2858 Πνεύματος
3420 2779 3508 2838 οἷα
3537 2783 3602 2854 δὴ

2029 2892 2252 2964 σπέρμα
2284 2890 2427 2944 θεῖον
2455 2885 2758 2942 ὲλλαὸοῦσα
2782 2901 2795 2914 ·
2843 2883 2938 2937 καὶ
2973 2882 3062 2935 διὰ
3103 2879 3211 2934 τῶν
3256 2878 3392 2947 ὑπὲρ
3436 2873 3601 2933 αὑτοῦ

2033 2986 2131 3057 μὲν
2159 2982 2420 3037 ποικίλων
2448 2980 2759 3048 ὠδινήσασα
2789 2974 3073 3046 τιμωριῶν
3096 3015 3110 3039 ,
3140 2971 3364 3041 πνεῦμα
3406 2968 3463 3022 δὲ
3498 2984 3604 3020 σω-

2029 3078 2216 3149 τηρίου
2245 3074 2480 3149 Χριστὸν
2521 3071 2727 3141 Κύριον
2755 3070 2812 3123 ἐν
2843 3067 3042 3139 καρδίᾳ
3089 3065 3419 3134 γεννήσασα,
3465 3060 3603 3130 πρὸς

2029 3168 2088 3223 ὃν
2116 3166 2384 3237 χαίρουσα
2412 3163 2698 3235 μετέστης.

2102 3260 2167 3311 Ὢ
2197 3257 2359 3327 φύσις
2393 3249 2848 3324 ὑπερφυεστάτη·
2886 3248 3048 3317 φύσις
3100 3243 3359 3316 γυναικὸς
3398 3245 3459 3296 ὲν
3508 3242 3600 3295 ἀν-

2027 3351 2192 3422 δρείῳ
2237 3347 2579 3419 φρονήματι·
2636 3343 2834 3414 μᾶλλον
2880 3340 2956 3405 δὲ,
3007 3339 3167 3410 φύσις
3219 3335 3508 3405 ἀνθρώπου
3545 3335 3607 3385 ὲν

2028 3435 2294 3506 ἀγγελικῇ
2323 3432 2530 3502 διανοίᾳ
2554 3429 2909 3501 καθορωμένη
2955 3428 3051 3482 καὶ
3087 3426 3351 3495 δυνάμει·
3383 3425 3417 3494 ή
3468 3422 3604 3493 πυρὶ⁵

2030 3528 2125 3582 καὶ
2157 3526 2358 3597 σιδήρῳ
2404 3524 2499 3579 καὶ
2529 3522 2890 3584 παντοδαποῖς
2929 3520 3284 3590 μηχανήμασι
3343 3516 3605 3586 περιϐλη-

2030 3621 2221 3675 θεῖσα·
2259 3616 2378 3673 εἶτα
2436 3616 2673 3688 μαστοὺς
2725 3614 3114 3686 ἀφαιρεθεῖσα·
3173 3612 3362 3683 χεῖράς
3393 3628 3451 3665 τε
3510 3611 3604 3664 καὶ

2029 3712 2217 3777 πόδας,
2261 3712 2358 3769 καὶ
2401 3711 2528 3774 τοὺς
2568 3709 2786 3770 ὀδόντας
2831 3708 3156 3761 ἐκκοπεῖσα·
3204 3705 3454 3774 γλῶσσαν
3504 3703 3604 3773 μὲν

2031 3806 2268 3876 πρῶτον,
2303 3804 2494 3857 ἔπειτα
2519 3801 2617 3872 τὴν
2647 3799 2886 3869 κεφαλὴν
2914 3798 3183 3868 τμηθεῖσα
3204 3813 3220 3831 ο
3250 3795 3344 3849 τὸν
3380 3795 3437 3850 δὲ
3466 3795 3508 3848 Χ
3519 3811 3603 3866 ρι-

2031 3896 2155 3951 στὸν
2179 3895 2241 3950 ού
2274 3893 2573 3965 προεμένη,
2609 3891 2729 3944 οὐδὲ
2758 3889 2854 3960 τὴν
2883 3890 2960 3951 εἰς
2990 3889 3150 3944 αὑτὸν
3184 3887 3366 3940 πίστιν
3393 3886 3602 3954 ψευσα-

2031 3987 2191 4060 μένη,
2231 3987 2378 4053 δέξαι
2402 3984 2500 4056 τὴν
2535 3981 2736 4053 μικρὰν
2766 3981 2875 4035 τῶν
2898 3981 3070 4050 λόγων
3093 3980 3362 4050 ἀπαρχήν.
3399 3977 3467 4030 Τί
3493 3977 3608 4047 γάρ

2028 4077 2181 4146 οὗτος
2209 4082 2237 4134 ὁ
2264 4079 2422 4147 λόγος
2457 4077 2594 4150 πρὸς
2624 4077 2723 4148 τὴν
2753 4079 2852 4149 σήν
2879 4077 3028 4130 ἐστιν
3051 4073 3270 4145 ἀρετὴν,
3304 4074 3370 4141 ἢν
3427 4073 3592 4140 ἀγγέ-

2026 4174 2133 4227 λων
2161 4170 2389 4242 ὑμνοῦσι
2419 4168 2665 4240 στρατιαὶ
2687 4208 2702 4234 ,
2735 4169 2903 4222 πᾶσαι
2924 4166 3033 4220 τῶν
3059 4166 3301 4236 οὐρανῶν
3333 4166 3602 4236 Δυνάμεις

2027 4261 2368 4328 ὲπαινοῦσιν;
2386 4260 2546 4315 Ἀλλά
2561 4261 2658 4330 τὴν
2678 4259 2954 4330 πρόθεσιν,
2980 4253 3024 4314 ὦ
3037 4258 3411 4328 πανακήρατε,
3424 4274 3598 4329 προσ-

2024 4356 2299 4428 ηκαμένη,
2329 4353 2632 4423 ἀνάστησον
2674 4352 2822 4428 ήμᾶς
2869 4353 2934 4405 ὲκ
2965 4351 3169 4406 λάκκου
3197 4350 3596 4422 ταλαιπωρίας,

2026 4447 2122 4504 καὶ
2154 4445 2261 4500 ἀπὸ
2290 4443 2464 4514 πηλοῦ
2502 4442 2666 4506 ἰλύος,
2702 4441 2778 4506 ὡς
2797 4441 3092 4506 ἀνάστασις
3117 4439 3250 4495 οὖσα
3274 4441 3370 4495 καὶ
3398 4441 3598 4497 καλουμ-

2027 4540 2201 4611 μένη·
2237 4536 2334 4591 καὶ
2380 4535 2479 4605 τὴν
2510 4535 2676 4598 ὅντως
2728 4535 3019 4590 ἀνάστασιν
3073 4535 3132 4587 ὲν
3183 4537 3267 4590 σοὶ
3321 4533 3600 4602 μυστικῶς

2023 4629 2398 4694 ἀναπαύουσα,
2427 4626 2661 4698 Χριστόν
2687 4641 2700 4656 ·
2733 4626 2827 4681 καὶ
2865 4625 3061 4696 στῆσον
3098 4625 3190 4678 ἐπὶ
3227 4624 3436 4693 πέτραν
3471 4624 3600 4686 τοὺς

2025 4724 2211 4790 πόδας,
2241 4721 2336 4775 καὶ
2364 4719 2694 4774 κατεύθυνον
2720 4719 2851 4789 ἡμῖν
2877 4718 2974 4788 τῆς
3003 4717 3180 4787 ψυχῆς
3202 4717 3271 4769 τὰ
3320 4714 3598 4784 διαδήμα-

2024 4833 2122 4872 τα·
2148 4817 2294 4877 ὅπως
2323 4813 2410 4868 διὰ
2442 4811 2534 4866 σοῦ
2588 4812 2732 4883 ζωῆς
2759 4812 3067 4882 κρείττονος
3118 4809 3212 4864 καὶ
3249 4809 3600 4870 ἀναστάσεως

2024 4906 2382 4977 τετυχηκότες
2413 4901 2710 4975 θειοτέρας,
2757 4902 2914 4967 δόξαν
2943 4903 3039 4957 καὶ
3072 4897 3220 4956 αἶνον
3256 4902 3351 4956 καὶ
3379 4901 3601 4971 εὐχαρι-

2027 5002 2179 5053 στίαν
2207 4996 2641 5066 ἀναπέμψωμεν,
2669 4993 2746 5066 τῷ
2779 4994 2955 5067 Πατρὶ
2991 4993 3086 5050 καὶ
3111 4995 3190 5065 τῷ
3243 4994 3354 5065 Υίῷ
3406 4995 3500 5048 καὶ
3521 4993 3600 5064 τῷ

2025 5089 2167 5158 ἁγίῳ
2193 5086 2490 5155 Πνεύματι,
2523 5085 2604 5148 εἰς
2635 5083 2761 5148 τοῦς
2787 5083 2988 5146 αἰῶνας
3015 5083 3121 5136 τῶν
3148 5082 3377 5138 αἰώνων.
3397 5083 3595 5154 Ἀμήν.

2091 5287 2223 5360 (S9).
2262 5288 2581 5360 Ῥιψνμίας.
2608 5289 2887 5358 Ιὶίρεὶηιὶπ
2922 5290 3148 5360 virginis
3191 5305 3360 5346 sacrae
3392 5290 3444 5343 iu
3498 5291 3598 5344 Ar-

2021 5359 2198 5412 menia
2223 5359 2544 5432 memoriam
2571 5360 2672 5432 sub
2700 5360 2935 5432 Tiridate
2962 5359 3104 5432 rege,
3141 5378 3168 5415 a
3192 5377 3301 5428 quo
3331 5363 3448 5432 eius
3480 5361 3600 5413 frn-

2020 5436 2132 5500 stra
2157 5436 2372 5500 tentata
2388 5429 2647 5500 pudicitia
2685 5440 2787 5494 est,
2820 5429 2994 5484 Latini
3029 5429 3280 5485 recolunt
3308 5432 3378 5485 29
3420 5430 3596 5500 Sept-.,

2020 5497 2189 5569 Graeci
2221 5496 2307 5569 ὅθ.
2336 5498 2615 5553 Febroniae
2637 5499 2762 5553 item
2803 5501 3028 5569 virginis
3063 5503 3432 5556 celeberrima:
3461 5496 3595 5556 uiri-

2025 5583 2131 5635 que
2161 5567 2232 5621 25
2259 5566 2402 5621 Junii
2435 5587 2447 5620 :
2489 5578 2549 5622 ut
2591 5569 2731 5622 sicut
2774 5566 3148 5625 nobilissimas
3189 5582 3468 5625 matronas
3504 5587 3594 5622 vc-

2026 5639 2162 5710 teris,
2189 5639 2518 5710 testamenti,
2567 5641 2646 5694 sic
2701 5651 2754 5692 et
2790 5641 2913 5695 novi
2966 5642 3297 5698 clarissimas
3329 5642 3596 5710 (Byzantii

2019 5709 2278 5780 niaxime)
2308 5709 2566 5766 mulieres
2612 5710 2904 5780 adduxisse
2943 5711 3157 5768 Nicetes
3198 5709 3469 5780 putandus
3503 5714 3579 5766 sit?

2022 5788 2078 5850 ut
2106 5779 2361 5850 omnibus
2392 5793 2572 5850 parem
2609 5789 2701 5832 aut
2734 5779 2843 5832 fere
2881 5779 3217 5850 superiorem
3250 5782 3594 5850 pt'atdicandu

2019 5848 2391 5912 Anastasiam,
2421 5848 2749 5904 luculentum
2780 5851 2832 5904 ei
2859 5848 3167 5905 encomium
3203 5848 3430 5908 te‘xeret.
