4008 6606
3534 405 3647 469 37L

390 423 491 489 373
1163 420 1445 482 ORATIO
1478 418 1705 483 XVIII.
1734 444 1805 454 --
1863 417 1945 479 IN
1966 413 2281 477 LAUDEM
2316 413 2384 474 S.
2425 410 2860 474 EUSTATIIII.

2452 556 2459 561 .
2568 554 2923 591 ..!”..!...E
3624 561 3639 593 Ι

422 560 2584 604 ww

1000 717 1187 832 AD
1298 710 2172 834 SANCTORUM
2263 708 3038 832 EUSTATHII

1501 916 1931 981 TREOPISTES
1984 922 2071 980 AC
2123 922 2525 983 LIBERORUM

816 1068 1004 1129 ACTA
1042 1067 1381 1140 ANTIQUA
1438 1070 1862 1142 EORUMQUE
1927 1058 2477 1131 LAUDATIONEM
2550 1066 2823 1129 NICETA
2861 1067 3223 1129 AUCTORE.

1144 1224 1329 1314 FR.
1407 1222 2099 1315 COMBEFISII
2179 1219 2751 1313 MONITUM
2808 1204 2879 1304 ⁴.

464 1403 651 1458 Sancti
678 1402 946 1458 Eustathii
976 1412 1033 1457 et
1074 1401 1351 1459 sociorum
1384 1408 1708 1468 martyrum,
1748 1411 1869 1466 quae
1902 1395 2165 1466 produco,
2203 1396 2320 1465 ipsa
2357 1411 2480 1450 vene
2509 1395 2639 1450 Acta
2674 1397 2897 1465 antiqua
2946 1405 3075 1451 sunt
3104 1415 3119 1463 ;
3158 1412 3391 1464 quorum
3426 1409 3638 1462 aurtm',

392 1491 594 1563 quibus
617 1491 683 1547 ad
712 1506 778 1547 ea
799 1489 1080 1560 praefatur,
1096 1489 1364 1559 aequalem
1388 1502 1447 1541 se
1471 1486 1638 1555 (quod
1669 1486 1844 1555 ipsum
1879 1486 1960 1538 vir

2059 1498 2150 1538 me
2178 1482 2509 1553 πολυῖστωρ,
2539 1482 2693 1551 juxta
2721 1498 2784 1537 ac
2818 1483 3217 1554 κριτικώτατος
3251 1482 3360 1538 Leo
3389 1483 3642 1543 Allatius,

395 1596 494 1637 sua
530 1578 620 1633 illa
650 1578 717 1634 de
748 1576 1113 1650 Symeonibus
1144 1589 1445 1645 eorumque
1486 1573 1704 1643 scriptis
1741 1572 2064 1643 dignissima
2106 1570 2254 1635 luce,
2292 1570 2537 1639 mihique
2573 1571 2839 1625 hactenus
2876 1571 3131 1640 deposito
3163 1571 3365 1624 tradita
3406 1572 3640 1625 diatriba

388 1667 697 1737 censuerat)
726 1667 933 1724 sanctis
959 1667 1151 1722 iisdem
1184 1666 1517 1736 martyribus
1546 1663 1690 1718 serio
1714 1661 1984 1732 proditae
2011 1658 2303 1729 significat.
2338 1656 2450 1713 Nec
2484 1658 2625 1713 falso
2650 1671 2780 1713 eum
2814 1659 3067 1728 prodere,
3125 1658 3330 1713 indicat
3362 1660 3478 1728 ipse
3513 1661 3643 1715 chap

394 1765 593 1818 taeter,
646 1770 808 1825 quem
849 1753 1237 1826 gravissimum
1277 1761 1441 1823 atque
1464 1750 1793 1820 simplicem,
1844 1747 2159 1818 nulliusque
2210 1748 2595 1819 interpolantis
2645 1757 2969 1803 temeratum
3020 1764 3183 1803 manu
3221 1749 3392 1819 (quod
3425 1749 3508 1802 vel
3542 1750 3644 1803 levi

389 1841 706 1911 conjectura
762 1841 1095 1912 deprehendi
1128 1838 1324 1914 queat)
1368 1839 1453 1894 vir
1494 1838 1806 1894 Christiana
1842 1835 2192 1904 simplicitate
2221 1836 2642 1902 solertissimus,
2680 1835 2749 1891 iis
2780 1836 2995 1891 indidit.
3038 1836 3149 1891 Nec
3184 1852 3310 1891 vere
3342 1834 3408 1894 de
3439 1838 3567 1899 illis,
3599 1840 3643 1893 si

390 1932 443 1987 in
475 1946 671 1986 manus
704 1931 1004 1998 venissent,
1024 1932 1296 1988 dicturum
1324 1928 1559 1985 arbitror
1588 1924 2023 1982 illustrissimum
2048 1923 2327 1979 annalium
2360 1932 2590 1994 patrem,
2626 1924 2771 1993 quod
2804 1924 2868 1979 de
2900 1924 2966 1976 iis
2998 1940 3119 1994 quae
3148 1925 3284 1994 ipsis
3310 1938 3641 1991 versaverat,

390 2017 798 2088 (Mctaphrastis
825 2020 1033 2076 scilicet
1076 2018 1299 2075 nomine
1326 2015 1519 2071 Latine
1559 2011 1813 2085 vulgatis)
1847 2011 2051 2066 Christi
2083 2027 2227 2067 anno
2263 2011 2385 2071 120.
2418 2028 2473 2063 n.
2510 2012 2562 2074 l,
2594 2010 2664 2063 ita
2699 2010 3075 2079 pronuntiavit
3104 2027 3118 2064 :
3158 2010 3423 2064 Putantus
3471 2022 3645 2065 tamen

392 2106 466 2160 eis
494 2108 661 2160 multa
693 2107 1037 2177 superaddita
1062 2124 1208 2173 esse;
1244 2105 1339 2162 sed
1367 2119 1464 2172 pro
1491 2117 1592 2159 suo
1633 2102 1892 2163 candore,
1925 2099 2125 2155 ntitiori
2158 2113 2392 2153 censura
2427 2098 2521 2152 illa
2564 2097 2877 2151 habiturum
2915 2115 2927 2149 :
2981 2110 3077 2151 seu
3112 2099 3292 2167 potius
3321 2099 3481 2169 digna
3524 2116 3648 2153 vere

394 2193 531 2245 tanti
559 2194 808 2265 martyrii
828 2195 988 2260 Acta,
1012 2196 1172 2266 cujus
1207 2193 1389 2247 Romae
1425 2192 1680 2245 memoria
1707 2189 1928 2261 egregiis
1964 2187 2237 2242 illustrant
2267 2185 2620 2239 monumentis
2652 2200 2671 2249 ;
2703 2184 2835 2254 quin
2868 2184 3005 2238 urbe
3034 2196 3277 2254 agroque
3321 2182 3642 2251 Parisiensi,

390 2282 581 2344 tutela,
642 2283 961 2355 pignoribus
1017 2283 1392 2347 charissima;
1438 2281 1571 2352 quin
1600 2288 1835 2349 utroque
1874 2278 2008 2334 orbe
2049 2274 2364 2332 Christiano
2394 2274 2448 2328 in
2487 2280 2812 2343 perpetuum
2866 2271 3277 2337 florentissima,
3322 2288 3648 2343 summeque

389 2372 697 2427 veneranda
726 2389 741 2439 ;
777 2374 857 2428 sic
889 2383 1145 2445 augusta,
1185 2374 1265 2427 sic
1300 2371 1482 2442 plana,
1525 2369 1611 2425 sic
1640 2366 1768 2423 fuco
1797 2370 1949 2423 omni
1997 2363 2260 2426 carentia,
2301 2368 2714 2426 veneraturum,
2748 2358 3096 2415 laudaturum
3129 2379 3143 2428 ;
3175 2362 3264 2427 iis,
3295 2376 3391 2417 ceu
3431 2379 3645 2431 gemma

388 2456 777 2526 pulcherrima,
804 2476 868 2516 ac
914 2459 1307 2530 pretiosissima
1330 2456 1703 2528 amplissimos
1725 2454 1964 2510 Annales
1983 2465 2113 2508 suos
2136 2459 2485 2506 oruaturum.
2506 2446 2581 2503 De
2606 2447 2715 2501 illis
2738 2446 3123 2518 Metaphrastis
3164 2448 3387 2504 nomine
3412 2451 3493 2505 sie
3524 2450 3646 2505 vuln

388 2544 527 2615 satis
550 2546 681 2616 quid
709 2547 937 2602 sentiam
970 2547 1115 2614 ipse,
1161 2546 1351 2616 paucis
1380 2544 1634 2614 expedio.

461 2629 677 2701 Dispexi
736 2633 825 2688 illa
878 2633 1137 2689 attentius
1172 2650 1188 2696 ;
1245 2631 1374 2703 quin
1410 2630 1545 2686 tnibi
1574 2630 1739 2687 etiam
1775 2646 1846 2687 ex
1877 2628 2051 2684 altero
2072 2627 2497 2683 eminentissimi
2530 2625 2826 2682 cardinalis
2853 2623 3112 2680 Mazarini
3163 2625 3393 2697 probato
3424 2628 3645 2683 codice.

388 2716 577 2772 eadem
611 2720 727 2774 haec
778 2717 970 2775 Latina
999 2720 1099 2776 feci
1131 2737 1146 2786 ;
1204 2720 1469 2789 tantisper
1508 2718 1751 2775 offensus
1795 2715 2109 2787 interpretis
2145 2716 2288 2785 stylo
2323 2716 2485 2785 paulo
2530 2714 2836 2780 humiliori,
2884 2713 2978 2769 ubi
3011 2723 3202 2770 auctor
3239 2714 3331 2769 illo
3364 2732 3472 2770 non
3512 2718 3652 2771 male

392 2808 525 2860 nitet
573 2816 737 2876 atque
785 2809 1047 2879 assurgit.
1094 2808 1289 2863 Addita
1320 2809 1409 2863 vix
1456 2815 1776 2870 occurrunt,
1803 2821 1899 2862 seu
1945 2803 2050 2860 alia
2081 2817 2143 2858 ac
2172 2803 2432 2873 antiquus
2463 2810 2656 2858 auctor
2682 2801 2950 2857 ediderat.
2995 2801 3238 2857 Solemni
3280 2805 3457 2871 potius
3499 2819 3649 2859 more

388 2893 658 2957 eiusmodi
686 2896 1369 2967 pstacppdoswv,qtmdam
1400 2895 1694 2952 levittscule
1724 2903 1904 2958 aucta,
1933 2892 2020 2948 vel
2042 2890 2237 2947 ordine
2269 2890 2547 2960 modoque
2579 2898 2806 2955 mutata,
2837 2897 3069 2958 excepto
3099 2889 3262 2959 Blylo,
3302 2899 3600 2959 appareant
3630 2907 3646 2954 ;

392 2998 514 3050 quae
544 2983 674 3036 mihi
719 2983 854 3039 artis
884 2984 1129 3051 solertia,
1162 2983 1467 3038 ἀσύστατον
1506 2983 1683 3053 potius
1722 2981 2015 3046 invexisse,
2054 2986 2220 3050 quam
2266 2987 2523 3033 ornatum
2559 2977 2677 3033 suis
2720 2977 2979 3047 praeclare
3016 2977 3185 3032 radiis
3226 2978 3449 3031 titit'anti
3500 2981 3649 3047 opt-ti

394 3071 608 3124 videtur
633 3071 929 3127 addidisse.
968 3072 1086 3137 Qua
1114 3072 1169 3126 in
1199 3087 1257 3125 re
1292 3070 1468 3141 major
1496 3071 1715 3126 licentia
1748 3069 1872 3135 fuit,
1911 3077 2027 3122 tum
2067 3066 2210 3138 ejus,
2243 3066 2338 3136 qui
2372 3067 2591 3122 duobus
2623 3067 2777 3121 libris
2809 3065 2994 3120 Italico
3020 3106 3036 3129 ,
3072 3065 3246 3134 iisque
3274 3066 3479 3119 Gallice
3526 3068 3651 3121 red-

393 3158 544 3217 ditis,
576 3157 842 3212 Eustathii
890 3160 1277 3229 sociorumque
1306 3167 1586 3215 certamen
1618 3157 1789 3211 voluit
1818 3168 2105 3219 exornare,
2159 3154 2426 3223 finxitque
2459 3155 2516 3209 in
2544 3170 2610 3208 eo
2640 3153 2819 3222 plura,
2861 3161 2973 3207 tum
2999 3154 3092 3222 qui
3135 3169 3324 3207 sacras
3364 3152 3653 3207 Metamor-

394 3244 590 3310 pboses
619 3244 829 3299 Gallico
853 3246 1129 3311 idiomate,
1163 3248 1327 3317 inque
1355 3246 1463 3302 illis
1490 3244 1855 3308 Eustathium,
1879 3243 2155 3315 produxit.
2184 3242 2435 3298 Habuere
2464 3243 2541 3296 illi
2565 3243 2831 3297 duntaxat
2856 3237 3253 3311 Metapltrastea
3290 3243 3446 3305 Acta,
3473 3259 3648 3313 caque

394 3331 584 3387 Latina
616 3332 738 3402 (nec
762 3333 907 3388 enim
932 3334 969 3387 ii
1000 3334 1185 3390 Graece
1213 3334 1469 3389 videntur
1494 3333 1768 3402 scivisse),
1797 3332 2076 3401 proposita
2110 3348 2125 3397 ;
2184 3347 2307 3401 quae
2336 3333 2473 3400 ipsa,
2507 3346 2573 3386 eo
2611 3345 2776 3400 quem
2808 3330 2920 3385 dixi
2955 3331 3145 3395 ntodot
3180 3341 3503 3385 tractavere.

462 3417 634 3486 Quem
661 3419 905 3490 produco
928 3419 1169 3477 Nieetam
1202 3421 1606 3493 Paphlagonem
1633 3419 1653 3490 (
1684 3418 1893 3489 tgnan
1919 3418 2526 3490 Constantinopolitano
2561 3420 2854 3491 aequalem,
2889 3419 3076 3489 illique
3109 3420 3545 3483 all‘ectissimum,
3583 3437 3657 3475 ac

398 3503 532 3561 Vitae
557 3507 678 3577 ejus
712 3506 925 3563 Radere
952 3509 1107 3564 editae
1139 3508 1440 3578 auctorem)
1481 3506 1826 3563 Eustathlum
1863 3506 2155 3577 sociosque
2183 3507 2518 3573 laudantem,
2560 3516 2684 3563 rere
2725 3516 2893 3561 unum
2924 3508 3127 3573 dicam,
3164 3524 3264 3562 sua
3301 3508 3401 3563 hac
3422 3508 3645 3563 Lauda-

393 3594 555 3657 tm-ia,
580 3594 837 3663 praeclare
862 3594 916 3648 iu
942 3609 1037 3650 eos
1059 3596 1293 3650 oratoris
1320 3610 1519 3650 munus
1558 3594 1780 3648 obiisse.
1830 3591 2030 3649 Habuit
2056 3596 2145 3651 ille
2176 3611 2284 3651 non
2316 3595 2718 3666 Metaphrastca
2760 3596 2876 3661 illa,
2910 3596 3005 3651 sed
3037 3597 3259 3666 antiqua
3288 3600 3499 3659 nostra,
3535 3598 3648 3668 ipsa

394 3698 493 3736 suo
516 3683 795 3739 schemate
827 3684 1133 3739 veneranda
1167 3694 1331 3756 atque
1389 3692 1621 3754 augusta
1667 3683 1802 3740 Acta
1843 3683 2145 3754 proposita.
2180 3682 2429 3739 Detraxit
2464 3683 2623 3751 nihil,
2659 3683 2832 3751 auxit,
2882 3694 2977 3738 aut
3020 3684 3326 3738 immolavit
3360 3702 3376 3750 ;
3408 3677 3654 3741 ﬂosculis

398 3766 709 3836 rbetbricis,
748 3772 1037 3827 verborum
1088 3773 1349 3843 ὲμφάσει,
1380 3772 1640 3828 oratoriis
1672 3772 1972 3827 lutninibus
2000 3771 2272 3826 duntaxat
2312 3770 2605 3827 illustravit
2634 3788 2650 3838 ;
2695 3770 3117 3841 atquesuavius
3146 3786 3308 3827 aures
3348 3782 3652 3843 tangerent,

397 3874 459 3914 ac
484 3858 729 3915 animum
771 3868 1045 3931 Caperent,
1096 3862 1235 3917 scito
1276 3861 1516 3931 quodam
1558 3861 1832 3917 lenocinio
1877 3858 2221 3930 temperavit,
2254 3874 2319 3915 ac
2361 3861 2692 3930 composuit.
2735 3858 2831 3913 Vir
2872 3858 3085 3915 scilicet
3106 3873 3174 3915 eo
3214 3860 3429 3915 dicendi
3456 3872 3655 3931 genere

396 3947 633 4002 eximius
665 3964 681 4014 ;
727 3948 883 4019 cujus
914 3948 967 4003 in
1002 3949 1247 4021 singulos
1294 3964 1546 4019 quosque
1576 3949 1877 4017 apostolos,
1923 3948 2163 4004 illustres
2194 3948 2442 4020 produco
2473 3949 2869 4019 panegyricos;
2898 3964 3045 4014 mea,
3080 3950 3327 4019 proxime
3357 3951 3650 4022 vulganda,

392 4031 617 4105 jamque
642 4036 957 4091 umbilicum
1000 4044 1298 4107 spectante,
1333 4036 1664 4090 BibliOtheca
1697 4035 2134 4101 concionatoria;
2178 4036 2380 4106 quibus
2408 4035 2643 4090 certiora
2681 4051 2934 4106 quaeque,
2978 4048 3043 4091 ac
3085 4035 3453 4092 Ecclesiarum
3490 4039 3650 4106 longa

398 4122 691 4177 traditione
716 4130 960 4195 accepta,
1000 4122 1383 4183 nihllAbdiam
1424 4137 1488 4177 ac
1516 4121 1859 4193 apocryphos
1891 4123 2031 4179 alios
2065 4134 2311 4181 moratus
2346 4164 2360 4189 ,
2397 4124 2481 4180 vir
2518 4124 2706 4180 labore
2736 4134 3017 4192 strenuus,
3038 4126 3262 4197 eloquio
3291 4127 3476 4183 clarus
3505 4143 3653 4183 com-

399 4223 657 4280 ptusque,
685 4226 749 4265 ae
790 4218 917 4266 Vere
965 4210 1172 4283 ῥήτωρ,
1207 4207 1274 4265 de
1308 4208 1503 4281 primis
1546 4209 1657 4263 illis
1687 4207 2014 4265 Christiana;
2047 4212 2330 4283 religionis
2358 4212 2696 4268 antistitibus
2737 4212 2968 4268 feliciter
2998 4222 3143 4281 erat,
3185 4221 3353 4284 atque
3381 4215 3605 4285 exponit
3635 4233 3649 4272 :

399 4307 457 4351 ut
483 4298 623 4352 alios
654 4298 774 4367 ejus
801 4298 1154 4369 panegyricos
1184 4305 1392 4353 taceam
1424 4314 1438 4363 ;
1477 4297 1643 4366 inque
1674 4297 1782 4355 illis
1812 4297 2057 4367 Gregorii
2083 4300 2178 4354 τοῦ
2209 4300 2497 4369 Θεολόγου.
2523 4300 2683 4371 cujus
2712 4302 2986 4357 neminem
3027 4303 3357 4373 theologiam
3389 4319 3454 4360 ac
3487 4318 3654 4359 orna-

399 4395 580 4441 menta
628 4385 838 4456 reliqua
886 4385 1049 4440 tantis
1090 4383 1414 4455 eloquentiae
1459 4384 1641 4440 nervis
1681 4386 1869 4456 sicque
1916 4385 2219 4444 luculenter
2245 4388 2499 4445 existimo
2537 4389 2811 4446 laudasse.
2843 4388 2999 4445 Faxit
3046 4391 3191 4447 Deus
3217 4403 3278 4447 ut
3316 4392 3410 4446 ubi
3445 4392 3655 4448 Latinis

399 4476 535 4531 meis
592 4475 817 4530 vocibus
864 4473 1025 4543 paulo
1082 4472 1344 4544 dejectior
1395 4480 1497 4528 suo
1557 4473 1653 4528 illo
1710 4475 1998 4545 manipulo
2024 4476 2248 4532 minime
2293 4475 2637 4547 displicuerit
2673 4478 2793 4534 suis
2817 4479 2928 4544 ille,
2967 4478 3283 4550 Griecisque
3330 4480 3655 4537 cultissimis

397 4564 705 4633 copiosiora
729 4576 906 4617 messe
936 4560 1100 4616 etiam
1136 4560 1482 4615 Anastaslam
1516 4562 1789 4616 seniorem
1826 4561 2191 4632 HyaCintbum
2224 4563 2659 4634 Amastrensem,
2687 4563 2955 4622 Joannem
2981 4567 3463 4638 Chrysostomum,
3501 4567 3649 4623 Thc-

398 4652 537 4705 clam
568 4650 815 4720 aliosque
849 4647 1098 4711 laudans,
1136 4648 1459 4718 propensius
1492 4640 1745 4713 oblectet,
1773 4663 1839 4704 ac
1862 4648 1928 4703 ad
1958 4650 2212 4719 pietatem
2243 4650 2494 4708 aedificet.

468 4744 729 4797 Actorum
780 4747 1091 4796 nostrorum
1141 4740 1296 4796 testis
1326 4740 1604 4811 egregius,
1639 4755 1809 4795 aureo
1848 4744 1974 4795 vere
2003 4730 2226 4794 flumine
2258 4736 2496 4794 Joannes
2528 4738 2901 4795 Damascenus
2924 4750 3062 4795 orat.
3093 4757 3174 4806 ut,
3199 4744 3265 4797 de
3285 4742 3603 4813 imaginibus
3635 4761 3652 4807 ,-

399 4846 507 4901 qua
537 4845 602 4885 ex
639 4828 773 4899 ipsis
803 4829 940 4883 bene
969 4828 1184 4899 longam
1208 4828 1537 4899 περικοπὴν,
1570 4829 1698 4897 ipsis
1726 4838 1917 4882 eorum
1956 4827 2138 4883 verbis
2167 4825 2440 4897 produxit.
2476 4825 2662 4883 Refert
2707 4828 2797 4882 illa
2835 4828 3119 4885 Eustathio
3164 4832 3381 4886 venanti
3414 4832 3651 4885 oblatam

402 4918 455 4971 in
499 4932 662 4972 cervo
713 4916 898 4971 erucis
932 4915 1243 4986 Christique
1269 4915 1523 4986 efﬁgiem,
1555 4915 1868 4986 factumque
1897 4918 1965 4971 ad
1998 4914 2177 4985 ipsum
2202 4913 2323 4985 ejus
2352 4914 2661 4980 oraculum,
2690 4930 2801 4984 quo
2833 4913 3000 4969 futuri
3043 4916 3120 4970 illi
3151 4918 3320 4973 totius
3341 4918 3502 4972 stadii
3533 4933 3652 4985 pru-

400 5004 677 5073 positique
709 5001 1027 5059 certaminis
1072 5000 1390 5058 vaticinium
1437 5003 1744 5068 habeatur;
1783 5011 1935 5057 certa
1973 5000 2235 5057 nimirum
2276 5012 2559 5058 structura
2598 5002 2783 5071 (mira
2820 5002 2946 5056 licet
2988 5017 3216 5057 casuum
3251 5014 3653 5073 eventu-utique

398 5091 714 5145 diversitate
744 5106 760 5155 ;
784 5089 957 5145 Graeci
978 5091 1335 5160 περιπέτειαν
1359 5102 1549 5145 vocant
1573 5107 1588 5157 ;
1615 5104 1723 5160 qua
1753 5089 1883 5144 lusit
1908 5088 2123 5160 egregie
2148 5088 2243 5146 Dei
2272 5088 2658 5162 providentia),
2686 5090 2947 5158 deinceps
2967 5092 3371 5146 cohaerentibus
3396 5088 3653 5146 omnibus

349 5176 355 5219 ε
400 5178 467 5232 ad
503 5178 677 5248 ipsam
709 5177 953 5248 martyrii
981 5184 1180 5232 metam
1211 5196 1226 5244 ;
1255 5184 1315 5232 ut
1342 5180 1539 5232 nedum
1570 5178 1761 5241 multa,
1792 5178 1836 5234 si
1870 5192 1995 5232 vere
2028 5178 2116 5232 illa
2142 5186 2293 5245 sunt,
2324 5176 2697 5249 superaddita,
2727 5176 2820 5232 sed
2855 5188 2911 5231 et
2937 5193 3105 5246 pauca
3137 5193 3276 5249 opus
3304 5187 3476 5234 totum
3505 5180 3653 5235 labe-

402 5266 610 5321 factent
637 5279 702 5321 ac
733 5264 993 5319 inﬂeiant.
1021 5258 1079 5317 in
1105 5262 1424 5320 Datnascenl
1458 5266 1573 5336 ipso
1595 5266 1716 5321 loco
1744 5265 2075 5321 commissus
2099 5265 2280 5322 hiatus
2307 5268 2448 5321 male
2478 5266 2827 5335 interpretem
2848 5266 2977 5334 egit.
3010 5263 3121 5320 Nos
3149 5278 3281 5320 sana
3306 5268 3512 5329 omnia,
3539 5282 3653 5321 mc-

403 5357 529 5411 liori
554 5356 743 5412 codice
766 5362 1241 5424 repraesentamus.
1279 5356 1490 5411 Latinis
1519 5371 1739 5426 quoque
1774 5355 2181 5426 Metaphrastis,
2200 5353 2433 5409 Placido:
2463 5368 2602 5407 uxor
2633 5353 2767 5407 vnio
2808 5350 3045 5421 Trojano
3065 5352 3289 5416 dicitur,
3318 5367 3440 5407 cum
3465 5354 3653 5409 Graeca

406 5443 603 5499 melius
631 5443 922 5511 Τατιανήν,
957 5438 1261 5499 Tatianam.
1294 5443 1549 5497 habeant.
1582 5442 1763 5512 Ipsum
1797 5442 2068 5499 Eustathii
2094 5453 2384 5513 augustum
2417 5455 2637 5509 nomen,
2666 5458 2730 5497 ac
2760 5453 2869 5512 quo
2910 5441 3149 5497 victoria:
3174 5441 3423 5497 videatur
3443 5459 3510 5497 ex
3537 5443 3655 5513 ipso

406 5546 568 5587 sacro
613 5531 760 5585 fonte
802 5529 1055 5584 ltahuisse
1094 5530 1405 5594 oraculum,
1434 5532 1582 5585 velut
1615 5531 1735 5601 ipso
1760 5528 1869 5585 Deo
1899 5532 2200 5587 sacerdotis
2228 5547 2323 5586 ore
2362 5530 2602 5595 indente,
2642 5529 2996 5600 futuramque
3023 5530 3143 5601 ejus
3175 5531 3565 5597 constantiam,
3590 5549 3658 5588 ae

409 5618 718 5685 ﬁrmitatem
745 5618 838 5670 illo
867 5625 1227 5682 contestante,
1254 5617 1391 5672 male
1424 5617 1525 5673 sibi
1552 5618 1745 5689 vulgus
1777 5616 1829 5671 in
1864 5616 2212 5673 Eustachium
2240 5616 2566 5674 deformavit
2592 5635 2609 5680 ;
2642 5619 2980 5690 quodipsum
3010 5634 3203 5674 nomen
3227 5617 3417 5675 titulus
3440 5621 3658 5691 prefer!

411 5708 465 5761 in
495 5704 616 5760 Vita
680 5704 845 5760 Surio
871 5702 1011 5758 edita
1037 5718 1056 5769 ;
1084 5704 1184 5759 etsi
1220 5704 1275 5760 in
1303 5705 1549 5776 margine
1579 5705 1849 5761 Eustathii
1873 5707 2213 5762 emendetur.

484 5849 500 5865 ‘
535 5840 834 5895 lllustritmt
863 5840 1063 5895 Christi
1093 5854 1385 5913 martyrum
1411 5844 1535 5897 lecti
1564 5844 1854 5913 Triumphi,
1891 5843 2062 5900 Paris.
2100 5844 2255 5909 1660,
2292 5846 2375 5897 8“.

3659 1265 3711 1320 ι
