4092 6658
426 430 533 497 ιον]

1628 432 1922 494 ΝΙΟΕΤΑΞ
1958 434 2158 496 ΡΑΡΗ
2168 434 2489 497 LAGONIS

3587 433 3693 497 408

425 548 645 619 stringit
668 548 843 606 dolor.
879 549 958 604 Ad
1005 549 1160 605 navis
1210 550 1415 604 exitum
1449 549 1667 617 cognita
1715 564 2003 618 puerorum

2112 552 2307 615 είδυῖα,
2339 551 2434 604 καί
2475 568 2585 604 τισι
2628 550 2954 620 τεκμηρίοις
2994 550 3092 611 τὰς
3138 547 3340 601 τούτων
3373 547 3690 618 ἐνοπτριζο-

424 644 686 705 narratio,
743 659 808 697 ac
856 659 979 698 cum
1011 643 1175 699 certis
1222 642 1550 713 quibusdam
1605 642 1823 697 iudiciis
1858 643 2001 697 relu-

424 746 611 791 centes
633 752 821 791 eorum
853 736 1056 791 formas
1072 736 1361 805 aSpiceret,
1381 749 1567 788 amore
1598 733 1781 787 animo
1803 733 2002 788 misce-

423 827 604 891 batur,
634 843 696 882 ac
748 829 1051 883 visceribus
1102 827 1480 891 emorebatur,
1533 825 1678 881 serio
1730 825 1998 895 cogitans,

425 936 558 974 num
624 920 764 974 forte
824 920 944 990 ejus
1001 920 1153 974 liberi
1221 930 1436 984 essent;
1496 918 1745 988 prudenti
1817 924 1999 972 tatnen

429 1011 639 1064 ratione
699 1009 947 1065 affet-tum
1002 1010 1425 1076 compescebat,
1488 1024 1551 1063 ac
1617 1009 2001 1063 turbationem.

428 1101 609 1156 Stulto
660 1101 804 1155 enim
857 1102 936 1154 vel
1005 1115 1099 1169 spe
1139 1100 1253 1153 sola
1308 1109 1701 1168 praesumptum
1763 1099 2001 1163 bonum,

426 1204 539 1247 tum
572 1204 807 1246 mentem
856 1192 1018 1258 levat,
1056 1202 1170 1246 tum
1197 1206 1339 1260 sa—pe
1378 1191 1628 1244 animum
1662 1198 1867 1244 temere
1906 1205 2002 1244 su-

421 1282 608 1352 perlia
666 1284 846 1352 pulsat
890 1302 902 1337 :
939 1283 1189 1349 prudenti
1245 1298 1399 1345 vero,
1433 1283 1691 1336 immotus
1740 1281 1868 1335 boui
1910 1296 2004 1335 ex-

421 1376 754 1443 spectatione
826 1377 1042 1429 animus
1105 1385 1216 1440 est;
1292 1391 1389 1429 nec
1446 1384 1553 1428 tam
1607 1374 1996 1429 consecutione

420 1468 718 1531 extollitur,
756 1484 918 1537 quam
944 1467 1301 1522 frustratione
1329 1468 1703 1532 contrahitur;
1737 1468 1824 1521 vix
1848 1483 1995 1521 nam-

423 1575 530 1629 que
564 1562 727 1614 etiam
778 1561 1026 1628 prmseuti
1070 1560 1297 1613 firmiter
1328 1561 1473 1614 bono
1507 1560 1708 1622 credat,
1756 1560 1848 1627 qui
1899 1557 2005 1612 sci-

421 1652 549 1707 licet
577 1654 814 1705 humana
856 1653 1042 1705 omnia
1091 1654 1380 1706 mutationi
1442 1652 1674 1705 obnoxia
1725 1653 2006 1719 explorate

419 1746 655 1800 noverit.
703 1744 912 1800 idcirco
960 1746 1123 1799 etiam
1186 1744 1514 1815 Tlicopistes
1543 1784 1558 1807 ,
1617 1744 2001 1813 longanimiter

420 1839 708 1900 hactenus,
735 1854 797 1892 ac
834 1840 1111 1909 sapienter
1148 1838 1355 1893 viscera
1387 1850 1659 1892 commofa
1698 1838 1996 1905 continuit;

2108 642 2245 713 μὲνη
2294 643 2531 713 μορφὰς,
2559 642 2738 715 πολλῷ
2770 640 2968 714 [πόθῳ]
3017 642 3114 712 μὲν
3152 641 3252 711 τὴν
3301 639 3528 711 καρδίαν
3563 656 3690 692 συν-

2110 732 2365 795 εκυκᾶτο,
2397 734 2468 784 τὰ
2501 731 2785 801 σπλάγχνα
2818 731 2912 784 καὶ
2947 732 3305 793 κατεδονεῖτο,
3338 729 3689 799 λογιζομένη,

2117 826 2190 895 μή
2247 842 2378 878 ποτε
2424 825 2533 896 ἄρα
2575 826 2623 877 οἱ
2656 824 2828 894 αὐτῆς
2868 819 2977 876 εἷεν
3009 824 3134 877 υἱοί.
3180 824 3397 893 Ἐπεῖχε
3440 822 3496 876 δὲ
3541 823 3695 892 ὅμως

2107 918 2362 988 ἐχέφρονι
2430 917 2678 989 λογισμῷ
2720 916 2817 987 τὴν
2870 917 3137 987 ταραχήν.
3174 917 3405 986 Ἀφρονι
3450 915 3559 985 γάρ
3602 915 3694 966 ἀν-

2109 1010 2315 1081 θρώπῳ
2346 1010 2506 1079 μόνον
2546 1011 2605 1063 ὲν
2645 1009 2827 1062 ἐλπίσι
2872 1007 3245 1078 προσδοκηθὲν
3293 1007 3517 1075 ἀγαθὸν,
3560 1024 3694 1059 κου-

2108 1102 2254 1169 φίζει
2286 1119 2347 1154 τε
2387 1102 2485 1171 τὴν
2510 1102 2767 1166 διάνοιαν,
2804 1102 2898 1154 καὶ
2926 1100 3188 1164 πολλάκις
3215 1100 3337 1168 εἰκῆ
3373 1099 3694 1169 μετεωρίζει

2106 1194 2280 1265 τούτῳ
2322 1193 2413 1247 τὸν
2464 1193 2745 1264 λογισμόν.
2806 1193 2896 1263 Τῷ
2959 1192 3163 1262 συνετῷ
3215 1192 3271 1245 δὲ
3334 1192 3588 1260 ἀκίνητος
3635 1192 3694 1244 ὲν

2107 1290 2227 1350 ταῖς
2248 1287 2342 1340 τοῦ
2365 1287 2569 1356 ἀγαθοῦ
2606 1287 2958 1358 προσδοκίαις
2990 1290 3018 1340 ὀ
3048 1286 3191 1350 νοῦς·
3226 1286 3287 1338 ού
3323 1284 3525 1355 μᾶλλον
3558 1284 3695 1355 πρὸς

2107 1378 2206 1449 τὴν
2254 1378 2529 1445 ὲπίτευξιν
2577 1380 2963 1449 ἐπαιρόμενος,
3000 1379 3033 1450 ἢ
3073 1378 3499 1445 συστελλόμενος
3554 1376 3695 1446 πρὸς

2107 1472 2205 1543 τὴν
2238 1472 2561 1542 ἀποτυχίαν.
2602 1472 2772 1534 Μόλις
2800 1472 2908 1541 γάρ
2937 1471 3003 1525 ἂν
3046 1470 3140 1524 καὶ
3188 1469 3420 1540 παρόντι
3459 1467 3694 1538 βεόαίως

2106 1568 2398 1621 πιστεῦσαι
2435 1566 2511 1637 τῷ
2544 1565 2751 1637 ἀγαθῷ,
2788 1567 2861 1631 ῶς
2892 1566 3225 1636 μετακίνητα
3257 1566 3437 1618 πάντα
3466 1563 3594 1617 ὄντα
3624 1562 3693 1617 τὰ

2105 1661 2215 1712 τῶν
2250 1658 2553 1730 ἀνθρώπων
2580 1659 2757 1723 εἰδὼς.
2812 1658 2903 1711 Διὸ
2946 1659 3011 1728 δὴ
3059 1658 3153 1711 καὶ
3184 1658 3456 1725 Θεοπίστη
3486 1673 3694 1727 μακροί

2108 1751 2295 1822 θύμως
2336 1769 2395 1804 τε
2431 1752 2527 1805 καὶ
2571 1751 2751 1820 σοφῶς
2798 1750 2997 1820 ἐπέσχε
3044 1750 3183 1813 τέως
3222 1749 3328 1803 τῶν
3360 1748 3695 1817 σπλάγχνων

2108 1842 2207 1908 τὴν
2252 1842 2495 1913 ταραχήν
2516 1859 2530 1873 ·
2561 1840 2638 1911 τῷ
2670 1840 3015 1911 στρατηλάτῃ
3047 1840 3103 1893 δὲ
3136 1836 3461 1909 προσιοῦσα,
3491 1839 3595 1909 γῆς
3625 1854 3686 1891 τε

420 1930 719 2000 adiensque
754 1933 1075 2003 magistrum
1132 1931 1357 1987 militize.
1392 1931 1695 1986 Roinanam
1736 1946 1832 1993 se,
1884 1932 2002 1983 lon—

2116 1907 2425 2005 Ῥωμαίων·
2453 1907 2761 2004 ύπάρχεινν,
2815 1907 3094 1987 κάνταῦθα
3143 1907 3312 1987 πολὺν
3354 1933 3458 2002 ἔφη
3498 1907 3695 2003 χρόνον

416 2036 626 2093 gosque
658 2024 745 2079 hic
774 2040 947 2084 annos
986 2024 1260 2093 captivam
1291 2023 1630 2085 consedisse,
1677 2022 1773 2081 ait,
1801 2037 2000 2089 rogare

419 2117 645 2184 supplex
709 2117 761 2169 in
814 2118 1044 2185 patriam
1107 2116 1326 2170 reverti.
1386 2114 1523 2167 Dum
1585 2114 1753 2184 igitur
1814 2115 2009 2168 mulier

418 2208 727 2262 castissima
766 2208 1161 2277 supplicatione
1196 2207 1327 2275 agit,
1378 2222 1486 2260 non
1538 2206 1793 2261 obscuris
1828 2207 2004 2259 virum

421 2297 639 2352 indiciis
700 2300 954 2367 notisque
987 2300 1262 2368 intelligit.
1296 2297 1438 2364 Quin
1472 2297 1563 2351 ille
1606 2313 1827 2367 quoque
1857 2297 2005 2351 illius

417 2391 701 2446 contuitus
759 2392 995 2457 vultum,
1052 2392 1331 2461 propriam
1392 2391 1653 2459 paulatim
1710 2390 2001 2458 conjugem

416 2484 685 2553 agnoscit.
723 2483 893 2553 inque
939 2498 1066 2538 eum
1102 2483 1327 2535 modum
1369 2483 1485 2536 suis
1527 2482 1769 2551 ipsorum
1812 2497 2005 2535 narra-

415 2574 705 2638 tionibus,
761 2575 1033 2644 dictisque
1085 2574 1309 2635 firmati,
1347 2590 1410 2627 ac
1459 2590 1582 2628 cum
1640 2574 1818 2644 palam
1864 2575 2004 2627 alter

416 2666 648 2720 alterum
687 2668 1061 2737 agnovissent,
1112 2682 1145 2722 o
1193 2667 1416 2735 quantis
1453 2667 1776 2736 gaudiorum
1831 2666 2007 2737 lacry-

417 2757 559 2812 mis!
606 2757 827 2825 quantis
857 2756 1156 2827 gratiarum
1189 2756 1422 2812 actionis
1454 2756 1680 2812 vocibus
1732 2756 1996 2811 Salvatori

417 2847 820 2901 confitebantur
842 2847 854 2899 !

491 2938 630 3004 Quia
660 2953 789 2993 vero
822 2941 984 2993 etiam
1030 2938 1330 2994 liberorum
1384 2938 1567 2993 statim
1606 2939 1757 2992 illata
1793 2939 2001 2993 mentio

415 3039 520 3095 est,
557 3028 873 3086 Eustathius
899 3046 927 3085 a
975 3031 1168 3086 bestiis
1189 3041 1399 3100 captos.
1426 3031 1601 3101 iisque
1644 3039 1867 3086 voratos
1897 3030 1994 3084 ait.

417 3127 485 3179 At
517 3140 657 3179 uxor
691 3125 891 3180 recenti
950 3124 1361 3181 adolescentum
1419 3124 1760 3180 fabulatione
1807 3124 1995 3177 animo

2105 2026 2452 2096 αἰχμάλωτος
2479 2025 2777 2094 καθῆσθαι,
2815 2026 2910 2079 καὶ
2939 2025 3076 2096 πρὸς
3105 2024 3205 2093 τὴν
3232 2023 3441 2076 οἰκείαν
3480 2024 3694 2075 ἱκέτευε

2105 2118 2535 2188 ἀνακομίζεσοαι
2584 2120 2845 2191 πατριὰν.
2898 2119 3053 2188 ’Ἅμα
3091 2116 3272 2171 τοίνυν
3323 2116 3422 2188 τὴν
3459 2116 3695 2170 ἱκετείαν

2106 2213 2383 2283 προσῆγεν
2417 2214 2450 2283 ἡ
2482 2212 2810 2282 πάνσεμνος,
2854 2211 2948 2265 καί
2991 2229 3101 2264 τισι
3151 2210 3561 2281 τεκμαιρομένη
3597 2227 3696 2279 σηο

2109 2304 2388 2373 μάντροις,
2434 2303 2527 2356 τὸν
2574 2304 2774 2355 οἰκεῖον
2820 2302 2987 2371 ἄνδρα
3019 2302 3282 2356 κατενόει.
3317 2301 3389 2355 Ού
3427 2302 3583 2371 μόνον
3612 2301 3691 2366 δὲ,

2101 2389 2239 2441 ἀλλὰ
2267 2390 2517 2452 κάκεῖνος
2542 2390 2602 2443 τὸ
2630 2385 2770 2453 εἶδος
2793 2390 2961 2459 αὐτῆς
3001 2390 3392 2458 ὁπταζόμενος,
3428 2390 3525 2461 τὴν
3559 2390 3694 2444 ίδίαν

2101 2482 2318 2549 ἐπέγνω
2348 2483 2692 2553 καταμικρὸν
2740 2483 3011 2552 γαμετήν.
3041 2482 3153 2536 Καὶ
3185 2482 3335 2536 οὕτω
3357 2484 3407 2535 oi
3444 2484 3695 2553 μάκαρες

2100 2576 2211 2636 τοῖς
2240 2573 2421 2626 αὐτῶν
2452 2575 2780 2645 ἁφηγήμασι
2813 2574 3226 2645 βεδαιωθέντες,
3259 2577 3353 2629 καὶ
3385 2578 3571 2645 σαφῶς
3605 2577 3695 2631 ἀλο

2101 2664 2298 2736 λήλους
2339 2665 2655 2733 ἐπιγνόντες
2683 2683 2698 2697 ⁸
2735 2665 2780 2719 ῶ
2810 2666 2997 2730 πόσοις
3050 2668 3149 2737 μὲν
3199 2668 3554 2740 χαρμοσύνης
3597 2670 3692 2723 δά-

2053 2812 2066 2826 ,
2108 2759 2315 2827 κρυσιῐ
2369 2758 2559 2821 πόσοις
2608 2758 2666 2812 δὲ
2725 2760 2939 2831 ῥήμασι
2989 2762 3370 2831 χαριστηρίοις
3425 2762 3695 2833 ἐξωμολοο

2107 2848 2301 2915 γοῦντο
2330 2848 2408 2918 τῷ
2448 2848 2662 2919 Σωτῆρι
2683 2850 2697 2902 ί

2190 2940 2407 3010 Ἐπειδὴ
2429 2939 2487 2992 δὲ
2515 2940 2611 2993 καὶ
2634 2940 2745 2994 τῶν
2770 2940 2976 2995 τέκνων
2998 2941 3160 3004 εὐθὺς
3189 2943 3414 3014 μνήμην
3444 2941 3692 2997 ἐποιοῦν-

2103 3047 2184 3097 το,
2243 3032 2270 3084 ὁ
2323 3032 2421 3100 μὲν
2468 3031 2766 3097 Εύστάθιος
2821 3032 3193 3105 θηριαλώτους
3239 3033 3409 3106 ἔφησε
3464 3035 3691 3099 τούτους

2108 3124 2386 3194 γενέσθαι’
2424 3126 2457 3195 ἡ
2487 3124 2569 3187 δὲ,
2603 3127 2742 3197 πρὸς
2786 3126 2885 3198 τὴν
2938 3126 3239 3197 ὲξυπογύου
3269 3128 3379 3182 τῶν
3407 3126 3543 3182 νέων
3562 3130 3691 3199 ὁμι-

1495 3247 1555 3307 S.
1589 3243 2006 3308 EUSTATHII
2044 3242 2235 3303 ACTA
2267 3245 2631 3315 ANTIQUA.

418 3377 508 3445 me
536 3372 714 3429 rapto.
749 3361 802 3415 in
840 3361 1038 3445 saltum
1071 3377 1374 3445 nemusque
1406 3363 1507 3418 iter
1531 3363 1801 3445 “habebat.
1829 3362 2001 3445 igitur

2109 3363 2323 3445 παιδίου
2353 3362 2447 3415 τοῦ
2477 3363 2834 3445 μικροτέρου,
2869 3363 2965 3417 καὶ
2994 3361 3094 3445 ape
3121 3363 3391 3445 κατέλιπε
3414 3360 3687 3445 ξντεῦθεν.

416 3437 604 3487 ovium
649 3444 912 3498 pastores,
943 3448 971 3485 a
1026 3434 1199 3487 leonis
1232 3435 1480 3487 avulsum
1527 3433 1796 3493 faucibus,
1829 3434 1881 3486 in
1913 3448 2000 3495 eo,

419 3505 564 3571 quod
615 3510 669 3554 tu
708 3503 822 3569 ipse
868 3504 1011 3556 nosti
1043 3503 1262 3570 oppido.
1294 3504 1688 3557 educaverunt.
1722 3504 1829 3558 Nec
1873 3518 2003 3556 vero

420 3572 554 3653 mihi
590 3572 794 3653 liquet,
831 3574 963 3641 quid
1006 3574 1265 3644 deinceps
1290 3586 1462 3643 patre,
1493 3589 1557 3628 ac
1584 3572 1751 3629 fratre
1775 3574 2004 3644 puerulo

419 3650 493 3696 sit
518 3650 719 3698 actum.

498 3849 591 3905 llis
639 3865 704 3903 cx
769 3849 934 3903 fratre
990 3850 1207 3906 Seniore
1262 3849 1493 3909 auditis,
1549 3848 1750 3903 exsiliit
1792 3847 2025 3915 junior,

421 3919 666 3989 ﬂensque
693 3921 770 3975 ait
799 3938 811 3973 :
838 3919 1033 3974 Testor
1061 3921 1262 3975 Christi
1296 3921 1615 3990 potentiam,
1650 3920 1800 3987 ipsus
1838 3918 2002 3972 frater

421 4002 551 4046 tuus
584 4007 728 4046 sum.
762 3990 896 4045 Novi
942 3992 1086 4045 cnim
1139 4007 1260 4061 qua:
1297 3990 1569 4045 narrando
1600 3999 1892 4044 exsecutus
1919 4006 1998 4044 es.

422 4061 463 4116 li
519 4063 661 4117 enim
710 4078 943 4131 quorum
980 4078 1146 4131 opera
1214 4061 1476 4115 educatus
1528 4076 1672 4131 sum,
1709 4061 1849 4131 mihi
1893 4061 2005 4131 haec

422 4130 824 4203 loquebantur;
867 4130 1079 4187 eruisse
1110 4148 1196 4186 me
1228 4133 1348 4187 illos
1376 4147 1406 4186 e
1431 4131 1543 4203 lupi
1589 4130 1785 4203 itidem
1830 4130 2005 4185 fauci-

424 4200 546 4261 bus.
570 4204 734 4270 inque
762 4203 1046 4271 amplexus
1074 4219 1261 4258 ruens.
1291 4204 1478 4257 oscula
1507 4200 1794 4269 defigebat.

494 4274 666 4327 Mater
700 4276 948 4335 audiens,
987 4289 1051 4328 ac
1084 4290 1206 4329 cum
1238 4273 1379 4327 dicta
1412 4272 1616 4333 omnia,
1652 4286 1717 4324 ac
1751 4283 2004 4325 enarrata

422 4346 489 4399 ad
520 4345 697 4399 navim
728 4360 899 4413 usque
926 4347 1207 4414 explorate
1234 4345 1495 4402 novisset,
1513 4344 1592 4396 sic
1610 4356 1669 4395 se
1685 4357 1782 4414 res
1808 4342 2007 4414 habere

422 4431 533 4470 non
566 4415 745 4469 inanis
782 4411 1123 4482 coniectans,
1159 4417 1395 4483 graviter
1429 4414 1615 4466 animo
1642 4411 2004 4475 afficiebatur,

421 4485 653 4555 ejusque
707 4485 1073 4539 turbabantur
1127 4491 1333 4538 viscera
1362 4524 1397 4555 ,ί
1431 4493 1544 4537 tum
1593 4483 1832 4555 maxime
1880 4498 2006 4538 cum

419 4552 651 4625 juvenes
682 4555 735 4607 in
768 4556 1053 4623 amplexus
1084 4563 1307 4625 mentes
1328 4596 1341 4615 ,
1376 4554 1713 4625 figentesque
1772 4552 2004 4625 alterum

423 4623 579 4680 alteri
614 4626 824 4688 oscula,
871 4634 1033 4693 atque
1078 4624 1268 4677 flentes
1308 4625 1535 4677 videret.
1566 4623 1635 4676 Se
1669 4634 1846 4675 tamen
1886 4623 2007 4692 ipsa

423 4697 614 4751 videns
647 4695 952 4755 cohibebat,
973 4711 1035 4748 ac
1050 4697 1255 4765 pariter
1277 4710 1461 4748 secum
1488 4692 1673 4765 animo
1698 4696 2002 4765 reputabat,

424 4783 557 4822 num
607 4768 641 4821 ii
702 4766 793 4819 filii
829 4766 911 4818 siti
946 4763 1157 4821 forent.
1203 4778 1268 4818 eo
1328 4764 1653 4833 praesertim.
1691 4763 1835 4831 quod
1889 4773 2002 4819 tum

424 4848 632 4909 patrem
689 4835 1009 4909 magistrum
1066 4835 1292 4901 militize,
1347 4844 1459 4889 tum
1505 4842 1737 4888 matrem
1779 4833 1833 4888 in
1866 4836 2003 4889 mari

425 4906 665 4963 relictam
691 4906 979 4962 dixissent.

500 4977 772 5034 Postridie
822 4977 1015 5032 mulier
1057 4977 1124 5032 ad
1162 4979 1482 5041 magistrum
1513 4974 1724 5030 militite
1758 4976 2003 5044 veniens,

426 5049 544 5104 infit
574 5068 586 5104 :
617 5049 812 5115 Quaeso
846 5058 919 5112 te,
962 5049 1186 5103 nomine
1218 5050 1314 5114 mi,
1344 5048 1602 5101 Romante
1626 5046 1850 5101 ditionis
1879 5065 2003 5103 cum

425 5122 554 5182 sim,
591 5121 678 5175 hic
721 5120 932 5186 captiva
965 5134 1066 5189 ago
1096 5139 1107 5172 :
1141 5120 1304 5190 igitur
1350 5134 1436 5173 me
1484 5118 1737 5190 ancillam
1777 5128 1920 5172 tuam
1954 5120 2007 5173 in

426 5194 660 5261 patriam
710 5190 974 5245 reducito.
1017 5189 1261 5259 Dumque
1311 5191 1425 5243 hrrc
1476 5189 1739 5257 loquitur,
1790 5205 1913 5257 qua:
1955 5191 2009 5243 in

426 5263 544 5317 viro
568 5264 720 5333 signa
756 5272 931 5326 erant,
958 5262 1214 5317 attentior
1238 5262 1486 5333 legebat;
1511 5262 1684 5328 Atque
1707 5261 2006 5333 eo‘agnito,

425 5334 545 5403 ejus
575 5329 827 5387 advoluta
856 5334 1085 5402 pedibus
1112 5333 1183 5385 ita
1210 5329 1408 5394 aiebat,
1442 5331 1640 5394 Quaeso
1670 5338 1744 5395 te,
1780 5329 2008 5403 Domine

425 5406 522 5463 mi,
558 5422 623 5458 ne
651 5404 950 5471 indigneris
979 5406 1240 5457 adversus
1284 5403 1535 5456 ancillam
1567 5410 1739 5462 tuam,
1769 5402 1858 5455 sed
1894 5402 2007 5471 pla-

428 5474 550 5527 cide
605 5476 820 5535 audias,
847 5489 911 5528 ac
940 5476 1072 5528 mihi
1134 5474 1416 5543 antiquum
1459 5480 1612 5525 tuum
1672 5473 2007 5533 institutum,

426 5546 661 5615 vitaeque
696 5545 960 5598 rationem
1014 5545 1304 5600 edisseras.
1341 5545 1587 5596 Arbitror
1625 5543 1769 5615 enim
1805 5559 1927 5598 esse
1960 5554 2011 5598 te

428 5613 704 5670 Placidam
724 5616 1043 5684 magistrum
1072 5616 1296 5675 militiae.
1324 5626 1530 5669 mutato
1562 5613 1781 5684 nomine
1801 5628 1831 5667 e
1850 5628 2009 5667 sacro

432 5686 758 5754 baptismate
799 5682 1145 5740 Eustathium
1180 5694 1465 5749 vocatum;
1497 5699 1622 5737 eum
1656 5682 1884 5749 scilicet,
1916 5685 2008 5752 qui

430 5756 651 5812 Christo
688 5758 741 5812 in
774 5759 915 5811 cervi
954 5758 1124 5812 forma
1158 5764 1470 5826 apparente,
1511 5755 1564 5807 in
1599 5769 1724 5807 eum
1759 5754 2006 5820 credidit,

433 5827 879 5898 gravissimisque
905 5829 1298 5883 tentationibus
1334 5896 1343 5898 _
1373 5834 1628 5893 exceptus
1650 5836 2006 5898 ,__assutnpta

435 5894 605 5952 inure
639 5901 746 5972 (me
778 5894 891 5968 ipsa
914 5900 1141 5971 scilicet)
1167 5896 1542 5964 ambobusque
1577 5894 1770 5964 puellis
1822 5896 2007 5953 liberis

2110 3436 2409 3495 Μέλλοντος
2446 3434 2538 3486 οῦν
2573 3432 2957 3501 ἀνακάμπτειν
2999 3433 3136 3501 πρὸς
3192 3435 3253 3485 τὸ
3291 3432 3474 3485 λαϐεῖν
3521 3433 3689 3502 κάμὲ,

2110 3507 2246 3559 λέων
2278 3503 2539 3568 ἐπελθὼν,
2593 3503 2812 3573 ἣρπασέ
2869 3522 2957 3573 με,
3012 3505 3105 3557 καὶ
3146 3503 3438 3573 ἐπορεύετο
3468 3504 3551 3562 εἰς
3592 3501 3687 3573 τὸν

2111 3576 2333 3645 δρόμον.
2379 3570 2646 3641 Ποιμένες
2695 3570 2789 3626 οὖν
2815 3570 3100 3643 προὸἀτων
3129 3570 3391 3639 ὲξείλοντό
3422 3574 3575 3645 μελὲκ
3594 3571 3693 3627 τοῦ

2112 3643 2326 3705 λέοντος
2346 3662 2359 3673 ·
2394 3645 2483 3696 καὶ
2511 3644 2818 3714 ἀνετράφην
2844 3646 2924 3707 είς
2953 3646 3052 3714 τὴν
3083 3646 3298 3712 κώμην,
3348 3644 3427 3706 είς
3470 3643 3539 3713 ἦν
3597 3646 3694 3698 καὶ

2116 3715 2278 3777 αὐτὸς
2316 3715 2626 3767 ἐπίστασαι.
2651 3713 2852 3767 Λοιπὸν
2876 3713 3140 3784 περὶτοῦ
3179 3714 3386 3784 πατρός
3443 3730 3543 3783 μου
3594 3716 3693 3767 καὶ

2112 3786 2204 3839 τοῦ
2242 3785 2448 3837 παιδῖου
2487 3784 2540 3835 τί
2569 3783 2804 3850 ἐγένετο,
2845 3783 3158 3852 ούκεγνων.

2185 3855 2370 3925 Ταῦτα
2395 3854 2634 3925 ἀκούσας
2651 3856 2678 3906 ὁ
2707 3854 2970 3925 νεώτερος
2993 3854 3143 3925 παρά
3170 3853 3263 3907 τοῦ
3313 3853 3691 3925 πρεσϐυτέρου

2114 3924 2721 3995 ἀδελφοῦηάνεπήδησε.
2756 3926 2850 3995 καὶ
2870 3924 3083 3978 κλαίων
3109 3925 3301 3995 ἐλεγεο
3338 3924 3422 3995 Νὴ
3462 3924 3561 3993 τὴν
3586 3924 3694 3995 δύο

2114 4015 2279 4066 ναμιν
2308 3993 2404 4066 τοῦ
2432 3993 2691 4066 Χριστοῦ.
2718 3994 2946 4063 ἀδελφός
2977 4011 3069 4066 σου
3106 3994 3377 4064 τυγχάνω.
3411 3993 3694 4066 ξἘγνῴρι-

2116 4064 2336 4154 σαγάρ,
2368 4064 2403 4118 ἀ
2431 4064 2677 4154 διηγήσω
2704 4081 2819 4154 μοι·
2845 4067 2953 4150 καὶ..
2970 4065 3284 4154 γὰρπκαὶυοί
3336 4064 3435 4133 ἐμὲ
3454 4064 3695 4154 ιάινξιθρε-

2116 4135 2369 4204 ψάμενοι,
2388 4135 2907 4207 ταῦταλμοι-ἐλεγον,
2927 4136 3015 4207 ὅτι
3049 4135 3145 4188 Ἐκ
3168 4135 3331 4207 λύκου
3363 4151 3423 4186 σε
3452 4135 3689 4207 ἐρρυσά-

2118 4208 2278 4277 μεθα.
2308 4207 2417 4258 Καὶ
2443 4204 2773 4277 περιλαϐὼν,
2808 4206 3089 4277 κατεφίλει
3122 4206 3301 4259 αὐτόν.

2199 4277 2503 4330 Ἀκούσασα
2536 4276 2591 4328 δὲ
2618 4277 2650 4345 ὴ
2685 4277 2866 4345 μήτηρ
2889 4276 3063 4330 ταῦτα
3092 4276 3189 4329 καὶ
3233 4274 3547 4346 γνωρίσασα
3591 4275 3693 4346 τὴν

2118 4348 2281 4417 μέχρι
2306 4346 2400 4399 τοῦ
2443 4345 2603 4417 πλοὸς
2647 4346 2919 4417 διήγησιν,
2982 4347 3076 4401 καὶ
3108 4345 3502 4417 ,στοχασαμέίνη
3561 4345 3692 4417 περὶ

2115 4415 2296 4471 αὐτῶν
2321 4417 2494 4480 οὕτως
2528 4415 2692 4487 ἔχειν,
2722 4416 2890 4470 ἔπαθε
2934 4417 3033 4483 τὴν
3087 4415 3263 4487 ψυχὴν
3318 4416 3543 4487 σφόδρα,
3580 4416 3691 4487 ’καὶ

2115 4489 2442 4559 ἐταράττετο
2464 4486 2530 4539 τά
2561 4486 2844 4559 σπλάγχνα
2873 4488 3062 4559 αύτῆς,
3105 4485 3232 4559 mi;
3254 4486 3512 4559 Δμαλιστα
3573 4485 3694 4554 βλέ-

2118 4556 2295 4612 πουσα
2321 4560 2447 4621 τοὺς
2471 4559 2626 4618 νέους
2654 4556 3161 4626 περιλαμϐάνοντας
3186 4556 3471 4625 ἀλλήλους,
3521 4573 3693 4609 κατα-

2117 4628 2407 4697 φιλοῦντάς
2438 4646 2498 4680 τε
2539 4628 2633 4712 καὶ
2681 4628 2988 4712 κλαίοντας,
3027 4628 3351 4712 καὶιὲπεῖχε
3384 4626 3693 4712 ’θεωροῦσα

2116 4696 2310 4762 αὐτοὺς
2339 4700 2456 4765 ἅμα
2477 4698 2570 4750 καὶ
2593 4697 3024 4766 διαλογιζομένη,
3082 4698 3277 4766 μήπως
3339 4696 3493 4748 αύτοί
3551 4699 3692 4750 εἰσιν

2114 4771 2163 4821 oi
2193 4770 2301 4822 υἱοὶ
2328 4768 2499 4836 αύτῆς
2521 4784 2535 4797 ’
2568 4769 2661 4820 καὶ
2696 4769 2930 4836 μάλιστα
2956 4767 3085 4835 περὶ
3122 4768 3217 4819 τοῦ
3249 4767 3454 4835 πατρὸς
3513 4767 3693 4820 εἰπόν-

2115 4858 2244 4903 των,
2277 4841 2359 4892 ὂτι
2407 4838 2784 4911 στρατηλάτης
2832 4838 2983 4891 ἐστί’
3032 4838 3125 4890 καὶ
3157 4838 3239 4890 ὅτι
3274 4839 3332 4890 ὲν
3380 4836 3625 4911 θαλάσσῃ
3656 4838 3691 4907 ἡ

2118 4858 2244 4903 των,
2277 4856 2359 4892 οτι
2407 4856 2467 4891 στ
2509 4855 2688 4907 ατηΛαλ

2118 4910 2301 4980 μήτηρ
2338 4855 2688 4975 κατελείφθη.

2290 4980 2348 5032 δὲ
2378 4979 2604 5049 ἐπιούσῃ
2643 4977 2870 5050 ἡμέρας
2898 4978 3172 5050 προσῆλθε
3209 4977 3288 5050 τῷ
3340 4977 3690 5050 πρατηλάἳῃ

2114 5048 2337 5121 ήγυῦὴ,
2367 5048 2599 5121 λέγουσα
2628 5066 2643 5081 ⁶
2667 5048 2871 5117 ’Δεομαί
2913 5066 3045 5121 σου,
3085 5049 3241 5121 κύριὲ
3286 5067 3429 5121 μου,
3479 5048 3692 5121 ὲκμγῆς

2128 5117 2692 5190 ῬωμαίωνΑύπάρχω,
2728 5121 2820 5172 καί
2860 5117 3201 5189 αἰχμάλωτός
3250 5120 3365 5188 εἰμι
3419 5117 3687 5190 ἐνταῦθα’

2115 5188 2355 5259 ἀνάγαγε
2383 5188 2477 5244 οῦν
2506 5188 2572 5259 με
2595 5188 2679 5253 είς
2704 5190 2802 5258 τὴν
2834 5188 3070 5261 πατρίδα
3098 5208 3220 5261 μου,
3251 5189 3362 5261 Ka‘t
3384 5189 3553 5261 ταῦτα
3575 5188 3692 5261 *λέ-

2115 5257 2315 5330 γουσα,
2344 5257 2588 5314 κατενόει
2630 5260 2698 5312 τὰ
2726 5257 3031 5329 σημεῖατὰ
3067 5257 3124 5313 ἐν
3150 5259 3226 5328 τῷ
3273 5259 3428 5329 ἀνδρὶ
3468 5257 3641 5325 αὐτῆς
3672 5274 3686 5287 ·

2115 5334 2206 5386 καὶ
2230 5332 2527 5399 ἐπιγνοῦσα
2550 5330 2735 5391 αὑτὸν,
2761 5332 2855 5383 καί¹
2888 5330 3273 5399 προσπεσοῦσα
3310 5330 3459 5398 αύτῷ
3487 5330 3641 5395 ἔλεγε
3670 5344 3686 5360 ο

2112 5403 2314 5469 Δέομαί
2344 5420 2459 5467 σου,
2492 5402 2646 5472 κύριέ
2693 5418 2830 5472 μου,
2868 5400 2943 5470 μὴ
2974 5401 3365 5470 ἀγανακτήσῃς
3403 5401 3545 5452 κατὰ
3590 5399 3689 5466 τῆς

2111 5471 2304 5540 δούλης
2344 5490 2459 5534 σου,
2490 5471 2601 5525 ἀλλ’
2629 5471 2874 5539 εὐμενῶς
2903 5473 3157 5532 ἄκουσον,
3219 5473 3313 5523 καὶ
3349 5472 3558 5539 φράσον
3575 5485 3689 5540 *μοι

2107 5546 2209 5616 τὴν
2240 5535 2471 5615 ἀρχαίαν
2505 5561 2599 5616 σου
2631 5535 2928 5616 πολιτείαν1
2990 5541 3131 5616 Ἐγῲ
3161 5542 3267 5610 γὰρ
3301 5535 3505 5608 νομίζω
3529 5535 3686 5616 ἐἶναι

2110 5609 2174 5667 σέ
2207 5609 2701 5684 τὸνστρατηλάτην
2732 5612 3022 5684 Πλακίδαν,
3055 5613 3161 5684 τὸν
3214 5609 3688 5684 μετονομασθέ-ντα

2113 5677 2413 5739 Εύστάθιον
2444 5677 2605 5751 ἐν’τῷ
2627 5677 2961 5753 βαπτίσματι
2998 5698 3011 5710 ·
3050 5682 3198 5753 ὅστις
3215 5677 3688 5753 λόφθένὼςᾼαύτῷ

2111 5754 2206 5808 τοῦ
2236 5754 2474 5825 Χριστοῦ
2497 5748 2587 5807 διά
2606 5748 2699 5807 τοῦ
2730 5748 2951 5825 ἐλάφου,
2986 5752 3317 5825 ἐπίστευσεν
3339 5752 3419 5825 sic
3437 5748 3637 5825 Δαὐτόν
3668 5766 3682 5777 ’

2116 5825 2209 5878 καὶ
2254 5817 2581 5895 πειρασμοῖς
2624 5817 2937 5895 περιπεσὼν
2974 5822 3312 5895 ἀνηκέστοις,
3359 5818 3539 5895 λαϐὼν
3588 5817 3687 5895 τήν

2117 5889 2559 5965 γυναῖκαἀύτοῦ,
2589 5889 2712 5968 ἥτις
2761 5894 2876 5964 εἰμὶ
2943 5889 3075 5962 ἐγὼ,
3122 5894 3215 5946 καὶ
3253 5893 3322 5946 τά
3367 5891 3460 5944 δύο
3494 5889 3684 5944 παιδία
