4092 6580
308 406 398 468 421

893 403 1171 464 ORATIO
1201 403 1363 466 XIX.
1397 427 1464 437 ·-
1499 401 1581 462 ΙΝ
1621 399 1934 462 LAUDEM
1971 401 2031 463 S.
2067 389 2486 462 HYACINTHI
2513 399 2916 462 AMASTREN
2926 402 2975 462 Ι.

3444 395 3549 463 322

308 519 557 591 mﬂtéoiv
581 520 610 571 δ
631 518 1078 590 θαυμασιώτατος
1095 517 1432 588 ἀναγόμενος
1465 517 1708 588 ἀρεταῖς,
1740 518 1875 570 πᾶσι

1987 515 2236 570 omnibus
2268 527 2466 570 nomen
2531 515 2788 570 obtinuit.
2849 513 3011 570 Omni
3071 516 3217 570 enim
3287 515 3550 572 virtutum

305 611 357 664 δὲ
387 609 550 672 θείοις
582 609 677 662 τοῦ
731 609 1047 679 Πνεύματος
1095 610 1566 678 συγκροτούμενος
1598 609 1869 678 χαρίσμα-

305 721 385 756 etv
406 741 422 766 ,
451 703 513 755 ὲν
547 701 709 774 πολιᾷ
735 701 793 754 δὲ
824 701 1016 772 βαθείᾳ
1060 700 1313 771 λαμπρὸν
1340 702 1435 754 καὶ
1487 699 1785 772 περιφανὲς
1813 701 1876 754 τὸ

305 794 606 866 μαρτύριον
638 793 870 858 ἀποδοὺς
919 794 1001 865 τῷ
1043 794 1184 863 Θεῷ,
1216 794 1477 864 λαμπρᾶς
1520 795 1600 847 ὅτι
1639 794 1877 865 μάλιστα

304 885 520 956 καὶτῆς
555 885 917 956 ἀναρρήσεως
938 883 1310 948 καταξιοῦται.

374 1115 442 1187 β’.
471 1116 774 1186 Τοιγαροῦν
806 1117 1178 1187 ὲπαινὲσωμεν
1204 1120 1294 1172 καὶ
1329 1121 1490 1190 ήμεῖς
1515 1122 1604 1173 τὸν
1629 1121 1878 1186 ἀξιεπαίο

308 1224 464 1260 νετον
496 1207 592 1259 τοῦ
636 1208 772 1261 Θεοῦ
831 1209 992 1262 παῖδα
1021 1209 1110 1262 τὸν
1159 1210 1420 1278 ἁξιόθεον,
1451 1212 1540 1264 τὸν
1573 1211 1875 1283 ἀξιομακά-

307 1316 490 1369 ριστον
536 1300 822 1354 Ὑάκινθον
843 1339 859 1366 ,
905 1301 994 1354 τὸν
1034 1302 1244 1372 νοητὸν,
1280 1303 1374 1356 καὶ
1406 1304 1589 1373 τίμιον
1620 1305 1714 1358 τοῦ
1745 1305 1876 1358 Θεοῦ

303 1392 474 1458 λίθον,
487 1393 580 1446 τὸν
605 1392 869 1463 ἔμψυχον,
889 1394 979 1447 τὸν
996 1393 1196 1460 ζῶντα,
1210 1395 1302 1448 τὸν
1317 1397 1521 1468 νοερὸν,
1534 1397 1624 1450 τὸν
1644 1398 1879 1468 οὐρανίῳ

303 1484 399 1537 τοῦ
437 1484 756 1555 Πνεῦματος
786 1485 1092 1555 φρονήματι
1108 1479 1195 1538 οἷα
1209 1486 1448 1558 λαμπρῷ
1469 1487 1562 1540 καὶ
1581 1487 1879 1559 οὑρανοόα-

306 1579 399 1645 φεῖ
447 1577 698 1648 χρώματι
756 1578 1079 1649 κατακόρως
1147 1578 1290 1633 οὕτω
1347 1579 1728 1652 χρωννύμενον
1784 1581 1880 1634 καὶ

305 1668 678 1739 κλεῖξόμενον,
710 1669 786 1731 ὡς
816 1669 981 1739 μέρος
1011 1670 1108 1724 καὶ
1140 1671 1302 1724 αὑτὸν
1350 1670 1440 1725 τοῦ
1489 1672 1752 1740 στεφάνου
1784 1673 1880 1742 τῆς

307 1761 466 1830 δόξης
491 1760 587 1813 τοῦ
620 1761 696 1830 τῷ
725 1761 1066 1830 Παμὸασιλεῖ
1115 1762 1415 1826 πλακέντος
1441 1761 1877 1817 ἁναδείκνυσθαι.

1972 620 2168 675 genere
2197 605 2266 659 ab
2313 605 2566 671 infantia,
2610 607 2694 660 vir
2747 621 2961 662 summe
3019 607 3391 666 admirandus.
3425 623 3555 678 pro-

1974 705 2199 758 vectus,
2258 697 2580 765 cunctisque
2629 697 2828 751 divinis
2884 697 3121 766 Spiritus
3175 698 3364 766 gratiis
3419 711 3554 752 con-

1975 788 2169 856 fertus,
2195 792 2306 845 alta
2337 799 2615 846 senectute
2639 790 2788 844 claro
2808 789 3116 859 illustrique
3153 789 3263 844 Deo
3290 791 3554 861 martyrio

1976 883 2206 947 reddito,
2272 898 2437 953 quam
2495 883 2733 937 maxime
2786 881 3072 951 splendido
3125 884 3398 951 przeconio
3455 883 3554 942 doc

1978 986 2158 1029 natur.

2045 1127 2101 1181 2.
2133 1127 2318 1198 Itaque
2345 1145 2444 1184 nos
2475 1129 2638 1183 etiam
2681 1129 2905 1198 dignum
2957 1129 3116 1182 laude
3159 1129 3253 1182 Dei
3292 1128 3555 1183 famulum

1979 1217 2230 1274 laudibus
2251 1236 2646 1290 prosequamur
2675 1239 2689 1274 :
2723 1222 2902 1275 virum
2927 1223 3136 1277 scilicet
3170 1223 3280 1276 Deo
3302 1223 3553 1291 dignum,

1945 1311 2138 1380 _digne
2207 1327 2436 1381 prorsus
2487 1313 2906 1368 beatiﬁcandum
2961 1315 3365 1384 Hyacinthum;
3396 1316 3557 1381 spiri-

1980 1403 2140 1457 talem
2193 1406 2609 1475 pretiosumque
2645 1405 2738 1459 Dei
2781 1406 3012 1475 lapidem
3047 1423 3061 1472 ;
3096 1409 3417 1468 animatum,
3475 1407 3555 1458 vi—

1981 1503 2235 1560 ventem,
2291 1495 2722 1566 intelligentem,
2789 1500 3001 1554 caelesti
3064 1501 3299 1568 Spiritus
3368 1514 3556 1564 sensu,

1984 1584 2134 1638 velut
2162 1585 2312 1640 claro
2341 1588 2663 1657 cmlestiqne
2699 1589 2882 1644 colore
2911 1598 3095 1644 saturo
3129 1591 3262 1644 adeo
3290 1589 3556 1642 imbutum

1982 1689 2047 1728 ac
2078 1676 2482 1744 collustratum,
2522 1689 2581 1733 ut
2609 1689 2664 1734 et
2713 1682 2828 1750 ipse
2871 1696 3091 1735 coronae
3118 1682 3322 1750 κίοι-ἰαὶ,
3358 1682 3559 1735 summi

1982 1766 2226 1820 omnium
2276 1766 2440 1838 Regis
2496 1769 2667 1838 plene
2724 1772 2911 1840 capiti,
2961 1788 3088 1840 pars
3133 1773 3353 1826 cniteat.
3407 1771 3562 1824 llunc

307 1851 510 1904 Τοῦτον
543 1852 779 1924 σήμερον
810 1853 952 1906 κατὰ
979 1853 1076 1923 τὴν
1105 1854 1320 1924 ἐτήσιον
1367 1854 1532 1908 αὑτοῦ
1585 1856 1677 1908 καὶ
1729 1854 1880 1924 ἱερὰν

1987 1854 2168 1920 hodie,
2207 1871 2392 1911 annua
2433 1859 2554 1927 ejus
2614 1876 2879 1930 sacraque
2935 1863 3220 1926 memoria,
3277 1865 3328 1916 in
3388 1865 3561 1915 laudis

312 1943 684 2013 μνημοσύνην,
717 1942 1061 2015 είςῠῦμνησιν
1089 1947 1209 2008 ταῖς
1251 1944 1602 2015 Ἐκκλησίαις
1631 1946 1880 2017 προτιθέ-

313 2053 475 2106 μενον
522 2037 635 2098 τοῖς
680 2035 788 2088 τῶν
840 2035 1009 2104 λόγων
1052 2036 1270 2102 ἄνθεσι,
1327 2038 1466 2092 κατὰ
1519 2038 1745 2109 δύναμιν
1787 2040 1882 2092 καὶ

311 2129 471 2196 ἡμεῖς
501 2127 930 2197 ἁναδησώμεθα·
985 2128 1081 2181 καὶ
1115 2129 1223 2182 τῶν
1278 2131 1630 2201 μαρτυρικῶν
1658 2131 1885 2199 ἀγώνων

311 2220 551 2289 γνησίως
581 2221 744 2272 αὑτὸν
802 2221 1226 2291 μακαρίσαντες,
1263 2222 1492 2274 καὶτῶν
1537 2223 1636 2291 τῆς
1673 2240 1882 2294 μαρτυ-

316 2311 437 2380 ρίας
467 2311 751 2364 ἐπάθλων·
796 2311 888 2364 διὰ
939 2311 1112 2366 ταῦτα
1154 2315 1602 2383 κοινωνήσαντες,
1639 2316 1786 2386 αὐτῷ
1825 2335 1884 2370 τε

313 2401 491 2470 χρέως
555 2404 914 2472 χαριέστατον
975 2404 1353 2474 ἀποδώσομεν,
1382 2407 1477 2459 καὶ
1518 2410 1584 2477 τῇ
1619 2407 1714 2460 τοῦ
1748 2409 1884 2461 Θεοῦ

327 2492 627 2562 Ἐκκλησία
712 2493 811 2564 τὴν
877 2494 1233 2564 ὀφειλομένην
1299 2497 1664 2566 προσοίσομεν
1743 2501 1888 2553 οἰκοσ-

313 2585 510 2655 δομήν.

1985 1956 2362 2015 argumentum
2417 1947 2674 2005 Ecclesiis
2722 1952 3079 2020 prepositum,
3111 1969 3422 2008 sermoiium
3467 1956 3559 2009 llo-

1985 2036 2158 2100 ribus,
2187 2039 2366 2105 quoad
2409 2053 2502 2108 per
2559 2039 2868 2094 facultatem
2924 2042 3158 2105 licuerit,
3217 2060 3318 2098 nos
3347 2060 3562 2114 quoque

1985 2141 2352 2194 coronemus;
2392 2145 2612 2199 quoque
2661 2133 2902 2201 martyrii
2961 2133 3174 2187 sincere
3211 2150 3414 2199 agniti-.5
3467 2147 3561 2190 de-

1985 2219 2232 2286 sudarit,
2294 2221 2512 2276 beatum
2567 2225 2958 2292 praedicantes,
3015 2229 3367 2296 maityriique
3439 2237 3562 2280 inde

1989 2309 2221 2379 primitiis
2282 2313 2789 2374 communicantes,
2851 2329 2976 2366 cum
3030 2314 3101 2366 illi
3165 2317 3403 2381 lepidissi
3469 2333 3556 2368 um

1989 2401 2277 2456 reddemus
2346 2402 2625 2466 debitum.
2687 2415 2800 2458 tum
2860 2403 2955 2458 Dei
3016 2405 3271 2459 Ecclesiae
3327 2409 3559 2460 debitam

1989 2492 2344 2548 nihilominus
2365 2494 2800 2561 adiﬁcationem,
2824 2507 2977 2567 grato
2999 2513 3224 2552 munere
3250 2499 3562 2556 oiferemus.

383 2762 453 2832 γ’.
491 2764 710 2833 Ἐκείνῳ
760 2767 962 2836 πατρὶς
1020 2769 1120 2837 μὲν
1171 2769 1204 2840 ή
1239 2769 1350 2824 ἄνω
1391 2771 1550 2838 Σιὼν,
1585 2774 1616 2845 ή
1661 2774 1888 2848 λαμπρὰ

2059 2780 2113 2834 5.
2148 2780 2229 2835 Illi
2289 2783 2462 2852 patria
2517 2785 2736 2855 quidem
2791 2804 3026 2858 superna
3073 2789 3226 2856 Sion,
3262 2793 3406 2847 clara
3444 2810 3571 2850 san-

316 2857 534 2910 πάντων
556 2857 729 2925 ἁγίων
753 2859 916 2927 νοερά
957 2875 1017 2912 τε
1055 2862 1389 2932 μητρόπολις
1437 2866 1530 2917 καὶ
1565 2869 1728 2938 πιστή
1750 2886 1764 2900 υ
1789 2889 1888 2923 πα-

1990 2880 2203 2924 ctorum
2231 2875 2476 2928 omnium
2507 2877 2882 2948 mentiumque
2911 2884 3227 2950 metroiiolis
3256 2899 3320 2937 ac
3349 2886 3520 2938 ﬁdeli.
3551 2900 3569 2952 ;

319 2949 421 3016 τὴρ
450 2948 508 2999 δὲ
540 2947 745 3018 ἀληθὴς
769 2949 798 3000 ὁ
825 2950 957 3014 Θεός
979 2968 993 2982 ·
1031 2953 1213 3024 μήτηρ
1235 2954 1292 3008 δὲ
1331 2957 1363 3026 ή
1400 2957 1558 3026 χάρις
1606 2959 1699 3012 τοῦ
1724 2963 1888 3015 Πνεῦ-

1992 2977 2156 3018 verus
2183 2975 2367 3018 autem
2427 2975 2614 3035 pater,
2690 2967 2876 3024 Deus:
2948 2982 3124 3037 mater
3181 2990 3340 3039 vero,
3397 2977 3570 3045 gratia

323 3055 489 3108 ματος
515 3055 530 3068 ·
556 3040 590 3110 ή
624 3040 879 3094 τοσοῦτον
907 3041 976 3094 δι’
1004 3042 1197 3109 ὕδατος
1215 3047 1657 3119 ἀναγεννώμενον
1688 3052 1888 3108 ἄνωθεν

1993 3053 2229 3121 Spiritus
2263 3071 2278 3120 ;
2319 3071 2440 3125 qua:
2471 3058 2550 3112 sic
2576 3075 2674 3129 per
2729 3075 2926 3131 aquam
2983 3065 3161 3117 denuo
3217 3066 3332 3135 (seu
3374 3070 3568 3131 mavis.

318 3127 534 3187 ἐνδῦσα.
573 3129 670 3182 καὶ
711 3130 809 3201 τὴν
833 3133 891 3185 ἐν
931 3133 1340 3207 αὑτῷ-φυσικήν
1373 3141 1454 3203 είς
1472 3141 1722 3215 ὑπερφυῆ
1761 3163 1888 3217 μορ·

1995 3144 2250 3217 superne)
2307 3162 2684 3217 regeneratum
2733 3152 2964 3208 subierit
3019 3153 3406 3226 infnderitque,
3476 3175 3574 3212 na-

320 3219 424 3288 φὴν
455 3220 828 3288 μεταποιοῦσα
863 3224 958 3277 καὶ
996 3227 1075 3289 είς
1097 3227 1392 3297 ἐπίγνωσιν
1435 3233 1694 3303 ἀληθείας
1732 3236 1888 3304 Θεοῦ,

1993 3233 2221 3288 turalem
2273 3235 2330 3289 in
2377 3251 2443 3291 eo
2479 3236 2711 3292 formam
2776 3242 3056 3310 eximiam,
3106 3259 3190 3309 ac,
3261 3261 3424 3315 quam
3473 3263 3574 3318 pro

318 3310 412 3408 ἰαὶ
439 3310 741 3406 είςμέτρον
767 3313 983 3384 ήλικίας
1021 3317 1118 3370 τοῦ
1161 3319 1527 3392 πληρώματος
1577 3329 1888 3398 προάγουσα

1992 3335 2202 3382 ποιοῖ-αι
2230 3329 2540 3385 rationibus
2572 3331 2893 3387 nobiliorem
2923 3335 3236 3400 demutans,
3265 3310 3331 3390 ad
3363 3310 3576 3408 Deique

318 3393 578 3485 Χριστοιῖ,
609 3397 982 3468 δοκιμώτατον
1035 3404 1126 3458 ἐπὶ
1182 3408 1327 3463 τέλει
1375 3393 1629 3485 μάρτυρα
1681 3393 1892 3485 τοῦτον,

320 3483 414 3534 καὶ
486 3483 915 3555 ἀξιολογώτατον
985 3493 1174 3566 Κυρίῳ
1243 3483 1572 3570 παρίστησιν
1634 3483 1891 3579 ἀθλητήν,

331 3571 599 3628 ’Δλλόὑδ¹
634 3579 666 3643 ἡ
709 3579 859 3633 κάτω
914 3587 1114 3655 πατρὶς
1170 3587 1418 3659 ἄσημοςο
1472 3593 1584 3645 οὐδ’
1623 3571 1895 3667 ἀνώνυμοι

321 3668 413 3719 καὶ
468 3669 715 3734 ἀγεννεῖς
772 3671 850 3742 τῷ
929 3675 1197 3747 Ὑακίνθῳ
1256 3684 1453 3744 τοκείς,
1513 3684 1792 3756 Ἀμάστρα
1840 3689 1896 3742 δὲ

320 3756 511 3811 τοῦτον
540 3759 818 3828 ἐνιρύσασα
882 3768 972 3818 καὶ
1021 3766 1374 3839 τιθηνήσασα,
1414 3775 1628 3828 καὶὺπὸ
1651 3778 1896 3846 γονεῦσιν

321 3851 615 3920 ἐπισήμοις
683 3871 742 3907 τε
795 3857 981 3911 τοῦτον
1051 3861 1472 3937 ἀναθρεψαμένη
1528 3869 1621 3921 καὶ
1663 3874 1892 3939 πιστοῖς,

322 3942 477 3996 ἔλαθε
502 3945 594 3998 τὸν
621 3948 792 4018 αὐτῆς
834 3952 1249 4026 προϐαλλομένη
1301 3958 1587 4030 πολιοῦχον
1617 3964 1710 4015 καὶ
1739 3964 1895 4016 πολι-

323 4039 476 4107 στήν.

392 4276 456 4333 δ’.
497 4279 801 4354 Ἀμάστρα,
849 4287 878 4339 ὁ
921 4287 1018 4356 τῆς
1040 4289 1444 4361 Παφλαγονίας,
1479 4297 1679 4366 μᾶλλον
1712 4298 1767 4353 δὲ
1798 4301 1898 4371 τῆς

325 4370 672 4460 οἰκουμένης,
707 4374 888 4443 ὀλίγου
928 4377 1058 4443 δεῖν,
1103 4382 1398 4454 ὀφθαλμδς,
1455 4389 1535 4450 είς
1569 4388 1637 4460 ήν
1675 4391 1811 4444 οἵτε
1836 4370 1898 4445 τὸ

328 4455 537 4529 βόρειον
559 4461 653 4514 τοῦ
694 4464 949 4530 Εὐξείνου
1001 4471 1168 4542 μέρος
1217 4455 1623 4543 περιοικοῦντες
1667 4481 1893 4546 Σκύθαι,

1994 3418 2238 3475 veritatis
2292 3421 2625 3491 agnitionem
2685 3439 2749 3478 ac
2807 3440 3121 3480 mensuram
3187 3435 3407 3483 staturae
3463 3431 3577 3500 ple-

1995 3510 2260 3566 nitudinis
2289 3512 2492 3567 Christi
2525 3517 2854 3582 provehens.
2889 3527 2948 3571 ut
2974 3519 3421 3586 probatissimum
3455 3531 3574 3576 tan-

1995 3599 2117 3654 dem
2150 3613 2464 3672 martyrem,
2501 3621 2564 3658 ac
2610 3609 3067 3674 spectatissimum
3121 3611 3354 3666 Dmnino
3391 3616 3567 3671 athle-

1997 3699 2104 3744 tam
2145 3691 2462 3748 reddiderit.
2491 3694 2560 3748 At
2596 3713 2662 3750 ne
2705 3708 2916 3751 terrena
2951 3703 3166 3769 quidem
3201 3708 3373 3774 patria
3419 3708 3575 3776 igno-

1997 3783 2172 3851 bilis;
2232 3800 2335 3839 ncc
2389 3786 2607 3840 obscuri
2656 3804 2831 3858 exque
2867 3791 3036 3858 plebis
3083 3794 3212 3848 faece
3269 3796 3577 3867 Hyacinthe

1999 3884 2253 3942 parentes
2307 3878 2614 3933 exstitere:
2673 3881 2803 3949 quin
2854 3884 3121 3939 Amastris
3175 3903 3299 3941 cum
3353 3891 3578 3945 sustulit

1997 3972 2052 4019 et
2107 3966 2378 4035 educavit,
2433 3970 2708 4040 clarisque
2767 3988 2831 4028 ac
2881 3977 3154 4033 nobilibus
3217 3979 3575 4052 fidelibusque

1999 4058 2313 4125 parentibus
2369 4061 2521 4115 alens
2576 4063 2830 4119 nesciens
2885 4081 3022 4134 pene
3078 4078 3366 4136 patronum
3415 4089 3571 4128 suum

1998 4157 2386 4218 auctoremque
2418 4165 2483 4204 ac
2522 4153 2822 4222 principem
2856 4159 3102 4225 protulit.

2069 4303 2102 4356 4
2131 4303 2401 4359 Amastris
2441 4307 2719 4372 nimirum,
2759 4308 3148 4384 Paphlagonia:
3176 4317 3331 4390 (quin
3387 4324 3574 4391 potius

1997 4394 2148 4450 orbis
2201 4395 2314 4450 fere
2361 4399 2550 4469 totius)
2590 4402 2832 4470 ocellus;
2879 4406 2944 4459 ad
2995 4424 3154 4474 quam
3204 4413 3573 4473 circnmvicini

2003 4484 2217 4557 Scythae
2241 4498 2353 4541 tum
2384 4493 2476 4558 qui
2506 4491 2778 4548 borealem
2804 4499 2969 4552 maris
2991 4497 3189 4556 Euxini
3229 4505 3442 4574 plagam
3479 4510 3578 4563 ha-

328 4550 418 4602 καὶ
451 4553 503 4604 oi
529 4553 665 4624 πρὸς
699 4557 850 4611 νότον
883 4559 941 4612 δὲ
986 4562 1252 4633 κείμενοι,
1291 4566 1482 4640 ὥσπερ
1518 4571 1597 4631 είς
1635 4588 1688 4624 τι
1718 4574 1888 4626 κοινὸν

2078 4550 2093 4557 _
2403 4550 2417 4558 _
2926 4550 2965 4552 κ-
3266 4550 3442 4572 --,......
3479 4550 3544 4563 ....

2002 4579 2197 4645 hitant,
2243 4589 2354 4634 tum
2398 4585 2490 4652 qui
2531 4585 2596 4639 ad
2634 4596 2878 4666 austrum
2934 4593 3094 4660 positi
3129 4550 3276 4663 sunt,
3327 4599 3473 4654 velut
3508 4605 3575 4657 ad

329 4644 712 4714 συντρέχοντες
772 4649 1076 4722 ἐμπόριον,
1131 4655 1198 4708 τὰ
1244 4657 1372 4728 παρ’
1426 4661 1635 4714 ἑαυτῶν
1676 4681 1734 4716 τε
1775 4683 1897 4718 συν-

328 4735 661 4805 εισφέρουτι,
717 4742 812 4792 καὶ
861 4743 970 4796 τῶν
1014 4746 1145 4816 παρ’
1189 4748 1360 4818 αὐτῆς
1404 4751 1893 4823 ἀντιλαμϐάνουσιο

327 4825 503 4891 πόλις,
535 4826 676 4898 ἑῴας
714 4847 773 4883 τε
800 4833 981 4906 πάσης
1018 4836 1225 4908 λήξεως
1269 4843 1362 4894 καὶ
1400 4843 1654 4915 ἑσπερίου
1691 4849 1894 4917 μεταξὺ

329 4919 560 4990 κειμένη
583 4937 596 4951 ·
635 4921 808 4978 οὐδενὶ
843 4927 940 4995 μὲν
973 4928 1080 4981 τῶν
1105 4932 1212 4984 ἀπὸ
1239 4934 1340 5003 γῆς
1373 4935 1405 5004 ἤ
1439 4936 1710 5010 θαλάσσης
1749 4942 1896 5009 ἀγωι

326 5010 503 5077 γίμων
534 5015 856 5078 σπανίζεται
876 5034 893 5050 ··
921 5022 1051 5073 πᾶσι
1081 5022 1136 5075 δὲ
1182 5027 1293 5088 τοῖς
1319 5028 1643 5098 ἐπιτηδείοις
1665 5032 1900 5099 δαψιλῶς

327 5100 724 5172 εὐθηνουμένη,
757 5109 1152 5181 οίκοδομήμασί
1189 5132 1248 5167 τε
1277 5116 1548 5190 λαμπροῖς
1571 5123 1664 5175 καὶ
1695 5125 1897 5194 τείχεσι

327 5195 633 5260 καρτεροῖς,
668 5196 756 5248 ναὶ
783 5197 846 5268 δὴ
870 5200 964 5283 καὶ
1001 5201 1184 5272 λιμέσι
1216 5209 1418 5274 καλοῖς,
1453 5213 1547 5264 καὶ
1591 5215 1898 5285 οἰκήτορσιν

327 5280 529 5335 ἄνωθεν
561 5281 1050 5357 περιφανεστάτοις
1094 5299 1431 5370 κεχρημένη,
1477 5303 1556 5354 ἐνὶ
1586 5280 1793 5375 τούτῳ,
1831 5311 1896 5377 τῇ

323 5371 403 5464 τίς
466 5374 561 5426 τὸν
609 5375 740 5428 Θεὸν
781 5380 1054 5452 εὐσεϐείᾳ,
1106 5389 1286 5458 μικρῷ
1339 5390 1554 5444 πάντων
1597 5371 1897 5464 ἀνθρώπων

328 5461 642 5532 ἠλαττοῦτο.
684 5470 792 5522 Καὶ
854 5479 1104 5529 σκοπεῖτε
1152 5479 1213 5531 τὸ
1241 5483 1340 5549 τῆς
1381 5485 1606 5537 ἐκείνων
1630 5487 1898 5555 ἀγνωσίας

325 5554 356 5623 ἢ
376 5556 803 5649 δεισιδαιμονίας
828 5563 990 5633 βάθος
1013 5582 1026 5598 ο
1044 5569 1103 5620 οὐ
1124 5570 1230 5640 γὰρ
1261 5575 1318 5624 ὲν
1362 5554 1724 5649 ἀνθρώπων
1746 5580 1897 5644 ζώων

323 5648 483 5739 ’τινῶν
535 5651 846 5721 ὁμοιώματι
904 5659 1001 5728 τὴν
1073 5661 1166 5714 τοῦ
1217 5662 1495 5735 ἀφθάρτου
1563 5648 1897 5739 Θεοῢίδόξαν

325 5734 730 5805 ἐναλλάξαντες,
789 5742 976 5817 ὥσπερ
1013 5749 1291 5822 ,Ἑλλήνων
1339 5734 1433 5809 καὶ
1483 5734 1892 5825 Αίγυπτίωννοί

328 5826 562 5898 πλείους,
591 5833 652 5887 τὸ
685 5835 846 5902 σέϐας
871 5842 984 5905 τοῖς
1015 5843 1265 5914 δαίμοσιν
1319 5848 1659 5920 ἀφοσιοῦντο,
1694 5853 1895 5929 δένδρῳ

1997 4683 2286 4726 commune
2326 4690 2716 4733 concurrentes
2748 4683 3072 4751 emporium,
3127 4697 3238 4741 tum
3286 4707 3414 4748 suas
3468 4693 3576 4763 ipsi

1999 4763 2245 4817 inferunt
2274 4781 2502 4833 merces,
2538 4780 2652 4823 tum
2685 4773 2753 4824 ab
2786 4789 2846 4827 ea
2898 4778 3168 4845 recipiunt
3196 4799 3208 4834 :
3249 4779 3386 4838 Urbs
3433 4788 3578 4840 SCilia

1996 4865 2082 4908 cet
2108 4857 2284 4910 media
2319 4857 2431 4913 fere
2469 4858 2706 4918 Orientis
2738 4867 2918 4920 omnis
2963 4870 3186 4925 ditionis
3234 4871 3577 4932 Occidentis-

1997 4961 2108 5016 que
2139 4953 2472 5015 constituta;
2513 4953 2719 5008 nullius
2766 4965 2907 5012 terra
2939 4968 3034 5014 aut
3074 4964 3210 5016 mari
3242 4979 3579 5025 commeatus

1998 5042 2225 5106 penuria
2262 5043 2535 5110 laborans,
2569 5048 2890 5118 cunctisque
2931 5058 3254 5121 opportunis
3286 5060 3568 5116 allluenter

1999 5132 2319 5202 abundans;
2349 5137 2761 5208 splendidisque
2786 5143 3051 5208 aediliciis,
3088 5147 3411 5218 civibusque
3441 5152 3573 5212 olim

2000 5222 2388 5284 illustrissimis
2412 5237 2528 5295 usa,
2563 5245 2673 5284 uno
2709 5232 2811 5287 hoc
2833 5235 3068 5305 (pietate
3092 5240 3299 5294 scilicet
3324 5243 3376 5295 in
3401 5243 3571 5304 Deum

1999 5330 2065 5370 ac
2096 5317 2388 5388 religione)
2426 5322 2749 5379 mortalibus
2771 5329 3160 5395 propemodum
3197 5334 3457 5389 omnibus
3487 5337 3575 5390 in.

1999 5405 2165 5461 {erior
2207 5419 2344 5465 erat.
2380 5409 2539 5478 Nam,
2584 5429 2791 5484 quaeso,
2839 5418 3054 5474 illorum
3107 5422 3425 5492 ignorantia:
3479 5443 3576 5487 seu

2000 5501 2408 5568 superstitionis
2455 5505 2800 5564 altitudinem
2833 5523 3039 5582 quanta
3074 5515 3232 5582 foret,
3285 5521 3570 5578 attendite.

1999 5589 2116 5645 Non
2152 5594 2297 5647 enim
2349 5597 2403 5649 in
2476 5600 2756 5656 hominum
2815 5604 3195 5674 aliquorumve
3253 5613 3572 5670 animalium

2001 5682 2420 5742 simiiitndinem
2456 5690 2889 5760 incorruptibilis
2922 5697 3011 5752 Dei
3045 5700 3274 5770 gloriam
3306 5719 3558 5763 commu-
3617 5727 3620 5729 ·

2000 5781 2282 5842 taverant;
2314 5793 2422 5847 qua
2457 5782 2666 5840 ratione
2705 5785 3016 5846 Graecorum
3045 5793 3226 5863 plures
3251 5811 3314 5852 ac
3362 5797 3569 5869 Egyp-

1899 5935 1909 5940 _
2001 5862 2224 5936 tiorum,
2258 5867 2599 5934 daemonibus
2631 5878 2840 5940 cultum
2887 5862 3220 5946 adhibebant
3252 5906 3266 5946 :
3300 5890 3398 5948 sed
3435 5862 3588 5973 ἴυὶῖ
