4092 6632
500 421 608 483 423

498 631 743 690 aspectu,
779 629 962 687 utpar
993 624 1098 680 est,
1153 627 1418 686 grataque
1468 611 1742 666 frondium
1790 607 2068 676 composi-

501 713 645 765 tione
699 709 1028 764 eluxurianti
1075 707 1318 760 animum
1378 703 1741 764 attendentes,
1799 711 2072 768 supraque

503 805 722 858 modum
779 800 1056 869 insipienti
1116 799 1277 852 illecti
1333 797 1536 856 animo,
1587 805 1750 864 atque
1795 794 1913 860 ejus
1943 789 2070 844 victi

1697 409 1991 474 NICET/E
2029 405 2552 469 PAPHLAGO'NIS

496 533 618 586 dam
649 526 850 595 arbori,
875 526 1015 598 apud
1045 539 1138 581 eos
1167 525 1312 579 lotus
1345 522 1420 592 (ἰ)
1453 529 1800 591 ιιυηουραιιε,
1820 510 2067 589 pulchrae

2184 515 2222 567 Ξέ
2288 531 2394 568 τινι
2437 514 2545 566 τῶν
2611 511 2741 582 παρ’
2799 512 3016 580 αὐτοῖς,

3071 513 3226 584 λωτῷ
3267 516 3364 585 μὲν
3403 517 3568 570 καλου
3576 519 3749 588 μένῳ,

2175 606 2360 676 ὡραίῳ
2383 605 2440 658 δὲ
2464 605 2560 675 τὴν
2591 604 2740 670 θέαν,
2774 603 2849 667 ὡς
2890 605 3060 668 είκδς.
3093 607 3188 658 καὶ
3213 605 3428 659 εὐθαλεῖ
3451 608 3548 676 τὴν
3583 625 3756 662 κατα-

2183 696 2381 767 σκευὴν
2433 697 2784 766 προσχόντες,
2840 701 2933 749 καὶ
2983 698 3071 749 τὸν
3099 698 3322 767 ἀνόητον
3343 698 3465 750 νοῦν
3499 701 3757 771 ἀμέτρως

2179 786 2659 856 καταθελχθέντες,
2697 787 2792 839 καὶ
2819 788 3140 855 ἡττηθέντες
3161 790 3258 856 τῆς
3285 789 3450 840 αὐτοῦ
3468 790 3753 860 καλλονῆς,

501 895 923 964 pulchritudine,
953 893 1112 944 deutn
1148 891 1319 959 ipsam
1345 890 1666 951 vocitantes,
1693 883 2073 940 sacerdotibus

2184 877 2330 930 τοῦτο
2357 876 2488 929 Θεὸν
2512 875 2876 944 νενομήκασιν
2902 893 2914 904 ο
2971 875 3173 945 ἱερεῦσί
3217 892 3277 927 τε
3302 877 3394 928 καὶ
3428 875 3636 940 θυσίαις
3666 876 3756 941 ἐξ·

499 989 765 1040 tninistris
793 984 1210 1050 hostiarumque
1235 980 1490 1051 religione
1520 978 1839 1049 placandam
1882 976 2072 1030 decre-

497 1089 710 1133 γειτιιιι.

571 1169 628 1223 5.
670 1169 760 1221 Sic
803 1167 1061 1221 nimirum
1111 1175 1332 1234 tamque
1373 1163 1611 1216 immane
1654 1171 1847 1214 auctus
1887 1169 2076 1227 stupor

500 1270 805 1323 Sensusque
845 1256 1027 1307 Omnis
1053 1253 1324 1314 absentia,
1381 1252 1560 1304 omnis
1596 1265 1788 1303 sensus
1824 1248 1942 1302 luce
1982 1261 2074 1300 ca-

501 1351 637 1404 renti
669 1349 849 1403 arbori
899 1351 1050 1419 ipsos
1095 1347 1400 1401 addicebat.
1435 1347 1490 1400 ld
1530 1361 1660 1399 vero
1709 1345 1873 1398 etiam
1929 1341 2076 1396 illius

500 1457 694 1494 manus
715 1457 871 1510 opus,
893 1442 984 1509 qui
1013 1455 1041 1493 a
1063 1439 1332 1509 principio
1353 1437 1623 1491 homicida
1646 1436 1751 1490 est'
1773 1476 1787 1490 .
1819 1433 1867 1488 ls
1886 1450 2078 1502 nempe

498 1530 643 1599 quod
673 1545 702 1582 a
737 1531 986 1594 veritate,
1027 1544 1148 1598 quae
1185 1545 1288 1582 una
1343 1529 1568 1596 solaque
1595 1535 1699 1590 est,
1747 1526 1948 1594 pariter
1993 1539 2080 1577 se-

500 1621 693 1673 cedere
739 1634 806 1672 ac
842 1619 1043 1672 moveri
1090 1617 1434 1686 praestiterat,
1473 1613 1776 1666 innumeris
1824 1611 2078 1677 deinceps

498 1712 779 1765 erroribus
810 1710 1280 1777 diversissimique
1333 1707 1546 1776 generis
1597 1702 2079 1773 superstitionibus

502 1819 696 1858 noxam
723 1802 1005 1855 inferebat.
1039 1800 1212 1866 Quam
1239 1800 1422 1868 itaque
1441 1798 1707 1861 dicebam,
1725 1797 1938 1855 civitas,
1963 1793 2080 1845 dira

2177 969 2493 1023 ιλάσκεσθαι
2517 967 2686 1039 ᾤοντο
2718 967 2848 1022 δεῖν.

2244 1143 2307 1198 ε’.
2337 1144 2524 1205 Οῦτως
2550 1143 2730 1196 αὐτῶν
2779 1145 2811 1214 ἡ
2865 1143 3193 1212 ἀναισθησία
3233 1145 3714 1213 κατευμεγεθοῦσα
3736 1188 3754 1212 ,

2174 1237 2253 1306 τῷ
2283 1235 2595 1306 ἀναισθήτῳ
2623 1235 3008 1287 κατεδουλοῦτο
3059 1235 3200 1304 ξύλῳ
3220 1252 3232 1264 ’
3277 1237 3436 1307 ἔργον
3466 1240 3560 1290 καὶ
3596 1238 3759 1293 τοῦτο

2177 1329 2275 1398 τῆς
2298 1329 2394 1382 ἀπ’
2427 1327 2601 1397 ἀρχῆς
2629 1327 3074 1397 ἁνθρωποκτόνου
3111 1331 3326 1397 χειρόςο
3359 1329 3418 1391 ὂς
3440 1330 3623 1402 ἐπειδὴ
3655 1331 3758 1399 τῆς

2182 1422 2312 1490 μιᾶς
2344 1419 2599 1488 ἀληθείας
2639 1420 2734 1471 καὶ
2791 1419 2956 1487 μόνης
3007 1419 3566 1489 συμπαρακινηθῆναι
3611 1429 3758 1491 πάρ-

2179 1512 2492 1574 εσκεύαςεν,
2537 1512 2758 1580 μυρίαις
2784 1510 2969 1562 λοιπὸν
3009 1512 3244 1574 ἀπάταις
3285 1513 3379 1564 καὶ
3431 1513 3762 1583 δεισιδαιμο·

2180 1605 2322 1666 νίαις
2343 1603 2860 1672 πολυτροπωτάταις
2889 1603 3234 1669 ἐλυμαίνετο.
3273 1601 3336 1654 Ἢ
3362 1603 3461 1670 μὲν
3492 1602 3584 1655 οῦν
3602 1605 3760 1674 εἰρη-

2183 1697 2319 1765 μένη
2381 1695 2534 1754 πόλις
2585 1694 2646 1744 ἐκ
2688 1710 2831 1756 τινος
2879 1692 3225 1755 θεοϐλαϐείας
3278 1695 3763 1764 πατροπαραδότου

2182 1786 2276 1837 καὶ
2311 1786 2512 1838 ἀτόπου
2535 1785 2853 1858 προλήψεως
2896 1784 3319 1856 ξυλολατροῦσα,
3364 1785 3462 1854 τῆς
3501 1787 3764 1858 ἀληθινῆς

500 1898 734 1961 quadam
775 1900 1000 1948 adverso
1032 1895 1254 1947 numine
1293 1891 1610 1955 stoliditate,
1641 1890 1908 1957 majorum
1947 1898 2057 1940 tra-

2184 1877 2322 1929 οῦτω
2353 1876 2688 1946 διημάρτανε
2741 1877 3113 1945 θεογνωσίαςο
3165 1877 3266 1929 οὐκ
3317 1876 3507 1947 ἔμελλε
3558 1879 3613 1931 δὲ
3651 1879 3764 1949 ἄρα

499 1987 703 2041 ditione
764 1994 1008 2054 accepta,
1065 1983 1414 2052 absurdaque
1469 1982 1659 2035 inolito
1703 1981 1845 2049 vulgi
1893 1991 2076 2032 errore

499 2079 774 2147 opinione,
808 2079 1010 2132 cultum
1044 2076 1225 2129 arbori
1283 2061 1570 2137 adhibens,
1601 2089 1630 2126 a
1663 2086 1786 2124 vera
1849 2072 1937 2122 Dei
1970 2083 2062 2122 co-

2181 1968 2286 2020 ὑπὸ
2316 1969 2415 2036 τῆς
2435 1967 2527 2019 τοῦ
2555 1967 2790 2037 Χριστοῦ
2841 1967 3098 2036 προνοίας
3156 1970 3720 2042 παραμεληθήσεσθαι
3741 1987 3756 2000 ο

2176 2060 2284 2112 οὐδ’
2329 2061 2408 2121 εἰς
2461 2058 2610 2121 τέλος
2641 2059 2785 2128 αὐτῷ
2824 2059 3342 2130 παροραθήσεσθαι’
3392 2063 3452 2114 τὸ
3492 2063 3670 2132 τίμιον
3701 2062 3760 2116 δὲ

501 2171 744 2239 ειιῐιίοιιθ
767 2184 832 2223 ac
862 2169 962 2222 lide
1009 2183 1134 2222 eum
1171 2167 1224 2220 in
1252 2166 1472 2220 modum
1497 2163 1802 2218 aberrabat.
1842 2159 1958 2214 Non
1991 2169 2076 2212 ta-

2184 2150 2331 2202 τοῦτο
2383 2151 2476 2203 καὶ
2497 2150 2753 2218 θεόφυτον
2784 2152 3051 2221 εὐκαίρως
3079 2151 3345 2220 ὲξανίσχει
3369 2153 3532 2220 φυτόν
3550 2172 3565 2185 ·
3596 2156 3763 2222 φυτὸν

501 2278 622 2315 men
658 2259 900 2314 futurum
930 2269 1048 2314 erat
1073 2269 1134 2314 ut
1181 2274 1300 2314 eam
1331 2257 1536 2312 Christi
1591 2253 1927 2327 providentia
1977 2266 2074 2304 ne-

2184 2242 2318 2313 ξωῆς
2349 2243 2548 2312 νάγίας,
2582 2242 2676 2294 καὶ
2720 2242 2893 2312 ψυχῆς
2935 2243 3143 2305 τελείας
3175 2245 3272 2296 καὶ
3316 2244 3570 2314 ἀληθείας
3623 2246 3762 2299 Θεοῦ

500 2351 744 2422 gligerct,
787 2352 868 2406 vel
926 2351 980 2404 in
1028 2352 1135 2405 fine
1183 2359 1579 2404 contemneret.
1634 2346 1775 2412 Quin
1829 2343 2069 2398 nobilem

2171 2336 2396 2406 πλῆρες,
2446 2335 2584 2387 κατὰ
2624 2333 2717 2412 τοῦ
2743 2336 2842 2403 τῆς
2885 2335 3094 2406 πλάνης
3145 2336 3397 2406 ἀνίστησι
3422 2338 3613 2406 φυτοῦ.

500 2445 641 2499 hanc
685 2444 906 2512 Deoque
936 2451 1111 2498 satam
1167 2451 1476 2512 opportune
1522 2439 1774 2510 producit
1829 2438 2072 2506 stirpem.
2109 2429 2311 2500 Nempe
2345 2430 2568 2498 stirpem
2601 2429 2722 2482 vita:
2762 2440 2987 2494 sanctae,
3045 2429 3380 2498 perfectique
3412 2430 3614 2500 _animi
3693 2446 3760 2488 ac

502 2535 595 2590 Dei
625 2537 871 2590 veritatis
904 2536 1140 2604 plenam,
1191 2534 1453 2590 adversus
1497 2533 1701 2587 erroris
1758 2531 1983 2599 stirpem
2019 2525 2335 2581 exsuscitat.

572 2675 625 2730 6.
682 2675 868 2730 Sancti
924 2675 1086 2745 igitur
1141 2672 1430 2745 Hyacinthi
1466 2673 1639 2743 ipsam
1691 2672 1868 2741 primo
1916 2671 2072 2740 quasi

506 2767 750 2838 germine
776 2767 1098 2828 editionem,
1129 2767 1178 2820 ei
1228 2767 1439 2820 scilicet
1481 2769 1548 2819 ah
1583 2763 1808 2818 infantia
1832 2761 2080 2831 omnipo-

504 2859 669 2912 tentis
705 2857 942 2928 Spiritus
993 2855 1229 2910 alllatum
1287 2857 1542 2910 comitem
1595 2871 1658 2908 ac
1687 2855 2076 2923 operationem,

502 2949 946 3018 mirabiliumque
979 2963 1204 3018 operum
1227 2947 1612 3001 exhibitionem
1636 2946 1711 3014 (ὃ)
1733 2965 1745 2996 ι
1768 2947 1916 2998 novit
1934 2944 2077 2998 enim

505 3040 780 3110 Sapientia
829 3055 892 3094 ex
926 3043 1040 3110 ipsa
1075 3041 1234 3094 vulva
1287 3039 1382 3109 qui
1433 3039 1579 3092 illius
1638 3036 1928 3090 necessarii
1969 3035 2079 3089 sint

502 3131 849 3186 sanctilicare
878 3147 893 3196 ;
923 3146 986 3184 ac
1016 3145 1155 3199 quos
1191 3128 1307 3184 suis
1345 3127 1514 3198 agiles
1556 3127 1758 3180 muniis
1788 3126 1903 3179 fore
1938 3140 2076 3194 pra:-

502 3221 668 3275 scivit
722 3234 789 3274 ac
850 3219 1190 3282 industrios,
1254 3218 1535 3286 liberoque
1593 3216 1758 3270 animi
1820 3225 1953 3268 nutu
2017 3228 2080 3268 ac

2253 2664 2327 2730 ς’,
2355 2666 2465 2736 Τὴν
2506 2665 2605 2736 μὲν
2652 2661 2746 2718 οῦν
2796 2665 2856 2730 ὲξ
2895 2665 3074 2738 ἀρχῆς
3129 2665 3418 2720 Ὑακίνθου
3460 2666 3554 2720 τοῦ
3602 2667 3763 2737 ἁγίου

2183 2757 2440 2827 βλάστην,
2506 2757 2622 2828 ἢτοι
2690 2757 2790 2827 τὴν
2847 2755 3104 2826 νηπιόθεν
3160 2757 3311 2828 αύτῷ
3372 2760 3766 2830 παρεπομένην

2181 2849 2274 2902 τοῦ
2312 2849 2646 2912 πανσθενοῦς
2677 2848 2994 2916 [Ινεύματος
3031 2849 3334 2918 ἐνέργειαν,
3370 2849 3598 2903 καὶτῶν
3629 2851 3765 2903 θαυ-

2183 2944 2392 3014 μασίων
2415 2943 2511 3013 τὴν
2548 2941 2801 3007 ἐπίδειξιν
2821 2958 2833 2971 ο
2853 2939 2988 2993 οἶδεν
3019 2942 3126 3011 γὰρ
3161 2942 3193 3011 ἡ
3221 2941 3387 3011 Σορία
3418 2942 3526 2995 ἀπὸ
3549 2943 3767 3012 μήτρας

2179 3036 2348 3103 αὐτῆς
2370 3036 2612 3102 ἁγιάζειν
2640 3036 2765 3096 τοὺς
2797 3034 3026 3096 οἰκείους
3047 3033 3140 3085 καὶ⁵
3170 3033 3263 3095 οῦς
3285 3033 3532 3102 προέγνω
3559 3034 3767 3098 δεξιοὺς

2179 3128 2316 3197 αὐτῇ
2375 3125 2835 3198 χρηματίζοντας,
2899 3125 2994 3177 καὶ
3051 3123 3278 3194 γνώμης
3315 3126 3654 3194 ἑκουσιότητι
3700 3127 3765 3178 τὸ

2187 3219 2393 3288 βέλτιον
2445 3216 2837 3287 αἱρετίσοντας,
2885 3213 3094 3278 τούτοις
3141 3215 3258 3284 ἅμα
3301 3217 3366 3286 τῇ
3412 3215 3606 3289 πρώτῃ
3635 3233 3770 3268 συν-

501 3313 782 3367 voluntate
819 3312 1072 3374 virtutem
1106 3312 1399 3374 electuros,
1429 3324 1553 3362 mox
1583 3323 1645 3362 ac
1676 3309 1850 3377 prima
1881 3308 2080 3360 forma-

2185 3311 2412 3363 εισιέναι
2438 3308 2654 3372 πλάσει,
2707 3308 2802 3359 καὶ
2850 3305 3177 3375 τεκμηρίοις
3201 3306 3344 3358 τισὶν
3369 3306 3519 3358 ἐστιν
3542 3306 3633 3359 ὅτε
3665 3306 3768 3377 τὴν

505 3403 658 3456 tione
708 3419 760 3455 in
808 3418 988 3456 rerum
1047 3411 1298 3456 naturam
1351 3400 1638 3461 subierint,
1684 3413 1872 3452 eorum
1920 3399 2082 3451 certis

503 3493 833 3564 quibusdam
893 3494 1107 3548 indiciis
1162 3493 1494 3562 quandoque
1553 3490 1792 3544 futuram
1843 3490 2074 3560 gloriam

503 3585 790 3654 designare
813 3598 877 3637 ac
897 3584 1218 3648 claritatem)
1239 3585 1374 3646 haec,
1399 3583 1544 3634 velut
1563 3596 1683 3650 quae
1701 3596 1808 3634 non
1832 3582 2084 3634 humana:

504 3675 824 3741 voluntatis,
891 3676 985 3730 sed
1044 3674 1138 3726 Dei
1191 3674 1398 3742 liquido
1432 3689 1597 3742 opera
1636 3673 1921 3737 exsistant,
1977 3672 2084 3727 illis

507 3767 790 3822 referenda
848 3766 1221 3835 relinquemus
1272 3765 1372 3836 (4),
1405 3766 1604 3833 quibus
1655 3767 1839 3818 animo
1875 3765 2081 3818 consti-

504 3870 718 3924 tututn,
785 3870 846 3914 ut
891 3860 1010 3929 ejus
1064 3875 1246 3914 rerum
1313 3867 1497 3913 texant
1569 3858 1870 3912 historiam.
1927 3857 2082 3922 Quod

505 3968 638 4009 vero
695 3969 802 4006 non
861 3954 1039 4006 solum
1092 3952 1287 4005 divinae
1318 3951 1522 4022 gratim,
1580 3949 1675 4004 sed
1739 3959 1792 4003 et
1842 3949 2082 4004 victricis

507 4046 683 4113 palam
723 4045 935 4099 athletae
971 4043 1141 4097 animi
1202 4043 1499 4097 voluntatis
1550 4041 1762 4097 fructus
1790 4050 1874 4096 est
1907 4041 2084 4096 illius-

505 4151 612 4207 que
637 4136 859 4205 dignum
895 4135 1018 4188 fidei
1048 4150 1208 4204 opus,
1245 4134 1349 4188 hoc
1395 4133 1528 4187 mihi
1566 4133 1744 4187 visum
1793 4142 1852 4186 ut
1907 4131 2083 4185 laudi-

506 4229 608 4283 bus
643 4228 937 4291 celebrem,
962 4226 1409 4295 admirandisque
1433 4225 1577 4280 sacri
1635 4225 1895 4294 martyris
1927 4223 2083 4280 fortis

505 4319 670 4374 animi
727 4322 896 4386 gestis
921 4317 1192 4386 factisque
1251 4331 1548 4387 martyrum
1593 4326 1841 4372 amantes
1870 4317 2084 4373 animos

506 4420 834 4480 mentesque
879 4410 1024 4462 laute
1065 4409 1360 4477 excipiam.
1403 4407 1562 4474 Quod
1616 4409 1762 4462 enim
1791 4410 1967 4478 prima
2000 4409 2083 4462 al-

508 4512 726 4570 terath
747 4509 928 4563 aetate,
955 4516 1018 4552 ac
1047 4500 1304 4569 deinceps
1352 4501 1502 4554 omni
1536 4502 1736 4570 pietate
1762 4514 1827 4554 ac
1861 4500 2085 4570 justitiae

507 4592 762 4660 Operihus
789 4601 1036 4660 peracta,
1081 4591 1165 4643 vir
1193 4590 1384 4645 beatus
1429 4592 1496 4646 ad
1539 4593 1740 4647 seniles
1766 4593 1878 4661 jam
1909 4607 2084 4647 annos

2189 3404 2485 3477 μέλλουσαν
2517 3403 2961 3473 παρασημαίνειν
2989 3400 3177 3464 δόξαν·
3215 3400 3387 3454 ταῦτα
3419 3401 3538 3467 μὲν,
3567 3400 3642 3464 ὡς
3663 3400 3771 3454 οὐκ

2183 3495 2531 3567 ἀνθρωπίνης
2585 3493 2981 3564 προαιρέσεως,
3035 3491 3172 3545 Θεοῦ
3217 3491 3275 3545 δὲ
3327 3490 3582 3563 καθαρῶς
3625 3490 3770 3562 ἔργα

2186 3588 2528 3651 καθεστῶτα,
2563 3588 2675 3649 τοῖς
2709 3586 2944 3655 ἱστορεῖν
2973 3585 3223 3638 ἐθέλουσι
3254 3585 3576 3655 παρήσομεν
3599 3598 3614 3614 ’
3641 3584 3766 3651 ὅδὲ,

2183 3678 2365 3732 οὐκέτι
2401 3679 2566 3748 μόνης
2601 3677 2702 3746 τῆς
2758 3677 3000 3747 χάριτος,
3039 3676 3176 3729 ἀλλὰ
3220 3677 3317 3728 καὶ
3352 3677 3452 3745 τῆς
3483 3676 3772 3747 ἀθλοφορι-

2184 3771 2285 3839 κῆς
2339 3770 2789 3838 ὁμολογουμένως
2845 3767 3164 3839 προθέσεως
3215 3768 3452 3838 καρπὸς,
3487 3768 3580 3820 καὶ
3606 3768 3771 3838 ἔργον

2183 3861 2281 3930 τῆς
2315 3859 2524 3913 ἐκείνου
2560 3860 2797 3922 πίστεως
2827 3859 2999 3924 ἄξιον,
3032 3859 3193 3915 τοῦτό
3241 3878 3329 3930 μοι
3365 3860 3578 3925 δοκοῦν,
3602 3862 3769 3914 ἐπαι-

2183 3952 2364 4005 νετέον
2391 3948 2550 4015 εἶναι,
2574 3953 2668 4006 καὶ
2693 3953 2812 4015 ταῖς
2862 3953 3199 4022 θαυμασίαις
3241 3952 3335 4006 τοῦ
3379 3954 3525 4024 ἱεροῦ
3557 3953 3769 4025 μάρτυ-

2187 4062 2279 4116 ρος
2338 4043 2751 4114 ἀνδραγαθίαις,
2785 4046 2885 4107 τὰς
2931 4044 3344 4117 φιλομάρτυρας
3389 4045 3628 4109 διανοίας
3668 4048 3765 4099 καὶ

2181 4137 2358 4206 ψυχὰς
2392 4137 2595 4206 ἑστιᾷν.
2638 4136 2792 4189 Ἐπεὶ
2850 4137 2960 4206 γὰρ
3010 4136 3110 4206 τὴν
3161 4139 3385 4208 πρώτην
3419 4154 3478 4190 τε
3511 4138 3604 4191 καὶ
3648 4138 3773 4190 δευ-

2183 4229 2350 4298 τέραν
2381 4227 2618 4298 ἠλικίαν,
2648 4229 2740 4280 καὶ
2788 4228 3023 4298 καθεξῆς
3048 4230 3076 4282 ὁ
3109 4228 3395 4298 Μακάριος
3430 4230 3486 4282 ὲν
3519 4229 3773 4302 εὐσεϐείᾳ

2183 4336 2241 4372 τε
2271 4319 2416 4390 πάσῃ
2449 4320 2540 4372 καὶ
2562 4319 2742 4389 ἔργοις
2763 4317 3062 4382 τετελεκὼς
3093 4317 3462 4387 δικαιοσύνης,
3496 4321 3574 4381 είς
3601 4335 3772 4389 πρεσ-

2187 4410 2412 4481 6υτικὴν
2446 4411 2545 4481 ήδη
2579 4409 2968 4480 μεθηλικίωσιν
3014 4412 3375 4482 κατήντησεν,
3406 4410 3516 4481 ὅσῳ
3548 4411 3646 4480 μὲν
3668 4411 3772 4463 αὺ-

2184 4502 2275 4564 τδς
2332 4501 2410 4571 τῷ
2473 4502 2667 4572 μακρῷ
2715 4503 2892 4573 χρόνῳ
2960 4502 3098 4573 πρὸς
3160 4503 3339 4555 πᾶσαν
3386 4501 3524 4554 Θεοῦ
3579 4502 3771 4557 πίστιν

2187 4592 2537 4664 κατωρθοῦτο
2592 4593 2689 4646 καὶ
2733 4593 2956 4665 ἀρετὴν,
2985 4593 3226 4662 τοσούτῳ
3271 4593 3470 4663 μᾶλλον
3505 4595 3554 4645 οἱ
3587 4610 3770 4665 παραυ

509 4690 798 4745 evaserat;
857 4693 1062 4748 quanto
1129 4679 1218 4734 ille
1280 4680 1438 4751 longa
1496 4690 1652 4736 aetate
1715 4697 1934 4736 onmem
1987 4680 2080 4736 Dei

2189 4683 2487 4753 νομώτατοι
2520 4685 2620 4753 τῆς
2683 4685 2890 4748 πόλεως
2948 4687 3091 4739 κατὰ
3120 4686 3246 4748 τοῦς
3296 4684 3462 4738 πάλαι
3494 4685 3768 4749 ἀπειθεῖς,

512 4771 671 4824 Iidem
705 4773 1070 4840 virtutemque
1118 4775 1430 4840 praestabat,
1479 4781 1630 4826 tanto
1676 4771 1850 4842 magis
1914 4773 2084 4827 scele-

511 4864 736 4919 stissimi
804 4863 972 4929 cives,
1021 4880 1212 4918 eorum
1270 4880 1422 4919 more
1479 4865 1573 4934 qui
1627 4865 1756 4919 olim
1822 4863 2084 4920 increduli

512 4959 748 5023 fuerant,
795 4957 938 5027 ejus,
991 4972 1155 5027 quam
1207 4957 1474 5023 dicebam,
1524 4957 1737 5013 arboris
1769 4957 1917 5014 cultu
1945 4970 2086 5012 tum»

585 5140 599 5171 ¹
633 5136 792 5194 Joan.
819 5155 936 5204 vni,
961 5138 1052 5192 44.

587 5352 666 5422 (2)
700 5350 795 5405 Est
819 5351 965 5404 lotus
997 5349 1158 5405 arbor
1186 5347 1336 5422 Afris
1368 5345 1672 5422 familiaris,
1723 5356 1844 5414 qum
1881 5338 2092 5422 profert

513 5412 722 5480 fructus
745 5422 880 5491 adeo
911 5431 1114 5491 gratos,
1151 5430 1209 5474 ut
1233 5419 1464 5491 advenis
1483 5417 1711 5491 incutiat
1741 5412 1944 5491 patriae
1991 5412 2090 5464 ob-

510 5482 960 5570 livionemzliiti'c
989 5482 1175 5544 natum
1221 5487 1590 5570 proverbium:
1642 5482 2090 5570 augescens“

513 5569 564 5620 id
595 5575 680 5619 est
717 5583 735 5615 ι
776 5562 969 5617 Latum
1010 5554 1262 5630 gustasti.
1297 5577 1324 5630 ι
1363 5556 1502 5630 llinc
1560 5554 1857 5630 Lotophagi
1891 5567 2090 5630 vocati—_

511 5644 600 5689 tttr
643 5636 864 5704 quidam
920 5622 1117 5685 Africae
1148 5628 1485 5704 populi,__qui
1540 5625 1660 5693 ejus
1686 5622 1895 5704 fructu
1945 5635 2035 5704 veg
2076 5622 2091 5673 i

512 5691 790 5758 dicuntur.
819 5705 893 5760 De
919 5704 1010 5757 illa
1051 5691 1298 5756 meminit
1341 5691 1633 5762 Homerus,
1682 5693 1931 5754 Ovidius,
1977 5691 2088 5744 Pli-

513 5777 640 5827 nius
664 5775 882 5830 aliiuue.

585 5791 976 5915 igfii'mc
1001 5841 1220 5898 Nicetas
1251 5837 1366 5894 vult
1395 5835 1637 5891 alludere
1667 5833 1731 5889 ad
1768 5830 2088 5888 miraculum

2189 4775 2267 4842 τῷ
2315 4776 2589 4847 εἰρημένῳ
2639 4777 2940 4847 ὲμοιγῶντο
2980 4777 3159 4848 ξύλῳ·
3187 4777 3280 4831 καὶ
3328 4778 3482 4831 αὐτοὶ
3535 4776 3634 4847 μὲν
3693 4777 3773 4839 ὡς

2190 4865 2330 4934 Θεῷ,
2389 4868 2563 4938 τούτῳ
2627 4870 2725 4931 τὰς
2796 4870 3051 4940 λατρείας
3120 4871 3369 4933 ἐκτόπως
3422 4867 3781 4933 θυσιάζοντες,

2192 4959 2454 5031 ἀνέφερον
2475 4975 2488 4990 ·
2519 4960 2680 5025 αὐτὸς
2711 4961 2789 5029 δὲ,
2830 4961 2910 5032 τῷ
2940 4963 3086 5035 ζήλῳ
3118 4963 3216 5034 τῆς
3251 4961 3535 5025 εὐσεϐείας
3561 4976 3773 5033 πυρπο-

2193 5343 2338 5424 quod
2494 5345 2864 5424 _llyacinthus__
2906 5347 2958 5401 in
3015 5348 3244 5418 pueritia
3295 5347 3548 5417 patravit,
3588 5347 3664 5400 uti
3715 5348 3773 5402 in

2194 5415 2344 5470 illius
2368 5417 2545 5485 elogio
2565 5415 2730 5471 antea
2763 5420 3018 5472 vidimus.

2266 5485 2342 5554 (4)
2398 5487 2539 5542 Hinc
2595 5497 2756 5556 patet,
2813 5487 3056 5543 Nit-etam
3099 5489 3500 5557 Paphlagonem
3563 5495 3773 5541 tantum

2196 5559 2518 5628 martyrium
2566 5561 2761 5628 (sancti
2815 5557 3100 5628 llyacinthi
3161 5560 3416 5613 laudibus
3486 5559 3798 5620 extollere,

2197 5627 2314 5680 sive
2357 5631 2503 5696 quod
2546 5627 2613 5682 de
2657 5631 2819 5698 gestis
2867 5627 2986 5698 ejus
3047 5637 3173 5684 ante
3232 5629 3548 5698 martyrium
3601 5643 3773 5698 pauca

2197 5707 2408 5763 nOSset,
2441 5698 2556 5752 sive
2591 5697 2881 5769 quodha‘c
2902 5697 3279 5754 'celehrassent
3333 5697 3425 5754 alii
3452 5697 3774 5769 scriptores,

2198 5782 2432 5836 quorum
2463 5769 2654 5824 notitia
2691 5767 2758 5823 ad
2790 5783 2890 5825 nos
2915 5784 3023 5824 non
3053 5769 3317 5840 pervenit.
