4092 6618
369 384 471 448 ζέἰῖ

1573 385 1867 446 ΝΙΩΕΤεΕ
1906 386 2098 446 ΡΑΡΙΙ
2113 388 2433 449 LAGONIS

3518 389 3618 454 £28

371 492 593 562 ignique
626 505 689 547 ac
710 490 855 546 ferro
884 501 1077 549 natura
1148 493 1464 559 obnoxiam,
1497 495 1796 565 quomodo,
1851 497 1932 552 in-

2041 496 2155 560 πῶς
2175 498 2363 552 τοῦτον
2393 499 2546 564 Θεὸν,
2579 494 2622 555 ὦ
2653 500 2866 573 ἄνδρες,
2900 502 2959 555 οὑ
2993 499 3252 571 φρίσσετε
3285 499 3497 566 καλεῖν,
3522 501 3615 554 θυ-

370 599 556 653 quam,
593 598 713 639 eam
735 583 903 640 Deum
940 601 1154 653 vocare,
1194 602 1227 642 0
1257 587 1379 650 viri,
1425 601 1531 641 non
1562 588 1940 657 perhorresci-

371 676 486 742 tis;
528 692 628 731 nec
684 692 780 734 vos
820 678 985 748 pudet
1024 679 1258 734 victimis
1316 695 1381 734 ae
1436 680 1745 735 libamentis
1788 683 1937 737 omni

368 767 684 822 destitutam
717 784 879 823 sensu
911 780 1161 825 naturam
1215 771 1508 825 venerari?
1539 770 1665 826 llaec
1690 773 1835 826 enim
1890 775 1938 829 si

369 858 512 914 Deus
547 870 651 923 est,
683 861 788 915 erit
820 860 1065 931 profecto
1089 872 1138 915 et
1171 862 1343 916 saltus
1375 862 1555 917 omnis
1586 862 1725 917 Deus
1760 880 1929 919 :cun-

369 961 453 1004 cta
485 951 627 1005 enim
662 952 822 1008 unius
895 963 1099 1007 natura:
1128 963 1294 1017 sunt,
1350 955 1575 1010 arbores
1628 955 1833 1011 scilicet
1876 971 1940 1012 ac

366 1042 533 1112 ligna.
572 1042 724 1108 Quod
753 1045 797 1097 si
834 1045 1058 1099 arbores
1085 1046 1158 1100 dii
1189 1055 1339 1113 sunt,
1399 1048 1675 1115 quomodo
1725 1049 1933 1103 securi-

366 1134 467 1188 hus
500 1134 811 1189 excidentes
846 1136 1063 1205 ignique
1096 1138 1352 1205 pabulum
1383 1138 1760 1207 subjicientes,
1822 1156 1936 1195 non

367 1224 681 1291 impietatis,
722 1233 775 1279 et
809 1235 866 1280 ut
923 1227 1012 1280 Dei
1070 1227 1370 1282 adversarii
1432 1228 1689 1293 audiatis,
1756 1230 1927 1284 aleam

364 1315 605 1369 subitis?
638 1316 741 1371 Res
806 1318 1047 1372 stultitim,
1072 1319 1254 1389 plena,
1297 1320 1500 1389 profusi
1527 1322 1786 1390 stuporis,
1821 1321 1940 1376 exi-

364 1422 482 1477 gua:
510 1406 799 1479 fragilique
828 1410 1006 1464 arbori
1047 1426 1109 1465 ac
1164 1428 1387 1481 prorsus
1449 1413 1623 1466 inutili
1662 1414 1940 1471 attendere

365 1499 633 1561 animum,
664 1510 717 1553 et
750 1508 807 1553 ut
868 1500 973 1556 Deo
1005 1501 1206 1555 cultum
1248 1502 1321 1555 illi
1369 1504 1646 1559 adhibere.
1701 1504 1755 1560 Si
1792 1506 1937 1560 enim

363 1591 457 1660 qui
488 1593 686 1646 caelum
716 1592 915 1661 ipsum,
944 1593 1227 1662 solemque
1261 1603 1312 1648 et
1354 1594 1535 1649 lunam
1560 1611 1624 1649 ac
1655 1597 1935 1650 stellarum

364 1683 627 1751 quasdam
659 1698 753 1737 seu
799 1683 1040 1738 siderum
1088 1684 1286 1739 deitate
1340 1685 1653 1752 donarunt,
1704 1688 1939 1757 reliqua-

364 1788 470 1842 que
494 1773 762 1828 elementa
793 1788 857 1828 ac
906 1773 1087 1843 ignem
1135 1773 1310 1844 ipsum
1355 1785 1697 1840 venerantes,
1729 1777 1935 1847 justam

2048 590 2193 653 σίαις
2232 608 2287 643 τε
2329 592 2424 645 καὶ
2474 594 2725 657 σπονδαῖς
2782 594 2881 662 τὴν
2930 592 3254 664 ἀναίσθητον
3300 592 3463 661 φύσιν
3516 594 3617 646 οὑκ

2045 679 2366 748 αἰσχύνεσθε
2396 683 2563 751 τιμᾷν
2590 700 2604 747 ;
2639 683 2698 734 Εἰ
2736 682 2844 752 γὰρ
2877 680 3007 744 Θεὸς
3033 681 3211 746 τοῦτο,
3238 681 3332 735 καὶ
3366 683 3473 735 πᾶν
3506 682 3617 751 ἄρα

2046 771 2205 834 ἄλσος
2240 772 2372 835 Θεὸς
2400 771 2465 825 ἂν
2499 773 2582 843 εἴη
2609 790 2621 804 ο
2687 775 2863 827 πάντα
2892 775 2999 845 γάρ
3044 776 3161 827 ἐστι
3206 774 3421 844 φύσεως
3458 775 3615 844 μιῑς·

2046 860 2178 928 ξύλα
2208 862 2317 935 γάρ
2345 879 2359 893 ’
2401 866 2448 916 εἰ
2468 864 2524 917 δὲ
2565 864 2632 917 τά
2684 864 2814 929 ξύλα
2839 864 2972 929 θεοὶ,
3003 866 3119 929 πῶς
3146 865 3323 919 ταῦτα
3351 868 3470 928 ταῖς
3496 864 3618 929 ἀξί-

2045 972 2164 1017 ναις
2196 956 2578 1021 ὲκκόπτοντες,
2617 958 2706 1010 καί
2723 957 2799 1029 τῷ
2813 958 2947 1028 πυρί
2974 958 3179 1029 τροφὴν
3202 957 3616 1024 ὑποϐάλλοντες,

2044 1045 2105 1096 οὑ
2138 1045 2476 1099 κινδυνεύετε
2513 1046 2842 1117 θεομαχεῖνς
2877 1047 3086 1116 Πολλῆς
3119 1047 3279 1100 τοῦτο
3312 1048 3473 1117 γέμει
3496 1047 3619 1099 ἀλοο

2045 1135 2191 1203 γίας,
2231 1135 2675 1207 ὑπερϐαλλούσης
2717 1136 3100 1207 ἀναισθησίας,
3137 1135 3330 1206 βραχεῖ
3361 1138 3450 1189 καὶ
3483 1138 3617 1188 ὑπο-

2046 1227 2231 1297 σάθρῳ
2260 1228 2401 1297 ξύλῳ
2449 1229 2543 1280 καὶ
2571 1228 2815 1298 ἀνονήτῳ
2851 1229 3029 1281 πάντα
3054 1228 3407 1298 προσανέχειν
3438 1243 3496 1279 τε
3523 1226 3619 1279 καὶ

2044 1316 2330 1386 λατρεύειν
2365 1317 2438 1379 ὡς
2464 1316 2603 1387 Θεῷ.
2639 1318 2702 1369 Εἰ
2736 1318 2841 1386 γάρ
2873 1318 2921 1369 οἰ
2948 1316 3038 1369 τὸν
3058 1316 3284 1385 οὑρανὺν
3312 1314 3493 1379 αὑτὸν,
3525 1316 3619 1367 καὶ

2044 1407 2323 1476 τδνῆλιον,
2365 1407 2596 1477 σελήνην
2656 1422 2715 1458 τε
2772 1406 2867 1458 καί
2907 1406 3156 1475 ἀστέρων
3188 1404 3340 1466 τινάς
3367 1402 3621 1471 θεοποιή-

2046 1514 2257 1560 σαντες,
2290 1497 2357 1550 τά
2387 1515 2446 1550 τε
2464 1497 2625 1551 λοιπά
2658 1500 2920 1567 στοιχεῖα,
2961 1496 3054 1548 καὶ
3096 1494 3225 1547 αὑτὸ
3264 1492 3621 1562 σεὸαζόμενοι

2042 1588 2103 1641 τό
2127 1587 2259 1659 πῦρ,
2310 1588 2519 1641 ἔνδικον
2553 1588 2890 1659 άπειλήφασι
2928 1591 3031 1658 τὴν
3070 1588 3262 1659 ὀργὴν,
3297 1568 3381 1639 ἔτι
3409 1586 3508 1653 οὐχ
3541 1583 3620 1647 ὡς

2043 1680 2177 1734 Θεὸν
2225 1679 2485 1744 ἐδόξασαν
2539 1680 2572 1750 ἢ
2630 1680 3036 1751 εὐχαρίστησαν
3070 1680 3161 1732 τὸν
3202 1678 3311 1729 τῶν
3364 1677 3621 1729 ἁπάντων

2046 1774 2385 1843 παραγωγέα
2413 1790 2473 1824 τε
2502 1774 2598 1825 καὶ⁹
2659 1771 2911 1841 συνοχέα,
2943 1769 3079 1823 ἀλλὰ
3109 1771 3221 1832 τοῖς
3262 1767 3443 1821 αὑτῶν
3470 1766 3620 1834 λογι-

366 1865 502 1919 iram
544 1875 886 1933 receperunt,
941 1864 1085 1934 quod
1133 1882 1238 1919 non
1274 1865 1414 1921 sicut
1469 1866 1634 1921 Deum
1672 1870 1932 1939 glorilica-

2046 1868 2203 1934 σμοῖς
2265 1865 2693 1935 ματαιωθέντες,
2748 1865 3086 1932 ἐλάτρευσαν
3138 1863 3206 1931 τῇ
3248 1859 3425 1913 κτίσει
3467 1857 3619 1928 παρὰ

366 1964 584 2023 verunt,
619 1965 715 2010 aut
776 1958 983 2027 gratias
1041 1966 1289 2025 egerunt,
1342 1958 1461 2026 ejus
1505 1959 1655 2013 cultu
1707 1960 1937 2029 impcnsi

364 2047 455 2116 riui
484 2049 667 2102 omnia
717 2047 971 2119 produxit
1024 2059 1442 2119 conservatque,
1474 2051 1566 2105 sed
1602 2066 1934 2106 evanescen-

367 2146 446 2191 tes
476 2138 527 2191 in
575 2139 997 2208 cogitationibus
1054 2140 1169 2195 suis
1212 2142 1255 2208 ‘,
1286 2142 1573 2196 coluerunt
1633 2153 1933 2199 creaturam

364 2230 540 2299 magis
566 2246 729 2301 quam
762 2229 1073 2287 Creatorem
1106 2250 1120 2298 ;
1155 2233 1313 2304 longe
1340 2250 1436 2289 vos
1464 2236 1657 2303 potiori
1695 2237 1930 2303 ratione,

362 2316 493 2371 dum
580 2333 646 2373 eo
724 2320 951 2385 omisso,
1022 2322 1111 2389 qui
1147 2332 1404 2377 creatum
1439 2327 1616 2380 omnis
1647 2335 1799 2380 sator
1828 2335 1931 2394 est,

2042 1952 2133 2007 τὸν
2164 1954 2424 2009 κτίσαντα
2450 1971 2464 1985 ·
2500 1953 2680 2025 πολλῷ
2716 1952 2916 2024 μᾶλλον
2955 1954 3133 2022 ὑμεῖς,
3184 1953 3235 2003 οἰ
3260 1950 3350 2004 τὸν
3378 1950 3475 2019 τῆς
3508 1947 3621 2001 κτί-

2044 2061 2182 2108 σεως
2236 2045 2364 2115 ὅλης
2420 2044 2725 2114 φυτουργὸν
2752 2042 3007 2111 ἀφέντες,
3040 2041 3135 2093 καί⁹
3175 2040 3252 2111 τῷ
3288 2038 3618 2110 χαμαιζήλῳ

2040 2138 2216 2208 τούτῳ
2242 2137 2392 2207 φυτῷ
2426 2140 2487 2190 τὸ
2522 2136 2753 2209 φοόερὸν
2781 2136 2951 2201 ὄνομα
2992 2134 3083 2188 τοῦ
3113 2135 3247 2187 Θεοῦ
3280 2131 3616 2201 καταψευδό-

2041 2248 2217 2299 μενοι,
2246 2232 2459 2285 δικαίαν
2484 2231 2568 2300 ἐφ’
2600 2231 2828 2291 ἑαυτοὺς
2872 2228 3061 2282 ἕλκετε
3102 2226 3195 2280 τοῦ
3243 2240 3613 2297 κατοφρονου-

2043 2327 2205 2397 μένου
2237 2326 2334 2396 τὴν
2366 2323 2619 2394 ἀπειλήν.

362 2409 553 2465 humili
603 2412 729 2467 huic
781 2412 939 2482 stirpi
997 2414 1334 2469 tremendum
1394 2418 1485 2474 Dei
1534 2435 1732 2475 nomen
1785 2419 1925 2477 falso
1983 2422 2276 2488 ascribitis,
2321 2421 2525 2491 justam
2580 2420 2636 2475 in
2701 2416 3083 2487 vosmetipsos,
3129 2414 3247 2486 ejus
3281 2414 3373 2485 qui
3435 2429 3465 2468 a
3517 2427 3615 2469 vo-

363 2507 447 2563 bis
507 2511 913 2578 contemnitur,
968 2513 1392 2583 indignationem
1430 2515 1664 2570 trahitis.

434 2599 523 2655 10.
566 2620 584 2653 ι
638 2602 694 2656 Si
758 2604 883 2672 quid
924 2604 1089 2676 igitur
1128 2607 1260 2661 mihi
1290 2607 1529 2673 creditis,
1564 2607 1666 2662 viri
1700 2608 1864 2676 cives,
1895 2609 1941 2665 si

362 2706 470 2761 qua
511 2692 668 2749 vobis
698 2708 827 2749 cura
860 2696 1056 2753 salutis
1083 2709 1187 2763 est,
1208 2699 1460 2753 arborem
1490 2700 1633 2756 hane
1671 2702 1937 2757 succidite

363 2790 417 2835 et
469 2782 522 2836 in
579 2784 756 2852 ignem
819 2786 1034 2852 mittite,
1085 2789 1227 2858 quod
1283 2790 1430 2845 nulla
1465 2790 1567 2845 alia
1602 2790 1721 2860 ejus
1778 2792 1935 2848 vobis

368 2874 576 2929 utilitas
608 2875 681 2930 sit
712 2875 819 2946 (6);
854 2876 1068 2949 ipsique
1096 2896 1279 2935 rerum
1312 2882 1562 2937 omnium
1596 2883 1769 2937 oculis
1803 2884 1929 2938 suh—

358 2966 635 3037 jcctarum
689 2977 940 3024 creatura
1005 2972 1268 3026 mentium
1335 2974 1568 3043 cogitatu
1640 2988 1932 3044 superata,

362 3074 526 3129 quant
560 3073 776 3113 omnem
806 3062 981 3115 nostri
1028 3078 1195 3118 causa
1232 3078 1339 3118 non
1387 3064 1549 3118 lateat
1575 3065 1797 3128 editam,
1838 3082 1935 3119 na-

362 3158 589 3220 turaque
611 3149 933 3206 deteriorem
958 3168 1121 3223 quam
1148 3168 1244 3223 pro
1278 3153 1518 3209 hominis
1575 3154 1889 3224 praestantia
1916 3172 1932 3220 ;

362 3242 454 3295 sed
490 3250 543 3297 et
582 3243 925 3312 superiorum
956 3244 1116 3299 nobis
1164 3245 1456 3311 mentium,
1508 3254 1935 3315 sanctarumque

2121 2608 2171 2661 t'.
2198 2625 2217 2661 ι
2242 2606 2308 2661 Εἴ
2337 2624 2389 2659 τι
2417 2601 2508 2658 οὖν
2536 2603 2662 2673 ἐμοὶ
2693 2598 2969 2663 πείθεσθε,
3003 2590 3047 2650 ὦ
3076 2595 3265 2666 ἄνδρες
3296 2594 3531 2658 πολῖται,
3564 2593 3620 2646 εἴ

2039 2719 2095 2755 τι
2124 2701 2276 2773 μέλει
2303 2700 2401 2768 τῆς
2430 2697 2637 2761 οἰκείας
2692 2693 2964 2764 σωτηρίας
2993 2693 3143 2762 ὑμῖν,
3189 2690 3249 2742 τὸ
3282 2689 3380 2759 μὲν
3401 2688 3619 2759 δένδρον

2038 2791 2196 2847 τοῦτο
2231 2788 2525 2858 ἐκκόψατε,
2556 2786 2652 2839 καὶ
2679 2786 2757 2849 εἰς
2817 2783 2929 2853 πῦρ
2965 2780 3210 2852 βάλλετε,
3250 2780 3332 2832 ὅτι
3380 2777 3501 2848 μηδ’
3535 2777 3617 2840 εἰς

2037 2884 2166 2940 ἄλλο
2196 2901 2247 2937 τι
2306 2882 2405 2952 μὲν
2455 2878 2779 2951 χρησιμεύει
2829 2876 2991 2946 ὑμῖν’
3034 2875 3184 2927 αὑτοὶ
3215 2873 3271 2926 δὲ
3304 2873 3483 2924 πᾶσαν
3508 2868 3617 2921 τῶν

2035 2976 2326 3047 ὁρωμένων
2359 2974 2456 3044 τὴν
2492 2973 2668 3025 κτίσιν
2714 2973 2834 3033 ταῖς
2880 2967 3141 3030 διανοίαις
3175 2964 3614 3033 ὑπερϐαίνοντες,

2038 3070 2218 3122 πᾶσαν
2281 3066 2437 3136 ἡμῶν
2530 3064 2715 3116 ἕνεκεν
2786 3060 3160 3129 γεγενημένην
3221 3057 3462 3122 εἰδότες,
3522 3056 3617 3108 καὶ

2037 3162 2205 3232 χείρω
2260 3157 2353 3211 τοῦ
2402 3155 2690 3227 ἀνθρώπου
2736 3155 2877 3207 κατὰ
2929 3152 3092 3222 φύσιν
3142 3150 3328 3214 οὖσαν,
3360 3148 3494 3202 ἀλλά
3522 3148 3617 3200 καὶ

2037 3255 2135 3324 τὴν
2159 3251 2300 3322 ὑπὲρ
2335 3251 2481 3319 ἡμᾶς
2508 3248 2725 3318 ποίησιν
2757 3246 2865 3299 τῶν
2901 3243 3103 3315 νοερῶν
3133 3242 3227 3296 καὶ
3253 3241 3424 3310 ἁγίων
3449 3239 3616 3309 ἀφέν-

361 3332 791 3388 substantiarnm
844 3336 1050 3390 omissa
1094 3335 1327 3401 factura,
1352 3352 1447 3391 seu
1476 3336 1658 3407 potius
1682 3337 1749 3392 iis
1776 3336 1932 3406 quasi

2040 3362 2129 3408 τες
2158 3342 2380 3409 οὑσιῶν,
2431 3340 2629 3412 μᾶλλον
2678 3338 2735 3393 δὲ
2782 3337 2849 3389 δι’
2899 3334 3081 3389 αὐτῶν
3115 3331 3616 3404 χειραγωγούμενοι

363 3439 527 3477 manu
562 3426 907 3490 ducentibus,
951 3430 1016 3481 ad
1048 3427 1188 3497 ejus,
1214 3428 1305 3499 qui
1366 3444 1489 3483 vere
1520 3428 1664 3484 Deus
1691 3439 1791 3495 εει,
1828 3444 1931 3482 no-

363 3516 536 3569 titiam
565 3515 867 3586 dirigamur
926 3538 939 3573 :
991 3520 1085 3589 qui
1136 3535 1332 3589 nempe
1386 3535 1601 3589 semper
1657 3521 1770 3590 ipse
1825 3530 1929 3586 cst,

361 3620 685 3677 semperque
741 3607 1078 3679 unigenitum
1132 3609 1367 3664 Verbum
1415 3610 1563 3664 velut
1612 3610 1694 3663 sol
1729 3611 1929 3675 lucem,

360 3712 427 3752 ex
463 3697 769 3753 substantia
802 3714 924 3762 sua,
955 3716 1018 3754 ac
1044 3700 1386 3769 splendorem
1419 3702 1568 3766 edit;
1611 3716 1932 3771 semperque

362 3789 654 3853 consitum,
705 3798 762 3843 ut
811 3789 883 3843 ita
922 3790 1149 3859 loquar,
1202 3805 1265 3845 ac
1311 3802 1598 3862 cognatum
1664 3790 1929 3858 Spiritum

361 3889 612 3935 sanetum
658 3896 721 3935 ex
764 3896 865 3936 suo
894 3897 989 3937 ore
1035 3882 1264 3937 indivise
1313 3882 1541 3953 profert.
1590 3882 1691 3937 llic
1751 3882 1930 3938 Verbo

361 3987 461 4027 suo
496 3971 731 4027 ﬁrmavit
752 3975 918 4030 caelos
947 3974 989 4041 ³,
1019 3976 1234 4044 vimque
1260 3990 1476 4030 omnem
1531 3992 1711 4030 rerum
1744 3976 1841 4030 abs
1872 3991 1931 4031 se

360 4065 701 4120 conditarum
729 4065 931 4137 Spiritu
962 4068 1169 4137 perlicit
1198 4076 1362 4138 atque
1396 4067 1646 4123 absolvit.
1689 4067 1786 4123 llic
1817 4068 1929 4138 pri-

359 4171 509 4210 mum
539 4155 841 4223 hominem,
891 4158 957 4211 ad
989 4157 1276 4228 imaginem
1312 4174 1467 4214 suam
1518 4169 1570 4214 et
1620 4160 1930 4215 similitudi-

359 4262 484 4303 nem
522 4247 829 4318 conditum,
885 4260 1051 4321 atque
1093 4252 1146 4304 in
1202 4252 1456 4324 paradiso
1505 4254 1766 4323 positum,
1802 4268 1927 4307 cum

357 4339 599 4395 mandati
653 4342 1085 4411 transgressione
1121 4343 1465 4412 ,corruptioni
1517 4344 1787 4413 mortique
1832 4344 1927 4397 ad-

357 4432 536 4487 dictus
567 4443 735 4499 esset,
793 4434 1174 4505 perditumque
1204 4449 1311 4490 non
1366 4451 1590 4505 prorsus
1636 4437 1928 4508 despexit,

357 4523 454 4579 sed
485 4525 697 4580 ratione
718 4525 942 4597 legeque
964 4542 1028 4581 ac
1064 4528 1342 4597 prophetis
1379 4530 1616 4598 primum
1646 4532 1927 4595 erudiens,

358 4620 541 4688 ipsum
607 4634 825 4689 quoque
879 4618 1097 4675 demum
1172 4637 1269 4690 pro
1330 4622 1487 4677 nobis
1530 4621 1728 4677 Filium
1760 4624 1925 4689 dedit,

2040 3440 2176 3509 πρδς
2232 3436 2329 3503 τὴν
2381 3434 2585 3502 γνῶσιν
2641 3429 2735 3484 τοῦ
2768 3429 2938 3491 δντως
2981 3428 3132 3490 ὄντος
3160 3422 3616 3494 κατευθυνώμεθα

2038 3529 2172 3584 Θεοῦ
2190 3545 2203 3558 ·
2226 3528 2281 3591 ὃς
2312 3527 2468 3598 μόνος
2492 3524 2566 3577 ὢν
2584 3523 2691 3588 ἀεὶ,
2718 3520 2813 3574 καὶ
2833 3519 2919 3574 ἀεὶ
2941 3517 3029 3571 τὸν
3060 3515 3323 3587 μονογενῆ
3352 3514 3523 3585 Λόγον
3548 3516 3616 3568 ὲκ

2037 3621 2136 3691 τῆς
2166 3620 2300 3680 ἰδίας
2334 3617 2519 3679 οὑσίας
2551 3613 2907 3681 ἀπαυγάζων,
2930 3612 3117 3681 ὥσπερ
3156 3610 3183 3662 ό
3212 3611 3358 3679 ἥλιος
3391 3612 3453 3661 τὸ
3475 3608 3613 3676 φῶς,

2039 3715 2134 3767 καὶ
2162 3713 2249 3766 del.
2276 3708 2499 3780 Πνεῦμα
2538 3708 2694 3775 ἅγιον
2757 3705 3058 3776 σύμφυτον,
3112 3702 3206 3755 τοῦ
3258 3699 3455 3754 οἰκείου
3495 3697 3611 3752 στό-

2041 3821 2211 3875 ματος
2242 3804 2557 3873 ἀμερίστως
2612 3800 2959 3870 προϊέμενος.
3004 3788 3174 3859 Οὑτος
3225 3793 3300 3864 τῷ
3327 3795 3484 3864 Λόγῳ
3514 3793 3614 3864 μὲν

2038 3895 2203 3950 αὑτοῦ
2244 3894 2577 3964 ἐστερέωσεν
2607 3893 2731 3953 τοὺς
2763 3889 3049 3961 οὑρανοὺς,
3090 3886 3167 3956 τῷ
3218 3884 3494 3954 Πνεύματι
3553 3882 3613 3936 δὲ

2040 3991 2218 4042 πᾶσαν
2245 3986 2343 4057 τὴν
2373 3985 2601 4055 δύναμιν
2628 3982 2735 4035 τῶν
2759 3981 2848 4033 ὑπ’
2876 3978 3039 4033 αὑτοῦ
3064 3976 3397 4047 κτιζομένων
3417 3990 3613 4045 καταρ-

2036 4079 2265 4144 τίζεται.
2303 4072 2471 4139 υῦτος
2522 4073 2614 4127 τὸν
2665 4072 2949 4140 ἄνθρωπον
3020 4068 3236 4139 πρῶτον
3278 4068 3397 4120 κατ’
3431 4065 3615 4119 εἰκόνα

2043 4172 2177 4227 ἰδίαν
2208 4170 2441 4240 ποιήσας
2493 4168 2587 4220 καὶ
2641 4164 2921 4236 ὁμοίωσιν,
2955 4161 3048 4216 καὶ
3085 4164 3143 4215 ὲν
3181 4159 3259 4232 τῷ
3304 4160 3612 4231 παραδείσῳ

2037 4263 2320 4327 τεθεικὼς,
2360 4260 2454 4316 καὶ
2478 4257 2697 4328 ἐντολὴν
2724 4252 2994 4318 δεδωκὼς,
3035 4252 3224 4323 ἐπειδὴ
3257 4254 3325 4322 τῇ
3361 4249 3614 4322 παραεάο

2040 4375 2123 4411 σει
2152 4356 2249 4425 τῆς
2283 4354 2504 4423 ἐντολῆς
2541 4349 2749 4421 φθοράν
2798 4345 3193 4415 κατακέκριται
3233 4344 3328 4397 καὶ
3361 4342 3611 4406 θάνατον,

2036 4450 2137 4503 οὑκ
2197 4449 2275 4510 εἰς
2324 4446 2476 4507 τέλος
2519 4442 2680 4497 αὑτὸν
2729 4438 3015 4509 ὑπερεῖδεν
3059 4438 3449 4507 ἀπολλύμενον,
3479 4434 3615 4489 ἀλλά

2036 4541 2178 4610 λόγῳ
2209 4539 2304 4591 καὶ
2343 4538 2493 4607 νόμῳ
2539 4536 2633 4589 καὶ
2695 4532 3004 4604 προφήταις
3058 4526 3611 4600 προπαιδαγωγήσας,

2037 4630 2259 4700 ὕστερον
2291 4628 2389 4682 καὶ
2445 4626 2607 4679 αὑτὸν
2649 4623 2849 4677 ἔδωκεν
2891 4622 2984 4675 τὸν
3017 4620 3145 4674 Υἱὺν
3174 4619 3314 4690 ὑπὲρ
3343 4619 3519 4690 ἡμῶν,
3556 4620 3613 4685 ἐξ

358 4711 536 4780 puella
563 4712 790 4781 innupta
813 4717 1019 4777 uatum,
1051 4711 1247 4765 iactum
1274 4712 1568 4779 hominem,
1592 4715 1747 4782 aquis
1772 4716 1932 4769 intin-

2041 4721 2419 4791 άπειρογάμου
2463 4718 2631 4788 κόρης
2687 4713 3067 4784 γεννώμενον,
3117 4710 3613 4782 ἀνθρωπιζόμενον,

359 4812 532 4866 ctum,
595 4811 889 4867 tentatum,
948 4805 1095 4858 cruci
1146 4802 1386 4869 aﬂixum,
1425 4805 1717 4875 sepultum,
1773 4807 1929 4861 tertia

361 4896 685 4950 suseitatum
713 4896 820 4961 die,
844 4905 1007 4966 atque
1034 4897 1087 4951 in
1112 4898 1282 4953 cmlos
1312 4908 1651 4968 assumptum
1682 4918 1694 4953 :
1727 4900 1930 4969 quippe

359 4987 455 5057 qui
505 4987 631 5042 inde
667 5001 860 5042 rursus
888 4998 1147 5045 venturus
1173 4999 1538 5059 exspectetur,
1569 5007 1632 5046 ac
1662 4990 1929 5062 quidquid

358 5077 651 5135 formatum
705 5088 787 5135 est
835 5080 1163 5149 (humanum
1232 5082 1440 5136 scilicet
1488 5098 1661 5152 genus
1727 5082 1924 5153 omne)

358 5187 460 5227 ειιο
486 5172 741 5227 tribunali
789 5171 1160 5239 adhibiturus,
1218 5174 1511 5245 unicuique
1550 5176 1782 5245 denique
1830 5191 1931 5246 pro

355 5278 422 5319 eo
470 5279 534 5319 ac
587 5264 841 5335 gesserit,
875 5266 1205 5321 redditurus.
1267 5264 1421 5321 Ilunc
1476 5282 1595 5331 vos,
1630 5268 1814 5335 amici,
1870 5278 1929 5323 ut

356 5356 525 5412 Deum
562 5356 894 5425 agnoscatis,
929 5358 1217 5413 admoneo.
1244 5356 1380 5413 lluic
1412 5370 1469 5412 ut
1514 5360 1718 5414 cultum
1767 5361 1927 5415 adhi-

357 5444 552 5511 beatis,
587 5461 824 5518 euntque
849 5447 1185 5516 spiritalibus
1217 5448 1411 5503 hostiis
1444 5449 1659 5519 placare
1704 5451 1927 5506 studea-

426 5581 447 5609 ²
478 5576 639 5636 Rom.
670 5598 708 5648 ι,
737 5581 827 5636 21.
910 5582 927 5613 ³
958 5581 1103 5637 Psal.
1132 5598 1305 5651 χχχιι,
1340 5585 1391 5639 6.

2038 4812 2461 4883 βαπτιζόμενον,
2491 4807 2908 4878 πειραζόμενον,
2950 4802 3376 4875 σταυρούμενον,
3412 4802 3616 4855 θαπτό-

2039 4921 2221 4973 μενον,
2244 4902 2543 4973 τριήμερον
2595 4898 2978 4968 ἀνιστάμενον,
3011 4895 3149 4966 πρὸς
3179 4895 3445 4964 οὑρανοὺς
3477 4896 3613 4948 ἀνα-

2034 4992 2468 5064 λαμϐανόμενον,
2523 4989 2614 5043 καὶ
2642 4987 2793 5051 αὖθις
2826 4986 3034 5040 ἐκεῖθεν
3069 4986 3219 5056 ἥξειν
3253 4984 3615 5055 προσδεχόμε-

2036 5103 2148 5147 νον,
2173 5087 2268 5137 καὶ
2297 5084 2518 5154 σύμπαν
2552 5082 2612 5135 τὸ
2642 5080 2868 5149 πλάσμα
2901 5078 3273 5147 παραστήσειν
3302 5075 3495 5143 ἐαυτῷ,
3520 5075 3614 5126 καὶ

2036 5172 2328 5229 ἀποδοῦναι
2360 5174 2576 5243 ἑκάστῳ
2627 5169 2768 5227 κατὰ
2822 5168 2920 5239 τὴν
2966 5167 3164 5239 πρᾶξιν
3197 5164 3382 5219 αὑτοῦ.
3412 5164 3614 5217 Τοῦτον

2040 5268 2207 5337 ὑμᾶς,
2234 5260 2277 5319 ὧ
2306 5265 2471 5335 φίλοι,
2501 5264 2635 5316 Θεὸν
2666 5264 2867 5317 εἰδέναι
2924 5257 3222 5331 παρεγγυώ
3247 5274 3260 5287 ·
3313 5255 3499 5309 τοῦτον
3527 5255 3615 5307 σέ-

2038 5357 2265 5420 ϐεσθαι,
2319 5352 2507 5407 τοῦτον
2571 5353 2781 5416 θυσίαις
2875 5351 3276 5420 πνευματικαῖς
3342 5345 3612 5399 ἰλεοῦσθαι

2038 5448 2307 5523 παραινῶ,
2330 5448 2421 5501 τὸν
2451 5448 2509 5499 ὲν
2542 5445 2716 5514 Πατρὶ
2749 5445 2843 5498 καὶ
2870 5442 3006 5513 Υἰῷ,
3031 5442 3128 5496 καὶ
3157 5441 3299 5510 ἁγίῳ
3332 5439 3609 5510 Πνεύματι

430 5739 509 5806 (6)
542 5739 738 5796 Debuit
812 5742 925 5795 haec
974 5741 1121 5797 lotus
1160 5740 1329 5795 fuisse
1390 5743 1654 5798 fructibus
1701 5742 1981 5809 destituta,
2040 5758 2162 5799 cum
2210 5760 2317 5801 non
2376 5744 2481 5800 nisi
2530 5744 2598 5800 ad
2655 5742 3089 5800 comburendum
3162 5740 3314 5797 utilis
3374 5738 3607 5795 dicatur.

356 5808 497 5867 Idem
531 5808 733 5869 clarius
765 5812 1084 5883 exprimitur
1114 5827 1261 5866 num.
1300 5810 1383 5864 lG.
