4092 6604
409 402 514 468 £29

978 401 1261 464 ORATIO
1299 404 1458 466 XIX.
1486 431 1557 444 --
1588 406 1671 470 IN
1700 408 2014 473 LAUDEM
2050 410 2127 471 S.‘
2154 405 2576 472 HYACINTHI
2608 407 3071 472 AMASTRENI.

3563 412 3671 477 43⁸)

408 508 786 581 θεωρούμενον
816 508 912 561 καὶ
942 510 1416 581 προσκυνούμενον
1439 530 1452 544 ⁶
1482 515 1574 568 τον
1602 518 1763 587 μόνον
1778 519 1985 574 δίκαιον

2096 519 2189 585 tis,
2235 518 2333 589 qui
2395 518 2449 572 in
2485 518 2648 573 Patre
2676 526 2730 571 et
2758 516 2898 572 Filio
2937 526 2991 572 et
3050 516 3256 589 Spiritu
3292 520 3671 576 sanctointel-

406 604 501 655 καὶ
541 600 720 664 ζῶντα
758 599 926 654 Θεόν’
952 599 1012 664 ὃς
1055 602 1251 655 ἀέναον
1306 605 1530 658 κόλασιν
1569 608 1666 661 καὶ
1696 608 1811 680 πῦρ
1833 610 1986 681 ἡτοί-

408 709 584 762 μασεν
616 691 900 756 ἄσϐεστον,
928 693 1041 757 τοῖς
1057 694 1220 748 αὑτὸν
1250 695 1349 766 μὲν
1371 696 1648 765 ἀθετοῦσι,
1685 701 1783 771 τὴν
1808 702 1986 757 κτίσιν

404 786 462 839 δὲ
492 785 832 838 θεοποιοῦσιν
852 802 865 815 ο
908 785 965 848 δς
1019 786 1267 858 οὐρανῶν
1316 789 1594 859 βασιλείαν
1626 794 1771 863 ζωήν
1801 812 1860 847 τε
1893 795 1988 848 καὶ

404 877 562 942 δόξαν
596 880 815 932 αἰώνιον
840 881 952 942 τοῖς
992 880 1341 934 πιστεύουσιν
1368 883 1455 936 ἐπ’
1486 885 1670 950 αὐτὸν,
1695 886 1761 938 δι’
1797 887 1988 950 ὕδατός

403 986 463 1022 τε
495 971 589 1024 καὶ
626 969 936 1040 πνεύματος
990 972 1479 1044 ἀναγεννωμένοις,
1526 980 1916 1048 ἐπηγγείλατο.
1964 1000 1983 1034 ι

478 1238 570 1288 ια’.
607 1232 895 1300 Τοιαύταις
952 1236 981 1290 ὁ
1034 1235 1179 1301 θεῖος
1213 1239 1503 1304 Ὑάκινθος
1556 1242 1986 1312 παραγγελίαις,

402 1326 682 1390 τοιαύταις
714 1328 800 1380 ἀεὶ
828 1328 1241 1398 παραινέσεσιν,
1272 1332 1370 1383 οὐκ
1398 1333 1539 1385 ἀνιεῖ
1580 1336 1707 1397 τοὺς
1738 1335 1987 1403 ἐγγίζον-

402 1437 500 1481 τας
532 1419 682 1490 αύτῷ
709 1417 996 1486 νουθετῶν,
1031 1421 1288 1492 ἐλέγχων,
1339 1426 1699 1495 παρακαλῶν,
1735 1429 1871 1482 πᾶσι
1904 1428 1991 1481 λό-

403 1528 520 1579 γοις
577 1513 671 1564 καὶ
698 1513 923 1580 τρόποις
980 1513 1081 1581 τῆς
1133 1515 1365 1567 ἐκτόπου
1423 1516 1846 1589 δεισιδαιμονίας
1888 1520 1989 1572 αύ-

402 1604 528 1664 τοῦς
559 1601 762 1671 ταύτης
785 1602 1149 1656 ἀπαλλάττειν
1181 1604 1638 1678 προθυμούμενος
1663 1624 1676 1638 ⁶
1733 1610 1897 1680 ἤνυεν
1926 1610 1984 1664 δὲ

404 1690 568 1745 πλέον
597 1694 779 1746 οὐδέν·
819 1691 991 1763 δῆμος
1018 1695 1126 1765 γὰρ
1156 1697 1443 1765 ἀλόγιστος
1476 1702 1570 1752 καὶ
1604 1700 1834 1770 θρασὺς,
1863 1720 1989 1755 συν-

402 1786 615 1855 ηθείαις
652 1787 848 1848 κακαῖς
889 1786 985 1839 καὶ
1012 1789 1414 1857 πονηροτὰταις
1466 1791 1773 1861 προλήψεσι
1802 1792 1986 1846 δεδου-

2091 609 2278 681 ligitur
2328 624 2394 665 ac
2440 609 2740 676 adoretur,
2790 609 2967 665 solum
3020 609 3227 680 justum
3299 625 3363 665 ac
3405 611 3673 667 viventem

2094 703 2288 769 Deum,
2331 702 2597 757 adhortor
2650 695 2786 772 :‘qui
2834 700 3095 755 nimirum
3139 710 3344 757 aeterna
3402 702 3672 773 supplicia

2092 794 2386 865 ignemque
2418 793 2524 848 illis
2566 792 2912 863 praeparavit,
2944 792 3059 862 qui,
3111 808 3176 847 eo
3217 802 3421 863 spreto,
3456 802 3675 848 creatu-

2092 901 2209 941 ram
2317 884 2615 953 deificant;
2673 886 2767 956 qui
2834 884 3069 961 denique
3112 900 3337 955 regnum
3384 885 3672 950 caelorum.

2091 979 2366 1047 vitamque
2430 986 2693 1031 aeternam
2760 991 2826 1031 ac
2892 976 3123 1047 gloriam
3195 977 3547 1032 credentibus
3617 976 3673 1031 in

2092 1068 2271 1136 ipsum
2315 1064 2591 1135 pollicitus
2615 1074 2721 1131 est,
2757 1066 2851 1135 qui
2909 1081 2976 1121 ex
3011 1081 3153 1136 aqua
3180 1075 3235 1121 et
3261 1065 3468 1135 Spiritu
3493 1066 3672 1121 renati

2089 1158 2220 1213 sint.
2260 1177 2279 1209 ι

2166 1254 2253 1307 ll.
2324 1252 2550 1308 Talibus
2610 1249 2947 1322 Hyacinthus
3008 1250 3418 1317 hortamentis,
3473 1249 3673 1305 talibus

2091 1342 2350 1412 frequens
2410 1343 2723 1413 jugiterque
2780 1340 3282 1406 admonitionibus,
3338 1342 3385 1397 si
3434 1340 3531 1411 qui
3578 1341 3676 1395 ad-

2098 1438 2260 1501 irent,
2286 1437 2643 1508 increpando,
2694 1435 2993 1506 arguendo,
3049 1436 3392 1492 obsecrando
3447 1435 3471 1467 ’⁵
3525 1436 3673 1508 (nul-

2090 1531 2159 1587 lis
2216 1531 2424 1586 scilicet
2484 1545 2593 1584 non
2657 1528 2961 1583 rationibus
3017 1529 3303 1598 modisque
3357 1529 3674 1598 satagendo.

2090 1631 2151 1678 ut
2187 1623 2256 1677 ab
2309 1623 2522 1679 insulsa
2555 1621 3074 1689 dementissimaque
3135 1620 3525 1689 supersdtione
3580 1634 3677 1677 eos

2089 1715 2393 1785 liberaret).
2437 1715 2575 1768 nihil
2616 1723 2795 1769 tamen
2841 1713 3075 1782 amplius
3114 1712 3452 1783 proficiebat.
3480 1714 3677 1767 incon-

2090 1809 2267 1864 sultus
2326 1809 2472 1863 enim
2534 1809 2825 1878 audaxque
2879 1822 2946 1863 ac
3013 1807 3336 1863 temerarius
3394 1808 3674 1878 populus,

403 1878 667 1946 λωμένος,
717 1877 1118 1945 δυσαγώνιστός
1144 1896 1203 1931 τε
1233 1879 1337 1944 ἔτι,
1370 1881 1583 1951 καὶτῆς
1611 1883 1701 1935 ἐπὶ
1753 1884 1814 1936 τὸ
1861 1884 1983 1953 βέλ-

2091 1915 2269 1971 prava:
2316 1900 2533 1956 deditus
2579 1899 2981 1963 consuetudini,
3038 1898 3404 1969 pessimeque
3431 1898 3677 1953 emanci-

403 1988 517 2041 τιον
543 1972 940 2042 ἀνεπαίσθητος
966 1974 1300 2043 ἐπιστροφῆς
1323 1991 1338 2006 ο
1372 1973 1493 2028 ὅθεν
1516 1977 1565 2028 οἱ
1602 1976 1701 2046 μὲν
1718 1978 1984 2047 ἀναισθη-

406 2063 497 2135 σίᾳ
515 2064 583 2115 τά
604 2057 718 2116 ὦτα
738 2061 1082 2134 βαρύνοντες,
1119 2066 1215 2118 καὶ⁹
1237 2065 1408 2119 νῶτον
1429 2067 1662 2131 διδόντες
1695 2086 1984 2141 παραφρο-

403 2156 619 2220 νοῦντα,
662 2155 805 2209 κατὰ
833 2156 930 2223 τὴν
956 2156 994 2207 Γ
1002 2156 1203 2226 ραφὴν,
1250 2158 1327 2220 ὡς
1375 2158 1499 2228 είκῆ
1555 2158 1851 2229 ληροῦντος
1885 2160 1985 2213 οὐκ

404 2248 717 2319 ἠνείχοντο’
770 2251 819 2302 οί
853 2248 909 2301 δὲ
953 2250 1049 2303 καὶ
1082 2249 1302 2318 μανίαις
1327 2250 1423 2304 καὶ
1459 2250 1642 2321 ζήλοις
1667 2254 1884 2323 πικροῖς
1910 2253 1987 2306 oi-

406 2340 893 2413 στρηλατούμενοι,
924 2338 1116 2411 ύϐρεσί
1146 2357 1202 2393 τε
1232 2341 1420 2394 τοῦτον
1451 2341 1673 2412 μυρίαις
1693 2343 1988 2413 ἠμείϐοντο

404 2435 498 2487 καὶ
546 2435 831 2503 ἀτιμίαις·
884 2434 979 2487 καὶ
1028 2433 1158 2486 ποτὲ
1199 2434 1296 2504 μὲν
1342 2433 1716 2504 χλευάζοντες,
1768 2437 1899 2490 ποτὲ
1927 2436 1985 2491 δὲ

403 2524 781 2588 ὀνειδίζοντες,
825 2523 941 2578 ἔστι
972 2525 1018 2577 δ’
1046 2526 1134 2578 ὅτε
1167 2526 1262 2577 καὶ
1308 2526 1667 2590 ἀπειλοῦντες
1713 2527 1861 2598 αύτῷ
1891 2528 1987 2581 καὶ

405 2617 899 2684 συνεπιτιθέμενοι,
956 2616 1189 2687 ἔϐρυχον
1234 2620 1361 2681 τοὺς
1413 2618 1632 2683 ὀδόντας
1678 2621 1766 2673 ἐπ’
1799 2621 1982 2676 αύτόν.

405 2713 470 2765 Τί
502 2707 594 2766 οὖν
623 2714 651 2765 ὁ
712 2712 998 2781 ἄνθρωπος
1028 2714 1121 2765 τοῦ
1154 2713 1288 2766 Θεοῦ
1316 2729 1331 2772 ;
1369 2715 1481 2766 Οὐκ
1504 2713 1780 2786 αὔταρκες
1814 2716 1985 2769 οἴεται

404 2805 463 2857 τὸ
492 2804 613 2857 καθ’
645 2803 838 2858 ἑαυτὸν
896 2804 1056 2874 μόνον
1101 2805 1309 2876 διορᾷν,
1335 2806 1480 2869 ὅπως
1519 2808 1583 2859 ἂν
1623 2808 1734 2876 ἔχοι
1781 2806 1982 2873 καλῶς,

314 2936 318 2939 -
404 2898 513 2951 τῶν
544 2897 718 2951 ἄλλων
741 2897 797 2950 δὲ
825 2897 1009 2960 κακῶς
1039 2897 1273 2967 ἐχόντων
1321 2898 1629 2970 ὑπερορᾷνο
1683 2900 1804 2952 οὐδὲ
1850 2900 1988 2971 θρη-

406 2991 518 3041 νεῖν
558 2989 657 3058 μὲν
715 2989 855 3059 ὑπὲρ
899 2990 1079 3042 αὐτῶν
1106 2989 1305 3059 ἡσυχῆ,
1344 2991 1437 3042 καὶ
1483 2991 1803 3044 ποτνιᾶσθαι
1850 2989 1986 3061 πρὸς

406 3080 495 3132 τὸν
528 3079 751 3150 Κύριον,
791 3078 1271 3151 παρρησιάζεσθαι
1303 3080 1358 3132 δὲ
1384 3081 1523 3150 ὑπὲρ
1556 3082 1814 3151 ἀληθείας
1850 3083 1987 3136 ὑπο·

2089 2002 2249 2062 patus
2288 2002 2566 2062 occupata:
2625 1990 2893 2061 opinioni,
2947 1990 3166 2044 vixdum
3220 1989 3520 2061 expugnari
3573 2003 3675 2058 po-

2088 2092 2246 2148 terat,
2307 2099 2585 2154 sensuque
2619 2084 2770 2138 omni
2826 2083 3072 2138 melioris
3122 2081 3297 2152 frugis
3347 2081 3676 2151 arripienda:

2091 2178 2337 2233 carebat.
2398 2176 2650 2246 Hincque
2705 2177 2839 2233 adeo
2878 2176 2992 2241 alii,
3042 2190 3152 2245 quo
3204 2184 3430 2245 stupore
3478 2174 3676 2244 perciti

2093 2276 2271 2331 erant,
2301 2282 2465 2322 aures
2492 2272 2871 2337 agar-evantes,
2903 2282 2964 2320 ac
2988 2266 3210 2321 dorsum
3261 2266 3519 2323 insanum
3541 2264 3677 2319 dan-

2088 2368 2170 2414 tes
2201 2360 2306 2429 (7),
2360 2359 2436 2412 uti
2473 2357 2770 2427 Scriptura:
2808 2358 2990 2413 verbis
3038 2370 3357 2427 expressum
3392 2364 3494 2422 est,
3529 2356 3676 2412 velut

2089 2460 2291 2506 temere
2352 2450 2701 2513 delirantem,
2757 2465 2883 2504 eum
2954 2463 3062 2503 non
3122 2447 3516 2503 sustinebant:
3581 2444 3676 2503 alii

2089 2558 2219 2599 vero
2271 2542 2434 2597 etiam
2500 2540 2662 2596 iuriis
2709 2539 3179 2608 amarulentisque
3235 2535 3677 2592 aemulationibus

2087 2634 2315 2698 efferati,
2343 2634 2671 2702 iniuriarum
2714 2632 2823 2687 vim
2860 2632 3204 2686 innumeram
3238 2628 3677 2697 probrorumque

2093 2728 2171 2783 illi
2209 2726 2619 2796 rependebant;
2680 2740 2744 2781 ac
2802 2725 2966 2779 modo
3020 2722 3240 2792 quidem
3275 2735 3408 2775 naso
3438 2734 3674 2789 suspen-

2084 2820 2289 2874 debant
2345 2819 2466 2889 (8),
2511 2818 2675 2872 modo
2709 2827 2891 2871 autem
2936 2814 3379 2885 exprobrabant,
3424 2811 3673 2882 quando-

2088 2924 2197 2979 que
2264 2923 2395 2963 vero
2452 2907 2615 2962 etiam
2668 2905 2957 2961 minaciter
3031 2903 3347 2971 impetuque
3412 2908 3671 2965 ruentes.

2089 3000 2343 3055 dentibus
2386 3000 2439 3053 in
2461 3014 2586 3053 eum
2615 2997 2955 3051 frendebant.
2976 2994 3117 3061 Quid
3148 2993 3313 3063 igitur
3344 2989 3437 3046 Dei
3471 2992 3676 3047 homo?

2088 3090 2205 3145 Non
2268 3091 2403 3146 satis
2455 3091 2754 3145 arbitratur
2812 3096 2874 3141 ut
2933 3101 3031 3141 sua
3087 3086 3350 3139 duntaxat
3395 3082 3673 3152 dispiciat,

410 3171 754 3224 στέλλεσθαι·
790 3171 909 3225 οὐδὲ
936 3169 1078 3241 λόγῳ
1130 3171 1228 3241 μὲν
1270 3172 1365 3223 καὶ
1393 3171 1766 3235 διδασκαλίαις
1801 3172 1983 3241 μόνον,

2091 3182 2370 3251 quomodo
2419 3189 2566 3236 recte
2603 3195 2663 3234 se
2696 3178 2952 3243 habeant,
3006 3191 3094 3231 res
3149 3189 3274 3230 vere
3330 3174 3565 3228 aliorum
3614 3187 3676 3227 se

405 3261 555 3333 ἔργῳ
575 3263 633 3315 δὲ
662 3266 737 3333 μὴ
782 3263 1111 3316 ἀνακόπτειν
1148 3262 1257 3315 τῶν
1302 3263 1756 3333 ἀφρονευομένων
1786 3267 1984 3335 πειρᾶ-

410 3354 535 3409 σθαι
562 3356 660 3425 τὴν
683 3355 1021 3420 δυσσέϐειαν,
1040 3348 1271 3424 ἀρίστης
1300 3349 1441 3410 εἶναι
1464 3356 1559 3409 καὶ
1584 3356 1796 3421 τελείας
1826 3357 1987 3428 ἔργον

405 3448 623 3519 ⁴ἡγεῖται
658 3448 918 3511 διανοίας.

2095 3273 2237 3329 male
2286 3274 2550 3328 habentes
2599 3271 2913 3342 despiciat:
2965 3282 3143 3337 neque
3193 3275 3252 3320 ut
3309 3264 3527 3320 silentio
3574 3277 3676 3333 pro

2093 3365 2175 3419 eis
2222 3364 2423 3434 lugeat,
2490 3373 2658 3435 atque
2721 3362 2788 3416 ad
2840 3360 3131 3415 Dominum
3180 3358 3413 3429 gemitus
3472 3356 3673 3417 trahat.

2094 3455 2371 3525 libereque
2422 3471 2522 3526 pro
2566 3454 2791 3511 veritate
2823 3466 2985 3523 agere
3011 3464 3077 3505 ac
3108 3448 3259 3520 loqui
3291 3447 3673 3518 pertimescat;

406 3558 510 3598 nec
543 3552 603 3597 ιιι
630 3558 884 3599 sermone
924 3544 1190 3598 duntaxat
1249 3559 1314 3597 ac
1371 3542 1658 3607 doctrinis,
1708 3559 1813 3598 non
1856 3561 1985 3601 vero
2014 3548 2180 3604 etiam
2233 3558 2413 3619 ’opere
2489 3547 2864 3618 insipientium
2919 3554 3149 3601 conetur
3209 3539 3546 3613 impietatem
3588 3538 3676 3596 in-

407 3631 649 3701 fringere
681 3648 745 3688 ac
767 3634 1038 3699 inhibere,
1066 3636 1285 3704 optimae
1313 3643 1477 3703 atque
1511 3635 1760 3703 perfectae
1792 3638 1989 3692 mentis
2016 3654 2154 3709 opus
2179 3655 2302 3695 esse
2334 3647 2574 3710 reputat.
3175 3637 3178 3641 ’

511 3768 644 3825 Car.
682 3769 748 3823 ll.
778 3800 850 3809 ——
880 3767 1065 3824 Sancti
1101 3769 1353 3839 martyris
1384 3769 1525 3822 zelus
1560 3768 1613 3821 in
1654 3768 1946 3844 excidenda
1984 3772 2190 3836 arbore,
2229 3773 2391 3829 libera
2418 3775 2548 3844 facti
2582 3773 2861 3844 confessio,
2900 3773 3191 3836 cruciatus,
3254 3786 3419 3836 mors,
3473 3779 3559 3823 tu-

1639 3839 1837 3904 mulus,
1879 3851 1929 3894 et
1974 3846 2210 3898 auctoris
2258 3839 2518 3916 epilogus.
2682 3839 2690 3844 ’
2852 3839 2855 3840 ν
3238 3872 3241 3877 ·

480 3959 569 4032 ιβ’.
614 3958 781 4013 Ἀλλά
828 3960 942 4020 τοῖς
972 3956 1172 4024 λόγοις,
1210 3956 1285 4018 ὡς
1313 3953 1549 4027 εἴρηται,
1587 3956 1854 4027 πρότερον
1892 3957 1985 4025 ἐγ-

406 4054 683 4125 κείμενος,
714 4050 836 4103 ὲπέι
876 4048 951 4119 μὴ
976 4042 1086 4111 οἷός
1129 4048 1178 4100 τ’
1220 4043 1290 4118 ἧν
1318 4049 1375 4101 ἐν
1400 4048 1611 4110 τούτοις
1644 4048 1743 4133 τῇς
1777 4049 1985 4117 πλάνης

407 4143 625 4211 ἐκείνης
661 4141 925 4209 ἐπισχεῖν,
979 4137 1261 4206 ἑπομένως
1288 4137 1475 4190 λοιπὸν
1512 4136 1609 4207 τὴν
1640 4137 1733 4190 ἐπὶ
1756 4137 1863 4189 τῶν
1890 4137 1985 4209 ἕρ·

409 4251 521 4302 γων
550 4233 781 4302 δύναμιν
813 4230 1173 4307 ὲκδείκνυται,
1194 4230 1288 4282 καὶ
1308 4229 1406 4291 τὰς
1422 4228 1521 4298 τῆς
1548 4228 1789 4292 διανοίας
1815 4229 1987 4297 ὀσςεῦς

406 4324 854 4393 ἁναζωσάμενος,
893 4320 991 4375 καὶ
1018 4322 1116 4390 τὴν
1140 4320 1247 4374 ἀπὸ
1290 4319 1387 4373 τοῦ
1432 4318 1608 4390 Ἰησοῦ
1648 4318 1887 4388 Χριστοῦ
1917 4323 1983 4392 τῇ

408 4419 689 4490 προσευχῇ
762 4415 992 4485 δύναμιν
1051 4413 1522 4483 ἐπισπασάμενος,
1573 4409 1693 4465 εἶτα
1754 4412 1987 4467 πέλεκυν

405 4511 531 4576 ὀξὺν
568 4508 748 4564 λαϐὼν
793 4510 858 4579 τῇ
889 4508 1053 4578 χειρὶ,
1086 4505 1181 4558 καλ.
1212 4504 1433 4575 θερινῆς
1473 4503 1822 4575 μεσημϐρίας
1854 4505 1989 4560 πάν-

410 4621 509 4666 τας
541 4600 833 4664 διαλαθὼν,
895 4597 1193 4670 πρόρριζον
1244 4598 1501 4650 ἐκκόπτει
1545 4596 1606 4649 τὸ
1648 4597 1745 4668 τῆς
1782 4594 1990 4669 πλάνης

408 4694 672 4764 φυτόν.’“Ω
697 4692 871 4761 ψυχῆς
893 4689 1148 4761 ἀνδρείας
1170 4687 1401 4759 ἀνδρείῳ
1428 4688 1718 4759 χρωμένης
1742 4687 1953 4759 σώματι
1974 4690 1987 4742 l

2168 3960 2251 4014 12.
2285 3959 2389 4015 Sed
2425 3975 2547 4015 cum
2575 3959 2749 4030 prius,
2777 3957 2852 4013 uti
2887 3956 3160 4024 dicebam,
3190 3956 3371 4012 verbis
3397 3953 3678 4010 incubuis—

2095 4060 2196 4117 set,
2230 4066 2333 4107 nec
2363 4052 2582 4106 illorum
2623 4050 2674 4104 vi
2708 4064 2772 4104 ac
2804 4065 2906 4104 usu
2971 4049 3041 4104 ab
3084 4062 3273 4103 errore
3301 4047 3396 4101 illo
3428 4046 3677 4102 inhibere

2094 4154 2276 4212 posset
2307 4160 2320 4207 ;
2364 4150 2769 4211 consequenter
2790 4141 2927 4211 jam,
2955 4153 3076 4208 quae
3101 4138 3155 4192 in
3191 4137 3454 4207 operibus
3498 4136 3678 4206 posita

2093 4242 2198 4299 est,
2229 4233 2485 4287 virtutem
2514 4231 2752 4287 ostendit
2782 4249 2795 4285 :
2832 4228 3255 4297 succlnctusque
3274 4226 3494 4281 lumbos
3518 4239 3676 4280 men-

2096 4325 2187 4389 tis,
2224 4331 2389 4393 atque
2418 4336 2448 4377 a
2474 4321 2605 4377 Jesu
2636 4321 2858 4377 Christo
2902 4334 3126 4391 precum
3174 4316 3437 4373 instantia
3482 4330 3679 4370 corro-
3717 4380 3723 4388 ,

2095 4424 2216 4487 gata
2245 4414 2466 4479 virtute,
2512 4422 2626 4469 tum
2682 4428 2870 4481 manu,
2929 4419 3087 4467 acuta
3145 4408 3324 4466 securi
3378 4406 3675 4478 prehensa,
3716 4410 3726 4441 ’ξ

2094 4503 2234 4559 clam
2266 4504 2543 4570 omnibus,
2581 4504 2771 4559 aestivo
2796 4502 2911 4558 sole
2937 4516 3002 4556 ac
3030 4501 3279 4566 meridie,
3315 4499 3519 4554 erroris
3548 4496 3677 4553 stir—
3760 4538 3761 4541 η

2095 4613 2215 4667 pem
2246 4597 2508 4653 radicitus
2532 4596 2820 4650 exscindit.
2861 4594 2905 4650 Ο
2929 4595 3123 4649 fortem
3156 4592 3424 4658 animum,
3446 4591 3676 4646 robusto
3749 4622 3761 4664 ,η

2097 4702 2325 4759 corpore
2370 4689 2569 4742 nsum!
2603 4685 2648 4741 Ο
2676 4685 2949 4742 fervorem
2986 4684 3134 4750 fidei,
3183 4683 3429 4739 fulminis
3477 4683 3704 4748 instar,-

409 4789 453 4840 ὢ
497 4786 831 4857 θερμότητος
866 4783 1120 4846 πίστεως,
1159 4780 1221 4834 τὸ
1272 4782 1370 4851 μὲν
1416 4781 1513 4850 τῆς
1553 4781 1803 4845 ἀσεϐείας
1832 4780 1985 4846 ξύλον

2094 4778 2390 4849 impietatis
2444 4777 2865 4834 succendentcm
2918 4776 3192 4841 arborem,
3228 4789 3294 4829 ac
3346 4773 3496 4829 velut
3553 4774 3677 4843 igne

407 4877 678 4950 κεραυνοῦ
708 4876 909 4945 τρόπον
940 4872 1381 4944 ὲμπιμπρώσης,
1403 4870 1592 4945 ὥσπερ
1623 4873 1679 4926 δὲ
1720 4873 1984 4947 καιούσης

407 4970 502 5025 καὶ
553 4965 945 5033 κατεσθιούσης
998 4968 1122 5027 τοὺς
1181 4964 1432 5025 ἀσεϐεῖςί
1471 4964 1517 5017 ὣ
1548 4964 1753 5035 τόλμης
1806 4963 1985 5034 ψυχῆς

407 5061 680 5131 καρτερᾶς
709 5061 800 5111 καὶ
843 5057 1134 5128 σταθερᾶς,
1172 5057 1265 5108 καὶ
1299 5056 1538 5118 διανοίας
1569 5058 1796 5126 συνετῆς
1821 5056 1985 5109 πλέον

407 5151 440 5222 ἢ
491 5149 639 5205 κατά
695 5148 1037 5219 ἀνθρώπινον
1092 5147 1240 5212 νοῦν,
1289 5148 1418 5219 περὶ
1456 5149 1555 5218 τὴν
1595 5147 1765 5217 αὐτὴν
1790 5145 1989 5217 πρᾶξιν

474 5292 497 5324 ⁵
526 5290 572 5345 li
603 5290 747 5346 Tim.
792 5306 867 5357 tv,
902 5290 959 5345 2.

478 5410 556 5479 (7)
588 5408 835 5463 lndicare
860 5409 949 5463 hic
977 5407 1149 5462 voluit
1177 5405 1394 5479 Nicetes
1426 5404 1769 5479 Zachariam,
1805 5417 1978 5479 cavn,

408 5476 496 5545 ll,
532 5476 624 5533 ulii
655 5481 835 5535 versio
869 5479 1111 5548 Vulgata:
1139 5478 1302 5533 habet
1351 5494 1369 5526 ι
1402 5477 1683 5548 scapulam
1724 5476 1981 5548 receoleno

406 5561 515 5606 tem
551 5568 568 5616 ;
600 5569 619 5601 ι
682 5551 826 5619 quod
877 5544 1237 5604 Cumbeﬁsius
1280 5547 1440 5600 vertit
1496 5544 1769 5619 {dorsum
1829 5544 1980 5598 insa-

409 5636 537 5675 num
579 5640 596 5670 ι
647 5616 1001 5682 contendens,
1030 5621 1174 5687 quod
1223 5618 1447 5672 verbum
1496 5616 1747 5670 Grazcum
1800 5630 1983 5685 παρα-

409 5691 627 5762 φρονεῖν
648 5691 866 5762 proprie
891 5690 1158 5762 significet
1184 5708 1202 5740 ι
1236 5687 1493 5762 insanire.
1531 5704 1549 5735 ι

477 5762 554 5830 (8)
596 5754 893 5826 Χλευᾶζειν
944 5754 1035 5815 cst
1072 5778 1092 5811 ι
1122 5760 1392 5830 irridere»
1446 5754 1594 5830 quod
1622 5755 1984 5830 Combeﬁsius

408 5826 569 5886 vertit
614 5850 633 5885 ι
672 5848 807 5888 naso
835 5833 1190 5902 suspendere,
1238 5849 1255 5882 ι
1307 5828 1359 5884 id
1390 5827 1608 5898 proprie
1637 5834 1721 5882 est
1769 5843 1787 5877 ι
1828 5826 1982 5882 vafre

2093 4873 2292 4941 impios
2322 4870 2734 4925 comburentem
2764 4884 2826 4923 ac
2855 4868 3241 4922 absorbentem
3271 4866 3284 4919 ί
3327 4864 3372 4920 Ο
3403 4873 3669 4920 constan-

2089 4965 2161 5019 tis
2193 4961 2443 5032 iirmique
2467 4961 2635 5016 animi
2668 4960 2978 5025 audaciam,
3007 4965 3360 5025 mentemque
3386 4970 3550 5025 quam
3576 4970 3675 5024 pro

2090 5056 2333 5111 humana
2357 5054 2572 5107 ratione
2595 5052 2958 5117 solertiorem,
3001 5064 3107 5103 una
3137 5048 3439 5116 eademque
3459 5045 3673 5100 actione

2092 5157 2241 5203 tanta
2275 5154 2660 5219 prxestantem;
2702 5159 2768 5199 ac
2800 5153 2913 5198 tum
2947 5141 3113 5197 simul
3143 5140 3351 5195 erroris
3399 5153 3669 5209 organum

2085 5422 2148 5460 ac
2179 5406 2675 5470 subdoleirridere,
2715 5425 2733 5457 ι
2779 5402 2925 5475 quod
2980 5403 3152 5459 Graeci
3198 5399 3437 5475 simplici
3491 5398 3669 5455 verbo

2085 5478 2279 5532 dicunt
2321 5478 2700 5547 μυκτηρίζειν.
2747 5472 3125 5547 Phrasis‘ham
3175 5472 3311 5529 satis
3357 5485 3674 5547 communis

2085 5496 2279 5532 ιιιοιιηι
2362 5496 2700 5547 υκτηριςειν.
2747 5496 2973 5529 l'lll'aSlS
3010 5496 3125 5529 "826
3175 5496 3311 5529 Silus
3357 5496 3674 5525 communis

2085 5558 2169 5601 est
2197 5496 2607 5616 apud‘veteres,
2645 5547 2722 5601 uti
2776 5546 2937 5616 inter
2957 5544 3096 5601 alios
3146 5550 3315 5616 patet_
3348 5540 3674 5616 exiloratio

2088 5621 2141 5672 in
2176 5612 2544 5683 sermonibus,
2573 5617 2663 5672 ubi
2687 5617 2800 5671 ait:
2837 5635 2857 5667 ι
2892 5613 3039 5671 Naso
3061 5612 3349 5685 suspendis
3377 5612 3613 5667 adunco.
3646 5631 3667 5685 ξ

2086 5687 2250 5742 Plura
2306 5690 2370 5743 de
2425 5689 2528 5743 hac
2583 5687 2937 5757 expressione
3000 5682 3174 5743 videri
3235 5692 3471 5755 possunt
3527 5682 3672 5755 apud

2084 5757 2316 5815 Paulum
2350 5757 2652 5815 Manutium
2683 5759 2737 5815 in
2766 5757 3009 5829 Adagiis.
