4092 6608
416 412 518 476 431

1618 411 1911 473 ΝΙΩΕΤΛΞ
1949 409 2475 470 PAPIILAGONIS

3560 403 3667 467 432

416 521 723 584 tollentem,
765 533 970 590 eosque
1024 521 1117 592 qui
1156 518 1633 577 immedicabiliter
1668 521 1761 574 illo
1805 519 1982 573 allecti

2095 518 2180 569 καὶ
2214 516 2343 588 μίαν
2383 515 2554 568 πλείω
2610 513 2983 586 κατορθούσης
3042 514 3136 568 καὶ
3172 512 3308 586 ὁμοῦ
3359 514 3420 567 τό
3474 532 3534 568 τε
3568 517 3667 585 τῆς

410 619 587 675 erant,
626 608 1072 675 confundentem,
1125 626 1225 666 nec
1261 626 1371 665 non
1426 610 1630 680 plures,
1663 610 1866 682 quibus
1897 624 1987 663 er-

414 716 507 755 ror
544 716 648 754 non
675 701 755 755 sic
783 700 889 754 alte
920 701 1237 768 inoleverat,
1271 702 1671 764 emendantem,
1692 701 1757 755 ad
1788 700 1986 755 verita-

413 803 544 858 tem,
595 793 813 857 ducem,
854 792 1073 862 Deoque
1120 809 1221 847 suo
1271 793 1496 863 gloriam
1547 792 1931 862 rependentem
1971 808 1985 846 :

410 885 545 955 quin
574 898 630 940 et
667 885 863 938 horum
896 884 1115 938 demum
1166 884 1413 954 praemio,
1477 885 1771 941 clarissimi
1824 886 1987 940 etiam

412 978 655 1047 martyrii
683 978 868 1031 laurea
899 975 1274 1030 det-orantem.

483 1154 570 1206 15.
604 1151 705 1206 Ubi
759 1151 927 1221 igitur
983 1152 1322 1217 sacerdotes,
1386 1152 1747 1207 constitutum
1804 1152 1989 1207 arbori

413 1248 744 1302 sacrificium
795 1247 1086 1310 reddituri,
1123 1246 1493 1312 advenissent,
1531 1251 1884 1317 exeisamque
1927 1262 1991 1302 ac

413 1340 560 1392 humi
589 1339 916 1408 propudiose
938 1338 1132 1390 illisam
1158 1338 1591 1407 conspexissent,
1611 1340 1843 1406 primum
1868 1338 1991 1408 qui-

411 1433 536 1485 dem
573 1431 792 1485 attoniti
836 1430 1137 1492 lnerebant,
1173 1430 1329 1499 longe
1363 1430 1607 1483 maximo
1642 1438 1889 1499 stupore,
1930 1438 1992 1483 ut

415 1538 511 1593 par
556 1533 660 1589 est,
710 1523 922 1590 perciti.
956 1521 1048 1575 Sic
1104 1521 1247 1574 enim
1300 1528 1696 1590 comparatum,
1756 1519 1989 1589 utquod

413 1623 610 1680 prmter
660 1628 875 1667 omnem
932 1613 1395 1681 exspectationem
1470 1610 1692 1683 accidit,
1744 1611 1987 1664 animum

414 1714 633 1774 stupore
669 1704 867 1757 alliciat
896 1714 1063 1773 atque
1101 1704 1392 1773 percellat,
1437 1718 1500 1757 ac
1557 1702 1825 1771 siquidem
1860 1702 1989 1756 illud

412 1799 618 1853 bonum
669 1798 961 1861 exstiterit,
1020 1797 1312 1851 hilaritatis
1342 1795 1563 1865 impleat
1614 1809 1675 1848 ac
1707 1793 1984 1865 jucundis-

413 1891 552 1943 sime
584 1889 802 1951 habeat,
860 1888 941 1942 sin
970 1904 1101 1943 vero
1145 1888 1371 1954 malum,
1402 1886 1661 1941 mrestitia
1712 1886 1989 1955 animique
2021 1870 2064 1929 Β

413 1982 607 2036 dolore
656 1982 882 2049 repleat.
939 1981 1018 2035 Ac
1050 1980 1095 2035 si
1143 1979 1361 2048 quidem
1417 1994 1483 2034 eo
1514 1986 1740 2035 auctore
1793 1993 1990 2033 evene-

415 2074 507 2141 rit,
561 2074 653 2143 qui
688 2075 821 2127 nulli
861 2074 973 2143 ipse
1001 2087 1155 2127 noxa:
1184 2072 1458 2125 obnoxius
1505 2072 1598 2137 sit,
1640 2072 1820 2126 dirum
1874 2086 1990 2126 me-

412 2168 521 2225 rito
573 2168 876 2221 cruciatum
931 2166 1118 2219 animo
1173 2163 1377 2229 infert,
1431 2164 1605 2218 donec
1660 2164 1986 2231 quibusdam

413 2275 536 2315 eum
570 2258 874 2313 rationibus
901 2256 1118 2311 deliniri
1175 2254 1487 2323 contigerit.
1542 2252 1766 2308 Detecto
1801 2261 1983 2307 autem

415 2361 659 2416 auctore,
718 2362 1079 2420 eoqnenexa:
1136 2346 1398 2410 obnoxio,
1460 2345 1725 2417 quidquid
1786 2344 1990 2399 doloris

413 2450 533 2495 erat
556 2440 835 2507 animique
855 2439 1131 2494 cruciatus
1151 2440 1439 2505 derepente
1469 2436 1521 2489 in
1554 2435 1688 2490 iram
1720 2433 1991 2489 furorem.

2089 608 2307 677 ἀπάτης
2369 608 2601 676 ὄργανον
2661 605 3075 676 ὲξαναιρούσης,
3131 604 3391 669 καὶτοὺς
3433 607 3667 671 ανιάτως

2087 699 2261 770 τούτῳ
2312 698 2767 771 προσπάσχοντας
2799 697 3293 768 καταισχυνούσηςο
3340 698 3569 762 πολλοὺς
3612 700 3668 752 δὲ

2088 790 2427 862 διορθούσης,
2483 784 2565 853 οῖς
2625 790 2698 861 μὴ
2740 790 2882 843 κατά
2916 789 3079 859 βάθος
3114 790 3183 842 τὰ
3220 793 3318 859 τῆς
3356 790 3671 860 πλανήσεως

2089 881 2383 950 ἐντέτηκε’
2422 880 2559 951 πρὸς
2614 879 2711 950 τὴν
2752 878 3011 951 ἀλήθειαν
3060 880 3115 932 δὲ
3166 880 3532 950 ποδηγούσης,
3578 881 3672 935 καὶ

2091 974 2187 1027 τὸν
2243 975 2442 1027 οἰκεῖον
2484 973 2816 1041 δοξαζούσης
2873 971 3033 1025 Θεόν·
3090 973 3181 1033 ναὶ
3233 974 3339 1042 μὴν
3360 972 3445 1025 διὰ
3475 970 3668 1038 ταῦτα,

2090 1066 2183 1117 καὶ
2213 1062 2586 1134 λαμπροτάτῳ
2609 1062 3114 1133 καταγλαῖζομένης
3148 1063 3456 1134 μαρτυρίῳ.

2166 1164 2254 1224 ιγ’.
2303 1156 2455 1208 Ἐπεὶ
2480 1156 2587 1226 γὰρ
2610 1151 2745 1225 ἦκον
2767 1156 2816 1207 οί
2846 1157 3012 1225 ἱερεῖς
3051 1155 3149 1226 τὴν
3174 1158 3569 1230 νενομισμένην
3594 1159 3671 1229 τῷ

2089 1249 2296 1321 δένδρῳ
2319 1248 2509 1302 θυσίαν
2547 1247 2939 1310 ἀποδώσοντες,
2981 1249 3213 1300 ὲκκοπὲν
3247 1248 3303 1300 δὲ
3354 1249 3512 1302 τοῦτο
3574 1252 3671 1304 καὶ

2091 1341 2234 1395 κατά
2290 1344 2394 1413 γῆς
2449 1342 2660 1411 ἀτίμως
2714 1336 2854 1394 εἶδον
2893 1343 3264 1412 καταρραγὲν,
3311 1342 3528 1413 πρῶτον
3572 1344 3671 1413 μὲν

2090 1432 2443 1503 ἀπηνεοῦντο,
2477 1432 2674 1503 θάμϐει
2708 1432 2905 1503 πολλῷ,
2932 1432 3075 1485 κατά
3099 1433 3157 1485 τὸ
3204 1433 3371 1499 είκδς,
3413 1436 3673 1505 περιεχό-

2095 1540 2246 1593 μενοι
2274 1539 2288 1554 ο
2345 1518 2488 1575 οἶδεν
2532 1522 2641 1594 γὰρ
2687 1524 2746 1575 τὸ
2795 1524 2947 1595 παρά
2990 1524 3315 1592 προσδοκίαν
3362 1528 3672 1595 συμπῖπτον

2092 1614 2423 1683 ἐκπλήσσειν
2441 1614 2541 1684 τὴν
2571 1614 2769 1684 ψυχὴν,
2808 1616 2899 1667 καὶ
2939 1614 3143 1681 ἀγαθὸν
3198 1615 3296 1685 μὲν
3341 1616 3525 1684 ὀφθὲν,
3560 1617 3673 1671 ίλα-

2094 1704 2320 1774 ρότητος
2343 1707 2437 1758 καὶ
2465 1704 2730 1774 εὐθυμίας
2786 1706 3179 1777 ἀναπιμπλᾷν,
3228 1706 3397 1760 κακὸν
3435 1708 3513 1771 δὲ,
3543 1725 3671 1761 σκυ-

2093 1795 2443 1864 θρωπότητος
2497 1796 2592 1848 καὶ
2628 1795 2963 1865 δυσθυμίας*
2994 1798 3088 1849 καὶ
3129 1796 3176 1848 εί
3230 1797 3327 1866 μὲν
3356 1796 3413 1862 ἐξ
3440 1796 3669 1850 ἀνευθύ-

2096 1902 2184 1937 νου
2213 1884 2371 1937 τοῦτο
2407 1884 2752 1957 συμδέδηκεν
2782 1885 2981 1949 αίτίας,
3010 1886 3209 1956 δεινὴν,
3243 1886 3381 1939 κατά
3404 1887 3464 1939 τὸ
3494 1888 3662 1953 είκδς,

2096 1975 2426 2044 ὲνσκήπτειν
2452 1978 2516 2045 τῇ
2565 1976 2710 2047 ψυχῇ
2736 1973 2834 2045 τὴν
2860 1975 3075 2045 ὀδύνην,
3121 1974 3281 2046 ἄχρις
3308 1975 3375 2028 ἂν
3406 1976 3670 2041 ἐπινοίαις

2095 2066 2209 2119 τισὶ
2257 2067 2651 2139 παρηγορηθῇ·
2705 2067 3040 2136 περιφανοῦς
3087 2066 3143 2120 δὲ
3206 2066 3303 2119 τοῦ
3349 2068 3522 2121 αίτίου
3574 2068 3668 2122 καὶ

2094 2158 2399 2211 ὑπευθύνου
2455 2157 2819 2225 καθεστῶτος,
2852 2160 2933 2223 είς
2978 2159 3147 2228 ὀργὴν
3188 2159 3449 2229 ἐξαπίνης
3478 2158 3543 2212 τὰ
3568 2160 3667 2229 τῆς

2093 2250 2271 2321 λύπης
2331 2250 2784 2319 μετεσκεύασται,
2834 2250 2895 2303 οὒ
2951 2251 3217 2323 πρότερον
3258 2251 3500 2303 ἀνιεῖσαν
3541 2250 3666 2313 τοὺς

2093 2342 2501 2413 ὀργιζομένους,
2558 2342 2687 2411 πρὶν
2712 2341 2744 2412 ἢ
2778 2340 2857 2413 τῷ
2904 2340 3237 2411 λελυπηκότι
3267 2340 3364 2412 τὴν
3392 2342 3489 2410 τῆς
3520 2340 3669 2392 ἀντιο

2094 2434 2377 2504 λυπήσεως
2417 2433 2574 2500 ἀξίαν
2600 2432 2948 2500 ἀντεπάγωσι
2972 2433 3185 2500 ποινήν.

415 2549 521 2604 que
552 2534 769 2593 transit,
799 2546 905 2584 non
939 2531 1090 2600 prius
1115 2528 1316 2583 liberos
1346 2528 1531 2582 sinens
1561 2540 1701 2596 quas
1732 2525 2039 2591 incesserit,
2098 2526 2232 2596 quin
2306 2524 2382 2579 illi
2424 2525 2518 2595 qui
2564 2524 2822 2595 injuriam
2862 2522 3010 2589 fecit,
3049 2528 3251 2592 quanta
3294 2535 3392 2591 pro
3411 2520 3666 2577 facinoris

416 2628 613 2683 merito
663 2626 944 2687 videatur,
994 2624 1288 2677 vindictam
1350 2634 1677 2691 poenamque
1722 2617 2086 2687 rependerint.

488 2723 577 2776 M.
610 2719 724 2775 Hoc
754 2730 810 2774 et.
831 2719 937 2773 illis
961 2733 1083 2773 cum
1122 2719 1192 2772 ita
1225 2720 1521 2782 evenisset,
1570 2718 1809 2782 primum
1860 2714 1991 2784 qui-

417 2816 539 2869 dem
580 2814 707 2883 quis
740 2822 899 2867 tanta:
938 2811 1017 2865 eis
1071 2810 1246 2864 cladis
1281 2820 1469 2864 auctor
1520 2809 1836 2871 exstitisset,
1868 2806 1993 2862 aui-

418 2908 524 2963 mis
554 2904 933 2976 exquirebant.
976 2903 1113 2955 Tum
1152 2900 1415 2971 paulatim
1468 2901 1652 2953 animo
1688 2900 1989 2953 recolentes

417 3007 623 3068 quanta
660 2994 995 3066 Hyacinthus
1044 2992 1297 3046 hortatus
1328 2998 1471 3045 esset
1506 3005 1570 3043 ac
1616 2990 1985 3057 increpassct;

418 3101 715 3155 secumque
745 3083 1069 3153 cogitantes,
1095 3080 1297 3134 nullius
1321 3080 1479 3149 plane
1508 3078 1734 3133 alterius
1768 3077 1820 3131 id
1850 3092 1991 3146 opus

418 3195 561 3241 esse,
586 3192 748 3248 quam
789 3176 910 3244 ejus
941 3175 1033 3243 qui
1061 3184 1114 3228 et
1144 3172 1451 3227 hostiarum
1495 3171 1995 3240 perceptionem-ut

420 3274 744 3329 sceleratam
791 3269 1220 3331 abominaretur,
1255 3272 1309 3318 et
1341 3265 1392 3319 in
1443 3278 1539 3318 eos
1588 3262 1681 3331 qui
1738 3261 1994 3315 ollerrent

420 3365 585 3419 etiam
616 3371 779 3430 atque
809 3360 970 3414 etiam
1027 3357 1394 3420 inveheretur,
1428 3356 1722 3423 verbisque
1755 3353 1993 3407 deterre-

2170 2714 2250 2769 ιδ’.
2278 2715 2449 2769 Τοῦτο
2478 2716 2722 2768 κάκεῖνοι
2749 2710 3035 2777 παθόντες,
3081 2711 3294 2783 πρῶτον
3331 2711 3430 2783 μὲν
3461 2712 3549 2768 τὸν
3579 2712 3668 2765 αῖ-

2093 2821 2209 2858 τιον
2258 2807 2440 2869 αὐτοῖς
2490 2805 2694 2872 ταύτης
2750 2804 3148 2858 ἀνεσκοποῦντο
3199 2803 3295 2872 τῆς
3346 2804 3666 2873 συμφορᾶςτ

2093 2896 2283 2951 ἔπειτα
2309 2897 2418 2950 τῶν
2465 2897 2752 2950 Ὑακίνθου
2806 2896 2947 2949 κατὰ
3001 2894 3196 2965 μικρὸν
3235 2894 3315 2957 είς
3364 2894 3668 2962 ἀνάμνησιν

2094 2990 2321 3058 ἥκοντες
2345 2988 2640 3042 νουθεσιῶν
2665 3030 2679 3054 ,
2733 2988 2827 3041 καὶ
2860 2986 3316 3055 κατανενοηκότες
3350 2986 3427 3047 ὡς
3457 2985 3670 3048 οὐδενὸς

2093 3082 2161 3135 ἂν
2192 3080 2276 3149 εῐη
2306 3081 2465 3134 ἄλλου
2516 3079 2578 3132 τὸ
2623 3078 2804 3151 ἔργον,
2842 3079 2874 3148 ἢ
2929 3077 3022 3130 τοῦ
3054 3077 3148 3129 καὶ
3177 3076 3286 3129 τῶν
3334 3076 3538 3129 θυσιῶν
3570 3077 3669 3146 τὴν

2096 3170 2399 3241 μετάληψιν
2428 3170 2502 3235 ὡς
2533 3170 2699 3239 εναγῆ
2740 3168 3168 3240 μυσαττομένου,
3201 3168 3294 3222 καὶ
3323 3167 3671 3231 θυσιάζουσιν

2095 3262 2520 3333 ἐπιτιμῶντοςῆ
2562 3261 3045 3331 προσωχθηκότος,
3089 3260 3302 3330 ὁρμῶσι
3356 3260 3458 3330 μὲν
3504 3260 3669 3330 ὁμόσε

2094 3356 2212 3412 κατ’
2234 3354 2399 3409 αὐτοῦ
2431 3356 2631 3419 πάντες
2649 3372 2661 3386 ·
2694 3354 2838 3408 συῶν
2862 3353 2919 3407 δὲ
2948 3355 3151 3423 τρόπον
3177 3354 3301 3415 τοὺς
3328 3352 3547 3416 ὀδόντας
3572 3352 3668 3422 θή-

421 3463 543 3517 rct;
580 3464 691 3505 uno
737 3462 931 3503 omnes
974 3447 1028 3499 in
1073 3460 1201 3500 eum
1246 3445 1465 3498 irruunt
1515 3443 1761 3512 impetu;
1804 3457 1992 3496 suum-

2097 3466 2305 3518 γοντες,
2336 3448 2432 3503 καὶ
2457 3449 2566 3500 πᾶν
2598 3446 2757 3515 μέλος
2798 3444 2890 3500 τοῦ
2924 3445 3175 3514 σώματος
3209 3444 3409 3508 αὐτῶν,
3437 3443 3529 3496 καὶ
3562 3444 3671 3495 πᾶν

421 3559 531 3615 que
562 3556 711 3595 more
741 3540 929 3593 dentes
983 3545 1203 3598 acuunt,
1247 3551 1308 3589 ac
1340 3535 1569 3605 quodvis
1613 3534 1829 3589 tandem
1876 3547 1998 3587 cor-

421 3632 574 3703 poris
597 3630 898 3684 membrum
926 3667 940 3692 ,
977 3626 1237 3694 quidquid
1263 3625 1496 3692 denique
1548 3622 1725 3677 cuivis
1755 3637 1999 3676 occurre-

426 3732 534 3785 ret,
596 3736 748 3775 arma
801 3720 1066 3773 adversus
1124 3715 1385 3769 Sanctum
1442 3713 1730 3782 arripiunt.
1779 3710 1823 3765 0
1857 3725 1994 3779 quo-

425 3814 591 3869 modo
620 3820 925 3881 opportune
949 3808 1354 3874 sanguinariam
1390 3805 1537 3858 illam
1583 3803 1994 3873 impressionem

424 3904 803 3961 narraveriml
870 3900 1080 3969 Lingua
1134 3899 1482 3969 sacrilegum,
1544 3906 1855 3963 cruentum,
1892 3895 1996 3949 im-

423 3998 573 4068 pium
609 3995 776 4067 (quin
839 3995 1045 4062 potius,
1105 3988 1413 4061 deicidam)
1489 3989 1776 4044 maledicto
1824 3988 1997 4058 jacta-

425 4087 580 4153 bant,
617 4100 711 4140 ore
739 4083 1076 4155 despuebant
1105 4099 1119 4137 :
1158 4082 1418 4147 calcibus,
1454 4081 1646 4152 pugnis
1675 4080 1995 4144 insilientes,

426 4178 672 4234 crinibus
702 4176 995 4231 trahebant
1028 4192 1040 4229 :
1075 4172 1229 4230 humi
1285 4172 1682 4239 distrahebant,
1730 4170 1996 4227 caedentes

426 4270 589 4342 lignis
608 4285 672 4325 ac
698 4268 968 4337 lapidibus
1002 4284 1016 4322 :
1055 4266 1243 4334 sicque
1276 4263 1598 4333 injuriarum
1627 4261 1775 4316 omni
1800 4276 1999 4331 genere

425 4372 589 4434 atque
619 4362 907 4417 verberum
933 4357 1210 4425 exsatiati,
1240 4355 1477 4413 civitatis
1510 4352 1724 4425 praesidi
1762 4352 1839 4424 (9)
1870 4368 1994 4408 eum

425 4455 817 4511 adhibuerunt.

494 4548 586 4603 15.
612 4545 802 4601 Stabat
820 4545 1004 4613 itaque
1035 4539 1296 4603 Sanctus,
1326 4547 1497 4593 totum
1519 4546 1695 4592 mente
1717 4535 1997 4592 Christum

425 4633 672 4699 in'dutus,
708 4634 856 4689 omni
885 4634 939 4688 in
971 4648 1095 4686 eum
1135 4631 1342 4685 intenta
1392 4628 1589 4683 mentis
1621 4626 1757 4681 acie.
1794 4624 1869 4680 Ex
1901 4624 1998 4677 ad-

424 4744 586 4785 verso
618 4742 745 4781 vero
770 4732 978 4782 stantes
1006 4723 1106 4779 viri
1131 4721 1456 4791 sanguinum
1481 4734 1544 4773 ac
1567 4718 1760 4782 dolosi,
1786 4716 1994 4771 fortiter

426 4816 780 4873 accusabant.
820 4834 839 4866 ι
876 4814 1067 4876 Nobis,
1099 4812 1337 4874 aiebant,
1367 4822 1589 4879 praeses,
1622 4822 1727 4860 una
1762 4807 1829 4861 ob
1863 4822 1995 4862 ocu-

425 4910 509 4964 los
549 4908 747 4978 gratia,
786 4920 893 4960 una
940 4905 1081 4959 bona
1118 4900 1406 4971 faustaque
1450 4900 1800 4969 exspectatio,
1855 4900 1995 4959 Deus

424 5003 543 5071 ipse
587 4999 922 5069 conspicuus
953 5012 1017 5051 ac
1046 4993 1359 5064 spectabilis
1396 5004 1552 5060 erat;
1592 4992 1720 5058 alta,
1746 4993 1992 5062 pulchra,

426 5102 655 5148 venusta
707 5090 924 5158 lateque
981 5102 1219 5158 expansa
1270 5084 1545 5139 frondium
1581 5098 1773 5140 coma:
1807 5096 1997 5151 nempe

422 5181 573 5237 foliis
606 5179 986 5235 umbraculum
1038 5176 1289 5248 praebens
1318 5174 1593 5243 variisque
1623 5172 1897 5242 leporibus
1917 5171 1997 5225 ci-

421 5272 647 5326 vitatem
680 5280 922 5324 nostram
957 5282 1211 5323 recreans
1256 5265 1669 5332 oblectansque.
1705 5260 1778 5325 ls,
1814 5275 1993 5328 quan-

420 5377 587 5433 quam
613 5360 799 5415 arbori
831 5374 925 5431 per
966 5357 1152 5413 omnia
1196 5355 1394 5412 similis
1426 5352 1860 5412 existimabatur,
1900 5349 1993 5403 ad-

420 5453 658 5508 mirabili
703 5461 883 5506 tameu
923 5450 1121 5505 decore
1142 5458 1198 5505 et
1241 5447 1430 5520 gratiis
1482 5445 1693 5502 cunctis
1728 5440 1991 5511 stirpibus

421 5547 736 5613 eminebat;
778 5543 871 5600 sed
900 5553 957 5599 et
981 5543 1063 5599 vis
1094 5542 1342 5612 quaedam
1371 5538 1557 5595 ellicax
1598 5551 1661 5592 ac
1701 5536 1887 5590 vivens
1913 5533 1990 5587 illi

2095 3542 2156 3593 τὸ
2181 3540 2495 3611 παρατυχδν
2530 3538 2746 3608 ἑκάστῳ
2771 3536 2935 3592 ὅπλον
2966 3534 3108 3589 κατά
3140 3534 3234 3589 τοῦ
3270 3534 3451 3603 Ἀγίου
3487 3535 3672 3589 ποιού-

2099 3649 2249 3702 μενοι
2281 3632 2346 3702 (ὣ
2370 3632 2486 3695 πῶς
2521 3630 2585 3683 ἂν
2607 3630 2835 3702 καιρίως
2850 3629 2947 3700 τὴν
2970 3628 3215 3699 φοινικῆν
3249 3629 3461 3699 ἐκείνην
3488 3627 3672 3680 ὲπίθευ

2099 3740 2183 3777 σιν
2217 3722 2595 3793 ὲξηγησαίμην
2616 3721 2760 3793 ;),τῇ
2783 3721 2997 3792 γλώττῃ
3029 3719 3128 3790 μὲν
3156 3719 3343 3773 τοῦτον
3366 3720 3666 3789 ἱερόσυλον,

2102 3814 2402 3885 μιαιφόνον,
2437 3812 2614 3875 ἄθεον,
2645 3810 2844 3882 μᾶλλον
2875 3811 2931 3864 δὲ
2969 3810 3248 3864 θεοκτόνον
3277 3810 3664 3879 ἐλοιδοροῦντο,

2096 3906 2176 3974 τῷ
2200 3905 2427 3975 στόματι
2450 3904 2505 3957 δὲ
2534 3904 2838 3957 κατέπινον
2863 3917 2877 3930 '
2910 3902 3006 3955 καὶ
3058 3904 3170 3965 τοῖς
3206 3902 3333 3956 ποσὶ
3374 3901 3506 3969 λάξ,
3549 3905 3671 3965 ταῖς

2098 3999 2253 4069 χερσὶ
2274 3997 2328 4051 δὲ
2358 3997 2464 4061 πὺξ
2494 3995 2861 4064 ἐναλλόμενοι.
2893 3990 3072 4051 εἷλκον
3100 3994 3209 4048 τῶν
3241 3994 3461 4065 τριχῶν,
3499 3995 3672 4050 ὲσπά-

2100 4105 2300 4160 ρασσον
2326 4087 2464 4140 κᾶτά
2498 4086 2625 4156 γῆς,
2664 4087 2779 4148 τοῖς
2827 4084 3005 4151 ξύλοις
3059 4085 3335 4149 παίοντες,
3362 4087 3472 4149 τοῖς
3502 4085 3673 4149 λίθοις

2100 4180 2408 4252 βάλλοντες,
2440 4178 2531 4231 καὶ
2569 4176 2713 4232 οὕτω
2736 4175 3097 4240 παντοδαπῶς
3123 4176 3283 4230 αὑτὸν
3306 4176 3670 4248 αἰκισάμενοι,

2096 4273 2174 4344 τῷ
2206 4273 2306 4344 τῆς
2336 4272 2541 4334 πόλεως
2575 4269 2804 4342 ἡγεμόνι
2835 4270 3272 4342 παρεστήσαντο.

2175 4529 2252 4585 ιε’.
2287 4529 2552 4599 Εἱστήκει
2579 4528 2635 4580 δὲ
2666 4528 2693 4579 6
2726 4526 2970 4597 Μάρτυς,
3002 4525 3121 4579 ὅλον
3153 4524 3353 4595 νοερῶς
3386 4522 3671 4593 ἐνδεδυμέ-

2099 4636 2188 4683 νος
2241 4618 2497 4690 Χριστδν,
2554 4617 2681 4689 ὃλην
2730 4616 2864 4689 πρὸς
2900 4615 3064 4669 αὐτὸν
3116 4614 3415 4668 ἀνατείνων
3442 4612 3537 4667 τοῦ
3574 4613 3670 4666 νοῦ

2098 4712 2195 4783 τὴν
2226 4714 2399 4785 ῥοπήν
2431 4726 2443 4739 ⁸
2474 4707 2535 4774 ἐξ
2570 4711 2818 4773 ὲναντίας
2866 4709 2923 4763 δὲ
2970 4708 3161 4762 τούτου
3198 4700 3392 4778 ἄνδρες
3424 4707 3673 4776 αἱμάτων

2099 4806 2192 4858 καὶ
2257 4803 2561 4873 δολιότητος
2638 4801 2941 4869 ἱστάμενοι,
3000 4800 3231 4861 εὐτόνως
3302 4799 3670 4868 κατηγόρουν,

2105 4915 2123 4947 ι
2173 4896 2358 4965 Ἡμῖν,
2417 4894 2692 4961 λέγοντες,
2743 4886 2787 4947 ὦ
2839 4891 3064 4963 ήγεμδν,
3110 4890 3207 4960 μία
3259 4889 3358 4959 μὲν
3411 4890 3566 4959 χάρις
3614 4892 3672 4941 ὲν

2098 4985 2422 5056 ὀφθαλμοῖς,
2462 4984 2559 5055 μία
2608 4982 2665 5035 δὲ
2719 4981 3014 5053 προσδοκία
3045 4981 3223 5053 ἀγαθὴ
3256 4982 3282 5033 6
3313 4980 3673 5051 περίϐλεπτος

2098 5079 2311 5146 ὑπῆρχε
2340 5074 2501 5136 Θεός·
2536 5075 2564 5125 6
2607 5072 2895 5142 ὑψίκομος,
2948 5071 2976 5122 6
3016 5070 3269 5141 εὖκομος,
3302 5073 3329 5124 6
3363 5070 3672 5140 πανώραιος

2098 5168 2194 5221 καὶ
2220 5166 2452 5234 εύθαλής
2470 5181 2483 5195 ·
2511 5166 2538 5217 6
2556 5166 2666 5227 τοῖς
2689 5162 2904 5233 φύλλοις
2923 5162 3289 5234 περισκέπων,
3313 5164 3406 5215 καὶ
3422 5161 3673 5229 ἀγλαΐαις

2098 5257 2372 5319 ποικίλαις
2389 5256 2484 5325 τὴν
2502 5254 2940 5324 ἡμετέρανξπόλιν
2960 5251 3306 5323 ψυχαγωγῶν
3327 5253 3419 5305 καὶ
3440 5250 3674 5305 ἀνακτώ-

2101 5364 2292 5418 μενος⁹
2340 5347 2396 5411 ὃς
2453 5346 2501 5399 εί
2555 5346 2649 5400 καὶ
2687 5346 2885 5417 δένδρῳ
2921 5346 3287 5418 παρεμφερὴς
3340 5345 3669 5414 νενόμισται,

2098 5439 2235 5493 ἀλλὰ
2256 5439 2472 5493 πάντων
2506 5441 2629 5501 ταῖς
2665 5439 3007 5507 θαυμασταῖς
3031 5436 3359 5507 ὡραιότησιν
3406 5435 3675 5508 ὑπεξῃρη-

2098 5548 2187 5584 ται
2211 5533 2413 5599 φυτῶν*
2436 5530 2572 5585 ἀλλὰ
2599 5531 2695 5585 καὶ
2710 5530 2939 5599 δύναμις
2964 5530 3185 5600 ἐνεργὸς
3204 5530 3297 5582 καὶ
3322 5528 3471 5593 ζῶσα
3498 5526 3675 5598 τούτῳ

494 5746 1455 5839 (9)Ρηεείάίεξ,ηοηιρ.ιὲεχρῖξπ1ιξιιιῐ.
1486 5735 2141 5839 tiralepql‘oqionsirleg,
2194 5733 2600 5806 Martyrologio,
2652 5747 2716 5791 ac
2798 5748 2933 5791 mss.
2990 5733 3196 5791 nostris
3260 5732 3499 5797 Graecis;
3579 5731 3675 5833 sed

428 5811 627 5900 ubique
656 5841 782 5882 cum
813 5825 995 5894 aliquo
1022 5811 1359 5885 discrimine,
1402 5822 1461 5870 ut
1490 5812 1673 5870 notavi
1710 5813 1844 5883 (not.
1876 5811 1948 5881 l).
