4092 6592
394 455 500 520 433

960 459 1240 520 ORATIO
1278 460 1438 522 XIX.
1465 487 1532 497 ·-
1562 459 1642 520 IN
1671 457 1984 520 LAUDEM
2024 457 2083 518 S.
2133 455 2550 518 IIYACINTIII
2593 459 3050 518 AMASTRENI.

3517 287 3548 322 \

3539 455 3641 520 434

398 570 813 640 παρεδρεύουσα
862 572 962 624 οὐκ
999 573 1146 625 ἔστιν
1169 574 1350 626 ὅντινα
1400 573 1507 626 τῶν
1548 572 1698 644 αύτῷ
1725 572 1974 644 προσιόν-

2092 569 2350 635 issidens,
2373 569 2626 639 quisquis
2661 569 2728 623 ad
2753 569 2884 624 eum
2909 568 3212 632 accederet,
3251 567 3528 638 prteciaris
3548 571 3642 624 [ιρι

393 680 504 714 των
558 665 620 716 ού
659 657 942 733 λαμπραῖς
1003 665 1368 735 ἐφιλοτιμεῖτο
1409 665 1782 735 εὐεργεσίαις·
1819 665 1974 733 ἄφνω

394 755 449 808 δὲ
480 753 670 806 τοῦτον
703 749 858 818 οὗτος
887 757 915 807 ὁ
939 756 1370 826 ἀπονενοημένος
1400 757 1603 820 ὲξέτιλε
1633 757 1838 827 γέρων·
1875 759 1973 826 τῆς

397 846 607 909 πόλεως
635 847 898 918 ἀπέκειρε
949 851 1048 917 τὴν
1103 849 1404 918 χαρμονὴν,
1457 849 1556 918 τῆς
1601 847 1784 919 χώρας
1819 847 1974 917 ἡμῶν

395 935 620 1006 ἐξέτεμε
641 941 707 1007 τῇ
736 938 894 1010 ἀξίνῃ
941 938 1002 991 τὸ
1049 941 1336 1008 γαυρίαμα
1360 955 1376 970 ·
1412 941 1494 994 διὸ
1528 942 1622 992 καὶ
1655 939 1734 1010 τῷ
1768 938 1843 1008 σῷ
1877 939 1974 1008 βή-

399 1046 529 1097 pars
595 1028 786 1082 τοῦτον
837 1031 1288 1100 παρεστήσαμεν,
1340 1033 1440 1103 τῆς
1485 1031 1784 1103 θεομαχίας
1816 1029 1975 1094 ἀξίας

395 1120 714 1174 ἑκτιννύντα
744 1118 918 1184 δίκας.
960 1141 982 1175 ι

477 1236 578 1293 ις’.
621 1231 959 1296 Ἑνδοθέντος
989 1233 1046 1288 δὲ
1074 1234 1153 1304 τῷ
1196 1233 1468 1305 Ὑακίνθῳ
1522 1236 1589 1290 τὰ
1642 1233 1766 1289 καθ’
1815 1235 1976 1289 αὑτὸν

397 1319 804 1388 ἀπολογεῖσθαι,
830 1339 849 1372 ι
901 1321 1042 1390 Ἐγὼ
1083 1323 1202 1392 μὲν,
1232 1320 1385 1378 εἶπεν
1428 1325 1737 1389 ὑπολαϐὼν,
1766 1321 1810 1379 ὧ
1838 1328 1976 1398 κράο

396 1430 548 1466 τιστε
593 1414 818 1484 ἡγεμὺν,
851 1415 913 1467 τὺ
927 1413 1142 1487 δένδρον
1168 1417 1530 1485 ὲκκεκοφέναι
1559 1416 1715 1474 τοῦτο
1744 1435 1976 1488 συνομο-

397 1502 578 1570 λογῶο
610 1505 705 1557 καὶ
735 1503 795 1557 ού
827 1521 942 1570 πως
961 1506 1026 1560 ἂν
1054 1505 1323 1578 δυναίμην
1346 1507 1406 1560 τὸ
1435 1507 1630 1578 ἀληθὲς
1659 1508 1938 1579 ἀρνεῖσθαι
1960 1525 1977 1544 ο

397 1593 460 1646 ού
493 1595 758 1666 κακονοίᾳ
804 1593 862 1649 δὲ
909 1596 1069 1650 τοῦτο
1101 1599 1478 1668 πεπραχέναι·
1521 1598 1635 1651 ἀλλ’
1679 1599 1868 1671 ἐπειδὴ
1918 1599 1980 1653 τὸ

401 1685 740 1756 ὑπερϐάλλον
773 1687 874 1756 τῆς
923 1687 1132 1759 πλάνης
1158 1689 1257 1742 οὐκ
1300 1685 1556 1758 ἔστεργον
1604 1691 1756 1761 όρᾴν,
1782 1691 1862 1745 ὅτι
1889 1692 1981 1744 ἄν·

401 1776 612 1846 θρωποι
643 1781 998 1848 τετιμημένοι
1053 1780 1216 1850 λόγῳ,
1265 1777 1356 1833 τὸν
1414 1780 1544 1833 ἴδιον
1581 1779 1848 1852 πλάστην,
1886 1778 1982 1836 καὶ

399 1868 493 1922 τοῦ
513 1870 749 1939 ούρανοῦ
805 1872 898 1923 καὶ⁹
946 1873 1050 1940 γῆς
1095 1869 1324 1940 ἀφέντες
1368 1871 1457 1924 τὸν
1499 1871 1750 1944 ποιητὴν,
1783 1872 1845 1926 τὸ
1871 1872 1980 1926 τῶν

403 1959 566 2014 αὐτοῦ
622 1962 938 2032 κτισμάτων
973 1963 1382 2034 ὲλαχιστότερον
1425 1965 1795 2029 θεοποιοῦντες
1824 1965 1982 2018 λελα-

403 2051 690 2122 τρεύκασι.
728 2053 795 2104 Τί
817 2053 925 2123 γάρ
950 2053 1041 2106 τοῦ
1068 2055 1173 2107 ἀπὸ
1191 2055 1292 2125 γῆς
1316 2055 1704 2126 ἁναδιδομένου
1740 2055 1981 2126 σήμερον

405 2140 585 2208 ξύλου,
621 2143 717 2196 καὶ
747 2143 955 2196 πολλῶν
989 2144 1159 2209 ξύλων
1213 2146 1539 2218 ἀτιμοτέρου
1593 2150 1685 2200 καὶ
1722 2147 1984 2216 φαυλοτέ-

407 2249 523 2304 ρου,
553 2235 631 2299 ὡς
653 2236 925 2304 ἀκάρπου,
963 2237 996 2308 ἢ
1029 2239 1403 2310 κακοκάρπου,
1431 2241 1523 2293 καὶ
1563 2243 1675 2310 μετ’
1707 2239 1884 2307 ὀλίγον
1904 2241 1984 2304 είς

408 2326 518 2397 πῦρ
556 2327 910 2398 βαλλομένου.
953 2331 1363 2401 ταπεινότερον;
1416 2330 1588 2385 Τοῦτο
1665 2332 1796 2401 γοῦν
1839 2329 1982 2404 δρῶν

407 2420 904 2489 προσκυνούμενον,
923 2423 1015 2475 καὶ
1034 2423 1262 2476 πλεῖστα
1281 2424 1380 2492 τῆς
1399 2424 1744 2494 ἀνθρωπίνης
1763 2423 1985 2494 ἀγνοίας

407 2511 792 2579 κατεγνωκὼς,
822 2515 916 2565 καὶ
945 2513 1342 2584 φιλανθρώπως
1393 2515 1702 2583 ἐζηλωκὼς,
1738 2517 1870 2570 ἐπεὶ
1910 2519 1984 2588 μὴ

407 2595 517 2666 οἷός
541 2618 598 2654 τε
621 2603 817 2670 γέγονα
842 2603 1020 2669 λόγοις
1048 2605 1143 2674 τῆς
1175 2605 1378 2676 σαθρᾶς
1409 2607 1621 2671 ἐλπίδος
1653 2608 1982 2678 ἀποστῆσαι,

416 2692 565 2764 ἔργῳ
603 2695 827 2758 τούτους
867 2695 1038 2748 πείθω
1069 2697 1273 2759 λοιπὸν,
1327 2699 1400 2760 ὡς
1449 2699 1678 2768 οὐδεμία
1713 2699 1790 2768 τῷ
1831 2701 1985 2753 ἀναι-

414 2783 596 2854 σθήτῳ
648 2784 899 2854 δύναμις,
947 2785 1070 2838 οὗτε
1111 2789 1245 2856 πρὸς
1289 2790 1632 2855 κακοποιίαν,
1680 2789 1804 2844 οὔτε
1853 2793 1986 2863 πρὸς

413 2875 740 2945 εὐεργεσίαν
779 2878 1014 2943 οὐδενὸς,
1073 2880 1167 2932 καὶ
1217 2883 1313 2949 τῆς
1352 2881 1601 2952 ὀλεθρίας
1644 2883 1849 2954 πλάνης
1888 2885 1986 2955 τὴν

415 2966 692 3035 πρόφασιν
733 2968 1135 3038 περιελόμενος,
1183 2969 1443 3023 ὁδοποιεῖν
1468 2989 1558 3041 μοι
1597 2974 1800 3038 πάντας
1846 2977 1988 3028 δοκῶ

418 3056 553 3126 πρὸς
603 3059 938 3121 θεοσέὖειαν,
993 3059 1136 3113 ὥστε
1198 3062 1289 3113 τὸν
1342 3063 1450 3114 τῶν
1493 3063 1628 3116 ὅλων
1668 3067 1987 3132 ἐπιγνόντος

416 3148 568 3213 Θεὸν,
603 3151 695 3203 καὶ
721 3151 811 3204 τὸν
837 3154 1098 3222 μονογενῆ
1127 3154 1288 3208 αὑτοῦ
1313 3156 1460 3219 Υἱδν,
1488 3157 1578 3208 τὸν
1602 3157 1800 3228 Κύριον
1831 3158 1986 3228 ἡμῶν

2075 661 2280 717 neticiis
2337 675 2402 716 ac
2450 662 2768 717 muneribus
2821 661 3109 733 magniﬁce
3163 656 3421 715 donabat.
3491 659 3646 716 llune

2075 764 2352 809 momento
2385 755 2727 809 demenlatns
2774 753 2865 809 hic
2912 769 3078 809 senex
3141 753 3647 810 evulsitzeivltatis

2074 845 2329 916 gaudium
2357 845 2580 910 excidit,
2609 846 2900 915 provinciae
2930 856 3133 900 nostrae
3157 843 3531 916 gloriationem
3562 858 3650 900 se-

2079 938 2202 992 curi
2235 940 2555 1008 amputavit.
2586 937 2790 994 Idcirco
2817 938 2980 993 etiam
3021 947 3114 992 tuo
3169 939 3346 1008 ipsum
3393 936 3648 992 tribunali

2078 1029 2344 1092 stitimus,
2393 1038 2452 1084 ιιι
2503 1030 2798 1098 impietatis
2833 1030 3056 1100 laesique
3089 1027 3328 1084 numinis
3377 1026 3649 1097 condigna

2078 1115 2283 1173 ultione
2315 1119 2493 1188 pmnis
2523 1119 2868 1187 subjiciatur.
2918 1137 2938 1170 ι

2151 1230 2237 1284 16.
2297 1227 2460 1285 Facta
2519 1244 2646 1286 vero
2704 1228 3007 1301 llyacintho
3068 1245 3166 1302 pro
3201 1230 3382 1300 seipso
3433 1226 3650 1284 satisfa-

2079 1315 2255 1370 ciendi
2307 1313 2565 1382 licentia,
2623 1335 2642 1368 ι
2682 1317 2790 1387 Ego
2848 1332 3022 1384 sane,
3087 1318 3398 1387 respondit,
3449 1317 3652 1386 optime

2078 1420 2302 1478 praeses,
2339 1407 2609 1463 excidisse
2642 1423 2730 1463 me
2775 1408 3020 1464 arborem
3065 1409 3346 1474 confiteor,
3385 1425 3483 1463 nec
3524 1423 3654 1478 pos-

2080 1496 2182 1554 sim
2215 1513 2451 1568 unquam
2497 1500 2780 1554 veritatem
2823 1515 3042 1570 negare.
3091 1499 3247 1554 Nullo
3294 1510 3474 1555 tamen
3509 1498 3653 1553 man

2081 1590 2266 1644 animo
2327 1591 2414 1645 aio
2490 1605 2578 1646 me
2643 1607 2757 1646 rem
2807 1591 2949 1646 hanc
2998 1592 3356 1662 praestitisse,
3415 1591 3507 1646 sed
3557 1591 3650 1660 qui

2081 1682 2286 1738 erroris
2364 1681 2805 1753 exsuperantiam
2878 1683 3062 1738 videre
3122 1699 3229 1738 non
3285 1683 3651 1746 sustinerem;

2084 1773 2334 1830 homines
2369 1773 2579 1830 scilicet
2618 1774 2830 1829 ratione
2867 1783 3114 1840 ornatos,
3163 1789 3230 1830 eo
3283 1775 3509 1837 omisso,
3561 1773 3653 1842 qui

2084 1864 2356 1928 formavit,
2389 1863 2625 1935 caelique
2653 1881 2716 1920 ac
2745 1875 2902 1921 terra:
2931 1866 3179 1920 conditor
3213 1865 3442 1928 exstitit,
3473 1880 3652 1918 rerum

2085 1957 2202 2028 ipso
2226 1968 2449 2012 auctore
2487 1957 2541 2012 in
2579 1971 2756 2012 rerum
2791 1964 2986 2011 natura
3017 1957 3346 2011 exstantium
3387 1954 3652 2018 inﬁmam,

2083 2049 2285 2104 deitate
2341 2049 2632 2113 donatam,
2696 2048 2895 2104 divmis
2950 2048 3167 2103 auxisse
3228 2047 3549 2108 honoribus,
3593 2062 3656 2100 ac

2083 2139 2161 2197 illi
2193 2139 2448 2196 servisse.
2473 2139 2612 2206 Quid
2639 2140 2808 2205 enim,
2834 2139 3047 2204 amabo,
3073 2155 3134 2192 ea
3158 2139 3416 2193 humilius
3436 2131 3652 2200 arbore,

2083 2245 2206 2300 quae
2235 2230 2396 2286 hodie
2434 2247 2465 2287 e
2495 2237 2638 2286 terra
2672 2245 2922 2300 surgens,
2957 2229 3143 2285 multis
3173 2229 3328 2300 longe
3366 2230 3654 2284 arboribus

2086 2321 2378 2392 ignobilior
2413 2322 2486 2378 sit
2519 2337 2582 2378 ac
2613 2321 2869 2388 deterior,
2913 2331 2971 2376 ut
3013 2338 3133 2392 quae
3178 2320 3532 2386 infructiiera,
3563 2331 3657 2374 aut

2087 2417 2354 2470 malorum
2423 2415 2572 2470 ferax
2633 2414 2930 2479 fructuum,
2985 2415 3148 2485 paulo
3207 2422 3329 2483 post
3369 2415 3420 2468 in
3477 2416 3654 2484 ignem

2087 2507 2380 2562 mittatur?
2438 2506 2589 2562 lianc
2641 2509 2823 2578 itaque
2887 2508 2988 2562 coli
3042 2524 3106 2562 ac
3157 2506 3374 2561 adorari
3437 2506 3652 2569 videns,

2089 2613 2153 2654 ac
2201 2613 2363 2668 quam
2409 2613 2550 2669 aegre
2595 2599 2890 2653 humanam
2939 2613 3057 2652 eam
3117 2597 3408 2651 amentiam
3459 2597 3656 2658 ferens,

2091 2689 2524 2760 humanioreque
2558 2690 2754 2745 aﬂ‘ectu
2797 2689 3103 2752 tumulatus,
3142 2688 3286 2757 quod
3321 2685 3498 2742 verbis
3551 2701 3656 2739 non

2088 2781 2260 2844 l'cnit,
2316 2790 2439 2836 uta
2487 2779 2796 2836 l'rustranea
2845 2796 2940 2835 eos
2996 2795 3091 2848 spe
3138 2794 3444 2841 avocarem,
3499 2793 3660 2848 opere

2083 2873 2194 2942 jam
2229 2871 2384 2926 fidem
2425 2873 2562 2928 facio
2591 2889 2653 2928 ac
2688 2876 2912 2939 suadeo,
2941 2875 3144 2928 nullam
3191 2873 3267 2926 rei
3300 2873 3477 2926 inesse
3527 2872 3659 2939 vim,

2092 2974 2150 3018 ut
2185 2964 2266 3018 vel
2301 2964 2548 3018 malclicii
2582 2965 2783 3035 aliquid
2837 2967 3056 3036 irrogvt,
3103 2973 3197 3020 aut
3242 2963 3488 3018 beneﬁcii
3521 2979 3662 3032 νιτρ-

2091 3066 2215 3123 slet,
2242 3073 2364 3128 qua:
2400 3058 2514 3128 ipsa
2549 3060 2695 3112 omni
2724 3074 2918 3114 sensus
2953 3059 3002 3112 vi
3035 3073 3259 3127 prorsus
3287 3057 3610 3112 destituatur
3645 3073 3658 3119 ;

2091 3150 2412 3220 sublat0qne
2451 3151 2662 3206 exitiosi
2718 3152 2920 3206 erroris
2967 3160 3246 3220 praetextu,
3298 3148 3490 3218 praeire
3545 3163 3662 3201 om-

428 3239 636 3309 Ἰησοῦν
668 3243 920 3312 Χριστὸν,
963 3245 1110 3314 αὐτῷ
1144 3247 1494 3314 προσκυνεῖν,
1532 3245 1679 3317 αύτῷ
1714 3247 1860 3318 μόνῳ
1889 3248 1980 3302 λα-

2093 3241 2251 3294 nibus
2282 3240 2347 3294 ad
2378 3240 2650 3310 pietatem,
2683 3240 2888 3303 videor,
2947 3249 3004 3294 ut
3065 3239 3443 3293 universorum
3477 3236 3661 3306 agnito

415 3331 630 3400 τρεύειν
661 3335 718 3386 ἐν
749 3334 1026 3406 Πνεύματι
1061 3337 1222 3408 ἁγίῳ.
1254 3355 1272 3388 ›

489 3587 577 3653 ιζ’.
625 3589 778 3642 Ἐπεὶ
807 3593 1011 3645 τούτων
1048 3593 1279 3647 ἀκοῦσαι
1340 3595 1430 3647 τὸν
1468 3595 1712 3665 ἡγεμόνα
1757 3595 1868 3648 τῶν
1895 3599 1994 3667 ῥη-

421 3683 629 3749 μάτων,
666 3682 884 3750 πρῶτον
909 3682 1008 3752 μὲν
1043 3686 1180 3736 κατά
1202 3687 1302 3756 γῆς
1328 3686 1490 3738 αὑτὸν
1539 3687 1858 3752 ὲκταθέντα,
1897 3687 1991 3752 ξύ-

419 3771 530 3835 λοις
565 3773 779 3843 ἀγρίοις
844 3774 1240 3842 μαστιγοῦσθαι
1291 3776 1592 3841 διετάξατο.
1631 3781 1752 3832 Ἐπὶ
1781 3780 1914 3832 πολὺ
1936 3781 1992 3833 δὲ

418 3864 516 3926 τὰς
551 3864 761 3934 σάρκας
794 3863 1130 3936 ξαινομένου,
1170 3869 1260 3921 καὶ
1292 3869 1361 3922 τά
1395 3871 1529 3924 ὀστᾶ
1557 3872 1858 3942 θλωμένου,
1898 3873 1993 3927 καὶ

416 3953 497 4023 τῷ
544 3955 740 4025 αἵματι
796 3957 1091 4026 βάπτοντος
1131 3960 1231 4027 τὴν
1253 3961 1392 4030 γῆν·
1437 3963 1692 4032 οὐδεμίαν
1719 3965 1774 4018 δὲ
1809 3963 1994 4034 φωνὴν

419 4044 711 4112 ἀφιέντος·
743 4046 922 4116 ἡσυχῆ
951 4047 1007 4099 δὲ
1044 4049 1176 4116 πρὸς
1204 4049 1293 4100 τὸν
1326 4050 1526 4120 Κύριον
1567 4051 1862 4120 ὲξέστῶτος
1901 4054 1997 4123 Ίη-

422 4136 571 4200 σοῦν,
609 4137 700 4188 καὶ
737 4137 1128 4207 ἀνεκλαλήτοις
1173 4140 1321 4211 αὐτῷ
1356 4146 1688 4212 προσευχαῖς
1729 4143 1993 4212 ἐντυγχά-

421 4245 604 4290 νοντος
631 4245 644 4258 ·
675 4229 767 4281 καὶ
795 4229 1050 4299 εὐμαρῶς
1072 4230 1168 4294 τὰς
1205 4232 1388 4295 αἰκίας
1430 4233 1818 4302 ὑποφέροντος,
1849 4235 1878 4286 ὁ
1907 4236 1998 4305 δῆ-

423 4337 525 4388 μος
551 4320 853 4390 ὲπεφὼνειο
907 4321 1076 4375 Κάλει
1129 4324 1219 4376 τὸν
1253 4325 1469 4393 δήμιον,
1496 4319 1540 4376 ὧ
1581 4325 1808 4394 ἡγεμδν,
1841 4326 1996 4379 κάλει

419 4415 512 4467 τὸν
567 4415 696 4472 τοὺς
746 4415 963 4478 ὀδόντας
1002 4416 1374 4488 ὲκριζὼσοντα
1410 4434 1425 4447 ο
1480 4420 1668 4489 ὥσπερ
1716 4414 1870 4482 οὗτος
1913 4421 1998 4486 eg—

422 4501 587 4571 έκοψε
622 4503 713 4554 τὸν
745 4503 1010 4574 ἡμέτερον
1058 4506 1212 4570 Θεὸν,
1253 4506 1424 4569 οὕτως
1469 4508 1637 4561 αὐτοῦ
1685 4510 1734 4561 ei.
1787 4510 1996 4573 ὀδόντες

2097 3331 2223 3394 Deo,
2258 3332 2484 3402 ejusque
2515 3331 2795 3401 unigenito
2841 3330 2994 3396 Filio,
3041 3329 3268 3384 Domino
3314 3335 3502 3382 nostro
3533 3326 3661 3381 Jcsu

2091 3421 2330 3489 Christo,
2391 3436 2515 3477 eum
2575 3424 2826 3488 adorent,
2884 3420 3096 3492 ipsique
3153 3420 3253 3475 soli
3307 3418 3549 3474 serviant
3608 3417 3663 3471 in

2095 3513 2300 3584 Spiritu
2329 3523 2520 3568 sancto
2551 3514 2682 3583 (l0).
2726 3533 2744 3566 ι

2167 3605 2252 3660 l7.
2321 3603 2448 3660 Hinc
2509 3619 2710 3674 przrses
2768 3605 2925 3658 verba
2975 3601 3066 3657 ubi
3124 3600 3374 3666 inaudiit,
3427 3597 3662 3668 primum

2094 3696 2247 3751 humi
2297 3695 2612 3760 distentum,
2667 3695 2831 3765 virgis
2873 3693 3178 3764 agrestibus
3223 3691 3355 3747 exedi
3413 3692 3660 3760 imperat.

2096 3787 2344 3858 Cumque
2373 3786 2464 3840 diu
2504 3786 2843 3854 multumque
2880 3785 3024 3839 illius
3069 3799 3263 3838 carnes
3304 3781 3667 3836 dilaceraren-

2097 3887 2207 3946 tur,
2249 3891 2482 3948 ossaque
2526 3877 3010 3940 contunderentur,
3047 3889 3111 3929 ac
3151 3884 3292 3928 terra
3325 3885 3516 3927 cruore
3549 3886 3667 3924 ma-

2097 3973 2362 4032 descerct,
2394 3985 2490 4024 nec
2539 3969 2627 4022 ille
2673 3969 2835 4021 ullam
2889 3967 3124 4020 mitteret
3176 3979 3386 4027 vocem,
3455 3961 3548 4016 sed
3601 3962 3672 4013 si-

2097 4062 2264 4116 lentio
2324 4061 2376 4113 in
2430 4057 2718 4112 Dominum
2779 4055 2965 4110 Jesum
3019 4055 3323 4116 excederet,
3388 4050 3672 4120 tacitisque
3718 4128 3724 4134 _

2096 4153 2352 4222 precibus
2382 4167 2445 4204 ac
2480 4151 2616 4204 votis
2649 4149 2724 4202 illi
2758 4148 3092 4217 supplicans,
3137 4146 3344 4212 placide
3375 4143 3664 4198 verberum

2096 4245 2579 4298 dehonestamenta
2612 4241 2880 4304 suﬂ‘erret,
2905 4239 3138 4308 populus
3162 4235 3431 4289 clamabat
3459 4252 3471 4288 :
3503 4232 3666 4295 Voca,

2101 4349 2319 4403 prazses,
2381 4333 2742 4398 carnificem;
2799 4344 2933 4384 voca
2993 4330 3084 4398 qui
3140 4327 3329 4381 dentes
3384 4325 3672 4380 cvulsurns

2101 4425 2189 4480 sit.
2247 4423 2714 4490 Quemadmodum
2769 4423 2868 4475 iste
2902 4419 3068 4474 Deum
3119 4427 3361 4471 nostrum
3414 4414 3671 4476 succidit,

2098 4515 2244 4570 illius
2317 4515 2637 4569 exciduntur
2680 4515 2888 4578 dentes,
2942 4511 3113 4566 ferrea
3157 4507 3358 4578 forcipe
3416 4505 3675 4561 radiritus

422 4593 902 4660 ἑκκοπτέσθωσαν,
917 4596 1109 4667 σιδηρᾷ
1131 4598 1306 4651 λαϐίδι
1323 4597 1532 4670 ῥιζόθεν
1558 4600 1988 4668 ὀρυττέσθωσαν.

2100 4607 2444 4663 cﬂodiantur.
2498 4606 2682 4676 anue
2739 4607 2956 4660 denmm
2993 4603 3142 4658 ferali
3197 4601 3461 4657 sententia
3509 4600 3560 4653 in
3612 4614 3676 4653 eo

423 4687 538 4740 Kal.
560 4686 764 4755 ταύτης
801 4688 888 4741 ἐπ’
915 4688 1059 4758 αὐτῷ
1085 4690 1260 4760 πέρας
1291 4692 1388 4760 τῆς
1422 4692 1749 4760 ἀποφάσεως
1799 4693 1994 4746 λαϐού-

425 4796 548 4849 σης,
580 4778 690 4831 οὐδ’
721 4778 894 4842 οὕτως
955 4781 1004 4832 oi.
1047 4771 1408 4852 ’ἐμϐρόντητοι
1459 4783 1620 4853 δῆμοι
1653 4785 1752 4853 τῆς
1800 4785 1998 4854 μανίας

423 4871 796 4940 καθυφίεσαν·
846 4869 1000 4936 αὖθις
1047 4873 1104 4926 δὲ
1145 4874 1332 4927 τοῦτον
1369 4876 1758 4946 δεσμούμενον.
1799 4878 2000 4946 τρόπον

424 4963 645 5033 δένδρον
701 4964 980 5030 κοπέντος,
1028 4965 1439 5035 σπαράσσεσθαι
1493 4984 1552 5020 τε
1604 4969 1698 5020 καὶ
1738 4969 1998 5039 σύρεσθαι

427 5055 568 5107 κατᾶ
594 5055 694 5123 τῆς
744 5055 848 5123 γῆς
897 5055 1064 5107 ἐϐόων
1093 5070 1108 5084 ο
1145 5055 1499 5126 ὲξελκόμενόν
1531 5074 1590 5110 τε
1637 5061 1737 5128 τῆς
1765 5058 1996 5122 πόλεως,

426 5144 790 5198 ἐκκεντᾶσθαι
811 5146 1074 5215 καλάμοις
1093 5146 1260 5209 ὀξέσι,
1274 5149 1368 5199 καὶ
1389 5147 1555 5211 λίθοις
1577 5149 1968 5203 καταλεύεσθαι
1982 5189 1995 5203 .

439 5236 596 5288 Ἐπεὶ
618 5235 672 5286 δὲ
711 5237 856 5310 πρίσα
903 5236 1052 5298 τέλος
1100 5237 1185 5288 ἐπ’
1213 5236 1362 5306 αύτῷ
1394 5239 1426 5307 ἠ
1467 5238 1748 5307 μιαιφόνος
1773 5239 2000 5310 εἴληφεν

429 5324 575 5394 ὁρμὴ
639 5307 764 5378 καθ
793 5323 976 5394 βουλὴ.
1003 5325 1092 5379 τὸν
1142 5325 1239 5394 μὲν
1271 5323 1443 5388 οὕτως
1480 5327 1720 5396 ἀνηλεῶς
1751 5307 2002 5381 καταικίο

433 5434 649 5483 σαντες,
683 5419 778 5472 καὶ
805 5420 963 5488 ἄχρις
1019 5419 1218 5490 ὀφρύος
1260 5417 1354 5471 τοῦ
1387 5417 1546 5490 ὅρους
1593 5418 2003 5488 ἐξελκύσαντες,

433 5511 542 5563 ἁπδ
576 5509 821 5579 κεφαλῆς
849 5510 904 5562 δὲ
938 5509 1098 5582 μέχρι
1129 5509 1305 5562 ποδῶν
1329 5509 1388 5564 ἓν
1413 5510 1635 5582 τραῦμα
1658 5511 1848 5566 τοῦτον
1872 5513 2007 5566 ἀπο-

506 5707 622 5778 (Ιυ)
657 5705 783 5760 ilarc
805 5709 1085 5779 espressio
1111 5706 1162 5779 in
1182 5706 1506 5779 quibusdam
1524 5705 1725 5764 Graecis
1749 5715 2004 5779 suspecta

437 5787 550 5840 est;
588 5777 700 5830 imo
728 5779 799 5832 ob
832 5794 950 5832 eam
980 5777 1214 5832 Basilius
1247 5779 1300 5832 in
1348 5777 1710 5846 suspicionem
1769 5777 2002 5834 vocatus

441 5847 564 5902 fuit.
595 5847 693 5902 llic
727 5857 905 5902 tamen
938 5847 1192 5918 loquendi
1225 5849 1418 5902 modus
1449 5847 1577 5905 viris
1610 5848 1776 5920 probe
1803 5850 1993 5906 catho-

2105 4704 2341 4755 cxercita
2373 4708 2533 4770 atque
2560 4700 2792 4768 expleta,
2847 4715 2913 4752 ne
2945 4697 3028 4751 sic
3075 4694 3293 4766 quidem
3347 4692 3536 4762 perciti
3582 4704 3671 4761 po-

2104 4795 2217 4865 puli
2283 4794 2482 4848 I’uroris
2534 4795 2826 4862 quidquam
2883 4791 3230 4844 remiserunt.
3281 4786 3492 4840 Rursus
3549 4797 3678 4837 vero

2107 4888 2370 4949 vinctum,
2412 4887 2731 4954 arborisque
2797 4885 2850 4938 in
2905 4883 3125 4935 modum
3169 4881 3426 4941 concisze,
3480 4876 3680 4930 discer-

2107 4975 2343 5045 pendum
2407 4973 2667 5042 humique
2716 4971 3072 5040 raptandum,
3137 4969 3497 5022 occinebant:
3549 4965 3681 5018 urbe

2106 5067 2342 5134 denique
2375 5071 2704 5130 extractum,
2728 5062 2904 5116 acutis
2936 5059 3290 5128 subigendum
3319 5054 3678 5110 arundinibus

2097 5171 2164 5210 ac
2194 5155 2463 5225 lapidibus
2509 5152 2863 5209 obruendum.
2917 5151 3215 5214 Postremo,
3262 5147 3352 5202 ubi
3383 5145 3561 5200 omnis
3593 5143 3679 5198 illc

2105 5257 2367 5301 cruentus
2423 5246 2657 5314 impetus
2705 5241 3106 5309 consiliumque
3146 5240 3199 5292 in
3253 5254 3317 5292 eo
3369 5238 3532 5291 linem
3592 5248 3681 5288 ac-

2109 5344 2364 5405 ceperat;
2409 5335 2489 5390 sic
2520 5333 2636 5388 dire
2681 5331 2996 5386 verberibus
3023 5329 3274 5383 alIcclum
3326 5342 3389 5382 ac
3439 5326 3676 5379 dehone-

2111 5436 2338 5488 statum,
2375 5434 2540 5494 atque
2592 5423 2659 5478 ad
2705 5423 2908 5478 montis
2953 5436 3126 5490 usque
3183 5417 3534 5488 supercilium
3586 5429 3678 5468 ex-

2113 5525 2372 5581 tractum,
2411 5530 2631 5586 unoque
2681 5529 2712 5568 a
2758 5514 2960 5569 vertice
3001 5513 3068 5567 ad
3101 5511 3242 5566 imos
3267 5509 3432 5584 pedes
3463 5505 3685 5590 vulnere

2108 5710 2234 5767 licis
2279 5711 2515 5768 usitatus
2543 5719 2648 5776 est,
2700 5723 2810 5781 quo
2847 5708 3154 5781 signiﬁcare
3190 5703 3684 5781 volunt_§_piritum

2111 5791 2384 5851 sanctum,
2415 5792 2472 5839 ut
2493 5774 2734 5839 antorem
2759 5796 2820 5836 ac
2854 5774 3050 5836 néxum
3080 5776 3258 5834 Patris
3281 5785 3336 5832 et
3367 5774 3510 5831 Filii.
3666 5793 3670 5798 ·
