4092 6608
395 437 502 509 435

1565 446 1859 508 NICET/E
1898 449 2427 512 PAPIILAGONIS

3551 446 3654 511 436

395 562 656 616 detritum
711 576 775 617 ac
829 560 1216 627 deformatum,
1274 562 1588 633 factumque
1635 572 1961 630 emortuum1

2076 565 2348 631 δείξαντες
2365 568 2459 622 καὶ
2486 565 2919 630 θανατώσαντες,
2941 564 3179 637 ἑσπέρας
3208 566 3310 637 ἤδη
3337 563 3650 636 φθασάσης,

394 660 679 723 appetente
724 652 851 724 jam“
913 668 1168 725 vespere,
1220 654 1589 710 devorandum
1650 656 1839 712 bestiis
1887 671 1975 711 re-

395 741 694 811 liquerunt.

467 834 557 888 18.
587 834 728 899 Quid
762 834 925 905 igitur
957 833 1216 890 Dominus
1244 835 1266 888 ?
1322 834 1491 889 Suine
1518 835 1704 891 famuli
1737 836 1973 906 neglexit

395 922 629 976 curam?
662 922 766 977 Aut
798 922 916 991 ejus
948 938 1117 984 more.
1152 922 1246 992 qui
1284 922 1382 977 sibi
1410 924 1525 992 ipse
1548 926 1713 977 vitam
1742 926 1969 990 adimat,

392 1013 600 1067 dimisit
647 1014 781 1067 mori
813 1014 835 1068 ?
864 1012 957 1068 Vel
990 1012 1203 1068 occulta
1248 1029 1311 1068 ac
1363 1023 1541 1069 mente
1587 1026 1748 1071 tenus
1794 1017 1971 1072 solum

392 1105 733 1175 apparitione
772 1105 1037 1159 d0navit?
1087 1104 1311 1161 Minime
1364 1107 1631 1177 gentium.
1661 1106 1835 1163 Porro
1860 1108 1972 1178 jam

390 1211 497 1249 nox
532 1204 670 1259 erat,
700 1211 763 1251 ac
790 1206 988 1251 terram
1040 1197 1121 1251 sol
1173 1198 1435 1262 subierat,
1490 1214 1613 1253 cum
1642 1214 1768 1255 ecce
1818 1216 1974 1254 verus

392 1280 484 1340 Sol
504 1286 639 1341 lucis
658 1287 766 1341 lilio
784 1288 985 1352 oritur;
1023 1302 1085 1341 ac
1111 1288 1255 1341 circa
1283 1302 1405 1341 eum
1434 1289 1718 1343 multitudo
1738 1288 1974 1345 cmlcstis

391 1379 621 1442 militia},
676 1394 739 1432 ac
772 1378 984 1432 Domini
1020 1379 1261 1442 claritas.
1296 1389 1354 1433 ut
1383 1380 1717 1451 evangelicis
1746 1381 1972 1436 vocibus

391 1479 535 1537 utar,
571 1470 938 1525 eircumfulsit
970 1484 1095 1525 eum
1128 1472 1169 1525 ⁵.
1208 1470 1346 1525 Tum
1396 1471 1505 1536 ille,
1533 1472 1691 1540 quasi
1751 1488 1814 1526 ex
1863 1472 1972 1526 alto

389 1577 678 1631 emergens
736 1577 954 1625 somno,
1014 1564 1364 1633 divinamque
1415 1564 1561 1618 circa
1618 1578 1677 1619 se
1731 1565 1973 1618 sentiens

390 1653 830 1721 apparitioncm.
889 1664 1053 1721 atque
1104 1670 1225 1708 mox
1296 1655 1443 1707 omni
1497 1654 1711 1709 solutus
1787 1654 1974 1709 dolore

390 1742 654 1811 uiiinique
684 1744 1128 1811 compunctione,
1164 1758 1229 1797 ac
1270 1744 1620 1797 inenarrabili
1654 1744 1850 1813 gaudio
1882 1759 1970 1798 re-

391 1833 590 1901 pictus,
646 1843 827 1887 rectus
877 1834 929 1888 in
979 1834 1142 1903 pedes
1189 1835 1357 1898 stetit,
1411 1844 1560 1888 tanta
1624 1834 1967 1899 remissione,

2083 658 2247 728 θηρσὶ
2276 660 2337 712 τὸ
2376 659 2537 729 σῶμα
2567 659 2857 713 κατέλιπον
2890 657 3077 729 βοράν.

2152 832 2241 902 ιη’.
2266 833 2331 885 Τί
2352 827 2443 887 οὖν
2467 835 2495 886 6
2521 832 2757 903 Κύριος;
2787 827 2897 901 ἆρά
2938 847 3002 900 γε
3027 830 3122 885 τοῦ
3163 830 3365 886 οίκείου
3391 832 3658 902 Θεράπον-

2076 941 2168 988 τος
2196 924 2502 995 ἠμέλησενς
2523 924 2555 993 ἢ
2588 922 3041 993 βιαθανατοῦντος
3064 924 3267 995 τρόπον
3289 923 3504 992 ἀφῆκεν
3520 924 3659 977 ἀπο·

2080 1015 2302 1080 θανείνς
2347 1014 2379 1085 ἢ
2424 1015 2698 1085 κρυφαίας
2733 1014 2830 1068 καὶ
2885 1016 3077 1085 νοερᾶς
3127 1015 3289 1083 μόνον
3336 1015 3657 1083 ἐπιφανείας

2076 1105 2245 1171 ἀξιοῖς
2280 1106 2576 1174 Οὐδαμῶς·
2609 1106 2707 1169 veg
2734 1106 2789 1159 δὲ
2817 1106 2943 1176 ήδη,
2974 1108 3072 1159 καὶ
3095 1106 3244 1176 ἥλιος
3273 1105 3379 1159 ὑπὸ
3408 1107 3533 1175 γῆν,
3562 1107 3659 1160 καὶ⁵

2075 1198 2102 1251 6
2130 1197 2381 1265 ἀληθινδς
2410 1197 2598 1261 Ἥλιος
2633 1196 2711 1268 τῷ
2742 1197 2837 1251 τοῦ
2871 1197 3049 1267 φωτὸς
3092 1196 3447 1250 ὲπανέτελλεν
3509 1198 3614 1268 υίῷ
3638 1216 3651 1229 ·

2079 1290 2173 1343 καὶ
2207 1288 2410 1358 πλῆθος
2447 1290 2708 1359 στρατιᾶς
2742 1289 2996 1359 οὐρανίου
3028 1290 3158 1360 περὶ
3195 1289 3381 1353 αὐτὸν,
3412 1289 3506 1342 καὶ
3531 1287 3658 1353 δόξα

2080 1380 2307 1449 Κυρίου,
2361 1378 2733 1448 εὐαγγελικῶς
2788 1381 2987 1443 εἰπεῖν,
3047 1378 3424 1449 περιέλαμψεν
3470 1379 3651 1433 αὐτόν.

2088 1473 2149 1525 Ὀ
2179 1473 2260 1535 δὲ,
2286 1471 2541 1543 καθάπερ
2565 1472 2624 1535 ἐξ
2652 1471 2820 1524 ὕπνου
2849 1470 3039 1541 βαθέος
3071 1468 3402 1538 ἀνενεγκὼν,
3435 1470 3530 1524 καὶ
3555 1470 3657 1538 τῆς

2076 1565 2205 1635 περὶ
2266 1564 2431 1617 αὐτὸν
2474 1562 2755 1633 αἰσθηθεὶς
2800 1561 3141 1632 θεοῳανείας,
3201 1563 3294 1616 καὶ
3333 1562 3513 1634 πάσης
3557 1562 3656 1631 μὲν

2076 1656 2371 1724 ἀλγηδόνος
2408 1654 2659 1724 σώματος
2710 1654 2873 1718 εὐθὺς
2908 1654 3142 1718 ἀνεθεὶς,
3182 1654 3363 1724 πάσης
3398 1654 3455 1708 δὲ
3485 1673 3648 1708 καταο

2076 1749 2277 1814 νύξεως
2334 1749 2427 1801 καὶ
2454 1746 2823 1817 ἀνεκλαλήτου
2848 1747 3023 1817 χαρᾶς
3071 1746 3406 1817 πληρωθεὶς,
3439 1747 3656 1800 ἵσταται

2081 1840 2178 1908 μὲν
2216 1840 2309 1892 ἐπὶ
2342 1838 2530 1904 πόδας,
2561 1838 2706 1891 οὓτω
2728 1837 2947 1907 κούφως
2984 1837 3080 1890 καὶ
3103 1836 3395 1901 εὐσθενῶς,
3427 1838 3501 1903 ὡς
3530 1836 3653 1908 μηδ’

390 1935 544 1980 tanto
581 1926 797 1989 robore,
829 1942 892 1981 ac
914 1927 960 1981 si
1007 1942 1075 1981 ne
1104 1926 1272 1980 ullum
1309 1926 1528 1996 quidem
1569 1934 1961 1981 tormentorum

2073 1932 2141 2002 ἦν
2165 1948 2290 1984 τινα
2322 1933 2519 2001 πεῖραν
2558 1929 2799 2001 ἀνιαρῶν
2828 1928 3083 1999 εἰληῳὼς.

393 2018 692 2087 periculum
737 2019 975 2073 iecisset.

464 2110 555 2163 l‘J.
593 2109 787 2163 Statim
817 2126 943 2163 vero
969 2110 1052 2163 vir
1090 2110 1304 2175 beatus,
1339 2109 1477 2165 flexo
1508 2111 1573 2165 ad
1603 2109 1771 2164 Deum
1804 2126 1967 2181 genu,

391 2217 456 2257 ac
490 2218 657 2272 puras
697 2203 749 2256 in
805 2204 1003 2258 cmlum
1037 2218 1231 2257 manus
1256 2202 1467 2266 levans,
1501 2202 1669 2256 animi
1730 2202 1971 2257 exsulta-

393 2296 541 2349 tione
581 2296 945 2365 dulcibusque
975 2294 1253 2365 lacrymis,
1300 2294 1531 2349 Domino
1562 2296 1926 2349 confitebatur
1946 2335 1961 2360 ,

393 2387 557 2441 etiam
585 2396 749 2455 atque
778 2386 938 2441 etiam
975 2386 1184 2454 gratias
1215 2400 1406 2457 agens,
1461 2386 1581 2455 ejus
1630 2387 1952 2441 constantia:

393 2481 637 2543 nomine,
678 2478 838 2547 cujus
866 2480 931 2531 ad
962 2494 1081 2532 eam
1111 2494 1284 2548 usque
1324 2479 1516 2532 horam
1551 2478 1825 2547 specimen
1872 2494 1968 2533 ex-

399 2568 703 2631 hibuisset;
763 2582 964 2636 rogans
1018 2576 1076 2621 ut
1126 2567 1178 2621 in
1229 2582 1292 2622 ea
1341 2568 1689 2621 confessione
1737 2583 1967 2637 agonem

390 2669 844 2724 consummaret;
911 2659 1239 2729 animusque
1293 2659 1583 2728 repositam
1641 2659 1970 2729 martyribus

391 2750 636 2820 requiem
671 2760 1116 2818 consequeretur,
1162 2764 1262 2805 nec
1292 2750 1677 2818 corpusculum
1710 2748 1970 2804 mrumnis

394 2842 581 2897 multis
619 2858 683 2895 ac
738 2841 1025 2897 laboribus
1097 2841 1495 2909 tormentisque
1560 2849 1968 2908 cmisumptum,

392 2932 626 2989 hom-sto
646 2932 711 2985 ad
746 2933 1138 3001 quiescendum
1171 2933 1290 2987 loco
1320 2931 1723 2987 destitueretur:
1751 2946 1815 2985 ac
1843 2946 1970 2983 vero

389 3022 693 3078 custodiam
745 3039 807 3077 ac
871 3023 1189 3092 praesidium
1254 3023 1308 3077 in
1359 3038 1533 3076 aevum
1598 3021 1803 3077 civitati
1855 3019 1970 3075 fore

390 3123 639 3183 precatus
670 3124 772 3177 est,
808 3115 989 3170 munis
1026 3115 1242 3185 generis
1273 3115 1592 3167 morborqu
1642 3120 1966 3183 praesentem

2145 2104 2230 2161 t0'.
2263 2106 2439 2169 Εὐθὺς
2462 2106 2519 2159 δὲ
2550 2105 2773 2175 κάμψας
2798 2105 2825 2157 6
2855 2105 3140 2177 Μακάριος
3166 2105 3226 2158 τὸ
3248 2104 3377 2174 γόνυ
3403 2106 3537 2177 πρὸς
3565 2106 3654 2159 τόν

2070 2199 2224 2262 Θεὸν,
2252 2199 2347 2252 καὶ
2374 2199 2471 2262 τάς
2504 2200 2657 2261 ὁσίας
2704 2201 2890 2267 χεῖρας
2919 2197 3131 2269 ἐπάρας
3171 2200 3251 2259 είς
3280 2198 3372 2251 τὸν
3401 2198 3651 2268 οὐρανὸν,

2072 2291 2131 2343 ὲν
2162 2287 2482 2356 ἀγαλλιάσει
2516 2287 2741 2356 καρδίας
2792 2288 2885 2339 καὶ
2920 2286 3209 2357 γλυκεροῖς
3268 2288 3531 2357 δάκρυσιν
3564 2288 3652 2352 ἐξ·

2071 2382 2404 2451 ωμολογείτο
2453 2378 2529 2450 τῷ
2596 2380 2824 2450 Κυρίῳο
2892 2378 3234 2452 εὐχαριστῶν
3282 2381 3378 2449 μὲν
3416 2380 3653 2449 ίσχυρῶς

2073 2474 2215 2544 ὑπὲρ
2269 2474 2368 2542 τῆς
2430 2473 2847 2543 σταθερότητος,
2878 2466 2944 2543 ἧς
2971 2474 3099 2542 ἄχρι
3122 2472 3220 2541 τῆς
3255 2472 3402 2543 ὥρας
3435 2472 3652 2540 ἐκείνης

2071 2564 2376 2631 ἐνεδείξατο
2403 2580 2416 2594 ·
2470 2561 2725 2633 δεόμενος
2780 2563 2836 2615 δὲ
2868 2564 2960 2615 ἐπὶ
2990 2564 3161 2634 ταύτῃ
3204 2562 3555 2633 τελειωθῆναι
3584 2566 3651 2633 τῇ

2070 2656 2358 2728 ὁμολογία·
2394 2655 2488 2710 καὶ
2521 2657 2619 2725 τὴν
2650 2656 2830 2725 ψυχὴν
2858 2656 2957 2724 μὲν
3006 2655 3103 2724 τῆς
3135 2655 3511 2723 ἀποκειμένης
3538 2656 3651 2715 τοίς

2074 2750 2344 2819 μάρτυσιν
2375 2746 3073 2819 ἀναπαύσεωςλμετασχείν
3096 2763 3108 2778 ·
3163 2747 3221 2801 τὸ
3251 2747 3564 2812 πολυπαθὲς
3594 2747 3652 2802 δὲ

2072 2840 2346 2909 σωμάτιον
2395 2840 2595 2909 σεμνὸν
2658 2840 2826 2893 τόπον
2874 2840 2954 2903 είς
3034 2839 3383 2895 κατάπαυσιν
3433 2840 3648 2909 λαχεῖνο

2072 2934 2437 3004 φυλακτήριον
2488 2930 2547 2986 δὲ
2596 2931 2753 2985 τοῦτο
2781 2935 2847 3002 τῇ
2903 2932 3071 2985 αὐτοῦ
3119 2932 3273 2985 πόλει
3307 2932 3652 3001 προσηύξατο

2069 3026 2137 3078 δι’
2168 3027 2362 3087 αἰῶνος
2389 3022 2761 3094 χρηματίσαι·
2811 3024 2981 3077 νόσων
3014 3040 3073 3076 τε
3106 3024 3466 3077 παντοδαπῶν
3496 3025 3649 3093 ίατή-

2073 3135 2188 3189 ριον
2244 3116 2340 3170 καὶ
2392 3116 2609 3169 πάντων
2659 3114 3013 3185 ἀλεξητήριον
3043 3114 3248 3169 κακῶν.
3298 3113 3652 3185 Προσηύξατο

389 3207 742 3274 medicinam,
779 3209 1139 3276 omniumque
1167 3207 1352 3276 procul
1386 3208 1654 3261 malorum
1688 3222 1960 3261 averrun-

2070 3210 2181 3269 τοῖς
2211 3208 2289 3269 είς
2319 3208 2410 3258 τὸν
2456 3204 2589 3257 Θεὸν
2615 3203 2905 3257 ἀσεϐοῦσιν
2952 3204 3059 3265 ,τὴν
3088 3203 3176 3256 διὰ
3209 3204 3444 3267 πίστεως
3475 3220 3650 3273 σωτη⁴

388 3296 679 3350 catiouem.
730 3294 1011 3367 lmpietate
1044 3295 1097 3349 in
1150 3294 1321 3350 Deum
1374 3294 1772 3360 laborantibus,
1816 3296 1965 3351 salu-

390 3394 520 3446 tem.
549 3401 671 3456 qua:
698 3402 791 3453 per
826 3388 986 3441 fidem
1034 3398 1138 3452 est,
1178 3388 1319 3442 votis
1362 3387 1729 3457 deprecatur;
1766 3403 1963 3457 pecca-

392 3475 630 3539 toribus,
666 3483 725 3529 ut
756 3478 1083 3544 paenitentia
1134 3485 1572 3533 convertantur:
1628 3475 1962 3544 magistrati-

387 3565 513 3629 bus,
539 3575 599 3620 ut
621 3567 889 3637 justitiam
919 3578 1161 3633 teneant;
1193 3568 1452 3631 subditis,
1479 3576 1537 3621 ut
1562 3566 1958 3654 obedientiam;

388 3659 692 3723 divitibus,
746 3670 805 3714 ut
858 3675 1164 3730 propensos
1218 3661 1272 3715 in
1330 3661 1731 3731 eleemosynam
1778 3673 1957 3713 mores

388 3747 676 3803 habeant:
712 3748 1066 3817 pauperibus,
1129 3758 1188 3803 ut
1247 3746 1567 3818 patientiam
1614 3756 1837 3801 servent
1890 3761 1955 3802 ac

386 3837 771 3892 sustinentiam
797 3854 811 3902 ;
840 3837 1205 3908 gaudentibus
1228 3878 1244 3903 ,
1300 3847 1358 3892 ut
1406 3838 1606 3909 gratias
1640 3846 1837 3909 agant;
1874 3838 1960 3895 his

383 3932 475 4001 qui
504 3932 557 3987 in
592 3946 838 3986 arumna
863 3942 1013 3996 sunt,
1046 3940 1106 3987 ut
1131 3931 1380 3988 levamen
1434 3948 1499 3988 ac
1525 3934 1959 3990 consolationem

383 4023 661 4078 obtineant
687 4041 701 4090 ;
734 4023 1140 4093 navigantibus,
1168 4033 1229 4080 ut
1261 4023 1403 4080 felici
1434 4026 1783 4096 navigatione
1807 4036 1963 4081 utan-

385 4121 527 4179 tur;
564 4113 668 4168 iter
716 4113 1065 4179 habentibus,
1120 4121 1180 4168 ut
1237 4115 1343 4168 iter
1391 4113 1571 4170 fausto
1623 4115 1957 4180 conficiant;

382 4202 468 4257 his
491 4203 584 4272 qui
637 4203 690 4257 in
723 4203 864 4259 bello
920 4213 1227 4271 versentur,
1299 4205 1537 4261 victoriae
1569 4214 1810 4277 tropaea;
1865 4209 1958 4277 qui

380 4292 615 4363 denique
638 4294 690 4347 in
724 4310 856 4365 pace
899 4304 1084 4366 agant,
1117 4305 1177 4351 ut
1228 4312 1447 4352 onmem
1504 4308 1731 4353 strenue
1786 4300 1959 4369 pieta-

380 4392 488 4437 tem
520 4385 832 4455 acjustitim
865 4402 1031 4456 opera
1063 4388 1265 4443 colant.
1310 4388 1525 4444 Christi
1549 4390 1747 4445 remula
1803 4392 1960 4445 boni-

380 4484 511 4541 tate,
540 4478 752 4531 cunctis
780 4478 918 4532 bona
968 4494 1031 4533 ac
1063 4480 1219 4533 utilia
1276 4489 1634 4550 apprecatur,
1672 4492 1733 4537 ut
1778 4482 1955 4552 perfe-

2071 3300 2210 3371 ρίαν,
2236 3300 2329 3352 καὶ
2364 3299 2477 3361 τοῖς
2503 3296 2881 3366 ἁμαρτάνουσι
2939 3298 3039 3367 τὴν
3081 3296 3168 3349 διά
3206 3294 3497 3367 μετανοίας
3522 3296 3646 3351 ὲπιο

2069 3390 2329 3462 στροιρὴν,
2360 3392 2470 3452 τοῖς
2509 3390 2737 3460 ἄρχουσι
2772 3388 3152 3459 δικαιοσύνην·
3187 3387 3503 3441 εὐπείθειαν
3535 3389 3647 3451 τοῖς

2067 3481 2414 3551 ἀρχομένοις,
2464 3482 2577 3542 τοῖς
2622 3479 2901 3543 πλουσίοις
2958 3480 3158 3549 τρόπον
3200 3478 3492 3547 ἐλεήμονα,
3535 3478 3649 3541 τοῖς

2070 3574 2295 3643 πένησιν
2316 3570 2593 3642 ὑπομονὴν
2623 3571 2717 3623 καὶ
2739 3571 3062 3641 καρτερίαν,
3109 3569 3393 3640 χαίρουσιν
3423 3570 3647 3638 εὐχαρι-

2067 3667 2245 3730 στίαν,
2273 3664 2635 3734 λυπουμένοις
2680 3663 3051 3733 παραμυθίαν,
3078 3661 3329 3715 πλέουσιν
3362 3660 3643 3724 εὐπλοϊαν,

2064 3756 2440 3827 ὁδοιποροῦσιν
2466 3755 2698 3820 εὐοδίαν,
2720 3757 2833 3817 τοῖς
2863 3756 2921 3807 ὲν
2952 3752 3174 3823 πολέμῳ
3199 3753 3437 3822 τρόπαια
3465 3751 3643 3819 νίκης,

2064 3850 2176 3909 τοῖς
2242 3846 2583 3915 είρηνεύουσι
2640 3843 2923 3898 συντονίαν
2955 3844 3090 3914 πρὸς
3126 3844 3307 3896 πᾶσαν
3360 3840 3646 3894 εὐσέϐειαν

2064 3937 2157 3989 καὶ
2181 3934 2623 4007 δικαιοπραγίαν.
2662 3936 2835 3988 Πᾶσιν
2883 3933 3177 4001 ἐπεύχεται
3209 3932 3646 4003 Χριστομιμήτῳ

2062 4028 2392 4099 χρηστότητι
2416 4026 2484 4079 τὰ
2516 4026 2727 4096 χρηστά
2754 4026 2853 4079 καὶ
2879 4025 3153 4092 λυσιτελῆ,
3176 4023 3250 4087 ὡς
3273 4024 3477 4087 τέλειος
3507 4025 3645 4093 Χρι-

2064 4119 2191 4172 στοῦ
2223 4104 2503 4188 μαθητής·
2533 4116 2607 4179 ὡς
2639 4116 2984 4185 φιλόπατρις,
3032 4117 3098 4185 τῇ
3137 4114 3355 4185 πατρίδι
3406 4113 3505 4183 τὴν
3536 4113 3646 4166 ἀπὸ

2062 4211 2309 4265 κινδύνου
2359 4208 2837 4277 παντο).ύτρωσινο
2892 4205 3127 4275 μάλιστα
3165 4205 3221 4258 δὲ
3262 4206 3373 4267 τοῖς
3402 4202 3644 4272 γνησίως

2062 4301 2225 4356 αὐτοῦ
2288 4298 2650 4371 μνημονεύειν
2707 4296 2984 4367 μέλλουσι,
3018 4297 3109 4349 καὶ
3138 4298 3204 4365 τῇ
3239 4294 3343 4347 τῶν
3375 4294 3643 4363 λειψάνων

2060 4394 2202 4465 θήκῃ
2227 4392 2548 4456 πελάζουσιν
2588 4390 2897 4458 οἰκοδομαῖς
2948 4404 3007 4440 τε
3048 4385 3391 4456 χαρίζεσθαι,
3450 4384 3644 4453 ὕμνοις

2058 4502 2117 4536 τε
2177 4485 2270 4536 καὶ
2320 4482 2532 4545 θυσίαις
2584 4478 2929 4543 δεξιοῦσθαι⁸
2981 4477 3158 4547 τούτῳ
3199 4474 3507 4547 προσιοῦσι,
3545 4477 3645 4529 πᾶ.-

379 4574 501 4621 ctus
529 4566 732 4623 Christi
766 4569 1090 4639 discipulus.
1122 4569 1191 4627 Ut
1214 4572 1403 4640 patria:
1457 4587 1671 4634 amans.
1738 4575 1947 4642 patriae,

2068 4594 2159 4629 σαν
2217 4575 2399 4639 δεξιὰν
2449 4574 2611 4643 χάριν
2636 4572 2728 4624 καὶ
2756 4573 3024 4641 σωτήριον
3075 4570 3369 4638 ἐπεύχεται
3404 4567 3637 4637 δωρεάν.

378 4664 439 4711 ut
465 4656 533 4710 ab
558 4658 707 4712 omni
748 4668 860 4713 tuta
887 4661 1127 4730 periculo
1149 4662 1219 4718 sit
1244 4664 1499 4733 omnique
1524 4666 1761 4721 hostium
1789 4671 2128 4737 grassatioue
2184 4670 2480 4730 liberetur;
2540 4669 2607 4721 iis
2671 4668 2993 4736 praesertim,
3058 4664 3151 4734 qui
3219 4664 3364 4717 illius
3422 4662 3640 4716 sincere

376 4761 647 4803 memores
718 4747 939 4815 fuerint,
1007 4767 1071 4807 ac
1150 4754 1506 4824 reliquiarum
1584 4758 1765 4813 loculo
1829 4760 2200 4823 accesserint,
2257 4759 2503 4812 aediliciis
2561 4757 2954 4827 prmstiterint,
3033 4754 3263 4809 canticis
3336 4750 3638 4806 oblationi-

374 4836 584 4908 busque
612 4842 941 4911 acceperint.
968 4840 1068 4909 Qui
1100 4858 1158 4899 se
1189 4846 1403 4913 adeant,
1437 4847 1671 4903 faustam
1709 4866 1926 4905 onmem
1970 4852 2200 4922 gratiam
2235 4862 2609 4921 cmnprecatur
2639 4866 2701 4904 ac
2730 4849 2974 4903 salutare
3023 4862 3221 4902 munus
3250 4845 3386 4915 (ll).

440 4932 533 4987 20.
565 4932 622 4987 ln
671 4934 817 4992 hunc
849 4937 1069 4993 modum
1126 4950 1380 5008 precatus
1414 4944 1497 4998 vir
1530 4944 1769 5009 divinus,
1829 4946 1954 4999 ditt-

372 5039 479 5095 que
507 5038 664 5081 sacro
693 5036 906 5083 astante
953 5031 1271 5099 angelorum
1313 5033 1482 5088 choro
1512 5050 1669 5091 sacre
1703 5036 1945 5090 delecta-

371 5128 459 5175 tus
490 5129 777 5190 menteque
818 5134 1115 5189 recreatus,
1147 5134 1373 5196 tumque
1420 5128 1581 5183 tertio
1612 5127 1938 5185 deiformem

370 5211 704 5281 consignatis
752 5214 959 5269 vultum
994 5218 1206 5286 (aqua:
1263 5227 1398 5273 tunc
1452 5222 1714 5288 temporis
1764 5221 1945 5277 locum

370 5304 687 5374 impleverat
719 5306 943 5377 mystica
980 5308 1307 5376 jucunditas
1344 5310 1771 5384 divinarumque
1825 5314 1944 5369 lau-

368 5398 496 5449 dum
555 5399 846 5467 cantica!)
886 5413 1138 5455 sanctum
1187 5401 1269 5457 eis
1328 5413 1555 5459 sanctus
1617 5405 1780 5460 tradit
1829 5406 1942 5462 ani-

439 5569 461 5600 ⁵
491 5572 660 5639 Apoc.
693 5587 804 5634 χχι.
836 5572 925 5629 23,

374 5732 379 5783 ζ
437 5706 551 5775 (ιι)
578 5706 825 5783 Diximus
876 5713 1011 5769 alias
1047 5729 1153 5768 non
1189 5715 1399 5783 placere
1425 5714 1584 5768 nobis
1616 5713 1760 5767 illam
1795 5728 1942 5766 mar-

368 5782 545 5855 tvrum
573 5780 867 5836 viventium
888 5800 1097 5855 curam,
1123 5780 1227 5855 qua
1253 5786 1283 5855 ι’
1357 5800 1581 5846 corpore
1604 5794 1656 5855 et
1689 5784 1939 5855 reliquiis

368 5854 486 5903 Ittts
529 5860 658 5907 sunt
718 5855 958 5922 solliciti,
1009 5854 1276 5925 quidquid
1335 5856 1421 5910 hic
1451 5855 1509 5911 in
1539 5854 1682 5913 notis
1736 5855 1854 5911 suis
1881 5854 1936 5913 id

2132 4945 2201 5002 κ’.
2235 4946 2390 4999 Οὕτω
2439 4946 2877 5015 προσευξάμενος
2920 4946 2948 4996 6
2994 4944 3135 5004 θεῖος
3187 4942 3348 5011 ἀνὴρ.
3403 4940 3499 4993 καὶ
3544 4940 3639 4993 ἐπὶ

2060 5039 2192 5093 πολὺ
2244 5040 2354 5102 τοῖς
2408 5039 2720 5109 παρεστῶσι
2767 5038 2875 5091 τῶν
2940 5035 3100 5108 ἱερῶν
3167 5035 3417 5104 ἀγγέλων
3473 5034 3637 5104 ίερῶς

2061 5131 2439 5202 συνηδόμενος,
2473 5133 2564 5185 καὶ
2592 5132 2793 5202 νοερῶς
2811 5117 3310 5200 κατατερπόμένος,
3332 5124 3451 5179 εἶτα
3474 5128 3634 5198 τρίτῃ

2060 5224 2315 5292 σφραγῖδι
2331 5224 2392 5276 τὸ
2413 5223 2644 5287 θεοειδὲς
2666 5224 2953 5293 πρόσωπον
2978 5220 3430 5292 σημειωσάμενος
3448 5218 3514 5288 (ὣ
3535 5220 3635 5287 τῆς

2053 5316 2173 5369 τότε
2212 5316 2305 5368 τὸν
2351 5316 2517 5367 τόπον
2552 5318 2755 5367 ἐκεῖνον
2780 5314 3146 5385 πληρωσάσης
3178 5312 3447 5380 μυστικῆς
3489 5310 3629 5378 θυμ-

2051 5407 2203 5478 ηῗίας
2228 5413 2318 5460 καί
2343 5408 2689 5477 δοξολογίας),
2714 5408 2809 5478 τὴν
2832 5409 2990 5473 ἁγίαν
3008 5407 3187 5465 αὐτοῖς
3217 5406 3246 5457 ό
3270 5404 3422 5471 ἅγιος
3447 5420 3630 5472 παρα-

2047 5718 2319 5787 explicare
2341 5719 2549 5772 nitatur
2572 5716 2955 5788 Combelisius.
2990 5719 3168 5786 Atque
3190 5720 3318 5773 hinc
3348 5718 3623 5788 suspicor,

2048 5786 2194 5847 hunc
2232 5804 2356 5848 esse
2382 5790 2630 5849 Gt’tncum
2655 5786 2857 5846 Niceta:
2889 5790 3126 5847 rhetoris
3157 5799 3441 5847 ornatum.
