4092 6618
475 423 579 490 437

1039 430 1319 495 ORATIO
1356 432 1515 493 XIX.
1542 458 1611 470 ·-
1637 432 1719 495 ΙΝ
1762 433 2074 496 LAUDEM
2112 432 2174 494 S.
2214 430 2633 495 HYACINTHI
2671 432 3130 498 AMASTRENI.

3624 433 3733 498 438

475 543 685 598 τίθεται
711 542 909 615 ψυχήν.
946 544 1165 616 Ταύτην
1210 546 1309 616 μὲν
1343 546 1435 600 οῦν
1465 546 1627 609 εὐθὺς
1658 548 1686 600 6
1722 545 2040 618 παράδεισος

2155 525 2327 599 mum.
2359 543 2514 601 llunc
2541 560 2670 601 vero
2698 546 2879 601 statim
2914 543 3007 601 Dei
3036 545 3322 617 paradisus
3354 546 3563 609 habuit,
3593 544 3728 617 Regi

476 633 587 706 εἶχε
628 636 721 690 τοῦ
750 637 908 703 Θεοῦ,
953 639 1032 710 τῷ
1075 639 1295 693 Βασιλεῖ
1346 640 1445 708 τῆς
1487 640 1645 708 δόξης
1690 640 2052 710 ἀνσφθέγκτῳ

474 728 620 797 χαρᾷ
644 728 996 798 προσιοῦσαν,
1031 730 1121 783 καὶ
1150 729 1477 798 πανευαγῶς
1526 729 1674 800 αύτῷ
1711 727 2048 799 προσκυνοῦ-

476 835 598 883 σαν,
630 822 728 875 καὶ
756 821 833 893 τῷ
863 822 963 893 τῆς
1014 822 1326 893 ἀφθαρσίας
1365 823 1615 893 στεφάνῳ
1653 826 1718 894 τῇ
1744 825 2049 894 Δεσποτικῇ

474 915 958 986 καταστεφομένην
981 915 1129 985 δεξιᾷ
1155 931 1168 946 ⁶
1200 915 1407 986 ταύτην
1430 916 1487 968 αἱ
1517 918 1702 985 νοεραὶ
1735 918 1907 970 πᾶσαι
1942 917 2050 970 τῶν

473 1004 721 1075 οὐρανῶν
748 1008 1019 1077 Δυνάμεις
1077 1008 1347 1078 ἐπῄνεσαν
1374 1047 1390 1073 ,
1440 1008 1538 1062 καὶ
1566 1008 1640 1072 ώς
1671 1008 1967 1079 νικηφόρον
2015 1008 2048 1079 ἢ

472 1096 843 1167 Χριστοφόρον
869 1098 1085 1164 ἑαυταῖς
1130 1100 1639 1169 προσῳκειώσαντο.
1672 1099 1887 1170 Ταύτην
1912 1100 2048 1153 ἀπό-

474 1186 651 1241 στολοι
685 1189 807 1258 μὲν,
841 1190 917 1254 ὡς
946 1189 1426 1245 ἀποστολικώτατα
1450 1189 1751 1261 βιώσασαν,
1784 1188 2022 1258 ἀσμεναί

468 1296 605 1332 τατα
625 1280 1042 1354 [ἁσμενέστατα]
1060 1282 1389 1353 δεξιούμενοι
1413 1282 1840 1353 περιεπτύξαντο
1855 1299 1869 1313 ⁸
1893 1283 2049 1352 Μαρ-

468 1372 649 1443 τύρων
678 1374 734 1426 δὲ
758 1376 908 1445 χοροὶ
938 1376 1093 1446 ίεροὶ,
1126 1375 1200 1439 ώς
1225 1376 1420 1429 οίκεϊον
1446 1375 1623 1429 αὐτῶν
1655 1375 1836 1446 μέλος,
1865 1376 1958 1430 καὶ
1988 1376 2049 1429 τὸ

468 1460 798 1539 τιμιώτατον
820 1465 1203 1535 ἀποδεχόμενοι
1232 1466 1338 1518 τῶν
1366 1466 1544 1537 μελῶν
1563 1482 1576 1497 ο
1600 1467 1693 1519 καὶ
1706 1465 1783 1535 τῷ
1808 1467 2051 1537 πνεύμα-

468 1569 521 1605 τι
553 1555 1077 1626 συναρμολογοῦντες
1121 1558 1330 1621 ἑαυτοῖς
1376 1557 1465 1611 καὶ
1496 1558 1922 1629 συμὸιόάζοντες
1948 1560 2048 1629 τῆς

468 1646 641 1716 αὐτῆς
689 1648 875 1711 αὐτοῖς
924 1648 1082 1720 δόξης
1139 1650 1232 1703 καὶ
1266 1650 1676 1721 μακαριότητος
1725 1652 1951 1721 μέτοχον
1980 1652 2046 1705 δι’

463 1730 665 1801 αἰῶνος
728 1740 1112 1810 ἐκληρώσαντο
1137 1759 1151 1774 ·
1192 1742 1253 1795 ού
1299 1742 1460 1812 μόνον
1489 1742 1567 1806 δὲ,
1607 1743 1745 1796 ἀλλά
1781 1743 1876 1796 καὶ
1906 1761 2042 1815 προ-

464 1828 653 1896 φητῶν
690 1830 785 1883 καὶ
810 1830 984 1899 ἀγίων
1010 1832 1187 1885 θίασοι
1216 1833 1456 1899 πάντων,
1482 1832 1558 1897 ώς
1581 1832 1681 1902 τῆς
1708 1833 1829 1904 ῐσης
1859 1835 2046 1898 αὐτοῖς

462 1920 754 1988 ἁγιότητος
783 1923 1234 1994 ὑπερϐαλλόντως
1273 1925 1610 1995 μετέχουσαν
1654 1925 1915 1996 ὁρῶντες,
1942 1925 2041 1995 τὴν

463 2011 634 2077 αὑτῆς
698 2012 958 2067 ἀνάλυσιν
1015 2015 1112 2067 καὶ
1171 2014 1430 2085 ἐνδημίαν
1468 2016 1608 2087 πρὸς
1658 2016 1750 2070 τὸν
1783 2016 2038 2087 Χριστὸν,

460 2100 724 2173 λαμπρὰν
764 2104 847 2158 ὃτι
880 2104 1115 2177 μάλιστα
1145 2107 1239 2160 καὶ
1269 2106 1749 2178 θεοπρεπεστάτην
1783 2108 2041 2179 συνεκρό-

459 2212 631 2265 τησαν
658 2198 876 2268 ἑορτήν.

529 2382 637 2430 κα⁹.
676 2376 881 2430 Τοῦτον
913 2377 1013 2447 μὲν
1042 2373 1136 2432 οῦν
1183 2378 1278 2433 τὸν
1307 2379 1511 2450 τρόπον
1533 2380 1567 2451 ἡ
1587 2379 1869 2450 τρισολόῐα
1896 2380 2041 2451 ψυχὴ

457 2467 555 2531 τὰς
620 2469 717 2523 τοῦ
768 2471 1020 2542 οὐρανίου
1079 2474 1294 2545 Πατρδς
1341 2473 1786 2545 κατακληροῦται
1839 2477 2036 2544 μονάς·

456 2560 575 2613 ἀλλ’
620 2562 744 2615 οὐδὲ
803 2564 865 2616 τὸ
907 2565 1051 2635 ἱερὸν
1083 2566 1260 2619 ἐκεῖνο
1290 2568 1385 2619 καὶ
1429 2567 1789 2638 ἀθλοφορικδν
1818 2568 2037 2636 σκῆνος,

454 2652 489 2720 ἥ
527 2653 707 2718 οὕτως
762 2656 844 2719 είς
888 2660 993 2729 γῆν
1040 2658 1205 2712 πεσὸν
1251 2658 1627 2729 παρεώραται,
1662 2659 1695 2731 ἦ
1736 2660 1878 2715 κατά
1908 2662 2039 2724 τοὺς

454 2742 680 2809 λοιποὺς
716 2749 1002 2819 μάρτυρας
1039 2751 1328 2822 τετίμηται
1358 2768 1371 2781 ο
1401 2750 1589 2822 ὥσπερ
1613 2752 1671 2806 δὲ
1699 2753 1891 2825 τέρασι
1929 2753 2041 2820 μεί⁶

455 2833 575 2898 ζοσι
630 2838 725 2891 καὶ
787 2839 1186 2912 ἀφθονωτέροις
1233 2844 1459 2912 ίάμασιν
1506 2843 1611 2896 ὑπὸ
1648 2843 1767 2903 ξτοῦ
1798 2844 2036 2914 Χριστοῦ

456 2928 912 3001 πεφιλοτίμηται,
959 2933 1101 2984 οὕτω
1134 2935 1226 2987 καὶ
1255 2937 1373 2998 ταῖς
1404 2935 1463 2999 ἐξ
1489 2935 1584 2989 ἀνθ
1598 2935 1796 3005 ρώπων
1824 2940 2035 3006 τιμαῖς,

455 3016 721 3070 ἁπάντων
760 3020 943 3088 ὀλίγου
973 3020 1082 3074 δεῖν
1110 3023 1218 3075 τῶν
1260 3022 1638 3094 ἁθλοφορικῶν
1678 3026 1945 3096 σωμάτων
1979 3027 2038 3080 τὸ

455 3107 837 3187 ἐπιδοξότατον
904 3113 1191 3183 ἠνέγκατο.
1235 3114 1373 3166 Τότε
1428 3115 1527 3185 μὲν
1572 3115 1680 3185 γὰρ
1722 3117 1888 3169 αὐτοῦ
1930 3133 2033 3169 που

456 3199 688 3269 πλησίον
715 3203 817 3271 τῆς
848 3204 1056 3265 πόλεως
1086 3206 1189 3275 γῆς
1221 3204 1443 3275 βάθεσιν
1478 3206 1584 3259 ὑπὸ
1613 3209 1719 3258 τῶν
1747 3208 2035 3261 εὐσεϐούν-
2068 3234 2110 3293 c

453 3309 564 3345 των
635 3293 664 3345 ό
724 3294 1021 3365 πολύτιμος
1068 3297 1302 3367 ἐντίμως
1332 3297 1705 3368 καταχωσθεὶς
1744 3300 2037 3372 θησαυρὸς,

453 3386 723 3454 οὐμενοῦν
773 3388 1004 3456 ἀφικτδς
1036 3390 1070 3459 ἦ
1100 3407 1203 3443 τινι
1237 3390 1462 3459 γέγονεν
1492 3391 1550 3456 ἐξ
1584 3391 1796 3444 ὲκείντυ
1824 3393 2038 3464 θεωρη-

454 3474 567 3539 τὸς,
596 3476 658 3527 ού
697 3475 804 3547 μὴν
837 3479 954 3540 ταῖς
977 3478 1373 3548 ἀγαθουργίαις
1419 3480 1529 3532 τῶν
1558 3479 1724 3532 αὑτοῦ
1760 3481 2038 3548 θαυματο-

457 3567 632 3619 ποιῶν
694 3564 805 3631 οἷός
842 3586 902 3621 τε
955 3569 1164 3637 γίνεται
1206 3570 1393 3623 λαθεῖν
1418 3588 1432 3603 ·
1482 3570 1597 3623 ἀλλ’
1628 3572 2040 3636 ὲκτενεστάταις

458 3662 560 3728 μὲν
586 3661 822 3724 ἱκεσίαις
855 3662 943 3714 τὸν
970 3664 1172 3731 Κύριον
1204 3663 1351 3715 ἔνδον
1385 3665 1412 3715 ό
1450 3664 1748 3734 ὀθλοφόρος
1794 3664 2040 3735 ἱλεούμε-

453 3762 564 3810 νος,
598 3746 704 3810 ἔξω
728 3749 784 3801 δὲ
808 3752 928 3813 ταῖς
982 3750 1074 3802 ἐπὶ
1123 3751 1219 3804 τοῦ
1265 3751 1435 3819 τάφου
1483 3753 1834 3817 τελουμέναις
1864 3755 2040 3808 ίὰσεσι

455 3837 752 3904 δυσωπῶν,
808 3842 903 3894 καλ⁵
950 3843 1215 3906 τοιούτοις
1264 3843 1427 3897 πάλαι
1469 3844 1565 3917 τὴν
1594 3844 1759 3898 αὑτοῦ
1804 3847 1956 3899 πόλιν
1981 3847 2039 3914 ἐξ

460 3929 723 3994 ἀπιστίας
774 3934 855 3995 είς
909 3933 1209 4004 ὀρθὸτομον
1290 3935 1474 3988 πίστιν
1534 3937 1629 3989 καὶ
1677 3938 2040 4008 ἀνυπόκριτον

455 4023 735 4091 μετάγων,
757 4024 878 4077 οὐδὲ
910 4025 1072 4094 μέχρι
1109 4025 1204 4077 τοῦ
1239 4025 1333 4078 νῦν
1354 4028 1381 4079 ό
1412 4026 1711 4096 θαυμάσιος
1746 4028 2034 4083 διαλείπει.

449 4112 691 4181 Λέγεται
721 4114 852 4185 γὰρ,
875 4115 903 4167 δ
920 4118 1013 4170 καὶ
1033 4115 1307 4186 ὁρώμενον
1334 4117 1669 4180 πιστεύεται,
1690 4118 1772 4170 ὅτι
1803 4119 2039 4193 ἑκάστης

449 4204 545 4256 τοῦ
601 4206 853 4259 ἐνιαυτοῦ
902 4206 1244 4277 περιτροπῆς
1288 4207 1388 4277 τὴν
1437 4207 1531 4259 τοῦ
1588 4208 1747 4275 ἁγίου
1816 4210 2040 4279 μνήμην

450 4295 795 4367 ἐπαγούσης,
842 4296 1027 4366 δέησις
1059 4297 1191 4367 περὶ
1240 4298 1333 4350 τὸν
1385 4297 1527 4366 ίερὸν
1575 4299 1766 4367 τάφον,
1811 4300 1915 4352 ὑπὸ
1944 4300 2038 4353 τοῦ

452 4386 603 4456 ἱεροῦ
635 4380 838 4452 παντὸς
893 4389 1275 4459 ἀναπέμπεται
1338 4388 1468 4441 λαοῦ
1492 4405 1506 4420 ο
1540 4389 1693 4458 ἄφνω
1725 4390 1781 4443 δὲ
1819 4390 1947 4461 χοῦς
1981 4392 2038 4445 ὲν

448 4479 568 4549 ἤχῳ
596 4480 709 4533 τινὶ
741 4480 875 4549 ξένῳ
936 4481 1032 4534 καὶ
1063 4481 1354 4551 ῥοιζήματι
1386 4482 1692 4551 πνεύματος
1730 4484 1794 4535 ἐκ
1819 4483 1911 4535 τοῦ
1941 4482 2038 4553 βά-

2153 636 2361 709 ειοτίιε,
2390 637 2538 691 nulla
2566 640 2855 693 verborum
2881 639 2931 694 vi
2961 639 3268 710 explicabili
3314 637 3536 709 gaudio,
3568 652 3729 693 acce-

2152 726 2390 791 dentem,
2424 726 2584 796 eique
2630 728 3050 798 religiosissimo
3082 728 3270 783 habitu
3325 728 3533 782 cultum
3572 725 3731 782 adhi-

2153 817 2391 885 bentem,
2439 829 2602 890 atque
2659 821 3089 890 incorruptionis
3136 835 3395 875 coronam
3448 818 3729 874 Dominica

2151 911 2374 967 dextera
2409 902 2822 980 suscipientem.
2863 910 3013 966 lianc
3057 911 3364 967 cmlestium
3394 919 3725 981 potestatum

2152 1014 2361 1059 mentes
2392 1019 2582 1058 omnes
2619 1003 3001 1069 laudaverunt,
3045 1019 3109 1058 ae
3151 1004 3296 1058 velut
3346 1002 3588 1058 victurize
3618 1011 3730 1058 tro-

2150 1110 2287 1165 paea,
2316 1105 2411 1149 aut
2440 1094 2720 1149 Christum
2772 1094 3056 1161 ferentem,
3088 1094 3203 1149 suis
3225 1093 3579 1150 domesticam
3619 1110 3731 1150 caa-

2152 1186 2299 1240 tibus
2332 1186 2665 1240 asciverunt.
2697 1186 2849 1240 Hanc
2878 1194 2932 1240 et
2964 1184 3217 1254 apostoli,
3252 1201 3372 1255 quae
3412 1185 3728 1255 apostolicis

2152 1274 2937 1356 praeclarissime.mu'neribus
2982 1276 3147 1330 vitam
3206 1276 3397 1345 egerit,
3471 1275 3767 1346 placidis-’

2150 1367 2289 1423 sime
2334 1367 2666 1435 accipientes
2704 1367 2979 1437 complexi
3009 1376 3158 1423 sunt.
3212 1368 3363 1424 Sacri
3422 1378 3727 1441 martyrum

2149 1459 2329 1522 chori,
2376 1457 2526 1512 velut
2582 1458 2860 1528 proprium
2913 1458 3156 1528 ipsorum
3211 1460 3517 1515 membrum
3575 1462 3729 1516 reci-

2150 1552 2362 1622 pientes
2413 1551 2899 1620 membrorumque
2927 1552 3349 1617 nobilissimum,
3403 1568 3469 1608 ac
3509 1554 3611 1607 sibi
3648 1554 3730 1622 ip-

2149 1644 2228 1699 sis
2263 1642 2458 1713 Spiritu
2487 1641 2886 1697 concinnantes
2912 1657 2975 1697 ac
3003 1643 3432 1704 committentes,
3477 1642 3725 1711 ejusdem

2148 1735 2354 1788 sociam
2387 1734 2573 1804 gloriae
2605 1748 2670 1788 ac
2695 1734 3049 1789 beatitudinis
3095 1735 3147 1788 in
3193 1749 3366 1789 aevum
3400 1734 3542 1791 nacti
3578 1744 3725 1789 sunt.

2151 1825 2337 1896 Neque
2370 1825 2427 1879 id
2470 1825 2654 1891 modo,
2701 1826 2796 1880 sed
2834 1834 2888 1880 et
2936 1827 3328 1895 pr0pbetarum
3380 1832 3731 1883 sanctorumv

2146 1935 2253 1989 que
2286 1918 2530 1975 omnium
2560 1918 2716 1974 chori
2760 1918 2910 1973 velut
2939 1919 3088 1988 paris
3116 1919 3226 1974 illis
3259 1919 3570 1975 sanctitatis
3595 1933 3723 1989 gra-

2147 2011 2238 2065 tiis
2271 2011 2473 2066 eximie
2527 2020 2743 2065 auctam
2787 2012 3215 2081 conspicientes,
3273 2011 3395 2080 ejus
3448 2012 3515 2066 ad
3564 2010 3730 2064 Chri-

2147 2112 2291 2156 stum
2327 2102 2659 2157 solutionem
2695 2117 2760 2156 ac
2785 2102 3226 2171 emigrationem,
3257 2101 3465 2157 claram
3491 2102 3729 2156 maxime

2147 2194 2656 2265 divinissimamque
2703 2192 3049 2249 festivitatem
3104 2209 3169 2249 ac
3222 2192 3516 2263 tripudium
3583 2194 3726 2249 cele-

2148 2285 2397 2341 brarunt.
2894 2350 2895 2353 η

2216 2378 2307 2432 2!.
2340 2378 2398 2432 in
2425 2378 2571 2434 hunc
2602 2379 2785 2449 itaque
2812 2377 3037 2432 modum
3076 2385 3157 2432 ter
3188 2376 3348 2432 beata
3397 2375 3580 2430 anima
3613 2390 3730 2430 coe-

2147 2469 2300 2525 lestis
2352 2470 2533 2525 Patris
2577 2471 2896 2526 mansiones
2942 2469 3209 2538 sedesque
3248 2467 3643 2537 consequitur:
3674 2475 3730 2520 at

2147 2577 2324 2632 neque
2352 2577 2569 2616 sacrum
2602 2563 2732 2617 illud
2789 2577 2853 2615 ac
2899 2561 3232 2629 triumphale
3288 2560 3726 2621 tabernaculum,

2146 2655 2227 2709 vel
2260 2655 2340 2710 sic
2372 2654 2425 2708 in
2456 2664 2655 2708 terram
2683 2654 2887 2709 cadens
2914 2664 3156 2720 spretum
3183 2662 3285 2717 est,
3317 2654 3401 2706 vel
3433 2654 3545 2720 pari
3580 2667 3727 2705 mar-

2146 2747 2354 2818 tyribus
2388 2747 2610 2816 reliquis
2631 2748 2836 2801 honore
2865 2746 3176 2801 decoratum
3212 2764 3224 2799 :
3266 2745 3358 2802 sed
3388 2744 3529 2800 sicut
3558 2745 3729 2811 majo-

2144 2840 2297 2893 ribus
2349 2837 2608 2908 prodigiis
2658 2837 3113 2907 uberioribusque
3181 2835 3476 2889 sanitatum
3537 2836 3727 2906 gratiis

2143 2928 2343 2984 Christi
2378 2944 2602 2983 munere
2629 2928 2980 2982 honestatum
3011 2936 3113 2991 est,
3150 2928 3230 2981 sic
3258 2936 3311 2981 et
3345 2926 3602 2980 humanis
3627 2926 3724 2980 lm-

2146 3021 2372 3075 noribus
2396 3035 2459 3075 ac
2507 3020 2809 3089 obsequiis,
2856 3020 3069 3073 cunctis
3121 3018 3232 3072 fere
3266 3018 3500 3071 victoria
3552 3018 3724 3088 incly—

2146 3120 2321 3166 torum
2370 3123 2666 3182 martyrum
2721 3111 3045 3181 corporibus
3092 3109 3288 3178 majori
3343 3110 3513 3178 gloria
3598 3110 3724 3161 illu-

2145 3203 2314 3258 strius
2371 3204 2640 3257 habitum.
2673 3205 2751 3257 Ac
2805 3211 2919 3255 tum
2967 3201 3186 3270 quidem
3234 3200 3343 3254 illic
3400 3200 3499 3254 loci
3558 3214 3727 3269 prope

2144 3294 2415 3348 civitatem
2442 3302 2661 3364 aggesto
2696 3292 2909 3350 tumulo
2936 3293 3210 3362 pretiosus
3247 3290 3542 3346 thesaurus
3590 3290 3724 3345 ﬁde-

2147 3386 2273 3440 lium
2329 3386 2583 3440 manibus
2619 3385 2922 3439 honoriﬁce
2977 3383 3235 3439 conditus
3285 3393 3370 3438 est
3403 3401 3415 3433 :
3451 3399 3516 3438 ac
3545 3398 3724 3453 quan-

2143 3491 2307 3545 quam
2343 3476 2676 3540 inarcessus,
2721 3475 2967 3544 nullique
2991 3489 3057 3529 eo
3081 3489 3147 3529 ex
3193 3482 3437 3541 tempore
3486 3488 3546 3527 re
3593 3488 3728 3528 con-

2144 3578 2368 3637 spectus
2400 3576 2503 3629 est,
2560 3582 2656 3636 per
2701 3566 2824 3636 ejus
2886 3574 3069 3620 tamen
3124 3565 3456 3621 mirabilium
3497 3580 3723 3636 operum

2152 3658 2391 3713 beneﬁca
2451 3672 2681 3712 munera
2759 3658 2903 3712 baud
2956 3656 3075 3713 ﬁeri
3126 3666 3344 3727 poterat
3400 3665 3461 3711 ut
3513 3658 3724 3711 lateret.

2151 3750 2292 3816 Quin
2333 3750 2556 3820 jugibus
2591 3750 2977 3820 contentisque
3031 3750 3531 3820 supplicationibus
3575 3748 3724 3804 intus

2152 3842 2438 3896 Dominum
2505 3853 2715 3913 martyr
2770 3843 3120 3912 triumphalis
3180 3844 3429 3912 placans,
3479 3841 3727 3913 ferisque

2146 3934 2198 3988 in
2222 3935 2454 4004 sepulcri
2479 3935 2743 3989 memoria
2778 3936 3076 3993 sanitatum
3116 3951 3346 3989 munere
3371 3951 3721 4005 permovens,

2146 4025 2341 4094 bisque
2368 4026 2496 4081 olim
2532 4042 2685 4079 suam
2721 4026 2999 4079 civitatem
3052 4026 3121 4079 ab
3168 4025 3487 4080 inﬁdelitate
3538 4026 3605 4080 ad
3648 4041 3727 4081 re-

2145 4124 2290 4170 ctam
2343 4117 2729 4186 sinceramque
2773 4115 2933 4169 ﬁdem
2982 4115 3288 4180 traducere,
3347 4116 3726 4185 bactenusque

2144 4208 2227 4260 vir
2257 4206 2614 4261 admirandus
2657 4220 2765 4260 non
2795 4214 3000 4262 cessat.
3030 4208 3201 4261 Aiunt
3228 4207 3376 4262 enim
3408 4208 3524 4280 (cui
3561 4210 3636 4264 rei
3669 4218 3726 4265 et

2141 4297 2253 4368 ipse
2280 4298 2429 4354 visus
2480 4308 2699 4368 przcstat
2736 4298 2925 4368 ﬁdem)
2987 4307 3233 4355 vertente
3316 4302 3445 4356 anni
3520 4314 3725 4374 tempe-

2140 4392 2299 4449 state,
2335 4400 2442 4454 qua
2475 4387 2596 4455 ejus
2635 4386 2869 4441 celebris
2922 4388 3185 4442 memoria
3238 4389 3440 4459 agitur,
3494 4400 3725 4446 sacrata:

2142 4477 2319 4547 plebis
2355 4479 2501 4533 circa
2543 4494 2763 4533 sacrum
2799 4482 3071 4536 tumulum
3119 4483 3527 4550 obsecratione,
3565 4484 3724 4539 dere—

448 4571 579 4634 θους
611 4571 861 4625 κάτωθεν
921 4573 1227 4626 ἀναδίδοται
1282 4572 1315 4644 ἢ
1374 4573 1815 4644 ἀναρριπίζεται,
1862 4574 2034 4640 οὕτως

2145 4578 2302 4637 pente
2334 4569 2558 4625 insolito
2588 4572 2827 4641 quodam
2854 4574 3060 4640 sonitu,
3086 4575 3359 4645 ﬂatusque
3382 4576 3619 4631 stridore
3651 4592 3723 4633 ex

451 4661 705 4732 σφοδρῶς
725 4664 1134 4733 ὲκφυσώμενος,
1166 4663 1241 4726 ὡς
1279 4665 1373 4717 καὶ
1418 4665 1545 4727 τοὺς
1592 4666 1719 4735 περὶ
1746 4667 1835 4719 τὸν
1863 4667 2034 4736 τάφον

446 4753 776 4819 καιομένους
795 4753 1145 4824 λαμπτῆρας,
1163 4757 1227 4824 τῇ
1256 4755 1510 4827 ἐπιπνοίᾳ
1542 4756 2033 4811 κατασὸέννυσθαιο

446 4842 584 4894 αὐτὸ
612 4841 671 4893 δὲ
703 4842 762 4893 τὸ
787 4842 884 4894 τοῦ
928 4843 1101 4910 τάφου
1159 4842 1354 4913 στόμα,
1396 4843 1490 4896 καὶ
1519 4843 1616 4913 τὴν
1650 4844 2034 4900 καλύπτουσαν

445 4932 852 5003 λαρνακοειδῶς
898 4932 1231 5003 οἰκοδομίαν,
1273 4934 1555 5003 ἀνάμεστα
1582 4935 1676 4987 τοῦ
1706 4935 1853 5007 ἱεροῦ
1884 4939 2031 5007 χοὸς,

444 5025 540 5077 καὶ
595 5025 699 5094 τῆς
746 5012 944 5095 ’τιμίας
983 5025 1188 5093 ταύτης
1235 5026 1420 5089 κονίας
1473 5026 1676 5092 εὐθέως
1713 5030 2029 5085 ἀποδείκνυο

444 5110 592 5162 σθαι.

513 5199 622 5270 κβ’.
657 5201 846 5266 ’Ἄξιον
887 5204 981 5254 καὶ
1016 5202 1172 5256 τοῦτο
1211 5206 1277 5274 τῇ
1322 5205 1538 5276 ἱστορίᾳ⁵
1563 5208 1927 5279 παραδοῦναι,
1954 5210 2030 5275 ὡς

441 5293 502 5344 0-3
546 5293 660 5363 πρὸ
707 5293 922 5347 πολλῶν
976 5294 1185 5348 τούτων
1237 5296 1393 5360 ἑτῶν,
1445 5299 1544 5367 τῆς
1586 5300 1804 5369 ἐτησίου
1844 5302 2031 5366 κονίας

442 5383 957 5454 ἀναδραττομένης,
988 5385 1084 5438 καὶ
1108 5386 1200 5437 τὸν
1232 5386 1407 5456 μέγαν
1438 5388 1532 5457 τῆς
1565 5389 1745 5460 χειρὸς
1769 5390 2030 5447 δάκτυλον

441 5475 539 5529 τοῦ
597 5476 925 5547 θαυμαστοῦ
989 5480 1283 5551 Μάρτυρος
1336 5480 1580 5534 κάτωθεν
1628 5485 2028 5555 συναναὸῆναι,

512 5704 630 5780 (12)
667 5703 961 5780 ldemufere
983 5706 1315 5780 miraculum
1348 5718 1601 5780 narratur
1651 5709 1719 5765 de
1775 5711 2029 5780 sepulcro

441 5775 500 5831 S.
539 5775 858 5845 Raytnundi
884 5776 951 5845 de
982 5773 1315 5843 Pegnaforti,
1343 5779 1418 5831 uti
1445 5779 1649 5837 dictum
1677 5790 1759 5837 est
1787 5773 1854 5838 ad
1883 5784 2025 5840 diem

444 5847 474 5899 7
514 5844 769 5901 Januarii
800 5845 854 5899 in
878 5844 994 5915 ejus
1027 5846 1197 5914 Actis,
1222 5863 1342 5917 cap.
1381 5850 1435 5905 8.

2138 4658 2266 4712 imis
2300 4673 2519 4717 sursum
2550 4663 2825 4728 pulverem
2851 4678 3139 4734 erumpere
3168 4664 3283 4733 (12)
3317 4680 3413 4720 seu
3445 4664 3720 4720 exsuﬁlari

2140 4758 2288 4803 tanta
2315 4750 2680 4816 vehementia,
2716 4762 2776 4807 ut
2822 4765 2874 4808 et
2924 4756 3137 4810 tumqu
3165 4756 3591 4827 circumpositas
3633 4771 3724 4811 ac-

2138 4856 2331 4897 censas
2381 4842 2530 4899 faces
2580 4846 2876 4912 spiratione
2903 4850 3255 4919 exstinguat;
3294 4851 3588 4921 ipsumque
3634 4861 3720 4906 tu-

2137 4932 2270 4987 muli
2304 4948 2390 4998 os,
2420 4950 2684 5005 urureque
2708 4937 2761 4990 in
2796 4938 3020 4993 modum
3044 4941 3388 5010 operientem
3424 4941 3716 5007 fabricam,

2137 5038 2298 5079 sacro
2336 5026 2556 5094 pulvere
2581 5029 2934 5100 pretiosoque
2978 5031 3163 5087 cinere
3204 5032 3494 5089 confestim
3538 5034 3717 5089 adim-

2134 5118 2300 5190 plcat.

2202 5211 2292 5264 2‘2.
2341 5212 2568 5283 Dignum
2598 5229 2727 5269 vero
2772 5222 2827 5269 et
2890 5216 3035 5271 istud
3083 5218 3483 5273 commentario
3538 5218 3721 5274 consi-

2133 5318 2339 5373 gnare;
2372 5313 2497 5358 ante
2522 5304 2789 5359 nimirum
2826 5321 2936 5362 non
2987 5309 3188 5363 multos
3236 5309 3340 5364 hos
3368 5325 3545 5364 annos
3577 5310 3715 5379 (15),

2133 5411 2320 5451 annuo
2376 5397 2600 5466 pulvere
2645 5410 2968 5468 erumpente
3019 5417 3085 5457 ac
3128 5402 3446 5467 ebulliente,
3511 5402 3718 5457 dextra:

2134 5503 2354 5558 quoque
2384 5487 2688 5546 admirandi
2714 5493 2973 5564 martyris
3025 5493 3290 5564 majorem
3340 5493 3570 5565 digitum
3609 5507 3716 5547 una

2208 5716 2319 5789 (l3)
2352 5714 2491 5772 Hinc
2545 5724 2712 5789 patet,
2755 5715 2963 5775 cultum
3006 5716 3129 5788 ejus
3190 5711 3498 5771 Amastride
3538 5710 3716 5769 adhuc

2135 5786 2391 5847 ﬂoruiSSe
2425 5787 2625 5847 saeculo
2658 5802 2825 5845 nono.
