4092 6662
290 406 397 474 439

1493 418 1786 480 NICET/E
1825 421 2354 485 PAPHLAGONIS

3440 430 3547 494 440

295 521 632 585 ascendisse,
671 522 741 576 ita
773 522 1045 593 integrum
1072 541 1399 597 sanumque,
1448 542 1511 581 ac
1559 528 1604 582 si
1656 527 1870 581 viteute

1998 530 2143 594 ﬁrm;
2173 534 2360 602 ἄρτιον
2391 532 2485 587 καὶ
2509 534 2824 606 ὁλόκληρον,
2856 534 2931 599 ὡς
2967 537 3092 608 ἄρτι
3117 536 3218 606 τῆς
3247 538 3415 592 αὐτοῦ
3445 540 3558 604 ζώ-

291 628 483 667 rucens
510 613 729 667 dextera
758 622 1069 683 amputatus
1095 626 1261 670 esset.
1290 614 1381 670 Sic
1409 631 1535 669 vero
1558 616 1871 672 ascendisse

291 705 549 768 arbitror,
589 714 645 758 ιιι
677 705 849 759 sancti
885 721 950 760 eo
992 707 1111 762 loco
1164 707 1474 777 corpusculi
1515 707 1875 776 depositionis

292 795 578 849 certiorem
649 796 850 851 faceret
900 798 1081 865 fidem,
1141 809 1193 853 et
1243 798 1311 853 ad
1366 799 1549 867 templi
1613 798 1875 854 fabricam

294 887 480 941 lideles
529 888 815 942 animaret.
881 887 925 942 Ο
972 899 1216 945 sanctum
1270 891 1545 960 pulverem
1596 891 1647 944 in
1697 892 1873 947 sancti

294 980 521 1048 pulvere
566 979 832 1034 imbutmn
864 982 1175 1040 sanctitate.
1221 983 1313 1052 qui
1371 983 1628 1037 universo
1676 984 1880 1054 populo

298 1070 670 1135 distribuat-is,
723 1072 953 1142 parique
995 1087 1121 1126 eum
1162 1084 1353 1129 sancto
1398 1089 1628 1144 corpore
1681 1076 1882 1130 virtute

296 1163 540 1233 polleas!
596 1163 640 1219 Ο
698 1165 910 1235 pulvis,
979 1175 1171 1220 natura
1233 1167 1449 1235 quidem
1504 1178 1776 1230 terrenus,
1828 1175 1884 1221 at

298 1255 535 1310 cmlestis
570 1255 768 1311 virtute
818 1266 979 1326 atque
1025 1258 1308 1327 potentia!
1365 1257 1547 1314 Pulvis
1597 1259 1880 1322 nimirum,

298 1366 534 1418 maunzr,
588 1352 731 1420 quod
766 1350 896 1406 olim
944 1367 974 1405 e
1016 1352 1155 1406 ccelo
1182 1352 1424 1421 pluebat‘,
1457 1351 1629 1421 gratia
1658 1365 1881 1406 venera-

298 1442 495 1507 bilior,
556 1445 920 1499 sanctimonia
975 1444 1311 1517 religiosior,
1370 1446 1567 1501 virtute
1613 1444 1885 1515 potentior

298 1538 697 1607 ellicaeiorque.
740 1535 874 1590 Nam
908 1536 1039 1591 illud
1079 1538 1298 1607 quidem
1344 1538 1409 1591 ad
1432 1538 1622 1593 alenda
1654 1550 1884 1606 corpora

301 1645 365 1683 ac
393 1627 767 1685 conservanda
796 1628 936 1684 coelo
967 1629 1181 1699 pluehat
1209 1645 1225 1694 ;
1274 1630 1362 1683 hic
1389 1644 1538 1695 vero,
1574 1644 1681 1684 non
1709 1628 1885 1683 solum

301 1722 368 1775 ad
425 1736 657 1792 corpora
724 1722 786 1791 (a
838 1719 1058 1790 frigoris
1111 1721 1346 1776 maxime
1403 1730 1680 1790 aestusque
1727 1718 1887 1788 tabe)

302 1814 571 1876 curanda,
631 1829 817 1867 verum
875 1814 1041 1868 etiam
1105 1814 1169 1868 ad
1233 1813 1605 1869 abundantem
1686 1810 1891 1867 animis

304 1904 616 1957 ﬁrmitatem
650 1903 1011 1971 praestandam
1040 1916 1104 1956 ac
1134 1901 1581 1961 illustrationem.

373 1992 464 2047 25.
507 1995 594 2058 At,
653 2009 685 2047 0
740 2000 1045 2063 martyrum
1094 1992 1341 2045 onmium
1390 1994 1559 2050 decus
1603 1994 1888 2067 inclytum,

307 2084 544 2137 fidelium
596 2082 852 2153 gloriatio
896 2081 1262 2151 eoutritioque
1287 2082 1626 2139 infidelium!
1659 2085 1702 2141 Ο
1730 2102 1892 2143 vene-

304 2174 489 2226 randae
519 2173 709 2243 patria:
742 2172 883 2226 bona
925 2170 1110 2241 stirps,
1180 2171 1288 2225 imo
1319 2187 1449 2226 vero
1481 2173 1647 2243 stirps
1676 2182 1888 2239 sancta,

306 2282 409 2319 suo
440 2281 666 2319 munere
700 2278 924 2334 pravam
956 2263 1188 2335 patriam
1233 2263 1287 2317 in
1316 2263 1615 2318 bonitatem
1651 2274 1889 2330 vertens,

306 2360 693 2430 impuramque
726 2367 935 2413 castam
974 2356 1208 2411 reddens
1248 2372 1312 2411 ae
1346 2367 1615 2424 sanetam,
1659 2357 1893 2413 inhono-

307 2466 534 2520 ramque
566 2451 883 2505 honorans!
920 2447 1099 2519 Stirps
1135 2448 1372 2519 pretiosa
1398 2449 1747 2520 ccelestisque
1791 2448 1893 2504 Pa-

313 2543 415 2595 tris
468 2542 544 2596 tui
597 2557 727 2597 vere
768 2541 1107 2612 plantatione
1136 2540 1321 2612 digna,
1362 2542 1515 2610 quasi
1550 2541 1748 2611 palma,
1776 2540 1888 2611 jugi

307 2635 571 2688 virtutum
626 2632 760 2688 flore
822 2647 1078 2697 vernans,
1143 2646 1207 2686 ac
1266 2631 1426 2703 quasi
1486 2632 1681 2687 cedrus
1735 2647 1892 2686 secus

308 2740 515 2793 aquas,
574 2723 803 2778 infinitis
862 2723 1159 2778 Sanitatum
1222 2720 1492 2778 fructibus
1537 2722 1887 2777 exuberans!

308 2814 355 2869 Ο
403 2816 541 2884 lapis
592 2814 830 2885 pretiose
886 2829 1122 2883 vereque
1169 2830 1389 2869 summo
1440 2814 1684 2885 angulari
1734 2815 1894 2885 digne

310 2906 523 2979 lapide!
576 2906 755 2977 Lapis,
815 2906 902 2960 cui
965 2922 1161 2961 nomen
1214 2922 1338 2960 cum
1391 2904 1697 2977 Hyacinthe
1745 2920 1895 2959 com-

310 3014 480 3053 mune
511 2998 657 3067 (li);
696 2998 807 3063 illo,
844 2998 1093 3066 inquam,
1131 2996 1457 3069 Hyacinthe,
1495 2998 1586 3069 qui
1639 2996 1890 3050 undecim

312 3090 565 3160 pretiosis
617 3090 911 3161 lapidibus,
960 3090 1216 3160 utrinque
1245 3090 1438 3144 ordine
1494 3090 1738 3159 digestis,
1798 3103 1896 3142 an-

316 3198 512 3245 nexus,
545 3182 747 3237 summi
776 3181 1052 3252 pontificis
1090 3182 1355 3236 rationale
1385 3182 1579 3251 judicii
1604 3196 1707 3237 una
1740 3196 1892 3234 com-

315 3274 503 3343 ponitl
542 3273 703 3342 Lapis
736 3282 946 3338 sancte,
968 3273 1059 3343 qui
1084 3273 1240 3342 juxta
1275 3271 1467 3326 Isaiam
1504 3287 1666 3341 super
1695 3279 1893 3326 terram
1926 3256 1969 3314 C

315 3365 571 3431 volvaris,
599 3364 927 3418 Amastridis
953 3379 1144 3418 murus
1191 3364 1503 3431 vallumque
1530 3381 1545 3429 ;
1581 3363 1693 3417 sive
1720 3362 1900 3431 potius

317 3458 485 3511 turris
515 3471 850 3525 coronaque,
879 3470 1071 3508 omnes
1104 3454 1342 3508 hostium
1367 3453 1646 3523 capiendis
1673 3451 1901 3508 urbibus

320 3547 626 3610 machinas,
656 3546 875 3610 arietes,
910 3545 1240 3614 catapultas,
1271 3546 1497 3599 halislas
1529 3545 1743 3613 aliaque
1772 3558 1900 3614 pro-

319 3637 565 3707 pellens!
600 3637 1011 3709 Papblagonum
1054 3640 1161 3694 alta
1199 3639 1508 3693 sublimitas
1552 3638 1901 3705 eximiusque

318 3732 504 3794 decor.
543 3731 756 3801 imperii
787 3746 1010 3799 corona,
1050 3730 1340 3786 sacerdotii
1373 3732 1492 3787 laus
1520 3746 1584 3784 ac
1625 3728 1898 3801 gloriatio,

321 3832 660 3890 nostrorum,
693 3839 900 3894 quaeso,
964 3824 1125 3878 etiam
1180 3824 1459 3895 suscipere
1508 3822 1747 3893 digneris
1787 3836 1903 3877 ser-

322 3930 545 3969 monum
581 3915 887 3988 primitias;
941 3931 1001 3971 ac
1030 3915 1109 3970 vel
1144 3916 1188 3970 si
1235 3915 1371 3969 nihil
1404 3925 1494 3969 tua
1528 3916 1750 3985 dignum
1785 3930 1901 3968 ma-

318 4006 631 4078 guiﬁcentia
688 4008 1002 4078 exhibeant,
1050 4023 1277 4080 prorsus
1325 4014 1504 4061 tamen
1563 4006 1657 4060 tibi
1697 4006 1903 4060 charis-

320 4097 513 4163 simas,
542 4096 688 4166 quod
716 4113 745 4151 e
772 4097 976 4152 vieinio
1000 4096 1209 4151 fructus
1241 4097 1531 4151 exsistant.
1558 4096 1635 4147 Ae
1675 4095 1901 4162 reliquis

320 4189 559 4257 quidem,
596 4205 718 4260 qua:
769 4187 874 4244 illis
922 4190 1071 4259 prius
1110 4203 1139 4241 a
1191 4202 1408 4243 summo
1455 4185 1696 4240 omnium
1756 4185 1901 4257 Rege

321 4290 576 4350 precatus
609 4295 691 4348 es,
721 4290 976 4351 prmstare
1038 4281 1151 4349 ipse
1211 4294 1278 4334 ne
1321 4277 1643 4342 cessaveris,
1705 4276 1902 4347 quippe

322 4371 409 4425 cui
464 4370 696 4428 facultas
759 4387 870 4426 non
930 4370 1090 4434 desit,
1154 4386 1319 4440 quam
1385 4368 1513 4425 inde
1574 4368 1898 4436 acceperis:

326 4462 517 4518 vicinis
544 4474 721 4519 autem
759 4474 925 4535 atque
964 4463 1200 4526 civibus,
1244 4462 1320 4515 uti
1365 4464 1537 4533 magis
1571 4462 1663 4516 tibi
1708 4460 1812 4515 ﬁde
1840 4475 1903 4515 ac

323 4555 587 4609 eharitate
638 4556 930 4619 consertis,
963 4555 1227 4622 majorem
1283 4553 1555 4607 bonorum
1590 4552 1681 4607 Dei
1714 4566 1903 4615 mune-

327 4659 445 4698 rum
499 4644 707 4715 copiam
774 4645 1155 4709 subministra,
1216 4644 1268 4697 in
1321 4644 1498 4699 Patris
1558 4654 1611 4699 et
1667 4641 1787 4698 Filii
1847 4650 1900 4699 et

327 4734 559 4803 Spiritus
613 4737 785 4790 sancti
838 4737 1096 4808 gloriam,
1157 4737 1212 4790 in
1280 4736 1475 4791 szeeula
1545 4737 1893 4791 Steculorum.

322 4825 514 4880 Amen.

1922 1896 1969 1955 B

1978 639 2077 695 σης
2108 624 2476 694 ἀφαιρεθέντα
2506 626 2684 691 δεξιᾶς
2704 644 2719 657 ·
2746 628 2913 697 ἀνέϐη
2929 629 3005 694 δὲ,
3043 629 3227 683 πίστιν
3257 647 3316 684 τε
3337 670 3351 693 ,
3382 627 3559 700 οἶμαι,

1976 712 2314 785 τελειοτέραν
2352 718 2745 787 παρεχόμενος,
2804 721 2905 788 τῆς
2955 720 3205 773 ἐνταυθοῖ
3242 720 3339 774 τοῦ
3380 721 3560 791 Ἀγίου

1980 807 2351 876 καταθέσεως,
2386 811 2481 863 καὶ
2524 811 2663 879 πρὸς
2713 812 2811 881 τὴν
2843 811 2939 867 τοῦ
2964 812 3095 865 ναοῦ
3125 813 3407 883 διεγείρων
3436 816 3563 877 τοὺς

1982 898 2206 961 πιστοὺς
2239 898 2689 971 κατασκευήν.Ὦ
2716 902 2843 971 χούς
2863 904 3037 971 ἅγιος,
3059 907 3116 958 ἐν
3145 904 3224 976 τῷ
3246 904 3343 959 τοῦ
3378 904 3561 972 Ἀγίου

1983 988 2346 1059 ἀγιαζόμενος
2395 990 2499 1062 χοῖ,
2551 994 2644 1045 καὶ
2695 994 2858 1047 παντὶΙ
2904 995 2982 1064 τῷ
3020 995 3135 1067 λαῷ
3165 996 3560 1065 διαδιδόμενος,

1984 1083 2075 1136 καὶ
2104 1082 2182 1152 τῷ
2223 1085 2362 1154 ἁγίῳ
2390 1085 2479 1139 ίσα
2511 1084 2726 1155 σώματι
2745 1084 3252 1156 δυναμούμενος.Ὦ
3283 1088 3434 1158 χοῦς,
3465 1088 3564 1159 τὴν

1985 1174 2146 1246 φύσιν
2178 1175 2277 1245 μὲν
2300 1178 2503 1247 χοϊκὸς,
2536 1178 2786 1250 οὐράνιος
2810 1180 2866 1232 δὲ
2900 1179 2997 1248 τὴν
3012 1179 3262 1251 δύναμιν·
3297 1182 3447 1251 χοῦς,
3470 1180 3565 1235 τοῦ

1984 1267 2212 1340 ούρανοῦ
2240 1268 2432 1338 πρώην
2460 1269 2689 1339 ὑομένου
2724 1269 2901 1339 μάννα
2941 1270 3036 1341 τὴν
3069 1271 3232 1341 χάριν
3271 1272 3568 1341 αἰδεσιμώ-

1984 1360 2171 1429 τεροςῐ
2224 1359 2314 1413 τὸν
2358 1361 2634 1431 ἁγιασμὸν
2683 1361 3144 1436 σεῦασμιώτερος,
3194 1364 3295 1435 τὴν
3336 1364 3568 1433 δύναμιν

1985 1451 2426 1523 δραστικώτερος
2451 1468 2465 1482 °
2512 1453 2573 1506 τὸ
2604 1452 2702 1524 μὲν
2728 1453 2837 1525 γὰρ
2883 1456 2963 1519 είς
2999 1455 3267 1525 σωμάτων
3288 1455 3414 1509 ὕετο
3444 1456 3570 1527 θρέ-

1986 1542 2080 1611 ψιν
2138 1560 2197 1596 τε
2245 1544 2342 1597 καὶ
2396 1544 2767 1617 συντήρησιν·
2805 1546 2834 1598 ὁ
2871 1545 2951 1608 δὲ,
3018 1548 3118 1600 οὐκ
3161 1549 3241 1609 είς
3301 1530 3570 1615 σωμάτων

1991 1635 2290 1708 θεραπείαν
2342 1636 2526 1709 μόνον,
2561 1638 2767 1708 ψύχους
2787 1656 2847 1692 τε
2880 1639 3115 1708 μάλιστα
3162 1639 3256 1692 καὶ
3289 1639 3573 1703 καύσωνος

1994 1724 2311 1797 μαρασμοῦ,
2364 1726 2501 1780 ἀλλά
2540 1729 2637 1781 καὶ
2691 1730 2771 1792 είς
2811 1728 3013 1800 διαρκῆ
3054 1727 3242 1798 ψυχῶν
3268 1728 3572 1799 στηριγμὸν

1994 1820 2091 1875 καὶ
2126 1823 2429 1888 φωτισμόν.

2072 1994 2177 2064 κγ’.
2211 1994 2374 2059 Ἀλλ’,
2406 1987 2451 2051 ὦ
2486 1994 2705 2051 πάντων
2740 1995 3033 2066 μαρτύρων
3058 1994 3335 2065 ὠράῖσμα,
3370 1994 3576 2048 πιστῶν

1998 2086 2054 2141 δὲ
2087 2084 2423 2154 ἀγαλλίαμα,
2459 2084 2707 2140 ἀπίστων
2757 2084 2813 2136 δὲ
2854 2083 3170 2156 σύντριμμα
3196 2101 3208 2113 ·
3237 2078 3281 2137 ὦ
3317 2085 3578 2154 πατρίδος

2003 2177 2206 2247 σεμνῆς
2254 2176 2456 2243 ἀγαθὸν
2510 2176 2709 2247 φυτόν·
2745 2176 3032 2245 μᾶλλονδὲ
3073 2176 3237 2244 φυτὸν
3272 2175 3448 2244 ἅγιον,
3477 2176 3578 2245 τὴν

2000 2267 2245 2339 πονηρὰν
2305 2266 2579 2335 ἀγαθύναν
2632 2267 2700 2319 δι’
2779 2264 2974 2319 ἑαυτοῦ
3021 2266 3275 2329 πατρίδα,
3330 2266 3427 2320 καὶ
3480 2265 3577 2330 τὴν

2000 2360 2233 2428 ἄναγνον
2287 2359 2539 2427 ἁγνίσαν,
2572 2359 2667 2413 καὶ
2707 2358 2807 2429 τὴν
2854 2360 3047 2429 ἄτιμον
3095 2360 3338 2429 τιμῆσαν
3362 2375 3379 2427 ’ἰ
3410 2358 3579 2427 φυτὸν

2000 2447 2202 2518 τίμιον,
2229 2448 2324 2499 καὶ
2356 2448 2454 2517 τῆς
2477 2445 2571 2499 τοῦ
2606 2449 2818 2518 Πατρός
2841 2465 2934 2503 σου
2973 2449 3066 2502 τοῦ
3094 2450 3150 2503 ἐν
3187 2452 3299 2511 τοῖς
3326 2450 3579 2518 οὐρανοῖς

2002 2539 2224 2609 φυτείας
2272 2538 2490 2609 ἀληθῶς
2547 2539 2721 2605 ἀξιον,
2754 2540 2828 2602 ὡς
2862 2540 3038 2607 φοῖνιξ
3079 2542 3197 2603 ταῖς
3267 2538 3579 2594 ἀειθαλέσιν

2001 2631 2180 2685 ἀνθῶν
2223 2631 2473 2704 ἀρεταῖς,
2529 2631 2623 2685 καὶ
2664 2629 2797 2684 ὡσεὶ
2846 2630 3038 2701 κέδρος
3092 2631 3224 2700 παρ’
3265 2629 3437 2685 ὕδατα
3466 2633 3579 2694 τοῖς

2001 2723 2251 2796 ἀπείροις
2309 2723 2418 2777 τῶν
2468 2724 2713 2793 ἰαμάτων
2764 2722 3167 2793 πληθυνὸμενος
3214 2723 3478 2799 καρπῶνί
3508 2717 3578 2774 Ὦ

2001 2817 2113 2870 λίθε
2146 2817 2319 2888 τίμιε,
2353 2816 2448 2869 καὶ
2502 2815 2598 2868 τοῦ
2646 2815 3044 2885 ἀκρογωνιαίου
3081 2814 3156 2885 τῷ
3198 2815 3311 2868 δντι
3346 2814 3533 2878 ὲπάξιε
3561 2830 3574 2843 ·

2001 2908 2137 2974 λίθε,
2163 2906 2241 2978 τῷ
2288 2907 2562 2978 Ὑακίνθῳ
2590 2906 2848 2977 ὁμώνυμε
2870 2925 2883 2937 ο
2908 2907 3123 2976 ἐκείνῳ,
3153 2907 3229 2978 τῷ
3260 2908 3370 2968 τοῖς
3388 2906 3579 2958 ἕνδεκα

2003 3001 2308 3071 συστοίχοις
2361 2999 2565 3069 τιμίοις
2612 3000 3007 3069 συνηρτημένῳ
3043 2998 3234 3064 λίθοις,
3284 3000 3377 3052 καὶ⁵
3405 2999 3463 3052 τὸ
3490 2998 3578 3051 λο-

2002 3092 2146 3159 γεῖον
2176 3088 2275 3159 τῆς
2326 3089 2561 3160 κρίσεως
2593 3088 2687 3145 τοῦ
2733 3089 3035 3160 ἀρχιερέως
3069 3088 3582 3157 συγκατασκευαζο-

2007 3181 2167 3250 μένου
2184 3179 2277 3234 τοῦ
2303 3180 2558 3249 μεγάλουο
2580 3180 2692 3233 λίθε
2720 3181 2867 3249 ἅγιε,
2901 3182 3189 3251 κυλιόμενε
3215 3182 3309 3234 ἐπὶ
3329 3180 3431 3250 τῆς
3452 3183 3578 3250 γῆς,

2002 3274 2143 3326 κατά
2168 3275 2261 3326 τὸν
2305 3274 2553 3341 Ἡσαΐαν,
2590 3275 2688 3343 τῆς
2722 3275 3037 3348 Ἀμάστρας
3083 3276 3143 3328 τὸ
3194 3276 3582 3347 περιτείχισμα

2002 3366 2095 3418 καὶ
2124 3363 2524 3436 περίφραγμα,
2569 3363 2771 3435 μᾶλλον
2826 3363 2884 3417 δὲ
2937 3363 3213 3435 πύργωμα
3239 3364 3334 3418 καὶ
3377 3363 3581 3431 στεφά-

2003 3475 2179 3526 νωμα,
2208 3458 2387 3519 πάσας
2417 3457 2691 3521 ἑλεπόλεις
2741 3457 2835 3511 καὶ
2869 3456 3117 3527 μηχανὰς
3144 3456 3583 3526 ἀποκρουόμενον

2003 3547 2214 3617 ἐχθρῶν
2232 3564 2244 3577 ·
2280 3549 2387 3600 τῶν
2408 3548 2773 3617 Παφλαγόνων
2792 3548 2851 3601 τὸ
2873 3545 3072 3621 ’ύψωμα
3093 3549 3187 3601 καὶ
3221 3546 3582 3617 καλλώπισμα

2004 3639 2101 3708 τῆς
2144 3640 2423 3710 βασιλείας
2462 3642 2489 3693 ὁ
2527 3640 2810 3707 στέφανος,
2838 3640 2936 3709 τῆς
2977 3639 3277 3709 ἱερωσύνης
3308 3641 3334 3692 ὁ
3362 3636 3583 3701 ἔπαινος

2004 3734 2099 3788 καὶ
2161 3733 2222 3786 τὸ
2268 3732 2551 3802 καύχημα.
2602 3732 2777 3801 δέχοιο
2826 3733 2923 3784 xui.
2986 3731 3083 3803 τὴν
3126 3731 3235 3784 τῶν
3296 3731 3582 3800 ἡμετέρων

2003 3825 2259 3895 ἀπαρχὴν
2290 3824 2462 3891 λόγων
2482 3838 2496 3851 ·
2533 3825 2626 3875 καὶ
2659 3825 2707 3875 εί
2761 3824 2927 3893 μηδὲν
2958 3823 3057 3891 τῆς
3089 3822 3189 3891 σῆς
3223 3822 3374 3885 ἄξιον
3409 3838 3584 3891 μεγα-

2003 3907 2338 3981 λοπρεπείας
2373 3906 2788 3976 ἐπιφαίνουσαν,
2816 3907 2952 3959 ἀλλά
2977 3906 3134 3975 φίλην
3167 3907 3229 3974 γὲ
3256 3923 3337 3960 σοι
3368 3907 3586 3969 πάντως

2003 4001 2192 4065 οὖσαν,
2223 4000 2300 4071 τῷ
2331 4001 2394 4052 ἐκ
2433 3999 2690 4067 γειτόνων
2732 3991 2874 4051 εἶναι
2924 3998 3160 4067 καρπὸν,
3213 3998 3307 4053 καὶ
3347 4000 3457 4061 τοῖς
3485 3998 3584 4068 μὲν

2003 4095 2181 4160 ἄλλοις
2224 4096 2426 4155 πᾶσιν,
2473 4091 2508 4144 ἂ
2550 4092 2686 4161 πρῖς
2745 4090 2838 4143 τοῦ
2873 4090 3268 4162 Παμϐασιλέως
3318 4090 3583 4159 πρότερον

2004 4185 2246 4258 ἐπηύξω,
2287 4185 2360 4257 μὴ
2394 4184 2645 4256 διαλίπῃς
2702 4183 2863 4247 αὐτὸς
2897 4182 3136 4255 ἐνεργῶν
3161 4198 3174 4212 ·
3216 4181 3442 4238 δύνασαι
3476 4182 3586 4252 γὰρ

2005 4283 2216 4337 ἒκεῖθεν
2247 4282 2457 4336 λαϐὼν·
2488 4283 2599 4343 τοῖς
2629 4279 2833 4349 γείτοσι
2860 4280 2916 4333 δὲ
2960 4278 3055 4334 καὶ
3086 4277 3355 4344 πολίταις,
3387 4276 3462 4339 ὡς
3486 4276 3585 4345 μὲν

2006 4377 2407 4446 ἀνηρτημένοις
2461 4375 2560 4443 τῆς
2618 4375 2853 4435 πίστεως
2912 4372 3006 4426 καὶ
3055 4370 3277 4441 ἀγάπης
3322 4370 3421 4439 τῆς
3460 4368 3583 4436 σῆς,

2006 4468 2175 4522 πλείω
2202 4467 2310 4520 τῶν
2341 4463 2700 4537 ἀγαθοδὼρων
2731 4463 2863 4517 Θεοῦ
2898 4462 3117 4531 ἀγαθῶν
3146 4461 3238 4514 τὸν
3268 4475 3586 4531 περιουσία-

2008 4564 2144 4634 σμρν
2197 4562 2639 4633 ἐπιχορήγησον,
2693 4560 2773 4622 εἰς
2819 4559 2983 4623 δόξαν
3032 4558 3245 4630 Ματρὸς
3294 4558 3389 4611 καὶ
3449 4554 3584 4609 Υἱοῦ

2007 4652 2101 4708 καὶ⁵
2126 4651 2282 4719 ἀγίου
2324 4649 2661 4721 Πνεύματος,
2713 4651 2794 4713 εἰς
2827 4650 2953 4713 τοὺς
2992 4649 3194 4713 αἰῶνας
3217 4646 3326 4719 τῷν
3350 4648 3584 4703 αἰώνων.

2019 4741 2213 4814 Ἀμήν.

1770 4969 2030 5063 ORATiO
2059 4969 2178 5024 XX.

516 5083 780 5141 [nudatio
812 5090 990 5158 magni
1021 5087 1278 5158 Gregorii,
1311 5086 1917 5148 Constantiuopolitanw
1949 5085 2092 5140 urbis
2135 5083 2539 5154 archiepiscopi,
2585 5089 2926 5169 cognomento
2981 5080 3228 5151 Theologi
3270 5079 3347 5152 (l)

393 5200 646 5273 Magnum
680 5192 1015 5279 Tlreoiogum
1058 5208 1383 5265 laudaturos
1420 5207 1652 5271 accedo,
1688 5205 1900 5261 tametsi

324 5293 369 5347 is
401 5295 654 5351 laudibus
688 5299 913 5353 eminet.
953 5298 1193 5369 Aﬁquum
1243 5301 1388 5355 enim
1422 5317 1436 5366 ;
1474 5314 1573 5355 nec
1605 5313 1732 5353 vero
1766 5297 1904 5352 dun-

326 5394 473 5439 taxat
500 5403 735 5455 :equum,
770 5378 954 5443 sedut
987 5390 1147 5447 etiam
1179 5390 1413 5444 maxime
1442 5389 1631 5444 deceat
1658 5389 1903 5444 oratione

325 5477 545 5550 defungi
590 5480 708 5537 viro
750 5480 1227 5551 eloquentissimo,
1260 5481 1551 5552 omnisque
1579 5480 1902 5550 eloquentia:

401 5633 512 5704 (Ui)
548 5634 692 5688 Satis
723 5637 866 5691 clara
894 5638 984 5692 hic
1006 5649 1086 5693 est
1122 5637 1340 5702 allusio,
1412 5637 1554 5692 sicut
1586 5636 1750 5689 etiam
1800 5636 1899 5689 fuit

325 5703 379 5781 in
400 5703 847 5781 _'exor_dlo._adS.
879 5708 1132 5781 Martyris
1163 5724 1386 5781 nomen,
1419 5719 1472 5781 et
1498 5709 1797 5781 pretiosum
1819 5707 1899 5762 la-

327 5773 503 5849 pidem
541 5777 913 5849 lryaeiuthum.
950 5773 1313 5833 De'allusione
1352 5781 1416 5832 ad
1450 5773 1901 5849 ﬂdsculurueius-

325 5845 445 5898 dem
513 5847 750 5903 nominis
787 5849 898 5919 jam
934 5850 1173 5905 diximus
1204 5851 1342 5921 (uot.
1384 5850 1452 5917 l).

2009 5206 2208 5279 regula:
2264 5220 2328 5259 ae
2376 5203 2656 5275 magistro.
2694 5202 2802 5258 Nec
2841 5202 2986 5271 quod
3015 5202 3089 5257 sit
3120 5215 3365 5265 necesse,
3393 5208 3455 5254 ut
3488 5214 3584 5254 ne-

2009 5296 2138 5353 dum
2172 5297 2295 5369 ipsi,
2328 5298 2425 5372 qui
2454 5298 2617 5353 tantis
2646 5297 2713 5351 ab
2743 5296 2836 5352 illo
2868 5294 3111 5364 partibus
3142 5292 3450 5359 deﬁcimus,
3487 5290 3584 5347 sed

2008 5399 2063 5443 et
2114 5389 2206 5459 qui
2240 5393 2307 5444 ad
2348 5404 2615 5443 summam
2665 5388 2938 5458 magnitici
2987 5385 3157 5439 animi
3208 5386 3583 5454 praestantiam

2009 5481 2252 5537 evasisse
2309 5481 2579 5539 videntur.
2631 5481 2700 5535 ab
2756 5495 2822 5535 eo
2862 5478 3008 5549 quod
3059 5486 3141 5533 est
3191 5494 3290 5548 pro
3328 5478 3593 5549 dignitate

2081 5638 2155 5706 (l)
2193 5636 2268 5690 Ex
2311 5635 2504 5706 codice
2533 5634 2871 5701 Mazarinmo,
2917 5634 3010 5690 Fr.
3038 5634 3366 5689 Combeiisio
3419 5633 3585 5687 inter-

2011 5719 2181 5839 p'riele,
2219 5705 2641 5835 iérlgibliotheca
2693 5706 2914 5762 Patrum
2961 5706 3397 5773 concionatoria,
3448 5714 3580 5763 tom.

2086 5822 2098 5844 ,
2130 5794 2183 5850 p.
2335 5817 2349 5833 .
