4092 6600
237 439 334 505 ill

946 438 1227 500 ORATIO
1266 438 1392 500 XX.
1415 466 1483 476 —
1545 440 1626 500 IN
1670 438 1984 501 LAUDEM
2022 442 2079 503 S.
2109 442 2484 503 GREGORII
2523 443 2794 504 TIlEOL.

3398 442 3506 505 442

238 563 536 618 exerrent;
575 551 780 607 idcirco
826 551 1154 607 iuhibendus
1189 560 1450 617 cenatus,
1488 552 1818 624 scguiusque
1847 560 1891 614 Δ
1921 557 2164 626 cogitatu
2225 533 2536 610 dirimatur.
2587 553 3064 621 Quemadmodum
3119 554 3268 610 enim
3336 555 3510 612 hocce

239 646 508 717 agendum
536 660 700 716 quam
731 652 790 698 ut
821 659 932 697 rem
960 644 1362 714 aggrediamur.
1394 643 1645 716 Magnum
1669 644 1816 698 enim

242 737 544 806 ingensque
577 743 679 801 est,
712 743 770 789 ut
803 735 884 788 vel
912 742 1232 804 temperate,
1259 733 1312 786 in
1345 734 1412 787 iis
1437 749 1557 802 quae
1583 733 1820 789 maxima

243 840 391 889 sunt,
419 829 532 881 vim
554 828 858 898 argumenti
885 835 1081 881 tractes
1105 845 1121 881 :
1154 828 1352 882 nedum
1381 836 1440 882 ut
1472 841 1571 897 pro
1593 842 1819 896 operum

247 923 440 976 merito
487 919 824 990 oxsequaris.
862 919 997 985 Quia
1033 919 1178 973 enim
1222 934 1350 973 vero
1387 919 1475 972 ille
1515 918 1609 973 Dei
1645 918 1821 972 Verbo

244 1022 352 1067 tum
397 1014 639 1081 genitus,
674 1019 894 1080 tumque
923 1008 1214 1080 perfectus,
1248 1011 1452 1065 viventi
1486 1010 1594 1065 Deo
1643 1008 1823 1065 Verbo

245 1101 652 1156 necessitudine
679 1100 1005 1166 coniunctus
1039 1110 1144 1164 est,
1175 1100 1448 1170 quomodo
1479 1116 1588 1155 non
1621 1099 1822 1154 rationi

247 1192 847 1256 convenientissimum,
873 1203 928 1245 ut
955 1207 1053 1261 pro
1081 1191 1218 1244 virili
1247 1200 1454 1256 nostra,
1474 1206 1536 1246 ac
1559 1200 1823 1260 quantum

245 1285 466 1352 assequi
500 1283 644 1344 licet,
677 1283 964 1346 honorem,
987 1283 1078 1351 qui
1111 1297 1175 1335 ex
1209 1282 1556 1337 sermonibus
1586 1281 1828 1336 dicendi-

246 1392 352 1446 que
384 1375 647 1430 facultate
675 1383 780 1440 est,
810 1375 887 1429 illi
921 1375 1275 1430 tribuamus?
1310 1375 1583 1429 Laudetur
1611 1375 1777 1445 igitur
1807 1391 1821 1440 ;

245 1467 448 1537 quippe
509 1481 726 1535 aequum
773 1475 1154 1536 sanctumque,
1199 1478 1258 1520 ut
1295 1467 1360 1531 is,
1409 1466 1499 1535 qui
1568 1466 1828 1536 operibus

247 1570 306 1610 ac
345 1554 722 1616 sermonibus,
758 1555 938 1624 quoad
977 1556 1087 1608 vita
1131 1565 1410 1624 superstes
1455 1555 1558 1609 fuit
1609 1555 1827 1610 tuendis

247 1640 412 1700 Verbi
486 1646 737 1716 partibus
810 1648 1064 1711 labores,
1120 1662 1185 1700 ac
1253 1647 1542 1702 mmstitias
1596 1646 1826 1700 nimium

247 1747 485 1809 quantas
542 1740 806 1808 jugesque
848 1737 1142 1803 sustinuit,
1187 1737 1445 1794 laudibus
1493 1754 1712 1808 quoque
1759 1755 1828 1794 ex

249 1831 588 1900 eloquentia,
615 1845 1038 1898 sermonumque
1068 1831 1116 1883 vi
1141 1831 1446 1900 corrogatis
1469 1847 1569 1886 ceu
1599 1830 1829 1887 floribus

251 1930 570 1978 exornetur.

319 2013 499 2065 Porro
522 2010 842 2082 Gregorium
867 2011 1014 2077 dico,
1044 2011 1242 2067 divinte
1271 2028 1595 2083 summeque
1628 2013 1833 2083 princi-

253 2104 337 2174 pis
365 2103 751 2173 cognominem
791 2104 1074 2175 theologire
1103 2121 1118 2170 ;
1149 2104 1286 2169 sive,
1314 2114 1375 2160 ut
1404 2106 1596 2176 loquar
1626 2106 1829 2170 verius,

255 2196 429 2264 ipsam
453 2195 635 2264 reipsa
661 2180 1498 2264 theologiamQuemadmodum
1525 2197 1670 2252 enim
1701 2213 1832 2252 vera

255 2289 342 2342 illa
365 2287 526 2341 lux”
553 2301 651 2358 pro
679 2287 839 2341 nobis
869 2296 1034 2358 atque
1078 2288 1367 2342 nobiscum
1413 2297 1558 2354 orta,
1591 2303 1714 2343 cum
1763 2288 1836 2342 sit

256 2380 548 2449 sapientia,
591 2386 645 2433 et
685 2379 918 2449 justitia,
957 2391 1012 2434 et
1056 2380 1356 2449 redemptio
1386 2381 1452 2446 ³⁸,
1496 2381 1576 2436 sic
1627 2380 1833 2451 potius,

256 2488 420 2544 quam
457 2487 524 2525 ex
549 2471 657 2526 illis
699 2471 932 2527 deducto
963 2473 1185 2527 nomine
1215 2481 1529 2542 nuncupata
1556 2481 1661 2528 est.
1695 2472 1837 2527 Sunt

259 2564 406 2616 enim
434 2563 618 2615 divina
651 2562 766 2617 haec
797 2564 1016 2616 nomina
1045 2563 1339 2633 ejusmodi,
1373 2574 1427 2618 ut
1463 2565 1835 2633 prmpollcant,

256 2653 572 2721 divinisque
597 2653 806 2721 aptiora
830 2654 1114 2717 exsistant,
1146 2653 1200 2706 in
1231 2653 1430 2722 quibus
1445 2653 1683 2708 essentia
1713 2668 1837 2707 cum

257 2745 583 2812 operatione
635 2744 838 2814 pariter
874 2745 1174 2800 concurrit.
1226 2745 1317 2799 Sic
1365 2760 1585 2816 quoque
1628 2745 1710 2798 vir
1749 2744 1838 2798 hic

259 2837 503 2902 divinus,
529 2837 622 2906 qui
658 2847 824 2892 tmam
851 2839 1049 2892 mentis
1084 2838 1190 2891 vim
1222 2838 1434 2893 eximiae
1460 2837 1843 2893 divinissimm-

260 2943 368 2996 que
399 2927 686 2996 theologia:
713 2929 1219 2996 contemperaverit,
1258 2935 1538 2996 totamque
1565 2941 1684 2982 eam
1719 2927 1841 2982 ani-

262 3034 353 3072 mo
391 3019 712 3089 intelligenti
757 3019 1105 3089 expresserit,
1181 3019 1429 3088 quinimo
1473 3028 1620 3076 totus
1663 3020 1733 3074 ab
1781 3035 1842 3075 ca

263 3111 696 3180 comprehensus
728 3111 821 3175 sit,
864 3111 1012 3165 velut
1043 3109 1158 3180 ipsa
1196 3112 1376 3180 reipsa
1410 3111 1682 3180 theologia
1729 3119 1840 3165 tum

260 3213 368 3265 est,
398 3214 512 3256 tum
542 3201 853 3255 nominatus
887 3201 1007 3254 fuit.
1042 3200 1144 3267 Qui
1182 3201 1344 3270 igitur
1381 3200 1490 3265 fiat,
1528 3210 1588 3254 ut
1623 3216 1747 3271 qum
1775 3201 1842 3256 ad

264 3295 414 3348 illam
459 3301 670 3364 spectat
712 3293 974 3357 laudatio,
1007 3307 1114 3346 non
1141 3301 1292 3347 recto
1329 3292 1546 3346 tramite
1575 3292 1640 3346 ad
1680 3293 1842 3347 istum

265 3389 507 3443 evaserit
531 3388 553 3440 ?
581 3387 894 3457 'l‘heulogite
923 3395 1102 3442 autem
1126 3385 1389 3448 laudatio,
1421 3384 1594 3454 ipsius
1617 3385 1690 3440 sit
1721 3401 1848 3454 per-

268 3480 432 3545 fecte,
464 3494 528 3534 ac
556 3495 718 3548 quam
751 3478 1002 3548 perfectis
1028 3478 1328 3548 loquuntur
1356 3477 1426 3542 ³⁷.
1460 3477 1658 3532 divina:
1697 3477 1848 3548 prino

269 3571 410 3639 cipis
442 3568 724 3638 sapientiae
757 3569 1048 3624 celebratio
1081 3585 1096 3628 :
1132 3568 1290 3636 cujus
1325 3568 1428 3623 iste
1456 3578 1668 3622 amator
1689 3610 1704 3635 ,
1741 3583 1848 3638 qua

268 3663 458 3717 nescio
494 3677 562 3715 an
598 3661 744 3717 ullus
772 3661 1108 3732 praestantia,
1134 3677 1200 3716 ex
1239 3676 1304 3716 eo
1335 3661 1620 3716 hominum
1652 3676 1853 3732 genere

270 3756 420 3824 quia
461 3755 666 3808 saeculo
705 3753 1108 3823 philosophiam
1151 3754 1328 3810 colere
1361 3762 1690 3820 statuerunt,
1721 3752 1854 3810 effe-

272 3858 418 3914 ctus,
468 3848 696 3916 viasque
737 3856 1037 3914 scrutatus,
1071 3856 1232 3918 atque
1269 3848 1603 3902 incertorum
1665 3862 1729 3903 ac
1758 3862 1854 3902 oc-

282 3940 561 3994 cultorum
595 3940 639 3970 ⁸⁸
685 3938 831 3994 illius
863 3940 1091 4010 mystica
1126 3954 1392 4008 sacraque
1425 3941 1640 3994 ratione
1675 3940 1856 3995 scien-

275 4032 412 4088 tiam
432 4032 682 4098 edoctus,
708 4033 789 4087 sic
814 4033 1012 4089 mentis
1036 4047 1226 4098 sensu,
1250 4031 1543 4103 divineque
1575 4033 1855 4088 interioris

276 4127 669 4199 perfectionem
705 4127 937 4181 hominis
970 4125 1198 4196 adeptus
1231 4133 1336 4191 est,
1371 4141 1434 4180 ac
1461 4140 1558 4193 par
1585 4134 1701 4181 erat
1729 4141 1854 4180 eum

277 4221 548 4293 adipisci,
587 4221 680 4290 qui
729 4234 963 4289 superna
1011 4219 1273 4288 sapientia
1319 4228 1541 4286 parente
1590 4233 1859 4286 suprema:

277 4314 505 4369 virtutis
529 4314 683 4369 cultu
712 4320 873 4368 natus
894 4321 1034 4366 erat.
1063 4310 1225 4365 Velut
1247 4312 1392 4365 enim
1423 4309 1668 4364 divinum
1701 4309 1854 4364 vehi-

279 4404 490 4468 culum,
525 4401 643 4457 sive
661 4401 898 4457 eximius
931 4399 1272 4456 divinissimo
1303 4397 1483 4455 Verbo
1511 4399 1708 4454 eximia
1738 4401 1861 4454 vitae

281 4493 516 4558 ratione,
549 4491 810 4560 verbique
844 4491 964 4546 luce
985 4500 1196 4562 partus,
1232 4499 1500 4545 evaserat.

1921 647 2064 702 aeris
2095 662 2318 716 corpus,
2361 647 2489 702 solis
2548 647 2716 700 radiis
2751 644 3166 714 fulgoribusque
3200 645 3465 700 imbutum
3489 684 3506 712 ,

1925 746 2206 808 totumque
2250 755 2316 794 ex
2351 747 2463 792 toto
2526 737 2835 794 exsilientis
2903 735 3029 789 inde
3109 752 3173 791 ac
3221 737 3512 791 emicantis

1923 829 2228 898 Spleuduris
2283 843 2519 884 corusco
2573 827 2827 897 plenum,
2892 841 3060 880 unam
3110 824 3252 878 lucis
3292 824 3505 892 plenam

1923 937 2110 976 aream
2153 921 2328 976 oculis
2358 929 2708 990 reprzesentat
2747 936 2764 985 ;
2811 919 2885 971 ita
2927 928 2980 972 et
3016 917 3138 980 iste,
3170 914 3510 984 spiritalibus

1929 1015 2076 1069 hisce
2119 1012 2288 1068 radiis
2333 1012 2515 1082 magni
2551 1011 2773 1081 justitiaa
2803 1009 2944 1064 Solis
2989 1009 3160 1062 aciem
3199 1007 3508 1070 intendens,

1925 1119 2254 1174 omnemque
2282 1103 2600 1172 ejus,quem
2625 1117 2784 1155 nemo
2818 1101 3018 1166 capiat,
3036 1100 3232 1153 eximia
3265 1100 3504 1168 quadam

1926 1196 2138 1252 ratione
2175 1195 2474 1250 claritatem
2519 1193 2758 1262 capiens,
2788 1192 3067 1260 animique
3106 1190 3359 1245 essentiae
3388 1202 3514 1242 cor-

1926 1303 2059 1359 pore
2099 1286 2310 1341 vacanti
2355 1283 2742 1348 commiscens,
2793 1291 2942 1336 tanto
2977 1283 3172 1349 magis,
3207 1296 3309 1345 eo,
3346 1294 3508 1348 quem

1929 1377 2194 1442 diximus,
2222 1390 2370 1440 aere,
2401 1390 2514 1429 suae
2548 1374 2623 1427 illi
2660 1372 3006 1440 conjunctior
3040 1371 3146 1426 luci
3180 1370 3510 1434 ostenditur,

1929 1476 2135 1537 quanto
2195 1482 2288 1521 aer
2337 1465 2484 1520 brevi
2540 1462 2805 1532 temporis
2855 1461 3142 1516 intervallo
3201 1460 3515 1530 aspectabiti

1930 1559 2050 1613 luce
2081 1557 2358 1625 perfusus,
2387 1555 2479 1608 illa
2497 1555 2783 1621 migrante,
2806 1551 2980 1605 noctis
3006 1567 3125 1604 mox
3157 1550 3392 1604 tenebris
3451 1565 3517 1604 ac

1930 1648 2162 1718 caligine
2192 1647 2488 1716 impletur;
2533 1644 2620 1698 hic
2648 1652 2829 1696 autem
2866 1642 3058 1705 semel,
3084 1642 3171 1706 iis,
3207 1657 3349 1711 quos
3378 1641 3520 1694 dixi-

1933 1757 2082 1804 mus,
2119 1739 2286 1794 radiis
2327 1738 2572 1792 animum
2618 1735 2904 1800 adhibens,
2941 1735 3131 1803 sicque
3167 1733 3365 1788 mentis
3408 1731 3522 1786 feli-

1934 1834 2096 1890 citate
2133 1846 2322 1886 eorum
2374 1829 2584 1899 fulgore
2633 1827 2959 1890 illustratus,
3013 1838 3073 1878 ut
3117 1826 3295 1895 lucis(
3327 1839 3522 1891 nempe

1936 1923 2222 1994 spiritalis)
2272 1921 2422 1977 ﬁlius
2472 1919 2728 1980 evaserit,
2769 1917 2888 1985 ejus
2923 1917 3134 1972 scilicet
3167 1933 3288 1985 qu:e
3329 1917 3382 1970 in
3428 1916 3523 1969 illo

1934 2017 2146 2071 ratione
2185 2015 2350 2069 nullis
2387 2012 2566 2067 verbis
2602 2009 2911 2080 explicabili
2941 2008 3237 2073 ,formata,
3274 2007 3389 2062 sive
3449 2007 3526 2060 si-

1933 2114 2098 2177 gnata
2149 2104 2241 2168 sit,
2281 2103 2546 2158 indivisus
2572 2118 2602 2156 a
2635 2108 2857 2171 parente
2889 2097 2941 2152 in
2980 2100 3242 2153 smculum
3289 2109 3524 2164 manet;

1936 2197 2138 2266 luxque
2166 2195 2428 2266 spiritalis
2457 2209 2522 2248 ac
2568 2210 2724 2263 pura,
2764 2209 2874 2248 non
2910 2193 3014 2248 sibi
3080 2193 3198 2262 ipse
3237 2192 3526 2258 duntaxat,

1936 2290 2028 2343 sed
2065 2297 2119 2344 et
2150 2289 2233 2343 his
2267 2289 2361 2358 qui
2403 2288 2477 2342 illi
2505 2288 2758 2342 animum
2802 2286 3112 2352 attendunt,
3176 2283 3407 2338 cliieitur
3443 2287 3530 2337 at-

1936 2393 2045 2448 que
2080 2379 2346 2433 cernitur.

2008 2467 2144 2522 Cum
2192 2469 2357 2539 igitur
2410 2468 2556 2524 istud
2607 2468 2662 2522 in
2714 2483 2838 2523 eum
2889 2467 3116 2537 pulchre
3173 2466 3378 2519 dictum
3428 2465 3523 2529 sit,

1941 2559 2210 2628 iidemque
2244 2560 2505 2614 meruerit
2541 2576 2556 2624 ;
2591 2575 2689 2628 age
2716 2559 2830 2628 jam
2864 2575 2964 2613 nos
2997 2572 3216 2627 quoque
3248 2555 3528 2624 spiritales

1942 2651 2311 2718 intelligentiae
2347 2651 2552 2718 radios,
2589 2650 2927 2720 Spit-italihus
2967 2647 3316 2718 intelligentis
3360 2645 3527 2699 animi

1943 2745 2193 2799 manibus
2223 2744 2497 2812 rapientes
2531 2744 2740 2812 (radios
2777 2743 2990 2797 scilicet
3015 2741 3277 2809 Gregorio
3305 2739 3529 2808 quidem

1945 2838 2266 2898 emicantes,
2309 2837 2482 2907 atqui
2515 2852 2545 2890 c
2574 2837 2713 2890 cmlo
2747 2835 2815 2889 ad
2849 2850 2949 2889 nos
2985 2848 3158 2901 usque
3208 2831 3528 2900 pervadunt)

1943 2943 2361 2996 sermonemque
2397 2927 2640 2991 virtutis,
2677 2941 2741 2980 ac
2771 2925 3052 2994 sapientiae
3091 2922 3395 2976 summitati
3451 2921 3532 2974 la-

1946 3029 2158 3085 xantes,
2181 3021 2412 3090 ejusque
2439 3034 2610 3073 sacra:
2633 3017 2941 3084 Thcologim
2966 3013 3236 3084 profundo
3267 3013 3532 3067 intentam

1947 3120 2181 3164 mentem
2227 3111 2568 3174 adhibentes,
2617 3116 2782 3174 atque
2819 3105 2947 3158 inde
2994 3105 3140 3158 velut
3177 3103 3342 3156 claris
3372 3103 3529 3158 nobis

1946 3202 2189 3257 collectis
2227 3199 2549 3269 fulgoribus,
2583 3197 2635 3251 id
2679 3206 2784 3259 est,
2832 3195 3034 3250 divinis
3085 3194 3534 3250 illustratioribus

1949 3292 2351 3363 aifulgentibus,
2389 3290 2676 3359 praeclaras
2696 3287 2956 3356 'l'heologi
2991 3301 3080 3340 res
3141 3294 3304 3354 atque
3341 3285 3535 3340 merita

1949 3397 2047 3452 pro
2069 3397 2256 3437 eorum
2283 3390 2396 3436 tum
2420 3379 2775 3444 sublimitate,
2805 3388 2918 3433 tum
2945 3377 3232 3432 latitudine
3264 3386 3536 3430 contuen-

1951 3489 2049 3541 tes,
2082 3478 2322 3546 atquein
2355 3493 2486 3532 eum
2521 3476 2685 3530 rectis
2711 3473 2911 3528 mentis
2935 3472 3111 3528 oculis
3165 3487 3230 3526 ac
3261 3469 3537 3524 irretortis

1951 3572 2336 3636 intendentes,
2373 3571 2658 3642 proprium
2700 3570 2751 3625 ei
2789 3584 2854 3625 ac
2928 3567 3262 3622 conveniens
3337 3579 3540 3620 munus

1952 3667 2312 3736 charumque,
2345 3665 2570 3718 laudum
2605 3663 2875 3732 primitias
2900 3660 3215 3716 otieramns.

2032 3759 2110 3812 Ac
2131 3773 2262 3812 vero
2289 3757 2576 3826 diligenter
2605 3763 2868 3810 attentam
2898 3753 3032 3806 mihi
3066 3766 3277 3814 aurem,
3310 3762 3374 3805 ac
3400 3748 3544 3804 bene

1953 3849 2227 3905 volentem
2272 3848 2514 3903 animum
2554 3886 2568 3912 ,
2625 3855 2862 3902 mentem
2945 3844 3182 3913 denique
3245 3842 3542 3896 mundanis

1955 3958 2054 3998 seu
2088 3941 2404 3997 carnalibus
2438 3937 2844 3994 turbationibus
2874 3937 3103 3990 liberam
3168 3932 3542 4001 mundamquo

1957 4035 2245 4100 exhibete,
2319 4039 2588 4103 quotquot
2639 4029 2834 4084 merito
2891 4026 3214 4096 theoIOgicis
3283 4025 3542 4078 oblectari

1957 4126 2188 4180 canticis
2261 4135 2425 4193 atque
2496 4121 2750 4176 laudibus
2804 4119 3121 4188 peroptatis.
3179 4117 3346 4171 Plane
3393 4114 3541 4170 enim

1959 4221 2159 4284 oratio,
2197 4217 2274 4270 uti
2307 4231 2428 4286 quae
2468 4216 2699 4268 bonesm
2731 4221 2860 4267 sunt
2898 4211 3112 4264 sincere
3143 4207 3494 4261 laudantibus
3523 4247 3542 4272 ,

1961 4312 2043 4367 sic
2080 4325 2211 4366 vero
2247 4311 2410 4364 etiam
2447 4309 2740 4377 prtnlenter
2777 4320 2839 4358 ac
2871 4312 2996 4357 cata
3031 4309 3214 4356 mente
3275 4300 3546 4356 audienti.

1960 4404 2086 4468 bus,
2117 4405 2276 4470 longe
2299 4400 2589 4455 utilissima
2623 4413 2687 4451 ac
2712 4397 2952 4453 salubris
2979 4393 3218 4449 exsistit.

2036 4492 2169 4558 Quae
2202 4492 2482 4546 enimvero
2503 4490 2571 4544 ab
2606 4489 2733 4544 imis
2757 4487 2898 4542 haud
2924 4502 3082 4542 secus
3110 4499 3175 4538 ac
3199 4497 3401 4552 corpus
3429 4497 3550 4535 um-

357 4585 480 4650 Qua
508 4586 673 4655 igitur
704 4585 919 4638 ratione
944 4583 989 4638 is
1008 4622 1021 4648 ,
1048 4582 1140 4652 qui
1169 4582 1333 4636 solari
1366 4582 1531 4652 globo
1571 4582 1714 4637 oculi
1751 4581 1857 4636 vim
1887 4590 1940 4650 1)
1966 4585 2078 4641 brae
2107 4593 2473 4649 assectantur,
2507 4597 2604 4636 ceu
2633 4597 2755 4652 qua:
2788 4581 2854 4634 ad
2882 4594 3071 4634 eorum
3105 4591 3227 4647 qua:
3248 4576 3392 4629 dicta
3419 4583 3549 4629 sunt

281 4676 489 4746 deligit,
535 4675 699 4731 simul
744 4689 962 4744 quoque
999 4681 1308 4728 concretam
1345 4673 1421 4727 illi
1457 4673 1637 4727 lucem
1672 4687 1864 4728 neces-

283 4769 433 4822 sario
464 4765 732 4820 luminum
762 4764 877 4820 acie
906 4764 1155 4834 attingit,
1188 4764 1266 4818 sic
1301 4764 1394 4833 qui
1425 4763 1606 4818 laudis
1636 4765 1861 4820 obtentu

282 4860 339 4915 in
377 4873 633 4928 maguum
665 4855 986 4926 Gregorium
1013 4856 1254 4924 linguam
1285 4857 1551 4910 latraverit
1579 4893 1595 4919 ,
1629 4856 1866 4911 Theolo-

284 4954 389 5022 giae.
428 4965 651 5021 quoque
695 4950 748 5003 in
780 4963 845 5002 eo
873 4948 1054 5004 sedem
1103 4948 1376 5010 habentis.
1433 4949 1548 5005 sive
1585 4950 1868 5018 sapientia:

285 5056 454 5114 atque
485 5043 723 5106 virtutis,
752 5041 917 5097 dubio
949 5040 1134 5110 procul
1171 5041 1372 5109 pariter
1397 5042 1585 5100 laudes
1621 5045 1868 5113 aggredi-

286 5148 400 5192 tur.
431 5137 562 5192 Haec
587 5135 732 5192 enim
761 5149 866 5190 non
897 5149 1086 5188 eorum
1121 5135 1212 5203 qui
1247 5134 1378 5190 foris
1402 5145 1532 5190 sunt
1562 5138 1865 5205 sapientum

289 5241 440 5298 typo,
495 5225 591 5280 sed
636 5226 795 5296 plane
845 5226 1145 5296 apostolica
1185 5241 1378 5281 norma
1405 5265 1422 5288 ,
1469 5243 1646 5297 neque
1683 5226 1868 5283 Graeca

291 5318 615 5382 ambitione,
656 5317 749 5372 sed
787 5317 906 5386 lege
947 5318 1258 5387 evangeliea
1288 5320 1553 5390 scitisque
1582 5320 1720 5389 ejus,
1747 5338 1872 5374 con-

294 5411 654 5480 templatione
678 5410 882 5479 pariter
905 5425 968 5464 ac
999 5412 1237 5472 actione,
1268 5413 1408 5467 velut
1443 5422 1633 5468 natura
1680 5429 1872 5468 essen-

295 5504 480 5573 tiaque
523 5502 786 5572 Gregorio
814 5511 1087 5566 conserta,
1133 5503 1293 5570 eique
1321 5513 1574 5558 euncreta
1604 5519 1871 5572 apparue-

295 5604 444 5650 runt.
462 5593 663 5650 Parum
681 5595 995 5662 ahest,quin
1024 5603 1079 5649 et
1106 5594 1222 5650 haec
1247 5594 1541 5665 Gregorius
1559 5595 1772 5650 dicatur
1790 5607 1873 5650 to-

301 5699 473 5745 tusex
490 5698 604 5744 toto
623 5688 708 5743 bis
730 5689 1074 5757 commistus,
1092 5696 1152 5746 ut
1173 5689 1257 5743 vix
1281 5689 1348 5744 ab
1369 5690 1449 5746 eis
1467 5690 1648 5745 subtili
1676 5691 1873 5746 mentis

377 5870 420 5903 ³⁸
445 5869 606 5928 Joan.
641 5886 680 5935 ι,
710 5869 767 5926 9.
841 5871 884 5903 ³⁸
911 5868 931 5924 l
959 5869 1084 5924 Cor.
1119 5887 1156 5938 ι,
1187 5870 1275 5925 50.

1353 5870 1394 5902 ³⁷
1431 5869 1447 5922 1
1482 5868 1607 5925 Cur.
1641 5885 1701 5933 tl,
1735 5873 1766 5924 6

1963 4679 2180 4735 laudem
2211 4692 2320 4732 non
2352 4676 2646 4731 admodum
2674 4673 2984 4737 conferant,
3043 4668 3340 4724 omittenda
3370 4682 3550 4737 operte

1963 4772 2198 4841 pretium
2237 4771 2382 4824 duco
2409 4786 2424 4836 ;
2451 4784 2576 4823 cum
2611 4779 2664 4822 et
2696 4776 2959 4837 przrterea
2993 4763 3147 4816 multi
3173 4761 3284 4830 jam
3326 4773 3388 4813 ea
3418 4773 3551 4812 con-

1965 4862 2327 4932 scripserint,
2369 4861 2593 4929 sintque
2647 4859 2905 4912 omnibus
2950 4854 3286 4922 conspicua,
3336 4852 3549 4904 tametsi

1967 4970 2071 5012 nos
2101 4955 2326 5009 minime
2359 4953 2703 5022 eloquamur.
2736 4950 2997 5016 Quzeuam
3032 4963 3160 5001 vero
3202 4947 3317 5000 hzec
3364 4945 3487 4998 dico
3529 4943 3554 4995 ?

1970 5044 2127 5110 Puta,
2147 5045 2334 5114 patria-
2383 5042 2722 5110 majestatem
2747 5053 2808 5092 ac
2831 5037 3226 5108 prtestantiam,
3247 5049 3356 5088 non
3381 5046 3548 5102 quam

1971 5135 2018 5188 is
2042 5150 2205 5205 quem
2223 5134 2529 5191 laudamus,
2550 5132 2676 5183 inde
2700 5127 2978 5198 percipiat,
3000 5126 3093 5181 sed
3124 5140 3228 5195 qua
3248 5127 3363 5193 ipse
3396 5123 3542 5176 illam

1973 5227 2157 5296 potius
2203 5221 2524 5280 excellentia
2566 5219 2786 5273 virtutis
2850 5215 3237 5286 impartiverit.
3288 5212 3500 5267 Etenim
3533 5251 3549 5277 ,

1978 5317 2440 5392 quemadmodum
2488 5329 2594 5367 non
2636 5327 2702 5366 ea
2749 5311 2960 5364 ratione
3010 5307 3238 5362 illustris
3275 5305 3549 5366 Christus,

1973 5410 2122 5481 quod
2147 5417 2309 5464 natus
2345 5406 2398 5460 in
2432 5403 2706 5458 Bethleem
2728 5442 2743 5467 ,
2774 5415 2933 5456 secus
2979 5413 3107 5453 vero
3143 5397 3234 5449 illa
3259 5394 3379 5464 ejus
3405 5393 3550 5448 clara

1977 5503 2265 5562 cunabulis
2309 5499 2540 5567 orbique
2568 5495 2801 5550 celebris
2821 5494 3028 5558 evasit;
3057 5492 3137 5545 sic
3157 5499 3211 5544 et
3231 5487 3549 5559 Gregorius,

1979 5615 2086 5652 non
2128 5603 2350 5666 propter
2385 5590 2753 5654 Nazianzum,
2796 5601 2862 5641 ex
2891 5599 3002 5654 qua
3051 5582 3208 5637 duxit
3250 5580 3551 5650 originem,

1982 5689 2285 5746 honestatis
2307 5685 2528 5744 cumulo
2549 5681 2755 5753 aliquid
2779 5678 3024 5750 accepit;
3052 5676 3182 5748 quin
3214 5675 3305 5731 illa
3336 5680 3557 5745 propter

1868 5871 1911 5901 ³³
1938 5869 2080 5924 Paul.
2107 5883 2137 5922 ι.
2187 5868 2240 5921 8.
