4092 6648
539 456 645 520 443

1719 455 2014 517 NICET/E
2042 453 2568 516 PAPHLAGONIS

3680 447 3794 512 Mi

537 566 860 639 Gregorium
897 567 949 621 in
978 566 1130 622 orbis
1169 580 1344 638 usque
1386 566 1520 622 fines
1555 566 1640 622 sui
1677 567 1982 623 claritatem
2014 581 2109 620 no-
2143 568 2189 624 Î‘
2216 564 2598 630 deterioribus,
2637 563 2729 619 sed
2767 563 3260 634 prmstantioribus,
3323 579 3432 618 non
3469 563 3536 618 ab
3566 562 3635 618 iis
3671 578 3798 632 qur

538 660 704 716 minis
745 657 992 728 protulit.
1029 656 1269 723 Modum,
1303 671 1413 727 quo
1464 657 1518 711 in
1564 657 1737 711 lucem
1777 665 2064 726 susceptus
2095 673 2115 712 :

538 750 802 806 maternis
831 749 974 804 enim
999 748 1268 818 precibus,
1298 763 1363 802 ac
1394 748 1516 810 fide,
1550 748 1692 803 haud
1717 765 1875 806 secus
1903 765 1966 804 ac
1994 765 2117 820 quae

539 842 716 897 Verbo
762 840 1045 911 praecurrit
1077 854 1200 907 vox,
1237 847 1332 892 aut
1370 839 1519 893 velut
1550 855 1703 895 sacer
1737 839 1824 896 ille
1853 857 1916 895 ex
1962 852 2115 896 utero

538 935 782 1000 Samuel,
816 935 1162 1002 impetratos,
1203 946 1503 1001 earumque
1523 931 1692 987 dubio
1711 933 1898 1002 procul
1929 941 2114 1002 partus

538 1027 708 1081 audiit
763 1041 826 1081 ac
855 1025 1101 1081 effectus.
1141 1024 1416 1080 Urbanam
1451 1024 1857 1088 educationem,
1887 1025 2113 1079 scitam-

539 1135 676 1189 que,
712 1132 776 1173 ac
801 1133 908 1187 qua
935 1117 1152 1172 educari
1195 1131 1319 1171 eum
1357 1117 1611 1180 decebat,
1653 1117 1743 1186 qui
1766 1126 2113 1173 sacrosancta

537 1213 847 1279 decensque
889 1209 1107 1265 virtutis
1145 1210 1360 1265 oflicina
1403 1209 1621 1264 futurus
1659 1217 1796 1263 erat.
1832 1207 2110 1279 Ingenium

537 1302 754 1364 subtile,
795 1316 860 1356 ac
885 1301 1302 1370 capacissimum
1335 1301 1387 1354 in
1413 1301 1643 1368 juvene,
1675 1315 1739 1354 ac
1771 1310 1959 1354 tenero
1982 1316 2110 1356 cor-

536 1407 711 1461 pore;
753 1391 1028 1460 animique
1057 1390 1336 1445 solertiam
1379 1400 1606 1452 tantam,
1643 1391 1992 1460 sagacitatem
2049 1407 2114 1446 ac

536 1482 936 1552 praestantiam,
959 1492 1161 1548 quanta
1192 1498 1315 1536 eum
1349 1483 1533 1537 statim
1560 1482 1833 1552 designari
1865 1481 2108 1546 decebat,

534 1577 627 1644 qui
671 1575 916 1628 divinum
978 1591 1044 1630 ac
1104 1577 1454 1646 magnificum
1503 1575 1782 1644 sapientiae
1827 1573 2108 1629 delubrum

533 1664 933 1718 exstruebatur.

604 1756 686 1809 Ad
709 1756 822 1810 hmc
851 1755 1033 1810 varias
1065 1755 1364 1825 disciplinae
1391 1770 1554 1811 causa
1584 1771 1807 1826 peregre
1827 1765 2108 1826 susceptas

533 1847 895 1913 profectiones
926 1863 988 1903 ac
1008 1849 1200 1902 itinera
1223 1866 1236 1914 ;
1261 1860 1412 1918 puta,
1440 1849 1714 1903 Nazianzo
1761 1852 2104 1916 Caesaream;

531 1937 765 2008 in'deque
799 1939 850 1993 in
884 1938 1225 1994 Palaestinam
1261 1957 1275 2001 ;
1311 1957 1485 2010 exque
1518 1941 1802 1996 Palmstina
1869 1942 2106 1997 Alexan-

529 2029 704 2084 driam
738 2047 752 2095 ;
802 2031 1130 2086 Alexandria
1179 2032 1232 2084 in
1265 2031 1554 2098 Graaciam,
1599 2033 1953 2103 Athenasque
1993 2049 2109 2087 ma-

531 2137 696 2191 gmnn
735 2123 866 2177 illud
897 2122 1272 2178 doctrinarum
1296 2124 1487 2188 decus,
1513 2140 1578 2179 ac
1600 2140 1788 2179 earum
1817 2127 2055 2194 reginam
2093 2139 2108 2190 ;

530 2216 622 2270 ubi
656 2215 843 2270 divino
875 2216 1073 2272 Basilio
1105 2217 1254 2286 paris
1284 2217 1588 2286 disciplime
1617 2233 1780 2272 causa
1813 2217 1922 2271 illic
1954 2231 2112 2288 pere-

530 2322 625 2376 gre
647 2309 824 2376 agenti
855 2325 1206 2377 congressus,
1235 2309 1490 2379 illiusque
1522 2325 1653 2365 usus
1687 2310 2106 2374 consuetudine,

529 2398 731 2451 nedum
772 2400 921 2460 tecti,
966 2400 1276 2468 victusque,
1313 2414 1376 2455 ac
1416 2416 1617 2455 mensae
1652 2399 1861 2455 socium
1897 2399 2106 2464 habuit,

529 2488 623 2542 sed
669 2499 722 2543 et
767 2490 1261 2559 pulcherrimarum
1313 2492 1763 2561 disciplinarum,
1818 2493 2108 2561 omnisque

529 2579 747 2633 virtutis
790 2581 1047 2635 concordi
1085 2581 1284 2638 mentis
1324 2583 1624 2652 proposito.
1675 2598 1889 2652 unaque
1939 2583 2106 2637 animi

529 2671 931 2737 conspiratione.
971 2689 1127 2741 :eque
1167 2673 1242 2727 illi
1274 2675 1542 2744 particeps
1579 2676 1831 2731 accessit.
1878 2676 2109 2731 Athenis

529 2773 659 2810 vero
698 2759 1041 2829 Byzantium,
1077 2761 1263 2814 urbem
1308 2763 1516 2817 scilicet
1544 2764 1654 2832 jam
1697 2763 1808 2819 fere
1836 2781 2105 2819 summam

527 2850 675 2903 orbis
698 2866 903 2916 arcem,
939 2852 992 2906 in
1038 2869 1224 2921 quam,
1255 2854 1329 2908 uti
1362 2855 1870 2925 reliqnazterrarnm
1905 2858 2108 2912 divitiae

527 2955 594 2995 ac
623 2951 946 2996 ornamenta
989 2959 1083 3013 pro
1118 2955 1364 3016 augusta:
1392 2947 1545 3001 urbis
1586 2949 1872 3017 majestate
1904 2964 2105 3003 conve-

527 3033 741 3086 nienter
785 3032 1184 3098 inferebantur,
1225 3035 1304 3089 sic
1350 3051 1570 3106 quoque
1618 3047 1746 3093 tunc
1789 3040 1933 3108 quod
1977 3041 2104 3094 uni-

525 3125 698 3180 versis
729 3125 1079 3194 przestantius
1111 3134 1212 3188 est,
1256 3126 1447 3182 littera:
1497 3129 1705 3182 scilicet
1736 3145 1800 3184 ac
1831 3131 2103 3197 doctrina,

526 3229 624 3270 ceu
659 3214 724 3269 ad
757 3215 1266 3285 praestantissimam
1299 3216 1515 3271 urbium
1545 3217 1596 3271 in
1624 3233 1743 3272 eam
1775 3220 2105 3290 commigra-

525 3304 682 3361 bant.

597 3398 654 3451 In
684 3398 766 3450 his
802 3398 984 3466 itaque
1008 3399 1354 3465 Gregorium,
1388 3399 1532 3453 viros
1560 3400 1846 3456 adeuntem
1876 3404 2103 3459 scientia

525 3488 1032 3556 prmszantissimos,
1085 3490 1264 3559 iisque
1319 3491 1539 3544 dantem
1587 3506 1808 3561 operam
1867 3509 1881 3558 ;
1940 3504 2103 3563 atque

528 3577 678 3632 omni
736 3588 853 3632 arte
893 3580 1246 3648 grammatica
1291 3581 1608 3649 poetieaque
1643 3581 1859 3636 abunde
1891 3585 2102 3638 exrrei-

528 3679 704 3724 latum
739 3687 754 3734 ;
793 3670 1026 3724 oratoria
1059 3685 1272 3724 summe
1301 3671 1599 3737 excultum,
1637 3673 1857 3743 vimque
1883 3689 2100 3730 omnem

528 3761 819 3820 sermonis.
849 3761 1301 3832 elegantiamque,
1337 3778 1400 3816 ac
1428 3763 1737 3819 facundiam
1773 3768 2103 3841 commodis-

527 3855 667 3910 sime
696 3854 944 3922 adeptum
971 3871 986 3918 ;
1021 3853 1257 3923 itemque
1288 3853 1661 3924 pliilOSOphize,
1697 3871 1804 3910 non
1835 3857 2100 3927 quidquid

525 3943 792 3999 duntaxat
823 3943 1142 4012 organicum
1171 3950 1276 4007 est,
1318 3951 1482 4012 atque
1543 3944 1609 3997 ad
1646 3960 1824 4000 mores
1857 3961 1920 4001 ac
1952 3958 2105 4002 uatu-

523 4049 642 4088 ram
662 4046 1136 4102 spectans,verum
1164 4034 1326 4088 etiam
1350 4034 1612 4104 quidquid
1644 4037 1815 4106 magis
1841 4038 2099 4094 eximium

525 4126 952 4197 spiritaliusque,
1008 4126 1401 4181 sublimissimo
1429 4127 1753 4188 contuituin,
1789 4128 2100 4197 mentisque

526 4218 876 4288 intelligentia
903 4226 1212 4273 assecutum
1245 4233 1258 4270 :
1295 4217 1386 4286 qui
1418 4217 1650 4286 denique
1676 4217 1918 4286 cujusvis
1933 4219 2099 4274 disci-

523 4308 724 4378 plinae,
778 4309 1066 4378 omnisque
1124 4309 1219 4379 (ut
1275 4309 1444 4363 verbo
1504 4309 1720 4375 dicam)
1781 4309 2096 4364 Grmcorum

521 4399 801 4466 sapientia:
823 4415 889 4454 ac
916 4399 1158 4453 scientia:
1203 4399 1483 4469 potissima
1513 4417 1743 4470 quznque
1776 4402 2095 4472 decerpens,

521 4485 716 4553 hisque
742 4487 856 4556 ipse
886 4487 988 4542 sibi
1023 4487 1088 4539 ad
1119 4501 1181 4541 ea
1210 4489 1623 4558 contemplanda
1655 4507 1776 4560 qua:
1808 4491 1912 4545 vim
1947 4507 2098 4546 men-

2216 656 2476 721 cxterius,
2513 655 2885 724 profanisque,
2911 672 2976 710 ac
3007 672 3128 726 quae
3157 657 3301 709 circa
3329 657 3504 724 ipsum
3535 655 3797 710 conside-

2218 757 2429 813 rantur,
2457 747 2548 803 sed
2574 763 2603 800 a
2630 747 2881 817 propriis,
2907 763 2968 802 ac
2986 748 3187 818 quibus
3219 764 3314 818 per
3335 747 3490 802 fidem
3513 764 3578 803 ex
3610 745 3794 800 Evan-

2217 839 2340 910 gelii
2391 840 2601 894 ratione
2647 842 2862 910 egregie
2903 841 3122 895 functus
3168 850 3270 903 est,
3318 840 3517 893 virtute
3585 838 3798 892 sciliCet

2218 931 2317 1000 (uti
2350 931 2554 984 dictum
2585 933 2713 999 est),
2745 932 3008 1000 sapientia
3055 948 3118 986 ac
3153 931 3447 1001 theologia,
3479 931 3795 1000 pontificem

2218 1037 2474 1092 magnum
2523 1038 2586 1077 ac
2617 1022 2950 1092 Theologum
2983 1023 3308 1090 laudemus;
3338 1023 3514 1091 ipsum
3538 1021 3792 1076 eumdem

2219 1115 2628 1180 invocantibus,
2675 1125 2732 1170 ut
2773 1116 3000 1171 canticis
3043 1127 3206 1186 atque
3256 1116 3510 1170 laudibus
3575 1113 3797 1183 adjutor

2215 1206 2391 1271 adsit,
2449 1208 2839 1279 dexteramque
2891 1208 3175 1277 benignius
3227 1207 3467 1278 pra2beat
3519 1207 3796 1264 fatiscenti

2219 1300 2486 1354 sermoni.

2283 1390 2377 1446 Ille
2412 1393 2572 1461 igitur
2602 1401 2779 1446 mente
2843 1391 3136 1462 animoque
3159 1393 3378 1446 divinus
3413 1408 3426 1444 :
3458 1391 3616 1461 rujus
3648 1391 3797 1446 actio

2212 1485 2360 1536 omni
2418 1483 2591 1553 major
2654 1484 2918 1552 imitantis
2966 1498 3222 1550 conatu;
3293 1484 3798 1553 contemplatioque

2213 1573 2410 1626 eximie
2436 1574 2693 1641 praecellit
2717 1593 2729 1627 :
2757 1587 2951 1629 cuncta
2981 1585 3236 1629 serutaus
3261 1576 3313 1629 in
3347 1575 3437 1630 Dei
3479 1576 3706 1644 Spiritu,
3727 1591 3798 1631 ac

2211 1659 2536 1726 dijudieans,
2581 1663 2785 1732 quique
2833 1662 2968 1732 ipse,
3022 1673 3080 1716 ut
3124 1663 3341 1718 divinus
3378 1665 3674 1733 Apostolus
3709 1665 3796 1718 lo-

2211 1750 2433 1820 quitur,
2485 1767 2514 1806 a
2564 1755 2780 1808 nemine
2835 1754 3160 1824 dijudicetur
3192 1754 3258 1807 Â³â¹.
3311 1755 3500 1824 Magna
3551 1753 3797 1810 cmlestis

2213 1845 2436 1900 tonitrui
2463 1849 2640 1915 proles
2662 1862 2725 1901 ac
2767 1847 2910 1902 filius
2931 1865 2944 1910 ;
2967 1845 3083 1900 sola
3104 1845 3366 1915 temporis
3387 1846 3794 1912 anteeessione,

2214 1935 2346 1988 nihil
2389 1951 2517 1988 vero
2543 1951 2823 1990 sacrorum
2863 1936 3178 2004 dogmatum
3212 1933 3510 2004 magnificis
3540 1934 3792 1999 vocibus,

2211 2022 2629 2090 divinorumque
2662 2038 2946 2078 sensorum
2981 2023 3248 2094 fulgetris,
3269 2023 3465 2093 quibus
3491 2024 3628 2078 trine
3649 2021 3793 2080 sub-

2210 2114 2454 2169 sistentis
2477 2114 2704 2170 Deitatis
2721 2115 3261 2170 consubstantialitas
3281 2115 3567 2184 praedicata
3589 2118 3793 2172 meruit

2210 2205 2390 2272 fidem,
2433 2221 2462 2260 a
2511 2206 2684 2274 primo
2731 2205 2822 2259 illo
2867 2205 3127 2260 deficiens
3165 2223 3178 2272 ;
3234 2207 3302 2260 ob
3336 2222 3458 2276 qua:
3492 2208 3655 2261 etiam
3689 2223 3792 2276 par

2210 2291 2283 2346 illi
2319 2310 2514 2348 nomen
2549 2304 2873 2349 consecutus
2907 2304 3010 2351 est.
3043 2295 3144 2360 Qui
3176 2295 3339 2359 clare,
3373 2311 3436 2350 ac
3476 2311 3584 2364 pra:
3608 2297 3793 2349 omni-

2209 2383 2333 2448 bus,
2374 2385 2464 2452 qni
2495 2398 2914 2453 praecesserunt,
2961 2386 3223 2454 apertius,
3249 2384 3572 2440 Trinitatem
3598 2403 3794 2454 persa-

2211 2493 2402 2531 narum
2441 2476 2671 2534 Deitatis
2709 2480 2916 2534 unitate
2948 2479 3114 2534 Deum
3149 2479 3424 2544 celebret;
3465 2488 3791 2550 natura!th

2215 2569 2480 2624 unitatem
2549 2572 2602 2635 in
2649 2572 3046 2640 proprietatum
3096 2569 3364 2626 Trinitate
3410 2573 3790 2627 adorationem

2210 2661 2520 2727 habentem,
2556 2661 2803 2716 divinant
2837 2665 3104 2718 enuntiet.

2282 2755 2395 2820 llle,
2434 2754 2580 2807 omni
2614 2755 2850 2824 primum
2895 2757 3134 2810 humana
3169 2757 3436 2826 sapientia
3483 2772 3548 2811 ac
3577 2757 3787 2812 virtute

2207 2846 2589 2916 prmeruditus,
2610 2847 2931 2916 abundeque
2951 2847 3134 2901 animo
3159 2863 3221 2903 ac
3243 2856 3422 2903 mente.
3445 2848 3509 2902 ad
3531 2849 3789 2918 pietatem

2207 2938 2600 2992 exercitatione
2630 2938 2829 3006 prtevia
2871 2939 3142 3000 excultus,
3190 2954 3254 2992 ac
3283 2954 3407 2994 cum
3445 2955 3504 2994 se
3540 2941 3654 3010 ipse
3686 2956 3791 3010 per

2209 3025 2471 3096 Spiritum
2503 3042 2597 3080 vas
2631 3025 2740 3080 Deo
2760 3026 2983 3097 dignum
3014 3039 3396 3096 praeparasset,
3431 3029 3502 3083 ita
3537 3033 3604 3084 ad
3636 3031 3792 3085 lava-

2206 3131 2360 3170 crum
2391 3117 2819 3185 regenerationis
2846 3116 2992 3170 venit
3024 3132 3039 3181 ;
3090 3132 3200 3171 non
3227 3125 3286 3171 ut
3315 3117 3504 3172 sordes
3532 3108 3787 3176 ablueret

2129 3229 2173 3288 C
2209 3209 2439 3280 (audens
2467 3209 2690 3275 dicam),
2717 3213 2810 3264 sed
2845 3209 3072 3266 clariore
3102 3209 3268 3264 animi
3303 3211 3666 3268 illustratione
3687 3215 3790 3268 do-

2206 3301 2439 3366 nandus,
2489 3301 2755 3369 baptisma
2786 3301 3005 3354 demum
3043 3301 3348 3370 suscipiens
3386 3318 3400 3367 ;
3437 3317 3537 3356 nec
3568 3313 3625 3358 ut
3653 3305 3786 3358 abo-

2203 3388 2338 3443 leret
2369 3402 2610 3458 peccata,
2647 3392 2740 3444 sed
2777 3390 2991 3460 potiora
3017 3390 3159 3445 dona
3192 3402 3575 3462 percepturus,
3616 3395 3795 3463 Spiri-

2207 3491 2318 3534 tum
2344 3481 2532 3551 gratia:
2557 3482 2870 3537 admittens.

2277 3569 2443 3639 Inque
2469 3571 2612 3626 hunc
2633 3575 2874 3638 modum,
2894 3574 3145 3628 secunda:
3162 3573 3290 3629 hinc
3313 3575 3437 3629 vilre
3455 3575 3785 3645 optimusque

2204 3677 2269 3716 ac
2302 3661 2646 3732 perfectioris
2688 3663 3000 3733 disciplina:
3028 3665 3233 3721 ducens
3257 3668 3562 3728 exordium,
3600 3682 3630 3718 a
3656 3667 3785 3722 vitae

2205 3749 2294 3803 illa
2353 3747 2565 3806 ratione
2601 3768 2724 3821 qua:
2763 3753 2914 3807 carni
2968 3753 3268 3824 impensior
3297 3763 3401 3815 est.
3457 3755 3682 3809 omnino
3723 3772 3786 3811 se

2204 3841 2440 3895 alienum
2483 3842 2772 3898 exhibebat
2807 3861 2821 3898 :
2868 3846 2999 3914 quin
3058 3854 3114 3901 ct
3149 3847 3553 3916 quodammodo
3597 3865 3629 3904 a
3673 3859 3784 3905 ler-

2204 3949 2332 3988 rena
2357 3935 2620 4005 tantisper
2656 3944 2714 3990 et
2738 3937 2961 3992 animali
2994 3937 3259 4008 sapientia
3297 3940 3343 3972 â¸Î¿
3383 3922 3543 4010 atque
3578 3945 3782 4018 virtute

2202 4026 2512 4081 excedebat.
2531 4026 2634 4081 Sed
2653 4036 2705 4082 et
2721 4043 2880 4099 supra
2901 4031 3229 4085 mundanam
3247 4047 3460 4087 omnem
3481 4036 3778 4091 amicitiam

2202 4116 2398 4183 elatus,
2439 4118 2491 4172 in
2528 4121 2777 4187 spiritum
2810 4121 3158 4178 solummodo
3183 4126 3624 4195 commigrabat;
3661 4138 3774 4181 sta-

2204 4211 2420 4280 tuitque
2454 4221 2510 4266 ut
2552 4213 2723 4266 solam
2759 4213 2983 4282 spiritus
3011 4215 3179 4284 legem
3213 4231 3548 4286 sequeretur,
3609 4235 3772 4274 unam

2201 4296 2341 4354 hanc
2377 4308 2584 4356 teneret
2608 4317 2874 4371 normam,
2905 4305 3130 4377 ejusque
3152 4307 3369 4363 virtutis
3393 4325 3457 4364 ac
3495 4311 3774 4380 sapientia:

2200 4403 2319 4457 qua:
2344 4392 2528 4447 divino
2557 4395 2761 4464 Spiritu
2799 4405 3106 4465 prmstatur,
3149 4399 3424 4454 internum
3459 4402 3644 4457 animo
3673 4419 3772 4457 na-

2200 4492 2322 4538 ctus
2343 4498 2604 4551 amorem,
2632 4501 2866 4556 eumque
2887 4491 3254 4559 magnificum,
3290 4493 3530 4563 iniquam
3551 4513 3770 4551 omnem

522 4577 594 4630 tis
635 4576 900 4630 excedunt
944 4576 1200 4645 prazclare
1248 4577 1540 4631 admodum
1603 4580 1744 4634 viam
1801 4582 2057 4636 muniens
2081 4623 2094 4645 ,
2129 4567 2172 4623 á¿˜)
2202 4589 2426 4644 Î²Ï„Î¿Ï„ÎµÏ…Îµ
2455 4577 2594 4630 Viam
2627 4577 2935 4634 declinabat
2964 4597 2978 4647 ;
3030 4583 3348 4654 cunctisque
3381 4586 3580 4642 di\inis
3615 4605 3772 4641 man-

521 4667 601 4721 sic
620 4673 788 4720 totam
817 4666 1036 4735 quidem
1061 4667 1257 4721 mentis
1289 4683 1402 4721 suae
1431 4669 1538 4722 vim
1574 4686 1636 4722 ac
1662 4670 2094 4742 intelligentiam,

521 4755 796 4819 Triuitati,
845 4771 963 4825 qua:
1005 4757 1181 4827 ipsum
1229 4768 1519 4826 antequam
1565 4761 1726 4816 etiam
1775 4776 2096 4822 nasceretur

520 4848 790 4913 Scivisset,
806 4863 1132 4919 sacrumque
1149 4849 1254 4905 sibi
1277 4848 1610 4922 Theologum
1633 4855 2092 4927 prredestinasset,

519 4939 755 5010 perfecte
801 4939 1069 4995 addixerit
1103 4958 1119 5006 ;
1171 4944 1361 5011 patriae
1389 4960 1516 4999 vero
1551 4959 1614 4999 ac
1652 4948 1966 5014 parentibus
1999 4966 2092 5004 ca-

519 5040 664 5086 stum
705 5031 809 5088 hoc
852 5035 1275 5102 corpusculum.
1319 5037 1625 5108 majorique
1663 5041 1907 5096 animum
1951 5058 2094 5112 pra:-

521 5122 810 5193 fulgeatem
854 5126 1123 5183 castitatis
1164 5126 1285 5183 luce
1325 5130 1640 5184 reddiderit.
1678 5129 1802 5186 Haec
1839 5133 2091 5203 quidem,

517 5216 606 5271 cui
635 5215 875 5284 libuerit,
912 5230 1097 5274 narret
1153 5233 1218 5274 ac
1249 5220 1666 5291 philosophetur
1700 5240 1714 5290 ;
1752 5224 2091 5280 rudimenta-

516 5306 618 5362 riis
669 5308 814 5362 velut
853 5309 1199 5377 actionibus,
1248 5311 1714 5382 defunctoriisque
1759 5314 1861 5369 viri
1903 5315 2091 5388 magni

518 5398 910 5468 agitationibus
934 5398 1212 5457 facultatis
1243 5402 1457 5456 dicendi
1484 5403 1591 5456 vim
1619 5420 1727 5458 non
1753 5405 2096 5464 defunctorie

518 5505 819 5560 promens;
849 5490 1117 5560 siquidem
1155 5492 1326 5548 iu.his
1369 5508 1589 5564 quoque
1622 5495 1846 5566 dignum
1889 5498 2094 5567 aliquid

517 5579 639 5645 eius
665 5581 972 5649 prudentia,
993 5581 1272 5652 animique
1302 5580 1612 5652 [ii-restantia
1635 5601 1698 5640 ac
1724 5587 2100 5658 magnitudine

521 5669 670 5739 loqui
711 5670 856 5726 licet.
898 5671 1066 5728 Nobis
1101 5685 1283 5728 autem
1325 5674 1377 5730 id
1420 5678 1795 5747 propositum,
1835 5697 1940 5736 non
1978 5694 2096 5737 uta

593 5847 637 5882 â€
664 5847 682 5902 Î¹
714 5849 840 5904 Cor.
869 5866 927 5918 Î¹Î¹,
957 5853 1020 5908 10
1049 5870 1064 5920 ;
1094 5853 1115 5908 f
1151 5855 1276 5910 Cor.
1312 5869 1370 5922 Î¹Î¹,
1411 5854 1494 5910 15.
1574 5854 1617 5888 Â³Î¿
1650 5853 1835 5911 Jacob.
1869 5870 1951 5925 Î¹Î¹Î¹,
1988 5856 2074 5911 15.

2202 4667 2345 4722 datis
2388 4669 2558 4738 probe
2609 4669 2964 4739 perfunctus,
3034 4689 3224 4728 eorum
3276 4677 3424 4731 cultu
3493 4679 3773 4733 Clu-istum

2201 4758 2577 4828 appetibifium
2628 4775 2945 4829 supremmn
2989 4764 3133 4818 votis
3198 4767 3648 4835 persequebatur.
3696 4769 3775 4823 Ae

2201 4852 2342 4906 sicut
2373 4853 2551 4921 pueri,
2595 4868 2719 4908 cum
2753 4856 3048 4910 teneriores
3093 4857 3394 4912 decurrunt
3435 4876 3644 4921 annos.
3692 4862 3775 4915 in-

2202 4939 2485 4996 fantilibus
2534 4943 2685 4999 scitis
2727 4944 2954 5014 vitazque
2987 4945 3289 5002 rationibus
3329 4949 3568 5012 educati,
3602 4951 3772 5004 moriâ€”

2201 5033 2303 5088 bus
2341 5049 2556 5105 quoque
2593 5050 2655 5090 ac
2686 5037 2863 5092 seusis
2894 5038 3187 5108 puerilibus
3219 5048 3465 5107 utuntur,
3514 5042 3568 5096 in
3625 5043 3774 5097 viros

2201 5135 2380 5178 autem
2415 5137 2809 5193 promoventes,
2841 5127 3088 5196 cogitatis
3115 5142 3178 5181 ac
3210 5129 3405 5185 studiis
3438 5145 3558 5199 qua:
3597 5131 3774 5201 magis

2201 5214 2349 5268 viros
2379 5215 2634 5281 deceant,
2672 5217 3027 5287 consequenti
3071 5218 3281 5273 ratione
3328 5222 3627 5285 accedunt,
3697 5221 3771 5276 ita

2203 5323 2414 5378 nempe,
2453 5316 2510 5362 ut
2535 5323 2600 5362 eo
2631 5309 2774 5379 quod
2805 5309 3100 5379 perfectum
3133 5318 3238 5378 est,
3267 5313 3488 5381 puerilis
3518 5313 3624 5368 illis
3648 5329 3770 5368 sen-

2201 5415 2296 5454 sus
2338 5414 2402 5452 ac
2444 5398 2715 5455 institutio
2773 5400 3058 5455 abolentur
3094 5418 3108 5455 :
3150 5400 3229 5457 sic
3281 5417 3501 5473 quoque
3544 5420 3774 5474 magnus

2199 5490 2319 5554 iste,
2355 5490 2613 5561 quidquid
2661 5501 2787 5546 ante
2845 5492 3119 5546 lavacrum
3162 5493 3239 5546 illi
3283 5492 3607 5564 disciplinae,
3652 5505 3766 5549 tum

2200 5581 2267 5637 ad
2294 5581 2677 5648 eruditionem,
2709 5592 2819 5638 tum
2847 5583 2912 5638 ad
2936 5582 3179 5640 actiones
3209 5600 3496 5655 moresque
3521 5596 3774 5654 spectans

2201 5676 2537 5734 elaboratum
2577 5676 2772 5744 fuerat,
2812 5685 3068 5748 tanquam
3111 5678 3370 5750 puerilem
3419 5693 3642 5735 sensum
3686 5695 3772 5734 rc-
