4092 6620
326 446 430 512 415

1037 440 1316 503 ORATIO
1351 441 1478 502 XX.
1519 467 1584 478 -
1610 440 1694 502 IN
1733 439 2048 502 LAUDEM
2083 439 2145 500 S.
2186 436 2565 499 GREGORII
2597 437 2874 500 TIIEOL.

3479 432 3586 496 446

326 567 581 632 linquens
611 604 626 630 ,
685 561 934 632 quinimo
982 577 1045 616 ca
1093 577 1192 617 ceu
1245 563 1558 616 rudimento
1623 562 1904 632 primaque
1932 561 1983 620 Λ
2007 572 2072 612 eo
2100 558 2356 612 omnibus
2387 556 2548 611 simul
2567 553 2820 624 parandis
2844 551 3134 608 virtutibus
3158 550 3340 607 studio
3367 550 3583 605 incum-

325 650 670 705 institutione
712 651 778 704 ad
832 648 1214 719 perfectionem
1263 651 1650 718 capessendam
1699 661 1900 713 utens,

322 743 686 808 aposmlieum
715 742 843 796 illud
869 743 1070 811 juther
1096 756 1257 810 opere
1286 742 1543 811 implebat
1568 761 1580 795 :
1616 743 1747 809 Qua:
1775 752 1898 796 sunt

323 842 464 884 retro
489 833 817 897 Oblivisceris,
877 833 946 885 ad
975 849 1034 886 ea
1071 849 1187 886 vero
1211 850 1329 903 qua:
1353 851 1385 887 τι
1415 835 1588 904 fronte
1616 834 1902 888 secundum

322 921 605 988 pra-ﬁxum
639 923 844 993 signum
869 923 937 975 ad
963 924 1198 976 brevium
1228 940 1465 994 superna:
1497 927 1784 980 vocationis
1809 942 1902 979 ex-

323 1014 538 1065 trudens
572 1016 823 1083 meipsum
849 1017 918 1070 υ.

390 1106 531 1157 Cum
561 1108 706 1159 enim
737 1106 951 1160 duobus
987 1107 1163 1162 modis
1199 1107 1433 1176 spectari
1472 1088 1895 1178 philosophiam,

319 1195 522 1248 nedum
568 1195 638 1249 ab
678 1197 746 1250 iis
789 1197 880 1265 qui
924 1197 1057 1252 foris
1098 1207 1260 1263 sunt,
1293 1199 1392 1253 sed
1421 1209 1473 1252 et
1509 1215 1539 1252 a
1581 1200 1783 1254 nostris
1806 1217 1902 1255 ex-

319 1282 595 1350 ploratum
643 1284 886 1349 haberet,
929 1296 1042 1339 tum
1084 1302 1278 1356 nempe
1312 1289 1567 1353 rationis,
1613 1297 1724 1342 tum
1767 1305 1903 1342 con-

323 1364 698 1443 templationis
743 1377 1001 1442 ratione;
1051 1377 1280 1447 profana
1336 1379 1553 1448 quidem
1606 1380 1672 1435 iis
1715 1381 1899 1436 relicta

320 1465 412 1531 qui
442 1465 598 1530 foris
637 1475 766 1521 sunt
821 1483 890 1522 ac
938 1467 1181 1537 profanis
1208 1510 1222 1534 ,
1259 1468 1374 1539 ipse
1418 1469 1495 1524 illi
1529 1487 1651 1539 quae
1685 1471 1899 1525 interna

314 1566 400 1610 est
433 1559 610 1612 solum
639 1561 1048 1616 inhaareseebat.
1107 1560 1162 1615 Id
1216 1562 1474 1616 nimirum
1501 1579 1627 1618 vere
1657 1565 1899 1633 philoso-

317 1647 506 1715 phiam
547 1650 771 1710 ducens,
807 1660 864 1704 ut
897 1667 925 1704 a
972 1652 1178 1705 mundo
1225 1652 1425 1707 animis
1464 1653 1897 1724 abrumperctur,

316 1753 650 1809 omnemque
692 1742 745 1796 in
785 1757 851 1797 eo
889 1743 1266 1796 confusionem
1331 1759 1394 1798 ac
1431 1746 1896 1814 perturbationem

318 1828 752 1894 transcenderet,
799 1830 1011 1899 solique
1075 1834 1265 1901 prima:
1329 1848 1393 1887 ac
1439 1834 1738 1890 verissimae
1790 1837 1896 1890 luci

316 1929 417 1984 per
449 1931 634 1970 veram
661 1933 727 1973 ac
754 1920 1024 1975 sinceram
1050 1929 1161 1975 tum
1191 1921 1331 1988 vitae,
1359 1931 1472 1977 tum
1497 1923 1775 1988 doctrinae,
1809 1941 1896 1979 ra-
1932 1899 1969 1952 Β

314 2007 520 2061 tionem
542 2009 883 2076 misceretur,
928 2011 1077 2066 omni
1104 2013 1288 2069 studio
1347 2015 1896 2088 oervicacissimaque

312 2098 596 2167 diligentia
631 2102 682 2155 id
709 2103 1041 2158 enitebatur.

384 2189 695 2261 lntelligens
743 2202 946 2259 autem,
994 2212 1098 2250 non
1152 2198 1257 2251 alia
1312 2212 1370 2252 se
1418 2199 1710 2254 ratione“
1749 2203 1893 2269 quod

313 2280 458 2335 votis
497 2281 826 2352 efﬂagitabat
877 2284 1018 2340 felici
1064 2303 1324 2343 successu
1375 2289 1635 2358 consequi
1692 2305 1891 2359 posse,

312 2388 481 2440 quam
513 2373 558 2426 si
597 2375 713 2444 ipse
757 2391 785 2428 a
817 2392 876 2432 se
926 2379 1145 2433 virtutis
1174 2380 1442 2434 actionem
1479 2381 1702 2445 coleret,
1741 2383 1891 2436 coali-

311 2471 508 2533 tusqoe
551 2480 582 2517 a
617 2463 818 2534 Spiritu
903 2469 1166 2523 auxilium
1237 2484 1506 2539 opemque
1555 2471 1824 2526 obtineret
1877 2489 1891 2526 :

308 2567 432 2606 esse
469 2553 614 2606 enim
657 2555 858 2623 pariter
887 2571 1230 2613 communem
1268 2561 1391 2613 boni
1422 2560 1763 2630 adeptionem
1829 2578 1892 2617 ac

309 2644 866 2713 consummationem,
898 2664 1021 2702 cum
1058 2649 1266 2704 scilicet
1314 2649 1458 2706 Deus
1493 2651 1723 2714 semina,
1764 2667 1892 2707 nos-

308 2749 436 2803 que,
500 2743 560 2789 ut
619 2735 793 2802 decet,
847 2742 1215 2808 operationem
1257 2740 1604 2798 conferamus
1655 2743 1777 2812 (2):
1827 2759 1891 2798 ac

311 2825 553 2896 Spiritus
574 2831 794 2898 quidem
828 2841 885 2886 ut
922 2832 1124 2886 bonum
1161 2835 1412 2899 velimus,
1447 2836 1801 2906 adlatumque
1834 2836 1886 2889 in

304 2918 465 2974 nobis
512 2922 760 2991 mystice,
799 2923 1173 2994 secretiusque
1223 2933 1496 2994 operetur,
1560 2943 1662 2982 nos
1705 2935 1887 2980 autem

311 3013 554 3082 Spiritus
588 3017 758 3071 secuti
796 3018 1110 3082 consilium,
1156 3021 1344 3088 probae
1379 3021 1577 3076 mentis
1613 3022 1888 3090 proposito

304 3102 380 3157 illi
404 3119 761 3174 cooptarentur
795 3126 810 3164 :
845 3110 960 3164 haec
985 3111 1166 3180 itaque
1193 3112 1276 3164 vir
1304 3113 1393 3166 ille
1423 3114 1693 3182 magniﬁci
1719 3113 1887 3167 animi

304 3198 579 3266 cogitans,
617 3208 1008 3270 perspectoque
1045 3217 1208 3271 quam
1243 3203 1295 3256 in
1327 3204 1540 3272 oppidis
1602 3213 1765 3274 atque
1796 3221 1886 3257 ur-

306 3287 507 3342 banam
556 3291 721 3344 vitam
762 3292 993 3360 agimus,
1043 3295 1392 3364 quandoque,
1425 3297 1492 3350 iis
1519 3297 1755 3350 maxime
1791 3298 1882 3366 qui

305 3380 557 3434 tirocinia
577 3393 807 3451 ponunt,
828 3383 1078 3439 instituto
1109 3385 1322 3440 otﬁcere
1343 3427 1358 3453 ,
1393 3386 1443 3439 id
1477 3397 1580 3454 est,
1611 3403 1896 3457 capessen-

304 3471 388 3524 dae
425 3472 648 3526 sublimi
687 3475 1074 3544 philosOphize,
1125 3488 1344 3546 repente
1389 3493 1447 3532 se
1506 3495 1533 3532 a
1577 3481 1892 3548 parentibus

305 3573 370 3612 ac
391 3561 640 3628 cognatis
674 3563 950 3634 abrumpit
985 3581 1000 3632 ;
1050 3565 1326 3634 abrumpit
1354 3581 1479 3620 vero
1513 3567 1580 3622 ab
1615 3568 1758 3622 omni
1793 3587 1892 3622 sa:-

305 3647 414 3701 culi
459 3663 630 3714 cura;
668 3651 972 3722 tollensque
1020 3654 1183 3722 pedes
1221 3655 1277 3708 in
1308 3655 1579 3709 desertum
1627 3658 1888 3727 agebatur

305 3753 338 3793 a
369 3737 614 3807 Spiritu.

374 3830 452 3884 Ac
470 3830 615 3884 sicut
646 3847 839 3901 magna
868 3831 1028 3888 Verbi
1062 3848 1186 3899 vox,
1221 3851 1286 3891 ac
1319 3852 1438 3905 qua!
1471 3837 1544 3890 illi
1577 3838 1882 3906 praecurrit,

299 3921 760 3989 przcclarissimus
801 3921 1036 3978 Joannes
1057 3969 1071 3986 ,
1105 3927 1382 3995 prophetis
1411 3929 1665 3982 omnibus
1712 3929 1885 3999 major

299 4027 408 4081 qua
442 4012 518 4066 illi
562 4013 790 4067 vicinior
819 4031 979 4084 quem
1016 4017 1397 4086 prophetarum
1428 4021 1723 4091 tangebant
1760 4035 1885 4074 ora-

300 4104 447 4167 cula,
497 4103 729 4157 Domino
757 4107 1099 4174 praedicatus,
1138 4124 1260 4164 cum
1289 4110 1506 4165 deserto
1536 4113 1684 4180 prius
1739 4113 1875 4166 Dee-

300 4207 413 4262 que
463 4195 796 4261 vocasset",
828 4197 1143 4268 eximieque
1176 4203 1300 4255 vita:
1330 4203 1478 4256 cultu
1537 4219 1600 4257 ae
1638 4205 1886 4258 eminen-

303 4282 432 4336 tiori
463 4286 919 4354 contemplatione
957 4299 1210 4358 superata
1258 4301 1508 4346 creatura
1547 4292 1612 4357 ”,
1649 4294 1882 4347 creatori

301 4375 529 4443 propius
569 4376 886 4432 adluesisset
919 4396 932 4432 :
971 4389 1094 4449 post
1123 4381 1238 4436 hate
1277 4383 1461 4452 utique
1515 4395 1640 4438 ante
1673 4383 1881 4438 Domini

300 4460 497 4516 faciem
545 4463 822 4531 incedens,
873 4466 1017 4521 illius
1070 4469 1187 4523 vias
1240 4474 1449 4540 paravit
1475 4473 1556 4525 ’δε
1600 4473 1680 4526 sic
1727 4473 1884 4541 plane

2004 649 2187 708 bebat,
2237 647 2451 702 actione
2502 646 2719 716 quidem
2764 646 2830 701 iis
2880 645 3183 713 defungens
3211 659 3331 711 qua:
3370 642 3586 697 actione

2004 748 2277 806 constant,
2331 739 2785 807 contemplatione
2836 747 3017 792 autem
3070 737 3158 803 iis,
3199 753 3320 806 quae
3342 744 3585 790 contem-

2005 831 2242 902 platione
2268 851 2280 884 :
2311 833 2412 896 vel,
2450 831 2663 885 actione
2695 831 2935 900 quidem,
2969 830 3034 884 ad
3067 845 3128 883 ea
3169 845 3293 899 qua:
3338 837 3588 882 contem-

2002 922 2257 992 plationis
2296 931 2444 989 sunt,
2475 938 2844 991 promovens;
2893 921 3353 990 contemplatione
3397 926 3582 972 autent

2004 1028 2067 1067 ea
2098 1013 2200 1067 sibi
2240 1011 2526 1067 familiaria
2561 1013 2792 1068 reddens
2825 1029 2946 1082 qua:
2985 1022 3112 1068 sunt
3147 1011 3404 1066 actionis.

2071 1105 2140 1157 At
2166 1120 2410 1172 quantam
2445 1104 2586 1157 actio
2611 1105 2840 1172 ?0perm
2867 1105 3100 1174 pretium
3136 1105 3278 1156 enim
3307 1100 3583 1163 existimo,

2003 1203 2060 1248 ut
2094 1209 2187 1263 per
2211 1194 2457 1255 virtutes,
2486 1195 2686 1264 quibus
2732 1196 2822 1248 illa
2855 1195 3144 1265 magniﬁce
3179 1191 3426 1264 splendet
3458 1201 3586 1246 ante

1999 1285 2538 1355 contemplationem,
2565 1300 2685 1338 eam
2719 1285 3087 1354 designemus.
3120 1281 3378 1348 Quaenam
3421 1281 3585 1352 igitur

2000 1390 2127 1433 sunt
2151 1377 2422 1430 virtutes?
2472 1376 2715 1430 Primum
2748 1377 2964 1444 quidem
3000 1376 3152 1428 ﬁrma
3194 1374 3452 1436 solitudo,
3487 1388 3584 1427 seu

1999 1469 2181 1538 quies,
2219 1482 2283 1520 ac
2332 1467 2711 1524 mundissima.
2740 1466 3010 1529 Solitudo,
3038 1466 3280 1535 inquam,
3333 1479 3397 1519 ac
3426 1463 3583 1533 quies

2001 1559 2170 1614 animi
2209 1559 2413 1628 pariter
2442 1567 2496 1614 ct
2547 1559 2815 1628 corporis.
2847 1558 2962 1612 Non
2995 1559 3139 1611 enim
3183 1557 3284 1611 loci
3318 1557 3587 1610 duntaxat

2001 1650 2255 1720 praesidio
2287 1665 2345 1705 se
2389 1659 2501 1704 tttm
2533 1651 2808 1713 civilibus,
2851 1660 2964 1704 tum
2993 1650 3288 1704 rusticanis
3311 1651 3587 1705 subduce-

2000 1743 2094 1797 bat
2130 1743 2471 1807 tumultibus,
2511 1743 2600 1798 sed
2645 1744 2802 1813 longe
2841 1743 3016 1813 magis
3051 1745 3102 1797 in
3137 1759 3195 1799 se
3243 1744 3358 1812 ipse
3388 1741 3587 1798 mentis

1999 1832 2330 1895 constantia,
2372 1848 2538 1901 seque
2565 1833 2762 1898 medio,
2802 1833 2856 1886 in
2897 1831 3066 1886 Deum
3099 1847 3419 1894 conversus,
3458 1847 3582 1886 mo-

2001 1923 2154 1978 rihus
2180 1921 2359 1992 potius
2395 1921 2741 1976 solitudinem
2786 1937 2849 1975 ac
2907 1922 3149 1990 quietem
3183 1920 3366 1974 obibat
3396 1936 3412 1985 ;
3445 1929 3593 1972 tran-

2001 2015 2337 2085 quillamque
2397 2028 2462 2067 ac
2523 2019 2866 2065 mansuetam
2914 2011 3080 2063 animi
3138 2009 3584 2064 constitutionem

2001 2110 2250 2175 adeptus,
2280 2106 2334 2159 in
2366 2120 2472 2174 qua
2507 2105 2652 2157 velut
2677 2101 2946 2172 pellucido
2974 2101 3194 2170 speculo
3245 2115 3310 2154 ac
3334 2098 3584 2154 mundis-

2001 2197 2163 2259 simo,
2209 2195 2508 2252 caelestium
2559 2193 2983 2247 illustrationum
3035 2191 3583 2260 repraesentationes,

2001 2288 2234 2342 terrenis
2269 2286 2639 2356 itnpermistas
2671 2285 2859 2354 ﬁguris
2921 2298 2982 2338 ac
3021 2283 3426 2345 seducentibus,
3460 2297 3587 2336 sus-

1999 2379 2258 2449 cipiebat.

2069 2467 2209 2523 Tum
2243 2483 2372 2522 vero
2399 2469 2678 2523 meditatio
2711 2469 2932 2524 robusta
2986 2469 3265 2538 jngisque.
3308 2463 3586 2518 Meditatio

2000 2577 2281 2618 sacrorum
2314 2559 2550 2630 Spiritus
2591 2563 2954 2628 eloquiorum,
2999 2577 3121 2630 qua:
3158 2559 3355 2613 nedum
3401 2556 3582 2621 labiis,

1998 2653 2092 2708 sed
2121 2662 2176 2706 et
2203 2653 2369 2706 corde
2396 2667 2520 2706 vere
2549 2655 2601 2706 in
2639 2653 2896 2723 mysterio
2929 2651 3276 2721 proferantur
3306 2666 3320 2714 ;
3355 2662 3586 2716 eamque

1996 2745 2155 2813 plane
2207 2743 2276 2797 ob
2313 2760 2446 2806 rem,
2477 2759 2583 2798 non
2629 2754 2952 2806 atramento,
3001 2743 3094 2796 sed
3143 2739 3345 2810 Spiritu
3398 2739 3584 2794 animo

1998 2835 2389 2891 inscribantur.
2414 2836 2672 2890 Prerandi
2703 2846 2883 2890 autem
2909 2835 3149 2890 studium
3187 2834 3369 2904 jugalc
3391 2843 3586 2885 itaetus

1998 2929 2355 2992 meditationi,
2399 2930 2729 2984 indivulsom
2782 2945 2810 2982 a
2843 2927 2951 2982 Deo
2991 2928 3234 2981 animum
3281 2923 3583 2978 obtinebat.

1996 3023 2466 3090 Quemadmodum
2501 3023 2645 3078 enim
2682 3039 2881 3093 corpus
2911 3019 3225 3076 solitudinis
3255 3018 3428 3079 cultu,
3457 3017 3578 3070 aui-

2005 3130 2263 3182 mumqne
2294 3115 2662 3168 meditat'onis
2696 3114 2745 3167 \i
2779 3127 3102 3168 consecrare
3135 3110 3243 3162 Ι)υο
3280 3108 3582 3178 satagebat,

1997 3208 2074 3259 sic
2103 3206 2283 3274 utipie
2323 3206 2487 3258 etiam
2535 3214 2768 3259 mentem
2819 3204 3041 3275 jugihus
3087 3200 3582 3271 supplicationibus

1997 3297 2208 3352 instans
2249 3297 2473 3366 Spiritui
2509 3299 2820 3363 ropulabat.

2065 3387 2200 3441 Cum
2237 3394 2418 3440 autem
2450 3387 2502 3440 in
2537 3387 2620 3440 his
2651 3387 2848 3448 tribus,
2883 3385 3091 3440 ratione
3121 3383 3350 3448 scilicet,
3386 3382 3486 3445 ira,
3519 3396 3584 3435 ac

1992 3477 2313 3548 cupiditate.
2347 3478 2585 3532 hominis
2613 3485 2758 3532 lotus
2787 3478 3006 3531 animus
3038 3475 3416 3531 consideretur
3443 3491 3458 3540 ;
3495 3481 3584 3527 at-

1990 3585 2096 3638 que
2131 3570 2196 3621 ad
2247 3569 2511 3622 rationem
2553 3570 2793 3637 quidem,
2843 3577 3100 3637 tanquam
3135 3565 3580 3636 augustissimam

1990 3667 2283 3729 spectetut
2320 3662 2502 3728 przesit
2557 3675 2621 3714 ac
2668 3659 3002 3723 dominetur,
3057 3658 3122 3713 ad
3165 3659 3402 3728 reliquas
3431 3670 3582 3719 vero,

1989 3758 2049 3803 ut
2089 3749 2216 3802 huic
2256 3750 2370 3817 ipsa
2416 3758 2658 3816 pareant,
2711 3757 2874 3818 atque
2910 3748 2977 3802 ab
3014 3763 3078 3801 ea
3132 3757 3390 3816 regantur
3440 3745 3581 3815 (hinc

1988 3838 2133 3892 enim
2159 3838 2258 3892 viri
2293 3837 2552 3906 perfectio
2579 3837 2693 3908 est)
2726 3839 2929 3892 virtute
2961 3837 3284 3906 perfunctos
3315 3853 3439 3906 qua:
3463 3836 3582 3890 cui-

1987 3945 2094 4000 que
2127 3930 2293 3983 animi
2325 3930 2461 3998 parti
2498 3939 2622 3999 apta
2655 3929 2728 3983 sit
2791 3945 2853 3984 ac
2887 3929 3214 3983 conveniens
3245 3945 3260 3994 ;
3295 3929 3460 3998 inque
3497 3927 3582 3982 bis

1987 4035 2201 4074 summa
2219 4021 2303 4073 vir
2328 4036 2555 4089 magnus
2578 4020 2921 4088 philosophia
2949 4029 3247 4089 spectatus,
3267 4027 3578 4086 temperan-

1988 4110 2115 4161 tiam
2143 4110 2360 4177 quidatn
2391 4108 2672 4177 cupiditati
2708 4108 2952 4176 praeﬁcit,
2984 4122 3105 4176 quae
3129 4107 3340 4161 scilicet
3370 4105 3570 4160 nedum

1985 4201 2282 4254 necessarii
2314 4200 2443 4263 cibi,
2488 4199 2777 4267 somnique
2812 4207 3016 4268 partem
3047 4199 3340 4251 maximam
3380 4212 3579 4265 ampu-

1985 4299 2142 4353 taret,
2167 4293 2260 4346 sed
2299 4301 2352 4345 et
2379 4293 2591 4345 cunctis
2611 4291 2862 4346 sensibus
2892 4291 3081 4344 modos
3133 4289 3460 4358 regulasque
3481 4290 3576 4344 de-

1983 4385 2205 4446 ﬁniret;
2255 4384 2682 4453 pulchritudinis
2752 4398 2816 4438 ac
2871 4381 3060 4436 forma:
3106 4381 3415 4450 cupidinem
3457 4395 3577 4434 om-

1985 4489 2110 4529 nem
2145 4474 2411 4535 aboleret,
2440 4487 2712 4542 omneque
2746 4487 2928 4526 rerum
2965 4470 3350 4526 intereuntium
3392 4485 3456 4525 ac
3481 4485 3576 4524 ca-

299 4552 799 4623 etiamGregorius,
825 4559 1002 4612 szeculi
1037 4561 1211 4614 turbis
1257 4561 1488 4631 ejusque
1519 4563 1636 4617 salo
1665 4564 1877 4632 placide
1908 4582 1952 4637 ι)
1982 4567 2246 4620 ducarum
2309 4564 2638 4619 desiderium
2711 4573 2935 4620 necaret
2976 4581 2990 4631 ;
3048 4563 3357 4618 membrum
3410 4578 3576 4617 omne

300 4645 453 4713 prius
476 4645 720 4712 avulsus,
751 4649 968 4728 vitaque
999 4650 1390 4721 imperturbata
1444 4664 1606 4722 atque
1632 4654 1701 4707 ab
1725 4654 1876 4708 omni

300 4733 586 4800 pravitatis
613 4737 940 4792 commercio
964 4739 1154 4805 libera,
1185 4749 1362 4795 mente
1388 4742 1634 4796 sublimis
1659 4743 1832 4798 factus
1856 4759 1872 4808 ;

296 4839 478 4893 exque
545 4824 744 4881 divinis
777 4827 979 4896 (quoad
1013 4831 1360 4902 concessum)
1403 4835 1876 4903 contemplationi-

298 4912 400 4970 hus
452 4916 654 4971 deitate
701 4917 942 4975 imbutus
975 4959 990 4984 ,
1050 4922 1248 4976 nedum
1313 4924 1644 4992 pmoitentia:
1708 4934 1874 4994 atque

299 5006 644 5076 baptismatis
673 5011 984 5068 hominibus
1017 5029 1214 5083 prazco,
1248 5017 1341 5070 sed
1371 5027 1426 5070 et
1454 5017 1603 5072 omni
1649 5018 1875 5087 majoris

298 5099 630 5166 perfectione
688 5103 1216 5176 absolutissitnteque
1244 5105 1528 5163 Trinitatis
1564 5111 1821 5179 magister
1846 5127 1876 5166 c

296 5187 514 5244 deserto
552 5193 838 5251 emittitur.
878 5195 932 5250 ld
964 5211 1145 5251 autem
1187 5199 1364 5252 oratio
1397 5213 1654 5268 processu
1695 5199 1876 5254 deela-

297 5281 460 5334 rabit.

368 5373 582 5429 Etenim
621 5391 875 5448 magnum
908 5379 1128 5450 quidem
1161 5379 1444 5448 Basiliam,
1476 5382 1554 5437 uti
1587 5385 1736 5452 prius
1752 5384 1872 5454 ejus

295 5463 657 5533 philosophia:
709 5485 832 5538 qua:
877 5487 979 5527 usu
1029 5473 1278 5529 saeculari
1325 5475 1511 5540 venit,
1556 5475 1629 5528 ita
1683 5486 1869 5545 postea

295 5556 558 5624 spiritalis
600 5560 902 5629 adjutorem
959 5565 1284 5637 sociumque
1314 5567 1600 5633 adhibens,
1633 5569 1715 5625 sic
1744 5585 1868 5625 cum

1984 4673 2311 4726 omnemque
2341 4665 2548 4710 motum
2614 4657 2902 4726 disciplina
2942 4665 3294 4726 componeret
3333 4672 3396 4710 ac
3429 4671 3575 4712 corn-

1981 4753 2266 4822 primcret,
2349 4753 2648 4823 mentique,
2698 4768 2818 4822 quae
2863 4761 2946 4807 est
2993 4751 3356 4824 prastantior,
3405 4751 3574 4821 subji-

1982 4854 2153 4899 CCI‘OI.

2053 4933 2264 4988 ltursus
2312 4948 2441 4988 vero
2491 4933 2957 4988 mansuetudinem
3015 4932 3111 4986 ira:
3155 4932 3437 4986 adversam
3475 4931 3562 4984 in-

1981 5024 2140 5077 struit
2176 5042 2188 5077 :
2224 5023 2277 5077 in
2309 5039 2415 5094 qua
2451 5024 2710 5078 nimirum
2748 5024 2928 5078 omnis
2977 5021 3028 5075 ei
3059 5023 3229 5076 animi
3263 5022 3570 5075 amaritudo
3635 5058 3646 5067 .

1977 5115 2180 5186 iraeque
2203 5117 2434 5186 impetus
2474 5118 2781 5172 solveretur
2816 5133 2831 5181 ;
2864 5116 3172 5171 solveretur
3203 5122 3383 5168 autem
3421 5112 3570 5165 blas-

1976 5209 2193 5277 phemia
2233 5218 2287 5264 et
2331 5211 2539 5263 clamor
2575 5228 2588 5264 :
2635 5225 2700 5263 ac
2756 5209 2975 5278 quidem
3028 5207 3232 5260 malitia
3270 5204 3452 5259 omnis
3503 5219 3568 5257 ac

1979 5314 2178 5355 rancor
2210 5302 2339 5371 (ira:
2368 5301 2575 5356 scilicet
2624 5300 2764 5355 mala
2795 5299 3037 5370 germina
3069 5298 3090 5367 )
3119 5297 3336 5366 penitus
3364 5293 3566 5349 evelle-

1977 5400 2212 5458 rentur;
2269 5393 2522 5461 velutque
2567 5409 2632 5447 ex
2677 5392 2917 5462 perfecta
2959 5391 3172 5456 radice,
3211 5404 3277 5443 ex
3313 5387 3560 5453 lenitate,

1976 5483 2157 5536 omnis
2211 5483 2266 5537 in
2301 5499 2366 5538 eo
2397 5484 2700 5554 benignitas
2733 5493 2900 5554 atque
2951 5481 3194 5552 probitas
3226 5478 3559 5551 germinaret

1978 5589 2044 5630 ac
2073 5574 2359 5630 cﬁlorcret.

365 5690 407 5723 "
444 5690 589 5748 Phil.
630 5707 716 5762 tu,
759 5698 844 5752 15.
917 5699 964 5733 δ’
995 5699 1185 5757 Matth.
1238 5719 1310 5772 tv,
1341 5703 1368 5759 1
1405 5722 1418 5761 :
1453 5703 1584 5764 Luc.
1618 5721 1688 5776 tv,
1726 5707 1777 5763 1.
1853 5708 1889 5742 ⁸³

1993 5717 2119 5768 itth.
2147 5728 2221 5780 xi,
2262 5713 2345 5768 ll.
2423 5712 2468 5746 “
2493 5710 2624 5768 Luc.
2653 5729 2690 5781 t,
2725 5711 2811 5769 76.

365 5847 444 5920 (:23
475 5848 661 5923 Greg.,
700 5864 839 5912 orat.
869 5856 938 5912 38
964 5869 1018 5916 ct
1041 5859 1129 5916 42.
