4092 6614
535 397 640 458 447

1736 407 2030 468 NICET/E
2067 410 2517 478 PAPIILAGON
2524 419 2595 478 IS

3695 433 3810 499 418

608 506 924 562 Modestiam
949 517 1129 565 autem
1170 510 1567 581 (humilitatem
1598 513 1824 584 vocant)
1859 525 2110 570 ornatum
2141 516 2190 577 A
2215 535 2322 588 que
2348 537 2414 576 ac
2439 534 2676 582 mentem
2709 527 3108 604 circumseptus
3136 549 3201 590 ac
3250 540 3603 606 emundatus,
3630 546 3696 599 ad
3725 548 3810 601 dt-

535 602 800 666 optimum
847 599 1045 656 rationi
1090 601 1358 672 imponit;
1413 603 1464 658 in
1523 621 1630 675 qua
1660 605 1873 662 inanem
1902 625 2117 665 omnem

536 699 699 759 atque
746 690 947 744 elatum
1001 694 1167 746 animi
1209 709 1430 749 sensum
1503 707 1654 752 esset
1720 700 2116 764 destructurus,

536 795 867 851 omnemque
922 782 1263 839 altitudinem
1291 827 1306 852 ,
1361 789 1708 844 extollentem
1755 807 1814 846 se
1859 793 2119 848 adversus

535 875 966 940 praestantiorem
1009 876 1316 943 scientiam,
1360 894 1798 950 compressurus.
1845 884 2120 950 Quemad-

536 963 758 1016 modum
789 966 932 1018 enim
965 966 1016 1020 in
1048 967 1151 1021 hoc
1181 968 1318 1022 ratio
1354 973 1653 1028 constituta
1686 985 1791 1042 cst,
1826 987 1882 1031 ut
1907 978 2117 1045 cupidi-

535 1055 659 1108 tatis
681 1054 957 1110 lasciviant
992 1062 1362 1128 temperantiae
1385 1063 1454 1128 vi,
1506 1063 1705 1135 iraeque
1743 1067 2113 1125 inconsultum

531 1146 794 1217 impetum
818 1150 1039 1206 leuitate
1079 1164 1392 1223 retorqueat
1416 1174 1431 1222 ;
1459 1159 1538 1212 sic
1565 1175 1784 1230 quoque
1813 1179 1972 1217 suum
1999 1165 2114 1234 ipsa

531 1250 797 1296 tumorem
854 1259 918 1299 ac
978 1247 1292 1315 superbiam
1375 1251 1641 1307 modestia
1698 1257 1970 1326 castigans
2053 1275 2117 1314 ac

530 1335 923 1403 comprimens,
979 1339 1123 1406 piant
1194 1356 1252 1395 se
1295 1344 1742 1415 modestamque,
1795 1357 1852 1402 ut
1900 1351 2116 1405 Christo

529 1424 768 1490 obcdiat,
807 1428 1076 1496 captivam
1113 1430 1337 1486 addicit.

603 1515 758 1570 Sicut
784 1527 963 1572 autem
989 1529 1196 1576 natura:
1225 1523 1340 1592 ipsa
1369 1525 1417 1578 vi
1446 1540 1510 1581 ac
1541 1527 1752 1584 ratione
1789 1530 1899 1583 lilio
1931 1547 2115 1588 comes

532 1607 816 1679 flagrantia
849 1621 952 1674 est,
999 1614 1079 1668 sic
1111 1625 1165 1669 et
1211 1617 1293 1671 his
1344 1617 1639 1676 virtutibus
1685 1624 1852 1676 animi
1898 1642 2112 1681 summa

533 1703 933 1772 tranquillitas,
966 1721 1089 1760 cum
1139 1708 1263 1777 quis
1296 1710 1402 1764 illis
1442 1711 1757 1780 perfunctus
1805 1725 1908 1770 est.
1943 1715 2116 1772 Tran-

532 1793 796 1860 quillitas,
829 1796 1118 1852 affectuum
1145 1815 1416 1869 recessus,
1443 1806 1686 1859 omnium
1707 1807 2109 1876 aegritudinum,

2226 611 2364 667 vium
2401 609 2692 685 Sapientiae
2721 621 2920 676 celsam
2955 625 3138 679 evadit
3161 642 3368 683 arcem.

2293 703 2374 758 Ad
2430 709 2678 764 timerent
2733 722 2936 780 autem,
2971 715 3345 774 fortitudinem
3402 737 3468 776 ac
3509 724 3803 781 consilium

2221 808 2545 865 assumens;
2584 801 2783 870 prioris
2824 804 2930 868 usi,
2987 808 3186 862 nedum
3253 810 3518 866 adversus
3573 815 3810 871 affectus

2221 885 2476 955 vitiaqne,
2511 906 2697 946 verum
2731 895 2894 948 etiam
2941 896 3216 955 daemones
3267 903 3438 957 robur
3487 905 3680 971 induit,
3737 921 3806 962 ac

2219 979 2597 1037 confirmatur.
2633 983 2743 1040 Nec
2779 1002 2910 1040 vero
2958 998 3151 1044 contra
3213 993 3314 1048 hos
3367 995 3567 1062 solum,
3611 998 3707 1051 sed
3748 1007 3806 1052 et

2219 1079 2408 1124 contra
2447 1073 2624 1142 ipsum
2657 1076 2956 1146 principem
2990 1084 3277 1150 potestatis
3338 1086 3484 1142 aeris
3515 1089 3560 1122 ⁵⁸
3594 1103 3802 1142 conva-

2219 1157 2376 1216 lescit
2421 1179 2564 1218 :nec
2595 1176 2788 1221 contra
2837 1168 2994 1223 illum
3051 1173 3341 1240 duntaxat,
3397 1192 3582 1230 verum
3630 1180 3800 1232 etiam

2218 1263 2410 1310 contra
2447 1257 2599 1325 ipsos
2633 1260 2942 1316 difﬁdentiae
2981 1262 3119 1318 filios
3150 1265 3217 1331 ",
3245 1280 3438 1336 nempe
3466 1267 3802 1337 incredulos,

2215 1345 2307 1414 qui
2334 1345 2455 1413 ejus
2486 1347 2666 1402 afﬂatu
2687 1360 2953 1420 aguntur;
2987 1354 3316 1421 quibuscum
3345 1367 3650 1426 Opportune
3679 1375 3801 1414 cer-

2217 1446 2394 1490 tamen
2428 1439 2826 1496 commissurus
2847 1442 3205 1514 crat.Spiritu
3228 1457 3410 1501 autem
3442 1450 3657 1505 consilii
3686 1468 3798 1506 non

2216 1528 2266 1580 id
2311 1529 2488 1583 solum
2531 1544 2788 1585 serutans
2849 1534 2994 1602 quod
3045 1537 3301 1605 privatim
3359 1540 3583 1609 suisque
3631 1543 3803 1599 rebus

2213 1623 2566 1688 conduceret,
2600 1625 2694 1678 sed
2725 1627 2872 1696 quod
2900 1629 3063 1682 etiam
3094 1631 3346 1686 omnibus
3381 1634 3448 1698 ⁸³,
3478 1643 3571 1688 aut
3597 1635 3799 1704 pleris-

2214 1730 2317 1784 que
2345 1713 2485 1769 foret
2517 1716 2690 1783 utile;
2749 1733 2925 1788 neque
2967 1721 3170 1790 proprii
3217 1723 3551 1778 voluntatem
3586 1727 3791 1796 animi,

2215 1807 2308 1861 sed
2347 1806 2710 1873 Dominicam,
2767 1827 3094 1882 summeque
3143 1814 3340 1868 bonam
3394 1825 3560 1886 atque
3613 1818 3798 1887 peric-

534 1894 646 1938 tum
678 1903 798 1954 qua:
851 1889 1117 1957 animum,
1159 1901 1271 1946 tum
1302 1909 1424 1962 qua:
1459 1910 1657 1965 corpus
1697 1899 1818 1953 labe
1848 1900 2108 1970 alliciunt,
2146 1893 2185 1946 Β
2214 1908 2378 1965 ctam,
2413 1909 2672 1970 tauquam
2725 1903 2927 1971 probus
2950 1903 3188 1960 famulus
3221 1892 3512 1976 explorans
3538 1911 3606 1974 ⁵⁸,
3638 1927 3795 1964 eam-

529 1977 737 2032 cvulsio
787 1994 851 2032 ac
886 1980 1138 2037 interitus
1170 1999 1186 2047 ;
1228 1985 1418 2041 beatus
1445 1996 1642 2054 status,
1674 1991 1927 2061 nullaque
1955 1995 2110 2048 turba

528 2070 778 2138 pulsatus
796 2086 859 2126 ac
879 2073 1126 2129 molestia
1147 2091 1163 2144 ;
1180 2078 1496 2146 angelorum
1517 2080 1645 2148 vita,
1668 2080 1860 2138 futurae
1878 2086 2115 2141 arrhabo

531 2163 832 2220 beatitatis.

596 2252 677 2306 Ad
706 2254 848 2311 hanc
883 2271 1006 2311 cum
1038 2259 1304 2316 evasisset
1333 2261 1555 2320 divinus
1592 2263 1912 2336 Gregorius,
1943 2270 2113 2326 hanc-

530 2359 639 2413 que
680 2348 975 2416 septimnm
1032 2351 1118 2404 sui
1166 2353 1400 2410 actionis
1456 2357 1505 2409 vi
1561 2373 1825 2415 ascensus
1885 2364 2110 2432 gradum

528 2439 834 2505 statuisset,
863 2443 939 2496 illi
971 2443 1226 2514 deinceps
1265 2449 1532 2517 optimum
1594 2467 1659 2507 ac
1691 2454 2108 2512 stabilissimum

533 2532 832 2586 ternarium
871 2533 1159 2601 virtutum,
1192 2537 1345 2594 fidem
1364 2541 1591 2606 scilicet,
1617 2559 1768 2614 spem
1792 2562 1855 2602 ac
1871 2548 2114 2604 eharita-

529 2631 661 2686 tem,
684 2639 780 2677 ceu
804 2628 1229 2694 pulcherrimam
1257 2633 1573 2688 coronidem
1623 2634 1900 2705 imposuit.
1925 2639 2109 2695 Fidem

531 2714 774 2783 quidem.
805 2716 858 2770 in
892 2717 1106 2774 Patrem
1144 2731 1198 2775 et
1236 2722 1432 2778 Filium
1464 2734 1516 2779 et
1540 2725 1803 2795 Spiritum
1836 2741 2109 2797 sanctum,

530 2820 696 2858 unam
722 2805 975 2862 deitatem
995 2820 1049 2864 et
1071 2814 1386 2880 potentiam,
1406 2830 1469 2870 ac
1489 2832 1746 2888 regnum;
1769 2836 1865 2877 ore
1886 2823 2108 2892 quidem

529 2896 799 2952 sinceram
854 2900 1281 2971 confessionem,
1339 2909 1506 2964 corde
1557 2920 1735 2966 autem
1783 2928 1848 2969 ac
1903 2928 2105 2980 mente,

529 2989 1031 3054 comprobationth
1067 2993 1479 3054 irrevocabilcm
1507 3016 1924 3074 assensumque.
1949 3003 2109 3075 Spem

527 3095 682 3144 vero,
716 3082 906 3136 horum
938 3083 1202 3153 ipsorum,
1239 3104 1362 3157 quae
1412 3107 1555 3147 nunc
1588 3094 1821 3150 obscure
1853 3099 2112 3167 tenuique

530 3173 723 3226 umbra
755 3190 820 3228 ex
851 3177 952 3230 fide
991 3180 1364 3250 conspicimus
1384 3183 1429 3216 “
1450 3224 1464 3250 ,
1501 3185 1838 3254 perfectioris
1871 3197 2112 3252 postmo-

528 3264 658 3318 dum
688 3267 1087 3336 explicationis,
1130 3271 1180 3325 id
1215 3283 1321 3338 est,
1371 3277 1720 3333 revelationis
1755 3294 1818 3333 ac
1849 3281 2112 3336 detectio-

529 3355 616 3408 nis
655 3359 1138 3426 exspectationem.
1163 3362 1495 3419 Charitatem
1529 3377 1708 3421 autent
1733 3408 1746 3427 .
1796 3383 2112 3438 supremum

532 3446 760 3516 hujusce
787 3452 948 3504 scala:
979 3453 1241 3521 spiritalis
1278 3471 1563 3512 ascensum
1595 3475 1608 3511 :
1639 3459 1774 3528 legis
1839 3475 2112 3516 summam

531 3553 597 3592 ac
627 3539 1014 3609 prophetarum
1036 3544 1102 3609 ⁸³,
1152 3546 1428 3600 vinculum
1463 3548 1810 3616 perfectionis
1835 3551 1902 3616 ‘7,
1940 3554 2116 3608 conti-

533 3645 718 3695 nuam,
770 3647 835 3686 ac
887 3648 1048 3702 quam
1089 3637 1296 3690 nullum
1349 3637 1569 3692 dirimat
1611 3639 1872 3705 medium,
1918 3646 2115 3700 mentis

533 3724 765 3791 propria:
811 3741 933 3779 cum
975 3726 1088 3782 Deo
1139 3729 1191 3781 in
1244 3728 1446 3797 Spiritu
1490 3747 1584 3800 per
1617 3729 1802 3786 Jesum
1832 3732 2110 3790 Christum

535 3815 853 3870 societatem
889 3829 1051 3888 atque
1074 3835 1413 3890 compagem.

609 3906 769 3961 llisce
799 3908 1072 3964 universis
1112 3911 1431 3977 virtutibus,
1465 3927 1588 3982 quae
1621 3913 1838 3970 actione
1883 3916 2113 3986 ejusque

537 4007 797 4064 gerantur
833 3999 1008 4065 cultu,
1060 4017 1175 4066 eas,
1227 4019 1349 4072 qua:
1407 4005 1606 4059 ntentis
1650 4010 2114 4077 contemplatione

535 4090 1069 4145 consutnn‘tationcm
1102 4091 1325 4157 habent,
1349 4094 1546 4162 :equali
1579 4110 1810 4149 numero
1841 4102 2070 4152 attexuit
2097 4115 2112 4166 ;

535 4178 773 4247 primum
808 4180 1020 4236 scilicet
1055 4185 1421 4253 operationes,
1462 4201 1558 4240 seu
1595 4187 1810 4242 amatus
1846 4188 2112 4256 Spiritus,

539 4286 677 4338 quos
709 4269 948 4340 Spiritus
970 4284 1177 4343 septem
1219 4274 1387 4331 Isaias
1424 4279 1780 4344 nuncupavit.
1831 4279 1894 4334 lli
1921 4297 2113 4351 nempe

537 4375 663 4415 vere
714 4363 1003 4433 primoque
1034 4365 1086 4420 in
1132 4365 1354 4422 Christo
1395 4370 1803 4438 requieverttttt,
1855 4383 1978 4427 orto
2021 4375 2113 4429 illo

535 4467 604 4506 ex
629 4455 814 4508 radice
848 4455 1000 4511 Jesse
1025 4458 1109 4523 ";
1145 4459 1384 4513 secundo
1418 4471 1620 4526 autem,
1659 4463 1770 4527 illa,
1801 4480 1923 4533 quae
1949 4481 2017 4521 ex
2047 4482 2112 4522 co

2213 2007 2318 2061 quc
2360 1992 2485 2047 imis
2521 1995 2724 2048 mentis
2752 1997 3126 2062 penetralibus
3158 1998 3426 2066 formans,
3467 2001 3621 2070 pravi
3650 2017 3793 2056 con-

2213 2082 2321 2137 silii
2354 2097 2526 2151 genus
2568 2098 2730 2138 omne
2757 2087 3010 2142 cavebat.

2287 2175 2545 2230 Pietatem
2595 2177 2911 2248 dogtnatum
2973 2181 3201 2237 veritate
3260 2198 3324 2238 ac
3360 2200 3578 2240 morum
3627 2187 3798 2241 recti-

2221 2266 2410 2321 tudine
2453 2269 2666 2322 colebat
2712 2286 2956 2338 :nempe
3001 2272 3070 2326 ab
3127 2274 3280 2327 omni
3335 2279 3477 2344 turpi
3525 2279 3799 2345 cegitatu,

2214 2359 2476 2427 omnique
2507 2359 2736 2428 profano
2770 2377 3043 2429 sermone,
3091 2380 3156 2420 ac
3207 2367 3388 2420 alieno
3427 2369 3576 2422 omni
3620 2370 3800 2424 haere-

2215 2449 2448 2504 ticorum
2494 2449 2618 2505 fuco
2663 2451 2923 2507 deftecate
2975 2456 3270 2512 mundatus
3293 2497 3310 2521 ,
3347 2458 3400 2512 itt
3434 2460 3631 2515 mentis
3665 2477 3802 2518 vero

2215 2542 2452 2596 novitate
2509 2542 2562 2594 in
2608 2543 2834 2598 Christo
2889 2547 3334 2614 transfortnatus,
3373 2565 3438 2604 ea
3495 2551 3799 2619 plurimum

2213 2635 2563 2700 promovebat
2597 2645 2761 2704 atque
2786 2639 3096 2706 praestabat.

2286 2724 2544 2779 Scientiaa
2574 2735 2777 2792 autem,
2811 2744 2934 2796 quae
2982 2729 3054 2783 sit
3107 2730 3532 2796 intellectilium,
3588 2733 3638 2786 id
3683 2743 3801 2803 est,

2212 2830 2401 2869 eorum
2433 2833 2554 2886 quae
2584 2819 2810 2872 scientia
2845 2829 3170 2886 noscuntur,
3219 2831 3328 2876 tota
3361 2825 3609 2893 quatdatn
3655 2841 3802 2881 con-

2214 2904 2460 2975 fertaque
2499 2908 2808 2975 contuitio;
2866 2909 2943 2962 uti
2994 2911 3161 2964 etiatn
3202 2913 3362 2975 visio,
3397 2930 3587 2968 eorum
3629 2930 3799 2981 aspc-

2211 3006 2355 3059 clus,
2379 3013 2500 3066 quae
2524 2999 2673 3052 cerni
2706 3001 2880 3055 oculis
2917 3011 3185 3070 possunt;
3214 3013 3396 3058 tantus
3429 3006 3480 3059 ei
3533 3007 3801 3063 cumulus

2212 3090 2479 3159 copiaque
2514 3101 2845 3156 accesserat,
2887 3100 3093 3159 quanto
3151 3094 3315 3147 etiam
3367 3111 3476 3163 prae
3535 3097 3802 3151 omnibus

2215 3182 2565 3245 cmundatus,
2601 3183 2667 3234 ad
2701 3181 3002 3251 angelicam
3053 3186 3578 3254 contemplationem
3611 3197 3802 3240 mente

2219 3272 2711 3326 transmutabatur.
2780 3271 2916 3326 Dntn
2971 3274 3142 3329 maris
3200 3291 3447 3340 arenam,
3503 3285 3558 3330 et
3608 3271 3845 3346 guttas

2218 3361 2452 3430 pluviae,
2502 3362 2728 3431 diesque
2789 3363 2978 3418 δευουιί
3039 3367 3452 3420 enumeraveris
3496 3367 3563 3432 ⁵⁵,
3625 3383 3800 3436 quant

2216 3453 2380 3506 etiam
2411 3467 2567 3507 sacra
2587 3453 2707 3523 ejus
2736 3455 2950 3524 eloquia
3003 3457 3371 3527 intelligentiae
3399 3457 3505 3510 vim
3537 3468 3802 3526 pra-stant

2217 3559 2282 3598 ac
2345 3545 2580 3600 fecundo
2649 3547 2820 3602 edunt
2872 3549 3143 3618 germine,
3200 3549 3552 3607 intellexeris.
3611 3549 3802 3606 Secta:

2216 3652 2456 3706 namque
2495 3638 2791 3707 Scriptura:
2825 3656 3046 3707 sensus,
3084 3642 3232 3696 velut
3281 3657 3408 3697 rosa
3442 3644 3495 3696 in
3535 3643 3800 3708 caliculo,

2215 3726 2474 3780 dictionis
2507 3727 2844 3783 obscuritate
2875 3740 3159 3784 contectus
3181 3740 3321 3785 erat.
3357 3731 3408 3787 ls
3435 3741 3614 3785 autem
3645 3733 3803 3788 clare

2216 3820 2270 3871 in
2317 3817 2514 3887 spiritu
2561 3819 2861 3888 explicans,
2915 3823 3183 3890 suavique
3227 3823 3374 3878 illius
3426 3823 3802 3893 intelligentia:

2216 3907 2514 3979 fragrantia
2539 3925 2708 3980 supra
2739 3914 2962 3968 modum
2997 3915 3255 3984 repletus,
3284 3930 3352 3972 ea
3385 3918 3572 3972 statim
3602 3933 3801 3973 sacra-

2218 4000 2491 4056 tissimam
2517 4003 2846 4072 sapientiam
2879 4007 3254 4062 sacratissimo
3278 4009 3404 4063 nisu
3433 4012 3804 4079 comprehen-

2213 4090 2309 4145 dit.

2287 4180 2381 4236 Est
2413 4181 2579 4253 igitur
2601 4183 2890 4253 sapientia,
2921 4185 3014 4240 illa
3052 4187 3274 4257 quidem
3332 4197 3449 4244 tum
3504 4191 3625 4246 viva
3674 4200 3800 4247 tum

2213 4287 2336 4343 qum
2367 4289 2464 4344 per
2487 4288 2548 4329 se
2574 4286 2658 4331 est
2713 4286 2877 4347 atque
2901 4279 3175 4344 consistit,
3199 4281 3292 4351 qui
3319 4297 3447 4338 cum
3476 4282 3637 4339 Patre
3666 4296 3802 4342 ante

2215 4367 2414 4422 saecula
2443 4368 2638 4422 Sermo
2670 4380 2776 4435 est,
2813 4386 2877 4426 ac
2911 4386 3034 4426 cum
3064 4387 3130 4427 eo
3171 4389 3281 4428 una
3325 4377 3656 4446 sempiterne
3708 4381 3801 4433 in-

2216 4459 2479 4528 telligitur
2505 4478 2519 4514 :
2545 4468 2630 4515 est
2649 4476 2775 4515 vero
2797 4463 2962 4531 etiam
2992 4465 3284 4533 sapientia,
3306 4469 3400 4536 qui
3429 4470 3496 4522 de
3525 4469 3801 4526 Sermone

540 4555 643 4606 est,
681 4547 943 4602 societate
983 4563 1046 4604 ac
1079 4551 1432 4616 commercio,
1470 4562 1582 4606 tnttt
1620 4555 1673 4608 itt
1703 4555 1828 4610 aliis
1866 4560 1956 4627 qui
1995 4559 2107 4614 sint
2142 4561 2184 4615 D
2215 4565 2506 4607 Sermones
2535 4561 2697 4618 sum;
2729 4568 2968 4622 quorum
3016 4556 3069 4610 Vi
3105 4555 3319 4622 δθτωοο
3349 4559 3418 4614 iis
3447 4561 3539 4628 qui
3592 4562 3803 4629 Ρίθῑίδιο

538 4635 660 4704 ejus
691 4639 1003 4708 participes,
1031 4650 1143 4694 tum
1169 4643 1252 4696 vel
1276 4645 1512 4698 maxime
1542 4648 1706 4700 etiam
1749 4648 1802 4701 in
1849 4664 1914 4703 eo
1941 4666 2104 4720 quem

539 4728 867 4795 laudamus;
911 4734 1003 4800 qui
1036 4733 1137 4788 hos
1163 4744 1343 4790 mente
1377 4747 1502 4804 agat
1527 4753 1591 4792 ac
1623 4739 1904 4809 intelligat,
1944 4745 2112 4813 quin-

542 4821 654 4875 imo
718 4823 827 4877 illis
877 4834 1072 4894 agatur
1123 4841 1190 4880 ac
1246 4839 1682 4896 consumtnetur,
1736 4834 1966 4903 mystice
2022 4852 2112 4888 re-

538 4913 850 4984 quiescunt.

609 5007 846 5073 Quinam
871 5009 1036 5080 igitur
1067 5009 1282 5068 afflatus
1343 5028 1408 5068 ac
1450 5013 1729 5085 Spiritus?
1772 5014 1960 5071 Priore
1987 5017 2113 5086 qui-

538 5099 664 5154 dem
705 5099 830 5156 loco
861 5103 1188 5172 sapientiam
1223 5105 1304 5171 ‘9;
1355 5105 1606 5175 quinimo
1639 5107 1708 5160 ab
1758 5105 2116 5163 inferioribus

541 5208 762 5248 sursum
795 5211 987 5250 versus
1040 5198 1365 5264 ascendens,
1421 5199 1568 5252 velut
1631 5199 1916 5268 sapientiae
1966 5199 2114 5253 radi-

541 5299 660 5338 cem
714 5301 778 5340 ac
810 5288 1162 5357 principium,
1210 5289 1458 5344 timorem
1512 5289 1722 5344 Domini
1765 5291 2112 5360 pnrjaciens,

544 5388 759 5433 castum
790 5380 964 5444 illutn,
1010 5396 1076 5434 ac
1105 5381 1199 5451 qui
1229 5391 1366 5436 teste
1421 5381 1643 5447 Davide,
1696 5392 2011 5452 permaneat
2058 5386 2112 5439 iu

543 5473 804 5526 saeculum
837 5474 1023 5529 saeculi
1055 5491 1070 5540 ;
1111 5490 1178 5530 eo
1205 5475 1452 5530 conﬁxus
1483 5490 1704 5529 carnem
1737 5475 1806 5541 ⁸ο,
1839 5476 2116 5530 animum-

621 5675 668 5708 ⁸⁵
695 5677 714 5731 Ι
739 5677 864 5733 Cor.
905 5696 1028 5746 xm,
1058 5683 1144 5738 1⁵2..
1255 5684 1300 5717 ⁸⁸
1325 5684 1511 5738 Matth.
1545 5701 1680 5749 χιιι,
1717 5685 1805 5739 40.

552 5746 669 5825 10.“
739 5750 798 5825 -°°
827 5749 970 5825 I’sal.
1004 5771 1194 5819 cxvm,
1231 5756 1345 5810 ['20.
1460 5757 1502 5788 ⁵¹
1553 5746 1752 5825 Ειιιίρε.
1789 5773 1848 5820 tt,
1878 5757 1934 5810 ‘2.

551 5816 596 5848 "
628 5815 808 5873 Eccle.
840 5835 874 5885 t,
905 5821 959 5874 2.

1882 5684 1923 5716 "
1954 5685 2164 5742 Coloss.
2213 5700 2290 5746 ttt,
2323 5684 2374 5738 ιι.

2069 5758 2113 5788 ⁸³
2159 5755 2358 5825 Ephrs.
2397 5772 2446 5820 γ,
2478 5755 2528 5808 6.

2217 4642 2426 4705 colunt,
2456 4657 2614 4697 sacra
2634 4647 2959 4716 occultaque
2989 4649 3201 4702 ratione
3231 4651 3590 4719 conspicitur.
3619 4650 3802 4708 Tanto

2217 4743 2400 4787 autem
2419 4731 2694 4806 Theol0go
2720 4737 2984 4793 illustrior
3011 4739 3319 4810 clariorque
3341 4741 3792 4811 inromprehensi

2215 4827 2638 4896 comprehensio
2657 4828 2910 4893 efficitur,
2924 4842 3131 4899 quanto
3145 4841 3200 4886 et
3216 4833 3539 4903 perfectiore
3556 4836 3802 4892 donatus

2219 4920 2607 4989 intelligentia,
2629 4936 2798 4991 eaque
2832 4923 3053 4978 uberius
3078 4925 3305 4993 pollens,
3331 4927 3548 4982 cunctis
3573 4943 3801 4998 quoque

2221 5012 2570 5081 pratstautius
2618 5014 3022 5086 perfectiusque
3054 5017 3336 5087 sapientia:
3386 5035 3670 5078 sermones
3725 5038 3797 5080 ac

2218 5101 2520 5160 doctrinam
2541 5106 2834 5177 decerpsit.

2291 5194 2384 5250 Sic
2408 5197 2669 5265 Spiritalis
2699 5198 2869 5253 lsrael
2904 5199 3070 5269 (vere
3105 5199 3152 5254 is
3182 5200 3362 5254 videns
3388 5201 3596 5274 Deum)
3620 5205 3799 5260 virtu-

2224 5289 2371 5343 tibus
2395 5305 2515 5358 qute
2543 5290 2757 5345 actione
2805 5300 3094 5361 geruntur,
3151 5308 3245 5346 eas
3299 5309 3626 5360 conserens,
3671 5311 3799 5365 qua:

2223 5382 2680 5450 contemplatione
2710 5393 3071 5451 praestantur,
3131 5386 3295 5454 inque
3334 5387 3497 5440 scala:
3545 5388 3794 5453 modum,

2227 5484 2486 5544 tanquam
2517 5473 2737 5542 sapiens
2765 5474 3100 5532 architectus
3157 5478 3297 5533 alias
3342 5479 3469 5533 aliis
3510 5494 3795 5550 opponens

2490 5683 2534 5714 ⁵⁸
2566 5683 2670 5740 lsa.
2703 5701 2778 5746 χι,
2810 5685 2855 5737 ι.
2931 5683 2974 5716 δ’
3009 5683 3190 5739 Eccle.
3213 5700 3251 5750 ι,
3298 5682 3379 5737 16.

2681 5755 2724 5785 ³³
2760 5757 2775 5807 l
2827 5755 2950 5810 Cor.
2989 5773 3041 5819 κ,
3071 5755 3161 5810 55.
3304 5754 3347 5784 ⁵³

3460 5681 3608 5738 l’sal.
3637 5699 3790 5745 xvttt,

3405 5751 3562 5807 fiunt.
3612 5769 3683 5809 xn
3733 5756 3791 5806 :’..
