4092 6590
276 396 378 461 449

1015 394 1299 458 ORATIO
1337 392 1466 454 XX.
1493 391 1662 452 -ΙΝ
1701 390 2017 452 LAUDEM
2057 389 2118 452 S.
2157 389 2536 452 GREGORII
2568 388 2844 452 THEOL.

3447 388 3554 456 450

276 521 443 580 atque
493 509 872 574 committens,
956 522 1021 562 ac
1087 489 1182 576 per
1239 518 1333 558 cas
1391 500 1748 556 escensiones
1802 499 1856 552 in
1903 507 1950 564 Α
1988 515 2052 555 ex
2090 517 2152 557 ea
2183 518 2307 571 qum
2343 508 2502 556 vacat
2545 490 2810 571 corpore;
2873 497 3348 569 incomprehensa,
3381 517 3447 557 ex
3491 516 3554 556 ea

277 599 442 655 corde
487 601 788 670 disponens
815 601 886 666 “,
936 608 1232 668 menteque
1290 597 1345 651 in
1385 597 1564 664 ipsum
1611 593 1857 648 directus

276 694 507 759 malum,
559 694 708 748 hunc
735 695 894 766 plane
918 701 1252 764 postremum
1280 702 1590 752 ascensum,
1640 685 1861 750 mentis,

275 787 532 847 rationis,
567 801 663 840 seu
715 786 873 840 Verbi
929 800 991 840 ac
1046 783 1282 854 Spiritus
1344 779 1862 848 contemplationem

275 875 569 945 disponit;
617 892 728 945 quo
771 876 980 931 scilicet
1019 875 1123 945 ipsi
1151 873 1317 936 clare,
1345 886 1468 941 quae
1523 870 1682 924 scala:
1735 869 1866 922 huic

275 967 536 1022 innititur
571 969 643 1034 ",
685 970 851 1022 unius
907 967 1242 1038 principatus
1274 963 1542 1027 Trinitas,
1573 962 1866 1032 copulatus

273 1068 378 1114 est.

239 1151 268 1238 4
346 1150 587 1205 Mentem
638 1151 824 1223 igitur,
855 1151 1081 1205 rationis
1123 1165 1219 1204 seu
1275 1146 1456 1211 Verbi,
1509 1161 1574 1200 ac
1631 1144 1868 1214 Spiritus

235 1241 238 1248 ’
273 1256 562 1298 auctorem
592 1244 888 1304 eﬂicacem.
935 1245 1230 1313 vivumque
1275 1242 1424 1296 nullo
1473 1239 1734 1294 anteriori
1768 1253 1869 1292 au-

274 1343 458 1397 ctore,
491 1333 735 1388 arbitror
773 1335 927 1388 illum
968 1334 1303 1389 intellexisse
1337 1335 1433 1404 (3),
1475 1333 1726 1402 hancque
1766 1330 1870 1385 Pa-

278 1436 452 1480 ternaa
485 1427 765 1493 essentite,
816 1442 938 1496 (pia:
981 1425 1217 1481 essentia
1265 1427 1413 1481 omni
1459 1423 1708 1495 superior
1763 1431 1868 1489 est,

276 1525 408 1589 typo
444 1521 750 1590 accepisse.
820 1519 1118 1574 Rationem
1186 1529 1394 1584 autem,
1451 1535 1548 1574 seu
1605 1517 1869 1581 Verbum,

277 1612 429 1664 velut
455 1613 739 1666 notionem
766 1620 931 1682 atque
961 1621 1308 1682 conceptum,
1359 1611 1629 1682 gignentis
1675 1610 1873 1664 mentis

277 1717 493 1758 naturae
523 1705 1001 1759 accuratissimam
1065 1705 1476 1774 expressionem
1532 1718 1596 1758 ac
1647 1702 1875 1756 simula-

276 1810 435 1848 crum
470 1805 802 1865 spectasse:
854 1811 1155 1866 rursusque
1183 1795 1471 1866 Spiritum,
1505 1793 1598 1863 qui
1632 1800 1872 1847 mentem

1976 608 2098 663 qua:
2131 594 2522 665 comprehendi
2559 608 2668 648 non
2705 600 2918 662 potest;
2982 592 3301 662 ignotaque,
3367 608 3430 648 ex
3491 609 3557 649 ea

1966 699 2090 753 quae
2121 684 2284 739 altior
2317 684 2508 738 notitia
2537 693 2644 738 est.
2679 681 2843 737 Solus
2871 682 3017 737 enim
3055 682 3305 748 Genitor,
3335 683 3414 737 uti
3447 693 3554 748 est,

1967 771 2164 827 Natum
2183 775 2496 843 cognoscit,
2517 773 2776 844 solusque
2798 772 2972 828 Natus
2995 773 3304 829 Genitorem
3328 773 3556 828 novit”.

1968 865 2442 936 Quemadmodum
2505 876 2684 920 autem
2737 866 2838 921 soli
2888 866 3108 935 quidem
3157 867 3344 921 radius
3376 881 3561 920 comes

1970 957 2288 1012 individuus
2339 959 2556 1013 exsistit
2590 958 2896 1030 (siquidem
2942 960 3088 1028 quod
3137 967 3220 1014 est
3276 958 3558 1014 intinitum

1969 1050 2234 1119 exemplis
2270 1050 2572 1106 sollicitare
2608 1051 2781 1115 decet,
2810 1052 2986 1120 iisque
3011 1053 3078 1106 de
3114 1052 3204 1106 illo
3237 1053 3558 1122 conjicere),

1973 1144 2128 1198 radio
2181 1159 2312 1198 vero
2367 1145 2458 1200 lux
2515 1161 2732 1216 semper
2764 1146 3059 1214 conjuncta
3101 1159 3216 1214 est;
3273 1147 3353 1202 sic
3415 1147 3558 1201 Patri

1972 1236 2190 1305 quidem
2225 1236 2432 1301 Filius,
2488 1235 2629 1292 Filio
2696 1247 2877 1294 autem
2942 1239 3181 1308 Spiritus
3234 1239 3415 1295 Patris
3453 1256 3560 1294 una

1973 1343 2159 1383 comes
2193 1329 2367 1384 adest.
2413 1331 2488 1385 Ac
2524 1331 2668 1384 sicut
2699 1346 2980 1400 nunquam
3013 1332 3093 1386 sol
3119 1331 3222 1388 iste
3243 1333 3359 1386 sine
3406 1333 3561 1387 radio

1975 1435 2039 1474 ac
2071 1420 2193 1475 luce
2227 1421 2404 1490 possit
2437 1421 2722 1488 exsistere,
2762 1422 2835 1474 ita
2873 1436 3048 1489 neque
3093 1430 3154 1475 ut
3209 1420 3369 1475 Pater
3410 1422 3564 1475 Iunii-

1975 1529 2104 1566 nnm
2156 1513 2367 1582 absque
2395 1511 2576 1568 Verbo
2611 1529 2674 1569 ac
2703 1513 2906 1584 Spiritu
2959 1514 3294 1583 intelligatur
3322 1528 3560 1582 unquam

1976 1606 2088 1659 fiat.
2119 1607 2196 1660 Ex
2245 1607 2340 1660 illo
2385 1622 2624 1676 namque
2659 1617 2920 1678 tanquam
2950 1622 3012 1662 ex
3065 1608 3248 1661 radice
3283 1621 3405 1676 quae
3437 1621 3467 1659 a
3504 1620 3564 1660 se

1978 1700 2069 1764 sit,
2101 1701 2390 1770 primoque
2431 1709 2661 1754 auctore
2701 1715 2765 1756 ac
2798 1701 3049 1772 originali
3087 1700 3253 1754 totius
3294 1699 3566 1768 augustis-

1981 1791 2131 1846 simtc
2163 1793 2380 1847 deitatis
2408 1792 2536 1856 orti,
2570 1802 2900 1848 cozctcrnam
2949 1793 3004 1847 in
3049 1792 3144 1846 illo
3186 1791 3564 1847 cxsistcntiam

275 1888 506 1956 quidem
558 1898 838 1943 auctorem
871 1903 933 1942 ac
982 1887 1312 1957 principium
1349 1887 1546 1941 habeat
1595 1886 1695 1957 (4),
1731 1884 1879 1938 velut
1905 1867 1952 1926 Β
1983 1885 2124 1939 nacti
2163 1894 2312 1940 sunt.

275 1992 439 2051 aqua:
478 1978 648 2033 fontis
700 1979 959 2044 oculum;
1000 1979 1172 2032 instar
1199 1992 1328 2032 vero
1352 1977 1519 2040 fluvii,
1571 1991 1668 2047 per
1701 1986 1878 2031 scatu-

274 2071 512 2142 riginem
545 2071 834 2139 (rationem
853 2070 1064 2125 scilicet
1087 2068 1462 2138 Verbumque)
1501 2069 1767 2137 proﬂuat;
1799 2067 1876 2121 uti

277 2163 552 2218 rationem
611 2161 958 2232 Verbumque
1010 2160 1077 2216 ad
1127 2160 1296 2231 prolis
1331 2161 1570 2215 nativam
1620 2174 1744 2213 cum
1797 2158 1879 2228 gi-

276 2263 482 2326 gnente
539 2255 687 2308 omni
749 2254 1013 2323 majorem
1087 2253 1336 2307 essentia
1413 2250 1876 2306 necessitudinem

279 2345 544 2412 exemplo
593 2346 1002 2412 declarandam,
1054 2345 1135 2400 sic
1170 2348 1236 2398 ad
1275 2344 1471 2398 divina:
1506 2340 1880 2411 processionis

286 2437 563 2506 aequalem
606 2454 732 2492 cum
769 2448 951 2493 mente
998 2439 1330 2508 producente
1356 2435 1462 2490 sub
1495 2434 1729 2504 imagine
1754 2433 1880 2487 red-

277 2528 519 2582 dendam
580 2529 904 2599 dignitatem
944 2528 1354 2583 considerasse.
1399 2523 1632 2578 Tantam
1674 2522 1884 2577 scilicet

277 2637 520 2690 magnus
559 2622 649 2676 hic
711 2622 1006 2690 divinaque
1049 2619 1306 2690 praeclare
1358 2614 1621 2685 sapientia
1668 2611 1880 2681 fulgens

277 2713 504 2768 animus
551 2713 1036 2784 contemplationis
1064 2712 1116 2766 vi
1160 2725 1224 2764 ac
1273 2707 1510 2763 actionis
1541 2702 1880 2760 conscende-

278 2813 370 2859 rat
438 2805 766 2878 speculam;
821 2805 1036 2876 ipsique
1111 2801 1471 2857 divinissinnc
1533 2812 1596 2850 ac
1650 2792 1881 2865 principi

277 2898 480 2966 menti,
547 2897 751 2951 rationi
806 2913 902 2952 seu
957 2895 1160 2964 Verbo,
1203 2911 1265 2949 ac
1303 2890 1555 2962 Spiritui,
1602 2904 1700 2958 per
1733 2901 1884 2939 men-

278 2998 392 3044 tem
429 2991 483 3043 in
518 2992 639 3060 ipso
687 2988 1062 3054 exsistentcm,
1094 2986 1434 3054 verbumque
1468 2998 1561 3038 seu
1590 2979 1880 3041 tationem,

278 3097 347 3136 ac
406 3082 668 3153 spiritum
725 3095 1095 3138 consucscens
1144 3090 1500 3146 versarisque,
1543 3071 1882 3126 intemeratis

2050 1973 2524 2042 Quemadmodum
2558 1984 2739 2030 autem
2775 1974 2952 2029 tribus
2979 1972 3190 2028 facibus
3219 1973 3335 2042 pari
3363 1971 3563 2026 micatu

1980 2067 2034 2121 in
2066 2067 2229 2122 domo
2268 2069 2537 2132 accensis,
2583 2084 2692 2122 una
2723 2067 2944 2137 quidem
2997 2067 3163 2120 trium
3219 2065 3566 2134 conspicitur

1980 2159 2096 2226 lux,
2155 2160 2228 2213 ita
2283 2168 2467 2214 tamen
2507 2168 2568 2214 ut
2610 2161 2690 2215 sic
2733 2158 3027 2214 uniformis
3063 2158 3434 2228 subjectarum
3482 2158 3568 2212 fa-

1979 2251 2126 2306 cium
2188 2252 2323 2306 nihil
2389 2252 2804 2307 distinctionem
2875 2252 3211 2313 confundat,
3273 2265 3397 2305 cum
3453 2251 3568 2306 suis

1981 2345 2236 2414 quodque
2262 2346 2498 2416 pr0priis
2527 2345 2670 2400 notis
2694 2361 2723 2400 a
2747 2345 2991 2414 compari
3019 2344 3236 2399 diﬂerat
3279 2358 3342 2397 ac
3387 2357 3568 2397 secer-

1983 2446 2146 2490 natur
2180 2455 2194 2491 :
2228 2438 2329 2500 sic,
2379 2454 2503 2493 cum
2564 2454 2670 2492 ttna
2719 2435 2977 2503 essentia,
3033 2438 3212 2500 idest,
3266 2435 3464 2500 deitas,
3509 2435 3565 2489 in
3607 2415 3621 2426 ’

1983 2525 2150 2582 Patre
2177 2537 2230 2582 ct
2267 2528 2408 2584 Filio
2435 2541 2488 2585 et
2525 2530 2729 2600 Spiritu
2764 2539 2956 2585 sancto
2987 2530 3389 2591 consideretur,
3425 2543 3570 2596 quze-

1983 2618 2106 2672 dam
2160 2619 2408 2688 singulos
2472 2630 2884 2690 consequuntur
2917 2621 3275 2690 pr0prictales
3320 2617 3572 2672 immobi-

1986 2711 2088 2776 les,
2126 2712 2330 2781 quibus
2375 2729 2736 2784 personarum
2775 2715 2920 2770 trina
2955 2713 3243 2769 distinctio
3273 2711 3572 2766 inconfuse

1985 2806 2261 2861 consistit.

2055 2897 2313 2965 Qumnam
2340 2898 2507 2969 igitur
2546 2905 2676 2952 sunt
2714 2897 3117 2967 proprietates?
3159 2895 3384 2965 Nempe,
3422 2896 3574 2965 inge-

1986 2991 2186 3055 nitum,
2225 2991 2506 3057 nativitas,
2539 3007 2603 3046 ac
2655 2991 2962 3060 processio.
2997 2989 3133 3044 Esse
3167 2991 3316 3045 enim
3351 2991 3569 3044 Patrem

1985 3085 2204 3153 quidem
2238 3085 2569 3155 ingenitum,
2613 3085 2760 3155 quod
2803 3084 2938 3138 nulli
2974 3084 3187 3138 auctori
3237 3099 3302 3138 ac
3362 3083 3573 3148 princi-

279 3189 452 3244 supra
493 3172 723 3228 modum
762 3171 952 3228 aﬂusis
987 3170 1156 3225 radiis
1212 3169 1567 3238 replebatur;
1611 3166 1879 3218 sacratio-

1987 3177 2077 3244 pio
2127 3176 2488 3243 subjiciatur;
2557 3176 2851 3244 omnisque
2899 3175 3217 3244 quicunque
3267 3182 3458 3228 auctor
3507 3188 3574 3228 ac

279 3282 493 3337 resque
530 3282 626 3320 eas
651 3265 935 3321 doctrinas
981 3280 1044 3318 ac
1067 3263 1405 3318 initiationes
1436 3257 1879 3320 nanciscebatur,

278 3376 406 3432 qua:
443 3360 681 3414 rationis
715 3359 826 3412 vim
867 3373 1084 3411 omnem
1119 3366 1466 3426 superarent.

351 3451 427 3508 At
471 3452 733 3522 quisnam
772 3449 1088 3506 sacratioris
1125 3447 1271 3502 illius
1327 3445 1590 3500 doctrinae
1646 3445 1886 3500 modus?

281 3543 521 3602 Ptmstat
566 3542 738 3610 enim,
775 3553 927 3612 puto,
964 3548 1022 3594 ut
1074 3549 1128 3595 et
1155 3538 1323 3603 illius,
1356 3537 1538 3607 quoad
1575 3537 1732 3592 nobis
1757 3553 1888 3590 con-

281 3649 530 3702 cessum,
593 3626 1044 3696 meminerimus;
1079 3637 1138 3683 ut
1170 3628 1629 3698 quemadmodum
1665 3630 1888 3698 reliqua:

282 3726 536 3790 virtutis,
601 3727 684 3779 sic
735 3732 790 3777 et
821 3723 968 3777 illius
1019 3721 1217 3775 divina:
1265 3720 1669 3789 praedicationis
1725 3732 1890 3790 atque

281 3818 554 3876 doctrinae
577 3815 812 3870 formam
833 3815 1152 3868 habeamus.
1167 3811 1424 3879 Quaenam
1449 3811 1610 3880 igitur
1628 3812 1891 3865 sacratior

281 3908 538 3962 doctrina
592 3921 660 3959 ac
718 3903 992 3957 initiatio?
1024 3903 1165 3957 Deus
1224 3901 1277 3955 in
1323 3901 1502 3955 tribus
1531 3901 1782 3970 personis
1809 3901 1890 3955 in-

283 4000 576 4070 telligitur.
610 3996 778 4063 Deus,
803 3995 894 4068 qui
923 3995 1182 4068 primum,
1216 3994 1505 4062 solumque
1534 4008 1598 4048 ac
1619 4008 1746 4048 vere
1797 3994 1888 4048 sit.

281 4087 388 4156 Sit,
408 4107 520 4145 non
550 4089 814 4144 factussit
835 4104 849 4152 ;
869 4088 1082 4142 tametsi
1116 4087 1168 4141 id
1201 4085 1574 4156 postea,circa
1606 4084 1805 4140 Filium
1828 4101 1892 4140 ac

280 4199 450 4254 quam
470 4181 779 4253 assumpsit
798 4181 1210 4244 humanitatem,
1231 4177 1764 4248 obtigit.Vivilicans,
1782 4193 1892 4230 non

280 4275 378 4345 qui
401 4274 746 4339 vilivicctur;
767 4273 1103 4334 illuminans,
1144 4285 1249 4324 non
1268 4269 1359 4339 qui
1379 4268 1712 4322 illuminetur
1734 4284 1751 4334 ;
1770 4283 1897 4321 san-

280 4365 774 4429 ctitateimbuens,
797 4379 904 4417 non
923 4363 1014 4432 qui
1035 4361 1309 4416 imbuatur
1331 4377 1346 4425 ;
1367 4358 1616 4430 principii
1661 4357 1895 4426 ﬁnisque

280 4471 512 4526 expers,
569 4464 839 4522 aeternus,
891 4453 1151 4519 essentia,
1189 4452 1322 4518 vita,
1371 4449 1574 4505 deitate
1607 4449 1893 4518 superior;

1985 3267 2312 3338 principium
2350 3267 2708 3338 intelligatur,
2747 3267 2828 3320 vel
2854 3265 3089 3330 dicatur,
3122 3275 3312 3320 auctor
3335 3265 3569 3320 exsistat

1987 3358 2211 3412 omnino
2271 3358 2504 3428 primus,
2556 3373 2897 3428 prorsusque
2947 3356 3253 3426 originalis.
3312 3355 3570 3412 Genitum

1985 3463 2116 3503 vero
2151 3449 2374 3514 Filium,
2412 3461 2673 3521 tanquam
2713 3449 2954 3505 Verbum
3005 3460 3169 3519 atque
3221 3450 3570 3516 Sermonem,

1994 3555 2059 3594 ex
2094 3539 2254 3594 Patre
2270 3549 2449 3595 mente
2472 3552 2681 3595 natum.
2711 3541 3058 3596 Processisse
3090 3551 3272 3594 autem
3306 3539 3570 3609 Spiritum

1990 3640 2265 3700 sanctum,
2300 3648 2395 3688 ceu
2429 3647 2620 3687 verum
2649 3633 2904 3687 essentia:
2944 3643 3184 3701 paternae
3237 3631 3563 3687 deﬂuvium.

1988 3723 2126 3782 Esse
2153 3733 2337 3779 autem
2367 3724 2511 3780 sicut
2541 3724 2740 3778 Filium
2771 3735 3011 3794 paternze
3058 3723 3250 3780 lorma:
3301 3740 3366 3780 ac
3408 3724 3574 3779 clari-

1993 3819 2143 3883 tatis,
2167 3818 2246 3871 sic
2276 3817 2435 3884 plane
2468 3818 2632 3871 etiam
2680 3819 2946 3888 Spiritum
2980 3816 3102 3874 Filii
3138 3817 3458 3872 invariabile
3497 3816 3574 3870 si-

1994 3911 2297 3964 mulacrum
2323 3910 2424 3978 (εἰ).
2463 3909 2595 3964 Nam
2627 3910 3088 3978 quemadmodum
3119 3925 3296 3973 mens,
3332 3911 3448 3977 ejus
3479 3909 3574 3978 qtti

1993 3997 2049 4050 in
2096 3996 2254 4050 nobis
2303 3997 2556 4051 internus
2608 4012 2791 4051 sermo
2836 4007 2940 4056 est,
2992 3997 3140 4052 velut
3185 3997 3307 4051 fons
3337 3999 3572 4066 exsistit,

1993 4088 2296 4156 eademque
2328 4090 2442 4157 ipsa
2470 4089 2634 4141 etiam
2669 4089 2940 4142 sermonis
2991 4089 3083 4159 qui
3120 4104 3215 4144 ore
3273 4090 3574 4160 profertur,

1995 4194 2059 4232 ac
2098 4193 2322 4231 sensum
2365 4177 2557 4246 tangit,
2587 4187 2779 4230 auctor
2828 4186 2948 4243 est;
3003 4193 3191 4232 verum
3245 4173 3574 4253 conccp'tutn

1995 4269 2238 4338 quidem,
2273 4269 2420 4322 velut
2471 4269 2556 4322 sui
2596 4269 2778 4322 rivum
2831 4270 3187 4326 simulacrum
3229 4272 3459 4343 mystice
3511 4288 3578 4329 ac

1997 4367 2210 4414 secreto
2237 4359 2443 4428 gignit;
2475 4373 2775 4430 conceptus
2805 4376 2933 4416 vero
2971 4377 3166 4419 rursus
3193 4364 3575 4431 simulacrum,

1999 4465 2306 4505 sermonem
2339 4449 2569 4516 scilicet,
2622 4451 2834 4522 profert
2893 4468 2956 4507 ac
2995 4453 3109 4507 edit
3141 4471 3155 4507 :
3191 4454 3264 4508 ita
3296 4471 3452 4513 mens
3487 4457 3578 4512 illa

280 4549 475 4604 omnis
539 4548 800 4604 essentia:
844 4545 1118 4608 conditor,
1168 4531 1350 4599 omnis
1397 4543 1654 4613 potentiae
1701 4541 1886 4609 robur,
1921 4537 2143 4598 Domni
2175 4541 2352 4611 major
2401 4543 2665 4613 cogitatu,
2709 4544 3015 4614 primaque,
3058 4555 3326 4615 quantum
3365 4563 3432 4604 ex
3488 4564 3580 4604 re-

279 4640 469 4695 omnis
497 4650 661 4694 actus
706 4637 1034 4706 amatusque
1057 4635 1313 4701 effector;
1344 4635 1612 4698 omnium,
1637 4633 1890 4690 universe

278 4729 593 4801 loquendo,
625 4744 827 4784 eorum
851 4742 972 4798 quae
1005 4735 1153 4790 sunt,
1181 4725 1596 4788 intellectilium,
1620 4725 1884 4779 utentium

278 4825 532 4889 ratione,
567 4821 856 4876 sensilium
902 4833 1098 4874 causas
1133 4817 1486 4871 uniformiter
1520 4833 1586 4871 ac
1645 4817 1886 4887 comple-

279 4912 455 4966 xione
489 4913 548 4966 in
585 4912 777 4980 seipso
801 4909 1146 4980 przrbabens.

356 4999 661 5070 Nullisque
693 5000 879 5054 adhuc
903 4999 1066 5053 rebus
1093 4999 1145 5052 in
1179 5008 1432 5052 naturam
1480 4999 1766 5068 productis
1796 5007 1884 5052 at-

283 5106 396 5169 que
444 5092 639 5154 editis,
701 5099 828 5144 erat
884 5089 976 5141 lux
1018 5103 1141 5141 vera
1191 5102 1255 5140 ac
1305 5087 1502 5156 prima,
1538 5087 1887 5141 Patcrlnmi-

288 5197 421 5234 num
459 5181 531 5247 ⁸⁸,
562 5196 631 5235 ex
659 5193 774 5250 quo
798 5187 925 5231 ante
942 5176 1143 5232 smcula
1175 5174 1344 5229 Filius
1361 5192 1423 5229 ac
1455 5174 1691 5230 Verbum
1717 5178 1888 5245 prima

288 5274 552 5328 similiter
583 5286 834 5340 veraque
872 5270 964 5323 lux
1000 5269 1198 5324 eximie
1248 5267 1504 5337 eﬂ‘ulgct;
1543 5269 1889 5337 incorporea,

380 5468 428 5500 “
464 5466 622 5523 Psal.
655 5477 898 5526 Lxxxttt,
929 5462 982 5518 6.
1059 5462 1106 5495 ⁸⁷
1138 5461 1276 5516 Gen.
1302 5475 1495 5514 xxvttt.
1535 5459 1621 5513 15.

386 5680 624 5747 3)Greg.
662 5683 814 5747 orat.
846 5675 932 5736 15,
952 5689 1020 5747 _p.
1059 5672 1186 5726 ΞΗ.

388 5745 439 5818 t)
469 5745 632 5818 Orat.
673 5745 839 5818 37,,»
871 5745 996 5818 till.

359 5809 438 5888 (5)
469 5817 552 5875 Ita
581 5816 705 5873 fere
744 5809 942 5880 Graeci,
969 5827 1077 5868 non
1100 5810 1259 5868 facile
1286 5809 1490 5875 Latini,
1524 5813 1727 5880 quibus
1761 5810 1893 5881 Spi-

1771 5458 1817 5494 ⁵⁸
1851 5459 1968 5516 Jac.
2008 5476 2047 5527 ι,
2083 5462 2170 5516 Π.

1997 4632 2101 4687 bus
2130 4631 2346 4702 exiguis
2377 4631 2503 4687 licet
2541 4648 2664 4703 quas
2696 4643 2826 4690 sunt
2851 4636 3090 4693 maxima
3135 4637 3433 4707 conjicere,
3460 4640 3580 4694 vcl-

1996 4731 2055 4776 ut
2092 4721 2258 4775 alium
2297 4737 2377 4787 se,
2431 4723 2704 4790 innatum,
2738 4740 2802 4782 ac
2846 4727 3266 4784 substantialem
3302 4739 3428 4784 ante
3479 4748 3581 4786 sae-

1999 4814 2184 4866 culum
2225 4813 2572 4882 Sermonem,
2601 4831 2696 4870 seu
2734 4814 3001 4883 Verbum,
3044 4820 3258 4892 gignit;
3322 4822 3581 4894 velutque

1995 4902 2316 4957 Sermonem
2346 4904 2553 4972 alium,
2610 4921 2706 4960 seu
2763 4905 2998 4960 Verbum
3072 4924 3266 4964 rursus
3315 4909 3579 4982 Spirituut

1998 4990 2278 5061 (Verbum
2340 4993 2548 5047 scilicet
2605 4995 2820 5050 virtutis
2869 4997 3102 5070 suae")
3159 4998 3444 5066 proferens
3515 5018 3580 5058 ac

1993 5085 2182 5148 edens,
2206 5083 2258 5136 in
2287 5097 2352 5137 eo
2381 5075 2688 5138 creaturam
2721 5087 3029 5140 universam
3077 5088 3330 5144 absolvit.

2067 5173 2308 5231 Trinitas
2344 5177 2508 5244 igitur
2533 5177 2585 5230 in
2614 5177 2871 5244 Uuitate;
2907 5187 3072 5248 atque
3108 5177 3372 5237 Unitasin
3399 5182 3584 5237 Trini-

1999 5276 2130 5335 tate,
2167 5269 2480 5323 declaratur
2515 5269 2570 5324 id
2601 5270 2746 5343 quod
2777 5270 3012 5326 colimus
3044 5288 3058 5326 :
3097 5269 3363 5339 Trinitas,
3393 5287 3581 5344 perso-

2247 5463 2294 5494 δ’
2325 5460 2520 5517 Matth.
2549 5479 2623 5530 xt,
2651 5462 2744 5518 27.
2855 5464 2898 5496 ⁶⁰
2926 5463 3140 5531 Hebm,
3169 5466 3224 5520 5.

2002 5677 2141 5749 ritus
2163 5677 2210 5731 vi
2245 5678 2490 5749 originis
2521 5679 2824 5738 formalitcr
2865 5695 2978 5737 non
3011 5679 3082 5738 sit
3115 5679 3335 5749 similis,
3364 5677 3466 5736 etsi
3494 5691 3584 5735 re-

2005 5747 2123 5818 ipsa
2150 5758 2254 5819 est,
2289 5747 2369 5806 uti
2398 5761 2453 5807 et
2478 5748 2646 5808 Deus.
2683 5763 2690 5772 '
