4092 6602
523 365 624 430 451

1730 357 2022 420 ΝΙΕΕΤιΕ
2049 358 2578 424 PAPHLAGONIS

3691 365 3803 430 452

531 479 642 538 nis,
695 482 861 545 atque
914 471 1136 540 linitas,
1201 466 1477 539 essentia;
1543 469 1928 537 immutabilis,
1991 471 2625 544 pariAdel’ungeretur,
2661 480 2918 530 naturam
2946 474 3166 531 interitu
3200 482 3473 532 mortuam
3497 479 3789 546 excitaret,

532 567 786 623 sublimis
812 567 1042 631 honore,
1064 564 1385 620 intemerata
1419 573 1650 627 natura;
1677 562 1866 618 eadem
1893 562 2112 632 praeful-

531 675 666 732 gens
690 659 959 722 claritate,
987 658 1177 713 eodem
1229 657 1432 710 throno
1478 656 1676 710 sedens
1722 673 1735 709 :
1777 671 1883 709 una
1919 655 2114 710 volun-

515 761 634 816 .tas,
666 767 776 806 una
811 750 1074 820 operatio,
1105 749 1294 802 eadem
1321 747 1536 814 virtus;
1567 756 1832 816 potestas,
1865 746 2110 800 domina-

533 843 629 907 tio,
666 856 892 912 regnum
931 856 1038 895 non
1068 840 1328 893 divisum.
1381 837 1542 892 Nullo
1583 838 1729 892 enim
1785 838 1946 894 modo
1989 854 2112 908 quze

530 943 743 988 suntex
780 933 896 1001 ipsa
945 929 1171 1000 (mente)
1229 930 1298 984 ab
1372 929 1485 998 ipsa
1535 929 1816 993 differunt;
1874 945 2108 998 quorum

529 1024 682 1078 alteri
702 1023 940 1092 quidem,
963 1031 1020 1075 ut
1041 1021 1316 1092 gignatur,
1343 1021 1521 1086 alteri,
1544 1031 1602 1075 ut
1618 1020 1867 1090 procedat
1894 1030 2107 1087 auctor,

529 1115 766 1169 exsistit.

601 1207 691 1261 Sic
741 1205 961 1275 quidem
1006 1205 1174 1275 igitur
1235 1213 1484 1268 sanctus,
1545 1203 1742 1258 Sancta
1795 1214 2105 1260 sanctorum

525 1297 792 1352 secretius
822 1297 1039 1359 doctus.
1089 1306 1352 1367 quantum
1406 1297 1554 1350 brevi
1598 1311 1848 1351 sermone
1906 1314 2106 1367 reprm-

527 1401 748 1446 Sentare
819 1391 964 1452 licet,
1048 1390 1334 1460 deﬁxaque
1389 1391 1517 1443 huic
1572 1390 1854 1459 tlieologia'
1912 1391 2108 1445 mentis

525 1485 662 1548 acie,
711 1491 832 1551 post
872 1497 990 1536 eam
1047 1483 1259 1543 ordine,
1306 1498 1426 1551 quae
1477 1483 1638 1535 etiam
1680 1484 1744 1535 ad
1773 1489 1950 1535 creata
1983 1497 2106 1550 spe-

525 1583 696 1637 ctant,
752 1571 971 1626 divinas
1019 1572 1433 1641 praedicationes
1492 1572 1714 1639 aptavit.
1776 1569 1928 1625 llautl
1974 1586 2103 1625 vero

464 1661 479 1696 ῖ
523 1664 620 1718 abs
682 1680 738 1717 re
769 1663 1021 1725 forsitan,
1077 1673 1133 1716 ιιι
1168 1671 1222 1717 ct
1256 1664 1446 1716 liorqu
1481 1663 1689 1730 paucis,
1726 1679 1788 1716 ex
1839 1663 2010 1716 sacris
2037 1661 2104 1716 il-

525 1758 630 1812 lius
683 1756 943 1826 eloquiis,
981 1756 1418 1808 meminerimus.
1457 1755 1666 1823 Duplici
1697 1756 1841 1809 enim
1878 1756 2100 1821 mundo,

523 1865 586 1902 ea
621 1865 742 1918 qua:
777 1857 926 1909 sunt,
976 1863 1190 1901 summa
1221 1846 1482 1916 colligens
1509 1847 1608 1916 (6),
1657 1857 1821 1917 atque
1871 1848 2100 1902 alterum

522 1940 744 2009 quidem
787 1939 1057 2008 ejusmodi
1093 1947 1154 1990 ut
1193 1950 1374 1991 mente
1402 1941 1754 2010 intelligatur,
1791 1943 2020 1995 alterum
2047 1951 2106 1994 ut

522 2046 688 2085 sensu
725 2031 927 2100 percipi
961 2031 1171 2100 possit;
1208 2032 1442 2098 primum
1472 2033 1728 2098 alterum,
1764 2033 1978 2102 Deoque
2013 2033 2100 2086 l‘a-

522 2120 824 2185 miliarem,
884 2131 1052 2191 atque
1095 2122 1431 2192 intelligendi
1464 2123 1511 2176 vi
1545 2123 1865 2192 praeditum;
1906 2140 2105 2179 secun-

519 2213 650 2266 dum
702 2214 959 2274 alterum,
995 2221 1429 2282 extraneumque
1465 2228 1492 2265 ιι
1526 2215 1746 2278 deitate,
1779 2230 1843 2269 ac
1876 2216 2102 2270 materia

518 2311 860 2368 concretum,
889 2303 1198 2374 intelligens
1224 2321 1238 2369 ;
1277 2308 1545 2360 utrumvis
1568 2305 1636 2360 ab
1662 2306 1834 2360 altero
1887 2307 2102 2376 sapien-

443 2399 451 2406 '
521 2393 728 2448 tissima
761 2395 969 2448 ratione
1031 2410 1096 2450 ac
1131 2410 1297 2448 sensu
1337 2396 1621 2452 discernit.

591 2483 808 2538 Etenim
873 2485 1110 2539 alterum
1174 2487 1396 2554 quidem
1471 2489 1796 2558 spiritalem,
1848 2489 2104 2559 velutqne

517 2576 758 2630 essentia
806 2576 1024 2647 igneum
1085 2593 1148 2632 ac
1182 2578 1504 2632 deiformem
1549 2579 1842 2651 (angelicas
1897 2581 2105 2637 scilicet

521 2675 768 2732 naturas,
787 2683 851 2722 ac
874 2683 903 2722 a
933 2682 1164 2737 corpore
1188 2669 1514 2740 absolutas),
1547 2671 1777 2726 alterum
1813 2688 1944 2728 vero
1971 2688 2100 2728 cor-

526 2774 751 2826 porettm
799 2768 911 2813 tum
944 2775 1084 2825 esse,
1123 2769 1234 2813 tum
1270 2761 1371 2814 sibi
1402 2762 1579 2830 ipsum
1605 2773 1948 2832 compactum
1975 2781 2101 2835 par-

521 2850 777 2918 tibusque
799 2865 1148 2917 connexum;
1190 2852 1285 2921 qui
1317 2867 1510 2922 nempe
1549 2869 1615 2908 ex
1661 2855 1979 2912 continente
2009 2872 2101 2912 re-

518 2957 643 2994 rum
721 2941 866 2997 hanc
922 2943 1363 3008 universitatem,
1418 2961 1480 3000 ac
1534 2947 1816 3004 elementis
1867 2959 2104 3019 quatuor

513 3040 744 3086 constet.
777 3033 858 3086 Ad
888 3034 1115 3103 majoris
1141 3043 1323 3090 autem
1393 3039 1673 3107 sapientia:
1713 3041 2011 3110 specimen,
2035 3058 2100 3097 ex

2215 576 2380 635 atque
2410 567 2476 621 ad
2515 567 2842 622 diviniorem
2878 567 3044 622 vitam
3072 567 3410 624 transferret.

2285 657 2569 727 Ejusmodi
2636 665 2796 712 erant
2859 674 2981 727 qua:
3055 658 3364 729 Theologus
3421 660 3690 716 hactenus
3734 662 3796 716 in

2213 749 2388 803 Ponto
2445 749 2646 818 degens
2681 789 2697 813 ,
2754 749 3260 820 philosopliabatur.
3311 749 3436 803 llaec
3480 751 3628 820 prius
3681 750 3802 807 illic

2214 851 2395 896 mente
2473 841 2803 910 speculando
2887 842 3294 909 contemplatus
3376 851 3500 906 est;
3567 850 3798 911 tumque

2213 946 2404 1003 pOStea
2461 946 2718 986 sermone
2784 946 2888 1001 pro
2936 931 3196 1001 Theologi
3251 930 3496 999 partibus
3543 932 3792 986 dictavit.

2211 1025 2389 1093 Atque
2444 1023 2532 1078 hic
2579 1023 2699 1092 ejus
2749 1023 3083 1086 solitudinis,
3139 1037 3245 1092 qua
3301 1037 3544 1076 erentum
3597 1024 3795 1087 ro'uit,

2213 1114 2426 1170 fruetus
2455 1127 2557 1178 est,
2583 1125 2848 1184 quantum
2905 1113 3040 1166 mihi
3084 1113 3336 1182 equidem
3383 1127 3470 1166 res
3524 1113 3666 1181 ejus,
3720 1128 3796 1167 ex.

2213 1206 2502 1276 ipsiusmct
2536 1205 2777 1273 scriptis,
2816 1203 3006 1258 saltem
3062 1203 3272 1257 modice
3311 1202 3499 1256 datum
3550 1211 3633 1256 est
3661 1218 3796 1272 pro-

2209 1298 2388 1368 sequi.

2281 1388 2474 1443 Totam
2504 1387 2666 1458 igitur
2695 1395 2930 1442 veterem
2963 1393 3245 1452 totamque
3287 1399 3504 1449 novam,
3530 1398 3636 1454 qua
3664 1383 3790 1437 nul-

2210 1481 2297 1536 lus
2329 1481 2628 1552 sagacitate
2657 1490 2772 1534 tum
2809 1479 3205 1548 antiquiorum,
3237 1485 3350 1532 tum
3379 1493 3518 1546 quos
3551 1492 3795 1547 sequens

2208 1575 2601 1644 protulitmtas,
2633 1572 2971 1641 Scripturam
3005 1571 3340 1636 meditatus;
3376 1569 3656 1639 divinique
3694 1584 3797 1624 cu-

2203 1666 2406 1735 jusque
2437 1665 2583 1720 verbi
2625 1679 2688 1719 ac
2715 1663 2864 1717 vocis
2891 1669 3199 1716 accuratam
3232 1660 3500 1724 notitiam,
3527 1661 3795 1729 primam-

2209 1773 2314 1828 que
2330 1757 2576 1812 veritatis
2599 1755 3012 1826 intelligentiam
3031 1754 3218 1808 divino
3236 1749 3442 1821 Spiritu
3458 1759 3796 1821 przeceptorc

2209 1851 2481 1906 sacratius
2519 1847 2775 1914 edoctus;
2807 1861 2870 1901 ac
2887 1861 3009 1901 cum
3045 1847 3114 1898 ita
3152 1844 3244 1898 Dei
3266 1843 3575 1914 paradisum
3605 1842 3792 1897 fructu

2207 1943 2353 1997 omni
2372 1941 2706 2004 dulcissimo,
2722 1941 2974 2010 bonoque
2998 1937 3395 2008 omnicogitatu
3421 1952 3485 1993 ae
3512 1936 3789 1990 intellectu

2205 2033 2536 2098 confertum,
2567 2048 2727 2087 suum
2757 2032 2873 2101 ipse
2901 2031 3144 2084 animum
3172 2027 3523 2092 reddidisset,
3559 2027 3790 2082 reverti-

2208 2137 2336 2192 tttr;
2374 2126 2612 2196 primum
2649 2124 2868 2194 quidem
2925 2122 3099 2177 sacris
3143 2119 3484 2190 parentibus,
3541 2119 3634 2189 qui
3663 2117 3790 2188 ejus

2211 2217 2450 2272 maxime
2506 2231 2630 2270 cum
2681 2213 2932 2284 spiritali,
2966 2220 3080 2265 tum
3109 2209 3380 2280 corporali
3427 2225 3528 2279 ope
3573 2209 3790 2280 indige-

2206 2317 2348 2372 rent,
2379 2317 2606 2376 tumque
2630 2306 2794 2360 etiam
2849 2304 3106 2358 omnibus
3137 2303 3336 2372 quibus
3394 2309 3539 2356 esset
3599 2301 3790 2356 animo

2207 2398 2564 2453 constitutum
2609 2405 2668 2450 ut
2722 2395 2980 2465 pietatem
3043 2393 3304 2457 colerent.
3344 2392 3395 2446 in
3433 2406 3786 2448 communem

2205 2505 2264 2544 se
2299 2489 2586 2542 utilitatem
2607 2528 2621 2550 ,
2659 2487 2836 2556 iisque
2867 2485 3151 2549 utendum,
3179 2499 3479 2554 exponens.

2278 2581 2355 2634 Ac
2392 2579 2537 2634 sicut
2567 2577 2783 2640 Petrus,
2834 2575 3034 2630 Christi
3083 2575 3477 2644 discipulorum
3513 2582 3784 2642 praestan—

2205 2673 2432 2726 tissima:
2462 2669 2716 2740 primitim
2775 2683 2838 2722 ac
2872 2667 3091 2722 coronis
3123 2684 3138 2721 :
3179 2677 3344 2737 atque
3375 2667 3629 2720 universe
3660 2664 3782 2719 dei-

2206 2762 2394 2817 formis
2449 2760 2628 2815 omnis
2685 2760 3070 2831 apostolorum
3123 2758 3364 2824 chorus,
3396 2766 3506 2811 tota
3544 2747 3785 2826 primum

2204 2850 2517 2905 sinceritate

2201 2943 2386 3000 Iesum
2440 2943 2727 3005 assectati,
2761 2941 2997 3011 ﬁdeique
3031 2942 3293 2995 doctrina:
3347 2948 3611 2994 navantes
3646 2952 3787 3008 ope-

2202 3051 2342 3099 ram,
2374 3035 2519 3090 omni
2555 3034 2774 3104 quidem
2813 3031 2982 3086 animi
3038 3032 3253 3086 macula
3307 3030 3785 3100 abstergebantur,

513 3124 912 3178 contrariorum
947 3127 1206 3182 mistiune
1261 3144 1428 3183 unum
1459 3132 1729 3199 quoddam
1782 3134 1980 3187 animal
2009 3149 2094 3188 ar-

2205 3127 2466 3196 omnique
2490 3125 2690 3180 divina:
2719 3123 2966 3178 scientia:
2991 3123 3114 3176 luce
3167 3122 3548 3191 replebautur;
3601 3116 3784 3188 perieo

512 3216 656 3271 titice
682 3217 892 3271 ratione
918 3221 1260 3289 eompegisse
1285 3236 1301 3285 ;
1343 3220 1610 3289 ejusmodi
1639 3225 1868 3290 scilicet,
1896 3236 1956 3279 ut
1981 3235 2091 3280 tum

510 3321 639 3361 caro
677 3307 929 3372 exsistat,
964 3317 1227 3379 tanquam
1259 3327 1326 3365 ex
1379 3315 1606 3368 materia
1641 3330 1671 3370 e
1703 3325 1847 3371 terra
1883 3317 2093 3372 forma-

509 3404 916 3466 tum;tumque
949 3398 1198 3468 spiritus,
1250 3409 1506 3470 tanquam
1566 3403 1883 3473 insuﬂlatio,
1930 3416 2095 3477 atque

511 3487 635 3556 ejus
685 3488 990 3542 similitudo
1025 3491 1116 3559 qui
1173 3492 1246 3545 illi
1294 3493 1608 3549 insuﬂlavit.
1664 3497 1858 3562 Porro,
1919 3507 2090 3554 totum

509 3588 826 3633 concretum
870 3581 996 3643 hoc,
1049 3581 1328 3636 hominem
1385 3587 1681 3655 exstitisse,
1723 3593 1922 3645 mentis
1969 3608 2092 3646 sen-

510 3682 714 3736 susque
755 3678 1098 3737 eompotem;
1144 3681 1202 3724 ut
1228 3687 1391 3727 sensu
1440 3675 1684 3744 quidem,
1720 3678 1786 3744 iis
1823 3695 1942 3748 quae
1966 3696 2093 3736 seu-

510 3758 632 3811 silia
656 3767 826 3821 sunt,
870 3770 1051 3815 mente
1089 3777 1241 3828 vero,
1293 3764 1378 3819 his
1409 3780 1530 3834 qua:
1590 3769 1923 3826 intellectilia
1971 3782 2091 3828 tan-

510 3864 676 3919 quam
712 3838 1075 3906 familiaribus
1112 3865 1522 3912 consuescet-et.

578 3938 754 4005 Hunc,
799 3943 1046 3998 utsacris
1071 3945 1340 4013 proditum
1371 3947 1591 4006 Litteris
1613 3962 1715 4018 est,
1747 3953 1800 4008 in
1834 3957 2089 4026 paradiso

508 4033 834 4089 collocatum
898 4049 1023 4090 esse
1079 4036 1467 4094 immortalium
1514 4044 1847 4113 plantarum,
1885 4050 1935 4103 id
1983 4060 2086 4118 est,

506 4125 817 4180 divinorum
901 4142 1185 4184 sensorum
1281 4144 1638 4202 spectatorem
1692 4155 1708 4192 :
1767 4142 2086 4210 nequissimi

508 4227 640 4266 vero
691 4215 962 4284 serpentis
1013 4217 1261 4273 consiliis
1305 4221 1614 4288 seductum,
1649 4241 1714 4280 ac
1745 4243 1868 4283 cum
1904 4232 2086 4288 minus

506 4305 772 4358 hactenus
806 4321 1102 4377 congruam
1136 4309 1449 4379 importune
1508 4317 1937 4384 speculationem
1963 4324 2086 4377 atti-

506 4395 694 4463 gisset,
717 4405 831 4450 tum
871 4399 940 4452 ab
977 4399 1096 4469 ipso
1121 4402 1426 4471 conditore,
1456 4413 1570 4461 tum
1607 4423 1637 4461 a
1669 4412 1925 4478 paradiso
1967 4432 2070 4471 vo—

2207 3220 2380 3271 ctiore
2406 3225 2588 3269 autem
2617 3225 2799 3284 postea
2822 3213 3061 3283 Spiritus
3089 3212 3321 3266 adventu
3350 3211 3618 3276 exhibito,
3642 3210 3781 3264 ube-

2203 3309 2513 3377 rioremque
2535 3307 2844 3361 divinorum
2869 3305 2919 3358 in
2949 3320 3042 3360 eos
3070 3303 3346 3358 aﬂiatuutn
3403 3303 3787 3371 donorumque

2203 3399 2676 3469 participationem
2759 3397 2934 3460 nacti,
2998 3398 3186 3466 sicque
3249 3394 3522 3457 instructi,
3569 3391 3783 3448 cunctis

2201 3490 2557 3559 sospitatorcs
2588 3490 2843 3558 gentibus
2877 3489 3237 3544 mittebantur
3269 3506 3282 3543 :
3311 3487 3452 3541 haud
3487 3503 3648 3542 secus
3689 3486 3784 3542 hic

2200 3596 2418 3652 quoque
2476 3597 2600 3636 cum
2659 3582 2888 3636 Domino
2949 3581 3157 3652 Spiritu
3185 3579 3483 3634 "accensa
3537 3578 3779 3648 primum

2199 3679 2303 3734 ﬁde
2335 3678 2475 3732 inter
2493 3678 2810 3734 solitudinis
2830 3677 3046 3733 silentia
3072 3686 3341 3741 versatus,
3371 3690 3436 3730 ac
3450 3689 3573 3751 cum
3595 3674 3781 3728 scicn-

2201 3772 2286 3826 tia:
2310 3772 2525 3835 .cultor,
2552 3773 2716 3825 etiam
2743 3770 3192 3840 contemplationi
3222 3783 3442 3837 operam
3476 3765 3776 3837 posuisset,

2198 3878 2525 3933 nantemque
2552 3878 2778 3933 prorsus
2818 3862 2934 3916 vitii
2971 3861 3145 3914 labem
3169 3860 3414 3926 eluisset,
3445 3873 3509 3911 ac
3537 3856 3778 3911 divinam

2197 3970 2416 4008 onmem
2456 3954 2876 4008 illustrationem
2904 3961 3233 4007 consecutus
3254 3961 3418 4014 esset,
3453 3947 3780 4018 perfectiora

2196 4046 2414 4100 demum
2453 4045 2694 4115 Spiritus
2745 4044 2949 4110 aﬂlatu,
2990 4044 3071 4100 sic
3124 4043 3443 4114 operatione
3489 4039 3726 4094 donatus
3756 4074 3773 4102 ,

2196 4147 2359 4208 atque
2388 4140 2490 4204 ita,
2527 4139 2682 4208 juxta
2718 4139 2902 4192 divum
2938 4135 3226 4201 Jacobum,
3253 4148 3504 4190 sermone
3531 4129 3778 4186 veritatis

2197 4231 2436 4300 genitus,
2470 4232 2585 4302 ipse
2615 4245 2832 4301 quoque
2867 4231 3088 4284 illorum
3136 4244 3289 4283 more
3340 4226 3592 4298 primitia:
3621 4238 3777 4295 qua-

2193 4325 2318 4378 dam
2361 4335 2735 4379 creaturarum
2774 4324 2892 4388 Dei,
2933 4325 3136 4378 missus
3161 4323 3330 4377 est".

2272 4414 2376 4482 Qui
2432 4415 2640 4485 primus
2683 4416 2848 4470 homo
2877 4414 3134 4469 conditus
3169 4423 3250 4468 est
3276 4454 3291 4478 ,
3333 4410 3426 4465 Dei
3464 4409 3724 4479 imaginis
3751 4450 3770 4477 ,

507 4488 729 4556 luptatis
759 4498 1041 4546 extorrem
1079 4495 1278 4549 merito
1301 4495 1533 4566 ejectum
1569 4516 1710 4557 esse.
1750 4504 1880 4561 Inde
1922 4508 2086 4564 vitam
2123 4493 2164 4547 ί)
2193 4514 2358 4576 atque
2391 4506 2629 4560 dextera:
2658 4506 2911 4576 gloriam,
2944 4521 3009 4559 ac
3037 4504 3274 4574 paradisi
3303 4510 3634 4558 consecutus
3668 4503 3775 4556 de-

507 4579 990 4670 nul-lisimolestami
1005 4583 1308 4651 laboribus,
1328 4596 1590 4662 extraque
1617 4593 1865 4652 interitus
1888 4600 2084 4670 aleam,

479 4666 822 4745 sudoribus,
875 4683 941 4723 ac
980 4669 1291 4738 laboribus,
1339 4686 1628 4748 morteque
1691 4666 2082 4743 commutasse.

506 4755 636 4811 Inde
700 4771 974 4823 sermone,
1038 4759 1177 4830 lege,
1223 4761 1523 4832 judicibus,
1592 4771 1891 4840 prophetis,
1934 4779 2085 4833 omni

478 4833 699 4936 {genere
726 4847 1135 4915 beneficiorum,
1162 4854 1423 4925 omnique
1455 4858 1793 4928 ﬂagellorum
1837 4867 2081 4936 periculo

503 4939 882 5008 ferocientem,
917 4943 1118 5014 vixque
1147 4947 1511 5015 tractabilem,
1566 4953 1698 5022 quin
1731 4955 2078 5027 desperatum

501 5031 750 5098 omnino,
794 5048 859 5088 ac
925 5034 1306 5104 insanabilem,
1340 5056 1405 5096 eo
1450 5042 1744 5110 adductus,
1802 5057 1862 5102 ut
1899 5051 2078 5119 primo

504 5124 1020 5194 indigeretauxilio,
1076 5144 1443 5202 supremoque
1471 5137 1747 5192 curandus
1813 5151 1957 5196 esset
1996 5159 2080 5199 re-

496 5217 699 5270 medio.
729 5217 788 5270 In
828 5233 894 5273 eo
929 5219 1061 5273 illud
1087 5224 1350 5290 positum,
1384 5233 1443 5279 ttt
1477 5225 1592 5295 ipse
1623 5229 1766 5283 Deus
1813 5229 2072 5298 Verbum,

496 5307 681 5360 carnis
719 5322 938 5378 expers,
964 5310 1149 5365 carnis
1175 5326 1303 5381 ergo
1333 5327 1398 5366 ex
1427 5316 1682 5384 virgineis
1717 5320 2074 5389 sanguiuibus

501 5413 725 5453 carnem
779 5399 1071 5468 indueret;
1109 5401 1416 5474 animaeque
1478 5406 1798 5478 intelligenti
1856 5423 2078 5483 propter

499 5489 740 5544 animam
802 5491 1303 5562 commisceretur;
1353 5511 1418 5550 ac
1475 5514 1582 5569 qua
1624 5499 1842 5556 demum
1902 5516 2076 5565 morte

565 5634 608 5664 ⁶¹
642 5632 817 5688 lCor.
853 5649 933 5699 In,
967 5634 1054 5690 17.
1132 5636 1176 5666 ⁸³
1205 5635 1320 5693 Jac.
1350 5641 1502 5708 t,18.
1579 5644 1626 5675 ⁸³
1656 5641 1673 5697 Ι
1703 5643 1830 5701 Cor.
1863 5664 1951 5718 XV,
1981 5651 2068 5707 39.

564 5749 642 5819 (δ)
682 5749 835 5805 0m.
868 5752 935 5806 58
963 5761 1017 5810 et
1055 5756 1144 5811 te.

2193 4600 2370 4665 licias,
2391 4601 2536 4669 quod
2561 4615 2655 4670 per
2683 4601 2864 4655 carnis
2887 4599 3187 4664 libidinem,
3219 4597 3346 4660 vita,
3372 4612 3495 4666 qua:
3526 4596 3579 4648 in
3604 4595 3770 4664 spiri-

2195 4701 2250 4748 tu
2291 4702 2394 4755 est,
2427 4692 2710 4755 exciderit,
2741 4692 2978 4747 carnalis
3004 4701 3157 4746 ortus
3203 4705 3411 4760 auspex
3467 4698 3772 4758 auctorque

2192 4783 3032 4854 hominibusexstitit;vitaque
3091 4783 3335 4852 angelica
3387 4796 3453 4836 ac
3488 4779 3624 4834 nulli
3671 4779 3772 4832 ob-

2191 4875 2353 4929 noxia
2387 4875 2631 4929 intcritui
2678 4889 2774 4944 per
2825 4873 3138 4928 socordiam
3175 4872 3379 4926 amissa
3437 4879 3599 4941 atque
3636 4883 3770 4936 pro-

2185 4967 2352 5037 jecta,
2411 4967 2533 5034 ejus
2578 4983 2701 5037 qua:
2751 4965 3036 5022 aii'ectibus
3097 4966 3404 5035 mortisque
3465 4959 3769 5017 interitioni

2187 5059 2404 5112 addicta
2439 5069 2542 5120 est.
2584 5074 2780 5128 parens
2820 5059 3071 5113 inaudiit.
3129 5059 3200 5113 At
3246 5058 3565 5128 Gregorius,
3603 5053 3765 5125 primi

2186 5150 2411 5220 quidem
2453 5157 2618 5221 atque
2668 5153 2869 5206 terreni
2931 5153 3082 5222 prius
3114 5160 3334 5221 gestans
3387 5150 3677 5218 imaginem
3718 5148 3768 5181 ⁸³

2187 5245 2413 5313 (etenim
2441 5246 2604 5300 homo
2627 5246 2788 5317 erat),
2823 5257 3048 5316 tumque
3076 5259 3141 5299 eo
3169 5244 3443 5308 abdicato,
3462 5243 3763 5298 secundum

2183 5346 2374 5407 postea
2413 5347 2576 5408 atque
2594 5339 2870 5394 cmlestem
2899 5337 3168 5392 Adamum
3203 5337 3463 5402 inducns;
3489 5345 3765 5405 natusque

2186 5440 2355 5501 atque
2381 5431 2658 5501 perfectus
2711 5432 3016 5488 secundum
3049 5429 3172 5500 ejus
3212 5429 3504 5501 imaginem
3539 5428 3764 5498 (quippe

2183 5524 2536 5593 praestantior
2581 5525 2822 5598 homine)
2882 5526 3098 5582 initium
3150 5523 3426 5595 quoddam
3479 5536 3544 5578 ac
3601 5519 3760 5575 radix

2617 2848 3022 2904 tlivinissimum
3099 2861 3423 2916 summeque
3482 2846 3788 2916 principem
3857 2883 3872 2896 .
