4092 6596
272 356 303 419 4
315 360 380 423 5'}

1010 360 1291 423 ORATIO
1328 364 1456 425 XX.
1487 388 1554 399 ’-
1581 365 1661 426 ΙΝ
1703 363 2015 430 LAUDEM
2054 369 2116 431 S.
2156 367 2531 430 GREGORII
2557 370 2830 435 TIIEOL.

3448 378 3552 445 ιδι

271 472 536 545 spiritalis
566 473 892 541 nativitatis,
938 476 1119 531 aetatis
1166 493 1279 533 suae
1320 478 1631 536 hominibus
1680 495 1851 551 appa-
1882 492 1929 545 Α
1957 482 2358 540 Nazianzenam
2420 486 2606 541 sedem
2664 490 2957 560 regendam
3011 496 3388 567 suscepisset,
3446 514 3548 554 an-

270 569 403 619 ruit.
446 565 604 620 Verbi
642 566 790 621 enim
856 565 1203 639 Spiritusque
1242 571 1506 640 potentia,
1538 587 1637 627 ceu
1668 574 1854 628 incon-

269 658 597 711 taminatam
628 667 929 713 sementem
979 660 1197 729 pietatis
1253 666 1477 716 verbum
1527 673 1853 718 cunctorum

269 750 534 804 cordibus
564 750 929 805 disseminans
950 766 963 814 ;
985 767 1048 804 ac
1077 752 1224 806 velut
1253 753 1551 821 imbribus,
1574 757 1856 811 continuis

269 841 403 894 illud
448 841 797 897 sermonibus
834 858 897 897 ac
931 844 1224 913 colloquiis
1282 847 1532 901 nutriens
1590 862 1853 903 consum-

267 949 561 1003 mansque,
599 945 760 1003 atque
789 935 853 989 ad
890 950 1199 990 mensuram
1242 938 1502 1006 spiritalis
1532 941 1709 993 aetatis
1730 955 1857 1010 pro-

267 1024 512 1088 vehens;
547 1026 785 1093 primum
817 1026 1064 1095 quidem,
1097 1042 1288 1080 eorum
1318 1029 1592 1097 quicarne
1624 1031 1850 1099 genuis-

264 1124 413 1172 sent.
476 1117 672 1185 spiritu
715 1116 953 1170 efﬁcitur
990 1133 1224 1186 parens;
1254 1120 1557 1188 exindeque
1595 1121 1756 1174 etiam
1786 1121 1853 1177 ad

263 1215 584 1267 extraneos,
618 1207 821 1261 mentis
851 1207 1014 1271 hanc,
1037 1208 1576 1282 pulcherrimamque
1605 1214 1855 1284 adoptio-

264 1311 393 1348 nem
427 1311 593 1365 supra
625 1297 843 1352 modum
879 1313 942 1352 ac
980 1299 1247 1355 latissime
1277 1300 1505 1370 Profert.

339 1384 465 1454 Ipse
494 1396 678 1441 autem
738 1390 1004 1460 seipsum.
1068 1392 1213 1445 omni
1265 1394 1490 1463 dignum
1535 1395 1804 1451 miraculo
1835 1439 1851 1465 ,

262 1493 329 1531 ac
350 1478 513 1548 longe
541 1479 851 1533 absolutum
877 1483 1096 1537 virtutis
1120 1485 1402 1554 exemplar
1426 1488 1852 1559 proponens’(7),

264 1571 508 1637 primum
542 1571 762 1639 quidem
814 1556 937 1627 sua:
974 1574 1025 1627 in
1077 1574 1308 1629 Pontum
1353 1578 1494 1646 lugze
1526 1578 1854 1636 manifestas

260 1676 543 1716 exensatts
594 1662 754 1717 affert
788 1666 1078 1719 rationes:
1139 1668 1280 1737 quod
1342 1685 1538 1740 nempe
1593 1673 1854 1739 pra-claro

261 1754 585 1809 solitudinis
630 1755 841 1812 alIlatus
872 1773 1076 1824 amore,
1120 1776 1477 1830 superumque
1504 1762 1856 1833 philosophiae

264 1846 565 1901 instinctus
594 1848 894 1918 desiderio,
921 1852 1159 1905 urbanos
1188 1855 1454 1909 tumultus
1477 1856 1853 1924 declinaverit;
1893 1852 1932 1904 Β

263 1946 329 1991 ut
358 1954 419 1993 se
453 1940 715 1995 nimirum
752 1942 805 1996 itt
831 1959 918 2008 ea,
950 1954 1211 2015 tanquam
1238 1948 1464 2015 speculo
1496 1949 1852 2015 uitidissimo,

261 2035 699 2104 contemplatus,
742 2050 828 2103 ac,
866 2051 1030 2105 quam
1060 2039 1213 2107 prius
1257 2054 1350 2108 per
1385 2041 1650 2109 Spiritum
1683 2042 1856 2096 divini

262 2125 567 2178 sacerdotii
644 2126 957 2182 unctionem
1040 2138 1238 2185 nactus
1304 2140 1467 2197 erat,
1533 2132 1857 2202 perfectiore

260 2216 664 2271 einunilatiouc
689 2218 1008 2289 obsignans,
1041 2229 1329 2291 ratamque
1359 2223 1466 2277 sibi
1525 2238 1591 2278 ac
1638 2224 1854 2280 ﬁrmam

259 2307 439 2361 divini
482 2308 611 2362 doni
641 2311 1042 2378 possessionem
1072 2323 1337 2382 prmstaus
1359 2356 1375 2380 ,
1407 2314 1488 2368 sic
1512 2331 1647 2385 pure
1675 2318 1856 2387 puris-

260 2401 412 2455 simo
444 2401 522 2453 ttti
560 2413 771 2469 posset,
803 2418 866 2457 ac
888 2404 936 2457 ei
972 2419 1358 2460 consuescere.
1392 2405 1529 2460 Tum
1556 2408 1856 2465 sacerdotis

257 2489 507 2545 ostendit
545 2490 887 2559 dignitatem,
956 2509 1021 2547 ac
1049 2495 1266 2563 qualem
1301 2510 1424 2550 eum
1456 2508 1706 2566 oporteat
1734 2516 1856 2555 esse

260 2583 364 2652 qui
414 2584 466 2636 in
519 2584 836 2654 episcopum
875 2587 1256 2654 praeﬁciendus
1319 2589 1432 2643 sit:
1466 2590 1667 2660 quibus
1725 2592 1852 2646 item

260 2673 582 2729 rationibus
616 2690 852 2745 praeesse
890 2693 1013 2732 eum
1048 2689 1298 2749 oporteat
1323 2685 1472 2755 gregi
1524 2687 1695 2740 utenti
1754 2703 1857 2741 ra-

261 2766 438 2829 tione,
472 2767 841 2836 pulcherrime
888 2783 1211 2839 summaque
1228 2772 1571 2842 philosophia
1601 2792 1857 2832 sermone

260 2856 393 2911 aliis
430 2860 673 2922 tradens,
712 2857 827 2926 ipse
861 2859 1117 2923 Operibus
1139 2899 1154 2925 ,
1185 2862 1626 2935 clarissimisque
1658 2877 1848 2921 certa-

260 2950 517 3005 minibus
540 2951 834 3020 implendo,
869 2951 1028 3005 ﬁdem
1064 2954 1240 3008 verb’s
1276 2955 1531 3011 addebat.

340 3040 606 3106 Quaanam
635 3042 798 3111 igitur
830 3044 1032 3111 opera?
1059 3060 1123 3097 ac
1156 3046 1441 3102 videamus
1472 3065 1600 3103 num
1634 3050 1853 3119 plurimi

263 3150 333 3189 ea
367 3136 624 3190 facienda
688 3150 751 3189 ac
783 3137 1210 3204 prmtuagniﬁca.
1238 3136 1304 3191 Et
1332 3140 1461 3209 quid
1490 3142 1658 3205 enim,
1689 3158 1853 3211 quam

266 3226 535 3297 Theolngi
586 3226 773 3281 animo
832 3242 895 3282 ac
946 3227 1049 3282 ﬁde
1099 3228 1298 3299 digna?
1348 3230 1592 3286 Primum
1635 3234 1855 3303 quidem

266 3319 534 3388 templum
581 3327 777 3372 ornatu
829 3329 1118 3374 venustum
1174 3337 1239 3377 ac
1290 3324 1433 3377 mole
1491 3326 1684 3395 ingens
1737 3327 1857 3397 ejus

266 3425 403 3464 cura
422 3421 585 3480 atque
604 3411 880 3480 diligentia
901 3412 1196 3466 eXcitatutn
1223 3412 1322 3485 (8),
1348 3415 1602 3485 velutquc
1627 3417 1773 3471 aliud
1803 3419 1856 3473 itt

272 3510 419 3555 terra
456 3501 652 3556 cadum
684 3504 736 3555 in
766 3503 922 3557 coeﬁs
945 3503 1210 3558 habitanti
1236 3505 1415 3575 palam
1448 3519 1855 3563 consecratum.

270 3591 476 3645 Verum
506 3592 581 3654 id,
611 3608 723 3663 prce
749 3593 814 3647 iis
845 3609 965 3662 quae
993 3594 1111 3663 ejus
1133 3604 1281 3661 sunt,
1315 3598 1497 3652 minus
1527 3598 1593 3651 ad
1624 3600 1859 3654 miracu-

271 3678 409 3734 lum.
450 3678 554 3746 Qui
590 3681 735 3735 enim
774 3682 890 3750 ipse
926 3698 985 3737 se
1021 3683 1283 3752 templum
1339 3683 1448 3739 Deo
1501 3686 1727 3757 dignum
1777 3697 1859 3742 at-

271 3788 381 3843 que
414 3783 710 3843 augustum
745 3775 1008 3829 virtutum
1066 3775 1219 3829 cultu
1272 3786 1665 3845 exstruxerat,
1719 3781 1854 3852 quid

275 3870 479 3924 tnirum
513 3870 808 3941 plurimam
843 3871 985 3942 patri
1042 3886 1263 3941 Operam
1302 3874 1603 3929 contulisse
1629 3913 1644 3940 ,
1678 3885 1736 3930 ut
1790 3890 1859 3931 ex

271 3959 548 4032 lapidibus
579 3977 791 4016 sacram
832 3978 951 4017 eam
980 3964 1148 4018 aedem
1176 3964 1509 4020 aediﬁcaret?

348 4054 557 4109 Deinde
594 4065 879 4125 parentum
923 4058 1159 4112 honores
1205 4076 1219 4113 :
1272 4059 1363 4128 qui
1419 4075 1614 4129 nempe
1652 4060 1858 4123 verbis,

273 4148 367 4218 qui
397 4147 514 4217 ipsa
546 4147 839 4217 praestandi
876 4163 965 4202 re:
1000 4148 1330 4217 pupillorum
1360 4152 1650 4217 tntarnina,
1670 4150 1861 4205 vidua-

274 4254 399 4293 rum
432 4237 712 4307 przesidia,
747 4254 1045 4308 pauperum
1078 4239 1411 4308 patrocinia,
1449 4255 1663 4307 senum,
1688 4257 1860 4312 aegro-

273 4338 483 4395 torum,
515 4330 891 4385 mendicorum
916 4330 1189 4400 hospitia;
1236 4341 1347 4385 tum
1379 4348 1499 4401 quae
1550 4334 1700 4388 solus
1743 4334 1860 4403 ipse

274 4436 340 4477 ac
401 4422 637 4477 seorsim
700 4424 971 4478 exstruxit
1026 4423 1079 4478 in
1132 4424 1339 4493 patria;
1400 4433 1514 4478 tum
1542 4425 1737 4494 quibus
1767 4441 1860 4480 cx-

276 4515 560 4570 struendis
590 4513 796 4570 sociam
839 4531 1061 4570 manum
1097 4517 1328 4571 contulit
1374 4516 1553 4571 amico
1585 4532 1648 4571 ac
1683 4517 1857 4572 sodali

277 4607 522 4676 Basilio;
556 4624 654 4663 nee
679 4608 813 4664 solis
835 4609 1091 4678 Operibus
1116 4625 1239 4674 qure
1264 4626 1360 4664 sua
1407 4619 1565 4665 erant
1609 4610 1859 4668 fovendis

276 4701 393 4770 ipse
421 4699 780 4767 conferebat,
820 4701 913 4755 sed
955 4710 1010 4755 et
1044 4701 1223 4756 verbis
1239 4703 1493 4756 eximiam
1525 4703 1861 4759 adhortatio-

276 4793 368 4847 nis
403 4794 513 4845 vim
549 4792 897 4857 habentibus,
935 4807 1097 4847 saxea
1132 4792 1247 4861 ipsa
1296 4804 1511 4862 pectora
1547 4794 1610 4848 ad
1643 4808 1851 4865 paupe-

278 4899 403 4937 rum
472 4899 539 4938 ac
571 4884 945 4939 mendicorum
979 4899 1222 4938 amorem
1251 4884 1576 4939 suscitabat.

348 4976 430 5030 Ac
487 4975 705 5045 quidem
762 4991 892 5046 erga
947 4976 1296 5032 adversarios
1346 4977 1512 5031 rebus
1552 4992 1616 5032 ac
1676 4978 1862 5034 verbis

278 5068 559 5123 contraria
630 5070 847 5135 studia;
907 5084 1032 5138 erga
1089 5077 1268 5124 autem
1330 5067 1664 5124 domesticos
1735 5069 1861 5124 fidei

280 5160 701 5229 opitulatioues,
724 5161 1184 5229 gubernationes,
1219 5175 1327 5214 non
1368 5170 1472 5214 tam
1510 5162 1575 5215 ad
1616 5177 1815 5232 corpus
1847 5202 1863 5227 ,

281 5267 448 5321 quam
480 5253 548 5306 ad
579 5254 824 5306 animum
852 5261 1161 5323 spectantes
1194 5253 1261 5319 “,
1286 5269 1410 5308 cum
1443 5254 1561 5323 ejus
1620 5255 1866 5310 doctrina

286 5358 356 5399 ac
425 5343 541 5415 lege
583 5345 767 5400 cuncti
803 5345 1241 5417 gubernarentur
1296 5359 1361 5399 ac
1407 5354 1763 5414 pascerentur
1789 5345 1858 5399 “.

281 5434 419 5491 Nam
442 5436 872 5493 Caesariofratre
893 5439 1003 5508 jam
1039 5437 1178 5493 vivis
1211 5445 1487 5508 exempto,
1533 5452 1657 5492 cum
1706 5449 1861 5508 pater

347 5568 391 5601 “
431 5573 553 5631 Gal.
586 5590 665 5639 vi,
692 5573 745 5630 8.
824 5575 868 5608 ⁸⁸
899 5573 919 5628 ι
948 5575 1076 5632 Cor.
1101 5592 1199 5643 xu,
1231 5575 1321 5632 28.

360 5720 435 5791 (7)
468 5720 520 5791 id
548 5730 721 5775 totum
752 5731 891 5775 orat.
930 5720 978 5791 l.

360 5789 434 5861 (8)
465 5789 617 5845 Orat.
648 5791 735 5859 l9,
775 5806 827 5861 p.
859 5790 983 5845 515.

1122 5854 1148 5865 κ

1401 5576 1445 5609 ⁸⁸
1475 5574 1621 5632 Psal.
1653 5592 1823 5645 Lxxn,
1864 5578 1915 5634 8.

1959 577 2152 647 nisque
2190 578 2391 648 gravis,
2429 593 2493 634 ac
2521 596 2751 652 corpore
2781 586 2987 642 morbis
3023 591 3244 656 attrito,
3281 590 3550 647 Ecclesia:

1957 678 2110 723 certo
2140 668 2235 723 Dei
2273 671 2506 727 consilio
2548 673 2793 731 molestis
2846 678 3033 747 rebus,
3057 696 3152 735 seu
3203 682 3548 753 inaequalitaw

1959 759 2106 815 tibus
2143 760 2382 818 ferendis
2442 764 2619 835 impar
2664 778 2835 835 esset,
2866 768 3169 842 Gregorius
3220 773 3296 828 illi
3349 786 3549 832 cuncta

1955 860 2094 915 erat,
2143 855 2445 911 senectutis
2480 859 2727 921 baculus.
2762 864 3080 919 morborum
3115 868 3348 931 curatio,
3377 868 3549 923 :ediﬁ-

1957 942 2099 996 catio
2123 946 2394 1013 corporis.
2420 949 2588 1002 animi
2624 953 2866 1020 requies,
2902 955 3145 1011 solamen
3183 950 3444 1027 spiritus;
3482 974 3548 1015 ac

1958 1034 2102 1103 quod
2134 1036 2481 1103 potissimum
2504 1042 2774 1107 omnium,
2796 1060 3055 1102 sensuum
3081 1050 3246 1104 animi
3274 1051 3544 1119 custodia,

1956 1141 2020 1182 ac
2050 1141 2328 1183 succussu:
2361 1130 2481 1185 ﬁdei
2516 1134 2846 1190 emendatio.

2030 1218 2242 1275 Etenim
2279 1222 2555 1292 ejusmodi
2587 1225 2797 1296 aliquid
2819 1229 2939 1297 ejus
2975 1233 3277 1291 rationibus
3319 1237 3542 1292 accidit.

1956 1310 2093 1378 Quia
2134 1304 2280 1368 enim
2311 1315 2642 1371 Arianorum
2679 1319 2835 1374 furor
2874 1338 3093 1379 omnem
3150 1332 3545 1397 propemodum

1958 1414 2226 1462 terrarum
2303 1410 2495 1464 orbem
2570 1423 2921 1482 pervaserat;
2978 1434 3229 1489 novaque
3286 1422 3547 1480 adversus

1958 1496 2243 1554 Trinitatis
2269 1502 2635 1571 aequalitatem
2670 1504 2945 1571 doctrina,
2979 1523 3078 1563 ceu
3116 1512 3232 1564 lues
3262 1514 3546 1580 quaedam,

1957 1589 2072 1644 sive
2126 1608 2466 1663 graugiama,
2502 1611 2600 1665 per
2650 1613 2845 1654 omnes
2896 1603 3225 1670 provincias,
3274 1607 3549 1676 urlesque

1956 1684 2333 1752 grassabatur,
2390 1702 2454 1742 ac
2513 1698 2626 1742 tum
2689 1691 3065 1761 imperatores,
3104 1704 3215 1749 tum
3273 1697 3549 1767 principes

1959 1789 2323 1848 proceresque
2353 1795 2416 1835 ac
2444 1784 2696 1852 populos,
2737 1785 2871 1854 quin
2927 1787 3092 1840 etiam
3125 1789 3290 1856 (qund
3331 1790 3547 1846 dirissi-

1964 1880 2110 1920 mum
2142 1871 2407 1941 oumiutn)
2427 1875 2598 1929 malos
2624 1876 2887 1944 prmsules
2920 1878 3019 1931 sibi
3057 1879 3371 1947 addixerat;
3407 1897 3549 1951 quos

1964 1957 2047 2010 vel
2078 1973 2291 2026 eorum,
2319 1964 2409 2030 qui
2438 1979 2617 2018 rerum
2651 1965 2814 2033 potiri
2838 1966 3183 2034 videbantur,
3213 1981 3389 2026 metus
3413 1971 3551 2041 deji-

1963 2063 2133 2120 ceret,
2177 2057 2258 2109 vel
2287 2057 2451 2125 (quod
2492 2058 2868 2133 mitissimum)
2950 2064 3253 2133 ignorantia
3314 2067 3547 2122 falleret.

1963 2143 2192 2209 Quando
2221 2146 2431 2201 scilicet
2461 2148 2644 2205 videre
2674 2160 2794 2206 erat
2828 2153 2974 2207 dirui
3017 2157 3308 2222 ecclesias,
3345 2158 3548 2228 templa

1962 2236 2162 2299 ablata,
2198 2239 2488 2293 cruoribus
2524 2239 2751 2306 foedata,
2786 2258 3053 2314 sacraque
3081 2246 3333 2316 spoliata,
3358 2259 3548 2303 sancta

1962 2328 2189 2397 polluta,
2238 2341 2423 2398 atque,
2461 2340 2517 2385 ut
2559 2334 2910 2401 proverbium
2960 2347 3076 2402 est,
3107 2338 3273 2394 illotis
3320 2340 3549 2409 pedibus

1964 2420 2203 2489 projecta
2260 2437 2323 2477 ac
2355 2424 2698 2479 conculcata.
2756 2425 2989 2492 Quando
3021 2431 3115 2500 qui
3159 2446 3306 2485 sana:
3362 2442 3550 2486 rectae-

1962 2527 2069 2580 que
2095 2512 2212 2565 ﬁdei
2244 2522 2568 2579 assertores,
2598 2530 2663 2570 ac
2694 2517 2911 2586 pietatis
2949 2520 3187 2573 cultores
3223 2519 3275 2572 in
3303 2517 3550 2575 ECtL‘Sia

1961 2613 2119 2657 erant
2146 2604 2412 2669 universi,
2443 2608 2557 2662 suis
2588 2608 2829 2677 ipsorum
2858 2614 3090 2681 turp'ter
3116 2611 3549 2680 expellebantur,

1962 2709 2027 2747 ac
2057 2696 2137 2748 vel
2170 2696 2482 2751 carceribus
2515 2699 2768 2767 publicis,
2799 2700 2878 2754 vel
2903 2702 3226 2771 gravissima
3263 2700 3426 2763 fame,
3456 2712 3552 2757 aut

1962 2787 2248 2842 acerrimis
2288 2789 2635 2855 verberibus,
2670 2800 2767 2845 aut
2808 2792 2968 2859 longe
2999 2794 3250 2862 plurimis
3276 2792 3552 2861 variisque

1964 2880 2139 2949 plagis
2186 2894 2251 2945 ac
2281 2880 2802 2945 dehonestamentis,
2845 2892 2940 2937 aut
2968 2883 3282 2938 durissimis
3313 2884 3548 2950 exsiliis,

1962 2980 2058 3024 aut
2095 2971 2478 3037 amarissimis,
2520 2983 2579 3027 ut
2610 2975 2776 3029 verbo
2804 2974 3005 3038 dicam,
3040 2977 3434 3032 cruciamentis
3486 2991 3551 3032 ac

1965 3064 2230 3117 molestiis
2286 3066 2503 3130 tentati,
2554 3075 2797 3121 extrema
2858 3067 3079 3121 adibant
3132 3070 3395 3137 pericula,
3444 3070 3550 3125 nisi

1966 3156 2232 3227 impietati
2294 3174 2579 3234 assensum
2636 3162 2971 3230 praeberent;
3024 3173 3189 3232 atque
3238 3164 3275 3217 ii
3310 3165 3549 3235 quidem

1966 3256 2161 3315 sponte
2192 3247 2420 3304 urbibus
2465 3249 2864 3320 demigrantes,
2895 3254 3223 3325 desertaque
3264 3270 3328 3310 ac
3356 3257 3550 3311 solitu-

1965 3337 2123 3393 dines
2166 3339 2308 3393 ultro
2352 3349 2621 3409 petentes,
2664 3358 2788 3397 cum
2845 3344 3036 3401 bestiis
3072 3346 3282 3401 ratione
3317 3346 3553 3403 carenti-

1966 3430 2067 3484 bus
2097 3432 2338 3485 exerceri
2375 3433 2441 3486 ad
2483 3434 2738 3503 pietatem
2777 3436 3073 3501 malebant,
3112 3453 3275 3505 quam
3304 3437 3551 3493 habitare

1965 3537 2089 3576 cum
2139 3522 2204 3578 iis
2231 3522 2296 3589 “,
2322 3525 2414 3593 qui
2442 3526 2589 3594 loqui
2609 3526 2661 3579 in
2687 3527 2905 3583 excelso
2930 3527 3323 3596 blasphemiam
3350 3535 3553 3583 temere

1965 3614 2259 3669 audebant.
2328 3614 2609 3685 Quotquot
2684 3625 2866 3673 autem
2932 3618 3222 3673 contraria:
3276 3618 3553 3686 opinionis

1965 3716 2141 3773 erant,
2177 3721 2241 3761 ac
2288 3722 2347 3762 se
2398 3708 2662 3778 intpietati
2712 3710 3054 3776 addixerant,
3095 3710 3356 3766 ecclesias
3408 3709 3553 3764 obti-

1967 3807 2181 3865 nentes,
2219 3816 2424 3871 easque
2458 3802 2605 3857 velut
2649 3817 2764 3857 suze
2796 3803 3040 3873 ipsorum
3098 3802 3263 3872 hujus
3297 3801 3553 3871 nequitiae

1967 3892 2176 3945 munita
2219 3894 2469 3962 quaedam
2504 3894 2754 3963 praesidia
2786 3896 3186 3960 existimantes,
3218 3894 3341 3948 inde
3374 3893 3429 3947 in
3456 3908 3554 3948 eos

1966 3984 2057 4052 qui
2112 3985 2364 4053 pietatem
2425 3987 2604 4042 colere
2659 3987 2983 4043 statuissent
3038 3987 3424 4056 irrumpentes,
3455 4000 3551 4041 eos

1967 4077 2378 4146 disperdebanl.

2038 4168 2192 4224 Tunc
2259 4171 2450 4240 plane,
2504 4182 2632 4226 tunc
2694 4187 2915 4243 quoque
2971 4172 3022 4226 in
3075 4170 3257 4241 magni
3304 4169 3550 4240 Gregorii

1967 4260 2223 4329 patriam,
2244 4261 2390 4313 velut
2419 4276 2684 4330 aquarum
2706 4262 3001 4315 vehemens
3024 4261 3260 4330 impetus
3278 4260 3551 4315 haereseos

1968 4351 2147 4405 scelus
2176 4362 2773 4422 erumpens,quotquot
2795 4352 2939 4407 leves
2972 4352 3176 4406 invenit
3220 4367 3283 4405 ar
3320 4350 3549 4415 debiles,

1968 4442 2209 4512 abripuit
2267 4443 2457 4512 utique
2524 4459 2589 4498 ac
2636 4444 2891 4498 dissolvit
2940 4442 3050 4514 (ubi
3079 4453 3132 4497 et
3159 4452 3363 4513 patrem
3407 4441 3551 4496 fama

1895 4574 1939 4629 Β
1970 4545 2076 4602 est,
2105 4536 2303 4591 mentis
2335 4536 2684 4607 simplicitate
2712 4537 2986 4604 delusum,
3032 4537 3250 4601 litteris,
3288 4551 3395 4589 non
3430 4535 3554 4590 ani-

1971 4641 2099 4691 mo,
2150 4635 2207 4678 nt
2261 4627 2616 4695 nequissimis
2670 4642 2957 4682 assensum
3012 4626 3204 4691 daret,
3258 4625 3553 4680 adductum

1963 4731 2083 4771 esse
2111 4715 2238 4788 [9]),
2261 4728 2531 4788 quotquot
2554 4733 2681 4773 vero
2712 4716 2957 4789 Gregorii
2987 4718 3270 4787 theol0gia:
3322 4730 3387 4771 ac
3430 4714 3553 4771 ﬁdei

1963 4819 2129 4879 petra:
2180 4809 2339 4864 ﬁrmo
2385 4810 2740 4866 fundamento
2772 4809 3069 4875 hieseraut,
3110 4809 3243 4863 nihil
3290 4808 3549 4863 heretica

1963 4902 2017 4956 vi
2062 4915 2127 4955 ac
2177 4900 2375 4971 injuria
2406 4901 2715 4985 labefactati
2777 4903 3058 4971 emotique
3104 4907 3550 4970 permanserunt.

2036 4986 2279 5042 Noemus
2333 4988 2518 5057 itaque
2574 4987 2727 5050 olim,
2756 5002 2883 5041 cum
2925 5002 3040 5041 sua:
3081 4987 3256 5041 aetatis
3289 4988 3553 5041 scelerata

1968 5090 2125 5151 gente
2168 5081 2282 5150 ipse
2326 5080 2575 5135 criminis
2621 5089 2898 5148 expertem
2972 5093 3321 5134 communem
3388 5076 3554 5131 vitam

1969 5186 2169 5241 agens,
2224 5172 2439 5225 inventa
2476 5170 2646 5241 gratia
2678 5170 2819 5239 apud
2866 5169 3056 5235 Deum,
3094 5168 3340 5223 futurum
3381 5181 3555 5237 aqua-

1972 5275 2089 5312 rum
2118 5259 2302 5313 illuvie
2328 5258 2514 5313 niuudi
2540 5260 2767 5313 docetur
2790 5258 3054 5311 exitium:
3085 5257 3218 5326 quin
3246 5265 3300 5311 et
3331 5254 3555 5308 modum

1969 5350 2219 5416 docetur,
2254 5365 2363 5421 quo
2409 5366 2439 5404 a
2492 5350 2650 5406 malis
2699 5350 3016 5405 liberandus
3046 5348 3119 5404 sit
3147 5367 3161 5405 :
3190 5362 3366 5418 exque
3393 5346 3556 5415 lignis

1969 5439 2172 5499 aﬁabre
2199 5451 2479 5513 compacta
2512 5457 2662 5510 arca,
2698 5451 2861 5512 atque
2891 5442 2943 5497 in
2983 5456 3104 5498 eam
3153 5439 3364 5498 cunctis
3389 5436 3553 5496 simul

2044 5719 2119 5791 (9)
2151 5717 2310 5789 Greg.
2346 5727 2486 5773 orat.
2525 5716 2612 5786 19,
2642 5732 2698 5785 p.
2728 5713 2856 5771 297.
