4092 6608
379 430 481 493 457

1124 425 1403 486 ORATIO
1429 425 1553 485 XX.
1599 448 1662 456 -
1704 421 1785 482 IN
1829 418 2141 479 LAUDEM
2177 417 2235 478 S.
2292 414 2664 473 GREGOREI
2704 411 2974 472 TSIEOL.

3545 407 3649 468 453

378 557 486 610 que
523 539 572 592 vi
605 546 763 604 ;erart
800 537 944 592 enim
981 534 1026 588 si
1058 536 1183 604 quis
1219 534 1530 588 mortalium
1579 547 1744 602 quam
1787 531 1958 584 nraxi-
1991 534 2034 589 Α
2067 525 2134 580 lis
2179 532 2498 592 cernuntur,
2540 523 2789 593 moleque
2847 538 2876 576 a
2921 532 3060 575 terra
3090 528 3387 590 assurgunt
3418 520 3546 584 ;sed
3591 521 3644 574 in

381 649 468 686 me
523 648 553 685 a
613 631 755 685 fastu
814 629 1074 694 alienus;
1123 627 1202 682 sic
1257 638 1438 682 tamen
1479 627 1634 696 quasi
1689 625 1963 694 praebente

377 719 644 774 Altissimi
705 716 950 788 dextera)
1003 717 1318 788 summique
1397 716 1687 773 sacerdOtii
1748 723 1962 784 sumpta

381 822 632 877 tessera;
660 825 724 865 ac
759 825 883 866 cum
913 809 1119 880 Spiritu
1153 810 1312 875 duce,
1349 808 1416 864 ad
1441 812 1586 879 quod
1633 824 1757 863 eum
1791 808 1965 878 gratia

379 918 521 971 opus
543 912 876 973 segregaret,
923 903 1266 972 exploratum
1304 903 1546 965 haberet,
1583 901 1809 956 omnino
1847 900 1967 970 qui-

381 996 504 1048 dam
543 993 883 1050 Sasimorum
938 996 1212 1050 abdicavit
1272 997 1564 1065 parteciam
1620 1011 1633 1059 ;
1684 1009 1965 1049 sacrorum

381 1097 565 1141 autem
622 1088 885 1142 hactenus
940 1099 1226 1158 parentum
1284 1089 1370 1158 pie
1441 1089 1589 1143 cultu
1645 1086 1965 1159 defungeus,

383 1189 785 1250 paternumque
833 1196 1050 1250 gregem
1104 1181 1390 1250 pastoralis
1437 1181 1670 1236 solertiae
1700 1181 1970 1236 sermoni-

383 1273 508 1335 bus.
534 1289 598 1329 ac
619 1274 879 1343 operibus
909 1289 1244 1344 componens
1277 1291 1293 1342 ;
1322 1275 1574 1344 velutque
1606 1274 1802 1345 praevia
1834 1291 1971 1345 qua-

383 1363 508 1417 dam
561 1364 970 1428 exercitatione,
1019 1379 1084 1419 ac
1120 1363 1384 1432 praeludio
1413 1364 1606 1433 patriae
1652 1364 1970 1437 episcopatu

385 1472 542 1522 usus,
575 1472 696 1512 sese
727 1457 878 1512 urbis
919 1456 1215 1526 Augustae;
1257 1457 1389 1527 quin
1449 1467 1504 1513 et
1555 1457 1728 1522 orbis,
1773 1457 1970 1528 praefe-

387 1557 559 1603 cturae
591 1549 812 1619 aptabat
841 1566 856 1616 ;
889 1565 1248 1620 superumque
1265 1549 1615 1620 perfectionis
1667 1549 1974 1604 arrhabone

385 1649 665 1710 suscepto,
706 1642 774 1696 ad
828 1655 948 1696 eam
985 1642 1331 1697 festinantem
1364 1641 1686 1712 praeferebat
1721 1660 1734 1697 :
1777 1657 1844 1696 ac
1889 1643 1972 1712 pia

386 1733 819 1803 longanimitate,
855 1736 1070 1790 divinas
1101 1734 1494 1806 promissioues
1525 1734 1843 1805 recipiebat.

457 1828 805 1884 Abrahamus
838 1829 1056 1899 quidem
1126 1828 1562 1899 patriarcharum
1613 1828 1972 1893 clarissimus,

388 1919 564 1974 tribus
586 1921 717 1974 viris
733 1921 1016 1976 Trinitatis
1047 1934 1170 1992 typo
1202 1921 1439 1990 hospitio
1467 1921 1735 1991 susceptis
1750 1921 1794 1952 ⁸³
1821 1937 1834 1985 ;
1866 1921 1974 1974 irno

388 2027 513 2066 cum
547 2013 712 2066 trium
769 2013 1011 2068 virorum
1069 2016 1241 2068 forma
1282 2011 1610 2067 Trinitatem
1667 2013 1973 2068 venientem

390 2105 494 2159 sub
524 2120 729 2174 quercu
781 2105 1148 2176 refrigeraret,
1209 2107 1616 2177 lrumaniusque
1678 2107 1975 2176 exciperet,

392 2197 800 2252 berredictiones
831 2213 860 2251 a
892 2197 1001 2252 Deo
1028 2198 1379 2268 consequitur
1409 2215 1422 2250 :
1459 2197 1790 2268 hospitiique
1830 2198 1977 2251 illius

393 2289 641 2359 praemio,
699 2289 1098 2360 optatissimam
1131 2291 1297 2346 refert
1347 2291 1792 2362 promissionem.
1820 2291 1978 2356 Quae—

392 2398 518 2435 nam
585 2399 716 2438 vero
761 2384 1102 2452 promissio?
1133 2383 1335 2454 Nempe
1383 2383 1564 2439 Sarrae
1603 2401 1768 2455 supra
1827 2401 1977 2454 spem

392 2491 610 2531 onmem
645 2515 660 2540 ,
701 2485 1026 2545 aetatemque
1076 2477 1249 2546 prolis
1301 2477 1618 2547 susceptio;
1658 2477 1885 2532 seminis
1917 2491 1980 2531 ea

394 2567 745 2622 multitudine
777 2566 1016 2631 diffusio,
1069 2577 1128 2621 ut
1167 2567 1353 2621 stellas
1381 2569 1503 2622 caeli
1564 2578 1784 2636 aequet;
1823 2577 1982 2623 terrae

394 2660 614 2725 optimae
660 2659 948 2713 haereditas
1029 2673 1092 2713 ac
1131 2659 1424 2728 possessio.
1470 2658 1569 2714 llic
1623 2669 1830 2727 autem,
1871 2675 1980 2715 non

395 2748 572 2802 tribus
614 2747 766 2811 viris,
804 2748 896 2804 sed
942 2749 1159 2803 deitatis
1223 2747 1398 2803 tribus
1451 2750 1746 2818 personis;
1804 2762 1982 2815 neque

396 2837 682 2896 Trinitatis
710 2840 902 2912 ﬁgura,
939 2841 1034 2896 s-~d
1069 2841 1182 2910 ipsa
1217 2856 1342 2896 vere
1393 2850 1645 2912 suscepta
1674 2841 1981 2908 Triuitate;

399 2949 577 3003 neque
626 2949 689 2989 ea
717 2951 838 3004 quae
865 2934 1034 2990 semel
1069 2935 1267 3005 hospes
1296 2935 1526 3000 venerit,
1569 2934 1663 2990 sed
1694 2950 1815 3004 quae
1842 2951 1986 2989 sern-

401 3039 496 3093 per
527 3026 940 3080 abstrusissirna
969 3026 1178 3080 ratione
1213 3027 1460 3093 adesset;
1489 3041 1594 3080 non
1637 3027 1984 3081 irrationabi-

403 3117 546 3171 libus
575 3117 732 3184 cibis,
781 3118 876 3172 sed
913 3118 1049 3172 vivis
1083 3119 1454 3182 sermonibus,
1511 3119 1769 3188 verisque
1819 3119 1983 3173 animi

404 3211 602 3274 sensis,
624 3225 685 3265 ac
718 3211 1047 3274 rationibus,
1071 3210 1299 3281 ipsaque
1329 3225 1456 3266 vere
1483 3210 1662 3280 dignis
1691 3209 1980 3277 Trinitate,

405 3303 724 3372 magnifice,
773 3303 1169 3374 ambitioseq'ue
1218 3304 1367 3359 illam
1425 3304 1678 3358 convivio
1745 3303 1982 3372 accipit;

407 3410 504 3448 nec
516 3394 615 3448 sub
635 3395 844 3451 arboris
863 3395 1050 3449 umbra
1069 3395 1373 3466 refrigerat,
1407 3396 1499 3451 sed
1529 3396 1631 3452 sub
1656 3396 1986 3451 eximiorum

364 3483 694 3544 'sensorum
732 3489 841 3544 alto
865 3501 1074 3545 recreat
1103 3508 1117 3554 ;
1153 3491 1516 3562 melioresque
1550 3506 1616 3547 ac
1653 3489 1988 3546 certissimas

408 3582 801 3652 promissioues
819 3582 1192 3653 consequitur.
1213 3583 1530 3640 Liberorum
1563 3583 1706 3637 enim
1727 3583 1989 3652 multipli-

407 3685 798 3741 catoruur,non
819 3677 1138 3745 carnalium,
1155 3677 1250 3731 sed
1283 3677 1604 3748 spiritalium
1631 3691 1838 3746 ;neque
1866 3677 1992 3732 stel-

407 3767 476 3821 l'rs
501 3768 554 3820 in
570 3775 850 3837 aspectum
866 3769 1208 3834 cadentibus,
1232 3772 1324 3825 sed
1341 3787 1458 3840 quae
1479 3779 1658 3824 mente
1676 3771 1990 3841 intelligun-

413 3868 520 3924 tur,
547 3871 659 3913 tur'n
699 3860 1073 3925 multitudine,
1107 3870 1221 3914 tum
1254 3863 1452 3915 decore
1487 3875 1654 3931 quam
1681 3860 1944 3915 similium
1976 3878 1990 3926 ;

408 3965 509 4005 nec
544 3959 700 4005 terra:
716 3953 855 4020 ejus,
885 3968 1046 4022 quam
1074 3953 1352 4007 sceleratae
1377 3965 1564 4023 gentes
1595 3953 1735 4019 alim,
1762 3953 1990 4022 aliaeque

411 4043 644 4098 subinde
696 4046 994 4108 calcareut,
1033 4045 1126 4100 sed
1175 4061 1295 4114 quae
1332 4046 1544 4099 mitium
1577 4046 1622 4077 το
1652 4046 1868 4116 propria
1910 4053 1994 4099 est

412 4133 718 4202 (Μήδας,
752 4134 1012 4206 inquam)
1049 4135 1392 4205 possidenda:
1433 4137 1748 4192 verissimus
1802 4135 1994 4205 recipit

410 4227 831 4291 prornissiones.

484 4319 562 4372 Ac
590 4320 814 4387 quidem
844 4320 1190 4376 Abrahamus
1220 4330 1404 4390 postea
1437 4320 1774 4391 unigenitum
1792 4321 1996 4391 primo-

415 4413 788 4481 genitumque,
817 4415 881 4467 de
908 4429 1016 4482 quo
1047 4413 1185 4468 facta
1225 4413 1520 4483 promissio
1553 4422 1689 4478 erat,
1720 4428 1842 4466 curn
1876 4422 1995 4466 teu-

417 4513 624 4558 taretur
655 4515 714 4557 ut
740 4519 903 4574 super
933 4521 1040 4559 uno
1083 4507 1349 4558 montium
1386 4506 1660 4560 victimam
1687 4506 1903 4561 offerret
1925 4507 1995 4572 τ’,

2069 630 2238 671 sacrae
2289 615 2791 686 imperturbationis
2833 615 2943 668 alto
2997 611 3278 678 culmine;
3324 625 3559 681 cumque
3592 627 3653 667 se

2068 708 2184 779 ipse
2208 710 2388 782 magni
2437 709 2710 780 primique
2733 707 3009 779 pontificis
3030 707 3282 762 manibus
3305 705 3649 775 praebuisset,

2070 817 2174 855 non
2201 802 2369 858 lsaaci
2392 817 2546 858 more
2575 803 2888 865 dimittitur,
2925 801 3018 857 sed
3049 800 3104 854 in
3135 801 3245 855 duo
3275 808 3514 863 secatur,
3543 799 3654 852 vita

2071 895 2303 959 scilicet,
2351 911 2471 965 qua:
2525 896 2592 950 ad
2624 910 2842 950 car-nem
2889 903 3118 964 spectat,
3176 902 3293 948 tota
3326 900 3654 957 emortuus;

2071 985 2295 1055 solaque
2321 1001 2383 1040 ea
2421 1001 2539 1055 quae
2567 985 2621 1040 in
2673 985 2868 1055 spiritu
2919 993 3024 1050 est,
3087 987 3284 1039 vivus:
3323 999 3386 1040 ac
3435 991 3655 1038 terrena

2073 1079 2290 1148 quidem
2333 1079 2667 1146 haereditate,
2703 1089 2962 1148 tanquam
2993 1078 3138 1132 fluxa
3203 1092 3269 1132 ac
3314 1076 3520 1131 caduca
3561 1090 3659 1130 ex-

2074 1172 2312 1238 cedens;
2348 1172 2414 1226 ad
2469 1187 2762 1242 supernam
2806 1181 3013 1239 autem,
3053 1186 3119 1226 ac
3169 1171 3444 1236 stabilem,
3474 1170 3658 1226 muni-

2073 1264 2312 1334 cipatum
2386 1265 2508 1320 vitae
2558 1266 2801 1320 rationes
2875 1263 3211 1319 transferens
3252 1305 3268 1331 ,
3313 1263 3661 1333 filiorumque

2075 1359 2458 1428 promissionis
2497 1358 2884 1428 pulcherrimae
2930 1359 3216 1430 primitiae,
3259 1374 3324 1413 ac
3383 1357 3661 1414 nobilissi-

2077 1465 2178 1504 mae
2223 1451 2517 1508 exsistens.

2147 1541 2280 1597 Nam
2331 1545 2454 1613 quis
2485 1560 2594 1615 prae
2651 1545 2764 1611 illo,
2823 1544 3012 1614 sicque
3069 1559 3128 1599 se
3179 1544 3548 1614 intelligentia
3609 1545 3660 1598 vi

2080 1636 2406 1706 praeditum,
2474 1637 2832 1708 opimumque
2887 1637 3297 1702 holocaustum,
3351 1637 3543 1708 prima:
3585 1636 3664 1690 illi

2071 1725 2285 1800 'menti,
2334 1725 2552 1796 Deoque
2597 1741 2697 1798 pro
2735 1727 3233 1799 iutelligeutissima
3282 1727 3372 1782 illa
3391 1742 3455 1782 ac
3505 1727 3668 1796 spiri-

2081 1818 2174 1872 tali
2205 1833 2300 1874 ara
2326 1819 2563 1874 obtulit?
2591 1819 2724 1886 Quis
2757 1836 2883 1877 vero
2911 1821 2991 1877 sic
3025 1821 3250 1876 victima
3275 1829 3460 1876 uteute
3500 1821 3665 1875 ratio-

2078 1907 2148 1964 ne
2179 1949 2194 1975 ,
2221 1925 2286 1965 ac
2315 1911 2670 1967 immaculata
2732 1913 2977 1969 omnium
3026 1914 3197 1987 gratia
3228 1915 3526 1970 immolatae
3577 1932 3666 1970 ra-

2079 2002 2237 2068 tioni,
2268 2001 2554 2076 Verboque
2587 2005 2715 2061 fecit
2743 2007 2766 2061 ?
2792 2007 2927 2074 Quis
2967 2008 3041 2062 ita
3085 2009 3320 2064 hostiam
3371 2010 3664 2072 viventem.

2079 2104 2350 2159 sanetam,
2393 2098 2836 2176 beneplacentem
2891 2116 3090 2172 corpus
3146 2119 3330 2168 suum,
3381 2119 3446 2159 ac
3504 2105 3668 2175 Spiri-

2082 2196 2217 2251 tum,
2251 2189 2483 2246 Domino
2513 2191 2739 2262 Spiritui
2783 2193 3030 2248 exhibuit
3075 2193 3164 2248 1'?
3192 2194 3328 2261 Quis
3384 2195 3456 2250 ita
3514 2197 3667 2266 prius

2081 2290 2197 2337 tum
2233 2298 2416 2348 carne,
2460 2294 2572 2338 tum
2606 2285 2789 2340 animo
2836 2287 3128 2342 sanctitate
3174 2287 3438 2354 imbutus,
3475 2289 3671 2344 exinde

2082 2376 2395 2431 sanctitatis
2453 2378 2742 2447 sacerdos,
2797 2394 2862 2434 ac
2914 2380 3241 2436 administer
3271 2379 3497 2436 effectus
3545 2384 3674 2435 est?

2083 2467 2218 2533 Quis
2253 2485 2566 2539 supremam
2599 2479 2725 2526 ante
2772 2481 2967 2526 nactus
3020 2471 3391 2542 adoptionem,
3425 2472 3505 2528 sic
3548 2461 3672 2527 aliis

2083 2558 2228 2614 Patri
2259 2562 2550 2631 spirituum
2567 2565 2614 2596 "
2631 2563 2956 2634 adoptandis
2973 2563 3298 2619 conciliator
3318 2564 3524 2620 ascitus
3547 2573 3630 2619 est
3651 2565 3674 2618 1’

2155 2651 2439 2719 Quodnam
2497 2656 2787 2725 pasroralis
2843 2657 3077 2712 solertiae
3126 2672 3346 2727 genus,
3387 2657 3665 2726 quodnam

2087 2745 2307 2802 virtutis
2347 2759 2536 2819 vegeta
2578 2749 2795 2803 actione
2842 2763 2949 2803 non
2994 2749 3132 2804 obiit
3172 2749 3500 2819 specimen?
3533 2747 3677 2815 Quid

2087 2849 2193 2904 est,
2227 2842 2371 2910 quod
2439 2841 2635 2896 divinae
2690 2842 3095 2912 praedicationis
3153 2843 3507 2899 sermonibus
3565 2859 3676 2898 non

2089 2930 2396 2988 clarissime
2443 2934 2712 2989 detexerit
2749 2935 2771 2991 ?
2809 2944 2868 2989 ut
2921 2935 2974 2989 iu
3032 2950 3097 2989 eo
3148 2936 3413 3005 majorem
3471 2951 3676 3000 sermo,

2088 3031 2251 3092 atque
2289 3025 2538 3080 doctrina
2568 3043 2676 3098 prae
2732 3028 2950 3082 actione
2982 3028 3406 3092 admirationem
3435 3029 3631 3084 haheat
3660 3048 3675 3096 ;

2089 3112 2337 3180 quiuirnu
2361 3115 2506 3171 actio
2542 3131 2652 3185 prae
2675 3131 2948 3179 sermone,
2981 3124 3146 3185 atque
3176 3116 3426 3171 doctrina
3473 3117 3672 3186 majori

2092 3204 2458 3260 admiratione
2497 3207 2690 3276 rapiat.
2719 3206 2855 3274 Quis
2880 3209 2951 3262 ita
3002 3223 3254 3264 sermone
3287 3208 3471 3264 clarus
3550 3225 3679 3280 gra-

2095 3298 2320 3367 visque;
2361 3298 2440 3354 sic
2471 3299 2784 3367 distinctus,
2839 3310 3005 3373 atque
3030 3301 3270 3372 elegans,
3304 3309 3678 3372 ornatusque;

2093 3395 2172 3446 sic
2220 3407 2380 3447 verax
2433 3409 2498 3448 ac
2558 3394 2900 3464 perspicuus,
2943 3405 3001 3448 ut
3051 3394 3245 3460 videri,
3292 3409 3457 3464 quam
3498 3395 3679 3450 audiri

2096 3488 2280 3554 potius
2330 3487 2599 3553 videatur,
2658 3487 2923 3557 quidquid
2980 3489 3265 3558 loquitur;
3327 3488 3376 3542 id
3414 3500 3518 3554 esr,
3579 3503 3679 3558 pro

2098 3577 2356 3650 Tlreologi
2385 3579 2632 3648 partibus
2668 3580 2735 3635 de
2773 3579 2882 3634 Deo
2907 3581 3281 3650 exsequitur?
3313 3579 3428 3635 Imo
3459 3581 3586 3650 quis
3610 3582 3683 3636 ita

2099 3670 2206 3725 Deo
2232 3671 2467 3737 afflatus,
2503 3681 2666 3743 atque
2693 3674 2880 3744 gratiae
2905 3675 3160 3730 conditus
3185 3675 3431 3740 salibus;
3456 3684 3513 3730 ut
3566 3690 3685 3730 om-

2097 3780 2218 3818 nem
2291 3766 2458 3830 vitii,
2527 3768 3037 3838 putentissinraeque
3097 3768 3368 3824 haereseos
3441 3769 3682 3824 exsiccet

2095 3858 2273 3910 tabem
2324 3875 2338 3922 ;
2402 3859 2662 3928 quidquid
2726 3874 2856 3914 vero
2890 3860 3144 3913 humanis
3213 3861 3463 3916 moribus
3505 3861 3685 3917 disso-

2098 3949 2296 4011 lutum,
2335 3950 2661 4021 molliusque
2687 3950 2848 4016 inest,
2876 3961 3041 4021 atque
3071 3951 3341 4017 diffluens,
3381 3953 3448 4008 ad
3483 3955 3684 4009 mentis

2098 4041 2487 4105 constantiam,
2502 4056 2874 4112 sanarumque
2900 4044 3175 4098 rationum
3196 4041 3494 4098 transferat
3512 4043 3684 4098 firmi-

2100 4140 2268 4186 tatem
2300 4134 2324 4186 ἲ

2171 4224 2307 4292 Quis
2363 4241 2472 4296 prae
2519 4227 2966 4298 illo(dutnmodo
3000 4227 3302 4297 principem
3337 4227 3485 4280 illum
3506 4237 3688 4297 pasto-

2101 4332 2220 4371 rum
2246 4317 2292 4348 "
2318 4318 2556 4386 excipias
2590 4317 2914 4389 )magisque
2945 4319 3125 4374 bonus
3185 4319 3398 4383 Pastor,
3432 4321 3524 4390 qui
3573 4336 3689 4375 ser-

2103 4410 2281 4466 moois
2313 4410 2494 4465 fistula
2523 4411 2587 4465 ad
2616 4410 2758 4464 bona
2783 4415 2983 4481 pa‘scua
3013 4411 3208 4465 educat
3238 4411 3304 4475 ⁷⁵,
3329 4407 3494 4480 inque
3518 4412 3690 4467 bonas

2106 4515 2269 4575 atque
2312 4506 2474 4560 utiles
2529 4506 2717 4561 caulas
2750 4506 3018 4561 inducat?
3065 4505 3201 4572 Quis
3236 4506 3317 4561 sic
3351 4505 3574 4575 probus,
3624 4519 3690 4559 ac

418 4596 563 4650 haud
597 4608 925 4667 praeceptum
984 4599 1216 4660 disluiif,
1259 4600 1401 4653 haud
1436 4616 1548 4654 rem
1582 4599 1803 4671 aggredi
1837 4601 1998 4655 dubi-
2033 4596 2076 4652 D
2107 4598 2435 4660 industrius,
2490 4606 2548 4652 ut
2596 4588 2813 4667 gregem
2875 4603 2988 4651 tttm
3077 4596 3418 4668 impinguare
3457 4598 3692 4663 noverit,

418 4690 608 4751 tavit;
669 4691 810 4745 haud
869 4692 1169 4760 obstupuit,
1207 4693 1338 4762 quin
1392 4709 1634 4758 manum,
1672 4703 1834 4762 atque
1887 4693 2002 4762 gla—

416 4782 566 4834 dium
592 4780 609 4850 (
635 4797 667 4834 0
707 4782 872 4835 animi
905 4784 1358 4852 magnitudinem,
1394 4784 1504 4837 imo
1533 4785 1800 4853 insignem
1827 4785 1999 4853 pieta-

421 4873 488 4922 tis
524 4874 657 4935 vim,
699 4888 764 4926 ac
819 4874 1136 4942 religionem
1170 4875 1223 4944 i)
1258 4877 1570 4931 charissimi
1604 4876 1794 4946 jugulo
1832 4876 2000 4932 infer--

425 4969 548 5025 ret;
586 4963 801 5018 taurefsi
839 4979 980 5018 novo
1019 4966 1112 5018 illo
1137 4981 1201 5019 ac
1237 4966 1458 5020 insolito
1497 4966 1767 5021 sacrificio
1796 4967 2003 5021 inhibi-

425 5061 513 5105 tus
553 5062 655 5114 est,
697 5055 865 5108 ariete
905 5056 1087 5109 statim
1119 5057 1385 5111 cornibus
1403 5058 1683 5121 devincto,
1717 5057 1812 5128 qui
1843 5058 2004 5113 victi-

424 5161 525 5199 urare
559 5147 762 5198 uternis
812 5151 1022 5201 ratione
1047 5149 1225 5203 locum
1271 5150 1534 5218 expleret.
1569 5150 1878 5221 Gregorius
1907 5165 2006 5204 arr-

425 5247 556 5300 tetu,
595 5249 706 5290 tum
741 5239 894 5292 altari
924 5240 1177 5294 admotus
1198 5250 1300 5304 est,
1333 5250 1447 5294 tttrn
1484 5243 1728 5310 paternis
1761 5242 2006 5296 initiatus

427 5329 680 5382 inanibus
744 5332 950 5400 integra
1003 5333 1240 5397 victima,
1265 5349 1329 5386 ac
1368 5349 1521 5386 novae
1565 5335 1823 5390 sacerdos
1851 5333 2008 5388 vieti-

430 5435 530 5471 rnae
563 5421 858 5475 saetrt-dotii
883 5408 1193 5478 initiatione
1221 5425 1460 5480 oblatus.
1495 5424 1606 5481 Nec
1633 5442 1662 5480 a
1684 5435 1834 5496 patre
1863 5427 2007 5480 dun-

429 5518 597 5573 taxat,
628 5511 720 5566 sed
754 5513 910 5585 longe
941 5517 1092 5584 prius
1136 5534 1165 5571 a
1206 5521 1406 5573 teneris
1433 5520 1593 5575 aurris
1635 5519 1750 5590 ipse
1772 5536 1830 5576 se
1881 5519 2012 5575 offe-

430 5621 578 5671 rens,
607 5622 712 5660 rrorr
746 5624 1036 5677 superuno
1067 5612 1248 5682 aliquo
1273 5629 1336 5667 es
1366 5615 1432 5669 iis
1458 5615 1738 5671 montibus
1767 5616 1859 5685 qui
1881 5630 2012 5670 ocu-

503 5782 715 5860 “fﬁeri.
741 5806 893 5846 xvrrt.
922 5792 940 5844 -l
981 5808 1132 5860 seqq.
1211 5795 1254 5824 ⁷ο
1289 5794 1474 5850 Matth.
1518 5813 1568 5858 v,
1604 5797 1656 5850 ἄ.

432 5850 475 5882 ⁷⁸
511 5851 696 5910 lPetr.
727 5874 780 5923 v,
815 5862 868 5912 4.
945 5863 989 5892 ⁷⁵
1017 5850 1178 5918 ibi".
1212 5882 1286 5928 χι,
1332 5867 1420 5922 Μ.

792 5953 1062 6015 PATROL.
1097 5960 1212 6016 Gn.
1252 5958 1375 6019 CV.

1498 5870 1541 5898 τθ
1575 5869 1712 5922 Gen.
1749 5885 1919 5932 xxvtr,
1953 5868 2007 5922 4.

1735 5797 2179 5861 "Gen.xxu,f.

2084 5868 2127 5900 "
2155 5867 2291 5922 Gen.
2318 5881 2507 5931 xxvtu,
2559 5866 2604 5933 ιι,

2111 4700 2222 4744 tnrrr
2252 4692 2408 4760 c0pia
2438 4707 2636 4762 augere
2665 4710 2679 4758 ;
2713 4707 2778 4747 ac
2808 4707 2970 4762 quam
3003 4691 3190 4762 procul
3221 4707 3250 4746 a
3284 4691 3535 4763 luporum
3568 4691 3697 4747 feri-

2111 4792 2218 4836 tate
2249 4783 2577 4838 incolumem
2606 4799 2825 4838 scrvare
2851 4784 2875 4837 ?

2141 4882 2146 4886 ”
2183 4875 2420 4931 Jaeobus
2450 4878 2665 4946 quidem
2702 4877 2790 4931 ille
2813 4875 2984 4931 lsaaci
3016 4877 3163 4931 filius
3219 4875 3577 4930 suavissimis
3601 4889 3698 4943 pa-

2115 4975 2250 5021 trem
2273 4968 2550 5036 accipiens
2576 4966 2812 5037 dapibus
2841 4967 2908 5031 τθ,
2944 4967 3064 5036 ejus
3087 4968 3138 5020 in
3172 4982 3230 5020 se
3255 4964 3697 5020 benedictionem

2113 5060 2265 5115 fratri
2300 5065 2557 5130 praefatus
2587 5060 2831 5114 attraxit.
2882 5059 3020 5113 Tum
3064 5059 3203 5114 Esau
3251 5058 3451 5112 eaedem
3483 5058 3700 5126 spiran-

2115 5154 2185 5208 tis
2215 5155 2474 5208 invidiam
2517 5152 2732 5224 fugiens
2754 5154 2822 5219 ⁷⁷,
2840 5152 3036 5207 faustis
3068 5169 3201 5206 usus
3238 5151 3553 5214 insomniis,
3576 5165 3699 5219 quae

2116 5247 2182 5300 ad
2211 5247 2415 5300 scalam
2474 5246 2526 5298 in
2581 5245 2779 5300 cmlum
2833 5255 3145 5314 protensarn
3195 5252 3526 5313 spectarent,
3572 5258 3698 5310 pro-

2111 5350 2382 5406 spereque
2417 5337 2684 5391 deductus
2721 5336 2932 5400 itinere,
2978 5352 3041 5390 ac
3077 5352 3134 5390 se
3183 5335 3446 5389 maternis
3490 5334 3700 5388 laribus

2115 5427 2374 5493 inferens,
2410 5429 2614 5483 Labani
2649 5429 2881 5484 filiarum
2919 5444 3083 5483 causa
3109 5429 3325 5482 labores
3351 5426 3580 5481 desudat
3615 5425 3696 5490 ⁷⁸;

2114 5523 2345 5577 desudat
2401 5538 2532 5576 vero
2591 5523 2836 5577 curando
2887 5523 3092 5591 pecori,
3143 5535 3209 5574 ac
3265 5520 3367 5575 sibi
3419 5519 3704 5573 vindican-

2117 5619 2222 5682 do;
2262 5616 2547 5685 tribusque
2608 5615 2660 5669 in
2719 5616 2994 5670 eanalium
3050 5613 3219 5668 alveis
3267 5612 3436 5682 virgis
3482 5610 3702 5681 apposi-

2269 5796 2316 5826 τ’
2355 5795 2511 5848 Rom.
2545 5811 2645 5861 xu,
2677 5795 2727 5858 l;
2760 5791 3034 5857 lCor.rrr,
3061 5790 3149 5844 l7.
3227 5788 3272 5820 ⁷³
3307 5786 3472 5844 Hebr.
3502 5804 3599 5852 ιιι,
3648 5784 3704 5841 9.

2685 5866 2732 5896 ’⁷⁸
2762 5865 2899 5919 Gen.
2938 5877 3088 5926 xxrx,
3123 5864 3173 5913 l.

3209 5951 3283 6014 15
