4092 6604
466 420 576 484 459

1666 401 1956 464 NlCETzE
1986 396 2508 460 PAPIILAGUNIS

3601 385 3704 446 460

455 530 533 593 tis
564 530 631 596 ",
663 541 725 583 ac
758 526 860 583 sub
888 539 1075 580 eorum
1107 523 1287 579 colore.
1317 520 1554 574 variante
1599 527 1874 584 aspectum
1904 529 2030 566 (Wes
2058 513 2105 571 A
2135 527 2240 563 non
2280 511 2332 562 in
2363 507 2589 572 somnis,
2616 505 2709 561 sed
2750 503 2863 573 ipsa
2892 501 3097 572 vigilia,
3128 513 3250 569 qua
3278 512 3388 551 ere
3419 505 3602 550 essent
3642 513 3707 549 ac

465 624 534 677 ad
570 619 776 675 coitum
801 618 1074 676 eminens.
1111 613 1295 684 plures
1323 610 1628 664 maculosae
1664 606 1813 666 facit,
1862 617 2024 672 quam

462 728 588 783 qua:
615 709 777 765 nullis
818 717 976 763 erant
1019 706 1292 760 distinctae
1347 701 1626 756 maculis:
1657 697 1854 766 hisque
1893 692 2028 748 arti-

461 805 570 858 bus
592 803 782 858 delusa
819 799 976 871 Syro,
996 814 1059 853 ac
1087 813 1211 852 cum
1235 796 1462 852 solerter
1483 793 1583 848 sibi
1622 797 1865 861 parasset
1902 787 2029 842 sub-

461 896 740 958 stantiam,
777 893 849 947 ita
880 905 1000 946 cum
1035 888 1298 943 uxoribus
1327 901 1391 941 ac
1441 885 1626 943 liberis
1657 884 1725 938 ab
1753 898 1818 937 eo
1841 881 1975 951 fugit
2009 898 2024 947 ;

455 985 664 1053 Deique
689 982 880 1051 copiis,
928 994 992 1035 ac
1048 979 1243 1034 turmis
1299 975 1558 1032 occurrit.
1609 974 1687 1027 Ad
1724 973 1839 1026 inec
1901 985 2027 1024 cum

429 1059 592 1135 ‘Deo,
625 1073 715 1142 qui
756 1077 1099 1140 apparuerat,
1145 1075 1393 1123 conserta
1439 1079 1641 1135 pugna,
1677 1062 1834 1132 cujus
1863 1062 2026 1115 etiam

459 1174 595 1219 nutu
628 1173 835 1218 mutata
875 1161 1235 1232 appellatione
1283 1159 1496 1216 lsraeiis
1554 1172 1749 1211 nomen
1801 1154 2028 1222 accepit,

456 1255 670 1310 cunctis
703 1255 964 1309 liberatus
1002 1252 1291 1317 molestiis,
1324 1251 1376 1304 in
1401 1259 1680 1320 paternam
1703 1245 1901 1301 alacris
1933 1245 2032 1297 do-

456 1355 607 1403 mum
639 1346 817 1402 rediit.

530 1501 669 1567 Quid
692 1515 819 1553 vero
853 1497 1199 1568 Gregorius?
1235 1495 1425 1550 Nonne
1461 1494 1678 1563 optimis
1729 1491 2035 1560 Theologim

457 1592 728 1660 dogmatis
755 1589 999 1644 divinum
1033 1584 1592 1657 accipiebathmen;
1631 1583 2034 1652 presbyterum-

455 1699 566 1754 que
591 1683 753 1737 etiam
789 1683 863 1736 illi
905 1681 1140 1736 invisum
1182 1681 1454 1733 funestum
1502 1678 1686 1730 Arium
1721 1676 1892 1746 gloria
1941 1689 2034 1728 su-

463 1790 678 1845 perans.
707 1773 1015 1827 divinarum
1049 1772 1215 1826 decus
1264 1770 1708 1825 benedictiouum
1753 1765 2036 1837 privilegio

2136 600 2524 663 conducerent,
2554 597 2798 667 quotidie
2820 590 3288 649 submonstraret?

2202 693 2389 747 Trium
2415 693 2626 745 illarum
2651 691 2770 743 loco
2796 688 3092 757 virgarum,
3111 683 3288 738 tribus
3335 679 3558 735 Deitatis
3586 692 3711 748 per-

2132 787 2282 840 sonis
2308 785 2360 838 in
2396 783 2656 838 Eeclesiis
2682 794 2935 837 sermone
2967 775 3264 848 propositis
3297 775 3429 842 (has
3472 785 3709 839 namque

2131 878 2308 947 palam
2357 874 2662 944 figurabant
2713 870 2987 925 canalium
3039 865 3226 932 alvei),
3275 864 3612 929 hortansque
3639 858 3708 912 ad

2130 986 2224 1023 eas
2272 969 2514 1022 animum
2593 966 2935 1019 attendentes
2987 960 3188 1030 pietate
3263 956 3434 1010 fetum
3491 961 3708 1006 uterum

2133 1069 2429 1132 gestarent,
2476 1059 2696 1128 optimae
2724 1051 3201 1123 contemplationis
3250 1048 3510 1118 optimam
3546 1041 3713 1096 ratio—

2134 1169 2280 1214 nem,
2304 1153 2578 1208 salubrem
2606 1151 2874 1204 rationem
2906 1145 3342 1203 uteniterentur,
3371 1135 3660 1206 praestabat
3689 1147 3706 1195 ;

2132 1261 2243 1317 quo
2279 1245 2342 1298 ad
2395 1257 2665 1313 supernas
2715 1240 2926 1304 caulas,
2962 1238 3108 1292 bono
3141 1234 3232 1288 illo
3261 1231 3508 1293 Pastore,
3562 1240 3712 1280 sum-

2136 1351 2328 1404 meque
2367 1334 2589 1405 provido
2622 1332 2996 1390 submittente,
3040 1319 3358 1380 transirent.

2206 1427 2398 1482 Omnis
2424 1426 2638 1496 generis
2686 1435 2931 1478 terrenas
2960 1419 3265 1477 facultates,
3316 1427 3458 1481 quas
3498 1409 3572 1464 illi
3623 1422 3715 1462 sa-

2135 1519 2360 1587 pientia,
2379 1517 2661 1584 virtusque
2678 1520 2982 1582 paraverat,
3000 1516 3222 1563 sumens
3240 1521 3253 1567 ;
3271 1513 3434 1571 atque
3448 1500 3716 1553 hactenus

2137 1610 2260 1664 fidei
2320 1624 2446 1676 ope,
2507 1622 2616 1661 non
2666 1606 2778 1674 ipsa
2830 1603 3009 1673 specie
3065 1598 3431 1668 angeliearnm
3463 1590 3716 1644 Potesta-

2140 1715 2252 1757 tum
2293 1702 2489 1756 castris
2543 1697 2938 1753 humanissime
2968 1692 3253 1760 acceplus.
3301 1688 3351 1740 id
3400 1693 3484 1738 est
3543 1683 3714 1750 stipa-

2139 1805 2272 1858 tus;
2311 1809 2374 1848 ac
2410 1807 2534 1848 eum
2597 1791 2706 1844 Deo
2761 1787 2974 1842 homine
3017 1785 3071 1838 in
3121 1781 3313 1851 spiritu
3363 1788 3716 1845 congressus.

460 1863 932 1934 accepit?Nonne
962 1863 1050 1917 hic
1077 1877 1294 1932 quoque
1349 1861 1497 1915 illius
1547 1860 1920 1953 crudelitatem
1954 1857 2038 1911 fu-
2069 1855 2114 1912 Β
2143 1855 2405 1953 mensque
2460 1896 2584 1936 vere
2630 1881 2797 1933 Deum
2845 1879 3033 1931 videns
3098 1873 3296 1927 nedum
3345 1874 3716 1935 nuncupatus.

461 1957 638 2025 giens,
669 1957 734 2010 ad
785 1965 1084 2010 maternam
1136 1955 1382 2020 domum,
1427 1952 1779 2024 apostolicam
1834 1950 2040 2005 scilicet

466 2049 760 2104 Ecclesiam
802 2048 1224 2118 commigravit?
1266 2047 1458 2102 Nonne
1502 2045 1704 2100 scalam
1736 2060 1767 2098 e
1813 2052 1953 2097 terra
1985 2044 2039 2096 iu

462 2140 686 2204 caelum,
725 2137 1019 2207 fastigiala,
1054 2154 1118 2194 ac
1168 2154 1288 2208 quae
1333 2133 1629 2192 virtutibus
1661 2133 2037 2196 fabricaretur,

460 2232 616 2299 prius
645 2230 898 2299 aspexit?
927 2229 1117 2285 Nonne
1151 2245 1246 2299 per
1272 2245 1414 2293 eam,
1453 2229 1542 2281 Dei
1584 2229 1678 2297 qui
1721 2226 1796 2279 illi
1835 2225 2039 2278 innite-

463 2320 644 2385 batur,
667 2320 1093 2390 angelorumque
1114 2319 1167 2372 in
1195 2334 1255 2372 ea
1277 2317 1684 2373 ascendentium
1735 2330 1798 2368 ac
1820 2314 2044 2367 descen-

460 2409 707 2465 dentium
760 2410 954 2466 doctus
1002 2419 1087 2466 est
1140 2409 1649 2479 contemplationem
1691 2407 1712 2460 ?
1761 2405 1900 2472 Quin
1955 2403 2043 2458 hic

463 2515 685 2570 quoque
715 2499 930 2556 labores
976 2500 1228 2564 desudat,
1266 2510 1320 2555 at
1356 2514 1462 2553 non
1521 2500 1594 2553 ita
1649 2508 1710 2553 ut
1749 2497 2040 2552 mulierum

463 2599 748 2646 venustate
775 2592 1060 2659 tabescat;
1100 2606 1206 2645 non
1239 2589 1357 2659 ejus
1385 2591 1561 2661 gratia
1597 2587 2040 2660 pulchritudinis,

465 2697 587 2749 quer
623 2683 690 2737 ad
719 2683 912 2738 horam
949 2683 1107 2738 floret
1141 2701 1157 2751 ;
1197 2698 1317 2754 qua:
1350 2682 1416 2738 ad
1467 2681 1736 2737 modicum
1790 2681 2039 2746 delectat,

463 2775 736 2845 citiusque
778 2776 1100 2842 evanescit;
1171 2792 1347 2846 neque
1398 2775 1540 2846 apud
1593 2773 1896 2836 Labanum,
1947 2771 2040 2826 sed

465 2868 584 2937 ejus
613 2875 870 2937 nepotem
898 2867 1117 2938 Moysen
1153 2886 1167 2922 :
1196 2868 1407 2922 laborat
1442 2878 1643 2930 autem,
1695 2875 1753 2919 ut
1809 2865 2041 2918 duarum

465 2959 587 3030 ejus
618 2958 874 3023 filiarum,
906 2963 1106 3014 veteris
1137 2959 1343 3013 scilicet
1397 2959 1635 3027 novique
1686 2955 2038 3021 Testamenti,

465 3050 716 3105 notitiam
744 3048 1038 3119 perfectam
1075 3049 1443 3104 nanciscatur.
1482 3048 1559 3103 Ac
1606 3048 1764 3118 plane
1822 3045 2038 3101 illarum

464 3150 693 3211 compos
723 3139 987 3207 elllcitur;
1023 3141 1254 3209 primum
1278 3141 1493 3210 quidem
1535 3138 1770 3193 senioris
1805 3137 2042 3203 ;exinde

465 3242 646 3289 autem
677 3234 933 3304 junioris.
991 3233 1079 3287 Sic.
1109 3235 1253 3287 enim
1288 3233 1426 3286 forte
1471 3246 1570 3300 par
1603 3239 1758 3295 erat,
1797 3238 1856 3284 ut
1917 3245 2039 3284 eum

467 3327 602 3395 legis
632 3326 784 3395 prius
813 3326 1013 3390 littera,
1058 3341 1122 3399 ac
1171 3333 1282 3378 tum
1323 3341 1447 3380 cum
1499 3323 1692 3394 Spiritu
1719 3362 1733 3387 ,
1788 3322 2045 3377 societate

464 3417 804 3487 iungeretur.
861 3417 964 3471 Par
992 3425 1128 3478 erat,
1186 3430 1242 3471 ut
1265 3416 1463 3470 veteris
1497 3415 1790 3485 Scriptura:
1824 3429 2043 3470 sensum

466 3507 702 3572 facilem,
759 3524 822 3562 ac
870 3508 1202 3577 expeditum,
1253 3522 1356 3561 nec
1411 3507 1701 3561 admodum
1757 3505 2042 3573 pulchrum

470 3608 712 3668 aspectu,
749 3609 909 3667 atque
941 3607 1223 3653 venustum
1259 3613 1384 3650 vere
1415 3597 1645 3665 primum
1679 3596 1879 3650 coleret
1913 3595 2047 3661 ;sie-

470 3706 577 3760 quc
620 3691 674 3744 iu
706 3706 770 3744 eo
816 3691 924 3743 alte
979 3689 1254 3752 latentem,
1299 3687 1462 3756 inque
1522 3691 1706 3757 gratias
1758 3688 2050 3758 Ev.rngelio~

475 3779 759 3833 manifeste
788 3779 1075 3848 proditam,-
1118 3776 1416 3831 formosam
1452 3778 1596 3830 illam
1640 3791 1704 3831 ae
1747 3777 2044 3846 elegantem

462 3870 738 3924 :ralionem
783 3869 802 3939 (
855 3867 944 3922 Dei
1005 3868 1211 3922 scilicet
1273 3867 1427 3921 Verbi
1482 3867 1874 3922 incarnationis
1914 3884 2046 3922 con-

474 3961 872 4029 templatiouem
893 3960 909 4028 )
934 3961 1079 4014 clare
1109 3969 1472 4028 pernosceret,
1501 3975 1564 4012 ac
1589 3961 1852 4030 diligeret,
1884 3962 2046 4031 inque

461 4051 590 4119 ejus
620 4050 902 4118 amplexus
949 4051 1115 4102 animi
1157 4048 1433 4117 proposito
1461 4058 1657 4104 rueret.

544 4199 640 4254 His
692 4201 878 4267 utique
928 4196 1144 4252 duobus
1199 4196 1540 4252 testamentis
1593 4206 1850 4266 tanquam
1903 4197 2046 4253 veris

470 4301 612 4342 usus
650 4287 997 4358 conjugibus,
1058 4286 1201 4341 filios
1267 4287 1405 4355 patri
1464 4288 1810 4356 multiplicat.
1866 4289 2045 4343 Animi

475 4378 867 4448 parturigiunm
907 4379 958 4431 in
1006 4379 1221 4447 spiritu,
1274 4376 1366 4432 Dei
1402 4380 1828 4448 promissionum
1872 4379 2046 4434 haere-

471 4472 589 4534 des,
621 4471 818 4525 liberos
847 4481 1115 4539 procreat.
1161 4470 1270 4524 Nec
1293 4471 1346 4524 id
1396 4480 1603 4524 tantum
1649 4487 1779 4526 cura
1841 4473 2044 4527 intenta

465 4563 692 4631 agit,ut
741 4561 1007 4630 suscipiat
1047 4562 1267 4623 liberos,
1319 4561 1666 4616 sublimiores
1723 4562 1930 4617 scilicet
1981 4577 2046 4618 ac

464 4653 903 4722 spiritales;sed
931 4655 1006 4719 {ut
1053 4653 1238 4706 etiam’
1263 4653 1529 4722 mancipia
1567 4654 1840 4723 acquirat;
1887 4655 2048 4708 nimi-

475 4760 594 4798 rum
644 4746 859 4813 corpori
915 4743 1210 4798 viciniorcs
1274 4759 1339 4798 ac
1390 4744 1727 4799 humiliores.
1761 4743 1856 4798 llis
1897 4746 2042 4799 enim

470 4836 564 4891 ille
593 4851 693 4907 pro
728 4835 814 4890 sui
869 4835 1082 4889 ratione
1123 4834 1396 4904 Spiritales
1437 4835 1540 4890 sibi
1591 4850 1656 4889 ac
1710 4837 2045 4892 immortales

469 4929 686 4984 divitias
714 4937 887 4998 parat.
918 4925 1056 4980 Nam
1103 4927 1219 4996 ipse
1245 4942 1483 4997 quoque,
1524 4928 1710 4995 paucis
1751 4930 2042 4983 admodum

465 5034 532 5073 ac
590 5019 738 5072 brevi
797 5033 1024 5071 numero
1068 5018 1289 5072 creditis
1322 5055 1337 5081 .
1387 5015 1717 5088 solertiaquc
1763 5035 1826 5074 ac
1861 5020 2046 5074 labore

466 5112 524 5166 in
575 5112 809 5182 amplam
863 5126 1024 5181 grege
1077 5120 1333 5180 provecto
1376 5110 1654 5177 sobolem;
1693 5126 1800 5164 non
1855 5126 2045 5166 omnes

467 5203 728 5257 mercedis
758 5203 879 5258 loco
905 5204 1061 5256 datos
1116 5202 1207 5272 qui
1241 5203 1527 5256 revertenti
1560 5203 1612 5254 in
1647 5212 1923 5271 paternam
1947 5203 2045 5255 do-

467 5311 616 5351 mum
646 5312 750 5350 una
791 5297 1021 5350 comites
1069 5305 1274 5360 essent,
1329 5295 1422 5350 sed
1486 5295 1686 5349 electos
1738 5295 2039 5359 duntaxat;

467 5403 566 5443 nec
599 5390 692 5458 qui
721 5397 844 5442 nota
868 5397 1139 5452 carerent,
1193 5388 1288 5441 sed
1336 5387 1429 5457 qui
1477 5395 1654 5441 essent
1687 5385 1949 5454 ittsigniti,
1989 5384 2042 5436 in

470 5481 684 5534 divinas
745 5479 1045 5534 subductos
1099 5481 1356 5544 rationes,
1403 5488 1565 5547 atque
1609 5477 1753 5530 illius
1798 5477 2040 5545 signatos

468 5575 741 5630 thesauris
790 5574 1138 5642 intelligens;
1175 5573 1433 5642 quidnam
1469 5570 1732 5625 molitur?
1769 5570 1907 5634 Quin
1941 5584 2036 5637 po-

467 5667 577 5721 tius
630 5681 792 5736 quem
839 5667 896 5719 in
949 5680 1169 5720 sensqu
1202 5663 1540 5734 provehitur,
1577 5661 1722 5716 illius
1750 5660 1913 5716 duetu
1944 5659 2037 5731 qui

542 5846 590 5876 "
619 5843 759 5899 Gen.
788 5858 916 5910 xxv,
951 5842 1038 5898 37.

2140 1990 2330 2029 verum
2373 1974 2532 2027 etiam
2576 1971 2773 2033 factus,
2805 1985 2900 2038 per
2947 1967 3098 2021 illum
3127 1967 3194 2018 ad
3243 1974 3477 2030 superna
3556 1968 3719 2026 atque

2139 2080 2363 2140 paterna
2397 2063 2744 2120 tabernacula
2775 2073 2888 2115 tuto
2919 2057 3261 2114 commeavit.

2213 2159 2325 2214 Hoc
2351 2157 2628 2226 Theologo
2680 2153 2960 2223 sapientiae
3013 2165 3077 2204 ac
3129 2145 3430 2214 prudentia:
3477 2140 3718 2198 efllcitur

2141 2255 2439 2324 specimen.
2499 2250 2681 2304 Virilis
2735 2249 2835 2300 hoc
2873 2244 3064 2308 animi,
3110 2241 3376 2308 fort‘sque
3432 2233 3715 2305 praeludro,

2143 2362 2255 2401 rem
2291 2348 2552 2400 adversus
2578 2342 2862 2397 haireticos
2908 2349 3132 2393 strenue
3188 2331 3479 2403 gerendam
3535 2327 3716 2382 fauste

2142 2440 2480 2510 auspicatus,
2512 2437 2585 2490 ita
2620 2451 2678 2490 se
2715 2434 2780 2488 ad
2822 2414 3146 2502 perfectiora
3215 2433 3548 2494 aspectuque
3601 2420 3720 2489 ipso

2145 2532 2402 2586 terribilia
2429 2529 2729 2584 certamina
2773 2523 3028 2592 accingit.
3068 2519 3145 2574 Ac
3182 2519 3325 2574 sicut
3373 2512 3722 2585 pugnacissi-

2143 2623 2216 2678 mi
2245 2623 2480 2687 athletae,
2513 2635 2620 2674 non
2663 2635 2693 2672 a
2720 2617 2897 2688 primo
2958 2615 3141 2668 statim
3170 2609 3547 2680 experimento
3601 2606 3718 2657 for-

2143 2715 2374 2771 tioribus
2396 2710 2729 2767 adversariis
2777 2706 3209 2778 congrediuntur
3232 2701 3360 2764 :sed
3389 2709 3514 2754 ante
3544 2709 3721 2768 pugna

2143 2825 2266 2864 cum
2300 2808 2365 2862 iis
2393 2807 2486 2877 qui
2535 2804 2825 2860 debiliores
2852 2810 2981 2855 sunt
3014 2797 3285 2870 tyrocinio
3333 2793 3566 2864 quodam
3592 2805 3723 2843 eru-

2143 2903 2265 2965 diti.
2309 2900 2722 2970 majoribusque
2777 2893 2991 2950 abunde
3025 2888 3414 2945 luctaminibus
3464 2880 3724 2945 instituti,

2143 2997 2216 3051 ita
2249 2995 2467 3050 demum
2505 3001 2563 3046 ut
2593 3005 2718 3046 eum
2749 2984 3150 3058 potentioribus
3177 2982 3322 3035 vires
3367 2975 3722 3037 contendant,

2144 3088 2198 3142 in
2223 3101 2444 3141 arenam
2477 3080 2836 3138 descendunt.
2864 3076 2947 3132 Ad
2981 3073 3230 3130 eumdem
3265 3071 3429 3125 etiam
3467 3066 3577 3120 fere
3606 3079 3726 3118 mo-

2068 3188 2112 3245 c
2145 3182 2270 3234 dum
2289 3177 2604 3247 Gregorius,
2625 3173 2859 3244 primum
2874 3169 2927 3223 in
2941 3165 3114 3238 patria
3130 3177 3254 3220 cum
3275 3159 3453 3230 impiis
3469 3170 3723 3226 congres-

2145 3288 2261 3334 sus,
2279 3245 2615 3337 rationisque
2637 3263 2902 3320 adversus
2925 3273 3019 3314 eos
3041 3257 3208 3320 lucta,
3227 3269 3290 3307 ac
3316 3248 3554 3306 victoriis
3570 3245 3726 3300 fortis

2147 3364 2344 3433 pugilis
2368 3361 2618 3422 lacertos,
2651 3371 2717 3412 ac
2757 3351 3112 3423 multiplicem
3151 3341 3544 3415 experientiam
3577 3339 3724 3393 ade-

2147 3465 2311 3527 ptus;
2341 3453 2576 3521 deinque
2601 3446 2916 3519 parentibus
2961 3439 3103 3497 felici
3139 3437 3262 3494 vita;
3281 3434 3428 3490 exitu
3453 3444 3714 3486 consum-

2149 3519 2330 3609 matis,
2375 3519 2502 3598 cum
2546 3537 2847 3596 laudatorio
2895 3544 3168 3595 sermone,
3197 3537 3332 3582 tuuv
3359 3519 3725 3594 justislcgiti-

2146 3641 2254 3693 mis
2304 3635 2656 3707 perfunctus;
2695 3639 3029 3701 paterneque
3082 3635 3243 3691 grege
3303 3617 3453 3671 velut
3501 3614 3554 3668 in
3607 3621 3725 3665 tuta

2148 3731 2373 3786 mandra
2435 3742 2530 3782 sua
2584 3725 2756 3795 ipsius
2834 3716 3110 3786 theologia
3151 3709 3512 3772 communito,
3563 3713 3728 3773 atque

2147 3832 2429 3893 pastorum
2489 3794 2727 3884 Principi
2795 3813 2848 3867 in
2900 3822 3098 3864 manus
3149 3804 3359 3865 relicto,
3396 3801 3510 3869 ipse
3548 3813 3606 3851 se
3656 3794 3726 3848 ad

2150 3913 2400 3984 graviora
2435 3906 2704 3964 sermonis
2739 3916 2927 3962 causa.
2974 3908 3138 3967 atque
3177 3890 3440 3948 doctrina:
3483 3884 3726 3955 pericula

2147 3977 2382 4073 expedit.
2434 3999 2512 4054 Ac
2549 3997 2696 4051 velut
2751 3991 2930 4063 quiin
2974 3988 3188 4042 modico
3240 3982 3413 4036 fidelis
3461 3977 3726 4046 probatus

2149 4069 2319 4157 esset,
2376 4092 2441 4145 ad
2496 4088 2791 4143 multorum
2841 4097 2900 4137 se
2957 4093 3148 4132 curam
3191 4082 3365 4144 parat.
3411 4069 3728 4135 Relictaque

2147 4186 2443 4246 Naziauzo,
2474 4190 2619 4237 recta
2645 4179 2710 4232 ad
2740 4177 2927 4232 urbem
2969 4174 3270 4240 Augustam
3295 4165 3396 4219 iter
3425 4158 3724 4217 contendit.

2150 4279 2207 4333 ld
2239 4291 2370 4330 vero
2404 4271 2687 4341 temporis,
2715 4269 2904 4338 ingens
2931 4279 3088 4326 eam,
3121 4259 3410 4330 gravisque
3444 4257 3724 4307 haereseon

2152 4370 2326 4438 caligo
2358 4368 2632 4420 invaserat
2681 4369 2845 4429 atque
2875 4355 3127 4427 opplebat
3160 4369 3175 4418 ;
3209 4365 3331 4420 qua:
3353 4347 3580 4408 scilicet,
3609 4348 3724 4393 tum

2151 4434 2419 4516 alite'aliis
2449 4459 2906 4524 compuguarent,
2933 4457 3045 4502 tum
3079 4444 3290 4499 veritati
3323 4438 3533 4493 infensa
3559 4434 3726 4488 vehe-

2081 4539 2121 4592 ί)
2153 4555 2388 4608 meutius
2431 4551 2546 4603 acie.
2590 4549 2925 4616 ingruerant.
2960 4532 3050 4592 Sic
3093 4537 3236 4590 enim
3277 4531 3387 4585 fere
3437 4541 3726 4596 compara-

2149 4656 2263 4700 tum
2293 4653 2397 4707 est,
2433 4651 2490 4696 ut
2519 4640 2709 4694 vitium
2777 4645 2940 4705 atque
2976 4630 3236 4700 pravitas,
3278 4625 3476 4679 nedum
3520 4617 3726 4679 virtuti,

2149 4742 2241 4794 sed
2276 4746 2330 4792 et
2363 4736 2463 4792 sibi
2491 4735 2606 4803 ipsa
2657 4731 2856 4783 acriter
2903 4725 3242 4779 adversetur.
3275 4717 3345 4772 lis
3393 4722 3573 4770 autem
3632 4709 3726 4778 qui

2153 4843 2354 4888 ret-Iam
2387 4829 2641 4883 tenebant
2669 4825 2824 4878 fidem
2879 4828 3036 4873 atrox
3074 4811 3307 4884 procella
3338 4803 3722 4862 incumbebat;

2148 4928 2523 4992 immensaque
2574 4918 2818 4983 undique
2865 4911 3040 4966 offusa
3103 4904 3370 4962 anxietas.
3418 4913 3482 4952 ae
3511 4890 3724 4950 consilii

2149 5019 2331 5086 inepia
2373 5029 2512 5074 erat,
2573 5026 2695 5063 cum
2727 5006 3000 5060 neminem
3035 4999 3227 5055 tuenda
3253 4992 3499 5049 doctrina
3553 4995 3725 5040 certa-

2147 5107 2309 5160 minis
2344 5105 2536 5158 ducem
2590 5117 2653 5154 ac
2691 5097 3032 5152 defensorem
3072 5089 3352 5142 haberent.

2225 5200 2393 5270 Igitur
2411 5197 2592 5250 videre
2613 5201 2730 5246 erat
2749 5190 2895 5245 velut
2924 5181 3129 5254 ingenti
3178 5179 3554 5240 immensaque
3575 5181 3726 5268 vora-

2149 5258 2277 5362 gine
2300 5299 2618 5359 exporrecto
2651 5282 2840 5354 pelago
2882 5287 3073 5332 ventos
3103 5286 3224 5328 sese
3270 5267 3405 5322 alios
3457 5262 3579 5362 aliis
3625 5258 3728 5356 im-

2152 5347 2296 5434 διωιί
2330 5347 2536 5448 impetu
2569 5347 2905 5430 coliideutes.
2964 5365 3028 5419 lli
3063 5375 3258 5430 nempe
3290 5352 3588 5410 lenioribus
3617 5347 3727 5417 pri-

2149 5489 2295 5526 mum
2351 5470 2500 5524 auris
2557 5469 2759 5532 ainant,
2827 5466 3154 5526 versantque
3207 5466 3270 5506 ac
3325 5448 3723 5512 circumagunt,

2149 5564 2410 5634 paulatim
2449 5559 2742 5631 procellam
2787 5553 3115 5611 attollentes,
3148 5546 3219 5599 ita
3254 5553 3456 5598 tamen,
3495 5543 3552 5588 ut
3588 5545 3729 5634 licet"

2146 5621 2276 5711 dum
2314 5621 2576 5724 impactos
2626 5648 2920 5706 stridentes
2963 5643 3159 5697 fluctus
3197 5635 3532 5701 dirumpaut.
3588 5621 3724 5673 Tum
