4092 6618
339 429 433 494 461

1043 426 1323 488 ORATIO
1362 426 1490 487 XX.
1519 425 1686 485 -ΙΝ
1720 424 2030 486 LAUDEM
2071 424 2129 483 S.
2167 421 2544 483 GREGORII
2576 423 2848 483 THEOL.

3482 424 3593 488 462

340 553 556 616 repente
583 540 814 598 turbinis
841 547 1012 594 Instar
1066 540 1321 609 utrinque
1352 539 1440 592 alii
1472 539 1594 594 aliis
1650 538 1910 604 ingruen~
1940 545 1989 598 Α
2017 537 2164 592 velut
2201 535 2438 593 Conﬂare
2458 554 2472 602 ;
2495 537 2728 592 alterum
2760 544 3200 607 numero,‘atque
3231 536 3460 592 alterum
3494 555 3596 594 na--

341 647 442 698 trs.
472 647 638 706 atque
665 632 840 687 collisi
876 630 1218 685 intoleranda
1257 630 1481 685 llatnum
1513 632 1560 684 vi
1596 647 1743 685 mare
1801 639 1914 683 tum

340 726 548 786 inﬂant,
613 734 834 792 tumque
883 720 1252 792 diﬂ'ringunt;
1300 733 1622 793 assurgcnte
1682 722 1914 791 procella

339 832 398 872 ac
431 817 733 875 desidente,
780 813 1208 884 interceptisque
1264 815 1494 870 natibus
1529 815 1731 885 pariter
1758 816 1811 868 in
1837 816 1919 868 al-

340 917 448 962 tum
499 907 750 968 sublatis,
792 906 1012 974 imoque
1072 907 1364 975 depressis,
1423 915 1588 976 atque
1653 905 1918 960 ﬂuctuum

339 999 695 1062 immanitate,
726 1008 1004 1068 testesque
1039 999 1363 1053 submersis.

410 1089 618 1145 Similis
657 1090 902 1158 quaedam
943 1099 1056 1143 tum
1101 1099 1393 1157 tempestas
1443 1089 1789 1143 Constantini
1832 1104 1923 1142 ur-

339 1183 457 1236 bem
509 1183 780 1237 invaserat
827 1200 841 1247 ;
905 1181 1260 1251 nequissimis
1319 1181 1526 1236 scilicet
1590 1181 1917 1251 spiritibus,

339 1273 692 1331 adversantes
723 1273 959 1344 linguas,
985 1290 1050 1328 ac
1085 1283 1298 1328 mentes
1337 1273 1474 1328 alias
1505 1273 1625 1326 aliis
1666 1273 1918 1327 commit-

343 1365 581 1420 tentibus
610 1383 625 1431 ;
655 1381 722 1420 ac
747 1383 870 1422 cum
896 1383 1090 1422 omnes
1122 1367 1380 1437 loquendi
1420 1367 1687 1422 immensa
1743 1366 1924 1436 pruri-

338 1443 482 1527 giae,
510 1474 574 1513 ac
605 1459 852 1523 libidine,
883 1461 1180 1531 pronisque
1211 1460 1586 1516 molitionibus
1612 1445 1798 1515 litibus
1829 1461 1921 1515 alii

342 1549 475 1604 alios
499 1550 834 1622 diffringere,
853 1567 917 1607 ac
931 1553 1286 1623 pessumdare
1312 1554 1540 1624 superbe
1563 1553 1920 1608 connitcban-

343 1649 431 1696 tur
461 1661 474 1697 :
512 1643 556 1696 si
589 1659 709 1713 quae
735 1660 867 1700 vero
893 1661 1018 1714 pars
1077 1656 1238 1700 rectae
1275 1646 1399 1700 ﬁdei
1436 1647 1654 1701 addicta
1692 1648 1743 1700 in
1777 1656 1923 1700 tanta

344 1735 624 1790 hominum
664 1737 823 1791 turba
852 1738 1061 1808 reliqua
1090 1746 1230 1803 erat,
1271 1754 1390 1793 eam
1425 1754 1556 1792 vero
1615 1739 1926 1809 opprimere

341 1843 405 1884 ac
434 1829 753 1898 perditionis
781 1829 892 1883 alto
924 1834 1169 1900 mergere
1209 1832 1638 1886 contendebant.

2023 639 2154 682 tura:
2174 629 2403 684 ratione.

2092 719 2230 772 Nam
2257 735 2517 776 excessus
2541 719 2784 790 quidem,
2825 718 3092 786 defectni;
3119 719 3366 776 deiectus
3399 721 3596 776 adver-

2021 820 2175 865 satur
2201 813 2447 866 execssui
2482 828 2496 864 :
2531 811 2695 866 ambo
2727 819 2910 866 autem
2941 811 3322 866 immoderatio
3351 821 3500 875 sunt,
3534 828 3600 868 ac

2024 903 2404 972 improportio,
2435 904 2691 973 velutque
2755 919 2924 958 unum
2966 912 3186 973 accepta
3217 903 3431 967 vitium,
3473 921 3599 960 cum

2021 1010 2106 1059 ea,
2142 1012 2264 1066 quae
2284 1013 2347 1051 ex
2381 1006 2529 1052 recta
2579 997 2976 1054 mediocritatis
3028 999 3238 1052 ratione
3299 997 3601 1052 moderatio

2024 1104 2088 1142 ac
2121 1091 2403 1159 proportio
2427 1091 2696 1156 consistit,
2727 1091 2876 1146 velut
2914 1107 3037 1146 cum
3089 1093 3292 1146 virtute
3335 1103 3600 1161 pngnan‘.

2025 1181 2082 1234 ln
2127 1197 2251 1235 cum
2284 1181 2504 1237 modum
2554 1198 2806 1252 perversa
2855 1183 3062 1251 opinio,
3100 1184 3300 1238 nedum
3356 1191 3415 1236 ut
3447 1191 3606 1238 rrctzc

2027 1271 2365 1337 adversetur,
2413 1273 2506 1327 sed
2563 1282 2621 1328 ut
2654 1277 2817 1328 etiam
2851 1289 3030 1344 pravae
3069 1273 3347 1329 contraria
3409 1274 3503 1340 sit,
3539 1289 3605 1328 ex

2026 1373 2219 1418 natura
2251 1365 2432 1420 habet.
2464 1364 2500 1419 li
2539 1367 2722 1438 igitur,
2755 1367 2810 1420 in
2845 1383 2909 1422 ea
2932 1367 3166 1436 prolapsi
3197 1368 3458 1429 absurda,
3490 1377 3604 1422 tum

2025 1471 2150 1510 cum
2183 1456 2304 1511 aliis
2348 1458 2461 1523 alii,
2494 1470 2606 1512 tum
2652 1474 2775 1512 enm
2813 1459 3042 1513 veritate
3091 1459 3604 1528 congrediehantnr.

2099 1549 2155 1605 ln
2193 1551 2276 1605 his
2297 1560 2473 1615 erant,
2511 1552 2605 1622 qui
2633 1551 2770 1607 Filio
2791 1552 3033 1622 quidem,
3061 1564 3267 1607 natura:
3291 1568 3416 1607 cum
3447 1551 3608 1606 Patre

2030 1643 2472 1712 conjunctionem
2523 1644 2918 1715 indulgebant;
2953 1643 3217 1714 Spiritum
3254 1660 3406 1708 vero,
3441 1660 3607 1714 quem

2031 1753 2057 1788 a
2092 1735 2290 1801 Patris,
2315 1752 2379 1790 ac
2412 1735 2531 1790 Filii
2563 1737 2850 1792 divinitate
2881 1738 3123 1794 alienum
3177 1737 3500 1802 sentiebant,
3538 1737 3607 1792 li-

2032 1827 2219 1881 berum
2249 1827 2363 1893 alii,
2397 1828 2485 1880 alii
2522 1827 2683 1881 etiam
2720 1843 2939 1882 servum
2989 1829 3329 1898 blasphemia
3357 1828 3610 1883 dictitare

407 1917 544 1972 Nam
583 1919 673 1973 alii
705 1921 924 1990 quidem
969 1919 1188 1976 Sabellii
1225 1920 1390 1993 Libys
1427 1923 1746 1980 confusione
1801 1941 1922 1980 sus-
1960 1930 2000 1985 Β
2030 1919 2320 1973 audebant.
2358 1919 2516 1972 Aliud
2547 1919 2647 1973 hoc
2667 1935 2843 1988 prava:
2869 1920 3144 1990 opinionis
3167 1935 3360 1990 genus.
3391 1919 3607 1989 Apolli-

343 2020 516 2081 cepta,
550 2012 829 2082 nimiaque
860 2013 1269 2082 conjunctione,
1315 2017 1573 2086 velutque
1620 2019 1924 2070 concretio-

343 2119 592 2170 ne;nec,
630 2115 832 2172 quanta
877 2121 974 2175 par
1030 2115 1168 2169 erat,
1229 2108 1561 2162 discretione
1619 2109 1927 2164 inconsulte

343 2195 446 2259 usi,
480 2192 723 2263 Patrem,
769 2196 987 2261 Filium,
1021 2213 1082 2252 ac
1106 2198 1364 2264 Spiritum
1399 2209 1672 2263 sanctum,
1707 2199 1926 2253 nomine

344 2295 500 2341 tenus
525 2288 832 2355 honorant;
868 2305 989 2359 qua:
1014 2299 1195 2344 autem
1227 2290 1309 2344 his
1350 2289 1750 2361 signiﬁcantur,
1803 2306 1928 2360 pro-

345 2379 440 2432 bro
480 2379 706 2444 habent,
727 2381 1011 2451 nudasque
1038 2382 1152 2436 haec
1181 2383 1616 2450 nuncnpationes
1652 2381 1923 2448 arbitrati,

342 2487 404 2525 ac
441 2487 565 2542 quae
603 2487 704 2526 nec
737 2487 862 2527 vere
884 2472 1172 2537 exsistant,
1246 2472 1697 2528 inconsistentem
1749 2473 1924 2540 reipsa

343 2575 505 2634 atque
552 2565 796 2630 inanem,
828 2564 1054 2621 Judaica
1091 2565 1384 2636 singularis
1425 2565 1763 2636 principatus
1806 2565 1928 2634 opi-

345 2657 528 2722 nione,
575 2671 641 2711 ac
694 2657 994 2727 impietate,
1049 2657 1153 2712 sibi
1211 2659 1367 2712 tidem
1429 2659 1768 2729 contingunt.
1822 2658 1926 2712 Alii

344 2745 458 2800 Arii
516 2747 803 2802 dementiae
849 2747 1214 2817 astipulantes
1243 2787 1259 2811 ,
1296 2763 1473 2818 exque
1512 2748 1803 2813 diametro,
1837 2749 1924 2812 iis,

345 2855 482 2910 quos
534 2839 807 2906 dicebam,
843 2850 1149 2910 pugnantes
1217 2839 1509 2904 sententia,
1577 2845 1694 2911 pari
1746 2851 1925 2896 tamen

349 2931 624 3002 impietate
651 2934 931 3003 provecti;
965 2935 1165 3004 quibus
1190 2934 1263 2989 illi
1288 2934 1657 2998 concretione,
1695 2934 1748 2989 lti
1789 2936 1927 2990 divi-

348 3025 499 3080 sione
527 3025 700 3094 impii,
739 3027 872 3080 recti
902 3036 1073 3079 metas
1097 3027 1388 3082 excedunt.

420 3115 891 3182 Quemadmodum
926 3118 1070 3171 enim
1125 3121 1355 3188 priores,
1388 3125 1480 3192 qui
1509 3139 1671 3178 unam
1708 3123 1926 3178 deitatis

350 3218 459 3261 tum
510 3218 766 3263 naturam
823 3211 1084 3274 sentiant,
1147 3224 1261 3266 tum
1322 3229 1635 3283 personam,
1673 3217 1923 3286 procula

2030 2009 2168 2063 nat-ii
2199 2010 2341 2062 enim
2377 2007 2520 2080 Syri,
2561 2009 2820 2077 quidnam
2859 2010 3004 2066 aliud
3033 2026 3220 2066 vocem
3267 2009 3609 2065 amentiam?

2027 2103 2120 2172 qni
2153 2102 2362 2158 scilicet
2390 2103 2612 2158 doceret
2666 2105 2944 2174 accepisse
2978 2104 3198 2174 quidem
3229 2102 3458 2158 Verbum
3483 2118 3611 2158 car-

2028 2211 2172 2260 nem;
2205 2212 2323 2252 eam
2357 2206 2538 2251 tamen
2569 2197 2754 2251 animo
2812 2211 2876 2250 ac
2909 2203 3090 2251 mente
3109 2211 3297 2252 carere
3328 2196 3612 2251 dementer

2028 2298 2319 2342 assereret.

2099 2377 2196 2434 His
2220 2380 2428 2450 utique,
2454 2381 2686 2452 aliisque
2733 2383 3175 2453 quamplurimis,
3208 2399 3272 2436 ac
3295 2382 3614 2438 deterrimis

2028 2473 2398 2542 opinionibus,
2447 2491 2544 2529 ccu
2595 2475 2751 2530 saevis
2785 2476 3038 2546 procellis
3072 2476 3307 2531 immane
3341 2484 3607 2546 quantum

2029 2561 2311 2619 ﬂuctuanti
2343 2566 2466 2620 urbi
2495 2564 2770 2636 Angusta,
2803 2568 2950 2622 velut
2990 2567 3114 2636 quis
3141 2568 3383 2638 optimus
3415 2567 3614 2638 guber—

2029 2666 2188 2711 nator
2210 2658 2567 2714 admirandus
2611 2659 2699 2714 hic
2731 2659 3028 2729 Gregorius
3064 2677 3092 2712 a
3133 2659 3262 2724 Deo,
3305 2675 3483 2729 eoque
3513 2675 3614 2712 an-

2030 2752 2202 2822 spice,
2243 2751 2534 2806 incumbit.
2583 2752 2662 2806 Ac
2735 2752 2880 2806 sicut
2937 2751 3092 2820 prius
3143 2751 3408 2806 Dominus
3451 2749 3614 2806 Jesns

2029 2845 2337 2914 discipulis,
2367 2846 2554 2915 pelago
2580 2853 2738 2899 nocte
2771 2845 2897 2898 navi
2940 2843 3401 2906 contlictantibus,
3437 2842 3614 2898 factus

2031 2937 2383 3007 conspicuus,
2417 2950 2519 2992 suo
2552 2935 2734 2991 statim
2784 2933 3018 2989 adventu
3069 2942 3342 2989 tumentes
3372 2935 3615 3003 compri-

2032 3030 2132 3083 mit
2191 3029 2420 3095 ﬂuctus;
2480 3035 2785 3096 ventosque
2839 3024 3151 3095 increpans,
3196 3025 3491 3094 procellam
3558 3025 3612 3077 in

2035 3121 2485 3190 tranquillitatem
2543 3118 2816 3174 convertit
2841 3117 2929 3169 ⁸⁰ε
2976 3118 3058 3171 sic
3088 3131 3254 3171 verus
3309 3115 3487 3184 reipsa
3529 3115 3617 3167 di-

2036 3215 2302 3285 scipulus,
2328 3229 2410 3278 ac,
2443 3211 2642 3283 'quoad
2690 3210 2836 3274 licet,
2899 3209 3141 3264 imitator
3171 3217 3452 3270 strenuus,
3489 3223 3617 3262 cum

348 3303 576 3356 veritate
603 3313 890 3368 exerrant;
912 3303 991 3357 sic
1015 3313 1068 3357 et
1116 3278 1363 3372 seonmli,
1403 3309 1494 3377 qui
1531 3278 1726 3378 praeter
1744 3319 1926 3364 ternas
1960 3278 2001 3334 ς·
2037 3278 2136 3361 illo.
2161 3278 2382 3377 pariter,
2407 3278 2495 3369 iis,
2521 3303 2614 3374 qui
2644 3303 2873 3374 spiritali
2900 3309 3224 3371 tempestate
3240 3300 3613 3370 iactabantur,

350 3408 636 3462 personas,
669 3394 832 3449 etiam
866 3404 1073 3450 natura!
1115 3395 1463 3464 divisionem,
1499 3400 1813 3456 Grecorum
1846 3419 1932 3455 er-

353 3501 474 3540 rore
527 3501 593 3541 ac
645 3488 922 3558 impietate
981 3491 1274 3558 inducant;
1329 3492 1536 3547 alienos
1577 3509 1605 3547 a
1636 3493 1794 3550 Patre
1817 3495 1933 3548 etii-

351 3577 526 3645 c’unt,
557 3581 649 3649 qui
682 3590 809 3636 sunt
837 3596 900 3636 ex
936 3583 1090 3652 ipso;
1131 3585 1260 3654 quin
1296 3595 1350 3639 et
1382 3586 1530 3654 ipsos
1553 3586 1694 3642 inter
1721 3603 1779 3643 se
1795 3588 1936 3643 alie-

353 3684 452 3723 nos
503 3673 898 3739 pronuntiant:
953 3676 1253 3744 imparibus
1299 3677 1527 3744 scilicet,
1596 3694 1935 3750 prorsusqne

352 3760 592 3832 indignis
626 3765 824 3821 deitate
861 3768 1142 3836 gradibus,
1174 3768 1369 3824 Filium
1402 3772 1550 3828 Patri
1611 3774 1938 3829 s‘ubmitten»

356 3863 474 3923 tes;
531 3873 596 3913 ac
626 3858 864 3929 Spiritus
910 3861 1136 3931 gloriam
1193 3863 1316 3917 Filii
1370 3866 1616 3921 claritate
1641 3867 1933 3929 tninorem,

355 3949 737 4019 detrahentes;
770 3955 899 4023 quin
935 3955 1111 4024 p0tins
1154 3955 1254 4026 ipsi
1285 3972 1344 4012 se
1381 3975 1486 4014 una
1545 3976 1611 4015 ac
1672 3961 1935 4032 singulari

357 4043 556 4098 deitate
613 4044 772 4116 longe
810 4046 1149 4113 abdicantcs,
1182 4051 1457 4106 extraneis
1506 4061 1670 4122 atque
1712 4053 1936 4107 absonis

358 4135 710 4203 opinionibus
736 4137 824 4190 alii
851 4137 901 4190 in
932 4137 1068 4192 alios
1099 4139 1295 4192 merito
1329 4139 1648 4196 incitantur.

431 4226 536 4281 Eos
569 4229 734 4293 enim,
762 4229 852 4298 qui
888 4246 916 4284 a
948 4231 1130 4284 medio
1162 4242 1569 4299 exerraverant,
1599 4243 1760 4303 atque
1785 4249 1814 4288 a
1849 4250 1936 4288 re-

358 4319 442 4386 gia
480 4321 888 4376 declinaverunt
939 4324 1014 4393 (in
1067 4340 1171 4391 qua
1221 4328 1296 4378 uti
1347 4326 1517 4380 virtus
1547 4328 1747 4391 omnis,
1773 4327 1851 4382 sic
1884 4339 1940 4382 et

361 4412 634 4482 inculpata
696 4429 941 4483 puraque
1001 4418 1274 4484 consistit,
1338 4435 1402 4473 ac
1467 4427 1744 4487 spectatur
1783 4419 1938 4490 lidr-s)

360 4504 588 4557 omnino
644 4520 736 4573 par
769 4515 903 4566 erat,
937 4508 1254 4564 excessibus
1318 4525 1382 4563 ac
1416 4509 1718 4566 defectibus
1774 4513 1940 4566 iulia:—

2035 3412 2324 3469 apparens,
2390 3395 2648 3466 procellae
2692 3391 2963 3464 praecipit,
3009 3400 3175 3462 atque
3231 3391 3283 3444 in
3321 3404 3515 3444 auram
3544 3389 3616 3453 ⁸¹,

2033 3493 2155 3563 ejus
2188 3491 2445 3547 ﬂuctibus
2478 3489 2787 3555 silentibus,
2813 3486 3024 3542 statuit.
3105 3551 3120 3568 Ι

2104 3581 2173 3638 At
2196 3596 2433 3652 quonatn
2460 3581 2510 3635 id
2543 3579 2737 3634 modo?
2766 3577 2868 3633 Hic
2899 3577 3032 3632 mihi
3069 3575 3621 3631 narrationis-vernat

2037 3673 2290 3728 amabilis
2349 3679 2699 3740 conspectus.
2775 3665 3082 3738 Ingreditur
3134 3661 3477 3738 Byzantium,
3509 3679 3620 3720 non

2038 3766 2332 3824 satellitum
2364 3778 2556 3834 agmen
2588 3761 2887 3823 adducens,
2929 3758 3023 3814 sed
3051 3758 3348 3813 virtutibus
3379 3757 3622 3812 circum-

2039 3857 2389 3928 stipantibus.
2413 3853 2530 3907 Non
2563 3868 2784 3916 aurum,
2819 3865 2924 3904 non
2965 3859 3272 3920 argentum,
3309 3862 3416 3902 non
3444 3862 3519 3902 aes
3563 3847 3621 3901 in

2040 3965 2174 4004 zona
2232 3950 2464 4014 habt-ns;
2523 3946 2617 4000 sed
2680 3945 2802 4011 fide,
2852 3959 2969 4014 spe,
3023 3958 3088 3997 ac
3153 3941 3440 4008 charitate,
3476 3940 3624 3995 velut

2040 4040 2245 4094 ntundo
2273 4037 2652 4108 praestantiore
2677 4051 2842 4105 quam
2872 4049 2971 4104 pro
3019 4032 3210 4087 mundi
3260 4032 3376 4101 ipsa
3403 4031 3623 4086 ratione

2041 4130 2347 4185 redimitus.
2411 4127 2528 4182 Non
2586 4127 2854 4196 pretiosas
2911 4133 3126 4189 vestes,
3183 4136 3292 4177 non
3351 4121 3623 4176 mulorum

2041 4221 2412 4276 convehendis
2481 4218 2714 4274 sarcinis
2785 4216 3231 4280 multitudinem;
3297 4229 3408 4268 non
3477 4213 3623 4268 aliud

2041 4317 2362 4386 quidquam,
2399 4312 2484 4366 vel
2507 4311 2788 4381 exiguum,
2827 4310 2907 4364 vel
2941 4323 3220 4378 magnum,
3272 4307 3340 4362 iis
3364 4321 3428 4361 ex
3462 4306 3626 4360 rebus

2042 4423 2177 4480 quas
2207 4415 2552 4476 comportare
2582 4404 2752 4458 moris
2781 4412 2865 4457 est
2888 4402 3018 4456 viris
3048 4401 3176 4454 luxu
3204 4398 3530 4470 magniﬁcis,
3561 4413 3626 4454 ac

2044 4502 2228 4558 carnis
2254 4515 2445 4556 curam
2480 4497 2794 4570 agentibus,
2829 4495 3067 4552 inferens
3092 4513 3108 4563 ;
3133 4495 3229 4551 sed
3262 4491 3390 4550 Jesu
3412 4493 3627 4564 sapien-

361 4607 565 4662 rcntes,
593 4597 647 4650 in
674 4597 970 4652 nimietatis
989 4602 1182 4654 scirtes
1217 4603 1526 4668 incurrere;
1555 4615 1939 4674 postremoque
1975 4620 2020 4678 ῃ
2046 4595 2175 4648 liam
2237 4607 2301 4647 ac
2333 4590 2687 4654 lClIUilalclll;
2720 4589 3033 4659 cul'lamque
3077 4585 3340 4658 apostolis
3395 4581 3630 4678 parci-ta-

362 4691 413 4743 itt
477 4690 921 4746 contrarietatem
976 4693 1222 4760 dissidio,
1271 4695 1694 4767 inimicitiasque
1749 4715 1939 4768 prore—

360 4795 508 4848 pere.
553 4780 718 4850 quue
753 4783 888 4835 adeo
929 4783 1387 4852 quemadmodum
1448 4785 1588 4849 istis,
1627 4789 1677 4840 in
1722 4790 1788 4841 iis
1820 4805 1941 4857 rpite

366 4874 429 4922 ad
460 4871 660 4924 trinam
693 4870 952 4925 Deitatem
983 4883 1251 4942 spectant,
1291 4875 1361 4928 ita
1395 4890 1587 4930 rursus
1614 4876 1757 4942 aliis,
1792 4877 1842 4930 in
1877 4880 1942 4932 iis

364 4976 486 5028 qua:
513 4961 579 5014 ad
612 4961 706 5014 Dei
742 4960 902 5016 Verbi
932 4963 1384 5028 incarnationem,
1423 4965 1577 5018 aiunt
1624 4967 1892 5021 accidisse
1926 4989 1936 5021 '.

364 5068 488 5105 cum
519 5065 714 5122 nempe
749 5054 838 5107 alii
872 5071 937 5109 ex
970 5055 1190 5110 Christo
1221 5055 1422 5125 duplici
1453 5068 1645 5112 natura
1671 5059 1810 5113 duos
1838 5060 1940 5113 sibi

366 5143 536 5212 Filios
565 5147 902 5203 inducendos
949 5149 1246 5214 sentirent;
1280 5149 1370 5202 alii
1401 5150 1452 5202 in
1492 5166 1655 5203 unam
1691 5166 1815 5205 eum
1846 5167 1945 5204 na-

368 5247 544 5292 tumut
583 5253 648 5292 ex
693 5255 799 5293 una
832 5256 1076 5310 persona:
1111 5243 1318 5297 ratione
1351 5251 1608 5312 cogerent
1642 5262 1653 5296 :
1692 5259 1814 5297 cum
1851 5259 1948 5313 par

367 5338 512 5384 esset
542 5329 654 5386 illic
690 5336 912 5401 pariter,
958 5346 1121 5401 atque
1156 5335 1245 5390 hic
1275 5335 1484 5389 Itonein
1528 5336 1776 5390 terminis
1810 5336 1947 5390 insi-

367 5430 595 5491 stentes,
631 5433 745 5478 tum
778 5428 942 5481 simul
974 5429 1305 5498 dispeseere,
1367 5439 1478 5482 tum
1509 5440 1835 5484 connectere
1888 5445 1951 5487 ac

438 5605 483 5638 ε’
522 5603 670 5660 Psal.
706 5621 814 5668 ert,
850 5606 942 5661 ἓξ).

447 5805 555 5875 (15)
587 5804 735 5858 lianc
769 5806 884 5874 ipse
921 5803 1136 5861 Nicetes
1182 5804 1400 5876 egregio
1450 5803 1908 5858 laudateneomio
1938 5821 1953 5876 ;

377 5874 569 5946 nempe
601 5876 872 5930 seniorem
899 5893 960 5932 ac
985 5878 1202 5931 seniore
1226 5874 1234 5876 ⁷
1257 5875 1427 5929 Roma
1454 5884 1650 5940 ortam,
1689 5890 1788 5928 nec
1846 5874 1951 5928 nisi

2047 4700 2178 4752 tem,
2218 4688 2532 4756 nudumque
2589 4701 2653 4739 ac
2691 4684 2994 4753 simplicem
3029 4682 3098 4738 ad
3150 4679 3502 4752 Evangeliutl
3529 4676 3624 4749 (et,

2049 4796 2107 4839 ut
2133 4785 2204 4838 ita
2237 4781 2439 4850 dicam)
2461 4781 2780 4848 imparatam
2814 4779 3285 4846 praeparationem.

2122 4877 2212 4931 Sic
2237 4875 2422 4943 igitur,
2441 4887 2617 4941 eoque
2648 4871 2947 4925 adveniens
2977 4878 3264 4939 apparatu,
3293 4870 3472 4939 qualis
3504 4884 3629 4924 eum

2051 4968 2296 5031 decebat,
2353 4965 2436 5019 cui
2472 4961 2786 5018 concredita
2840 4959 3143 5029 apostolica
3189 4957 3400 5012 functio
3445 4967 3629 5020 esset;

2053 5061 2288 5132 primum
2314 5053 2548 5127 quidem
2579 5051 2721 5122 apud
2749 5052 3018 5122 quosdam
3047 5048 3471 5110 necessitudine,
3513 5061 3635 5114 qua!

2049 5152 2350 5208 secundum
2392 5149 2643 5218 spiritum
2683 5155 2788 5209 est,
2835 5143 3185 5212 coniunctos,
3251 5140 3452 5210 hospes
3481 5139 3631 5206 agit:

2053 5246 2106 5301 id
2136 5256 2316 5300 autem
2352 5242 2418 5296 ad
2447 5254 2656 5311 magna:
2683 5235 2990 5293 Anastasite
3033 5235 3146 5305 (13)
3179 5233 3391 5302 exigua:
3440 5231 3635 5283 domus

2056 5339 2330 5408 proximas
2393 5336 2557 5388 aedes.
2605 5332 2726 5386 Una
2784 5331 2920 5392 haec,
2957 5327 3106 5399 quod
3138 5327 3230 5381 vili
3264 5325 3445 5379 forsan
3480 5322 3635 5375 sche-

2057 5441 2222 5493 mate,
2258 5439 2502 5497 peneque
2525 5423 2734 5477 inutilis
2757 5421 3058 5481 videretur,
3078 5416 3349 5472 ha-retivis
3370 5414 3637 5479 neglecta.

2067 5803 2182 5856 aede
2229 5803 2339 5857 illic
2379 5817 2535 5857 sacra
2588 5816 2653 5855 ac
2701 5801 2849 5854 cultu
2913 5798 3447 5872 Byzantinam;quo
3477 5795 3638 5852 etiam

2066 5875 2227 5927 modo
2260 5885 2450 5927 auctor
2482 5883 2636 5927 vocat
2668 5886 2847 5926 suam.
