4092 6608
484 411 600 475 "463

1676 404 1971 466 NICETIS
2000 402 2531 465 PAPIILAGONIS

3606 413 3748 473 ’ἇῦί

493 526 756 588 Iidelium,
781 538 842 577 ac
880 523 1095 594 pietatis
1124 522 1395 576 cultorum
1429 521 1625 587 exiguo
1666 518 2061 573 ctetttiaddicta
2100 522 2141 573 A
2174 523 2387 577 labores
2473 538 2536 575 ac
2592 522 2831 590 pericula
2867 522 3154 591 inciderit;
3187 525 3406 593 quantis
3464 525 3753 581 Trinitatis

497 625 795 671 manserat.
844 615 1168 675 Anastasim,
1230 616 1474 682 inquam,
1535 612 1679 664 illius
1723 610 1969 671 illustris,
2006 624 2069 662 ac

494 719 723 773 nostrae;
756 707 983 777 virginis
1005 720 1251 775 corpore,
1283 704 1509 773 virginis
1528 702 1721 771 spiritu
1785 716 1847 753 ac
1869 708 2063 752 mente.

492 801 796 856 Anastasiae
852 815 972 869 qua:
1019 799 1149 853 olim
1181 797 1293 865 jam
1335 796 1525 865 ingens
1585 793 1847 846 adversus
1879 790 2070 845 diabo-

491 895 603 947 lum
628 892 831 947 eximio
857 890 1098 961 martyrii
1125 904 1297 959 agone
1321 895 1502 941 erecto
1557 895 1785 954 tropreo,
1812 885 2066 954 majorem

490 988 753 1040 adversus
791 985 1038 1039 diversas
1069 982 1306 1036 haereses
1346 978 1607 1047 Tbe010gi
1643 994 1808 1049 opera
1838 980 2071 1033 subinde

489 1079 829 1149 triumphum
861 1076 1170 1141 revexerit;
1206 1089 1400 1144 nempe
1446 1074 1774 1144 expugnatis
1804 1081 2070 1143 quotquot

483 1172 943 1228 contentiosiores
973 1178 1151 1237 erant,
1184 1184 1248 1225 ac
1279 1167 1585 1224 clarissima
1609 1166 1941 1222 Ortbodoxis
1968 1182 2059 1223 as-

484 1274 634 1319 serta
666 1265 916 1321 victoria.

553 1353 765 1411 Etenim
786 1356 1025 1412 exterius
1054 1356 1368 1427 aspectabili
1393 1354 1592 1424 specie,
1618 1352 1932 1423 aspectabili
1950 1352 2069 1422 ejus

484 1449 688 1518 templo
747 1449 882 1516 (tum
920 1449 1138 1519 quidem
1202 1450 1493 1503 invenusto
1580 1461 1643 1501 ac
1705 1446 1939 1515 exiguo;
1974 1460 2069 1514 per

487 1542 663 1609 ipsum
723 1552 904 1595 autem
951 1543 1146 1597 decore
1176 1551 1357 1603 aucto,
1406 1556 1467 1594 ac
1497 1539 1904 1609 magnitudine:
1946 1539 2067 1606 ipso

480 1631 697 1686 scilicet
722 1633 862 1700 quod
902 1649 1047 1687 nunc
1077 1632 1339 1703 Theologi
1403 1630 1864 1700 nuncupationem
1897 1628 2064 1681 sorti-

474 1733 599 1775 tum
628 1723 733 1789 est)
770 1723 1028 1778 insistens
1060 1724 1335 1785 antistes;
1383 1722 1612 1776 interius
1637 1729 1817 1774 autem
1852 1720 2067 1788 inaspe-

470 1815 668 1868 retabili
699 1816 897 1869 mentis
930 1816 1139 1879 habitu,
1202 1816 1304 1885 ipsi
1349 1814 1634 1885 perspicue
1670 1813 2061 1867 resurrectioni
2092 1854 2140 1913 B

470 1908 702 1961 .(thristo
728 1922 822 1976 per
854 1909 1199 1963 Anastasiam
1227 1907 1572 1971 incumbens,
1608 1909 1660 1960 in
1706 1921 1767 1958 ea
1798 1920 1928 1960 suos
1964 1921 2060 1958 va-

469 2001 732 2053 -cil|antes
765 2000 942 2061 inicit,
976 1995 1288 2053 confractos
1344 1999 1522 2067 erigit,
1577 2007 1832 2051 nutantes
1864 1997 2062 2051 confir-

481 2103 630 2161 mat;
666 2108 730 2147 ac
754 2108 875 2146 cum
908 2092 1350 2160 persecutorilms
1403 2090 1785 2160 grassantibus
1819 2091 1904 2143 vix
1944 2090 2059 2158 spi-

478 2186 1003 2251 rantesinvenissv-t,
1031 2185 1181 2238 vitali
1218 2195 1341 2238 actu
1408 2199 1472 2238 ac
1498 2184 1737 2253 potentia
1780 2182 2055 2250 adimplet.

482 2275 655 2330 Recto
698 2276 843 2330 enim
888 2289 1141 2330 sermone
1198 2284 1359 2343 atque
1400 2274 1645 2327 doctrina
1682 2283 1939 2341 tanquam
1969 2287 2061 2325 ve-

479 2368 702 2421 rissimo
726 2368 907 2421 tritico
940 2367 1208 2421 bonorum
1244 2365 1459 2419 animos
1504 2365 1807 2419 esurientes
1862 2364 2057 2432 replet;

478 2460 953 2529 mundissimoque
1002 2458 1290 2527 inculpatae
1351 2457 1639 2527 theologia:
1689 2472 1851 2527 pane,
1902 2457 2059 2525 longa

472 2550 621 2606 fame
648 2549 981 2607 tabescentia
1011 2558 1232 2618 pectora
1257 2548 1379 2602 cibo
1409 2558 1638 2602 recreat.
1900 2545 1909 2555 '

536 2644 824 2715 Josepbus
876 2643 1099 2714 quidem
1154 2642 1246 2696 ille
1302 2641 1518 2704 beatus,
1568 2639 1809 2695 fraterna
1860 2640 2059 2694 invidia

476 2734 751 2806 Egyptiis
773 2735 1022 2789 venditus
1051 2733 1119 2800 δ’,
1146 2748 1246 2788 nec
1277 2733 1421 2787 bene
1446 2732 1734 2802 impudica!
1768 2731 2061 2802 praestigiis

475 2829 741 2895 delusus;
798 2827 890 2883 sed
921 2841 1141 2882 carcere
1187 2826 1400 2879 munito
1429 2823 1703 2880 castitatis
1751 2838 1917 2877 causa
1949 2824 2060 2877 cir-

476 2931 827 2988 cumseptus;
871 2920 986 2974 visa
1019 2918 1231 2972 somnia
1273 2918 1501 2972 solerter
1559 2916 1855 2985 dextraque
1892 2915 2059 2969 inter-

476 3023 743 3081 pretatus,
800 3011 1019 3083 [Egypti
1066 3012 1334 3065 universae
1363 3008 1636 3079 princeps,
1693 3007 2060 3076 frumentique

476 3106 701 3175 largitor
762 3114 926 3175 atque
949 3104 1206 3170 nutritor,
1240 3103 1437 3156 nedum
1471 3103 1635 3156 unius
1684 3099 1930 3172 Egypti,
1962 3098 2056 3154 sed

2174 630 2339 666 caiisa
2375 613 2766 667 certaminibus
2797 612 3115 682 perfunctus
3141 614 3233 676 sit,
3262 630 3522 684 quanam,
3542 632 3751 685 qureso,

2174 703 2446 759 sermonis
2467 704 2515 756 vi
2546 704 3047 772 reprzesentaverim
3064 705 3086 757 ?
3101 706 3389 770 Quomodo
3409 709 3744 776 praecipuum

2173 796 2430 865 quiddam
2464 797 2714 861 dixerim,
2749 812 2848 851 nec
2882 797 2950 849 ita
2988 797 3178 866 procul
3210 799 3581 852 consectanda
3610 800 3753 852 veri-

2175 898 2283 943 tate
2336 887 2558 941 iverim?
2606 887 2893 953 Quomodo
2952 889 3098 943 illius
3153 904 3237 942 res
3287 904 3479 944 omnes
3537 899 3754 943 tentans

2174 996 2453 1041 enarrare,
2492 995 2597 1033 non
2634 979 2852 1033 fastidio
2884 994 3101 1049 gravem
3156 980 3463 1034 orationem
3499 980 3753 1035 reddide—

2173 1074 2312 1138 rim;
2351 1081 2446 1127 aut
2476 1076 2752 1142 quomodo
2785 1073 3044 1142 pleraque
3092 1074 3281 1128 volens
3309 1074 3582 1133 omittere.
3642 1088 3749 1126 non

2172 1166 2373 1233 ingenti
2404 1166 2684 1220 auditores
2724 1165 2927 1219 damno
2957 1164 3269 1219 afl‘ecerim?
3300 1163 3449 1220 Illius
3470 1164 3627 1234 plane
3651 1181 3751 1217 ne-

2172 1258 2406 1311 cessat'ia
2453 1272 2577 1318 vox,
2608 1265 2774 1328 atque
2802 1258 3096 1322 sententia,
3130 1266 3190 1312 ut
3238 1258 3408 1311 multa
3443 1257 3635 1327 paucis
3656 1274 3755 1312 ex-

2173 1347 2480 1402 bibeantur.
2520 1349 2671 1404 Illius
2707 1362 2942 1419 namque
2969 1349 3075 1403 hoc
3102 1350 3363 1419 partium,
3397 1358 3562 1417 atque
3594 1350 3751 1403 indo-

2175 1440 2266 1502 lis,
2319 1441 2393 1493 uti
2428 1440 2507 1495 sic
2545 1440 2831 1511 magnifice
2904 1450 3068 1510 atque
3100 1451 3320 1498 strenue
3340 1444 3640 1503 decertare.
3678 1444 3750 1497 ita

2168 1542 2225 1584 et
2255 1532 2613 1586 certaminum
2654 1534 3113 1605 magnificentiam
3163 1536 3435 1590 sermonis
3490 1536 3745 1606 magnifi-

2170 1625 2346 1700 centia
2387 1626 2664 1680 exhibere.

2241 1714 2375 1770 Cum
2402 1716 2514 1785 jam
2545 1718 2708 1788 igitur
2738 1720 2958 1788 pessimi
3013 1720 3288 1776 daemones
3319 1720 3632 1776 Graecanica
3663 1721 3750 1775 itt-

2169 1809 2497 1871 cantatione,
2548 1825 2612 1864 ac
2647 1826 2852 1874 errore,
2895 1811 3233 1881 impurisque
3275 1814 3469 1878 sacris,
3511 1827 3575 1867 ac
3599 1813 3751 1867 omni

2172 1899 2485 1968 impietate,
2543 1900 2854 1955 divinorum
2911 1903 3284 1972 apostolorum
3354 1919 3628 1970 munere,
3686 1921 3751 1959 ae

2171 1997 2591 2066 triumphalibus
2653 1999 2851 2067 praeliis
2883 2010 3209 2070 martyrum,
3243 2001 3577 2067 cessissent;
3612 2002 3750 2056 sub-

2175 2094 2393 2163 lataque
2440 2094 2710 2149 idolorum
2777 2094 2967 2148 nefarii
3000 2095 3181 2149 cultus
3233 2095 3485 2165 caligine,
3516 2110 3580 2150 ac
3619 2111 3749 2150 Vt'l'a

2169 2188 2292 2241 fidei
2326 2190 2444 2243 luce
2468 2198 2676 2242 rectum
2701 2204 2917 2241 omnem
2947 2188 3189 2241 animum
3217 2188 3574 2242 collustrante
3621 2205 3746 2242 cum

2168 2281 2427 2348 deinceps
2458 2292 2843 2335 extraneorum
2880 2296 3043 2349 opera
3087 2282 3306 2350 pietatis
3330 2282 3571 2337 cultores
3605 2282 3748 2335 bello

2170 2370 2397 2441 fatigare
2428 2387 2532 2425 non
2573 2373 2980 2441 possent,ipsos
3003 2388 3187 2426 secum
3218 2373 3446 2426 invicem
3479 2373 3747 2428 Christia.

2171 2479 2270 2517 nos
2307 2464 2673 2527 concitantes;
2716 2464 2966 2532 quinimo
2999 2464 3263 2534 quidquid
3306 2465 3359 2518 in
3406 2465 3567 2521 nobis
3602 2466 3751 2520 debi-

2170 2554 2274 2608 lius
2335 2564 2452 2608 erat
2495 2570 2679 2609 errore
2716 2556 3069 2616 abducentes,
3115 2557 3501 2626 corruptisque
3534 2573 3749 2612 sermo-

2172 2646 2331 2701 nibus
2368 2647 2632 2707 adversus
2663 2662 2759 2703 eos
2784 2648 2873 2717 qui
2916 2648 3192 2717 praecipua
3234 2650 3434 2719 pietate
3466 2649 3749 2721 fulgebant

2171 2733 2521 2795 instruentes.
2549 2737 2657 2790 acri
2690 2738 2802 2799 lite,
2843 2738 3365 2808 pugnacissimaque
3416 2741 3592 2794 excita
3617 2755 3750 2796 con-

2170 2827 2433 2888 tentione,
2454 2829 2588 2883 alios
2620 2830 2739 2884 aliis
2776 2830 3158 2895 committunt;
3185 2830 3488 2902 fraudeque
3551 2834 3635 2887 usi
3684 2850 3748 2887 ac

2169 2919 2417 2982 audacia,
2454 2921 2645 2990 partim
2673 2922 2892 2991 quidem
2917 2924 3181 2977 suasoriae
3204 2925 3471 2979 orationis
3512 2925 3747 2979 artificio

2168 3010 2470 3064 rationibus
2502 3011 2864 3081 simpliciores
2885 3012 3029 3066 dicto
3056 3014 3157 3067 sibi
3183 3015 3467 3069 audientes
3490 3016 3745 3079 reddunt;

2169 3103 2364 3173 partim
2399 3120 2526 3157 vero
2575 3104 3026 3160 imbecillioribus
3090 3106 3429 3175 ingruentes,
3493 3119 3748 3176 metuque

473 3206 530 3253 et
562 3197 673 3264 jam
718 3206 1055 3260 exterarum,
1106 3193 1357 3248 inaudiit.
1390 3192 1685 3261 Gregorius
1712 3200 1917 3256 autem,
1946 3206 2056 3244 non
2092 3211 2137 3272 ε
2170 3195 2524 3264 procacitatis
2560 3206 2947 3264 perterrentes,
2986 3196 3153 3265 impio
3180 3198 3419 3267 ipsorum
3444 3200 3747 3253 sensuieos

472 3305 543 3345 ex
572 3289 812 3344 fraterna
840 3287 1068 3352 invidia,
1095 3288 1187 3342 sed
1218 3286 1394 3357 Magni
1426 3285 1635 3345 Basilii.
1676 3284 1914 3353 fideique
1941 3299 2063 3353 per-

473 3379 913 3435 necessariorum
965 3376 1326 3432 hortamentis
1386 3376 1622 3439 cedens;
1682 3374 2063 3443 quinimoim-

475 3471 742 3540 pensioris
797 3470 1150 3541 providentiae
1209 3468 1454 3523 consiliis
1503 3469 1795 3532 adductus,
1829 3480 1939 3520 non
1965 3465 2061 3520 abs

467 3563 743 3617 scelerata
776 3562 905 3615 hera
931 3569 1138 3615 tentata
1184 3560 1479 3629 pudicitia;
1512 3560 1690 3629 palam
1722 3573 1852 3612 vero
1887 3557 2062 3611 haere-

477 3653 705 3707 ticorum
757 3654 989 3723 maligne
1042 3653 1321 3723 agentium
1375 3652 1593 3708 insidiis
1651 3650 1945 3721 appetitus,
1976 3651 2061 3703 in-

474 3753 696 3814 starque
734 3760 1016 3799 carcerum
1065 3745 1363 3799 instructos
1394 3757 1583 3797 eorum
1624 3742 1783 3797 dolos
1843 3740 2045 3804 varios,

473 3849 539 3890 ac
564 3836 1000 3889 machinamenta
1039 3836 1311 3901 incidens,
1369 3834 1760 3904 sapientiteque
1808 3833 2057 3888 doctrina

474 3928 704 3996 potioris
730 3929 998 3983 cou‘tritos
1026 3929 1338 3984 venantium
1373 3929 1598 3998 laqueos
1631 3927 1914 3996 effugiens,
1948 3941 2054 3980 non

475 4035 637 4072 unam
680 4020 1035 4089 provinciam,
1068 4029 1162 4075 aut
1187 4020 1413 4085 urbem;
1462 4022 1554 4075 sed
1580 4034 1674 4089 per
1705 4035 1899 4081 unam,
1933 4033 2055 4085 quae

470 4112 574 4165 sub
606 4112 746 4166 caelo
782 4122 912 4167 sunt
946 4116 1251 4175 universas,
1288 4112 1551 4167 beneficio
1583 4112 1867 4182 impartire
1894 4127 2055 4164 mon-

470 4211 696 4255 stratur.

546 4293 638 4348 llle
671 4294 839 4364 igitur
864 4294 983 4365 ejus
1007 4294 1114 4350 cibi
1154 4294 1245 4365 qui
1274 4294 1447 4365 perit;
1482 4295 1570 4350 hic
1602 4293 1721 4363 ejus
1748 4296 1841 4364 qui
1870 4302 2054 4349 manet

464 4387 525 4440 in
550 4385 715 4438 vitam
749 4395 1031 4451 aeternam,
1064 4387 1413 4457 dispensator
1453 4387 1782 4452 ostenditur,
1820 4386 2053 4440 arbiter-

466 4492 577 4547 que
604 4478 949 4547 magnificus.
985 4478 1161 4547 Atque
1216 4478 1305 4533 ille
1338 4478 1580 4545 quidem,
1610 4493 1717 4532 non
1752 4476 2052 4547 corporalis

2167 3286 2488 3342 submittere
2528 3298 2815 3341 conantur.

2238 3374 2379 3443 Quid
2421 3377 2582 3447 igitur
2604 3378 2685 3431 vir
2713 3378 2764 3431 in
2792 3378 2996 3433 divinis
3037 3378 3471 3442 versatissimus,
3503 3395 3737 3434 accura-

2167 3467 2498 3537 tissimzeque
2532 3466 2838 3537 Theologiae
2887 3468 3114 3523 infracta
3176 3470 3432 3523 columna
3522 3484 3587 3523 ac
3638 3469 3746 3523 im-

2164 3560 2422 3615 mobilis?
2449 3559 2591 3615 Num
2632 3562 3097 3630 nequissitnorum
3133 3563 3398 3631 pravitate
3423 3564 3599 3616 minor
3634 3577 3737 3630 ap-

2164 3648 2377 3717 paruit?
2408 3660 2496 3704 aut
2530 3666 2720 3705 eorum
2787 3652 3013 3705 omnino
3052 3653 3414 3721 grassantium
3454 3654 3501 3705 vi
3546 3654 3745 3708 cessit?

2161 3754 2255 3799 aut
2281 3743 2406 3813 quid
2439 3745 2755 3798 modicume
2777 3745 2974 3814 pietate
3012 3746 3252 3799 remisit?
3281 3756 3373 3799 aut
3398 3746 3541 3798 illius
3566 3761 3734 3801 causa

2162 3835 2461 3890 mediocria
2532 3836 2773 3904 pericula
2841 3834 3049 3889 adivit?
3124 3830 3599 3905 Haudquaquam;
3644 3838 3740 3891 sed

2159 3943 2349 3982 eorum
2378 3928 2636 3991 audaciae,
2664 3928 3002 3997 prudentiam
3035 3943 3354 3997 opponens;
3431 3928 3742 3995 calliditati,

2159 4018 2437 4089 vafrisque
2460 4019 2729 4080 consiliis.
2765 4019 2932 4073 animi
2958 4018 3301 4088 pnesentiam
3366 4034 3429 4071 ac
3460 4018 3741 4083 fiduciam;

2158 4114 2288 4181 quin
2326 4110 2529 4180 potius,
2566 4110 2940 4164 fortitudinem
2995 4110 3257 4163 adversus
3312 4107 3595 4162 audaciam
3678 4122 3743 4161 ac

2159 4202 2556 4264 temeritatem;
2591 4200 3045 4269 prudentiamque
3066 4197 3333 4253 adversus
3383 4197 3741 4251 calliditatem

2158 4309 2220 4345 ae
2252 4292 2525 4346 vafritiem
2561 4292 2799 4346 edocens
2825 4309 2838 4354 ;
2866 4291 3273 4359 universimque
3299 4289 3435 4343 adeo
3462 4289 3742 4351 virtutem,

2156 4386 2418 4440 adversus
2452 4401 2638 4467 eorum
2670 4393 2836 4439 totam
2890 4383 3209 4454 pravitatem
3258 4380 3455 4436 infesta
3493 4380 3609 4433 acie
3656 4379 3739 4432 in-

2156 4489 2408 4545 struens;
2440 4478 2518 4533 sic
2543 4478 2767 4533 omnino
2805 4477 2966 4541 fudit,
3000 4476 3335 4546 fugavitque,
3365 4489 3427 4528 ac
3462 4489 3736 4543 pet-expu-

468 4569 675 4631 solum,
728 4570 821 4624 sed
885 4581 939 4623 et
989 4579 1353 4637 temporaneee
1415 4585 1642 4623 annonae
1669 4588 1683 4633 ;
1727 4570 1887 4639 idque
1919 4570 2053 4623 adeo
2081 4555 2135 4616 D
2162 4572 2366 4641 gnavit,
2404 4579 2463 4624 ut
2496 4573 2675 4641 potius
2707 4571 2961 4625 semitam
2997 4571 3152 4623 navis
3183 4583 3334 4622 mare
3359 4568 3621 4628 secantis,
3645 4576 3742 4620 aut

469 4676 595 4714 eum
624 4662 898 4716 frumenta
926 4663 1096 4731 pretio
1136 4662 1424 4727 venderet;
1468 4661 1554 4715 hic
1579 4671 1779 4722 autem,
1825 4677 1931 4715 non
1966 4677 2054 4715 so-

469 4753 581 4805 lum
616 4753 898 4821 spiritalis,
941 4768 1007 4807 ac
1038 4767 1159 4822 quae
1194 4752 1471 4807 contineat
1493 4752 1738 4815 animos;
1773 4752 1866 4807 sed
1893 4761 1947 4806 et
1995 4751 2049 4805 in

471 4844 732 4898 saeculum
778 4844 963 4914 largus
989 4845 1219 4899 conviva
1252 4846 1420 4899 enitet
1446 4863 1459 4911 ;
1488 4846 1958 4915 uberrimumque,
1989 4862 2054 4899 ac

469 4936 589 4989 sine
616 4938 791 5004 pretio
830 4938 1057 5007 puleltre
1096 4938 1474 4993 esurientibus
1503 4938 1816 4992 convivium
1850 4953 2050 5008 propo-

466 5030 608 5084 situs
633 5036 733 5084 est.
773 5029 989 5095 Quanto
1024 5030 1188 5100 igitur
1219 5045 1372 5084 mens
1409 5044 1574 5086 sensu
1612 5030 1869 5094 nobilior,
1898 5040 2050 5085 tanto

470 5123 635 5191 hujus
676 5123 767 5177 illa
806 5122 1070 5178 frumenti
1103 5123 1441 5189 distributio,
1469 5138 1580 5193 pra:
1605 5122 1752 5176 illius
1779 5132 2049 5191 praestano

462 5218 594 5279 tior,
626 5226 684 5270 ut
713 5231 833 5271 mea
861 5215 966 5271 fert
986 5217 1191 5285 opinio,
1227 5216 1333 5284 his,
1359 5217 1562 5286 quibus
1590 5231 1738 5272 sanae
1757 5216 1860 5270 sint
1882 5214 2048 5268 animi

464 5310 728 5374 rationes,
761 5309 922 5363 facile
943 5310 1301 5379 judicabitur.

536 5398 737 5453 Verum
766 5415 894 5471 erga
919 5401 1137 5470 quidem
1169 5400 1503 5455 domeSticos
1545 5400 1669 5454 fidei
1742 5414 1805 5454 ac
1855 5413 2046 5453 ncces-

464 5494 641 5548 sarios
674 5494 797 5549 talis
829 5509 955 5548 cum
995 5500 1141 5548 esset
1165 5493 1380 5546 divinus
1403 5491 1721 5559 Gregorius,
1747 5491 1871 5545 talis
1903 5505 2047 5544 sem-

464 5600 559 5653 per
583 5585 650 5638 ad
673 5599 768 5638 eos
799 5582 991 5638 habuit
1028 5598 1039 5634 :
1088 5582 1266 5651 qualis
1308 5596 1437 5634 vero
1476 5582 1639 5635 etiam
1682 5596 1807 5650 erga
1854 5580 2050 5633 adver-

460 5675 639 5729 sarios
693 5675 983 5742 enituerit;
1037 5675 1093 5729 in
1138 5688 1304 5743 quam
1346 5672 1546 5726 multos
1596 5672 1845 5728 veritatis
1881 5686 2048 5727 causa

529 5873 573 5902 δ’
602 5871 734 5927 Grn.
763 5890 963 5939 xxxva,
988 5874 1077 5927 ‘28.
1156 5872 1200 5901 ⁸³
1229 5869 1386 5923 Prov.
1427 5884 1553 5930 xxx,
1602 5868 1685 5922 19.

2151 4664 2419 4732 serpentis
2447 4664 2562 4717 vias
2595 4677 2757 4732 super
2791 4672 3020 4728 petram,
3055 4674 3149 4716 aut
3190 4660 3489 4716 volantium
3527 4659 3741 4728 aquila-

2153 4770 2272 4806 rum
2317 4754 2607 4823 vestigium
2631 4754 2698 4817 ⁸⁸,
2735 4760 2793 4807 ut
2816 4754 2977 4808 habet
2999 4753 3289 4823 parnamia,
3320 4752 3530 4815 videas,
3562 4765 3729 4819 quam

2154 4847 2370 4901 illorum
2397 4847 2695 4917 impietatis
2721 4847 2922 4902 saeculo
2954 4846 3142 4901 relicta
3166 4845 3393 4914 vestigia
3424 4843 3736 4911 deprehen-

2158 4938 2278 4993 das.
2852 4936 2861 4944 ’

2232 5032 2368 5088 Nam
2407 5034 2483 5087 illi
2520 5032 2739 5103 quidem
2785 5048 2951 5087 unum
2983 5031 3034 5086 id
3062 5044 3200 5099 opus
3222 5036 3339 5083 erat
3387 5041 3450 5079 ac
3468 5023 3735 5087 studium,

2161 5134 2221 5181 ut
2265 5125 2533 5180 mendacii
2600 5124 2823 5195 quidem
2886 5124 2995 5177 vim
3058 5121 3414 5189 infringeret;
3449 5117 3736 5170 veritatem
3790 5144 3808 5189 ξ

2158 5231 2337 5275 autem
2395 5226 2798 5290 propugnaret;
2852 5225 3018 5285 atque
3048 5223 3159 5268 uta
3213 5208 3734 5267 scelestissimorum

2157 5307 2603 5363 dissimilitudine
2646 5320 2809 5376 quam
2845 5302 3217 5356 alienissimus
3274 5297 3439 5361 foret,
3491 5294 3735 5350 consub-

2158 5400 2528 5454 stantialitatis
2557 5408 2739 5452 autem
2767 5394 3011 5466 opinioni
3036 5393 3264 5448 omnino
3291 5390 3613 5445 adhwrcret.
3644 5384 3738 5439 llis

2157 5502 2335 5547 autem
2364 5501 2421 5545 ut
2446 5507 2509 5545 ex
2545 5491 2728 5544 animo
2759 5504 2877 5543 eam
2930 5486 3294 5550 excutientes,
3339 5498 3436 5537 suo
3494 5482 3739 5550 ipsorum

2158 5582 2326 5637 errori
2370 5581 2714 5643 insisterent;
2748 5595 2811 5634 ac
2840 5578 3061 5648 quidem
3097 5576 3344 5631 veritatis
3372 5571 3635 5643 praeconi,
3678 5578 3736 5623 ut

2158 5682 2384 5730 cunctos
2443 5672 2571 5727 boni
2625 5670 2803 5727 socios
2855 5683 2955 5739 pro
3012 5667 3274 5723 bonitatis
3325 5664 3503 5719 indole
3538 5663 3736 5716 habere

3156 5770 3167 5793 \
