4092 6596
345 441 453 504 4ῗὸ

1058 441 1339 502 ORATIO
1376 441 1504 502 XX.
1537 429 1722 502 -—‘IN
1763 440 2075 502 LAUDEM
2108 440 2169 500 S.
2212 436 2590 500 GREGORII
2628 435 2903 497 THEOL.

3512 426 3627 488 {liii

344 560 698 626 percuperet;
751 552 1017 609 mendacii
1046 564 1226 609 autem
1259 555 1527 624 patronis,
1566 563 1622 608 ιιι
1671 563 1932 624 tanquam
1961 552 2008 612 Α
2037 552 2409 622 interpretem,
2451 549 2607 604 Sicut
2633 546 2796 602 etiam
2825 544 3035 608 lesum,
3071 540 3165 613 qui
3195 549 3323 595 ante
3357 539 3621 610 Stephani

343 645 644 714 perduelle,
701 645 965 716 hosteque
1017 656 1332 713 uterentur;
1370 662 1434 702 ac
1482 655 1594 701 tum
1630 647 1704 700 illi
1739 661 1925 702 necem

347 737 574 801 inferre,
609 747 721 792 tum
764 754 929 808 quam
987 737 1218 794 docebat
1267 748 1470 794 rectam
1514 740 1930 803 fidem,exstin-

346 845 514 898 gnere
543 839 835 884 tentarent.
862 831 1032 896 Quem
1083 830 1227 884 enim
1260 833 1502 885 animum
1557 832 1808 886 absurda:
1841 847 1931 884 ra-

347 923 548 988 tiones,
589 933 683 977 aut
729 923 973 978 actiones
1039 934 1306 993 occupato
1368 924 1699 989 addixeriut,
1742 923 1931 992 sicque

345 1023 702 1083 eotnparatus
728 1024 813 1070 est
851 1022 910 1069 ut
941 1031 1046 1086 qna
1088 1024 1304 1071 tenetur
1346 1018 1771 1086 praesumptione
1796 1017 1934 1070 libe-

349 1108 463 1160 rari
491 1107 917 1176 nolit,tanqnam
948 1108 1185 1163 infensos
1215 1108 1556 1167 reformidat.
1574 1111 1618 1164 si
1641 1109 1732 1180 qui
1752 1125 1935 1163 emcn-

355 1197 492 1250 dare
515 1199 883 1264 tentari-rint;
934 1201 1523 1271 reprehensionemqne
1568 1202 1758 1256 vibicis
1791 1203 1934 1265 loco,

351 1303 416 1341 ac
446 1289 615 1358 plagae
637 1290 864 1355 ducens,
894 1306 1142 1346 amarum
1171 1293 1722 1362 crudelissimumth
1768 1291 1936 1346 animi

353 1380 591 1434 consilio
632 1381 894 1438 adversus
937 1391 1252 1453 arguentem
1287 1385 1588 1439 exsuscitat
1643 1394 1805 1454 atque
1855 1386 1939 1439 in-

351 1474 541 1529 struit.

425 1565 506 1620 Ac
549 1567 768 1635 quidem
803 1565 1103 1638 Theologo,
1145 1569 1342 1624 divinae
1393 1570 1796 1640 praedicationis
1833 1586 1943 1624 ser-

354 1671 546 1709 mones
578 1659 1089 1727 praetendebantur;
1116 1675 1312 1730 nempe
1343 1677 1626 1716 sermones
1647 1662 1937 1731 ejusmodi,

353 1746 449 1816 qui
488 1750 684 1802 nedum
715 1749 777 1803 ad
811 1765 994 1805 veram
1055 1751 1441 1822 salubremque
1471 1753 1754 1806 Trinitatis
1783 1753 1939 1807 ﬁdem

357 1839 740 1908 proveherent,
791 1844 886 1897 sed
935 1843 1029 1912 qui
1074 1844 1237 1899 etiam
1273 1845 1476 1900 Christi
1532 1846 1785 1900 charitati
1849 1861 1943 1913 per

2038 644 2440 705 testimonium,
2501 642 2556 696 in
2607 641 2786 695 medio
2843 639 2963 708 ipso
2994 635 3234 692 concilio
3282 633 3620 689 clamasset:

2040 737 2170 808 Ego,
2211 747 2259 792 et
2307 735 2470 791 Pater
2492 751 2654 790 unum
2687 750 2868 788 sumus
2895 732 2966 795 ⁸⁷,
3027 737 3320 800 surgentes
3377 727 3624 796 lapidare

2036 831 2370 893 nitebantur,
2401 843 2712 899 quanquam
2740 825 2866 881 fecit
2893 825 2958 887 is,
2990 833 3049 878 ut
3079 823 3358 878 incassum
3415 818 3626 889 lapides

2038 921 2384 976 mitterentur
2415 939 2429 976 :
2488 921 2602 990 pari
2660 919 2873 974 ratione
2915 915 3180 986 Gregorio
3209 927 3426 984 quoque
3458 910 3628 966 Deum

2039 1013 2278 1079 Patrem,
2314 1012 2595 1083 Deumque
2640 1009 2863 1074 Filium,
2910 1023 2974 1062 ac
3006 1007 3174 1061 Deum
3206 1004 3467 1074 Spiritum
3503 1017 3632 1057 san-

2041 1115 2212 1167 ctum,
2247 1121 2410 1160 unam
2435 1105 2720 1165 Deitatem,
2755 1117 2876 1172 quite
2906 1099 3079 1154 tribus
3106 1097 3356 1168 personis
3378 1094 3630 1164 ejusdem

2041 1197 2613 1254 substantimdiserete
2660 1209 2722 1249 ac
2769 1194 2914 1248 velut
2942 1192 3162 1246 dividue
3199 1205 3306 1244 una
3343 1188 3628 1251 consistat,

2042 1289 2240 1344 eximie
2273 1304 2370 1358 pro
2397 1287 2659 1356 Tbeologi
2688 1285 2934 1356 partibus
2990 1284 3321 1345 disserente,
3359 1281 3632 1335 immensa

2044 1381 2197 1435 rabie
2229 1381 2358 1442 acti,
2395 1395 2458 1434 ac
2504 1379 2689 1434 furore
2726 1379 2910 1447 repleti
2948 1376 3202 1445 princeps
3247 1374 3629 1429 haereticorum

2044 1489 2237 1543 agmen
2296 1473 2462 1542 inque
2511 1471 2618 1527 illis
2669 1471 2918 1532 antistes,
2953 1479 3211 1536 tanquam
3246 1466 3361 1520 suis
3391 1466 3470 1519 eis
3524 1465 3630 1518 do-

2049 1567 2254 1637 gmatis
2339 1567 2584 1622 funditus
2647 1562 3026 1627 labefactatis,
3109 1558 3630 1630 praestantissimum

2046 1660 2334 1728 theologia:
2365 1659 2744 1727 interpretem,
2771 1657 2917 1711 velut
2957 1670 3055 1709 sua
3108 1667 3298 1721 opera,
3333 1651 3495 1719 vique
3527 1652 3625 1700 do-

2046 1753 2235 1806 ctrina:
2270 1767 2454 1822 parem
2489 1751 2772 1806 Trinitatis
2811 1750 3072 1803 honorem
3106 1753 3463 1809 asset-cutem,
3498 1743 3635 1813 lapi-

2048 1845 2209 1899 dibus
2235 1854 2444 1915 petunt.

356 1933 741 1987 mandatorum
775 1935 1212 1992 observationem
1240 1939 1464 2007 (quibus
1491 1939 1641 1993 salus
1699 1938 1941 2008 acjusti-
1972 1904 2020 1963 Β
2118 1937 2258 2003 Quia
2281 1955 2430 2002 vero,
2464 1953 2627 2008 quam
2659 1936 2736 1991 illi
2769 1937 2908 1992 male
2931 1937 3324 2006 impugnabant
3372 1931 3633 1987 deitatem

360 2023 435 2076 tia
468 2027 756 2092 provenire
793 2028 1058 2097 creditur)
1093 2029 1468 2100 adjungerent.
1499 2030 1576 2085 Ad
1614 2030 1945 2095 l1:PC,('ﬁl‘lllS

361 2113 437 2166 illi
470 2117 616 2170 culta
669 2118 1045 2183 mortiﬁcatio,
1091 2121 1349 2191 jugisque
1375 2122 1573 2185 oratio,
1630 2139 1738 2192 qua
1777 2124 1943 2177 animi

359 2221 576 2263 summa
632 2210 901 2282 plenaque
926 2214 1278 2282 emundatio;
1304 2231 1367 2269 ex
1402 2231 1510 2284 qua
1541 2216 1740 2271 mentis
1766 2217 1819 2270 in
1845 2217 1947 2271 Do-

361 2299 573 2353 minum
605 2315 862 2359 excessus
893 2304 959 2370 ⁸⁸,
987 2305 1320 2362 diviniorum
1353 2306 1782 2363 illustrationum
1824 2325 1947 2379 per-

362 2391 566 2460 ceptio,
593 2394 898 2450 ccelesﬁum
949 2397 1299 2468 splendorum
1324 2399 1594 2464 societas;
1624 2414 1688 2468 ac
1722 2400 1944 2454 demum

361 2486 638 2553 potiorum
695 2497 945 2544 votorum
999 2491 1355 2562 adimpletio;
1396 2493 1594 2562 quibus
1643 2492 1735 2547 Dei
1782 2507 1946 2548 verus

363 2576 530 2632 homo
559 2579 861 2647 absolutus,
887 2597 951 2637 ac
974 2585 1067 2653 qui
1123 2586 1324 2642 mentis
1357 2587 1712 2642 renovatione
1742 2586 1945 2641 Christi

361 2659 729 2725 similitudine
760 2681 931 2741 quoto
962 2688 1180 2744 quoque
1206 2675 1296 2730 die
1330 2676 1780 2744 transformatur,
1836 2694 1944 2733 non

361 2761 487 2817 vita:
517 2763 702 2818 minus
730 2763 932 2819 deitate
988 2780 1051 2819 ac
1081 2767 1508 2837 magniﬁcentia,
1549 2784 1711 2839 quam
1742 2785 1950 2826 sermo-

364 2854 451 2908 nis
511 2863 676 2924 atque
709 2855 970 2912 doctrina:
1004 2857 1202 2914 illustri
1240 2860 1507 2925 claritate,
1535 2861 1601 2916 iis
1635 2862 1729 2932 qui
1772 2862 1949 2918 salute

366 2945 517 3016 digni
543 2958 693 3013 sunt,
719 2950 912 3005 salutis
945 2951 1161 3007 exsistit
1190 2952 1479 3022 praesidio;
1501 2953 1719 3010 Arianis
1741 2962 1945 3019 autem,

365 3055 430 3096 ac
460 3043 553 3111 qni
598 3043 704 3098 illis
734 3043 1012 3113 adjutores
1057 3059 1219 3115 atque
1241 3046 1375 3101 socii
1401 3055 1560 3102 erant
1588 3047 1772 3116 (porro
1791 3055 1949 3101 erant

366 3133 649 3202 adjutores
701 3136 1089 3192 consciscenda
1145 3137 1346 3192 Sancto
1398 3154 1529 3194 nece
1561 3139 1941 3194 haereticorum

2049 2043 2114 2084 ac
2149 2029 2484 2093 dividebant,
2519 2030 2634 2107 haec
2666 2028 2769 2083 rite
2797 2043 2893 2099 pro
2927 2044 2988 2082 ea
3021 2029 3447 2097 depugnantem,
3480 2027 3634 2076 anxi-

2049 2121 2124 2176 lio
2154 2120 2400 2187 fovebat;
2452 2137 2516 2177 ac
2578 2119 2818 2191 Spiritus
2871 2121 2970 2184 illi,
3004 2119 3095 2188 qni
3131 2119 3183 2171 in
3219 2118 3338 2188 ejus
3393 2116 3642 2194 spirabat

2048 2216 2297 2285 gratiam,
2327 2216 2513 2269 aderat
2543 2231 2555 2268 :
2589 2216 2657 2270 ab
2689 2215 3080 2270 homicidarum
3117 2227 3241 2266 curn
3302 2210 3505 2279 injuria
3570 2209 3637 2261 ti-

2050 2308 2204 2363 berat
2231 2325 2247 2374 ;
2296 2303 2637 2377 illaesnmqne
2668 2322 2697 2361 a
2723 2307 2962 2378 lapidum
2988 2305 3247 2376 grandine
3275 2318 3522 2363 servans.
3554 2302 3629 2355 ad;

2051 2400 2258 2470 majora
2302 2401 2626 2461 certamina,
2681 2415 2745 2454 ac
2780 2399 3133 2469 perfectiores
3166 2413 3398 2452 coronas
3430 2411 3639 2467 praepa-

2050 2500 2155 2546 rat.
2182 2490 2346 2546 iidem
2377 2507 2612 2562 namque
2641 2493 2745 2563 ipsi
2778 2507 2841 2547 ea
2872 2493 3081 2546 ratione
3112 2491 3371 2556 convicti,
3409 2489 3642 2558 probro-

2050 2600 2158 2656 que
2192 2583 2390 2649 allecti,
2425 2584 2490 2638 ad
2518 2585 2664 2639 aliud
2707 2600 2902 2640 rursus
2923 2584 3381 2647 fortissitnum,ut
3416 2591 3641 2652 putave-

2052 2686 2191 2741 rant,
2208 2675 2900 2746 prorsusqueineluctabile
2925 2682 3206 2728 vertuntur
3242 2680 3637 2727 commentum.

2048 2767 2253 2838 Nempe
2297 2767 2462 2822 variis
2505 2777 2798 2822 ouerantes
2854 2765 3196 2828 criminibus,
3256 2765 3432 2834 iiSque
3490 2763 3646 2818 urbis

2052 2862 2394 2932 praefectum,
2429 2861 2550 2916 ﬁdei
2585 2861 2702 2932 ipsa
2737 2861 3126 2916 communione
3158 2860 3330 2931 magis
3356 2858 3640 2914 credulum

2051 2969 2113 3010 ac
2145 2953 2523 3022 procliviorem
2577 2953 2959 3016 accendentes,
3009 2967 3134 3006 eum
3191 2961 3242 3006 et
3295 2959 3644 3006 accusatores

2052 3045 2378 3101 statuissent
2407 3055 2635 3115 repente
2665 3046 3120 3115 comprehensum
3157 3044 3506 3114 Gregorium,
3541 3058 3642 3114 pro

2053 3135 2304 3191 tribunali
2335 3136 2558 3191 sistunt.
2584 3137 2779 3206 Atque,
2809 3151 2844 3193 0
2868 3146 3144 3206 stuporem
3171 3137 3186 3188 !
3224 3150 3256 3189 ο
3296 3135 3643 3201 insipientem

368 3225 552 3278 omnis
573 3240 813 3290 cuneus;
847 3227 993 3280 novit
1034 3228 1178 3281 enim
1213 3228 1355 3283 haud
1408 3245 1534 3283 raro
1577 3229 1766 3284 vitium
1818 3230 1951 3285 vitio
1981 3245 2026 3306 ο
2060 3229 2456 3284 sceleratorum
2483 3230 2891 3299 aggressionem
2921 3231 2939 3282 l
2971 3228 3187 3284 Paciﬁci
3221 3227 3650 3298 probatissitnns

369 3317 626 3369 auxiliari
667 3318 914 3386 belloque
950 3317 1224 3388 fatiganda
1250 3308 1475 3385 virtute,
1513 3321 1588 3374 uti
1617 3322 1816 3376 dictum
1842 3332 1949 3388 est,

369 3406 570 3460 soci-ri
597 3409 912 3475 concordia,
955 3426 1267 3479 quanquam
1327 3411 1426 3466 sibi
1467 3413 1642 3481 ipsum
1676 3414 1952 3468 dissenta-

371 3514 532 3551 ιιι·ιιιιι
575 3515 638 3552 ac
666 3500 878 3556 discors
905 3503 1011 3572 est)
1043 3519 1058 3567 ;
1111 3503 1197 3558 his
1240 3503 1426 3574 itaque
1450 3506 1771 3570 inimicitiae,
1805 3507 1950 3571 lites,

368 3591 773 3656 aemulationes,
831 3595 945 3659 irae,
995 3610 1058 3650 ac
1098 3611 1220 3665 qua:
1259 3594 1517 3666 deinceps
1546 3614 1776 3667 magnus
1810 3599 1956 3654 Pau-

370 3673 456 3736 lus
481 3683 527 3714 ³⁸
582 3685 791 3750 pridem
845 3688 1158 3755 percensuit
1201 3691 1387 3745 carnis
1435 3705 1642 3760 Opera;
1697 3707 1760 3746 ac
1808 3693 1951 3762 quod

369 3790 437 3826 eo
462 3774 616 3826 nium
651 3789 966 3844 supremum
1003 3779 1274 3834 malorum
1305 3790 1408 3848 est,
1441 3782 1616 3837 caules
1643 3783 1760 3854 ipsa
1794 3799 1957 3839 accu-

371 3867 597 3920 rabatur
619 3867 753 3922 nihil
789 3867 1150 3927 defunctorie.

438 3962 620 4030 Atque
670 3960 746 4026 hi,
792 3960 1028 4030 primum
1073 3965 1292 4034 quidem
1346 3967 1608 4023 maleﬁcae
1654 3970 1955 4026 dialecticae

372 4056 721 4112 sermonibus
763 4066 1056 4126 tentantes,
1122 4062 1418 4133 litigantes,
1459 4066 1706 4121 veritatis
1757 4068 1954 4120 tttrrim

371 4147 608 4216 dejicere
631 4150 951 4219 molientes;
999 4155 1253 4226 velutque
1303 4159 1579 4226 praesidio,
1622 4175 1729 4229 qua
1785 4161 1956 4229 polle-

373 4240 464 4295 hat
485 4241 755 4311 sapientia
791 4245 1053 4310 submoti,
1089 4262 1518 4319 sermonumque
1543 4267 1607 4306 ac
1641 4251 1857 4306 dicendi
1895 4253 1957 4306 ﬁ-

372 4330 570 4398 ducia;
608 4347 673 4388 ac
701 4343 960 4403 tanquam
991 4336 1127 4391 duro
1160 4351 1294 4392 saxo
1353 4338 1550 4408 ﬁrmoq
1574 4354 1660 4403 ue,
1699 4339 1799 4392 viri
1838 4355 1957 4393 ma-

374 4423 460 4493 gni
501 4424 644 4482 fidei.
685 4427 899 4494 procaci
956 4427 1228 4497 irruentes
1262 4430 1527 4492 audacia,
1559 4445 1735 4501 exque
1781 4430 1958 4486 imbe-

375 4516 602 4570 cillitate
631 4517 831 4581 abacti,
859 4533 922 4573 ac
962 4518 1297 4588 impudentia
1350 4522 1570 4590 quidem
1612 4523 1954 4589 adorientes,

2060 3319 2380 3390 discipulus,
2410 3335 2473 3375 ac
2494 3321 2644 3390 pacis
2677 3320 3000 3376 mitissimus
3058 3321 3281 3384 arbiter,
3315 3318 3557 3374 seditiosi
3582 3334 3648 3371 ac

2062 3416 2304 3489 protervi
2341 3414 2548 3469 crimen
2584 3415 2930 3481 sustinebat;
2969 3431 3031 3471 ac
3055 3415 3148 3487 qui
3190 3415 3458 3476 docendo,
3489 3413 3649 3482 juvta

2063 3509 2308 3562 divinum
2361 3509 2678 3578 Apostolum
2713 3509 2782 3575 ⁸⁸,
2817 3509 3026 3564 fidelem
3085 3523 3395 3563 sermonem
3441 3505 3650 3574 ample-

2065 3609 2325 3665 cteretur,
2365 3610 2626 3671 tanquam
2659 3601 2752 3671 qui
2797 3601 2975 3656 aliena
3004 3615 3034 3654 a
3089 3601 3212 3664 fide,
3263 3615 3328 3654 ac
3377 3597 3652 3652 lueretiris

2065 3695 2284 3763 propria
2310 3693 2553 3756 doceret.
2586 3693 2655 3748 ab
2681 3693 2864 3764 impiis
2894 3693 3166 3748 calumnia
3203 3693 3647 3747 insimulabatur.

2067 3783 2855 3853 Stabatautemvirstrenuns,
2904 3783 3339 3842 velutsodalium
3410 3784 3650 3854 cuipiam

2067 3893 2130 3931 ac
2167 3889 2452 3943 notorum;
2487 3893 2595 3931 non
2629 3877 2784 3948 quasi
2833 3887 2988 3932 tanto
3051 3876 3411 3947 magistratui,
3455 3875 3655 3946 judici-

2067 3986 2172 4040 que
2194 3970 2496 4026 assisteret.

2139 4062 2386 4129 Quonam
2410 4063 2573 4118 modo
2605 4065 2738 4119 scite
2793 4073 3046 4134 apteque,
3075 4065 3157 4117 vol
3181 4062 3419 4132 prarfecti
3457 4073 3650 4132 δυρινγ-

2068 4156 2236 4222 biant,
2303 4156 2614 4226 fastumque
2680 4149 2873 4221 animi,
2907 4171 2972 4210 ac
3025 4171 3340 4210 sermonum
3389 4170 3651 4221 arrogan-

2069 4247 2197 4298 tiam
2226 4263 2242 4313 ;
2274 4252 2368 4299 aut
2393 4245 2492 4299 viri
2513 4245 2853 4315 prudentiam
2899 4260 2962 4300 ac
2993 4245 3268 4300 lenitatem
3296 4262 3308 4298 :
3337 4254 3653 4312 certamque

2070 4336 2135 4390 ad
2165 4351 2289 4390 eum
2359 4353 2421 4391 ac
2447 4335 2774 4406 exquisitam
2805 4335 3240 4392 satisfactionem
3276 4335 3456 4391 verbis
3482 4353 3655 4406 expc---

2071 4430 2213 4484 diam
2243 4431 2266 4482 ?

2141 4518 2323 4575 ΡΒΑΕΡ.
2366 4519 2508 4587 Quid
2562 4520 2665 4575 sibi
2711 4519 2850 4590 vult,
2878 4519 3014 4575 heus
3053 4530 3130 4586 tu,
3166 4521 3312 4590 quod
3376 4520 3458 4576 sic
3513 4535 3656 4590 prae-

380 4625 488 4675 pra:
518 4609 718 4663 virium
748 4621 926 4664 autem
964 4613 1208 4667 exilitate
1239 4615 1368 4669 victi
1424 4614 1787 4682 recedentes;
1827 4619 1962 4686 quin
2003 4612 2044 4665 ι)
2078 4613 2420 4683 magniﬁcam
2481 4613 3042 4684 angustissimamqne
3068 4614 3341 4670 civitatem
3374 4613 3653 4670 seditiosis

379 4703 558 4770 potius
617 4703 867 4765 contriti,
905 4718 968 4758 ac
999 4705 1140 4758 velut
1190 4706 1363 4773 pulvis
1409 4719 1570 4763 vento
1625 4709 1959 4776 acturbine,

380 4794 470 4847 alti
501 4794 626 4863 ejus
648 4797 917 4852 sermonis
963 4797 1180 4867 spiritu,
1231 4801 1419 4855 aestiva
1450 4817 1574 4856 area
1603 4803 1824 4857 excussi
1900 4819 1966 4858 ac

379 4887 665 4954 ventilati;
695 4904 817 4942 cum
846 4889 1306 4946 absurdissimum
1337 4893 1616 4948 videretur
1652 4909 1822 4949 novos
1849 4893 1963 4964 jam

380 4993 500 5033 cum
517 4994 586 5034 eo
617 4995 930 5034 sermonum
960 4981 1096 5036 inire
1119 4999 1467 5054 congressus,
1495 4986 1590 5056 qui
1611 4985 1759 5040 omni
1787 4989 1964 5055 palam

382 5069 658 5123 sermonis
711 5084 774 5124 ac
813 5070 1076 5125 doctrinae
1110 5073 1159 5127 vi
1181 5085 1485 5143 superaret,
1518 5075 1790 5145 lapidibus
1809 5076 1966 5131 dein-

385 5173 508 5228 ceps
541 5159 823 5213 tentabant
856 5161 1108 5218 obruere.

450 5252 531 5306 Ac
587 5252 735 5306 sicut
790 5251 1063 5308 homicida
1096 5253 1408 5310 Judzeorum
1467 5256 1644 5326 plebs,
1681 5257 1963 5327 Stephano

387 5345 450 5397 ad
484 5359 584 5398 eos
621 5359 793 5397 unum
819 5346 1042 5400 verbum
1095 5348 1383 5416 prolocuto
1410 5348 1494 5413 ⁸⁶;
1547 5357 1763 5418 apertos
1801 5343 1966 5402 ni'mi-

386 5449 506 5488 rum
541 5435 648 5504 ipsi
688 5435 882 5499 ccelos,
917 5451 981 5491 ac
1014 5437 1212 5493 Filium
1251 5441 1492 5497 hominis
1523 5442 1588 5494 ad
1629 5438 1808 5495 Patris
1833 5441 1967 5494 dex-

390 5533 557 5579 teram
589 5540 651 5581 se
682 5526 886 5592 videre,
919 5545 1042 5584 cum
1070 5531 1334 5601 aequalem
1361 5548 1487 5586 eum
1518 5532 1776 5586 Genitore
1801 5532 1973 5585 bono-

390 5633 500 5674 rem
556 5623 728 5690 prolis
773 5622 915 5679 ferre
960 5641 1068 5681 non
1093 5638 1350 5697 possent;
1387 5629 1731 5683 continentes
1784 5643 1969 5692 aures,

393 5726 626 5784 moxque
645 5726 956 5786 surgentes,
988 5719 1367 5790 lapidaveruut
1421 5723 1709 5792 theologia:
1751 5738 1968 5777 sacrum

465 5889 511 5922 “
547 5891 584 5944 Il
614 5891 743 5946 Cor.
776 5913 828 5958 v,
869 5895 951 5949 15.
1033 5897 1074 5924 ’³⁸
1103 5897 1272 5950 Calat.
1305 5917 1352 5964 v,
1385 5901 1473 5952 ΕΞΟ.
1555 5901 1595 5927 ⁵³⁸
1629 5900 1744 5955 Act.
1775 5918 1869 5966 Vll,
1902 5900 1989 5956 in“).

2073 4706 2448 4762 molitionibus
2470 4707 2676 4766 turbas,
2717 4722 2844 4760 cum
2875 4706 3174 4776 pnesertim
3203 4715 3503 4762 extraneus
3568 4715 3654 4762 at-

2074 4814 2181 4867 que
2209 4798 2408 4868 hospes
2434 4799 2672 4853 exsistas
2697 4799 2724 4851 ?

2143 4890 2311 4946 Gaza.
2343 4890 2442 4946 Cui
2478 4889 2566 4944 ille
2603 4909 2620 4945 :
2658 4890 2918 4956 anenam
2948 4888 3168 4958 injuria,
3219 4903 3410 4958 quaeve
3459 4889 3657 4942 adver-

2074 5001 2192 5040 snm
2228 5000 2348 5051 nos,
2387 4983 2584 5052 inquit,
2624 4981 3036 5036 accusatoribus
3059 4980 3366 5048 divulgata,
3404 4993 3658 5032 rumore-

2075 5089 2181 5145 que
2215 5088 2406 5142 sparsa
2438 5071 2696 5126 seditiosa
2737 5068 2946 5122 molitio
3018 5081 3084 5121 ac
3120 5063 3415 5134 petulantia
3445 5063 3467 5115 ?
3505 5060 3654 5116 Nihil

2075 5168 2218 5222 enim
2254 5165 2386 5220 mihi
2416 5162 2688 5234 ejusmodi
2711 5176 2891 5216 rerum
2923 5160 3179 5215 conscius
3215 5172 3366 5213 sum.

2146 5259 2322 5313 Pium.
2355 5256 2535 5324 Quod,
2564 5253 3038 5324 inquit,inanibus
3073 5249 3253 5305 verbis
3326 5256 3491 5319 atque
3529 5262 3655 5317 pro-

2077 5352 2238 5418 fanis,
2265 5349 2680 5420 incompositam
2707 5348 2916 5418 plebem
2943 5345 3010 5400 ad
3042 5361 3129 5400 res
3155 5360 3325 5400 novas
3349 5340 3612 5398 sollicitas
3640 5359 3655 5395 :

2074 5445 2387 5513 viderisque
2436 5441 2572 5496 mihi
2627 5440 2818 5495 turbas
2857 5439 3025 5502 ciere,
3084 5438 3178 5507 qui
3273 5433 3654 5506 imperitorum

2075 5553 2137 5590 ac
2161 5535 2532 5606 insipientium
2564 5532 2660 5588 tibi
2707 5531 2923 5586 animos
2961 5529 3206 5591 addicas,
3267 5539 3429 5596 atque
3459 5525 3523 5578 ad
3561 5538 3651 5575 se-

2077 5630 2334 5684 ditionem
2355 5629 2501 5698 (qua:
2529 5626 2618 5682 his
2633 5625 2795 5680 facile
2818 5621 3205 5702 succendatur)
3227 5629 3398 5676 oestro
3415 5617 3659 5690 quodam

2077 5722 2342 5792 impellas.

2096 5903 2136 5930 “7
2169 5900 2324 5956 Joan.
2362 5916 2417 5965 κ,
2449 5901 2534 5956 ΖΟ.
2653 5902 2694 5934 εκ
2724 5898 2833 5954 Tit.
2876 5915 2910 5964 ι,
2943 5898 2998 5952 9.
