4092 6596
466 406 573 473 467

1630 410 1922 472 NICETIS
1962 411 2406 471 PAPIILAGON
2419 411 2485 470 iS

3601 410 3707 471 468

534 519 705 573 (ἶπες.
742 515 1054 581 Enimvero,
1074 518 1147 571 ait
1173 533 1386 581 rursus,
1419 517 1691 574 seditiosae
1712 521 2031 583 molitionis,
2062 519 2113 577 A
2139 539 2307 578 unum
2360 536 2578 591 corpus.
2618 533 2867 590 unusque
2902 518 3127 589 spiritus
3173 517 3471 573 Christiani
3515 536 3709 574 nun-es

466 611 743 681 turbaeque
772 609 1048 679 popularis
1080 619 1286 663 tantum
1325 610 1481 665 abest
1538 620 1593 665 ut
1628 611 1721 665 ulli
1764 613 1878 680 ipse
1924 612 2025 665 sim

469 713 682 764 auctor,
710 712 970 770 quantum
1013 700 1105 771 qui
1129 702 1257 754 olim
1293 703 1513 767 mortui,
1545 719 1572 756 a
1600 713 1777 758 vestra
1814 705 2033 761 civitate

464 808 529 847 ac
560 793 836 862 republica
865 794 1108 847 extranei
1148 802 1337 862 agunt.
1374 793 1515 848 Olim
1547 796 1689 849 eniut
1719 796 1918 866 (neque
1945 814 2030 850 me

459 886 745 954 quisquam
764 886 1086 955 arrogantiae
1135 886 1415 954 fastusque
1434 886 1729 958 insimulet)
1757 890 1903 943 omni
1930 906 2032 945 εξε-

459 974 590 1040 culi,
632 974 894 1044 fluxmque
923 975 1108 1042 glorize
1132 976 1380 1029 claritate
1398 988 1578 1045 spreta
1611 993 1673 1031 ac
1697 978 1879 1031 carnis
1907 980 2030 1032 uni.

461 1065 637 1121 versis
660 1066 1045 1134 cupiditatibus
1062 1070 1334 1131 excussis,
1360 1069 1573 1139 solique
1589 1070 1806 1124 Christo
1830 1070 2032 1124 fmdere

463 1156 776 1225 adjunctus,
807 1172 871 1211 ac
913 1158 1005 1226 qui
1035 1159 1156 1227 ejus
1194 1159 1309 1229 lege
1334 1160 1571 1229 Spiritus
1602 1162 1685 1231 agi
1720 1162 2029 1226 maluerim,

461 1247 529 1299 ab
566 1248 1007 1303 omnidiscordia
1057 1265 1120 1304 ac
1148 1250 1264 1304 rixa
1296 1251 1561 1305 mundum
1606 1254 1870 1321 meipsum
1918 1268 2031 1308 scr-

461 1354 589 1394 vare
627 1342 940 1404 contendo;
992 1359 1094 1398 nec
1149 1345 1321 1397 solam
1371 1345 1789 1413 pulcherrimam
1841 1362 2029 1415 pacem

460 1430 607 1484 solus
646 1446 746 1499 ego
798 1433 1097 1502 amplector
1129 1476 1143 1500 ,
1201 1436 1295 1490 sed
1354 1444 1407 1489 et
1457 1446 1689 1491 cunctos
1748 1438 1873 1492 totis
1901 1438 2031 1490 viri-

461 1521 562 1577 bus
630 1537 750 1575 eam
810 1525 1092 1593 amplecti,
1168 1542 1291 1581 cum
1356 1527 1522 1581 Paulo
1572 1529 1617 1560 θ’
1697 1529 1884 1584 hortor
1948 1538 2032 1584 at-

460 1628 567 1677 que
618 1615 849 1669 suadeo.
907 1614 1045 1672 Fore
1091 1619 1235 1672 enim
1279 1628 1338 1673 ut
1396 1620 1513 1675 sine
1546 1620 1633 1675 illa
1665 1636 1824 1676 nemo
1850 1621 2032 1676 videat

465 1704 655 1759 Deum.

536 1794 716 1851 Pnszr.
752 1797 890 1863 Quid
922 1812 1071 1865 vero,
1104 1800 1301 1869 inquit,
1337 1803 1479 1871 quod
1521 1812 1574 1856 et
1612 1804 1807 1866 aliena,
1839 1818 1902 1858 ac
1929 1818 2029 1873 pro

465 1887 731 1942 luereticis
754 1888 1002 1957 partibus
1029 1863 1231 1945 doces?
1268 1863 1459 1946 Nonne
1475 1891 1629 1947 vobis
1653 1863 1849 1945 sufficit
1870 1863 2024 1956 fides,
2062 1863 2105 1921 Β

458 1980 544 2033 cui
569 1990 621 2034 et
655 1996 882 2051 magnus
907 1982 1203 2053 imperator
1229 1984 1555 2052 astipulatur
1586 2002 1598 2035 :
1631 1985 1917 2053 omnisque
1947 1984 2029 2038 di-

460 2070 534 2125 tio
581 2087 645 2126 ac
676 2073 869 2129 civitas
921 2075 1257 2129 asseutitur?
1296 2074 1529 2130 Solusne
1564 2076 1684 2130 fidei
1734 2076 2026 2129 novitatem

458 2163 709 2219 illaturus
751 2181 829 2229 es,
876 2168 1169 2240 orbemque
1220 2170 1373 2224 solus
1404 2169 1457 2222 in
1502 2170 1824 2225 sententiam
1881 2178 2027 2223 tuam

458 2257 740 2325 pertrahes
764 2259 788 2311 ?

526 2350 701 2406 Casu.
728 2349 871 2405 Nihil
895 2352 1145 2423 equidem
1184 2368 1407 2417 novum,
1450 2355 1649 2423 inquit,
1682 2364 1777 2408 aut
1803 2355 1870 2408 ab
1900 2369 2030 2422 apo-

460 2442 650 2496 stolica
689 2443 791 2497 fide
817 2444 1077 2510 alienum,
1110 2446 1192 2499 vel
1240 2447 1353 2517 ipse
1388 2447 1619 2517 cogitavi
1653 2463 1916 2517 unquam,
1946 2447 2029 2501 vel

458 2533 596 2588 alios
623 2534 818 2599 docui;
848 2535 941 2589 sed
977 2551 1338 2606 quaecunque,
1358 2538 1513 2607 juxta
1539 2554 1749 2593 sacram
1785 2536 2031 2606 Scriptu-

462 2640 598 2687 ram,
633 2625 954 2688 audivimus,
983 2636 1030 2681 et
1071 2630 1408 2697 cognovimus
1452 2646 1534 2693 ea,
1568 2640 1618 2683 et
1648 2641 1823 2698 patres
1856 2630 2029 2683 nostri

459 2727 807 2769 uarraveruut
833 2717 984 2771 nobis
1018 2719 1086 2781 νο,
1112 2719 1226 2774 haec
1251 2722 1539 2785 sentimus,
1563 2721 1676 2775 lucc
1707 2721 1981 2789 loquimur
2014 2741 2027 2776 :

461 2810 512 2859 in
557 2807 639 2862 bis
666 2824 1069 2877 permanemus,
1100 2827 1221 2880 quae
1249 2812 1598 2876 credidimus,
1629 2828 1694 2867 ac
1732 2813 1889 2867 nobis
1912 2830 2031 2867 cre-

458 2898 566 2951 dita
589 2907 738 2966 sunt,
764 2900 998 2957 scientes
1025 2918 1180 2971 aquo
1205 2903 1554 2959 didicerimus
1579 2905 1648 2960 ⁹¹.
1680 2903 1799 2959 Νοιι
1843 2905 2033 2959 Imma-

463 2989 547 3043 nis
628 2991 1016 3059 cogitationum
1080 2994 1385 3050 rationibus
1435 2996 1753 3052 inconcessa
1788 3039 1802 3062 ,
1860 2998 2035 3067 iisque

461 3081 738 3136 inaccessa
766 3084 1021 3138 metimur
1058 3104 1071 3139 :
1122 3102 1296 3155 neque
1333 3095 1583 3142 naturain
1640 3089 1785 3143 nulla
1842 3090 2033 3142 verbo-

2134 633 2419 686 agercmus
2448 618 2522 682 ⁹³;
2556 615 2777 683 jamque
2803 613 2939 667 adeo
2963 628 3068 666 non
3095 626 3159 665 ex
3190 612 3298 665 alio
3324 612 3436 674 alii,
3468 612 3703 681 alioque,

2133 708 2225 762 sed
2282 725 2344 761 ex
2400 708 2618 761 Christo
2662 721 2853 760 omnes
2903 714 3017 759 tum
3068 720 3533 774 nuncuparemur,
3588 713 3702 758 tum

2133 815 2401 862 essemus,
2433 799 2525 868 qui
2569 799 2633 851 ad
2662 814 2823 852 unam
2887 798 3240 868 eamdemque
3270 814 3421 868 spem
3462 798 3708 853 vocatio-

2134 894 2221 947 nis
2253 893 2454 961 paritcr
2483 906 2831 946 curreremus
2861 892 2928 945 θδ.

2206 984 2343 1051 Quia
2399 999 2527 1036 vero
2585 983 2872 1047 nonnulli,
2931 982 3097 1036 animi
3158 983 3338 1052 potius
3396 982 3705 1052 pravitate,

2132 1092 2297 1145 quam
2329 1074 2563 1139 inscitia,
2600 1076 2646 1130 si
2682 1084 2845 1129 certa:
2874 1075 3109 1137 veritati,
3150 1075 3423 1143 clarisque
3458 1075 3708 1128 testimoo

2134 1170 2260 1232 uiis,
2311 1183 2376 1222 ac
2428 1167 2849 1221 auctoritatibus
2898 1166 3222 1221 obnituntur
3253 1183 3267 1218 :
3302 1174 3428 1235 puta
3468 1165 3557 1227 iis,
3584 1180 3709 1234 quae

2137 1261 2201 1314 ad
2228 1260 2427 1314 Filium
2461 1267 2732 1328 spectant,
2774 1258 2921 1327 quod
2954 1257 3045 1311 Dei
3080 1273 3261 1312 sermo
3308 1272 3431 1312 cum
3463 1264 3606 1310 esset
3649 1256 3705 1308 in

2132 1350 2423 1422 principio,
2445 1359 2560 1403 erat
2585 1351 2725 1419 apud
2754 1348 2972 1404 Patrem
2993 1351 3065 1413 ",
3099 1356 3153 1403 et
3182 1350 3320 1403 Deus
3344 1356 3461 1401 erat
3486 1363 3500 1409 ;
3533 1346 3708 1415 quod-

2132 1460 2239 1514 que
2298 1442 2659 1510 Unigcnitus,
2699 1452 2752 1497 et
2777 1442 2924 1511 quod
2982 1442 3034 1495 in
3073 1441 3191 1495 sinu
3223 1440 3416 1495 Patris.
3449 1438 3584 1509 Ego,
3622 1439 3711 1491 in—

2133 1537 2270 1606 quit,
2306 1538 2359 1589 iu
2394 1536 2577 1603 Patre,
2605 1547 2653 1590 et
2703 1534 2866 1587 Pater
2908 1535 2962 1587 in
3011 1550 3091 1587 me
3137 1542 3213 1587 est
3244 1533 3315 1584 ’°.
3372 1530 3476 1596 Et,
3507 1534 3618 1599 Ego
3657 1539 3709 1583 et

2134 1626 2298 1682 Pater
2346 1645 2509 1681 unum
2536 1644 2717 1683 sumus
2734 1628 2802 1680 ’⁷.
2828 1625 2983 1693 Quod
3010 1626 3136 1680 item
3168 1624 3422 1694 splendor
3437 1623 3623 1694 glorize
3638 1622 3708 1685 ⁸⁸,

2134 1736 2197 1774 ac
2245 1720 2415 1787 ﬁgura
2454 1726 2694 1786 paternae
2723 1716 3061 1775 substantiae,
3112 1715 3163 1767 id
3199 1723 3304 1776 est,
3335 1716 3516 1784 imago
3554 1713 3712 1767 iuva-

2134 1810 2374 1873 riahilis,
2435 1809 2620 1864 divino
2687 1808 2857 1862 Paulo
2921 1808 3247 1877 praedicatus
3310 1815 3438 1871 est;
3494 1818 3707 1858 necnon

2134 1903 2276 1967 aliis,
2317 1902 2519 1971 quibus
2547 1902 2735 1956 eadem
2779 1901 2995 1956 deitatis
3020 1910 3213 1953 natura
3253 1900 3535 1952 astruitur.
3578 1894 3711 1961 Quae

2134 2012 2262 2051 vero
2311 2004 2557 2065 spectant
2613 1995 2679 2049 ad
2741 1993 3026 2064 Spiritum,
3071 1992 3215 2061 quod
3275 1990 3538 2045 Dominus
3591 1996 3707 2051 est,

2134 2090 2279 2159 quod
2324 2090 2508 2152 mittit,
2562 2087 2708 2158 quod
2752 2087 2853 2141 sibi
2896 2086 3155 2155 templum
3187 2083 3346 2138 efficit
3398 2084 3465 2144 ",
3497 2096 3561 2135 ac
3591 2080 3709 2133 dei-

2134 2182 2293 2247 ﬁcat;
2332 2180 2479 2251 quod
2514 2180 2728 2255 operari
2780 2194 2904 2233 eum
2939 2177 3102 2233 sicuti
3132 2176 3247 2229 vult
3287 2177 3325 2239 ¹,
3352 2190 3414 2229 ac
3449 2174 3592 2229 dona
3627 2161 3713 2225 di-

2132 2276 2316 2328 videre
2361 2282 2590 2329 testaute
2617 2272 2902 2343 Scriptura
2955 2274 2974 2302 ²
3012 2269 3285 2339 proditum
3334 2274 3453 2333 est;
3487 2264 3711 2334 quibus,

2132 2368 2364 2436 aliisque
2416 2366 2687 2435 plurimis,
2728 2365 2848 2434 ejus
2879 2376 3097 2432 quoque
3153 2375 3278 2416 cum
3342 2360 3499 2413 Patre
3534 2357 3711 2421 socia,

2133 2476 2351 2529 unaque
2377 2458 2679 2513 dominatio
2708 2456 3038 2512 Ostenditur.

2203 2550 2341 2618 Quia
2376 2549 2539 2621 igitur
2571 2549 2718 2603 nulla
2765 2557 3037 2603 tantorum
3086 2544 3320 2614 Spiritus
3349 2541 3713 2598 testimonio-

2133 2659 2251 2697 rum
2302 2642 2601 2696 reverentia
2652 2640 2824 2705 ducti,
2876 2655 2986 2694 non
3021 2635 3586 2692 horreutcreatricem
3645 2645 3712 2686 ac

2134 2734 2460 2789 effectricem
2516 2734 2761 2787 omnium
2826 2745 3051 2786 causam
3110 2728 3308 2783 creatis
3374 2739 3711 2790 accensere;

2135 2830 2380 2896 fiuntque
2416 2835 2666 2880 creatura
2723 2839 2990 2893 nequam,
3051 2824 3142 2893 qui
3191 2820 3337 2873 omni
3383 2818 3589 2887 pudore
3622 2830 3709 2869 se-

2137 2928 2302 2979 moto,
2346 2926 2595 2971 naturam
2637 2916 2784 2970 omni
2813 2914 3146 2984 superiorem
3175 2913 3479 2972 dominatu,
3507 2910 3562 2963 in
3592 2922 3711 2962 ser-

2135 3011 2359 3065 vitutem
2391 3010 2702 3079 arrogantia
2774 3024 2839 3065 ac
2867 3006 3122 3077 superbia
3165 3006 3471 3068 detrahant,
3510 3016 3611 3056 nec
3642 3015 3708 3054 ex

2135 3100 2333 3167 seipsis
2370 3100 2635 3151 hactenus
2667 3097 2967 3168 intelligere
3006 3095 3309 3157 voluerint,
3359 3108 3483 3147 cum
3543 3090 3714 3144 animi

461 3186 577 3225 “1m
607 3173 655 3227 Vi
688 3175 1089 3244 θκρηοίὼίιθιην
1118 3191 1182 3230 ac
1216 3191 1377 3245 (ιυειηι
1412 3191 1570 3229 nemo
1601 3177 1885 3245 ίιηθηίεθῐν
1909 3178 2031 3231 (“3-
2062 3218 2104 3276 c
2138 3190 2368 3241 interior
2391 3188 2554 3251 ratio,
2599 3196 2763 3256 atque
2790 3187 2941 3241 notio
2971 3201 3036 3241 ex
3071 3192 3251 3239 mente
3290 3182 3439 3236 nulla
3461 3180 3717 3251 passione

459 3264 667 3320 lecticis
701 3268 969 3322 methodis
998 3270 1356 3336 pensitamus.
1414 3266 1600 3338 Neque
1638 3269 1782 3323 enim
1817 3279 1874 3323 ut
1911 3271 2034 3338 qui-

461 3358 688 3412 busdam
748 3361 916 3413 tnoris
956 3367 1060 3422 est,
1119 3369 1315 3430 prmter
1366 3376 1428 3414 ea
1474 3377 1595 3430 quae
1654 3363 1826 3417 sacris
1878 3363 2034 3416 nobis

459 3449 694 3503 oraculis
720 3450 966 3518 exposita
995 3461 1143 3515 sunt,
1166 3453 1545 3506 contumacius
1570 3452 1863 3521 quidquam
1899 3469 2033 3521 prae-

462 3539 755 3592 sumimus.
781 3539 972 3594 Omnis
1001 3540 1167 3609 igitur
1187 3542 1277 3609 qui
1311 3559 1375 3595 ex
1410 3542 1517 3595 Deo
1548 3557 1650 3607 est,
1685 3552 2036 3611 nostramque

459 3628 611 3683 audit
640 3644 848 3691 vocem,
876 3644 938 3683 ac
973 3646 1137 3699 quam
1180 3631 1456 3700 loquimur
1510 3633 1791 3687 veritatem
1870 3649 2035 3703 agno-

461 3735 621 3775 scens
662 3739 673 3774 :
716 3735 821 3775 non
846 3721 1002 3775 nobis
1020 3721 1355 3790 simpliciter,
1389 3724 1483 3777 sed
1517 3724 1615 3792 ipsi
1645 3726 1823 3794 plane,
1851 3734 2032 3780 nostra

461 3827 644 3881 opera,
677 3812 892 3867 veritati
924 3814 1153 3879 accedit,
1181 3816 1340 3884 eique
1360 3816 1706 3871 conciliatur.

531 3905 710 3961 Pium.
757 3906 897 3972 Quid
944 3922 1108 3976 ergo,
1152 3908 1347 3977 inquit,
1390 3909 1637 3964 videmur
1682 3911 1774 3963 tibi
1816 3926 1919 3965 neu
1968 3928 2034 3965 ex

465 3995 573 4051 Deo
624 4013 687 4050 ac
726 3999 947 4052 veritate
985 4014 1083 4053 nos
1104 4014 1247 4066 esse,
1287 4001 1429 4071 quod
1463 4012 1645 4056 vestro
1678 4004 2039 4058 consubstan-

464 4087 579 4141 tiali
622 4104 729 4141 tton
771 4090 1063 4142 admodum
1120 4092 1454 4145 assentimur
1497 4108 1509 4143 :
1556 4108 1731 4161 neque
1773 4092 1917 4146 enim
1970 4110 2035 4147 ex

464 4180 761 4251 Scripturis
789 4181 1073 4247 habemus,
1110 4192 1167 4236 ut
1216 4184 1262 4235 ei
1296 4196 1446 4238 certo
1483 4200 1767 4237 assensum
1798 4186 2039 4254 praebea-

465 4288 607 4327 mus.
644 4270 785 4338 Quid
826 4289 953 4328 vero
993 4274 1086 4326 tibi
1114 4317 1128 4340 ,
1164 4274 1255 4343 qui
1298 4290 1396 4328 nec
1428 4275 1773 4344 imperatoris
1805 4278 2037 4332 decretis

465 4366 801 4431 cou'sentias,
829 4366 995 4436 inque
1038 4376 1247 4421 tantum
1293 4368 1567 4438 Opinionis
1611 4368 1813 4424 fastum
1850 4388 2038 4427 vecors

465 4458 705 4513 evaseris
730 4500 744 4522 ,
782 4474 882 4512 nec
923 4472 1047 4512 cum
1101 4470 1251 4513 tanto
1285 4461 1666 4528 episcoporum
1720 4474 1861 4516 ccetu
1912 4479 2039 4518 con-

2142 3298 2203 3335 ac
2234 3281 2493 3344 lltixione,
2532 3280 2678 3333 nulla
2711 3277 2973 3348 temporis
3006 3277 3146 3330 inter
3171 3274 3431 3344 capedine
3461 3285 3717 3334 nascens,

2141 3383 2303 3442 atque
2344 3388 2373 3425 a
2413 3374 2667 3442 gignente
2700 3368 3113 3438 inseparabilis,
3165 3380 3395 3436 quzeque
3429 3364 3558 3417 item
3597 3377 3717 3416 ser-

2143 3466 2321 3520 monis
2360 3464 2666 3532 prolatione
2696 3462 2762 3516 ad
2804 3476 3023 3516 sensum
3057 3461 3277 3522 transit,
3310 3458 3553 3527 ejusdem
3590 3469 3713 3509 cum

2144 3565 2321 3608 mente
2350 3555 2543 3607 horum
2581 3562 2804 3621 parente
2830 3562 3036 3604 naturae
3057 3550 3198 3615 sint;
3231 3564 3357 3601 vero
3390 3547 3554 3600 etiam
3594 3560 3718 3612 pro-

2143 3647 2266 3716 pius
2291 3656 2438 3700 certa
2469 3648 2703 3714 quadam
2748 3645 2958 3698 ratione
3013 3642 3105 3711 qui
3145 3656 3211 3695 ex
3257 3639 3415 3693 Patre
3445 3637 3717 3691 luminum

2143 3741 2289 3794 velut
2310 3750 2581 3795 coaeterna
2603 3737 2851 3807 quaedam
2872 3736 3114 3807 germina
3139 3735 3433 3795 exsistunt,
3465 3729 3716 3798 ejusdem

2145 3836 2339 3888 merito
2384 3843 2592 3887 natura:
2630 3847 2754 3885 cum
2795 3830 3039 3899 genitore
3066 3828 3263 3881 debere
3294 3821 3619 3879 existimari.

2211 3921 2268 3975 Id
2302 3937 2429 3974 vero
2468 3922 2519 3973 iu
2559 3934 2728 3973 causa
2762 3925 2867 3980 est,
2902 3926 2962 3971 ut
2991 3917 3090 3986 ipsi
3120 3915 3188 3969 ab
3210 3929 3399 3968 eorum
3432 3928 3531 3966 nos
3562 3924 3717 3964 com-

2144 4014 2423 4078 munione,
2464 4011 2612 4064 velut
2646 4009 2737 4078 qui
2773 4008 3000 4062 adversa
3027 4006 3243 4060 veritati
3276 4005 3528 4074 dogmata
3557 4002 3721 4055 indu-

2144 4114 2290 4167 cant,
2319 4118 2426 4155 non
2449 4100 2646 4169 injuria
2669 4097 3053 4153 abscindamus
3077 4115 3091 4163 ;
3116 4111 3218 4149 nec
3238 4095 3468 4149 decretis
3495 4091 3719 4161 acquie-

2144 4178 2389 4260 scamus,
2419 4210 2481 4249 ac
2509 4193 2873 4262 impietatibus
2904 4204 3189 4244 assensum
3242 4187 3606 4257 prmbeamus,
3642 4198 3709 4236 ne

2145 4290 2354 4347 scilicet
2395 4302 2577 4356 parem
2640 4285 2749 4339 illis
2805 4281 3154 4351 blasphemia:
3202 4278 3715 4335 condemnationem

2146 4382 2533 4439 sustineamus,
2589 4376 2851 4446 quidquid
2903 4374 3019 4428 orbi
3073 4387 3218 4426 nunc
3257 4372 3509 4425 universo
3540 4368 3717 4435 impe-

2147 4490 2267 4527 rare
2298 4472 2620 4532 videantur;
2664 4468 2764 4521 etsi
2800 4467 2961 4533 vulgo
2995 4464 3281 4518 vidcantur
3318 4460 3578 4531 episcopi,
3611 4457 3716 4513 etsi

467 4550 706 4603 cordiam
728 4548 911 4603 colas?
931 4548 1069 4602 Num
1089 4551 1247 4603 times
1270 4567 1336 4604 ne
1364 4551 1417 4604 in
1444 4562 1493 4605 te
1522 4553 1634 4620 ipse
1656 4568 1818 4623 grave
1838 4556 2039 4624 aliquid
2073 4578 2116 4632 ι)
2144 4563 2405 4616 sublimes
2449 4560 2604 4614 sedes
2666 4555 3106 4613 conscenderint.
3138 4553 3309 4607 Nobis
3354 4551 3648 4620 siquidem,
3680 4564 3714 4602 0

467 4654 531 4693 ex
567 4641 915 4694 contentione
947 4640 1253 4693 inconsulte
1300 4644 1591 4697 arcessas?

539 4729 708 4785 Gneo.
745 4729 977 4785 Decebat
1008 4732 1250 4801 quidem,
1282 4748 1314 4786 ο
1355 4734 1601 4802 praafecte
1629 4736 1754 4803 (qua
1788 4752 2041 4790 mansue-

471 4822 678 4885 tudine,
723 4823 1029 4892 blaudaque
1092 4825 1318 4879 lenitate
1374 4828 1657 4893 respondit
1705 4826 2036 4898 Theologus)

472 4913 735 4982 unigeniti
773 4914 957 4985 gloriae
994 4932 1095 4968 non
1131 4916 1463 4986 impingere;
1513 4936 1610 4973 nec
1667 4921 1929 4973 adversus
1959 4920 2043 4973 di-

466 5005 576 5059 vini
613 5005 851 5075 Spiritus
884 5005 1110 5061 honoris
1149 5009 1507 5077 aequalitatem
1530 5011 1724 5075 elatos,
1756 5011 1899 5065 illius
1925 5026 2042 5064 ma-

465 5098 720 5166 jestatctn
755 5114 1009 5167 spernere
1043 5118 1055 5153 :
1090 5116 1190 5154 nec
1223 5101 1456 5170 denique
1508 5110 1654 5156 tanta
1696 5103 2043 5157 testimonio-

469 5206 590 5244 rum
622 5191 865 5260 neglecta
899 5192 1076 5261 copia,
1102 5193 1305 5263 quibus
1330 5192 1477 5247 Patri
1510 5194 1715 5250 honore
1754 5210 2044 5264 coaequan-

469 5289 580 5341 tur,
613 5280 977 5336 deterioribus
1014 5283 1255 5337 animum
1294 5284 1640 5354 opinionibus
1672 5285 1911 5341 inlicere.
1952 5286 2043 5340 Sic

468 5371 615 5424 enim
660 5388 770 5426 una
804 5372 925 5427 fidei
979 5374 1347 5439 confessione,
1390 5377 1695 5447 mentisque
1726 5378 2041 5443 concordia,

473 5464 647 5519 tribus
672 5466 1198 5523 sanctificationibus
1225 5466 1372 5522 velut
1422 5468 1682 5535 sublimes
1732 5468 2041 5540 Seraphim,

477 5572 639 5610 unam
704 5557 1154 5623 dominationem,
1213 5576 1277 5614 ac
1338 5560 1598 5615 Deitatem
1659 5563 1941 5618 laudantes
1972 5564 2041 5625 θ’,

544 5694 591 5762 0f
622 5692 785 5749 Hebr.
822 5710 921 5759 xu,
966 5696 1051 5749 Μ.
1110 5695 1157 5729 ⁸ο
1188 5694 1332 5750 Psal.
1360 5714 1532 5762 Lxxu,
1564 5699 1617 5752 5.

1707 5701 1748 5731 ⁹¹
1788 5700 1829 5755 ΙΙ
1856 5699 1998 5755 Tim.
2046 5716 2128 5764 ιιι,
2162 5701 2245 5755 li.

2143 4652 2458 4723 spectando,
2511 4652 2872 4719 imperatores
2922 4662 3031 4700 non
3086 4660 3348 4714 purpura,
3385 4644 3481 4698 sed
3513 4643 3718 4695 virtute

2144 4744 2355 4798 nobiles
2406 4752 2569 4812 atque
2606 4740 2798 4811 inclyti
2848 4758 2861 4793 :
2896 4754 3002 4793 non
3032 4753 3194 4801 auro,
3226 4745 3475 4805 argento,
3506 4733 3715 4805 pretio-

2143 4834 2486 4903 sissimisque
2518 4834 2750 4902 capillis,
2785 4830 2865 4885 vel
2897 4844 3033 4883 auro
3085 4827 3385 4897 compactis
3422 4826 3712 4887 curribus,

2144 4942 2237 4982 seu
2271 4925 2482 4995 magnis
2530 4923 2862 4979 exercitibus
2913 4921 3129 4991 augusti
3201 4936 3265 4973 ac
3317 4918 3714 4979 formidabiles,

2148 5017 2242 5073 sed
2294 5017 2413 5071 fidei
2458 5015 2794 5078 sinceritate,
2832 5028 3069 5083 veraque
3112 5027 3176 5065 ac
3208 5011 3442 5081 genuina
3476 5025 3602 5077 erga
3639 5010 3721 5062 di-

2147 5109 2333 5161 vinum
2359 5105 2568 5161 Numen
2602 5105 2907 5159 affectione.
2944 5102 3237 5171 Episcopos
3260 5109 3439 5154 autem
3480 5116 3587 5153 non
3623 5114 3717 5151 eos

2149 5199 2375 5253 omnino
2432 5196 2713 5255 habemus,
2768 5193 2861 5263 qui
2912 5192 3343 5248 sacerdotalibus
3398 5190 3721 5259 praefulgent

2149 5290 2327 5351 stolis,
2359 5299 2519 5357 atque
2550 5285 2775 5351 infulis;
2822 5285 2915 5339 sed
2956 5284 3049 5353 qui
3098 5284 3245 5337 velut
3276 5282 3496 5352 podere,
3542 5280 3591 5333 id
3638 5289 3723 5332 est

2154 5381 2330 5446 talari,
2368 5380 2531 5433 etiam
2569 5380 2767 5431 virtute
2809 5376 2989 5430 amicti
3024 5385 3183 5441 sunt;
3217 5384 3531 5442 rectamque
3564 5372 3720 5425 fidem

2155 5473 2304 5526 velut
2329 5471 2588 5525 rationale
2615 5469 2803 5539 judicii
2835 5469 2876 5532 ³,
2903 5476 2956 5522 et
2981 5470 3287 5531 veritatem,
3318 5476 3372 5518 et
3402 5463 3722 5517 manifesta-

2154 5566 2354 5619 ti0nem
2385 5565 2435 5617 in
2471 5574 2709 5633 pectore,
2750 5562 3027 5631 animique
3056 5559 3357 5631 precordiis
3389 5565 3626 5627 gestant.

2338 5702 2382 5731 ⁹²
2419 5700 2520 5753 lsa.
2560 5716 2632 5758 Vl,
2792 5698 2835 5727 ⁸³
2879 5697 2895 5750 1
2928 5697 3057 5749 Cor.
3100 5709 3153 5757 ι,
3191 5693 3283 5756 17;
3318 5690 3337 5743 I
3373 5690 3497 5743 Cor.
3530 5702 3602 5747 Vl.

474 5764 521 5796 ”
560 5757 757 5829 Ephes.
783 5781 855 5827 tv,
888 5756 1003 5820 ιλιι.
1060 5767 1105 5797 ³⁸
1140 5766 1297 5820 Joan.
1342 5784 1377 5828 ι.
1417 5770 1438 5822 1
1473 5756 1530 5821 et
1563 5769 1639 5822 l8.
1713 5771 1759 5801 "
1789 5770 1947 5825 Joan.
1977 5788 2029 5825 xx

2139 5771 2207 5825 ll.
2268 5773 2286 5802 9
2316 5770 2475 5822 Joan.
2510 5786 2562 5835 ιι,
2605 5756 2691 5823 50.
2755 5770 2798 5800 ⁹“
2830 5765 2987 5821 llcbr.
3024 5783 3059 5831 I,
3088 5756 3146 5818 δέ
3204 5764 3248 5793 ⁸³⁵
3286 5762 3326 5815 ιι
3358 5761 3479 5816 Cor.
3514 5774 3597 5825 ιιι,
3634 5756 3720 5809 Η.

475 5835 493 5863 ⁸
529 5835 646 5887 Act.
686 5851 762 5899 ιιι,
796 5835 864 5901 ‘2;
924 5837 1096 5893 lL'or.
1128 5838 1291 5903 \l,i9.
1350 5843 1367 5870 ⁹
1397 5839 1413 5892 Ι
1441 5839 1567 5894 Cor.
1602 5856 1696 5905 xu,
1734 5842 1811 5896 il.

1905 5842 1925 5872 ³
1960 5842 2132 5897 Exod.

2205 5857 2392 5904 xxviii,
2452 5842 2500 5892 4.
