4092 6588
342 418 445 481 469

1042 404 1324 467 ORATIO
1362 403 1486 462 XX.
1524 424 1591 434 -υ
1632 397 1713 458 ΙΝ
1756 391 2063 456 LAUDEM
2103 390 2164 449 S.
2204 384 2575 448 GREGORII
2614 382 2884 443 THEOL.

3464 376 3583 441 470

415 532 507 585 Sic
538 538 715 584 autem
753 525 1048 588 animatus,
1085 537 1149 575 ac
1181 536 1303 573 eum
1330 519 1400 572 ita
1429 516 1494 570 de
1526 514 1610 569 his
1651 511 1903 573 sentiam,
1938 515 1980 567 Α
2012 503 2339 558 militudine.
2383 501 2449 555 At
2479 499 2776 569 Gregorius
2826 496 3048 567 (quippe
3070 495 3161 566 qui
3199 510 3303 550 non
3336 496 3575 550 nesciret

343 623 629 695 siquidetn'
664 618 969 690 ingruentia
1031 612 1315 669 Trinitatis
1360 626 1489 678 ergo
1533 605 1794 676 pericula,
1850 616 1912 656 ac

347 717 562 782 exsilia,
590 714 887 777 cruciatus,
915 718 1141 766 mortem
1178 708 1317 776 (vita:
1353 705 1560 760 scilicet
1590 697 1914 756 immortalis

343 803 684 879 argumenta)
736 799 1146 858 detrectaverim
1176 815 1191 862 ;
1227 806 1337 851 tum
1370 812 1498 850 vero
1540 794 1717 862 reipsa
1757 791 1918 843 innu-

346 898 512 951 meris
547 910 633 950 me
662 895 885 964 dignum
916 890 1183 946 mortibus
1245 902 1309 941 ac
1357 884 1611 955 periculis
1641 879 1918 936 existima-

342 988 541 1043 verim.

412 1081 582 1134 Aiunt
607 1075 940 1147 praefectum,
960 1073 1044 1128 bis
1065 1088 1129 1126 ex
1148 1087 1212 1127 eo
1230 1070 1449 1131 auditis,
1476 1067 1575 1121 viri
1600 1064 1919 1132 sapientiam

346 1173 485 1226 mira
504 1170 735 1241 quadam
761 1164 969 1223 ratione
996 1165 1179 1220 virtuti
1198 1169 1656 1230 contemperatam
1684 1157 1923 1212 adrnira-

350 1276 459 1318 tam
477 1280 630 1319 esse:
655 1264 841 1332 sicque
865 1261 998 1316 adeo
1024 1259 1233 1328 plebem
1261 1256 1457 1325 pietate
1484 1262 1833 1314 commotam,
1861 1266 1924 1305 ac

348 1357 530 1409 divina
566 1355 765 1408 victam
810 1351 1212 1421 praedicatione,
1245 1349 1593 1415 utingentem
1627 1345 1922 1399 clamorem

348 1448 629 1512 extulerit,
661 1461 723 1499 ac
756 1445 952 1498 nedum
983 1442 1269 1509 theologia:
1297 1439 1511 1492 nomine
1542 1439 1757 1490 beatum
1793 1450 1927 1505 pra:-

351 1538 645 1601 tlicaverit,
690 1551 876 1592 verum
907 1534 1070 1589 etiam
1111 1532 1219 1586 illic
1254 1531 1429 1599 primo
1464 1528 1797 1597 Theologunt
1827 1542 1925 1595 ap-

351 1631 649 1698 pellaverit.
686 1628 777 1683 Sic
814 1628 1070 1681 nimirum
1103 1639 1327 1695 prorsus
1368 1624 1638 1676 theatrum
1669 1631 1881 1688 ceperat
1912 1636 1927 1685 ;

351 1720 565 1789 sibique
601 1720 865 1789 judicium
903 1720 1202 1787 (auditores
1247 1716 1476 1783 scilicet)
1528 1714 1827 1769 addixerat.
1854 1712 1931 1764 Ae

2013 596 2132 665 ejus
2157 593 2537 665 cogitationes)
2580 589 2954 645 admirandam
2990 589 3250 643 adversus
3278 588 3457 642 omnia
3484 602 3579 656 pa-

2016 690 2259 744 tientiam
2295 700 2573 757 opponens
2631 699 2696 738 ac
2750 679 3398 749 longanimitatem,haud
3426 693 3586 733 secus

2018 794 2082 833 ac
2157 779 2491 845 intnrgentes
2536 788 2784 845 spumas,
2866 772 3198 827 decumanos
3258 768 3585 837 iniuriarum

2022 870 2222 925 ﬂuctus
2267 868 2423 923 elidit
2459 882 2471 918 :
2510 866 2603 921 sed
2635 865 2683 919 ei
2731 863 3177 919 administrorum
3212 861 3429 917 invidia}
3466 874 3588 913 om—

2020 979 2141 1018 nem
2176 961 2563 1032 malignitatem
2623 956 2952 1025 sinistraque
2999 952 3279 1007 molimina
3306 949 3587 1004 convellit.

2023 1054 2080 1109 In
2112 1055 2219 1109 ﬁne
2246 1061 2424 1107 autem
2453 1066 2539 1115 ea,
2588 1065 2709 1119 quae
2752 1047 2809 1101 in
2848 1061 3023 1101 censu
3052 1052 3229 1109 erant,
3266 1058 3374 1097 non
3402 1040 3588 1112 dupli-

2024 1147 2106 1201 cia
2138 1144 2345 1213 recipit,
2376 1143 2468 1197 sed
2500 1143 2683 1196 multis
2715 1139 2961 1209 partibus
2995 1135 3265 1198 auctiora,
3306 1133 3592 1191 velutsci-

2026 1238 2150 1292 licet
2180 1238 2354 1291 bonus
2384 1235 2473 1288 ille
2506 1248 2719 1295 servus,
2753 1238 2975 1300 accepta
2998 1234 3279 1298 ,potestate
3304 1240 3470 1295 super
3498 1224 3592 1278 de»

2027 1346 2142 1385 cem
2184 1328 2451 1387 civitates,
2516 1323 2762 1393 quinimo
2791 1323 2961 1376 instar
2993 1319 3165 1373 lidelis
3223 1332 3287 1371 ac
3311 1315 3592 1385 prudentis

2028 1414 2298 1472 (econonzi
2330 1416 2372 1478 ⁸,
2412 1413 2527 1482 ipse
2559 1426 2778 1480 quoque
2812 1409 2935 1479 (nec
2964 1423 3216 1476 magnum
3247 1404 3443 1474 dictu.)
3475 1420 3594 1457 om-

2028 1510 2190 1565 nibus
2222 1522 2341 1577 qum
2391 1514 2517 1560 sunt
2550 1502 2763 1557 Domini
2824 1501 2910 1556 sui
2975 1498 3316 1569 praepositus.
3378 1497 3597 1550 Minime

2031 1612 2211 1656 autem
2267 1598 2590 1669 praedicatur
2619 1595 2823 1665 justus,
2860 1591 2953 1647 sed
2984 1590 3214 1645 elIicitur
3244 1607 3258 1643 :
3289 1587 3605 1654 Tlteologus

2033 1705 2213 1749 autem
2280 1700 2392 1745 tum
2451 1687 2704 1749 edicitur,
2778 1694 2890 1739 tum
2964 1683 3249 1752 magniﬁce
3334 1680 3602 1748 przedicao

351 1808 673 1879 Gregorium
736 1808 954 1877 quidem
1017 1823 1141 1862 cum
1176 1805 1477 1860 reverentia
1510 1804 1729 1857 domum
1763 1802 1930 1855 retni-
1963 1848 2003 1901 Β
2038 1796 2145 1841 ιιπσ

354 1901 525 1961 sisse;
575 1910 919 1955 accusatores
971 1913 1098 1952 vero
1159 1898 1426 1965 tantisper
1472 1894 1831 1965 objurgasse’,
1873 1902 1932 1946 ut

355 1995 447 2059 qui
482 1992 547 2045 ad
579 2008 758 2046 causa:
786 2003 1119 2045 momentum
1152 1989 1428 2058 arguendo
1470 1987 1587 2040 viro
1624 1986 1759 2039 nihil
1787 1994 1934 2038 attu-

352 2082 554 2137 1erant.
586 2082 721 2136 Hinc
761 2083 924 2137 etiam
971 2081 1078 2144 ille,
1111 2080 1376 2134 utdivino
1411 2079 1681 2148 proditum
1713 2077 1932 2146 eloquio

356 2183 462 2239 est,
486 2175 746 2244 majorem
780 2174 800 2203 ⁵
833 2174 885 2227 in
923 2173 1117 2242 plateis
1148 2172 1339 2241 agebat
1384 2170 1680 2223 libertatem
1704 2211 1719 2234 ,
1761 2167 1929 2223 ﬁden-

359 2266 582 2335 tiusque
637 2268 812 2335 palam
858 2266 1201 2334 loquebatur.
1247 2261 1438 2316 Omnis
1489 2260 1633 2314 enim
1696 2261 1931 2324 animus,

360 2371 486 2409 cum
529 2358 828 2411 certamina
851 2356 1078 2410 necdum
1118 2355 1343 2419 adierit,
1393 2354 1713 2422 plerumque
1742 2350 1934 2405 formi-

360 2446 511 2510 dare,
538 2461 704 2514 seque
744 2460 937 2514 pugnae
991 2446 1327 2509 subducere;
1360 2444 1500 2497 lucta
1530 2453 1711 2496 autem
1740 2441 1933 2496 defun-

362 2543 502 2593 ctus.
537 2543 841 2604 auctusque
882 2534 1130 2607 victoria,
1182 2533 1391 2588 fortiter
1430 2548 1492 2585 ac
1533 2543 1754 2587 strenue
1792 2540 1939 2586 amat

362 2641 548 2698 agere.

434 2717 614 2775 Homo
664 2735 795 2775 sane
844 2719 992 2774 illius
1036 2718 1257 2773 Ausites
1285 2734 1348 2773 ac
1383 2719 1572 2773 beatus
1599 2719 1792 2778 Johns,
1830 2735 1938 2787 pra:

364 2808 586 2865 virtutis
648 2810 960 2878 praestantia
1021 2809 1324 2864 invidiosus
1383 2808 1601 2864 diabolo
1656 2809 1935 2873 redditus,

366 2900 557 2971 illique
588 2902 884 2970 postulanti
912 2900 1164 2965 traditus,
1195 2900 1383 2955 liberis
1404 2902 1650 2970 quidem,
1680 2901 1939 2970 omnique

366 2994 520 3064 prius
550 2994 855 3049 substantia
912 2994 1181 3059 nudatur;
1214 3002 1440 3062 tumque
1480 2994 1643 3047 etiam
1685 2992 1939 3061 pessimis

370 3099 605 3153 corpore
633 3085 908 3139 ulceribus
939 3085 1162 3139 caeditur
1187 3086 1244 3151 ³;
1270 3085 1334 3139 ad
1370 3084 1484 3138 haec
1504 3084 1769 3137 vermium
1793 3085 1939 3144 tabo,

368 3176 655 3246 acutisque
676 3184 891 3231 amotus
919 3175 1228 3241 doloribus;
1260 3190 1345 3235 ac,
1376 3190 1498 3229 cum
1528 3190 1696 3228 uxore
1720 3175 1939 3227 demeu-
1969 3168 2013 3227 C

372 3267 446 3321 tia
483 3267 763 3337 loquente,
800 3275 963 3336 atque.
1003 3266 1196 3321 amicis
1234 3266 1657 3336 imprudentius,
1697 3281 1795 3318 nec
1850 3280 1950 3333 pro

370 3358 453 3411 rei
491 3358 671 3411 indole
698 3358 1111 3413 consolantibus
1137 3373 1292 3420 usus,
1325 3372 1424 3412 nec
1456 3357 1741 3410 minimum
1774 3358 1945 3411 emol-

373 3449 504 3501 litus
530 3458 692 3513 esset,
729 3450 811 3503 vel
846 3450 1007 3503 ullam
1042 3464 1269 3519 prorsus
1299 3448 1409 3502 Deo
1445 3447 1728 3502 stultitiam
1774 3448 1952 3502 dedis-

373 3550 477 3607 set,
505 3540 789 3611 magniﬁce
808 3540 1064 3610 claroque
1088 3539 1360 3607 praeconio
1389 3538 1441 3591 in
1468 3538 1573 3592 ﬁne
1594 3538 1951 3593 certaminum

377 3634 686 3687 celebratus
711 3640 795 3687 est
820 3648 835 3699 ;
864 3647 946 3695 ac,
971 3631 1111 3700 quod
1139 3631 1387 3684 omnium
1414 3630 1951 3699 prmstantisshnum,

377 3724 523 3780 illius
563 3739 695 3779 voce
725 3723 1050 3792 praedicatur
1081 3722 1284 3791 justus,
1328 3723 1418 3790 qui
1461 3738 1489 3774 e.
1523 3721 1737 3775 turbine
1791 3730 1956 3789 atque

378 3819 615 3873 nubibus
651 3819 725 3871 illi
756 3818 1138 3886 respondebat.
1201 3815 1299 3869 Hic
1339 3826 1544 3877 autem,
1599 3817 1748 3869 nulla
1810 3815 1952 3868 mala

383 3908 751 3973 :cmulatione,
812 3918 974 3978 atque
1023 3909 1193 3962 livore
1237 3908 1415 3960 ablata
1468 3907 1809 3966 substantia.
1864 3908 1956 3973 sed

380 4000 584 4055 Christi
645 4000 759 4069 lege
803 4009 1023 4068 erogata
1068 4000 1120 4051 in
1163 4013 1431 4066 pauperes
1471 3999 1621 4052 omni
1674 3998 1956 4064 lacultate;

383 4106 483 4145 nec
521 4092 706 4145 decem
743 4092 1009 4143 duntaxat
1051 4089 1334 4142 confertim
1359 4129 1372 4152 ,
1428 4103 1646 4155 unoque
1683 4100 1959 4141 momento

390 4181 728 4250 corporalem
766 4180 1059 4232 liberorum
1094 4192 1383 4246 perpessus
1417 4176 1716 4239 interitum,
1748 4176 1842 4229 sed
1875 4176 1960 4229 in-

385 4271 806 4323 numerabilium
864 4269 1033 4324 animi
1102 4269 1274 4321 labent
1314 4267 1720 4321 tabescentibus
1773 4268 1960 4321 dolore

389 4360 694 4415 visceribus
724 4361 1000 4414 sustinens
1031 4360 1171 4429 ejus,
1197 4360 1287 4427 qui
1317 4368 1615 4426 expetierat
1635 4398 1649 4420 ,
1688 4359 1767 4411 ira
1799 4357 1963 4410 cauli-

387 4459 514 4517 tur;
545 4466 644 4505 nec
696 4465 823 4504 vero
873 4450 1049 4504 solum
1100 4464 1350 4518 corpore,
1385 4448 1516 4517 quin
1564 4447 1746 4515 potius
1776 4447 1956 4500 medio

2106 1921 2244 1975 Hinc
2272 1918 2533 1981 Trinitas,
2558 1913 2703 1969 haud
2725 1928 2883 1969 secus
2908 1927 2972 1965 ac
2991 1910 3198 1978 lampas
3227 1908 3369 1962 trino
3391 1886 3605 1977 fulgens

2034 2013 2260 2073 lumine,
2300 2009 2496 2064 eximie
2524 2008 2576 2061 in
2599 2022 2664 2061 eo
2694 2018 2944 2064 accensa,
2974 2016 3080 2054 non
3110 2000 3220 2063 jam
3250 1998 3448 2053 silentii
3491 2014 3605 2050 mo-

2034 2105 2126 2159 dio
2160 2102 2329 2172 premi
2370 2099 2675 2156 sustinebat
2711 2115 2723 2150 :
2757 2094 2994 2163 nonjam
3023 2092 3088 2145 ad
3117 2106 3211 2145 eos
3273 2088 3605 2159 indulgentia

2035 2196 2294 2251 utendum
2325 2192 2711 2252 arbitrabatur,
2744 2202 2972 2257 quorum
3006 2182 3327 2237 itnbecillior
3353 2179 3607 2234 eratani-

2037 2304 2192 2352 mus;
2220 2285 2311 2341 sed
2338 2284 2480 2339 sicut
2512 2280 2885 2336 lucidissitnns
2909 2277 3021 2331 iste»
3044 2276 3148 2338 sol,
3178 2274 3289 2343 jam
3325 2285 3485 2327 terra:
3514 2286 3608 2325 so-

2036 2379 2184 2432 lutus
2214 2377 2359 2437 sinu,
2399 2375 2561 2441 inque
2590 2372 2924 2426 horizontem
2972 2377 3114 2422 terra
3138 2366 3478 2437 superiorem
3508 2364 3609 2417 ini-

2036 2469 2288 2525 cantibus
2324 2466 2490 2520 radiis
2515 2463 2777 2531 tantisper
2804 2460 3156 2530 prominens;
3190 2458 3451 2510 hactenus
3482 2455 3617 2523 qui-7

2035 2563 2155 2616 dem
2192 2574 2434 2616 summos
2466 2556 2730 2611 montium
2763 2554 2989 2607 vertices
3039 2566 3255 2604 sensum
3317 2549 3435 2601 luce
3485 2564 3611 2617 per-

2038 2654 2293 2716 fundens,
2336 2652 2503 2706 densa
2539 2650 2884 2704 tenebrarum
2917 2644 2983 2699 ad
3032 2652 3190 2697 terra!
3218 2656 3351 2695 cava
3387 2648 3613 2693 contru-

2036 2748 2152 2802 dit:
2215 2744 2587 2815 paulatimque
2638 2752 2991 2810 promovens,
3051 2734 3278 2790 omnino
3321 2731 3610 2801 caliginem

2036 2837 2450 2905 dissipatatqne
2475 2830 2712 2901 dispellit
2788 2826 3218 2893 universumque
3234 2823 3420 2876 orbem
3457 2829 3632 2873 terra?

2039 2928 2227 2982 mundi
2260 2924 2537 2980 communi
2570 2924 2693 2976 luce
2743 2919 2981 2974 ubertim
3032 2916 3305 2985 itnpartit;
3342 2912 3445 2966 nisi
3486 2910 3615 2980 quid

2038 3036 2102 3074 ex
2133 3034 2321 3073 eorum
2375 3031 2571 3085 genere
2604 3025 2707 3079 est,
2766 3027 2887 3081 quae
2950 3019 3106 3063 noctu
3165 3013 3484 3075 pascuntur,
3518 3017 3620 3077 nec

2045 3113 2176 3168 solis
2203 3112 2385 3165 radios
2410 3109 2550 3163 ferre
2588 3114 2855 3177 possunt;
2887 3102 2967 3157 sic
2989 3100 3246 3154 nimirum
3280 3103 3618 3166 comparata,

2050 3215 2109 3259 ut
2137 3204 2275 3257 luris
2296 3201 2612 3257 excellentia
2642 3212 2828 3252 eorum
2849 3210 2953 3249 non
2980 3204 3087 3248 tam
3120 3193 3420 3245 illustretnr
3444 3187 3620 3249 visus,

2052 3311 2214 3365 quam
2248 3294 2562 3356 deteratur;
2597 3300 2691 3343 aut
2715 3295 2937 3357 propter
2956 3291 3169 3338 meatus
3190 3278 3487 3335 inferendae
3511 3276 3631 3331 luci:

2054 3404 2163 3443 non
2208 3387 2461 3449 idoneos,
2512 3398 2615 3437 nec
2666 3380 2798 3435 satis
2833 3378 3133 3447 explicatos
3178 3383 3233 3427 ιιι
3276 3370 3633 3441 splendorem

2053 3480 2347 3547 recipiant;
2415 3474 2726 3544 cujusmodi
2777 3472 2944 3526 lustra
3009 3467 3174 3532 subit,
3232 3480 3296 3518 ac
3348 3473 3623 3534 petrarum

2057 3587 2270 3640 specus.
2304 3569 2394 3621 Sic
2423 3580 2641 3634 quoque
2666 3562 2995 3632 Gregorius;
3040 3560 3170 3627 quin
3200 3556 3379 3625 potius
3411 3570 3531 3624 qua:
3570 3554 3633 3605 itr

2058 3665 2149 3719 illo
2177 3662 2322 3716 velut
2345 3659 2476 3711 orhc
2507 3655 2640 3710 solis
2682 3653 2848 3707 rutilo
2863 3651 3179 3721 quiescebat
3209 3646 3471 3705 Trinitas,
3509 3642 3623 3711 pri-

2060 3771 2207 3809 tnum
2238 3760 2415 3805 mente
2450 3747 2798 3804 sublitniores
2824 3743 3125 3803 illustrans,
3160 3749 3385 3809 tumque
3409 3750 3628 3790 omnem

2060 3846 2306 3898 animum
2340 3842 2457 3895 luce
2482 3839 2708 3908 dignum
2750 3835 2973 3889 amabili
3004 3830 3230 3887 scientia
3278 3827 3514 3897 replens,
3549 3824 3633 3879 fe~

2065 3937 2242 3989 rinttm
2269 3947 2427 3987 omne
2456 3942 2664 4000 pectus,
2698 3940 3030 3994 sensumque
3058 3922 3282 3976 allectus
3334 3934 3366 3972 a
3422 3920 3634 3970 ratione

2063 4028 2226 4080 alieni
2286 4026 2577 4079 alumnum.
2635 4030 2792 4074 terra:
2844 4017 3043 4072 abditis
3095 4015 3389 4068 obscurum
3437 4008 3643 4061 tradit;

2063 4132 2258 4186 nempe
2292 4132 2398 4169 non
2424 4113 2680 4168 ferentem
2714 4108 2883 4164 divini
2946 4107 3079 4161 radii
3130 4102 3428 4173 spiritalem
3510 4099 3637 4152 ill'u-

2066 4210 2420 4270 strationem;
2455 4213 2618 4273 atque
2640 4203 2760 4257 ideo
2784 4200 3023 4255 divinam
3054 4195 3399 4264 repellentetn
3438 4190 3636 4251 lucent,

2067 4301 2212 4371 quod
2248 4300 2329 4353 vel
2359 4297 2500 4351 malo
2530 4305 2741 4350 natura:
2778 4290 2959 4360 genio,
3012 4287 3094 4342 vel
3129 4284 3300 4340 animi
3348 4282 3647 4351 pravitate,

2067 4390 2443 4450 excellentiam
2476 4386 2734 4445 bonitatis
2763 4384 3040 4451 suscipere
3066 4393 3173 4433 non
3198 4374 3390 4446 possit.

391 4543 513 4613 ipso
554 4552 789 4612 pet-tore,
844 4552 1005 4610 atque
1058 4543 1240 4596 animo
1275 4540 1490 4594 duriore
1517 4540 1669 4609 plaga
1706 4537 1947 4593 aﬁicitur.

2136 4528 2276 4594 Ergo
2309 4522 2513 4579 civitati
2564 4519 2804 4591 quidem,
2838 4515 3002 4582 inque
3040 4527 3107 4565 ea
3138 4508 3447 4579 agentibus,
3478 4514 3641 4570 atque

394 4632 664 4687 Tentator
689 4633 834 4687 enim
884 4633 1034 4685 velut
1067 4633 1252 4697 armis,
1292 4642 1453 4701 atque
1490 4631 1705 4699 jaculis,
1736 4630 1964 4699 nequis—

393 4726 657 4779 sintoruui
710 4727 1003 4789 dentibus,
1039 4725 1369 4795 linguisque,
1406 4725 1550 4777 velut
1600 4723 1776 4778 acutis
1832 4739 1965 4777 usus

394 4818 613 4883 gladiis,
647 4819 1023 4871 hmreticoruni
1061 4817 1315 4886 loquendi
1348 4817 1590 4880 licentia,
1627 4825 1789 4884 atque
1832 4832 1962 4884 pru-

396 4911 504 4963 ritu
532 4908 789 4962 continue
814 4919 1069 4977 tanquam
1099 4908 1477 4968 mucronibus,
1511 4906 1663 4970 ferit;
1702 4909 1964 4976 percutit—

397 5016 505 5068 que
529 5001 882 5069 blasphemiis
899 5001 1143 5054 animum
1165 5018 1179 5065 ;
1201 5008 1363 5068 atque
1384 5014 1571 5052 eorum
1592 4998 1875 5067 opera,qui
1899 4996 1972 5051 si-

400 5095 601 5148 mulata
620 5092 741 5153 lide,
758 5093 1054 5146 amicitiam
1074 5091 1468 5160 proﬁtebantur
1492 5090 1567 5155 (in
1593 5088 1791 5152 quibus
1808 5087 1969 5140 etiam

402 5185 505 5240 fuit
530 5184 800 5239 Maximus
826 5185 1095 5255 Cynicus;
1132 5183 1288 5251 cujus
1319 5197 1418 5251 pro
1449 5180 1650 5250 Cynica
1677 5179 1854 5232 indole
1883 5194 1978 5232 su-

404 5278 716 5346 percilium,
747 5293 1067 5346 morttmqne
1094 5275 1502 5344 impudentiam,
1522 5288 1585 5326 ac
1611 5270 1855 5332 i'nsidias,
1891 5287 1981 5324 ve-

405 5371 717 5426 lutcunctis
749 5381 928 5436 notas,
961 5368 1250 5433 dimittam)
1280 5368 1459 5429 omni,
1491 5375 1560 5419 ur
1592 5363 1755 5418 verbo
1772 5364 1977 5427 \dicam,

411 5463 683 5524 machina,
713 5478 774 5516 ac
806 5472 923 5517 arte
977 5461 1281 5519 commode,
1320 5457 1665 5511 incommode
1726 5456 1966 5514 admota,

412 5567 518 5620 qua
547 5552 636 5605 ille
664 5552 924 5622 fulgebat,
949 5550 1229 5604 veritatem
1250 5548 1592 5617 redarguere,
1617 5544 1826 5612 sibique
1855 5556 1973 5595 eam

416 5642 695 5695 vindicare
740 5649 912 5695 tentat
938 5639 1170 5694 actionis
1212 5637 1635 5701 necessitudine,
1673 5650 1735 5687 ac
1779 5649 1878 5703 pro
1908 5632 1981 5684 si-

476 5824 676 5878 ‘l’rov.
706 5839 741 5887 ι,
770 5822 857 5876 ‘20.
949 5824 968 5853 ⁸
1001 5820 1100 5875 Joh
1135 5837 1230 5884 xu,
1264 5829 1392 5883 κιρ..
1419 5820 1507 5873 4‘2.

2062 4621 2295 4681 civibus,
2345 4632 2466 4686 qua:
2499 4614 2552 4667 in
2586 4609 2849 4679 Gregorio
2883 4614 3002 4661 erat
3051 4602 3176 4657 trini
3232 4600 3366 4656 solis
3395 4596 3643 4652 exoritur

2060 4712 2185 4777 lux;
2246 4708 2540 4779 provinciae
2594 4714 2796 4765 autem,
2862 4716 2926 4754 ac
2959 4712 3080 4767 quae
3109 4705 3261 4749 extra
3297 4699 3447 4755 sunt,
3490 4689 3639 4743 illius

2061 4802 2433 4857 destituuntur
2463 4796 2685 4849 luminis
2725 4789 3013 4847 claritate?
3043 4796 3135 4841 aut
3169 4784 3363 4837 vicinis
3395 4780 3653 4851 quidem.

2068 4909 2166 4948 nec
2214 4891 2430 4961 longius
2477 4889 2686 4941 dissitis
2746 4882 3031 4951 theologiae
3059 4876 3319 4948 splendor
3342 4875 3549 4935 illucet,
3581 4868 3649 4921 ad

2077 5001 2172 5041 eos
2220 4995 2400 5038 autem
2449 4979 2541 5048 qui
2598 4977 2785 5047 procul
2839 4972 3035 5028 remoti
3066 4978 3216 5031 sunt,
3274 4982 3341 5021 ac
3405 4973 3653 5018 extrema

2081 5086 2239 5131 terra:
2300 5045 2611 5138 occupant,—
2646 5076 2963 5120 sermonum
3018 5057 3191 5127 gratia
3243 5069 3355 5107 non
3396 5045 3656 5117 attingit?

2084 5180 2175 5223 aut
2204 5163 2450 5237 pervenit
2487 5159 2702 5229 quidem
2729 5156 2892 5209 etiam
2918 5152 2983 5205 ad
3010 5150 3152 5213 illos,
3178 5148 3411 5201 obscure
3435 5138 3663 5194 tamen?

2088 5271 2176 5314 aut
2203 5228 2347 5311 clare
2369 5254 2608 5324 quidem,
2651 5256 2705 5302 at
2736 5262 2841 5300 non
2876 5242 3122 5305 ﬁrmiter,
3158 5246 3213 5293 et
3255 5246 3310 5290 ut
3344 5228 3659 5304 perennet?

2089 5322 2520 5416 Haudquaquam
2545 5359 2558 5408 ;
2588 5342 2681 5395 sed
2706 5344 2901 5393 cuncta
2931 5331 3094 5388 simul
3127 5322 3657 5399 purgat,illuminat,

2089 5408 2320 5513 perlicit.
2379 5408 2586 5503 i’urgat
2623 5429 2843 5501 quidem
2895 5420 3118 5479 haeresis
3163 5418 3398 5489 piaculo,
3426 5428 3521 5467 eos
3565 5408 3659 5477 qui

2087 5532 2395 5605 ignorantia
2448 5529 2579 5583 olim
2636 5522 2993 5580 tenebantur;
3048 5513 3260 5569 eximiae
3320 5524 3383 5562 ac
3424 5500 3669 5559 cmlestis

2092 5601 2501 5698 pt-mdicationis
2525 5616 2722 5675 divinis
2749 5608 3118 5670 sermonibus,
3151 5601 3463 5664 illuminat;
3492 5608 3665 5662 augu-

1621 5818 1639 5844 °"
1673 5814 1804 5869 Luc.
1844 5826 1953 5877 xiv,
1986 5809 2073 5863 l7.
