4092 6632
14 5585 18 5714 i

14 5717 23 5876 ξ

382 398 486 462 471
1570 403 1861 467 NICETIS
1903 408 1978 466 ΡΑ

2081 408 2426 470 ILAGONIS
3534 405 3640 469 472

382 515 642 569 stissimis
673 515 1262 574 di'vini-ssimaenaturae
1285 519 1529 590 ejusdem
1551 521 1954 591 conjunctionis
1986 529 2026 583 A
2058 522 2304 585 edoctus,
2365 523 2475 577 veri
2510 537 2728 593 quoque
2772 519 3110 575 tabernaculi
3159 519 3383 590 ﬁguram
3415 535 3480 574 ex
3518 538 3640 575 um-

382 607 553 660 radiis
584 609 908 672 concilians,
945 612 1182 680 perlicit.

452 698 570 754 Non
604 716 688 756 me
719 703 848 758 latet
889 719 954 759 eo
983 706 1205 775 provehi
1235 707 1539 762 orationem
1567 752 1580 774 ,
1616 718 1693 775 ut,
1726 725 1831 778 qua
1860 726 1958 762 ex-

381 793 557 847 currit
613 796 944 865 prolixitate,
984 797 1095 866 jam
1153 814 1370 877 nauseae
1421 802 1542 866 ﬁat;
1602 803 1958 872 quamobrem

382 887 588 956 duplici
629 889 911 944 distrahor
933 891 1152 956 affectu,
1194 893 1432 964 hincque
1473 894 1600 949 inde
1649 895 1843 950 studiis
1876 911 1961 949 se-

383 992 500 1033 ror.
535 979 672 1034 Nam
699 992 874 1036 metus
899 983 1118 1051 quidem
1157 1001 1222 1038 ne
1249 986 1523 1056 plerisque
1556 988 1860 1052 molestior,
1896 1003 1960 1041 ac

381 1071 567 1127 decori
608 1073 812 1128 inscius
842 1074 1048 1138 videar,
1089 1078 1360 1132 sermonis
1391 1079 1522 1132 mihi
1582 1079 1842 1149 impetum
1879 1080 1960 1132 in-

385 1163 555 1218 hibet.
587 1164 655 1220 At
688 1166 818 1235 quid
844 1168 1061 1238 patior?
1089 1171 1291 1238 quippe
1335 1171 1500 1225 etiam
1552 1173 1688 1226 alias
1715 1189 1836 1225 cum
1878 1187 1964 1226 re-

383 1258 600 1313 mittere
635 1275 744 1314 non
780 1261 935 1323 sinit,
991 1264 1084 1331 qui
1123 1265 1266 1333 cogit
1307 1279 1482 1328 amor,
1535 1266 1752 1332 vimque
1787 1265 1913 1320 facit
1949 1284 1961 1319 :

385 1357 669 1423 totumque
696 1353 916 1422 peritus
947 1369 1287 1424 expugnans,
1319 1356 1419 1410 sibi
1465 1357 1640 1426 palam
1681 1357 1960 1411 addicens.

384 1445 439 1498 Is
463 1459 699 1513 namque
722 1444 982 1516 Theologi
1005 1455 1116 1501 tum
1138 1464 1452 1503 sermonum
1483 1450 1963 1520 magnificentiam,

387 1546 500 1590 tum
537 1535 775 1591 divinam
813 1552 1030 1591 morum
1073 1541 1444 1609 prmstantiam
1493 1539 1738 1611 longiore
1771 1541 1966 1595 verbo-

386 1646 509 1684 rum
545 1631 752 1685 ambitu
789 1632 1230 1701 exspatiantibus
1286 1635 1790 1703 comparationibus
1850 1635 1964 1696 cla-

386 1723 504 1779 rius
537 1724 721 1778 animo
750 1738 1070 1795 suggerens,
1101 1733 1158 1778 ut
1191 1725 1244 1779 in
1278 1725 1356 1780 eis
1386 1734 1567 1782 mente
1599 1727 1877 1792 immorer,
1905 1743 1968 1782 ac

391 1817 546 1883 plura
583 1816 798 1896 loquar,
837 1817 1059 1872 evincit.

461 1908 588 1964 Esto
640 1888 824 1980 igitur,
857 1911 1020 1964 etiam
1053 1927 1176 1965 eum
1235 1911 1384 1967 Mose
1437 1927 1536 1981 pro
1590 1913 1731 1967 virili
1780 1924 1965 1968 nostra
2002 1888 2041 1940 Β

393 2017 648 2070 magnum
712 2003 1036 2073 Gregorium
1073 2003 1362 2073 diligenter
1398 2014 1802 2074 comparantes,
1839 2006 1968 2060 hinc

390 2111 610 2166 quoque
635 2097 900 2151 antistitis
932 2097 1192 2166 praeclare
1235 2107 1510 2164 gestorum
1553 2099 1968 2169 amplitudinem

391 2190 821 2246 consideremus.
862 2190 1030 2256 Mose,
1066 2171 1312 2262 inquam,
1347 2192 1462 2258 illo,
1505 2191 1596 2261 qui
1627 2202 1816 2248 sancta
1851 2193 1970 2262 qui-

392 2282 514 2334 dem
548 2281 847 2338 Abrahami
879 2284 1062 2338 radice
1086 2299 1306 2354 germen
1335 2286 1654 2354 progenitus
1676 2286 1769 2350 sit,
1791 2296 1972 2340 metu-

391 2389 498 2442 que
536 2372 843 2430 Pharaonis
886 2376 1067 2432 infans
1100 2377 1152 2430 in
1183 2376 1349 2432 ﬂuvio
1379 2377 1698 2447 expositus;
1743 2394 1806 2432 ac
1833 2377 1974 2432 Pha-

394 2467 579 2521 raonis
611 2466 734 2522 ﬁlia:
784 2468 935 2523 visus
964 2455 1208 2540 elegans,
1243 2470 1295 2522 in
1333 2471 1501 2524 lilium
1537 2472 1715 2540 palam
1749 2473 1975 2543 ad0pta-

395 2569 483 2614 tzts
537 2559 753 2614 fuerit:
801 2561 1005 2630 quique
1053 2562 1189 2615 adeo
1259 2564 1358 2616 hac
1407 2579 1470 2617 ex
1527 2580 1693 2619 causa
1755 2579 1971 2620 omnem

397 2650 780 2722 Aiayptiorum
841 2653 1125 2708 scientiam
1177 2655 1457 2722 doceatur,
1514 2672 1614 2711 nec
1655 2664 1836 2712 tamen
1883 2673 1976 2712 co-

395 2752 687 2812 gnatorum
719 2746 1051 2800 dedoceatur
1078 2747 1281 2802 amoris
1310 2764 1338 2801 a
1378 2759 1574 2802 natura
1597 2749 1725 2804 vim.
1748 2747 1973 2815 Idcirco,

395 2841 540 2904 quod
575 2837 940 2894 educantibus
994 2840 1139 2895 haud
1173 2841 1306 2896 satis
1335 2857 1547 2910 aequus,
1585 2857 1763 2910 exque
1793 2842 1976 2895 animo

395 2929 646 2991 aﬂectus,
674 2929 1050 3000 deprehensus
1085 2941 1252 2996 esset,
1282 2948 1341 2989 se
1365 2933 1489 3004 fuga
1526 2934 1852 3004 proripiens,
1893 2945 1975 2988 at-

327 3027 330 3033 ‘
395 3036 504 3089 que
547 3019 615 3076 ad
667 3019 880 3075 Madian
933 3033 1172 3077 montem
1215 3024 1510 3090 transiens,
1564 3025 1784 3095 illieque
1819 3026 1974 3079 uxori

396 3113 655 3184 legitimis
684 3115 972 3184 copulatus
999 3116 1229 3186 nuptiis,
1250 3119 1518 3186 pecudum
1542 3128 1727 3188 pastor
1751 3119 1977 3174 effectus

2062 615 2276 672 bratilis
2309 616 2482 671 forma
2517 616 2587 670 ibi
2634 615 3018 671 contuebatur.
3081 612 3193 668 Illic
3249 613 3639 668 candelabrum

2062 719 2114 764 et
2163 724 2442 775 mensam;
2499 709 2610 763 illic
2653 724 2779 763 aras
2858 716 2912 762 et
2951 721 3161 771 arcam,
3203 705 3419 775 aliaque
3478 707 3644 760 etele-

2062 804 2226 857 stium
2266 802 2621 856 similitudine
2648 812 2950 871 assumpta,
2987 802 3174 870 ﬁgura:
3205 802 3416 855 ratione
3440 801 3525 854 vir
3547 799 3641 855 Dei

2065 905 2357 962 conspectu
2407 911 2539 950 usus
2596 897 2742 951 serio
2795 894 3288 963 contemplabatur.
3333 892 3459 947 llzec.
3514 907 3643 948 vero

2067 987 2360 1042 tribulibus
2393 988 2633 1054 tradens,
2661 1003 2723 1042 ac
2765 988 3131 1042 sacerdotium
3164 985 3385 1054 quidem
3415 985 3640 1050 Aaroni,

2065 1098 2324 1152 germano
2351 1096 2603 1150 corpore,
2629 1094 2888 1148 germano
2918 1078 3114 1150 spiritu
3153 1078 3442 1148 pra-.bens;
3487 1077 3643 1130 ducis

2065 1184 2243 1228 autem
2283 1173 2658 1244 prazfecturam
2695 1170 2827 1225 Jesu
2859 1170 3062 1227 famulo
3097 1167 3645 1233 concredens,omni—

2069 1282 2175 1336 que
2205 1281 2431 1335 operum
2474 1265 2646 1335 ipsius
2676 1264 2982 1318 ministerio
3011 1277 3073 1316 ex
3109 1263 3321 1316 consilii
3355 1260 3524 1315 divini
3557 1274 3644 1312 ra-

2067 1359 2306 1414 tionibus
2331 1357 2565 1426 expleto,
2596 1357 2675 1412 sic
2704 1356 2870 1410 vitam
2900 1354 3193 1419 caducam,
3226 1353 3503 1424 mortique
3546 1351 3648 1407 ob-

2068 1454 2287 1508 noxiam
2318 1453 2562 1519 deponit.

2138 1545 2228 1600 Sic
2255 1545 2473 1614 quidem
2510 1543 2716 1608 Moses;
2747 1543 2904 1614 isque
2958 1543 3041 1614 (ut
3072 1540 3264 1611 paucis
3293 1537 3646 1607 complectar)

2067 1638 2186 1708 ejus
2241 1638 2471 1693 instituti
2555 1638 2786 1707 vitaeque
2827 1636 3055 1690 rationis
3095 1635 3290 1688 modus
3326 1631 3449 1685 fuit.
3503 1627 3646 1694 Quid

2070 1748 2196 1786 vero
2224 1731 2554 1802 Gregorius?
2588 1728 2779 1784 Nonne
2807 1744 3085 1786 sacrorum
3117 1735 3426 1796 parentum,
3461 1735 3652 1777 sacra—

2071 1823 2281 1878 tissitna
2343 1823 2521 1892 proles
2563 1822 2771 1877 eluxit?
2819 1819 3011 1874 Nonne
3061 1819 3109 1872 is
3166 1831 3388 1888 quoque
3449 1813 3653 1869 saeculo

2074 1925 2330 1984 tanquam
2367 1915 2532 1969 ﬂuvio
2560 1915 2864 1984 expositus,
2901 1913 3140 1983 Spiritus
3186 1912 3402 1980 quidem
3456 1907 3644 1978 signa-

2075 2008 2201 2063 culo
2241 2008 2442 2062 ﬁscella
2465 2007 2836 2062 communitus
2870 2007 2987 2061 est’
3016 2022 3028 2057 :
3067 2003 3312 2060 sreculari
3353 2010 3534 2056 autem
3565 2015 3654 2054 sa-

2075 2102 2290 2171 pientia:
2337 2101 2583 2169 elegans,
2617 2101 2915 2169 dexterque
2951 2097 3132 2152 indole
3173 2097 3346 2156 visus,
3385 2103 3549 2163 atque
3596 2091 3653 2145 in

2074 2193 2244 2247 ﬁlium
2272 2193 2321 2247 ei
2354 2193 2666 2261 adoptatus,
2710 2193 2762 2246 in
2798 2207 2860 2246 ea
2890 2190 3158 2254 eruditur,
3187 2197 3352 2258 atque
3383 2199 3655 2256 praepara-

2077 2286 2202 2340 tur?
2229 2284 2368 2339 Num
2418 2285 2566 2341 illius
2600 2300 2821 2341 sensum
2872 2282 3132 2337 humilem
3219 2297 3282 2335 ac
3314 2276 3656 2349 superstitio-

2077 2396 2202 2435 nem
2263 2379 2640 2434 lubentissime
2673 2377 2909 2447 fugiens,
2965 2375 3275 2432 sublimiori
3317 2371 3658 2441 contempla-

2078 2473 2245 2534 tione,
2303 2485 2367 2525 ac
2416 2472 2643 2539 magise
2682 2470 2880 2539 pietate
2933 2482 3067 2523 usus
3117 2475 3202 2520 est
3230 2465 3294 2519 ad
3329 2460 3656 2532 sapientiam

2078 2564 2284 2620 mundo
2313 2563 2653 2634 superiorem
2676 2564 2699 2616 ?

2148 2656 2263 2712 Non
2298 2655 2663 2726 commigrans
2715 2653 2862 2708 velut
2917 2651 3095 2706 Moses
3149 2649 3216 2704 ad
3271 2654 3507 2702 montem
3540 2641 3658 2696 Ma-

2078 2747 2260 2813 dian“,
2314 2746 2406 2802 sed
2459 2761 2631 2800 sacrae
2667 2744 2835 2798 animi
2884 2739 3317 2811 tranquillitatis,
3358 2752 3423 2790 ac
3455 2736 3660 2803 imper-

2080 2840 2410 2896 turbationis
2442 2839 2695 2892 verticem
2732 2835 3146 2899 conscendens;
3204 2846 3303 2886 nec
3353 2829 3498 2885 sicut
3547 2826 3656 2890 ille,

2080 2932 2364 2987 mortalem
2389 2929 2493 2985 sibi
2522 2928 2809 2997 conjugem
2837 2939 3146 2991 assumens,
3171 2921 3263 2977 sed
3297 2917 3550 2991 perfecta:
3572 2931 3659 2970 sa-

2081 3025 2297 3097 pientia:
2327 3036 2514 3076 amore
2562 3021 2838 3080 incensus,
2869 3016 3096 3086 ejusque
3122 3015 3420 3086 gratiarum
3455 3025 3659 3066 corona

2081 3117 2278 3172 eximie
2306 3125 2570 3178 ornatus;
2605 3128 2703 3167 nec
2743 3110 3009 3182 pecudum
3058 3109 3286 3164 rationis
3333 3105 3660 3176 expertium,

396 3200 498 3268 εἰεί
531 3216 700 3272 seque
732 3218 916 3258 rerum
951 3206 1398 3276 contemplationi
1438 3209 1780 3277 impendens,
1802 3225 1979 3278 quan-
2004 3237 2047 3298 ρ
2083 3211 2177 3269 sed
2214 3210 2423 3264 ratione
2459 3223 2585 3261 vere
2617 3205 2883 3260 utentium
2919 3203 3342 3274 probatissimus
3370 3207 3555 3278 pastor
3583 3195 3665 3251 ef-

399 3305 512 3348 tnm
562 3296 772 3351 homini
809 3297 994 3353 videre
1023 3314 1350 3356 concessum
1403 3311 1511 3365 est,
1555 3302 1607 3354 in
1643 3302 1780 3357 rubo
1808 3303 1976 3356 Deum

397 3403 418 3435 \
435 3385 614 3440 iderit.

469 3471 520 3528 Is
546 3490 739 3529 rursus
781 3477 833 3528 in
870 3475 1166 3546 Egyptum
1210 3494 1332 3533 ettm
1369 3479 1649 3547 signorum
1687 3479 1982 3534 virtutibus

399 3564 623 3628 missus,
660 3565 1082 3638 {Egyptiaciqne
1123 3569 1291 3623 animi
1349 3571 1606 3624 duritiem
1638 3587 1976 3642 expugnans,

402 3657 694 3727 multiplici
723 3674 949 3727 prorsus
981 3676 1076 3715 eos
1114 3663 1335 3717 verbere
1391 3679 1455 3716 ac
1488 3664 1638 3733 plaga
1665 3665 1872 3734 afﬂigit,
1896 3667 1981 3718 iu-

400 3766 512 3818 que
570 3749 812 3820 brachio
851 3754 1070 3808 excelso
1130 3756 1386 3824 populum
1435 3772 1594 3810 suum
1651 3758 1884 3811 liberat:
1920 3774 1984 3812 ac

401 3843 621 3912 quidem
656 3843 727 3899 ab
754 3843 1075 3916 Egyptiaca
1108 3849 1426 3904 morositate
1459 3850 1767 3917 redimens;
1813 3850 1984 3921 ignis-

401 3952 510 4006 que
545 3937 823 4003 columna,
857 3955 923 3994 ac
981 3940 1144 3995 nubis
1170 3941 1397 4004 ducens,
1427 3957 1616 3996 eorum
1680 3944 1731 3996 in
1785 3953 1983 3997 terram

405 4029 731 4098 promissam
766 4031 1044 4095 ductorem
1077 4033 1208 4102 agit.
1242 4033 1404 4095 Tum,
1448 4051 1598 4089 mare
1633 4035 1877 4090 Rubrum
1901 4037 1986 4090 di-

405 4124 606 4186 visum,
641 4125 804 4179 siccis
844 4125 925 4180 eis
955 4127 1199 4196 vestigiis
1232 4127 1335 4182 iter
1365 4127 1697 4197 explicavit:
1732 4129 1986 4198 idemque

405 4231 598 4271 rursus
645 4217 698 4270 in
752 4218 994 4287 seipsum
1028 4217 1343 4284 confusum,
1375 4219 1824 4287 persecutoribus
1855 4220 1990 4274 inte-

408 4308 545 4363 ritus
575 4309 763 4374 simul,
793 4325 857 4365 ac
881 4311 1190 4380 sepulcrum
1229 4310 1353 4366 fuit.
1385 4311 1527 4366 Hinc
1559 4327 1724 4382 rupes
1749 4315 1984 4382 dirupta,

406 4403 629 4457 ﬂumina
693 4404 1006 4474 profundit;
1072 4407 1392 4475 lignumque
1471 4421 1737 4476 aquarum
1829 4415 1990 4462 sanat

405 4496 826 4551 amaritudinem
869 4516 882 4551 :
926 4514 991 4552 ac
1021 4499 1242 4568 quidem
1285 4498 1694 4554 ﬁrmamentum
1745 4500 1990 4555 aviculas

2085 3305 2281 3366 fectus,
2316 3301 2360 3356 si
2391 3301 2516 3370 quis
2555 3298 2693 3352 alius
2721 3297 3033 3352 mortalium
3075 3293 3404 3350 lnrisibilem
3433 3290 3662 3353 videt’;

2084 3413 2148 3452 ac
2179 3394 2414 3450 revelata
2469 3389 2608 3446 facie
2642 3389 3041 3459 contemplatus
3090 3385 3301 3440 Domini
3332 3384 3662 3443 claritatem,

2087 3499 2200 3544 tum
2241 3485 2696 3551 contemplatione
2721 3483 2785 3547 ⁸ο,
2805 3490 2919 3535 tum
2953 3480 3193 3550 potentia
3222 3477 3666 3546 repletur,atque

2086 3584 2141 3637 in
2169 3582 2328 3635 istam
2358 3578 2590 3631 mittitur
2619 3575 2932 3645 A‘ngptum.
2984 3573 3213 3626 Mittitur
3241 3585 3370 3624 vero
3397 3577 3459 3622 ut
3491 3580 3664 3635 popu«

2086 3677 2198 3730 lum
2243 3672 2473 3726 Domino
2529 3669 2852 3741 peculiarem
2885 3667 3227 3736 acquireret;
3289 3672 3453 3732 atque
3487 3676 3516 3714 a
3543 3659 3674 3714 cali‘

2087 3747 2278 3838 gitnosa
2326 3763 2705 3818 luereticorum
2751 3759 3056 3832 ignorantia
3097 3757 3380 3820 liberatos,
3428 3751 3494 3806 ad
3526 3752 3668 3805 luci-

2087 3861 2210 3914 dam
2253 3858 2306 3911 in
2344 3856 2446 3909 ﬁde
2476 3852 2771 3908 viventium
2815 3849 3059 3905 veritatis
3089 3847 3457 3902 haereditatem
3493 3851 3668 3898 trans-

2089 3953 2272 4006 ferret.

2166 4046 2326 4117 Virga
2360 4043 2584 4115 quidem
2612 4057 2642 4095 a
2679 4039 2787 4094 Deo
2810 4037 3031 4093 minime
3061 4038 3114 4090 in
3150 4050 3346 4090 manus
3371 4032 3566 4088 tradita
3594 4030 3667 4096 ";

2089 4142 2218 4212 quin
2283 4140 2398 4208 ipse
2447 4136 2627 4206 potius
2665 4133 2816 4204 virga
2866 4133 3084 4185 virtutis
3121 4127 3349 4183 eﬂicitur
3404 4123 3669 4178 divinitus

2091 4234 2280 4288 missa.
2318 4229 2480 4298 Virga
2525 4226 2742 4296 utique,
2786 4239 2893 4277 non
2925 4238 3047 4292 quae
3087 4221 3138 4274 in
3177 4218 3519 4274 seductorem
3558 4226 3669 4266 ser-

2091 4336 2304 4398 pentem
2342 4321 2760 4378 transformetur
2786 4319 2851 4384 ",
2890 4318 2981 4372 sed
3012 4331 3132 4384 qua!
3162 4314 3212 4366 in
3254 4312 3486 4366 formam
3522 4304 3673 4360 Chri-

2092 4427 2238 4473 stum
2265 4413 2613 4475 referentem,
2655 4425 2718 4463 ac
2746 4419 2979 4462 mentem
3023 4405 3337 4458 innnuletur
3364 4417 3380 4453 :
3418 4414 3522 4452 non
3551 4409 3673 4464 cpta:

2093 4522 2290 4578 aquam
2328 4503 2621 4574 potabilem
2650 4501 2703 4553 in
2735 4499 3055 4568 sanguinem
3084 4495 3230 4564 potui
3271 4491 3514 4546 inutilem
3547 4504 3673 4542 ver-

409 4588 545 4657 pluit
589 4589 734 4644 sicut
786 4590 1064 4660 pulverem
1090 4607 1104 4657 ;
1134 4591 1276 4646 caelo
1308 4605 1496 4646 verum
1535 4607 1752 4661 panem,
1808 4593 1986 4662 spisso
2020 4585 2064 4640 D
2093 4601 2258 4662 tat",
2303 4598 2393 4653 sed
2459 4611 2583 4665 qua:
2622 4591 2843 4663 potabili
2890 4590 3160 4646 doctrina.
3217 4586 3418 4640 salsam
3478 4596 3670 4637 eorum

409 4681 602 4746 imbre,
627 4682 867 4737 demittit
898 4699 912 4734 :
947 4691 1112 4752 atque
1159 4692 1398 4738 extensae
1441 4701 1657 4749 manus,
1701 4685 1989 4740 innumera

410 4768 600 4831 fugant
633 4772 871 4827 hostium
915 4773 1116 4839 millia;
1150 4772 1518 4846 Deiquejusta
1567 4777 1858 4842 sententia,
1893 4792 1988 4846 po-

410 4864 594 4934 pulum
624 4873 1058 4920 murmurantem
1094 4866 1338 4923 vicissim
1380 4868 1499 4922 neci
1529 4869 1715 4924 tradit.

478 4954 635 5020 Quod
684 4957 930 5012 omnium
977 4959 1302 5025 maximum,
1360 4962 1772 5030 maximamque
1825 4960 1991 5014 habet

407 5049 863 5115 admirationem,
918 5052 1168 5107 ascendit
1213 5054 1265 5107 in
1315 5062 1558 5108 montetn
1591 5054 1870 5108 excelsum
1901 5069 1991 5108 so-

407 5146 513 5206 lus,
543 5144 869 5214 dierumque
897 5147 1259 5217 quadraginta
1291 5147 1501 5218 jejunio
1546 5163 1782 5217 corpore
1829 5162 1992 5200 mun-

405 5237 590 5302 datus,
651 5241 837 5292 anit'uo
865 5240 1139 5308 expiatus,
1172 5241 1454 5296 tremenda
1503 5240 1598 5296 Dei
1652 5254 1839 5294 coram
1870 5239 1990 5293 ani-

407 5331 810 5397 madversione,
845 5335 1325 5404 praestantiorique
1350 5335 1403 5389 in
1444 5335 1628 5403 Specie
1657 5334 1800 5404 ignis
1827 5348 1996 5402 appa-

407 5425 628 5488 ritione,
661 5434 827 5496 atque
856 5428 1109 5494 vocibus,
1158 5443 1223 5482 ac
1258 5428 1425 5494 tubis,
1459 5437 1720 5495 tanquam
1760 5427 1812 5478 in
1842 5441 1994 5496 sym-

409 5519 572 5580 bolis.
593 5521 853 5591 dignatur
879 5539 895 5578 ε
933 5523 1274 5592 lapideisque
1302 5523 1503 5577 tabulis
1526 5521 1825 5590 inscriptas
1849 5521 1995 5588 leges

409 5613 706 5682 accipiens,
770 5623 936 5687 atque
987 5616 1171 5671 varios
1224 5615 1795 5672 illic-sacriﬁciorum
1861 5614 1998 5669 ritus

484 5824 501 5852 ⁷
529 5822 698 5875 Exod.
741 5840 795 5886 Il,
827 5825 878 5879 5.
957 5827 976 5858 ⁸
1012 5827 1144 5880 ibid.
1203 5827 1288 5881 15.
1369 5827 1432 5880 ⁹Ι
1474 5825 1617 5880 Tim.
1650 5843 1686 5887 I,
1732 5827 1812 5881 l7.
1897 5826 1977 5875 ¹⁰Ι

2081 5842 2160 5879 ι)1’.
2193 5841 2270 5889 ιιι,
2305 5823 2382 5878 18.

2090 4695 2388 4761 abstergat.
2417 4685 2534 4739 Non
2571 4701 2694 4754 qua:
2729 4684 3020 4752 ingruente
3047 4678 3322 4747 reptilium
3353 4673 3530 4744 copia,
3574 4687 3669 4726 ea-

2091 4799 2196 4851 que
2228 4780 2554 4836 edacissitna
2584 4776 2930 4832 adversarios
2956 4769 3360 4839 confringant“;
3408 4767 3501 4822 sed
3551 4780 3673 4834 qua:

2091 4875 2403 4932 efﬁcacibus
2453 4873 2699 4941 vivisque
2737 4867 3084 4923 sermonibus
3135 4863 3486 4918 durissimam
3521 4875 3672 4914 men-

2097 4981 2202 5026 tem
2263 4977 2426 5038 atque
2477 4966 2772 5035 superbam
2826 4962 2971 5016 velut
3026 4959 3240 5030 ﬂagello
3294 4956 3504 5020 credat;
3552 4953 3674 5007 aliis

2095 5061 2312 5131 quidem
2349 5059 2548 5113 vulnus
2617 5070 2680 5110 ac
2715 5056 2868 5124 plaga
2928 5062 3168 5112 tumens,
3223 5064 3327 5102 non
3359 5055 3551 5115 suapte
3590 5061 3676 5098 tn-

2095 5151 2237 5215 dol'e,
2276 5149 2368 5204 sed
2397 5148 2614 5202 illorum
2662 5144 2997 5204 morositate,
3027 5142 3118 5212 qui
3157 5139 3306 5193 omni
3345 5139 3524 5191 ulcere
3587 5137 3672 5189 in-

2096 5242 2398 5300 sanabilius
2433 5240 2653 5293 invidia
2719 5235 2984 5291 vulnerati
3041 5250 3104 5287 ac
3157 5233 3339 5287 fmdati
3391 5230 3672 5289 essmt";

2095 5335 2218 5389 aliis
2256 5331 2559 5388 consolatio
2600 5329 2762 5390 bona,
2820 5326 3198 5380 fulcimentum
3257 5337 3320 5375 ac
3368 5323 3562 5389 gratia.
3599 5317 3678 5370 Ac

2096 5425 2316 5497 quidem
2355 5424 2499 5486 aliis,
2542 5424 2713 5477 instar
2744 5419 3055 5490 grandinis,
3109 5416 3360 5484 ignisque
3393 5413 3673 5480 ingruens,

2098 5530 2210 5574 tum
2248 5518 2515 5574 densitate
2545 5528 2884 5574 sermonum,
2916 5521 3030 5565 tum
3056 5510 3364 5563 divinorum
3399 5505 3523 5574 igne
3549 5518 3676 5556 sen-

2095 5628 2305 5675 sorum,
2357 5610 2764 5664 contumacium
2825 5605 3039 5659 animos
3068 5601 3428 5658 consumebat
3455 5594 3676 5675 “;_aliis

2504 5822 2540 5852 ¹¹
2581 5819 2749 5874 Exod.
2788 5834 2862 5876 tv,
2900 5818 2950 5870 ‘2.
3069 5816 3109 5846 ²²
3138 5811 3309 5867 Exod.
3355 5825 3449 5873 ιιι,
3489 5809 3548 5862 1⁸)
3581 5807 3672 5860 ‘30.

419 5896 459 5927 ¹⁸
500 5895 637 5948 l’.~al.
667 5913 772 5963 etv,
810 5897 901 5952 ΞΟ.
985 5901 1022 5929 ¹⁴⁶
1053 5896 1224 5953 Exod.
1261 5915 1378 5963 vttt,
1410 5898 1462 5963 *2;
1491 5913 1617 5961 ann,
1661 5897 1749 5953 2|.
1834 5899 1873 5928 ”'
1911 5897 1978 5951 lix

2121 5913 2171 5962 κ,
2201 5896 2252 5950 ὃ.
2341 5897 2381 5925 ¹⁶
2417 5893 2586 5946 Exod.
2629 5908 2702 5955 ix,
2727 5889 2815 5942 ‘23.
