  <div class='ocr_page' id='page_1' title='image "/cluster/home/n/w/nwhite01/storage/ocr_20150623/105/hvd.32044013678347/246.png"; bbox 0 0 4092 6598; ppageno 0'>
   <div class='ocr_carea' id='block_1_1' title="bbox 337 448 438 510">
    <p class='ocr_par' dir='ltr' id='par_1_1' title="bbox 337 448 438 510">
     <span class='ocr_line' id='line_1_1' title="bbox 337 448 438 510; baseline 0 0"><span class='ocrx_word' id='word_1_1' title='bbox 337 448 438 510; x_wconf 65' lang='grc' dir='ltr'><strong>Πῖὶ</strong></span> 
     </span>
    </p>
   </div>
   <div class='ocr_carea' id='block_1_2' title="bbox 1030 452 2877 514">
    <p class='ocr_par' dir='ltr' id='par_1_2' title="bbox 1030 452 2877 514">
     <span class='ocr_line' id='line_1_2' title="bbox 1030 452 2877 514; baseline 0.001 -1"><span class='ocrx_word' id='word_1_2' title='bbox 1030 453 1312 514; x_wconf 72' lang='lat' dir='ltr'>ORATIO</span> <span class='ocrx_word' id='word_1_3' title='bbox 1350 453 1476 513; x_wconf 81' lang='lat' dir='ltr'><strong>XX.</strong></span> <span class='ocrx_word' id='word_1_4' title='bbox 1509 477 1574 488; x_wconf 81' lang='grc'><strong>--</strong></span> <span class='ocrx_word' id='word_1_5' title='bbox 1616 452 1697 513; x_wconf 88' lang='grc' dir='ltr'>ΙΝ</span> <span class='ocrx_word' id='word_1_6' title='bbox 1739 454 2052 514; x_wconf 81' lang='lat' dir='ltr'><strong>LAUDEM</strong></span> <span class='ocrx_word' id='word_1_7' title='bbox 2093 456 2154 514; x_wconf 86' lang='lat' dir='ltr'><strong>S.</strong></span> <span class='ocrx_word' id='word_1_8' title='bbox 2190 453 2566 513; x_wconf 80' lang='lat' dir='ltr'><strong>GllEGORlI</strong></span> <span class='ocrx_word' id='word_1_9' title='bbox 2606 455 2877 514; x_wconf 78' lang='lat' dir='ltr'><strong>TIIEOL.</strong></span> 
     </span>
    </p>
   </div>
   <div class='ocr_carea' id='block_1_3' title="bbox 3480 455 3586 518">
    <p class='ocr_par' dir='ltr' id='par_1_3' title="bbox 3480 455 3586 518">
     <span class='ocr_line' id='line_1_3' title="bbox 3480 455 3586 518; baseline -0.019 0"><span class='ocrx_word' id='word_1_10' title='bbox 3480 455 3586 518; x_wconf 72' lang='grc'><strong>474</strong></span> 
     </span>
    </p>
   </div>
   <div class='ocr_carea' id='block_1_4' title="bbox 339 562 3588 633">
    <p class='ocr_par' dir='ltr' id='par_1_4' title="bbox 339 562 3588 633">
     <span class='ocr_line' id='line_1_4' title="bbox 339 562 3588 633; baseline 0.002 -19"><span class='ocrx_word' id='word_1_11' title='bbox 339 563 479 614; x_wconf 75' lang='lat' dir='ltr'><strong>velut</strong></span> <span class='ocrx_word' id='word_1_12' title='bbox 515 579 606 616; x_wconf 86' lang='lat' dir='ltr'><strong>ros</strong></span> <span class='ocrx_word' id='word_1_13' title='bbox 641 578 669 616; x_wconf 87' lang='lat' dir='ltr'><strong>e</strong></span> <span class='ocrx_word' id='word_1_14' title='bbox 699 562 837 616; x_wconf 74' lang='lat' dir='ltr'><strong>eicio</strong></span> <span class='ocrx_word' id='word_1_15' title='bbox 873 563 1066 617; x_wconf 73' lang='lat' dir='ltr'><strong>leniter</strong></span> <span class='ocrx_word' id='word_1_16' title='bbox 1093 564 1327 629; x_wconf 88' lang='lat' dir='ltr'><strong>stillans,</strong></span> <span class='ocrx_word' id='word_1_17' title='bbox 1363 565 1617 619; x_wconf 83' lang='lat' dir='ltr'><strong>sensibus</strong></span> <span class='ocrx_word' id='word_1_18' title='bbox 1655 574 1714 618; x_wconf 93' lang='lat' dir='ltr'><strong>ut</strong></span> <span class='ocrx_word' id='word_1_19' title='bbox 1748 563 1906 619; x_wconf 83' lang='lat' dir='ltr'><strong>ﬂore-</strong></span> <span class='ocrx_word' id='word_1_20' title='bbox 1937 571 1981 624; x_wconf 75' lang='grc' dir='ltr'>Α</span> <span class='ocrx_word' id='word_1_21' title='bbox 2012 564 2446 632; x_wconf 66' lang='lat' dir='ltr'><strong>praestantiorem</strong></span> <span class='ocrx_word' id='word_1_22' title='bbox 2485 580 2648 633; x_wconf 87' lang='lat' dir='ltr'><strong>quam</strong></span> <span class='ocrx_word' id='word_1_23' title='bbox 2683 580 2780 631; x_wconf 83' lang='lat' dir='ltr'><strong>pro</strong></span> <span class='ocrx_word' id='word_1_24' title='bbox 2812 580 3006 618; x_wconf 90' lang='lat' dir='ltr'><strong>sensus</strong></span> <span class='ocrx_word' id='word_1_25' title='bbox 3037 564 3251 618; x_wconf 75' lang='lat' dir='ltr'><strong>ratione</strong></span> <span class='ocrx_word' id='word_1_26' title='bbox 3290 565 3380 619; x_wconf 89' lang='lat' dir='ltr'><strong>Dei</strong></span> <span class='ocrx_word' id='word_1_27' title='bbox 3422 565 3588 621; x_wconf 90' lang='lat' dir='ltr'><strong>visio-</strong></span> 
     </span>
    </p>
   </div>
   <div class='ocr_carea' id='block_1_5' title="bbox 340 654 1911 726">
    <p class='ocr_par' dir='ltr' id='par_1_5' title="bbox 340 654 1911 726">
     <span class='ocr_line' id='line_1_5' title="bbox 340 654 1911 726; baseline 0.003 -20"><span class='ocrx_word' id='word_1_28' title='bbox 340 662 477 717; x_wconf 88' lang='lat' dir='ltr'><strong>rent,</strong></span> <span class='ocrx_word' id='word_1_29' title='bbox 517 654 809 723; x_wconf 68' lang='lat' dir='ltr'><strong>praestabat</strong></span> <span class='ocrx_word' id='word_1_30' title='bbox 837 670 850 706; x_wconf 87' lang='lat'>:</span> <span class='ocrx_word' id='word_1_31' title='bbox 876 663 1040 724; x_wconf 88' lang='lat' dir='ltr'><strong>atque</strong></span> <span class='ocrx_word' id='word_1_32' title='bbox 1067 656 1188 710; x_wconf 81' lang='lat' dir='ltr'><strong>aliis</strong></span> <span class='ocrx_word' id='word_1_33' title='bbox 1211 657 1429 724; x_wconf 80' lang='lat' dir='ltr'><strong>quidem</strong></span> <span class='ocrx_word' id='word_1_34' title='bbox 1464 656 1697 710; x_wconf 74' lang='lat' dir='ltr'><strong>tenebrae</strong></span> <span class='ocrx_word' id='word_1_35' title='bbox 1729 657 1911 726; x_wconf 88' lang='lat' dir='ltr'><strong>palpa-</strong></span> 
     </span>
    </p>
   </div>
   <div class='ocr_carea' id='block_1_6' title="bbox 337 746 1908 814">
    <p class='ocr_par' dir='ltr' id='par_1_6' title="bbox 337 746 1908 814">
     <span class='ocr_line' id='line_1_6' title="bbox 337 746 1908 814; baseline -0.001 -14"><span class='ocrx_word' id='word_1_36' title='bbox 337 746 470 800; x_wconf 77' lang='lat' dir='ltr'><strong>biles</strong></span> <span class='ocrx_word' id='word_1_37' title='bbox 501 747 783 813; x_wconf 88' lang='lat' dir='ltr'><strong>prostabat</strong></span> <span class='ocrx_word' id='word_1_38' title='bbox 804 746 842 777; x_wconf 87' lang='lat'><strong>&quot;</strong></span> <span class='ocrx_word' id='word_1_39' title='bbox 867 764 882 814; x_wconf 91' lang='lat'><strong>;</strong></span> <span class='ocrx_word' id='word_1_40' title='bbox 910 747 1034 801; x_wconf 75' lang='lat' dir='ltr'><strong>aliis</strong></span> <span class='ocrx_word' id='word_1_41' title='bbox 1078 749 1169 801; x_wconf 84' lang='lat' dir='ltr'><strong>lux</strong></span> <span class='ocrx_word' id='word_1_42' title='bbox 1199 747 1395 802; x_wconf 90' lang='lat' dir='ltr'><strong>mentis</strong></span> <span class='ocrx_word' id='word_1_43' title='bbox 1429 755 1642 812; x_wconf 88' lang='lat' dir='ltr'><strong>sancta,</strong></span> <span class='ocrx_word' id='word_1_44' title='bbox 1673 764 1736 801; x_wconf 82' lang='lat' dir='ltr'><strong>ex</strong></span> <span class='ocrx_word' id='word_1_45' title='bbox 1767 749 1908 811; x_wconf 79' lang='lat' dir='ltr'><strong>luce,</strong></span> 
     </span>
    </p>
   </div>
   <div class='ocr_carea' id='block_1_7' title="bbox 336 837 1909 908">
    <p class='ocr_par' dir='ltr' id='par_1_7' title="bbox 336 837 1909 908">
     <span class='ocr_line' id='line_1_7' title="bbox 336 837 1909 908; baseline 0 -16"><span class='ocrx_word' id='word_1_46' title='bbox 336 855 455 906; x_wconf 71' lang='lat' dir='ltr'><strong>qua:</strong></span> <span class='ocrx_word' id='word_1_47' title='bbox 484 838 634 892; x_wconf 91' lang='lat' dir='ltr'><strong>omni</strong></span> <span class='ocrx_word' id='word_1_48' title='bbox 665 837 837 904; x_wconf 88' lang='lat' dir='ltr'><strong>major</strong></span> <span class='ocrx_word' id='word_1_49' title='bbox 861 841 1147 894; x_wconf 88' lang='lat' dir='ltr'><strong>sanctitate</strong></span> <span class='ocrx_word' id='word_1_50' title='bbox 1203 851 1304 902; x_wconf 89' lang='lat' dir='ltr'><strong>est,</strong></span> <span class='ocrx_word' id='word_1_51' title='bbox 1333 840 1546 893; x_wconf 82' lang='lat' dir='ltr'><strong>abunde</strong></span> <span class='ocrx_word' id='word_1_52' title='bbox 1577 839 1862 908; x_wconf 69' lang='lat' dir='ltr'><strong>cl&#39;l‘ulgebat</strong></span> <span class='ocrx_word' id='word_1_53' title='bbox 1895 858 1909 892; x_wconf 89' lang='lat'>:</span> 
     </span>
    </p>
   </div>
   <div class='ocr_carea' id='block_1_8' title="bbox 334 930 1909 998">
    <p class='ocr_par' dir='ltr' id='par_1_8' title="bbox 334 930 1909 998">
     <span class='ocr_line' id='line_1_8' title="bbox 334 930 1909 998; baseline -0.001 -16"><span class='ocrx_word' id='word_1_54' title='bbox 334 932 464 998; x_wconf 89' lang='lat' dir='ltr'><strong>quin</strong></span> <span class='ocrx_word' id='word_1_55' title='bbox 499 930 699 998; x_wconf 87' lang='lat' dir='ltr'><strong>potius,</strong></span> <span class='ocrx_word' id='word_1_56' title='bbox 730 931 821 998; x_wconf 85' lang='lat' dir='ltr'><strong>qui</strong></span> <span class='ocrx_word' id='word_1_57' title='bbox 874 930 966 983; x_wconf 88' lang='lat' dir='ltr'><strong>lux</strong></span> <span class='ocrx_word' id='word_1_58' title='bbox 1015 931 1226 984; x_wconf 91' lang='lat' dir='ltr'><strong>cunctis</strong></span> <span class='ocrx_word' id='word_1_59' title='bbox 1256 947 1379 986; x_wconf 90' lang='lat' dir='ltr'><strong>vera</strong></span> <span class='ocrx_word' id='word_1_60' title='bbox 1417 940 1526 984; x_wconf 91' lang='lat' dir='ltr'><strong>tum</strong></span> <span class='ocrx_word' id='word_1_61' title='bbox 1578 931 1751 991; x_wconf 80' lang='lat' dir='ltr'><strong>fieret.</strong></span> <span class='ocrx_word' id='word_1_62' title='bbox 1798 942 1909 984; x_wconf 92' lang='lat' dir='ltr'><strong>tum</strong></span> 
     </span>
    </p>
   </div>
   <div class='ocr_carea' id='block_1_9' title="bbox 334 1021 1913 1092">
    <p class='ocr_par' dir='ltr' id='par_1_9' title="bbox 334 1021 1913 1092">
     <span class='ocr_line' id='line_1_9' title="bbox 334 1021 1913 1092; baseline -0.001 -17"><span class='ocrx_word' id='word_1_63' title='bbox 334 1032 517 1085; x_wconf 82' lang='lat' dir='ltr'><strong>esset;</strong></span> <span class='ocrx_word' id='word_1_64' title='bbox 549 1021 671 1074; x_wconf 90' lang='lat' dir='ltr'><strong>aliis</strong></span> <span class='ocrx_word' id='word_1_65' title='bbox 707 1021 924 1090; x_wconf 84' lang='lat' dir='ltr'><strong>quidem</strong></span> <span class='ocrx_word' id='word_1_66' title='bbox 956 1022 1264 1076; x_wconf 84' lang='lat' dir='ltr'><strong>illustran’di</strong></span> <span class='ocrx_word' id='word_1_67' title='bbox 1298 1024 1350 1076; x_wconf 89' lang='lat' dir='ltr'><strong>vi</strong></span> <span class='ocrx_word' id='word_1_68' title='bbox 1379 1023 1614 1092; x_wconf 90' lang='lat' dir='ltr'><strong>pollebat</strong></span> <span class='ocrx_word' id='word_1_69' title='bbox 1641 1023 1732 1091; x_wconf 85' lang='lat' dir='ltr'><strong>(iis</strong></span> <span class='ocrx_word' id='word_1_70' title='bbox 1763 1022 1913 1076; x_wconf 71' lang='lat' dir='ltr'><strong>scili-</strong></span> 
     </span>
    </p>
   </div>
   <div class='ocr_carea' id='block_1_10' title="bbox 336 1110 1912 1181">
    <p class='ocr_par' dir='ltr' id='par_1_10' title="bbox 336 1110 1912 1181">
     <span class='ocr_line' id='line_1_10' title="bbox 336 1110 1912 1181; baseline 0.001 -18"><span class='ocrx_word' id='word_1_71' title='bbox 336 1120 413 1163; x_wconf 80' lang='lat' dir='ltr'><strong>Ccl</strong></span> <span class='ocrx_word' id='word_1_72' title='bbox 440 1111 535 1178; x_wconf 94' lang='lat' dir='ltr'><strong>qui</strong></span> <span class='ocrx_word' id='word_1_73' title='bbox 564 1126 676 1165; x_wconf 76' lang='lat' dir='ltr'><strong>suae</strong></span> <span class='ocrx_word' id='word_1_74' title='bbox 707 1110 906 1164; x_wconf 88' lang='lat' dir='ltr'><strong>mentis</strong></span> <span class='ocrx_word' id='word_1_75' title='bbox 932 1113 1091 1165; x_wconf 91' lang='lat' dir='ltr'><strong>oculo</strong></span> <span class='ocrx_word' id='word_1_76' title='bbox 1123 1115 1188 1165; x_wconf 87' lang='lat' dir='ltr'><strong>ab</strong></span> <span class='ocrx_word' id='word_1_77' title='bbox 1215 1112 1333 1179; x_wconf 85' lang='lat' dir='ltr'><strong>ejus</strong></span> <span class='ocrx_word' id='word_1_78' title='bbox 1364 1112 1664 1181; x_wconf 77' lang='lat' dir='ltr'><strong>fulgoribus</strong></span> <span class='ocrx_word' id='word_1_79' title='bbox 1690 1113 1912 1166; x_wconf 80' lang='lat' dir='ltr'><strong>minime</strong></span> 
     </span>
    </p>
   </div>
   <div class='ocr_carea' id='block_1_11' title="bbox 336 1204 1912 1273">
    <p class='ocr_par' dir='ltr' id='par_1_11' title="bbox 336 1204 1912 1273">
     <span class='ocr_line' id='line_1_11' title="bbox 336 1204 1912 1273; baseline 0.003 -19"><span class='ocrx_word' id='word_1_80' title='bbox 336 1204 743 1272; x_wconf 90' lang='lat' dir='ltr'><strong>abhorrerent),</strong></span> <span class='ocrx_word' id='word_1_81' title='bbox 776 1204 896 1257; x_wconf 88' lang='lat' dir='ltr'><strong>aliis</strong></span> <span class='ocrx_word' id='word_1_82' title='bbox 924 1204 1274 1264; x_wconf 83' lang='lat' dir='ltr'><strong>obscuraudi,</strong></span> <span class='ocrx_word' id='word_1_83' title='bbox 1331 1205 1422 1273; x_wconf 85' lang='lat' dir='ltr'><strong>qui</strong></span> <span class='ocrx_word' id='word_1_84' title='bbox 1459 1206 1674 1273; x_wconf 89' lang='lat' dir='ltr'><strong>propria</strong></span> <span class='ocrx_word' id='word_1_85' title='bbox 1713 1205 1912 1260; x_wconf 90' lang='lat' dir='ltr'><strong>mentis</strong></span> 
     </span>
    </p>
   </div>
   <div class='ocr_carea' id='block_1_12' title="bbox 337 1296 1910 1365">
    <p class='ocr_par' dir='ltr' id='par_1_12' title="bbox 337 1296 1910 1365">
     <span class='ocr_line' id='line_1_12' title="bbox 337 1296 1910 1365; baseline 0.002 -19"><span class='ocrx_word' id='word_1_86' title='bbox 337 1296 620 1350; x_wconf 74' lang='lat' dir='ltr'><strong>debilitate</strong></span> <span class='ocrx_word' id='word_1_87' title='bbox 650 1312 832 1350; x_wconf 89' lang='lat' dir='ltr'><strong>veram</strong></span> <span class='ocrx_word' id='word_1_88' title='bbox 886 1297 1186 1351; x_wconf 86' lang='lat' dir='ltr'><strong>claritatem</strong></span> <span class='ocrx_word' id='word_1_89' title='bbox 1232 1297 1444 1351; x_wconf 89' lang='lat' dir='ltr'><strong>obtueri</strong></span> <span class='ocrx_word' id='word_1_90' title='bbox 1500 1313 1604 1350; x_wconf 90' lang='lat' dir='ltr'><strong>non</strong></span> <span class='ocrx_word' id='word_1_91' title='bbox 1656 1306 1910 1365; x_wconf 86' lang='lat' dir='ltr'><strong>possent;</strong></span> 
     </span>
    </p>
   </div>
   <div class='ocr_carea' id='block_1_13' title="bbox 336 1386 1914 1458">
    <p class='ocr_par' dir='ltr' id='par_1_13' title="bbox 336 1386 1914 1458">
     <span class='ocr_line' id='line_1_13' title="bbox 336 1386 1914 1458; baseline 0.001 -19"><span class='ocrx_word' id='word_1_92' title='bbox 336 1389 430 1456; x_wconf 90' lang='lat' dir='ltr'><strong>qui</strong></span> <span class='ocrx_word' id='word_1_93' title='bbox 475 1389 651 1441; x_wconf 79' lang='lat' dir='ltr'><strong>lucem</strong></span> <span class='ocrx_word' id='word_1_94' title='bbox 684 1388 924 1457; x_wconf 85' lang='lat' dir='ltr'><strong>quidem,</strong></span> <span class='ocrx_word' id='word_1_95' title='bbox 977 1397 1033 1442; x_wconf 87' lang='lat' dir='ltr'><strong>ut</strong></span> <span class='ocrx_word' id='word_1_96' title='bbox 1074 1389 1346 1441; x_wconf 89' lang='lat' dir='ltr'><strong>inimicam</strong></span> <span class='ocrx_word' id='word_1_97' title='bbox 1391 1386 1731 1458; x_wconf 76' lang='lat' dir='ltr'><strong>refugerent;</strong></span> <span class='ocrx_word' id='word_1_98' title='bbox 1766 1396 1914 1441; x_wconf 83' lang='lat' dir='ltr'><strong>teuc-</strong></span> 
     </span>
    </p>
   </div>
   <div class='ocr_carea' id='block_1_14' title="bbox 339 1477 1908 1546">
    <p class='ocr_par' dir='ltr' id='par_1_14' title="bbox 339 1477 1908 1546">
     <span class='ocr_line' id='line_1_14' title="bbox 339 1477 1908 1546; baseline -0.001 -16"><span class='ocrx_word' id='word_1_99' title='bbox 339 1479 466 1530; x_wconf 83' lang='lat' dir='ltr'><strong>bras</strong></span> <span class='ocrx_word' id='word_1_100' title='bbox 495 1489 676 1533; x_wconf 89' lang='lat' dir='ltr'><strong>autem</strong></span> <span class='ocrx_word' id='word_1_101' title='bbox 713 1489 969 1546; x_wconf 90' lang='lat' dir='ltr'><strong>tanquam</strong></span> <span class='ocrx_word' id='word_1_102' title='bbox 1011 1479 1370 1532; x_wconf 79' lang='lat' dir='ltr'><strong>suavissimas</strong></span> <span class='ocrx_word' id='word_1_103' title='bbox 1428 1477 1532 1531; x_wconf 91' lang='lat' dir='ltr'><strong>sibi</strong></span> <span class='ocrx_word' id='word_1_104' title='bbox 1585 1477 1908 1546; x_wconf 85' lang='lat' dir='ltr'><strong>deligerent.</strong></span> 
     </span>
    </p>
   </div>
   <div class='ocr_carea' id='block_1_15' title="bbox 337 1569 1912 1640">
    <p class='ocr_par' dir='ltr' id='par_1_15' title="bbox 337 1569 1912 1640">
     <span class='ocr_line' id='line_1_15' title="bbox 337 1569 1912 1640; baseline -0.003 -17"><span class='ocrx_word' id='word_1_105' title='bbox 337 1571 414 1623; x_wconf 74' lang='lat' dir='ltr'><strong>Ae.</strong></span> <span class='ocrx_word' id='word_1_106' title='bbox 445 1571 681 1624; x_wconf 77' lang='lat' dir='ltr'><strong>alierum</strong></span> <span class='ocrx_word' id='word_1_107' title='bbox 711 1569 930 1640; x_wconf 87' lang='lat' dir='ltr'><strong>quidem</strong></span> <span class='ocrx_word' id='word_1_108' title='bbox 965 1571 1159 1624; x_wconf 91' lang='lat' dir='ltr'><strong>mentis</strong></span> <span class='ocrx_word' id='word_1_109' title='bbox 1200 1571 1474 1622; x_wconf 87' lang='lat' dir='ltr'><strong>rationum</strong></span> <span class='ocrx_word' id='word_1_110' title='bbox 1537 1583 1600 1622; x_wconf 89' lang='lat' dir='ltr'><strong>ac</strong></span> <span class='ocrx_word' id='word_1_111' title='bbox 1633 1569 1912 1622; x_wconf 87' lang='lat' dir='ltr'><strong>actionum</strong></span> 
     </span>
    </p>
   </div>
   <div class='ocr_carea' id='block_1_16' title="bbox 342 1661 1912 1733">
    <p class='ocr_par' dir='ltr' id='par_1_16' title="bbox 342 1661 1912 1733">
     <span class='ocr_line' id='line_1_16' title="bbox 342 1661 1912 1733; baseline 0 -20"><span class='ocrx_word' id='word_1_112' title='bbox 342 1663 640 1731; x_wconf 87' lang='lat' dir='ltr'><strong>primitiva,</strong></span> <span class='ocrx_word' id='word_1_113' title='bbox 681 1665 1021 1733; x_wconf 83' lang='lat' dir='ltr'><strong>argumentis</strong></span> <span class='ocrx_word' id='word_1_114' title='bbox 1067 1661 1356 1717; x_wconf 89' lang='lat' dir='ltr'><strong>confutans</strong></span> <span class='ocrx_word' id='word_1_115' title='bbox 1410 1661 1912 1728; x_wconf 66' lang='lat' dir='ltr'><strong>exterminabat“;</strong></span> 
     </span>
    </p>
   </div>
   <div class='ocr_carea' id='block_1_17' title="bbox 341 1753 1915 1824">
    <p class='ocr_par' dir='ltr' id='par_1_17' title="bbox 341 1753 1915 1824">
     <span class='ocr_line' id='line_1_17' title="bbox 341 1753 1915 1824; baseline 0.001 -18"><span class='ocrx_word' id='word_1_116' title='bbox 341 1755 574 1807; x_wconf 86' lang='lat' dir='ltr'><strong>aliorum</strong></span> <span class='ocrx_word' id='word_1_117' title='bbox 607 1764 786 1810; x_wconf 86' lang='lat' dir='ltr'><strong>autem</strong></span> <span class='ocrx_word' id='word_1_118' title='bbox 822 1755 1280 1810; x_wconf 77' lang='lat' dir='ltr'><strong>ini-outaminalas</strong></span> <span class='ocrx_word' id='word_1_119' title='bbox 1313 1755 1364 1808; x_wconf 88' lang='lat' dir='ltr'><strong>in</strong></span> <span class='ocrx_word' id='word_1_120' title='bbox 1405 1753 1610 1809; x_wconf 80' lang='lat' dir='ltr'><strong>Christi</strong></span> <span class='ocrx_word' id='word_1_121' title='bbox 1653 1753 1915 1824; x_wconf 86' lang='lat' dir='ltr'><strong>sanguine</strong></span> 
     </span>
    </p>
   </div>
   <div class='ocr_carea' id='block_1_18' title="bbox 341 1847 957 1902">
    <p class='ocr_par' dir='ltr' id='par_1_18' title="bbox 341 1847 957 1902">
     <span class='ocr_line' id='line_1_18' title="bbox 341 1847 957 1902; baseline 0.005 -4"><span class='ocrx_word' id='word_1_122' title='bbox 341 1847 554 1900; x_wconf 87' lang='lat' dir='ltr'><strong>animas</strong></span> <span class='ocrx_word' id='word_1_123' title='bbox 580 1847 957 1902; x_wconf 83' lang='lat' dir='ltr'><strong>conservabat.</strong></span> 
     </span>
    </p>
   </div>
   <div class='ocr_carea' id='block_1_19' title="bbox 417 1922 1991 2009">
    <p class='ocr_par' dir='ltr' id='par_1_19' title="bbox 417 1922 1991 2009">
     <span class='ocr_line' id='line_1_19' title="bbox 417 1922 1991 2009; baseline 0.003 -22"><span class='ocrx_word' id='word_1_124' title='bbox 417 1937 559 1991; x_wconf 79' lang='lat' dir='ltr'><strong>Idem</strong></span> <span class='ocrx_word' id='word_1_125' title='bbox 611 1940 728 2007; x_wconf 90' lang='lat' dir='ltr'><strong>ipse</strong></span> <span class='ocrx_word' id='word_1_126' title='bbox 765 1939 912 2009; x_wconf 82' lang='lat' dir='ltr'><strong>ignis</strong></span> <span class='ocrx_word' id='word_1_127' title='bbox 941 1939 1197 1994; x_wconf 90' lang='lat' dir='ltr'><strong>columna</strong></span> <span class='ocrx_word' id='word_1_128' title='bbox 1275 1955 1338 1994; x_wconf 91' lang='lat' dir='ltr'><strong>ac</strong></span> <span class='ocrx_word' id='word_1_129' title='bbox 1389 1939 1556 1994; x_wconf 88' lang='lat' dir='ltr'><strong>nubis</strong></span> <span class='ocrx_word' id='word_1_130' title='bbox 1585 1938 1912 2002; x_wconf 77' lang='lat' dir='ltr'><strong>cﬂicilur”;</strong></span> <span class='ocrx_word' id='word_1_131' title='bbox 1949 1922 1991 1980; x_wconf 76' lang='grc' dir='ltr'><strong>Β</strong></span> 
     </span>
    </p>
   </div>
   <div class='ocr_carea' id='block_1_20' title="bbox 344 2030 1914 2100">
    <p class='ocr_par' dir='ltr' id='par_1_20' title="bbox 344 2030 1914 2100">
     <span class='ocr_line' id='line_1_20' title="bbox 344 2030 1914 2100; baseline 0.003 -22"><span class='ocrx_word' id='word_1_132' title='bbox 344 2030 550 2095; x_wconf 82' lang='lat' dir='ltr'><strong>peccati</strong></span> <span class='ocrx_word' id='word_1_133' title='bbox 584 2030 870 2100; x_wconf 82' lang='lat' dir='ltr'><strong>caliginem</strong></span> <span class='ocrx_word' id='word_1_134' title='bbox 914 2030 1264 2100; x_wconf 88' lang='lat' dir='ltr'><strong>dispescens,</strong></span> <span class='ocrx_word' id='word_1_135' title='bbox 1303 2030 1632 2099; x_wconf 79' lang='lat' dir='ltr'><strong>virtutisque</strong></span> <span class='ocrx_word' id='word_1_136' title='bbox 1673 2030 1914 2084; x_wconf 85' lang='lat' dir='ltr'><strong>laborem</strong></span> 
     </span>
    </p>
   </div>
   <div class='ocr_carea' id='block_1_21' title="bbox 345 2119 1917 2192">
    <p class='ocr_par' dir='ltr' id='par_1_21' title="bbox 345 2119 1917 2192">
     <span class='ocr_line' id='line_1_21' title="bbox 345 2119 1917 2192; baseline 0.003 -20"><span class='ocrx_word' id='word_1_137' title='bbox 345 2119 630 2188; x_wconf 80' lang='lat' dir='ltr'><strong>refrigerio</strong></span> <span class='ocrx_word' id='word_1_138' title='bbox 659 2130 967 2191; x_wconf 80' lang='lat' dir='ltr'><strong>temperans</strong></span> <span class='ocrx_word' id='word_1_139' title='bbox 1009 2132 1171 2190; x_wconf 88' lang='lat' dir='ltr'><strong>atque</strong></span> <span class='ocrx_word' id='word_1_140' title='bbox 1202 2123 1442 2188; x_wconf 83' lang='lat' dir='ltr'><strong>leniens;</strong></span> <span class='ocrx_word' id='word_1_141' title='bbox 1472 2123 1728 2192; x_wconf 89' lang='lat' dir='ltr'><strong>velutque</strong></span> <span class='ocrx_word' id='word_1_142' title='bbox 1755 2123 1917 2178; x_wconf 90' lang='lat' dir='ltr'><strong>nubis</strong></span> 
     </span>
    </p>
   </div>
   <div class='ocr_carea' id='block_1_22' title="bbox 343 2211 1916 2284">
    <p class='ocr_par' dir='ltr' id='par_1_22' title="bbox 343 2211 1916 2284">
     <span class='ocr_line' id='line_1_22' title="bbox 343 2211 1916 2284; baseline 0.003 -21"><span class='ocrx_word' id='word_1_143' title='bbox 343 2225 492 2273; x_wconf 90' lang='lat' dir='ltr'><strong>rore,</strong></span> <span class='ocrx_word' id='word_1_144' title='bbox 540 2211 801 2268; x_wconf 81' lang='lat' dir='ltr'><strong>Paracleti</strong></span> <span class='ocrx_word' id='word_1_145' title='bbox 855 2215 1247 2278; x_wconf 78' lang='lat' dir='ltr'><strong>Consolatione,</strong></span> <span class='ocrx_word' id='word_1_146' title='bbox 1307 2214 1605 2284; x_wconf 88' lang='lat' dir='ltr'><strong>spiritalem</strong></span> <span class='ocrx_word' id='word_1_147' title='bbox 1664 2215 1916 2269; x_wconf 87' lang='lat' dir='ltr'><strong>lsraclem</strong></span> 
     </span>
    </p>
   </div>
   <div class='ocr_carea' id='block_1_23' title="bbox 346 2305 1917 2375">
    <p class='ocr_par' dir='ltr' id='par_1_23' title="bbox 346 2305 1917 2375">
     <span class='ocr_line' id='line_1_23' title="bbox 346 2305 1917 2375; baseline 0.001 -16"><span class='ocrx_word' id='word_1_148' title='bbox 346 2305 553 2370; x_wconf 88' lang='lat' dir='ltr'><strong>levans,</strong></span> <span class='ocrx_word' id='word_1_149' title='bbox 585 2316 746 2373; x_wconf 88' lang='lat' dir='ltr'><strong>atque</strong></span> <span class='ocrx_word' id='word_1_150' title='bbox 779 2307 844 2360; x_wconf 93' lang='lat' dir='ltr'><strong>ad</strong></span> <span class='ocrx_word' id='word_1_151' title='bbox 874 2322 1138 2375; x_wconf 88' lang='lat' dir='ltr'><strong>supernas</strong></span> <span class='ocrx_word' id='word_1_152' title='bbox 1164 2307 1476 2361; x_wconf 87' lang='lat' dir='ltr'><strong>mansiones</strong></span> <span class='ocrx_word' id='word_1_153' title='bbox 1505 2307 1830 2372; x_wconf 85' lang='lat' dir='ltr'><strong>traducens;</strong></span> <span class='ocrx_word' id='word_1_154' title='bbox 1854 2323 1917 2362; x_wconf 89' lang='lat' dir='ltr'><strong>ac</strong></span> 
     </span>
    </p>
   </div>
   <div class='ocr_carea' id='block_1_24' title="bbox 347 2398 1919 2466">
    <p class='ocr_par' dir='ltr' id='par_1_24' title="bbox 347 2398 1919 2466">
     <span class='ocr_line' id='line_1_24' title="bbox 347 2398 1919 2466; baseline 0.004 -17"><span class='ocrx_word' id='word_1_155' title='bbox 347 2411 512 2449; x_wconf 87' lang='lat' dir='ltr'><strong>manu</strong></span> <span class='ocrx_word' id='word_1_156' title='bbox 550 2398 770 2466; x_wconf 72' lang='lat' dir='ltr'><strong>quidem</strong></span> <span class='ocrx_word' id='word_1_157' title='bbox 801 2399 1012 2452; x_wconf 83' lang='lat' dir='ltr'><strong>excelsa</strong></span> <span class='ocrx_word' id='word_1_158' title='bbox 1041 2400 1226 2454; x_wconf 78' lang='lat' dir='ltr'><strong>szeculi</strong></span> <span class='ocrx_word' id='word_1_159' title='bbox 1256 2415 1404 2454; x_wconf 88' lang='lat' dir='ltr'><strong>mare</strong></span> <span class='ocrx_word' id='word_1_160' title='bbox 1430 2401 1504 2454; x_wconf 90' lang='lat' dir='ltr'><strong>illi</strong></span> <span class='ocrx_word' id='word_1_161' title='bbox 1547 2402 1798 2465; x_wconf 64' lang='lat' dir='ltr'><strong>scissum,</strong></span> <span class='ocrx_word' id='word_1_162' title='bbox 1833 2402 1919 2455; x_wconf 82' lang='lat' dir='ltr'><strong>in-</strong></span> 
     </span>
    </p>
   </div>
   <div class='ocr_carea' id='block_1_25' title="bbox 347 2485 1972 2561">
    <p class='ocr_par' dir='ltr' id='par_1_25' title="bbox 347 2485 1972 2561">
     <span class='ocr_line' id='line_1_25' title="bbox 347 2485 1972 2561; baseline 0.004 -21"><span class='ocrx_word' id='word_1_163' title='bbox 347 2489 508 2541; x_wconf 80' lang='lat' dir='ltr'><strong>noxie</strong></span> <span class='ocrx_word' id='word_1_164' title='bbox 543 2489 959 2555; x_wconf 88' lang='lat' dir='ltr'><strong>transmittens;</strong></span> <span class='ocrx_word' id='word_1_165' title='bbox 1022 2505 1117 2545; x_wconf 91' lang='lat' dir='ltr'><strong>eos</strong></span> <span class='ocrx_word' id='word_1_166' title='bbox 1155 2507 1285 2544; x_wconf 88' lang='lat' dir='ltr'><strong>vero</strong></span> <span class='ocrx_word' id='word_1_167' title='bbox 1311 2492 1404 2561; x_wconf 87' lang='lat' dir='ltr'><strong>qui</strong></span> <span class='ocrx_word' id='word_1_168' title='bbox 1446 2492 1682 2548; x_wconf 89' lang='lat' dir='ltr'><strong>dementi</strong></span> <span class='ocrx_word' id='word_1_169' title='bbox 1736 2508 1799 2547; x_wconf 89' lang='lat' dir='ltr'><strong>ac</strong></span> <span class='ocrx_word' id='word_1_170' title='bbox 1829 2492 1919 2547; x_wconf 81' lang='lat' dir='ltr'><strong>fu-</strong></span> <span class='ocrx_word' id='word_1_171' title='bbox 1969 2485 1972 2490; x_wconf 67' lang='grc'><em>’</em></span> 
     </span>
    </p>
   </div>
   <div class='ocr_carea' id='block_1_26' title="bbox 351 2580 1922 2655">
    <p class='ocr_par' dir='ltr' id='par_1_26' title="bbox 351 2580 1922 2655">
     <span class='ocr_line' id='line_1_26' title="bbox 351 2580 1922 2655; baseline 0.004 -23"><span class='ocrx_word' id='word_1_172' title='bbox 351 2583 489 2633; x_wconf 77' lang='lat' dir='ltr'><strong>renti</strong></span> <span class='ocrx_word' id='word_1_173' title='bbox 531 2582 583 2633; x_wconf 90' lang='lat' dir='ltr'><strong>in</strong></span> <span class='ocrx_word' id='word_1_174' title='bbox 614 2596 739 2635; x_wconf 90' lang='lat' dir='ltr'><strong>eum</strong></span> <span class='ocrx_word' id='word_1_175' title='bbox 773 2580 1015 2650; x_wconf 78' lang='lat' dir='ltr'><strong>impetit,</strong></span> <span class='ocrx_word' id='word_1_176' title='bbox 1053 2584 1196 2636; x_wconf 91' lang='lat' dir='ltr'><strong>omni</strong></span> <span class='ocrx_word' id='word_1_177' title='bbox 1245 2593 1505 2652; x_wconf 89' lang='lat' dir='ltr'><strong>apparatu</strong></span> <span class='ocrx_word' id='word_1_178' title='bbox 1556 2584 1922 2655; x_wconf 84' lang='lat' dir='ltr'><strong>insequeban-</strong></span> 
     </span>
    </p>
   </div>
   <div class='ocr_carea' id='block_1_27' title="bbox 352 2672 1923 2747">
    <p class='ocr_par' dir='ltr' id='par_1_27' title="bbox 352 2672 1923 2747">
     <span class='ocr_line' id='line_1_27' title="bbox 352 2672 1923 2747; baseline 0.01 -28"><span class='ocrx_word' id='word_1_179' title='bbox 352 2680 457 2735; x_wconf 79' lang='lat' dir='ltr'><strong>tur,</strong></span> <span class='ocrx_word' id='word_1_180' title='bbox 510 2672 563 2723; x_wconf 91' lang='lat' dir='ltr'><strong>in</strong></span> <span class='ocrx_word' id='word_1_181' title='bbox 619 2687 684 2726; x_wconf 88' lang='lat' dir='ltr'><strong>eo</strong></span> <span class='ocrx_word' id='word_1_182' title='bbox 735 2672 1030 2729; x_wconf 82' lang='lat' dir='ltr'><strong>suﬂ‘ocatos</strong></span> <span class='ocrx_word' id='word_1_183' title='bbox 1089 2675 1425 2744; x_wconf 91' lang='lat' dir='ltr'><strong>relinquens,</strong></span> <span class='ocrx_word' id='word_1_184' title='bbox 1477 2678 1774 2746; x_wconf 88' lang='lat' dir='ltr'><strong>purissimo</strong></span> <span class='ocrx_word' id='word_1_185' title='bbox 1808 2678 1923 2747; x_wconf 89' lang='lat' dir='ltr'><strong>ipse</strong></span> 
     </span>
    </p>
   </div>
   <div class='ocr_carea' id='block_1_28' title="bbox 350 2763 1924 2838">
    <p class='ocr_par' dir='ltr' id='par_1_28' title="bbox 350 2763 1924 2838">
     <span class='ocr_line' id='line_1_28' title="bbox 350 2763 1924 2838; baseline 0.004 -20"><span class='ocrx_word' id='word_1_186' title='bbox 350 2763 737 2818; x_wconf 78' lang='lat' dir='ltr'><strong>salvandorum</strong></span> <span class='ocrx_word' id='word_1_187' title='bbox 799 2766 987 2828; x_wconf 68' lang='lat' dir='ltr'><strong>cmtui,</strong></span> <span class='ocrx_word' id='word_1_188' title='bbox 1033 2781 1157 2820; x_wconf 90' lang='lat' dir='ltr'><strong>cum</strong></span> <span class='ocrx_word' id='word_1_189' title='bbox 1204 2768 1494 2838; x_wconf 77' lang='lat' dir='ltr'><strong>magniﬁco</strong></span> <span class='ocrx_word' id='word_1_190' title='bbox 1525 2768 1740 2823; x_wconf 90' lang='lat' dir='ltr'><strong>virtutis</strong></span> <span class='ocrx_word' id='word_1_191' title='bbox 1772 2786 1924 2825; x_wconf 81' lang='lat' dir='ltr'><strong>com-</strong></span> 
     </span>
    </p>
   </div>
   <div class='ocr_carea' id='block_1_29' title="bbox 354 2857 1802 2930">
    <p class='ocr_par' dir='ltr' id='par_1_29' title="bbox 354 2857 1802 2930">
     <span class='ocr_line' id='line_1_29' title="bbox 354 2857 1802 2930; baseline 0.005 -22"><span class='ocrx_word' id='word_1_192' title='bbox 354 2867 555 2919; x_wconf 86' lang='lat' dir='ltr'><strong>meatu,</strong></span> <span class='ocrx_word' id='word_1_193' title='bbox 599 2857 664 2909; x_wconf 92' lang='lat' dir='ltr'><strong>ad</strong></span> <span class='ocrx_word' id='word_1_194' title='bbox 691 2857 878 2912; x_wconf 86' lang='lat' dir='ltr'><strong>beatas</strong></span> <span class='ocrx_word' id='word_1_195' title='bbox 906 2857 1103 2913; x_wconf 91' lang='lat' dir='ltr'><strong>salutis</strong></span> <span class='ocrx_word' id='word_1_196' title='bbox 1142 2859 1299 2913; x_wconf 88' lang='lat' dir='ltr'><strong>sedes</strong></span> <span class='ocrx_word' id='word_1_197' title='bbox 1337 2860 1531 2913; x_wconf 89' lang='lat' dir='ltr'><strong>ductor</strong></span> <span class='ocrx_word' id='word_1_198' title='bbox 1556 2861 1802 2930; x_wconf 70' lang='lat' dir='ltr'><strong>praeibat.</strong></span> 
     </span>
    </p>
   </div>
   <div class='ocr_carea' id='block_1_30' title="bbox 425 2945 1922 3023">
    <p class='ocr_par' dir='ltr' id='par_1_30' title="bbox 425 2945 1922 3023">
     <span class='ocr_line' id='line_1_30' title="bbox 425 2945 1922 3023; baseline 0.007 -25"><span class='ocrx_word' id='word_1_199' title='bbox 425 2945 508 3000; x_wconf 85' lang='lat' dir='ltr'><strong>Fit</strong></span> <span class='ocrx_word' id='word_1_200' title='bbox 542 2957 695 3016; x_wconf 86' lang='lat' dir='ltr'><strong>petra</strong></span> <span class='ocrx_word' id='word_1_201' title='bbox 723 2949 805 3014; x_wconf 79' lang='lat'><strong>&#39;°;</strong></span> <span class='ocrx_word' id='word_1_202' title='bbox 853 2965 1039 3004; x_wconf 80' lang='lat' dir='ltr'><strong>revera</strong></span> <span class='ocrx_word' id='word_1_203' title='bbox 1098 2952 1242 3005; x_wconf 89' lang='lat' dir='ltr'><strong>enim</strong></span> <span class='ocrx_word' id='word_1_204' title='bbox 1274 2953 1572 3022; x_wconf 90' lang='lat' dir='ltr'><strong>spiritalem</strong></span> <span class='ocrx_word' id='word_1_205' title='bbox 1627 2955 1922 3023; x_wconf 85' lang='lat' dir='ltr'><strong>petram“,</strong></span> 
     </span>
    </p>
   </div>
   <div class='ocr_carea' id='block_1_31' title="bbox 351 3043 1926 3112">
    <p class='ocr_par' dir='ltr' id='par_1_31' title="bbox 351 3043 1926 3112">
     <span class='ocr_line' id='line_1_31' title="bbox 351 3043 1926 3112; baseline 0.008 -22"><span class='ocrx_word' id='word_1_206' title='bbox 351 3051 458 3092; x_wconf 92' lang='lat' dir='ltr'><strong>non</strong></span> <span class='ocrx_word' id='word_1_207' title='bbox 491 3050 832 3109; x_wconf 85' lang='lat' dir='ltr'><strong>sequentem.</strong></span> <span class='ocrx_word' id='word_1_208' title='bbox 863 3043 1074 3112; x_wconf 87' lang='lat' dir='ltr'><strong>ipsique</strong></span> <span class='ocrx_word' id='word_1_209' title='bbox 1102 3047 1378 3110; x_wconf 86' lang='lat' dir='ltr'><strong>comitem,</strong></span> <span class='ocrx_word' id='word_1_210' title='bbox 1448 3046 1543 3100; x_wconf 91' lang='lat' dir='ltr'><strong>sed</strong></span> <span class='ocrx_word' id='word_1_211' title='bbox 1591 3047 1646 3101; x_wconf 89' lang='lat' dir='ltr'><strong>iu</strong></span> <span class='ocrx_word' id='word_1_212' title='bbox 1694 3063 1758 3102; x_wconf 91' lang='lat' dir='ltr'><strong>eo</strong></span> <span class='ocrx_word' id='word_1_213' title='bbox 1809 3064 1926 3102; x_wconf 91' lang='lat' dir='ltr'><strong>ma-</strong></span> 
     </span>
    </p>
   </div>
   <div class='ocr_carea' id='block_1_32' title="bbox 353 3133 1922 3204">
    <p class='ocr_par' dir='ltr' id='par_1_32' title="bbox 353 3133 1922 3204">
     <span class='ocr_line' id='line_1_32' title="bbox 353 3133 1922 3204; baseline 0.007 -20"><span class='ocrx_word' id='word_1_214' title='bbox 353 3140 597 3195; x_wconf 89' lang='lat' dir='ltr'><strong>nentem,</strong></span> <span class='ocrx_word' id='word_1_215' title='bbox 622 3133 901 3188; x_wconf 89' lang='lat' dir='ltr'><strong>Christum</strong></span> <span class='ocrx_word' id='word_1_216' title='bbox 937 3136 1058 3190; x_wconf 69' lang='lat' dir='ltr'><strong>vitae</strong></span> <span class='ocrx_word' id='word_1_217' title='bbox 1087 3137 1276 3192; x_wconf 89' lang='lat' dir='ltr'><strong>latices</strong></span> <span class='ocrx_word' id='word_1_218' title='bbox 1303 3147 1637 3204; x_wconf 90' lang='lat' dir='ltr'><strong>manantem,</strong></span> <span class='ocrx_word' id='word_1_219' title='bbox 1669 3140 1922 3195; x_wconf 85' lang='lat' dir='ltr'><strong>habebat.</strong></span> 
     </span>
    </p>
   </div>
   <div class='ocr_carea' id='block_1_33' title="bbox 354 3223 1997 3328">
    <p class='ocr_par' dir='ltr' id='par_1_33' title="bbox 354 3223 1997 3328">
     <span class='ocr_line' id='line_1_33' title="bbox 354 3223 1997 3328; baseline 0.008 -52"><span class='ocrx_word' id='word_1_220' title='bbox 354 3223 586 3292; x_wconf 79' lang='lat' dir='ltr'><strong>Lignum</strong></span> <span class='ocrx_word' id='word_1_221' title='bbox 622 3241 842 3295; x_wconf 87' lang='lat' dir='ltr'><strong>quoque</strong></span> <span class='ocrx_word' id='word_1_222' title='bbox 893 3229 1145 3294; x_wconf 74' lang='lat' dir='ltr'><strong>edicitur,</strong></span> <span class='ocrx_word' id='word_1_223' title='bbox 1183 3230 1332 3297; x_wconf 89' lang='lat' dir='ltr'><strong>potui</strong></span> <span class='ocrx_word' id='word_1_224' title='bbox 1371 3231 1615 3284; x_wconf 89' lang='lat' dir='ltr'><strong>inutilem</strong></span> <span class='ocrx_word' id='word_1_225' title='bbox 1636 3233 1702 3298; x_wconf 85' lang='lat'><strong>“,</strong></span> <span class='ocrx_word' id='word_1_226' title='bbox 1762 3243 1926 3304; x_wconf 88' lang='lat' dir='ltr'><strong>atque</strong></span> <span class='ocrx_word' id='word_1_227' title='bbox 1951 3265 1997 3328; x_wconf 60' lang='grc' dir='ltr'>ε</span> 
     </span>
    </p>
   </div>
   <div class='ocr_carea' id='block_1_34' title="bbox 354 3320 1924 3385">
    <p class='ocr_par' dir='ltr' id='par_1_34' title="bbox 354 3320 1924 3385">
     <span class='ocr_line' id='line_1_34' title="bbox 354 3320 1924 3385; baseline 0.008 -17"><span class='ocrx_word' id='word_1_228' title='bbox 354 3331 597 3370; x_wconf 84' lang='lat' dir='ltr'><strong>amaram</strong></span> <span class='ocrx_word' id='word_1_229' title='bbox 633 3320 909 3372; x_wconf 66' lang='lat' dir='ltr'><strong>haareseon</strong></span> <span class='ocrx_word' id='word_1_230' title='bbox 943 3320 1270 3385; x_wconf 90' lang='lat' dir='ltr'><strong>doctrinam,</strong></span> <span class='ocrx_word' id='word_1_231' title='bbox 1300 3323 1357 3375; x_wconf 92' lang='lat' dir='ltr'><strong>in</strong></span> <span class='ocrx_word' id='word_1_232' title='bbox 1392 3332 1550 3376; x_wconf 71' lang='lat' dir='ltr'><strong>reetze</strong></span> <span class='ocrx_word' id='word_1_233' title='bbox 1585 3323 1706 3378; x_wconf 84' lang='lat' dir='ltr'><strong>lidei</strong></span> <span class='ocrx_word' id='word_1_234' title='bbox 1739 3324 1924 3380; x_wconf 87' lang='lat' dir='ltr'><strong>dulce-</strong></span> 
     </span>
    </p>
   </div>
   <div class='ocr_carea' id='block_1_35' title="bbox 353 3410 1923 3471">
    <p class='ocr_par' dir='ltr' id='par_1_35' title="bbox 353 3410 1923 3471">
     <span class='ocr_line' id='line_1_35' title="bbox 353 3410 1923 3471; baseline 0.006 -9"><span class='ocrx_word' id='word_1_235' title='bbox 353 3410 535 3463; x_wconf 85' lang='lat' dir='ltr'><strong>dinem</strong></span> <span class='ocrx_word' id='word_1_236' title='bbox 570 3421 813 3466; x_wconf 90' lang='lat' dir='ltr'><strong>mutans.</strong></span> <span class='ocrx_word' id='word_1_237' title='bbox 837 3411 1085 3468; x_wconf 82' lang='lat' dir='ltr'><strong>Manibus</strong></span> <span class='ocrx_word' id='word_1_238' title='bbox 1115 3424 1299 3468; x_wconf 89' lang='lat' dir='ltr'><strong>autem</strong></span> <span class='ocrx_word' id='word_1_239' title='bbox 1331 3430 1436 3470; x_wconf 91' lang='lat' dir='ltr'><strong>non</strong></span> <span class='ocrx_word' id='word_1_240' title='bbox 1466 3415 1702 3470; x_wconf 88' lang='lat' dir='ltr'><strong>interdiu</strong></span> <span class='ocrx_word' id='word_1_241' title='bbox 1732 3425 1923 3471; x_wconf 81' lang='lat' dir='ltr'><strong>exten-</strong></span> 
     </span>
    </p>
   </div>
   <div class='ocr_carea' id='block_1_36' title="bbox 355 3504 1928 3583">
    <p class='ocr_par' dir='ltr' id='par_1_36' title="bbox 355 3504 1928 3583">
     <span class='ocr_line' id='line_1_36' title="bbox 355 3504 1928 3583; baseline 0.006 -25"><span class='ocrx_word' id='word_1_242' title='bbox 355 3504 453 3568; x_wconf 90' lang='lat' dir='ltr'><strong>sis,</strong></span> <span class='ocrx_word' id='word_1_243' title='bbox 527 3521 594 3558; x_wconf 87' lang='lat' dir='ltr'><strong>ac</strong></span> <span class='ocrx_word' id='word_1_244' title='bbox 649 3523 771 3574; x_wconf 65' lang='lat' dir='ltr'><strong>qua:</strong></span> <span class='ocrx_word' id='word_1_245' title='bbox 820 3523 1012 3575; x_wconf 88' lang='lat' dir='ltr'><strong>graves</strong></span> <span class='ocrx_word' id='word_1_246' title='bbox 1067 3510 1523 3578; x_wconf 89' lang='lat' dir='ltr'><strong>deprimerentur,</strong></span> <span class='ocrx_word' id='word_1_247' title='bbox 1583 3511 1928 3583; x_wconf 89' lang='lat' dir='ltr'><strong>aliorumque</strong></span> 
     </span>
    </p>
   </div>
   <div class='ocr_carea' id='block_1_37' title="bbox 354 3600 1928 3669">
    <p class='ocr_par' dir='ltr' id='par_1_37' title="bbox 354 3600 1928 3669">
     <span class='ocr_line' id='line_1_37' title="bbox 354 3600 1928 3669; baseline 0.008 -19"><span class='ocrx_word' id='word_1_248' title='bbox 354 3612 519 3666; x_wconf 85' lang='lat' dir='ltr'><strong>opera</strong></span> <span class='ocrx_word' id='word_1_249' title='bbox 553 3601 848 3654; x_wconf 87' lang='lat' dir='ltr'><strong>sustentari</strong></span> <span class='ocrx_word' id='word_1_250' title='bbox 882 3600 1168 3669; x_wconf 89' lang='lat' dir='ltr'><strong>deberent;</strong></span> <span class='ocrx_word' id='word_1_251' title='bbox 1207 3603 1298 3658; x_wconf 87' lang='lat' dir='ltr'><strong>sed</strong></span> <span class='ocrx_word' id='word_1_252' title='bbox 1333 3613 1512 3658; x_wconf 89' lang='lat' dir='ltr'><strong>mente</strong></span> <span class='ocrx_word' id='word_1_253' title='bbox 1548 3604 1598 3658; x_wconf 89' lang='lat' dir='ltr'><strong>in</strong></span> <span class='ocrx_word' id='word_1_254' title='bbox 1634 3604 1928 3662; x_wconf 90' lang='lat' dir='ltr'><strong>Dominum</strong></span> 
     </span>
    </p>
   </div>
   <div class='ocr_carea' id='block_1_38' title="bbox 349 3689 1926 3762">
    <p class='ocr_par' dir='ltr' id='par_1_38' title="bbox 349 3689 1926 3762">
     <span class='ocr_line' id='line_1_38' title="bbox 349 3689 1926 3762; baseline 0.007 -20"><span class='ocrx_word' id='word_1_255' title='bbox 349 3689 553 3760; x_wconf 87' lang='lat' dir='ltr'><strong>jugiter</strong></span> <span class='ocrx_word' id='word_1_256' title='bbox 579 3690 792 3746; x_wconf 90' lang='lat' dir='ltr'><strong>sublata</strong></span> <span class='ocrx_word' id='word_1_257' title='bbox 862 3708 925 3746; x_wconf 86' lang='lat' dir='ltr'><strong>ac</strong></span> <span class='ocrx_word' id='word_1_258' title='bbox 949 3695 1262 3762; x_wconf 81' lang='lat' dir='ltr'><strong>excedente,</strong></span> <span class='ocrx_word' id='word_1_259' title='bbox 1289 3704 1402 3750; x_wconf 88' lang='lat' dir='ltr'><strong>tum</strong></span> <span class='ocrx_word' id='word_1_260' title='bbox 1431 3713 1614 3751; x_wconf 92' lang='lat' dir='ltr'><strong>verum</strong></span> <span class='ocrx_word' id='word_1_261' title='bbox 1647 3698 1926 3753; x_wconf 70' lang='lat' dir='ltr'><strong>suffulcie-</strong></span> 
     </span>
    </p>
   </div>
   <div class='ocr_carea' id='block_1_39' title="bbox 355 3782 1928 3862">
    <p class='ocr_par' dir='ltr' id='par_1_39' title="bbox 355 3782 1928 3862">
     <span class='ocr_line' id='line_1_39' title="bbox 355 3782 1928 3862; baseline 0.006 -24"><span class='ocrx_word' id='word_1_262' title='bbox 355 3783 447 3838; x_wconf 89' lang='lat' dir='ltr'><strong>bat</strong></span> <span class='ocrx_word' id='word_1_263' title='bbox 508 3782 795 3850; x_wconf 83' lang='lat' dir='ltr'><strong>Israelem,</strong></span> <span class='ocrx_word' id='word_1_264' title='bbox 859 3793 970 3840; x_wconf 91' lang='lat' dir='ltr'><strong>tum</strong></span> <span class='ocrx_word' id='word_1_265' title='bbox 1029 3803 1216 3843; x_wconf 89' lang='lat' dir='ltr'><strong>verum</strong></span> <span class='ocrx_word' id='word_1_266' title='bbox 1284 3788 1545 3846; x_wconf 79' lang='lat' dir='ltr'><strong>fundebat</strong></span> <span class='ocrx_word' id='word_1_267' title='bbox 1600 3790 1928 3862; x_wconf 83' lang='lat' dir='ltr'><strong>fugabatque</strong></span> 
     </span>
    </p>
   </div>
   <div class='ocr_carea' id='block_1_40' title="bbox 354 3875 664 3935">
    <p class='ocr_par' dir='ltr' id='par_1_40' title="bbox 354 3875 664 3935">
     <span class='ocr_line' id='line_1_40' title="bbox 354 3875 664 3935; baseline 0.01 -6"><span class='ocrx_word' id='word_1_268' title='bbox 354 3875 582 3935; x_wconf 79' lang='lat' dir='ltr'><strong>Amalec</strong></span> <span class='ocrx_word' id='word_1_269' title='bbox 597 3877 664 3932; x_wconf 78' lang='grc'><strong>’⁸.</strong></span> 
     </span>
    </p>
   </div>
   <div class='ocr_carea' id='block_1_41' title="bbox 425 3972 1930 4044">
    <p class='ocr_par' dir='ltr' id='par_1_41' title="bbox 425 3972 1930 4044">
     <span class='ocr_line' id='line_1_41' title="bbox 425 3972 1930 4044; baseline 0.006 -21"><span class='ocrx_word' id='word_1_270' title='bbox 425 3972 538 4026; x_wconf 82' lang='lat' dir='ltr'><strong>Alit</strong></span> <span class='ocrx_word' id='word_1_271' title='bbox 585 3981 789 4037; x_wconf 89' lang='lat' dir='ltr'><strong>autem,</strong></span> <span class='ocrx_word' id='word_1_272' title='bbox 843 3989 948 4028; x_wconf 88' lang='lat' dir='ltr'><strong>non</strong></span> <span class='ocrx_word' id='word_1_273' title='bbox 1001 3989 1137 4044; x_wconf 89' lang='lat' dir='ltr'><strong>pane</strong></span> <span class='ocrx_word' id='word_1_274' title='bbox 1181 3975 1274 4044; x_wconf 88' lang='lat' dir='ltr'><strong>qui</strong></span> <span class='ocrx_word' id='word_1_275' title='bbox 1331 3975 1507 4044; x_wconf 87' lang='lat' dir='ltr'><strong>prima</strong></span> <span class='ocrx_word' id='word_1_276' title='bbox 1542 3975 1663 4031; x_wconf 90' lang='lat' dir='ltr'><strong>luce</strong></span> <span class='ocrx_word' id='word_1_277' title='bbox 1701 3991 1733 4032; x_wconf 91' lang='lat' dir='ltr'><strong>e</strong></span> <span class='ocrx_word' id='word_1_278' title='bbox 1791 3977 1930 4032; x_wconf 87' lang='lat' dir='ltr'><strong>coelo</strong></span> 
     </span>
    </p>
   </div>
   <div class='ocr_carea' id='block_1_42' title="bbox 357 4063 1931 4138">
    <p class='ocr_par' dir='ltr' id='par_1_42' title="bbox 357 4063 1931 4138">
     <span class='ocr_line' id='line_1_42' title="bbox 357 4063 1931 4138; baseline 0.004 -22"><span class='ocrx_word' id='word_1_279' title='bbox 357 4063 576 4133; x_wconf 88' lang='lat' dir='ltr'><strong>pluens,</strong></span> <span class='ocrx_word' id='word_1_280' title='bbox 639 4065 942 4134; x_wconf 90' lang='lat' dir='ltr'><strong>plusculum</strong></span> <span class='ocrx_word' id='word_1_281' title='bbox 983 4067 1310 4121; x_wconf 90' lang='lat' dir='ltr'><strong>ascendente</strong></span> <span class='ocrx_word' id='word_1_282' title='bbox 1362 4068 1476 4122; x_wconf 89' lang='lat' dir='ltr'><strong>sole</strong></span> <span class='ocrx_word' id='word_1_283' title='bbox 1511 4083 1633 4122; x_wconf 84' lang='lat' dir='ltr'><strong>mox</strong></span> <span class='ocrx_word' id='word_1_284' title='bbox 1666 4069 1931 4138; x_wconf 88' lang='lat' dir='ltr'><strong>collique-</strong></span> 
     </span>
    </p>
   </div>
   <div class='ocr_carea' id='block_1_43' title="bbox 360 4160 1933 4232">
    <p class='ocr_par' dir='ltr' id='par_1_43' title="bbox 360 4160 1933 4232">
     <span class='ocr_line' id='line_1_43' title="bbox 360 4160 1933 4232; baseline 0.002 -16"><span class='ocrx_word' id='word_1_285' title='bbox 360 4171 477 4216; x_wconf 90' lang='lat' dir='ltr'><strong>scat</strong></span> <span class='ocrx_word' id='word_1_286' title='bbox 493 4160 579 4227; x_wconf 67' lang='lat' dir='ltr'><strong>ﬂ‘;</strong></span> <span class='ocrx_word' id='word_1_287' title='bbox 617 4176 717 4215; x_wconf 89' lang='lat' dir='ltr'><strong>nec</strong></span> <span class='ocrx_word' id='word_1_288' title='bbox 745 4160 920 4214; x_wconf 91' lang='lat' dir='ltr'><strong>avium</strong></span> <span class='ocrx_word' id='word_1_289' title='bbox 957 4161 1213 4217; x_wconf 90' lang='lat' dir='ltr'><strong>carnibus</strong></span> <span class='ocrx_word' id='word_1_290' title='bbox 1244 4162 1511 4218; x_wconf 90' lang='lat' dir='ltr'><strong>immensa</strong></span> <span class='ocrx_word' id='word_1_291' title='bbox 1551 4163 1706 4232; x_wconf 92' lang='lat' dir='ltr'><strong>copia</strong></span> <span class='ocrx_word' id='word_1_292' title='bbox 1741 4163 1933 4219; x_wconf 89' lang='lat' dir='ltr'><strong>imbris</strong></span> 
     </span>
    </p>
   </div>
   <div class='ocr_carea' id='block_1_44' title="bbox 359 4251 1932 4320">
    <p class='ocr_par' dir='ltr' id='par_1_44' title="bbox 359 4251 1932 4320">
     <span class='ocr_line' id='line_1_44' title="bbox 359 4251 1932 4320; baseline 0.001 -15"><span class='ocrx_word' id='word_1_293' title='bbox 359 4251 534 4306; x_wconf 83' lang='lat' dir='ltr'><strong>instar</strong></span> <span class='ocrx_word' id='word_1_294' title='bbox 586 4251 992 4320; x_wconf 90' lang='lat' dir='ltr'><strong>depluentium,</strong></span> <span class='ocrx_word' id='word_1_295' title='bbox 1051 4251 1144 4306; x_wconf 89' lang='lat' dir='ltr'><strong>sed</strong></span> <span class='ocrx_word' id='word_1_296' title='bbox 1205 4267 1522 4308; x_wconf 88' lang='lat' dir='ltr'><strong>sermonum</strong></span> <span class='ocrx_word' id='word_1_297' title='bbox 1602 4252 1932 4308; x_wconf 88' lang='lat' dir='ltr'><strong>abundantia</strong></span> 
     </span>
    </p>
   </div>
   <div class='ocr_carea' id='block_1_45' title="bbox 361 4343 1935 4414">
    <p class='ocr_par' dir='ltr' id='par_1_45' title="bbox 361 4343 1935 4414">
     <span class='ocr_line' id='line_1_45' title="bbox 361 4343 1935 4414; baseline 0.001 -16"><span class='ocrx_word' id='word_1_298' title='bbox 361 4357 524 4414; x_wconf 86' lang='lat' dir='ltr'><strong>atque</strong></span> <span class='ocrx_word' id='word_1_299' title='bbox 561 4343 647 4408; x_wconf 90' lang='lat' dir='ltr'><strong>vi;</strong></span> <span class='ocrx_word' id='word_1_300' title='bbox 681 4353 789 4397; x_wconf 90' lang='lat' dir='ltr'><strong>tum</strong></span> <span class='ocrx_word' id='word_1_301' title='bbox 817 4359 1006 4413; x_wconf 90' lang='lat' dir='ltr'><strong>nempe</strong></span> <span class='ocrx_word' id='word_1_302' title='bbox 1045 4343 1215 4414; x_wconf 87' lang='lat' dir='ltr'><strong>magis</strong></span> <span class='ocrx_word' id='word_1_303' title='bbox 1244 4344 1568 4413; x_wconf 89' lang='lat' dir='ltr'><strong>spiritalium</strong></span> <span class='ocrx_word' id='word_1_304' title='bbox 1625 4359 1690 4399; x_wconf 94' lang='lat' dir='ltr'><strong>ac</strong></span> <span class='ocrx_word' id='word_1_305' title='bbox 1718 4345 1935 4399; x_wconf 84' lang='lat' dir='ltr'><strong>divino-</strong></span> 
     </span>
    </p>
   </div>
   <div class='ocr_carea' id='block_1_46' title="bbox 362 4435 1932 4506">
    <p class='ocr_par' dir='ltr' id='par_1_46' title="bbox 362 4435 1932 4506">
     <span class='ocr_line' id='line_1_46' title="bbox 362 4435 1932 4506; baseline 0 -17"><span class='ocrx_word' id='word_1_306' title='bbox 362 4454 508 4503; x_wconf 88' lang='lat' dir='ltr'><strong>rum,</strong></span> <span class='ocrx_word' id='word_1_307' title='bbox 535 4451 677 4506; x_wconf 89' lang='lat' dir='ltr'><strong>eque</strong></span> <span class='ocrx_word' id='word_1_308' title='bbox 715 4451 956 4500; x_wconf 88' lang='lat' dir='ltr'><strong>sursum,</strong></span> <span class='ocrx_word' id='word_1_309' title='bbox 985 4445 1146 4505; x_wconf 89' lang='lat' dir='ltr'><strong>atque</strong></span> <span class='ocrx_word' id='word_1_310' title='bbox 1190 4435 1451 4504; x_wconf 86' lang='lat' dir='ltr'><strong>sapientia</strong></span> <span class='ocrx_word' id='word_1_311' title='bbox 1477 4451 1598 4503; x_wconf 69' lang='lat' dir='ltr'><strong>quae</strong></span> <span class='ocrx_word' id='word_1_312' title='bbox 1619 4435 1684 4489; x_wconf 86' lang='lat' dir='ltr'><strong>de</strong></span> <span class='ocrx_word' id='word_1_313' title='bbox 1714 4451 1932 4489; x_wconf 89' lang='lat' dir='ltr'><strong>sursum</strong></span> 
     </span>
    </p>
   </div>
   <div class='ocr_carea' id='block_1_47' title="bbox 361 4528 1932 4598">
    <p class='ocr_par' dir='ltr' id='par_1_47' title="bbox 361 4528 1932 4598">
     <span class='ocr_line' id='line_1_47' title="bbox 361 4528 1932 4598; baseline -0.001 -14"><span class='ocrx_word' id='word_1_314' title='bbox 361 4539 467 4587; x_wconf 83' lang='lat' dir='ltr'><strong>est.</strong></span> <span class='ocrx_word' id='word_1_315' title='bbox 523 4529 974 4584; x_wconf 88' lang='lat' dir='ltr'><strong>subministrante</strong></span> <span class='ocrx_word' id='word_1_316' title='bbox 1026 4528 1465 4598; x_wconf 87' lang='lat' dir='ltr'><strong>suppetentium;</strong></span> <span class='ocrx_word' id='word_1_317' title='bbox 1523 4537 1635 4582; x_wconf 90' lang='lat' dir='ltr'><strong>tum</strong></span> <span class='ocrx_word' id='word_1_318' title='bbox 1673 4544 1932 4598; x_wconf 86' lang='lat' dir='ltr'><strong>corpora-</strong></span> 
     </span>
    </p>
   </div>
   <div class='ocr_carea' id='block_1_48' title="bbox 2015 653 3588 726">
    <p class='ocr_par' dir='ltr' id='par_1_48' title="bbox 2015 653 3588 726">
     <span class='ocr_line' id='line_1_48' title="bbox 2015 653 3588 726; baseline 0.002 -18"><span class='ocrx_word' id='word_1_319' title='bbox 2015 670 2140 709; x_wconf 88' lang='lat' dir='ltr'><strong>nem</strong></span> <span class='ocrx_word' id='word_1_320' title='bbox 2202 664 2433 722; x_wconf 87' lang='lat' dir='ltr'><strong>nactus;</strong></span> <span class='ocrx_word' id='word_1_321' title='bbox 2491 670 2601 708; x_wconf 92' lang='lat' dir='ltr'><strong>non</strong></span> <span class='ocrx_word' id='word_1_322' title='bbox 2655 653 2868 724; x_wconf 85' lang='lat' dir='ltr'><strong>fragore</strong></span> <span class='ocrx_word' id='word_1_323' title='bbox 2929 655 3301 726; x_wconf 90' lang='lat' dir='ltr'><strong>mugientibus</strong></span> <span class='ocrx_word' id='word_1_324' title='bbox 3336 657 3588 722; x_wconf 87' lang='lat' dir='ltr'><strong>vocibus,</strong></span> 
     </span>
    </p>
   </div>
   <div class='ocr_carea' id='block_1_49' title="bbox 2012 747 3587 817">
    <p class='ocr_par' dir='ltr' id='par_1_49' title="bbox 2012 747 3587 817">
     <span class='ocr_line' id='line_1_49' title="bbox 2012 747 3587 817; baseline 0.001 -16"><span class='ocrx_word' id='word_1_325' title='bbox 2012 747 2270 817; x_wconf 89' lang='lat' dir='ltr'><strong>tubisque</strong></span> <span class='ocrx_word' id='word_1_326' title='bbox 2321 763 2500 801; x_wconf 86' lang='lat' dir='ltr'><strong>aerem</strong></span> <span class='ocrx_word' id='word_1_327' title='bbox 2529 748 2578 801; x_wconf 88' lang='lat' dir='ltr'><strong>vi</strong></span> <span class='ocrx_word' id='word_1_328' title='bbox 2609 748 3061 817; x_wconf 89' lang='lat' dir='ltr'><strong>percutientibus,</strong></span> <span class='ocrx_word' id='word_1_329' title='bbox 3101 749 3587 816; x_wconf 87' lang='lat' dir='ltr'><strong>vehementiusque</strong></span> 
     </span>
    </p>
   </div>
   <div class='ocr_carea' id='block_1_50' title="bbox 2012 839 3590 908">
    <p class='ocr_par' dir='ltr' id='par_1_50' title="bbox 2012 839 3590 908">
     <span class='ocr_line' id='line_1_50' title="bbox 2012 839 3590 908; baseline 0 -16"><span class='ocrx_word' id='word_1_330' title='bbox 2012 839 2240 894; x_wconf 88' lang='lat' dir='ltr'><strong>auribus</strong></span> <span class='ocrx_word' id='word_1_331' title='bbox 2271 839 2692 905; x_wconf 87' lang='lat' dir='ltr'><strong>insonantibus;</strong></span> <span class='ocrx_word' id='word_1_332' title='bbox 2735 839 2826 893; x_wconf 85' lang='lat' dir='ltr'><strong>sed</strong></span> <span class='ocrx_word' id='word_1_333' title='bbox 2859 839 2978 892; x_wconf 83' lang='lat' dir='ltr'><strong>sine</strong></span> <span class='ocrx_word' id='word_1_334' title='bbox 3025 840 3280 907; x_wconf 87' lang='lat' dir='ltr'><strong>strepitu,</strong></span> <span class='ocrx_word' id='word_1_335' title='bbox 3311 848 3473 908; x_wconf 90' lang='lat' dir='ltr'><strong>atque</strong></span> <span class='ocrx_word' id='word_1_336' title='bbox 3511 839 3590 892; x_wconf 90' lang='lat' dir='ltr'><strong>le-</strong></span> 
     </span>
    </p>
   </div>
   <div class='ocr_carea' id='block_1_51' title="bbox 2017 929 3588 1000">
    <p class='ocr_par' dir='ltr' id='par_1_51' title="bbox 2017 929 3588 1000">
     <span class='ocr_line' id='line_1_51' title="bbox 2017 929 3588 1000; baseline -0.001 -18"><span class='ocrx_word' id='word_1_337' title='bbox 2017 930 2177 995; x_wconf 89' lang='lat' dir='ltr'><strong>niter,</strong></span> <span class='ocrx_word' id='word_1_338' title='bbox 2233 940 2290 984; x_wconf 91' lang='lat' dir='ltr'><strong>et</strong></span> <span class='ocrx_word' id='word_1_339' title='bbox 2348 931 2454 984; x_wconf 92' lang='lat' dir='ltr'><strong>leni</strong></span> <span class='ocrx_word' id='word_1_340' title='bbox 2515 947 2579 985; x_wconf 91' lang='lat' dir='ltr'><strong>ac</strong></span> <span class='ocrx_word' id='word_1_341' title='bbox 2629 931 2811 1000; x_wconf 87' lang='lat' dir='ltr'><strong>quieto</strong></span> <span class='ocrx_word' id='word_1_342' title='bbox 2861 929 2952 984; x_wconf 90' lang='lat' dir='ltr'><strong>Dei</strong></span> <span class='ocrx_word' id='word_1_343' title='bbox 2993 929 3216 1000; x_wconf 90' lang='lat' dir='ltr'><strong>Spiritui</strong></span> <span class='ocrx_word' id='word_1_344' title='bbox 3251 930 3588 998; x_wconf 89' lang='lat' dir='ltr'><strong>colloquens,</strong></span> 
     </span>
    </p>
   </div>
   <div class='ocr_carea' id='block_1_52' title="bbox 2015 1022 3588 1092">
    <p class='ocr_par' dir='ltr' id='par_1_52' title="bbox 2015 1022 3588 1092">
     <span class='ocr_line' id='line_1_52' title="bbox 2015 1022 3588 1092; baseline -0.001 -17"><span class='ocrx_word' id='word_1_345' title='bbox 2015 1022 2200 1091; x_wconf 89' lang='lat' dir='ltr'><strong>illique</strong></span> <span class='ocrx_word' id='word_1_346' title='bbox 2229 1023 2605 1092; x_wconf 86' lang='lat' dir='ltr'><strong>congrediens,</strong></span> <span class='ocrx_word' id='word_1_347' title='bbox 2648 1039 2714 1077; x_wconf 88' lang='lat' dir='ltr'><strong>ac</strong></span> <span class='ocrx_word' id='word_1_348' title='bbox 2759 1024 2977 1077; x_wconf 87' lang='lat' dir='ltr'><strong>silentio</strong></span> <span class='ocrx_word' id='word_1_349' title='bbox 3013 1038 3238 1089; x_wconf 83' lang='lat' dir='ltr'><strong>magnas</strong></span> <span class='ocrx_word' id='word_1_350' title='bbox 3271 1023 3588 1077; x_wconf 91' lang='lat' dir='ltr'><strong>sublimium</strong></span> 
     </span>
    </p>
   </div>
   <div class='ocr_carea' id='block_1_53' title="bbox 2015 1113 3590 1182">
    <p class='ocr_par' dir='ltr' id='par_1_53' title="bbox 2015 1113 3590 1182">
     <span class='ocr_line' id='line_1_53' title="bbox 2015 1113 3590 1182; baseline 0.001 -17"><span class='ocrx_word' id='word_1_351' title='bbox 2015 1113 2356 1167; x_wconf 87' lang='lat' dir='ltr'><strong>decretorum</strong></span> <span class='ocrx_word' id='word_1_352' title='bbox 2390 1130 2550 1168; x_wconf 90' lang='lat' dir='ltr'><strong>voces</strong></span> <span class='ocrx_word' id='word_1_353' title='bbox 2594 1115 2897 1182; x_wconf 87' lang='lat' dir='ltr'><strong>percipiens</strong></span> <span class='ocrx_word' id='word_1_354' title='bbox 2932 1132 2945 1168; x_wconf 91' lang='lat'><strong>:</strong></span> <span class='ocrx_word' id='word_1_355' title='bbox 2978 1130 3083 1168; x_wconf 91' lang='lat' dir='ltr'><strong>non</strong></span> <span class='ocrx_word' id='word_1_356' title='bbox 3119 1115 3354 1170; x_wconf 89' lang='lat' dir='ltr'><strong>tenebris</strong></span> <span class='ocrx_word' id='word_1_357' title='bbox 3399 1129 3464 1167; x_wconf 90' lang='lat' dir='ltr'><strong>ac</strong></span> <span class='ocrx_word' id='word_1_358' title='bbox 3500 1129 3590 1168; x_wconf 86' lang='lat' dir='ltr'><strong>ca-</strong></span> 
     </span>
    </p>
   </div>
   <div class='ocr_carea' id='block_1_54' title="bbox 2016 1204 3590 1276">
    <p class='ocr_par' dir='ltr' id='par_1_54' title="bbox 2016 1204 3590 1276">
     <span class='ocr_line' id='line_1_54' title="bbox 2016 1204 3590 1276; baseline 0.001 -20"><span class='ocrx_word' id='word_1_359' title='bbox 2016 1204 2180 1274; x_wconf 86' lang='lat' dir='ltr'><strong>ligine</strong></span> <span class='ocrx_word' id='word_1_360' title='bbox 2215 1205 2453 1259; x_wconf 90' lang='lat' dir='ltr'><strong>obducto</strong></span> <span class='ocrx_word' id='word_1_361' title='bbox 2479 1219 2728 1274; x_wconf 89' lang='lat' dir='ltr'><strong>corpore,</strong></span> <span class='ocrx_word' id='word_1_362' title='bbox 2758 1205 2850 1260; x_wconf 89' lang='lat' dir='ltr'><strong>sed</strong></span> <span class='ocrx_word' id='word_1_363' title='bbox 2879 1221 3039 1274; x_wconf 85' lang='lat' dir='ltr'><strong>supra</strong></span> <span class='ocrx_word' id='word_1_364' title='bbox 3079 1221 3242 1275; x_wconf 91' lang='lat' dir='ltr'><strong>quam</strong></span> <span class='ocrx_word' id='word_1_365' title='bbox 3298 1205 3467 1276; x_wconf 90' lang='lat' dir='ltr'><strong>ignoti</strong></span> <span class='ocrx_word' id='word_1_366' title='bbox 3509 1206 3590 1258; x_wconf 81' lang='lat' dir='ltr'><strong>in-</strong></span> 
     </span>
    </p>
   </div>
   <div class='ocr_carea' id='block_1_55' title="bbox 2015 1297 3590 1367">
    <p class='ocr_par' dir='ltr' id='par_1_55' title="bbox 2015 1297 3590 1367">
     <span class='ocr_line' id='line_1_55' title="bbox 2015 1297 3590 1367; baseline -0.003 -14"><span class='ocrx_word' id='word_1_367' title='bbox 2015 1298 2518 1367; x_wconf 88' lang='lat' dir='ltr'><strong>comprehensionis</strong></span> <span class='ocrx_word' id='word_1_368' title='bbox 2570 1298 2760 1353; x_wconf 85' lang='lat' dir='ltr'><strong>notitia</strong></span> <span class='ocrx_word' id='word_1_369' title='bbox 2791 1298 3002 1352; x_wconf 91' lang='lat' dir='ltr'><strong>obtecto</strong></span> <span class='ocrx_word' id='word_1_370' title='bbox 3039 1315 3051 1351; x_wconf 96' lang='lat'>:</span> <span class='ocrx_word' id='word_1_371' title='bbox 3081 1313 3189 1351; x_wconf 91' lang='lat' dir='ltr'><strong>non</strong></span> <span class='ocrx_word' id='word_1_372' title='bbox 3239 1297 3494 1366; x_wconf 89' lang='lat' dir='ltr'><strong>procellis</strong></span> <span class='ocrx_word' id='word_1_373' title='bbox 3526 1312 3590 1349; x_wconf 90' lang='lat' dir='ltr'><strong>ac</strong></span> 
     </span>
    </p>
   </div>
   <div class='ocr_carea' id='block_1_56' title="bbox 2016 1387 3590 1459">
    <p class='ocr_par' dir='ltr' id='par_1_56' title="bbox 2016 1387 3590 1459">
     <span class='ocr_line' id='line_1_56' title="bbox 2016 1387 3590 1459; baseline -0.002 -15"><span class='ocrx_word' id='word_1_374' title='bbox 2016 1391 2231 1444; x_wconf 90' lang='lat' dir='ltr'><strong>turbine</strong></span> <span class='ocrx_word' id='word_1_375' title='bbox 2293 1391 2578 1459; x_wconf 89' lang='lat' dir='ltr'><strong>ventisque</strong></span> <span class='ocrx_word' id='word_1_376' title='bbox 2634 1387 2912 1453; x_wconf 84' lang='lat' dir='ltr'><strong>ﬂantibus,</strong></span> <span class='ocrx_word' id='word_1_377' title='bbox 2971 1389 3063 1444; x_wconf 91' lang='lat' dir='ltr'><strong>sed</strong></span> <span class='ocrx_word' id='word_1_378' title='bbox 3127 1390 3295 1442; x_wconf 89' lang='lat' dir='ltr'><strong>divini</strong></span> <span class='ocrx_word' id='word_1_379' title='bbox 3355 1387 3590 1456; x_wconf 89' lang='lat' dir='ltr'><strong>Spiritus</strong></span> 
     </span>
    </p>
   </div>
   <div class='ocr_carea' id='block_1_57' title="bbox 2017 1479 3592 1550">
    <p class='ocr_par' dir='ltr' id='par_1_57' title="bbox 2017 1479 3592 1550">
     <span class='ocr_line' id='line_1_57' title="bbox 2017 1479 3592 1550; baseline -0.003 -16"><span class='ocrx_word' id='word_1_380' title='bbox 2017 1481 2358 1535; x_wconf 86' lang='lat' dir='ltr'><strong>mollioribus</strong></span> <span class='ocrx_word' id='word_1_381' title='bbox 2385 1481 2536 1535; x_wconf 91' lang='lat' dir='ltr'><strong>auris</strong></span> <span class='ocrx_word' id='word_1_382' title='bbox 2563 1480 2956 1550; x_wconf 85' lang='lat' dir='ltr'><strong>perflautibus;</strong></span> <span class='ocrx_word' id='word_1_383' title='bbox 2992 1495 3099 1533; x_wconf 92' lang='lat' dir='ltr'><strong>non</strong></span> <span class='ocrx_word' id='word_1_384' title='bbox 3134 1479 3435 1534; x_wconf 70' lang='lat' dir='ltr'><strong>cwlestium</strong></span> <span class='ocrx_word' id='word_1_385' title='bbox 3462 1479 3592 1530; x_wconf 73' lang='lat' dir='ltr'><strong>ima~</strong></span> 
     </span>
    </p>
   </div>
   <div class='ocr_carea' id='block_1_58' title="bbox 2015 1567 3589 1642">
    <p class='ocr_par' dir='ltr' id='par_1_58' title="bbox 2015 1567 3589 1642">
     <span class='ocr_line' id='line_1_58' title="bbox 2015 1567 3589 1642; baseline -0.003 -19"><span class='ocrx_word' id='word_1_386' title='bbox 2015 1573 2191 1642; x_wconf 90' lang='lat' dir='ltr'><strong>gines,</strong></span> <span class='ocrx_word' id='word_1_387' title='bbox 2221 1587 2283 1626; x_wconf 91' lang='lat' dir='ltr'><strong>ac</strong></span> <span class='ocrx_word' id='word_1_388' title='bbox 2313 1574 2535 1642; x_wconf 81' lang='lat' dir='ltr'><strong>ﬁguras,</strong></span> <span class='ocrx_word' id='word_1_389' title='bbox 2587 1586 2688 1625; x_wconf 91' lang='lat' dir='ltr'><strong>nec</strong></span> <span class='ocrx_word' id='word_1_390' title='bbox 2745 1571 2992 1625; x_wconf 88' lang='lat' dir='ltr'><strong>veritatis</strong></span> <span class='ocrx_word' id='word_1_391' title='bbox 3037 1570 3293 1624; x_wconf 90' lang='lat' dir='ltr'><strong>obtuetur</strong></span> <span class='ocrx_word' id='word_1_392' title='bbox 3343 1567 3589 1631; x_wconf 91' lang='lat' dir='ltr'><strong>umbras,</strong></span> 
     </span>
    </p>
   </div>
   <div class='ocr_carea' id='block_1_59' title="bbox 2016 1656 3594 1730">
    <p class='ocr_par' dir='ltr' id='par_1_59' title="bbox 2016 1656 3594 1730">
     <span class='ocr_line' id='line_1_59' title="bbox 2016 1656 3594 1730; baseline -0.005 -14"><span class='ocrx_word' id='word_1_393' title='bbox 2016 1663 2109 1717; x_wconf 89' lang='lat' dir='ltr'><strong>sed</strong></span> <span class='ocrx_word' id='word_1_394' title='bbox 2136 1663 2249 1730; x_wconf 90' lang='lat' dir='ltr'><strong>ipsa</strong></span> <span class='ocrx_word' id='word_1_395' title='bbox 2285 1661 2556 1716; x_wconf 90' lang='lat' dir='ltr'><strong>sacratius</strong></span> <span class='ocrx_word' id='word_1_396' title='bbox 2583 1661 2809 1715; x_wconf 91' lang='lat' dir='ltr'><strong>docetur</strong></span> <span class='ocrx_word' id='word_1_397' title='bbox 2831 1660 3099 1724; x_wconf 81' lang='lat' dir='ltr'><strong>ccelestia,</strong></span> <span class='ocrx_word' id='word_1_398' title='bbox 3134 1659 3418 1727; x_wconf 86' lang='lat' dir='ltr'><strong>ipsamque</strong></span> <span class='ocrx_word' id='word_1_399' title='bbox 3447 1656 3594 1710; x_wconf 89' lang='lat' dir='ltr'><strong>clare</strong></span> 
     </span>
    </p>
   </div>
   <div class='ocr_carea' id='block_1_60' title="bbox 2016 1747 3590 1828">
    <p class='ocr_par' dir='ltr' id='par_1_60' title="bbox 2016 1747 3590 1828">
     <span class='ocr_line' id='line_1_60' title="bbox 2016 1747 3590 1828; baseline -0.005 -20"><span class='ocrx_word' id='word_1_400' title='bbox 2016 1757 2295 1828; x_wconf 82' lang='lat' dir='ltr'><strong>veritatem</strong></span> <span class='ocrx_word' id='word_1_401' title='bbox 2326 1755 2516 1806; x_wconf 90' lang='lat' dir='ltr'><strong>cernit.</strong></span> <span class='ocrx_word' id='word_1_402' title='bbox 2559 1751 2832 1822; x_wconf 85' lang='lat' dir='ltr'><strong>Symbolis</strong></span> <span class='ocrx_word' id='word_1_403' title='bbox 2864 1751 3032 1814; x_wconf 88' lang='lat' dir='ltr'><strong>enim,</strong></span> <span class='ocrx_word' id='word_1_404' title='bbox 3095 1765 3158 1804; x_wconf 92' lang='lat' dir='ltr'><strong>ac</strong></span> <span class='ocrx_word' id='word_1_405' title='bbox 3203 1749 3414 1803; x_wconf 90' lang='lat' dir='ltr'><strong>umbris</strong></span> <span class='ocrx_word' id='word_1_406' title='bbox 3456 1747 3590 1802; x_wconf 81' lang='lat' dir='ltr'><strong>Mosi</strong></span> 
     </span>
    </p>
   </div>
   <div class='ocr_carea' id='block_1_61' title="bbox 2018 1842 3590 1915">
    <p class='ocr_par' dir='ltr' id='par_1_61' title="bbox 2018 1842 3590 1915">
     <span class='ocr_line' id='line_1_61' title="bbox 2018 1842 3590 1915; baseline -0.006 -13"><span class='ocrx_word' id='word_1_407' title='bbox 2018 1844 2327 1915; x_wconf 79' lang='lat' dir='ltr'><strong>conspectis</strong></span> <span class='ocrx_word' id='word_1_408' title='bbox 2361 1845 2427 1901; x_wconf 83' lang='lat' dir='ltr'><strong>ad</strong></span> <span class='ocrx_word' id='word_1_409' title='bbox 2459 1859 2520 1899; x_wconf 89' lang='lat' dir='ltr'><strong>ea</strong></span> <span class='ocrx_word' id='word_1_410' title='bbox 2553 1859 2675 1912; x_wconf 73' lang='lat' dir='ltr'><strong>qua:</strong></span> <span class='ocrx_word' id='word_1_411' title='bbox 2713 1859 2840 1896; x_wconf 86' lang='lat' dir='ltr'><strong>vera</strong></span> <span class='ocrx_word' id='word_1_412' title='bbox 2895 1851 3023 1897; x_wconf 90' lang='lat' dir='ltr'><strong>sunt</strong></span> <span class='ocrx_word' id='word_1_413' title='bbox 3053 1842 3396 1911; x_wconf 87' lang='lat' dir='ltr'><strong>intelligenda</strong></span> <span class='ocrx_word' id='word_1_414' title='bbox 3440 1855 3590 1904; x_wconf 87' lang='lat' dir='ltr'><strong>usus,</strong></span> 
     </span>
    </p>
   </div>
   <div class='ocr_carea' id='block_1_62' title="bbox 2021 1917 3590 2006">
    <p class='ocr_par' dir='ltr' id='par_1_62' title="bbox 2021 1917 3590 2006">
     <span class='ocr_line' id='line_1_62' title="bbox 2021 1917 3590 2006; baseline -0.004 -15"><span class='ocrx_word' id='word_1_415' title='bbox 2021 1954 2084 1992; x_wconf 85' lang='lat' dir='ltr'><strong>ac</strong></span> <span class='ocrx_word' id='word_1_416' title='bbox 2117 1952 2210 2006; x_wconf 91' lang='lat' dir='ltr'><strong>per</strong></span> <span class='ocrx_word' id='word_1_417' title='bbox 2241 1951 2301 1990; x_wconf 88' lang='lat' dir='ltr'><strong>ea</strong></span> <span class='ocrx_word' id='word_1_418' title='bbox 2353 1917 2419 1990; x_wconf 68' lang='lat' dir='ltr'><strong>ad</strong></span> <span class='ocrx_word' id='word_1_419' title='bbox 2453 1935 2631 2005; x_wconf 90' lang='lat' dir='ltr'><strong>ipsum</strong></span> <span class='ocrx_word' id='word_1_420' title='bbox 2693 1931 2840 1988; x_wconf 85' lang='lat' dir='ltr'><strong>clare</strong></span> <span class='ocrx_word' id='word_1_421' title='bbox 2874 1933 3248 2003; x_wconf 82' lang='lat' dir='ltr'><strong>legislaturem</strong></span> <span class='ocrx_word' id='word_1_422' title='bbox 3310 1932 3590 1993; x_wconf 84' lang='lat' dir='ltr'><strong>devecms,</strong></span> 
     </span>
    </p>
   </div>
   <div class='ocr_carea' id='block_1_63' title="bbox 2021 2019 3592 2098">
    <p class='ocr_par' dir='ltr' id='par_1_63' title="bbox 2021 2019 3592 2098">
     <span class='ocr_line' id='line_1_63' title="bbox 2021 2019 3592 2098; baseline -0.006 -16"><span class='ocrx_word' id='word_1_423' title='bbox 2021 2043 2147 2082; x_wconf 90' lang='lat' dir='ltr'><strong>vere</strong></span> <span class='ocrx_word' id='word_1_424' title='bbox 2169 2027 2397 2098; x_wconf 84' lang='lat' dir='ltr'><strong>gloriam</strong></span> <span class='ocrx_word' id='word_1_425' title='bbox 2431 2026 2708 2080; x_wconf 89' lang='lat' dir='ltr'><strong>contuitus</strong></span> <span class='ocrx_word' id='word_1_426' title='bbox 2739 2034 2842 2087; x_wconf 90' lang='lat' dir='ltr'><strong>est,</strong></span> <span class='ocrx_word' id='word_1_427' title='bbox 2876 2025 3072 2078; x_wconf 89' lang='lat' dir='ltr'><strong>nedum</strong></span> <span class='ocrx_word' id='word_1_428' title='bbox 3113 2023 3475 2092; x_wconf 88' lang='lat' dir='ltr'><strong>posteriorum</strong></span> <span class='ocrx_word' id='word_1_429' title='bbox 3498 2019 3592 2073; x_wconf 88' lang='lat' dir='ltr'><strong>Dei</strong></span> 
     </span>
    </p>
   </div>
   <div class='ocr_carea' id='block_1_64' title="bbox 2021 2109 3594 2188">
    <p class='ocr_par' dir='ltr' id='par_1_64' title="bbox 2021 2109 3594 2188">
     <span class='ocr_line' id='line_1_64' title="bbox 2021 2109 3594 2188; baseline -0.004 -18"><span class='ocrx_word' id='word_1_430' title='bbox 2021 2119 2241 2188; x_wconf 89' lang='lat' dir='ltr'><strong>(quibus</strong></span> <span class='ocrx_word' id='word_1_431' title='bbox 2267 2135 2296 2171; x_wconf 91' lang='lat' dir='ltr'><strong>a</strong></span> <span class='ocrx_word' id='word_1_432' title='bbox 2325 2118 2432 2171; x_wconf 90' lang='lat' dir='ltr'><strong>Deo</strong></span> <span class='ocrx_word' id='word_1_433' title='bbox 2471 2117 2730 2183; x_wconf 89' lang='lat' dir='ltr'><strong>secunda,</strong></span> <span class='ocrx_word' id='word_1_434' title='bbox 2764 2117 2966 2185; x_wconf 89' lang='lat' dir='ltr'><strong>illoque</strong></span> <span class='ocrx_word' id='word_1_435' title='bbox 2997 2122 3222 2168; x_wconf 87' lang='lat' dir='ltr'><strong>auctore</strong></span> <span class='ocrx_word' id='word_1_436' title='bbox 3250 2112 3468 2167; x_wconf 91' lang='lat' dir='ltr'><strong>condita</strong></span> <span class='ocrx_word' id='word_1_437' title='bbox 3497 2109 3594 2164; x_wconf 85' lang='lat' dir='ltr'><strong>ob-</strong></span> 
     </span>
    </p>
   </div>
   <div class='ocr_carea' id='block_1_65' title="bbox 2019 2203 3596 2284">
    <p class='ocr_par' dir='ltr' id='par_1_65' title="bbox 2019 2203 3596 2284">
     <span class='ocr_line' id='line_1_65' title="bbox 2019 2203 3596 2284; baseline -0.011 -13"><span class='ocrx_word' id='word_1_438' title='bbox 2019 2230 2178 2271; x_wconf 83' lang='lat' dir='ltr'><strong>scure</strong></span> <span class='ocrx_word' id='word_1_439' title='bbox 2207 2212 2631 2284; x_wconf 74' lang='lat' dir='ltr'><strong>signiﬁcantur),</strong></span> <span class='ocrx_word' id='word_1_440' title='bbox 2655 2227 2841 2265; x_wconf 89' lang='lat' dir='ltr'><strong>verum</strong></span> <span class='ocrx_word' id='word_1_441' title='bbox 2873 2209 3036 2264; x_wconf 88' lang='lat' dir='ltr'><strong>etiam</strong></span> <span class='ocrx_word' id='word_1_442' title='bbox 3071 2208 3148 2277; x_wconf 93' lang='lat' dir='ltr'><strong>(ni</strong></span> <span class='ocrx_word' id='word_1_443' title='bbox 3193 2204 3483 2258; x_wconf 89' lang='lat' dir='ltr'><strong>audentius</strong></span> <span class='ocrx_word' id='word_1_444' title='bbox 3511 2203 3596 2254; x_wconf 83' lang='lat' dir='ltr'><strong>lo-</strong></span> 
     </span>
    </p>
   </div>
   <div class='ocr_carea' id='block_1_66' title="bbox 2021 2291 3594 2377">
    <p class='ocr_par' dir='ltr' id='par_1_66' title="bbox 2021 2291 3594 2377">
     <span class='ocr_line' id='line_1_66' title="bbox 2021 2291 3594 2377; baseline -0.01 -18"><span class='ocrx_word' id='word_1_445' title='bbox 2021 2307 2184 2377; x_wconf 92' lang='lat' dir='ltr'><strong>quor)</strong></span> <span class='ocrx_word' id='word_1_446' title='bbox 2241 2304 2679 2368; x_wconf 81' lang='lat' dir='ltr'><strong>auteriorum&quot;;</strong></span> <span class='ocrx_word' id='word_1_447' title='bbox 2712 2302 2916 2371; x_wconf 90' lang='lat' dir='ltr'><strong>ipsius,</strong></span> <span class='ocrx_word' id='word_1_448' title='bbox 2971 2300 3215 2367; x_wconf 90' lang='lat' dir='ltr'><strong>inquam,</strong></span> <span class='ocrx_word' id='word_1_449' title='bbox 3275 2291 3594 2349; x_wconf 78' lang='lat' dir='ltr'><strong>exsistentia</strong></span> 
     </span>
    </p>
   </div>
   <div class='ocr_carea' id='block_1_67' title="bbox 2021 2385 3593 2470">
    <p class='ocr_par' dir='ltr' id='par_1_67' title="bbox 2021 2385 3593 2470">
     <span class='ocr_line' id='line_1_67' title="bbox 2021 2385 3593 2470; baseline -0.01 -18"><span class='ocrx_word' id='word_1_450' title='bbox 2021 2399 2317 2470; x_wconf 73' lang='lat' dir='ltr'><strong>praeeuntis</strong></span> <span class='ocrx_word' id='word_1_451' title='bbox 2349 2412 2513 2467; x_wconf 89' lang='lat' dir='ltr'><strong>supra</strong></span> <span class='ocrx_word' id='word_1_452' title='bbox 2537 2411 2699 2466; x_wconf 90' lang='lat' dir='ltr'><strong>quam</strong></span> <span class='ocrx_word' id='word_1_453' title='bbox 2739 2395 2976 2465; x_wconf 84' lang='lat' dir='ltr'><strong>ignotam</strong></span> <span class='ocrx_word' id='word_1_454' title='bbox 3011 2389 3296 2444; x_wconf 84' lang='lat' dir='ltr'><strong>infinitatis</strong></span> <span class='ocrx_word' id='word_1_455' title='bbox 3323 2385 3593 2441; x_wconf 89' lang='lat' dir='ltr'><strong>notitiam.</strong></span> 
     </span>
    </p>
   </div>
   <div class='ocr_carea' id='block_1_68' title="bbox 2025 2476 3598 2550">
    <p class='ocr_par' dir='ltr' id='par_1_68' title="bbox 2025 2476 3598 2550">
     <span class='ocr_line' id='line_1_68' title="bbox 2025 2476 3598 2550; baseline -0.012 -3"><span class='ocrx_word' id='word_1_456' title='bbox 2025 2492 2170 2547; x_wconf 77' lang='lat' dir='ltr'><strong>Vidit</strong></span> <span class='ocrx_word' id='word_1_457' title='bbox 2200 2500 2380 2544; x_wconf 89' lang='lat' dir='ltr'><strong>autem</strong></span> <span class='ocrx_word' id='word_1_458' title='bbox 2442 2488 2544 2544; x_wconf 86' lang='lat' dir='ltr'><strong>Dei.</strong></span> <span class='ocrx_word' id='word_1_459' title='bbox 2579 2488 2907 2550; x_wconf 85' lang='lat' dir='ltr'><strong>claritatem,</strong></span> <span class='ocrx_word' id='word_1_460' title='bbox 2971 2499 3078 2538; x_wconf 90' lang='lat' dir='ltr'><strong>non</strong></span> <span class='ocrx_word' id='word_1_461' title='bbox 3132 2482 3281 2536; x_wconf 90' lang='lat' dir='ltr'><strong>brevi</strong></span> <span class='ocrx_word' id='word_1_462' title='bbox 3338 2476 3598 2546; x_wconf 88' lang='lat' dir='ltr'><strong>temporis</strong></span> 
     </span>
    </p>
   </div>
   <div class='ocr_carea' id='block_1_69' title="bbox 2024 2572 3596 2651">
    <p class='ocr_par' dir='ltr' id='par_1_69' title="bbox 2024 2572 3596 2651">
     <span class='ocr_line' id='line_1_69' title="bbox 2024 2572 3596 2651; baseline -0.012 -11"><span class='ocrx_word' id='word_1_463' title='bbox 2024 2588 2234 2640; x_wconf 88' lang='lat' dir='ltr'><strong>morula</strong></span> <span class='ocrx_word' id='word_1_464' title='bbox 2269 2586 2465 2638; x_wconf 80' lang='lat' dir='ltr'><strong>factam</strong></span> <span class='ocrx_word' id='word_1_465' title='bbox 2513 2581 2888 2651; x_wconf 88' lang='lat' dir='ltr'><strong>conspicuam,</strong></span> <span class='ocrx_word' id='word_1_466' title='bbox 2939 2579 3158 2646; x_wconf 85' lang='lat' dir='ltr'><strong>citoque</strong></span> <span class='ocrx_word' id='word_1_467' title='bbox 3195 2572 3596 2632; x_wconf 90' lang='lat' dir='ltr'><strong>abscedentem,</strong></span> 
     </span>
    </p>
   </div>
   <div class='ocr_carea' id='block_1_70' title="bbox 2024 2661 3598 2747">
    <p class='ocr_par' dir='ltr' id='par_1_70' title="bbox 2024 2661 3598 2747">
     <span class='ocr_line' id='line_1_70' title="bbox 2024 2661 3598 2747; baseline -0.013 -13"><span class='ocrx_word' id='word_1_468' title='bbox 2024 2677 2118 2734; x_wconf 89' lang='lat' dir='ltr'><strong>sed</strong></span> <span class='ocrx_word' id='word_1_469' title='bbox 2159 2692 2280 2747; x_wconf 69' lang='lat' dir='ltr'><strong>quae</strong></span> <span class='ocrx_word' id='word_1_470' title='bbox 2330 2690 2549 2746; x_wconf 86' lang='lat' dir='ltr'><strong>semper</strong></span> <span class='ocrx_word' id='word_1_471' title='bbox 2607 2675 2676 2727; x_wconf 86' lang='lat' dir='ltr'><strong>ita</strong></span> <span class='ocrx_word' id='word_1_472' title='bbox 2711 2670 3023 2727; x_wconf 88' lang='lat' dir='ltr'><strong>consistat:</strong></span> <span class='ocrx_word' id='word_1_473' title='bbox 3055 2683 3156 2722; x_wconf 91' lang='lat' dir='ltr'><strong>nec</strong></span> <span class='ocrx_word' id='word_1_474' title='bbox 3182 2666 3332 2719; x_wconf 87' lang='lat' dir='ltr'><strong>velut</strong></span> <span class='ocrx_word' id='word_1_475' title='bbox 3387 2663 3499 2727; x_wconf 89' lang='lat' dir='ltr'><strong>ille,</strong></span> <span class='ocrx_word' id='word_1_476' title='bbox 3543 2661 3598 2714; x_wconf 91' lang='lat' dir='ltr'><strong>in</strong></span> 
     </span>
    </p>
   </div>
   <div class='ocr_carea' id='block_1_71' title="bbox 2025 2751 3600 2840">
    <p class='ocr_par' dir='ltr' id='par_1_71' title="bbox 2025 2751 3600 2840">
     <span class='ocr_line' id='line_1_71' title="bbox 2025 2751 3600 2840; baseline -0.013 -16"><span class='ocrx_word' id='word_1_477' title='bbox 2025 2779 2194 2840; x_wconf 72' lang='lat' dir='ltr'><strong>petrae</strong></span> <span class='ocrx_word' id='word_1_478' title='bbox 2239 2767 2523 2838; x_wconf 82' lang='lat' dir='ltr'><strong>protectus</strong></span> <span class='ocrx_word' id='word_1_479' title='bbox 2552 2764 2842 2825; x_wconf 85' lang='lat' dir='ltr'><strong>foramine,</strong></span> <span class='ocrx_word' id='word_1_480' title='bbox 2874 2762 2966 2816; x_wconf 92' lang='lat' dir='ltr'><strong>sed</strong></span> <span class='ocrx_word' id='word_1_481' title='bbox 3014 2761 3067 2812; x_wconf 91' lang='lat' dir='ltr'><strong>in</strong></span> <span class='ocrx_word' id='word_1_482' title='bbox 3119 2755 3400 2826; x_wconf 87' lang='lat' dir='ltr'><strong>unigenito</strong></span> <span class='ocrx_word' id='word_1_483' title='bbox 3421 2751 3600 2805; x_wconf 81' lang='lat' dir='ltr'><strong>Verbo</strong></span> 
     </span>
    </p>
   </div>
   <div class='ocr_carea' id='block_1_72' title="bbox 2025 2843 3604 2931">
    <p class='ocr_par' dir='ltr' id='par_1_72' title="bbox 2025 2843 3604 2931">
     <span class='ocr_line' id='line_1_72' title="bbox 2025 2843 3604 2931; baseline -0.013 -16"><span class='ocrx_word' id='word_1_484' title='bbox 2025 2870 2312 2931; x_wconf 90' lang='lat' dir='ltr'><strong>paternam</strong></span> <span class='ocrx_word' id='word_1_485' title='bbox 2341 2869 2606 2912; x_wconf 86' lang='lat' dir='ltr'><strong>contuens</strong></span> <span class='ocrx_word' id='word_1_486' title='bbox 2631 2855 2884 2926; x_wconf 87' lang='lat' dir='ltr'><strong>gloriam,</strong></span> <span class='ocrx_word' id='word_1_487' title='bbox 2916 2851 2968 2905; x_wconf 93' lang='lat' dir='ltr'><strong>in</strong></span> <span class='ocrx_word' id='word_1_488' title='bbox 3008 2849 3132 2904; x_wconf 85' lang='lat' dir='ltr'><strong>Filii</strong></span> <span class='ocrx_word' id='word_1_489' title='bbox 3167 2846 3372 2916; x_wconf 91' lang='lat' dir='ltr'><strong>Spiritu</strong></span> <span class='ocrx_word' id='word_1_490' title='bbox 3403 2843 3604 2897; x_wconf 82' lang='lat' dir='ltr'><strong>eximie</strong></span> 
     </span>
    </p>
   </div>
   <div class='ocr_carea' id='block_1_73' title="bbox 2025 2935 3600 3017">
    <p class='ocr_par' dir='ltr' id='par_1_73' title="bbox 2025 2935 3600 3017">
     <span class='ocr_line' id='line_1_73' title="bbox 2025 2935 3600 3017; baseline -0.013 -10"><span class='ocrx_word' id='word_1_491' title='bbox 2025 2953 2167 3007; x_wconf 85' lang='lat' dir='ltr'><strong>Filio</strong></span> <span class='ocrx_word' id='word_1_492' title='bbox 2197 2949 2673 3017; x_wconf 83' lang='lat' dir='ltr'><strong>circumfulgetur.</strong></span> <span class='ocrx_word' id='word_1_493' title='bbox 2715 2946 2857 3000; x_wconf 79' lang='lat' dir='ltr'><strong>Vidit</strong></span> <span class='ocrx_word' id='word_1_494' title='bbox 2884 2959 3006 3014; x_wconf 67' lang='lat' dir='ltr'><strong>quae</strong></span> <span class='ocrx_word' id='word_1_495' title='bbox 3030 2957 3128 3012; x_wconf 85' lang='lat' dir='ltr'><strong>per</strong></span> <span class='ocrx_word' id='word_1_496' title='bbox 3163 2935 3600 2999; x_wconf 85' lang='lat' dir='ltr'><strong>tabernaculum,</strong></span> 
     </span>
    </p>
   </div>
   <div class='ocr_carea' id='block_1_74' title="bbox 2028 3030 3600 3116">
    <p class='ocr_par' dir='ltr' id='par_1_74' title="bbox 2028 3030 3600 3116">
     <span class='ocr_line' id='line_1_74' title="bbox 2028 3030 3600 3116; baseline -0.017 -14"><span class='ocrx_word' id='word_1_497' title='bbox 2028 3049 2194 3116; x_wconf 91' lang='lat' dir='ltr'><strong>inque</strong></span> <span class='ocrx_word' id='word_1_498' title='bbox 2237 3045 2332 3098; x_wconf 94' lang='lat' dir='ltr'><strong>illo</strong></span> <span class='ocrx_word' id='word_1_499' title='bbox 2384 3042 2623 3113; x_wconf 87' lang='lat' dir='ltr'><strong>reposita</strong></span> <span class='ocrx_word' id='word_1_500' title='bbox 2665 3054 2796 3094; x_wconf 91' lang='lat' dir='ltr'><strong>vasa</strong></span> <span class='ocrx_word' id='word_1_501' title='bbox 2829 3033 3059 3108; x_wconf 85' lang='lat' dir='ltr'><strong>mystice</strong></span> <span class='ocrx_word' id='word_1_502' title='bbox 3108 3030 3600 3102; x_wconf 76' lang='lat' dir='ltr'><strong>signiﬁcabantur;</strong></span> 
     </span>
    </p>
   </div>
   <div class='ocr_carea' id='block_1_75' title="bbox 2027 3120 3605 3210">
    <p class='ocr_par' dir='ltr' id='par_1_75' title="bbox 2027 3120 3605 3210">
     <span class='ocr_line' id='line_1_75' title="bbox 2027 3120 3605 3210; baseline -0.015 -16"><span class='ocrx_word' id='word_1_503' title='bbox 2027 3141 2159 3210; x_wconf 92' lang='lat' dir='ltr'><strong>quin</strong></span> <span class='ocrx_word' id='word_1_504' title='bbox 2195 3139 2310 3207; x_wconf 90' lang='lat' dir='ltr'><strong>ipse</strong></span> <span class='ocrx_word' id='word_1_505' title='bbox 2338 3136 2519 3205; x_wconf 91' lang='lat' dir='ltr'><strong>potius</strong></span> <span class='ocrx_word' id='word_1_506' title='bbox 2571 3133 2722 3186; x_wconf 91' lang='lat' dir='ltr'><strong>vario</strong></span> <span class='ocrx_word' id='word_1_507' title='bbox 2747 3131 3011 3185; x_wconf 89' lang='lat' dir='ltr'><strong>virtutum</strong></span> <span class='ocrx_word' id='word_1_508' title='bbox 3041 3127 3188 3181; x_wconf 91' lang='lat' dir='ltr'><strong>cultu</strong></span> <span class='ocrx_word' id='word_1_509' title='bbox 3227 3120 3516 3176; x_wconf 89' lang='lat' dir='ltr'><strong>insolubile</strong></span> <span class='ocrx_word' id='word_1_510' title='bbox 3544 3133 3605 3173; x_wconf 87' lang='lat' dir='ltr'><strong>se</strong></span> 
     </span>
    </p>
   </div>
   <div class='ocr_carea' id='block_1_76' title="bbox 2033 3213 3602 3286">
    <p class='ocr_par' dir='ltr' id='par_1_76' title="bbox 2033 3213 3602 3286">
     <span class='ocr_line' id='line_1_76' title="bbox 2033 3213 3602 3286; baseline -0.017 0"><span class='ocrx_word' id='word_1_511' title='bbox 2033 3229 2447 3286; x_wconf 89' lang='lat' dir='ltr'><strong>tabernaculum</strong></span> <span class='ocrx_word' id='word_1_512' title='bbox 2483 3225 2594 3280; x_wconf 90' lang='lat' dir='ltr'><strong>Deo</strong></span> <span class='ocrx_word' id='word_1_513' title='bbox 2619 3224 2908 3285; x_wconf 79' lang='lat' dir='ltr'><strong>exhibens,</strong></span> <span class='ocrx_word' id='word_1_514' title='bbox 2936 3219 3098 3276; x_wconf 87' lang='lat' dir='ltr'><strong>etiam</strong></span> <span class='ocrx_word' id='word_1_515' title='bbox 3130 3231 3310 3272; x_wconf 90' lang='lat' dir='ltr'><strong>arcam</strong></span> <span class='ocrx_word' id='word_1_516' title='bbox 3358 3213 3602 3267; x_wconf 89' lang='lat' dir='ltr'><strong>animum</strong></span> 
     </span>
    </p>
   </div>
   <div class='ocr_carea' id='block_1_77' title="bbox 2031 3303 3607 3380">
    <p class='ocr_par' dir='ltr' id='par_1_77' title="bbox 2031 3303 3607 3380">
     <span class='ocr_line' id='line_1_77' title="bbox 2031 3303 3607 3380; baseline -0.015 0"><span class='ocrx_word' id='word_1_517' title='bbox 2031 3339 2191 3380; x_wconf 89' lang='lat' dir='ltr'><strong>suum</strong></span> <span class='ocrx_word' id='word_1_518' title='bbox 2237 3319 2515 3376; x_wconf 87' lang='lat' dir='ltr'><strong>reddidit:</strong></span> <span class='ocrx_word' id='word_1_519' title='bbox 2547 3332 2733 3373; x_wconf 88' lang='lat' dir='ltr'><strong>arcam</strong></span> <span class='ocrx_word' id='word_1_520' title='bbox 2787 3314 3015 3378; x_wconf 91' lang='lat' dir='ltr'><strong>scilicet,</strong></span> <span class='ocrx_word' id='word_1_521' title='bbox 3066 3326 3174 3366; x_wconf 91' lang='lat' dir='ltr'><strong>non</strong></span> <span class='ocrx_word' id='word_1_522' title='bbox 3210 3321 3331 3376; x_wconf 74' lang='lat' dir='ltr'><strong>quae</strong></span> <span class='ocrx_word' id='word_1_523' title='bbox 3381 3303 3607 3359; x_wconf 86' lang='lat' dir='ltr'><strong>haberet</strong></span> 
     </span>
    </p>
   </div>
   <div class='ocr_carea' id='block_1_78' title="bbox 2034 3403 3602 3481">
    <p class='ocr_par' dir='ltr' id='par_1_78' title="bbox 2034 3403 3602 3481">
     <span class='ocr_line' id='line_1_78' title="bbox 2034 3403 3602 3481; baseline -0.015 -9"><span class='ocrx_word' id='word_1_524' title='bbox 2034 3434 2228 3474; x_wconf 89' lang='lat' dir='ltr'><strong>urnam</strong></span> <span class='ocrx_word' id='word_1_525' title='bbox 2257 3429 2480 3470; x_wconf 91' lang='lat' dir='ltr'><strong>auream</strong></span> <span class='ocrx_word' id='word_1_526' title='bbox 2505 3413 2573 3480; x_wconf 76' lang='grc'><strong>⁸⁸,</strong></span> <span class='ocrx_word' id='word_1_527' title='bbox 2599 3412 2693 3467; x_wconf 89' lang='lat' dir='ltr'><strong>sed</strong></span> <span class='ocrx_word' id='word_1_528' title='bbox 2721 3426 2841 3481; x_wconf 77' lang='lat' dir='ltr'><strong>quae</strong></span> <span class='ocrx_word' id='word_1_529' title='bbox 2864 3423 2960 3464; x_wconf 92' lang='lat' dir='ltr'><strong>cor</strong></span> <span class='ocrx_word' id='word_1_530' title='bbox 2985 3421 3122 3462; x_wconf 90' lang='lat' dir='ltr'><strong>auro</strong></span> <span class='ocrx_word' id='word_1_531' title='bbox 3139 3403 3382 3465; x_wconf 91' lang='lat' dir='ltr'><strong>rutilum,</strong></span> <span class='ocrx_word' id='word_1_532' title='bbox 3408 3412 3602 3468; x_wconf 89' lang='lat' dir='ltr'><strong>panem</strong></span> 
     </span>
    </p>
   </div>
   <div class='ocr_carea' id='block_1_79' title="bbox 2033 3492 3606 3576">
    <p class='ocr_par' dir='ltr' id='par_1_79' title="bbox 2033 3492 3606 3576">
     <span class='ocr_line' id='line_1_79' title="bbox 2033 3492 3606 3576; baseline -0.016 -9"><span class='ocrx_word' id='word_1_533' title='bbox 2033 3513 2184 3567; x_wconf 92' lang='lat' dir='ltr'><strong>illum</strong></span> <span class='ocrx_word' id='word_1_534' title='bbox 2223 3508 2499 3566; x_wconf 70' lang='lat' dir='ltr'><strong>caelestem</strong></span> <span class='ocrx_word' id='word_1_535' title='bbox 2523 3504 2728 3576; x_wconf 84' lang='lat' dir='ltr'><strong>gremio</strong></span> <span class='ocrx_word' id='word_1_536' title='bbox 2759 3502 3068 3558; x_wconf 88' lang='lat' dir='ltr'><strong>continens.</strong></span> <span class='ocrx_word' id='word_1_537' title='bbox 3097 3495 3216 3550; x_wconf 87' lang='lat' dir='ltr'><strong>Non</strong></span> <span class='ocrx_word' id='word_1_538' title='bbox 3250 3508 3372 3563; x_wconf 81' lang='lat' dir='ltr'><strong>quae</strong></span> <span class='ocrx_word' id='word_1_539' title='bbox 3397 3492 3606 3560; x_wconf 81' lang='lat' dir='ltr'><strong>virgam</strong></span> 
     </span>
    </p>
   </div>
   <div class='ocr_carea' id='block_1_80' title="bbox 2035 3581 3608 3674">
    <p class='ocr_par' dir='ltr' id='par_1_80' title="bbox 2035 3581 3608 3674">
     <span class='ocr_line' id='line_1_80' title="bbox 2035 3581 3608 3674; baseline -0.017 -16"><span class='ocrx_word' id='word_1_540' title='bbox 2035 3605 2454 3674; x_wconf 80' lang='lat' dir='ltr'><strong>amygdalinam,</strong></span> <span class='ocrx_word' id='word_1_541' title='bbox 2481 3615 2602 3668; x_wconf 73' lang='lat' dir='ltr'><strong>qua:</strong></span> <span class='ocrx_word' id='word_1_542' title='bbox 2635 3597 2915 3660; x_wconf 84' lang='lat' dir='ltr'><strong>ﬂoruerat,</strong></span> <span class='ocrx_word' id='word_1_543' title='bbox 2947 3589 3330 3662; x_wconf 87' lang='lat' dir='ltr'><strong>lapideamque</strong></span> <span class='ocrx_word' id='word_1_544' title='bbox 3401 3599 3465 3639; x_wconf 91' lang='lat' dir='ltr'><strong>ac</strong></span> <span class='ocrx_word' id='word_1_545' title='bbox 3497 3581 3608 3635; x_wconf 85' lang='lat' dir='ltr'><strong>fra-</strong></span> 
     </span>
    </p>
   </div>
   <div class='ocr_carea' id='block_1_81' title="bbox 2025 3683 3610 3766">
    <p class='ocr_par' dir='ltr' id='par_1_81' title="bbox 2025 3683 3610 3766">
     <span class='ocr_line' id='line_1_81' title="bbox 2025 3683 3610 3766; baseline -0.017 -15"><span class='ocrx_word' id='word_1_546' title='bbox 2025 3697 2197 3766; x_wconf 58' lang='lat' dir='ltr'><strong>‘gilem</strong></span> <span class='ocrx_word' id='word_1_547' title='bbox 2247 3693 2524 3758; x_wconf 89' lang='lat' dir='ltr'><strong>tabulam;</strong></span> <span class='ocrx_word' id='word_1_548' title='bbox 2571 3689 2665 3744; x_wconf 91' lang='lat' dir='ltr'><strong>sed</strong></span> <span class='ocrx_word' id='word_1_549' title='bbox 2710 3703 2831 3757; x_wconf 64' lang='lat' dir='ltr'><strong>quas</strong></span> <span class='ocrx_word' id='word_1_550' title='bbox 2878 3683 3169 3754; x_wconf 79' lang='lat' dir='ltr'><strong>expolitam</strong></span> <span class='ocrx_word' id='word_1_551' title='bbox 3220 3687 3455 3732; x_wconf 89' lang='lat' dir='ltr'><strong>mentem</strong></span> <span class='ocrx_word' id='word_1_552' title='bbox 3547 3688 3610 3725; x_wconf 86' lang='lat' dir='ltr'><strong>ac</strong></span> 
     </span>
    </p>
   </div>
   <div class='ocr_carea' id='block_1_82' title="bbox 2037 3771 3610 3851">
    <p class='ocr_par' dir='ltr' id='par_1_82' title="bbox 2037 3771 3610 3851">
     <span class='ocr_line' id='line_1_82' title="bbox 2037 3771 3610 3851; baseline -0.017 -9"><span class='ocrx_word' id='word_1_553' title='bbox 2037 3785 2436 3851; x_wconf 88' lang='lat' dir='ltr'><strong>inviolabilem,</strong></span> <span class='ocrx_word' id='word_1_554' title='bbox 2490 3797 2728 3851; x_wconf 91' lang='lat' dir='ltr'><strong>vereque</strong></span> <span class='ocrx_word' id='word_1_555' title='bbox 2776 3777 2872 3832; x_wconf 89' lang='lat' dir='ltr'><strong>Dei</strong></span> <span class='ocrx_word' id='word_1_556' title='bbox 2929 3774 3102 3846; x_wconf 88' lang='lat' dir='ltr'><strong>digito</strong></span> <span class='ocrx_word' id='word_1_557' title='bbox 3149 3771 3433 3840; x_wconf 88' lang='lat' dir='ltr'><strong>scriptam,</strong></span> <span class='ocrx_word' id='word_1_558' title='bbox 3477 3779 3610 3819; x_wconf 86' lang='lat' dir='ltr'><strong>con-</strong></span> 
     </span>
    </p>
   </div>
   <div class='ocr_carea' id='block_1_83' title="bbox 2037 3869 2460 3951">
    <p class='ocr_par' dir='ltr' id='par_1_83' title="bbox 2037 3869 2460 3951">
     <span class='ocr_line' id='line_1_83' title="bbox 2037 3869 2460 3951; baseline -0.009 -15"><span class='ocrx_word' id='word_1_559' title='bbox 2037 3888 2264 3951; x_wconf 83' lang='lat' dir='ltr'><strong>tegeret.</strong></span> <span class='ocrx_word' id='word_1_560' title='bbox 2451 3869 2460 3879; x_wconf 84' lang='grc'><em>’</em></span> 
     </span>
    </p>
   </div>
   <div class='ocr_carea' id='block_1_84' title="bbox 2111 3951 3611 4041">
    <p class='ocr_par' dir='ltr' id='par_1_84' title="bbox 2111 3951 3611 4041">
     <span class='ocr_line' id='line_1_84' title="bbox 2111 3951 3611 4041; baseline -0.019 -14"><span class='ocrx_word' id='word_1_561' title='bbox 2111 3974 2254 4027; x_wconf 89' lang='lat' dir='ltr'><strong>Idem</strong></span> <span class='ocrx_word' id='word_1_562' title='bbox 2291 3970 2494 4041; x_wconf 88' lang='lat' dir='ltr'><strong>pariter</strong></span> <span class='ocrx_word' id='word_1_563' title='bbox 2519 3967 2906 4024; x_wconf 88' lang='lat' dir='ltr'><strong>candelabrum</strong></span> <span class='ocrx_word' id='word_1_564' title='bbox 2951 3967 3158 4030; x_wconf 82' lang='lat' dir='ltr'><strong>septem</strong></span> <span class='ocrx_word' id='word_1_565' title='bbox 3191 3953 3396 4033; x_wconf 86' lang='lat' dir='ltr'><strong>habens</strong></span> <span class='ocrx_word' id='word_1_566' title='bbox 3439 3951 3611 4041; x_wconf 79' lang='lat' dir='ltr'><strong>lucer-</strong></span> 
     </span>
    </p>
   </div>
   <div class='ocr_carea' id='block_1_85' title="bbox 2042 4039 3612 4127">
    <p class='ocr_par' dir='ltr' id='par_1_85' title="bbox 2042 4039 3612 4127">
     <span class='ocr_line' id='line_1_85' title="bbox 2042 4039 3612 4127; baseline -0.018 -7"><span class='ocrx_word' id='word_1_567' title='bbox 2042 4081 2141 4120; x_wconf 88' lang='lat' dir='ltr'><strong>nas</strong></span> <span class='ocrx_word' id='word_1_568' title='bbox 2177 4039 2613 4123; x_wconf 81' lang='lat' dir='ltr'><strong>constituitur&quot;,</strong></span> <span class='ocrx_word' id='word_1_569' title='bbox 2647 4058 2740 4127; x_wconf 89' lang='lat' dir='ltr'><strong>qui</strong></span> <span class='ocrx_word' id='word_1_570' title='bbox 2772 4055 2984 4111; x_wconf 91' lang='lat' dir='ltr'><strong>scilicet</strong></span> <span class='ocrx_word' id='word_1_571' title='bbox 3013 4061 3220 4119; x_wconf 88' lang='lat' dir='ltr'><strong>septem</strong></span> <span class='ocrx_word' id='word_1_572' title='bbox 3255 4043 3492 4114; x_wconf 90' lang='lat' dir='ltr'><strong>Spiritus</strong></span> <span class='ocrx_word' id='word_1_573' title='bbox 3515 4039 3612 4092; x_wconf 88' lang='lat' dir='ltr'><strong>do-</strong></span> 
     </span>
    </p>
   </div>
   <div class='ocr_carea' id='block_1_86' title="bbox 2041 4145 3613 4216">
    <p class='ocr_par' dir='ltr' id='par_1_86' title="bbox 2041 4145 3613 4216">
     <span class='ocr_line' id='line_1_86' title="bbox 2041 4145 3613 4216; baseline -0.02 -2"><span class='ocrx_word' id='word_1_574' title='bbox 2041 4161 2126 4216; x_wconf 90' lang='lat' dir='ltr'><strong>nis</strong></span> <span class='ocrx_word' id='word_1_575' title='bbox 2159 4151 2460 4211; x_wconf 85' lang='lat' dir='ltr'><strong>Ecclesiam</strong></span> <span class='ocrx_word' id='word_1_576' title='bbox 2493 4155 2750 4208; x_wconf 88' lang='lat' dir='ltr'><strong>illustret.</strong></span> <span class='ocrx_word' id='word_1_577' title='bbox 2813 4145 3175 4204; x_wconf 87' lang='lat' dir='ltr'><strong>Constituitur</strong></span> <span class='ocrx_word' id='word_1_578' title='bbox 3197 4149 3250 4195; x_wconf 90' lang='lat' dir='ltr'><strong>et</strong></span> <span class='ocrx_word' id='word_1_579' title='bbox 3276 4151 3485 4196; x_wconf 88' lang='lat' dir='ltr'><strong>mensa.</strong></span> <span class='ocrx_word' id='word_1_580' title='bbox 3519 4149 3613 4203; x_wconf 82' lang='lat' dir='ltr'><strong>pa-</strong></span> 
     </span>
    </p>
   </div>
   <div class='ocr_carea' id='block_1_87' title="bbox 2045 4229 3613 4315">
    <p class='ocr_par' dir='ltr' id='par_1_87' title="bbox 2045 4229 3613 4315">
     <span class='ocr_line' id='line_1_87' title="bbox 2045 4229 3613 4315; baseline -0.016 -12"><span class='ocrx_word' id='word_1_581' title='bbox 2045 4269 2163 4305; x_wconf 87' lang='lat' dir='ltr'><strong>nem</strong></span> <span class='ocrx_word' id='word_1_582' title='bbox 2196 4249 2348 4303; x_wconf 74' lang='lat' dir='ltr'><strong>illiilli</strong></span> <span class='ocrx_word' id='word_1_583' title='bbox 2374 4260 2587 4301; x_wconf 88' lang='lat' dir='ltr'><strong>summe</strong></span> <span class='ocrx_word' id='word_1_584' title='bbox 2608 4243 2892 4315; x_wconf 87' lang='lat' dir='ltr'><strong>mysticum</strong></span> <span class='ocrx_word' id='word_1_585' title='bbox 2921 4237 3093 4308; x_wconf 86' lang='lat' dir='ltr'><strong>probe</strong></span> <span class='ocrx_word' id='word_1_586' title='bbox 3113 4229 3486 4290; x_wconf 89' lang='lat' dir='ltr'><strong>esurientibus</strong></span> <span class='ocrx_word' id='word_1_587' title='bbox 3514 4240 3613 4293; x_wconf 87' lang='lat' dir='ltr'><strong>ap-</strong></span> 
     </span>
    </p>
   </div>
   <div class='ocr_carea' id='block_1_88' title="bbox 2044 4319 3612 4412">
    <p class='ocr_par' dir='ltr' id='par_1_88' title="bbox 2044 4319 3612 4412">
     <span class='ocr_line' id='line_1_88' title="bbox 2044 4319 3612 4412; baseline -0.018 -15"><span class='ocrx_word' id='word_1_588' title='bbox 2044 4343 2277 4412; x_wconf 89' lang='lat' dir='ltr'><strong>positum</strong></span> <span class='ocrx_word' id='word_1_589' title='bbox 2309 4332 2972 4392; x_wconf 78' lang='lat' dir='ltr'><strong>habens”.Coustituitur</strong></span> <span class='ocrx_word' id='word_1_590' title='bbox 2999 4329 3164 4382; x_wconf 89' lang='lat' dir='ltr'><strong>etiam</strong></span> <span class='ocrx_word' id='word_1_591' title='bbox 3194 4323 3389 4388; x_wconf 88' lang='lat' dir='ltr'><strong>altare,</strong></span> <span class='ocrx_word' id='word_1_592' title='bbox 3413 4319 3612 4374; x_wconf 90' lang='lat' dir='ltr'><strong>nedqu</strong></span> 
     </span>
    </p>
   </div>
   <div class='ocr_carea' id='block_1_89' title="bbox 2047 4416 3611 4503">
    <p class='ocr_par' dir='ltr' id='par_1_89' title="bbox 2047 4416 3611 4503">
     <span class='ocr_line' id='line_1_89' title="bbox 2047 4416 3611 4503; baseline -0.017 -17"><span class='ocrx_word' id='word_1_593' title='bbox 2047 4432 2486 4503; x_wconf 80' lang='lat' dir='ltr'><strong>thymiamatum,</strong></span> <span class='ocrx_word' id='word_1_594' title='bbox 2542 4429 2685 4482; x_wconf 88' lang='lat' dir='ltr'><strong>velut</strong></span> <span class='ocrx_word' id='word_1_595' title='bbox 2732 4423 3092 4480; x_wconf 78' lang='lat' dir='ltr'><strong>suavissimus</strong></span> <span class='ocrx_word' id='word_1_596' title='bbox 3121 4416 3354 4478; x_wconf 83' lang='lat' dir='ltr'><strong>sullitus,</strong></span> <span class='ocrx_word' id='word_1_597' title='bbox 3389 4425 3611 4503; x_wconf 86' lang='lat' dir='ltr'><strong>precum</strong></span> 
     </span>
    </p>
   </div>
   <div class='ocr_carea' id='block_1_90' title="bbox 2039 4502 3614 4595">
    <p class='ocr_par' dir='ltr' id='par_1_90' title="bbox 2039 4502 3614 4595">
     <span class='ocr_line' id='line_1_90' title="bbox 2039 4502 3614 4595; baseline -0.017 -17"><span class='ocrx_word' id='word_1_598' title='bbox 2039 4502 2241 4595; x_wconf 76' lang='lat' dir='ltr'><strong>jizgiter</strong></span> <span class='ocrx_word' id='word_1_599' title='bbox 2277 4523 2482 4577; x_wconf 88' lang='lat' dir='ltr'><strong>hostias</strong></span> <span class='ocrx_word' id='word_1_600' title='bbox 2532 4515 2955 4580; x_wconf 78' lang='lat' dir='ltr'><strong>submittens&quot;;</strong></span> <span class='ocrx_word' id='word_1_601' title='bbox 2991 4527 3183 4568; x_wconf 90' lang='lat' dir='ltr'><strong>verum</strong></span> <span class='ocrx_word' id='word_1_602' title='bbox 3233 4509 3398 4564; x_wconf 83' lang='lat' dir='ltr'><strong>eti-am</strong></span> <span class='ocrx_word' id='word_1_603' title='bbox 3460 4502 3614 4558; x_wconf 85' lang='lat' dir='ltr'><strong>holo-</strong></span> 
     </span>
    </p>
   </div>
   <div class='ocr_carea' id='block_1_91' title="bbox 364 4595 3619 4692">
    <p class='ocr_par' dir='ltr' id='par_1_91' title="bbox 364 4595 3619 4692">
     <span class='ocr_line' id='line_1_91' title="bbox 364 4595 3619 4692; baseline -0.009 -16"><span class='ocrx_word' id='word_1_604' title='bbox 364 4622 498 4676; x_wconf 88' lang='lat' dir='ltr'><strong>lium</strong></span> <span class='ocrx_word' id='word_1_605' title='bbox 539 4621 714 4691; x_wconf 86' lang='lat' dir='ltr'><strong>magis</strong></span> <span class='ocrx_word' id='word_1_606' title='bbox 764 4636 829 4674; x_wconf 91' lang='lat' dir='ltr'><strong>ac</strong></span> <span class='ocrx_word' id='word_1_607' title='bbox 862 4620 1207 4686; x_wconf 91' lang='lat' dir='ltr'><strong>naturalium,</strong></span> <span class='ocrx_word' id='word_1_608' title='bbox 1243 4636 1304 4675; x_wconf 77' lang='lat' dir='ltr'><strong>ex</strong></span> <span class='ocrx_word' id='word_1_609' title='bbox 1332 4629 1566 4688; x_wconf 88' lang='lat' dir='ltr'><strong>terrena,</strong></span> <span class='ocrx_word' id='word_1_610' title='bbox 1603 4637 1666 4676; x_wconf 91' lang='lat' dir='ltr'><strong>ac</strong></span> <span class='ocrx_word' id='word_1_611' title='bbox 1696 4638 1815 4692; x_wconf 70' lang='lat' dir='ltr'><strong>quae</strong></span> <span class='ocrx_word' id='word_1_612' title='bbox 1837 4637 1938 4677; x_wconf 72' lang='lat' dir='ltr'><strong>sze-</strong></span> <span class='ocrx_word' id='word_1_613' title='bbox 1970 4628 2012 4682; x_wconf 80' lang='grc' dir='ltr'><strong>Ι)</strong></span> <span class='ocrx_word' id='word_1_614' title='bbox 2043 4626 2381 4676; x_wconf 89' lang='lat' dir='ltr'><strong>caustorum,</strong></span> <span class='ocrx_word' id='word_1_615' title='bbox 2413 4615 2612 4684; x_wconf 91' lang='lat' dir='ltr'><strong>pietate</strong></span> <span class='ocrx_word' id='word_1_616' title='bbox 2645 4613 2874 4683; x_wconf 87' lang='lat' dir='ltr'><strong>pingues</strong></span> <span class='ocrx_word' id='word_1_617' title='bbox 2895 4607 3105 4662; x_wconf 91' lang='lat' dir='ltr'><strong>animas</strong></span> <span class='ocrx_word' id='word_1_618' title='bbox 3136 4599 3396 4660; x_wconf 78' lang='lat' dir='ltr'><strong>sacriﬁcii</strong></span> <span class='ocrx_word' id='word_1_619' title='bbox 3424 4596 3532 4650; x_wconf 86' lang='lat' dir='ltr'><strong>ritu</strong></span> <span class='ocrx_word' id='word_1_620' title='bbox 3560 4595 3619 4691; x_wconf 26' lang='lat' dir='ltr'><strong>iu.</strong></span> 
     </span>
    </p>
   </div>
   <div class='ocr_carea' id='block_1_92' title="bbox 366 4711 1941 4782">
    <p class='ocr_par' dir='ltr' id='par_1_92' title="bbox 366 4711 1941 4782">
     <span class='ocr_line' id='line_1_92' title="bbox 366 4711 1941 4782; baseline 0.001 -16"><span class='ocrx_word' id='word_1_621' title='bbox 366 4713 476 4767; x_wconf 84' lang='lat' dir='ltr'><strong>culi</strong></span> <span class='ocrx_word' id='word_1_622' title='bbox 508 4729 610 4767; x_wconf 90' lang='lat' dir='ltr'><strong>usu</strong></span> <span class='ocrx_word' id='word_1_623' title='bbox 663 4722 1028 4780; x_wconf 70' lang='lat' dir='ltr'><strong>comparatur,</strong></span> <span class='ocrx_word' id='word_1_624' title='bbox 1079 4711 1454 4782; x_wconf 84' lang='lat' dir='ltr'><strong>intelligentia,</strong></span> <span class='ocrx_word' id='word_1_625' title='bbox 1517 4712 1822 4782; x_wconf 87' lang='lat' dir='ltr'><strong>mentisque</strong></span> <span class='ocrx_word' id='word_1_626' title='bbox 1855 4729 1941 4768; x_wconf 92' lang='lat' dir='ltr'><strong>so-</strong></span> 
     </span>
    </p>
   </div>
   <div class='ocr_carea' id='block_1_93' title="bbox 368 4803 1941 4875">
    <p class='ocr_par' dir='ltr' id='par_1_93' title="bbox 368 4803 1941 4875">
     <span class='ocr_line' id='line_1_93' title="bbox 368 4803 1941 4875; baseline 0.001 -17"><span class='ocrx_word' id='word_1_627' title='bbox 368 4806 526 4860; x_wconf 89' lang='lat' dir='ltr'><strong>lertia</strong></span> <span class='ocrx_word' id='word_1_628' title='bbox 564 4804 637 4858; x_wconf 90' lang='lat' dir='ltr'><strong>illi</strong></span> <span class='ocrx_word' id='word_1_629' title='bbox 680 4803 1120 4857; x_wconf 79' lang='lat' dir='ltr'><strong>collectorum&quot;.</strong></span> <span class='ocrx_word' id='word_1_630' title='bbox 1179 4803 1275 4859; x_wconf 85' lang='lat' dir='ltr'><strong>His</strong></span> <span class='ocrx_word' id='word_1_631' title='bbox 1319 4804 1503 4874; x_wconf 83' lang='lat' dir='ltr'><strong>igitur,</strong></span> <span class='ocrx_word' id='word_1_632' title='bbox 1551 4807 1644 4875; x_wconf 89' lang='lat' dir='ltr'><strong>qui</strong></span> <span class='ocrx_word' id='word_1_633' title='bbox 1695 4806 1828 4860; x_wconf 84' lang='lat' dir='ltr'><strong>recti</strong></span> <span class='ocrx_word' id='word_1_634' title='bbox 1877 4821 1941 4860; x_wconf 94' lang='lat' dir='ltr'><strong>ac</strong></span> 
     </span>
    </p>
   </div>
   <div class='ocr_carea' id='block_1_94' title="bbox 371 4891 1938 4962">
    <p class='ocr_par' dir='ltr' id='par_1_94' title="bbox 371 4891 1938 4962">
     <span class='ocr_line' id='line_1_94' title="bbox 371 4891 1938 4962; baseline -0.003 -13"><span class='ocrx_word' id='word_1_635' title='bbox 371 4896 404 4949; x_wconf 79' lang='lat' dir='ltr'><strong>li</strong></span> <span class='ocrx_word' id='word_1_636' title='bbox 430 4895 562 4948; x_wconf 83' lang='lat' dir='ltr'><strong>leles</strong></span> <span class='ocrx_word' id='word_1_637' title='bbox 589 4904 796 4956; x_wconf 86' lang='lat' dir='ltr'><strong>essent,</strong></span> <span class='ocrx_word' id='word_1_638' title='bbox 824 4899 934 4946; x_wconf 89' lang='lat' dir='ltr'><strong>tum</strong></span> <span class='ocrx_word' id='word_1_639' title='bbox 975 4891 1173 4951; x_wconf 89' lang='lat' dir='ltr'><strong>alebat.</strong></span> <span class='ocrx_word' id='word_1_640' title='bbox 1207 4902 1319 4946; x_wconf 91' lang='lat' dir='ltr'><strong>tum</strong></span> <span class='ocrx_word' id='word_1_641' title='bbox 1352 4893 1668 4957; x_wconf 85' lang='lat' dir='ltr'><strong>recreabat;</strong></span> <span class='ocrx_word' id='word_1_642' title='bbox 1715 4891 1806 4962; x_wconf 89' lang='lat' dir='ltr'><strong>qui</strong></span> <span class='ocrx_word' id='word_1_643' title='bbox 1838 4908 1938 4944; x_wconf 90' lang='lat' dir='ltr'><strong>au-</strong></span> 
     </span>
    </p>
   </div>
   <div class='ocr_carea' id='block_1_95' title="bbox 371 4981 1940 5047">
    <p class='ocr_par' dir='ltr' id='par_1_95' title="bbox 371 4981 1940 5047">
     <span class='ocr_line' id='line_1_95' title="bbox 371 4981 1940 5047; baseline -0.003 -9"><span class='ocrx_word' id='word_1_644' title='bbox 371 4995 478 5038; x_wconf 92' lang='lat' dir='ltr'><strong>tem</strong></span> <span class='ocrx_word' id='word_1_645' title='bbox 507 4991 960 5042; x_wconf 89' lang='lat' dir='ltr'><strong>murmuratores,</strong></span> <span class='ocrx_word' id='word_1_646' title='bbox 994 4996 1058 5036; x_wconf 86' lang='lat' dir='ltr'><strong>ac</strong></span> <span class='ocrx_word' id='word_1_647' title='bbox 1089 4981 1197 5037; x_wconf 88' lang='lat' dir='ltr'><strong>Deo</strong></span> <span class='ocrx_word' id='word_1_648' title='bbox 1240 4982 1621 5047; x_wconf 87' lang='lat' dir='ltr'><strong>detrahebant,</strong></span> <span class='ocrx_word' id='word_1_649' title='bbox 1648 4997 1744 5037; x_wconf 91' lang='lat' dir='ltr'><strong>eos</strong></span> <span class='ocrx_word' id='word_1_650' title='bbox 1775 4984 1940 5035; x_wconf 83' lang='lat' dir='ltr'><strong>mise-</strong></span> 
     </span>
    </p>
   </div>
   <div class='ocr_carea' id='block_1_96' title="bbox 372 5072 1492 5141">
    <p class='ocr_par' dir='ltr' id='par_1_96' title="bbox 372 5072 1492 5141">
     <span class='ocr_line' id='line_1_96' title="bbox 372 5072 1492 5141; baseline -0.002 -13"><span class='ocrx_word' id='word_1_651' title='bbox 372 5075 530 5128; x_wconf 78' lang='lat' dir='ltr'><strong>rabili</strong></span> <span class='ocrx_word' id='word_1_652' title='bbox 564 5089 629 5125; x_wconf 90' lang='lat' dir='ltr'><strong>ac</strong></span> <span class='ocrx_word' id='word_1_653' title='bbox 658 5072 1004 5141; x_wconf 70' lang='lat' dir='ltr'><strong>deploraudre</strong></span> <span class='ocrx_word' id='word_1_654' title='bbox 1031 5073 1191 5126; x_wconf 93' lang='lat' dir='ltr'><strong>morti</strong></span> <span class='ocrx_word' id='word_1_655' title='bbox 1223 5073 1492 5127; x_wconf 89' lang='lat' dir='ltr'><strong>tradebat.</strong></span> 
     </span>
    </p>
   </div>
   <div class='ocr_carea' id='block_1_97' title="bbox 443 5166 1940 5236">
    <p class='ocr_par' dir='ltr' id='par_1_97' title="bbox 443 5166 1940 5236">
     <span class='ocr_line' id='line_1_97' title="bbox 443 5166 1940 5236; baseline -0.003 -15"><span class='ocrx_word' id='word_1_656' title='bbox 443 5167 566 5221; x_wconf 82' lang='lat' dir='ltr'><strong>Non</strong></span> <span class='ocrx_word' id='word_1_657' title='bbox 617 5166 671 5218; x_wconf 89' lang='lat' dir='ltr'><strong>in</strong></span> <span class='ocrx_word' id='word_1_658' title='bbox 729 5176 964 5219; x_wconf 88' lang='lat' dir='ltr'><strong>montem</strong></span> <span class='ocrx_word' id='word_1_659' title='bbox 1000 5166 1178 5236; x_wconf 69' lang='lat' dir='ltr'><strong>(terra:</strong></span> <span class='ocrx_word' id='word_1_660' title='bbox 1213 5166 1441 5232; x_wconf 90' lang='lat' dir='ltr'><strong>scilicet,</strong></span> <span class='ocrx_word' id='word_1_661' title='bbox 1497 5166 1588 5236; x_wconf 90' lang='lat' dir='ltr'><strong>qui</strong></span> <span class='ocrx_word' id='word_1_662' title='bbox 1628 5166 1681 5219; x_wconf 91' lang='lat' dir='ltr'><strong>in</strong></span> <span class='ocrx_word' id='word_1_663' title='bbox 1715 5179 1940 5220; x_wconf 87' lang='lat' dir='ltr'><strong>sensum</strong></span> 
     </span>
    </p>
   </div>
   <div class='ocr_carea' id='block_1_98' title="bbox 375 5255 1946 5329">
    <p class='ocr_par' dir='ltr' id='par_1_98' title="bbox 375 5255 1946 5329">
     <span class='ocr_line' id='line_1_98' title="bbox 375 5255 1946 5329; baseline -0.006 -12"><span class='ocrx_word' id='word_1_664' title='bbox 375 5265 557 5327; x_wconf 84' lang='lat' dir='ltr'><strong>cadat,</strong></span> <span class='ocrx_word' id='word_1_665' title='bbox 588 5258 882 5326; x_wconf 90' lang='lat' dir='ltr'><strong>tumulum)</strong></span> <span class='ocrx_word' id='word_1_666' title='bbox 907 5273 996 5326; x_wconf 90' lang='lat' dir='ltr'><strong>per</strong></span> <span class='ocrx_word' id='word_1_667' title='bbox 1021 5258 1180 5314; x_wconf 89' lang='lat' dir='ltr'><strong>breve</strong></span> <span class='ocrx_word' id='word_1_668' title='bbox 1199 5268 1413 5329; x_wconf 87' lang='lat' dir='ltr'><strong>tempus</strong></span> <span class='ocrx_word' id='word_1_669' title='bbox 1441 5258 1721 5322; x_wconf 78' lang='lat' dir='ltr'><strong>Si-cedeus,</strong></span> <span class='ocrx_word' id='word_1_670' title='bbox 1743 5255 1946 5324; x_wconf 89' lang='lat' dir='ltr'><strong>Deique</strong></span> 
     </span>
    </p>
   </div>
   <div class='ocr_carea' id='block_1_99' title="bbox 380 5345 1947 5418">
    <p class='ocr_par' dir='ltr' id='par_1_99' title="bbox 380 5345 1947 5418">
     <span class='ocr_line' id='line_1_99' title="bbox 380 5345 1947 5418; baseline -0.006 -9"><span class='ocrx_word' id='word_1_671' title='bbox 380 5357 490 5409; x_wconf 87' lang='lat' dir='ltr'><strong>illic</strong></span> <span class='ocrx_word' id='word_1_672' title='bbox 526 5369 666 5408; x_wconf 92' lang='lat' dir='ltr'><strong>usus</strong></span> <span class='ocrx_word' id='word_1_673' title='bbox 695 5351 1050 5418; x_wconf 62' lang='lat' dir='ltr'><strong>colloquio)“,</strong></span> <span class='ocrx_word' id='word_1_674' title='bbox 1107 5353 1279 5406; x_wconf 90' lang='lat' dir='ltr'><strong>turbis</strong></span> <span class='ocrx_word' id='word_1_675' title='bbox 1313 5368 1372 5406; x_wconf 91' lang='lat' dir='ltr'><strong>se</strong></span> <span class='ocrx_word' id='word_1_676' title='bbox 1423 5366 1616 5404; x_wconf 89' lang='lat' dir='ltr'><strong>rursus</strong></span> <span class='ocrx_word' id='word_1_677' title='bbox 1669 5345 1947 5416; x_wconf 79' lang='lat' dir='ltr'><strong>legislator</strong></span> 
     </span>
    </p>
   </div>
   <div class='ocr_carea' id='block_1_100' title="bbox 381 5441 1951 5516">
    <p class='ocr_par' dir='ltr' id='par_1_100' title="bbox 381 5441 1951 5516">
     <span class='ocr_line' id='line_1_100' title="bbox 381 5441 1951 5516; baseline -0.014 -6"><span class='ocrx_word' id='word_1_678' title='bbox 381 5447 764 5516; x_wconf 66' lang='grc' dir='ltr'>Ιιθτιιιίιιθιιίιῑὲ</span> <span class='ocrx_word' id='word_1_679' title='bbox 793 5441 883 5496; x_wconf 76' lang='lat' dir='ltr'><strong>Sed</strong></span> <span class='ocrx_word' id='word_1_680' title='bbox 917 5458 1165 5510; x_wconf 79' lang='lat' dir='ltr'><strong>suprema</strong></span> <span class='ocrx_word' id='word_1_681' title='bbox 1196 5442 1478 5511; x_wconf 68' lang='lat' dir='ltr'><strong>theologia:</strong></span> <span class='ocrx_word' id='word_1_682' title='bbox 1509 5455 1803 5494; x_wconf 74' lang='lat' dir='ltr'><strong>conscmsa</strong></span> <span class='ocrx_word' id='word_1_683' title='bbox 1829 5452 1951 5506; x_wconf 77' lang='lat' dir='ltr'><strong>spc-</strong></span> 
     </span>
    </p>
   </div>
   <div class='ocr_carea' id='block_1_101' title="bbox 381 5529 1948 5602">
    <p class='ocr_par' dir='ltr' id='par_1_101' title="bbox 381 5529 1948 5602">
     <span class='ocr_line' id='line_1_101' title="bbox 381 5529 1948 5602; baseline -0.008 -10"><span class='ocrx_word' id='word_1_684' title='bbox 381 5542 526 5600; x_wconf 86' lang='lat' dir='ltr'><strong>cula,</strong></span> <span class='ocrx_word' id='word_1_685' title='bbox 567 5552 678 5590; x_wconf 90' lang='lat' dir='ltr'><strong>non</strong></span> <span class='ocrx_word' id='word_1_686' title='bbox 727 5535 936 5588; x_wconf 89' lang='lat' dir='ltr'><strong>dierum</strong></span> <span class='ocrx_word' id='word_1_687' title='bbox 982 5534 1358 5602; x_wconf 82' lang='lat' dir='ltr'><strong>quadraginta,</strong></span> <span class='ocrx_word' id='word_1_688' title='bbox 1418 5532 1511 5587; x_wconf 90' lang='lat' dir='ltr'><strong>sed</strong></span> <span class='ocrx_word' id='word_1_689' title='bbox 1545 5532 1658 5600; x_wconf 88' lang='lat' dir='ltr'><strong>jugi</strong></span> <span class='ocrx_word' id='word_1_690' title='bbox 1691 5529 1948 5599; x_wconf 80' lang='lat' dir='ltr'><strong>jejunio;</strong></span> 
     </span>
    </p>
   </div>
   <div class='ocr_carea' id='block_1_102' title="bbox 453 5670 1522 5732">
    <p class='ocr_par' dir='ltr' id='par_1_102' title="bbox 453 5670 1522 5732">
     <span class='ocr_line' id='line_1_102' title="bbox 453 5670 1522 5732; baseline -0.007 -2"><span class='ocrx_word' id='word_1_691' title='bbox 453 5678 494 5709; x_wconf 83' lang='lat'><strong>&quot;</strong></span> <span class='ocrx_word' id='word_1_692' title='bbox 521 5673 698 5729; x_wconf 79' lang='lat' dir='ltr'><strong>Exod.</strong></span> <span class='ocrx_word' id='word_1_693' title='bbox 738 5688 790 5732; x_wconf 69' lang='grc' dir='ltr'><strong>κ.</strong></span> <span class='ocrx_word' id='word_1_694' title='bbox 822 5671 913 5724; x_wconf 67' lang='grc'><strong>22.</strong></span> <span class='ocrx_word' id='word_1_695' title='bbox 990 5673 1032 5702; x_wconf 75' lang='grc'><strong>’³</strong></span> <span class='ocrx_word' id='word_1_696' title='bbox 1072 5672 1241 5725; x_wconf 80' lang='lat' dir='ltr'><strong>Exod.</strong></span> <span class='ocrx_word' id='word_1_697' title='bbox 1304 5687 1404 5732; x_wconf 79' lang='lat' dir='ltr'><strong>xu,</strong></span> <span class='ocrx_word' id='word_1_698' title='bbox 1433 5670 1522 5724; x_wconf 71' lang='grc'><strong>29.</strong></span> 
     </span>
    </p>
   </div>
   <div class='ocr_carea' id='block_1_103' title="bbox 385 5740 1470 5805">
    <p class='ocr_par' dir='ltr' id='par_1_103' title="bbox 385 5740 1470 5805">
     <span class='ocr_line' id='line_1_103' title="bbox 385 5740 1470 5805; baseline -0.004 -7"><span class='ocrx_word' id='word_1_699' title='bbox 385 5752 428 5780; x_wconf 83' lang='grc'>²²</span> <span class='ocrx_word' id='word_1_700' title='bbox 455 5745 632 5800; x_wconf 78' lang='lat' dir='ltr'><strong>Exod.</strong></span> <span class='ocrx_word' id='word_1_701' title='bbox 668 5757 757 5803; x_wconf 87' lang='lat' dir='ltr'><strong>xv,</strong></span> <span class='ocrx_word' id='word_1_702' title='bbox 783 5740 872 5796; x_wconf 66' lang='lat'><strong>95.</strong></span> <span class='ocrx_word' id='word_1_703' title='bbox 945 5745 991 5776; x_wconf 79' lang='lat'><strong>&quot;</strong></span> <span class='ocrx_word' id='word_1_704' title='bbox 1025 5743 1190 5796; x_wconf 80' lang='lat' dir='ltr'><strong>Exod.</strong></span> <span class='ocrx_word' id='word_1_705' title='bbox 1227 5759 1358 5805; x_wconf 85' lang='lat' dir='ltr'><strong>xvu,</strong></span> <span class='ocrx_word' id='word_1_706' title='bbox 1388 5743 1470 5795; x_wconf 86' lang='lat' dir='ltr'><strong>ll.</strong></span> 
     </span>
    </p>
   </div>
   <div class='ocr_carea' id='block_1_104' title="bbox 385 5812 1529 5876">
    <p class='ocr_par' dir='ltr' id='par_1_104' title="bbox 385 5812 1529 5876">
     <span class='ocr_line' id='line_1_104' title="bbox 385 5812 1529 5876; baseline -0.006 -5"><span class='ocrx_word' id='word_1_707' title='bbox 385 5819 431 5848; x_wconf 83' lang='lat'><strong>&quot;</strong></span> <span class='ocrx_word' id='word_1_708' title='bbox 463 5814 639 5870; x_wconf 78' lang='lat' dir='ltr'><strong>Exod.</strong></span> <span class='ocrx_word' id='word_1_709' title='bbox 674 5827 868 5868; x_wconf 85' lang='lat' dir='ltr'><strong>xxxm.</strong></span> <span class='ocrx_word' id='word_1_710' title='bbox 911 5815 1000 5867; x_wconf 68' lang='lat'><strong>25.</strong></span> <span class='ocrx_word' id='word_1_711' title='bbox 1102 5813 1146 5844; x_wconf 75' lang='grc'><strong>’⁸</strong></span> <span class='ocrx_word' id='word_1_712' title='bbox 1173 5812 1329 5870; x_wconf 79' lang='lat' dir='ltr'><strong>llebr.</strong></span> <span class='ocrx_word' id='word_1_713' title='bbox 1371 5830 1445 5876; x_wconf 85' lang='lat' dir='ltr'><strong>Ix,</strong></span> <span class='ocrx_word' id='word_1_714' title='bbox 1481 5813 1529 5865; x_wconf 53' lang='grc' dir='ltr'><strong>μί.</strong></span> 
     </span>
    </p>
   </div>
   <div class='ocr_carea' id='block_1_105' title="bbox 389 5882 1142 5953">
    <p class='ocr_par' dir='ltr' id='par_1_105' title="bbox 389 5882 1142 5953">
     <span class='ocr_line' id='line_1_105' title="bbox 389 5882 1142 5953; baseline -0.004 -12"><span class='ocrx_word' id='word_1_715' title='bbox 389 5903 518 5953; x_wconf 76' lang='lat' dir='ltr'><strong>xxx,</strong></span> <span class='ocrx_word' id='word_1_716' title='bbox 561 5885 608 5938; x_wconf 87' lang='grc' dir='ltr'>ι.</span> <span class='ocrx_word' id='word_1_717' title='bbox 689 5883 731 5914; x_wconf 78' lang='grc'><strong>³⁸</strong></span> <span class='ocrx_word' id='word_1_718' title='bbox 763 5882 926 5939; x_wconf 78' lang='lat' dir='ltr'><strong>Exod.</strong></span> <span class='ocrx_word' id='word_1_719' title='bbox 958 5901 1026 5950; x_wconf 83' lang='lat' dir='ltr'><strong>iv,</strong></span> <span class='ocrx_word' id='word_1_720' title='bbox 1055 5886 1142 5938; x_wconf 74' lang='lat'><strong>27.</strong></span> 
     </span>
    </p>
   </div>
   <div class='ocr_carea' id='block_1_106' title="bbox 1641 5667 2418 5732">
    <p class='ocr_par' dir='ltr' id='par_1_106' title="bbox 1641 5667 2418 5732">
     <span class='ocr_line' id='line_1_106' title="bbox 1641 5667 2418 5732; baseline -0.006 -10"><span class='ocrx_word' id='word_1_721' title='bbox 1641 5669 1684 5700; x_wconf 80' lang='lat'>&quot;</span> <span class='ocrx_word' id='word_1_722' title='bbox 1721 5667 1892 5722; x_wconf 82' lang='lat' dir='ltr'><strong>Exod.</strong></span> <span class='ocrx_word' id='word_1_723' title='bbox 1920 5684 2036 5722; x_wconf 84' lang='lat' dir='ltr'><strong>xm.</strong></span> <span class='ocrx_word' id='word_1_724' title='bbox 2063 5669 2123 5720; x_wconf 70' lang='lat' dir='ltr'><strong>2i</strong></span> <span class='ocrx_word' id='word_1_725' title='bbox 2150 5685 2162 5728; x_wconf 86' lang='lat'><strong>;</strong></span> <span class='ocrx_word' id='word_1_726' title='bbox 2190 5684 2296 5732; x_wconf 85' lang='lat' dir='ltr'><strong>xlv,</strong></span> <span class='ocrx_word' id='word_1_727' title='bbox 2336 5667 2418 5718; x_wconf 72' lang='lat'><strong>10.</strong></span> 
     </span>
    </p>
   </div>
   <div class='ocr_carea' id='block_1_107' title="bbox 1577 5739 2222 5796">
    <p class='ocr_par' dir='ltr' id='par_1_107' title="bbox 1577 5739 2222 5796">
     <span class='ocr_line' id='line_1_107' title="bbox 1577 5739 2222 5796; baseline -0.002 -5"><span class='ocrx_word' id='word_1_728' title='bbox 1577 5745 1620 5773; x_wconf 75' lang='lat'><em>&quot;</em></span> <span class='ocrx_word' id='word_1_729' title='bbox 1644 5740 1809 5792; x_wconf 72' lang='lat' dir='ltr'><strong>Exod.</strong></span> <span class='ocrx_word' id='word_1_730' title='bbox 1876 5755 1983 5795; x_wconf 80' lang='lat' dir='ltr'><strong>xvr.</strong></span> <span class='ocrx_word' id='word_1_731' title='bbox 2018 5739 2100 5796; x_wconf 28' lang='lat' dir='ltr'><strong>lii».</strong></span> <span class='ocrx_word' id='word_1_732' title='bbox 2141 5742 2222 5794; x_wconf 80' lang='grc'><strong>15.</strong></span> 
     </span>
    </p>
   </div>
   <div class='ocr_carea' id='block_1_108' title="bbox 1623 5810 2150 5872">
    <p class='ocr_par' dir='ltr' id='par_1_108' title="bbox 1623 5810 2150 5872">
     <span class='ocr_line' id='line_1_108' title="bbox 1623 5810 2150 5872; baseline 0.004 -9"><span class='ocrx_word' id='word_1_733' title='bbox 1623 5813 1663 5841; x_wconf 66' lang='grc' dir='ltr'><strong>’τ’</strong></span> <span class='ocrx_word' id='word_1_734' title='bbox 1699 5810 1865 5864; x_wconf 73' lang='lat' dir='ltr'><strong>Exod.</strong></span> <span class='ocrx_word' id='word_1_735' title='bbox 1908 5826 2030 5872; x_wconf 82' lang='lat' dir='ltr'><strong>xxv,</strong></span> <span class='ocrx_word' id='word_1_736' title='bbox 2064 5814 2150 5865; x_wconf 76' lang='lat' dir='ltr'><strong>3f.</strong></span> 
     </span>
    </p>
   </div>
   <div class='ocr_carea' id='block_1_109' title="bbox 2043 4707 2493 4780">
    <p class='ocr_par' dir='ltr' id='par_1_109' title="bbox 2043 4707 2493 4780">
     <span class='ocr_line' id='line_1_109' title="bbox 2043 4707 2493 4780; baseline -0.007 -18"><span class='ocrx_word' id='word_1_737' title='bbox 2043 4713 2163 4780; x_wconf 89' lang='lat' dir='ltr'><strong>ipso</strong></span> <span class='ocrx_word' id='word_1_738' title='bbox 2191 4707 2400 4762; x_wconf 83' lang='lat' dir='ltr'><strong>faciens</strong></span> <span class='ocrx_word' id='word_1_739' title='bbox 2427 4707 2493 4759; x_wconf 80' lang='lat'><strong>&quot;.</strong></span> 
     </span>
    </p>
   </div>
   <div class='ocr_carea' id='block_1_110' title="bbox 2113 4788 3615 4868">
    <p class='ocr_par' dir='ltr' id='par_1_110' title="bbox 2113 4788 3615 4868">
     <span class='ocr_line' id='line_1_110' title="bbox 2113 4788 3615 4868; baseline -0.014 -16"><span class='ocrx_word' id='word_1_740' title='bbox 2113 4800 2256 4854; x_wconf 87' lang='lat' dir='ltr'><strong>Idem</strong></span> <span class='ocrx_word' id='word_1_741' title='bbox 2284 4813 2499 4868; x_wconf 88' lang='lat' dir='ltr'><strong>quoque</strong></span> <span class='ocrx_word' id='word_1_742' title='bbox 2525 4810 2757 4867; x_wconf 87' lang='lat' dir='ltr'><strong>magnus</strong></span> <span class='ocrx_word' id='word_1_743' title='bbox 2787 4790 3029 4861; x_wconf 78' lang='lat' dir='ltr'><strong>pentifex</strong></span> <span class='ocrx_word' id='word_1_744' title='bbox 3081 4788 3327 4848; x_wconf 80' lang='lat' dir='ltr'><strong>elIectus,</strong></span> <span class='ocrx_word' id='word_1_745' title='bbox 3359 4797 3468 4837; x_wconf 93' lang='lat' dir='ltr'><strong>non</strong></span> <span class='ocrx_word' id='word_1_746' title='bbox 3510 4795 3615 4832; x_wconf 81' lang='lat' dir='ltr'><strong>un-</strong></span> 
     </span>
    </p>
   </div>
   <div class='ocr_carea' id='block_1_111' title="bbox 2041 4869 3616 4955">
    <p class='ocr_par' dir='ltr' id='par_1_111' title="bbox 2041 4869 3616 4955">
     <span class='ocr_line' id='line_1_111' title="bbox 2041 4869 3616 4955; baseline -0.017 -9"><span class='ocrx_word' id='word_1_747' title='bbox 2041 4890 2238 4946; x_wconf 88' lang='lat' dir='ltr'><strong>ctionis</strong></span> <span class='ocrx_word' id='word_1_748' title='bbox 2269 4888 2389 4943; x_wconf 91' lang='lat' dir='ltr'><strong>oleo</strong></span> <span class='ocrx_word' id='word_1_749' title='bbox 2431 4896 2593 4955; x_wconf 90' lang='lat' dir='ltr'><strong>caput</strong></span> <span class='ocrx_word' id='word_1_750' title='bbox 2638 4886 2975 4951; x_wconf 88' lang='lat' dir='ltr'><strong>barbamque</strong></span> <span class='ocrx_word' id='word_1_751' title='bbox 2997 4879 3245 4939; x_wconf 90' lang='lat' dir='ltr'><strong>diluitur,</strong></span> <span class='ocrx_word' id='word_1_752' title='bbox 3287 4873 3382 4929; x_wconf 88' lang='lat' dir='ltr'><strong>sed</strong></span> <span class='ocrx_word' id='word_1_753' title='bbox 3410 4869 3616 4940; x_wconf 90' lang='lat' dir='ltr'><strong>Spiritu</strong></span> 
     </span>
    </p>
   </div>
   <div class='ocr_carea' id='block_1_112' title="bbox 2047 4960 3616 5039">
    <p class='ocr_par' dir='ltr' id='par_1_112' title="bbox 2047 4960 3616 5039">
     <span class='ocr_line' id='line_1_112' title="bbox 2047 4960 3616 5039; baseline -0.017 0"><span class='ocrx_word' id='word_1_754' title='bbox 2047 4981 2428 5039; x_wconf 83' lang='lat' dir='ltr'><strong>exsultationis</strong></span> <span class='ocrx_word' id='word_1_755' title='bbox 2483 4989 2663 5033; x_wconf 88' lang='lat' dir='ltr'><strong>mente</strong></span> <span class='ocrx_word' id='word_1_756' title='bbox 2702 4992 2766 5030; x_wconf 92' lang='lat' dir='ltr'><strong>ac</strong></span> <span class='ocrx_word' id='word_1_757' title='bbox 2825 4976 3007 5028; x_wconf 90' lang='lat' dir='ltr'><strong>animo</strong></span> <span class='ocrx_word' id='word_1_758' title='bbox 3061 4968 3453 5026; x_wconf 82' lang='lat' dir='ltr'><strong>sanctificatur.</strong></span> <span class='ocrx_word' id='word_1_759' title='bbox 3504 4960 3616 5015; x_wconf 84' lang='lat' dir='ltr'><strong>Nec</strong></span> 
     </span>
    </p>
   </div>
   <div class='ocr_carea' id='block_1_113' title="bbox 2050 5059 3618 5134">
    <p class='ocr_par' dir='ltr' id='par_1_113' title="bbox 2050 5059 3618 5134">
     <span class='ocr_line' id='line_1_113' title="bbox 2050 5059 3618 5134; baseline -0.016 -5"><span class='ocrx_word' id='word_1_760' title='bbox 2050 5077 2212 5129; x_wconf 87' lang='lat' dir='ltr'><strong>variis</strong></span> <span class='ocrx_word' id='word_1_761' title='bbox 2243 5075 2465 5134; x_wconf 89' lang='lat' dir='ltr'><strong>tunicis,</strong></span> <span class='ocrx_word' id='word_1_762' title='bbox 2494 5083 2706 5124; x_wconf 87' lang='lat' dir='ltr'><strong>terrena</strong></span> <span class='ocrx_word' id='word_1_763' title='bbox 2735 5085 2764 5122; x_wconf 92' lang='lat' dir='ltr'><strong>e</strong></span> <span class='ocrx_word' id='word_1_764' title='bbox 2787 5065 3014 5120; x_wconf 87' lang='lat' dir='ltr'><strong>materia</strong></span> <span class='ocrx_word' id='word_1_765' title='bbox 3053 5059 3322 5116; x_wconf 79' lang='lat' dir='ltr'><strong>contextis</strong></span> <span class='ocrx_word' id='word_1_766' title='bbox 3352 5068 3618 5125; x_wconf 87' lang='lat' dir='ltr'><strong>perorna-</strong></span> 
     </span>
    </p>
   </div>
   <div class='ocr_carea' id='block_1_114' title="bbox 2053 5143 3618 5230">
    <p class='ocr_par' dir='ltr' id='par_1_114' title="bbox 2053 5143 3618 5230">
     <span class='ocr_line' id='line_1_114' title="bbox 2053 5143 3618 5230; baseline -0.017 -10"><span class='ocrx_word' id='word_1_767' title='bbox 2053 5175 2162 5230; x_wconf 90' lang='lat' dir='ltr'><strong>tur,</strong></span> <span class='ocrx_word' id='word_1_768' title='bbox 2189 5165 2282 5219; x_wconf 89' lang='lat' dir='ltr'><strong>sed</strong></span> <span class='ocrx_word' id='word_1_769' title='bbox 2312 5164 2575 5216; x_wconf 92' lang='lat' dir='ltr'><strong>virtutum</strong></span> <span class='ocrx_word' id='word_1_770' title='bbox 2613 5159 2901 5219; x_wconf 88' lang='lat' dir='ltr'><strong>varietate,</strong></span> <span class='ocrx_word' id='word_1_771' title='bbox 2935 5151 3101 5207; x_wconf 88' lang='lat' dir='ltr'><strong>animi</strong></span> <span class='ocrx_word' id='word_1_772' title='bbox 3137 5149 3318 5203; x_wconf 85' lang='lat' dir='ltr'><strong>tunica</strong></span> <span class='ocrx_word' id='word_1_773' title='bbox 3345 5143 3493 5198; x_wconf 87' lang='lat' dir='ltr'><strong>varia</strong></span> <span class='ocrx_word' id='word_1_774' title='bbox 3531 5143 3618 5196; x_wconf 87' lang='lat' dir='ltr'><strong>iu-</strong></span> 
     </span>
    </p>
   </div>
   <div class='ocr_carea' id='block_1_115' title="bbox 2055 5235 3617 5322">
    <p class='ocr_par' dir='ltr' id='par_1_115' title="bbox 2055 5235 3617 5322">
     <span class='ocr_line' id='line_1_115' title="bbox 2055 5235 3617 5322; baseline -0.017 -12"><span class='ocrx_word' id='word_1_775' title='bbox 2055 5257 2268 5322; x_wconf 88' lang='lat' dir='ltr'><strong>duitur;</strong></span> <span class='ocrx_word' id='word_1_776' title='bbox 2308 5270 2373 5309; x_wconf 89' lang='lat' dir='ltr'><strong>ac</strong></span> <span class='ocrx_word' id='word_1_777' title='bbox 2413 5253 2558 5307; x_wconf 87' lang='lat' dir='ltr'><strong>velut</strong></span> <span class='ocrx_word' id='word_1_778' title='bbox 2611 5251 2819 5303; x_wconf 73' lang='lat' dir='ltr'><strong>Aarom</strong></span> <span class='ocrx_word' id='word_1_779' title='bbox 2845 5245 2933 5300; x_wconf 81' lang='lat' dir='ltr'><strong>ille</strong></span> <span class='ocrx_word' id='word_1_780' title='bbox 2993 5235 3441 5298; x_wconf 74' lang='lat' dir='ltr'><strong>tintit&#39;inabula”,</strong></span> <span class='ocrx_word' id='word_1_781' title='bbox 3483 5247 3617 5288; x_wconf 90' lang='lat' dir='ltr'><strong>con-</strong></span> 
     </span>
    </p>
   </div>
   <div class='ocr_carea' id='block_1_116' title="bbox 2048 5334 3617 5416">
    <p class='ocr_par' dir='ltr' id='par_1_116' title="bbox 2048 5334 3617 5416">
     <span class='ocr_line' id='line_1_116' title="bbox 2048 5334 3617 5416; baseline -0.017 -13"><span class='ocrx_word' id='word_1_782' title='bbox 2048 5350 2268 5404; x_wconf 81' lang='lat' dir='ltr'><strong>cinnum</strong></span> <span class='ocrx_word' id='word_1_783' title='bbox 2327 5345 2639 5416; x_wconf 72' lang='lat' dir='ltr'><strong>apostolica:</strong></span> <span class='ocrx_word' id='word_1_784' title='bbox 2690 5338 2970 5410; x_wconf 73' lang='lat' dir='ltr'><strong>sapientia:</strong></span> <span class='ocrx_word' id='word_1_785' title='bbox 3024 5334 3263 5390; x_wconf 90' lang='lat' dir='ltr'><strong>sonitum</strong></span> <span class='ocrx_word' id='word_1_786' title='bbox 3306 5341 3617 5389; x_wconf 87' lang='lat' dir='ltr'><strong>assumens,</strong></span> 
     </span>
    </p>
   </div>
   <div class='ocr_carea' id='block_1_117' title="bbox 2049 5425 3622 5499">
    <p class='ocr_par' dir='ltr' id='par_1_117' title="bbox 2049 5425 3622 5499">
     <span class='ocr_line' id='line_1_117' title="bbox 2049 5425 3622 5499; baseline -0.017 -2"><span class='ocrx_word' id='word_1_787' title='bbox 2049 5444 2122 5497; x_wconf 88' lang='lat' dir='ltr'><strong>ita</strong></span> <span class='ocrx_word' id='word_1_788' title='bbox 2147 5439 2599 5496; x_wconf 84' lang='lat' dir='ltr'><strong>sanctificationis</strong></span> <span class='ocrx_word' id='word_1_789' title='bbox 2630 5433 2911 5497; x_wconf 84' lang='lat' dir='ltr'><strong>sacerdos,</strong></span> <span class='ocrx_word' id='word_1_790' title='bbox 2941 5439 3104 5499; x_wconf 89' lang='lat' dir='ltr'><strong>atque</strong></span> <span class='ocrx_word' id='word_1_791' title='bbox 3139 5425 3331 5481; x_wconf 74' lang='lat' dir='ltr'><strong>hostize</strong></span> <span class='ocrx_word' id='word_1_792' title='bbox 3361 5435 3515 5475; x_wconf 72' lang='lat' dir='ltr'><strong>nova:</strong></span> <span class='ocrx_word' id='word_1_793' title='bbox 3543 5433 3622 5472; x_wconf 91' lang='lat' dir='ltr'><strong>sa-</strong></span> 
     </span>
    </p>
   </div>
   <div class='ocr_carea' id='block_1_118' title="bbox 2051 5508 3620 5599">
    <p class='ocr_par' dir='ltr' id='par_1_118' title="bbox 2051 5508 3620 5599">
     <span class='ocr_line' id='line_1_118' title="bbox 2051 5508 3620 5599; baseline -0.015 -12"><span class='ocrx_word' id='word_1_794' title='bbox 2051 5532 2268 5587; x_wconf 83' lang='lat' dir='ltr'><strong>crificus</strong></span> <span class='ocrx_word' id='word_1_795' title='bbox 2301 5548 2404 5585; x_wconf 88' lang='lat' dir='ltr'><strong>non</strong></span> <span class='ocrx_word' id='word_1_796' title='bbox 2436 5546 2530 5599; x_wconf 82' lang='lat' dir='ltr'><strong>per</strong></span> <span class='ocrx_word' id='word_1_797' title='bbox 2562 5525 2900 5595; x_wconf 81' lang='lat' dir='ltr'><strong>sanguinem,</strong></span> <span class='ocrx_word' id='word_1_798' title='bbox 2953 5520 3045 5575; x_wconf 88' lang='lat' dir='ltr'><strong>sed</strong></span> <span class='ocrx_word' id='word_1_799' title='bbox 3095 5533 3188 5588; x_wconf 89' lang='lat' dir='ltr'><strong>per</strong></span> <span class='ocrx_word' id='word_1_800' title='bbox 3243 5513 3495 5582; x_wconf 85' lang='lat' dir='ltr'><strong>spiritum</strong></span> <span class='ocrx_word' id='word_1_801' title='bbox 3536 5508 3620 5564; x_wconf 85' lang='lat' dir='ltr'><strong>fa-</strong></span> 
     </span>
    </p>
   </div>
   <div class='ocr_carea' id='block_1_119' title="bbox 3175 5645 3616 5706">
    <p class='ocr_par' dir='ltr' id='par_1_119' title="bbox 3175 5645 3616 5706">
     <span class='ocr_line' id='line_1_119' title="bbox 3175 5645 3616 5706; baseline -0.014 -1"><span class='ocrx_word' id='word_1_802' title='bbox 3175 5654 3215 5684; x_wconf 81' lang='lat'><strong>&quot;</strong></span> <span class='ocrx_word' id='word_1_803' title='bbox 3247 5651 3262 5704; x_wconf 96' lang='grc'><strong>1</strong></span> <span class='ocrx_word' id='word_1_804' title='bbox 3297 5649 3423 5703; x_wconf 77' lang='lat' dir='ltr'><strong>Cor.</strong></span> <span class='ocrx_word' id='word_1_805' title='bbox 3449 5663 3525 5706; x_wconf 33' lang='grc' dir='ltr'><strong>χχ,</strong></span> <span class='ocrx_word' id='word_1_806' title='bbox 3561 5645 3616 5699; x_wconf 74' lang='grc'><strong>4.</strong></span> 
     </span>
    </p>
   </div>
   <div class='ocr_carea' id='block_1_120' title="bbox 3097 5717 3614 5779">
    <p class='ocr_par' dir='ltr' id='par_1_120' title="bbox 3097 5717 3614 5779">
     <span class='ocr_line' id='line_1_120' title="bbox 3097 5717 3614 5779; baseline -0.01 -4"><span class='ocrx_word' id='word_1_807' title='bbox 3097 5725 3143 5756; x_wconf 75' lang='grc'><strong>’⁸</strong></span> <span class='ocrx_word' id='word_1_808' title='bbox 3171 5721 3337 5775; x_wconf 68' lang='lat' dir='ltr'><strong>Exod.</strong></span> <span class='ocrx_word' id='word_1_809' title='bbox 3394 5735 3502 5779; x_wconf 80' lang='lat' dir='ltr'><strong>xIx,</strong></span> 
     </span>
    </p>
   </div>
   <div class='ocr_carea' id='block_1_121' title="bbox 3370 5785 3618 5841">
    <p class='ocr_par' dir='ltr' id='par_1_121' title="bbox 3370 5785 3618 5841">
     <span class='ocr_line' id='line_1_121' title="bbox 3370 5785 3618 5841; baseline -0.02 0"><span class='ocrx_word' id='word_1_810' title='bbox 3370 5790 3410 5820; x_wconf 85' lang='grc'><strong>³¹</strong></span> <span class='ocrx_word' id='word_1_811' title='bbox 3446 5785 3618 5841; x_wconf 82' lang='lat' dir='ltr'><strong>Exod.</strong></span> 
     </span>
    </p>
   </div>
   <div class='ocr_carea' id='block_1_122' title="bbox 2529 5655 3070 5717">
    <p class='ocr_par' dir='ltr' id='par_1_122' title="bbox 2529 5655 3070 5717">
     <span class='ocr_line' id='line_1_122' title="bbox 2529 5655 3070 5717; baseline -0.011 -2"><span class='ocrx_word' id='word_1_812' title='bbox 2529 5667 2572 5696; x_wconf 88' lang='grc'><strong>²⁰</strong></span> <span class='ocrx_word' id='word_1_813' title='bbox 2616 5661 2785 5716; x_wconf 77' lang='lat' dir='ltr'><strong>Exod.</strong></span> <span class='ocrx_word' id='word_1_814' title='bbox 2840 5674 2971 5717; x_wconf 77' lang='lat' dir='ltr'><strong>xvrt,</strong></span> <span class='ocrx_word' id='word_1_815' title='bbox 3018 5655 3070 5709; x_wconf 87' lang='lat'><strong>6.</strong></span> 
     </span>
    </p>
   </div>
   <div class='ocr_carea' id='block_1_123' title="bbox 2764 5728 2991 5791">
    <p class='ocr_par' dir='ltr' id='par_1_123' title="bbox 2764 5728 2991 5791">
     <span class='ocr_line' id='line_1_123' title="bbox 2764 5728 2991 5791; baseline -0.009 -7"><span class='ocrx_word' id='word_1_816' title='bbox 2764 5730 2852 5791; x_wconf 78' lang='grc'><strong>15,</strong></span> <span class='ocrx_word' id='word_1_817' title='bbox 2907 5728 2991 5782; x_wconf 86' lang='lat' dir='ltr'><strong>l7.</strong></span> 
     </span>
    </p>
   </div>
   <div class='ocr_carea' id='block_1_124' title="bbox 2728 5795 3253 5860">
    <p class='ocr_par' dir='ltr' id='par_1_124' title="bbox 2728 5795 3253 5860">
     <span class='ocr_line' id='line_1_124' title="bbox 2728 5795 3253 5860; baseline -0.015 -5"><span class='ocrx_word' id='word_1_818' title='bbox 2728 5805 2767 5836; x_wconf 73' lang='grc'><strong>³³</strong></span> <span class='ocrx_word' id='word_1_819' title='bbox 2805 5800 2973 5855; x_wconf 82' lang='lat' dir='ltr'><strong>Exod.</strong></span> <span class='ocrx_word' id='word_1_820' title='bbox 3011 5812 3135 5860; x_wconf 87' lang='lat' dir='ltr'><strong>xxv,</strong></span> <span class='ocrx_word' id='word_1_821' title='bbox 3163 5795 3253 5848; x_wconf 65' lang='lat'><strong>‘25.</strong></span> 
     </span>
    </p>
   </div>
   <div class='ocr_carea' id='block_1_125' title="bbox 2337 5734 2681 5796">
    <p class='ocr_par' dir='ltr' id='par_1_125' title="bbox 2337 5734 2681 5796">
     <span class='ocr_line' id='line_1_125' title="bbox 2337 5734 2681 5796; baseline -0.006 -8"><span class='ocrx_word' id='word_1_822' title='bbox 2337 5739 2380 5768; x_wconf 70' lang='grc'><strong><em>³⁵</em></strong></span> <span class='ocrx_word' id='word_1_823' title='bbox 2428 5734 2543 5789; x_wconf 75' lang='lat' dir='ltr'><strong>Jac.</strong></span> <span class='ocrx_word' id='word_1_824' title='bbox 2600 5751 2681 5796; x_wconf 85' lang='grc' dir='ltr'>ιιι,</span> 
     </span>
    </p>
   </div>
   <div class='ocr_carea' id='block_1_126' title="bbox 2232 5807 2613 5868">
    <p class='ocr_par' dir='ltr' id='par_1_126' title="bbox 2232 5807 2613 5868">
     <span class='ocr_line' id='line_1_126' title="bbox 2232 5807 2613 5868; baseline -0.01 -8"><span class='ocrx_word' id='word_1_825' title='bbox 2232 5812 2272 5842; x_wconf 71' lang='grc' dir='ltr'><strong>³ο</strong></span> <span class='ocrx_word' id='word_1_826' title='bbox 2313 5808 2412 5862; x_wconf 74' lang='lat' dir='ltr'><strong>lsa.</strong></span> <span class='ocrx_word' id='word_1_827' title='bbox 2449 5824 2522 5868; x_wconf 84' lang='lat' dir='ltr'><strong>xi,</strong></span> <span class='ocrx_word' id='word_1_828' title='bbox 2560 5807 2613 5858; x_wconf 68' lang='lat'><strong>2.</strong></span> 
     </span>
    </p>
   </div>
  </div>
