  <div class='ocr_page' id='page_1' title='image "/cluster/home/n/w/nwhite01/storage/ocr_20150623/105/hvd.32044013678347/247.png"; bbox 0 0 4092 6596; ppageno 0'>
   <div class='ocr_carea' id='block_1_1' title="bbox 497 429 605 492">
    <p class='ocr_par' dir='ltr' id='par_1_1' title="bbox 497 429 605 492">
     <span class='ocr_line' id='line_1_1' title="bbox 497 429 605 492; baseline 0.009 -1"><span class='ocrx_word' id='word_1_1' title='bbox 497 429 605 492; x_wconf 80' lang='grc'><strong>475</strong></span> 
     </span>
    </p>
   </div>
   <div class='ocr_carea' id='block_1_2' title="bbox 1693 427 2542 488">
    <p class='ocr_par' dir='ltr' id='par_1_2' title="bbox 1693 427 2542 488">
     <span class='ocr_line' id='line_1_2' title="bbox 1693 427 2542 488; baseline 0.001 -2"><span class='ocrx_word' id='word_1_2' title='bbox 1693 428 1981 488; x_wconf 62' lang='grc' dir='ltr'><strong>ἺῙΟΕΤῙΕ</strong></span> <span class='ocrx_word' id='word_1_3' title='bbox 2018 427 2542 488; x_wconf 77' lang='lat' dir='ltr'><strong>PAPIILAGONIS</strong></span> 
     </span>
    </p>
   </div>
   <div class='ocr_carea' id='block_1_3' title="bbox 3639 417 3744 481">
    <p class='ocr_par' dir='ltr' id='par_1_3' title="bbox 3639 417 3744 481">
     <span class='ocr_line' id='line_1_3' title="bbox 3639 417 3744 481; baseline 0.019 -2"><span class='ocrx_word' id='word_1_4' title='bbox 3639 417 3744 481; x_wconf 69' lang='lat'><strong>476</strong></span> 
     </span>
    </p>
   </div>
   <div class='ocr_carea' id='block_1_4' title="bbox 502 531 3743 607">
    <p class='ocr_par' dir='ltr' id='par_1_4' title="bbox 502 531 3743 607">
     <span class='ocr_line' id='line_1_4' title="bbox 502 531 3743 607; baseline -0.002 -14"><span class='ocrx_word' id='word_1_5' title='bbox 502 549 624 595; x_wconf 89' lang='lat' dir='ltr'><strong>ctus</strong></span> <span class='ocrx_word' id='word_1_6' title='bbox 655 547 757 596; x_wconf 84' lang='lat' dir='ltr'><strong>est.</strong></span> <span class='ocrx_word' id='word_1_7' title='bbox 797 537 916 594; x_wconf 86' lang='lat' dir='ltr'><strong>Non</strong></span> <span class='ocrx_word' id='word_1_8' title='bbox 951 541 1097 596; x_wconf 91' lang='lat' dir='ltr'><strong>enim</strong></span> <span class='ocrx_word' id='word_1_9' title='bbox 1125 554 1190 596; x_wconf 80' lang='lat' dir='ltr'><strong>ex</strong></span> <span class='ocrx_word' id='word_1_10' title='bbox 1221 540 1426 596; x_wconf 79' lang='lat' dir='ltr'><strong>umbrae</strong></span> <span class='ocrx_word' id='word_1_11' title='bbox 1479 556 1682 606; x_wconf 88' lang='lat' dir='ltr'><strong>rerum,</strong></span> <span class='ocrx_word' id='word_1_12' title='bbox 1713 540 1807 594; x_wconf 91' lang='lat' dir='ltr'><strong>sed</strong></span> <span class='ocrx_word' id='word_1_13' title='bbox 1839 556 1903 594; x_wconf 90' lang='lat' dir='ltr'><strong>ex</strong></span> <span class='ocrx_word' id='word_1_14' title='bbox 1935 540 2074 594; x_wconf 89' lang='lat' dir='ltr'><strong>veri-</strong></span> <span class='ocrx_word' id='word_1_15' title='bbox 2100 541 2152 602; x_wconf 83' lang='grc' dir='ltr'><strong>Α</strong></span> <span class='ocrx_word' id='word_1_16' title='bbox 2177 539 2376 607; x_wconf 99' lang='lat' dir='ltr'><strong>injuste</strong></span> <span class='ocrx_word' id='word_1_17' title='bbox 2437 547 2617 592; x_wconf 89' lang='lat' dir='ltr'><strong>autem</strong></span> <span class='ocrx_word' id='word_1_18' title='bbox 2673 534 2928 592; x_wconf 77' lang='lat' dir='ltr'><strong>Ecclesiis</strong></span> <span class='ocrx_word' id='word_1_19' title='bbox 2987 534 3291 600; x_wconf 83' lang='lat' dir='ltr'><strong>submotos,</strong></span> <span class='ocrx_word' id='word_1_20' title='bbox 3339 531 3472 587; x_wconf 90' lang='lat' dir='ltr'><strong>locis</strong></span> <span class='ocrx_word' id='word_1_21' title='bbox 3507 533 3743 602; x_wconf 82' lang='lat' dir='ltr'><strong>prOpriis</strong></span> 
     </span>
    </p>
   </div>
   <div class='ocr_carea' id='block_1_5' title="bbox 508 631 2071 702">
    <p class='ocr_par' dir='ltr' id='par_1_5' title="bbox 508 631 2071 702">
     <span class='ocr_line' id='line_1_5' title="bbox 508 631 2071 702; baseline -0.003 -14"><span class='ocrx_word' id='word_1_22' title='bbox 508 634 637 688; x_wconf 90' lang='lat' dir='ltr'><strong>tatis</strong></span> <span class='ocrx_word' id='word_1_23' title='bbox 669 632 914 699; x_wconf 90' lang='lat' dir='ltr'><strong>ratione;</strong></span> <span class='ocrx_word' id='word_1_24' title='bbox 967 647 1068 686; x_wconf 91' lang='lat' dir='ltr'><strong>nec</strong></span> <span class='ocrx_word' id='word_1_25' title='bbox 1110 633 1266 702; x_wconf 78' lang='lat' dir='ltr'><strong>juxta</strong></span> <span class='ocrx_word' id='word_1_26' title='bbox 1302 633 1545 688; x_wconf 84' lang='lat' dir='ltr'><strong>ordinem</strong></span> <span class='ocrx_word' id='word_1_27' title='bbox 1575 632 1780 700; x_wconf 85' lang='lat' dir='ltr'><strong>Aaron,</strong></span> <span class='ocrx_word' id='word_1_28' title='bbox 1831 631 1925 686; x_wconf 90' lang='lat' dir='ltr'><strong>sed</strong></span> <span class='ocrx_word' id='word_1_29' title='bbox 1967 647 2071 700; x_wconf 90' lang='lat' dir='ltr'><strong>qua</strong></span> 
     </span>
    </p>
   </div>
   <div class='ocr_carea' id='block_1_6' title="bbox 508 724 2070 795">
    <p class='ocr_par' dir='ltr' id='par_1_6' title="bbox 508 724 2070 795">
     <span class='ocr_line' id='line_1_6' title="bbox 508 724 2070 795; baseline 0.001 -17"><span class='ocrx_word' id='word_1_30' title='bbox 508 727 720 780; x_wconf 93' lang='lat' dir='ltr'><strong>ratione</strong></span> <span class='ocrx_word' id='word_1_31' title='bbox 753 725 969 780; x_wconf 86' lang='lat' dir='ltr'><strong>divinus</strong></span> <span class='ocrx_word' id='word_1_32' title='bbox 1002 724 1226 789; x_wconf 84' lang='lat' dir='ltr'><strong>Paulus,</strong></span> <span class='ocrx_word' id='word_1_33' title='bbox 1251 727 1400 795; x_wconf 89' lang='lat' dir='ltr'><strong>regni</strong></span> <span class='ocrx_word' id='word_1_34' title='bbox 1432 725 1721 794; x_wconf 86' lang='lat' dir='ltr'><strong>Evangelio</strong></span> <span class='ocrx_word' id='word_1_35' title='bbox 1747 724 2070 794; x_wconf 84' lang='lat' dir='ltr'><strong>defungens;</strong></span> 
     </span>
    </p>
   </div>
   <div class='ocr_carea' id='block_1_7' title="bbox 505 816 2072 886">
    <p class='ocr_par' dir='ltr' id='par_1_7' title="bbox 505 816 2072 886">
     <span class='ocr_line' id='line_1_7' title="bbox 505 816 2072 886; baseline -0.001 -16"><span class='ocrx_word' id='word_1_36' title='bbox 505 833 592 881; x_wconf 88' lang='lat' dir='ltr'><strong>ac,</strong></span> <span class='ocrx_word' id='word_1_37' title='bbox 620 817 762 872; x_wconf 80' lang='lat' dir='ltr'><strong>sicut</strong></span> <span class='ocrx_word' id='word_1_38' title='bbox 812 834 1039 886; x_wconf 90' lang='lat' dir='ltr'><strong>magnus</strong></span> <span class='ocrx_word' id='word_1_39' title='bbox 1093 819 1184 872; x_wconf 90' lang='lat' dir='ltr'><strong>ille</strong></span> <span class='ocrx_word' id='word_1_40' title='bbox 1233 816 1474 884; x_wconf 81' lang='lat' dir='ltr'><strong>pontifex</strong></span> <span class='ocrx_word' id='word_1_41' title='bbox 1505 816 1667 870; x_wconf 85' lang='lat' dir='ltr'><strong>Jesus</strong></span> <span class='ocrx_word' id='word_1_42' title='bbox 1693 818 1947 870; x_wconf 79' lang='lat' dir='ltr'><strong>Christus</strong></span> <span class='ocrx_word' id='word_1_43' title='bbox 1973 832 2072 886; x_wconf 89' lang='lat' dir='ltr'><strong>pro</strong></span> 
     </span>
    </p>
   </div>
   <div class='ocr_carea' id='block_1_8' title="bbox 502 909 2069 981">
    <p class='ocr_par' dir='ltr' id='par_1_8' title="bbox 502 909 2069 981">
     <span class='ocr_line' id='line_1_8' title="bbox 502 909 2069 981; baseline -0.002 -16"><span class='ocrx_word' id='word_1_44' title='bbox 502 926 604 966; x_wconf 89' lang='lat' dir='ltr'><strong>suo</strong></span> <span class='ocrx_word' id='word_1_45' title='bbox 634 911 832 981; x_wconf 87' lang='lat' dir='ltr'><strong>populo</strong></span> <span class='ocrx_word' id='word_1_46' title='bbox 860 913 1075 966; x_wconf 78' lang='lat' dir='ltr'><strong>victima</strong></span> <span class='ocrx_word' id='word_1_47' title='bbox 1101 911 1299 973; x_wconf 87' lang='lat' dir='ltr'><strong>factus,</strong></span> <span class='ocrx_word' id='word_1_48' title='bbox 1339 926 1638 980; x_wconf 81' lang='lat' dir='ltr'><strong>precesque</strong></span> <span class='ocrx_word' id='word_1_49' title='bbox 1667 909 1924 973; x_wconf 78' lang='lat' dir='ltr'><strong>offerens,</strong></span> <span class='ocrx_word' id='word_1_50' title='bbox 1961 925 2069 963; x_wconf 88' lang='lat' dir='ltr'><strong>non</strong></span> 
     </span>
    </p>
   </div>
   <div class='ocr_carea' id='block_1_9' title="bbox 500 1004 2069 1069">
    <p class='ocr_par' dir='ltr' id='par_1_9' title="bbox 500 1004 2069 1069">
     <span class='ocr_line' id='line_1_9' title="bbox 500 1004 2069 1069; baseline -0.002 -10"><span class='ocrx_word' id='word_1_51' title='bbox 500 1007 668 1060; x_wconf 86' lang='lat' dir='ltr'><strong>semel</strong></span> <span class='ocrx_word' id='word_1_52' title='bbox 729 1008 780 1059; x_wconf 91' lang='lat' dir='ltr'><strong>in</strong></span> <span class='ocrx_word' id='word_1_53' title='bbox 833 1022 977 1061; x_wconf 90' lang='lat' dir='ltr'><strong>anno</strong></span> <span class='ocrx_word' id='word_1_54' title='bbox 1035 1008 1085 1059; x_wconf 89' lang='lat' dir='ltr'><strong>in</strong></span> <span class='ocrx_word' id='word_1_55' title='bbox 1132 1007 1336 1061; x_wconf 85' lang='lat' dir='ltr'><strong>sanctis</strong></span> <span class='ocrx_word' id='word_1_56' title='bbox 1362 1015 1679 1061; x_wconf 90' lang='lat' dir='ltr'><strong>sanctorum</strong></span> <span class='ocrx_word' id='word_1_57' title='bbox 1711 1004 2069 1069; x_wconf 83' lang='lat' dir='ltr'><strong>versabatur;</strong></span> 
     </span>
    </p>
   </div>
   <div class='ocr_carea' id='block_1_10' title="bbox 502 1097 2070 1167">
    <p class='ocr_par' dir='ltr' id='par_1_10' title="bbox 502 1097 2070 1167">
     <span class='ocr_line' id='line_1_10' title="bbox 502 1097 2070 1167; baseline -0.001 -16"><span class='ocrx_word' id='word_1_58' title='bbox 502 1097 595 1151; x_wconf 88' lang='lat' dir='ltr'><strong>sed</strong></span> <span class='ocrx_word' id='word_1_59' title='bbox 635 1097 970 1151; x_wconf 88' lang='lat' dir='ltr'><strong>incessanter</strong></span> <span class='ocrx_word' id='word_1_60' title='bbox 1001 1097 1228 1167; x_wconf 82' lang='lat' dir='ltr'><strong>spiritali</strong></span> <span class='ocrx_word' id='word_1_61' title='bbox 1278 1107 1440 1166; x_wconf 86' lang='lat' dir='ltr'><strong>atque</strong></span> <span class='ocrx_word' id='word_1_62' title='bbox 1498 1097 1708 1150; x_wconf 73' lang='lat' dir='ltr'><strong>caelesti</strong></span> <span class='ocrx_word' id='word_1_63' title='bbox 1752 1097 1912 1150; x_wconf 86' lang='lat' dir='ltr'><strong>altari</strong></span> <span class='ocrx_word' id='word_1_64' title='bbox 1943 1112 2070 1166; x_wconf 88' lang='lat' dir='ltr'><strong>pro-</strong></span> 
     </span>
    </p>
   </div>
   <div class='ocr_carea' id='block_1_11' title="bbox 500 1188 1718 1258">
    <p class='ocr_par' dir='ltr' id='par_1_11' title="bbox 500 1188 1718 1258">
     <span class='ocr_line' id='line_1_11' title="bbox 500 1188 1718 1258; baseline 0.003 -19"><span class='ocrx_word' id='word_1_65' title='bbox 500 1188 794 1258; x_wconf 87' lang='lat' dir='ltr'><strong>pinquans,</strong></span> <span class='ocrx_word' id='word_1_66' title='bbox 834 1189 958 1242; x_wconf 87' lang='lat' dir='ltr'><strong>inde</strong></span> <span class='ocrx_word' id='word_1_67' title='bbox 983 1190 1142 1244; x_wconf 89' lang='lat' dir='ltr'><strong>nobis</strong></span> <span class='ocrx_word' id='word_1_68' title='bbox 1177 1189 1408 1244; x_wconf 75' lang='lat' dir='ltr'><strong>Salutem</strong></span> <span class='ocrx_word' id='word_1_69' title='bbox 1438 1199 1718 1258; x_wconf 83' lang='lat' dir='ltr'><strong>operatur.</strong></span> 
     </span>
    </p>
   </div>
   <div class='ocr_carea' id='block_1_12' title="bbox 572 1280 2072 1350">
    <p class='ocr_par' dir='ltr' id='par_1_12' title="bbox 572 1280 2072 1350">
     <span class='ocr_line' id='line_1_12' title="bbox 572 1280 2072 1350; baseline -0.001 -16"><span class='ocrx_word' id='word_1_70' title='bbox 572 1280 628 1334; x_wconf 85' lang='lat' dir='ltr'><strong>In</strong></span> <span class='ocrx_word' id='word_1_71' title='bbox 670 1296 794 1334; x_wconf 90' lang='lat' dir='ltr'><strong>eum</strong></span> <span class='ocrx_word' id='word_1_72' title='bbox 861 1283 1101 1345; x_wconf 84' lang='lat' dir='ltr'><strong>modum,</strong></span> <span class='ocrx_word' id='word_1_73' title='bbox 1133 1283 1331 1335; x_wconf 88' lang='lat' dir='ltr'><strong>nedum</strong></span> <span class='ocrx_word' id='word_1_74' title='bbox 1377 1281 1558 1336; x_wconf 80' lang='lat' dir='ltr'><strong>Moses</strong></span> <span class='ocrx_word' id='word_1_75' title='bbox 1585 1281 1860 1350; x_wconf 79' lang='lat' dir='ltr'><strong>&#39;l&#39;heologo</strong></span> <span class='ocrx_word' id='word_1_76' title='bbox 1891 1295 2072 1335; x_wconf 75' lang='lat' dir='ltr'><strong>citem--</strong></span> 
     </span>
    </p>
   </div>
   <div class='ocr_carea' id='block_1_13' title="bbox 500 1371 2075 1444">
    <p class='ocr_par' dir='ltr' id='par_1_13' title="bbox 500 1371 2075 1444">
     <span class='ocr_line' id='line_1_13' title="bbox 500 1371 2075 1444; baseline 0.002 -20"><span class='ocrx_word' id='word_1_77' title='bbox 500 1371 649 1442; x_wconf 89' lang='lat' dir='ltr'><strong>plum</strong></span> <span class='ocrx_word' id='word_1_78' title='bbox 675 1372 924 1439; x_wconf 80' lang='lat' dir='ltr'><strong>efﬁcitur,</strong></span> <span class='ocrx_word' id='word_1_79' title='bbox 951 1389 1140 1428; x_wconf 91' lang='lat' dir='ltr'><strong>verum</strong></span> <span class='ocrx_word' id='word_1_80' title='bbox 1192 1376 1356 1428; x_wconf 89' lang='lat' dir='ltr'><strong>etiam</strong></span> <span class='ocrx_word' id='word_1_81' title='bbox 1396 1376 1576 1428; x_wconf 86' lang='lat' dir='ltr'><strong>Aaron</strong></span> <span class='ocrx_word' id='word_1_82' title='bbox 1605 1391 1620 1429; x_wconf 89' lang='lat'><strong>:</strong></span> <span class='ocrx_word' id='word_1_83' title='bbox 1655 1374 1707 1428; x_wconf 92' lang='lat' dir='ltr'><strong>in</strong></span> <span class='ocrx_word' id='word_1_84' title='bbox 1744 1373 1888 1444; x_wconf 91' lang='lat' dir='ltr'><strong>quod</strong></span> <span class='ocrx_word' id='word_1_85' title='bbox 1925 1375 2075 1443; x_wconf 88' lang='lat' dir='ltr'><strong>aspi-</strong></span> 
     </span>
    </p>
   </div>
   <div class='ocr_carea' id='block_1_14' title="bbox 501 1464 2075 1536">
    <p class='ocr_par' dir='ltr' id='par_1_14' title="bbox 501 1464 2075 1536">
     <span class='ocr_line' id='line_1_14' title="bbox 501 1464 2075 1536; baseline 0.001 -18"><span class='ocrx_word' id='word_1_86' title='bbox 501 1464 671 1523; x_wconf 82' lang='lat' dir='ltr'><strong>ciens,</strong></span> <span class='ocrx_word' id='word_1_87' title='bbox 703 1476 964 1534; x_wconf 87' lang='lat' dir='ltr'><strong>quantum</strong></span> <span class='ocrx_word' id='word_1_88' title='bbox 999 1466 1196 1521; x_wconf 90' lang='lat' dir='ltr'><strong>veritas</strong></span> <span class='ocrx_word' id='word_1_89' title='bbox 1242 1467 1486 1521; x_wconf 81' lang='lat' dir='ltr'><strong>umbram</strong></span> <span class='ocrx_word' id='word_1_90' title='bbox 1524 1469 1694 1536; x_wconf 84' lang='lat' dir='ltr'><strong>ipsam</strong></span> <span class='ocrx_word' id='word_1_91' title='bbox 1729 1468 1898 1536; x_wconf 87' lang='lat' dir='ltr'><strong>figura</strong></span> <span class='ocrx_word' id='word_1_92' title='bbox 1928 1466 2075 1521; x_wconf 85' lang='lat' dir='ltr'><strong>desi-</strong></span> 
     </span>
    </p>
   </div>
   <div class='ocr_carea' id='block_1_15' title="bbox 503 1557 2073 1624">
    <p class='ocr_par' dir='ltr' id='par_1_15' title="bbox 503 1557 2073 1624">
     <span class='ocr_line' id='line_1_15' title="bbox 503 1557 2073 1624; baseline 0.001 -16"><span class='ocrx_word' id='word_1_93' title='bbox 503 1566 753 1623; x_wconf 86' lang='lat' dir='ltr'><strong>gnantem</strong></span> <span class='ocrx_word' id='word_1_94' title='bbox 796 1557 1072 1624; x_wconf 68' lang='lat' dir='ltr'><strong>praecellit,</strong></span> <span class='ocrx_word' id='word_1_95' title='bbox 1111 1566 1340 1620; x_wconf 90' lang='lat' dir='ltr'><strong>tantum,</strong></span> <span class='ocrx_word' id='word_1_96' title='bbox 1366 1558 1628 1621; x_wconf 81' lang='lat' dir='ltr'><strong>arbitror,</strong></span> <span class='ocrx_word' id='word_1_97' title='bbox 1673 1557 1779 1612; x_wconf 88' lang='lat' dir='ltr'><strong>illis</strong></span> <span class='ocrx_word' id='word_1_98' title='bbox 1813 1557 2073 1612; x_wconf 86' lang='lat' dir='ltr'><strong>illustrior</strong></span> 
     </span>
    </p>
   </div>
   <div class='ocr_carea' id='block_1_16' title="bbox 501 1643 2070 1714">
    <p class='ocr_par' dir='ltr' id='par_1_16' title="bbox 501 1643 2070 1714">
     <span class='ocr_line' id='line_1_16' title="bbox 501 1643 2070 1714; baseline 0.002 -17"><span class='ocrx_word' id='word_1_99' title='bbox 501 1645 806 1697; x_wconf 81' lang='lat' dir='ltr'><strong>ostenditur</strong></span> <span class='ocrx_word' id='word_1_100' title='bbox 857 1660 919 1698; x_wconf 84' lang='lat' dir='ltr'><strong>ac</strong></span> <span class='ocrx_word' id='word_1_101' title='bbox 943 1643 1253 1714; x_wconf 85' lang='lat' dir='ltr'><strong>perfectior.</strong></span> <span class='ocrx_word' id='word_1_102' title='bbox 1281 1646 1420 1712; x_wconf 87' lang='lat' dir='ltr'><strong>Quid</strong></span> <span class='ocrx_word' id='word_1_103' title='bbox 1445 1648 1604 1700; x_wconf 87' lang='lat' dir='ltr'><strong>vero?</strong></span> <span class='ocrx_word' id='word_1_104' title='bbox 1638 1647 1740 1712; x_wconf 86' lang='lat' dir='ltr'><strong>Qui</strong></span> <span class='ocrx_word' id='word_1_105' title='bbox 1766 1648 1845 1700; x_wconf 92' lang='lat' dir='ltr'><strong>sic</strong></span> <span class='ocrx_word' id='word_1_106' title='bbox 1879 1648 2070 1700; x_wconf 89' lang='lat' dir='ltr'><strong>horum</strong></span> 
     </span>
    </p>
   </div>
   <div class='ocr_carea' id='block_1_17' title="bbox 500 1734 2068 1809">
    <p class='ocr_par' dir='ltr' id='par_1_17' title="bbox 500 1734 2068 1809">
     <span class='ocr_line' id='line_1_17' title="bbox 500 1734 2068 1809; baseline 0.001 -19"><span class='ocrx_word' id='word_1_107' title='bbox 500 1734 744 1790; x_wconf 88' lang='lat' dir='ltr'><strong>imitatus</strong></span> <span class='ocrx_word' id='word_1_108' title='bbox 771 1739 959 1802; x_wconf 90' lang='lat' dir='ltr'><strong>vitam,</strong></span> <span class='ocrx_word' id='word_1_109' title='bbox 989 1737 1122 1791; x_wconf 88' lang='lat' dir='ltr'><strong>adeo</strong></span> <span class='ocrx_word' id='word_1_110' title='bbox 1155 1738 1222 1793; x_wconf 88' lang='lat' dir='ltr'><strong>iis</strong></span> <span class='ocrx_word' id='word_1_111' title='bbox 1248 1741 1498 1808; x_wconf 87' lang='lat' dir='ltr'><strong>superior</strong></span> <span class='ocrx_word' id='word_1_112' title='bbox 1535 1740 1841 1809; x_wconf 84' lang='lat' dir='ltr'><strong>clariorque</strong></span> <span class='ocrx_word' id='word_1_113' title='bbox 1865 1739 2068 1801; x_wconf 79' lang='lat' dir='ltr'><strong>eluxit;</strong></span> 
     </span>
    </p>
   </div>
   <div class='ocr_carea' id='block_1_18' title="bbox 499 1830 2075 1900">
    <p class='ocr_par' dir='ltr' id='par_1_18' title="bbox 499 1830 2075 1900">
     <span class='ocr_line' id='line_1_18' title="bbox 499 1830 2075 1900; baseline 0.003 -20"><span class='ocrx_word' id='word_1_114' title='bbox 499 1843 630 1882; x_wconf 91' lang='lat' dir='ltr'><strong>num</strong></span> <span class='ocrx_word' id='word_1_115' title='bbox 649 1830 1032 1897; x_wconf 88' lang='lat' dir='ltr'><strong>asequentium</strong></span> <span class='ocrx_word' id='word_1_116' title='bbox 1053 1831 1438 1898; x_wconf 81' lang='lat' dir='ltr'><strong>prepltelarum</strong></span> <span class='ocrx_word' id='word_1_117' title='bbox 1480 1831 1928 1900; x_wconf 86' lang='lat' dir='ltr'><strong>atquejustorum</strong></span> <span class='ocrx_word' id='word_1_118' title='bbox 1950 1830 2075 1884; x_wconf 84' lang='lat' dir='ltr'><strong>imi-</strong></span> 
     </span>
    </p>
   </div>
   <div class='ocr_carea' id='block_1_19' title="bbox 2179 633 2506 686">
    <p class='ocr_par' dir='ltr' id='par_1_19' title="bbox 2179 633 2506 686">
     <span class='ocr_line' id='line_1_19' title="bbox 2179 633 2506 686; baseline 0.003 -3"><span class='ocrx_word' id='word_1_119' title='bbox 2179 633 2506 686; x_wconf 82' lang='lat' dir='ltr'><strong>restitueret.</strong></span> 
     </span>
    </p>
   </div>
   <div class='ocr_carea' id='block_1_20' title="bbox 2245 707 3741 790">
    <p class='ocr_par' dir='ltr' id='par_1_20' title="bbox 2245 707 3741 790">
     <span class='ocr_line' id='line_1_20' title="bbox 2245 707 3741 790; baseline -0.004 -16"><span class='ocrx_word' id='word_1_120' title='bbox 2245 721 2416 774; x_wconf 65' lang='grc' dir='ltr'><strong>νυνι-ο</strong></span> <span class='ocrx_word' id='word_1_121' title='bbox 2446 732 2501 775; x_wconf 95' lang='lat' dir='ltr'><strong>ut</strong></span> <span class='ocrx_word' id='word_1_122' title='bbox 2531 719 2972 790; x_wconf 87' lang='lat' dir='ltr'><strong>auspicatissimo</strong></span> <span class='ocrx_word' id='word_1_123' title='bbox 3001 707 3242 772; x_wconf 84' lang='lat' dir='ltr'><strong>exordio</strong></span> <span class='ocrx_word' id='word_1_124' title='bbox 3289 715 3524 770; x_wconf 88' lang='lat' dir='ltr'><strong>delatum</strong></span> <span class='ocrx_word' id='word_1_125' title='bbox 3565 714 3741 785; x_wconf 85' lang='lat' dir='ltr'><strong>impe-</strong></span> 
     </span>
    </p>
   </div>
   <div class='ocr_carea' id='block_1_21' title="bbox 2173 810 3745 880">
    <p class='ocr_par' dir='ltr' id='par_1_21' title="bbox 2173 810 3745 880">
     <span class='ocr_line' id='line_1_21' title="bbox 2173 810 3745 880; baseline -0.003 -15"><span class='ocrx_word' id='word_1_126' title='bbox 2173 813 2316 865; x_wconf 87' lang='lat' dir='ltr'><strong>rium</strong></span> <span class='ocrx_word' id='word_1_127' title='bbox 2346 813 2529 875; x_wconf 86' lang='lat' dir='ltr'><strong>iniret,</strong></span> <span class='ocrx_word' id='word_1_128' title='bbox 2555 814 2661 866; x_wconf 87' lang='lat' dir='ltr'><strong>duo</strong></span> <span class='ocrx_word' id='word_1_129' title='bbox 2701 812 2811 864; x_wconf 65' lang='lat' dir='ltr'><strong>haec</strong></span> <span class='ocrx_word' id='word_1_130' title='bbox 2853 820 2912 864; x_wconf 88' lang='lat' dir='ltr'><strong>ut</strong></span> <span class='ocrx_word' id='word_1_131' title='bbox 2944 820 3276 880; x_wconf 83' lang='lat' dir='ltr'><strong>exsequatur</strong></span> <span class='ocrx_word' id='word_1_132' title='bbox 3310 810 3596 878; x_wconf 79' lang='lat' dir='ltr'><strong>diligenter</strong></span> <span class='ocrx_word' id='word_1_133' title='bbox 3625 810 3745 862; x_wconf 90' lang='lat' dir='ltr'><strong>eni-</strong></span> 
     </span>
    </p>
   </div>
   <div class='ocr_carea' id='block_1_22' title="bbox 2175 901 3744 971">
    <p class='ocr_par' dir='ltr' id='par_1_22' title="bbox 2175 901 3744 971">
     <span class='ocr_line' id='line_1_22' title="bbox 2175 901 3744 971; baseline -0.001 -15"><span class='ocrx_word' id='word_1_134' title='bbox 2175 905 2329 958; x_wconf 87' lang='lat' dir='ltr'><strong>titur.</strong></span> <span class='ocrx_word' id='word_1_135' title='bbox 2353 904 2611 969; x_wconf 67' lang='lat' dir='ltr'><strong>Quaeuam</strong></span> <span class='ocrx_word' id='word_1_136' title='bbox 2668 903 2800 957; x_wconf 88' lang='lat' dir='ltr'><strong>illa?</strong></span> <span class='ocrx_word' id='word_1_137' title='bbox 2833 901 2900 956; x_wconf 92' lang='lat' dir='ltr'><strong>Ut</strong></span> <span class='ocrx_word' id='word_1_138' title='bbox 2942 917 3135 971; x_wconf 89' lang='lat' dir='ltr'><strong>nempe</strong></span> <span class='ocrx_word' id='word_1_139' title='bbox 3160 903 3493 956; x_wconf 67' lang='lat' dir='ltr'><strong>meumenica</strong></span> <span class='ocrx_word' id='word_1_140' title='bbox 3534 903 3744 971; x_wconf 85' lang='lat' dir='ltr'><strong>synodo</strong></span> 
     </span>
    </p>
   </div>
   <div class='ocr_carea' id='block_1_23' title="bbox 2172 993 3745 1063">
    <p class='ocr_par' dir='ltr' id='par_1_23' title="bbox 2172 993 3745 1063">
     <span class='ocr_line' id='line_1_23' title="bbox 2172 993 3745 1063; baseline -0.003 -14"><span class='ocrx_word' id='word_1_141' title='bbox 2172 993 2366 1049; x_wconf 75' lang='lat' dir='ltr'><strong>Nicaea:</strong></span> <span class='ocrx_word' id='word_1_142' title='bbox 2403 995 2655 1050; x_wconf 79' lang='lat' dir='ltr'><strong>i’atribus</strong></span> <span class='ocrx_word' id='word_1_143' title='bbox 2693 997 2909 1050; x_wconf 78' lang='lat' dir='ltr'><strong>decreta</strong></span> <span class='ocrx_word' id='word_1_144' title='bbox 2953 994 3305 1060; x_wconf 71' lang='lat' dir='ltr'><strong>confirmans,</strong></span> <span class='ocrx_word' id='word_1_145' title='bbox 3351 1009 3472 1063; x_wconf 76' lang='lat' dir='ltr'><strong>quae</strong></span> <span class='ocrx_word' id='word_1_146' title='bbox 3525 1008 3745 1048; x_wconf 80' lang='lat' dir='ltr'><strong>succre-</strong></span> 
     </span>
    </p>
   </div>
   <div class='ocr_carea' id='block_1_24' title="bbox 2173 1086 3747 1156">
    <p class='ocr_par' dir='ltr' id='par_1_24' title="bbox 2173 1086 3747 1156">
     <span class='ocr_line' id='line_1_24' title="bbox 2173 1086 3747 1156; baseline 0 -18"><span class='ocrx_word' id='word_1_147' title='bbox 2173 1097 2363 1141; x_wconf 87' lang='lat' dir='ltr'><strong>veraut</strong></span> <span class='ocrx_word' id='word_1_148' title='bbox 2389 1089 2650 1142; x_wconf 74' lang='lat' dir='ltr'><strong>haeresum</strong></span> <span class='ocrx_word' id='word_1_149' title='bbox 2683 1088 2948 1142; x_wconf 81' lang='lat' dir='ltr'><strong>novitates</strong></span> <span class='ocrx_word' id='word_1_150' title='bbox 2973 1088 3354 1156; x_wconf 79' lang='lat' dir='ltr'><strong>exstingueret,</strong></span> <span class='ocrx_word' id='word_1_151' title='bbox 3396 1086 3624 1154; x_wconf 86' lang='lat' dir='ltr'><strong>litesque</strong></span> <span class='ocrx_word' id='word_1_152' title='bbox 3657 1100 3747 1138; x_wconf 85' lang='lat' dir='ltr'><strong>ec-</strong></span> 
     </span>
    </p>
   </div>
   <div class='ocr_carea' id='block_1_25' title="bbox 2174 1178 3745 1250">
    <p class='ocr_par' dir='ltr' id='par_1_25' title="bbox 2174 1178 3745 1250">
     <span class='ocr_line' id='line_1_25' title="bbox 2174 1178 3745 1250; baseline -0.003 -16"><span class='ocrx_word' id='word_1_153' title='bbox 2174 1180 2512 1235; x_wconf 87' lang='lat' dir='ltr'><strong>clesiasticas</strong></span> <span class='ocrx_word' id='word_1_154' title='bbox 2539 1180 2868 1250; x_wconf 86' lang='lat' dir='ltr'><strong>dispelleret.</strong></span> <span class='ocrx_word' id='word_1_155' title='bbox 2901 1179 3024 1236; x_wconf 82' lang='lat' dir='ltr'><strong>Haec</strong></span> <span class='ocrx_word' id='word_1_156' title='bbox 3045 1179 3222 1250; x_wconf 84' lang='lat' dir='ltr'><strong>Magni</strong></span> <span class='ocrx_word' id='word_1_157' title='bbox 3247 1178 3534 1233; x_wconf 84' lang='lat' dir='ltr'><strong>Theodosii</strong></span> <span class='ocrx_word' id='word_1_158' title='bbox 3571 1179 3745 1246; x_wconf 88' lang='lat' dir='ltr'><strong>prima</strong></span> 
     </span>
    </p>
   </div>
   <div class='ocr_carea' id='block_1_26' title="bbox 2173 1271 3748 1345">
    <p class='ocr_par' dir='ltr' id='par_1_26' title="bbox 2173 1271 3748 1345">
     <span class='ocr_line' id='line_1_26' title="bbox 2173 1271 3748 1345; baseline -0.003 -19"><span class='ocrx_word' id='word_1_159' title='bbox 2173 1272 2386 1326; x_wconf 88' lang='lat' dir='ltr'><strong>consilii</strong></span> <span class='ocrx_word' id='word_1_160' title='bbox 2415 1275 2599 1338; x_wconf 87' lang='lat' dir='ltr'><strong>ratio;</strong></span> <span class='ocrx_word' id='word_1_161' title='bbox 2634 1285 2692 1327; x_wconf 83' lang='grc' dir='ltr'><strong>ιιι</strong></span> <span class='ocrx_word' id='word_1_162' title='bbox 2745 1283 2925 1328; x_wconf 88' lang='lat' dir='ltr'><strong>autem</strong></span> <span class='ocrx_word' id='word_1_163' title='bbox 2976 1274 3297 1345; x_wconf 79' lang='lat' dir='ltr'><strong>Gregorium</strong></span> <span class='ocrx_word' id='word_1_164' title='bbox 3348 1274 3400 1326; x_wconf 90' lang='lat' dir='ltr'><strong>in</strong></span> <span class='ocrx_word' id='word_1_165' title='bbox 3433 1271 3748 1326; x_wconf 82' lang='lat' dir='ltr'><strong>Constanti-</strong></span> 
     </span>
    </p>
   </div>
   <div class='ocr_carea' id='block_1_27' title="bbox 2173 1363 3743 1434">
    <p class='ocr_par' dir='ltr' id='par_1_27' title="bbox 2173 1363 3743 1434">
     <span class='ocr_line' id='line_1_27' title="bbox 2173 1363 3743 1434; baseline -0.004 -15"><span class='ocrx_word' id='word_1_166' title='bbox 2173 1365 2490 1434; x_wconf 87' lang='lat' dir='ltr'><strong>nopolitaua</strong></span> <span class='ocrx_word' id='word_1_167' title='bbox 2526 1367 2654 1422; x_wconf 84' lang='lat' dir='ltr'><strong>sede</strong></span> <span class='ocrx_word' id='word_1_168' title='bbox 2684 1366 2998 1432; x_wconf 88' lang='lat' dir='ltr'><strong>collocaret,</strong></span> <span class='ocrx_word' id='word_1_169' title='bbox 3022 1367 3073 1419; x_wconf 91' lang='lat' dir='ltr'><strong>id</strong></span> <span class='ocrx_word' id='word_1_170' title='bbox 3105 1365 3182 1419; x_wconf 93' lang='lat' dir='ltr'><strong>illi</strong></span> <span class='ocrx_word' id='word_1_171' title='bbox 3235 1363 3538 1418; x_wconf 89' lang='lat' dir='ltr'><strong>secundum</strong></span> <span class='ocrx_word' id='word_1_172' title='bbox 3585 1375 3743 1430; x_wconf 84' lang='lat' dir='ltr'><strong>opus,</strong></span> 
     </span>
    </p>
   </div>
   <div class='ocr_carea' id='block_1_28' title="bbox 2174 1457 3742 1528">
    <p class='ocr_par' dir='ltr' id='par_1_28' title="bbox 2174 1457 3742 1528">
     <span class='ocr_line' id='line_1_28' title="bbox 2174 1457 3742 1528; baseline -0.003 -18"><span class='ocrx_word' id='word_1_173' title='bbox 2174 1457 2314 1511; x_wconf 82' lang='lat' dir='ltr'><strong>nihil</strong></span> <span class='ocrx_word' id='word_1_174' title='bbox 2341 1459 2522 1527; x_wconf 90' lang='lat' dir='ltr'><strong>priore</strong></span> <span class='ocrx_word' id='word_1_175' title='bbox 2544 1461 2856 1528; x_wconf 85' lang='lat' dir='ltr'><strong>impar,aut</strong></span> <span class='ocrx_word' id='word_1_176' title='bbox 2885 1459 3178 1528; x_wconf 86' lang='lat' dir='ltr'><strong>quidquam</strong></span> <span class='ocrx_word' id='word_1_177' title='bbox 3218 1458 3438 1528; x_wconf 87' lang='lat' dir='ltr'><strong>segnius</strong></span> <span class='ocrx_word' id='word_1_178' title='bbox 3474 1464 3742 1508; x_wconf 89' lang='lat' dir='ltr'><strong>curatum.</strong></span> 
     </span>
    </p>
   </div>
   <div class='ocr_carea' id='block_1_29' title="bbox 2247 1544 3745 1621">
    <p class='ocr_par' dir='ltr' id='par_1_29' title="bbox 2247 1544 3745 1621">
     <span class='ocr_line' id='line_1_29' title="bbox 2247 1544 3745 1621; baseline -0.005 -18"><span class='ocrx_word' id='word_1_179' title='bbox 2247 1549 2541 1619; x_wconf 79' lang='lat' dir='ltr'><strong>Gregorius</strong></span> <span class='ocrx_word' id='word_1_180' title='bbox 2574 1563 2779 1617; x_wconf 85' lang='lat' dir='ltr'><strong>autem,</strong></span> <span class='ocrx_word' id='word_1_181' title='bbox 2820 1551 2909 1621; x_wconf 91' lang='lat' dir='ltr'><strong>qui</strong></span> <span class='ocrx_word' id='word_1_182' title='bbox 2933 1551 3174 1604; x_wconf 87' lang='lat' dir='ltr'><strong>animum</strong></span> <span class='ocrx_word' id='word_1_183' title='bbox 3223 1547 3372 1601; x_wconf 90' lang='lat' dir='ltr'><strong>omni</strong></span> <span class='ocrx_word' id='word_1_184' title='bbox 3407 1544 3745 1615; x_wconf 89' lang='lat' dir='ltr'><strong>superiorem</strong></span> 
     </span>
    </p>
   </div>
   <div class='ocr_carea' id='block_1_30' title="bbox 2172 1639 3744 1712">
    <p class='ocr_par' dir='ltr' id='par_1_30' title="bbox 2172 1639 3744 1712">
     <span class='ocr_line' id='line_1_30' title="bbox 2172 1639 3744 1712; baseline -0.007 -13"><span class='ocrx_word' id='word_1_185' title='bbox 2172 1644 2470 1699; x_wconf 86' lang='lat' dir='ltr'><strong>ambitione</strong></span> <span class='ocrx_word' id='word_1_186' title='bbox 2515 1643 2780 1704; x_wconf 89' lang='lat' dir='ltr'><strong>haberet,</strong></span> <span class='ocrx_word' id='word_1_187' title='bbox 2842 1642 3189 1712; x_wconf 85' lang='lat' dir='ltr'><strong>paternisque</strong></span> <span class='ocrx_word' id='word_1_188' title='bbox 3257 1639 3560 1693; x_wconf 83' lang='lat' dir='ltr'><strong>visceribus</strong></span> <span class='ocrx_word' id='word_1_189' title='bbox 3616 1651 3744 1704; x_wconf 81' lang='lat' dir='ltr'><strong>erga</strong></span> 
     </span>
    </p>
   </div>
   <div class='ocr_carea' id='block_1_31' title="bbox 2173 1727 3744 1807">
    <p class='ocr_par' dir='ltr' id='par_1_31' title="bbox 2173 1727 3744 1807">
     <span class='ocr_line' id='line_1_31' title="bbox 2173 1727 3744 1807; baseline -0.007 -18"><span class='ocrx_word' id='word_1_190' title='bbox 2173 1750 2390 1807; x_wconf 86' lang='lat' dir='ltr'><strong>gregem</strong></span> <span class='ocrx_word' id='word_1_191' title='bbox 2417 1735 2644 1790; x_wconf 81' lang='lat' dir='ltr'><strong>affectus</strong></span> <span class='ocrx_word' id='word_1_192' title='bbox 2674 1743 2837 1800; x_wconf 87' lang='lat' dir='ltr'><strong>esset,</strong></span> <span class='ocrx_word' id='word_1_193' title='bbox 2853 1748 3169 1788; x_wconf 88' lang='lat' dir='ltr'><strong>concessam</strong></span> <span class='ocrx_word' id='word_1_194' title='bbox 3193 1731 3410 1801; x_wconf 90' lang='lat' dir='ltr'><strong>quidem</strong></span> <span class='ocrx_word' id='word_1_195' title='bbox 3443 1727 3744 1782; x_wconf 85' lang='lat' dir='ltr'><strong>Ecclesiam</strong></span> 
     </span>
    </p>
   </div>
   <div class='ocr_carea' id='block_1_32' title="bbox 2175 1825 3746 1897">
    <p class='ocr_par' dir='ltr' id='par_1_32' title="bbox 2175 1825 3746 1897">
     <span class='ocr_line' id='line_1_32' title="bbox 2175 1825 3746 1897; baseline -0.005 -15"><span class='ocrx_word' id='word_1_196' title='bbox 2175 1828 2570 1883; x_wconf 91' lang='lat' dir='ltr'><strong>libentissimus</strong></span> <span class='ocrx_word' id='word_1_197' title='bbox 2600 1829 2830 1897; x_wconf 87' lang='lat' dir='ltr'><strong>recepit;</strong></span> <span class='ocrx_word' id='word_1_198' title='bbox 2863 1828 2998 1880; x_wconf 92' lang='lat' dir='ltr'><strong>inire</strong></span> <span class='ocrx_word' id='word_1_199' title='bbox 3019 1837 3198 1880; x_wconf 90' lang='lat' dir='ltr'><strong>autem</strong></span> <span class='ocrx_word' id='word_1_200' title='bbox 3244 1825 3451 1890; x_wconf 89' lang='lat' dir='ltr'><strong>sedem,</strong></span> <span class='ocrx_word' id='word_1_201' title='bbox 3485 1825 3746 1878; x_wconf 83' lang='lat' dir='ltr'><strong>hactenus</strong></span> 
     </span>
    </p>
   </div>
   <div class='ocr_carea' id='block_1_33' title="bbox 501 1903 3747 1990">
    <p class='ocr_par' dir='ltr' id='par_1_33' title="bbox 501 1903 3747 1990">
     <span class='ocr_line' id='line_1_33' title="bbox 501 1903 3747 1990; baseline -0.001 -19"><span class='ocrx_word' id='word_1_202' title='bbox 501 1919 706 1972; x_wconf 81' lang='lat' dir='ltr'><strong>tatione</strong></span> <span class='ocrx_word' id='word_1_203' title='bbox 721 1919 952 1973; x_wconf 81' lang='lat' dir='ltr'><strong>defecit?</strong></span> <span class='ocrx_word' id='word_1_204' title='bbox 981 1928 1074 1973; x_wconf 89' lang='lat' dir='ltr'><strong>aut</strong></span> <span class='ocrx_word' id='word_1_205' title='bbox 1108 1921 1246 1974; x_wconf 90' lang='lat' dir='ltr'><strong>alios</strong></span> <span class='ocrx_word' id='word_1_206' title='bbox 1275 1920 1490 1990; x_wconf 89' lang='lat' dir='ltr'><strong>quidem</strong></span> <span class='ocrx_word' id='word_1_207' title='bbox 1517 1921 1635 1975; x_wconf 81' lang='lat' dir='ltr'><strong>aliis</strong></span> <span class='ocrx_word' id='word_1_208' title='bbox 1663 1922 1860 1975; x_wconf 90' lang='lat' dir='ltr'><strong>virtute</strong></span> <span class='ocrx_word' id='word_1_209' title='bbox 1893 1921 2072 1976; x_wconf 88' lang='lat' dir='ltr'><strong>claros</strong></span> <span class='ocrx_word' id='word_1_210' title='bbox 2102 1903 2144 1957; x_wconf 77' lang='grc' dir='ltr'><strong><em>Β</em></strong></span> <span class='ocrx_word' id='word_1_211' title='bbox 2173 1921 2473 1975; x_wconf 72' lang='lat' dir='ltr'><strong>differebat.</strong></span> <span class='ocrx_word' id='word_1_212' title='bbox 2493 1919 2684 1976; x_wconf 86' lang='lat' dir='ltr'><strong>Postea</strong></span> <span class='ocrx_word' id='word_1_213' title='bbox 2702 1933 2903 1984; x_wconf 84' lang='lat' dir='ltr'><strong>tamen,</strong></span> <span class='ocrx_word' id='word_1_214' title='bbox 2923 1922 2970 1973; x_wconf 90' lang='lat' dir='ltr'><strong>vi</strong></span> <span class='ocrx_word' id='word_1_215' title='bbox 2994 1920 3210 1989; x_wconf 87' lang='lat' dir='ltr'><strong>quidem</strong></span> <span class='ocrx_word' id='word_1_216' title='bbox 3230 1959 3246 1984; x_wconf 91' lang='lat'><strong>,</strong></span> <span class='ocrx_word' id='word_1_217' title='bbox 3270 1928 3324 1972; x_wconf 90' lang='lat' dir='ltr'><strong>at</strong></span> <span class='ocrx_word' id='word_1_218' title='bbox 3347 1918 3511 1972; x_wconf 90' lang='lat' dir='ltr'><strong>cessit</strong></span> <span class='ocrx_word' id='word_1_219' title='bbox 3543 1915 3747 1969; x_wconf 87' lang='lat' dir='ltr'><strong>nihilo-</strong></span> 
     </span>
    </p>
   </div>
   <div class='ocr_carea' id='block_1_34' title="bbox 497 2007 2073 2082">
    <p class='ocr_par' dir='ltr' id='par_1_34' title="bbox 497 2007 2073 2082">
     <span class='ocr_line' id='line_1_34' title="bbox 497 2007 2073 2082; baseline 0.003 -20"><span class='ocrx_word' id='word_1_220' title='bbox 497 2007 740 2064; x_wconf 88' lang='lat' dir='ltr'><strong>imitatus</strong></span> <span class='ocrx_word' id='word_1_221' title='bbox 771 2020 872 2073; x_wconf 91' lang='lat' dir='ltr'><strong>est,</strong></span> <span class='ocrx_word' id='word_1_222' title='bbox 899 2025 1004 2063; x_wconf 93' lang='lat' dir='ltr'><strong>non</strong></span> <span class='ocrx_word' id='word_1_223' title='bbox 1025 2010 1150 2064; x_wconf 85' lang='lat' dir='ltr'><strong>item</strong></span> <span class='ocrx_word' id='word_1_224' title='bbox 1181 2011 1670 2068; x_wconf 86' lang='lat' dir='ltr'><strong>alios?autntnnes</strong></span> <span class='ocrx_word' id='word_1_225' title='bbox 1699 2014 1937 2082; x_wconf 89' lang='lat' dir='ltr'><strong>quidem,</strong></span> <span class='ocrx_word' id='word_1_226' title='bbox 1971 2013 2073 2067; x_wconf 86' lang='lat' dir='ltr'><strong>ali-</strong></span> 
     </span>
    </p>
   </div>
   <div class='ocr_carea' id='block_1_35' title="bbox 499 2104 2073 2175">
    <p class='ocr_par' dir='ltr' id='par_1_35' title="bbox 499 2104 2073 2175">
     <span class='ocr_line' id='line_1_35' title="bbox 499 2104 2073 2175; baseline 0.003 -22"><span class='ocrx_word' id='word_1_227' title='bbox 499 2115 609 2170; x_wconf 92' lang='lat' dir='ltr'><strong>quo</strong></span> <span class='ocrx_word' id='word_1_228' title='bbox 631 2112 807 2155; x_wconf 87' lang='lat' dir='ltr'><strong>tamen</strong></span> <span class='ocrx_word' id='word_1_229' title='bbox 823 2104 1162 2172; x_wconf 82' lang='lat' dir='ltr'><strong>pra-ripiente</strong></span> <span class='ocrx_word' id='word_1_230' title='bbox 1176 2106 1428 2172; x_wconf 88' lang='lat' dir='ltr'><strong>palntam,</strong></span> <span class='ocrx_word' id='word_1_231' title='bbox 1451 2108 1734 2175; x_wconf 83' lang='lat' dir='ltr'><strong>ipsumque</strong></span> <span class='ocrx_word' id='word_1_232' title='bbox 1751 2107 2073 2174; x_wconf 55' lang='lat' dir='ltr'><strong>superante}</strong></span> 
     </span>
    </p>
   </div>
   <div class='ocr_carea' id='block_1_36' title="bbox 497 2190 2072 2265">
    <p class='ocr_par' dir='ltr' id='par_1_36' title="bbox 497 2190 2072 2265">
     <span class='ocr_line' id='line_1_36' title="bbox 497 2190 2072 2265; baseline 0.005 -22"><span class='ocrx_word' id='word_1_233' title='bbox 497 2199 594 2243; x_wconf 88' lang='lat' dir='ltr'><strong>aut</strong></span> <span class='ocrx_word' id='word_1_234' title='bbox 628 2190 849 2259; x_wconf 86' lang='lat' dir='ltr'><strong>paribus</strong></span> <span class='ocrx_word' id='word_1_235' title='bbox 882 2193 1058 2246; x_wconf 90' lang='lat' dir='ltr'><strong>modis</strong></span> <span class='ocrx_word' id='word_1_236' title='bbox 1088 2193 1342 2247; x_wconf 83' lang='lat' dir='ltr'><strong>virtutem</strong></span> <span class='ocrx_word' id='word_1_237' title='bbox 1372 2195 1572 2264; x_wconf 84' lang='lat' dir='ltr'><strong>gessit?</strong></span> <span class='ocrx_word' id='word_1_238' title='bbox 1605 2204 1696 2248; x_wconf 88' lang='lat' dir='ltr'><strong>aut</strong></span> <span class='ocrx_word' id='word_1_239' title='bbox 1728 2195 1921 2265; x_wconf 79' lang='lat' dir='ltr'><strong>exiguo</strong></span> <span class='ocrx_word' id='word_1_240' title='bbox 1956 2212 1984 2248; x_wconf 90' lang='lat' dir='ltr'><strong>a</strong></span> <span class='ocrx_word' id='word_1_241' title='bbox 2014 2211 2072 2251; x_wconf 91' lang='lat' dir='ltr'><strong>se</strong></span> 
     </span>
    </p>
   </div>
   <div class='ocr_carea' id='block_1_37' title="bbox 494 2283 2072 2354">
    <p class='ocr_par' dir='ltr' id='par_1_37' title="bbox 494 2283 2072 2354">
     <span class='ocr_line' id='line_1_37' title="bbox 494 2283 2072 2354; baseline 0.003 -18"><span class='ocrx_word' id='word_1_242' title='bbox 494 2283 806 2348; x_wconf 73' lang='lat' dir='ltr'><strong>intervallo,</strong></span> <span class='ocrx_word' id='word_1_243' title='bbox 851 2285 1201 2354; x_wconf 85' lang='lat' dir='ltr'><strong>proximeque</strong></span> <span class='ocrx_word' id='word_1_244' title='bbox 1231 2288 1499 2340; x_wconf 89' lang='lat' dir='ltr'><strong>secundas</strong></span> <span class='ocrx_word' id='word_1_245' title='bbox 1535 2287 1749 2341; x_wconf 79' lang='lat' dir='ltr'><strong>virtutis</strong></span> <span class='ocrx_word' id='word_1_246' title='bbox 1780 2287 2072 2343; x_wconf 82' lang='lat' dir='ltr'><strong>referentes</strong></span> 
     </span>
    </p>
   </div>
   <div class='ocr_carea' id='block_1_38' title="bbox 500 2373 2069 2449">
    <p class='ocr_par' dir='ltr' id='par_1_38' title="bbox 500 2373 2069 2449">
     <span class='ocr_line' id='line_1_38' title="bbox 500 2373 2069 2449; baseline 0.004 -23"><span class='ocrx_word' id='word_1_247' title='bbox 500 2373 624 2429; x_wconf 92' lang='lat' dir='ltr'><strong>illos</strong></span> <span class='ocrx_word' id='word_1_248' title='bbox 673 2375 925 2446; x_wconf 87' lang='lat' dir='ltr'><strong>reliquit?</strong></span> <span class='ocrx_word' id='word_1_249' title='bbox 962 2376 1179 2430; x_wconf 79' lang='lat' dir='ltr'><strong>Minime</strong></span> <span class='ocrx_word' id='word_1_250' title='bbox 1215 2379 1476 2445; x_wconf 83' lang='lat' dir='ltr'><strong>gentium.</strong></span> <span class='ocrx_word' id='word_1_251' title='bbox 1506 2376 1607 2444; x_wconf 84' lang='lat' dir='ltr'><strong>Qui</strong></span> <span class='ocrx_word' id='word_1_252' title='bbox 1654 2378 1797 2432; x_wconf 89' lang='lat' dir='ltr'><strong>enim</strong></span> <span class='ocrx_word' id='word_1_253' title='bbox 1851 2378 2069 2449; x_wconf 84' lang='lat' dir='ltr'><strong>Moysen</strong></span> 
     </span>
    </p>
   </div>
   <div class='ocr_carea' id='block_1_39' title="bbox 500 2467 2073 2542">
    <p class='ocr_par' dir='ltr' id='par_1_39' title="bbox 500 2467 2073 2542">
     <span class='ocr_line' id='line_1_39' title="bbox 500 2467 2073 2542; baseline 0.004 -23"><span class='ocrx_word' id='word_1_254' title='bbox 500 2467 780 2534; x_wconf 84' lang='lat' dir='ltr'><strong>prophetis</strong></span> <span class='ocrx_word' id='word_1_255' title='bbox 809 2467 1084 2532; x_wconf 89' lang='lat' dir='ltr'><strong>onmibus,</strong></span> <span class='ocrx_word' id='word_1_256' title='bbox 1111 2484 1174 2523; x_wconf 89' lang='lat' dir='ltr'><strong>ac</strong></span> <span class='ocrx_word' id='word_1_257' title='bbox 1207 2470 1274 2523; x_wconf 89' lang='lat' dir='ltr'><strong>iis</strong></span> <span class='ocrx_word' id='word_1_258' title='bbox 1311 2470 1403 2540; x_wconf 88' lang='lat' dir='ltr'><strong>qui</strong></span> <span class='ocrx_word' id='word_1_259' title='bbox 1442 2470 1586 2540; x_wconf 81' lang='lat' dir='ltr'><strong>leges</strong></span> <span class='ocrx_word' id='word_1_260' title='bbox 1621 2472 1880 2537; x_wconf 87' lang='lat' dir='ltr'><strong>tulerunt,</strong></span> <span class='ocrx_word' id='word_1_261' title='bbox 1914 2472 2073 2542; x_wconf 86' lang='lat' dir='ltr'><strong>longe</strong></span> 
     </span>
    </p>
   </div>
   <div class='ocr_carea' id='block_1_40' title="bbox 504 2557 2070 2632">
    <p class='ocr_par' dir='ltr' id='par_1_40' title="bbox 504 2557 2070 2632">
     <span class='ocr_line' id='line_1_40' title="bbox 504 2557 2070 2632; baseline 0.005 -24"><span class='ocrx_word' id='word_1_262' title='bbox 504 2566 876 2626; x_wconf 69' lang='lat' dir='ltr'><strong>praestantem,</strong></span> <span class='ocrx_word' id='word_1_263' title='bbox 937 2557 1076 2612; x_wconf 88' lang='lat' dir='ltr'><strong>adeo</strong></span> <span class='ocrx_word' id='word_1_264' title='bbox 1132 2561 1442 2626; x_wconf 88' lang='lat' dir='ltr'><strong>antecellit;</strong></span> <span class='ocrx_word' id='word_1_265' title='bbox 1488 2570 1694 2630; x_wconf 82' lang='lat' dir='ltr'><strong>quanto</strong></span> <span class='ocrx_word' id='word_1_266' title='bbox 1740 2563 1912 2632; x_wconf 83' lang='lat' dir='ltr'><strong>magis</strong></span> <span class='ocrx_word' id='word_1_267' title='bbox 1943 2563 2070 2616; x_wconf 89' lang='lat' dir='ltr'><strong>reli-</strong></span> 
     </span>
    </p>
   </div>
   <div class='ocr_carea' id='block_1_41' title="bbox 501 2648 2074 2724">
    <p class='ocr_par' dir='ltr' id='par_1_41' title="bbox 501 2648 2074 2724">
     <span class='ocr_line' id='line_1_41' title="bbox 501 2648 2074 2724; baseline 0.005 -26"><span class='ocrx_word' id='word_1_268' title='bbox 501 2662 640 2715; x_wconf 90' lang='lat' dir='ltr'><strong>quos</strong></span> <span class='ocrx_word' id='word_1_269' title='bbox 688 2648 1022 2704; x_wconf 85' lang='lat' dir='ltr'><strong>abundantia</strong></span> <span class='ocrx_word' id='word_1_270' title='bbox 1082 2651 1495 2720; x_wconf 79' lang='lat' dir='ltr'><strong>magnificentiae</strong></span> <span class='ocrx_word' id='word_1_271' title='bbox 1538 2654 1724 2724; x_wconf 68' lang='lat' dir='ltr'><strong>gratiae</strong></span> <span class='ocrx_word' id='word_1_272' title='bbox 1765 2653 2074 2723; x_wconf 81' lang='lat' dir='ltr'><strong>superabit?</strong></span> 
     </span>
    </p>
   </div>
   <div class='ocr_carea' id='block_1_42' title="bbox 506 2736 2073 2812">
    <p class='ocr_par' dir='ltr' id='par_1_42' title="bbox 506 2736 2073 2812">
     <span class='ocr_line' id='line_1_42' title="bbox 506 2736 2073 2812; baseline 0.007 -23"><span class='ocrx_word' id='word_1_273' title='bbox 506 2736 702 2790; x_wconf 82' lang='lat' dir='ltr'><strong>Verum</strong></span> <span class='ocrx_word' id='word_1_274' title='bbox 733 2739 801 2792; x_wconf 89' lang='lat' dir='ltr'><strong>ad</strong></span> <span class='ocrx_word' id='word_1_275' title='bbox 834 2754 896 2792; x_wconf 90' lang='lat' dir='ltr'><strong>ea</strong></span> <span class='ocrx_word' id='word_1_276' title='bbox 927 2756 1050 2808; x_wconf 80' lang='lat' dir='ltr'><strong>quae</strong></span> <span class='ocrx_word' id='word_1_277' title='bbox 1078 2742 1338 2796; x_wconf 86' lang='lat' dir='ltr'><strong>continua</strong></span> <span class='ocrx_word' id='word_1_278' title='bbox 1385 2743 1527 2797; x_wconf 88' lang='lat' dir='ltr'><strong>serie</strong></span> <span class='ocrx_word' id='word_1_279' title='bbox 1579 2746 1646 2797; x_wconf 90' lang='lat' dir='ltr'><strong>ad</strong></span> <span class='ocrx_word' id='word_1_280' title='bbox 1681 2744 1798 2812; x_wconf 88' lang='lat' dir='ltr'><strong>ejus</strong></span> <span class='ocrx_word' id='word_1_281' title='bbox 1829 2747 1947 2799; x_wconf 81' lang='lat' dir='ltr'><strong>vitae</strong></span> <span class='ocrx_word' id='word_1_282' title='bbox 1985 2762 2073 2800; x_wconf 88' lang='lat' dir='ltr'><strong>ra-</strong></span> 
     </span>
    </p>
   </div>
   <div class='ocr_carea' id='block_1_43' title="bbox 371 2813 2072 2905">
    <p class='ocr_par' dir='ltr' id='par_1_43' title="bbox 371 2813 2072 2905">
     <span class='ocr_line' id='line_1_43' title="bbox 371 2813 2072 2905; baseline 0.007 -25"><span class='ocrx_word' id='word_1_283' title='bbox 371 2813 380 2820; x_wconf 57' lang='grc'><strong>”</strong></span> <span class='ocrx_word' id='word_1_284' title='bbox 444 2851 460 2866; x_wconf 68' lang='grc' dir='ltr'>ι</span> <span class='ocrx_word' id='word_1_285' title='bbox 503 2827 668 2882; x_wconf 84' lang='lat' dir='ltr'><strong>tionis</strong></span> <span class='ocrx_word' id='word_1_286' title='bbox 699 2839 1109 2886; x_wconf 90' lang='lat' dir='ltr'><strong>monumentum</strong></span> <span class='ocrx_word' id='word_1_287' title='bbox 1132 2844 1595 2905; x_wconf 64' lang='lat' dir='ltr'><strong>spectant,operae</strong></span> <span class='ocrx_word' id='word_1_288' title='bbox 1615 2837 1845 2905; x_wconf 86' lang='lat' dir='ltr'><strong>pretium</strong></span> <span class='ocrx_word' id='word_1_289' title='bbox 1879 2837 2072 2892; x_wconf 88' lang='lat' dir='ltr'><strong>iterum</strong></span> 
     </span>
    </p>
   </div>
   <div class='ocr_carea' id='block_1_44' title="bbox 501 2919 1359 3001">
    <p class='ocr_par' dir='ltr' id='par_1_44' title="bbox 501 2919 1359 3001">
     <span class='ocr_line' id='line_1_44' title="bbox 501 2919 1359 3001; baseline 0.008 -29"><span class='ocrx_word' id='word_1_290' title='bbox 501 2919 807 2974; x_wconf 89' lang='lat' dir='ltr'><strong>orationem</strong></span> <span class='ocrx_word' id='word_1_291' title='bbox 835 2922 1182 2978; x_wconf 89' lang='lat' dir='ltr'><strong>reducamus.</strong></span> <span class='ocrx_word' id='word_1_292' title='bbox 1343 2994 1359 3001; x_wconf 89' lang='lat'><em>_</em></span> 
     </span>
    </p>
   </div>
   <div class='ocr_carea' id='block_1_45' title="bbox 572 3010 2076 3088">
    <p class='ocr_par' dir='ltr' id='par_1_45' title="bbox 572 3010 2076 3088">
     <span class='ocr_line' id='line_1_45' title="bbox 572 3010 2076 3088; baseline 0.008 -24"><span class='ocrx_word' id='word_1_293' title='bbox 572 3010 790 3066; x_wconf 86' lang='lat' dir='ltr'><strong>Interim</strong></span> <span class='ocrx_word' id='word_1_294' title='bbox 819 3010 1081 3084; x_wconf 88' lang='lat' dir='ltr'><strong>Gregorio</strong></span> <span class='ocrx_word' id='word_1_295' title='bbox 1111 3016 1261 3071; x_wconf 90' lang='lat' dir='ltr'><strong>hisce</strong></span> <span class='ocrx_word' id='word_1_296' title='bbox 1281 3015 1554 3088; x_wconf 89' lang='lat' dir='ltr'><strong>impenso,</strong></span> <span class='ocrx_word' id='word_1_297' title='bbox 1587 3033 1650 3074; x_wconf 88' lang='lat' dir='ltr'><strong>ac</strong></span> <span class='ocrx_word' id='word_1_298' title='bbox 1673 3019 1800 3074; x_wconf 91' lang='lat' dir='ltr'><strong>dum</strong></span> <span class='ocrx_word' id='word_1_299' title='bbox 1825 3020 2076 3076; x_wconf 86' lang='lat' dir='ltr'><strong>errantes</strong></span> 
     </span>
    </p>
   </div>
   <div class='ocr_carea' id='block_1_46' title="bbox 498 3102 2076 3183">
    <p class='ocr_par' dir='ltr' id='par_1_46' title="bbox 498 3102 2076 3183">
     <span class='ocr_line' id='line_1_46' title="bbox 498 3102 2076 3183; baseline 0.01 -27"><span class='ocrx_word' id='word_1_300' title='bbox 498 3102 719 3172; x_wconf 90' lang='lat' dir='ltr'><strong>quidem</strong></span> <span class='ocrx_word' id='word_1_301' title='bbox 764 3120 896 3161; x_wconf 90' lang='lat' dir='ltr'><strong>oves</strong></span> <span class='ocrx_word' id='word_1_302' title='bbox 951 3107 1165 3163; x_wconf 90' lang='lat' dir='ltr'><strong>reducit</strong></span> <span class='ocrx_word' id='word_1_303' title='bbox 1204 3109 1284 3177; x_wconf 81' lang='grc'><strong>³⁶;</strong></span> <span class='ocrx_word' id='word_1_304' title='bbox 1315 3112 1509 3178; x_wconf 83' lang='lat' dir='ltr'><strong>quaerit</strong></span> <span class='ocrx_word' id='word_1_305' title='bbox 1548 3120 1727 3166; x_wconf 83' lang='lat' dir='ltr'><strong>autem</strong></span> <span class='ocrx_word' id='word_1_306' title='bbox 1752 3129 1872 3182; x_wconf 81' lang='lat' dir='ltr'><strong>quae</strong></span> <span class='ocrx_word' id='word_1_307' title='bbox 1900 3115 2076 3183; x_wconf 87' lang='lat' dir='ltr'><strong>perie-</strong></span> 
     </span>
    </p>
   </div>
   <div class='ocr_carea' id='block_1_47' title="bbox 499 3199 2073 3276">
    <p class='ocr_par' dir='ltr' id='par_1_47' title="bbox 499 3199 2073 3276">
     <span class='ocr_line' id='line_1_47' title="bbox 499 3199 2073 3276; baseline 0.008 -27"><span class='ocrx_word' id='word_1_308' title='bbox 499 3205 644 3263; x_wconf 86' lang='lat' dir='ltr'><strong>rant,</strong></span> <span class='ocrx_word' id='word_1_309' title='bbox 674 3211 737 3252; x_wconf 88' lang='lat' dir='ltr'><strong>ac</strong></span> <span class='ocrx_word' id='word_1_310' title='bbox 769 3199 1034 3256; x_wconf 88' lang='lat' dir='ltr'><strong>contritas</strong></span> <span class='ocrx_word' id='word_1_311' title='bbox 1061 3199 1268 3271; x_wconf 86' lang='lat' dir='ltr'><strong>alligat,</strong></span> <span class='ocrx_word' id='word_1_312' title='bbox 1309 3202 1384 3256; x_wconf 90' lang='lat' dir='ltr'><strong>uti</strong></span> <span class='ocrx_word' id='word_1_313' title='bbox 1435 3218 1606 3258; x_wconf 67' lang='lat' dir='ltr'><strong>sacras</strong></span> <span class='ocrx_word' id='word_1_314' title='bbox 1633 3207 1930 3276; x_wconf 83' lang='lat' dir='ltr'><strong>prophetiae</strong></span> <span class='ocrx_word' id='word_1_315' title='bbox 1958 3223 2073 3262; x_wconf 86' lang='lat' dir='ltr'><strong>ver-</strong></span> 
     </span>
    </p>
   </div>
   <div class='ocr_carea' id='block_1_48' title="bbox 500 3286 2072 3367">
    <p class='ocr_par' dir='ltr' id='par_1_48' title="bbox 500 3286 2072 3367">
     <span class='ocr_line' id='line_1_48' title="bbox 500 3286 2072 3367; baseline 0.008 -26"><span class='ocrx_word' id='word_1_316' title='bbox 500 3286 584 3342; x_wconf 89' lang='lat' dir='ltr'><strong>bis</strong></span> <span class='ocrx_word' id='word_1_317' title='bbox 622 3287 897 3357; x_wconf 92' lang='lat' dir='ltr'><strong>proditum</strong></span> <span class='ocrx_word' id='word_1_318' title='bbox 927 3300 1010 3346; x_wconf 89' lang='lat' dir='ltr'><strong>est</strong></span> <span class='ocrx_word' id='word_1_319' title='bbox 1041 3309 1055 3346; x_wconf 93' lang='lat'>:</span> <span class='ocrx_word' id='word_1_320' title='bbox 1086 3293 1524 3364; x_wconf 68' lang='lat' dir='ltr'><strong>virentibusque&#39;</strong></span> <span class='ocrx_word' id='word_1_321' title='bbox 1562 3296 1794 3352; x_wconf 88' lang='lat' dir='ltr'><strong>collocat</strong></span> <span class='ocrx_word' id='word_1_322' title='bbox 1832 3299 2072 3367; x_wconf 90' lang='lat' dir='ltr'><strong>pascuis,</strong></span> 
     </span>
    </p>
   </div>
   <div class='ocr_carea' id='block_1_49' title="bbox 501 3380 2073 3459">
    <p class='ocr_par' dir='ltr' id='par_1_49' title="bbox 501 3380 2073 3459">
     <span class='ocr_line' id='line_1_49' title="bbox 501 3380 2073 3459; baseline 0.008 -28"><span class='ocrx_word' id='word_1_323' title='bbox 501 3392 564 3432; x_wconf 87' lang='lat' dir='ltr'><strong>ac</strong></span> <span class='ocrx_word' id='word_1_324' title='bbox 598 3394 739 3434; x_wconf 67' lang='lat' dir='ltr'><strong>verae</strong></span> <span class='ocrx_word' id='word_1_325' title='bbox 768 3380 1085 3439; x_wconf 89' lang='lat' dir='ltr'><strong>refectionis</strong></span> <span class='ocrx_word' id='word_1_326' title='bbox 1122 3399 1263 3456; x_wconf 90' lang='lat' dir='ltr'><strong>aqua</strong></span> <span class='ocrx_word' id='word_1_327' title='bbox 1315 3385 1612 3454; x_wconf 81' lang='lat' dir='ltr'><strong>eduCat&quot;;</strong></span> <span class='ocrx_word' id='word_1_328' title='bbox 1637 3389 1894 3458; x_wconf 89' lang='lat' dir='ltr'><strong>omnique</strong></span> <span class='ocrx_word' id='word_1_329' title='bbox 1937 3390 2073 3459; x_wconf 90' lang='lat' dir='ltr'><strong>(tum</strong></span> 
     </span>
    </p>
   </div>
   <div class='ocr_carea' id='block_1_50' title="bbox 501 3471 2073 3548">
    <p class='ocr_par' dir='ltr' id='par_1_50' title="bbox 501 3471 2073 3548">
     <span class='ocr_line' id='line_1_50' title="bbox 501 3471 2073 3548; baseline 0.009 -26"><span class='ocrx_word' id='word_1_330' title='bbox 501 3486 623 3540; x_wconf 79' lang='lat' dir='ltr'><strong>quae</strong></span> <span class='ocrx_word' id='word_1_331' title='bbox 673 3471 738 3526; x_wconf 87' lang='lat' dir='ltr'><strong>ad</strong></span> <span class='ocrx_word' id='word_1_332' title='bbox 787 3474 1056 3529; x_wconf 88' lang='lat' dir='ltr'><strong>actionem</strong></span> <span class='ocrx_word' id='word_1_333' title='bbox 1110 3492 1419 3545; x_wconf 85' lang='lat' dir='ltr'><strong>moresque,</strong></span> <span class='ocrx_word' id='word_1_334' title='bbox 1466 3487 1578 3532; x_wconf 91' lang='lat' dir='ltr'><strong>tum</strong></span> <span class='ocrx_word' id='word_1_335' title='bbox 1626 3496 1746 3548; x_wconf 78' lang='lat' dir='ltr'><strong>quae</strong></span> <span class='ocrx_word' id='word_1_336' title='bbox 1786 3482 1851 3536; x_wconf 90' lang='lat' dir='ltr'><strong>ad</strong></span> <span class='ocrx_word' id='word_1_337' title='bbox 1914 3482 2073 3537; x_wconf 82' lang='lat' dir='ltr'><strong>fidem</strong></span> 
     </span>
    </p>
   </div>
   <div class='ocr_carea' id='block_1_51' title="bbox 500 3559 2072 3640">
    <p class='ocr_par' dir='ltr' id='par_1_51' title="bbox 500 3559 2072 3640">
     <span class='ocr_line' id='line_1_51' title="bbox 500 3559 2072 3640; baseline 0.011 -29"><span class='ocrx_word' id='word_1_338' title='bbox 500 3559 757 3629; x_wconf 88' lang='lat' dir='ltr'><strong>pertinet)</strong></span> <span class='ocrx_word' id='word_1_339' title='bbox 817 3571 1074 3632; x_wconf 86' lang='lat' dir='ltr'><strong>tanquam</strong></span> <span class='ocrx_word' id='word_1_340' title='bbox 1133 3565 1304 3620; x_wconf 86' lang='lat' dir='ltr'><strong>herba</strong></span> <span class='ocrx_word' id='word_1_341' title='bbox 1353 3567 1602 3623; x_wconf 89' lang='lat' dir='ltr'><strong>lethifera</strong></span> <span class='ocrx_word' id='word_1_342' title='bbox 1663 3579 1824 3640; x_wconf 87' lang='lat' dir='ltr'><strong>atque</strong></span> <span class='ocrx_word' id='word_1_343' title='bbox 1889 3573 2072 3640; x_wconf 87' lang='lat' dir='ltr'><strong>noxia,</strong></span> 
     </span>
    </p>
   </div>
   <div class='ocr_carea' id='block_1_52' title="bbox 502 3649 2076 3733">
    <p class='ocr_par' dir='ltr' id='par_1_52' title="bbox 502 3649 2076 3733">
     <span class='ocr_line' id='line_1_52' title="bbox 502 3649 2076 3733; baseline 0.01 -32"><span class='ocrx_word' id='word_1_344' title='bbox 502 3649 648 3718; x_wconf 88' lang='lat' dir='ltr'><strong>ipsas</strong></span> <span class='ocrx_word' id='word_1_345' title='bbox 685 3651 973 3721; x_wconf 90' lang='lat' dir='ltr'><strong>iniquitate</strong></span> <span class='ocrx_word' id='word_1_346' title='bbox 1019 3670 1234 3721; x_wconf 87' lang='lat' dir='ltr'><strong>arcens,</strong></span> <span class='ocrx_word' id='word_1_347' title='bbox 1261 3671 1427 3727; x_wconf 88' lang='lat' dir='ltr'><strong>super</strong></span> <span class='ocrx_word' id='word_1_348' title='bbox 1473 3661 1696 3716; x_wconf 89' lang='lat' dir='ltr'><strong>semitas</strong></span> <span class='ocrx_word' id='word_1_349' title='bbox 1736 3663 1884 3718; x_wconf 89' lang='lat' dir='ltr'><strong>ducit</strong></span> <span class='ocrx_word' id='word_1_350' title='bbox 1915 3663 2076 3733; x_wconf 88' lang='lat' dir='ltr'><strong>justi-</strong></span> 
     </span>
    </p>
   </div>
   <div class='ocr_carea' id='block_1_53' title="bbox 504 3740 2073 3826">
    <p class='ocr_par' dir='ltr' id='par_1_53' title="bbox 504 3740 2073 3826">
     <span class='ocr_line' id='line_1_53' title="bbox 504 3740 2073 3826; baseline 0.013 -33"><span class='ocrx_word' id='word_1_351' title='bbox 504 3740 633 3806; x_wconf 78' lang='lat' dir='ltr'><strong>tiae;</strong></span> <span class='ocrx_word' id='word_1_352' title='bbox 696 3757 762 3797; x_wconf 86' lang='lat' dir='ltr'><strong>ac</strong></span> <span class='ocrx_word' id='word_1_353' title='bbox 812 3743 928 3814; x_wconf 90' lang='lat' dir='ltr'><strong>lege</strong></span> <span class='ocrx_word' id='word_1_354' title='bbox 985 3747 1187 3812; x_wconf 89' lang='lat' dir='ltr'><strong>sancit,</strong></span> <span class='ocrx_word' id='word_1_355' title='bbox 1223 3763 1330 3801; x_wconf 92' lang='lat' dir='ltr'><strong>non</strong></span> <span class='ocrx_word' id='word_1_356' title='bbox 1387 3758 1792 3821; x_wconf 90' lang='lat' dir='ltr'><strong>temporaneatn</strong></span> <span class='ocrx_word' id='word_1_357' title='bbox 1825 3757 2073 3826; x_wconf 89' lang='lat' dir='ltr'><strong>corporis</strong></span> 
     </span>
    </p>
   </div>
   <div class='ocr_carea' id='block_1_54' title="bbox 500 3833 2070 3913">
    <p class='ocr_par' dir='ltr' id='par_1_54' title="bbox 500 3833 2070 3913">
     <span class='ocr_line' id='line_1_54' title="bbox 500 3833 2070 3913; baseline 0.01 -28"><span class='ocrx_word' id='word_1_358' title='bbox 500 3833 967 3906; x_wconf 84' lang='lat' dir='ltr'><strong>emundationem,</strong></span> <span class='ocrx_word' id='word_1_359' title='bbox 1004 3839 1097 3913; x_wconf 81' lang='lat' dir='ltr'><strong>sed</strong></span> <span class='ocrx_word' id='word_1_360' title='bbox 1130 3855 1324 3896; x_wconf 90' lang='lat' dir='ltr'><strong>sensus</strong></span> <span class='ocrx_word' id='word_1_361' title='bbox 1359 3844 1539 3897; x_wconf 89' lang='lat' dir='ltr'><strong>carnis</strong></span> <span class='ocrx_word' id='word_1_362' title='bbox 1571 3847 2070 3913; x_wconf 85' lang='lat' dir='ltr'><strong>mortificationem;</strong></span> 
     </span>
    </p>
   </div>
   <div class='ocr_carea' id='block_1_55' title="bbox 501 3908 2070 4003">
    <p class='ocr_par' dir='ltr' id='par_1_55' title="bbox 501 3908 2070 4003">
     <span class='ocr_line' id='line_1_55' title="bbox 501 3908 2070 4003; baseline 0.013 -30"><span class='ocrx_word' id='word_1_363' title='bbox 501 3938 677 3991; x_wconf 91' lang='lat' dir='ltr'><strong>neque</strong></span> <span class='ocrx_word' id='word_1_364' title='bbox 701 3925 863 3978; x_wconf 91' lang='lat' dir='ltr'><strong>ritum</strong></span> <span class='ocrx_word' id='word_1_365' title='bbox 895 3942 1006 3996; x_wconf 85' lang='lat' dir='ltr'><strong>quo</strong></span> <span class='ocrx_word' id='word_1_366' title='bbox 1044 3908 1407 3984; x_wconf 48' lang='lat' dir='ltr'><strong>&#39;immolandae</strong></span> <span class='ocrx_word' id='word_1_367' title='bbox 1453 3933 1772 3988; x_wconf 90' lang='lat' dir='ltr'><strong>animalium</strong></span> <span class='ocrx_word' id='word_1_368' title='bbox 1814 3938 2070 4003; x_wconf 72' lang='lat' dir='ltr'><strong>vietimae,</strong></span> 
     </span>
    </p>
   </div>
   <div class='ocr_carea' id='block_1_56' title="bbox 500 4015 2070 4097">
    <p class='ocr_par' dir='ltr' id='par_1_56' title="bbox 500 4015 2070 4097">
     <span class='ocr_line' id='line_1_56' title="bbox 500 4015 2070 4097; baseline 0.011 -30"><span class='ocrx_word' id='word_1_369' title='bbox 500 4015 765 4083; x_wconf 89' lang='lat' dir='ltr'><strong>ostendit;</strong></span> <span class='ocrx_word' id='word_1_370' title='bbox 803 4019 897 4072; x_wconf 92' lang='lat' dir='ltr'><strong>sed</strong></span> <span class='ocrx_word' id='word_1_371' title='bbox 927 4020 1162 4088; x_wconf 87' lang='lat' dir='ltr'><strong>Spiritus</strong></span> <span class='ocrx_word' id='word_1_372' title='bbox 1184 4022 1623 4093; x_wconf 85' lang='lat' dir='ltr'><strong>vivificationem,</strong></span> <span class='ocrx_word' id='word_1_373' title='bbox 1652 4043 1771 4096; x_wconf 78' lang='lat' dir='ltr'><strong>quae</strong></span> <span class='ocrx_word' id='word_1_374' title='bbox 1797 4044 1892 4097; x_wconf 90' lang='lat' dir='ltr'><strong>per</strong></span> <span class='ocrx_word' id='word_1_375' title='bbox 1914 4031 2070 4085; x_wconf 85' lang='lat' dir='ltr'><strong>fidem</strong></span> 
     </span>
    </p>
   </div>
   <div class='ocr_carea' id='block_1_57' title="bbox 499 4109 2070 4184">
    <p class='ocr_par' dir='ltr' id='par_1_57' title="bbox 499 4109 2070 4184">
     <span class='ocr_line' id='line_1_57' title="bbox 499 4109 2070 4184; baseline 0.009 -23"><span class='ocrx_word' id='word_1_376' title='bbox 499 4109 750 4174; x_wconf 83' lang='lat' dir='ltr'><strong>exsistit;</strong></span> <span class='ocrx_word' id='word_1_377' title='bbox 785 4125 848 4164; x_wconf 92' lang='lat' dir='ltr'><strong>ac</strong></span> <span class='ocrx_word' id='word_1_378' title='bbox 879 4113 1023 4166; x_wconf 87' lang='lat' dir='ltr'><strong>velut</strong></span> <span class='ocrx_word' id='word_1_379' title='bbox 1057 4115 1268 4184; x_wconf 87' lang='lat' dir='ltr'><strong>sagittis</strong></span> <span class='ocrx_word' id='word_1_380' title='bbox 1300 4117 1655 4172; x_wconf 85' lang='lat' dir='ltr'><strong>solertissime</strong></span> <span class='ocrx_word' id='word_1_381' title='bbox 1681 4120 2070 4176; x_wconf 71' lang='lat' dir='ltr'><strong>Anommorum</strong></span> 
     </span>
    </p>
   </div>
   <div class='ocr_carea' id='block_1_58' title="bbox 499 4198 2072 4273">
    <p class='ocr_par' dir='ltr' id='par_1_58' title="bbox 499 4198 2072 4273">
     <span class='ocr_line' id='line_1_58' title="bbox 499 4198 2072 4273; baseline 0.007 -20"><span class='ocrx_word' id='word_1_382' title='bbox 499 4198 662 4253; x_wconf 89' lang='lat' dir='ltr'><strong>corda</strong></span> <span class='ocrx_word' id='word_1_383' title='bbox 710 4198 854 4265; x_wconf 87' lang='lat' dir='ltr'><strong>ferit,</strong></span> <span class='ocrx_word' id='word_1_384' title='bbox 914 4203 1170 4270; x_wconf 85' lang='lat' dir='ltr'><strong>velutque</strong></span> <span class='ocrx_word' id='word_1_385' title='bbox 1221 4203 1574 4260; x_wconf 89' lang='lat' dir='ltr'><strong>lucidissitnis</strong></span> <span class='ocrx_word' id='word_1_386' title='bbox 1626 4208 1830 4273; x_wconf 89' lang='lat' dir='ltr'><strong>radiis,</strong></span> <span class='ocrx_word' id='word_1_387' title='bbox 1882 4224 2072 4264; x_wconf 90' lang='lat' dir='ltr'><strong>sacro-</strong></span> 
     </span>
    </p>
   </div>
   <div class='ocr_carea' id='block_1_59' title="bbox 499 4291 2072 4370">
    <p class='ocr_par' dir='ltr' id='par_1_59' title="bbox 499 4291 2072 4370">
     <span class='ocr_line' id='line_1_59' title="bbox 499 4291 2072 4370; baseline 0.009 -25"><span class='ocrx_word' id='word_1_388' title='bbox 499 4291 702 4347; x_wconf 84' lang='lat' dir='ltr'><strong>sanctis</strong></span> <span class='ocrx_word' id='word_1_389' title='bbox 738 4292 1002 4350; x_wconf 84' lang='lat' dir='ltr'><strong>doctrinis</strong></span> <span class='ocrx_word' id='word_1_390' title='bbox 1028 4295 1168 4362; x_wconf 91' lang='lat' dir='ltr'><strong>suis,</strong></span> <span class='ocrx_word' id='word_1_391' title='bbox 1205 4298 1390 4353; x_wconf 88' lang='lat' dir='ltr'><strong>electis</strong></span> <span class='ocrx_word' id='word_1_392' title='bbox 1425 4299 1598 4354; x_wconf 91' lang='lat' dir='ltr'><strong>lucem</strong></span> <span class='ocrx_word' id='word_1_393' title='bbox 1650 4302 1966 4370; x_wconf 69' lang='lat' dir='ltr'><strong>praetendit;</strong></span> <span class='ocrx_word' id='word_1_394' title='bbox 2006 4304 2072 4359; x_wconf 91' lang='lat' dir='ltr'><strong>de</strong></span> 
     </span>
    </p>
   </div>
   <div class='ocr_carea' id='block_1_60' title="bbox 500 4387 2073 4464">
    <p class='ocr_par' dir='ltr' id='par_1_60' title="bbox 500 4387 2073 4464">
     <span class='ocr_line' id='line_1_60' title="bbox 500 4387 2073 4464; baseline 0.008 -27"><span class='ocrx_word' id='word_1_395' title='bbox 500 4395 718 4454; x_wconf 82' lang='lat' dir='ltr'><strong>repente</strong></span> <span class='ocrx_word' id='word_1_396' title='bbox 746 4387 974 4441; x_wconf 84' lang='lat' dir='ltr'><strong>solvitur</strong></span> <span class='ocrx_word' id='word_1_397' title='bbox 1028 4389 1247 4458; x_wconf 90' lang='lat' dir='ltr'><strong>ruitque</strong></span> <span class='ocrx_word' id='word_1_398' title='bbox 1287 4393 1552 4461; x_wconf 86' lang='lat' dir='ltr'><strong>tyrannis,</strong></span> <span class='ocrx_word' id='word_1_399' title='bbox 1588 4409 1650 4447; x_wconf 84' lang='lat' dir='ltr'><strong>ac</strong></span> <span class='ocrx_word' id='word_1_400' title='bbox 1699 4394 1934 4464; x_wconf 86' lang='lat' dir='ltr'><strong>legitima</strong></span> <span class='ocrx_word' id='word_1_401' title='bbox 1971 4396 2073 4448; x_wconf 90' lang='lat' dir='ltr'><strong>im—</strong></span> 
     </span>
    </p>
   </div>
   <div class='ocr_carea' id='block_1_61' title="bbox 499 4475 2070 4557">
    <p class='ocr_par' dir='ltr' id='par_1_61' title="bbox 499 4475 2070 4557">
     <span class='ocr_line' id='line_1_61' title="bbox 499 4475 2070 4557; baseline 0.009 -29"><span class='ocrx_word' id='word_1_402' title='bbox 499 4475 634 4542; x_wconf 89' lang='lat' dir='ltr'><strong>perii</strong></span> <span class='ocrx_word' id='word_1_403' title='bbox 678 4486 921 4544; x_wconf 90' lang='lat' dir='ltr'><strong>potestas</strong></span> <span class='ocrx_word' id='word_1_404' title='bbox 973 4478 1326 4548; x_wconf 77' lang='lat' dir='ltr'><strong>designatur;</strong></span> <span class='ocrx_word' id='word_1_405' title='bbox 1387 4498 1451 4537; x_wconf 90' lang='lat' dir='ltr'><strong>ac</strong></span> <span class='ocrx_word' id='word_1_406' title='bbox 1503 4483 1796 4554; x_wconf 89' lang='lat' dir='ltr'><strong>impiorutn</strong></span> <span class='ocrx_word' id='word_1_407' title='bbox 1853 4487 2070 4557; x_wconf 84' lang='lat' dir='ltr'><strong>quidem</strong></span> 
     </span>
    </p>
   </div>
   <div class='ocr_carea' id='block_1_62' title="bbox 2173 2008 3744 2082">
    <p class='ocr_par' dir='ltr' id='par_1_62' title="bbox 2173 2008 3744 2082">
     <span class='ocr_line' id='line_1_62' title="bbox 2173 2008 3744 2082; baseline -0.006 -15"><span class='ocrx_word' id='word_1_408' title='bbox 2173 2014 2355 2068; x_wconf 88' lang='lat' dir='ltr'><strong>minus</strong></span> <span class='ocrx_word' id='word_1_409' title='bbox 2395 2014 2777 2082; x_wconf 88' lang='lat' dir='ltr'><strong>episcoporum</strong></span> <span class='ocrx_word' id='word_1_410' title='bbox 2823 2014 2997 2078; x_wconf 89' lang='lat' dir='ltr'><strong>votis,</strong></span> <span class='ocrx_word' id='word_1_411' title='bbox 3043 2027 3165 2066; x_wconf 87' lang='lat' dir='ltr'><strong>cum</strong></span> <span class='ocrx_word' id='word_1_412' title='bbox 3211 2011 3443 2065; x_wconf 88' lang='lat' dir='ltr'><strong>aliorum</strong></span> <span class='ocrx_word' id='word_1_413' title='bbox 3472 2008 3744 2077; x_wconf 87' lang='lat' dir='ltr'><strong>plurium,</strong></span> 
     </span>
    </p>
   </div>
   <div class='ocr_carea' id='block_1_63' title="bbox 2176 2100 3749 2177">
    <p class='ocr_par' dir='ltr' id='par_1_63' title="bbox 2176 2100 3749 2177">
     <span class='ocr_line' id='line_1_63' title="bbox 2176 2100 3749 2177; baseline -0.006 -17"><span class='ocrx_word' id='word_1_414' title='bbox 2176 2117 2286 2160; x_wconf 90' lang='lat' dir='ltr'><strong>tum</strong></span> <span class='ocrx_word' id='word_1_415' title='bbox 2309 2107 2611 2161; x_wconf 77' lang='lat' dir='ltr'><strong>Antiochia:</strong></span> <span class='ocrx_word' id='word_1_416' title='bbox 2633 2107 2914 2177; x_wconf 74' lang='lat' dir='ltr'><strong>praesulis;</strong></span> <span class='ocrx_word' id='word_1_417' title='bbox 2952 2104 3135 2175; x_wconf 88' lang='lat' dir='ltr'><strong>magni</strong></span> <span class='ocrx_word' id='word_1_418' title='bbox 3165 2103 3373 2159; x_wconf 89' lang='lat' dir='ltr'><strong>scilicet</strong></span> <span class='ocrx_word' id='word_1_419' title='bbox 3397 2103 3544 2156; x_wconf 84' lang='lat' dir='ltr'><strong>illius</strong></span> <span class='ocrx_word' id='word_1_420' title='bbox 3587 2100 3749 2153; x_wconf 57' lang='lat' dir='ltr'><strong>Mela.»</strong></span> 
     </span>
    </p>
   </div>
   <div class='ocr_carea' id='block_1_64' title="bbox 2175 2191 3744 2268">
    <p class='ocr_par' dir='ltr' id='par_1_64' title="bbox 2175 2191 3744 2268">
     <span class='ocr_line' id='line_1_64' title="bbox 2175 2191 3744 2268; baseline -0.003 -16"><span class='ocrx_word' id='word_1_421' title='bbox 2175 2199 2255 2263; x_wconf 87' lang='lat' dir='ltr'><strong>tii,</strong></span> <span class='ocrx_word' id='word_1_422' title='bbox 2287 2199 2379 2268; x_wconf 90' lang='lat' dir='ltr'><strong>qui</strong></span> <span class='ocrx_word' id='word_1_423' title='bbox 2413 2199 2581 2253; x_wconf 89' lang='lat' dir='ltr'><strong>multa</strong></span> <span class='ocrx_word' id='word_1_424' title='bbox 2617 2197 2822 2267; x_wconf 90' lang='lat' dir='ltr'><strong>pridem</strong></span> <span class='ocrx_word' id='word_1_425' title='bbox 2877 2213 2941 2253; x_wconf 88' lang='lat' dir='ltr'><strong>ac</strong></span> <span class='ocrx_word' id='word_1_426' title='bbox 2989 2207 3207 2252; x_wconf 90' lang='lat' dir='ltr'><strong>strenua</strong></span> <span class='ocrx_word' id='word_1_427' title='bbox 3230 2203 3431 2257; x_wconf 74' lang='lat' dir='ltr'><strong>sanctae</strong></span> <span class='ocrx_word' id='word_1_428' title='bbox 3460 2191 3744 2268; x_wconf 59' lang='lat' dir='ltr'><strong>Trinitatis</strong></span> 
     </span>
    </p>
   </div>
   <div class='ocr_carea' id='block_1_65' title="bbox 2173 2259 3733 2357">
    <p class='ocr_par' dir='ltr' id='par_1_65' title="bbox 2173 2259 3733 2357">
     <span class='ocr_line' id='line_1_65' title="bbox 2173 2259 3733 2357; baseline -0.004 -11"><span class='ocrx_word' id='word_1_429' title='bbox 2173 2307 2338 2346; x_wconf 89' lang='lat' dir='ltr'><strong>causa</strong></span> <span class='ocrx_word' id='word_1_430' title='bbox 2399 2290 2569 2345; x_wconf 90' lang='lat' dir='ltr'><strong>fertur</strong></span> <span class='ocrx_word' id='word_1_431' title='bbox 2611 2291 2908 2346; x_wconf 89' lang='lat' dir='ltr'><strong>desudasse</strong></span> <span class='ocrx_word' id='word_1_432' title='bbox 2957 2291 3277 2344; x_wconf 86' lang='lat' dir='ltr'><strong>certamina.</strong></span> <span class='ocrx_word' id='word_1_433' title='bbox 3324 2287 3494 2357; x_wconf 89' lang='lat' dir='ltr'><strong>Hujus</strong></span> <span class='ocrx_word' id='word_1_434' title='bbox 3530 2259 3733 2340; x_wconf 37' lang='lat' dir='ltr'><strong>dignis</strong></span> 
     </span>
    </p>
   </div>
   <div class='ocr_carea' id='block_1_66' title="bbox 2170 2379 3745 2452">
    <p class='ocr_par' dir='ltr' id='par_1_66' title="bbox 2170 2379 3745 2452">
     <span class='ocr_line' id='line_1_66' title="bbox 2170 2379 3745 2452; baseline -0.003 -15"><span class='ocrx_word' id='word_1_435' title='bbox 2170 2383 2416 2452; x_wconf 88' lang='lat' dir='ltr'><strong>judiciis,</strong></span> <span class='ocrx_word' id='word_1_436' title='bbox 2448 2383 2713 2452; x_wconf 78' lang='lat' dir='ltr'><strong>ptzobique</strong></span> <span class='ocrx_word' id='word_1_437' title='bbox 2767 2383 3111 2452; x_wconf 88' lang='lat' dir='ltr'><strong>imperatoris</strong></span> <span class='ocrx_word' id='word_1_438' title='bbox 3161 2383 3215 2436; x_wconf 83' lang='lat' dir='ltr'><strong>id</strong></span> <span class='ocrx_word' id='word_1_439' title='bbox 3263 2382 3520 2435; x_wconf 89' lang='lat' dir='ltr'><strong>enitentis</strong></span> <span class='ocrx_word' id='word_1_440' title='bbox 3572 2379 3644 2445; x_wconf 91' lang='lat' dir='ltr'><strong>vi,</strong></span> <span class='ocrx_word' id='word_1_441' title='bbox 3680 2394 3745 2433; x_wconf 89' lang='lat' dir='ltr'><strong>ac</strong></span> 
     </span>
    </p>
   </div>
   <div class='ocr_carea' id='block_1_67' title="bbox 2175 2472 3745 2542">
    <p class='ocr_par' dir='ltr' id='par_1_67' title="bbox 2175 2472 3745 2542">
     <span class='ocr_line' id='line_1_67' title="bbox 2175 2472 3745 2542; baseline -0.002 -14"><span class='ocrx_word' id='word_1_442' title='bbox 2175 2475 2414 2528; x_wconf 86' lang='lat' dir='ltr'><strong>fidelium</strong></span> <span class='ocrx_word' id='word_1_443' title='bbox 2485 2475 2683 2530; x_wconf 85' lang='lat' dir='ltr'><strong>civium</strong></span> <span class='ocrx_word' id='word_1_444' title='bbox 2743 2475 2968 2530; x_wconf 89' lang='lat' dir='ltr'><strong>adactus</strong></span> <span class='ocrx_word' id='word_1_445' title='bbox 3026 2473 3534 2538; x_wconf 86' lang='lat' dir='ltr'><strong>obsecrationibus;</strong></span> <span class='ocrx_word' id='word_1_446' title='bbox 3611 2472 3745 2542; x_wconf 81' lang='lat' dir='ltr'><strong>quin</strong></span> 
     </span>
    </p>
   </div>
   <div class='ocr_carea' id='block_1_68' title="bbox 2173 2564 3746 2635">
    <p class='ocr_par' dir='ltr' id='par_1_68' title="bbox 2173 2564 3746 2635">
     <span class='ocr_line' id='line_1_68' title="bbox 2173 2564 3746 2635; baseline -0.001 -16"><span class='ocrx_word' id='word_1_447' title='bbox 2173 2565 2371 2620; x_wconf 73' lang='lat' dir='ltr'><strong>divinis</strong></span> <span class='ocrx_word' id='word_1_448' title='bbox 2428 2567 2609 2635; x_wconf 90' lang='lat' dir='ltr'><strong>potius</strong></span> <span class='ocrx_word' id='word_1_449' title='bbox 2657 2567 2966 2635; x_wconf 90' lang='lat' dir='ltr'><strong>obsequens</strong></span> <span class='ocrx_word' id='word_1_450' title='bbox 3000 2565 3241 2630; x_wconf 84' lang='lat' dir='ltr'><strong>nutibus,</strong></span> <span class='ocrx_word' id='word_1_451' title='bbox 3287 2564 3354 2618; x_wconf 90' lang='lat' dir='ltr'><strong>ad</strong></span> <span class='ocrx_word' id='word_1_452' title='bbox 3397 2567 3620 2628; x_wconf 87' lang='lat' dir='ltr'><strong>celsam,</strong></span> <span class='ocrx_word' id='word_1_453' title='bbox 3648 2579 3746 2633; x_wconf 86' lang='lat' dir='ltr'><strong>pro</strong></span> 
     </span>
    </p>
   </div>
   <div class='ocr_carea' id='block_1_69' title="bbox 2175 2655 3746 2727">
    <p class='ocr_par' dir='ltr' id='par_1_69' title="bbox 2175 2655 3746 2727">
     <span class='ocr_line' id='line_1_69' title="bbox 2175 2655 3746 2727; baseline -0.001 -16"><span class='ocrx_word' id='word_1_454' title='bbox 2175 2659 2435 2713; x_wconf 89' lang='lat' dir='ltr'><strong>antistitis</strong></span> <span class='ocrx_word' id='word_1_455' title='bbox 2474 2674 2702 2714; x_wconf 90' lang='lat' dir='ltr'><strong>munere</strong></span> <span class='ocrx_word' id='word_1_456' title='bbox 2723 2659 3058 2727; x_wconf 82' lang='lat' dir='ltr'><strong>praelationis</strong></span> <span class='ocrx_word' id='word_1_457' title='bbox 3088 2658 3294 2725; x_wconf 90' lang='lat' dir='ltr'><strong>sedem,</strong></span> <span class='ocrx_word' id='word_1_458' title='bbox 3329 2657 3599 2714; x_wconf 86' lang='lat' dir='ltr'><strong>evehitur.</strong></span> <span class='ocrx_word' id='word_1_459' title='bbox 3635 2655 3746 2710; x_wconf 83' lang='lat' dir='ltr'><strong>Lu-</strong></span> 
     </span>
    </p>
   </div>
   <div class='ocr_carea' id='block_1_70' title="bbox 2175 2750 3748 2820">
    <p class='ocr_par' dir='ltr' id='par_1_70' title="bbox 2175 2750 3748 2820">
     <span class='ocr_line' id='line_1_70' title="bbox 2175 2750 3748 2820; baseline -0.001 -16"><span class='ocrx_word' id='word_1_460' title='bbox 2175 2765 2338 2804; x_wconf 90' lang='lat' dir='ltr'><strong>cerna</strong></span> <span class='ocrx_word' id='word_1_461' title='bbox 2371 2766 2535 2820; x_wconf 89' lang='lat' dir='ltr'><strong>super</strong></span> <span class='ocrx_word' id='word_1_462' title='bbox 2580 2752 2965 2806; x_wconf 89' lang='lat' dir='ltr'><strong>candelabrum</strong></span> <span class='ocrx_word' id='word_1_463' title='bbox 3010 2751 3261 2806; x_wconf 90' lang='lat' dir='ltr'><strong>sublimis</strong></span> <span class='ocrx_word' id='word_1_464' title='bbox 3303 2750 3634 2816; x_wconf 87' lang='lat' dir='ltr'><strong>collocatur;</strong></span> <span class='ocrx_word' id='word_1_465' title='bbox 3681 2765 3748 2804; x_wconf 85' lang='lat' dir='ltr'><strong>ac</strong></span> 
     </span>
    </p>
   </div>
   <div class='ocr_carea' id='block_1_71' title="bbox 2174 2840 3746 2912">
    <p class='ocr_par' dir='ltr' id='par_1_71' title="bbox 2174 2840 3746 2912">
     <span class='ocr_line' id='line_1_71' title="bbox 2174 2840 3746 2912; baseline 0.001 -20"><span class='ocrx_word' id='word_1_466' title='bbox 2174 2841 2534 2909; x_wconf 77' lang='lat' dir='ltr'><strong>praedicator,</strong></span> <span class='ocrx_word' id='word_1_467' title='bbox 2611 2843 2891 2911; x_wconf 86' lang='lat' dir='ltr'><strong>speculam</strong></span> <span class='ocrx_word' id='word_1_468' title='bbox 2962 2843 3335 2897; x_wconf 89' lang='lat' dir='ltr'><strong>sublimiorem</strong></span> <span class='ocrx_word' id='word_1_469' title='bbox 3411 2840 3746 2912; x_wconf 85' lang='lat' dir='ltr'><strong>aggreditur.</strong></span> 
     </span>
    </p>
   </div>
   <div class='ocr_carea' id='block_1_72' title="bbox 2175 2932 3745 3003">
    <p class='ocr_par' dir='ltr' id='par_1_72' title="bbox 2175 2932 3745 3003">
     <span class='ocr_line' id='line_1_72' title="bbox 2175 2932 3745 3003; baseline -0.001 -18"><span class='ocrx_word' id='word_1_470' title='bbox 2175 2932 2315 2997; x_wconf 83' lang='lat' dir='ltr'><strong>Quid</strong></span> <span class='ocrx_word' id='word_1_471' title='bbox 2347 2933 2511 2987; x_wconf 87' lang='lat' dir='ltr'><strong>vero?</strong></span> <span class='ocrx_word' id='word_1_472' title='bbox 2531 2948 2599 2986; x_wconf 92' lang='lat' dir='ltr'><strong>an</strong></span> <span class='ocrx_word' id='word_1_473' title='bbox 2626 2948 2748 3002; x_wconf 78' lang='lat' dir='ltr'><strong>quae</strong></span> <span class='ocrx_word' id='word_1_474' title='bbox 2768 2941 2988 3002; x_wconf 71' lang='lat' dir='ltr'><strong>praestat</strong></span> <span class='ocrx_word' id='word_1_475' title='bbox 3014 2933 3232 3002; x_wconf 90' lang='lat' dir='ltr'><strong>regibus</strong></span> <span class='ocrx_word' id='word_1_476' title='bbox 3249 2941 3307 2987; x_wconf 90' lang='lat' dir='ltr'><strong>ut</strong></span> <span class='ocrx_word' id='word_1_477' title='bbox 3331 2941 3555 3003; x_wconf 90' lang='lat' dir='ltr'><strong>regnent</strong></span> <span class='ocrx_word' id='word_1_478' title='bbox 3580 2947 3745 3001; x_wconf 85' lang='lat' dir='ltr'><strong>super</strong></span> 
     </span>
    </p>
   </div>
   <div class='ocr_carea' id='block_1_73' title="bbox 2176 3023 3747 3096">
    <p class='ocr_par' dir='ltr' id='par_1_73' title="bbox 2176 3023 3747 3096">
     <span class='ocr_line' id='line_1_73' title="bbox 2176 3023 3747 3096; baseline -0.001 -18"><span class='ocrx_word' id='word_1_479' title='bbox 2176 3033 2400 3092; x_wconf 79' lang='lat' dir='ltr'><strong>terram,</strong></span> <span class='ocrx_word' id='word_1_480' title='bbox 2427 3039 2493 3080; x_wconf 91' lang='lat' dir='ltr'><strong>ac</strong></span> <span class='ocrx_word' id='word_1_481' title='bbox 2538 3026 2786 3096; x_wconf 82' lang='lat' dir='ltr'><strong>tyrannis</strong></span> <span class='ocrx_word' id='word_1_482' title='bbox 2829 3036 2887 3080; x_wconf 92' lang='lat' dir='ltr'><strong>ut</strong></span> <span class='ocrx_word' id='word_1_483' title='bbox 2915 3025 3263 3080; x_wconf 90' lang='lat' dir='ltr'><strong>dominentur</strong></span> <span class='ocrx_word' id='word_1_484' title='bbox 3303 3033 3460 3080; x_wconf 78' lang='lat' dir='ltr'><strong>terra:</strong></span> <span class='ocrx_word' id='word_1_485' title='bbox 3487 3024 3552 3088; x_wconf 79' lang='lat'><strong>&quot;,</strong></span> <span class='ocrx_word' id='word_1_486' title='bbox 3589 3023 3747 3077; x_wconf 81' lang='lat' dir='ltr'><strong>beata</strong></span> 
     </span>
    </p>
   </div>
   <div class='ocr_carea' id='block_1_74' title="bbox 2177 3116 3748 3188">
    <p class='ocr_par' dir='ltr' id='par_1_74' title="bbox 2177 3116 3748 3188">
     <span class='ocr_line' id='line_1_74' title="bbox 2177 3116 3748 3188; baseline -0.001 -16"><span class='ocrx_word' id='word_1_487' title='bbox 2177 3119 2416 3173; x_wconf 83' lang='lat' dir='ltr'><strong>Trinitas</strong></span> <span class='ocrx_word' id='word_1_488' title='bbox 2436 3159 2451 3183; x_wconf 90' lang='lat'><strong>,</strong></span> <span class='ocrx_word' id='word_1_489' title='bbox 2490 3119 2828 3188; x_wconf 87' lang='lat' dir='ltr'><strong>suscitatque</strong></span> <span class='ocrx_word' id='word_1_490' title='bbox 2857 3118 2924 3173; x_wconf 87' lang='lat' dir='ltr'><strong>de</strong></span> <span class='ocrx_word' id='word_1_491' title='bbox 2971 3126 3115 3173; x_wconf 86' lang='lat' dir='ltr'><strong>terra</strong></span> <span class='ocrx_word' id='word_1_492' title='bbox 3160 3117 3399 3188; x_wconf 88' lang='lat' dir='ltr'><strong>inopem,</strong></span> <span class='ocrx_word' id='word_1_493' title='bbox 3425 3132 3489 3171; x_wconf 88' lang='lat' dir='ltr'><strong>ac</strong></span> <span class='ocrx_word' id='word_1_494' title='bbox 3519 3116 3585 3170; x_wconf 91' lang='lat' dir='ltr'><strong>de</strong></span> <span class='ocrx_word' id='word_1_495' title='bbox 3609 3126 3748 3171; x_wconf 89' lang='lat' dir='ltr'><strong>ster-</strong></span> 
     </span>
    </p>
   </div>
   <div class='ocr_carea' id='block_1_75' title="bbox 2176 3209 3743 3281">
    <p class='ocr_par' dir='ltr' id='par_1_75' title="bbox 2176 3209 3743 3281">
     <span class='ocr_line' id='line_1_75' title="bbox 2176 3209 3743 3281; baseline -0.004 -15"><span class='ocrx_word' id='word_1_496' title='bbox 2176 3226 2304 3266; x_wconf 89' lang='lat' dir='ltr'><strong>core</strong></span> <span class='ocrx_word' id='word_1_497' title='bbox 2340 3211 2516 3266; x_wconf 89' lang='lat' dir='ltr'><strong>elevat</strong></span> <span class='ocrx_word' id='word_1_498' title='bbox 2541 3227 2832 3281; x_wconf 89' lang='lat' dir='ltr'><strong>pauperem</strong></span> <span class='ocrx_word' id='word_1_499' title='bbox 2863 3211 2930 3274; x_wconf 77' lang='grc'><strong>⁸⁸,</strong></span> <span class='ocrx_word' id='word_1_500' title='bbox 2967 3225 3076 3264; x_wconf 92' lang='lat' dir='ltr'><strong>non</strong></span> <span class='ocrx_word' id='word_1_501' title='bbox 3108 3211 3270 3264; x_wconf 92' lang='lat' dir='ltr'><strong>etiam</strong></span> <span class='ocrx_word' id='word_1_502' title='bbox 3302 3209 3743 3279; x_wconf 87' lang='lat' dir='ltr'><strong>probatissimum</strong></span> 
     </span>
    </p>
   </div>
   <div class='ocr_carea' id='block_1_76' title="bbox 2178 3301 3746 3372">
    <p class='ocr_par' dir='ltr' id='par_1_76' title="bbox 2178 3301 3746 3372">
     <span class='ocr_line' id='line_1_76' title="bbox 2178 3301 3746 3372; baseline -0.004 -14"><span class='ocrx_word' id='word_1_503' title='bbox 2178 3304 2468 3369; x_wconf 86' lang='lat' dir='ltr'><strong>famulum,</strong></span> <span class='ocrx_word' id='word_1_504' title='bbox 2503 3304 2745 3372; x_wconf 82' lang='lat' dir='ltr'><strong>ipsisque</strong></span> <span class='ocrx_word' id='word_1_505' title='bbox 2773 3303 2933 3359; x_wconf 84' lang='lat' dir='ltr'><strong>rebus</strong></span> <span class='ocrx_word' id='word_1_506' title='bbox 2954 3301 3410 3372; x_wconf 85' lang='lat' dir='ltr'><strong>perfectissimum</strong></span> <span class='ocrx_word' id='word_1_507' title='bbox 3439 3301 3746 3371; x_wconf 77' lang='lat' dir='ltr'><strong>praesulem,</strong></span> 
     </span>
    </p>
   </div>
   <div class='ocr_carea' id='block_1_77' title="bbox 2177 3392 3063 3462">
    <p class='ocr_par' dir='ltr' id='par_1_77' title="bbox 2177 3392 3063 3462">
     <span class='ocr_line' id='line_1_77' title="bbox 2177 3392 3063 3462; baseline -0.002 -14"><span class='ocrx_word' id='word_1_508' title='bbox 2177 3393 2230 3448; x_wconf 91' lang='lat' dir='ltr'><strong>in</strong></span> <span class='ocrx_word' id='word_1_509' title='bbox 2265 3392 2541 3462; x_wconf 82' lang='lat' dir='ltr'><strong>pontificia</strong></span> <span class='ocrx_word' id='word_1_510' title='bbox 2581 3394 2706 3448; x_wconf 85' lang='lat' dir='ltr'><strong>sede</strong></span> <span class='ocrx_word' id='word_1_511' title='bbox 2735 3392 3063 3448; x_wconf 70' lang='lat' dir='ltr'><strong>collocaret?</strong></span> 
     </span>
    </p>
   </div>
   <div class='ocr_carea' id='block_1_78' title="bbox 2245 3480 3746 3554">
    <p class='ocr_par' dir='ltr' id='par_1_78' title="bbox 2245 3480 3746 3554">
     <span class='ocr_line' id='line_1_78' title="bbox 2245 3480 3746 3554; baseline -0.001 -17"><span class='ocrx_word' id='word_1_512' title='bbox 2245 3487 2494 3539; x_wconf 88' lang='lat' dir='ltr'><strong>Atnemo</strong></span> <span class='ocrx_word' id='word_1_513' title='bbox 2525 3483 2821 3554; x_wconf 88' lang='lat' dir='ltr'><strong>illegititne,</strong></span> <span class='ocrx_word' id='word_1_514' title='bbox 2856 3493 3154 3554; x_wconf 91' lang='lat' dir='ltr'><strong>contraque</strong></span> <span class='ocrx_word' id='word_1_515' title='bbox 3181 3499 3248 3538; x_wconf 89' lang='lat' dir='ltr'><strong>ac</strong></span> <span class='ocrx_word' id='word_1_516' title='bbox 3287 3497 3443 3539; x_wconf 85' lang='lat' dir='ltr'><strong>sacra</strong></span> <span class='ocrx_word' id='word_1_517' title='bbox 3488 3480 3746 3537; x_wconf 74' lang='lat' dir='ltr'><strong>Ecclesiae</strong></span> 
     </span>
    </p>
   </div>
   <div class='ocr_carea' id='block_1_79' title="bbox 2174 3576 3751 3646">
    <p class='ocr_par' dir='ltr' id='par_1_79' title="bbox 2174 3576 3751 3646">
     <span class='ocr_line' id='line_1_79' title="bbox 2174 3576 3751 3646; baseline -0.001 -15"><span class='ocrx_word' id='word_1_518' title='bbox 2174 3578 2360 3646; x_wconf 80' lang='lat' dir='ltr'><strong>regula</strong></span> <span class='ocrx_word' id='word_1_519' title='bbox 2384 3585 2644 3631; x_wconf 90' lang='lat' dir='ltr'><strong>statutum</strong></span> <span class='ocrx_word' id='word_1_520' title='bbox 2665 3587 2764 3642; x_wconf 89' lang='lat' dir='ltr'><strong>est,</strong></span> <span class='ocrx_word' id='word_1_521' title='bbox 2793 3577 2859 3632; x_wconf 91' lang='lat' dir='ltr'><strong>ad</strong></span> <span class='ocrx_word' id='word_1_522' title='bbox 2880 3578 3092 3631; x_wconf 90' lang='lat' dir='ltr'><strong>tertiam</strong></span> <span class='ocrx_word' id='word_1_523' title='bbox 3110 3592 3234 3632; x_wconf 91' lang='lat' dir='ltr'><strong>eum</strong></span> <span class='ocrx_word' id='word_1_524' title='bbox 3257 3576 3551 3632; x_wconf 86' lang='lat' dir='ltr'><strong>arbitretur</strong></span> <span class='ocrx_word' id='word_1_525' title='bbox 3578 3584 3751 3630; x_wconf 90' lang='lat' dir='ltr'><strong>trans-</strong></span> 
     </span>
    </p>
   </div>
   <div class='ocr_carea' id='block_1_80' title="bbox 2176 3667 3745 3739">
    <p class='ocr_par' dir='ltr' id='par_1_80' title="bbox 2176 3667 3745 3739">
     <span class='ocr_line' id='line_1_80' title="bbox 2176 3667 3745 3739; baseline -0.001 -17"><span class='ocrx_word' id='word_1_526' title='bbox 2176 3667 2303 3724; x_wconf 89' lang='lat' dir='ltr'><strong>ferri</strong></span> <span class='ocrx_word' id='word_1_527' title='bbox 2331 3671 2537 3726; x_wconf 89' lang='lat' dir='ltr'><strong>sedem.</strong></span> <span class='ocrx_word' id='word_1_528' title='bbox 2570 3667 2708 3723; x_wconf 87' lang='lat' dir='ltr'><strong>Nam</strong></span> <span class='ocrx_word' id='word_1_529' title='bbox 2759 3684 2936 3739; x_wconf 90' lang='lat' dir='ltr'><strong>neque</strong></span> <span class='ocrx_word' id='word_1_530' title='bbox 2977 3683 3040 3725; x_wconf 90' lang='lat' dir='ltr'><strong>ea</strong></span> <span class='ocrx_word' id='word_1_531' title='bbox 3076 3684 3166 3724; x_wconf 91' lang='lat' dir='ltr'><strong>res</strong></span> <span class='ocrx_word' id='word_1_532' title='bbox 3212 3669 3498 3724; x_wconf 82' lang='lat' dir='ltr'><strong>translatio</strong></span> <span class='ocrx_word' id='word_1_533' title='bbox 3524 3677 3628 3730; x_wconf 88' lang='lat' dir='ltr'><strong>est,</strong></span> <span class='ocrx_word' id='word_1_534' title='bbox 3651 3668 3745 3722; x_wconf 89' lang='lat' dir='ltr'><strong>sed</strong></span> 
     </span>
    </p>
   </div>
   <div class='ocr_carea' id='block_1_81' title="bbox 2174 3761 3747 3831">
    <p class='ocr_par' dir='ltr' id='par_1_81' title="bbox 2174 3761 3747 3831">
     <span class='ocr_line' id='line_1_81' title="bbox 2174 3761 3747 3831; baseline -0.001 -17"><span class='ocrx_word' id='word_1_535' title='bbox 2174 3761 2387 3825; x_wconf 90' lang='lat' dir='ltr'><strong>electio,</strong></span> <span class='ocrx_word' id='word_1_536' title='bbox 2444 3762 2730 3830; x_wconf 89' lang='lat' dir='ltr'><strong>primaque</strong></span> <span class='ocrx_word' id='word_1_537' title='bbox 2780 3776 2844 3815; x_wconf 88' lang='lat' dir='ltr'><strong>ac</strong></span> <span class='ocrx_word' id='word_1_538' title='bbox 2899 3761 3057 3816; x_wconf 91' lang='lat' dir='ltr'><strong>unica</strong></span> <span class='ocrx_word' id='word_1_539' title='bbox 3107 3761 3160 3814; x_wconf 93' lang='lat' dir='ltr'><strong>in</strong></span> <span class='ocrx_word' id='word_1_540' title='bbox 3197 3761 3332 3815; x_wconf 86' lang='lat' dir='ltr'><strong>urbe</strong></span> <span class='ocrx_word' id='word_1_541' title='bbox 3365 3771 3594 3831; x_wconf 90' lang='lat' dir='ltr'><strong>augusta</strong></span> <span class='ocrx_word' id='word_1_542' title='bbox 3646 3776 3747 3829; x_wconf 86' lang='lat' dir='ltr'><strong>pro</strong></span> 
     </span>
    </p>
   </div>
   <div class='ocr_carea' id='block_1_82' title="bbox 2174 3853 3742 3922">
    <p class='ocr_par' dir='ltr' id='par_1_82' title="bbox 2174 3853 3742 3922">
     <span class='ocr_line' id='line_1_82' title="bbox 2174 3853 3742 3922; baseline -0.001 -14"><span class='ocrx_word' id='word_1_543' title='bbox 2174 3853 2413 3922; x_wconf 88' lang='lat' dir='ltr'><strong>episcopi</strong></span> <span class='ocrx_word' id='word_1_544' title='bbox 2445 3853 2732 3922; x_wconf 84' lang='lat' dir='ltr'><strong>dignitate,</strong></span> <span class='ocrx_word' id='word_1_545' title='bbox 2767 3861 2932 3922; x_wconf 86' lang='lat' dir='ltr'><strong>atque</strong></span> <span class='ocrx_word' id='word_1_546' title='bbox 2985 3868 3209 3908; x_wconf 90' lang='lat' dir='ltr'><strong>munere</strong></span> <span class='ocrx_word' id='word_1_547' title='bbox 3245 3853 3390 3908; x_wconf 90' lang='lat' dir='ltr'><strong>sedis</strong></span> <span class='ocrx_word' id='word_1_548' title='bbox 3431 3854 3742 3908; x_wconf 85' lang='lat' dir='ltr'><strong>collocatio.</strong></span> 
     </span>
    </p>
   </div>
   <div class='ocr_carea' id='block_1_83' title="bbox 2173 3939 3749 4012">
    <p class='ocr_par' dir='ltr' id='par_1_83' title="bbox 2173 3939 3749 4012">
     <span class='ocr_line' id='line_1_83' title="bbox 2173 3939 3749 4012; baseline 0.003 -20"><span class='ocrx_word' id='word_1_549' title='bbox 2173 3939 2309 3992; x_wconf 85' lang='lat' dir='ltr'><strong>Nam</strong></span> <span class='ocrx_word' id='word_1_550' title='bbox 2345 3939 2490 4009; x_wconf 92' lang='lat' dir='ltr'><strong>quod</strong></span> <span class='ocrx_word' id='word_1_551' title='bbox 2525 3940 2700 4009; x_wconf 89' lang='lat' dir='ltr'><strong>primo</strong></span> <span class='ocrx_word' id='word_1_552' title='bbox 2725 3939 2980 4006; x_wconf 89' lang='lat' dir='ltr'><strong>Sasitnis,</strong></span> <span class='ocrx_word' id='word_1_553' title='bbox 3032 3941 3108 3995; x_wconf 93' lang='lat' dir='ltr'><strong>uti</strong></span> <span class='ocrx_word' id='word_1_554' title='bbox 3148 3941 3417 4006; x_wconf 89' lang='lat' dir='ltr'><strong>dicebam,</strong></span> <span class='ocrx_word' id='word_1_555' title='bbox 3461 3941 3749 4012; x_wconf 76' lang='lat' dir='ltr'><strong>praefectus</strong></span> 
     </span>
    </p>
   </div>
   <div class='ocr_carea' id='block_1_84' title="bbox 2173 4026 3747 4102">
    <p class='ocr_par' dir='ltr' id='par_1_84' title="bbox 2173 4026 3747 4102">
     <span class='ocr_line' id='line_1_84' title="bbox 2173 4026 3747 4102; baseline 0.004 -22"><span class='ocrx_word' id='word_1_556' title='bbox 2173 4037 2274 4091; x_wconf 90' lang='lat' dir='ltr'><strong>est,</strong></span> <span class='ocrx_word' id='word_1_557' title='bbox 2328 4026 2381 4081; x_wconf 89' lang='lat' dir='ltr'><strong>id</strong></span> <span class='ocrx_word' id='word_1_558' title='bbox 2421 4027 2601 4081; x_wconf 90' lang='lat' dir='ltr'><strong>solum</strong></span> <span class='ocrx_word' id='word_1_559' title='bbox 2653 4030 3012 4098; x_wconf 87' lang='lat' dir='ltr'><strong>protnotionis</strong></span> <span class='ocrx_word' id='word_1_560' title='bbox 3053 4046 3218 4085; x_wconf 91' lang='lat' dir='ltr'><strong>causa</strong></span> <span class='ocrx_word' id='word_1_561' title='bbox 3253 4030 3375 4092; x_wconf 86' lang='lat' dir='ltr'><strong>fuit,</strong></span> <span class='ocrx_word' id='word_1_562' title='bbox 3407 4046 3530 4085; x_wconf 90' lang='lat' dir='ltr'><strong>cum</strong></span> <span class='ocrx_word' id='word_1_563' title='bbox 3574 4047 3747 4102; x_wconf 85' lang='lat' dir='ltr'><strong>neque</strong></span> 
     </span>
    </p>
   </div>
   <div class='ocr_carea' id='block_1_85' title="bbox 2174 4117 3744 4185">
    <p class='ocr_par' dir='ltr' id='par_1_85' title="bbox 2174 4117 3744 4185">
     <span class='ocr_line' id='line_1_85' title="bbox 2174 4117 3744 4185; baseline -0.001 -16"><span class='ocrx_word' id='word_1_564' title='bbox 2174 4117 2356 4170; x_wconf 90' lang='lat' dir='ltr'><strong>sedem</strong></span> <span class='ocrx_word' id='word_1_565' title='bbox 2387 4117 2670 4185; x_wconf 88' lang='lat' dir='ltr'><strong>receperit,</strong></span> <span class='ocrx_word' id='word_1_566' title='bbox 2709 4131 2810 4171; x_wconf 91' lang='lat' dir='ltr'><strong>nec</strong></span> <span class='ocrx_word' id='word_1_567' title='bbox 2868 4119 3092 4171; x_wconf 91' lang='lat' dir='ltr'><strong>omnino</strong></span> <span class='ocrx_word' id='word_1_568' title='bbox 3123 4117 3235 4170; x_wconf 88' lang='lat' dir='ltr'><strong>illic</strong></span> <span class='ocrx_word' id='word_1_569' title='bbox 3273 4117 3628 4181; x_wconf 75' lang='lat' dir='ltr'><strong>ordinaret-it,</strong></span> <span class='ocrx_word' id='word_1_570' title='bbox 3664 4119 3744 4170; x_wconf 92' lang='lat' dir='ltr'><strong>ul-</strong></span> 
     </span>
    </p>
   </div>
   <div class='ocr_carea' id='block_1_86' title="bbox 2173 4208 3744 4281">
    <p class='ocr_par' dir='ltr' id='par_1_86' title="bbox 2173 4208 3744 4281">
     <span class='ocr_line' id='line_1_86' title="bbox 2173 4208 3744 4281; baseline 0.002 -19"><span class='ocrx_word' id='word_1_571' title='bbox 2173 4208 2350 4263; x_wconf 90' lang='lat' dir='ltr'><strong>lamve</strong></span> <span class='ocrx_word' id='word_1_572' title='bbox 2385 4210 2667 4280; x_wconf 86' lang='lat' dir='ltr'><strong>mysticam</strong></span> <span class='ocrx_word' id='word_1_573' title='bbox 2697 4209 3052 4264; x_wconf 90' lang='lat' dir='ltr'><strong>initiationem</strong></span> <span class='ocrx_word' id='word_1_574' title='bbox 3087 4225 3186 4280; x_wconf 93' lang='lat' dir='ltr'><strong>pro</strong></span> <span class='ocrx_word' id='word_1_575' title='bbox 3217 4211 3478 4266; x_wconf 89' lang='lat' dir='ltr'><strong>antistitis</strong></span> <span class='ocrx_word' id='word_1_576' title='bbox 3499 4211 3744 4281; x_wconf 81' lang='lat' dir='ltr'><strong>partibus</strong></span> 
     </span>
    </p>
   </div>
   <div class='ocr_carea' id='block_1_87' title="bbox 2174 4300 3742 4371">
    <p class='ocr_par' dir='ltr' id='par_1_87' title="bbox 2174 4300 3742 4371">
     <span class='ocr_line' id='line_1_87' title="bbox 2174 4300 3742 4371; baseline 0 -16"><span class='ocrx_word' id='word_1_577' title='bbox 2174 4300 2558 4368; x_wconf 87' lang='lat' dir='ltr'><strong>celebraverit;</strong></span> <span class='ocrx_word' id='word_1_578' title='bbox 2585 4301 2729 4370; x_wconf 90' lang='lat' dir='ltr'><strong>quod</strong></span> <span class='ocrx_word' id='word_1_579' title='bbox 2764 4316 2956 4371; x_wconf 92' lang='lat' dir='ltr'><strong>nempe</strong></span> <span class='ocrx_word' id='word_1_580' title='bbox 2987 4301 3199 4356; x_wconf 89' lang='lat' dir='ltr'><strong>viculus</strong></span> <span class='ocrx_word' id='word_1_581' title='bbox 3233 4301 3296 4356; x_wconf 90' lang='lat' dir='ltr'><strong>ad</strong></span> <span class='ocrx_word' id='word_1_582' title='bbox 3332 4301 3742 4356; x_wconf 88' lang='lat' dir='ltr'><strong>sustentandam</strong></span> 
     </span>
    </p>
   </div>
   <div class='ocr_carea' id='block_1_88' title="bbox 2173 4393 3746 4476">
    <p class='ocr_par' dir='ltr' id='par_1_88' title="bbox 2173 4393 3746 4476">
     <span class='ocr_line' id='line_1_88' title="bbox 2173 4393 3746 4476; baseline -0.001 -28"><span class='ocrx_word' id='word_1_583' title='bbox 2173 4396 2537 4465; x_wconf 90' lang='lat' dir='ltr'><strong>episcopalem</strong></span> <span class='ocrx_word' id='word_1_584' title='bbox 2569 4396 2750 4451; x_wconf 90' lang='lat' dir='ltr'><strong>sedem</strong></span> <span class='ocrx_word' id='word_1_585' title='bbox 2778 4405 2925 4450; x_wconf 86' lang='lat' dir='ltr'><strong>esset</strong></span> <span class='ocrx_word' id='word_1_586' title='bbox 2977 4395 3200 4451; x_wconf 90' lang='lat' dir='ltr'><strong>omnino</strong></span> <span class='ocrx_word' id='word_1_587' title='bbox 3234 4396 3469 4465; x_wconf 90' lang='lat' dir='ltr'><strong>ineptus.</strong></span> <span class='ocrx_word' id='word_1_588' title='bbox 3506 4393 3746 4476; x_wconf 57' lang='grc' dir='ltr'><strong>Νδιὶςιιιπ</strong></span> 
     </span>
    </p>
   </div>
   <div class='ocr_carea' id='block_1_89' title="bbox 2174 4479 3740 4554">
    <p class='ocr_par' dir='ltr' id='par_1_89' title="bbox 2174 4479 3740 4554">
     <span class='ocr_line' id='line_1_89' title="bbox 2174 4479 3740 4554; baseline -0.003 -14"><span class='ocrx_word' id='word_1_589' title='bbox 2174 4501 2363 4540; x_wconf 88' lang='lat' dir='ltr'><strong>zenam</strong></span> <span class='ocrx_word' id='word_1_590' title='bbox 2397 4495 2575 4540; x_wconf 90' lang='lat' dir='ltr'><strong>autent</strong></span> <span class='ocrx_word' id='word_1_591' title='bbox 2610 4485 2924 4540; x_wconf 88' lang='lat' dir='ltr'><strong>cathedram</strong></span> <span class='ocrx_word' id='word_1_592' title='bbox 2956 4487 3232 4554; x_wconf 91' lang='lat' dir='ltr'><strong>quondam</strong></span> <span class='ocrx_word' id='word_1_593' title='bbox 3269 4486 3571 4548; x_wconf 88' lang='lat' dir='ltr'><strong>curavisse,</strong></span> <span class='ocrx_word' id='word_1_594' title='bbox 3615 4479 3740 4538; x_wconf 86' lang='lat' dir='ltr'><strong>cum</strong></span> 
     </span>
    </p>
   </div>
   <div class='ocr_carea' id='block_1_90' title="bbox 499 4568 3740 4649">
    <p class='ocr_par' dir='ltr' id='par_1_90' title="bbox 499 4568 3740 4649">
     <span class='ocr_line' id='line_1_90' title="bbox 499 4568 3740 4649; baseline 0.004 -34"><span class='ocrx_word' id='word_1_595' title='bbox 499 4575 740 4634; x_wconf 81' lang='lat' dir='ltr'><strong>potestas</strong></span> <span class='ocrx_word' id='word_1_596' title='bbox 768 4568 982 4636; x_wconf 89' lang='lat' dir='ltr'><strong>penitus</strong></span> <span class='ocrx_word' id='word_1_597' title='bbox 1014 4571 1342 4634; x_wconf 86' lang='lat' dir='ltr'><strong>eliminatur,</strong></span> <span class='ocrx_word' id='word_1_598' title='bbox 1372 4574 1581 4643; x_wconf 92' lang='lat' dir='ltr'><strong>piorum</strong></span> <span class='ocrx_word' id='word_1_599' title='bbox 1619 4589 1797 4632; x_wconf 90' lang='lat' dir='ltr'><strong>autem</strong></span> <span class='ocrx_word' id='word_1_600' title='bbox 1829 4580 2072 4649; x_wconf 79' lang='lat' dir='ltr'><strong>reliquiae</strong></span> <span class='ocrx_word' id='word_1_601' title='bbox 2103 4591 2148 4645; x_wconf 82' lang='grc' dir='ltr'><strong>υ</strong></span> <span class='ocrx_word' id='word_1_602' title='bbox 2174 4589 2326 4647; x_wconf 86' lang='lat' dir='ltr'><strong>pater</strong></span> <span class='ocrx_word' id='word_1_603' title='bbox 2367 4577 2513 4632; x_wconf 88' lang='lat' dir='ltr'><strong>illius</strong></span> <span class='ocrx_word' id='word_1_604' title='bbox 2566 4578 2858 4646; x_wconf 85' lang='lat' dir='ltr'><strong>episcOpus</strong></span> <span class='ocrx_word' id='word_1_605' title='bbox 2886 4586 3033 4632; x_wconf 88' lang='lat' dir='ltr'><strong>esset</strong></span> <span class='ocrx_word' id='word_1_606' title='bbox 3063 4593 3077 4630; x_wconf 85' lang='lat' dir='ltr'><strong>a</strong></span> <span class='ocrx_word' id='word_1_607' title='bbox 3109 4585 3165 4631; x_wconf 92' lang='lat' dir='ltr'><strong>at</strong></span> <span class='ocrx_word' id='word_1_608' title='bbox 3207 4592 3313 4630; x_wconf 93' lang='lat' dir='ltr'><strong>non</strong></span> <span class='ocrx_word' id='word_1_609' title='bbox 3344 4576 3464 4646; x_wconf 82' lang='lat' dir='ltr'><strong>ejus</strong></span> <span class='ocrx_word' id='word_1_610' title='bbox 3498 4587 3740 4631; x_wconf 87' lang='lat' dir='ltr'><strong>creatmn</strong></span> 
     </span>
    </p>
   </div>
   <div class='ocr_carea' id='block_1_91' title="bbox 500 4656 2062 4739">
    <p class='ocr_par' dir='ltr' id='par_1_91' title="bbox 500 4656 2062 4739">
     <span class='ocr_line' id='line_1_91' title="bbox 500 4656 2062 4739; baseline 0.012 -31"><span class='ocrx_word' id='word_1_611' title='bbox 500 4656 751 4710; x_wconf 82' lang='lat' dir='ltr'><strong>fiduciam</strong></span> <span class='ocrx_word' id='word_1_612' title='bbox 788 4671 1042 4727; x_wconf 90' lang='lat' dir='ltr'><strong>sumunt;</strong></span> <span class='ocrx_word' id='word_1_613' title='bbox 1079 4663 1455 4720; x_wconf 62' lang='lat' dir='ltr'><strong>ltaareticorum</strong></span> <span class='ocrx_word' id='word_1_614' title='bbox 1493 4670 1683 4724; x_wconf 91' lang='lat' dir='ltr'><strong>merito</strong></span> <span class='ocrx_word' id='word_1_615' title='bbox 1711 4673 2062 4739; x_wconf 89' lang='lat' dir='ltr'><strong>supercilium</strong></span> 
     </span>
    </p>
   </div>
   <div class='ocr_carea' id='block_1_92' title="bbox 499 4749 2071 4824">
    <p class='ocr_par' dir='ltr' id='par_1_92' title="bbox 499 4749 2071 4824">
     <span class='ocr_line' id='line_1_92' title="bbox 499 4749 2071 4824; baseline 0.011 -24"><span class='ocrx_word' id='word_1_616' title='bbox 499 4749 828 4815; x_wconf 86' lang='lat' dir='ltr'><strong>detrahitur,</strong></span> <span class='ocrx_word' id='word_1_617' title='bbox 889 4752 1093 4822; x_wconf 90' lang='lat' dir='ltr'><strong>Deique</strong></span> <span class='ocrx_word' id='word_1_618' title='bbox 1146 4757 1345 4824; x_wconf 89' lang='lat' dir='ltr'><strong>popqu</strong></span> <span class='ocrx_word' id='word_1_619' title='bbox 1401 4771 1566 4811; x_wconf 92' lang='lat' dir='ltr'><strong>cornu</strong></span> <span class='ocrx_word' id='word_1_620' title='bbox 1615 4761 1808 4816; x_wconf 83' lang='lat' dir='ltr'><strong>salutis</strong></span> <span class='ocrx_word' id='word_1_621' title='bbox 1836 4764 2071 4816; x_wconf 74' lang='lat' dir='ltr'><strong>su~cita-</strong></span> 
     </span>
    </p>
   </div>
   <div class='ocr_carea' id='block_1_93' title="bbox 498 4841 2067 4920">
    <p class='ocr_par' dir='ltr' id='par_1_93' title="bbox 498 4841 2067 4920">
     <span class='ocr_line' id='line_1_93' title="bbox 498 4841 2067 4920; baseline 0.01 -25"><span class='ocrx_word' id='word_1_622' title='bbox 498 4851 588 4895; x_wconf 90' lang='lat' dir='ltr'><strong>tur</strong></span> <span class='ocrx_word' id='word_1_623' title='bbox 616 4841 660 4872; x_wconf 80' lang='grc'><strong>³⁸</strong></span> <span class='ocrx_word' id='word_1_624' title='bbox 711 4852 874 4913; x_wconf 88' lang='lat' dir='ltr'><strong>atque</strong></span> <span class='ocrx_word' id='word_1_625' title='bbox 927 4847 1195 4917; x_wconf 82' lang='lat' dir='ltr'><strong>exsurgit,</strong></span> <span class='ocrx_word' id='word_1_626' title='bbox 1244 4848 1538 4917; x_wconf 86' lang='lat' dir='ltr'><strong>imperator</strong></span> <span class='ocrx_word' id='word_1_627' title='bbox 1581 4851 2067 4920; x_wconf 89' lang='lat' dir='ltr'><strong>clementissimus,</strong></span> 
     </span>
    </p>
   </div>
   <div class='ocr_carea' id='block_1_94' title="bbox 499 4933 2070 5012">
    <p class='ocr_par' dir='ltr' id='par_1_94' title="bbox 499 4933 2070 5012">
     <span class='ocr_line' id='line_1_94' title="bbox 499 4933 2070 5012; baseline 0.008 -26"><span class='ocrx_word' id='word_1_628' title='bbox 499 4933 873 5003; x_wconf 84' lang='lat' dir='ltr'><strong>malorumque</strong></span> <span class='ocrx_word' id='word_1_629' title='bbox 904 4935 1030 4989; x_wconf 88' lang='lat' dir='ltr'><strong>odio</strong></span> <span class='ocrx_word' id='word_1_630' title='bbox 1089 4940 1568 5007; x_wconf 89' lang='lat' dir='ltr'><strong>propensissimus.</strong></span> <span class='ocrx_word' id='word_1_631' title='bbox 1612 4940 1683 5005; x_wconf 91' lang='lat' dir='ltr'><strong>Is,</strong></span> <span class='ocrx_word' id='word_1_632' title='bbox 1725 4943 1835 4997; x_wconf 91' lang='lat' dir='ltr'><strong>duo</strong></span> <span class='ocrx_word' id='word_1_633' title='bbox 1867 4946 2070 5012; x_wconf 84' lang='lat' dir='ltr'><strong>Optima</strong></span> 
     </span>
    </p>
   </div>
   <div class='ocr_carea' id='block_1_95' title="bbox 497 5029 2062 5102">
    <p class='ocr_par' dir='ltr' id='par_1_95' title="bbox 497 5029 2062 5102">
     <span class='ocr_line' id='line_1_95' title="bbox 497 5029 2062 5102; baseline 0.008 -22"><span class='ocrx_word' id='word_1_634' title='bbox 497 5041 681 5081; x_wconf 88' lang='lat' dir='ltr'><strong>secum</strong></span> <span class='ocrx_word' id='word_1_635' title='bbox 713 5029 1028 5092; x_wconf 91' lang='lat' dir='ltr'><strong>constituit;</strong></span> <span class='ocrx_word' id='word_1_636' title='bbox 1059 5040 1116 5082; x_wconf 89' lang='lat' dir='ltr'><strong>ut</strong></span> <span class='ocrx_word' id='word_1_637' title='bbox 1137 5032 1668 5102; x_wconf 86' lang='lat' dir='ltr'><strong>nempe,quitrinam</strong></span> <span class='ocrx_word' id='word_1_638' title='bbox 1691 5039 2062 5092; x_wconf 87' lang='lat' dir='ltr'><strong>monarchiam</strong></span> 
     </span>
    </p>
   </div>
   <div class='ocr_carea' id='block_1_96' title="bbox 495 5119 2064 5194">
    <p class='ocr_par' dir='ltr' id='par_1_96' title="bbox 495 5119 2064 5194">
     <span class='ocr_line' id='line_1_96' title="bbox 495 5119 2064 5194; baseline 0.008 -22"><span class='ocrx_word' id='word_1_639' title='bbox 495 5131 737 5174; x_wconf 85' lang='lat' dir='ltr'><strong>evertere</strong></span> <span class='ocrx_word' id='word_1_640' title='bbox 774 5122 1100 5190; x_wconf 87' lang='lat' dir='ltr'><strong>viderentur,</strong></span> <span class='ocrx_word' id='word_1_641' title='bbox 1134 5126 1390 5194; x_wconf 91' lang='lat' dir='ltr'><strong>probrum</strong></span> <span class='ocrx_word' id='word_1_642' title='bbox 1425 5119 1644 5180; x_wconf 76' lang='lat' dir='ltr'><strong>honore</strong></span> <span class='ocrx_word' id='word_1_643' title='bbox 1665 5138 2064 5186; x_wconf 80' lang='lat' dir='ltr'><strong>comminantes</strong></span> 
     </span>
    </p>
   </div>
   <div class='ocr_carea' id='block_1_97' title="bbox 494 5213 2063 5285">
    <p class='ocr_par' dir='ltr' id='par_1_97' title="bbox 494 5213 2063 5285">
     <span class='ocr_line' id='line_1_97' title="bbox 494 5213 2063 5285; baseline 0.007 -20"><span class='ocrx_word' id='word_1_644' title='bbox 494 5222 788 5278; x_wconf 89' lang='lat' dir='ltr'><strong>everteret;</strong></span> <span class='ocrx_word' id='word_1_645' title='bbox 819 5213 908 5282; x_wconf 89' lang='lat' dir='ltr'><strong>qui</strong></span> <span class='ocrx_word' id='word_1_646' title='bbox 940 5225 1120 5270; x_wconf 89' lang='lat' dir='ltr'><strong>autem</strong></span> <span class='ocrx_word' id='word_1_647' title='bbox 1157 5216 1273 5285; x_wconf 89' lang='lat' dir='ltr'><strong>pari</strong></span> <span class='ocrx_word' id='word_1_648' title='bbox 1312 5215 1538 5284; x_wconf 90' lang='lat' dir='ltr'><strong>honore,</strong></span> <span class='ocrx_word' id='word_1_649' title='bbox 1569 5227 1819 5273; x_wconf 89' lang='lat' dir='ltr'><strong>naturam</strong></span> <span class='ocrx_word' id='word_1_650' title='bbox 1857 5220 2063 5277; x_wconf 91' lang='lat' dir='ltr'><strong>honore</strong></span> 
     </span>
    </p>
   </div>
   <div class='ocr_carea' id='block_1_98' title="bbox 494 5309 2060 5379">
    <p class='ocr_par' dir='ltr' id='par_1_98' title="bbox 494 5309 2060 5379">
     <span class='ocr_line' id='line_1_98' title="bbox 494 5309 2060 5379; baseline 0.008 -23"><span class='ocrx_word' id='word_1_651' title='bbox 494 5318 724 5372; x_wconf 91' lang='lat' dir='ltr'><strong>parem,</strong></span> <span class='ocrx_word' id='word_1_652' title='bbox 769 5313 933 5374; x_wconf 85' lang='lat' dir='ltr'><strong>atque</strong></span> <span class='ocrx_word' id='word_1_653' title='bbox 984 5310 1245 5376; x_wconf 82' lang='lat' dir='ltr'><strong>a-qttalem</strong></span> <span class='ocrx_word' id='word_1_654' title='bbox 1281 5323 1448 5377; x_wconf 89' lang='lat' dir='ltr'><strong>supra</strong></span> <span class='ocrx_word' id='word_1_655' title='bbox 1476 5324 1638 5378; x_wconf 91' lang='lat' dir='ltr'><strong>quam</strong></span> <span class='ocrx_word' id='word_1_656' title='bbox 1683 5309 2018 5367; x_wconf 88' lang='lat' dir='ltr'><strong>honorarent</strong></span> <span class='ocrx_word' id='word_1_657' title='bbox 2045 5355 2060 5379; x_wconf 95' lang='lat'><strong>,</strong></span> 
     </span>
    </p>
   </div>
   <div class='ocr_carea' id='block_1_99' title="bbox 493 5399 2063 5475">
    <p class='ocr_par' dir='ltr' id='par_1_99' title="bbox 493 5399 2063 5475">
     <span class='ocr_line' id='line_1_99' title="bbox 493 5399 2063 5475; baseline 0.005 -24"><span class='ocrx_word' id='word_1_658' title='bbox 493 5407 657 5467; x_wconf 85' lang='lat' dir='ltr'><strong>atque</strong></span> <span class='ocrx_word' id='word_1_659' title='bbox 707 5399 988 5459; x_wconf 90' lang='lat' dir='ltr'><strong>colerent,</strong></span> <span class='ocrx_word' id='word_1_660' title='bbox 1039 5399 1248 5454; x_wconf 89' lang='lat' dir='ltr'><strong>honore</strong></span> <span class='ocrx_word' id='word_1_661' title='bbox 1290 5410 1546 5470; x_wconf 87' lang='lat' dir='ltr'><strong>exceptos</strong></span> <span class='ocrx_word' id='word_1_662' title='bbox 1598 5403 1849 5472; x_wconf 88' lang='lat' dir='ltr'><strong>erigeret,</strong></span> <span class='ocrx_word' id='word_1_663' title='bbox 1901 5413 2063 5475; x_wconf 89' lang='lat' dir='ltr'><strong>atque</strong></span> 
     </span>
    </p>
   </div>
   <div class='ocr_carea' id='block_1_100' title="bbox 492 5489 2059 5565">
    <p class='ocr_par' dir='ltr' id='par_1_100' title="bbox 492 5489 2059 5565">
     <span class='ocr_line' id='line_1_100' title="bbox 492 5489 2059 5565; baseline 0.005 -21"><span class='ocrx_word' id='word_1_664' title='bbox 492 5504 588 5544; x_wconf 80' lang='lat' dir='ltr'><strong>eos</strong></span> <span class='ocrx_word' id='word_1_665' title='bbox 613 5491 706 5559; x_wconf 93' lang='lat' dir='ltr'><strong>qui</strong></span> <span class='ocrx_word' id='word_1_666' title='bbox 737 5489 895 5545; x_wconf 91' lang='lat' dir='ltr'><strong>sedes</strong></span> <span class='ocrx_word' id='word_1_667' title='bbox 928 5491 978 5543; x_wconf 94' lang='lat' dir='ltr'><strong>vi</strong></span> <span class='ocrx_word' id='word_1_668' title='bbox 1001 5491 1402 5557; x_wconf 79' lang='lat' dir='ltr'><strong>inscenderant,</strong></span> <span class='ocrx_word' id='word_1_669' title='bbox 1430 5495 1654 5561; x_wconf 88' lang='lat' dir='ltr'><strong>spretim</strong></span> <span class='ocrx_word' id='word_1_670' title='bbox 1675 5495 2059 5565; x_wconf 76' lang='lat' dir='ltr'><strong>submoveret;</strong></span> 
     </span>
    </p>
   </div>
   <div class='ocr_carea' id='block_1_101' title="bbox 601 5620 2070 5706">
    <p class='ocr_par' dir='ltr' id='par_1_101' title="bbox 601 5620 2026 5706">
     <span class='ocr_line' id='line_1_101' title="bbox 601 5620 2026 5706; baseline 0.01 -37"><span class='ocrx_word' id='word_1_671' title='bbox 601 5623 649 5706; x_wconf 50' lang='grc' dir='ltr'><strong>ξι</strong></span> <span class='ocrx_word' id='word_1_672' title='bbox 680 5620 830 5706; x_wconf 46' lang='lat' dir='ltr'><strong>Pint;</strong></span> <span class='ocrx_word' id='word_1_673' title='bbox 854 5637 1000 5684; x_wconf 81' lang='lat' dir='ltr'><strong>thv,</strong></span> <span class='ocrx_word' id='word_1_674' title='bbox 1032 5621 1092 5687; x_wconf 92' lang='lat'><strong>8;</strong></span> <span class='ocrx_word' id='word_1_675' title='bbox 1119 5620 1280 5706; x_wconf 68' lang='lat' dir='ltr'><strong>llebr.</strong></span> <span class='ocrx_word' id='word_1_676' title='bbox 1306 5639 1351 5706; x_wconf 35' lang='grc' dir='ltr'><strong>,ιι</strong></span> <span class='ocrx_word' id='word_1_677' title='bbox 1480 5623 1558 5706; x_wconf 35' lang='grc'><strong>,⁸⁵</strong></span> <span class='ocrx_word' id='word_1_678' title='bbox 1590 5624 1752 5706; x_wconf 82' lang='lat' dir='ltr'><strong>Ecc|i_.</strong></span> <span class='ocrx_word' id='word_1_679' title='bbox 1789 5643 1912 5691; x_wconf 74' lang='grc' dir='ltr'><strong>ην,</strong></span> <span class='ocrx_word' id='word_1_680' title='bbox 1943 5630 2026 5683; x_wconf 80' lang='grc'><strong>10.</strong></span> 
     </span>
    </p>
   </div>
   <div class='ocr_carea' id='block_1_102' title="bbox 2173 5620 3448 5706">
    <p class='ocr_par' dir='ltr' id='par_1_102' title="bbox 2176 5629 3448 5703">
     <span class='ocr_line' id='line_1_102' title="bbox 2176 5629 3448 5703; baseline 0 -19"><span class='ocrx_word' id='word_1_681' title='bbox 2176 5629 2370 5686; x_wconf 74' lang='lat' dir='ltr'><strong>Ezech.</strong></span> <span class='ocrx_word' id='word_1_682' title='bbox 2409 5649 2590 5697; x_wconf 77' lang='lat' dir='ltr'><strong>xxxtv,</strong></span> <span class='ocrx_word' id='word_1_683' title='bbox 2616 5632 2668 5698; x_wconf 74' lang='grc'><strong>4,</strong></span> <span class='ocrx_word' id='word_1_684' title='bbox 2695 5633 2726 5688; x_wconf 81' lang='lat'><strong>5</strong></span> <span class='ocrx_word' id='word_1_685' title='bbox 2752 5649 2905 5703; x_wconf 86' lang='lat' dir='ltr'><strong>seqq.</strong></span> <span class='ocrx_word' id='word_1_686' title='bbox 2981 5633 3022 5666; x_wconf 84' lang='grc'><strong>³⁷</strong></span> <span class='ocrx_word' id='word_1_687' title='bbox 3051 5633 3194 5688; x_wconf 81' lang='lat' dir='ltr'><strong>l’satl.</strong></span> <span class='ocrx_word' id='word_1_688' title='bbox 3233 5647 3370 5698; x_wconf 81' lang='lat' dir='ltr'><strong>xxtt,</strong></span> <span class='ocrx_word' id='word_1_689' title='bbox 3393 5630 3448 5685; x_wconf 72' lang='lat'><strong>9..</strong></span> 
     </span>
    </p>
   </div>
   <div class='ocr_carea' id='block_1_103' title="bbox 491 5690 1770 5760">
    <p class='ocr_par' dir='ltr' id='par_1_103' title="bbox 491 5690 1770 5760">
     <span class='ocr_line' id='line_1_103' title="bbox 491 5690 1770 5760; baseline 0.001 -12"><span class='ocrx_word' id='word_1_690' title='bbox 491 5706 531 5760; x_wconf 82' lang='grc'><strong>1,</strong></span> <span class='ocrx_word' id='word_1_691' title='bbox 555 5690 646 5746; x_wconf 81' lang='lat'><strong>69.</strong></span> <span class='ocrx_word' id='word_1_692' title='bbox 723 5691 767 5723; x_wconf 79' lang='lat'><em>”</em></span> <span class='ocrx_word' id='word_1_693' title='bbox 790 5690 950 5755; x_wconf 72' lang='lat' dir='ltr'><strong>Prov,</strong></span> <span class='ocrx_word' id='word_1_694' title='bbox 987 5709 1107 5756; x_wconf 78' lang='lat' dir='ltr'><strong>viti,</strong></span> <span class='ocrx_word' id='word_1_695' title='bbox 1145 5693 1229 5745; x_wconf 75' lang='grc'><strong>15.</strong></span> <span class='ocrx_word' id='word_1_696' title='bbox 1305 5695 1349 5725; x_wconf 59' lang='grc' dir='ltr'><strong>³ο</strong></span> <span class='ocrx_word' id='word_1_697' title='bbox 1380 5694 1522 5748; x_wconf 78' lang='lat' dir='ltr'><strong>Psal.</strong></span> <span class='ocrx_word' id='word_1_698' title='bbox 1556 5713 1684 5757; x_wconf 74' lang='lat' dir='ltr'><strong>exn,</strong></span> <span class='ocrx_word' id='word_1_699' title='bbox 1721 5697 1770 5749; x_wconf 78' lang='lat'><strong>7.</strong></span> 
     </span>
    </p>
   </div>
   <div class='ocr_carea' id='block_1_104' title="bbox 564 5819 1430 5898">
    <p class='ocr_par' dir='ltr' id='par_1_104' title="bbox 564 5819 1430 5898">
     <span class='ocr_line' id='line_1_104' title="bbox 564 5819 1430 5898; baseline 0.002 -17"><span class='ocrx_word' id='word_1_700' title='bbox 564 5827 674 5897; x_wconf 74' lang='grc' dir='ltr'><strong>(Η)</strong></span> <span class='ocrx_word' id='word_1_701' title='bbox 712 5825 874 5898; x_wconf 82' lang='lat' dir='ltr'><strong>Epist.</strong></span> <span class='ocrx_word' id='word_1_702' title='bbox 913 5819 1153 5884; x_wconf 75' lang='lat' dir='ltr'><strong>Billianae</strong></span> <span class='ocrx_word' id='word_1_703' title='bbox 1182 5831 1311 5884; x_wconf 88' lang='lat' dir='ltr'><strong>edit.</strong></span> <span class='ocrx_word' id='word_1_704' title='bbox 1341 5830 1430 5884; x_wconf 68' lang='lat'><strong>42.</strong></span> 
     </span>
    </p>
   </div>
   <div class='ocr_carea' id='block_1_105' title="bbox 2168 4669 3741 4740">
    <p class='ocr_par' dir='ltr' id='par_1_105' title="bbox 2168 4669 3741 4740">
     <span class='ocr_line' id='line_1_105' title="bbox 2168 4669 3741 4740; baseline -0.001 -17"><span class='ocrx_word' id='word_1_705' title='bbox 2168 4685 2291 4724; x_wconf 90' lang='lat' dir='ltr'><strong>esse</strong></span> <span class='ocrx_word' id='word_1_706' title='bbox 2321 4669 2660 4739; x_wconf 86' lang='lat' dir='ltr'><strong>episcopum,</strong></span> <span class='ocrx_word' id='word_1_707' title='bbox 2715 4679 2808 4724; x_wconf 88' lang='lat' dir='ltr'><strong>aut</strong></span> <span class='ocrx_word' id='word_1_708' title='bbox 2851 4670 3033 4724; x_wconf 91' lang='lat' dir='ltr'><strong>sedem</strong></span> <span class='ocrx_word' id='word_1_709' title='bbox 3083 4669 3229 4722; x_wconf 91' lang='lat' dir='ltr'><strong>illam</strong></span> <span class='ocrx_word' id='word_1_710' title='bbox 3276 4684 3516 4740; x_wconf 90' lang='lat' dir='ltr'><strong>unquam</strong></span> <span class='ocrx_word' id='word_1_711' title='bbox 3551 4684 3741 4723; x_wconf 84' lang='lat' dir='ltr'><strong>susce-</strong></span> 
     </span>
    </p>
   </div>
   <div class='ocr_carea' id='block_1_106' title="bbox 2169 4758 3745 4829">
    <p class='ocr_par' dir='ltr' id='par_1_106' title="bbox 2169 4758 3745 4829">
     <span class='ocr_line' id='line_1_106' title="bbox 2169 4758 3745 4829; baseline -0.001 -18"><span class='ocrx_word' id='word_1_712' title='bbox 2169 4761 2334 4829; x_wconf 90' lang='lat' dir='ltr'><strong>pisse.</strong></span> <span class='ocrx_word' id='word_1_713' title='bbox 2383 4760 2570 4814; x_wconf 89' lang='lat' dir='ltr'><strong>Solum</strong></span> <span class='ocrx_word' id='word_1_714' title='bbox 2625 4771 2804 4812; x_wconf 89' lang='lat' dir='ltr'><strong>autem</strong></span> <span class='ocrx_word' id='word_1_715' title='bbox 2849 4758 3028 4813; x_wconf 82' lang='lat' dir='ltr'><strong>Patris</strong></span> <span class='ocrx_word' id='word_1_716' title='bbox 3085 4760 3300 4812; x_wconf 87' lang='lat' dir='ltr'><strong>hortatu</strong></span> <span class='ocrx_word' id='word_1_717' title='bbox 3344 4774 3408 4812; x_wconf 90' lang='lat' dir='ltr'><strong>ac</strong></span> <span class='ocrx_word' id='word_1_718' title='bbox 3443 4759 3625 4828; x_wconf 86' lang='lat' dir='ltr'><strong>jussu,</strong></span> <span class='ocrx_word' id='word_1_719' title='bbox 3686 4766 3745 4810; x_wconf 93' lang='lat' dir='ltr'><strong>ut</strong></span> 
     </span>
    </p>
   </div>
   <div class='ocr_carea' id='block_1_107' title="bbox 2169 4849 3744 4919">
    <p class='ocr_par' dir='ltr' id='par_1_107' title="bbox 2169 4849 3744 4919">
     <span class='ocr_line' id='line_1_107' title="bbox 2169 4849 3744 4919; baseline -0.003 -13"><span class='ocrx_word' id='word_1_720' title='bbox 2169 4851 2310 4906; x_wconf 85' lang='lat' dir='ltr'><strong>sacri</strong></span> <span class='ocrx_word' id='word_1_721' title='bbox 2369 4851 2652 4904; x_wconf 90' lang='lat' dir='ltr'><strong>ministerii</strong></span> <span class='ocrx_word' id='word_1_722' title='bbox 2711 4851 2981 4904; x_wconf 83' lang='lat' dir='ltr'><strong>defectum</strong></span> <span class='ocrx_word' id='word_1_723' title='bbox 3026 4851 3308 4919; x_wconf 85' lang='lat' dir='ltr'><strong>impleret,</strong></span> <span class='ocrx_word' id='word_1_724' title='bbox 3361 4852 3439 4904; x_wconf 91' lang='lat' dir='ltr'><strong>sic</strong></span> <span class='ocrx_word' id='word_1_725' title='bbox 3486 4849 3744 4903; x_wconf 81' lang='lat' dir='ltr'><strong>Ecclesiae</strong></span> 
     </span>
    </p>
   </div>
   <div class='ocr_carea' id='block_1_108' title="bbox 2169 4943 3742 5013">
    <p class='ocr_par' dir='ltr' id='par_1_108' title="bbox 2169 4943 3742 5013">
     <span class='ocr_line' id='line_1_108' title="bbox 2169 4943 3742 5013; baseline 0 -16"><span class='ocrx_word' id='word_1_726' title='bbox 2169 4959 2355 4997; x_wconf 89' lang='lat' dir='ltr'><strong>curam</strong></span> <span class='ocrx_word' id='word_1_727' title='bbox 2395 4945 2722 5013; x_wconf 87' lang='lat' dir='ltr'><strong>suscepisse,</strong></span> <span class='ocrx_word' id='word_1_728' title='bbox 2772 4953 3084 4998; x_wconf 79' lang='lat' dir='ltr'><strong>tttsenectae</strong></span> <span class='ocrx_word' id='word_1_729' title='bbox 3126 4943 3380 5004; x_wconf 90' lang='lat' dir='ltr'><strong>fulcrum,</strong></span> <span class='ocrx_word' id='word_1_730' title='bbox 3412 4958 3474 4996; x_wconf 88' lang='lat' dir='ltr'><strong>ac</strong></span> <span class='ocrx_word' id='word_1_731' title='bbox 3505 4952 3742 5012; x_wconf 76' lang='lat' dir='ltr'><strong>paternae</strong></span> 
     </span>
    </p>
   </div>
   <div class='ocr_carea' id='block_1_109' title="bbox 2170 5033 3741 5091">
    <p class='ocr_par' dir='ltr' id='par_1_109' title="bbox 2170 5033 3741 5091">
     <span class='ocr_line' id='line_1_109' title="bbox 2170 5033 3741 5091; baseline 0 -3"><span class='ocrx_word' id='word_1_732' title='bbox 2170 5035 2559 5089; x_wconf 85' lang='lat' dir='ltr'><strong>imbecillitatis</strong></span> <span class='ocrx_word' id='word_1_733' title='bbox 2617 5036 3049 5091; x_wconf 86' lang='lat' dir='ltr'><strong>sustentaculum</strong></span> <span class='ocrx_word' id='word_1_734' title='bbox 3111 5035 3347 5090; x_wconf 89' lang='lat' dir='ltr'><strong>audiret.</strong></span> <span class='ocrx_word' id='word_1_735' title='bbox 3395 5033 3473 5088; x_wconf 92' lang='lat' dir='ltr'><strong>lla</strong></span> <span class='ocrx_word' id='word_1_736' title='bbox 3518 5049 3649 5088; x_wconf 90' lang='lat' dir='ltr'><strong>vero</strong></span> <span class='ocrx_word' id='word_1_737' title='bbox 3682 5051 3741 5088; x_wconf 90' lang='lat' dir='ltr'><strong>se</strong></span> 
     </span>
    </p>
   </div>
   <div class='ocr_carea' id='block_1_110' title="bbox 2169 5128 3741 5203">
    <p class='ocr_par' dir='ltr' id='par_1_110' title="bbox 2169 5128 3741 5203">
     <span class='ocr_line' id='line_1_110' title="bbox 2169 5128 3741 5203; baseline -0.001 -19"><span class='ocrx_word' id='word_1_738' title='bbox 2169 5145 2281 5184; x_wconf 89' lang='lat' dir='ltr'><strong>rem</strong></span> <span class='ocrx_word' id='word_1_739' title='bbox 2307 5128 2529 5194; x_wconf 90' lang='lat' dir='ltr'><strong>habere,</strong></span> <span class='ocrx_word' id='word_1_740' title='bbox 2551 5130 2714 5185; x_wconf 90' lang='lat' dir='ltr'><strong>etiam</strong></span> <span class='ocrx_word' id='word_1_741' title='bbox 2750 5148 2812 5186; x_wconf 81' lang='lat' dir='ltr'><strong>ex</strong></span> <span class='ocrx_word' id='word_1_742' title='bbox 2845 5131 2912 5187; x_wconf 88' lang='lat' dir='ltr'><strong>iis</strong></span> <span class='ocrx_word' id='word_1_743' title='bbox 2952 5130 3303 5203; x_wconf 89' lang='lat' dir='ltr'><strong>perspicuum</strong></span> <span class='ocrx_word' id='word_1_744' title='bbox 3339 5139 3443 5196; x_wconf 86' lang='lat' dir='ltr'><strong>est,</strong></span> <span class='ocrx_word' id='word_1_745' title='bbox 3468 5144 3590 5198; x_wconf 75' lang='lat' dir='ltr'><strong>quae</strong></span> <span class='ocrx_word' id='word_1_746' title='bbox 3622 5129 3741 5198; x_wconf 91' lang='lat' dir='ltr'><strong>ipse</strong></span> 
     </span>
    </p>
   </div>
   <div class='ocr_carea' id='block_1_111' title="bbox 2169 5213 3743 5295">
    <p class='ocr_par' dir='ltr' id='par_1_111' title="bbox 2169 5213 3743 5295">
     <span class='ocr_line' id='line_1_111' title="bbox 2169 5213 3743 5295; baseline -0.002 -20"><span class='ocrx_word' id='word_1_747' title='bbox 2169 5222 2236 5276; x_wconf 91' lang='lat' dir='ltr'><strong>ad</strong></span> <span class='ocrx_word' id='word_1_748' title='bbox 2266 5213 2586 5292; x_wconf 85' lang='lat' dir='ltr'><strong>Gregorium</strong></span> <span class='ocrx_word' id='word_1_749' title='bbox 2625 5225 2724 5278; x_wconf 93' lang='lat' dir='ltr'><strong>sibi</strong></span> <span class='ocrx_word' id='word_1_750' title='bbox 2769 5224 3147 5295; x_wconf 86' lang='lat' dir='ltr'><strong>cognominem</strong></span> <span class='ocrx_word' id='word_1_751' title='bbox 3181 5223 3372 5278; x_wconf 88' lang='lat' dir='ltr'><strong>scribit</strong></span> <span class='ocrx_word' id='word_1_752' title='bbox 3409 5222 3544 5292; x_wconf 76' lang='lat' dir='ltr'><strong>(H).</strong></span> <span class='ocrx_word' id='word_1_753' title='bbox 3593 5220 3743 5275; x_wconf 83' lang='lat' dir='ltr'><strong>Inter</strong></span> 
     </span>
    </p>
   </div>
   <div class='ocr_carea' id='block_1_112' title="bbox 2170 5315 3732 5379">
    <p class='ocr_par' dir='ltr' id='par_1_112' title="bbox 2170 5315 3732 5379">
     <span class='ocr_line' id='line_1_112' title="bbox 2170 5315 3732 5379; baseline 0.001 -11"><span class='ocrx_word' id='word_1_754' title='bbox 2170 5332 2344 5370; x_wconf 83' lang='lat' dir='ltr'><strong>omnes</strong></span> <span class='ocrx_word' id='word_1_755' title='bbox 2391 5320 2576 5371; x_wconf 83' lang='lat' dir='ltr'><strong>etenim</strong></span> <span class='ocrx_word' id='word_1_756' title='bbox 2608 5328 2811 5372; x_wconf 77' lang='lat' dir='ltr'><strong>constat</strong></span> <span class='ocrx_word' id='word_1_757' title='bbox 2869 5335 2948 5373; x_wconf 85' lang='lat' dir='ltr'><strong>me</strong></span> <span class='ocrx_word' id='word_1_758' title='bbox 2999 5335 3102 5372; x_wconf 85' lang='lat' dir='ltr'><strong>non</strong></span> <span class='ocrx_word' id='word_1_759' title='bbox 3143 5315 3436 5379; x_wconf 73' lang='lat' dir='ltr'><strong>Nazianzi,</strong></span> <span class='ocrx_word' id='word_1_760' title='bbox 3470 5318 3559 5370; x_wconf 78' lang='lat' dir='ltr'><strong>sed</strong></span> <span class='ocrx_word' id='word_1_761' title='bbox 3590 5316 3732 5370; x_wconf 79' lang='lat' dir='ltr'><strong>Sasi-</strong></span> 
     </span>
    </p>
   </div>
   <div class='ocr_carea' id='block_1_113' title="bbox 2169 5407 3742 5476">
    <p class='ocr_par' dir='ltr' id='par_1_113' title="bbox 2169 5407 3742 5476">
     <span class='ocr_line' id='line_1_113' title="bbox 2169 5407 3742 5476; baseline -0.003 -16"><span class='ocrx_word' id='word_1_762' title='bbox 2169 5423 2373 5460; x_wconf 88' lang='lat' dir='ltr'><strong>morum</strong></span> <span class='ocrx_word' id='word_1_763' title='bbox 2413 5411 2704 5464; x_wconf 79' lang='lat' dir='ltr'><strong>antistitem</strong></span> <span class='ocrx_word' id='word_1_764' title='bbox 2735 5419 2969 5462; x_wconf 86' lang='lat' dir='ltr'><strong>creatum</strong></span> <span class='ocrx_word' id='word_1_765' title='bbox 3000 5408 3205 5476; x_wconf 76' lang='lat' dir='ltr'><strong>fuisse;</strong></span> <span class='ocrx_word' id='word_1_766' title='bbox 3255 5407 3463 5461; x_wconf 76' lang='lat' dir='ltr'><strong>tametsi</strong></span> <span class='ocrx_word' id='word_1_767' title='bbox 3490 5408 3542 5459; x_wconf 85' lang='lat' dir='ltr'><strong>in</strong></span> <span class='ocrx_word' id='word_1_768' title='bbox 3567 5408 3742 5472; x_wconf 80' lang='lat' dir='ltr'><strong>patris</strong></span> 
     </span>
    </p>
   </div>
   <div class='ocr_carea' id='block_1_114' title="bbox 2171 5499 3742 5569">
    <p class='ocr_par' dir='ltr' id='par_1_114' title="bbox 2171 5499 3742 5569">
     <span class='ocr_line' id='line_1_114' title="bbox 2171 5499 3742 5569; baseline -0.002 -20"><span class='ocrx_word' id='word_1_769' title='bbox 2171 5501 2536 5563; x_wconf 77' lang='lat' dir='ltr'><strong>reverentiam,</strong></span> <span class='ocrx_word' id='word_1_770' title='bbox 2566 5512 2613 5552; x_wconf 83' lang='lat' dir='ltr'><strong>et</strong></span> <span class='ocrx_word' id='word_1_771' title='bbox 2643 5516 2848 5563; x_wconf 71' lang='lat' dir='ltr'><strong>eortina,</strong></span> <span class='ocrx_word' id='word_1_772' title='bbox 2897 5500 2986 5569; x_wconf 82' lang='lat' dir='ltr'><strong>qui</strong></span> <span class='ocrx_word' id='word_1_773' title='bbox 3024 5499 3281 5568; x_wconf 72' lang='lat' dir='ltr'><strong>supplices</strong></span> <span class='ocrx_word' id='word_1_774' title='bbox 3317 5499 3412 5551; x_wconf 86' lang='lat' dir='ltr'><strong>hoc</strong></span> <span class='ocrx_word' id='word_1_775' title='bbox 3442 5514 3473 5550; x_wconf 91' lang='lat' dir='ltr'><strong>a</strong></span> <span class='ocrx_word' id='word_1_776' title='bbox 3505 5513 3582 5549; x_wconf 84' lang='lat' dir='ltr'><strong>me</strong></span> <span class='ocrx_word' id='word_1_777' title='bbox 3612 5513 3742 5548; x_wconf 74' lang='grc' dir='ltr'><strong>ουηο</strong></span> 
     </span>
    </p>
   </div>
   <div class='ocr_carea' id='block_1_115' title="bbox 3525 5629 3736 5685">
    <p class='ocr_par' dir='ltr' id='par_1_115' title="bbox 3525 5629 3736 5685">
     <span class='ocr_line' id='line_1_115' title="bbox 3525 5629 3736 5685; baseline 0.005 -1"><span class='ocrx_word' id='word_1_778' title='bbox 3525 5630 3568 5662; x_wconf 82' lang='grc'><strong>³⁸</strong></span> <span class='ocrx_word' id='word_1_779' title='bbox 3600 5629 3736 5685; x_wconf 84' lang='lat' dir='ltr'><strong>Luc.</strong></span> 
     </span>
    </p>
   </div>
  </div>
