4092 6584
332 437 429 499 477

1032 436 1314 499 ORATIO
1350 437 1475 495 XX.
1526 463 1578 472 —
1618 436 1702 497 IN
1761 436 2076 497 LAUDEM
2112 439 2174 498 S.
2208 437 2588 498 GllEGORll
2614 437 2888 498 TIIEOL.

3484 438 3593 506 478

332 546 628 608 tenderent,
653 544 723 597 ad
760 542 907 596 breve
930 551 1152 612 tentpus,
1190 545 1344 613 quasi
1375 544 1603 613 hospites
1637 544 1915 614 prwfecm-
1945 547 1990 601 Α
2018 546 2330 602 celebrante
2354 546 2418 610 “,
2451 544 2708 615 frequens
2736 543 3024 611 conﬂuxit;
3062 560 3162 600 nec
3184 546 3262 603 sic
3288 547 3445 617 plena
3468 556 3594 610 ante

330 652 442 689 ram
468 637 814 701 suscepimus.
843 633 999 699 Quod
1042 634 1206 703 igitur
1243 643 1395 703 pater
1429 635 1712 689 mortalem
1737 636 1905 689 vitam

328 728 507 782 divina
541 736 997 789 commutaverat,
1024 736 1306 779 vacantem
1358 726 1469 795 jam
1510 727 1789 781 inventum
1826 728 1908 780 di-

329 822 448 872 vina
501 818 739 888 Spiritus
797 819 992 887 gratia,
1026 817 1257 887 vitaeque
1289 834 1352 871 ac
1376 819 1638 873 doctrinae
1666 820 1906 874 humana

328 912 532 980 majore
585 912 894 981 praestantia
963 921 1145 979 postea
1217 909 1584 963 clarissimum
1632 910 1905 974 effectum,

330 1004 382 1056 in
412 1004 563 1057 urbis
592 1016 838 1069 augustae
882 1004 1021 1057 solio
1045 1012 1310 1072 quaiilum
1348 1003 1521 1057 oculis
1547 1005 1904 1073 conspicuum

325 1105 462 1159 erat,
487 1097 807 1161 constituit;
840 1106 1102 1165 quantum
1132 1104 1314 1148 autem
1346 1095 1527 1148 animo
1558 1098 1905 1165 aspcctabile,

328 1189 477 1241 orbis
509 1199 779 1243 terrarum
806 1190 1009 1243 bonum
1053 1188 1362 1252 Pastorem,
1399 1204 1767 1259 magnumque
1810 1206 1909 1243 an-

331 1280 553 1335 tistitem
587 1282 831 1350 praeficit.

401 1374 591 1442 Operae
654 1377 884 1445 pretium
956 1384 1138 1430 autem
1200 1386 1261 1430 ut
1314 1391 1414 1431 nec
1444 1377 1621 1445 ipsum
1659 1373 1911 1429 ineunda:

326 1467 471 1521 sedis
496 1475 775 1521 taceamus
814 1465 1059 1521 modum.
1112 1465 1411 1537 Postquam
1464 1466 1608 1520 enim
1662 1466 1907 1518 divinum

326 1560 457 1613 illud
488 1574 553 1611 ac
600 1558 851 1625 salutare;
881 1570 1205 1628 praeceptum
1264 1570 1426 1628 atque
1474 1558 1750 1613 decretum
1784 1573 1907 1626 per-

325 1652 609 1718 vulgatum
640 1658 724 1705 est
766 1648 883 1703 fore
910 1647 1244 1719 Theologum
1272 1650 1324 1703 in
1351 1656 1478 1705 sede
1506 1650 1905 1714 collocandum;

328 1742 554 1811 perinde
583 1756 711 1795 vero
756 1757 821 1796 ac
844 1742 1012 1806 dicas,
1051 1758 1214 1811 quam
1276 1744 1323 1797 is
1368 1742 1689 1795 Trinitatem
1740 1741 1905 1793 Deum

2011 653 2135 692 eum
2178 654 2286 693 uno
2313 639 2479 693 totius
2507 637 2692 707 populi
2744 645 3015 691 conventu
3050 637 3237 693 Davidi
3275 650 3463 694 coacta
3505 653 3596 692 ce-

2011 730 2231 783 lebritas
2263 738 2362 793 est,
2386 740 2522 793 tum,
2541 744 2663 781 cum
2701 742 2826 781 arca
2850 736 2907 782 ut
2937 728 3247 798 quiesceret
3293 731 3467 783 locata
3494 728 3597 784 fuit

2011 828 2173 891 atque
2210 822 2481 891 drptisita,
2524 836 2586 875 ac
2651 821 2702 873 in
2761 820 2852 872 illo
2891 821 3134 891 ingressu
3184 822 3473 876 conﬂatam
3511 821 3593 875 fe-

2012 924 2139 968 runt
2174 914 2249 977 ";
2295 928 2489 982 nempe
2548 912 2813 981 Gregorio
2848 914 3031 967 sedem
3070 913 3325 968 adeunte.
3364 915 3429 967 lis
3473 916 3595 983 qui-

2011 1008 2132 1061 dem
2162 1008 2252 1076 qui
2290 1016 2433 1060 recta
2477 1005 2753 1076 fulgebant
2810 1007 2931 1068 lide,
2965 1006 3087 1060 talis
3135 1005 3355 1074 quidam
3397 1022 3595 1060 cursus
3666 1046 3669 1049 ›

2013 1115 2077 1154 ac
2105 1100 2359 1153 alaeritas
2416 1106 2563 1165 erat;
2610 1109 2665 1151 at
2697 1115 2875 1167 neque
2924 1100 3299 1153 haereticorum
3342 1113 3534 1166 agmen
3565 1114 3594 1152 a

2011 1190 2290 1243 communi
2318 1189 2405 1242 illa
2438 1190 2618 1258 populi
2659 1190 3052 1258 glomeratione
3109 1191 3317 1244 aberat.
3351 1190 3594 1243 Aderant

2013 1291 2219 1345 autem,
2244 1292 2408 1351 atque
2457 1280 2548 1334 alii
2582 1282 2804 1350 quidem
2844 1281 2991 1337 intus
3034 1282 3218 1335 animo
3248 1280 3452 1335 invidia
3479 1281 3595 1336 dis-

2012 1377 2369 1441 secabantur;
2414 1392 2515 1434 nec
2556 1386 2735 1430 tatnen
2767 1376 3090 1445 pravitatem
3139 1377 3193 1429 in
3236 1375 3409 1428 lucem
3464 1391 3595 1445 pro-

2012 1467 2300 1532 ferebant;
2345 1468 2436 1521 alii
2487 1483 2641 1523 more
2690 1482 2890 1522 canum
2958 1467 3014 1520 in
3069 1466 3277 1521 rabiem
3321 1466 3448 1531 acti,
3482 1467 3593 1536 jam

2006 1562 2175 1615 czedis
2206 1559 2349 1613 avidi
2386 1560 2615 1624 irruere,
2652 1569 2815 1628 atque
2849 1573 3044 1613 necare
3071 1559 3475 1624 incitabantur;
3502 1559 3595 1613 sed

2012 1652 2105 1706 Dei
2152 1653 2366 1707 occhlta
2413 1668 2601 1715 manu,
2638 1648 2955 1720 cunctaque
2991 1663 3371 1714 conservante,
3409 1649 3599 1705 furens

2013 1744 2103 1797 ille
2129 1760 2317 1796 eorum
2353 1745 2589 1813 impetus
2625 1744 2997 1797 inhibebatur.
3042 1742 3218 1812 Atque
3262 1742 3337 1795 illi
3368 1742 3590 1812 quidem

325 1836 687 1905 praedicabat;
741 1835 922 1889 videre
970 1845 1088 1888 erat
1146 1837 1455 1890 universam
1515 1833 1905 1904 propemodum
1937 1875 1984 1933 Β
2018 1836 2266 1903 insidias,
2323 1847 2524 1900 strues,
2580 1836 2769 1889 turbas
2814 1850 2878 1889 ac
2922 1834 3243 1897 seditiones,
3278 1834 3599 1902 innoxiique

326 1929 491 1983 simul
526 1936 857 1988 creaturam,
884 1927 1028 1981 illius
1060 1927 1467 1981 sublimationis
1489 1942 1619 1997 ergo
1686 1940 1749 1979 ac
1783 1940 1908 1994 pro-

326 2019 795 2087 vectionistsccum
819 2018 990 2087 ipsam
1027 2018 1253 2073 moveri.
1278 2017 1434 2071 Tune
1457 2016 1625 2081 enim,
1655 2016 1906 2078 arbitror,

327 2112 595 2167 caelorum
658 2112 889 2166 virtutes
959 2126 1182 2174 omnes,
1239 2118 1456 2174 mente,
1524 2109 1907 2172 immateriate,

326 2203 624 2272 inaspecte,
680 2212 1019 2271 praeeuntes,
1071 2210 1386 2269 sequentes,
1455 2201 1760 2269 stipantes,
1815 2213 1911 2267 pro

326 2310 487 2350 sacro
522 2294 693 2350 divini
746 2293 995 2363 praesulis
1050 2293 1301 2362 ingressu
1332 2293 1575 2361 jucunde
1609 2289 1907 2359 applaude-

326 2389 459 2442 baut
522 2405 538 2443 :
602 2403 798 2442 oumes
869 2387 1222 2457 profanorum
1291 2386 1597 2439 daemonum
1676 2388 1906 2447 mrmaa,

324 2488 597 2549 quotquot
630 2478 831 2534 aeriam
857 2479 1128 2547 regionem
1162 2476 1526 2541 circumeunt,
1562 2490 1624 2528 ac
1644 2482 1913 2544 quotquot

326 2568 505 2624 locum
539 2578 698 2623 terra:
754 2570 1075 2623 viciniorem
1112 2568 1342 2637 adeptte,
1394 2568 1494 2619 hc."
1534 2567 1633 2619 sibi
1667 2567 1908 2618 studium

326 2672 538 2735 ponunt
560 2672 617 2717 ut
650 2662 933 2716 hominum
954 2676 1128 2732 genus
1154 2661 1441 2724 seducant,
1476 2658 1682 2711 inferna
1715 2657 1911 2711 festiue

328 2756 555 2821 latibula
611 2756 888 2820 subibant,
951 2769 1073 2808 cum
1132 2752 1391 2806 micantia
1450 2751 1618 2806 divini
1674 2750 1911 2819 Spiritus

328 2846 560 2918 fulgetra
604 2862 712 2900 non
781 2845 1005 2900 ferrent.
1041 2842 1233 2899 Omnis
1276 2859 1406 2897 vero
1460 2844 1672 2912 piorum
1710 2844 1907 2897 civium

328 2945 528 2997 cretus.
552 2936 693 2992 ﬂdeli
730 2936 1041 3007 imperatori
1071 2953 1136 2991 ex
1178 2936 1301 2990 fidei
1332 2937 1529 3006 pietate
1557 2949 1762 2996 comes,
1795 2949 1911 2988 mo-

329 3033 688 3102 numentique
743 3031 967 3085 maximi
1006 3030 1357 3085 festivitatem
1407 3030 1668 3084 antistitis
1699 3029 1910 3099 ingres-

329 3139 448 3177 sum
484 3124 714 3186 ducens,
751 3122 1032 3193 splendide
1077 3138 1358 3192 ovansque
1384 3122 1437 3176 in
1475 3136 1683 3176 sacram
1711 3123 1912 3190 pariter

327 3217 496 3273 aedem
533 3216 894 3286 irrumpebat.

402 3307 649 3363 Vidisses
703 3308 867 3376 igitur
926 3307 1040 3362 illic
1094 3306 1274 3377 populi
1341 3305 1579 3361 universi
1641 3307 1910 3375 plausus,

328 3400 572 3454 victoriae
609 3400 855 3465 cantica;
880 3415 945 3454 ac
975 3400 1175 3469 quibus
1218 3398 1349 3461 Deo,
1374 3399 1571 3467 quibus
1596 3398 1912 3467 imperatori

329 3502 509 3562 grates
541 3492 975 3547 exsolverentur.
1010 3490 1252 3546 Vidisses
1278 3489 1704 3557 viros,fcininas,
1731 3506 1910 3555 senes,

327 3599 549 3654 pueros,
583 3598 795 3649 servos,
837 3585 1022 3647 heros,
1084 3584 1364 3637 hominum
1411 3590 1627 3636 aetatem
1668 3598 1912 3649 onmem,

330 3690 493 3731 omne
522 3676 758 3729 instituti
796 3691 967 3745 genus
992 3674 1083 3743 qui
1113 3674 1436 3735 solitariam,
1496 3675 1699 3743 quique
1755 3675 1916 3743 vulgo

332 3769 515 3821 tritam
543 3769 709 3827 vitam
738 3777 977 3836 agerent,
998 3766 1311 3821 sacerdotes
1349 3762 1412 3819 ac
1440 3766 1626 3830 laicus,
1670 3782 1732 3819 ex
1765 3768 1915 3820 omni

331 3856 505 3912 ferme
541 3858 850 3923 hominum,
880 3857 1025 3926 quod
1066 3858 1167 3911 sub
1198 3857 1337 3911 c0310
1365 3866 1470 3915 est,
1507 3874 1732 3927 genere,
1771 3858 1913 3911 haud

330 3968 494 4009 secus
527 3968 593 4007 ac
623 3952 885 4006 ﬂuctuum
915 3952 1283 4021 eruptionem,
1304 3950 1664 4013 conﬂuentes,
1686 3949 1916 4002 inﬂuenc

330 4056 432 4112 tes,
471 4054 804 4116 prreeuntes,
840 4052 1213 4109 occursantes,
1248 4043 1615 4112 impellentes,
1647 4042 1698 4095 in
1724 4043 1917 4095 adver-

330 4153 452 4193 sum
482 4137 748 4207 pellentes
780 4151 845 4189 ac
877 4134 968 4204 qui
1002 4133 1353 4203 pellerentur,
1376 4130 1671 4202 gaudentes
1701 4145 1916 4195 omnes,

332 4244 527 4285 omnes
554 4228 868 4298 gestientes,
885 4228 1129 4295 jucundo
1157 4240 1348 4279 omnes
1370 4224 1575 4287 animo,
1608 4223 1921 4291 bonumque

332 4330 612 4376 certamen
654 4328 948 4373 certantes.
985 4316 1065 4371 Ne
1106 4316 1327 4386 quidem
1384 4314 1686 4383 virginibus
1719 4313 1800 4367 fas
1839 4313 1922 4365 vi-

334 4414 569 4469 debatur
601 4423 657 4465 ut
693 4426 849 4465 sacro
881 4410 954 4463 illi
1006 4409 1328 4479 spectaculo
1373 4407 1648 4461 deessent.
1682 4408 1761 4461 Ac
1791 4421 1922 4459 vero

334 4507 437 4571 hac,
469 4508 701 4560 honesta
738 4504 1004 4574 gravitate
1054 4512 1276 4572 upet'tat,
1332 4516 1488 4555 sacra
1536 4498 1728 4555 festive
1762 4508 1914 4569 septa

2014 1927 2301 1997 sanguinis
2341 1927 2663 1982 effusionem
2716 1928 2917 1983 animis
2957 1928 3314 1996 cogitabant;
3356 1926 3599 1979 Trinitas

2010 2032 2194 2073 autem
2270 2019 2496 2088 (quippe
2564 2020 2694 2073 boni
2763 2019 2979 2088 amans)
3036 2017 3378 2073 defensorem
3434 2033 3594 2071 suum

2012 2130 2075 2168 ac
2112 2120 2595 2182 propugnatorem,
2655 2113 2723 2167 ab
2763 2111 2911 2165 omni
2971 2119 3145 2164 tutum
3186 2110 3430 2180 nequitia
3478 2123 3600 2163 ser-

2013 2203 2192 2257 vabaL

2084 2294 2327 2349 Vidisses
2358 2294 2510 2347 illinc
2549 2293 2806 2362 utrinQue
2855 2292 3276 2361 congressiones
3316 2290 3453 2355 fieri,
3494 2302 3593 2359 pu-

2010 2402 2259 2459 gnasque
2293 2386 2581 2447 committi,
2616 2384 2899 2439 Anomoeis
2951 2384 3179 2445 scilicet,
3232 2392 3491 2451 tanquam
3532 2378 3601 2434 ad

2012 2482 2161 2549 ipsos
2194 2489 2523 2548 Spectantes,
2574 2477 2845 2532 Ecclesias
2876 2476 3277 2529 vindicantibus
3330 2474 3419 2544 (iis
3453 2474 3598 2526 enitn

2012 2573 2105 2642 qui
2146 2573 2375 2641 longiori
2399 2582 2642 2640 tempore
2670 2570 3035 2640 possederint,
3054 2568 3138 2621 vel
3157 2568 3203 2623 si
3239 2566 3601 2636 injustissima

2014 2665 2293 2734 possessio
2340 2664 2432 2728 sit,
2494 2663 2636 2717 haud
2708 2678 2832 2715 raro
2870 2678 2933 2715 ex
2967 2660 3225 2715 continua
3258 2657 3603 2712 solummodo

2011 2758 2339 2822 detentione,
2379 2756 2660 2809 hominum
2694 2754 2900 2824 judicio
2930 2763 3046 2807 rata
3098 2753 3232 2807 fides
3267 2749 3599 2818 succurrit);

2015 2849 2297 2903 lloinousii
2358 2859 2542 2902 autem
2605 2846 2985 2902 defensoribus
3044 2845 3269 2901 easdem
3328 2844 3605 2897 mordicus

2015 2941 2395 3006 retinentibus,
2431 2941 2577 2994 velut
2602 2941 2694 3009 qui
2740 2954 2933 2994 recens
2969 2938 3061 2992 Dei
3113 2946 3273 3001 nutu,
3308 2937 3493 3006 piique
3524 2934 3607 2988 fa-

2022 3048 2155 3089 vore
2179 3033 2551 3103 imperatoris,
2581 3032 2861 3103 TheoIOgo
2904 3031 3111 3100 Optimo
3146 3039 3507 3100 praeceptore,
3541 3041 3606 3082 ac

2012 3134 2299 3189 testatore,
2317 3142 2417 3181 ceu
2448 3126 2687 3196 legitima
2714 3122 3166 3178 haereditateillas
3193 3120 3373 3190 adepti
3398 3126 3603 3174 essent.

1937 3224 1980 3281 C
2083 3219 2332 3274 Vidisses
2366 3218 2473 3272 illic
2518 3234 2736 3273 sacrum
2792 3217 2924 3271 illud
2974 3216 3146 3270 melos
3181 3214 3358 3283 reipsa
3398 3211 3603 3283 prasti-

2017 3322 2167 3377 tum,
2225 3324 2446 3379 nempe,
2505 3308 2640 3375 justi
2690 3308 2910 3376 quidem
2964 3322 3132 3361 cornu
3186 3305 3486 3361 exaltatum
3549 3304 3604 3359 in

2012 3406 2218 3475 gloria;
2274 3411 2585 3473 peccatores
2642 3411 2821 3455 autem
2876 3401 3141 3463 videntes,
3190 3408 3244 3452 et
3288 3398 3604 3463 irascentes,

2014 3502 2069 3550 et
2099 3495 2395 3550 stridentes
2436 3496 2711 3559 dentibus,
2745 3511 2811 3549 ae
2871 3494 3256 3557 tabescentes;
3303 3504 3607 3559 eorumque
3688 3542 3693 3545 .

2012 3588 2247 3652 periisse
2277 3587 2546 3642 desideria
2578 3587 2645 3639 ⁸³.
2677 3586 2791 3639 Non
2825 3586 2971 3639 enim
3024 3584 3268 3637 futurum
3300 3590 3419 3636 erat
3450 3590 3510 3633 ut
3546 3582 3601 3633 in

2018 3683 2241 3749 longum
2275 3689 2493 3748 tempus
2524 3677 2735 3732 falsitas
2768 3678 3129 3730 rcluctaretur
3191 3688 3253 3727 ac
3289 3673 3605 3735 obsisteret,

2017 3790 2195 3843 neque
2225 3782 2283 3825 ut
2313 3773 2560 3825 veritatis
2589 3769 2880 3824 adversum
2913 3784 2969 3822 sc
3007 3768 3180 3820 aciem
3204 3766 3271 3819 ad
3300 3774 3605 3820 extremum

2018 3866 2359 3919 sustineret:
2393 3862 2485 3916 sed
2526 3862 2670 3915 sicut
2724 3861 2947 3914 hiberna
2987 3866 3301 3926 tempestas,
3338 3856 3452 3910 sive
3476 3855 3610 3907 bru-

2021 3956 2160 4009 male
2204 3956 2395 4023 frigus,
2451 3954 2639 4023 prucul
2699 3952 2881 4006 adhuc
2936 3960 3190 4004 morante
3250 3949 3387 4013 sole,
3442 3957 3610 4014 atque

2017 4048 2312 4101 australem
2372 4053 2622 4099 versante
2672 4045 2835 4105 viam,
2898 4044 3003 4097 late
3062 4044 3224 4111 viget,
3278 4053 3609 4108 omnemque

2019 4138 2350 4206 constringit
2381 4149 2656 4199 naturam,
2684 4150 2747 4190 ac
2785 4136 2983 4206 premit
3017 4150 3031 4185 :
3062 4134 3155 4187 illo
3188 4141 3371 4185 autem
3415 4144 3609 4183 rursus

2020 4230 2167 4300 ipsas
2190 4228 2300 4297 jam
2334 4228 2400 4282 ad
2434 4228 2748 4297 aquilonem
2798 4227 3123 4281 decliviores
3157 4225 3438 4293 detegente
3477 4238 3609 4289 par-

2021 4331 2122 4384 tes,
2147 4330 2311 4391 atque
2332 4320 2581 4375 aestivum
2601 4329 2827 4391 gyrante
2857 4317 3176 4380 solstitium,
3241 4314 3613 4382 clarioresque

2022 4427 2088 4466 ac
2147 4426 2299 4465 mora
2360 4410 2630 4463 firmiores
2681 4408 2862 4462 radios
2902 4407 3251 4469 immittente,
3305 4402 3609 4466 incalescit,

2025 4505 2361 4575 spiritusque
2427 4518 2493 4558 ac
2533 4503 2698 4557 vitam
2756 4501 3006 4566 resumit,
3037 4498 3305 4570 quidquid
3341 4498 3393 4550 in
3440 4497 3610 4551 rebus

335 4599 686 4654 invadebant.
722 4598 945 4651 CUIICliS
970 4588 1247 4651 certamen
1280 4598 1415 4657 erat,
1455 4594 1652 4663 piaque
1690 4602 1914 4649 conten-
1943 4569 1991 4629 υ
2016 4608 2119 4659 εει,
2157 4612 2391 4665 vereque
2443 4597 2620 4651 lanius
2673 4596 2968 4656 dilucunle.
3031 4593 3225 4646 bruma
3276 4590 3455 4650 facile,
3513 4587 3612 4641 ἡδί-

328 4692 430 4753 tio,
491 4692 585 4745 alii
629 4700 690 4745 ut
714 4690 1011 4743 antistitem
1043 4705 1211 4758 prope
1258 4688 1577 4753 accederet;
1615 4688 1725 4753 alii,
1763 4696 1821 4741 ut
1850 4687 1917 4742 iis

332 4784 425 4854 qni
464 4797 635 4853 prope
686 4782 1015 4835 accedebant
1043 4797 1072 4836 e
1104 4781 1284 4837 vicino
1311 4781 1664 4848 succederet;
1700 4781 1814 4846 alii,
1858 4789 1916 4834 ut

334 4877 415 4930 vel
443 4876 685 4939 eminus,
715 4874 999 4943 ingressus
1046 4874 1271 4936 videret,
1332 4876 1478 4930 velut
1533 4875 1662 4927 hinc
1697 4889 1915 4943 quoque

334 4967 686 5023 commodum
722 4966 923 5035 aliquid
955 4974 1307 5034 percepturus
1323 4977 1488 5019 esset.
1511 4965 1742 5018 Animus
1770 4965 1917 5017 enim

331 5059 456 5113 ﬁdei
494 5073 692 5120 sensu,
721 5057 769 5110 ei
796 5057 886 5126 qui
918 5057 1155 5111 creditur
1193 5066 1373 5110 mente
1405 5056 1752 5125 conjunctus.
1786 5056 1915 5109 dum

333 5154 416 5207 vel
443 5152 569 5221 ejus
600 5150 850 5203 umbram
879 5151 1066 5218 procul
1106 5150 1437 5216 speculando
1468 5150 1782 5212 adverterit,
1817 5166 1916 5203 cu-

335 5245 562 5313 piditate
618 5242 819 5311 agitur,
855 5244 1047 5311 gestit,
1096 5242 1356 5310 omnique
1400 5242 1584 5295 studio
1615 5242 1680 5295 ad
1736 5242 1914 5311 ipsum

335 5335 615 5389 contendit
650 5352 665 5387 :
703 5348 765 5386 ac
798 5334 945 5386 velut
974 5334 1207 5402 quodam
1271 5332 1494 5401 majoris
1533 5333 1787 5387 amicitiae
1820 5333 1916 5387 sti-

333 5430 505 5491 mulo,
540 5435 835 5495 conspectu
892 5441 1047 5488 usus,
1106 5440 1337 5493 corpore
1404 5424 1591 5489 etiam,
1627 5435 1683 5478 ut
1724 5425 1794 5478 ita
1831 5440 1917 5480 res

334 5522 494 5583 ferat,
520 5519 746 5573 enititur
776 5530 957 5571 amato
983 5517 1262 5587 conjungi.

411 5612 532 5666 Non
600 5611 680 5665 sic
717 5608 974 5664 Judaicus
1020 5609 1148 5663 olim
1197 5608 1429 5678 populus
1462 5608 1606 5662 circa
1656 5608 1914 5677 templum

337 5704 913 5778 Hierosolymitanum,
977 5709 1269 5766 Salomone
1308 5709 1703 5765 dedicationem
1757 5708 1903 5763 illius

405 5885 445 5917 δ’
467 5883 510 5939 ll
535 5884 774 5952 Par.vit,
800 5884 851 5938 8.
928 5886 971 5917 δ’
1005 5884 1048 5940 ll
1077 5884 1203 5956 lleg.
1231 5901 1301 5954 Vl,
1345 5887 1389 5941 l.

2022 4710 2236 4767 gusque
2301 4692 2566 4747 exolescit
2617 4706 2680 4755 ac
2738 4688 3094 4753 dissolvitur,
3147 4686 3311 4754 inque
3368 4683 3615 4737 ittternos

2017 4804 2269 4844 secessus
2319 4798 2493 4858 atque.
2552 4785 2784 4839 latebras
2828 4782 3073 4836 vicissim
3127 4778 3363 4847 cogitur.
3409 4775 3611 4828 Eodem

2020 4879 2133 4934 fere
2174 4879 2355 4943 modo,
2395 4894 2614 4949 gravem
2672 4876 2820 4930 illam
2866 4874 3159 4935 haeresum,
3195 4884 3257 4922 ac
3297 4882 3458 4937 quam
3496 4880 3614 4917 mo-

2024 4972 2221 5027 lestam
2290 4970 2598 5041 caliginem,
2673 4976 2961 5034 atramque
3015 4968 3415 5031 tempestatem,
3467 4954 3611 5009 haud

2033 5078 2192 5116 secus
2212 5078 2273 5117 ac
2293 5062 2698 5117 crassissimam
2731 5058 2990 5117 hiemem,
3021 5055 3329 5120 nubemque
3350 5046 3613 5102 Ecclesiis

2026 5156 2283 5217 affusam,
2343 5170 2407 5209 ac
2467 5154 2677 5223 piorum
2734 5158 3073 5220 prementem
3134 5143 3323 5208 corda,
3361 5138 3609 5209 Gregorii

2028 5263 2343 5304 sermonum
2400 5247 2603 5309 radios,
2643 5244 2792 5298 velut
2823 5258 2852 5297 e
2885 5243 3022 5307 sole,
3063 5237 3359 5295 Chi-istoin
3391 5250 3455 5287 eo
3494 5247 3612 5285 ma-

2025 5350 2187 5394 nente
2242 5337 2650 5408 prornicantes;
2704 5334 3016 5404 clariusque
3074 5348 3137 5387 ac
3186 5330 3421 5384 lucidius
3453 5324 3611 5379 efful-

2025 5442 2213 5503 gcutcs
2252 5430 2568 5485 dissolvisse
2617 5443 2683 5482 ac
2725 5426 3175 5494 consumpsisse;
3226 5432 3388 5491 atque
3427 5416 3607 5472 Eccle-

2022 5527 2119 5580 sia:
2154 5528 2554 5578 firmamentum
2583 5522 2635 5575 in
2657 5529 2858 5576 statum
2883 5518 2989 5572 diei
3012 5518 3315 5589 fulgoribus
3340 5513 3602 5569 lucidum.

2021 5632 2085 5671 ac
2115 5617 2265 5686 pacis
2293 5616 2598 5671 claritatem
2642 5624 3065 5667 transmutasse.
3436 5600 3445 5609 ’

2094 5706 2264 5777 Hujus
2292 5721 2422 5761 vero
2461 5714 2673 5761 certum
2708 5711 3097 5774 argumentum
3121 5739 3137 5769 ,
3170 5713 3235 5755 ac
3273 5694 3607 5768 conjectura,

1472 5885 1515 5918 ⁸³
1557 5883 1699 5941 l‘sal.
1732 5899 1841 5950 ctu,
1876 5884 1929 5949 9,
1969 5882 2050 5937 lt).
