4092 6608
442 444 546 509 479

1605 446 1899 507 NICETE
1946 449 2392 509 PAPIILAGON
2404 450 2471 509 lS

3582 447 3688 512 480

442 571 567 624 qua:
596 562 722 608 ante
756 568 971 607 sacrum
1023 552 1173 606 illunt
1207 554 1509 624 ingressum
1553 556 1604 609 in
1642 573 1820 610 aerem
1862 557 2029 611 cll'usa
2062 565 2104 618 Α
2140 559 2273 613 tatis
2332 559 2567 612 decretis
2630 558 2744 624 pari
2791 558 3109 612 credulitate
3153 558 3470 614 suhnittere
3521 562 3722 623 animo,

444 646 777 702 densissima
822 647 996 715 caligo
1040 663 1103 700 ac
1130 648 1438 702 obscuritas
1470 657 1575 703 est.
1608 647 1677 701 At
1715 651 1804 703 ubi
1835 648 2023 704 Eccle-

444 742 581 793 siam
619 739 899 809 ingressus
919 749 1021 803 est,
1057 740 1310 793 universa
1341 740 1557 794 civitate
1588 756 1653 794 ac
1699 742 2026 810 imperatore

448 844 554 881 una
610 828 845 892 comite,
883 828 1141 897 omnique
1201 828 1455 883 Ecclesia:
1512 839 1656 884 ccetu
1704 831 2029 886 tlecantaute

449 921 669 974 laudum
728 920 963 986 cantica,
1015 936 1078 975 ac
1115 920 1301 975 divino
1325 921 1569 976 antistite
1616 924 1670 975 iu
1704 923 1831 977 sede
1855 924 2028 977 collo-

448 1020 603 1075 cato,
634 1020 1070 1081 cunctorumqne
1111 1014 1347 1067 vultibus
1385 1014 1708 1083 praefervido
1764 1017 2029 1087 lacryma-

453 1120 576 1157 rum
639 1105 814 1159 imbre
877 1104 1137 1175 perfusis,
1175 1109 1522 1185 compuncti’s
1556 1109 1760 1163 scilicet
1784 1110 2029 1163 omnium

452 1196 674 1261 animis,
714 1212 814 1251 nec
833 1205 1039 1252 tantam
1075 1200 1323 1253 beneficii
1366 1202 1470 1254 vim
1503 1202 1663 1255 siccis
1697 1203 1873 1255 oculis
1913 1218 2034 1256 sus-

452 1288 634 1356 cipere
695 1290 1049 1356 valentibus;
1084 1292 1170 1345 tibi
1204 1292 1438 1361 denique
1478 1295 1705 1355 clamor,
1753 1295 2032 1363 gaudium,

462 1378 862 1448 commistaque
898 1381 1120 1435 tristitia
1155 1397 1219 1436 ac
1291 1384 1635 1453 supplicatio,
1675 1385 1912 1439 universi
1946 1400 2038 1452 po-

456 1470 567 1536 puli
610 1481 789 1538 gestu,
859 1470 1047 1526 habitu
1100 1490 1305 1543 oreque
1348 1476 1554 1543 erupit;
1594 1477 1823 1530 solvitur
1854 1478 2037 1531 statim

454 1560 783 1615 densissima
816 1562 905 1616 illa
938 1580 1041 1616 nox
1123 1580 1187 1617 ac
1234 1566 1504 1631 tenebrar;
1563 1568 1764 1635 luxque
1798 1568 2041 1637 splendi-

458 1650 683 1705 dissima
715 1651 1001 1719 confertim
1057 1655 1338 1722 ellulgens,
1371 1656 1751 1710 ha'reticorum
1816 1658 2039 1726 quidem

463 1758 589 1811 spes
636 1743 688 1795 in
758 1744 1050 1800 obscurum
1088 1748 1276 1810 trudit,
1315 1748 1526 1816 piorum
1577 1758 1756 1802 autem
1803 1752 2044 1819 exceptis

457 1837 778 1904 corporibus
805 1837 967 1890 etiam
1000 1840 1241 1893 animum
1298 1841 1545 1893 claritate
1578 1840 1837 1909 perfudit,
1880 1859 2043 1896 exsu-

2130 668 2311 721 opera:
2347 653 2578 721 pretium
2612 653 2901 705 ducebant.

2174 744 2262 797 Sol
2288 756 2341 797 et
2368 746 2516 808 luna,
2533 745 2705 797 oculis
2722 745 2939 813 quidem
2963 745 3279 814 conspicua.
3302 747 3723 815 haudquaquam

2130 851 2293 891 cursu
2330 836 2555 890 inhibita
2585 845 2731 890 sunt.
2782 835 3055 902 Quorsum
3082 837 3226 890 enim
3261 838 3285 889 ?
3314 847 3369 890 at
3406 840 3498 906 qui
3532 848 3709 891 mente

2134 929 2212 981 sol
2250 929 2591 997 intelligitur,
2626 945 2732 982 non
2759 928 2945 993 semel,
3000 929 3092 983 sed
3122 929 3173 982 itt
3221 941 3541 998 perpetuum
3568 970 3583 992 ,
3632 948 3725 983 su-

2134 1020 2284 1074 blimi
2315 1019 2433 1088 ejus
2465 1020 2655 1081 tuenti,
2698 1035 2761 1072 ac
2803 1020 3001 1074 ccelnm
3058 1021 3371 1089 pervadenti
3406 1022 3672 1075 assistens
3704 1023 3718 1069 ς

2136 1112 2268 1180 quin
2303 1121 2355 1165 et
2392 1112 2510 1181 ejus
2561 1111 2839 1180 sapientia:
2886 1127 3007 1181 qua:
3051 1113 3235 1166 saeculi
3282 1128 3385 1167 usu
3439 1122 3724 1183 prazstatur

2138 1200 2474 1255 lucidissima
2516 1198 2697 1270 Specie
2728 1201 2870 1254 velut
2910 1201 3049 1254 luna:
3102 1202 3265 1271 jubar
3307 1201 3589 1271 eﬂ‘nlgens,
3640 1203 3721 1254 vi.

2145 1294 2361 1345 ctorem'
2411 1292 2673 1345 adversus
2728 1290 2821 1344 Dei
2872 1292 3075 1357 hostes,
3133 1307 3196 1345 ac
3256 1293 3707 1360 triumphatorem

2144 1383 2271 1435 facit
2298 1400 2309 1435 :
2346 1382 2546 1451 quibus
2580 1384 2696 1436 neci
2729 1381 2891 1444 datis,
2916 1398 3076 1451 quam
3106 1383 3460 1451 possederant
3484 1392 3708 1446 terram,

2147 1486 2341 1540 nempe
2379 1472 2699 1534 Ecclesiam,
2731 1472 3085 1540 posseSsioue
3114 1473 3247 1525 adit.

2218 1562 2485 1625 Possidet,
2560 1564 2805 1632 inquam,
2874 1564 3094 1632 aditqne
3152 1564 3555 1629 haereditatem,
3616 1582 3725 1619 non

2147 1671 2267 1723 qua:
2311 1654 2539 1716 dillluat,
2588 1664 2747 1723 atque
2784 1654 2943 1707 facile
2974 1656 3285 1720 dilabatur;
3323 1658 3414 1711 sed
3449 1657 3725 1723 stabilem,

2148 1753 2312 1810 atque
2372 1744 2436 1795 ad
2496 1742 2741 1795 futurum
2789 1746 3048 1797 S:L‘Ctl|lllll
3104 1746 3580 1815 commigrantem,
3626 1764 3726 1802 nec

2151 1824 2267 1885 eam
2307 1834 2572 1885 duntaxat
2623 1849 2743 1901 qua!
2776 1833 2828 1886 in
2869 1835 3047 1898 terris,
3089 1844 3250 1903 atque
3288 1837 3463 1891 oculis
3502 1840 3726 1906 conspi-

463 1936 686 1995 perante
715 1930 974 1982 mmstitia
1010 1929 1475 1999 injucumlitatetn
1524 1932 1752 1984 nimium
1775 1942 2035 1999 quautam

2160 1939 2241 1975 :ua
2293 1935 2419 1988 est;
2454 1924 2548 1977 sed
2606 1941 2699 1993 per
2746 1940 2891 1984 eam,
2943 1926 3009 1979 ad
3060 1928 3339 1981 caelestem
3382 1926 3721 1991 Jerusalem,

464 2016 710 2080 cedente,
771 2027 936 2087 atque
995 2034 1281 2073 conversa.
1332 2019 1422 2090 Sic
1463 2020 1717 2073 nimirum
1754 2019 2041 2088 Dominus,

466 2111 927 2176 quemadmodum
963 2126 1074 2172 eos,
1113 2112 1204 2180 qui
1237 2112 1411 2180 ipsum
1438 2114 1762 2178 rlarilicant,
1796 2115 2045 2169 claritate

464 2214 685 2267 augere,
708 2201 787 2255 sic
817 2202 910 2270 qui
936 2212 1221 2271 spernunt,
1246 2218 1504 2272 spernere
1526 2205 1830 2259 consuevit.

528 2333 896 2391 Admiraudus
923 2338 1143 2406 quidem
1169 2336 1351 2399 Jesus,
1378 2338 1594 2394 lsraelis
1618 2339 1742 2393 belli
1785 2340 1893 2395 dux
1929 2339 2050 2395 Mo-

462 2427 537 2481 sis
565 2427 685 2483 loco
732 2438 968 2492 creatus,
1034 2429 1291 2497 siccoque
1343 2431 1571 2499 vestigio
1631 2447 1752 2484 cum
1792 2432 2049 2487 omnibus

462 2520 635 2586 copiis
665 2517 902 2573 Jordane
941 2520 1269 2573 transmisso
1298 2521 1380 2585 “;
1423 2532 1585 2591 atque
1620 2523 1885 2578 adversus
1920 2540 2051 2594 gen-

465 2618 547 2661 tes
600 2624 861 2677 regesque
896 2608 1228 2663 fortissimos
1282 2611 1549 2665 instructa
1602 2615 1741 2679 acie,
1799 2616 2051 2684 belloque

469 2708 837 2766 comparatus.
868 2701 947 2754 sic
983 2702 1267 2755 incruenta
1321 2704 1551 2757 victoria
1587 2704 1861 2760 evertebat
1890 2707 2051 2775 quid-

471 2792 601 2859 quid
634 2792 975 2856 incurrisset,
1009 2810 1072 2848 ac
1114 2811 1209 2863 par
1233 2806 1351 2849 erat
1382 2806 1671 2858 everteret,
1710 2813 1775 2851 ac
1803 2814 2052 2865 pessum-

466 2884 641 2945 daret,
678 2900 838 2951 quem
879 2884 1187 2940 Altitissimi
1241 2888 1459 2941 dextera
1482 2904 1603 2943 cum
1649 2890 1839 2957 primis
1871 2899 2055 2959 prote-

468 2974 646 3042 gebat.
685 2972 857 3030 Unico
892 2976 1147 3029 tubarum
1182 2978 1463 3046 clangore,
1504 2979 1888 3033 robustissima
1920 2994 2054 3033 con—

467 3083 629 3123 cussa
682 3070 883 3122 mrenia
924 3071 1261 3123 corruebant
1304 3091 1315 3125 :
1348 3080 1569 3140 tinnque
1602 3071 1764 3126 urbes
1808 3071 2051 3141 integrae,

470 3160 785 3228 civiumque
816 3161 998 3215 omnis
1051 3160 1294 3215 conferta
1342 3163 1633 3218 multitudo
1662 3165 2056 3219 cxscindeban-

471 3260 559 3305 tur
589 3268 603 3304 :
628 3251 1030 3307 bellicosissimi
1063 3268 1218 3320 reges
1267 3254 1630 3323 impressione
1662 3254 1822 3323 facta,

471 3343 658 3407 armis,
690 3344 783 3397 sed
806 3353 860 3398 et
907 3344 1048 3399 caelo
1082 3345 1360 3414 lapsorum
1404 3346 1643 3415 lapidum
1694 3348 1867 3402 instar
1896 3364 2059 3419 gran-

472 3434 615 3486 dinis
645 3435 816 3488 imbre
838 3436 1184 3489 credebantur
1215 3437 1298 3499 ";
1330 3438 1461 3507 quin
1498 3448 1549 3491 et
1592 3439 1650 3502 ii,
1700 3443 2057 3509 praeeuntium

474 3540 763 3589 vesparum
817 3527 1024 3579 aculeis
1080 3527 1146 3592 “,
1203 3529 1318 3583 dire
1364 3530 1761 3598 pungebantur.
1798 3531 2061 3602 Quodque

478 3614 656 3683 majus
711 3631 774 3669 ac
820 3616 1170 3681 insolentius,
1217 3619 1298 3672 sol
1338 3621 1537 3683 stabat,
1585 3622 1713 3675 luna
1776 3622 2061 3677 inhibeba-

479 3716 568 3760 tur
596 3707 667 3773 ⁸⁷,
706 3708 996 3778 ipsumque
1048 3710 1246 3765 caelum
1313 3711 1498 3766 lsraeli
1550 3713 1737 3768 aderat
1783 3714 1907 3768 belli
1935 3716 2064 3770 sub-

478 3799 622 3853 sidio
677 3801 943 3857 adversus
1009 3804 1327 3874 insipientes
1392 3807 1735 3877 depugnans.
1803 3806 1899 3863 llis
1966 3808 2060 3863 Dei

478 3892 814 3959 providentia
872 3910 1115 3964 curaque
1188 3898 1407 3960 excisis,
1481 3914 1671 3953 eorum
1728 3902 2063 3957 substantias

478 3997 543 4037 ac
568 3982 859 4040 facultates
899 3988 951 4041 in
983 3987 1229 4042 funiculo
1252 3989 1679 4057 distributionis,
1711 4007 1805 4060 per
1838 4008 2061 4047 manum

476 4074 628 4140 Jcsu,
682 4093 874 4133 eorum
935 4090 1157 4144 terram,
1189 4096 1253 4136 ac
1312 4082 1576 4153 quidquid
1627 4082 1849 4139 ditionis
1883 4083 2065 4140 fuerat

477 4168 792 4239 dividentis,
834 4173 1086 4243 partibus
1117 4173 1362 4232 adibant.

552 4306 848 4379 Gregorius
897 4320 1078 4364 autem
1120 4312 1231 4366 veri
1266 4311 1479 4367 Israelis
1517 4329 1674 4368 sacra
1728 4314 2060 4384 praefectura

481 4402 817 4465 eoncredita,
847 4404 994 4457 velut.
1026 4420 1187 4458 atnne
1221 4405 1406 4474 rapido
1450 4406 1818 4475 glomerantes
1865 4423 2057 4477 aquas,

483 4493 725 4562 prolixas
755 4495 930 4549 stulte
977 4494 1272 4564 impiorum
1322 4512 1493 4565 nugas
1525 4498 1744 4551 innoxie
1780 4499 2063 4553 transmit-

489 4593 612 4639 tens
641 4601 657 4650 ;
691 4587 836 4655 quod
870 4593 925 4639 et
953 4586 1068 4654 ipse
1097 4587 1369 4641 excelsam
1401 4602 1621 4642 manum
1653 4589 1831 4642 valide
1874 4599 2060 4658 prote-

488 4686 701 4747 gentem
766 4677 1022 4743 haberet,
1086 4688 1347 4747 tanquam
1411 4679 1657 4734 civitates
1717 4697 1781 4734 ac
1836 4682 2054 4750 oppida,

488 4768 798 4837 illegitimas
828 4767 1211 4823 luereticorum
1247 4770 1561 4825 sodalitates
1609 4782 1915 4840 canusque,
1946 4772 2056 4826 cla-

489 4861 707 4916 rissime
739 4860 1060 4916 sonantibus
1109 4876 1223 4917 sua:
1276 4862 1563 4932 theologia:
1618 4863 1785 4924 tubis,
1840 4875 2060 4932 repente

489 4954 607 5009 solo
637 4954 895 5009 allidebat
920 4992 936 5015 .
966 4953 1249 5024 fortesque
1272 4955 1732 5025 blasphemiarum
1768 4963 2055 5024 patronos,

490 5062 556 5103 ac
593 5047 888 5113 antistites,
917 5057 1177 5118 tanquam
1227 5064 1489 5105 saxorum
1524 5048 1744 5114 ictibus,
1779 5048 2066 5118 densaque

492 5143 781 5213 grandine,
837 5145 1153 5199 caelestibus
1208 5144 1387 5199 sensis
1443 5141 1866 5213 confringebat;
1921 5142 2069 5196 velut

496 5236 737 5305 denique
770 5237 941 5291 multo
969 5252 1254 5306 vesparum
1305 5236 1584 5300 examine,
1617 5236 1827 5291 crebris
1851 5250 2068 5291 sermo-

496 5344 627 5382 num
653 5344 880 5384 suorum
904 5330 1107 5384 aculeis
1128 5330 1408 5395 saucians,
1433 5330 1572 5384 alios
1596 5328 1816 5400 quidem
1843 5331 2070 5383 omnino

495 5421 818 5491 perimebat,
854 5431 1121 5491 quotquot
1151 5423 1360 5477 scilicet
1397 5423 1558 5492 longe
1605 5422 1841 5475 maxima
1902 5431 2071 5475 teme-

500 5510 659 5563 ritate
693 5510 828 5575 acti,
863 5510 1146 5578 prazfracte
1174 5528 1296 5566 cum
1339 5512 1449 5567 Deo
1477 5527 1717 5582 pugnare
1747 5512 2021 5567 audebant
2055 5528 2070 5576 ;

498 5601 633 5655 alios
664 5602 773 5657 vita
796 5602 1034 5657 donabat
1060 5604 1281 5673 potiori,
1310 5613 1577 5674 quotquot
1610 5604 1865 5657 nimirum
1915 5604 2061 5657 veri-

573 5806 615 5833 ιδ
639 5802 801 5855 Justiti
832 5822 865 5861 t.
899 5804 932 5856 2

502 5876 543 5906 ⁸³
611 5876 779 5928 tixotl.
820 5892 891 5936 ιιι,
930 5878 980 5928 8-

1065 5805 1105 5836 ³⁸
1128 5803 1308 5858 .losne.
1366 5823 1419 5867 κ,
1470 5807 1547 5859 ll.

1659 5804 1701 5835 δδ
1737 5806 1861 5876 Sap.
1923 5820 2017 5869 xu,
2052 5804 2102 5857 8.

2148 2014 2376 2068 liberam
2448 2015 2592 2066 illam
2647 2015 2692 2045 ⁸⁸
2751 2015 2768 2084 (
2820 2015 3220 2084 primitivorum
3284 2018 3492 2072 scilicet
3547 2020 3729 2073 Eccle-

2149 2107 2287 2159 siam
2322 2105 2367 2137 δ’
2399 2113 2413 2173 )
2442 2106 2717 2161 transiens
2744 2124 2757 2172 ;
2785 2122 2888 2160 non
2925 2108 3075 2161 solus
3106 2108 3239 2177 ipse,
3274 2108 3367 2162 sed
3399 2125 3522 2163 cum
3561 2122 3729 2174 coetu.

2150 2196 2419 2262 turbaque
2452 2197 2552 2263 ipsi
2599 2195 2821 2260 comite,
2876 2212 2972 2265 pro
3028 2208 3142 2250 rata
3177 2198 3449 2269 cujusque
3479 2200 3729 2255 laborum

2149 2287 2382 2349 ratione,
2426 2286 2673 2356 patribus
2698 2287 2965 2355 ascriptas
3005 2288 3351 2358 inrorruptas
3387 2299 3561 2346 sortes
3599 2308 3726 2360 pos-

2150 2377 2410 2432 sidendas
2438 2377 2817 2446 consequitur.

2222 2470 2376 2525 Melle
2436 2487 2500 2524 ac
2537 2470 2675 2524 lacte
2730 2469 2899 2523 ﬂuere
2939 2479 3138 2522 terram
3178 2470 3532 2538 promissam,
3583 2470 3734 2526 Scri-

2151 2571 2324 2633 ptura:
2351 2577 2519 2617 sacra!
2543 2560 2854 2615 testimonio
2904 2560 3174 2627 proditum
3211 2570 3293 2614 est
3326 2560 3396 2597 ⁵³⁸
3426 2578 3440 2627 ;
3469 2561 3725 2632 Gregorii

2152 2665 2357 2721 autem,
2390 2655 2493 2708 mel
2516 2653 2758 2723 quidem,
2792 2654 3077 2721 theologia:
3106 2653 3375 2717 dulcedo;
3404 2653 3486 2708 Iac
3523 2666 3729 2717 autem,

2153 2748 2399 2804 doctrina
2456 2747 2571 2817 jugi
2627 2746 2786 2800 latice
2857 2761 3106 2799 manans.
3167 2745 3257 2798 Vel
3320 2746 3424 2799 mel
3483 2746 3729 2816 quidem,

2152 2838 2373 2893 virtutis
2413 2852 2677 2907 operosus
2735 2835 2908 2901 labor,
2960 2851 3117 2904 quem
3168 2837 3477 2889 animorum
3530 2838 3729 2891 cultori

2155 2932 2328 2985 instar
2365 2932 2485 3001 apis
2531 2937 2948 2993 argumentosa,
3002 2929 3313 2999 laborisque
3368 2930 3734 2985 tcnacissinue

2156 3022 2373 3078 abunde
2422 3021 2804 3091 suppeditabat
2851 3021 2987 3085 ;lac
3039 3037 3189 3087 vero,
3251 3021 3614 3089 largissimus,
3667 3039 3733 3077 ac

2158 3116 2251 3186 qui
2284 3114 2521 3169 maxime
2549 3113 2843 3167 nutriendo
2868 3120 3037 3177 esset,
3070 3128 3386 3167 sermonum
3423 3115 3586 3168 latex.
3636 3113 3735 3168 llis

2158 3206 2328 3266 enim,
2378 3204 2599 3273 optimis
2644 3203 3119 3273 divinissimisque
3148 3206 3458 3261 rationibus
3491 3221 3734 3260 conmm-

1856 3256 2055 3310 nedum
2085 3277 2127 3335 (ἶ
2159 3294 2286 3349 dum
2316 3256 2620 3349 Eccrlesiam
2657 3292 2893 3362 regebat.

2234 3387 2361 3441 llazc
2392 3388 2481 3440 ille
2529 3395 2655 3439 ante
2686 3386 2935 3454 adeptam
2978 3385 3185 3450 sedem,
3243 3385 3357 3441 hrec
3408 3394 3530 3455 post
3564 3389 3731 3441 etiam

2161 3480 2433 3549 adeptam.
2468 3478 2650 3533 studio
2682 3478 2895 3547 agebat.
2931 3476 3047 3532 Non
3092 3479 3236 3532 enim
3287 3479 3530 3548 requiem
3585 3480 3737 3534 labo-

2162 3586 2306 3635 rum,
2336 3570 2431 3624 sed
2478 3569 2845 3625 accessionem
2885 3585 3158 3633 curarum,
3194 3585 3479 3641 angorem,
3532 3572 3737 3626 sollici-

2164 3663 2435 3725 tudinem,
2472 3676 2537 3716 ac
2568 3661 2814 3713 laborum
2851 3660 3318 3730 exsuperantiam,
3356 3660 3735 3730 praefecturam

2163 3759 2419 3819 ducebat,
2455 3771 2617 3809 unam
2664 3770 2795 3809 vero
2840 3755 3007 3809 animi
3040 3754 3441 3823 jucunditatem
3492 3766 3735 3819 noverat.

2164 3849 2561 3919 discipulorum
2592 3848 2809 3917 pietatis
2841 3848 3143 3901 rationibus
3173 3847 3477 3916 profectum
3519 3865 3533 3912 ;
3571 3862 3735 3900 unam

2164 3942 2411 4010 corporis
2467 3942 2816 3997 refectionem
2895 3956 2959 3995 ac
3005 3941 3395 4003 laxamentum,
3461 3955 3739 3995 secessum

2165 4038 2230 4090 ad
2250 4037 2364 4091 loca
2383 4037 2451 4090 ab
2473 4037 2754 4089 hominum
2774 4052 2875 4089 usu
2930 4050 2994 4089 ac
3007 4034 3396 4088 consuetudine
3414 4034 3701 4089 remotiora
3724 4051 3739 4100 ;

2166 4128 2220 4182 in
2246 4127 2487 4196 seipsunt
2513 4126 2889 4189 conversione,
2916 4126 3082 4179 animi
3108 4125 3382 4179 rationum
3404 4126 3740 4196 diligentiam

2167 4234 2231 4274 ac
2282 4234 2469 4273 curam
2507 4235 2519 4270 :
2555 4232 2662 4285 qua
2696 4216 2956 4269 nimirum
3012 4232 3164 4271 mens
3209 4216 3285 4270 illi
3330 4218 3397 4269 ad
3440 4216 3741 4272 altissimas

2166 4328 2457 4380 assurgens
2479 4310 2994 4379 contemplationes,
3020 4326 3185 4364 unam
3228 4309 3493 4365 Paracleti
3544 4310 3740 4365 lubens

2168 4401 2401 4457 habebat
2421 4400 3108 4470 consolationem;reliqua
3136 4411 3317 4457 autem
3385 4401 3553 4456 animi
3594 4403 3744 4457 oble-

2166 4502 2525 4558 ctamenta,ac
2538 4493 2783 4561 corporis
2806 4492 3185 4559 relaxationes,
3204 4493 3567 4548 crassioribus
3583 4503 3745 4563 atque

2184 4587 2250 4641 ad
2277 4588 2518 4655 corporis
2545 4588 2785 4640 rationes
2825 4587 2995 4654 magis
3020 4586 3370 4655 comparatis,
3405 4586 3741 4657 projiciebat.

2240 4660 2383 4730 Nam.
2408 4692 2530 4730 cum
2566 4676 2649 4729 his
2681 4676 2875 4742 tribus,
2923 4677 3158 4730 hominis
3186 4678 3401 4731 animus
3430 4678 3609 4732 omnis
3654 4692 3745 4731 ca-

2169 4771 2346 4839 piatur
2372 4785 2436 4823 ac
2486 4770 2797 4831 insolescat,
2847 4785 3040 4836 nempe
3069 4769 3262 4838 gloria,
3290 4769 3517 4833 divitiis,
3582 4770 3743 4823 volu-

2171 4874 2359 4933 ptate;
2398 4878 2495 4917 nec
2545 4862 2724 4916 inanis
2757 4862 2941 4930 gloriae
2978 4861 3117 4915 fastu
3164 4877 3228 4915 ac
3273 4862 3525 4931 superbia
3548 4861 3744 4922 elatus.

2172 4954 2372 5009 utentis
2441 4953 2742 5007 rationibus
2811 4953 3321 5017 movebatur;nec
3390 4952 3745 5020 pecuniarum

2176 5062 2360 5101 amore
2404 5046 2702 5108 emollitus.
2756 5045 2940 5098 animo
2992 5044 3345 5112 capiebatur;
3378 5044 3578 5113 quippe
3624 5060 3747 5096 cum

2178 5154 2207 5192 a
2245 5139 2443 5192 teneris
2477 5139 2609 5206 ipsis
2642 5138 2914 5208 unguibus
2947 5136 3219 5205 ejusmodi
3249 5152 3432 5190 rerum
3466 5136 3743 5206 cupiditas

2177 5231 2356 5286 oinnis
2386 5231 2459 5283 illi
2494 5230 2761 5285 exstincta
2784 5240 2946 5285 esset.
2981 5231 3059 5285 Ac
3085 5246 3257 5298 neque
3284 5230 3451 5301 (quod
3480 5231 3751 5299 plerisque

2183 5341 2282 5379 usu
2322 5324 2487 5393 venit)
2523 5324 2688 5379 variis
2728 5326 2933 5379 ventris
2968 5324 3343 5393 voluptatibus
3393 5326 3569 5377 victus
3616 5337 3753 5375 con-

2181 5417 2404 5471 ecdebat
2440 5438 2451 5472 :
2490 5419 2581 5472 sed
2615 5420 2793 5474 omnis
2846 5419 2957 5487 jam
3014 5421 3138 5474 vitae
3163 5419 3426 5473 mollioris
3494 5434 3557 5473 ac
3599 5418 3754 5469 volu-

2184 5512 2347 5580 ptatis
2379 5510 2552 5583 fragili
2600 5511 2851 5579 lluxaque
2880 5512 3221 5581 jucumlitate
3270 5526 3500 5565 excussa
3557 5513 3631 5570 ita
3676 5512 3754 5572 la-

2176 5603 2400 5656 boribus
2439 5620 2501 5657 ac
2526 5603 2819 5657 sudoribus
2846 5603 3059 5658 virtutis
3079 5618 3242 5658 causa
3270 5618 3389 5657 sese
3411 5604 3751 5662 excert-ebat,

2182 5804 2221 5833 ’⁵⁷
2250 5803 2429 5858 .losue.
2473 5820 2524 5866 κ,
2556 5804 2639 5857 l2.
2718 5801 2761 5834 ³⁸
2794 5801 2965 5856 Galat.
2998 5818 3068 5863 tv,
3101 5800 3189 5856 ‘26.
3251 5800 3292 5831 δ’
3326 5798 3483 5851 llcbr.
3535 5813 3629 5861 xu,
3662 5795 3754 5848 9.3.
