4092 6618
322 427 425 492 481

323 647 449 686 cum
477 629 609 684 illud
653 627 919 696 proferre,
952 637 1177 698 propter
1218 628 1478 683 nimirum
1519 627 1612 682 Dei
1640 627 1908 682 labiorum

324 736 632 783 sermones,
661 722 780 775 vias
800 735 863 776 se
893 722 1062 775 duras
1098 721 1410 776 custodisse
1438 721 1509 776 ⁸ο.

399 812 501 864 Alii
535 810 754 878 quidem
778 811 882 865 alia
918 812 1090 866 functi
1120 812 1342 877 virtute,
1392 819 1486 866 aut
1526 811 1723 866 divina:
1741 812 1914 882 parti-

326 905 478 974 cipes
551 903 680 958 facti
742 903 952 971 gratiae,
1005 903 1178 957 solam
1245 900 1389 957 forte
1458 903 1692 972 quisque
1756 918 1912 957 suam

326 1006 541 1051 astutem
575 993 838 1048 beneficio
869 993 1082 1048 afﬁcere
1112 994 1280 1048 velit:
1306 993 1602 1064 Gregorius
1635 1001 1817 1046 autem
1861 994 1914 1046 in

328 1104 395 1142 eo
451 1089 743 1150 laboravit,
803 1096 966 1156 atque
1012 1103 1232 1157 cperam
1286 1087 1490 1156 posuit.
1539 1094 1598 1140 ut
1647 1100 1753 1139 non
1805 1099 1919 1138 sua:

332 1180 602 1232 duntaxat
638 1178 806 1244 aetati,
840 1179 933 1232 sed
965 1188 1018 1233 et
1047 1179 1262 1232 cunctis
1304 1177 1467 1233 simul
1509 1177 1780 1245 ,deinceps
1829 1175 1918 1229 fu-

335 1272 479 1324 turis
545 1269 796 1322 divinam
865 1269 1092 1338 gratiam
1154 1269 1243 1322 Dei
1296 1266 1545 1336 exemplo
1598 1267 1916 1336 explicaret.

336 1363 523 1417 Sacris
589 1361 822 1431 eloquiis
898 1361 1141 1415 ﬂuminis
1199 1360 1372 1414 instar
1433 1377 1498 1414 ex
1555 1358 1675 1428 ejus
1734 1357 1918 1426 lingua

335 1455 653 1516 ﬂuentibus,
729 1451 1092 1520 doctrinaque
1159 1466 1255 1505 ore
1327 1449 1545 1512 tradita,
1617 1449 1684 1503 ad
1742 1450 1920 1527 ipsum

337 1547 603 1600 adeuntes
661 1560 942 1614 nunquam
996 1543 1269 1600 demereri
1317 1545 1590 1609 cessabat,
1654 1557 1917 1612 arguens,

338 1640 652 1708 increpans,
679 1639 977 1693 obsecrans
1007 1639 1077 1702 ",
1103 1638 1322 1707 pietatis
1352 1638 1585 1694 decretis
1607 1635 1675 1690 ad
1701 1635 1920 1705 sapien-

340 1735 504 1788 tiam.
540 1748 902 1802 componens,
1002 1717 1353 1789 sermonibus
1421 1731 1668 1786 veritatis
1733 1739 1926 1798 aptans

1050 427 1333 487 ORATIO
1367 427 1496 489 XX.
1523 454 1588 466 ·-
1628 428 1710 489 ΙΝ
1741 427 2054 488 LAUDENI
2105 425 2166 487 S.
2208 423 2589 485 GREGORII
2632 423 2908 484 THEOL.

326 548 386 591 ut
417 537 495 590 illi
544 548 708 605 quam
761 535 998 589 maxime
1057 545 1427 606 opportunum
1490 546 1639 591 es<et
1688 535 1985 599 Davidi-A

3489 421 3601 484 482

2103 536 2238 590 Cum
2267 533 2603 586 landatorias
2626 547 2689 584 ac
2715 544 2836 600 qua:
2857 531 2922 586 de
2952 529 3043 584 Dei
3075 529 3316 585 hominis
3347 529 3402 585 in
3435 546 3605 586 carne

2015 629 2232 698 negotio
2265 636 2391 681 sunt
2429 624 2706 679 orationes
2733 624 2872 694 lego,
2908 623 3106 693 quibus
3133 638 3318 678 sacras
3349 623 3605 678 solemni-

2020 730 2157 775 tates
2186 728 2434 782 exornat,
2484 717 2574 770 Dei
2614 731 2796 771 revera
2833 717 3061 770 vocibus
3099 715 3372 770 Ecclesias
3407 715 3608 769 illumi-

2016 828 2172 877 nans,
2213 820 2375 881 atque
2409 811 2710 874 oblectans,
2742 825 2866 863 cum
2917 808 3028 863 Elia
3053 811 3106 863 in
3137 809 3336 864 malum
3365 809 3514 863 levor
3535 808 3604 870 “,

2023 907 2294 977 igncaque
2323 904 2539 973 eloquia
2588 902 2730 958 haud
2783 918 2942 957 secus
2975 920 3040 957 ac
3074 903 3356 957 ﬂammeos
3411 917 3604 956 currus

2020 996 2368 1058 inscendens,
2423 995 2676 1048 sublimis
2706 994 2770 1047 ad
2805 992 3095 1047 Dominum
3142 995 3304 1049 tollor
3335 1013 3348 1048 :
3375 993 3605 1062 ejusque

2019 1088 2183 1141 etiam
2253 1086 2528 1150 melotem,
2596 1101 2759 1156 quam
2827 1085 3022 1142 Elisa'o
3081 1087 3294 1151 tribuit,
3361 1087 3606 1156 cogito;

2025 1179 2302 1249 quinimo,
2353 1193 2475 1246 quae
2533 1176 2609 1236 illi
2651 1181 2836 1232 cornés
2884 1189 2986 1240 est,
3042 1177 3312 1246 duplicem
3370 1178 3606 1247 Spiritus

2023 1271 2280 1342 gratiam,
2300 1284 2407 1338 qua
2439 1268 2643 1322 nedum
2670 1268 2965 1337 impietatis
2986 1269 3187 1324 ﬂuento
3213 1269 3524 1324 inhibentur
3541 1268 3608 1332 ⁸³,

2027 1378 2216 1418 verum
2252 1361 2416 1417 etiam
2455 1360 2672 1415 steriles
2701 1362 2899 1414 anima
2938 1359 3342 1417 fecundissima:
3367 1362 3606 1416 reddun-

2025 1464 2115 1511 tur
2146 1473 2161 1520 ;
2191 1469 2254 1510 ac
2286 1469 2408 1525 qua:
2437 1469 2531 1523 per
2555 1453 2676 1508 tidei
2706 1454 3026 1523 pravitatem
3072 1454 3416 1520 interierunt,
3476 1469 3600 1509 ere-

2027 1548 2230 1604 duntur
2286 1546 2452 1599 vitam
2500 1546 2742 1614 recipere
2772 1545 2839 1600 ⁸⁸.

2098 1643 2232 1695 Cum
2280 1639 2592 1694 antistitum
2651 1637 2860 1700 laudes,
2919 1651 2983 1690 ac
3028 1645 3325 1708 martyrum
3355 1653 3370 1702 ;
3397 1635 3462 1690 ad
3499 1636 3614 1690 haec

2029 1735 2217 1796 etiam,
2256 1747 2378 1801 quae
2434 1730 2604 1794 illius,
2661 1729 2906 1783 moribus
2950 1729 3298 1784 instituendis
3325 1729 3609 1782 “adhorta—

341 1837 505 1897 διψία
557 1829 836 1882 Ῑιιειΐυεηε
865 1867 880 1892 ι
910 1840 1250 1896 cunctosque
1296 1825 1363 1881 ad
1409 1822 1922 1893 contemplationem
1960 1808 2005 1862 Β
2032 1827 2206 1881 tiones
2241 1832 2460 1880 exstant
2493 1840 2507 1890 ;
2537 1823 2733 1877 divinae
2765 1823 2886 1893 ejus
2917 1821 3202 1892 sapientia:
3247 1822 3565 1877 varietatem
3597 1862 3613 1886 ,

342 1921 549 1991 pariter
604 1936 670 1975 ac
703 1921 972 1975 actionem
1023 1918 1304 1988 expeditos
1369 1916 1648 1988 agilesque
1700 1912 1926 1968 reddere

347 2010 586 2062 maxime
627 2011 878 2077 cupiens.
910 2005 1255 2074 Cuttscriptis
1285 2014 1468 2059 autem
1504 2003 1680 2058 sacris
1729 2017 1926 2056 monu-

348 2102 548 2156 mentis
581 2100 795 2154 futuros
847 2098 1102 2166 deinceps
1151 2114 1244 2167 per
1285 2106 1474 2153 aatates
1519 2095 1794 2150 aedificans
1822 2111 1836 2156 ;
1869 2093 1924 2147 in

349 2193 440 2259 iis,
473 2208 692 2247 eversos
713 2191 1047 2256 constabilit,
1083 2191 1269 2245 ﬁdeles
1290 2189 1578 2243 confirmat
1607 2205 1622 2255 ;
1654 2187 1747 2242 sed
1775 2195 1828 2240 et
1867 2200 1930 2239 os

350 2302 516 2341 omne
565 2287 821 2354 fremens,
868 2296 962 2340 aut
1007 2286 1150 2356 quod
1194 2286 1432 2340 futurum
1476 2294 1580 2349 est,
1626 2291 1686 2337 ut
1730 2281 1926 2337 fremat

351 2376 502 2448 loqui
543 2379 807 2434 adversus
837 2377 1007 2433 Deum
1051 2378 1392 2448 iniquitatem
1420 2378 1487 2445 δ’,
1524 2376 1780 2431 obstruit.

425 2470 599 2526 Tanta
623 2487 750 2526 vero
773 2471 1036 2540 Gregorio
1064 2471 1242 2526 exacti
1263 2469 1558 2536 sermonis,
1593 2484 1658 2524 ac
1684 2467 1934 2522 veritatis

356 2576 512 2624 cura,
542 2576 666 2615 cum
701 2571 1009 2624 venustate,
1042 2561 1385 2625 incitatione,
1419 2559 1829 2630 perspicuitate,
1862 2574 1927 2612 ac

354 2653 638 2724 gravitate,
697 2663 754 2708 ut
800 2669 1113 2723 quanquam
1176 2655 1328 2708 multi
1400 2653 1598 2723 saepius
1654 2668 1683 2706 a
1737 2650 1938 2706 saeculo

356 2748 637 2801 orationes
673 2747 1122 2815 conscripserint,
1169 2755 1266 2801 aut
1304 2747 1519 2800 divinas
1562 2744 1937 2800 enarrationes

356 2839 628 2892 ediderint
663 2853 678 2902 ;
709 2847 973 2906 quantum
1006 2839 1174 2892 stella:
1199 2854 1230 2892 a
1264 2839 1394 2893 solis
1423 2838 1692 2902 claritate,
1728 2845 1936 2892 tantum

360 2928 606 2983 universi
638 2929 705 2983 ab
745 2929 890 2985 illius
932 2930 1114 2984 divina
1161 2931 1546 3000 pradicatione
1593 2946 1658 2985 ac
1701 2931 1937 2999 eloquio,

357 3023 526 3093 vique
582 3038 920 3086 sermonum,
981 3023 1263 3079 deficiant.
1318 3023 1454 3094 Ego,
1503 3033 1772 3094 quantum
1817 3023 1944 3078 licet

361 3129 461 3183 pro
493 3115 657 3179 virili,
687 3115 885 3169 dicam.

439 3207 576 3260 Cum
614 3207 666 3259 in
719 3209 996 3262 orationes
1052 3207 1350 3262 invectivas
1405 3207 1610 3274 incido,
1651 3208 1853 3279 quibus
1898 3208 1944 3261 is

363 3293 563 3351 Juliatn
603 3299 1039 3368 praevaricatoris
1067 3300 1314 3353 confutat
1362 3299 1716 3363 dementiam,
1767 3299 1946 3352 numi-

367 3406 611 3459 numque
639 3392 921 3461 gentilium
970 3392 1346 3446 infelicitatem
1381 3407 1444 3446 ac
1499 3392 1788 3445 vanitatem
1818 3407 1948 3445 exa-

369 3485 505 3551 gitat
535 3501 549 3549 ;
585 3501 646 3538 ac
674 3486 874 3555 quibus
909 3502 1098 3547 eorum
1130 3485 1290 3548 Deos,
1322 3501 1386 3540 ac
1408 3486 1666 3539 demones
1695 3485 1947 3550 traducit,

369 3577 642 3632 Gedeonis
677 3579 915 3648 gladimn
955 3579 1131 3644 video,
1169 3588 1263 3632 aut
1289 3579 1434 3631 illius
1472 3587 1742 3633 trecentas
1767 3579 1947 3643 tubas,

371 3678 536 3737 atque
568 3670 867 3739 lampades,
897 3671 1095 3740 quibus
1129 3670 1464 3738 alienigenas
1494 3676 1752 3731 exterret,
1796 3684 1859 3723 ac
1894 3669 1946 3722 in

373 3772 652 3832 stuporem
682 3764 904 3818 vertit”
931 3781 946 3830 ;
976 3765 1321 3834 prOpI-iisque
1371 3764 1610 3832 ipsorum
1635 3778 1948 3816 sermonum

373 3855 828 3922 atqueactionum
855 3856 1085 3926 laqueis,
1114 3855 1314 3910 innecti
1363 3854 1512 3909 facit.
1539 3856 1645 3908 Aut
1677 3854 1884 3907 Barach
1905 3854 1952 3884 5"

373 3946 680 4017 Jt-phteque
705 3964 889 4002 ensem
942 3949 988 3980 "
1022 3966 1036 4014 ;
1075 3956 1171 4002 aut
1221 3946 1506 4000 Satnsonis
1563 3945 1953 4010 mandibulam,

376 4053 483 4105 qna
535 4038 719 4092 hostes
775 4038 984 4092 milleni
1055 4037 1298 4110 percussi
1350 4036 1748 4092 collidebantur
1795 4046 1958 4105 atque

376 4130 644 4183 cadebant
668 4130 732 4182 ³⁸.

449 4220 584 4275 Cum
634 4221 688 4275 in
723 4236 839 4286 eas,
891 4221 1093 4290 quibus
1127 4220 1250 4275 Filii
1308 4236 1371 4275 ac
1408 4219 1646 4289 Spiritus
1691 4218 1950 4274 Deitatem

380 4321 605 4374 tuetur,
680 4314 880 4382 quibus
956 4315 1385 4385 alienigenarum
1448 4313 1726 4367 decretura
1799 4327 1962 4366 omne

380 4419 545 4477 atque
576 4406 882 4461 doctrinam
909 4408 1211 4470 exscindit,
1241 4421 1304 4460 ac
1328 4405 1628 4475 praesertim
1656 4404 1960 4459 Macedonii

2028 1919 2462 1989 multipliciaque
2507 1933 2572 1973 ac
2611 1917 2810 1972 diversi
2866 1916 3082 1986 generis
3112 1917 3398 1988 opuscula,
3433 1931 3497 1970 ac
3534 1917 3617 1970 lu-

2029 2014 2380 2068 cubrationes
2411 2023 2605 2076 metro,
2643 2014 2934 2080 solutaque
2951 2012 3203 2067 oratione
3245 2026 3456 2066 mecum
3489 2025 3617 2080 per-

2032 2116 2230 2171 tracto,
2299 2105 2614 2160 Salomonis
2676 2104 2846 2158 animi
2902 2102 3232 2170 profundum
3294 2112 3613 2167 contueor;

2031 2199 2164 2268 quin
2188 2208 2241 2251 et
2271 2212 2380 2266 prae
2410 2196 2522 2259 illo,
2560 2210 2626 2250 ac
2655 2194 2834 2264 majus
2862 2195 3064 2264 aliquid
3095 2210 3389 2264 possumus
3410 2195 3615 2249 dicere.

2031 2287 2166 2342 Nam
2234 2285 2490 2341 Salomon
2540 2287 2784 2356 quidem,
2841 2302 2968 2341 cum
3018 2287 3366 2356 sapientiam,
3435 2301 3616 2339 rerum

2035 2383 2246 2437 scilicet
2314 2379 2601 2437 scientiam
2667 2381 2935 2449 petiissct,
2999 2396 3063 2435 ac
3092 2381 3389 2450 accepisset
3411 2379 3504 2445 “’;
3538 2381 3617 2433 sic

2035 2476 2432 2529 elementorum
2459 2475 2691 2538 indoles,
2723 2476 3043 2529 animalium
3077 2481 3256 2537 ortus,
3301 2474 3609 2542 plantarum

2038 2568 2250 2622 diversa
2294 2584 2516 2639 genera,
2549 2585 2613 2624 ac
2636 2585 2828 2624 eorum
2872 2584 2996 2639 qua;
3026 2567 3130 2622 sub
3164 2567 3277 2622 sole
3328 2574 3478 2629 sunt,
3527 2572 3622 2617 aut

2043 2659 2200 2725 fiunt,
2251 2662 2598 2730 Operationes
2663 2663 2917 2731 viresque
2947 2659 3285 2714 intellexisse
3317 2657 3620 2728 perbibitus

2045 2763 2151 2819 est,
2184 2760 2245 2807 ut
2272 2754 2620 2822 superiorum
2651 2755 2918 2809 exstiterit
2943 2768 3103 2807 nemo
3139 2753 3242 2806 hac
3289 2752 3364 2805 illi
3397 2749 3623 2803 scientia

2044 2861 2163 2916 par,
2196 2854 2290 2902 aut
2320 2856 2444 2917 post
2477 2862 2600 2902 eum
2638 2858 2992 2903 surrecturus
3027 2847 3099 2901 sit
3125 2844 3500 2913 “.Gregorius
3529 2857 3624 2896 an-

2048 2947 2154 2992 tem
2209 2954 2334 2994 cum
2388 2939 2630 2992 humana
2674 2937 2765 2992 illa
2815 2937 3086 3007 sapientia
3143 2935 3302 2998 ntbil,
3357 2950 3420 2988 ac
3479 2942 3628 2986 certe

2047 3047 2242 3100 parum
2287 3031 2418 3100 quid
2450 3047 2480 3085 a
2527 3029 2822 3085 Salomone
2877 3031 3264 3094 deficeret;ea
3323 3043 3421 3081 ceu
3473 3026 3626 3079 rudi-

1973 3145 2018 3208 ο
2051 3125 2336 3184 mentoad
2363 3125 2605 3180 divinam
2660 3125 2988 3193 sapientiam
3046 3138 3204 3185 usus,
3267 3131 3481 3175 tantum
3537 3118 3626 3172 illa

2051 3215 2329 3269 Salomoni
2392 3213 2712 3285 praecelluit,
2762 3225 3031 3284 quantum
3087 3211 3347 3266 Salomon
3402 3211 3630 3279 reliquis

2051 3310 2340 3380 pra-fulsit.
2389 3309 2467 3365 Ac
2501 3310 2720 3381 quidem
2771 3311 2886 3375 ille,
2927 3316 3235 3364 creatorum
3283 3321 3341 3361 se
3387 3315 3632 3358 contem-

2052 3404 2278 3472 plationi
2330 3403 2557 3466 dedens,
2619 3401 2994 3472 perspicacem
3057 3399 3112 3452 in
3171 3412 3236 3452 ea
3297 3394 3466 3450 animi
3523 3394 3630 3446 vim

2054 3495 2282 3550 insumit
2317 3511 2332 3560 ;
2365 3495 2454 3549 hic
2500 3502 2682 3548 autem
2737 3509 2800 3549 ex
2844 3493 3046 3548 creatis
3081 3475 3150 3546 ad
3191 3486 3634 3558 incomprehensi

2029 3605 2220 3658 .supra
2271 3604 2433 3659 quam
2473 3588 2711 3658 ignotam
2766 3585 3019 3640 notitiam
3068 3594 3430 3646 transvectus,
3486 3597 3638 3635 surn-

2057 3697 2255 3749 meqne
2293 3681 2584 3752 mysticam
2614 3694 2677 3733 ac
2714 3676 3188 3733 abstrusissimam
3214 3685 3408 3729 nactus
3438 3673 3642 3726 incom-

2055 3772 2498 3841 prehensionem,
2559 3784 2736 3838 eaque
2799 3768 3162 3838 apprehensa,
3220 3765 3392 3834 ipsam
3453 3765 3507 3815 in
3571 3777 3635 3814 ea

2057 3864 2576 3934 contemplationem
2607 3862 2773 3916 sistit.

2130 3959 2209 4013 Ac
2243 3957 2463 4027 quidem
2500 3955 2763 4008 Salomon
2789 3951 3184 4006 multiformem
3262 3964 3324 4002 ac
3365 3944 3642 4000 dividuam

2058 4057 2269 4102 naturae
2289 4046 2482 4100 doctus
2515 4046 2798 4105 rationem,
2829 4041 3200 4110 intelligentia:
3245 4035 3640 4091 abundantiam

2061 4139 2250 4194 multis
2283 4137 2437 4191 libris
2462 4135 2627 4191 editis
2653 4133 2987 4204 produxisse
3036 4131 3288 4202 proditus
3335 4140 3420 4184 est
3459 4145 3473 4182 :
3511 4128 3647 4182 Grc-

2072 4231 2262 4301 gorius
2294 4240 2477 4284 autem
2514 4239 2728 4282 naturae
2762 4241 2927 4294 supra
2955 4241 3121 4295 quam
3175 4225 3374 4278 divina:
3431 4222 3650 4276 Unitate

2063 4340 2127 4380 ac
2159 4323 2427 4377 Trinitate
2454 4321 2659 4380 eximie,
2701 4327 2984 4388 perspecta
3018 4333 3083 4373 ac
3127 4316 3415 4371 intellecta.
3443 4328 3651 4369 sermo-

2069 4416 2154 4470 nis
2193 4414 2548 4485 pulcherrimi
2581 4413 2653 4472 vi,
2693 4427 2756 4465 ac
2807 4410 3120 4464 illustrante
3171 4408 3398 4462 Deitatis
3455 4406 3650 4471 gratia,

379 4503 611 4570 Ariique
677 4516 740 4555 ac
771 4500 1086 4570 sequacium
1127 4500 1494 4570 impudentem
1531 4508 1779 4566 amputat
1841 4497 1942 4550 bla-

2068 4512 2284 4564 cunctis
2314 4507 2478 4561 simul
2505 4506 2756 4561 aetatibus
2786 4505 2968 4559 divina
2995 4502 3102 4556 alte
3143 4499 3419 4555 edisserit.
3474 4499 3653 4557 Atque

387 4594 910 4666 spbetniam,statim
941 4592 1247 4646 admirandi
1274 4591 1419 4646 illius
1452 4591 1672 4645 Davidis
1704 4589 1962 4644 facinoris

385 4690 633 4752 tuemini,
681 4689 879 4759 triplici
929 4687 1106 4759 lapide
1151 4686 1321 4741 funda
1383 4696 1559 4742 rotato
1603 4687 1961 4757 alienigenam

382 4782 766 4852 percutientis,
793 4793 956 4852 atque
1001 4796 1204 4849 procax
1235 4780 1369 4834 illud
1399 4787 1563 4849 caput
1603 4778 1962 4848 amputanlis,

383 4893 448 4932 ac
491 4877 687 4931 salutis
716 4878 887 4931 cor‘nu
935 4875 1118 4930 Israeli
1153 4874 1419 4945 erigentis
1443 4875 1488 4905 ⁸⁷
1517 4891 1530 4926 :
1561 4882 1654 4927 aut
1695 4871 1966 4926 Samuelis

386 4973 480 5025 illo
523 4959 871 5040 superiorum
905 4971 1234 5031 tonitruum,
1272 4978 1435 5036 atque
1463 4965 1766 5036 fulgurum,
1795 4967 1964 5020 vehe-

388 5067 767 5134 tnenliumque
789 5079 817 5118 e
843 5064 982 5118 caelo
1009 5063 1288 5126 imbrium,
1315 5061 1513 5130 quibus
1543 5060 1590 5116 is
1617 5059 1965 5129 insipientem

392 5158 648 5212 lsraelem
704 5157 991 5212 erudiebat
1020 5155 1066 5187 ⁸⁸
1096 5172 1108 5208 :
1142 5164 1238 5208 aut
1269 5154 1410 5223 ignis
1459 5152 1610 5220 Eli-ae,
1653 5167 1763 5222 quo
1817 5151 1972 5205 holo-

392 5260 582 5302 causta
634 5263 700 5302 ac
747 5248 892 5319 ligna
941 5247 1279 5315 consumpsit
1311 5247 1399 5309 In;
1452 5245 1526 5300 uti
1580 5244 1742 5299 etiam
1788 5255 1972 5313 postea

391 5342 485 5394 illo
516 5340 747 5394 duorum
764 5339 1353 5410 quinquagenariorum
1371 5337 1672 5406 principum
1689 5335 1974 5390 audaciam

393 5432 651 5487 contrivit
682 5433 748 5495 ⁸ο,
783 5443 877 5489 aut
924 5433 1042 5501 ejus
1083 5432 1256 5502 ipsius
1304 5428 1468 5496 gladii
1519 5445 1626 5498 quo
1670 5429 1969 5499 prophetas

394 5523 735 5604 confusionis
770 5526 868 5596 (id
907 5533 1011 5590 est,
1040 5525 1169 5579 Baal
1195 5527 1214 5595 )
1239 5524 1546 5594 justissime
1586 5524 1860 5578 interemit
1903 5522 1963 5576 δ’.

2073 4603 2162 4657 ille
2192 4602 2435 4671 quidem,
2464 4616 2552 4665 ea,
2598 4615 2720 4669 qua:
2743 4599 2926 4653 saeculi
2961 4613 3062 4652 ustt
3104 4596 3374 4656 eonsisrit,
3433 4592 3655 4647 solertia

2073 4710 2139 4750 ac
2170 4694 2544 4750 sollicitudine
2601 4694 2800 4753 elatus,
2832 4707 2896 4745 ac
2935 4689 3117 4745 carnis
3142 4689 3424 4758 prudentia
3455 4685 3655 4744 victus,

2077 4803 2243 4858 quam
2299 4787 2512 4856 procul,
2562 4787 2709 4840 heul
2763 4786 2833 4838 ab
2890 4783 3086 4852 Spiritu
3143 4781 3403 4840 recessit,
3467 4791 3657 4832 eorum

2075 4883 2297 4935 nomine
2320 4897 2441 4950 qua:
2480 4879 2584 4934 sibi
2615 4877 2898 4948 deligenda
2933 4875 3143 4946 putavit
3168 4875 3269 4943 (ne
3292 4872 3422 4941 quid
3469 4869 3660 4923 nefan-

2077 4974 2206 5027 dum
2258 4971 2485 5040 dicam)
2526 4972 2796 5039 vituperio
2843 4969 3042 5038 dignus
3087 4968 3153 5019 ⁸⁸.
3212 4967 3280 5018 At
3333 4961 3657 5030 Gregorius,

2078 5065 2170 5132 qtti
2215 5063 2420 5130 Spiritu
2449 5062 2539 5115 Dei
2571 5069 2824 5131 ageretur
2852 5060 2918 5120 ⁸⁷,
2955 5071 3270 5126 quanquam
3298 5054 3362 5108 ad
3395 5050 3662 5118 ejusmodi

2083 5155 2364 5222 sapientiai
2399 5154 2623 5221 pelagus
2664 5158 2934 5211 evaserat,
2973 5147 3133 5200 facile
3181 5157 3387 5207 tamen,
3439 5157 3503 5195 ac
3553 5139 3665 5193 leni

2085 5230 2227 5298 aura.
2272 5244 2510 5310 navigat,
2567 5240 2758 5294 divino
2807 5239 3021 5294 scilicet
3066 5235 3270 5304 Spiritu
3312 5250 3405 5302 per
3434 5233 3664 5299 spirita-

2087 5338 2198 5396 lem
2217 5335 2590 5403 disc'plinam,
2616 5333 2843 5402 vitaeque
2872 5331 3265 5384 institutionem
3293 5326 3359 5380 ad
3381 5325 3664 5378 cmlestem

2079 5425 2486 5496 superrmlestis
2527 5423 2806 5493 sapientia:
2851 5431 3070 5491 portum
3117 5420 3293 5488 ipsum
3346 5414 3663 5482 dirigente;

2078 5519 2366 5588 c'arnisqnc
2423 5516 2718 5571 affectuum
2782 5529 2846 5569 ac
2902 5513 3212 5578 libidinum,
3266 5519 3523 5578 tanquam
3565 5505 3668 5558 tln-

466 5698 513 5731 '°
540 5697 682 5757 Psal.
714 5718 825 5760 xvt,
857 5702 911 5755 4.

397 5785 471 5831 XI,
501 5771 592 5824 52.

402 5857 438 5905 ι,
465 5845 518 5894 9.

402 5927 440 5975 ι,
477 5915 562 5966 10.

989 5702 1030 5734 ⁸¹
1060 5701 1100 5755 li
1145 5701 1286 5755 Tim.
1318 5717 1393 5762 IV,
1433 5702 1516 5756 l5.
1623 5701 1667 5731 δ’
1701 5699 1844 5754 Psal.
1885 5715 1942 5762 tt,

2133 5699 2178 5729 aa
2210 5695 2386 5751 hunc.
2446 5711 2541 5757 γη,
2569 5694 2659 5749 20.
2769 5693 2814 5724 "
2846 5691 3024 5747 Judic.
3091 5707 3163 5755 tv,
3197 5688 3302 5762 ‘16.

687 5773 732 5805 ⁸⁸
768 5773 947 5828 Judie.
1006 5789 1094 5836 xv,
1142 5773 1227 5826 1’5.
1325 5751 1416 5824 ⁸⁷ἰΙ
1456 5776 1582 5840 lleg.
1628 5787 1757 5830 xvtt,
1787 5771 1875 5822 40.
1931 5751 1942 5762 ’

2058 5769 2072 5821 Ι
2117 5771 2249 5840 Βρεξζ
2289 5786 2382 5826 χιι,
2426 5751 2557 5840 17.:
2588 5769 2654 5840 _”
2781 5764 2912 5840 Reg.
2966 5777 3118 5828 xvrlt,

596 5842 636 5872 ⁶¹
677 5842 746 5896 Ill»
774 5842 902 5908 lieg.
937 5833 1089 5904 xviri,
1115 5843 1202 5897 Μ).
1283 5845 1326 5874 ⁶²
1381 5842 1446 5895 IV
1486 5833 1614 5905 lieg.
1643 5857 1702 5896 ιι.
1730 5843 1764 5892 ιν)
1818 5855 1942 5908 .seqr

2046 5840 2089 5870 ⁸³
2122 5833 2350 5904 lV'Reg.
2407 5856 2505 5901 xu,
2542 5838 2627 5892 Μ.
2707 5838 2751 5908 θὲ
2783 5833 2845 5887 IV
2877 5834 3005 5906 Reg.
3050 5850 3122 5900 tv,
3158 5833 3243 5887 16.

665 5914 706 5960 ιε
746 5914 813 5967 ιιι
852 5907 979 5984 lteg.
1010 5931 1090 5981 ιιι,
1119 5916 1181 5967 1:2
1213 5933 1227 5981 ;
1265 5930 1338 5978 Iv,
1373 5915 1459 5967 so.
1540 5915 1582 5942 δε
1614 5912 1676 5965 ιιι
1707 5910 1837 5981 ιιειε.
1875 5907 1932 5973 ιιί,

2046 5924 2184 5977 seqq.
2263 5911 2303 5940 ³⁷
2346 5912 2502 5963 llom.
2538 5925 2653 5967 vut,
2689 5907 2777 5962 14.

3408 5689 3453 5720 ⁸⁵
3485 5686 3665 5742 Judic.

3358 5762 3402 5791 «³ο
3433 5759 3496 5812 tv
3535 5759 3665 5825 lteg.

3323 5832 3390 5863 “‘
3417 5831 3454 5884 Il
3490 5830 3663 5883 l‘aral.
