4092 6598
477 422 584 488 483

1591 392 1598 396 ’
1639 417 1933 480 ΝΙΟΕΤίΕ
1993 413 2521 478 ΡΑΡΙιωθοΝιε

3649 399 3756 465 484

479 550 666 593 ctuum
697 537 1018 606 insurgente
1046 533 1095 589 vi
1145 541 1334 589 natatu
1371 531 1646 603 superior,
1681 540 1845 600 atque
1891 543 2063 583 emer-
2093 533 2138 586 Α
2166 541 2359 580 eorum
2394 525 2494 594 ipsi
2529 523 2759 579 consilia
2802 527 3102 592 sequantur
3129 517 3497 588 ;‘malnntquc
3527 514 3629 568 sibi
3659 529 3756 568 eos

479 639 634 694 gens,
666 625 943 680 tutissimo
981 627 1128 693 exitu
1157 623 1327 679 animi
1357 623 1635 695 propriam
1660 621 2064 691 navigationem

476 718 810 789 obsignavit,
853 732 917 772 ac
951 718 1168 772 clausit.

552 812 846 883 Postquam
875 822 1080 874 autem,
1137 824 1300 879 quam
1339 809 1440 864 sibi
1475 807 1816 878 propositam
1856 807 2065 861 habue-

490 913 577 957 rat
636 902 986 972 inipensioris
1013 901 1162 956 illius
1201 901 1419 956 consiEii
1474 901 1769 966 actionem,
1825 899 2064 954 faustum

483 995 670 1058 ﬁnem,
697 1010 759 1049 ac
796 1009 894 1064 pro
925 994 1044 1062 cjns
1073 993 1392 1062 diligentia,
1433 1009 1498 1048 ac
1530 994 1646 1065 spei
1679 994 1894 1050 ratione
1933 1009 2066 1048 eon-

478 1094 812 1157 s-enientem,
870 1093 1009 1147 vidit
1038 1093 1352 1162 accepisse;
1393 1091 1544 1147 omni
1581 1091 1790 1146 scilicet
1817 1089 2063 1162 populari

475 1186 713 1240 tumultu
773 1200 837 1240 ac
885 1185 1256 1250 contentione,
1295 1185 1801 1254 Anomteorumque
1866 1185 2066 1254 lingua:

475 1277 830 1349 improbitate
886 1292 951 1331 ac
977 1277 1411 1332 contradictione
1439 1277 1612 1332 divisa
1633 1291 1879 1347 prorsus,
1903 1286 2065 1345 atque

475 1369 811 1433 conscissa;
851 1369 1112 1439 omnique
1173 1384 1333 1424 sacro
1397 1368 1842 1424 Orthodoxorum
1916 1376 2060 1422 cwtu

477 1462 656 1516 sacris
708 1461 972 1518 Ecclesiis
1015 1462 1292 1528 restituto,
1343 1461 1533 1531 sicque
1582 1461 1786 1517 virtute
1843 1476 1909 1516 ac
1961 1461 2064 1516 ﬁde

475 1553 686 1617 adulto,
730 1562 790 1606 ut
817 1568 986 1623 super
1021 1568 1118 1609 eos
1145 1552 1329 1607 divina
1378 1553 1605 1606 omnino
1643 1552 1892 1607 eﬁlorero
1937 1567 2064 1606 san-

477 1643 737 1699 ctiﬁcatio
773 1645 1185 1714 conspiceretur
1214 1645 1281 1699 “'.
1311 1643 1553 1699 Aderant
1578 1643 1795 1713 quidem
1823 1658 2060 1713 quorum

476 1735 745 1790 adventus
816 1737 1241 1806 exspectabatur
1337 1736 1746 1806 prarstantiores
1819 1735 2060 1805 episcopi

476 1836 644 1894 atque
681 1839 983 1895 proceres;
1021 1826 1272 1892 aderant,
1307 1841 1417 1881 non
1466 1835 1528 1880 ut
1563 1825 1836 1882 Ecclesias
1890 1826 2059 1882 colla-

478 1932 604 1986 psas
628 1917 906 1987 erigerent
941 1917 1085 1988 (jam
1117 1918 1263 1973 enim
1293 1917 1438 1974 sacri
1469 1918 1732 1975 antistitis
1761 1919 2059 1973 sudoribus

479 2007 530 2062 id
571 2018 696 2062 ante
730 2010 986 2078 prarclare
1013 2010 1318 2079 praestitum
1351 2010 1513 2080 erat),
1542 2011 1640 2067 sed
1669 2020 1728 2065 ut
1757 2011 1906 2066 illius
1939 2020 2059 2066 acta

477 2098 887 2153 conﬁrmarent.
926 2098 1046 2154 Non
1077 2110 1136 2154 ut
1193 2110 1476 2156 nutantem
1535 2100 1698 2157 ﬁdem
1780 2101 2062 2156 ﬁrmarent

477 2205 544 2244 ac
593 2191 955 2259 stabilirent(
998 2208 1163 2262 quam
1221 2193 1312 2248 ille
1362 2191 1523 2249 factis
1597 2209 1662 2249 ac
1712 2194 2059 2250 sermonibus

474 2283 846 2340 adamantinis
866 2286 1347 2356 communiverat),
1374 2290 1466 2341 sed
1510 2295 1568 2341 ut
1601 2292 1723 2356 ejus
1752 2287 1820 2341 de
1850 2287 2060 2342 Deitate

473 2374 780 2428 doctrinam
813 2375 1028 2430 calculo
1054 2378 1441 2445 approbarent.
1467 2373 1577 2430 Nec
1606 2387 1663 2430 ut
1694 2376 2061 2431 Consubstan-

473 2466 720 2522 tialitatis
782 2467 1015 2536 gloriam
1073 2477 1203 2521 tunc
1257 2467 1480 2537 Spiritui
1517 2466 1816 2531 deferrent,
1850 2467 2056 2522 Deum-

470 2573 576 2626 que
607 2559 812 2627 pariter
841 2575 906 2615 ac
956 2559 1172 2614 Patrem
1221 2558 1532 2630 Filiumque
1584 2569 1914 2626 assererem,
1961 2561 2057 2616 sed

471 2659 533 2704 ut
566 2665 761 2707 omnes
795 2653 1077 2706 communi
1111 2652 1394 2725 suﬂragio,
1434 2653 1582 2708 illius
1613 2653 1816 2709 divinis
1859 2655 2059 2724 praedi-

469 2743 785 2799 cationibus
811 2746 1211 2801 consentirent.

541 2836 701 2903 Quod
731 2837 878 2893 enim
917 2854 1117 2910 magno
1162 2840 1316 2910 prius
1349 2841 1573 2897 tonitrui
1607 2840 1720 2896 lilio
1757 2842 1802 2874 “
1829 2857 2058 2898 conces-

470 2943 594 2984 sum
623 2935 728 2994 est,
757 2930 826 2984 ad
872 2929 1154 3001 Unigeniti
1186 2931 1417 3003 gloriam
1456 2932 1782 2995 declararet,
1832 2948 1896 2989 ac
1944 2949 2057 3004 prae

470 3020 699 3090 reliquis
749 3021 1170 3090 Evangeliorum
1231 3023 1614 3093 scriptoribus,
1669 3024 1846 3092 ipsum
1883 3023 2054 3078 Deum

468 3116 616 3172 clare
645 3117 970 3188 praedicaret
1002 3119 1405 3188 ;quamobrem
1452 3119 1617 3174 etiam
1648 3120 1784 3174 scite
1816 3117 2054 3174 Theolo-

2171 619 2445 682 a.ldicere,
2481 633 2645 688 qram
2679 625 2738 671 ut
2763 615 2798 668 ii
2841 614 3057 685 pietatis
3092 613 3208 683 lege
3252 611 3384 681 ipsis
3407 609 3752 664 addicantur.

2171 711 2292 781 Ipse
2321 726 2470 774 vero,
2492 727 2615 765 cum
2645 710 2914 763 hactenus
2937 706 3193 762 omnibus
3217 705 3430 774 placere
3459 700 3755 757 sustinuis-

2168 810 2271 864 set,
2309 813 2368 854 ut
2401 799 2546 869 quod
2581 801 2635 852 in
2692 799 2808 867 ipso
2843 809 2980 860 erat,
3013 797 3171 866 juxta
3201 810 3459 863 magnum
3518 793 3755 862 Aposto-

2170 894 2280 946 lum
2312 895 2356 924 "
2397 909 2588 947 omnes
2618 889 2964 946 lucrifaceret
2998 907 3012 955 ;
3042 889 3196 959 'qttod
3241 888 3474 956 amplius
3517 894 3623 950 est,
3666 901 3755 939 ve-

2174 984 2254 1038 lut
2278 984 2442 1038 studii
2479 983 2701 1037 libidine
2739 981 3095 1051 placendi,ac
3121 977 3507 1033 assentationis
3541 978 3749 1030 crimen

2167 1079 2519 1142 submovens,
2556 1074 2878 1145 dilllansque
2909 1091 2924 1140 ;
2985 1087 3197 1126 necnon
3230 1071 3350 1140 ejus
3401 1085 3564 1138 quam
3599 1083 3753 1122 ama-

2168 1177 2319 1223 verat
2351 1185 2380 1223 a
2414 1168 2704 1239 principio,
2749 1167 3206 1234 coalumnamque
3242 1163 3526 1225 habuerat,
3576 1161 3753 1230 philo-

2166 1263 2372 1332 sophia:
2393 1277 2557 1330 supra
2585 1264 2807 1314 modum
2847 1258 3118 1314 desiderio
3145 1271 3410 1312 accensus
3443 1273 3458 1322 ;
3481 1268 3754 1322 unamque

2165 1354 2371 1418 s-detn,
2405 1368 2695 1422 supernam
2722 1352 2950 1413 scilicet,
2982 1349 3121 1402 nulli
3161 1347 3380 1402 invidia:
3421 1346 3750 1414 expositam,

2166 1461 2230 1501 ac
2287 1445 2819 1511 intransl‘eribilem;
2869 1444 2992 1497 vitae
3055 1451 3234 1495 autem
3289 1439 3455 1507 hujus
3503 1437 3751 1491 laborum

2166 1541 2493 1603 mercedem,
2521 1539 2643 1608 ejus
2699 1555 3009 1604 ascensum,
3051 1551 3260 1607 proque
3291 1535 3380 1588 illa
3420 1533 3751 1598 sessionem,

2164 1633 2394 1696 sciens;
2434 1647 2597 1702 quem
2655 1631 2907 1685 homines
2953 1629 3216 1684 honorem
3248 1627 3544 1688 deferrent,
3597 1641 3753 1693 sper-

2162 1728 2276 1793 nit;
2311 1725 2606 1795 litibusqne
2636 1724 2936 1794 expositam
2970 1724 3179 1778 sedium
3221 1720 3520 1776 celsitatem
3552 1718 3751 1773 volenti

2165 1818 2411 1886 cedens;
2464 1834 2528 1873 ac
2583 1816 2713 1872 Vale
2765 1817 3042 1882 Ecclesiae,
3101 1813 3472 1885 Augustisque
3538 1812 3751 1875 dicens,

2093 1884 2136 1945 Β
2167 1910 2391 1966 urbanis
2441 1926 2500 1965 se
2533 1910 2730 1974 turbis,
2773 1925 2836 1964 ac
2880 1908 3111 1979 negotiis
3143 1907 3412 1972 eximens,
3464 1905 3530 1960 ad
3584 1915 3754 1960 terre-

2164 2019 2290 2056 nam
2324 2002 2586 2057 hactenus
2610 2002 2842 2072 patriam
2877 2001 3227 2069 commigrat.

2235 2095 2368 2148 illuc
2432 2095 2629 2148 iterum
2692 2108 2992 2157 reversus,
3076 2100 3413 2162 paterneque
3484 2089 3747 2154 Ecclesia,

2163 2186 2461 2240 amentium
2512 2185 2632 2241 labe
2693 2196 2920 2256 purgata
2980 2185 3520 2255 Apollinaristarum,
3589 2192 3752 2253 atque

2161 2279 2485 2334 domesticis
2518 2280 2638 2333 ﬁdei
2673 2279 2870 2334 tradita
2905 2296 2920 2345 ;
2957 2294 3021 2332 ac
3057 2287 3170 2332 tum
3226 2277 3445 2341 exinde,
3477 2278 3530 2330 in
3593 2285 3751 2330 terra:

2162 2373 2418 2442 angulum
2453 2369 2734 2425 solitarius
2752 2370 3033 2434 secedens,
3059 2368 3127 2424 ab
3146 2369 3484 2424 exteriorum
3514 2381 3574 2422 se
3593 2364 3743 2420 curis

2161 2465 2384 2518 omnino
2419 2462 2730 2533 collegisset
2764 2480 2778 2528 ;
2814 2461 3181 2516 Ecclesiarutn
3211 2462 3430 2530 quidem
3485 2457 3750 2528 praesides

2162 2573 2260 2626 per
2317 2557 2582 2628 epistolas
2627 2556 3069 2614 cuttstabilicndo
3112 2553 3580 2625 coagmentabat;
3636 2551 3750 2620 ipse

2162 2665 2292 2703 vero
2327 2649 2554 2719 potioris
2589 2649 2641 2702 vi
2698 2647 3194 2719 contemplationis,
3237 2643 3751 2713 absolutissimaque

2160 2740 2508 2812 philosophia
2540 2756 2804 2812 supremo
2835 2739 3182 2796 desiderabili
3212 2752 3576 2795 consueSt-ens
3607 2777 3623 2803 ,
3687 2749 3752 2788 ac

2159 2839 2250 2908 ipo
2280 2853 2608 2894 arcanorum
2635 2847 2965 2906 praeceptore
2996 2845 3175 2901 utens,
3208 2850 3424 2889 omnem
3464 2843 3576 2889 tum
3615 2832 3752 2900 ligu-

2159 2929 2356 2983 ralium
2425 2944 2710 2983 sacrorum
2767 2927 3144 2998 symbolarum
3208 2924 3522 2995 expressius
3575 2919 3751 2992 perie-

2161 3022 2412 3096 ctiusque
2452 3037 2637 3077 veram
2701 3022 2950 3075 notitiam
3002 3021 3412 3086 docetur;tum
3474 3027 3527 3071 et
3575 3017 3747 3086 ipsam

2161 3115 2456 3187 symbolica
2507 3115 2658 3169 omni
2700 3114 3180 3185 repraesentatione
3229 3113 3563 3182 superiorem
3599 3149 3614 3174 ,
3645 3108 3754 3162 illi-

468 3224 570 3278 gus
599 3221 952 3282 nuncupatus
983 3221 1069 3266 est
1099 3230 1113 3280 ;
1149 3213 1252 3268 hoc
1288 3214 1465 3283 ipsum
1492 3215 1672 3282 plane,
1719 3214 1847 3270 huic
1889 3232 2051 3285 quem
2083 3231 2124 3288 ο
2161 3225 2267 3280 que
2303 3209 2660 3272 emittentem.
2688 3208 2933 3263 Vel'ilalis
2967 3207 3274 3262 δοίθηιίωιιο

469 3303 783 3372 laudamus,
846 3305 994 3376 quod
1065 3305 1132 3360 ad
1189 3305 1529 3361 Paracletum
1597 3305 1812 3370 attinet,
1870 3316 2057 3376 postea

469 3393 738 3448 donatum
770 3403 874 3450 est.
906 3395 1044 3449 Cum
1075 3394 1223 3450 enim
1256 3395 1348 3450 alii
1392 3410 1424 3449 a
1467 3394 1680 3451 Deitate
1727 3405 2056 3450 extraneum

469 3485 748 3540 traderent
790 3501 806 3550 ;
843 3486 934 3540 alii
988 3471 1390 3556 componerent
1439 3487 1659 3557 quidem
1720 3487 1942 3553 Deitati,
2001 3497 2058 3541 ut

467 3587 649 3631 tamen
686 3578 865 3646 palam
909 3577 1079 3633 Deum
1112 3590 1516 3648 nuncuparent,
1563 3580 1748 3636 induci
1779 3597 1886 3634 non
1932 3598 2057 3650 pos-

466 3678 591 3723 sent
625 3687 640 3736 ;
679 3671 774 3725 sed
807 3671 889 3727 vel
919 3687 1032 3726 suae
1080 3672 1182 3742 ipsi
1224 3673 1476 3742 ignaviae,
1516 3673 1600 3728 vel
1632 3673 2052 3730 imbecilliorum

466 3759 667 3813 animis
726 3774 790 3814 ea
852 3762 1249 3828 temperatione
1310 3762 1662 3817 consulerent
1697 3779 1712 3829 ;
1747 3767 1897 3819 solus
1943 3764 2053 3828 hic,

465 3851 791 3921 primusque
816 3852 928 3907 fere
958 3869 1067 3922 prec
1102 3855 1362 3910 omnibus
1389 3854 1655 3925 Spiritum
1688 3857 1857 3911 Deum
1910 3856 2054 3912 Patri

465 3960 532 4000 ac
596 3943 779 4000 Verbo
827 3949 1353 4003 consubstantialem
1408 3949 1704 4019 perspicue
1783 3965 1848 4005 ac
1897 3950 2055 4005 valde

463 4039 609 4092 clare
655 4037 967 4109 ﬁduciaque
1031 4041 1350 4109 praedicavit
1386 4059 1400 4108 ;
1433 4040 1593 4111 cujus
1653 4042 1819 4096 etiam
1867 4042 2053 4098 libera:

465 4129 880 4198 praedicationis
925 4131 1532 4202 magniﬁcentissimum
1582 4134 1868 4204 praemium
1917 4149 2050 4189 con-

461 4233 686 4279 secutus
757 4233 862 4288 est,
934 4233 994 4279 ut
1057 4240 1162 4294 qua
1228 4225 1351 4279 aliis
1419 4235 1646 4295 praestat
1707 4226 2048 4291 excellentia,

461 4313 728 4386 Theologi
779 4315 981 4373 nomen
1026 4318 1463 4383 nancisceretur,
1512 4319 1630 4374 auri
1682 4319 1892 4375 scilicet
1930 4319 2050 4375 the-

458 4408 644 4462 sauris
702 4408 1226 4473 innumerabilibus,
1280 4409 1612 4480 cunctisque
1673 4411 1931 4482 pretiosis
1973 4411 2052 4466 la-

459 4495 679 4564 pidibus
710 4497 868 4566 longe
902 4498 1129 4554 clarius.

531 4583 702 4640 Sacro
761 4587 929 4657 igitur
990 4590 1376 4660 episcoporum
1451 4603 1632 4658 cmtu,
1689 4594 2052 4664 universaque

456 4678 702 4742 cititate,
744 4682 890 4749 quod
931 4681 1180 4738 Ecclesia
1233 4685 1460 4740 victoria
1495 4687 1780 4756 potiretur,
1816 4688 1868 4741 id
1921 4701 2054 4743 vero

454 4769 580 4837 ejus
610 4773 991 4838 certaminum,
1030 4774 1298 4842 laborutn,
1325 4793 1640 4833 sermonum
1685 4779 1918 4841 facinus.
1951 4795 2051 4835 ceu

464 4879 579 4916 rem
607 4866 756 4917 omni
795 4867 1060 4936 majorem
1082 4869 1187 4922 lide
1210 4870 1558 4935 testantibus,
1599 4872 1759 4940 eique
1787 4875 2051 4926 mutatio-

457 4957 542 5009 nis
564 4955 615 5008 in
637 4957 832 5012 melius
853 4975 1075 5014 causam
1097 4962 1521 5027 ascribentibus,
1547 4979 1610 5018 ac
1643 4965 1790 5019 velut
1825 4964 2051 5034 dignum

456 5050 735 5117 praztnium
798 5053 1018 5107 sublimi
1065 5069 1192 5109 eum
1252 5055 1380 5110 sede
1423 5056 1801 5111 collocandum
1853 5073 2055 5126 operae-

455 5141 692 5211 prctium
731 5146 1096 5213 ducentibus;
1140 5147 1256 5216 ipse
1311 5150 1657 5219 negotiorum
1710 5150 2050 5204 ecclesiasti-

453 5249 669 5301 eorum,
725 5237 1121 5309 turbarumque
1169 5251 1438 5309 pertaesus
1469 5257 1483 5302 ;
1517 5240 1581 5293 ad
1632 5241 1745 5296 haec
1775 5242 1938 5294 etiam
1989 5250 2048 5296 ut

453 5327 521 5382 de
555 5329 676 5399 ejus
739 5331 1084 5387 institutione
1135 5348 1200 5388 ac
1257 5334 1386 5388 sede
1425 5343 1573 5387 ortas
1622 5333 2046 5403 disceptationes

451 5418 674 5483 vitaret,
710 5434 886 5491 eaque
916 5422 1126 5476 ratione
1158 5422 1528 5478 Ecclesiarum
1565 5438 1754 5492 pacem
1779 5440 2042 5493 procura-

454 5517 534 5562 ret
567 5527 582 5576 ;
615 5510 748 5579 quin
770 5510 883 5580 jam
918 5528 1140 5582 quoque
1188 5529 1379 5567 curam
1424 5513 1668 5584 placendi
1698 5515 1858 5579 auhc,
1908 5516 2045 5570 civi-

453 5601 668 5670 busque
721 5602 1027 5659 declinans.
1102 5605 1359 5674 Plerique
1403 5606 1550 5660 cnim
1613 5609 1928 5662 sacerdotes
1981 5610 2046 5665 ad

452 5708 551 5749 Sua
583 5695 826 5764 ipsorum
853 5695 1126 5760 desideria
1170 5697 1448 5752 lubentius
1500 5700 1745 5764 trahunt,
1781 5716 1943 5771 quam
1993 5712 2052 5757 ut

1187 5812 1230 5841 θ’
1263 5811 1428 5867 Marc.
1489 5829 1569 5876 ut,
1615 5814 1700 5867 l7.

989 5881 1033 5914 “
1061 5880 1258 5936 Ezech.
1290 5899 1406 5950 Vill,
1435 5885 1491 5938 ἓ.
1568 5886 1612 5917 ⁷⁵
1649 5888 1782 5940 llan.
1814 5903 1911 5950 vn,
1945 5889 1995 5943 9.

524 5805 568 5836 ⁵⁵
593 5805 738 5862 Psal.
773 5824 961 5875 cvxxr,
997 5810 1086 5864 18.

451 5877 498 5908 ⁷³
521 5875 716 5933 Ezecb.
751 5896 787 5946 ι,
821 5881 910 5934 27.

2082 4577 2128 4632 ι)

2243 3301 2345 3355 Alii
2389 3301 2608 3371 quidem
2653 3301 3064 3370 prophetarum,
3090 3298 3211 3352 aliis
3247 3297 3300 3351 in
3342 3295 3552 3364 Spiritu
3583 3293 3750 3349 visio-

2162 3395 2326 3449 nibus
2362 3394 2412 3448 vi
2448 3395 2619 3448 animi
2657 3396 2885 3449 rectricc
2935 3409 2999 3448 ac
3023 3401 3203 3448 tuente
3240 3390 3552 3454 informati;
3586 3399 3751 3458 atque

2159 3486 2250 3540 alii
2277 3505 2294 3538 ι
2316 3487 2535 3555 quidem
2564 3502 2729 3555 super
2758 3485 2955 3540 solium
2999 3484 3274 3540 excelsum
3301 3497 3353 3538 et
3394 3482 3747 3546 elevatum“;

2159 3578 2249 3631 alii
2302 3579 2632 3632 animalibus
2677 3577 3146 3647 quadriformibus
3203 3587 3440 3640 vectum,
3501 3573 3749 3630 invisibi-

2161 3676 2260 3728 letn
2298 3674 2596 3744 conspicati
2633 3675 2712 3740 7';
2750 3689 2813 3728 ac
2864 3677 3026 3728 modo
3075 3673 3295 3743 quidem
3333 3670 3540 3736 clcclri,
3589 3670 3750 3724 modo

2158 3767 2298 3835 ignis
2324 3770 2505 3836 specie
2529 3767 2575 3797 ’⁸
2607 3784 2621 3832 ;
2660 3767 2906 3836 aliasque
2935 3782 3129 3820 rursus
3160 3766 3398 3820 humana
3422 3781 3546 3819 eum
3575 3763 3748 3819 forma

2156 3859 2566 3912 considerantes
2586 3857 2670 3916 ".
2725 3859 2891 3913 variis
2935 3860 3236 3928 figurarum
3286 3856 3634 3919 sitnulacris,
3684 3870 3748 3909 ac

2155 3949 2358 4003 diversi
2389 3949 2605 4018 generis
2639 3947 2838 4003 formis
2873 3957 3132 4018 tanquam
3157 3948 3250 4018 qui
3282 3963 3376 4017 per
3405 3957 3656 4001 naturam
3679 3945 3745 4011 ⁷⁸,

2157 4043 2302 4095 nulla
2330 4051 2480 4097 certo
2510 4043 2690 4110 specie
2723 4041 3007 4112 formaque
3039 4043 3372 4112 designetur,
3403 4041 3580 4110 sitque
3626 4039 3748 4094 uni-

2155 4151 2437 4190 versorum
2488 4145 2702 4200 auctor,
2738 4144 2901 4204 atque
2930 4150 2992 4190 ea
3017 4135 3231 4190 ratione
3257 4150 3354 4204 pro
3376 4151 3439 4190 eo
3469 4150 3532 4188 ac
3566 4132 3754 4188 viden-

2153 4240 2235 4282 tes
2264 4229 2505 4298 capinnt,
2529 4228 2864 4298 indulgentia
2891 4237 3087 4282 cuncta
3123 4229 3317 4282 subeat
3341 4238 3503 4298 atque
3533 4226 3744 4292 induat;

2155 4328 2422 4390 tanquam
2478 4321 2544 4391 in.
2575 4319 2878 4391 :enigmatis
2909 4320 3269 4389 obscurisque
3312 4320 3746 4389 repraesentatio-

2153 4413 2339 4474 nibus,
2388 4413 2537 4467 omni
2593 4423 2877 4468 vacantem
2922 4413 3230 4482 quantitate
3279 4427 3343 4467 ac
3383 4412 3664 4480 qualitate,
3691 4411 3744 4466 in

2155 4516 2498 4563 antecessum
2553 4506 2834 4562 videbant.
2887 4505 2986 4561 Hic
3034 4518 3238 4571 autem,
3289 4507 3532 4561 omnium
3581 4506 3744 4562 simul

2161 4597 2458 4664 visionum,
2484 4613 2622 4668 quas
2665 4598 2896 4653 scorsim
2927 4598 3141 4670 singuli
3196 4610 3573 4669 aspectarunt.
3619 4601 3744 4653 illu-

2162 4689 2474 4753 strationes,
2521 4691 2739 4759 vimque
2786 4691 3158 4745 sincerissime
3196 4693 3444 4758 edoctus,
3483 4695 3743 4762 omnique

2162 4779 2456 4849 Evangelio
2499 4782 2756 4836 exhibita:
2790 4784 3035 4838 veritatis
3078 4785 3231 4847 luce,
3278 4785 3560 4840 alaissitnze
3612 4803 3742 4840 con-

2162 4872 2532 4939 tetnplationis
2607 4874 2931 4944 compendio
2999 4876 3291 4931 imbutus:
3343 4887 3504 4948 atquc
3545 4880 3743 4935 vet«-ris

2160 4962 2535 5031 fundamento,
2569 4981 2706 5020 nova
2737 4966 2824 5021 illa
2854 4969 3280 5037 superadilicata
3302 4985 3452 5023 sacra
3493 4971 3740 5039 scientia,

2113 5102 2134 5118 κ
2161 5056 2340 5110 omnis
2380 5056 2735 5125 plenitudinis
2783 5060 3064 5130 sapientia)
3093 5060 3184 5116 Dei
3214 5063 3518 5128 vasculum,
3556 5068 3744 5121 sedes-

1779 5817 1825 5846 "
1891 5815 1909 5868 1
1959 5817 2087 5873 (lor.
2155 5837 2226 5884 lx,
2269 5822 2355 5875 19.

2075 5893 2118 5923 ⁷⁷
2143 5895 2258 5948 CUI.
2290 5909 2348 5946 It.
2373 5895 2422 5949 9.

2157 5165 2264 5218 que
2299 5150 2550 5206 efﬁcitur.
2587 5150 2644 5205 In
2691 5153 2911 5208 Christo
2941 5155 3159 5224 quidem
3193 5171 3412 5210 omnem
3451 5158 3742 5226 plenitudi-

2157 5255 2278 5294 nem
2312 5242 2613 5298 divinitatis
2643 5244 2996 5314 corporaliter
3026 5246 3334 5301 inhabitare
3375 5249 3649 5304 credimus
3671 5251 3737 5318 ⁷⁶;

2154 5332 2206 5385 in
2243 5333 2387 5389 hunc
2414 5345 2618 5402 autem,
2644 5347 2817 5393 totum
2856 5353 2951 5407 per
2976 5337 3239 5408 Spiritutn
3276 5339 3542 5396 sentimus
3577 5341 3738 5397 Chri-

2151 5438 2294 5481 stum
2337 5446 2697 5486 commeasse.

2233 5520 2403 5577 Jonas
2455 5523 2673 5593 quidem
2712 5523 2803 5580 ille
2835 5525 3051 5579 Amatlti
3097 5527 3259 5594 ﬁlius,
3292 5529 3739 5600 Danielquoque,

2149 5631 2212 5669 ac
2245 5625 2354 5670 tres
2409 5616 2594 5686 pueri;
2628 5618 2778 5687 prior
2821 5619 3063 5688 quidem,
3110 5621 3300 5676 bellua;
3344 5625 3572 5677 marina:
3610 5639 3740 5692 pro-

2145 5709 2324 5776 jcctus
2351 5711 2417 5764 "2
2450 5710 2608 5775 alter,
2655 5725 2782 5766 esca
2822 5713 3076 5768 leonibus
3116 5713 3168 5767 in
3200 5714 3319 5770 lacu
3351 5716 3511 5772 datus
3537 5717 3604 5784 ’4';
3639 5732 3737 5786 po-

2433 5823 2476 5854 “
2505 5823 2623 5898 15:].
2674 5841 2745 5887 γι,
2782 5826 2800 5878 Ι
2845 5843 3000 5898 seqq.

3079 5829 3126 5861 ”
3153 5829 3348 5885 Ezeclt.
3382 5827 3435 5886 it.
3482 5831 3546 5884 18
3581 5847 3733 5902 seqq.

2504 5896 2548 5927 ⁷⁷
2570 5894 2692 5950 Jun.
2724 5913 2785 5964 ll,
2817 5899 2870 5951 ἓξ.

2949 5900 2991 5931 ⁷⁸
3020 5899 3148 5955 D.t:i.
3179 5917 3285 5970 x-tv,
3318 5902 3376 5954 5|
3408 5918 3561 5972 seqq.
