4092 6586
325 413 429 478 485

1030 377 1313 460 ORATIO
1338 395 1469 456 xx.
1509 393 1681 453 -—IN
1709 389 2023 452 L-iUDEM
2062 391 2124 450 s.
2163 389 2542 450 GnEoomt
2569 391 2845 456 ΤΗΕΟΙ..

3463 397 3574 460 486

313 527 530 592 streml,
568 522 622 577 in
679 521 950 574 fornacem
999 515 1140 585 ignis
1188 513 1392 582 injecti,
1444 511 1640 564 horum
1695 508 1892 577 singuli
1925 519 1970 574 Α
2002 513 2258 575 tanquam
2297 507 2456 574 plane
2501 508 2910 574 exercitatione,
2939 524 3064 578 quae
3085 509 3154 564 ad
3177 509 3428 581 pietatem
3476 514 3578 566 du-

295 617 610 680 .oratoriam
642 613 863 667 domum
889 610 954 674 '9;
981 607 1167 673 Jonas,
1205 614 1407 670 cetum;
1444 601 1653 663 Daniel,
1688 601 1886 666 lacum;

309 723 422 765 tres
449 708 620 778 pueri,
661 705 938 759 fornacem
965 701 1280 755 cﬂ'ecerant.
1318 697 1695 750 Preeabantur
1715 693 1886 758 enim,

309 813 372 857 ut
409 803 652 870 ipsorum
692 798 798 850 vita
838 796 905 848 ab
947 793 1259 847 interitione
1286 790 1512 858 labeque
1555 794 1888 857 emergeret;

311 895 692 949 liberationem
743 889 994 960 precibus
1020 885 1420 955 exposcebant;
1456 890 1510 936 et
1538 896 1670 934 vero
1705 879 1893 934 divino

309 997 446 1039 nuttt
502 985 890 1044 obtinuerunt;
933 979 1121 1040 Jonas,
1163 992 1193 1031 e
1238 985 1391 1040 ceto;
1427 973 1634 1034 Daniel,
1671 988 1700 1026 e
1731 972 1887 1033 lacu;

308 1076 468 1148 pueri
521 1085 648 1140 tres,
677 1091 706 1126 e
751 1072 968 1126 fornace
1011 1071 1150 1140 ignis
1183 1067 1413 1122 liberati.
1455 1065 1750 1135 Gregorius
1794 1078 1892 1114 au-

311 1178 444 1230 tem,
476 1175 593 1219 tum
623 1164 874 1226 bestiam,
907 1173 1018 1214 tum
1052 1161 1253 1223 lacum,
1297 1169 1519 1227 tumque
1543 1157 1681 1226 ignis
1710 1155 1891 1209 forna-

309 1275 453 1322 cem,
486 1273 684 1326 corpus
718 1256 1057 1317 existimans,
1124 1252 1478 1320 corporisque
1507 1251 1710 1304 malum
1745 1250 1895 1304 habi-

311 1361 452 1412 tum,
499 1364 595 1402 seu
644 1349 763 1414 ejus
798 1355 1054 1415 :rgrotam
1090 1343 1493 1406 valetudinem,
1532 1353 1697 1412 atque
1735 1342 1887 1407 vitia,

310 1455 433 1510 quae
466 1440 649 1493 animo
678 1440 838 1492 etiam
888 1451 1101 1490 summe
1136 1435 1478 1503 philosopho,
1521 1450 1586 1488 ac
1625 1442 1893 1487 comtem.

310 1531 553 1597 platione
601 1527 1015 1598 provectissimo
1063 1526 1397 1595 quandoque
1450 1525 1758 1578 molestiam
1812 1523 1892 1578 fa-

310 1625 477 1685 ciant,
514 1622 931 1688 divinorumque
978 1636 998 1671 ι
1041 1627 1099 1672 ut
1151 1619 1324 1688 ipsius
1369 1618 1548 1673 verbis
1609 1627 1730 1671 utar
1780 1617 1891 1686 (l5)

309 1715 359 1768 ei
387 1713 657 1768 radiorum
683 1713 852 1767 lucem
871 1723 1124 1780 tanquam
1146 1709 1422 1780 interjecta
1444 1712 1611 1763 nubes
1630 1709 1891 1774 adimant,

312 1805 400 1858 his
461 1815 715 1873 tanquam
775 1803 1004 1857 vinculis
1045 1801 1248 1855 exsolvi
1303 1802 1553 1870 precibus
1595 1802 1660 1854 ad
1725 1799 1892 1854 Deum

311 1896 591 1964 ﬂagitabat
617 1913 632 1960 ;
669 1911 731 1948 ac
761 1911 882 1949 cum
922 1895 1132 1948 solvere
1155 1894 1514 1957 desideraret,
1544 1901 1593 1946 et
1625 1907 1745 1946 esse
1773 1907 1896 1945 cum

311 1988 534 2042 Christo
561 2030 576 2050 ,
628 1987 1107 2054 ingemiscebat",
1144 1985 1603 2055 quemadmodum
1664 1999 1895 2050 magnus

313 2076 636 2140 Apostolus,
683 2086 958 2140 gravatus,
1008 2091 1092 2140 ac,
1145 2076 1285 2128 sicut
1329 2074 1437 2137 ille,
1521 2073 1893 2128 habitaculum

312 2161 461 2232 quod
492 2161 559 2215 de
589 2161 734 2215 cmlo
759 2169 862 2228 est,
895 2161 1049 2216 indui
1089 2162 1315 2230 cupiens
1341 2162 1404 2216 θί.

389 2295 676 2350 Enimvero
711 2296 873 2349 etiam
900 2296 1043 2365 quod
1080 2296 1328 2364 precibus
1359 2295 1683 2360 enitebatur,
1710 2311 1771 2349 ac
1797 2311 1895 2349 cu-

312 2387 484 2457 pienti
523 2387 573 2438 in
605 2389 740 2440 votis
779 2396 914 2452 erat,
942 2389 1046 2442 hoc
1089 2387 1472 2456 consequitur;
1519 2391 1681 2456 inque
1754 2388 1892 2440 bona

316 2490 382 2528 ac
431 2476 616 2544 pingui
666 2485 946 2530 senectute
971 2476 1040 2540 θ’,
1081 2478 1249 2530 vitam
1285 2477 1478 2542 solvit;
1515 2491 1578 2529 ac
1609 2491 1733 2530 cum
1782 2476 1895 2544 pri-

315 2564 438 2617 dem
481 2578 609 2617 suas
631 2577 820 2618 omnes
846 2564 968 2618 vita:
996 2565 1235 2620 rationes
1275 2565 1328 2618 in
1351 2565 1548 2619 emlum
1578 2565 1894 2618 transtulis-

319 2662 402 2708 set
439 2654 504 2718 ⁸³,
538 2653 724 2724 utique
757 2653 920 2708 etiam
953 2669 1017 2708 eo
1047 2655 1392 2724 commigrat.
1422 2657 1499 2708 Ac
1529 2654 1745 2722 quideiu
1777 2667 1898 2706 cor-

319 2761 443 2812 pus,
473 2753 534 2798 ut
554 2743 701 2813 quod
735 2753 876 2799 terra
909 2753 1074 2810 esset,
1105 2754 1246 2799 terra
1284 2745 1642 2816 obtegendum
1671 2753 1895 2813 paterno

319 2838 374 2890 in
407 2837 616 2891 tumulo
659 2836 905 2904 dimittit;
947 2852 1010 2891 ac
1036 2851 1160 2891 cum
1191 2853 1255 2892 ex
1290 2838 1487 2892 tabulis
1529 2837 1764 2891 cavisset
1794 2836 1896 2890 sub

320 2945 429 2984 uno
477 2929 861 2983 0ecultandum
916 2930 1132 2999 lapide,
1168 2932 1420 2999 spiritum
1474 2931 1528 2984 in
1575 2931 1690 2998 ejus
1724 2930 1896 2998 depo-

319 3037 453 3076 nens
481 3037 676 3076 manus
704 3023 798 3092 qui
834 3021 1129 3077 tradiderat
1167 3022 1236 3080 “.
1261 3022 1326 3077 ad
1354 3023 1532 3092 ipsum
1561 3022 1895 3077 incontami-

322 3122 448 3167 nato
493 3114 675 3168 animo
706 3115 926 3168 transit.
958 3116 1035 3168 Ac
1066 3114 1207 3169 sicut
1238 3130 1454 3169 sacrum
1492 3131 1585 3168 vas
1610 3114 1895 3168 electionis

320 3207 540 3261 divinus
568 3205 766 3261 Paulus
799 3207 868 3269 ⁸⁵,
903 3207 1249 3262 divinissimo
1293 3207 1497 3260 Christi
1524 3221 1687 3261 sensu
1722 3205 1896 3273 reple-

330 3306 434 3352 tus.
457 3309 553 3363 per
574 3309 696 3346 eum
731 3308 837 3346 non
870 3309 900 3348 e
929 3303 1094 3359 terra,
1114 3295 1208 3350 sed
1234 3310 1264 3349 e
1292 3296 1430 3348 coelo
1457 3303 1701 3357 vocatus,
1737 3293 1902 3361 inque

323 3383 498 3436 lucem
543 3383 783 3451 gentium
815 3379 882 3446 ⁸⁸,
927 3397 991 3436 ac
1037 3392 1192 3437 terrae
1230 3383 1462 3436 salutem
1499 3383 1734 3447 missus;
1777 3396 1902 3435 cum

324 3475 513 3529 multis
564 3474 852 3529 defunctus
890 3476 1147 3545 periculis
1179 3485 1344 3545 atque
1372 3477 1656 3541 aerumnis,
1688 3475 1780 3527 Dti
1813 3491 1904 3530 sa-

326 3565 504 3620 lutare
534 3566 883 3635 Evangelium
927 3567 1245 3622 mortalibus
1279 3568 1646 3636 przedicasset,
1669 3566 1904 3620 bonum-

325 3675 429 3729 que
478 3668 755 3712 certamen
793 3659 1028 3729 legitime
1067 3669 1360 3723 certasset,
1392 3675 1649 3713 coronam
1680 3659 1904 3727 justitize

327 3759 655 3805 consecutus
681 3759 763 3803 est
783 3749 1080 3818 ";patiter
1100 3753 1260 3804 etiam
1305 3753 1448 3805 illius
1477 3752 1745 3820 perfectus
1780 3751 1904 3804 imi-

329 3854 468 3898 tator
495 3842 705 3897 altioris
727 3843 864 3896 caelo
891 3841 1172 3898 Trinitatis
1198 3856 1327 3898 nutu
1352 3847 1418 3898 ad
1453 3845 1690 3898 divinam
1729 3842 1907 3897 Theo-

331 3934 526 4003 logiam
575 3944 821 4002 vocatus,
868 3950 931 3988 ac
995 3951 1118 3989 cum
1159 3936 1273 4004 ipse
1324 3951 1542 4006 quoque
1595 3952 1691 4004 per
1739 3935 1904 3990 multa

331 4026 568 4096 pericula
599 4026 836 4080 divinam
880 4028 1027 4081 omni
1066 4027 1327 4095 majorem
1369 4028 1606 4081 essentia
1660 4026 1908 4080 (ionsubo

331 4118 736 4172 stantialitatem
802 4118 1211 4183 annuntiasset,
1266 4118 1578 4187 bonumque
1649 4118 1908 4186 praeclare

331 4220 604 4263 certamen
641 4217 922 4273 certasset,
959 4224 1024 4262 ac
1069 4208 1391 4262 iuotl‘ensum
1434 4210 1650 4277 pietatis
1683 4223 1907 4262 cursum

331 4310 785 4368 consummasset,
837 4313 1150 4371 rectamque
1205 4313 1472 4356 accuratae
1519 4301 1639 4356 fidei
1665 4302 1905 4370 regulam

333 4402 625 4460 servasset,
657 4411 687 4449 a
717 4395 902 4460 rebus,
930 4411 1048 4465 qua:
1093 4399 1145 4449 in
1196 4405 1476 4464 aspectum
1501 4395 1704 4449 cadunt
1756 4395 1909 4448 solu-

335 4497 444 4550 tus,
485 4486 570 4540 his
603 4502 724 4553 quae
756 4499 932 4540 mente
965 4486 1356 4556 intelliguntur,
1388 4485 1708 4555 copulatur;
1748 4496 1911 4555 atque

337 4593 559 4646 peregre
593 4592 621 4630 a
656 4578 862 4631 mundo
898 4577 1270 4647 proficiscens,
1315 4578 1423 4630 Deo
1459 4592 1697 4643 przesens
1747 4577 1900 4630 eﬂici-

2026 4617 2123 4654 mae
2172 4600 2338 4652 menti
2373 4613 2436 4651 ac
2470 4596 2613 4649 Patri
2644 4594 2872 4663 unigena
2901 4601 3003 4656 est,
3033 4607 3095 4646 ac
3121 4589 3474 4659 conjunctum
3508 4602 3606 4640 na-

337 4679 446 4732 tur,
474 4685 538 4724 ac
562 4679 817 4738 tanquam
850 4686 1004 4724 mens
1039 4670 1378 4740 incorrupta,
1419 4671 1746 4740 incorruptis
1774 4687 1919 4723 tuen-

338 4761 484 4814 tibus
518 4772 819 4830 coaptatur.

417 4875 576 4930 Velut
621 4877 838 4945 sapiens
879 4876 1208 4944 patriarcha,
1237 4875 1588 4943 patriarcbis;
1621 4877 1769 4930 velut
1795 4891 1919 4946 pro-

341 4971 558 5041 phetica
600 4969 807 5037 pollens
849 4970 1039 5039 gratia,
1074 4968 1382 5038 prophetis;
1415 4982 1480 5022 ac
1523 4968 1740 5036 quidem
1785 4982 1920 5036 apo-

342 5064 497 5117 stolis
533 5062 736 5124 unit‘ur,
762 5071 1018 5130 tanquam
1052 5060 1346 5128 apostolica
1387 5061 1619 5114 maxime
1650 5061 1754 5114 vita
1786 5076 1920 5128 prte-

343 5155 591 5224 fulgens;
626 5155 796 5212 sacris
828 5153 1150 5222 przesulibus
1181 5167 1244 5206 ac
1286 5151 1622 5214 doctoribus,
1656 5160 1915 5219 tanquam

342 5246 698 5308 sacerrimus,
716 5243 1074 5313 doctrinaque
1093 5243 1397 5312 praecipuus
1428 5253 1589 5311 atque
1614 5244 1917 5307 maximus;

342 5351 406 5390 ac
463 5336 684 5405 quidem
736 5335 1085 5403 martyribus,
1143 5343 1399 5402 tanquam
1450 5332 1730 5386 Trinitatis
1775 5333 1923 5384 testi-

344 5429 531 5482 monio
562 5427 670 5482 illi‘s
695 5442 948 5496 compar;
975 5426 1138 5495 justis
1166 5435 1367 5490 autem,
1408 5440 1473 5480 ac
1495 5424 1920 5489 confessorihus,

424 5607 464 5636 σο
499 5603 632 5658 Dan.
666 5618 744 5671 ut,
771 5602 862 5657 2'5.
966 5604 1010 5635 ⁸⁸
1046 5603 1276 5671 Philipp.
1315 5618 1353 5664 ι,
1407 5601 1498 5656 23.
1604 5600 1645 5632 ‘"
1675 5599 1715 5653 ll
1744 5598 1868 5671 cf“)

1264 5643 1276 5656 .
1315 5618 1353 5664 ι,
1407 5601 1498 5656 25.

351 5690 505 5739 XXIII,
539 5677 626 5729 46.
696 5665 741 5706 ⁸⁵
777 5680 895 5729 Act.
929 5691 1002 5739 Is,
1034 5675 1118 5728 15.

1195 5675 1240 5704 ⁸⁸
1274 5672 1377 5725 lsa.
1414 5688 1558 5736 χιιι,
1586 5671 1638 5724 6.

421 5831 509 5890 15.
551 5831 681 5885 Orat
730 5831 818 5898 39,
861 5847 978 5901 qure
1014 5817 1182 5883 estin
1225 5828 1426 5881 Sancta
1455 5825 1700 5883 Lumina.

1944 5613 1996 5662 v,
2037 5600 2094 5652 2.

1716 5671 1757 5701 ⁸⁷
1790 5670 1806 5722 l
1833 5669 1974 5723 Tim.
2005 5686 2075 5734 vr,
2118 5672 2197 5724 ιι.

2000 597 2396 668 οἰιηωῳιιιιίες
2440 613 2503 652 ac
2557 601 2778 654 demum
2829 603 3087 656 societate
3129 618 3254 657 eum
3296 605 3578 673 omnibus,

1999 688 2268 744 universis
2294 688 2656 756 conjunctus;
2696 698 2858 760 atque
2886 706 3004 764 eam
3037 689 3176 746 forte
3200 692 3270 745 ob
3297 708 3408 746 rem
3441 709 3577 749 cnn-

1999 779 2102 831 ctis
2143 778 2305 833 altius
2342 779 2673 846 collocatus,
2721 779 2789 834 ad
2837 782 3008 850 ipsam
3054 796 3187 850 pure
3226 781 3574 850 purissimam

2009 868 2329 923 Trinitatem
2366 872 2585 940 pr0pior
2627 871 2876 935 accedit,
2911 885 3072 942 atque
3103 873 3171 928 ab
3210 889 3295 937 ea,
3346 874 3576 942 ejusque

2000 960 2390 1031 benignissima
2435 963 2750 1032 largitione,
2782 965 3007 1034 justitiae
3041 981 3298 1019 coronam
3335 966 3572 1036 accipit;

2001 1054 2130 1120 quin
2175 1054 2320 1108 illam
2387 1055 2557 1124 ipsam
2621 1066 2816 1110 ornatu
2892 1073 3106 1110 onmem
3175 1059 3436 1111 mundum
3483 1072 3574 1111 su-

2001 1155 2246 1214 perante,
2295 1146 2804 1202 immarcescibilem
2855 1148 3316 1216 coroeamglori-e
3377 1149 3571 1204 induit.

2074 1257 2305 1314 Decebat
2334 1261 2505 1321 enim,
2543 1270 2601 1314 ut
2645 1262 2734 1330 qui
2773 1271 2948 1315 tantos
2995 1262 3140 1317 illius
3171 1262 3342 1332 gratia
3373 1278 3576 1331 agones

2002 1349 2054 1402 in
2086 1361 2230 1404 terra
2261 1352 2604 1415 desudasset,
2653 1353 2823 1421 ipsam
2872 1352 2924 1405 in
2963 1355 3115 1407 caelis
3141 1356 3287 1407 velut
3318 1368 3576 1408 coronam

2000 1442 2221 1512 glorize,
2273 1460 2336 1497 ac
2380 1445 2604 1514 dignum
2650 1445 2894 1498 victoriae
2938 1447 3220 1514 praemium
3271 1448 3575 1516 acciperet;

2001 1544 2162 1603 atque
2207 1536 2252 1590 is
2281 1538 2370 1606 qui
2409 1553 2506 1605 pro
2541 1552 2602 1591 ea
2637 1538 2915 1591 laboribus
2946 1538 3256 1601 defunctus,
3280 1547 3440 1607 atque
3481 1539 3581 1591 hu-

2002 1626 2146 1681 milis
2194 1628 2546 1697 abjectusque
2582 1629 2812 1682 effectus
2844 1637 3012 1688 esset,
3051 1629 3292 1682 iahorunt
3338 1644 3458 1682 eam
3494 1645 3582 1683 re-

2003 1718 2316 1771 mis~ionem
2361 1734 2424 1772 ac
2460 1721 2843 1774 exaltationem
2906 1721 3190 1774 inveniret.
3240 1719 3495 1783 Decebat,
3527 1728 3585 1775 tt

2002 1811 2094 1880 qui
2135 1827 2232 1880 pro
2289 1811 2558 1880 Unigeniti
2613 1813 2817 1882 gloria,
2859 1827 2924 1866 ac
2979 1810 3214 1881 Spiritus
3274 1812 3584 1881 :rqualitate

1933 1900 1972 1952 Β
2003 1918 2216 1955 omnem
2268 1902 2508 1956 lab0tem
2541 1918 2954 1973 ter-umnatuque
2994 1904 3271 1973 proclivis,
3305 1903 3583 1972 suscepis-

2002 2004 2102 2057 set,
2131 2009 2317 2047 eorum
2368 2010 2588 2063 quoque
2633 1994 2882 2049 claritate
2921 1995 2974 2048 in
3013 1995 3404 2064 sempiternum
3445 2008 3582 2062 prte-

2003 2083 2260 2153 fulgeret.

2073 2197 2264 2249 Divino
2299 2197 2424 2248 olim
2460 2195 2730 2264 proditum
2759 2195 2986 2247 oraculo
3012 2206 3116 2259 est,
3151 2195 3432 2248 Enoehum
3473 2194 3583 2250 Deo

2000 2290 2289 2358 placuisse,
2314 2304 2378 2342 ac
2419 2303 2582 2341 carne
2614 2288 2936 2341 translatum
2974 2304 3095 2341 esse
3119 2288 3165 2327 ⁸⁸
3186 2331 3200 2353 ,
3234 2303 3424 2355 nempe
3463 2289 3582 2341 exi-

2001 2391 2118 2452 guae
2164 2382 2307 2435 illius
2377 2380 2468 2433 Dei
2528 2380 2730 2434 notitia:
2762 2381 2985 2450 praemio
3025 2381 3076 2433 id
3116 2393 3490 2446 consecutum,
3524 2390 3585 2436 ut

2003 2476 2074 2528 ita
2125 2472 2536 2527 transferretur.
2583 2471 2786 2526 Deinde
2833 2473 2996 2525 etiam
3050 2473 3220 2526 Elian:
3271 2473 3584 2526 Thesbitem

2001 2564 2288 2634 magniﬁce
2313 2573 2654 2633 assumptum
2696 2580 2818 2617 cum
2852 2579 3080 2632 corpore
3114 2564 3180 2616 '9.
3216 2562 3408 2633 lgneus
3435 2563 3586 2617 enim

2000 2672 2216 2716 currus,
2247 2672 2310 2709 ac
2335 2657 2460 2725 equi
2495 2656 2634 2725 ignei
2676 2657 2944 2718 tollentes,
2983 2671 3088 2708 non
3125 2655 3177 2708 in
3210 2656 3435 2718 malum,
3466 2655 3584 2722 sed,

2000 2751 2144 2803 velut
2177 2751 2228 2803 in
2274 2749 2495 2811 uelum,
2529 2749 2732 2816 aurigae
2781 2749 2955 2801 instar
2991 2763 3114 2800 eum
3150 2755 3587 2816 assumpserunt.

2001 2842 2068 2898 Ut
2121 2843 2440 2911 Gregorius,
2473 2841 2564 2910 qui
2603 2851 2751 2894 lauto
2793 2840 3178 2908 praestantiori,
3220 2854 3284 2892 ac
3326 2838 3590 2905 majorem

2002 2935 2235 2988 habente
2270 2933 2681 2986 admirationem
2723 2929 2982 2999 obsequio
3031 2928 3330 2998 placuisset
3390 2927 3593 2980 Deum-

2001 3040 2107 3094 que
2125 3023 2508 3082 demeruisset,
2547 3031 2752 3089 quanto
2786 3020 2916 3073 fides
2950 3034 3070 3088 qute
3109 3027 3191 3071 est
3223 3017 3468 3076 veritate,
3499 3016 3591 3069 illa

2002 3117 2292 3185 perfectior
2325 3128 2403 3169 est
2429 3131 2548 3183 quze
2595 3114 2646 3166 itt
2691 3112 2898 3166 umbris
2943 3115 3119 3181 posita
3166 3120 3271 3172 est,
3304 3110 3418 3178 ipse
3448 3121 3590 3176 quo-

1929 3245 1972 3303 C
2003 3224 2106 3277 que
2150 3209 2212 3259 ad
2267 3206 2553 3260 Dominum
2606 3205 2957 3271 commigrat,
3003 3210 3166 3270 atque
3217 3199 3590 3254 transfertur:

2011 3315 2184 3368 neque
2216 3299 2264 3352 id
2294 3314 2456 3351 curru
2495 3297 2651 3365 igneo
2681 3310 2802 3348 cum
2839 3309 3068 3363 corpore
3096 3302 3280 3346 vectus
3300 3335 3314 3358 ,
3340 3292 3432 3344 sed
3465 3305 3592 3345 eum

2009 3392 2186 3447 adhuc
2239 3391 2288 3442 in
2336 3404 2564 3456 corpore
2603 3396 2946 3450 versaretur,
2988 3384 3284 3438 virtutibus
3335 3393 3594 3453 tanquam

2009 3501 2171 3540 curru
2210 3483 2263 3536 in
2291 3483 2487 3536 coelum
2520 3481 2834 3539 tollebalur,
2885 3479 3119 3547 altisque
3175 3477 3341 3530 animi
3393 3476 3594 3546 scrisis,

2007 3592 2072 3632 ac
2111 3574 2689 3643 contemplationibtts,
2725 3574 2789 3624 ad
2841 3571 3179 3624 Altissimum
3224 3569 3474 3623 sublimis
3505 3583 3601 3622 as-

2010 3676 2280 3733 sumptus,
2331 3673 2498 3731 atque
2544 3662 2802 3724 evadens,
2847 3660 3236 3713 revelationum
3277 3656 3597 3710 excellentia

2011 3757 2120 3810 Deo
2153 3756 2478 3819 excedebat;
2507 3760 2690 3822 postea
2725 3761 2904 3804 autem
2941 3765 3163 3819 peregre
3215 3747 3392 3801 factus
3417 3761 3448 3799 a
3473 3759 3599 3800 cor-

2009 3865 2162 3920 pore,
2196 3849 2530 3913 omninoque
2564 3846 2627 3898 ad
2670 3844 2960 3897 Dominum
3046 3857 3206 3895 suum
3271 3838 3598 3910 migratione

2015 3956 2044 3994 e
2063 3939 2171 3992 vita
2191 3937 2489 4007 profectus,
2515 3935 2768 3988 omnibus
2787 3947 2909 3986 cum
2943 3930 3400 3999 supermundanis
3427 3927 3597 3980 virtu-

2013 4027 2158 4082 tibus
2191 4027 2386 4080 altiore
2408 4041 2571 4094 quam
2608 4039 2705 4092 pro
2744 4021 2932 4074 mundi
2964 4023 3173 4073 ratione
3199 4018 3352 4073 cultu
3386 4017 3599 4086 stipan-

2011 4122 2180 4182 tibus,
2214 4133 2278 4172 ac
2308 4117 2500 4170 festive
2533 4113 2933 4182 excipientibus
2965 4110 3369 4180 augustissima:
3410 4122 3596 4163 coram

2014 4209 2267 4263 Trinitati
2304 4207 2503 4260 eximia
2554 4203 2881 4274 praefulgens
2910 4201 3157 4254 claritate
3197 4209 3441 4268 apparet.

2084 4317 2310 4382 Verum,
2343 4333 2375 4372 ο
2400 4315 2596 4370 mentis
2651 4313 2796 4367 illius
2835 4325 3046 4379 magna:
3075 4311 3374 4380 primaeque
3414 4324 3479 4364 ac
3510 4308 3600 4364 di-
3650 4364 3652 4367 .

2012 4411 2313 4468 vinissimae
2346 4408 2610 4477 discipule
2650 4421 2715 4461 ac
2764 4405 2958 4469 cultor,
3023 4403 3221 4457 mentis
3268 4401 3600 4473 perspicaci-

2017 4517 2125 4561 tate
2161 4507 2394 4558 maxima
2422 4503 2663 4572 praedite.
2693 4499 2738 4554 Ο
2782 4497 2942 4553 Verbi
2971 4499 3118 4553 illius
3147 4497 3274 4560 vivi,
3306 4495 3450 4565 quod
3482 4495 3563 4564 pri
3582 4519 3629 4587 ο.

2026 4704 2181 4757 tura,
2227 4706 2404 4761 preeco
2466 4703 2530 4742 ac
2574 4687 2763 4742 doctor
2819 4682 3296 4752 eloquentissime!
3339 4677 3382 4732 Ο
3431 4676 3602 4731 divini

2025 4783 2280 4854 Spiritus,
2310 4781 2403 4851 qui
2432 4796 2556 4833 eum
2583 4778 2742 4832 Patre
2767 4787 2820 4831 et
2841 4777 2994 4840 Filio,
3023 4773 3379 4843 ejusdemque
3411 4769 3604 4822 classis
3628 4787 3635 4800 ι

2023 4889 2186 4946 atque
2209 4874 2416 4929 ordinis
2446 4882 2784 4934 numeratur,
2811 4867 3208 4938 spiritalissime
3234 4878 3298 4916 ac
3353 4862 3608 4914 illustris-

2024 4971 2160 5022 sime
2188 4967 2468 5026 adorator,
2501 4962 2916 5028 clarissimeque
2956 4973 3019 5011 ac
3063 4971 3276 5011 summe
3310 4953 3606 5019 conspicue

2025 5060 2330 5128 Theologe!
2367 5059 2408 5111 Ο
2440 5057 2531 5126 qui
2566 5055 2765 5109 diserte
2791 5053 2966 5113 nobis,
2993 5066 3056 5104 ac
3095 5048 3328 5102 dilucide
3364 5044 3604 5096 Trinita-

2028 5161 2134 5205 tem
2165 5151 2215 5202 in
2245 5150 2471 5209 unitate,
2507 5161 2570 5200 ac
2597 5147 2860 5198 unitatem
2900 5143 2951 5195 in
2978 5140 3245 5194 Trinitate
3272 5134 3602 5190 adorandum

2031 5242 2200 5294 Deum
2236 5239 2533 5303 edisseris;
2576 5239 2690 5289 hac
2714 5250 2834 5302 quae
2859 5249 2887 5286 a
2916 5231 3074 5286 nobis
3117 5230 3212 5283 tibi
3244 5226 3481 5280 laudatio
3507 5225 3604 5275 dc-

2031 5334 2211 5387 betur.
2263 5334 2339 5385 Ac
2383 5329 2650 5398 siquidem
2689 5325 2960 5393 condigna
2995 5323 3083 5376 illa
3141 5320 3408 5377 videatur,
3450 5325 3604 5368 tuum

2033 5425 2197 5478 dubio
2227 5421 2418 5494 procul
2465 5435 2690 5484 munus,
2716 5418 2904 5488 tuique
2935 5414 3160 5480 laboris,
3193 5427 3254 5466 ac
3279 5420 3384 5465 tua:
3418 5407 3472 5461 in
3503 5407 3609 5459 line

2205 5597 2248 5628 "'
2283 5597 2418 5650 Gen.
2444 5612 2534 5659 xv,
2565 5597 2648 5651 l5.
2758 5595 2804 5635 ⁸³
2831 5593 3059 5659 Philipp.
3095 5607 3176 5651 tn,
3204 5589 3294 5642 9.0.
3394 5585 3440 5618 “
3470 5581 3606 5638 Luc.

2277 5669 2321 5699 ⁸³
2353 5669 2487 5723 Gen.
2532 5684 2582 5730 ν,
2611 5667 2700 5720 ⁸24.

2758 5595 2804 5635 ⁸⁸
2831 5593 3059 5662 Philipp.
3095 5607 3176 5651 In,
3204 5589 3294 5642 9.0.

2781 5665 2826 5697 ⁸³
2865 5662 2927 5716 IV
2961 5664 3087 5730 Iieg.
3124 5677 3180 5722 tt,
3216 5662 3298 5713 ll.
