4092 6596
425 394 528 455 487

1619 387 1912 448 NICETIS
1953 383 2484 444 ΡΜἪΙΛΟΟΧΙΞ

3581 378 3688 442 488

430 514 734 574 temporum
763 499 1133 572 praedictionis
1162 501 1342 553 exitus
1369 498 1480 567 (16)
1512 512 1573 552 ac
1622 498 1745 551 linis
1779 506 1879 550 cst.
1907 497 1999 549 Sin
2033 501 2074 556 Α
2106 493 2332 548 scientia
2387 491 2568 545 divina
2595 529 2608 551 ,
2678 497 2919 541 nostram
2981 485 3218 540 divinius
3289 485 3690 556 sublimiusque

429 611 610 655 autem
640 600 795 667 longe
826 595 977 651 abest
1005 613 1032 649 a
1061 605 1148 649 tua
1169 597 1387 654 virtute.
1414 595 1525 663 ipse
1542 610 1665 648 cum
1692 593 2006 662 Scrapbim.

430 707 513 744 vrr
567 690 743 753 beate,
771 689 862 758 qui
923 689 1214 742 inaccessa:
1264 684 1514 739 Trinitati
1545 685 1794 746 assistas,
1832 699 1896 737 ac
1929 693 2010 737 ter

433 789 681 834 sanctum
713 779 989 833 modulum
1039 777 1113 831 illi
1153 787 1234 831 ter
1255 788 1444 831 sancto
1478 785 1560 830 ter
1595 785 1783 831 sancte
1825 776 2007 844 prolo-

434 868 640 937 quaris,
686 867 870 920 divino
912 879 1004 919 tuo
1036 867 1102 920 ad
1144 881 1242 920 nos
1289 865 1480 934 spiritu
1531 865 1750 935 propior
1790 866 2006 927 accede,

404 975 499 1027 ac
539 958 826 1027 scrapltico
874 960 1151 1027 igneorum
1210 957 1550 1026 eloqttiorum
1583 957 1814 1021 calculo,
1848 967 2011 1028 atque

437 1051 673 1105 carbone
719 1049 939 1120 indigna
983 1050 1241 1120 continge
1289 1051 1452 1113 labia,
1490 1050 1901 1118 etnundansque
1944 1051 2013 1103 ab

443 1138 750 1206 iniquitate,
777 1154 842 1193 ac
875 1138 1183 1208 perfectiori
1223 1140 1525 1209 adimplens
1563 1155 1721 1195 sacra
1763 1140 2012 1205 scicntia,

438 1225 817 1295 divinioreque
875 1227 1108 1296 dignans
1197 1227 1704 1292 consummatione;
1775 1227 2012 1295 primum

440 1319 656 1383 quidem
718 1331 920 1373 sancta:
971 1318 1253 1373 Trinitatis
1308 1321 1604 1375 secretiore
1657 1319 1906 1374 doctrina
1953 1333 2016 1372 ac

513 1496 624 1568 (l6)
657 1495 734 1550 Ad
770 1496 972 1551 calcem
1004 1498 1215 1552 scilicvt
1240 1509 1382 1554 orat.
1405 1498 1496 1552 20.

519 1695 880 1708 ...ηομερ-..-

514 1697 1136 1723 mm

807 1697 1126 1706 -..α-α...
1134 1695 1779 1721 :====_____==
1791 1695 2198 1703 ..α-...-

2116 596 2352 641 mentem
2401 583 2670 652 adimplc;
2707 592 2821 634 tum
2854 595 2982 632 vero
3025 579 3429 632 admirabilium
3471 588 3688 634 tuarum

2112 681 2378 734 virtutum
2412 677 2609 748 dignos
2639 675 2948 730 laudatores
2975 673 3219 739 ellectos,
3249 672 3303 727 in
3341 681 3433 727 tua
3476 687 3574 727 nos
3608 673 3686 724 in-

2111 772 2483 828 contaminata
2537 784 2599 824 ac
2648 767 2978 823 immortalia
3025 776 3397 822 commeantes
3437 767 3692 820 taberna-

2112 866 2234 920 cula
2268 863 2518 933 suseipe;
2554 863 2621 926 ut!
2658 871 2747 915 tua
2784 875 2885 929 ope
2918 859 3150 914 clariore
3183 874 3247 915 ac
3289 858 3557 913 diviniore
3581 859 3695 911 cla-

2097 961 2298 1022 ritate,
2325 965 2486 1025 atque
2516 954 2686 1025 gratia
2720 969 2884 1022 supra
2922 968 3084 1023 qnam
3117 952 3499 1012 exuberantes,
3534 951 3699 1019 digne

2121 1059 2298 1103 tecum
2336 1047 2453 1100 Deo
2475 1047 2773 1099 claritatem
2815 1046 2945 1100 dare
2991 1060 3318 1110 mereamur,
3344 1059 3469 1097 cum
3515 1043 3693 1105 l’atre,

2121 1150 2173 1194 ct
2212 1138 2370 1199 Filio.
2419 1147 2471 1192 et
2517 1136 2719 1206 Spiritu
2763 1144 2974 1202 sancto,
3007 1149 3113 1188 una
3153 1133 3382 1195 Deitate,
3418 1140 3470 1186 et
3506 1147 3694 1200 regno,

2118 1240 2173 1285 ct
2215 1229 2477 1299 potentia,
2511 1243 2658 1282 nunc
2704 1237 2759 1283 ct
2793 1242 3025 1297 semper,
3057 1234 3112 1280 et
3143 1225 3198 1280 in
3241 1223 3438 1280 saecula
3468 1222 3668 1278 steculo

2121 1335 2264 1375 rum.
2297 1321 2490 1373 Amen.

1539 1841 1677 1896 ΤΟΥ
1709 1841 1796 1894 ΕΝ
1833 1841 2056 1893 ΛΓΙΟΙΣ
2100 1839 2373 1892 ΠΛΤΡΟΣ
2413 1838 2612 1892 ΙΙΜΩΝ

1712 2033 2438 2151 ΙΓΝΑΤΙΟΥ

1363 2277 1933 2332 ΛΡΧΙΕΠΙΣΚΟΠΟΥ
1974 2272 2792 2330 ΚΩΝΣΓΛΝΤΙΝΟΥΠΟΛΕΩΣ

927 2484 947 2511 ι
1445 2442 1694 2526 ΒΙΟΣ
1809 2441 2082 2524 I‘ITOI
2195 2429 2712 2547 ΛΘΛΙΙΣΙΣ,

701 2624 1052 2695 Συνεγράρη
1083 2623 1148 2676 δὲ
1187 2623 1345 2689 παρὰ
1370 2619 1598 2687 Numina
1623 2618 1847 2672 δούλου
1877 2614 2074 2683 Ἰησοῦ
2105 2617 2385 2684 Χριστοῦ,
2423 2615 2525 2669 τοῦ
2549 2616 2643 2668 καὶ
2676 2616 2878 2681 Δαινῒδ,
2911 2617 3016 2670 τοῦ
3051 2617 3464 2688 Παφλαγόνος.

1536 2957 1656 3074 S.
1711 2961 1840 3073 P.
1892 2964 2032 3072 N.
2081 2959 2634 3075 IGNA'I‘ll

1316 3189 1898 3254 ARCHIEPISCOPI
1985 3189 2864 3252 CONSTANTINOPOLITANI

1414 3375 1695 3464 VITA
1771 3373 2038 3466 SlVE
2114 3374 2780 3496 CERTAMEN,

822 3567 1089 3626 Auctore
1122 3564 1335 3626 Niceta
1367 3579 1548 3625 servo
1587 3564 1736 3624 Jesu
1777 3560 2025 3635 Christi,
2065 3565 2492 3640 cognomento
2532 3561 2762 3624 Davide
2791 3561 3196 3642 Paplrlagone
3241 3560 3322 3640 (l)

1599 3726 1795 3788 (Mansr,
1820 3724 2005 3788 Concil,
2029 3732 2128 3776 tom
2178 3725 2302 3787 XVI,
2329 3727 2424 3775 col.
2450 3726 2587 3787 209.)

531 4023 853 4080 Praeclarum
886 4023 1040 4092 juxta
1066 4033 1120 4079 et
1149 4025 1389 4079 salutare
1417 4034 1523 4090 est,
1557 4040 1680 4079 cum
1714 4034 2035 4079 crcterorum

2217 4025 2440 4079 Πάντων
2475 4025 2574 4092 μὲν
2610 4025 2721 4078 τῶν
2758 4025 2930 4093 ἁγίων
2959 4025 3085 4088 τοὺς
3131 4024 3277 4094 βίους
3324 4023 3722 4083 ἀντιτάττεσθαι

459 4114 678 4182 quidem
715 4123 1030 4169 sanctorum
1059 4115 1302 4169 omnium
1336 4131 1423 4170 res
1453 4117 1507 4169 in
1536 4116 1641 4170 vita
1667 4124 1848 4186 gestas
1875 4131 2046 4185 expo-

460 4220 588 4259 nere
643 4216 698 4260 et
742 4221 1020 4271 enarrare,
1051 4209 1392 4276 posterisque
1437 4209 1652 4262 Stecnlis
1710 4208 1834 4262 vita:
1874 4209 2048 4264 docu-

461 4307 661 4361 menta,
696 4298 1004 4367 pariterque
1033 4298 1098 4352 ad
1146 4298 1401 4353 virtutem
1466 4298 1817 4354 incitamenta
1868 4303 2050 4354 trade-

375 4374 384 4382 ⁷
461 4405 552 4443 re:
585 4393 696 4442 t'ntn
731 4405 862 4443 vero
897 4389 1135 4442 maxime
1172 4405 1364 4443 eorum
1407 4391 1497 4459 qui
1536 4390 1688 4446 fuere
1719 4393 1932 4460 przediti
1960 4409 2051 4446 ve-

461 4481 705 4535 nerando
767 4481 1109 4550 pontiﬁcatu.
1161 4482 1364 4550 quique
1430 4497 1530 4535 suo
1590 4483 1713 4538 vita:
1765 4485 2051 4553 Splendore

463 4573 720 4626 acerbum
753 4573 1128 4628 adversarium
1165 4574 1228 4626 ad
1266 4574 1647 4642 gravissimam
1687 4587 2052 4646 provocarnut

464 4664 746 4726 invidiam,
778 4672 830 4718 el
872 4680 996 4719 cum
1044 4665 1241 4719 invicta
1273 4665 1518 4720 laborum
1550 4668 1796 4721 omnium
1839 4670 2049 4737 patien-

465 4757 558 4817 tia,
616 4755 896 4825 animique
954 4756 1354 4826 magnitudine,
1419 4755 1796 4812 fortitudinem
1861 4768 2048 4814 contra

465 4845 845 4902 insectatorem
895 4847 1151 4901 eximiam
1191 4847 1562 4903 declararunt.
1599 4848 1752 4915 Quod
1791 4850 1834 4905 si
1868 4860 2048 4905 autem

462 4937 680 4991 eosdem
721 4939 786 4993 ad
839 4948 1138 4995 extremam
1187 4951 1239 4996 et
1274 4951 1514 4996 nostram
1565 4951 1778 4996 aetatem
1831 4945 2052 5013 propius

467 5032 725 5086 accedere
760 5034 1060 5101 contingat,
1095 5041 1208 5087 tum
1249 5050 1380 5088 vero
1438 5034 1608 5088 multo
1669 5035 1902 5089 niaxime
1946 5051 2054 5104 pre

467 5125 682 5179 Cunctis
707 5127 1046 5180 memorandi
1078 5128 1339 5195 omnique
1369 5127 1528 5180 laude
1554 5125 1881 5195 praedicandi
1909 5129 2050 5193 sint;

471 5223 527 5266 ut
559 5217 648 5283 qui
693 5226 910 5285 propter
945 5226 1247 5287 temporum
1299 5216 1628 5270 vicinitatem
1669 5217 1840 5270 multo
1878 5217 2053 5286 magis

471 5305 725 5362 Ecclesia:
751 5310 1009 5377 prodesse
1041 5310 1272 5379 possint.
1307 5308 1461 5375 Quod
1497 5308 1638 5361 enim
1675 5318 2046 5377 pervetustum

466 5411 570 5461 est,
603 5399 884 5470 longisque
926 5411 1230 5471 temporum
1277 5400 1577 5455 intervallis
1614 5409 1913 5465 remotum,
1945 5401 2048 5455 etsi

471 5489 626 5542 ﬁdem
682 5502 902 5559 propter
950 5494 1239 5548 scribentis
1299 5492 1676 5546 auctoritatem
1757 5503 2046 5556 mercatur,

471 5580 793 5650 desperatur
827 5595 1006 5638 tamen
1039 5600 1066 5638 a
1100 5586 1369 5655 plerisque
1407 5585 1650 5638 studium
1681 5585 1962 5651 imitandi;
1995 5595 2054 5640 ut

2153 4117 2247 4169 καὶ
2276 4116 2599 4187 διηγεῖσθαι,
2635 4116 2910 4185 παίδευμά
2944 4134 3000 4169 τε
3035 4116 3170 4187 πρὸς
3201 4116 3398 4187 ἀρετὴν
3430 4117 3520 4169 καὶ
3547 4116 3727 4187 παρά-

2152 4209 2346 4277 κλησιν
2374 4211 2494 4271 ταῖς
2522 4209 2804 4270 ἐπιούσαις
2827 4208 2904 4278 τῷ
2935 4208 3282 4278 παραδιδόναι
3323 4210 3558 4275 γενεαῖς,
3591 4208 3730 4260 κάλ-

2151 4303 2330 4355 λιστον
2355 4303 2492 4372 ὁμοῦ
2525 4304 2616 4354 καὶ
2638 4303 2904 4372 σωτήριον
2929 4318 2943 4332 ·
2991 4301 3226 4371 μάλιστα
3255 4301 3309 4352 δὲ
3335 4300 3444 4353 τῶν
3478 4301 3730 4371 ἱεραρχίᾳ

2154 4396 2326 4463 σεπτῇ
2359 4395 2811 4464 κεκοσμημένων,
2847 4395 2940 4446 καὶ
2971 4393 3058 4446 διὰ
3090 4393 3188 4461 τῆς
3236 4394 3442 4455 οἰκείας
3474 4393 3729 4462 λαμπρό-

2151 4501 2313 4554 τητος
2359 4487 2455 4538 τοῦ
2513 4485 2628 4554 βίου
2685 4487 2763 4548 εἰς
2824 4485 2984 4553 ζῆλον
3037 4485 3338 4539 ἀκάθεκτον
3387 4486 3478 4536 τὸν
3534 4485 3729 4554 πικρὸν

2152 4577 2389 4648 διώκτην
2437 4579 2871 4647 ἀνερεθισὰντων
2935 4579 3030 4632 καὶ
3077 4578 3341 4649 δυσμενῆ,
3376 4581 3470 4631 καὶ
3508 4566 3597 4631 διὰ
3631 4579 3732 4648 τῆς

2154 4668 2438 4722 ἁνενδότου
2485 4669 2593 4722 τῶν
2640 4669 2816 4722 πόνων
2877 4669 3156 4740 ὑπομονῆς
3201 4671 3296 4722 καὶ
3348 4669 3731 4738 γενναιότητος

2153 4759 2414 4830 λαμπρὰν
2445 4760 2900 4831 ἐπιδεδειγμένων
2950 4762 3049 4831 τὴν
3081 4761 3362 4831 ἀριστείαν
3393 4761 3512 4814 κατ’
3541 4760 3727 4815 αὑτοῦ.

2156 4852 2219 4904 El
2264 4852 2321 4905 δὲ
2381 4853 2476 4905 xei.
2528 4853 2664 4924 πρὸς
2703 4856 2811 4916 τοῖς
2844 4853 3116 4923 ἐσχάτοις,
3154 4853 3246 4906 καὶ
3279 4855 3401 4919 ⁴’τοῖς
3431 4851 3554 4906 καθ’
3584 4854 3732 4922 ἡμᾶς

2156 4944 2365 5007 τούτοις
2403 4944 2712 5013 ἐγγίζοντες
2763 4944 2977 5016 τύχοιεν
3017 4949 3263 5016 καιροῖς,
3307 4945 3487 5016 πο).λῷ
3529 4946 3732 5014 μᾶλλον

2157 5036 2776 5105 ἁξιομνημονευτὸτατοι
2808 5036 2874 5088 ἂν
2914 5031 3023 5088 εἷεν
3070 5036 3328 5088 ἁπάντων
3351 5036 3442 5088 καὶ
3479 5035 3732 5098 ἀξιεπαί-

2156 5143 2318 5186 νετοι,
2356 5126 2431 5189 ὡς
2467 5126 2601 5178 πολὺ
2637 5125 2801 5178 πλέον
2849 5126 3150 5196 οἰκοδομεῖν
3181 5130 3246 5196 τῇ
3278 5125 3541 5195 ἐγγύτητι
3572 5125 3735 5177 δυνά-

2160 5219 2423 5290 μενοιτὴν
2463 5219 2811 5289 Ἐκκλησίαν.
2844 5219 2917 5272 Τὸ
2949 5221 3056 5289 γὰρ
3089 5220 3312 5289 ἀρχαῖον
3348 5219 3442 5271 καὶ
3469 5217 3732 5286 πάμπολυ

2158 5311 2299 5364 κατὰ
2340 5311 2531 5382 χρόνον
2569 5311 2797 5376 διεστὸς,
2851 5313 2900 5364 εἰ
2939 5311 3032 5364 καὶ
3073 5310 3388 5364 πιστεύεται
3419 5314 3482 5380 τῇ
3518 5309 3735 5377 ἀξιοπι-

2159 5403 2283 5474 στίᾳ
2314 5404 2411 5473 τῆς
2469 5405 2710 5475 γραφῆς,
2751 5404 2885 5458 ἀλλὰ
2913 5406 3005 5457 καὶ
3038 5404 3231 5458 θᾶττον
3257 5402 3322 5456 ἂν
3365 5405 3478 5465 τοῖς
3518 5402 3737 5464 πολλοῖς

2158 5496 2294 5566 πρὸς
2323 5497 2421 5568 τὴν
2456 5498 2688 5567 μίμησιν
2721 5496 3176 5567 ἀπογινώσκοιτο,
3227 5496 3618 5564 λογιζομένοις,
3659 5495 3737 5558 ὠς

2160 5591 2467 5660 κρεῖττονῆ
2509 5591 2650 5645 κατὰ
2702 5594 2800 5661 τὴν
2845 5591 3146 5663 παροῦσαν,
3196 5591 3303 5644 τῶν
3350 5589 3740 5660 πρεσϐυτέρων

544 5763 616 5829 (l)
645 5761 812 5832 llujns
844 5766 1110 5820 vc-rsionis
1137 5774 1327 5820 auctor
1370 5765 1652 5822 Mattbaeus
1700 5767 1944 5822 Raderus
1976 5767 2032 5821 S.
2068 5765 2140 5833 1.,
2163 5769 2308 5838 quod
2340 5778 2463 5839 post
2496 5769 2774 5828 Romanos
2806 5773 3043 5828 editores
3091 5772 3276 5828 Bittius
3312 5781 3362 5827 et
3392 5770 3594 5842 Regius
3623 5770 3742 5825 col-

472 5830 645 5886 lector
686 5830 988 5888 tacuerunt.
