4092 6604
433 334 536 399 489

1513 333 1678 393 VlTA
1721 333 1779 392 S.
1825 331 2116 392 IGNATII
2176 331 2279 391 CP.
2320 332 2672 392 ARCHIEP.

3591 337 3692 404 690

433 447 658 504 ἐκείνων
706 445 1015 514 δυναμένων
1059 443 1356 515 κατορθοῦν
1404 446 1616 512 γενεάν.
1648 445 1788 497 Ὅσα
1845 445 1888 496 δ’
1931 444 2001 497 ἂν

2117 445 2198 513 qui
2254 451 2462 513 putent,
2492 444 2600 499 illis
2632 443 2900 512 majorum
2927 453 3238 499 nostrorum
3269 446 3481 502 smculis
3521 450 3694 506 multo

432 541 546 600 τοῖς
577 535 701 589 καθ’
763 538 910 603 ἡμᾶς
958 535 1357 605 κατορθοῦσθαι
1408 536 1718 590 πιστεύοιτο
1769 538 2004 606 καιροῖς,

434 632 634 702 μᾶλλον
661 629 725 682 ἂν
759 624 910 697 οἶμαι
942 628 1114 681 ταῦτα
1142 631 1497 699 παρακνίζειν
1531 630 1656 693 τοὺς
1690 629 2008 682 εὐσεϐεστέ-

433 738 580 792 ρους,
617 725 711 774 καὶ
740 720 875 789 πρὸς
904 719 995 771 τὸν
1045 719 1157 771 ἴσον
1205 721 1302 789 τῆς
1336 721 1535 790 ἀρετῆς
1564 721 1880 789 διερεθίζειν
1912 720 2008 785 ζῆ-

431 814 544 865 λον.
573 813 670 864 Διά
690 810 866 865 ταῦτά
919 828 1009 881 μοι
1032 811 1221 864 τοῦτον
1254 813 1618 880 ἐνστήσασθαι
1647 814 1740 866 νῦν
1767 812 1876 883 [ἴον.
1913 811 2008 865 νῦν

432 903 654 975 σκοπὸς]
691 903 769 973 τῷ
798 905 942 971 λόγῳ
972 904 1060 956 τὸν
1091 905 1294 972 ἀγῶνα,
1337 904 1428 956 καί
1463 921 1551 972 μοι
1594 904 1822 972 σφοδρὸς
1846 902 2008 965 πόθος

435 996 801 1065 κατακάρδιος
834 995 1108 1064 ἀληθινοῖς
1153 995 1478 1064 διηγήμασι,
1533 996 1626 1046 καὶ
1655 994 1835 1063 πάσης
1872 1009 2008 1062 προ-

430 1087 646 1157 λήψεως
675 1086 1088 1157 ἀπηλαγμένοις
1112 1085 1361 1154 ψευδοῦς,
1403 1084 1494 1137 τὸν
1530 1083 1703 1154 μέγαν
1749 1083 2009 1153 ίεράρχην

432 1179 528 1231 καὶ
562 1177 824 1246 ’ποιμένα
880 1177 978 1245 τῆς
1021 1175 1292 1245 βασιλίδος
1333 1176 1615 1243 Ἰγνάτιον,
1659 1173 1763 1226 ὑπό
1801 1191 1864 1242 γε
1889 1174 2008 1243 Θεῷ

435 1271 712 1340 Πνεύματι
761 1273 859 1338 τῆς
907 1269 1166 1338 ἀληθείας
1213 1268 1464 1338 ὑφηγητῇ
1513 1270 1605 1320 καὶ
1653 1266 2006 1336 συλλήπτορι,

331 1423 334 1426 _
434 1359 544 1418 τοῖς
579 1356 864 1425 ἀγνοοῦσιν
891 1358 1073 1416 ὁποῖός
1099 1373 1180 1419 τις
1219 1352 1309 1427 ἦν,
1345 1357 1410 1409 ἐκ
1437 1357 1536 1425 τῆς
1569 1357 1688 1409 κατ’
1716 1357 1879 1409 αὐτὸν
1910 1373 2009 1408 πο-

434 1449 636 1511 λιτείας
661 1449 942 1514 ἀποδεῖξαι
969 1465 982 1477 ’
1033 1448 1293 1516 Ἰγνάτιόν
1329 1466 1473 1518 φημι
1492 1448 1702 1513 τοῦτον,
1732 1447 1820 1501 τὸν
1852 1445 2008 1499 ὕστε-

441 1559 530 1612 ρον
559 1543 656 1611 μὲν
687 1540 764 1611 τῷ
785 1542 983 1611 χρόνῳ,
1037 1541 1134 1594 καὶ
1186 1540 1292 1611 πρὸ
1336 1543 1433 1610 τῆς
1463 1539 1586 1592 καθ’
1629 1541 1777 1610 ἡμᾶς
1807 1540 2011 1610 ταύτης

436 1631 824 1701 ἀναδειχθέντα
856 1633 1070 1698 γενεᾶς,
1127 1631 1339 1694 οὐδενὸς
1369 1631 1424 1684 δὲ
1469 1629 1577 1683 τῶν
1607 1631 1711 1703 πρὸ
1741 1632 1903 1685 αὐτοῦ
1931 1649 2012 1684 τι·

438 1724 576 1794 μίων
612 1723 882 1793 ίεραρχῶν
904 1723 1000 1792 τὴν
1031 1723 1233 1788 πίστιν,
1272 1722 1371 1793 τὴν
1395 1721 1705 1791 ὁμολογίαν,
1745 1721 1842 1791 τὴν
1873 1722 2011 1790 ὑπὲρ

2112 536 2418 606 promptius
2453 535 2624 590 fuisse
2653 549 2818 604 quam
2851 535 3055 589 nostris
3087 551 3214 590 cum
3260 537 3460 591 virtute
3486 539 3690 595 vivere.

2111 628 2241 693 Quae
2283 643 2410 682 vero
2458 639 2640 682 nostra
2680 627 2943 682 memoria
2979 638 3121 682 recte
3171 627 3314 682 facta
3371 629 3689 695 creduntur,

2111 719 2198 773 illa
2235 719 2404 773 multo
2433 720 2633 784 acrius,
2673 717 2886 788 opinor,
2928 717 3139 787 piorum
3167 727 3374 774 mentes
3405 719 3470 773 ad
3511 719 3690 773 virtu-

2113 814 2184 866 tis
2250 813 2415 867 decus
2465 811 2833 867 aemulandum
2902 811 3259 866 inﬂammant.
3346 811 3694 884 Quapropter

2109 902 2303 970 ingens
2342 917 2442 955 me
2499 903 2830 956 desiderium
2886 902 3055 956 animi
3099 901 3318 972 impulit
3358 905 3426 957 ad
3468 919 3689 958 oausam

2111 993 2252 1047 lianc
2283 994 2395 1047 sive
2428 1003 2703 1048 certamen
2736 994 2984 1048 oratione
3016 997 3478 1065 prosequendum,
3523 999 3692 1052 duce-

2110 1098 2217 1152 que
2244 1091 2296 1136 et
2324 1083 2574 1151 adjutore
2611 1083 2740 1149 Deo,
2773 1084 2964 1152 spiritu
2997 1085 3264 1151 veritatis,
3294 1085 3692 1140 ostendendum

2111 1174 2502 1236 nescientibus,
2534 1175 2625 1244 qui
2656 1175 2741 1228 vir
2767 1175 3028 1244 lgnatius,
3058 1176 3347 1246 qualisque
3373 1184 3425 1230 et
3449 1185 3692 1246 quantus

2111 1264 2196 1318 hic
2228 1265 2457 1318 antistes
2491 1273 2546 1316 et
2590 1266 2751 1332 regia:
2785 1272 2972 1332 pastor
3021 1265 3170 1318 urbis
3206 1266 3256 1318 in
3299 1266 3423 1320 vitae
3468 1282 3580 1320 sua?
3613 1281 3696 1318 ra-

2119 1354 2266 1406 tione
2302 1351 2502 1406 fuerit:
2552 1352 2818 1421 lgnatius,
2859 1354 3104 1422 inquam,
3136 1353 3259 1417 iste,
3289 1356 3381 1423 qui
3415 1370 3528 1409 aevo
3572 1357 3697 1424 qui-

2109 1442 2232 1497 dem
2264 1445 2552 1513 posterior,
2578 1457 2761 1499 nostra
2810 1454 2968 1498 aetate
3017 1444 3219 1508 ﬂoruit,
3280 1445 3556 1514 prioribus
3615 1456 3694 1500 ta-

2111 1551 2232 1590 men
2274 1536 2381 1591 illis
2416 1537 2738 1592 venerandis
2786 1537 3133 1608 pontiﬁcibus
3169 1539 3324 1603 nihil,
3363 1539 3444 1592 vel
3471 1539 3537 1593 de
3569 1539 3694 1604 ﬁde,

2112 1627 2194 1681 vel
2215 1625 2574 1694 confessione,
2595 1628 2678 1682 vel
2702 1629 3069 1683 decertatione
3097 1645 3192 1698 pro
3205 1629 3437 1695 iustitia,
3473 1628 3700 1683 laudeve

2112 1720 2328 1788 pietatis
2361 1734 2490 1790 erga
2524 1721 2691 1774 Deum
2718 1721 3012 1776 concessit.
3060 1721 3235 1792 Hujus
3267 1738 3366 1792 ego
3417 1732 3587 1777 totum
3623 1724 3701 1776 vi-

434 1816 534 1884 τῆς
567 1815 915 1882 δικαιοσύνης
941 1813 1188 1883 ἄθλησιν,
1218 1814 1312 1866 καὶ
1345 1812 1482 1882 πρὸς
1512 1812 1605 1864 τὸν
1638 1812 1771 1865 Θεὸν
1801 1812 2008 1865 εὐδοκί-

2117 1820 2182 1866 ta:
2213 1827 2435 1867 cursum
2486 1812 2615 1866 dum
2665 1813 2735 1867 ab
2779 1814 2898 1882 ipso
2922 1814 3148 1869 exordio
3185 1815 3248 1868 ad
3281 1816 3485 1870 exitum
3527 1830 3700 1883 usque

439 1925 604 1978 μησιν
625 1905 1078 1975 ἀπολειπόμενον.
1108 1904 1294 1973 Τούτῳ
1319 1904 1416 1974 τὴν
1439 1903 2010 1973 παρακαλουθήσασαν

435 2000 494 2066 ἐξ
525 2000 697 2070 ἀρχῆς
728 1999 856 2068 ἄχρι
884 1997 1070 2060 τέλους
1097 1997 1281 2067 βίωσιν
1316 1997 1452 2066 μετά
1483 1996 1728 2060 πλείονος
1764 1996 2009 2066 ὑφηγού-

442 2109 600 2162 μενος
628 2094 725 2161 τῆς
753 2090 1060 2162 ἀκριϐείας,
1093 2089 1188 2143 καὶ⁵
1206 2091 1382 2142 πᾶσαν
1413 2091 1514 2160 τὴν
1538 2092 1663 2158 περὶ
1695 2089 1854 2142 αὐτὸν
1879 2090 2012 2158 ἀλή-

436 2182 583 2236 θειαν
617 2184 681 2235 ὲκ
711 2182 820 2234 τῶν
847 2181 1146 2250 ἐγγράφως
1197 2197 1257 2232 τε
1311 2181 1404 2234 καὶ
1440 2180 1704 2250 ἀγράφως
1734 2180 2013 2251 πεπληρο-

436 2274 762 2344 φορημένων
810 2275 866 2325 ὲν
913 2275 1044 2343 ἡμῖν
1105 2272 1446 2342 πραγμάτων
1498 2272 1869 2342 ἀπροσπαθῶς
1915 2271 2012 2326 καὶ

438 2366 819 2428 ἀνυποστόλως
887 2363 1264 2435 διηγούμενος,
1332 2363 1569 2418 πέποιθα
1639 2364 1857 2435 πρῶτον
1910 2363 2011 2433 μὲν

434 2457 664 2512 ἐνώπιον
700 2459 798 2528 τῆς
829 2457 1196 2510 ὲνυποστάτου
1227 2457 1320 2509 καὶ
1357 2454 1540 2526 ζώσης
1568 2455 1754 2510 δίκαια
1779 2454 2014 2528 γράψειν

426 2547 728 2620 .Ἀληθείας
749 2567 762 2580 ·
782 2548 1029 2619 δεύτερον
1051 2548 1129 2614 δὲ,
1149 2548 1209 2602 τὸ
1233 2549 1444 2619 χρόνοις
1476 2549 1681 2611 ἱκανοῖς
1709 2548 1810 2619 ήδη
1844 2565 2014 2602 κατα-

436 2640 722 2694 πυκνωθὲν
758 2639 855 2710 τῆς
899 2640 1176 2708 ἀγνωσίας
1229 2639 1410 2709 νέφος,
1456 2639 1551 2693 καὶ
1591 2639 1690 2703 τὰς
1744 2639 1851 2692 τῶν
1881 2639 2012 2692 πολ-

433 2731 543 2785 λῶν
592 2732 930 2804 ἀμαυρῶσαν
973 2731 1231 2798 διανοίας,
1280 2730 1544 2786 λεπτῦναί
1579 2749 1639 2785 τε
1689 2731 1784 2785 καὶ
1824 2731 2015 2785 σκεδά-

435 2841 526 2877 σαι
545 2841 559 2854 ·
603 2823 744 2877 ὥστε
773 2825 900 2887 τοὺς
933 2823 1216 2888 ἐθέλοντας
1241 2824 1381 2896 πρὸς
1410 2825 1510 2895 τὴν
1542 2823 1650 2876 τῶν
1672 2823 2018 2894 πραγμάτων

432 2912 692 2984 ἀλήθειαν
722 2915 1029 2986 εἰλικρινῶς
1061 2917 1214 2987 ὀρᾷν,
1259 2916 1350 2969 τὸν
1383 2916 1621 2986 ἐργάτην
1658 2916 1756 2986 μὲν
1798 2915 2016 2985 άληθῶς

430 3007 529 3074 τῆς
557 3006 904 3076 δικαιοσύνης
938 3009 1031 3060 καὶ
1059 3007 1158 3076 τῆς
1185 3008 1385 3079 ἀρετῆς
1425 3007 1647 3071 ειδέναι,
1673 3008 1768 3060 καὶ
1799 3008 2010 3076 ὑμνεῖν,

2116 1903 2378 1972 singulari
2441 1919 2570 1958 cura
2611 1905 2790 1974 exigo,
2829 1922 3118 1976 rerumque
3151 1908 3218 1963 de
3273 1908 3365 1962 illo
3410 1907 3551 1977 apud
3603 1925 3700 1963 nos

2117 1993 2603 2049 testatissintarum
2635 1996 2918 2050 veritatem
2955 1996 3071 2052 sive
3101 1995 3274 2061 fama,
3330 1999 3445 2052 sive
3493 1998 3698 2066 scripto

2117 2097 2487 2159 acceptarum,
2518 2090 2639 2145 sine
2667 2090 2776 2144 ulla
2805 2089 3030 2146 allectus
3061 2090 3396 2160 indulgentia
3425 2102 3477 2145 et
3509 2091 3700 2146 fraude

2118 2196 2352 2248 expono,
2383 2191 2532 2236 certo
2562 2182 2692 2236 mihi
2722 2183 3022 2251 persuadeo
3051 2181 3323 2247 futurum,
3358 2193 3416 2237 ut
3464 2185 3698 2253 primum

2118 2282 2254 2328 teste
2311 2273 2426 2343 ipsa
2481 2274 2691 2328 vivente
2730 2290 2793 2328 ac
2833 2288 2927 2342 per
2983 2290 3041 2330 se
3079 2275 3408 2330 subsistente
3453 2275 3696 2340 veritate,

2118 2378 2270 2434 aequa
2309 2364 2656 2434 praescribam
2683 2381 2699 2432 ;
2725 2363 2918 2420 deinde
2965 2365 3162 2421 nubem
3204 2382 3472 2421 annorum
3504 2375 3700 2420 utcun-

2120 2471 2228 2526 que
2274 2457 2570 2510 multorum
2618 2456 3025 2525 intercapedine
3084 2467 3415 2523 concretam,
3459 2458 3700 2512 animos-

2121 2565 2226 2619 que
2273 2549 2509 2605 tenebris
2572 2549 2893 2620 ignorantiae
2949 2550 3332 2616 involventcm,
3406 2551 3699 2606 discutiam
3747 2591 3752 2596 .

2123 2641 2532 2712 dissipemque:
2571 2649 2629 2696 ut
2681 2643 2773 2712 qui
2803 2644 3086 2697 veritatem
3125 2645 3342 2713 penitus
3389 2645 3701 2714 perspicere

2119 2733 2324 2796 volent,
2363 2732 2637 2803 aequitatis
2677 2744 2731 2788 et
2773 2733 2994 2788 virtutis
3047 2733 3310 2788 cultorem
3342 2749 3470 2789 vere
3513 2749 3698 2799 nosse,

2118 2826 2395 2879 celebrare
2443 2825 2719 2890 laudibus,
2770 2825 3128 2893 aemularique
3176 2825 3429 2894 possint,
3481 2825 3702 2878 malitia:

2116 2930 2248 2971 vero
2277 2925 2330 2971 et
2357 2916 2717 2986 improbitatis
2747 2917 3105 2970 architectum
3134 2915 3256 2985 jure
3283 2915 3564 2970 detestari.
3595 2913 3701 2969 Sed

2117 3008 2246 3062 hinc
2273 3008 2384 3077 jam
2431 3007 2588 3062 nobis
2631 3015 2717 3062 est
2759 3007 3176 3062 exordiendum.

431 3099 524 3154 καὶ
553 3098 778 3170 ζηλοῦν·
811 3102 901 3153 τὸν
939 3101 1240 3172 αὐτουργὸν
1268 3103 1323 3154 δὲ
1372 3103 1470 3172 τῆς
1511 3103 1706 3166 κακίας
1750 3102 1844 3155 καὶ
1909 3106 2009 3173 τῆς
2060 3104 2274 3167 ἀδικίας
2327 3103 2552 3166 ἐνδίκως
2615 3103 2976 3156 ἀπωθεῖσθαι.
3039 3103 3296 3174 ’Λρκτέον
3327 3103 3385 3155 δὲ
3428 3102 3702 3159 ἐντεῦθεν.

514 3196 770 3262 Ἰγνάτιος
794 3189 948 3259 οὗτος
980 3198 1007 3249 6
1055 3195 1473 3267 μακαριώτατος
1521 3198 1614 3252 καὶ
1649 3197 1788 3262 θεῖος
1817 3199 2004 3270 ίεράρ-

2185 3199 2543 3254 Beatissimus
2576 3197 2665 3254 hic
2689 3208 2744 3254 et
2769 3198 2988 3253 divinus
3027 3199 3254 3253 antistes
3284 3199 3525 3266 lgnatius
3553 3198 3701 3253 Con-

430 3303 532 3357 χης
558 3288 792 3359 πατρίδα
821 3288 922 3358 μὲν
958 3287 1114 3358 ἔσχεν
1153 3289 1245 3340 ἐπὶ
1270 3287 1370 3358 τῆς
1411 3288 1515 3357 γῆς
1565 3290 2010 3343 Κωνσταντινού..

433 3377 609 3443 πολιν,
669 3377 873 3448 ταύτην
913 3378 976 3448 δὴ
1032 3379 1174 3446 λέγω
1210 3379 1308 3449 τὴν
1341 3379 1522 3450 πάσης
1563 3379 1748 3451 χώρας
1787 3383 1881 3433 καὶ
1913 3382 2013 3435 πό-

432 3471 569 3524 λεων
601 3471 1075 3542 περιφανεστάτην
1109 3471 1352 3541 βασιλίδα
1377 3487 1390 3501 ο
1417 3472 1661 3541 πατέρας
1705 3472 1760 3525 δὲ
1796 3473 2015 3543 Μιχαὴλ

434 3565 529 3616 καὶ
557 3562 892 3641 Πρρκοπίαν,
925 3564 1051 3626 τοὺς
1083 3563 1506 3631 εὐγενεστάτους
1531 3565 1623 3616 καὶ
1657 3565 2016 3628 πιστοτάτους

435 3651 800 3724 βασιλεῖς.Ὧν
831 3655 858 3706 6
890 3655 1111 3726 Μιχαὴλ
1162 3655 1259 3726 μὲν
1301 3655 1683 3724 Θεοφυλάκτου
1725 3657 2013 3727 πατρικίου

435 3745 894 3817 μεγαλοπρεποῦς
952 3747 1066 3810 υίὸς
1115 3742 1222 3817 ἦν,
1269 3747 1553 3817 Προκοπία
1593 3747 1652 3800 δὲ
1693 3748 2012 3818 Νικηφόρου

435 3833 678 3905 θυγάτηρ
743 3833 837 3886 τοῦ
895 3835 1154 3899 εὐσεϐοῦς
1207 3834 1423 3907 ὑπῆρχε
1471 3836 1756 3906 βασιλέως.
1807 3837 2014 3891 Τούτου

432 3924 490 3978 δὲ
547 3925 686 3995 πρὸς
727 3925 797 3978 τά
823 3926 1027 3980 ἄνωθεν
1077 3917 1430 3998 χωρήσαντος
1479 3929 1744 3998 βασίλεια.
1795 3930 2014 3985 καὶτοῦ

433 4014 550 4067 υίοῦ
577 4015 632 4067 δὲ
667 4015 1008 4086 Σταυρακίου
1066 4016 1336 4084 ὀλίγιστον
1374 4016 1564 4088 χρόνον
1626 4017 2014 4081 ἑπιϐιώσαντος

432 4107 498 4174 τῇ
536 4105 804 4177 βασιλείᾳ,
865 4106 960 4160 καὶ
999 4107 1164 4160 αὐτοῦ
1221 4108 1679 4178 μεταναστάντος,
1730 4109 1950 4179 Μιχαὴλ
1988 4111 2016 4160 6

433 4196 766 4268 προρρηθεὶς
794 4191 968 4262 οὗτος,
1002 4199 1096 4252 ἆτε
1125 4199 1374 4270 γαμϐρὸς
1421 4200 1496 4253 ὢν
1527 4199 1623 4252 ἐπὶ
1655 4199 1884 4271 θυγατρὶ
1920 4200 2014 4254 τοῦ

435 4289 881 4359 τετελευτηκότος
901 4291 1238 4362 Νικηφόρου,
1276 4292 1371 4346 καὶ
1397 4291 1465 4344 τὰ
1486 4292 1678 4362 πρῶτα
1713 4292 1819 4344 τῶν
1855 4294 1911 4344 ἐν
1939 4292 2016 4362 τῷ

412 4379 688 4450 -παλατίῳ
718 4381 1048 4452 τιμωμένων
1092 4383 1507 4455 ἀποφερόμενος
1560 4383 2017 4454 (κουροπαλάτης

435 4470 540 4541 γὰρ
563 4465 677 4541 ἦν),
712 4470 881 4542 ψήφῳ
943 4473 1041 4542 μὲν
1091 4473 1250 4538 Θεοῦ,
1280 4473 1448 4545 ψήφῳ
1483 4474 1538 4527 δὲ
1580 4476 1679 4545 τῆς
1713 4474 2016 4544 συγκλήτου

436 4539 641 4632 πάσης,
687 4539 1071 4635 τάήσκῆπτρα
1124 4566 1224 4636 τῆς
1282 4539 1558 4634 βασιλείας
1620 4539 2010 4637 ἐγχειρίζεται.
2047 4539 2092 4597 D

436 4655 638 4707 Τούτου
670 4655 768 4727 τὴν
821 4657 951 4728 περὶ
997 4657 1060 4710 τὸ
1114 4658 1267 4712 Θεῖον
1293 4659 1489 4729 εὐσεϐῆ
1521 4657 1768 4729 γνώμην,
1800 4659 1892 4712 καὶ
1915 4659 2014 4730 τὴν

435 4746 602 4818 ἄλλην
625 4751 806 4802 πᾶσαν
853 4749 1058 4819 ἀρετὴν
1091 4752 1185 4803 καὶ
1227 4750 1598 4821 δικαιοσύνην,
1630 4753 1744 4814 τοῖς
1783 4753 2014 4821 ίστορεῑν

437 4838 579 4890 κατὰ
610 4839 778 4909 μέρος
829 4841 1075 4894 ἐθέλουσι
1125 4843 1482 4913 παρήσομεν·
1527 4843 1656 4913 ἡμῖν
1691 4843 1748 4896 δὲ
1787 4842 2013 4913 ἀρκέσει

437 4931 572 5001 πρὸς
602 4931 876 5004 ἔπαινονή
909 4935 1002 4988 τοῦ
1034 4935 1198 5004 ἤθους
1237 4936 1488 5004 πραΰτης
1524 4953 1579 4988 τε
1622 4938 1717 4989 καὶ
1740 4937 2014 4989 ἐπιείκεια

437 5020 503 5089 ἢν
532 5019 718 5092 ἔργοις
754 5023 984 5087 ἐκεῖνος,
1029 5024 1123 5077 καὶ
1169 5025 1229 5078 οὐ
1276 5026 1555 5096 πλάσματι
1592 5026 1752 5096 μόνον
1807 5025 2016 5078 ἐπεδεί-

438 5111 564 5178 ξατο
593 5129 606 5144 ’
630 5113 778 5184 διετῆ
804 5114 913 5184 γὰρ
943 5115 1124 5181 ὀλίγου
1161 5117 1270 5169 δεῖν
1302 5117 1488 5187 χρόνον
1524 5117 1889 5171 εὐσεϐέστατα
1920 5116 2016 5185 τὴν

442 5201 721 5270 βασιλείαν
742 5202 1000 5268 διιθύνοις,
1051 5206 1317 5268 ἑκουσίως
1351 5205 1519 5276 αὐτῆς
1557 5207 1767 5278 ἐξέστη,
1812 5208 1906 5261 καὶ
1940 5207 2020 5277 τῷ

440 5293 782 5361 τυραννικῶς
845 5293 1174 5365 ὲπιθεμένῳ,
1234 5296 1425 5348 Λέοντι
1487 5296 1550 5366 δὴ
1594 5298 1670 5366 τῷ
1728 5298 2016 5368 Ἀρμενίῳ,

1349 5386 1434 5439 ὐπ’
1463 5388 1628 5440 αὐτοῦ
1661 5389 1770 5442 τῶν
1803 5391 2020 5444 ’Λνατο-

442 5471 609 5525 λικῶν
639 5477 1092 5546 προχειρισθέντι,
1129 5481 1267 5530 κατὰ
1304 5479 1627 5550 Βουλγάρων
1655 5480 1710 5533 δὲ
1751 5497 2014 5552 στρατευ-

445 5565 684 5636 σαμένῳ,
715 5569 970 5622 κάκεῖθεν
1017 5571 1114 5640 τὴν
1159 5573 1531 5626 ἐπανάστασιν
1577 5573 2013 5647 βουλευσαμένῳ,

443 5657 718 5729 ὑποχωρεῖ
762 5662 860 5731 τῆς
920 5664 1094 5735 ἀρχῆς
1125 5666 1152 5715 6
1193 5667 1462 5737 μακάριος
1489 5667 1651 5736 ἑκὼν,
1683 5669 1776 5722 καὶ
1801 5673 1899 5741 τῆς
1925 5688 2020 5724 κο-

444 5751 645 5820 σμικῆς
673 5751 1012 5818 ἀλαζονείας,
1043 5756 1138 5806 καὶ
1167 5756 1276 5807 τῶν
1323 5758 1600 5826 ἐμφυλίων
1641 5759 1894 5830 πολέμων
1919 5763 2012 5816 καὶ

642 5849 914 5910 Parnm.
961 5849 1076 5912 Gn.
1129 5851 1252 5912 CV.

2117 3287 2527 3360 stantinopolim
2583 3289 2635 3343 in
2671 3289 2833 3344 terris
2869 3289 3099 3358 patriam
3155 3289 3365 3355 habuit,
3407 3290 3568 3355 hanc,
3614 3291 3702 3343 itt-

2115 3394 2302 3450 qnam,
2354 3379 2521 3434 totius
2570 3377 2796 3433 ditionis
2844 3387 2898 3433 et
2951 3378 3163 3448 imperii
3222 3378 3699 3449 praeclarissimam

2121 3470 2364 3539 regiam:
2416 3479 2669 3539 parentes
2737 3485 2891 3536 vero,
2945 3469 3266 3525 Micltaelem
3313 3470 3702 3540 imperatorem

2117 3571 2170 3618 et
2201 3562 2519 3631 Procopiam
2578 3563 3006 3632 imperatricem,
3054 3563 3428 3619 nobilissimos
3477 3574 3531 3618 et
3575 3563 3703 3617 reli-

2118 3654 2463 3722 giosissimos
2547 3653 2848 3724 principes.
2917 3655 3092 3724 Atque
3172 3654 3400 3709 Michael
3480 3654 3701 3724 quidem

2118 3745 2524 3817 Theopltylacto
2576 3747 2808 3816 patricio
2855 3746 3297 3816 splendidissimo
3339 3746 3458 3802 viro
3498 3757 3700 3811 natus,

2116 3836 2379 3907 Procopia
2429 3852 2556 3893 vero
2601 3854 2630 3891 a
2685 3836 2992 3909 Nieephoro
3049 3839 3139 3906 pio
3189 3838 3518 3909 imperatore
3571 3853 3701 3908 pro-

2117 3938 2298 3984 creata
2329 3940 2429 3984 est.
2467 3928 2774 3999 Nieepltoro
2815 3945 2982 4000 porro
3036 3929 3103 3983 ad
3153 3930 3374 3985 cmleste
3414 3931 3700 4000 imperium

2118 4029 2372 4086 evocato,
2433 4030 2489 4074 ct
2539 4020 2826 4076 Stauraeio
2875 4020 3007 4085 filio,
3057 4036 3181 4076 cum
3235 4036 3461 4091 regnum
3504 4021 3700 4088 exiguo

2120 4119 2361 4179 tempore
2419 4110 2878 4176 administrasset,
2932 4112 3242 4175 exstincto,
3301 4109 3530 4165 Michael
3606 4111 3698 4166 hic

2117 4202 2408 4272 Nicephori
2453 4218 2637 4272 gener,
2676 4214 2735 4256 ut
2763 4203 2973 4257 dictttm
3011 4213 3116 4268 est,
3168 4213 3384 4258 mortuo
3425 4202 3700 4273 Nicepho-

2119 4309 2202 4358 ro,
2260 4309 2385 4348 cum
2440 4294 2582 4348 inter
2633 4293 2902 4364 palatinos
2957 4297 3105 4364 (nam
3159 4296 3500 4364 curopalates
3555 4297 3697 4362 erat)

2121 4385 2422 4454 principem
2456 4385 2635 4438 locum
2670 4393 2898 4448 teneret,
2939 4386 3159 4454 auspice
3208 4384 3315 4440 Deo
3367 4395 3699 4455 senatusque

2120 4477 2341 4531 decreto
2401 4475 2609 4545 imperii
2660 4488 2874 4545 sceptra
2931 4477 3194 4548 suscepit.
3240 4476 3412 4547 Cujus
3445 4493 3545 4548 ego
3573 4479 3702 4533 reli-

2118 4568 2332 4639 gionem
2390 4567 2446 4622 in
2512 4568 2700 4633 Deum,
2759 4571 3050 4639 omniaque
3103 4569 3318 4625 virtutis
3377 4579 3701 4625 ornamenta

2117 4660 2186 4714 iis
2224 4660 2494 4714 narranda
2548 4660 2796 4732 relinquo
2846 4662 2936 4730 qui
2969 4676 3057 4716 res
3092 4661 3160 4716 ab
3207 4661 3296 4717 illo
3331 4672 3510 4732 gestas
3552 4661 3703 4733 sigil-

2117 4749 2266 4806 latim
2298 4752 2555 4822 prosequi
2588 4753 2785 4808 volent.
2814 4751 2980 4808 Nobis
3021 4753 3088 4807 ad
3122 4753 3288 4810 decus
3320 4755 3465 4809 illius
3493 4769 3702 4809 memo-

2119 4845 2348 4899 randum
2377 4845 2616 4900 suiIiciat
2645 4862 2857 4900 mortttn
2887 4847 3079 4900 lenitas
3106 4855 3160 4901 et
3189 4847 3497 4913 clementia,
3533 4860 3698 4916 quam

2121 4937 2347 4992 minime
2408 4937 2645 4991 fucatam
2705 4936 2864 4992 factis
2916 4939 3049 5008 ipsis
3105 4939 3423 4993 declaravit.
3485 4938 3700 4991 Etenim

2121 5043 2244 5081 eum
2281 5043 2388 5081 non
2433 5036 2547 5081 toto
2575 5027 2794 5082 biennio
2826 5027 3114 5095 imperium
3153 5026 3496 5081 sanctissime
3526 5025 3701 5078 admi-

2124 5119 2434 5182 nistrasset,
2472 5117 2640 5172 Leoni
2688 5116 2926 5170 Armeno
2963 5132 3057 5185 per
3089 5116 3426 5185 tyrannidem
3470 5131 3699 5184 regnum

2125 5209 2399 5263 invadenti
2448 5207 2621 5262 libens
2673 5207 2970 5275 volensque
3023 5207 3222 5270 cessit,
3275 5207 3525 5276 quamvis
3584 5205 3702 5276 ipse

2125 5305 2500 5376 praefecturam
2531 5303 2803 5358 exercitus
2839 5302 2890 5355 in
2931 5301 3152 5356 Oriente
3185 5301 3259 5354 illi
3291 5301 3441 5369 prius
3475 5302 3703 5354 commi-

2123 5399 2306 5452 sisset.
2339 5396 2750 5466 Expeditionem
2803 5405 2981 5449 tamen
3009 5409 3130 5448 eum
3185 5395 3238 5449 in
3272 5394 3534 5462 Bulgaros
3575 5408 3702 5446 sus.

2127 5489 2380 5558 cepisset,
2441 5487 2512 5541 ibi
2583 5503 2678 5556 per
2749 5486 2975 5540 insidias
3023 5483 3378 5539 defectionem
3431 5481 3701 5547 molienti,

2107 5566 2320 5650 ‘sponte
2368 5579 2558 5634 beatus
2588 5579 2676 5633 ille
2723 5578 3011 5648 imperium
3047 5577 3336 5641 concessit,
3369 5589 3593 5645 seseque
3633 5574 3702 5629 ab

2128 5672 2276 5726 omni
2313 5670 2476 5735 fastu,
2503 5671 2767 5741 bellisque
2801 5671 3052 5724 civilibus
3085 5679 3248 5738 atque
3298 5668 3499 5722 invidia
3552 5667 3704 5738 regni

2122 5762 2422 5830 subduxit;
2457 5771 2608 5818 ratus
2639 5761 2807 5817 multo
2839 5762 2941 5820 sibi
2975 5763 3162 5833 reique
3195 5761 3424 5832 publica:
3459 5775 3702 5816 commo-

3319 5848 3388 5916 16
