3988 6484
438 279 537 347 491

436 503 559 542 nem
606 496 659 543 et
702 502 911 557 parem,
938 495 997 543 ut
1023 486 1115 556 qui
1146 488 1262 557 paci
1307 502 1448 543 verte
1487 499 1647 546 natus
1683 502 1846 559 esset,
1878 495 2011 550 fore.

434 578 653 635 Decedit
688 595 819 649 ergo
865 595 933 634 ex
970 581 1105 635 urbe
1144 594 1267 633 cum
1322 589 1432 635 tota
1478 580 1708 649 familia,
1739 594 1901 655 atque
1958 587 2013 641 in

433 672 719 742 Principes
751 672 957 727 insulas
992 673 1230 738 secedit;
1261 672 1443 743 ibique
1460 674 1623 729 vitam
1654 679 2011 733 monasticam

431 777 556 816 cum
604 763 837 833 conjuge
855 771 912 817 et
934 764 1143 826 liberis,
1176 778 1284 817 non
1315 763 1466 821 cultu
1494 772 1702 820 tantum
1731 768 2002 837 corporis,

429 854 524 906 sed
569 868 629 913 re
655 854 771 923 ipsa
802 854 973 925 degit,
1007 868 1173 913 causa
1207 869 1305 911 sua
1336 870 1593 925 supremo
1626 854 1848 913 Numini
1888 874 2012 928 per-

429 960 617 1003 missa.

495 1131 660 1186 Beato
704 1132 832 1187 huic
876 1131 1156 1197 Michaeli,
1188 1134 1447 1205 omnique
1483 1135 1844 1193 admiratione
1882 1153 2009 1207 pro-

434 1222 748 1291 sequendo,
784 1225 877 1293 qui
916 1233 1184 1279 terrarum
1218 1239 1383 1295 regna
1425 1226 1743 1282 caelestibus
1790 1242 2010 1298 permu-

427 1313 576 1374 tavit,
608 1315 761 1383 quini
807 1316 1031 1370 omnino
1075 1315 1246 1372 fuisse
1276 1318 1431 1373 liberi
1467 1319 1853 1388 perhibentur;
1888 1336 2010 1373 mu-

419 1403 607 1459 liebris
660 1406 846 1475 stirpis
882 1409 1114 1476 gemini,
1142 1408 1355 1480 Georgo
1398 1410 1574 1480 prima
1604 1420 1843 1481 natuque
1895 1428 2010 1466 ma-

424 1495 598 1561 xima,
618 1497 841 1553 minima
864 1496 1232 1569 Theophane;
1260 1517 1383 1571 qua:
1396 1501 1723 1573 virginitatis
1741 1503 1897 1558 laude
1914 1520 2009 1574 per

429 1600 650 1640 omnem
667 1588 831 1641 vitam
859 1590 911 1641 in
930 1589 1190 1659 religione
1210 1591 1556 1647 sanctissime
1573 1594 1864 1658 custodita,
1889 1595 2007 1648 feli-

430 1676 566 1731 citer
595 1677 848 1733 obierunt
875 1699 890 1735 ;
914 1691 1024 1735 tres
1039 1696 1168 1737 vero
1199 1682 1387 1751 stirpis
1412 1683 1608 1749 virilis,
1633 1682 2008 1755 TheOphylac-

418 1767 1102 1835 tus,Stauracius,Nicetas
1118 1788 1133 1823 ε
1148 1787 1382 1842 quorum
1402 1785 1531 1828 natu
1548 1751 1821 1830 maximus
1832 1751 2007 1832 Theo-
2036 1751 2079 1809 Β

418 1857 724 1928 phylactus,
750 1868 803 1913 et
828 1859 1165 1927 Stauracius,
1185 1862 1489 1919 diademate
1514 1863 1735 1933 imperii
1764 1866 2005 1936 insignit‘i

418 1958 547 2002 sunt
572 1967 586 2002 :
616 1950 708 2005 sed
739 1949 1058 2008 Stauracius
1091 1949 1387 2011 admodum
1415 1955 1738 2011 adolescens
1760 1965 1887 2011 ante
1911 1972 2003 2026 pa-

420 2041 519 2093 tris
555 2039 956 2096 abdicationem
1013 2044 1241 2112 oppetiit
1274 2062 1288 2110 ;
1328 2043 1770 2116 Theopbylactus
1822 2057 2002 2103 autem

418 2146 528 2186 una
575 2146 700 2187 cum
731 2134 1050 2203 parentibus
1102 2147 1231 2191 tunc
1272 2136 1328 2191 in
1365 2138 1696 2193 monachum
1731 2145 2003 2206 attonsus,

418 2220 734 2279 Eustratius
764 2234 847 2280 est
883 2226 1208 2296 appellatus.
1246 2226 1491 2285 Nieetam
1527 2232 1766 2299 primum
1806 2234 2005 2287 decen-

422 2331 545 2369 nem
570 2318 639 2371 ab
690 2331 794 2372 avo
845 2318 1155 2389 Nicephoro
1201 2321 1579 2378 hicanatorum
1640 2324 2003 2380 domesticum

417 2408 571 2463 aiunt
599 2416 865 2473 creatum,
896 2412 1054 2479 cujus
1090 2413 1262 2482 gratia
1305 2420 1505 2469 munus
1557 2415 1691 2470 illud
1722 2417 1896 2486 primo
1923 2417 2007 2472 in-

347 2561 361 2578 .
418 2499 670 2555 stitutuni
704 2509 1000 2571 :quartum
1037 2519 1168 2558 vero
1193 2506 1465 2561 decimum
1484 2508 1661 2563 aetatis
1696 2524 1900 2563 annum
1939 2524 2002 2564 a-

424 2606 557 2660 gens
583 2630 598 2655 ,
630 2594 874 2647 terrestri
922 2594 1088 2650 simul
1143 2610 1269 2651 cum
1315 2597 1473 2653 bonis
1508 2600 1825 2668 parentibus
1854 2600 2002 2669 regia

419 2681 628 2745 relicta,
661 2694 716 2737 et
766 2686 881 2754 ipse
916 2687 1245 2745 monachum
1304 2688 1868 2763 induit,etlgnatius
1917 2702 2005 2747 est

422 2773 864 2841 cognominatus.

489 2863 601 2919 Leo
626 2865 812 2934 igitur,
850 2866 939 2921 illa
972 2866 1196 2925 infausti
1218 2869 1459 2927 nominis
1488 2869 1627 2937 fera,
1656 2886 1805 2937 cum,
1835 2888 1999 2943 quam

426 2967 784 3026 conceperat,
834 2961 1131 3028 peperisset
1187 2962 1565 3032 iniquitatem,
1598 2976 1863 3036 occupato
1905 2983 2003 3037 per

1623 289 1917 349 ΝΙΟΕΤᾸΞ
1950 293 2473 357 PAPHLAGONIS

436 397 644 450 diorem
691 392 1069 464 utilioremque
1098 393 1461 449 voluntariam
1494 398 1654 467 regni
1710 401 1999 456 abdicatio-

2116 406 2330 474 φθόνων
2360 426 2373 441 ⁸
2405 412 2588 483 πολλῷ
2627 414 2859 482 κρείττω
2888 416 2980 469 καὶ
3014 416 3357 477 λυσιτελεστέ

3573 318 3681 379 492

3368 443 3465 494 ραν
3510 428 3694 502 ἑαυτῷ

2116 517 2173 552 τε
2205 505 2297 557 καὶ
2340 504 2417 575 τῷ
2466 507 2631 578 κοινῷ
2661 508 2760 579 τὴν
2796 510 3041 566 ἑκούσιον
3083 516 3433 590 ὑποχώρησιν
3470 524 3567 578 καὶ
3594 526 3693 599 τὴν

2114 593 2359 684 εἰρήνην,
2397 597 2472 657 ώς
2498 599 2611 661 υίὸς
2643 600 2741 670 τῆς
2770 601 3003 671 ἀληθοῦς
3038 607 3281 678 εἰρήνης,
3319 593 3689 684 ἡγησάμενος.

2128 683 2377 755 Ἀπαίρει
2412 688 2508 758 μὲν
2538 689 2639 759 τῆς
2669 691 2880 755 πόλεως
2922 698 3141 750 πανοικί
3165 716 3179 731 ·
3210 700 3345 770 πρὸς
3389 704 3487 768 τὰς
3513 683 3697 778 Πριγ-

2115 780 2359 844 κιπείους
2380 782 2436 834 δὲ
2465 784 2660 854 νήσους
2690 791 3184 863 μετακεχωρηκὼς,
3227 796 3321 846 καὶ
3351 797 3443 850 τδν
3480 802 3693 874 μονήρη

2116 869 2379 942 βίονᾶμα
2401 875 2619 942 γυναικὶ
2635 876 2730 930 καὶ
2754 881 2990 943 τέκνοις,
3030 882 3092 934 οὐ
3121 883 3199 955 τῷ
3234 887 3476 958 σχήματι
3504 869 3692 960 μόνον,

2116 960 2255 1014 ἀλλά
2276 964 2370 1015 καὶ
2401 964 2480 1034 τῷ
2504 966 2796 1036 πράγματι
2831 971 3304 1043 καταδεξάμενος,
3347 977 3426 1049 τῷ
3462 981 3690 1050 παμϐα-

2114 1053 2254 1107 σιλεῖ
2280 1055 2400 1126 Θεῷ
2422 1057 2520 1127 τὴν
2550 1059 2713 1112 αὐτοῦ
2743 1060 2923 1131 κρίσιν
2950 1064 3044 1117 καὶ
3068 1065 3224 1136 δίκην
3254 1069 3499 1124 ἀνέθετο.

2180 1146 2369 1218 Τούτῳ
2393 1148 2456 1219 δὴ
2478 1150 2558 1219 τῷ
2587 1154 2841 1224 μακαρίῳ
2863 1155 3103 1225 Μιχαὴλ,
3138 1158 3213 1228 τῷ
3240 1160 3571 1229 θαυμαστῶς
3591 1164 3691 1236 τὴν

2109 1237 2349 1305 ἐπίγειον
2376 1242 2473 1311 τῆς
2494 1242 2753 1314 οὐρανίας
2780 1245 3365 1321 ἀντικαταλλαξαμένῳ
3389 1254 3688 1323 βασιλείας,

2109 1332 2295 1395 παῖδες
2321 1333 2369 1385 oi
2400 1334 2618 1397 πάντες.
2647 1336 2807 1390 πέντε
2831 1338 3049 1406 λέγουσι
3074 1342 3347 1409 γενέσθαιο
3381 1338 3455 1399 ὧν
3480 1346 3693 1417 θήλειαι

2108 1422 2218 1489 δύο,
2236 1424 2426 1495 πρώτη
2445 1426 2583 1496 μὲνὴ
2600 1428 2905 1501 καλουμένη
2923 1432 3171 1502 Γεωργὼ,
3189 1435 3405 1489 πάντων
3415 1437 3469 1490 δὲ
3484 1438 3688 1512 ὑστάτη

2106 1513 2382 1583 Θεοιροινώ⁸
2415 1517 2471 1569 αἲ
2504 1517 2597 1569 καὶ
2620 1518 2961 1588 παρθενικῶς
2989 1524 3079 1574 τὸν
3092 1524 3209 1578 ὅλον
3231 1525 3345 1592 βίον
3366 1528 3456 1580 καὶ
3471 1547 3689 1601 μοναχι-

2108 1604 2607 1671 κῶςδιαϐιώσασαι,
2626 1612 2909 1682 μακαρίως
2930 1614 3325 1686 ἐκοιμήθησαν.
3352 1619 3612 1692 Ἀρρενες
3629 1621 3689 1675 δὲ

2106 1701 2275 1766 τρεῖς,
2289 1699 2687 1769 Θεοφύλακτος,
2704 1704 3057 1774 Σταυράκιος,
3073 1708 3339 1780 Νικήταςο
3353 1711 3555 1764 τούτων
3567 1713 3691 1766 Θεο-

2109 1789 2380 1857 φύλακτος
2412 1793 2510 1862 μὲν
2563 1794 2591 1846 6
2616 1795 2830 1848 πάντων
2858 1799 3221 1868 πρωτότοκος,
3258 1802 3350 1854 καὶ
3380 1803 3407 1854 6
3438 1804 3685 1875 Σταυρά-

2106 1898 2243 1946 κιος,
2276 1883 2573 1955 ἀμφότεροι
2607 1886 2684 1957 τῷ
2704 1887 2992 1958 διαδήματι
3024 1891 3240 1960 πρῶτον
3275 1893 3372 1962 τῆς
3411 1894 3685 1963 βασιλείας

2106 1974 2527 2043 ὲστεφάνωνται’
2542 1973 2659 2031 εἶτα
2681 1982 2707 2032 ό
2726 1980 2823 2049 μὲν
2845 1982 3039 2053 κομιδῇ
3059 1983 3175 2046 νέος
3192 1984 3267 2037 ὢν
3285 1985 3383 2049 ἔτι,
3403 1988 3429 2040 ὁ
3452 1988 3687 2061 Σταυρά-

2106 2082 2240 2131 κιος,
2250 2067 2352 2137 πρὸ
2366 2067 2463 2137 τῆς
2481 2069 2838 2135 καταϐάσεως
2849 2072 3093 2143 τελευτᾷ·
3107 2074 3481 2142 Θεοφὺλακτος
3498 2079 3550 2130 δὲ
3566 2080 3685 2150 ἅμα

2107 2159 2236 2222 τοῖς,
2259 2161 2530 2229 πατράσιν
2561 2161 2725 2213 αὑτοῦ
2756 2164 2849 2215 καὶ
2876 2163 3155 2233 βασιλεῦσι
3175 2166 3295 2219 τότε
3334 2168 3684 2239 κειράμενος,

2107 2250 2187 2311 είς
2213 2248 2545 2321 Εὑστράτιον
2572 2254 2988 2323 μετωνομάσθη.
3011 2255 3257 2326 Νικήταν
3279 2257 3334 2309 δὲ
3354 2259 3567 2329 πρῶτον
3584 2261 3683 2330 μὲν

2104 2340 2343 2410 δεκαὲτη
2371 2343 2732 2413 τυγχάνοντα,
2751 2344 2859 2397 τῶν
2888 2342 3196 2415 λεγομένων
3232 2348 3499 2404 ίκανάτων
3529 2354 3683 2423 παρᾶ

2106 2429 2422 2500 Νικηφόρον
2474 2432 2610 2500 φασὶ
2651 2433 2744 2485 τοῦ
2778 2435 3003 2489 πάππου
3050 2436 3477 2509 προϐεϐλῆσθαι.
3519 2442 3587 2494 δι’
3620 2442 3680 2496 δν

2106 2522 2282 2574 ἐκεῖνο
2333 2521 2393 2574 τὸ
2444 2525 2679 2593 πρᾶγμα
2725 2525 2941 2595 πρῶτον
2970 2528 3308 2597 καταστῆναι
3335 2544 3353 2561 ο
3384 2547 3683 2603 τεσσαρεσο

2107 2613 2468 2685 καιδεκαέτης
2520 2616 2573 2669 δὲ
2623 2616 2887 2685 γεγονὼς,
2932 2619 3029 2671 καὶ
3067 2623 3136 2671 τὰ
3168 2620 3260 2672 ἐπὶ
3284 2620 3390 2691 γῆς
3416 2622 3533 2691 ἅμα
3566 2626 3682 2687 τοῖς

2107 2706 2332 2773 ἀγαθοῖς
2366 2711 2583 2761 τοκεῦσι
2608 2708 2853 2779 βασίλεια
2893 2711 3342 2782 καταλιμπάνων,
3389 2715 3685 2787 ἀποκείρε-

2107 2814 2196 2849 ται
2236 2798 2334 2867 μὲν
2360 2798 2455 2850 καὶ
2478 2800 2663 2867 αὐτὸς,
2708 2799 2964 2869 Ἰγνάτιος
2998 2801 3051 2853 δὲ
3086 2804 3537 2873 μετονομάζεται.

2192 2888 2251 2941 '0
2280 2889 2458 2942 τοίνυν
2490 2890 2642 2943 Λέων
2671 2893 2899 2956 ἐκεῖνος,
2920 2891 3279 2963 ὁδυσώνυμος
3309 2894 3433 2964 θὴρ,
3461 2896 3526 2965 ἢν
3553 2896 3685 2950 ὠδί-

2108 2993 2271 3047 νησεν
2308 2979 2523 3031 ἀδικίαν
2554 2981 2876 3045 ὲκτετοκὼς,
2913 2981 3009 3035 καὶ
3038 2983 3136 3053 τῆς
3167 2982 3445 3053 βασιλείας
3480 3005 3683 3059 τυραν-

416 3048 524 3103 vim
560 3065 625 3103 ac
657 3052 1041 3120 tyrrannidem
1088 3052 1338 3122 imperio,
1387 3056 1593 3110 nullam
1632 3059 1815 3112 omnia
1872 3074 1999 3129 spe-

2107 3071 2229 3138 νικῇ
2263 3069 2759 3140 περιδεδραγμένος
2785 3072 2949 3141 χειρὶ,
2967 3072 3028 3124 οὔ
3057 3048 3195 3143 πρὸς
3222 3075 3314 3127 τὸν
3338 3048 3685 3152 παντέφορον

415 3141 614 3197 ctantis
638 3143 783 3196 oculi
811 3144 1078 3198 rationem
1108 3144 1323 3213 habuit,
1347 3162 1522 3217 neque
1543 3148 1823 3207 beatorum
1846 3167 1999 3206 exsu-

2108 3158 2417 3213 ἀπέϐλεπεν
2458 3159 2762 3231 ὀφθαλμὸν,
2798 3163 2859 3215 οὐ
2890 3162 2990 3230 τὴν
3029 3141 3331 3219 ἐπιείκειαν
3366 3167 3473 3221 τῶν
3502 3141 3687 3239 μακαο

421 3232 537 3287 lum
570 3233 841 3290 reveritus
869 3243 954 3291 est
990 3234 1314 3291 modestiam
1346 3247 1400 3292 et
1426 3240 1774 3307 mquitatem;
1812 3244 1999 3301 imme-

2110 3251 2239 3321 ρίων
2274 3252 2555 3324 ηὐλαϐήθη
2580 3253 2857 3321 φυγάδων,
2895 3254 3018 3307 οὐδὲ
3043 3255 3104 3308 τὸ
3133 3258 3367 3327 μέγεθος
3388 3232 3687 3332 τῆς-εὐερ-

423 3340 657 3396 morque
708 3335 828 3379 erat
865 3327 1111 3383 omnium
1150 3329 1539 3389 beneficiorum
1562 3373 1578 3400 ,
1606 3334 1808 3402 quibus
1860 3330 1999 3390 beati

2106 3344 2316 3411 γεσίας,
2366 3340 2436 3416 ἧς
2466 3344 2628 3398 αὐτὸν
2680 3347 2729 3398 oi
2760 3343 3019 3418 μακάριοι
3056 3348 3188 3420 παρ’
3220 3348 3379 3413 ἀξίαν
3411 3327 3688 3423 κατηξίω-

417 3416 497 3469 illi
537 3415 824 3485 indignum
868 3429 1205 3474 exornarant
1234 3437 1247 3475 :
1276 3435 1305 3475 a
1333 3436 1444 3490 quo
1489 3424 1751 3492 improbae
1800 3428 2003 3481 mentis

416 3504 631 3558 artibus
680 3505 843 3560 illecti
884 3515 1040 3561 erant
1073 3506 1243 3574 adeo,
1292 3517 1352 3565 ut
1392 3510 1692 3578 imperator
1728 3514 2002 3582 regiorum

428 3595 583 3650 illum
608 3596 907 3653 liberorum
938 3598 992 3651 in
1024 3613 1181 3653 sacra
1203 3599 1545 3669 baptismatis
1564 3602 1827 3659 tinctione
1850 3619 2004 3673 spon-

416 3704 595 3744 sorem
630 3698 684 3743 et
716 3691 987 3758 patrinum
1020 3689 1352 3760 designaret.
1382 3691 1489 3747 Sed
1518 3693 1870 3749 nihilhorum
1901 3695 2002 3751 im-

417 3781 604 3835 mitem
662 3782 807 3836 illius
854 3782 1203 3852 ferocemque
1247 3784 1493 3839 animum
1550 3785 1726 3854 potuit
1762 3784 1997 3843 ﬂectere.

416 3872 626 3931 Etenim
661 3874 712 3927 in
742 3875 991 3931 exsilium
1018 3875 1363 3938 amandatos,
1387 3876 1616 3930 alterum
1638 3876 1705 3937 ab
1726 3877 1892 3932 altero
1911 3892 1998 3932 se~

415 3965 648 4035 paravit,
681 3964 1023 4039 singulisque
1077 3982 1233 4021 suam
1269 3967 1505 4025 insulam
1552 3968 1872 4038 assignavit,
1900 3970 1997 4024 lir-

417 4074 613 4128 maque
650 4060 900 4115 custodia
940 4061 1349 4130 circumsepsit.
1383 4059 1537 4115 Filiis
1570 4075 1735 4130 porro
1765 4061 1996 4117 virilita-

417 4157 523 4203 tem
555 4148 800 4217 ademit,
863 4150 1239 4205 membrorum
1301 4150 1637 4205 castratione
1705 4151 1947 4225 plectens
1979 4191 1996 4217 ,

413 4240 701 4313 plusquam
742 4242 1081 4297 inhumanus
1116 4252 1170 4297 et
1216 4242 1477 4298 crudelis.
1512 4244 1652 4298 Hinc
1685 4258 1835 4309 sane,
1867 4258 1991 4303 cum

415 4340 524 4387 tam
547 4333 714 4402 impia
740 4332 953 4402 imperii
975 4333 1193 4402 jecisset
1228 4332 1603 4399 fundamenta,
1623 4333 1814 4401 vitam,
1844 4335 1993 4390 exitu

2106 3448 2226 3497 σαν,
2294 3433 2390 3484 ἐπὶ
2445 3433 2704 3489 τοσοῦτον
2733 3433 2813 3505 τῷ
2844 3436 3047 3507 δολερῷ
3087 3438 3186 3508 τῆς
3208 3440 3558 3511 κακοτρόπου
3591 3442 3689 3496 δε-

2102 3522 2427 3586 λεασθέντες
2481 3525 2727 3595 γνώμης,
2760 3526 2904 3579 ὥστε
2935 3530 3032 3582 καὶ¹
3081 3530 3338 3601 ἀνάδοχον
3368 3533 3532 3586 αὑτὸν
3572 3535 3689 3589 ἀπὸ

2101 3614 2202 3683 τῆς
2257 3615 2638 3685 πνευματικῆς
2684 3617 3068 3691 κολυμϐήθρας
3114 3621 3223 3674 τῶν
3262 3622 3363 3692 τῆς
3404 3624 3689 3692 βασιλείας

2102 3704 2375 3769 ἀναδεῖξαι
2441 3706 2669 3760 τέκνων.
2732 3709 2899 3765 Οὐδὲν
2949 3711 3154 3766 τούτων
3201 3713 3301 3785 τὴν
3353 3714 3537 3787 ἀπηνῆ
3583 3720 3689 3773 καὶ

2102 3795 2345 3867 θηριώδη
2426 3797 2851 3869 κατεδυσώπησε
2921 3802 3139 3873 ψυχήνο
3211 3806 3541 3870 ἀποστείλας
3595 3807 3686 3877 δὲ,

2099 3888 2328 3961 διείργει
2383 3892 2481 3961 μὲν
2541 3892 2742 3956 αὐτοὺς
2798 3894 2896 3947 ἀπ’
2946 3896 3212 3966 ἀλλήλων,
3263 3897 3369 3969 ἰδίᾳ
3413 3898 3555 3951 κατά
3581 3901 3689 3963 τὰς

2099 3983 2294 4051 νήσους
2325 3982 2557 4036 ἕκαστον
2609 3986 2952 4055 περιορίζων,
2991 3989 3085 4041 καὶ
3115 3989 3224 4043 ὑπὸ
3249 3990 3485 4058 ἀστραλεῖ
3513 4009 3688 4045 κατα.-

2099 4071 2301 4135 πιὲζων
2335 4075 2580 4144 φρουρῷ
2610 4075 2931 4146 ἀφαιρεῖται
2962 4077 3019 4131 δὲ
3062 4081 3187 4143 τοὺς
3216 4082 3413 4145 παῖδας
3444 4082 3539 4135 καὶ
3565 4084 3685 4137 τῶν

2098 4165 2451 4234 γεννητικῶν,
2482 4167 2855 4232 καταδικάσας
2883 4170 2911 4221 6
2935 4171 3248 4240 ἀμείλικτος
3276 4174 3457 4243 μελῶν
3485 4175 3683 4230 εὐνου-

2097 4256 2215 4326 χίᾳ.
2262 4256 2543 4310 Ἐντεῦθεν
2601 4258 2764 4320 αὐτὸς
2810 4260 2908 4330 μὲν
2936 4262 3183 4331 πονηράν
3215 4266 3279 4333 τῇ
3312 4263 3479 4317 αὐτοῦ
3517 4265 3683 4334 βασι-

2097 4347 2216 4419 λείᾳ
2249 4348 2690 4419 καταϐαλόμενος
2723 4348 2918 4421 ἀρχὴῆ
2955 4352 3049 4404 καὶ
3071 4352 3223 4416 τέλος
3253 4354 3402 4418 ἄξιον
3434 4356 3685 4428 ἀπηνέγ-

418 4422 699 4491 principiis
722 4425 1110 4492 respondente,
1129 4424 1285 4481 lioiit.
1308 4423 1532 4493 lmpiam
1564 4423 1709 4477 enim
1734 4424 1994 4479 invisam-

2104 4410 2232 4492 κατο
2278 4440 2380 4509 τῆς
2436 4410 2631 4510 ἀργῆς.
2672 4410 2952 4511 τήνᾫάρ
3010 4445 3178 4496 πάλαι
3204 4410 3402 4509 ⁷κακῶς
3453 4410 3550 4516 μὲν
3579 4410 3685 4502 xui

414 4528 519 4581 quc
567 4511 678 4567 Deo
738 4503 1224 4569 lconomacliorum
1277 4525 1520 4581 sectam,
1557 4515 1625 4569 ab
1676 4515 1844 4584 impio
1899 4517 1995 4575 illo

414 4602 597 4658 Leone
617 4605 891 4669 quondam
918 4596 1256 4672 meditatam,
1282 4616 1381 4661 eta
1407 4606 1767 4661 Constantino
1798 4606 1996 4664 Leonis

414 4694 546 4761 ﬁlio,
566 4704 720 4767 patre
741 4697 903 4755 etiam
926 4697 1218 4764 deteriore,
1240 4699 1675 4762 corroboratam,
1698 4699 1789 4754 sed
1810 4699 1993 4754 divina

412 4779 757 4842 Providentia
817 4804 912 4859 per
944 4800 1191 4847 sanctam
1248 4792 1535 4860 septimam
1595 4792 1863 4861 synodum
1907 4793 1994 4863 pie

414 4887 668 4949 recteque
697 4882 927 4950 sopitam
961 4898 1025 4939 ac
1061 4883 1353 4951 sublatam,
1396 4884 1606 4943 invisus
1658 4885 1846 4955 draco,
1877 4888 1992 4943 dis-

411 4983 697 5042 tortusque
723 4976 968 5031 veritatis
999 4976 1266 5047 interpres
1293 4987 1523 5034 conatus
1559 4994 1834 5046 revocare,
1866 4995 1995 5037 con.

409 5075 485 5121 tra
511 5067 829 5123 orthodoxae
846 5070 1062 5139 pietatis
1081 5071 1572 5141 propugnaculum,
1598 5071 1987 5142 Nicephorum,

407 5160 654 5229 inquam,
688 5162 970 5232 religionis
1010 5172 1141 5218 tunc
1177 5164 1498 5229 antistitem,
1525 5180 1590 5220 ac
1620 5166 1772 5222 urbis
1813 5166 1986 5236 impe-

409 5253 580 5308 rantis
621 5254 1020 5325 patriarcham,
1053 5264 1269 5317 erectus
1297 5297 1310 5322 ,
1343 5257 1494 5315 illum
1533 5258 1699 5317 minis
1724 5257 1881 5327 juxta
1906 5252 1987 5315 ac

407 5346 685 5403 blanditiis
708 5358 1009 5420 oppugnat.
1035 5347 1138 5403 Sed
1164 5364 1288 5405 cum
1311 5351 1481 5411 multo
1502 5350 1797 5409 firmiorem
1821 5367 1985 5421 quam

404 5450 671 5513 sperarat,
704 5443 1062 5511 experiretur,
1092 5439 1144 5495 vi
1179 5445 1462 5514 tyrannica
1485 5443 1553 5498 de
1586 5445 1784 5501 throno
1804 5445 1988 5500 detur-

403 5533 615 5599 barum,
656 5538 720 5588 ad
755 5535 1118 5591 dexteriorem
1161 5534 1336 5600 Steni,
1374 5535 1429 5591 id
1467 5544 1551 5593 est
1587 5538 1801 5608 angusti
1860 5538 1984 5593 freti

405 5625 718 5693 regionem,
752 5626 805 5681 in
862 5628 1254 5683 monasterium
1305 5628 1579 5698 quoddam
1636 5630 1983 5699 importunus

400 5715 558 5787 ejecit
611 5721 767 5788 (cum
829 5720 1128 5777 Ecclesiam
1182 5721 1483 5791 apostolice
1512 5736 1608 5791 per
1645 5722 1978 5780 novennium

2101 4530 2408 4599 θεοστυγῶς
2456 4531 2841 4601 μελετηθεῑσαν
2890 4533 2997 4585 τῶν
3039 4534 3423 4606 Εἰκονομάχων
3464 4539 3685 4610 αἵρεσιν

2086 4620 2203 4673 ’ὑπὸ
2226 4622 2455 4685 Λέοντος
2484 4622 2695 4675 ἐκείνου
2723 4624 2818 4675 τοῦ
2848 4623 3161 4692 δυσσεϐοῦς,
3191 4628 3286 4679 καὶ
3329 4629 3684 4682 Κωνσταντῐ-

2099 4730 2190 4765 νου
2219 4712 2314 4765 τοῦ
2372 4713 2798 4784 δυσσεϐεστέρου
2850 4715 3289 4784 κραταιωθεῖσαν
3319 4717 3457 4781 υίοῦ,
3487 4718 3683 4784 καλῶς

2097 4805 2273 4858 δὲκαὶ
2301 4805 2541 4869 εὐσεϐῶς
2571 4805 2659 4859 διὰ
2726 4807 2978 4874 προνοίας
3028 4806 3162 4859 Θεοῦ
3213 4808 3308 4859 καὶ
3362 4811 3461 4878 τῆς
3506 4808 3684 4876 ἁγίας

2097 4896 2332 4967 ἑϐδόμης
2370 4896 2587 4948 συνόδου
2618 4895 3035 4966 καθαιρεθεῖσαν
3076 4896 3169 4949 καὶ
3197 4897 3679 4966 καταπαυθεῖσαν,

2095 4992 2123 5043 6
2152 4989 2396 5059 μυσαρδς
2425 4982 2580 5051 οὗτος
2636 4988 2762 5056 ὄφις
2796 4988 2890 5041 καὶ
2940 4988 3039 5058 τῆς
3069 4987 3331 5058 ἀληθείας
3362 4988 3681 5058 παραλογι-

2097 5079 2227 5150 στὴς
2254 5077 2519 5133 ἀνανεοῦν
2549 5076 2707 5141 αὖθις
2767 5079 3068 5147 ἐπιχειρεῖ*
3100 5077 3197 5130 καὶ
3233 5078 3311 5147 τῷ
3345 5076 3538 5148 πύργῳ
3567 5082 3683 5149 τῆς

2094 5170 2405 5243 ὀρθοδοξίας
2443 5171 2704 5238 ὲκραγεῖς
2747 5170 3085 5241 (Νικηφόρος
3111 5170 3166 5222 δὲ
3198 5165 3354 5233 οὗτος
3383 5166 3472 5243 ἦν,
3505 5173 3533 5223 6
3566 5173 3682 5243 τῆς

2092 5262 2372 5326 εὐσεϐείας
2393 5262 2725 5332 προστάτης,
2750 5262 2845 5315 καὶ
2891 5262 2991 5331 τῆς
3036 5260 3308 5330 βασιλίδος
3357 5262 3677 5332 ῖεράρχης),

2090 5353 2267 5424 τούτῳ
2300 5352 2623 5422 προσϐαλὼν
2688 5353 2950 5416 θωπείαις
3008 5353 3102 5406 καὶ
3149 5352 3423 5416 ἀπειλαῖς,
3480 5354 3680 5425 ἐπειδὴ

2093 5441 2433 5511 στερροτέρῳ
2481 5441 2681 5511 μᾶλλον
2722 5440 2755 5512 ἢ
2800 5441 2944 5494 κατά
2980 5440 3081 5512 τὴν
3120 5440 3287 5493 αὐτοῦ
3333 5443 3678 5512 περιέπιπτε

2090 5535 2307 5606 βουλὴν,
2338 5534 2617 5600 ἐξελαύνει
2665 5536 2765 5608 μὲν
2794 5538 3092 5607 τυραννικῇ
3147 5536 3239 5589 τοῦ
3278 5536 3468 5606 θρόνου
3497 5535 3678 5604 χειρὶ,

2088 5630 2244 5684 ἐννέα
2275 5627 2452 5683 ἔτεσιν
2490 5630 2590 5700 ἥδη
2622 5629 2996 5693 ἀποστολικᾶς
3029 5628 3269 5683 ἱθύναντι
3298 5629 3395 5700 τὴν
3438 5627 3683 5698 Ἐκκλη-

2093 5721 2235 5791 σίαν,
2269 5722 2407 5793 πρὸς
2432 5721 2490 5775 δὲ
2514 5725 2623 5786 τοῖς
2654 5723 2845 5789 δεξιοῖς,
2886 5721 2980 5777 τοῦ
3003 5722 3198 5778 Στενοῦ
3230 5723 3423 5794 μέρεσι
3450 5725 3584 5778 κατά
3619 5738 3685 5774 τι
