3988 6484
324 294 417 356 493

1360 282 1535 345 VITA
1571 280 1630 338 S.
1676 277 1975 337 IGNATII
2008 278 2115 338 (ΖΡ.
2159 277 2511 343 ΑΒΟΗῘΕΡ.

3462 279 3571 343 ιοι

323 404 573 474 σεμνεῖον
601 400 763 457 αὐτὸν
790 401 817 456 ὁ
842 397 1051 468 ἀπηνὴς
1074 394 1387 466 ύπερορίζει
1409 410 1422 425 ο
1451 394 1583 445 ὅπου
1604 390 1668 461 δὴ
1692 389 1881 460 χρόνον

2010 391 2290 460 :urasset),
2323 392 2411 449 ubi
2462 392 2655 446 beatus
2708 390 2794 445 ille
2830 392 3068 461 septenis
3120 391 3277 461 denis
3310 394 3468 449 annis
3511 396 3568 449 in

324 494 780 549 ἑπτακαιδέκατον
810 494 837 544 ὁ
898 491 1166 560 μακάριος
1198 489 1401 548 ἐκεῖνος
1426 487 1481 538 ὲν
1513 486 1579 554 τῇ
1607 484 1744 551 καλῇ
1766 482 1884 533 δια-

321 584 592 647 ϐεϐιωκὼς
626 582 906 653 ὁμολογίᾳ,
944 581 1080 651 πρὸς
1128 580 1217 633 τὸν
1251 578 1383 632 Θεὸν
1414 577 1669 647 μετέστη.
1702 572 1888 625 Θεόδο-

321 696 405 732 τον
424 677 478 728 δέ
504 693 627 731 τινα
649 675 758 729 τῶν
802 675 859 730 ὲν
898 672 1198 735 πολιτικοῖς
1234 667 1679 738 φενακιζομένων
1713 661 1883 729 ἀξιὼ-

323 785 501 839 μασιν,
556 767 724 836 ἄνδρα
776 767 1059 835 κοσμικοῖς
1106 762 1275 834 ἤθεσίν
1321 778 1379 817 τε
1428 761 1522 813 καὶ
1566 760 1888 830 πράγμασιν

320 857 766 931 ἑντεθραμμένον,
826 855 1081 924 οὐδεμιᾶς
1137 853 1194 907 δὲ
1238 850 1505 915 παιδείας,
1540 851 1599 903 ού
1634 850 1889 919 γνώσεως

321 944 524 1013 ἀγαθῆς
585 944 981 1014 μετεσχηκότα,
1011 942 1174 1011 μόνον
1208 941 1265 994 δὲ
1296 941 1395 1010 τῆς
1416 941 1886 1011 Χριστιανοκατηο

319 1033 540 1103 γορικῆς
562 1033 669 1085 τῶν
692 1032 1205 1101 Εἰκονομαχούντων
1232 1030 1498 1100 αἱρέσεως
1528 1027 1775 1099 ζηλωτὴν
1802 1045 1890 1082 νο·-

320 1123 631 1193 μιζόμενον,
692 1121 952 1193 κληρικὸν
993 1119 1293 1192 ἀποκείρας
1328 1119 1355 1170 ό
1401 1116 1776 1187 παμϐέϐηλος,
1812 1117 1891 1191 τῷ

317 1214 412 1284 τῆς
459 1214 729 1284 βασιλίδος
780 1212 1013 1282 ὲνιδρύει
1070 1211 1263 1282 θρόνῳ.
1322 1209 1603 1264 Ἐντεῦθεν
1648 1210 1889 1280 διωγμὸν

320 1305 515 1376 πικρὸν
550 1304 647 1357 καὶ¹
702 1303 1071 1374 ἀπάνθρωπον
1112 1302 1254 1354 κατά
1283 1301 1392 1353 τῶν
1430 1299 1673 1353 εὐσεϐεῖν
1709 1300 1892 1372 βουλο-

321 1396 493 1465 μένων
518 1395 955 1464 ἐπανῃρημένος,
986 1384 1111 1465 εὗρε
1127 1391 1192 1462 δὴ
1215 1392 1354 1445 κατά
1377 1389 1545 1452 πόδας
1578 1390 1673 1445 καὶ
1694 1390 1763 1443 τά
1793 1391 1893 1458 τῆς

316 1486 592 1557 ἁμαρτίας
619 1486 821 1554 ὀψώνια
848 1485 938 1538 τὸν
957 1484 1206 1547 θάνατον,
1242 1484 1298 1536 ὲν
1335 1481 1474 1537 ἐπτά
1499 1481 1598 1551 μὲν
1619 1481 1763 1535 ἔτεσι
1799 1483 1895 1536 καὶ

320 1578 514 1649 μικρόν
534 1595 587 1630 τι
611 1577 746 1648 πρὸς
771 1576 870 1647 τῆς
888 1575 1124 1646 ἀρχικῆς
1157 1572 1409 1640 ἐξουσίας
1444 1573 1891 1644 συντετμημένης

313 1670 486 1740 αύτῷ,
522 1672 582 1724 ὲν
612 1672 798 1739 μέσοις
828 1669 887 1723 δὲ
924 1671 1037 1733 τοῖς
1091 1667 1307 1730 ἀδύτοις
1340 1664 1435 1719 τοῦ
1467 1664 1596 1720 ναοῦ
1626 1666 1725 1735 τῆς
1763 1665 1895 1718 Θεο-

1991 484 2247 554 praaclara
2300 484 2647 539 confessione
2681 484 2921 546 exactis,
2961 485 3025 539 ad
3078 484 3246 539 Deum
3297 487 3567 556 migravit.

1989 573 2046 629 In
2115 573 2312 628 tln-ono
2363 589 2491 627 vero
2556 572 3158 642 Constantinopolitano
3225 573 3569 632 Theodotum

1990 667 2279 737 quemdam
2318 665 2560 736 profanis
2601 666 2841 723 muribus
2866 681 2929 720 ac
2955 666 3185 736 negotiis
3213 668 3568 735 innutritum,

1993 768 2159 828 atque
2189 759 2367 813 omnis
2389 758 2651 812 doetrinaa
2674 766 2729 812 et
2758 757 2998 812 liberalis
3020 756 3323 827 disciplinae
3343 765 3570 828 prorsus

1992 860 2270 918 expertem
2296 851 2431 918 (hoc
2460 860 2640 905 tamen
2668 865 2800 914 uno,
2826 851 2971 919 quod
2999 848 3340 906 Christianos
3368 851 3576 907 calum-

1995 942 2201 997 niantis
2225 941 2709 997 lconomachorum
2734 942 3005 998 hatreseos
3030 943 3318 997 aemulator
3342 944 3575 1000 habere-

1997 1033 2120 1099 tur)
2146 1041 2425 1087 attonsum
2463 1032 2881 1102 pt-ofauissimus
2925 1034 3232 1089 collocavit.
3266 1033 3405 1089 Hine
3436 1051 3577 1091 saeva

1995 1122 2312 1189 crudelique
2352 1123 2566 1191 piorum
2602 1125 2887 1179 vexatione
2938 1124 3221 1190 instituta,
3270 1125 3427 1193 juxta
3461 1126 3577 1179 vias

1997 1227 2149 1277 suas,
2186 1213 2457 1281 stipendia
2497 1214 2705 1281 peccati
2739 1221 2969 1268 mortem
3000 1215 3226 1283 accepit.
3262 1213 3398 1269 Nam
3430 1216 3574 1270 intra

1995 1306 2336 1373 Septennium
2381 1315 2433 1359 ιιι
2462 1305 2625 1373 paulo
2658 1305 2776 1373 plus
2824 1306 2970 1374 regia
2999 1315 3261 1374 potestate
3313 1308 3389 1362 illi
3440 1317 3577 1377 prae-

1996 1399 2141 1461 cisa,
2179 1399 2232 1454 in
2276 1398 2470 1452 mediis
2503 1397 2595 1453 Dei
2635 1396 2825 1452 Matris
2851 1398 3037 1466 templi
3067 1399 3249 1468 (quod
3280 1400 3331 1453 in
3368 1400 3575 1468 palatio

1995 1487 2231 1545 Pharum
2254 1488 2589 1557 nuneupant)
2605 1487 2802 1557 adytis,
2830 1487 3038 1554 infelix,
3061 1488 3168 1541 ritu
3190 1489 3362 1554 canis,
3383 1489 3579 1559 gladiis

2000 1577 2283 1635 confectus
2303 1587 2407 1633 est.
2432 1577 2531 1640 Ita,
2551 1594 2714 1647 quam
2742 1586 2891 1632 tanta
2917 1577 3266 1633 contentione
3288 1578 3580 1647 impietatis

1999 1679 2297 1728 sementem
2358 1668 2514 1732 fecit.
2575 1670 2717 1725 hanc
2769 1685 2986 1739 quoque
3038 1670 3285 1724 laborant
3354 1685 3578 1725 suorum

314 1761 574 1830 μήτορος,
601 1759 660 1813 ὃν
706 1760 769 1830 δὴ
819 1758 995 1829 Φάρον
1048 1760 1104 1810 ὲν
1136 1756 1213 1829 τῷ
1254 1756 1499 1827 παλατίῳ
1545 1756 1700 1826 φασὶ,
1734 1755 1893 1821 κυνὸς

2010 1779 2233 1819 messem
2268 1764 2507 1832 collegit.
2542 1762 2750 1817 Etenim
2780 1762 3006 1817 Michael
3039 1762 3260 1829 Balbus,
3290 1764 3574 1819 excubito-

310 1851 509 1922 τρόπον
539 1854 653 1915 τοῖς
676 1850 908 1919 ξίφεσιν.
960 1851 1016 1903 Ὁ
1050 1850 1150 1920 μὲν
1185 1845 1277 1903 οὖν
1307 1848 1451 1903 οὕτω
1492 1848 1794 1918 φιλοτίμως
1826 1848 1896 1901 τὰ

311 1940 407 2011 τῆς
459 1940 721 2001 ἀσεϐείας
779 1940 1066 2011 σπέρματα
1111 1938 1574 2009 καταϐαλόμενος,
1616 1937 1897 2005 ἀναλόγως

310 2032 415 2084 τῶν
470 2030 639 2086 αὑτοῦ
696 2025 875 2085 πόνων
927 2029 1197 2099 ἐτρύγησε
1244 2029 1339 2081 καὶ
1386 2030 1483 2091 τὰς
1537 2026 1893 2097 ἐπικαρπίας.

311 2121 533 2191 Μιχαὴλ
571 2123 699 2192 γὰρ,
742 2120 804 2173 ὃν
847 2120 942 2173 καὶ
987 2119 1205 2173 ’Ψελλόν
1251 2136 1405 2190 φασι,
1440 2117 1761 2187 δομέστικος
1787 2117 1895 2171 τῶν

311 2211 644 2277 ὲξκουϐίτων
703 2210 777 2265 ῶν
836 2212 979 2276 τότε,
1044 2212 1140 2267 καὶ
1191 2211 1266 2274 ὡς
1312 2210 1602 2281 τυραννίδα
1655 2208 1896 2279 μελετῶν

299 2289 644 2377 διαϐληθεὶς,
690 2303 785 2357 καὶ
836 2302 1270 2369 κατακλεισθεὶς,
1316 2303 1406 2357 διά
1461 2302 1568 2355 τῶν
1627 2290 1792 2359 αὖτοῦ
1839 2300 1897 2357 δὲ

314 2397 652 2467 συνωμοτῶν
703 2398 799 2451 καὶ
845 2396 1227 2450 συνασπιστῶν
1258 2394 1561 2467 λεληθότως
1590 2396 1704 2457 τοῖς
1741 2393 1896 2467 βασι-

307 2488 467 2552 λείοις
516 2489 578 2542 ὲν
629 2490 869 2560 σχήματι
916 2487 1193 2557 κληρικῶν
1225 2486 1644 2541 ἐπεισελθόντων
1674 2487 1895 2558 ὄρθρου,

309 2579 524 2633 καὶτὸν
554 2578 818 2651 τύραννον
868 2577 1243 2649 ἀνῃρηκότων,
1288 2576 1453 2639 αὐτὸς
1502 2574 1665 2639 εὐθὺς
1692 2575 1890 2643 ἀναγο-

311 2669 546 2738 ρευθεὶς,
599 2670 690 2725 τὸν
734 2669 833 2739 μὲν
877 2669 935 2723 ὲν
979 2669 1167 2740 σάκκῳ
1214 2667 1663 2741 συγκεκομμένον
1690 2665 1889 2736 βαλὼν,

2001 1866 2122 1905 runt
2172 1858 2284 1905 tum
2333 1850 2618 1919 praefectus
2645 1891 2659 1915 ,
2694 1866 2788 1906 seu
2822 1851 3180 1915 domesticus,
3220 1851 3287 1906 de
3321 1852 3576 1908 alfectato

2002 1953 2169 2008 regno
2191 1938 2420 2004 delatus,
2448 1950 2502 1993 et
2526 1940 2577 1995 in
2609 1939 2914 1995 custodiam
2938 1940 3121 2006 datus,
3147 1956 3176 1995 λ
3198 1941 3583 1996 commilitoni-

2001 2026 2104 2082 bus
2131 2027 2245 2085 suis
2266 2037 2318 2082 et
2335 2028 2501 2085 sociis
2526 2028 3048 2098 conjurationis,qui
3079 2029 3404 2085 clericorum
3429 2031 3584 2085 habi-

2000 2126 2114 2170 tum
2144 2118 2409 2182 ementiti,
2442 2119 2580 2173 clam
2614 2133 2829 2175 summo
2853 2133 3011 2173 mane
3039 2120 3299 2188 palatium
3345 2119 3582 2188 ingressi

2002 2216 2292 2277 tyrannum
2325 2209 2677 2272 occiderunt,
2710 2210 2981 2279 extemplo
3012 2210 3307 2279 imperator
3338 2220 3422 2265 est
3448 2226 3583 2266 con-

2001 2301 2302 2359 salutatus:
2326 2303 2417 2372 qui
2442 2311 2730 2373 tyrannum
2758 2303 3063 2365 concisum,
3090 2312 3249 2374 atque
3280 2305 3331 2357 in
3363 2319 3582 2359 saccum

2000 2391 2412 2460 conjectum,1’n
2446 2393 2619 2448 insula
2644 2392 2828 2458 Prota,
2854 2394 2972 2448 sine
2999 2394 3108 2448 ullo
3139 2406 3424 2464 apparatu,
3461 2410 3586 2450 con-

2001 2482 2244 2552 temptim
2260 2482 2475 2551 sepeliri
2505 2484 2778 2552 prtccepit,
2799 2483 3111 2553 liberosque
3134 2485 3360 2537 castrari
3384 2494 3436 2538 et
3469 2493 3591 2538 ton-

2000 2574 2115 2631 deri
2136 2594 2147 2631 :
2166 2576 2241 2631 uti
2262 2572 2545 2645 Scriptura
2567 2586 2719 2641 teste,
2742 2574 3033 2630 Cont'ersus
3051 2578 3098 2628 si
3132 2575 3282 2629 labor
3295 2578 3409 2646 ejus
3428 2577 3482 2629 in
3505 2593 3590 2632 ca.

2000 2680 2092 2736 put
2116 2667 2252 2737 ejus,
2268 2684 2328 2725 ac
2345 2669 2399 2721 in
2415 2668 2529 2737 ejus
2562 2670 2803 2723 verticem
2832 2668 3088 2737 iniquitas
3104 2669 3217 2737 ejus
3238 2667 3588 2723 descenderit.

312 2760 386 2821 είς
407 2760 510 2830 τὴν
535 2760 768 2830 Πρώτην
803 2761 1143 2831 καλουμένην
1172 2761 1334 2831 νῆσον
1354 2760 1565 2833 ἀτίμως
1589 2760 1889 2833 προσέταξε
1945 2761 2208 2829 ταφῆναι,
2264 2761 2389 2824 τούς
2449 2778 2508 2816 τε
2573 2761 2738 2816 αὐτοῦ
2806 2762 2957 2824 υἱοὺς
3028 2761 3441 2830 εύνουχισθῆναι
3501 2760 3594 2813 καὶ

308 2854 551 2924 καρῆναι
574 2870 587 2883 ·
612 2853 691 2923 ὡς
713 2853 1073 2923 ἐπιστρέψαι
1114 2851 1220 2909 τὸν
1248 2852 1443 2908 πόνον
1473 2853 1659 2911 αὑτοῦ
1683 2852 1783 2907 ἐπὶ
1812 2853 1928 2923 τὴν
1955 2852 2230 2923 κεφαλὴν
2250 2850 2459 2919 αὑτοῦ,
2488 2855 2628 2910 κατὰ
2673 2852 2772 2923 τὴν
2804 2850 3047 2922 Γραφὴν,
3076 2851 3176 2905 καὶ
3193 2851 3294 2911 ἐπὶ
3318 2851 3595 2921 κορυφὴν

307 2948 492 3003 αὐτοῦ
525 2947 645 3017 τὴν
668 2948 857 3004 αὑτοῦ
892 2948 1134 3005 ἀδικίαν
1161 2946 1514 3015 καταϐῆναι.

377 3042 557 3104 Αὐτὸς
607 3041 663 3095 δὲ
720 3041 942 3115 Μιχαὴλ
1008 3041 1353 3113 Ἀμοριανὸς,
1401 3041 1495 3095 καὶ⁹
1553 3041 1652 3112 τὴν
1689 3042 1900 3113 αἵρεσιν

2074 3038 2301 3095 Michael
2328 3051 2491 3105 porro
2513 3035 2842 3090 Amorianus
2867 3033 3061 3103 patria,
3098 3040 3357 3101 sectaque
3389 3028 3596 3084 Sabba‘

312 3132 689 3196 Σαϐϐατιανὸς
744 3133 842 3199 ὢν,
894 3133 988 3187 ἐπὶ
1036 3133 1192 3190 ἐννέα
1221 3133 1321 3207 μὲν
1358 3134 1586 3204 χρόνους
1617 3136 1711 3187 καὶ
1738 3135 1911 3202 ἥμισυ

309 3225 374 3276 τὰ
404 3224 671 3297 σκῆπτρα
697 3222 870 3279 διεῖπε
901 3225 999 3294 τῆς
1022 3223 1223 3296 ἀρχῆς,
1249 3224 1508 3293 οὐδεμίαν
1549 3222 1605 3299 δὲ
1628 3226 1723 3294 τῆς
1755 3223 1911 3295 ὀρθο-

310 3317 491 3381 δοξὶας
521 3317 787 3389 φροντίδα
838 3320 1098 3383 ἐποιεῖτο,
1133 3316 1272 3373 ἀλλά
1308 3316 1406 3373 καὶ
1453 3315 1576 3385 βίαν
1611 3317 1723 3377 τοῖς
1754 3316 1912 3367 εὐσε-

311 3407 421 3461 ϐεῖν
436 3408 722 3461 ἐθέλουσιν
745 3409 968 3481 ἐπῆγεν.
981 3408 1235 3462 Θεοδότου
1250 3408 1304 3461 δὲ
1318 3406 1410 3463 τοῦ
1431 3408 1745 3475 Κασσιτερᾶ
1759 3405 1913 3473 λεγο-

313 3500 474 3568 μένου
498 3499 853 3571 τεθνηκότος,
875 3502 966 3554 τὸν
988 3499 1333 3572 Βυρσοδὲψην
1363 3498 1697 3570 καλούμενον
1713 3496 1913 3551 Ἀντώ-

310 3610 446 3655 νιον,
476 3593 896 3665 μητροπολίτην
915 3593 1012 3663 μὲν
1024 3592 1126 3663 ἤδη
1143 3592 1360 3662 Πέργης
1384 3591 1696 3661 γενόμενον,
1710 3588 1913 3659 καὶτῆς

310 3683 584 3753 αἱρέσεως
604 3681 1213 3753 κοινωνὸν,οχολάζοντα
1231 3680 1306 3744 δὲ,
1329 3681 1357 3733 ό
1370 3679 1528 3743 αὐτὸς
1545 3678 1761 3751 Μιχαὴλ
1782 3678 1912 3731 ἀνα-

310 3774 490 3829 λαϐὼν
523 3814 543 3841 ,
583 3774 842 3845 ἀρχιερέα
884 3771 1507 3833 Κωνσταντινουπόλεως
1542 3770 1908 3824 ἀποδείκνυσι.

380 3867 549 3923 Μετὰ
580 3865 635 3919 δὲ
662 3865 752 3917 τὸν
775 3863 997 3935 Μιχαὴλ
1038 3863 1298 3932 θεόφιλος
1321 3864 1348 3916 ό
1374 3862 1487 3925 υίὸς
1530 3864 1623 3916 ἐπὶ
1656 3862 1788 3915 δέκα
1819 3862 1913 3915 καὶ

312 3960 459 4027 τρεῖς
495 3956 737 4027 χρόνους
786 3954 1062 4029 ἐγκρατὴς
1094 3954 1307 4025 γίνεται
1342 3953 1441 4023 τῆς
1474 3952 1776 4023 βασιλείας.
1803 3952 1912 4005 Καὶ

313 4044 377 4117 ἦν
412 4044 600 4103 τᾶλλα
632 4046 751 4117 μὲν,
796 4045 871 4111 ῶς
908 4064 1096 4121 φασιν,
1163 4046 1223 4099 ού
1257 4045 1449 4111 κακὸς,
1487 4046 1583 4098 καὶ
1609 4045 1912 4112 δικαιοκρι-

314 4140 435 4203 σίας
486 4139 860 4210 ἀντεχόμενος
881 4155 894 4168 °
926 4138 1024 4209 τὴν
1062 4137 1318 4208 ἀθέτησιν
1361 4136 1418 4190 δὲ
1470 4135 1579 4189 τῶν
1608 4135 1791 4204 ἱερῶν,
1818 4136 1911 4187 καὶ

316 4232 400 4283 τὸν
434 4230 558 4283 τῶν
591 4229 887 4300 όρθοδόξων
916 4228 1156 4298 διωγμόν
1198 4226 1433 4291 οὐδενὸς,
1464 4225 1538 4293 ὡς
1574 4227 1769 4289 εἰπεῖν,
1802 4223 1910 4277 τῶν

317 4320 419 4391 πρὸ
446 4319 629 4375 αὑτοῦ
654 4318 898 4375 διωκτῶν
926 4317 1205 4390 ἐνομίζετο
1235 4317 1563 4388 κουφότερος
1588 4332 1603 4346 ·
1633 4316 1726 4369 καὶ
1754 4314 1912 4367 τοῦτο

2015 3136 2194 3191 tianns
2221 3173 2235 3197 ,
2262 3132 2492 3201 sceptris
2524 3130 2736 3199 imperii
2770 3144 2867 3196 per
2893 3127 3224 3181 novcnnium
3253 3134 3307 3180 et
3332 3133 3594 3179 semestre

2016 3225 2286 3289 tractatis,
2332 3232 2493 3277 rectae
2541 3221 2823 3291 religionis
2884 3234 3071 3275 curam
3123 3218 3289 3287 gessit
3339 3216 3590 3270 nullam:

2013 3317 2247 3372 Subinde
2298 3326 2481 3370 tamen
2513 3330 2655 3371 verae
2688 3313 2908 3383 pietatis
2934 3311 3192 3365 studiosis
3242 3308 3352 3362 vim
3393 3309 3592 3361 attulit.

2014 3404 2316 3465 Theodoto,
2332 3418 2491 3471 quem
2516 3402 2845 3455 Cassiteram
2869 3397 3276 3468 appellitabant,
3302 3395 3593 3457 exstincto,

2014 3492 2240 3547 Michael
2274 3489 2609 3555 Antonium,
2655 3495 3019 3555 cognomento
3068 3483 3460 3553 Byrsodepsam
3492 3479 3593 3552 (2),

2008 3586 2121 3653 jam
2158 3583 2340 3653 Perga:
2373 3580 2769 3649 metropolitam
2793 3618 2806 3642 ,
2846 3587 2900 3632 et
2941 3578 3212 3630 haereseos
3253 3574 3596 3645 participem,

2017 3686 2145 3731 tunc
2188 3673 2439 3739 accersit,
2475 3672 2743 3740 urbisque
2770 3669 2932 3740 regia:
2958 3667 3325 3738 patriarcham
3349 3680 3595 3745 pronun-

2022 3770 2141 3824 tiat.

2085 3860 2395 3915 Secundum
2442 3856 2757 3913 Michaelem
2799 3855 3153 3925 Theophilus,
3202 3851 3484 3908 Michaelis
3533 3848 3599 3902 ﬁ-

2014 3954 2139 4017 lius,
2159 3952 2386 4020 sceptris
2401 3952 2600 4019 potitus
2619 3962 2789 4004 annos
2805 3946 3059 4002 tredecim
3075 3943 3356 4014 imperavit
3372 3959 3387 4007 ;
3404 3952 3600 3995 caetera

2014 4061 2122 4100 non
2154 4045 2329 4098 malus
2352 4084 2367 4109 ,
2400 4041 2673 4111 aequitatis
2710 4053 2931 4111 quoque
2966 4042 3360 4109 propugnator.
3391 4031 3496 4086 Sed
3545 4031 3600 4083 in

2014 4151 2294 4193 sacrarum
2350 4134 2645 4203 imaginum
2694 4131 3053 4186 insectatione
3086 4126 3235 4183 nullo
3289 4132 3436 4183 retro
3478 4122 3599 4174 Ico-

2014 4229 2404 4283 nomachorum
2429 4225 2653 4280 inferior
2705 4222 3009 4278 habebatur
3039 4221 3511 4290 credebaturque:
3545 4212 3601 4273 id

2013 4332 2143 4371 vero
2176 4315 2412 4368 intaxime
2453 4312 2705 4375 Joannis,
2738 4326 2902 4379 quem
2937 4307 3177 4362 Antonio
3222 4306 3598 4377 patriarcham

314 4411 649 4471 ἐπιστεύετο
701 4405 840 4467 εἶναι
871 4410 967 4465 καὶ
1007 4410 1253 4481 γίνεσθαι
1289 4409 1350 4473 ἐξ
1375 4407 1644 4477 ὑποϐολῆς
1679 4407 1905 4479 μάλιστα

2022 4408 2334 4469 suffecerat,
2364 4405 2604 4474 impulsu
2634 4402 2855 4459 fecisse.

315 4504 405 4557 τοῦ
454 4502 740 4564 Ἰωάννου.
772 4502 831 4557 ὃν
859 4504 998 4579 μετὰ
1029 4503 1121 4557 τὸν
1156 4501 1443 4555 Ἀντώνιον
1466 4502 1671 4563 ἐκεῖνος
1695 4498 1791 4552 ἐπὶ
1827 4498 1918 4551 τὸν

321 4595 733 4669 πατριαρχικὺν
759 4593 940 4669 Weiss
972 4594 1181 4665 θρόνον.

400 4688 493 4743 Ἐν
516 4686 738 4750 τούτοις
765 4685 872 4742 τῶν
888 4702 947 4743 τε
979 4685 1269 4741 πολιτικῶν
1288 4685 1379 4739 καὶ
1406 4683 1512 4737 τῶν
1537 4683 1915 4755 ἐκκλησιαστιρ
1985 4738 1991 4742 _

319 4778 431 4833 κῶν
464 4778 820 4851 πραγμάτων
858 4777 1174 4849 ὁρωμένων,
1218 4778 1314 4831 καὶ
1376 4775 1471 4829 ἐπὶ
1516 4774 1913 4845 τριακονταὲτη

322 4870 520 4940 χρόνον
575 4870 679 4939 τῆς
728 4869 1134 4940 ὀρθοτομούσης
1188 4869 1287 4939 μὲν
1322 4867 1653 4935 Ἑκκλησίας
1700 4867 1914 4938 μυρίοις

322 4964 469 5027 ὅσοις
511 4963 788 5026 κινδύνοις
822 4962 915 5017 καὶ
976 4961 1228 5027 θανάτοις
1268 4962 1362 5015 καὶ
1394 4960 1608 5029 θλίψεσι
1656 4976 1918 5030 προσομιυ

324 5052 555 5125 λούσης,
591 5054 701 5111 τῶν
734 5052 946 5109 ἀσεϐῶν
974 5052 1032 5109 δὲ
1061 5052 1128 5107 τά
1157 5054 1288 5125 ἀγια
1334 5050 1794 5109 καταπατούντων
1824 5048 1918 5118 βεη

329 5146 517 5217 ϐήλοις
556 5149 708 5210 ποσὶ,
753 5149 848 5201 καὶ
891 5146 1225 5218 ἀκαθάρτοις
1267 5147 1338 5199 τὰ
1385 5145 1505 5200 θεῖα
1539 5141 1919 5215 μεταχειριζο-

332 5239 519 5308 μένων
553 5240 735 5309 χερσὶ,
765 5239 1009 5309 Νικὴτας
1030 5242 1058 5292 ό
1091 5240 1186 5291 καὶ
1229 5237 1512 5305 Ἰγνάτιος,
1538 5230 1627 5289 οἴά
1650 5253 1731 5297 τις
1769 5235 1922 5302 εὐγε-

329 5334 594 5395 νέστατος
621 5331 799 5405 δρπηξ
832 5334 888 5384 ὲν
920 5332 996 5405 τῷ
1027 5331 1161 5403 οἴκῳ
1193 5330 1287 5384 τοῦ
1312 5329 1449 5384 Θεοῦ
1482 5328 1789 5398 φυτευθεὶς,
1828 5327 1922 5379 καὶ

330 5424 385 5476 ὲν
421 5427 552 5487 ταῖς
580 5425 771 5487 αὐλαῖς
802 5425 898 5496 τῆς
940 5424 1234 5495 μοναδικῆς
1278 5422 1551 5487 πολιτείας
1583 5419 1917 5491 ὲξηνθηκὼς,

328 5516 427 5570 οὐκ
455 5517 692 5586 ἔμελλεν
720 5518 965 5589 ἄκαρπος
997 5516 1227 5573 ἐνώπιον
1250 5516 1342 5571 τοῦ
1381 5514 1745 5585 φυτεύσαντος
1761 5511 1921 5564 αὐτὸν

330 5608 595 5676 ὁρᾶσθαι,
648 5602 769 5665 οὐδὲ
822 5609 1039 5680 φύλλοις
1083 5610 1264 5681 μόνον,
1317 5607 1493 5661 είτουν
1535 5602 1922 5679 ἀπειροκάλοις

402 5724 480 5791 (2)
518 5724 635 5779 lloc
660 5737 742 5781 est
769 5726 1087 5783 roriarium.

2086 4683 2143 4737 ln
2169 4682 2275 4735 hoe
2303 4694 2484 4733 rerum
2512 4685 2655 4731 statu
2677 4690 2800 4730 cum
2823 4689 2908 4729 res
2924 4682 2977 4727 et
2991 4671 3174 4727 civiles
3200 4679 3254 4725 et
3273 4667 3603 4725 ecclesiasti-

2017 4789 2095 4829 ea:
2118 4778 2486 4834 versarentur,
2518 4767 2757 4823 Ecclesia
2786 4766 3054 4821 catholica
3084 4772 3228 4817 totos
3260 4763 3479 4831 triginta
3513 4774 3605 4813 an-

2020 4880 2119 4920 nos
2140 4864 2397 4934 periculis
2427 4859 2932 4919 innumerabilibus,
2977 4867 3031 4910 et
3059 4855 3317 4910 tet-umnis
3339 4852 3605 4907 eaedibus-
3629 4890 3638 4905 ι,

2020 4971 2126 5026 que
2155 4954 2485 5015 conﬂictata,
2535 4967 2654 5005 cum
2686 4950 2835 5018 impii
2873 4956 3058 5003 sancta
3092 4945 3341 5015 profanis
3374 4942 3603 5012 pedibus

2022 5049 2425 5111 conculcarent,
2460 5053 2512 5099 et
2541 5059 2696 5098 sacra
2738 5042 2958 5111 pollutis
3011 5040 3265 5093 manibus
3298 5040 3605 5089 contrecto.-

2026 5149 2228 5204 tarent,
2263 5136 2484 5190 Nicctas
2517 5136 2631 5189 sive
2660 5132 2918 5203 !gnatius,
2972 5129 3117 5183 velut
3147 5122 3605 5198 generosissimus

2025 5234 2079 5287 in
2103 5232 2267 5286 domo
2294 5229 2509 5284 Domini
2535 5226 2790 5282 surculus
2822 5225 3098 5293 plantatus
3128 5230 3182 5274 et
3214 5223 3268 5272 in
3305 5215 3460 5271 atriis
3483 5228 3605 5266 mo-

2030 5328 2253 5382 nastiea:
2279 5324 2403 5378 vita:
2423 5322 2707 5381 educatus,
2734 5332 2834 5371 nec
2859 5316 2905 5369 ei
2942 5315 3035 5385 qui
3068 5315 3242 5384 ipsum
3268 5311 3607 5380 plantavcrat

2032 5413 2430 5475 infructuosus,
2451 5424 2550 5465 nec.
2573 5407 2639 5463 ad
2660 5404 2894 5475 speciem
2927 5401 3071 5459 foliis
3102 5409 3312 5457 tantum
3346 5392 3604 5464 copiosis,

2031 5516 2093 5561 ut
2125 5504 2415 5563 maledicta
2455 5502 2544 5561 illa
2577 5498 2831 5562 ﬁculnea,
2870 5496 2975 5550 hoc
3008 5501 3113 5556 est,
3164 5486 3495 5546 indumentis
3525 5484 3609 5539 ni-

2032 5600 2109 5656 hil
2147 5599 2271 5655 boni
2314 5594 2721 5655 continentibus
2791 5586 3051 5644 visendus
3104 5604 3117 5641 :
3171 5583 3263 5643 sed
3298 5582 3392 5652 qui
3450 5593 3608 5636 secus
