3988 6484
377 288 480 351 495

1577 286 1866 345 ΝΙΟΕΤίΕ
1898 286 2421 347 PAPIILAGONIS

3517 283 3623 347 496

379 402 675 458 uetes-tium
707 414 969 469 aquarum
1006 398 1289 464 decursus,
1317 407 1370 454 et
1395 399 1695 454 uberrimos
1719 398 1930 467 Spiritu:

2057 401 2314 471 ἐνδύμασι
2340 402 2513 472 κομᾷν
2549 400 2643 455 καὶ
2670 400 2903 465 στολαῖς,
2930 398 3071 453 κατὰ
3109 397 3207 463 τὴν
3235 396 3621 466 κατηραμένην

374 491 549 547 sancti
584 490 761 544 fontes
813 490 969 554 situs,
1023 500 1077 544 et
1110 489 1277 546 Vetus
1327 505 1486 544 omne
1517 490 1943 553 Testamentum,

373 584 694 652 Novumque
724 591 891 637 totum
915 582 1222 647 meditatus,
1254 594 1560 637 sanctorum
1590 581 1807 636 Patrum
1834 597 1948 634 mo-

377 675 653 731 numentis
684 675 926 728 studiose
971 675 1242 738 addictus,
1283 675 1497 727 illorum
1532 682 1582 727 ct
1632 671 1774 727 facta
1820 673 1945 725 imi-

375 768 579 830 tando,
623 776 676 820 et
705 766 1187 834 contemplationes
1242 774 1422 818 mente
1462 764 1811 829 rcvolvendo,
1861 773 1944 816 to-

375 872 600 929 tumque
620 859 931 912 interiorem
959 857 1231 910 hominem
1256 855 1552 925 saginando
1568 855 1941 917 confirmatus,

380 951 723 1005 dulcissimos
774 947 989 1001 virtutis
1028 947 1237 1001 fructus
1273 949 1380 1001 Deo
1418 948 1789 1018 progiguebat.
1826 946 1945 1001 Pri-

377 1062 525 1100 mum
561 1044 743 1110 itaque
774 1039 1184 1108 temperantiam
1222 1038 1274 1091 iu
1322 1039 1664 1103 abstinendo,
1704 1038 1942 1091 studium

378 1140 431 1192 in
466 1133 758 1205 vigilando,
780 1130 1010 1200 psalmis
1030 1130 1309 1191 canendis,
1333 1130 1550 1199 quando
1569 1130 1616 1183 id
1635 1129 1941 1198 jubebatur,

380 1225 762 1298 precandoque
798 1222 1111 1291 proferebat
1144 1238 1156 1273 :
1194 1221 1331 1275 adde
1353 1220 1524 1275 callos
1574 1221 1627 1274 in
1678 1220 1941 1289 genibus,

378 1319 668 1387 lacrymas,
711 1312 945 1382 pectoris
986 1311 1259 1380 planctus,
1299 1310 1495 1385 lingua:
1530 1311 1939 1375 continentiam,

375 1408 774 1474 verberumque
816 1402 1183 1469 tolerantiam,
1216 1418 1245 1455 a
1276 1403 1568 1472 pmdagogo
1598 1403 1788 1457 tetrico
1820 1417 1946 1470 pra-

374 1502 536 1568 vique
561 1497 752 1566 iudicii
778 1493 1377 1559 liomincsinllictorum,
1412 1494 1503 1563 qui
1536 1494 1703 1556 illum,
1736 1503 1793 1546 ut
1823 1493 1938 1546 [co-

371 1572 654 1643 nomachis
696 1587 1111 1656 gratificaretur,
1158 1586 1293 1639 dure
1336 1583 1626 1639 admodum
1671 1582 1937 1637 educavit.

364 1680 449 1734 Ad
475 1680 590 1733 haec
616 1679 889 1732 lenitatem
916 1716 930 1741 ,
963 1676 1240 1744 animique
1266 1675 1674 1739 demissionem,
1705 1689 1941 1744 ergaque

2054 494 2268 563 ἐκείνην
2309 494 2477 564 συκῆν
2503 510 2514 522 ·
2558 494 2683 561 παρ’
2714 491 2868 544 ὕδασι
2902 490 2958 543 δὲ
2994 490 3159 552 θείοις
3181 488 3275 542 καὶ
3304 487 3623 558 ἀφθονωτά-

2052 602 2165 647 τοις
2219 585 2312 637 τοῦ
2369 583 2682 654 Πνεύματος
2742 584 2918 652 μένων
2952 582 3256 651 ἐπιρροαῖς,
3293 579 3388 632 καὶ
3440 580 3625 631 πᾶσαν

2056 678 2153 748 μὲν
2182 678 2424 730 Παλαιὰν
2456 676 2750 745 Διαθήκην,
2813 675 2993 727 πᾶσαν
3029 674 3086 726 δὲ
3114 672 3259 725 Νέαν
3286 671 3621 742 ἐκμελετῶν,

2054 771 2261 839 πᾶσιβὲ
2297 770 2472 837 λόγοις
2498 768 2606 821 τῶν
2642 768 2799 838 ἱερῶν
2825 767 3086 834 Πατέρων
3112 765 3439 836 φιλοπείρως
3470 766 3626 833 ἐσχο-

2052 861 2254 925 λακὼς,
2287 863 2380 914 καὶ
2421 860 2624 913 τούτων
2670 861 2769 930 τήν
2811 876 2868 912 τε
2901 858 3097 928 πρᾶξιν
3140 858 3495 927 μιμούμενος,
3528 856 3623 908 καὶ

2051 957 2149 1027 τὴν
2174 955 2403 1024 θεωρίαν
2450 953 2860 1023 ἀναλεγόμενος,
2922 953 3017 1004 καὶ
3071 949 3165 1003 τὸν
3214 948 3363 1011 ἐντὸς
3406 947 3620 1019 ἄνθρω-

2054 1065 2154 1100 πον
2214 1048 2350 1109 ὅλως
2410 1045 2761 1114 πιαινόμενος
2824 1045 2880 1095 ἐν
2933 1041 3143 1103 τούτοις
3173 1041 3266 1094 καὶ
3325 1038 3621 1110 κραταιού-

2062 1153 2244 1206 μενος,
2279 1137 2618 1205 καρποφορεῖ
2664 1134 2754 1185 τὸν
2780 1133 2995 1202 ἣδιστον
3030 1131 3130 1200 τῆς
3161 1131 3364 1199 ἀρετῆς
3409 1128 3620 1199 καρπὸν

2051 1226 2127 1295 τῷ
2151 1225 2287 1294 Θεῷ.
2323 1225 2675 1295 Καρποφορεῖ
2718 1221 2929 1292 πρῶτον
2988 1221 3085 1291 μὲν
3136 1219 3412 1289 νηστείαν,
3443 1219 3617 1289 ἀγρυ-

2051 1317 2231 1379 πνίαν,
2291 1315 2609 1384 ψαλμῳδίαν
2647 1312 3103 1382 ἐπιτεταγμένην,
3152 1312 3246 1364 καί
3287 1310 3617 1379 προσευχὰς,

2048 1406 2237 1469 τύλους
2274 1406 2536 1473 γονάτων,
2576 1405 2802 1475 δάκρυα,
2834 1402 3043 1473 στηθῶν
3069 1403 3402 1471 ἐπιτίμησιν,
3440 1400 3618 1468 γλώσ-

2052 1512 2149 1563 σης
2195 1495 2543 1563 ἐγκράτειαν,
2586 1492 2863 1563 ὑπομονὴν
2907 1492 3039 1562 πρὸς
3072 1492 3249 1554 πάσας
3283 1491 3486 1554 αἰκίας,
3519 1486 3616 1542 τοῦ

2053 1584 2427 1653 καθηγεμόνος
2451 1582 2686 1655 σκληροῦ
2733 1599 2791 1634 τε
2822 1581 2919 1652 τὴν
2948 1583 3171 1651 γνώμην
3198 1581 3370 1643 ὄντος,
3399 1581 3493 1632 καὶ
3539 1577 3619 1647 τῷ

2046 1678 2158 1738 τοῖς
2215 1676 2604 1746 Είκονομάχοις
2651 1675 2988 1746 χαρίζεσθαι,
3031 1674 3282 1743 σκληρῶς
3314 1674 3456 1727 πάνυ
3491 1689 3616 1724 παι-

368 1784 585 1823 omnem
619 1766 1015 1821 fraternitatem
1038 1781 1159 1835 qua:
1189 1764 1487 1819 secundum
1516 1764 1680 1819 Deum
1720 1774 1805 1819 est
1840 1765 1930 1818 ob-

2043 1765 2419 1834 δαγωγοῦντος
2465 1766 2664 1818 αὐτόν·
2699 1765 2836 1836 πρὸς
2892 1765 3106 1828 τούτοις
3156 1765 3466 1835 πραΰτητα,
3518 1761 3617 1815 καὶ

365 1862 640 1930 sequium.
664 1858 822 1914 llisce
846 1860 1073 1926 primum
1107 1856 1271 1911 rebus
1296 1855 1561 1926 factisque
1594 1856 1721 1909 dum
1752 1856 1939 1911 beatus

361 1958 667 2013 exercetur,
708 1948 857 2003 hisce
890 1950 942 2001 in
966 1947 1162 2001 studiis
1197 1956 1466 2013 versatur,
1500 1958 1554 2000 et
1577 1946 1834 2017 praeclare
1881 1960 1939 2000 se

362 2037 659 2104 componit,
685 2035 874 2089 ordine
892 2051 1015 2088 cum
1038 2034 1169 2103 ipsis
1193 2038 1349 2089 annis
1365 2046 1418 2089 et
1435 2049 1662 2103 corpore
1688 2048 1938 2088 succres-

360 2140 538 2193 cente,
568 2129 829 2200 puerilem
854 2136 1065 2182 aetatem
1097 2128 1301 2182 ducens
1342 2128 1407 2181 ad
1451 2126 1770 2197 perfectiora
1810 2141 1939 2181 con-

362 2217 698 2271 firmabatur.
724 2214 987 2283 Deinceps
1009 2229 1137 2268 vero
1166 2214 1516 2284 perfectiores
1539 2213 1646 2267 Deo
1686 2221 1938 2284 procreat

363 2307 610 2369 fructus,
662 2305 843 2369 fidem,
904 2304 1160 2373 inquam,
1219 2319 1393 2373 spem,
1449 2311 1503 2358 et
1552 2304 1870 2359 charitatem
1919 2321 1933 2359 :

360 2395 520 2450 fidem
580 2393 874 2465 perfectam
922 2410 986 2449 ex
1043 2395 1281 2464 perfecta
1331 2411 1395 2450 ac
1448 2403 1558 2450 tota
1593 2404 1770 2450 mente
1827 2396 1936 2451 Deo

356 2485 597 2556 perfecto
635 2486 886 2552 offerens,
946 2486 1101 2540 fidem
1147 2488 1439 2552 sinceram,
1482 2503 1630 2557 spem
1676 2503 1795 2557 qua:
1828 2503 1934 2542 non

357 2579 710 2635 confunditur
735 2621 750 2645 ,
784 2579 1105 2633 charitatem
1142 2595 1247 2633 non
1283 2582 1463 2634 fictam
1491 2596 1556 2634 ex
1604 2596 1741 2650 puro
1770 2581 1935 2635 corde

355 2678 481 2741 erga
520 2672 689 2725 Deum
724 2682 778 2726 et
804 2672 1113 2741 proximum
1140 2711 1155 2736 ,
1186 2686 1252 2726 ex
1288 2683 1556 2742 prteccpto
1594 2680 1739 2727 recte
1780 2673 1935 2728 insti-

355 2771 551 2817 tutam.
587 2761 697 2818 llos
725 2762 943 2818 virtutis
978 2763 1188 2819 fructus
1227 2765 1354 2819 dum
1388 2781 1540 2821 sacer
1573 2767 1659 2821 hic
1690 2768 1931 2837 lgnatius

353 2854 797 2923 producit,atque
817 2855 869 2908 in
891 2856 974 2909 his
988 2865 1132 2910 recte
1148 2855 1415 2911 factorum
1446 2858 1639 2913 studiis
1668 2874 1697 2912 a
1730 2858 1931 2913 teneris

354 2956 525 3011 usque
547 2942 707 2995 annis
730 2950 943 3010 tempus
966 2957 1127 2997 omne
1163 2943 1415 3010 collocat,
1439 2960 1547 3014 quo
1578 2944 1745 2999 Deum
1777 2944 1927 3014 impii

350 3032 418 3087 ad
456 3033 791 3087 iracundiam
844 3035 1248 3103 provocabant,
1289 3035 1405 3105 ipse
1445 3036 1510 3090 ad
1543 3050 1759 3090 omnem
1794 3034 1927 3089 reli-

350 3120 528 3188 gionis
550 3120 765 3174 laudem
787 3121 1381 3177 conscemlcbat.Patre
1397 3125 1540 3178 enim
1564 3134 1616 3177 et
1634 3124 1926 3194 paedagogo
1954 3115 1995 3172 C

350 3226 379 3263 e
412 3212 519 3265 vita
555 3212 786 3266 sublatis
809 3251 823 3277 ,
860 3214 1045 3268 statim
1091 3214 1318 3270 fratrum
1351 3216 1455 3271 sibi
1507 3216 1926 3286 animarumque

347 3318 479 3356 cura
503 3312 557 3358 et
591 3301 907 3370 prafectura
930 3304 1242 3369 commissa,
1270 3305 1321 3360 in
1360 3306 1478 3376 ipso
1502 3308 1740 3362 muneris
1764 3322 1925 3362 exor-

349 3393 439 3448 dio
466 3394 728 3458 ostendit,
759 3409 881 3463 qua:
916 3395 1088 3449 sancti
1120 3394 1353 3465 Spiritus
1381 3397 1461 3449 vis
1493 3397 1745 3466 deinceps
1768 3412 1832 3450 ex
1867 3411 1924 3473 se

348 3494 495 3540 esset
518 3486 798 3563 effulsura.
829 3486 977 3540 Adeo
1005 3487 1207 3557 quippe
1244 3486 1618 3556 frequentibus
1647 3488 1923 3541 concioni—

348 3578 450 3632 bus
475 3578 921 3649 sapientibusque
946 3579 1422 3633 cohortationibus
1454 3594 1681 3634 suorum
1709 3591 1920 3635 mentes

348 3668 626 3737 pascebat,
687 3685 1013 3740 semperque
1048 3671 1113 3725 ad
1148 3669 1373 3723 virentia
1399 3669 1493 3725 Dei
1524 3685 1727 3739 pascua
1751 3671 1921 3725 dedu-

345 3762 533 3827 cebat,
572 3761 646 3815 uti
682 3762 909 3833 mirifice
947 3771 1217 3818 cresceret
1252 3763 1303 3815 in
1338 3762 1428 3817 illo
1459 3763 1647 3832 gratiae
1680 3771 1733 3817 et
1760 3762 1922 3832 spiri-

347 3854 471 3908 talis
500 3854 799 3923 magisterii
834 3856 1061 3919 donum,
1094 3854 1336 3923 adeoque
1365 3864 1587 3924 augeret
1621 3855 1737 3909 suis
1769 3855 1926 3910 insti-

344 3941 649 3995 tutionibus
668 3941 810 3997 ovile
834 3941 1061 4010 Christi,
1091 3951 1151 3996 ut
1174 3944 1302 3997 illud
1326 3959 1426 3998 uec
1444 3959 1584 3998 unus
1604 3944 1714 4015 jam
1745 3945 1920 4009 locus,

347 4047 445 4086 nec
470 4048 575 4086 una
604 4034 802 4089 domus
834 4034 1070 4103 amplius
1090 4046 1329 4105 caperet,
1365 4036 1458 4090 sed
1482 4046 1743 4106 quaterna
1776 4037 1922 4093 illius

343 4127 523 4180 studio
574 4128 823 4183 cuauobia
884 4129 1256 4184 excitarentur
1310 4129 1917 4200 constiwerenturque;

343 4215 419 4270 ita
459 4226 515 4271 ut
544 4217 775 4287 singulis
809 4234 906 4273 sua
952 4220 1238 4275 commoda
1269 4228 1455 4275 essent
1483 4220 1758 4276 domicilia
1783 4263 1796 4287 ,
1836 4236 1923 4276 sa-

345 4321 611 4376 crumque
648 4309 1107 4376 instrumentum,
1153 4320 1458 4381 czeteraque
1486 4311 1553 4366 ad
1588 4327 1748 4367 usum
1796 4327 1915 4366 mo-

345 4403 571 4482 nasterii
598 4405 929 4458 necessaria.
953 4403 1148 4459 Omnia
1171 4405 1406 4474 denique
1424 4405 1635 4460 decenti
1678 4406 1919 4476 ipsisque

342 4494 687 4547 convenienti
744 4509 1010 4563 apparatu
1065 4507 1317 4565 suscepta
1350 4511 1515 4562 cura,
1554 4512 1784 4567 magnus
1832 4498 1920 4553 ille

339 4583 649 4638 instruebat
697 4586 1183 4655 componebatque.
1214 4586 1557 4641 Docebantur
1606 4603 1795 4644 omnes
1849 4588 1917 4643 ab

336 4672 435 4728 illo
506 4674 765 4741 magistro
811 4684 865 4728 et
899 4685 1141 4744 parente,
1174 4676 1227 4728 in
1285 4676 1477 4744 primis
1510 4678 1754 4746 ipsorum
1790 4694 1912 4734 esse

2042 1856 2392 1921 ταπείνωσιν,
2449 1857 2543 1909 καὶ
2595 1855 2841 1927 ὑπακοὴν
2897 1858 3075 1910 πᾶσαν
3122 1856 3258 1927 πρὸς
3306 1858 3486 1909 πᾶσαν
3515 1854 3615 1925 τὴν

2042 1947 2185 2001 κατὰ
2237 1949 2439 2017 Κύριον
2490 1947 2846 2017 ἀδελφότητα.
2905 1948 3129 2020 Πρῶτον
3177 1948 3275 2018 μὲν
3315 1947 3485 1999 ταῦτα
3525 1946 3615 1999 διὰ

2045 2042 2345 2111 πράξεωςὸ
2384 2042 2653 2114 μακάριος
2709 2042 2931 2114 μετιὼν,
2963 2044 3055 2096 καὶ
3089 2040 3293 2103 τούτοις
3335 2040 3613 2109 παιδοτρι-

2042 2133 2324 2204 δούμενος,
2358 2134 2450 2187 καὶ
2508 2134 2771 2188 κάλλιστα
2819 2134 3266 2206 προτελούμενος,
3303 2132 3613 2194 ἀκολούθως

2038 2229 2103 2298 τῇ
2142 2227 2367 2297 αὐξήσει
2402 2226 2495 2280 τοῦ
2530 2226 2801 2297 σώματος,
2842 2227 2935 2280 καὶ
2968 2225 3066 2297 τὴν
3094 2224 3348 2295 παιδικὴν
3394 2222 3639 2294 ἠλικίαν.

2040 2319 2370 2387 προκόπτων
2440 2317 2803 2388 κατωρθοῦτο.
2871 2318 3104 2369 Ἔπειτα
3148 2316 3486 2385 καρποφορεῖ
3536 2313 3612 2380 τῷ

2038 2409 2155 2479 Θεῷ
2181 2409 2247 2463 τὰ
2274 2409 2601 2480 τελειότερα,
2635 2412 2815 2463 πίστιν
2860 2410 2922 2480 δη
2953 2410 3114 2476 λέγω,
3146 2408 3243 2462 καὶ¹
3273 2407 3481 2470 ἐλπίδα,
3516 2405 3611 2458 καὶ

2037 2501 2257 2571 ἀγάπην
2281 2515 2295 2529 ⁸
2353 2500 2534 2555 πίστιν
2584 2501 2796 2555 τελείαν
2832 2502 2895 2553 ὲκ
2939 2500 3151 2561 τελείας
3190 2498 3283 2551 καὶ
3313 2496 3608 2565 ὁλοκλήρου

2035 2593 2272 2655 διανοίας
2295 2592 2372 2662 τῷ
2407 2592 2598 2662 τελείῳ
2641 2592 3057 2663 προσαγομένην
3095 2589 3250 2660 Θεῷο
3288 2589 3470 2642 πίστιν
3515 2588 3607 2640 ἀνα

2040 2687 2355 2756 υπόκριτον,
2389 2685 2576 2738 ἐλπίδα
2602 2685 3045 2755 ἀκαταίσχυντον,
3076 2684 3294 2754 ἀγάπην
3315 2679 3607 2751 εἰλικρινῆ,

2035 2778 2093 2842 ἐξ
2117 2777 2443 2848 εἰλικρινοῦς
2485 2779 2711 2849 καρδίας
2746 2778 2881 2850 πρὸς
2932 2778 3026 2831 τὸν
3054 2776 3185 2831 Θεὸν
3229 2776 3322 2829 καὶ
3353 2773 3444 2827 τὸν
3470 2771 3609 2841 πλη-

2036 2870 2146 2923 σίον
2172 2873 2312 2924 κατά
2360 2871 2460 2941 τὴν
2500 2870 2718 2941 ἐντολὴν
2747 2870 3210 2941 κατορθουμένην.
3253 2866 3441 2920 Ταῦτα.
3466 2882 3606 2934 καρ-

2032 2961 2283 3033 ποφορῶν
2339 2964 2367 3015 ὁ
2413 2964 2554 3025 θεῖος
2609 2963 2883 3031 Ἰγνάτιος,
2942 2966 3044 3017 κάν
3076 2961 3286 3023 τούτοις
3314 2961 3378 3012 ἐκ
3405 2957 3607 3027 νεαρᾶς

2029 3052 2245 3123 ἡλικίας
2267 3056 2378 3116 τοῖς
2404 3053 2792 3125 κατορθώμασι
2850 3053 3026 3118 συζῶν
3063 3053 3239 3106 πάντα
3278 3050 3366 3103 τὸν
3392 3049 3603 3119 χρόνον,

2030 3139 2075 3213 ᾧ
2125 3146 2215 3198 τὸν
2272 3146 2403 3198 Θεὸν
2465 3146 2513 3199 οἱ
2565 3146 2889 3209 ἀσεϐοῦντες
2935 3146 3401 3218 παρεπίκραινον,
3443 3140 3603 3202 αὐτὸς

2032 3235 2167 3305 πρὸς
2197 3236 2294 3305 τὴν
2315 3235 2595 3289 εὐσέϐειαν
2620 3236 2968 3307 κατωρθοῦτο
3010 3236 3340 3289 τελειότατα.
3372 3230 3479 3284 Καὶ
3497 3231 3605 3300 γὰρ

2029 3326 2125 3379 τοῦ
2158 3327 2362 3397 πατρὸς
2390 3326 2557 3380 αὐτοῦ
2594 3326 2809 3381 καὶτοῦ
2846 3326 3161 3397 καθηγητοῦ
3194 3328 3287 3380 τὸν
3321 3328 3603 3397 ἀνθρώπι-

2030 3435 2118 3471 νον
2151 3419 2559 3489 μετηλλαχότων
2590 3418 2723 3488 βίον,
2755 3418 2935 3487 πάσης
2979 3418 3035 3470 δὲ
3066 3418 3166 3487 τῆς
3207 3416 3450 3485 ἀδελφῶν
3481 3417 3603 3468 ἐπι-

2034 3509 2251 3580 μελείας
2282 3510 2492 3581 καὶτῆς
2520 3510 2706 3580 ψυχῶν
2734 3510 3079 3573 ἐπιστασίας,
3117 3508 3191 3573 ὡς
3246 3509 3478 3579 ποιμένα
3506 3524 3605 3560 κα-

2028 3598 2116 3652 λὸν
2148 3601 2363 3655 καὶτῶν
2386 3601 2616 3669 λογικῶν
2653 3602 2940 3673 προδάτων
2959 3600 3297 3672 καθηγητὴν,
3324 3618 3388 3653 πε
3399 3616 3603 3670 ριιστα-

2031 3690 2199 3761 μένης
2233 3694 2313 3755 είς
2350 3693 2531 3759 αὑτὸν,
2558 3692 2758 3756 ἔδειξεν
2797 3694 2854 3746 ἐν
2896 3691 3132 3762 πρώτοις
3158 3690 3321 3753 εὐθὺς
3370 3690 3470 3759 τὴν
3510 3689 3602 3740 ἐσσι

2044 3784 2266 3854 ὕστερον
2300 3784 2357 3839 ὲν
2391 3784 2539 3855 αύτῷ
2568 3785 2660 3838 τοῦ
2712 3784 3025 3855 Πνεύματος
3050 3784 3276 3853 δύναμιν
3324 3784 3601 3852 ἀναφανητ

2029 3875 2280 3945 οομένην.
2316 3874 2472 3929 Οῦτω
2523 3877 2633 3947 γὰρ
2691 3878 2810 3940 ταῖς
2848 3876 3094 3945 συνεχέσι
3118 3875 3227 3928 τῶν
3278 3874 3452 3942 λόγων
3478 3876 3601 3945 ὀμι-

2023 3966 2163 4029 λίαις
2220 3968 2313 4019 καλ¹
2369 3969 2489 4031 ταῖς
2547 3971 2737 4037 σοφαῖς
2773 3968 3130 4040 παραινέσεσι
3166 3968 3265 4030 τὰς
3292 3968 3473 4020 αὐτῶν
3512 3966 3596 4030 ἐξ·

2026 4059 2221 4129 έτρεφε
2269 4059 2470 4131 ψυχὰς,
2522 4059 2619 4113 καὶ
2673 4060 2766 4113 ἐπὶ
2829 4060 2923 4124 τὰς
2958 4060 3231 4122 ἀειθαλεῖς
3270 4059 3471 4129 ώδήγει
3504 4059 3597 4110 τοῦ

1989 4206 1994 4216 _
2022 4149 2156 4203 Θεοῦ
2191 4152 2377 4221 μονὰς,
2417 4153 2491 4216 ώς
2520 4153 3087 4223 πολλαπλασιασθῆναι
3116 4153 3215 4222 μὲν
3239 4152 3386 4220 αύτῷ
3411 4151 3471 4204 τὸ
3498 4150 3599 4220 τῆς

2023 4243 2243 4314 χάριτος
2276 4244 2534 4297 τάλαντον
2560 4245 2651 4298 καὶ
2686 4246 2785 4314 τῆς
2827 4244 3200 4316 πνευματικῆς
3224 4243 3593 4307 διδασκαλίας,

2023 4331 2600 4402 πολλαπλασιασθῆναι
2657 4335 2714 4387 δὲ
2772 4337 2864 4389 καὶ
2919 4335 2979 4388 τὸ
3031 4335 3284 4406 ποίμνιον
3352 4333 3447 4387 ἐπὶ
3510 4349 3597 4384 το·-

2023 4421 2237 4488 σοῦτον,
2258 4425 2334 4489 ώς
2384 4427 2576 4496 μηκέτι
2605 4426 2825 4490 τούτους
2869 4427 2947 4479 ἐνὶ
2970 4427 3119 4493 τόπῳ
3145 4426 3280 4496 μηδὲ
3321 4426 3418 4494 μιᾷ
3459 4426 3595 4493 μονῇ

2018 4513 2276 4569 δύνασθαι
2322 4517 2635 4587 χωρεῖσθαι,
2661 4517 2897 4588 τέσσαρα
2944 4518 3000 4571 δὲ
3049 4519 3115 4570 τὰ
3143 4519 3320 4571 πάντα
3368 4515 3454 4568 διὰ
3496 4516 3601 4593 τῆξ

2016 4606 2180 4661 αὐτοῦ
2236 4608 2471 4679 σπουδῆς
2498 4610 2793 4680 ἀναστῆναι
2826 4610 2919 4664 καὶ
2958 4597 3298 4680 καταστῆναί
3330 4608 3597 4679 μοναστή-

2020 4714 2113 4768 ρια
2140 4714 2153 4727 ·
2206 4699 2437 4773 ἑκάστου
2476 4702 2573 4764 τὰς
2645 4700 2990 4772 ἁρμοζούσας
3021 4701 3328 4770 οἰκοδομὰς,
3362 4699 3456 4753 καὶ
3484 4699 3595 4750 τῶν

340 4765 510 4820 Deum
536 4766 785 4819 laudibus
811 4766 1105 4831 celebrare,
1132 4775 1185 4822 et
1205 4768 1435 4822 orationi
1464 4785 1654 4825 vacare
1681 4789 1693 4824 :
1720 4772 1911 4827 deinde

2039 4788 2178 4859 ερῶν
2203 4791 2431 4858 σκευῶν,
2467 4793 2558 4845 καὶ
2590 4793 2699 4845 τῶν
2721 4794 3034 4859 ἀναγκαίων
3061 4792 3260 4862 χρειῶν
3312 4791 3408 4860 τὴν
3434 4807 3592 4859 περι-

335 4867 391 4909 ιιι
429 4858 628 4927 singuli
658 4873 754 4911 sua
792 4859 1094 4914 ministeria
1130 4860 1365 4926 obirent,
1396 4862 1683 4932 omniaque
1717 4865 1783 4918 ad
1818 4864 1910 4919 Dei

333 4948 549 5003 laudem
577 4957 630 5002 et
656 4949 883 5015 gloriam
918 4951 1200 5006 referrent.

2022 4879 2258 4950 ποίησιν,
2302 4886 2392 4936 καὶ
2452 4886 2631 4937 πᾶσαν
2677 4885 2774 4954 τὴν
2827 4885 3007 4947 αὐτοῖς
3060 4884 3375 4952 πρέπουσαν
3432 4899 3593 4935 κατα-

2023 4973 2220 5039 σκευήν
2254 4990 2310 5025 τε
2337 4976 2430 5025 καὶ
2477 4974 2716 5038 διάταξιν
2746 4976 2833 5028 διὰ
2860 4975 2957 5044 τῆς
2977 4973 3072 5027 τοῦ
3109 4974 3345 5043 μεγάλου
3377 4973 3591 5043 λαμὸάο

332 5056 513 5102 νοντος
547 5039 861 5107 ἐπιμελείας
892 5057 904 5069 ⁸
930 5042 1020 5093 καὶ
1043 5042 1259 5095 πάντων
1279 5043 1365 5096 ἐπ’
1393 5041 1583 5114 ἐκείνῳ
1613 5046 1947 5119 καθηγεμόνι
1971 5059 2062 5109 καὶ
2100 5062 2266 5131 πατρὶ
2304 5063 2721 5133 διδασκομένων,
2747 5065 2906 5135 ἔργον
2938 5066 3037 5136 μὲν
3066 5068 3334 5120 ποιεῖσθαι
3370 5067 3466 5136 τὴν
3494 5063 3589 5118 τοῦ

335 5130 470 5182 θεοῦ
495 5128 799 5196 δοξολογίαν
840 5129 931 5182 καὶ
962 5130 1292 5201 προσευκῆνν
1335 5134 1393 5185 ἐν
1429 5135 1689 5206 παρέργῳ
1724 5138 1780 5190 δὲ
1813 5140 1903 5193 καὶ
1928 5143 2027 5213 τῆς
2079 5148 2196 5201 κατ’
2229 5149 2422 5213 αὐτοὺς
2465 5151 2693 5207 ἕκαστον
2746 5154 3235 5225 ἀντιλαμϐάνεσθαι
3291 5155 3586 5217 διακονίας,

333 5228 428 5281 καὶ
475 5227 653 5281 πάντα
702 5229 875 5279 ποιεῖν
907 5230 985 5291 είς
1028 5228 1186 5294 δόξαν
1231 5229 1322 5282 καὶ
1349 5229 1568 5284 ἔπαινον
1589 5232 1746 5287 Θεοῦ.

400 5319 586 5389 Itaque
633 5319 801 5383 Plate,
845 5330 899 5375 et
948 5319 1198 5392 llyatros,
1228 5338 1294 5377 ac
1341 5324 1724 5392 Terebintbus,
1766 5344 1903 5397 quas

334 5414 612 5483 Principes
663 5414 937 5484 appellant
985 5416 1211 5481 insulas,
1263 5416 1407 5471 illius
1448 5433 1579 5471 cura
1627 5429 1681 5473 et
1731 5422 1912 5477 studio

333 5506 664 5571 inlmbitatre,
694 5508 747 5559 in
780 5508 923 5562 ardes
948 5523 1130 5563 sacras
1179 5519 1231 5563 ct
1263 5511 1653 5565 monachorum
1683 5512 1914 5567 domici-

330 5600 403 5653 lia
439 5608 562 5653 sunt
588 5614 888 5655 conversae.
938 5599 1071 5654 Nam
1116 5617 1148 5656 e
1186 5602 1407 5670 regione
1438 5603 1626 5657 harum
1659 5603 1711 5658 in
1740 5606 1913 5659 conti-

335 5698 496 5744 nente
525 5689 589 5743 ad
622 5704 767 5746 mare
798 5692 984 5757 situm,
1016 5692 1141 5757 hoc,
1168 5695 1413 5764 inquam,
1439 5695 1695 5751 eximiqu
1730 5699 1911 5770 magni

2084 5336 2265 5408 Πλάτη
2328 5340 2425 5410 μὲν
2461 5337 2555 5393 οὖν
2576 5342 2669 5394 καὶ
2713 5341 2938 5411 ’Υάτρος
2970 5342 3089 5394 τότε
3124 5341 3218 5394 καὶ
3247 5340 3584 5412 Τερέὄινθος,

2020 5427 2077 5479 αἱ
2112 5428 2458 5498 Πριγκίπειοι
2491 5431 2641 5500 νῆσοι
2685 5432 3248 5501 προσαγορευόμεναι,
3292 5434 3409 5496 ταῖς
3439 5433 3589 5485 ἐκεί-

2018 5537 2108 5572 νου
2138 5522 2415 5591 προνοίαις
2437 5523 2793 5593 οἰκιζόμεναι,
2819 5524 2897 5587 εἰς
2930 5524 3224 5593 ἐκκλησίας
3258 5524 3466 5593 Κυρίου
3491 5522 3585 5575 καὶ

2018 5610 2235 5676 εύαγεῖς
2284 5613 2535 5682 μοναχῶν
2588 5613 2917 5667 καθίσταντο
2964 5613 3151 5683 μονάς.
3203 5613 3313 5665 Καὶ
3350 5612 3457 5682 γὰρ
3487 5613 3587 5681 τὴν

2016 5705 2241 5775 ἀντικρὺ
2263 5704 2468 5759 τούτων
2501 5706 2641 5758 κατά
2660 5706 2759 5776 τὴν
2785 5707 3014 5776 ἦπειρον
3041 5705 3177 5775 πρὸς
3210 5708 3274 5775 τῇ
3304 5706 3443 5777 ἀκτῇ
3476 5721 3588 5758 κειο
