4092 6618
469 522 574 588 49⁸7

1528 516 1702 578 VITA
1736 514 1794 576 S.
1821 513 2117 575 IGNATII
2145 513 2251 573 CP.
2297 514 2656 574 ARCHIEP.

3629 511 3734 575 498

473 635 661 707 μένην,
690 630 892 702 ταύτην
923 629 987 701 δὴ
1017 628 1159 697 λέγω
1181 626 1276 698 τὴν
1308 627 1731 699 προκαθημένῳ)
1757 625 1849 678 τοῦ
1878 625 2042 696 μεγά·

2158 627 2388 682 :mlitum
2441 625 2704 696 principis
2744 622 3021 680 Michaelis
3046 623 3356 678 cmnohium
3391 623 3442 676 in
3479 623 3583 678 ﬁne
3617 627 3738 678 vita:

468 713 562 778 λδυ
590 723 884 794 ταξιάρχου
917 722 1104 791 μονὴν,
1136 721 1230 773 ἐπὶ
1261 719 1337 790 τῷ
1389 720 1534 773 τέλει
1561 719 1660 789 τῆς
1688 719 1853 772 αὐτοῦ
1896 718 2042 786 ζωῆς

466 818 496 869 6
529 813 800 884 μακάριος
831 811 1150 864 τελευταίαν
1200 811 1560 880 ἀνεστήσατο,
1593 809 1688 863 καὶ
1737 808 2042 877 καθηγίασε

467 907 546 978 τῷ
573 905 690 974 Θεῷ
714 922 726 933 ·
752 900 820 976 ἧς
846 905 942 974 τὴν
988 903 1371 971 ἐπισημότητα
1413 900 1507 954 καὶ
1540 899 1916 968 περιφάνειαν,
1950 897 2044 950 τοῦ

466 1018 526 1054 τε
558 998 685 1051 ναοῦ
710 996 1017 1068 ὑπέρκαλον
1040 994 1272 1064 ἀγλαΐαν
1304 994 1397 1046 καί
1424 990 1922 1062 μεγαλοπρέπειαν,
1951 988 2046 1041 καὶ

465 1089 565 1159 τὴν
589 1088 718 1157 ὃλην
747 1085 1144 1154 ἀγιοπρέπειαν
1171 1082 1268 1136 κοιλ⁸
1294 1081 1472 1146 δόξαν,
1501 1081 1576 1143 ὡς
1597 1081 1759 1148 λόγου
1789 1079 2044 1150 κρείττω,

464 1182 584 1242 ταῖς
609 1178 764 1248 ὄψεσι
795 1173 1285 1246 παραχωροῦντες,
1336 1173 1430 1225 ἐπὶ
1482 1172 1550 1225 τὰ
1603 1171 1730 1240 ἑξῆς
1781 1169 1875 1223 τοῦ
1929 1168 2045 1239 βίου

468 1273 768 1342 προΐωμεν.
803 1270 891 1322 Ἐν
920 1267 1131 1330 τούτοις
1157 1265 1334 1319 τοίνυν
1362 1265 1389 1316 6
1421 1265 1567 1327 ὅσιος
1595 1262 1828 1317 ἐνώπιον
1853 1262 2048 1331 εὐαρε-

469 1363 609 1416 στῶν
642 1363 872 1432 Κυρίου,
911 1361 1077 1430 ψήφῳ
1108 1360 1206 1430 μὲν
1235 1358 1382 1410 θείου
1419 1356 1757 1426 Πνεύματος,
1789 1354 1958 1424 ψήφῳ
1991 1353 2049 1406 δὲ
2081 1427 2085 1430 ι

466 1455 575 1507 τῶν
607 1454 744 1524 ὑπὲρ
768 1452 1049 1514 εὐσεϐείας
1079 1449 1500 1519 ἀγωνιζομένων
1533 1449 1627 1500 καὶ
1673 1446 2050 1516 δεδιωγμένων

468 1533 741 1617 θεοφόρων
771 1543 1064 1615 ίεραρχῶν,
1099 1543 1196 1612 τῆς
1230 1542 1392 1610 ἀγίας
1443 1539 1740 1611 ἱερωσύνης
1765 1537 2044 1603 ἀξιοῦται’

467 1640 560 1693 καὶ
598 1638 742 1709 χειρὶ⁵
776 1637 872 1708 μὲν
895 1635 1174 1689 Βασιλείου
1221 1635 1340 1706 (τῆς
1397 1634 1540 1688 κατά
1556 1633 1615 1685 τὸ
1640 1633 1852 1702 [Ιάρεον
1877 1631 1933 1684 δὲ
1959 1624 2050 1684 οῦ-

465 1748 556 1794 τος
589 1731 737 1799 ἱερᾶς
771 1727 1066 1798 ἐκκλησίας
1100 1726 1386 1797 ἀρχιερεὺς
1437 1723 1534 1785 ὢν,
1590 1724 1871 1786 πλείσταις
1901 1723 2052 1784 ὅσαις

467 1823 605 1894 ὑπὲρ
627 1821 735 1875 τῶν
767 1819 929 1889 ἱερῶν
952 1820 1175 1872 εἰκόνων
1201 1817 1412 1887 θλίψεσι
1442 1816 1563 1870 τότε
1591 1814 1927 1886 προσωμίλει
1957 1813 2053 1867 καὶ

466 1912 772 1983 διωγμοῖς),
812 1911 1002 1964 τούτου
1026 1909 1169 1981 χειρί
1201 1909 1264 1962 τὸ
1296 1907 1641 1978 φαινόμενον,
1670 1905 1971 1976 αὐτουργίᾳ
1995 1905 2049 1957 δὲ

2147 723 2480 786 postremum
2512 713 2773 776 condidit,
2811 714 3029 783 Deoque
3083 711 3348 767 initiavit:
3378 713 3535 782 cujus
3576 712 3737 767 nobi-

2146 811 2353 865 litatem
2394 809 2598 877 templi,
2644 807 3127 878 magniﬁcentiam,
3174 815 3227 861 et
3259 806 3583 871 claritatem,
3623 806 3740 859 citi-

2149 901 2433 970 miumque
2471 900 2836 969 splendorem,
2884 911 2938 954 et
2967 909 3224 953 ornatum
3255 913 3471 954 omnem
3519 913 3583 952 ac
3624 913 3741 952 ma-

2143 991 2399 1060 jeSIatem
2473 991 2714 1061 (quando
2776 1006 2874 1062 pro
2941 989 3208 1058 dignitate
3278 1005 3308 1043 a
3363 1005 3450 1044 me
3510 988 3740 1057 exprimi

2152 1083 2303 1137 nullo
2335 1083 2498 1137 modo
2524 1082 2745 1152 potest),
2784 1098 2885 1153 ego
2917 1083 3280 1152 spectantium
3310 1082 3485 1136 oculis
3516 1081 3738 1151 permit-

2152 1182 2243 1256 ιο,
2268 1171 2542 1241 simulque
2576 1171 2642 1226 ad
2677 1172 2885 1241 reliqua
2928 1171 3077 1225 illius
3126 1171 3249 1224 vita:
3296 1179 3417 1222 acta
3449 1182 3736 1238 exponen-

2153 1267 2222 1322 da
2252 1265 2613 1347 \‘progredior.
2671 1263 2765 1320 llis
2826 1280 2956 1336 ergo
3020 1272 3242 1318 sanctus
3292 1261 3401 1316 Deo
3458 1261 3740 1331 probatus.

2155 1361 2393 1435 Spiritus
2429 1361 2604 1416 sancti
2636 1361 2874 1426 decreto,
2910 1367 3336 1428 sanctorumque
3389 1356 3735 1426 pontiﬁcum,

2152 1472 2364 1519 eorum,
2414 1456 2657 1525 inquam,
2695 1454 2790 1524 qui
2841 1470 2936 1525 pro
2986 1468 3111 1508 vera
3154 1455 3356 1524 pietate
3387 1451 3730 1522 pugnabant,

2151 1557 2504 1615 extremaque
2567 1545 2750 1598 omnia
2806 1545 3178 1614 patiebantur,
3230 1542 3518 1606 sententia,
3578 1551 3739 1595 sacro

2156 1639 2478 1712 presbyterii
2541 1639 2745 1693 honore
2801 1637 3096 1709 insignitur
3153 1652 3318 1692 manu
3375 1634 3583 1699 Basilii,
3643 1627 3737 1703 qui

2158 1749 2328 1791 sacra:
2362 1733 2656 1788 Pareorum
2695 1731 2940 1786 ecclesia:
2978 1731 3290 1800 episcopus,
3318 1743 3418 1798 pro
3458 1740 3741 1781 sacrarum

2158 1828 2462 1898 imaginum
2497 1827 2646 1881 cultu
2682 1824 2903 1880 casibus
2944 1824 3246 1878 innumeris
3292 1820 3746 1891 gravissimisque

2160 1919 2423 1974 mrumnis
2477 1917 2916 1972 conﬂictabatur.
2980 1912 3179 1982 Hujus,
3243 1913 3487 1981 inquam,
3556 1909 3744 1964 Basilii

466 2003 561 2056 τοῦ
593 2001 857 2070 παναγίου
891 2001 1210 2070 Πνεύματος
1250 1999 1309 2052 τὸ
1333 1998 1643 2068 νοούμενον,
1679 1996 1894 2068 πρῶτον
1948 1995 2046 2065 μὲν

2160 2026 2322 2065 manu
2375 2008 2684 2077 spectabili,
2728 2009 2782 2062 vi
2837 2015 3018 2062 autem
3071 2023 3135 2062 ac
3179 2007 3377 2063 virtute
3407 2002 3743 2060 sanctissimi

467 2095 847 2164 ἀναγνώστης,
867 2095 985 2164 ἦτοι
1006 2093 1114 2146 τῶν
1142 2091 1303 2146 θείων
1327 2087 1618 2162 Ξεροκήρυξ
1649 2089 1906 2160 Γραφῶν,
1933 2084 2052 2142 εἶτα

469 2188 841 2249 ὐποδιάκονος,
879 2182 1000 2238 εἶτα
1027 2184 1300 2247 διάκονος,
1334 2183 1430 2235 καὶ
1473 2182 1654 2252 ίερεύς
1689 2180 1826 2251 μετά
1856 2178 2048 2244 ταῦτα,

465 2279 617 2346 τάξει
645 2278 739 2331 καὶ
767 2278 916 2347 νόμῳ
940 2277 1321 2347 πνευματικῆς
1345 2275 1670 2329 καθίσταται
1702 2273 2046 2337 ἀκολουθίας.

479 2369 805 2439 Ἠγωνίζετο
837 2369 893 2423 δὲ
909 2370 995 2424 ἀεὶ
1033 2368 1434 2422 πολλαπλάσιον
1460 2366 1538 2438 τῷ
1568 2365 1835 2438 εὐεργέτῃ
1869 2367 1930 2419 τὸ
1952 2367 2051 2436 τῆς

469 2466 690 2535 χάριτος
737 2463 1000 2517 τάλαντον
1048 2461 1384 2526 ἀποδιδόναι,
1436 2461 1530 2513 καὶ
1581 2458 1657 2530 μὴ
1703 2461 1768 2530 τῇ
1822 2458 2052 2530 ὀκνηρίᾳ

468 2554 808 2624 καταχῶσαι,
842 2553 976 2606 ἀλλὰ
1004 2556 1072 2624 τῇ
1110 2551 1391 2622 προθυμίᾳ
1419 2550 1810 2622 περισσεῦσαι·
1847 2551 2051 2622 ὥσπερ

467 2647 523 2700 δὲ
560 2647 636 2717 τῷ
661 2644 933 2716 μοναδικῷ
969 2645 1070 2716 βίῳ
1103 2644 1330 2707 πολλοὺς
1381 2642 1472 2696 διὰ
1519 2643 1618 2714 τῆς
1652 2643 1856 2706 οἰκείας
1883 2645 2052 2715 ἀσκή-

471 2755 606 2800 σεως
632 2738 1017 2809 προσηγάγετο
1049 2737 1143 2789 καί
1185 2737 1446 2806 σπουδῆς,
1479 2735 1621 2788 οὕτω
1651 2735 1738 2790 διὰ
1767 2735 1864 2802 τῆς
1902 2737 2052 2806 ἱερα-

469 2832 627 2899 τικῆς
666 2829 827 2882 πάλιν
880 2829 1230 2898 ἀναρίθμητα
1285 2827 1466 2898 πλήθη
1502 2827 1706 2881 παίδων
1774 2827 2052 2897 βαπτίζων

472 2919 770 2990 ἐσφράγιζε
792 2919 928 2989 Θεῷ.
963 2919 1090 2973 Ἑπί
1114 2919 1247 2973 πολύ
1272 2919 1378 2990 γὰρ
1403 2921 1500 2990 τῆς
1524 2921 1804 2990 αἰρετικῆς
1833 2919 2048 2989 ἀχλύος,

469 3006 557 3063 οἷα
585 3011 777 3073 νυκτὸς
803 3010 1047 3080 χαλεπῆς
1079 3010 1506 3080 ἐπικρατούσης,
1544 3011 1638 3062 καὶ
1668 3011 1766 3078 τῆς
1798 3009 2053 3079 τυραννί-

469 3103 559 3164 δος
585 3102 646 3158 δὲ
686 3103 794 3154 τῶν
833 3101 1063 3172 ἀνιέρων
1098 3100 1454 3172 ἐπικειμένης
1486 3103 1792 3172 μισθωτῶν,
1852 3101 2053 3162 πάντες

471 3195 652 3262 ὀλίγου
685 3195 794 3247 δεῖν
826 3193 1134 3264 ἄνθρωποι,
1168 3194 1286 3246 ὅσοι
1331 3195 1475 3247 κατά
1518 3194 1580 3247 τὸ
1617 3193 1909 3256 Βυζάντιον
1953 3192 2054 3262 τῆς

470 3285 750 3356 ὁρθοδόξου
780 3285 1016 3348 πίστεως
1042 3285 1372 3356 ἀντείχοντο,
1413 3285 1506 3338 καὶ
1543 3286 1658 3338 ὅσοι
1689 3286 1746 3338 δὲ
1779 3286 2048 3350 Βιθυνίου,

2155 2102 2416 2172 Spiritus,
2459 2101 2690 2170 primum
2745 2100 2962 2169 quidem
3023 2100 3212 2166 lector,
3268 2100 3384 2153 sive
3454 2111 3740 2153 sacrarum

2152 2194 2478 2248 Litterarum
2535 2209 2712 2262 praeco
2769 2201 3011 2259 sanctus,
3061 2192 3269 2247 deinde
3313 2192 3742 2263 hypodiaconus,

2153 2294 2270 2342 tum
2316 2287 2582 2341 diaconus
2613 2300 2676 2340 ac
2701 2285 2959 2340 sacerdos
2990 2285 3102 2354 lege
3140 2293 3194 2338 et
3244 2285 3436 2338 ordine
3480 2283 3742 2339 ecclesia-

2153 2377 2416 2432 sticorum
2454 2374 2719 2443 graduum
2750 2380 3128 2427 consecratttr.
3162 2369 3428 2424 Studebat
3475 2384 3600 2423 vero
3638 2369 3744 2421 hoc

2153 2477 2433 2538 perpetuo,
2464 2469 2540 2519 uti
2584 2464 2826 2535 largitori
2884 2465 3070 2534 gratia:
3126 2464 3385 2516 talentum
3453 2459 3740 2528 multiplici

2156 2559 2345 2614 fenore
2413 2567 2635 2611 auctum
2698 2553 2966 2618 redderet,
3024 2571 3202 2624 neque
3275 2569 3374 2623 per
3435 2552 3742 2608 socordiam

2151 2647 2449 2702 defoderet.
2482 2645 2561 2708 ,Ut
2605 2655 2808 2710 autem,
2839 2660 2962 2699 cum
2993 2644 3049 2698 in
3087 2643 3338 2698 cmnohio
3381 2643 3605 2703 viveret,
3643 2656 3744 2696 sua

2153 2741 2354 2810 pietate
2398 2739 2687 2807 studioque
2754 2737 2957 2792 multos
2991 2737 3194 2802 traxit,
3229 2737 3301 2789 ita
3332 2750 3427 2804 per
3474 2734 3734 2789 saccrdo~

2156 2830 2289 2883 tium
2325 2829 2522 2883 iterum
2554 2828 2904 2883 innumerum
2932 2842 3220 2880 numerum
3250 2825 3540 2880 infantium
3566 2824 3745 2892 bapti-

2155 2931 2332 2977 smate
2372 2920 2621 2984 abluens,
2657 2917 2764 2972 Deo
2794 2916 3156 2988 consignavit.
3195 2917 3388 2971 Perdiu
3436 2917 3579 2969 enim
3636 2915 3746 2968 hae-

2155 3014 2322 3067 retica
2359 3011 2609 3081 caligine,
2646 3011 2794 3065 velut
2846 3011 3015 3066 densa
3047 3018 3226 3074 nocte,
3257 3019 3308 3062 et
3337 3007 3623 3079 tyrannide
3653 3022 3744 3061 sa-

2157 3104 2485 3173 crilegorum
2515 3103 2978 3157 merccnariorum
3012 3104 3381 3162 incumbente,
3409 3113 3596 3152 omnes
3624 3112 3745 3167 pro-

2155 3211 2222 3266 pe
2288 3194 2567 3259 mortales,
2624 3194 2718 3263 qui
2771 3191 3242 3262 Constantinopoli
3304 3199 3508 3245 rectam
3579 3189 3737 3243 ﬁdem

2155 3286 2535 3351 defendebant,
2584 3285 2788 3355 quique
2835 3284 3097 3356 Bithyniae
3119 3283 3311 3352 Oppida
3349 3281 3620 3344 colebant,
3651 3279 3744 3333 alii

472 3379 566 3431 καὶ
598 3378 696 3440 τὰς
724 3377 986 3448 ἐχομένας
1006 3377 1291 3446 κατῴκουν
1323 3376 1682 3447 κωμοπόλεις,
1713 3377 1872 3440 ἄλλος
1896 3378 2054 3432 ἄλλον

2160 3380 2298 3435 alios
2349 3379 2616 3449 lgnatium
2667 3379 2919 3434 laudibus
2991 3377 3341 3448 praedicando
3407 3374 3740 3437 excitabant,

471 3473 592 3532 ταῖς
619 3469 758 3539 ὑπὲρ
788 3468 881 3521 τοῦ
917 3469 1181 3535 Ἰγνατίου
1230 3468 1612 3531 διανιστῶντες
1643 3469 1959 3540 εὐφημίαις,
1984 3468 2053 3522 τὰ

473 3561 648 3612 οἰκεῖα
675 3559 842 3613 τέκνα
901 3559 1197 3629 προσῆγον,
1267 3558 1360 3610 καί⁵
1391 3558 1458 3612 δι’
1485 3558 1650 3611 αὐτοῦ
1696 3557 2054 3628 βαπτίζεσθαι

472 3651 652 3705 ταῦτα
697 3652 791 3704 καί
819 3650 1145 3719 ἁγιάζεσθαι
1201 3650 1616 3720 κατελιπάρουν.
1666 3651 1777 3703 Καὶ
1806 3647 1874 3722 ἦν
1923 3652 2056 3721 ὁρᾷν

472 3741 682 3805 τοῦτον,
707 3740 896 3810 ὥσπερ
923 3739 1020 3792 ἕνα
1050 3741 1157 3792 τῶν
1187 3739 1455 3810 πρότερον
1498 3738 1736 3806 Χριστοῦ
1774 3738 2053 3809 μαθητῶν,

474 3833 632 3901 ἔργον
653 3831 809 3886 τοῦτο
836 3831 1177 3902 ποιούμενον,
1201 3831 1325 3894 τοὺς
1357 3830 1494 3902 πρὸς
1534 3831 1697 3884 αὐτὸν
1750 3832 1947 3897 ἰόντας,
1979 3831 2056 3896 ὡς

475 3926 579 3979 ὐπὸ
605 3925 846 3996 Χριστοῦ
878 3923 1265 3998 πεμπομένους
1305 3923 1602 3995 προθύμως
1637 3924 2054 3995 καταδέχεσθαι,

477 4018 748 4071 διδάσκειν
771 4035 834 4069 τε
877 4017 970 4070 καὶ
1005 4016 1274 4070 νουθετεῖν
1305 4017 1480 4070 πάντα
1508 4017 1812 4087 ἄνθρωπον,
1835 4016 2056 4086 ἀντέχε-

479 4109 600 4162 σθαι
635 4108 735 4178 μέν
763 4108 862 4178 τῆς
889 4108 1169 4178 ὀρθοδόξου
1199 4106 1456 4172 πίστεως,
1513 4107 1816 4177 ἀπέχεσθαι
1865 4108 1923 4162 δὲ
1958 4108 2058 4178 τῆς

477 4202 580 4255 τῶν
600 4201 892 4269 αἰρετικῶν
908 4202 1034 4255 δυστ
1045 4199 1236 4271 ροπίας
1258 4202 1352 4254 καὶ
1373 4200 1819 4271 φρενοϐλαϐείας,
1842 4202 1936 4256 καὶ
1952 4200 2061 4254 πά-

482 4312 578 4366 σης
604 4297 703 4364 μὲν
717 4294 946 4357 ἑαυτοὺς
981 4293 1276 4365 ρυπαρίας,
1310 4294 1404 4346 καί
1428 4293 1628 4356 παντὸς
1663 4293 2057 4364 ἀνακαθαίρειν

481 4386 788 4456 πνεύματος
827 4385 1105 4454 μολυσμοῦ
1143 4386 1236 4438 καὶ
1267 4385 1488 4455 σαρκὸς,
1537 4385 1719 4456 πάσης
1768 4383 1826 4438 δὲ
1854 4385 2058 4455 ἀρετῆς

480 4476 854 4546 ἐπιμελεῖσθαι
872 4474 966 4528 καὶ
985 4475 1344 4544 κοσμιότητος
1361 4474 1455 4527 καὶ
1475 4475 1829 4548 σωφροσύνης
1850 4493 1864 4508 ο
1886 4475 2060 4530 ταῦτα

481 4564 570 4615 καὶ
610 4564 680 4616 τὰ
710 4562 920 4628 τούτοις
977 4563 1139 4632 ὅμοια
1172 4563 1299 4626 τοὺς
1352 4564 1593 4634 πατέρας
1643 4565 1913 4619 παιδεύων
1965 4568 2060 4620 καὶ

482 4654 769 4720 νουθετῶν,
789 4654 857 4708 τὰ
880 4653 1082 4708 τούτων
1108 4654 1281 4726 βρέφη
1308 4656 1675 4727 προκατηχῶν
1703 4659 1730 4710 6
1761 4659 2053 4730 μακάριος,

480 4746 545 4798 δι’
570 4747 763 4809 ὐδατος
793 4747 886 4800 καὶ
915 4746 1232 4816 Πνεύματος
1265 4748 1458 4817 ἡγίαζε
1480 4748 1557 4820 τῷ
1589 4749 1729 4821 Θεῷ.

559 4834 620 4888 '0.
656 4835 754 4905 μὲν
775 4829 868 4888 οὖν
898 4835 1042 4889 κατά
1064 4836 1162 4906 τῆς
1199 4837 1525 4907 Ἐκκλησίας
1568 4839 1688 4891 τότε
1725 4839 1930 4910 χειμὼν
1962 4840 2060 4911 βα-

485 4927 600 4996 ρὺς,
638 4926 733 4978 καί¹
761 4928 794 4995 ἡ
852 4925 990 4979 κατὰ
1035 4926 1226 4997 ἰερέων
1273 4929 1453 4995 δίωξις
1483 4930 1730 5001 χαλεπὴ,
1775 4932 1891 4985 ὅσοι
1921 4934 2058 5002 Χρι-

483 5016 608 5071 στοῦ
637 5017 738 5087 τῆς
771 5019 976 5082 εἰκόνος
1006 5019 1093 5072 διὰ
1124 5019 1183 5072 τὸ
1213 5022 1566 5091 πρωτότυπον
1614 5024 2058 5094 προκινδυνεύειν

482 5110 688 5163 εἴλοντο
717 5110 855 5165 δεῖν·
889 5109 1062 5174 εὐδιος
1093 5111 1146 5163 δὲ
1182 5113 1315 5164 πᾶσι
1345 5113 1439 5165 καί.
1468 5114 1721 5184 γαλήνιος
1744 5098 1912 5187 ὅρμος
1947 5119 2060 5178 τοῖς

483 5199 927 5270 χειμαζομένοις,
984 5202 1011 5253 ὁ
1043 5201 1186 5270 ἰερδς
1228 5201 1485 5270 Ἰγνάτιος
1517 5205 1612 5257 καί
1659 5205 1777 5268 ὅλος
1819 5206 1984 5259 αὐτοῦ
2031 5208 2059 5260 6

483 5284 630 5352 οἶκος
655 5292 808 5363 παρά
833 5293 931 5361 τῆς
961 5293 1054 5344 τοῦ
1094 5291 1349 5362 Ὑψίστου
1401 5294 1810 5364 προητοίμαστο
1855 5295 2056 5360 δεξιᾶς.

486 5382 582 5444 Τίς
605 5382 712 5454 γὰρ
737 5381 846 5434 τῶν
864 5381 1002 5452 ὑπὲρ
1026 5383 1306 5445 εὐσεϐείας
1328 5383 1658 5452 θλιϐομένων
1682 5387 1780 5455 οὐχ
1807 5385 2060 5457 εὕρισκεν

485 5473 697 5525 ἐκεῖθεν
728 5473 978 5544 αὐτάρκη
1005 5474 1112 5526 τῶν
1147 5474 1377 5544 θλίψεων
1402 5475 1684 5546 ἀναψυχήν
1709 5495 1723 5542 ;
1757 5479 1840 5540 τίς
1871 5479 1983 5532 τῶν
2005 5481 2061 5533 ἐν

488 5563 803 5634 ὐπερορίαις
832 5565 926 5632 καὶ
951 5564 1167 5634 δεσμοῖς
1191 5566 1588 5636 κατεχομένων,
1611 5568 1704 5621 καὶ
1728 5568 1906 5637 λιμοῖς
1927 5588 2061 5622 κατ-

488 5655 841 5724 αγχομένωνς,
887 5655 948 5708 οὐ
983 5657 1083 5725 τῆς
1135 5657 1360 5727 δεούσης
1393 5659 1655 5730 ἐτύγχανε
1697 5663 2063 5733 παρηγορίας,

488 5748 583 5798 xxi.
611 5745 844 5814 ἄφθονον
902 5742 1015 5817 εἷχε
1049 5749 1158 5801 τῶν
1207 5750 1516 5819 ἀναγκαίων
1559 5753 1656 5821 τὴν
1704 5753 2064 5824 ἐπιχορηγίαν

489 5837 620 5906 παρ’
652 5837 854 5905 αὐτοῦ;
891 5841 952 5892 Οί
998 5840 1054 5894 δὲ
1084 5841 1183 5904 τὰς
1213 5843 1320 5894 τῶν
1365 5846 1641 5915 τυράννων
1672 5845 1927 5917 φέροντες
1952 5849 2060 5916 χεῖ-

492 5947 615 6002 ρας,
650 5932 745 5984 καὶ
775 5931 881 5985 τῶν
917 5931 1058 5987 ἰδίων
1080 5933 1365 6006 ὐπάρξεων
1397 5935 1743 6008 στερούμενοι
1779 5937 1871 5993 καὶ
1906 5939 2063 5992 ἐκπί-

2159 3487 2401 3541 suosque
2456 3472 2659 3527 liberos
2712 3472 2778 3526 ad
2824 3472 2976 3525 illum
3033 3469 3394 3530 deducebant,
3439 3466 3742 3537 precaban—

2157 3570 2376 3630 turque,
2418 3569 2478 3614 ut
2518 3562 2587 3616 ab
2634 3561 2728 3616 ille
2762 3560 3192 3630 baptizar'cntur,
3221 3557 3436 3628 Deoque
3463 3556 3746 3610 initiaren-

2162 3667 2269 3710 tur.
2321 3657 2388 3708 Et
2414 3662 2532 3709 erat
2569 3655 2714 3708 hunc
2759 3654 2963 3721 videre,
3012 3663 3272 3720 tanquam
3306 3651 3543 3722 aliquem
3576 3664 3605 3703 e
3632 3648 3745 3718 pri»

2161 3747 2268 3801 mis
2301 3745 2504 3801 Christi
2535 3747 2840 3817 discipulis,
2883 3761 3006 3800 eum
3043 3746 3127 3800 ad“
3147 3761 3206 3800 se
3251 3744 3581 3800 ventilantes
3628 3742 3744 3796 ala-

2160 3839 2342 3902 criter,
2397 3847 2456 3892 ut
2506 3854 2539 3892 a
2579 3839 2816 3893 Christo-
2855 3838 3077 3903 missos,
3118 3838 3392 3906 exciperet
3451 3845 3614 3904 atque
3663 3833 3747 3887 in-

2160 3928 2442 3983 stitueret:
2482 3929 2574 3998 qui
2607 3929 2824 3998 quidem
2859 3929 3181 3982 documenta
3217 3927 3364 3981 illius
3400 3926 3471 3979 ita
3517 3923 3745 3993 arripie-

2161 4021 2315 4085 bant,
2351 4021 2482 4075 dum
2515 4021 2735 4075 doceret
2773 4021 3020 4089 singulos
3054 4029 3106 4074 et
3148 4020 3482 4079 hortaretur.
3516 4027 3575 4072 ut
3629 4017 3744 4072 sin-

2161 4127 2340 4167 ceram
2373 4123 2426 4166 et
2459 4111 2781 4166 catholicam
2815 4112 3126 4182 religionem
3175 4118 3617 4180 propugnarent,
3665 4115 3746 4160 at-

2160 4217 2266 4272 que
2312 4202 2686 4256 haereticorum
2736 4202 3143 4272 perversitatem
3169 4211 3224 4256 et
3263 4200 3532 4256 insaniam
3586 4214 3744 4252 aver-

2163 4303 2434 4360 sarentur,
2473 4310 2770 4366 omnesque
2805 4310 2864 4350 se
2895 4297 2961 4350 ab
3005 4293 3154 4349 omni
3187 4294 3384 4348 mentis
3416 4303 3467 4347 et
3501 4293 3746 4360 corporis

2165 4386 2285 4441 labe
2311 4396 2685 4456 repurgarent,
2721 4403 2784 4442 ac
2819 4386 3037 4442 virtutis
3076 4385 3254 4441 omnis
3290 4394 3344 4438 ct
3377 4383 3748 4454 temperantia:
3779 4367 3786 4384 ’

2165 4478 2579 4546 honestatisque
2631 4480 2843 4534 laudem
2887 4487 3265 4549 procurarent.
3301 4475 3427 4530 Haec
3468 4485 3522 4529 ct
3555 4475 3636 4530 his
3671 4475 3745 4528 si-

2163 4570 2313 4624 milia
2367 4579 2618 4640 parentes
2664 4570 2945 4634 edocebat,
3003 4572 3310 4639 horumque
3357 4569 3554 4622 liberos
3590 4567 3745 4636 prius

2162 4662 2266 4716 rite
2288 4662 2585 4726 institutos,
2611 4661 2721 4717 Deo
2748 4678 2844 4733 per
2870 4677 3068 4733 aquam
3103 4671 3156 4717 et
3189 4660 3454 4732 Spiritum
3492 4669 3741 4715 sanctuzn

2091 4774 2134 4829 ι)
2163 4753 2540 4810 consecrabat.

2234 4841 2301 4896 Et
2339 4843 2520 4913 gravis
2578 4843 2798 4912 quidem
2839 4851 2953 4896 tum
2990 4851 3047 4897 et
3095 4842 3387 4897 vehemens
3442 4840 3743 4897 Ecclesiam

2163 4941 2480 5003 tempestas,
2542 4947 2838 5002 sacrosque
2870 4933 3064 4987 acerba
3125 4933 3398 4987 divexatio
3444 4931 3741 5001 premebat,

2162 5026 2476 5096 quicunque
2524 5039 2622 5094 pro
2649 5024 2850 5080 Christi
2891 5025 3126 5094 imagine
3160 5025 3230 5078 ob
3272 5031 3613 5092 prototypum
3641 5021 3742 5075 sibi

2166 5110 2583 5182 periclitandum
2638 5121 3004 5180 putaverunt:
3037 5112 3364 5180 tranquillus
3416 5125 3543 5164 vero
3573 5117 3626 5163 et
3657 5123 3744 5163 se-

2166 5219 2331 5258 renus
2360 5203 2617 5258 omnibus
2657 5212 2974 5273 tempestate
3011 5202 3230 5272 jactatis
3265 5211 3456 5274 portus
3489 5217 3518 5254 a
3554 5217 3744 5270 supre-

2174 5311 2258 5348 Ina
2297 5294 2549 5349 Numinis
2595 5295 2787 5349 dextra
2835 5311 2987 5349 sacer
3027 5295 3116 5348 hic
3168 5293 3404 5365 lgnatius
3443 5294 3745 5348 destinatus

2173 5397 2311 5453 erat,
2346 5396 2398 5441 et
2439 5387 2645 5442 domus
2673 5387 2792 5457 ejus
2822 5397 2953 5441 tota.
2991 5386 3193 5456 Ecquis
3231 5387 3375 5440 enim
3417 5403 3514 5456 pro
3543 5386 3748 5455 pietate

2169 5482 2586 5548 decertantium,
2648 5483 2912 5537 malorum
2979 5497 3454 5550 :erumnarumque
3521 5497 3742 5535 suarum

2170 5571 2514 5643 refrigerium
2553 5573 2624 5627 ab
2661 5587 2726 5626 eo
2780 5587 2887 5627 non
2943 5572 3226 5642 percepit?
3272 5571 3404 5638 Quis
3452 5573 3504 5625 in
3556 5581 3743 5626 custo-

2170 5664 2312 5718 diam
2343 5665 2522 5730 datus,
2553 5665 2679 5734 quis
2709 5665 2761 5719 in
2798 5666 3050 5720 exsilium
3087 5665 3313 5734 ejectus.
3354 5665 3476 5733 quis
3509 5664 3744 5718 vinculis

2168 5765 2220 5820 et
2265 5754 2409 5810 fame
2457 5756 2756 5820 cruciatus,
2788 5756 2855 5810 ab
2887 5771 2953 5812 eo
2986 5772 3094 5810 non
3124 5765 3208 5811 est
3236 5757 3526 5820 relevatus,
3557 5770 3746 5810 neces-

2171 5847 2440 5916 sariisque
2479 5847 2695 5903 auxiliis
2737 5847 3030 5904 liberaliter
3067 5848 3414 5903 instructus?
3449 5847 3580 5901 Nam
3623 5846 3747 5917 qui-

2171 5954 2387 6008 cunque
2437 5950 2794 6010 tyrannorum
2850 5940 2956 5995 vim
3005 5948 3061 5997 et
3109 5941 3326 6011 rapinas
3372 5939 3746 6011 patiebantur.
