3988 6484
318 405 422 471 499

1507 405 1802 470 ΝΙΟΕΤᾸΞ
1853 404 2383 473 PAPHLAGONIS

3459 417 3567 480 500

320 524 541 589 suisque
588 524 747 582 bonis
778 538 841 581 ac
875 526 1109 582 fortunis
1145 528 1500 592 exuebantnr,
1530 520 1885 594 omniumque

2015 541 2238 593 ιτοντες,
2289 527 2383 582 καὶ
2415 526 2618 601 ἐσχάτῃ
2666 529 2825 600 πενία
2856 529 3273 600 περιπίπτοντες
3297 548 3309 561 ⁸
3346 532 3459 585 ὅσοι
3505 534 3562 587 δὲ

320 632 504 671 rerum
546 617 728 687 inopia
760 619 1236 685 conflictabantur,
1289 618 1589 689 praesertim
1619 617 1761 671 sacri
1798 630 1886 671 re-

321 707 609 778 ligiosiqne
658 709 780 770 viri,
818 711 1023 764 nullum
1059 710 1203 765 aliud
1240 712 1362 765 vitm
1413 717 1466 764 et
1520 722 1888 763 aerumnarum

319 799 627 869 perfugium
682 800 970 865 habebant,
1006 816 1166 870 quam
1225 801 1483 854 eximium
1543 800 1687 854 hunc
1736 800 1889 869 lgna-

326 893 481 956 lium,
508 902 897 963 parentemque
925 894 1113 963 lgnatii
1153 894 1496 965 Procopiam,
1529 909 1594 947 ac
1625 904 1890 954 sororem,

323 1001 445 1053 quae
473 1002 642 1039 aevum
678 988 730 1040 in
775 988 974 1042 multos
1003 1003 1179 1043 annos
1227 988 1617 1059 propagabant,
1650 987 1895 1056 adeoque

324 1073 557 1143 benigne
587 1074 946 1145 bilariterque
980 1092 1107 1146 opes
1135 1078 1506 1139 effundebant,
1554 1077 1757 1146 Deique
1797 1076 1897 1129 mi-

324 1163 675 1218 sericordiam
706 1167 1120 1233 aemulabantur,
1154 1179 1213 1222 ttt
1248 1169 1530 1223 verissimo
1568 1168 1632 1221 de
1678 1168 1783 1221 illis
1815 1181 1897 1221 sa-

324 1270 477 1310 crum
513 1258 645 1313 illud
677 1261 959 1314 oraculum
1017 1262 1286 1330 proditum
1336 1263 1717 1331 expletumque
1752 1260 1898 1314 vide-

325 1358 497 1403 retur.
543 1349 679 1404 Tota
729 1353 871 1404 enim
922 1354 1328 1420 quodammodo
1378 1354 1465 1407 die
1499 1352 1898 1407 miserabantur

325 1450 380 1494 et
408 1442 851 1507 commodabunt,
896 1453 949 1498 et
986 1460 1167 1500 semen
1220 1460 1409 1498 eorum
1443 1445 1495 1498 in
1524 1444 1899 1498 benedictione

326 1539 464 1584 erat.
519 1532 683 1601 Atqui
732 1534 779 1587 is
826 1534 1048 1602 quidem
1085 1539 1227 1589 hunc
1274 1534 1326 1587 in
1363 1534 1581 1588 modum
1628 1549 1735 1587 una
1776 1549 1896 1587 cum

328 1624 546 1678 athletis
580 1624 786 1678 Christi
822 1626 1215 1704 propugnabat,
1246 1642 1367 1680 cum
1410 1625 1718 1679 doientibus
1746 1624 1899 1679 dole-

327 1714 441 1775 bat,
489 1729 611 1767 cum
681 1715 892 1770 aﬂlictis
948 1716 1180 1772 amictus
1236 1718 1561 1781 sustinebat,
1619 1718 1900 1785 egentibus

329 1817 486 1872 Opem
534 1806 883 1874 suggerebat:
922 1808 975 1860 in
1011 1808 1267 1875 precandi
1311 1808 1494 1862 studio
1540 1809 1817 1871 assiduus,
1849 1818 1901 1861 et

331 1897 384 1950 in
424 1897 751 1952 ettebaristia
809 1908 861 1952 et
900 1900 1284 1953 communione
1336 1902 1523 1968 panis,
1584 1910 1638 1953 et
1691 1911 1906 1954 saneto-

330 2003 452 2041 rum
507 1990 919 2044 necessitatibus
972 1991 1269 2044 secundum
1326 1992 1627 2059 apostolum
1657 2006 1904 2045 commu-

330 2082 521 2138 nicans
561 2083 599 2147 ',
666 2084 745 2138 sic
811 2084 876 2136 ad
949 2084 1156 2153 majora
1207 2098 1304 2152 pro
1354 2082 1549 2136 virtute
1612 2084 1902 2137 certamina

334 2188 453 2227 sese
522 2175 904 2241 comparabat;
961 2173 1076 2227 lia-c
1133 2172 1286 2240 signa
1353 2173 1539 2241 gratia:
1606 2172 1659 2225 in
1725 2171 1905 2225 futuro

332 2266 702 2336 patriarcbatu
752 2266 1065 2320 exserendte
1092 2265 1457 2334 spectantibus
1512 2264 1790 2333 prodebat,
1848 2272 1906 2317 ut

334 2358 527 2425 ingens
563 2357 650 2411 ille
681 2360 732 2412 in
766 2358 984 2412 virtutis
1020 2358 1271 2427 palaestra
1315 2357 1691 2425 Theophanes,
1728 2356 1908 2425 prodi-

334 2451 438 2520 giis
480 2462 534 2505 et
574 2450 853 2505 miraculis
917 2451 1168 2513 illustris,
1219 2450 1326 2512 ille,
1380 2450 1623 2517 inquam,
1675 2446 1905 2515 Sigriani

335 2558 430 2598 seu
477 2542 698 2611 Agriani
734 2544 965 2598 cmuobii
1013 2542 1281 2606 conditor,
1320 2541 1447 2593 olim
1496 2554 1717 2609 peregre
1755 2539 1818 2591 ad
1850 2553 1907 2593 se

338 2635 643 2689 advenienti
675 2636 829 2689 beato
861 2636 935 2687 illi
979 2643 1089 2687 tum
1129 2632 1480 2694 adolescenti,
1517 2640 1773 2700 tanquam
1814 2647 1906 2695 pu-

338 2727 613 2791 triarcluc,
650 2742 816 2782 manu
845 2726 1033 2780 dextra
1067 2733 1311 2795 porrecta
1358 2725 1468 2794 jam
1504 2734 1616 2778 tum
1660 2724 1794 2777 bene
1841 2723 1908 2777 sit

338 2829 616 2886 precatus.

411 2906 642 2976 Optimis
675 2907 835 2976 igitur
885 2906 1035 2961 hisce
1081 2906 1277 2961 studiis
1333 2904 1596 2975 praeclare
1642 2911 1910 2972 occupato

340 2999 587 3069 lguatio,
646 2997 977 3066 Theophilus
1030 2997 1262 3059 decedit,
1311 3004 1592 3063 totumque
1623 2994 1908 3063 imperium

342 3090 397 3143 in
426 3088 767 3143 Theodoram
818 3096 1190 3141 matronarum
1239 3087 1708 3155 religiosissimam
1742 3086 1912 3153 impeo

342 3183 618 3245 ratricem,
681 3180 947 3234 Michacle
1000 3180 1108 3234 lilio
1158 3179 1450 3234 admodum
1496 3179 1672 3233 adhuc
1703 3189 1910 3243 tenero,

343 3266 668 3328 devolvitur.
696 3272 836 3329 llinc
865 3274 1085 3327 inimica
1118 3287 1396 3328 sacrarum
1431 3272 1731 3340 imaginum
1765 3280 1909 3325 secta

344 3364 730 3434 conquiescit:
795 3365 1154 3419 sanctificatio
1206 3372 1386 3418 autem
1434 3362 1685 3417 Ecclesizr
1712 3373 1912 3417 sauctte

346 3452 653 3507 clilorescit.
683 3453 817 3507 [line
846 3452 1104 3516 Joannes,
1130 3454 1240 3506 imo
1272 3452 1495 3505 infausti
1526 3452 1767 3504 nominis
1792 3450 1913 3505 Jan-

346 3559 445 3598 nes
479 3544 658 3612 (quem
694 3544 1114 3610 lecauomautin,
1162 3538 1256 3598 seu
1292 3558 1544 3611 maguum
1577 3542 1912 3605 dictitabant,

348 3651 379 3689 a
410 3650 519 3704 quo
553 3634 886 3703 Theophilus
916 3635 969 3689 in
996 3650 1235 3689 errorem
1282 3643 1438 3689 actus
1479 3633 1758 3701 creditur),
1790 3634 1916 3688 sude

348 3728 972 3796 Constantinopolitana,
998 3727 1223 3796 ipsoque
1248 3726 1553 3781 sacerdotio
1577 3728 1771 3780 merito
1797 3741 1918 3794 spo-

348 3824 514 3878 liatur
548 3823 817 3893 :erigitur
879 3832 1059 3896 autem
1117 3836 1287 3875 cornu
1332 3821 1520 3874 salutis
1574 3820 1777 3889 populo
1826 3820 1917 3873 Dei

349 3915 658 3969 Metltodius
689 3928 817 3968 vere
848 3914 1022 3967 bonus
1055 3911 1348 3967 Christiani
1378 3911 1555 3981 gregis
1584 3922 1792 3980 pastor,
1824 3926 1918 3965 ve~

349 4022 532 4077 raeque
553 4006 813 4061 doctrinae
835 4005 1089 4060 Ecclesiae
1111 4020 1271 4060 verus
1301 4005 1586 4073 magister;
1616 4003 1709 4072 qui
1737 4003 1921 4057 multis

350 4108 509 4154 antea
539 4114 638 4169 pro
667 4100 995 4164 sanctarum
1052 4098 1345 4166 imaginum
1381 4096 1695 4151 defensione
1723 4096 1923 4150 laborin

350 4192 457 4248 bus
480 4200 532 4246 et
560 4192 816 4258 periculis
846 4190 1156 4253 defunctus,
1180 4189 1795 4258 Constantinopolitante
1820 4187 1921 4241 Ec-

352 4285 864 4354 clesiae‘prazﬁcitur
922 4283 1013 4338 Dei
1070 4291 1205 4337 nutu
1252 4292 1307 4338 et
1350 4282 1709 4351 imperatrieis
1737 4295 1921 4350 Opera.

353 4374 739 4430 Exauctoratis
770 4390 899 4445 ergo
931 4376 1189 4429 omnibus
1216 4374 1589 4441 etdissipatis,
1623 4374 1715 4443 qui
1755 4374 1926 4427 luere-

356 4482 479 4533 sees
517 4467 638 4522 labe
692 4466 876 4521 infecti
912 4474 1087 4532 erant,
1142 4480 1337 4519 novam
1388 4463 1687 4519 Ecclesiam
1718 4463 1923 4528 condit,

1990 619 2087 688 τῆς
2141 618 2416 689 ἱερατικῆς
2476 620 2728 695 μάλιστα,
2793 620 2884 674 καὶ
2939 622 3053 673 ὅσοι
3113 621 3211 690 τῆς
3274 623 3564 693 μοναδικῆς

1994 711 2284 782 ἐτύγχανον
2317 712 2467 776 ὄντες
2493 713 2716 778 τάξεως,
2756 712 2907 767 οὐδὲν
2953 714 3080 769 ἄλλο
3113 714 3207 767 τοῦ
3238 714 3351 785 βίου
3383 733 3563 786 παρα-

1997 801 2185 874 μύθιον
2225 806 2316 857 καὶ
2354 803 2462 857 τῶν
2508 803 2766 876 λυπηρῶν
2830 800 2974 875 εἶχον
3005 806 3346 877 ἀπαλλαγὴν,
3388 807 3419 877 ἢ
3475 809 3564 861 τὸν

1998 897 2173 965 μέγαν
2230 894 2486 965 ’ῐγνάτιον
2540 899 2631 950 καὶ
2682 896 3011 968 Προκοπίαν,
3071 899 3170 969 τὴν
3206 898 3371 951 αὐτοῦ
3426 899 3564 967 λέγω

2000 990 2233 1060 μητέρα,
2268 991 2358 1042 καὶ
2384 991 2482 1059 τὴν
2527 989 2760 1061 ἀδελφὴν
2778 1030 2792 1055 ,
2836 990 3064 1043 ἐπιπολὺ
3092 988 3169 1060 τῷ
3197 989 3296 1061 βίῳ
3323 1008 3564 1061 παρατε-

1995 1080 2254 1149 ταμένας,
2280 1080 2373 1133 καὶ
2397 1079 2568 1143 οὐτως
2590 1080 2821 1148 ἀφειδῶς
2847 1097 2907 1132 τε
2944 1081 3037 1133 καὶ
3066 1080 3265 1151 ἱλαρῶς
3289 1081 3379 1133 τὸν
3405 1082 3569 1134 πλοῦ-

2000 1188 2087 1224 τον
2126 1170 2475 1235 ἑκκενούσας,
2501 1173 2594 1225 καὶ
2623 1172 2711 1225 τὸν
2738 1169 2884 1223 ἔλεον
2917 1172 3259 1241 μιμουμένας
3284 1171 3378 1225 τοῦ
3408 1171 3566 1239 Θεοῦ,

1999 1260 2073 1326 ὡς
2101 1262 2185 1315 ἐπ’
2225 1264 2406 1326 αὐτοῖς
2450 1262 2667 1331 ἀληθῶς
2714 1262 2776 1314 τὸ
2824 1262 2969 1333 ἱερὸν
3004 1264 3180 1314 ἐκεῖνο
3230 1261 3567 1331 πληροῦσθαι

1998 1355 2196 1426 λόγιον.
2224 1357 2392 1427 Ὅλην
2422 1357 2547 1427 γὰρ,
2573 1356 2646 1419 ὡς
2672 1356 2866 1417 εἰπεῖν,
2895 1356 2993 1423 τὴν
3020 1353 3230 1424 ἡμέραν
3261 1353 3455 1423 ἠλέουν
3476 1354 3569 1406 καὶ

2001 1450 2291 1514 ἐδάνειξον,
2324 1450 2416 1502 καὶ
2448 1448 2507 1503 τὸ
2538 1449 2758 1519 σπέρμα
2788 1447 2965 1499 αὐτῶν
2993 1449 3071 1508 εἰς
3101 1446 3350 1513 εὐλογίαν
3377 1442 3466 1517 ἦν.
3510 1444 3567 1498 Ὀ

2005 1541 2103 1612 μὲν
2134 1540 2224 1595 οὖν
2276 1540 2418 1594 οὕτω
2473 1542 2583 1603 τοῖς
2628 1541 2951 1607 ἀγωνισταῖς
2988 1537 3399 1607 συνηγωνίζετο,
3457 1540 3570 1600 τοῖς

2002 1632 2375 1686 κακοπαθοῦσι
2407 1632 2715 1693 συνεπάθει,
2746 1633 2856 1694 τοῖς
2881 1630 3153 1700 δεομένοις
3188 1631 3439 1698 ἐπήρκει,
3476 1629 3571 1680 καὶ

2002 1725 2091 1794 τῇ
2118 1722 2291 1792 θλίψει
2332 1723 2429 1793 μὲν
2461 1724 2570 1786 τοῖς
2624 1721 2959 1791 θλιϐομένοις
2999 1722 3232 1789 ὐπέμενε
3271 1720 3571 1773 συλλυπού-

2010 1830 2166 1885 μενος
2187 1831 2202 1845 ·
2238 1816 2304 1885 τῇ
2338 1816 2609 1885 προσευχῇ
2642 1813 2698 1866 δὲ
2726 1812 3155 1884 προσκαρτερῶν
3191 1811 3568 1876 ἀδιαλείπτως,

2007 1905 2100 1959 καὶ
2138 1907 2201 1976 τῇ
2233 1906 2572 1976 εὐχαριστίᾳ,
2603 1906 2694 1958 καὶ
2728 1906 2793 1974 τῇ
2836 1904 3088 1974 κοινωνία
3128 1903 3222 1955 τοῦ
3256 1903 3444 1973 ἄρτου,
3480 1898 3573 1954 καὶ

2005 2002 2135 2062 ταῖς,
2148 1998 2254 2051 τῶν
2284 1998 2453 2067 ἁγίων
2478 1997 2711 2067 χρείαις,
2738 1994 2876 2048 κατὰ
2905 1994 2993 2046 τὸν
3027 1993 3569 2054 Ἀπόστολον,κοινω-

2003 2088 2131 2156 νῶν,
2159 2087 2300 2142 οὕτω
2332 2088 2467 2157 πρὸς
2492 2087 2617 2149 τούς
2646 2085 2860 2156 μείζους
2892 2082 3029 2152 ὑπὲρ
3068 2085 3165 2153 τῆς
3188 2082 3389 2152 ἀρετῆς
3420 2080 3571 2149 ἀγῶ-

2004 2198 2100 2244 νας
2132 2180 2476 2250 ἡτοιμάζετο.
2508 2176 2662 2230 Οὕτω
2704 2176 2758 2228 δὲ
2798 2174 2894 2244 τὴν
2949 2174 3243 2244 μέλλουσαν
3292 2174 3379 2226 ἐπ’
3412 2171 3574 2226 αὐτὸν

2005 2270 2414 2343 ὲμφανήσεσθαι
2440 2270 2599 2340 χάριν
2629 2269 2725 2339 τῆς
2774 2267 3056 2338 ίεραρχίας
3086 2268 3114 2319 ὁ
3140 2265 3439 2334 θαυμάσιος
3464 2266 3575 2327 τοῖς

2004 2363 2203 2434 ὁρῶσιν
2232 2360 2596 2426 ἐπεδείκνυεν,
2629 2360 2767 2412 ὥστε
2821 2358 2915 2410 καὶ
2948 2357 3229 2426 Θεοφάνην
3258 2358 3461 2408 ἐκεῖνον
3487 2357 3577 2408 τὸν

2011 2455 2181 2526 μέγαν
2207 2458 2264 2508 ἐν
2308 2456 2419 2517 τοῖς
2455 2454 2593 2522 ὑπὲρ
2627 2451 2905 2514 εὐσεϐείας
2933 2450 3126 2519 ἀγῶσι,
3181 2450 3276 2501 καὶ
3314 2449 3477 2501 πολὺν
3521 2450 3578 2499 ὲν

2011 2548 2251 2619 σημείοις
2282 2545 2379 2601 καὶ
2409 2545 2670 2616 θαύμασι,
2705 2544 2795 2597 τὸν
2838 2542 2937 2611 τῆς
2976 2539 3314 2609 καλουμένης
3357 2540 3580 2607 Σιγρια-

2009 2639 2107 2708 νῆς
2143 2638 2285 2706 λέγω
2313 2638 2479 2707 μονῆς
2510 2635 2774 2703 οἰκιστὴν,
2819 2629 3237 2701 ἑπιδεδημηκὸτι
3279 2629 3406 2681 ποτὲ
3443 2628 3581 2697 πρὸς

2009 2731 2170 2784 αὐτὸν
2184 2728 2539 2800 τῷᾟακαρίω
2568 2729 2671 2796 νέῳ
2693 2726 2772 2780 ἔτι
2804 2724 3139 2794 τυγχάνοντι,
3158 2722 3256 2791 τὴν
3281 2720 3477 2785 δεξιὰν,
3505 2720 3581 2781 ὡς

2010 2821 2186 2889 λόγος,
2214 2818 2511 2881 ἐπιϐαλεῖν,
2538 2817 2631 2871 καὶ
2658 2818 2731 2878 ὡς
2760 2814 3099 2883 πατριάρχην
3130 2812 3288 2864 αὐτὸν
3313 2811 3578 2875 εὐλογεῖν.

2094 2913 2181 2965 Ἐν
2212 2909 2420 2972 τούτοις
2439 2909 2617 2961 τοίνυν
2646 2904 2806 2959 αὐτοῦ
2836 2904 3224 2974 διαπρέποντος
3252 2901 3360 2963 τοῖς
3382 2915 3583 2965 κατορ-

2014 3004 2250 3075 θώμασι,
2309 2999 2533 3070 τελευτᾷ
2568 2997 2665 3068 μὲν
2716 2999 2743 3050 ὁ
2776 2995 3055 3064 Θεόφιλος,
3090 2995 3171 3058 είς
3215 2992 3494 3062 Θεοδώραν
3523 2988 3583 3042 δὲ

2014 3097 2112 3167 τὴν
2163 3095 2558 3162 εὐσεϐεστάτην
2620 3088 2885 3160 βασιλίδα,
2942 3087 3040 3157 τὴν
3085 3086 3419 3157 τιμιωτάτην
3475 3080 3586 3133 τῶν

1938 3213 1981 3275 C
2017 3188 2291 3258 γυναικῶν
2321 3187 2415 3240 καὶ
2467 3182 2815 3252 πιστοτάτην,
2847 3179 3111 3249 περιέστη
3144 3176 3213 3228 τὰ
3243 3176 3339 3243 τῆς
3374 3172 3543 3243 ἀρχῆς
3565 3187 3582 3201 ’

2015 3283 2093 3335 ἔτι
2118 3281 2173 3334 δὲ
2203 3281 2392 3348 νήπιος
2419 3276 2613 3347 κομιδῇ
2643 3275 2763 3327 τότε
2788 3271 3004 3341 Μιχαὴλ
3033 3270 3061 3322 ὁ
3095 3270 3210 3331 υίὲις
3366 3263 3586 3315 Ἐντεῦ-

2016 3372 2108 3427 θεν
2142 3374 2173 3442 ὴ
2202 3371 2298 3440 μὲν
2322 3369 2462 3422 κατὰ
2489 3366 2597 3420 τῶν
2622 3362 2790 3432 ἁγίων
2812 3361 3035 3414 εἰκόνων
3069 3358 3274 3428 αἵρεσις
3308 3353 3543 3407 ἐκλείπει
3571 3368 3584 3381 ·

2016 3464 2076 3518 re
2123 3463 2367 3530 ἁγίασμα
2396 3458 2452 3512 δὲ
2485 3459 2580 3525 τῆς
2616 3456 2764 3525 ἱερᾶς
2805 3450 3132 3519 Ἐκκλησίας
3183 3445 3411 3511 ἐξανθεῖ.
3474 3443 3594 3494 Ἑν-

2016 3558 2203 3612 τεῦοεν
2231 3557 2325 3610 καὶ
2366 3555 2637 3624 Ἰωάννης,
2672 3549 2831 3612 εὐθὺς
2856 3551 2884 3601 ὁ
2911 3546 3223 3614 δυσώνυμος
3255 3541 3458 3609 Ίαννὴς
3506 3540 3593 3608 (ὃν

2018 3652 2113 3704 καὶ
2145 3648 2533 3717 λεκανομάντιν
2577 3645 2779 3713 ελεγον,
2821 3640 2917 3693 καὶ
2950 3639 3044 3709 τῆς
3100 3635 3356 3704 Θεοφίλου
3382 3632 3597 3699 πλάνης

2021 3738 2315 3808 ὑπαίτιον),
2348 3736 2443 3789 τοῦ
2466 3731 2861 3803 πατριαρχικοῦ
2884 3729 3075 3801 θρόνου
3105 3725 3198 3778 καὶ
3232 3724 3330 3792 τῆς
3364 3721 3600 3791 ἱερωσύ-

2022 3849 2121 3901 νης
2144 3829 2367 3891 ἐνδίκως
2397 3827 2765 3895 καθαιρείται,
2820 3820 3101 3874 ἀνίσταται
3128 3817 3183 3871 δὲ
3217 3815 3389 3885 πέρας
3419 3828 3600 3880 σωτη-

2026 3925 2144 3996 ρίας
2181 3918 2258 3992 τῷ
2288 3919 2403 3989 λαῷ
2432 3917 2524 3971 τοῦ
2556 3916 2689 3969 Θεοῦ
2724 3912 2981 3975 Μεθόδιος
3023 3912 3051 3963 ὁ
3081 3908 3241 3969 καλὸς
3290 3907 3453 3967 ὅντως
3482 3902 3602 3996 τῶν
3665 3970 3673 3976 1

2024 3990 2260 4084 Χριστού
2287 4009 2571 4082 προϐάτων
2606 4007 2829 4075 ποιμὴν,
2861 4002 2956 4056 καὶ
2983 4001 3091 4053 τῶν
3122 3998 3298 4071 ὀρθῶν
3330 3998 3427 4065 τῆς
3472 3990 3603 4045 Ἐκο

2026 4106 2253 4178 κλησίας
2285 4101 2567 4172 δογμάτων
2595 4096 2885 4169 ὀρθοτόμος
2918 4092 3233 4162 ὐφηγητήςο
3283 4088 3341 4178 ὃς
3368 4084 3603 4178 πολλοὺς

2027 4173 2373 4267 δτι-μάλιστα
2412 4190 2607 4251 πόνους
2638 4187 2732 4241 καὶ
2784 4183 3057 4246 κινδύνους
3085 4180 3228 4251 ὑπὲρ
3268 4177 3375 4231 τῶν
3423 4173 3607 4242 ἁγίων

2032 4289 2293 4359 πρότερον
2359 4276 2793 4353 ὑπομεμενηκὼς
2857 4277 3102 4337 εἰκόνων,
3158 4272 3437 4327 ἀνίσταται
3496 4267 3611 4337 μὲν

2029 4380 2164 4434 Θεοῦ
2189 4379 2355 4447 ψήφῳ
2385 4376 2478 4428 καὶ
2503 4372 2599 4442 τῆς
2631 4367 2897 4442 βασιλίδος
2920 4365 3177 4436 συνεργίᾳ
3209 4363 3462 4433 πρόεδρος
3498 4360 3610 4428 τῆς

2044 4470 2368 4540 Ἐκκλησίας
2391 4458 3011 4520 Κωνσταντινουπὸλεως
3035 4473 3048 4485 ’
3083 4456 3334 4525 καθαιρεῖ
3365 4454 3419 4506 δὲ
3457 4452 3612 4505 πάν-

357 4559 668 4613 sacerdotes
716 4568 769 4613 et
798 4559 1085 4628 cpiscOpos
1137 4558 1189 4611 in
1226 4573 1335 4613 suae
1372 4564 1533 4612 rectae
1589 4555 1710 4610 ﬁdei
1742 4554 1912 4609 fundat

2033 4580 2131 4625 τας
2163 4563 2256 4614 καὶ
2278 4556 2530 4625 κατασπᾷ
2577 4552 2685 4604 τῶν
2710 4546 3035 4615 ἐκκλησιῶν,
3064 4544 3178 4597 ὅσοι
3207 4542 3282 4611 τῷ
3315 4540 3472 4610 μύσει
3497 4540 3609 4607 τῆς

357 4657 543 4703 mento
576 4651 826 4706 collocat.
862 4650 1074 4705 Etenim
1108 4650 1380 4704 hmreticis
1413 4649 1509 4715 (uti
1560 4649 1722 4703 etiam
1769 4655 1926 4701 antea

358 4740 462 4795 sub
495 4740 743 4802 Tarasiu,
780 4754 937 4797 sacro
968 4742 1261 4810 divinoque
1296 4749 1539 4809 pastore,
1565 4747 1617 4793 et
1641 4740 1727 4808 pia
1754 4737 1927 4808 lreue)

358 4843 559 4890 sectam
590 4848 745 4887 suam
801 4833 1210 4896 damnantibus,
1256 4841 1309 4887 ct
1341 4833 1551 4885 veniam
1589 4832 1930 4899 impetranti-

356 4922 484 4987 bus,
516 4930 680 4991 atque
704 4922 901 4977 iterum
930 4920 999 4976 ad
1030 4922 1296 4976 haereseos
1324 4920 1615 4989 perniciem
1636 4920 1929 4989 prolaben-

361 5014 528 5079 tibus,
584 5014 926 5083 Nicephorus
984 5015 1065 5069 vir
1101 5014 1358 5078 eximius,
1399 5013 1579 5068 adhuc
1617 5022 1891 5081 superstes
1915 5054 1929 5078 ,

359 5115 415 5162 et
439 5106 530 5163 hic
560 5106 891 5171 Methodius,
950 5108 1211 5162 divinitus
1240 5108 1457 5162 decreta
1486 5106 1698 5160 illorum
1732 5105 1930 5159 exstir-

360 5201 603 5269 patione,
635 5200 851 5270 virique
882 5201 1049 5256 divini
1082 5198 1333 5255 Joanniei
1368 5198 1605 5269 impulsu
1655 5198 1713 5251 in
1743 5210 1932 5252 omnes

362 5291 645 5349 haereticos
697 5292 994 5354 declarata,
1047 5302 1251 5347 rectam
1311 5291 1489 5346 adhuc
1514 5290 1656 5343 viam
1688 5289 1937 5342 incedere

365 5384 756 5452 quaerentibus,
808 5384 1055 5439 veritatis
1089 5384 1360 5438 tramitem
1388 5382 1642 5438 ostendit.
1674 5381 1781 5435 Sed
1810 5396 1935 5435 cum

365 5475 665 5532 Ecclesiam
698 5477 793 5532 Dei
821 5479 1020 5547 optime
1042 5477 1493 5546 sanctissimeque
1516 5491 1611 5545 per
1641 5475 1939 5545 quadrien-

356 5566 519 5621 nium
550 5569 806 5634 rexisset,
836 5569 903 5623 ad
932 5568 1102 5623 Deum
1135 5568 1465 5638 sempiterna
1499 5567 1774 5637 petiturus
1805 5579 1938 5634 pace

368 5658 519 5713 abiit.
548 5659 729 5714 Multis
752 5674 878 5715 vero
900 5669 1011 5715 tum
1030 5661 1097 5715 ad
1126 5660 1381 5715 Ecclesiae
1407 5658 1930 5715 administrationem

442 5836 455 5865 ¹
493 5831 651 5890 Rom.
685 5851 781 5901 xu,
826 5836 906 5890 l5.

2032 4653 2294 4722 αἱρέσεως
2324 4646 2669 4716 ὑπήχθησαν·
2696 4641 2943 4708 ἀνίστησι
2964 4636 3019 4690 δὲ
3038 4632 3359 4703 Ἐκκλησίαν
3386 4628 3609 4699 καινὴν,

2036 4748 2197 4817 ἱερεῖς
2227 4760 2286 4796 τε
2316 4739 2412 4795 καὶ
2434 4738 2707 4808 ἀρχιερεῖς
2743 4732 2835 4785 ἐπὶ
2860 4730 2938 4801 τῷ
2969 4727 3202 4799 θεμελίῳ
3231 4724 3330 4793 τῆς
3355 4723 3472 4778 κατ’
3498 4722 3614 4773 αὐ-

2032 4812 2122 4891 es}
2147 4832 2425 4906 ὀρθοδόξου
2463 4829 2697 4889 πίστεως
2728 4821 3161 4894 προεχειρίσατο.
3206 4815 3327 4886 ,Καὶ
3360 4813 3464 4906 γάρ
3491 4812 3614 4906 τῶν

2034 4903 2388 4999 αἱρεσνιωτῶν,
2422 4923 2496 4984 ὡς
2527 4919 2627 4989 ἢδη
2661 4917 2754 4969 καὶ
2787 4914 3051 4983 πρότερον
3082 4910 3173 4962 ἐπὶ
3201 4905 3474 4976 Ταρασίου
3504 4903 3615 4956 τοῦ

2036 4997 2181 5074 θείου
2205 5017 2298 5071 καὶ
2326 5011 2469 5085 ἱεροῦ
2504 5008 2782 5079 ποιμένος,
2815 5006 2907 5057 καὶ
2936 5003 3033 5072 τῆς
3057 4998 3313 5061 εὐσεϐοῦς
3346 4997 3617 5065 Εἰρήνης,

2038 5104 2572 5177 ἀνατεθεματικότων
2606 5101 2701 5170 μὲν
2730 5098 2824 5167 τὴν
2849 5096 3080 5164 αἵρεσιν,
3110 5093 3205 5144 καὶ
3236 5089 3375 5143 οὕτω
3412 5102 3622 5153 συγκε-

2038 5200 2392 5273 χωρημένων,
2449 5188 2998 5261 παλινδρομησάντων
3047 5183 3138 5247 δὲ,
3199 5180 3292 5273 καὶ
3342 5178 3475 5273 πρδς
3507 5177 3625 5273 την

2039 5266 2206 5360 αὐτὴν
2239 5286 2392 5348 αὖθις
2420 5283 2597 5353 λύμην
2624 5275 3079 5347 ὐπενηνεγμένων
3104 5291 3118 5306 ·
3152 5269 3357 5324 τούτων
3396 5268 3491 5336 μὲν
3514 5266 3624 5319 οὖν

2041 5358 2250 5435 τελείαν
2276 5378 2591 5447 καθαίρεσιν
2623 5372 2716 5427 καὶ
2749 5366 2968 5439 διηνεκῆ
2999 5363 3310 5433 Νικηφόρος
3345 5358 3505 5412 τεέτι
3537 5358 3630 5427 τῷ

2044 5474 2143 5544 βίῳ
2173 5472 2377 5541 περιὼν
2406 5467 2433 5519 ὁ
2468 5466 2658 5536 μέγας,
2713 5460 2803 5514 καὶ
2832 5459 2995 5519 αὐτὸς
3023 5449 3175 5516 οὗτος
3215 5447 3629 5512 θεοϐουλεύτως

2039 5538 2067 5616 δ
2101 5538 2258 5633 ἱερὸς*
2280 5553 2797 5627 καταψηφισάμενος
2831 5548 3113 5609 Μεθόδιος,
3156 5545 3249 5597 καλ.
3278 5540 3371 5594 τοῦ
3416 5538 3625 5633 θεοσδ-

2044 5628 2297 5725 ρουνταῖς
2349 5647 2649 5718 ὑποθήκαις
2692 5638 3018 5696 Ἰωαννικίου
3072 5635 3211 5689 κατᾶ
3248 5634 3465 5697 πάντων
3503 5628 3628 5682 τῶν
