4092 6582
492 443 590 509 501

1537 443 1712 506 VITA
1747 443 1810 502 S.
1851 439 2144 502 IGNATII
2185 439 2292 500 (ΣΡ.
2333 439 2678 500 ΛΠΕΗΙΕΡ.

3619 443 3726 508 50⁸2

492 553 828 625 αίρεσιωτῶν
854 553 1293 626 ἀποφηνάμενος,
1322 555 1535 608 εὐθεῖαν
1589 555 1671 606 ἐτι
1699 556 1812 606 τοῖς
1845 553 2061 621 ὀρθοτο·

2176 551 2482 618 designatis,
2517 550 2754 619 aliisque
2779 547 2914 602 alias
2939 547 3010 602 ob
3041 561 3237 603 causas
3272 555 3398 605 voto
3423 548 3722 619 frustratis,

497 649 618 717 μεῖν
670 644 911 698 ἐθέλουσι
947 647 1045 716 τὴν
1088 645 1190 714 τῆς
1241 645 1550 714 ὁρθοδοξίας
1591 643 1870 704 ὑπέδειξεν
1899 644 2051 696 ὀδὸν’

493 738 588 791 ἐπὶ
615 738 884 807 τέσσαρας
916 738 971 790 δέ
1005 738 1228 807 χρόνους
1262 737 1523 792 κάλλιστά
1571 757 1631 792 τε
1675 739 1768 792 καὶ
1794 739 2058 807 ἄμεμπτα

492 828 593 898 τὴν
611 827 706 880 τοῦ
734 828 939 898 Κυρίου
964 829 1232 898 ποιμάνας
1258 830 1608 899 Ἐκκλησίαν,
1630 833 1686 883 ἐν
1715 833 1909 902 εἰρήνῃ
1923 830 2060 900 πρὸς

493 919 656 972 αὑτὸν
694 919 946 988 μετέστη.
997 920 1212 974 Πολλῶν
1258 922 1549 990 τοιγαροῦν
1606 923 1685 986 είς
1725 921 2060 991 προστασίαν

491 1011 591 1080 τῆς
635 1009 957 1080 Ἑκκλησίας
983 1012 1498 1082 προχειριζομένων,
1532 1012 1626 1065 καὶ
1655 1011 1831 1066 ἄλλων
1865 1011 1934 1064 δι’
1963 1011 2059 1064 άλο

492 1102 588 1166 λας
619 1103 794 1166 αίτίας
815 1105 1290 1175 διαμαρτανὼτων
1305 1105 1401 1158 τοῦ
1419 1105 1645 1169 σκοποῦ,
1662 1105 1748 1158 ἵνα
1775 1108 1808 1176 ἡ
1841 1121 2065 1176 προορι-

495 1190 680 1244 σθεῖσα
707 1192 802 1246 τοῦ
830 1192 964 1246 Θεοῦ
1004 1193 1169 1265 βουλὴ
1205 1193 1387 1266 μείνῃ,
1441 1195 1697 1262 Ἰγνάτιος
1719 1196 1747 1248 ὁ
1771 1195 2063 1259 ὁσιώτατος

496 1284 882 1354 πρεσϐύτερος,
915 1284 1188 1347 πλείστοις
1216 1285 1394 1340 ἐτεσιν
1425 1286 1522 1357 ἤδη
1549 1289 1660 1348 τοῖς
1701 1287 1801 1356 τῆς
1831 1289 2060 1358 ἱερωσύ-

493 1389 592 1443 νης
626 1375 958 1444 χαρίσμασιν
997 1375 1455 1446 ἐνευδοκιμηκὼς,
1505 1377 1599 1430 καὶ
1634 1377 1843 1447 βαθμὸν
1885 1380 2063 1449 ἐαυτῷ

494 1464 658 1518 καλὸν
689 1466 748 1517 ἐν
785 1465 949 1536 πολλῇ
981 1468 1267 1537 παρρησίᾳ
1299 1469 1392 1520 κα.)⁸
1439 1471 1504 1539 τῇ
1537 1470 1596 1522 ἐν
1624 1470 1846 1540 Χριστῷ
1888 1471 2062 1541 Ἰησοῦ

493 1557 675 1610 πίστει
718 1559 1237 1629 περιποιησάμενος,
1273 1559 1367 1613 καὶ
1415 1561 1476 1614 ἐν
1519 1565 1630 1626 τοῖς
1671 1562 1927 1616 ἁπάντων
1975 1563 2064 1618 διὰ

491 1645 656 1700 τοῦτο
680 1648 939 1718 στόμασιν
970 1650 1246 1720 ᾀδόμενος,
1291 1649 1550 1718 καίτοιγε
1585 1651 1813 1704 πλεῖστα
1864 1670 2064 1722 παραι·

493 1736 776 1806 τούμενος,
828 1740 920 1791 καὶ
960 1740 1054 1792 τὸν
1091 1740 1257 1808 ὄγκον
1302 1740 1396 1794 τοῦ
1427 1741 1737 1812 ἀξιώματος
1779 1745 2066 1815 ἀποδιδρά-

495 1841 641 1880 σκων
674 1829 1026 1894 πανευλαϐὦς
1049 1843 1064 1860 ⁶
1100 1832 1249 1902 ὅμως
1300 1833 1549 1904 ἐνεργείᾳ
1582 1833 1683 1903 μὲν
1711 1835 1856 1888 θείου
1889 1834 2064 1888 Πνεύ-

498 1932 686 1986 ματος,
724 1920 982 1989 συνεργίᾳ
1104 1893 1198 1974 καὶ
1226 1893 1402 1993 ψήφῳ.
1428 1893 1732 1993 cingite-piem:
1776 1926 1934 1992 Θεοῦ,
1967 1930 2065 1998 τῆς
2095 1893 2138 1948 Β

495 2006 644 2071 θείας
677 2010 1256 2081 ίεραρχίαςηάξιοῦται,
1295 2016 1392 2068 καὶ
1423 2016 1501 2086 τῷ
1523 2017 1700 2088 θρόνῳ
1723 2018 1825 2088 τῆς
1856 2018 2067 2088 βασιλίσ

496 2095 584 2160 δος
635 2100 930 2170 ἐνίδρυται,
970 2105 1066 2156 καὶ
1097 2107 1164 2174 τῇ
1199 2104 1391 2178 λυχνίᾳ
1436 2108 1467 2160 ὁ
1514 2107 1704 2178 λύχνος
1737 2111 2064 2168 ἐπιτίθεται.

497 2187 609 2258 Πρὸ
638 2193 858 2244 πάντων
882 2192 937 2246 δὲ
967 2194 1076 2246 τῶν
1124 2197 1430 2268 ἀρχιερέων
1473 2200 1567 2252 καὶ
1596 2200 1703 2256 τῶν
1753 2202 1920 2267 Ααῶν,
1967 2203 2068 2273 τῆς

499 2278 766 2350 βασιλίδος
800 2285 1220 2358 άποστειλάσης,
1274 2291 1370 2344 καὶ
1401 2291 1713 2364 ἁξιωσάσης
1743 2294 1830 2348 διὰ
1859 2295 2070 2364 Κυρίου

497 2373 764 2442 γνωρίσαι
798 2375 889 2428 τὸν
939 2375 1125 2443 ἄξιον,
1172 2382 1534 2452 προφητικῶς
1580 2384 1613 2436 ὁ
1656 2385 1831 2454 μέγας
1880 2386 2071 2440 τοῦτον

510 2461 829 2530 Ἰωαννίκιος
878 2467 1177 2538 ψηφίζεται
1197 2487 1211 2502 ⁸
1243 2473 1340 2525 καὶ
1391 2473 1561 2538 οὕτως
1587 2475 1674 2529 διὰ
1709 2477 1808 2546 τῆς
1852 2477 2021 2549 θύρας
2043 2481 2074 2533 ὸ

503 2555 708 2626 ποιμὴν
734 2559 761 2611 ὁ
791 2561 953 2623 καλὸς
987 2564 1066 2624 είς
1088 2562 1186 2633 τὴν
1220 2563 1390 2636 αὐλὴν
1417 2567 1527 2618 τῶν
1573 2568 1861 2638 προϐάτων
1900 2571 2074 2624 εἰσελ-

498 2642 629 2709 θὼν,
660 2649 726 2700 τά
757 2649 860 2703 ἴδια
896 2653 1146 2723 πρόϐατα
1162 2655 1344 2709 ἐκάλει
1377 2658 1496 2710 κατ’
1528 2658 1704 2728 ὄνομα
1727 2675 1739 2689 ·
1773 2661 1867 2713 καὶ
1893 2663 2071 2733 πάσης

507 2735 607 2804 μὲν
639 2741 806 2810 νομῆς
828 2743 1125 2814 θανασίμου
1155 2747 1249 2800 καὶ
1279 2747 1570 2821 βλαϐερᾶς,
1597 2751 1776 2821 πάσης
1807 2751 1862 2806 δέ
1896 2752 2073 2824 λύμης

503 2827 599 2880 καὶ
631 2830 905 2896 ἀπωλείας
940 2835 1134 2904 ἐξῆγεν
1167 2840 1471 2910 αίρετικῆς,
1517 2842 1655 2913 πρὸς
1679 2843 1774 2908 τὰς
1810 2844 2072 2910 ἀειζώους

499 2913 558 2968 δὲ
596 2920 691 2972 καὶ
719 2921 990 2987 άειθαλεῖς
1019 2927 1120 2996 τῆς
1147 2929 1433 2999 ὀρθοδόξου
1478 2933 1713 2998 πίστεως
1743 2935 1837 2989 καὶ
1865 2936 2072 2990 δικαιο-

500 3007 669 3076 σύνης
700 3009 899 3080 ὠδήγει
928 3016 1021 3067 καί⁸
1051 3018 1237 3086 εἰσῆγε
1281 3020 1453 3090 νομάς
1472 3041 1486 3055 ’
1516 3023 1611 3076 καὶ
1643 3024 1807 3089 αὐτὸς
1837 3027 1937 3095 μὲν
1971 3045 2070 3080 κα·

500 3095 626 3159 κίας
659 3096 877 3171 ἁπάσης
901 3105 1152 3159 τοσοῦτον
1182 3110 1460 3180 ἀπείχετο,
1515 3112 1626 3182 ὅσῳ
1669 3114 1847 3184 πάσης
1897 3118 2074 3170 ἀντείο

2161 642 2242 695 uti
2269 642 2535 696 destinata
2566 641 2660 695 Dei
2689 642 2955 696 sententia
2989 649 3179 705 staret,
3213 639 3448 711 lgnatius
3493 645 3730 700 sanctis-

2161 735 2333 788 simus
2357 735 2658 804 presbyter,
2703 750 2825 789 eum
2867 750 2961 804 per
2995 736 3195 789 multos
3227 751 3401 790 annos
3437 737 3730 792 sacerdotii

2163 828 2484 881 muneribus
2520 843 2712 897 magna
2746 841 2870 882 cum
2902 828 3059 881 laude
3094 827 3414 897 perfunctus
3441 837 3609 890 esset,
3632 829 3731 884 bo-

2162 933 2401 986 numque
2466 918 2567 973 sibi
2627 917 2680 972 in
2726 918 2894 972 multa
2953 920 3293 984 auctoritate,
3352 926 3407 973 et
3456 919 3511 972 in
3540 919 3728 974 Jesum

2159 1009 2438 1065 Christum
2498 1011 2603 1065 lide
2638 1012 2744 1080 iam
2785 1013 3011 1080 gradum
3066 1011 3450 1074 exstruxissct,
3487 1026 3551 1066 ac
3598 1025 3732 1080 pro-

2161 1110 2343 1169 pterea
2365 1102 2608 1156 omnium
2631 1117 2726 1156 ore
2752 1103 3138 1164 celebraretur,
3165 1103 3520 1172 quantumvis
3553 1103 3733 1171 digni:

2162 1193 2289 1248 tatis
2319 1193 2748 1262 magnitudinem
2775 1192 3084 1261 refugiens,
3107 1195 3158 1247 vi
3189 1201 3373 1246 tamen
3405 1194 3578 1248 sancti
3610 1192 3732 1262 Spi—

2163 1284 2324 1350 ritus,
2359 1292 2414 1339 et
2441 1285 2749 1339 antistitum
2774 1285 3099 1339 auctoritate
3123 1296 3177 1339 et
3203 1287 3492 1347 sententia,
3526 1285 3734 1339 honore

2163 1389 2324 1430 Sacro
2383 1376 2736 1446 dignissimus
2771 1375 3069 1445 judicatus,
3135 1376 3188 1430 in
3224 1377 3546 1446 imperantis
3579 1377 3734 1430 urbis

2161 1480 2318 1520 sacra
2361 1467 2490 1523 sede
2539 1467 2857 1533 collocatur,
2894 1466 3227 1536 lucernaque
3274 1467 3606 1522 candelabro
3635 1469 3736 1521 im-

2162 1558 2383 1626 ponitur
2409 1575 2424 1624 ;
2461 1574 2586 1613 cum
2617 1568 2745 1613 ante
2778 1559 3026 1612 omnium
3056 1559 3434 1629 episcoporum
3468 1567 3522 1613 et
3551 1559 3738 1628 populi

2161 1648 2462 1703 sententias
2495 1649 2814 1717 imperatrix
2847 1649 2916 1703 ad
2963 1647 3312 1704 Joannlcium
3347 1650 3736 1703 anachoreta":

2163 1739 2473 1794 consultum
2506 1739 2765 1806 misisset,
2804 1754 3162 1810 ecquemnam
3207 1740 3305 1794 hoc
3335 1739 3740 1810 patriarcbatns

2169 1829 2375 1883 honore
2405 1828 2628 1897 dignum
2661 1845 2756 1898 per
2811 1831 3098 1887 Dominum
3127 1839 3524 1900 cognosceret;
3567 1829 3742 1900 lgna-

2169 1920 2301 1976 tium
2329 1920 2564 1975 eximius
2599 1921 2686 1974 ille
2708 1919 3028 1977 Joannicius
3061 1922 3321 1976 divinitus
3345 1923 3738 1990 pronuntiavit.

2167 2012 2346 2078 Atque
2377 2010 2452 2063 ita
2479 2009 2658 2064 bonus
2706 2019 2896 2080 pastor
2927 2026 3021 2080 per
3048 2010 3250 2064 ostium
3299 2012 3352 2064 in
3383 2011 3521 2064 ovile
3553 2011 3748 2064 ovium

2170 2102 2474 2168 ingressus,
2504 2115 2634 2156 oves
2664 2101 2915 2170 proprias
2943 2102 3176 2156 vocabat
3226 2100 3577 2155 nominatim:
3605 2116 3745 2170 quas

2170 2208 2236 2248 ex
2269 2193 2446 2248 noxiis
2480 2201 2536 2247 et
2593 2192 2870 2262 pestiferis
2905 2193 3111 2258 herbis,
3170 2192 3437 2261 omnique
3488 2191 3743 2245 haeretica

2171 2295 2328 2355 peste
2350 2293 2398 2339 et
2449 2285 2617 2340 exitio
2645 2295 2882 2354 ereptas,
2937 2286 3004 2338 ad
3057 2285 3388 2338 immortalia
3421 2299 3746 2353 semperque

2170 2377 2399 2430 virentia
2431 2386 2596 2431 recta).
2643 2376 2764 2430 fidei
2819 2377 3154 2446 justitizeque
3198 2392 3397 2446 pascua
3451 2375 3749 2428 deducebat

2173 2467 2592 2536 inducebatque.
2652 2465 2771 2535 ipse
2821 2481 2950 2520 vero
3003 2475 3116 2520 tum
3181 2467 3250 2520 ab
3306 2466 3452 2518 omni
3519 2465 3750 2519 crimine

2173 2559 2222 2611 al
2245 2558 2523 2621 horrebat,
2556 2568 2671 2612 tum
2695 2559 2746 2611 in
2775 2574 2938 2613 omne
2967 2560 3266 2628 praesertim
3302 2559 3565 2610 virtutum
3598 2557 3750 2624 prin-

2174 2649 2424 2718 cipalium
2459 2660 2514 2703 et
2547 2649 2822 2719 mquitatis
2857 2650 3102 2703 studium
3131 2649 3394 2719 singulari
3424 2658 3620 2702 conatu
3663 2647 3750 2700 iu-

2175 2740 2457 2804 cumbens,
2493 2741 2560 2794 ad
2616 2741 2866 2810 perfectae
2920 2741 3138 2810 pictatis
3171 2741 3382 2794 culmen
3418 2738 3749 2793 cuitebatur.

2174 2831 2468 2887 Prudentia
2508 2848 2746 2903 namque
2809 2833 2884 2886 illi
2915 2848 3060 2886 cum
3110 2839 3247 2895 erat,
3285 2848 3391 2885 non
3425 2840 3485 2885 ut
3517 2830 3752 2898 epuli-u-

2175 2925 2306 2978 tiam
2360 2925 2486 2988 sibi,
2539 2925 2945 2993 humanamque
3000 2923 3271 2994 gloriam,
3333 2932 3387 2977 et
3448 2923 3754 2990 voluptates

2175 3016 2557 3085 conquireret;
2588 3017 2680 3071 sed
2715 3025 2773 3068 ut
2796 3016 2888 3068 Dei
2926 3017 3261 3070 voluntatem
3313 3024 3582 3078 sanctam,
3616 3014 3754 3067 bene

2176 3108 2476 3176 placentem
2542 3117 2594 3162 ct
2656 3107 2975 3175 perlectam,
3036 3107 3088 3160 in
3125 3107 3317 3175 spiritu
3379 3106 3510 3162 recti
3558 3106 3806 3175 iudicii

501 3202 626 3280 χετο
648 3189 995 3264 δικαιοσύνης
1019 3212 1032 3228 ·
1073 3198 1366 3268 ἐξαιρέτως
1408 3201 1466 3254 δέ
1507 3203 1644 3274 πρὸς
1681 3204 1780 3269 τὰς
1810 3206 1918 3260 τῶν
1949 3209 2072 3280 ἀρε-

2177 3199 2312 3254 bene
2341 3198 2663 3268 intelligeret
2691 3207 2744 3252 et
2772 3209 3113 3268 sequeretur.
3146 3197 3426 3252 Fortitudo
3471 3213 3603 3251 vero
3636 3207 3755 3252 crat

500 3279 610 3330 τῶν
667 3283 1100 3354 κατορθούμενος
1160 3290 1404 3357 γενικὰς,
1459 3294 1560 3360 τῆς
1615 3295 1736 3347 κατ’
1797 3279 2079 3352 εὐσέϐειαν

499 3369 840 3442 τελειότητος
873 3375 1212 3445 ἐπεμελεῖτο.
1238 3379 1504 3451 Φρόνησις
1532 3383 1632 3452 μὲν
1663 3384 1771 3456 γὰρ
1795 3387 1946 3458 αύτῷ
1995 3389 2077 3444 δι·

499 3461 856 3529 εσπούδαστο,
892 3466 990 3537 οὐχ
1023 3466 1160 3522 ὥστε
1192 3469 1421 3526 πλοῦτον
1462 3475 1638 3553 ἐαυτῴ
1667 3477 1759 3531 καὶ
1793 3477 1950 3545 δόξαν
1979 3499 2078 3535 πο-

505 3550 751 3621 ρίζεσθαι
800 3559 1090 3630 κοσμικὴν,
1126 3562 1218 3616 καὶ
1264 3563 1516 3629 ποικίλας
1557 3550 1807 3637 σώματος
1856 3571 2076 3639 ἡδονὰς,

504 3643 620 3696 ἀλλ’
653 3644 792 3700 ὥστε
823 3649 883 3701 τὸ
905 3649 1116 3722 θέλημα
1155 3653 1246 3706 τοῦ
1269 3655 1402 3708 Θεοῦ
1437 3658 1496 3710 τὸ
1530 3659 1733 3726 ἀγαθὸν
1755 3661 1852 3716 καὶ
1879 3665 2076 3736 εὐάρε-

504 3749 629 3789 στον
653 3737 748 3791 καὶ
777 3738 982 3794 τέλειον
1009 3742 1068 3794 ἐν
1096 3743 1419 3814 διακρίσεως
1434 3748 1708 3820 πνεύματι
1739 3754 1921 3818 καλῶς
1952 3773 2080 3808 συν-

506 3827 641 3881 ιέναι
680 3830 775 3883 καὶ
811 3835 1004 3889 ποιεῖν.
1048 3831 1263 3907 Ἀνδρία
1296 3837 1353 3890 δέ
1412 3840 1579 3911 αὐτῷ,
1611 3843 1672 3896 τὸ
1705 3843 1780 3915 μὴ
1810 3847 2078 3916 ἡττᾶσθαί

503 3936 636 3975 ποτε
671 3925 769 3994 τῆς
803 3926 1098 3997 ἁμαρτίας,
1145 3930 1261 3983 ἀλλ’
1283 3931 1563 4004 ἐλεύθερον
1595 3931 1736 3990 εἶναι
1762 3941 1854 3992 καὶ
1882 3939 2080 3994 δεσπό-

506 4011 621 4074 ζειν
652 4013 760 4067 τῶν
792 4015 1064 4071 δυναστῶν
1091 4035 1104 4049 ⁶
1145 4020 1437 4092 ἀποτόμως
1477 4024 1534 4077 δὲ
1559 4025 1650 4079 τὸν
1697 4028 2081 4100 ἁμαρτάνοντα

506 4104 647 4157 κατὰ
693 4105 785 4158 τὸν
827 4108 1186 4167 ἀποστολικὸν
1239 4114 1398 4183 νόμον
1431 4115 1750 4188 διελέγχειν,
1800 4121 2082 4175 καὶτοῦτο

507 4194 766 4262 πολλάκις
797 4198 1026 4254 ἐνώπιον
1060 4202 1297 4268 πάντων,
1321 4207 1414 4258 καὶ
1454 4207 1530 4276 μὴ
1563 4209 1925 4277 καθυφίεσθαι
1957 4212 2082 4265 δου-

507 4285 829 4361 λοπρεπῶς,
879 4294 966 4348 ἶνα
1008 4295 1102 4350 καὶ
1146 4297 1196 4349 οἱ
1246 4299 1443 4363 λοιποὶ,
1488 4302 1644 4370 φησὶ,
1699 4303 1863 4370 φόϐον
1892 4303 2078 4374 ἔχωσι.

510 4377 838 4455 Σωφροσύνη
892 4385 972 4451 δέ,
1030 4387 1090 4440 ού
1149 4389 1243 4442 τοῦ
1298 4392 1496 4445 οἰκείου
1551 4391 1802 4463 σώματος
1839 4397 1999 4466 μόνον
2046 4401 2086 4468 ἡ

510 4471 739 4544 ἁγνότης
770 4493 828 4529 τε
875 4477 968 4531 καὶ
1005 4479 1351 4551 καθαρότης,
1403 4482 1470 4553 ἢν
1515 4484 1580 4537 ἐκ
1616 4487 1817 4556 νεαρᾶς
1864 4489 2082 4558 ἡλικίας

2178 3291 2301 3360 ipsi,
2335 3307 2403 3344 ne
2427 3305 2669 3360 unquam
2692 3291 2967 3346 servitutis
2983 3301 3205 3360 peccato
3229 3291 3631 3355 succumberet,
3655 3291 3748 3344 sed

2177 3382 2314 3438 liber
2341 3394 2504 3449 esset,
2560 3393 2610 3438 et
2667 3383 3045 3438 dominaretur
3079 3384 3450 3452 optimatibus,
3495 3394 3656 3453 atque
3686 3400 3750 3438 ex

2179 3477 2408 3546 apostoli
2449 3477 2795 3546 prmscripto,
2830 3486 3146 3546 peccantem
3200 3477 3400 3530 acriter
3435 3477 3751 3546 castigaret,

2177 3578 2230 3622 et
2280 3568 2385 3623 hoc
2411 3584 2552 3638 saepe
2601 3584 2788 3624 coram
2817 3569 3096 3633 omnibus,
3131 3584 3231 3623 nec
3273 3569 3454 3623 servili
3505 3570 3662 3626 modo
3698 3585 3758 3624 se

2177 3659 2504 3727 subiiceret;
2528 3669 2660 3714 utet
2704 3660 2910 3724 caeteri,
2954 3661 3150 3730 inquit,
3186 3661 3242 3714 in
3259 3661 3434 3715 ullicio
3469 3676 3562 3730 per
3592 3661 3756 3716 timo-

2179 3768 2293 3809 rem
2314 3752 3174 3822 contineantur.Temperantiam
3203 3762 3387 3808 autem
3407 3770 3514 3808 non
3546 3763 3758 3808 tanturn

2180 3845 2232 3900 in
2283 3860 2512 3914 corpore
2543 3845 2718 3899 coluit
2768 3860 2890 3908 suo,
2924 3861 3088 3915 quam
3131 3861 3159 3898 a
3191 3846 3392 3900 teneris
3417 3845 3575 3900 anuis
3619 3846 3757 3900 adeo

2180 3936 2461 3990 laboribus
2499 3936 2904 4006 sudoribusque
2929 3937 3164 3990 assiduis
3182 3935 3416 4005 perfecte
3433 3945 3515 3989 est
3531 3951 3757 3990 assecu-

2179 4037 2288 4094 tus,
2313 4036 2370 4082 ut
2387 4042 2608 4083 sensum
2639 4042 2878 4087 omnem,
2898 4041 3197 4096 omnesque
3219 4027 3543 4096 cupiditates
3563 4042 3761 4096 corpo-

2180 4122 2258 4174 ris
2293 4121 2484 4176 noxias
2519 4120 2732 4190 penitus
2758 4119 3100 4175 exstinxerit.
3136 4117 3252 4172 Non
3274 4134 3405 4187 ergo
3436 4119 3518 4172 liis
3545 4124 3758 4172 tantum

2184 4211 2382 4265 finibus
2423 4209 2794 4278 temperantia:
2845 4210 3191 4279 splendorem
3232 4209 3628 4270 circumclusit,
3661 4211 3756 4265 sed

2182 4299 2482 4354 Ecclesiam
2537 4313 2698 4354 suam
2735 4307 2925 4361 totam,
2969 4313 3182 4352 morum
3223 4307 3278 4352 et
3325 4299 3586 4354 doctrinae
3644 4315 3758 4354 sua!

2182 4391 2446 4463 gravitate
2475 4390 2929 4458 assiduitateque,
2957 4389 3024 4443 ad
3064 4405 3183 4443 cam
3224 4389 3471 4460 provexit
3500 4393 3758 4448 honesta-

2186 4494 2292 4540 tem
2329 4493 2384 4540 et
2438 4481 2843 4547 verecundiam,
2894 4489 2954 4534 ut
3003 4481 3144 4534 inter
3191 4481 3312 4550 eius
3357 4480 3654 4539 familiares
3694 4501 3762 4538 ne

511 4562 654 4617 οῦτω
692 4565 872 4630 πόνοις
912 4571 1123 4638 συχνοῖς
1155 4571 1248 4624 καὶ
1297 4572 1488 4644 ἱδρῶσι
1533 4576 1952 4645 κατωρθώσατο,
2001 4579 2075 4643 ὡς

2186 4591 2381 4630 nomen
2406 4575 2631 4645 quidem
2657 4572 3056 4636 fornicationis,
3083 4571 3166 4625 vel
3193 4573 3498 4643 cuiuspiam
3529 4574 3758 4643 impuri-

513 4661 592 4722 είς
616 4659 792 4730 ἄκραν
829 4662 991 4716 αὐτὸν
1044 4665 1332 4732 ἀπάθειαν,
1373 4668 1489 4737 ἤτοι
1525 4670 1768 4741 παντελῆ
1816 4672 2082 4743 νέκρωσιν

509 4748 602 4802 τοῦ
625 4751 885 4820 σαρκίνου
916 4756 1259 4826 φρονήματος
1285 4757 1479 4814 ἐλθεῖν.
1507 4763 1581 4814 Οὐ
1611 4762 1784 4836 ταύτῃ
1817 4764 1953 4832 γοῦν
1982 4767 2079 4836 μό-

512 4855 602 4892 νον
617 4841 678 4892 rb
699 4843 798 4911 τῆς
823 4845 1175 4916 σωφροσύνης
1201 4847 1428 4918 ὡρίζετο
1451 4851 1638 4918 καλὸν,
1663 4854 1814 4926 πάσῃ
1836 4855 1892 4907 δέ
1917 4872 2086 4908 σπουυ

511 4930 573 5002 δῇ
596 4933 691 4986 καὶ
716 4935 814 5005 τὴν
841 4938 961 4988 κατ’
987 4937 1148 4991 αὑτὸν
1191 4939 1517 5011 Ἐκκλησίαν
1537 4944 1628 4997 ἐπὶ
1655 4947 1907 5000 τοσοῦτον
1926 4948 2086 5018 ἥγνιιν

516 5023 597 5088 ζε,
633 5027 730 5078 καὶ
765 5025 842 5096 τῷ
868 5027 1122 5097 ἐμϐριθεί
1172 5017 1232 5084 τε
1274 5035 1366 5085 καὶ
1397 5039 1611 5106 συνεχεί
1636 5037 1736 5107 τῆς
1785 5039 1879 5092 τοῦ
1915 5041 2084 5093 Πνεύ-

523 5132 690 5185 ματος
747 5117 1091 5184 διδασκαλίας
1145 5122 1548 5194 ἐσωφρόνιζεν,
1606 5127 1682 5191 ὡς
1735 5130 1856 5200 μηδ’
1913 5131 2086 5202 ὄνομα

518 5207 795 5276 πορνείας,
847 5209 1057 5280 ῆτινος
1106 5211 1272 5283 ἄλλης
1313 5214 1658 5286 ἀκαθαρσίας
1689 5219 1748 5271 ἐν
1775 5222 1887 5282 τοῖς
1936 5222 2092 5290 αὐτῷ

518 5297 906 5369 πλησιάζουσιν
960 5303 1252 5358 ἀκούεσθαι
1280 5321 1292 5334 ·
1354 5307 1469 5359 ἀλλ’
1521 5308 1708 5382 ὥσπερ
1768 5311 1929 5375 αὐτὸς
1986 5313 2092 5384 τὴν

513 5387 743 5458 ἄμωμον
761 5391 876 5445 ὁδὸν
907 5392 1002 5446 τοῦ
1054 5396 1262 5464 Κυρίου
1294 5397 1542 5468 ἁμώμως
1594 5402 1908 5470 ἐπορεύετο,
1940 5403 2085 5458 οὕτω

515 5481 614 5534 καὶ
636 5482 736 5553 τὴν
767 5483 976 5538 ἐκείνου
1006 5486 1245 5558 νύμφην,
1271 5489 1346 5552 ὡς
1385 5492 1587 5560 ἀγαθὸς
1613 5495 2004 5562 νυμφοστόλος,
2027 5499 2093 5548 ἐν

514 5570 731 5643 ἀμώμῳ
766 5577 1010 5646 προσῆγε
1056 5579 1320 5652 πολιτείᾳ.
1380 5583 1515 5653 Περὶ
1559 5585 1905 5657 δικαιοσύνης
1946 5587 2002 5640 δέ
2033 5587 2086 5641 τί

517 5663 624 5734 χρὴ
654 5667 748 5718 καὶ
783 5665 998 5736 λέγειν;
1043 5672 1110 5741 ἣν
1141 5671 1284 5727 οὕτω
1320 5677 1560 5746 στερρὦ
1596 5677 1690 5730 καί⁵
1741 5679 2087 5750 μεγαλοπρε-

517 5755 635 5818 πῶς
657 5758 685 5810 ὁ
716 5761 984 5830 μακάριος
1030 5765 1324 5831 ἐνεδέδυτο,
1353 5767 1490 5821 ὥστε
1522 5771 1614 5822 καὶ
1647 5770 1849 5842 μέμψιν
1885 5771 1951 5825 δι’
1987 5774 2087 5826 αύ-

512 5847 617 5917 .τὴν
643 5849 863 5922 ὑπέχειν
905 5855 1161 5922 πολλάκις
1199 5859 1346 5930 παρὰ
1371 5863 1480 5926 τοῖς
1519 5862 1724 5927 ἀδίκοις
1755 5863 1846 5917 τοῦ
1877 5864 2085 5919 δικαίου

2188 4667 2315 4722 tatis
2349 4667 2648 4722 audiretur.
2692 4664 2918 4720 Perinde
2949 4665 3094 4718 enim
3145 4675 3201 4718 ut
3241 4665 3356 4733 ipse
3385 4666 3500 4721 vias
3545 4666 3758 4720 Domini

2188 4768 2368 4813 rectas
2395 4757 2706 4812 ambulabat
2738 4796 2760 4819 ,
2807 4755 2880 4809 ita
2937 4770 3196 4824 sponsam
3251 4755 3465 4808 Domini
3520 4757 3760 4823 Optimus

2189 4848 2594 4919 paranymphus
2637 4861 2732 4914 per
2775 4844 3106 4912 inculpatum
3141 4845 3266 4897 vitae
3307 4842 3555 4897 semitam
3591 4843 3761 4896 dedu-

2189 4943 2368 4997 cebat.
2405 4938 2522 4994 Jam
2555 4948 2611 4992 ut
2639 4937 2806 4992 fuerit
2834 4941 2971 5006 arqui
3012 4947 3192 5000 tenax,
3229 4935 3524 5003 iustitiaeve
3573 4934 3760 4988 obser-

2189 5049 2347 5098 vans,
2383 5031 2512 5101 quid
2541 5030 2760 5084 dicam?
2791 5045 2916 5084 cum
2960 5029 3032 5083 ita
3064 5029 3234 5097 rigide
3257 5041 3376 5082 eam
3418 5027 3672 5088 servavit,
3702 5035 3759 5081 ut

2190 5125 2334 5179 illius
2366 5135 2532 5176 causa
2573 5136 2680 5174 non
2717 5135 2842 5174 raro
2870 5120 2937 5174 ab
2968 5119 3169 5187 iniquis
3217 5116 3490 5186 aequitatis
3539 5116 3760 5172 arbitris

2191 5213 2714 5286 reprehenderetur,
2770 5221 3066 5282 pastorqne
3119 5224 3246 5264 vere
3296 5208 3446 5262 ruitis
3469 5221 3534 5262 ac
3562 5206 3762 5264 divina:

2192 5304 2695 5374 imitatoriustitize,
2713 5303 3012 5373 asperrime
3040 5302 3517 5356 condemnaretur.
3549 5299 3755 5354 Etenim

2193 5397 2380 5452 nonin
2413 5395 2666 5450 civilibus
2695 5403 2904 5448 tantum
2945 5394 3126 5454 rebus,
3169 5392 3263 5447 sed
3306 5392 3480 5446 multo
3508 5390 3680 5460 magis
3704 5390 3758 5444 in

2192 5487 2580 5543 ecclesiasticis
2645 5485 3136 5555 disceptationibus
3188 5494 3242 5539 et
3303 5483 3526 5553 iudiciis
3601 5483 3760 5538 facile

2193 5581 2589 5652 agnoscebatur
2613 5578 2678 5633 ad
2719 5578 2964 5633 veritatis
3000 5577 3384 5648 mquitatisque
3425 5585 3757 5631 momentum

2193 5675 2469 5729 laticemve
2507 5672 2864 5744 propendere,
2913 5679 3104 5726 contra
3158 5685 3295 5725 vero
3321 5670 3668 5724 mendacium
3705 5675 3762 5724 ct

2194 5766 2492 5837 quamlibet
2519 5764 2840 5835 iniustitiam
2880 5762 3361 5818 vehementissime
3387 5761 3758 5816 severissime-

2197 5873 2304 5928 que
2335 5855 2612 5913 insectari.
2633 5855 2742 5911 Nec
2761 5870 2889 5926 erga
2921 5852 3166 5926 plebeios
3189 5861 3404 5909 tantum
3442 5865 3494 5910 ct
3535 5853 3757 5908 viliores
