4092 6606
354 455 463 518 503
1540 458 1834 518 ΝΙΟΕΤίΕ
1865 457 1905 517 Ρ

2011 459 2393 520 HLAGONIS
3506 452 3609 517 504

356 583 409 621 ιη
447 580 608 636 quos,
637 566 683 620 si
713 567 839 635 quid
869 575 1111 636 peccent,
1140 568 1313 624 cuivis
1343 568 1516 624 facilis
1546 577 1598 623 et
1638 569 1806 622 libera
1836 581 1905 623 εει

2022 570 2338 639 διαιτηταῖς,
2364 570 2459 623 καὶ⁸
2500 567 2843 638 σκληρότατα
2864 562 3372 631 καταγινώσκεσθαι
3406 560 3499 615 τὸν
3527 561 3609 625 ὡς

351 672 616 723 censura;
650 659 743 712 sed
774 659 1034 714 adversus
1064 660 1335 729 principes
1364 662 1527 715 etiam
1575 660 1905 729 magistratu:

2032 661 2246 731 ἀληθῶς
2274 663 2448 732 πρᾶον
2478 660 2730 729 ποιμένα,
2754 660 2848 712 καὶ
2879 657 3015 710 Θεοῦ
3049 655 3385 727 μιμούμενον
3408 655 3611 707 δικαιο-

352 766 416 805 ac
446 751 722 820 dynastas,
758 752 1010 820 ipsosque
1038 752 1392 820 imperatores
1423 791 1436 815 ,
1467 752 1629 805 ardor
1652 768 1713 805 ac
1739 752 1905 805 divin:

2034 751 2232 819 σύνηνο
2268 751 2360 803 καὶ
2401 750 2508 820 γὰρ
2553 750 2652 802 οὐκ
2684 750 2740 801 ἐν
2771 750 2885 810 τοῖς
2924 746 3282 818 ἀνθρωπίνοις
3312 745 3604 814 πράγμασι

353 842 567 896 dicendi
592 842 814 896 libertas
836 842 1095 897 antistitis
1115 843 1360 897 elucebat
1394 864 1406 897 :
1450 844 1593 913 quod
1627 859 1756 897 mea
1780 860 1905 897 num

2034 842 2217 910 μόνον,
2249 841 2382 896 ἀλλά
2418 840 2513 893 καὶ
2543 841 2599 892 ἐν
2634 842 2753 903 ταῖς
2787 838 3269 907 ἐκκλησιαστικαῖς
3307 836 3440 888 πολὺ
3476 834 3610 902 μᾶλ-

353 933 650 987 declarabit
681 933 878 987 oratio.

2031 933 2121 985 λον
2176 930 2616 1000 ἀμφισϐητήσεσι
2652 930 2743 981 καὶ
2788 929 3022 999 κρίσεσι,
3074 928 3135 979 τὸ
3184 927 3319 997 πρὸς
3350 926 3608 994 ἀλήθειαν

354 1024 452 1092 μὲν
489 1026 580 1077 καὶ
613 1024 954 1095 δικαιοσύνην
987 1026 1302 1096 ἐπιρῤεπὲς,
1337 1006 1700 1095 ὑπεροπτίκὸν
1731 1025 1786 1076 δὲ
1820 1021 1984 1075 αὒτοῦ
2012 1024 2105 1075 καὶ
2129 1022 2402 1090 ἀπότομον
2437 1021 2573 1091 πρός
2623 1037 2681 1071 τε
2731 1020 2788 1071 τὸ
2835 1018 3031 1087 ψεῦδος
3092 1018 3188 1070 καὶ
3235 1016 3450 1070 ἀδικίαν
3505 1015 3609 1067 πᾶ·

351 1134 451 1169 σαν
499 1118 857 1186 ἐγνωρίζετο·
904 1118 998 1171 καὶ
1051 1120 1109 1171 οὐ
1147 1120 1284 1189 πρὸς
1324 1122 1448 1183 τοὺς
1480 1118 1709 1182 πολλοὺς
1761 1121 1919 1188 μόνον
1966 1120 2059 1170 καὶ
2087 1116 2487 1186 χυδαιοτέρους.
2520 1114 2652 1183 πρὸς
2683 1113 2775 1177 οὓς
2806 1112 3121 1176 ἀδικοῦντας
3176 1113 3315 1181 τάχα
3367 1112 3461 1163 καὶ
3509 1110 3606 1164 ἀλ-

347 1208 437 1270 λος
490 1210 556 1261 ἃν
611 1211 1068 1281 παῤῥησιάσαιτο,
1120 1214 1220 1283 ήδη
1250 1213 1304 1265 δὲ
1349 1213 1612 1279 καὶπρὸς
1660 1214 1784 1274 τοὺς
1819 1212 1916 1275 τὰς
1940 1210 2161 1281 πρώτας
2219 1208 2718 1279 περιϐεϐλημένους
2770 1206 3110 1271 δυναστείας,
3159 1207 3254 1259 καὶ
3312 1207 3448 1278 πρὸς
3483 1207 3608 1269 τοὺς

348 1300 603 1373 βασιλέας
636 1304 836 1367 αὐτοὺς
863 1305 891 1356 ό
935 1305 1028 1357 τοῦ
1082 1307 1385 1375 ἀρχιερέως
1415 1307 1575 1375 ζῆλος
1614 1306 1707 1360 καὶ
1738 1306 1919 1369 ἔνθεος
1948 1304 2233 1375 παρρησία
2264 1304 2593 1356 διεδείκνυτο
2618 1319 2632 1334 °
2662 1300 2891 1373 δηλώσει
2922 1301 2978 1353 δέ
3008 1300 3102 1353 νῦν
3129 1303 3155 1353 ὁ
3181 1301 3356 1367 λόγος.

419 1397 648 1451 Bardam
716 1396 900 1461 illum,
958 1398 1034 1451 uti
1086 1399 1220 1463 scin,
1279 1400 1450 1453 nostis
1494 1414 1707 1462 omnes,
1741 1398 1921 1451 Theo-

346 1486 491 1540 dorze
553 1484 808 1554 Augusta:
861 1486 1017 1539 bonae
1077 1486 1340 1555 principis
1389 1503 1494 1541 non
1544 1488 1767 1552 bonum,
1829 1487 1923 1541 sed

348 1593 552 1633 saevum
618 1577 907 1631 admodum
972 1586 1026 1632 et
1086 1579 1357 1633 crudelem
1438 1578 1605 1634 fuisse
1678 1580 1921 1633 fratrem.

347 1669 672 1737 Quanquam
731 1669 875 1721 enim
928 1668 979 1720 in
1041 1685 1221 1723 rerum
1279 1670 1520 1724 civilium
1568 1670 1917 1724 administra-

348 1760 495 1815 tione
538 1760 788 1829 egregius
846 1761 1257 1831 industriosque
1311 1770 1475 1828 esset,
1510 1764 1588 1816 rei
1618 1773 1795 1817 tamen
1828 1763 1915 1815 di-

345 1849 486 1903 vina:
564 1857 723 1919 atque
790 1850 1173 1907 ecclesiasticze
1239 1868 1397 1907 nemo
1464 1854 1615 1907 ἰιιιιιη
1674 1867 1914 1922 unquam

345 1942 691 1996 commodum
749 1943 915 2010 dixit;
972 1954 1025 1997 ut
1080 1947 1171 2015 qui
1220 1961 1389 2000 nurus
1429 1962 1541 2000 sure
1602 1962 1790 1999 amore
1843 1947 1915 1999 ita

345 2032 570 2095 fureret,
606 2042 664 2088 ut
694 2035 811 2102 ejus
850 2035 925 2088 rei
964 2034 1105 2090 fama
1140 2045 1304 2089 totam
1345 2038 1530 2090 urbem
1564 2045 1916 2107 peragraret:

346 2137 445 2177 nec
477 2124 617 2177 inter
650 2124 856 2193 plebem
892 2133 1100 2178 tantum
1155 2126 1382 2180 haereret
1407 2166 1422 2191 ,
1456 2126 1548 2179 sed
1582 2126 1647 2179 ad
1678 2126 1915 2194 patriar-

343 2215 459 2269 Cha:
481 2230 700 2285 quoque
731 2231 892 2271 aures
930 2215 1052 2271 facti
1086 2217 1380 2286 indignitas
1410 2216 1733 2272 deferretur.
1778 2217 1917 2283 Quid

341 2321 471 2375 ergo
493 2307 845 2375 patriarcha?
874 2305 990 2359 Non
1016 2307 1254 2361 hominis
1280 2308 1597 2377 dignitatem
1629 2308 1913 2373 reveritus,

343 2395 557 2452 facinus
592 2398 811 2453 silentio
842 2400 1075 2468 pressit;
1110 2399 1201 2453 sed
1235 2408 1301 2451 ex
1344 2400 1458 2469 lege
1492 2400 1690 2467 arguit,
1730 2414 1915 2468 repre-

340 2488 660 2558 henditque,
696 2498 749 2543 et
788 2491 1037 2545 hortatus
1068 2499 1171 2553 est,
1217 2500 1275 2545 ut
1317 2507 1383 2544 ne
1430 2491 1605 2545 salute
1649 2491 1912 2560 neglecta,

339 2581 576 2634 animam
610 2596 762 2636 suam
792 2583 1062 2650 perditum
1096 2584 1218 2649 iret,
1250 2582 1342 2636 sed
1380 2583 1581 2638 fmdum
1616 2592 1667 2637 et
1692 2599 1914 2637 enorme

340 2672 522 2727 scelus
551 2672 811 2742 expiaret.
855 2673 948 2729 Ille
987 2683 1166 2730 tamen
1198 2693 1302 2728 uou
1342 2676 1503 2729 modo
1532 2692 1588 2729 se
1614 2678 1682 2730 ab
1712 2677 1913 2745 impro-

339 2764 509 2818 bitate
548 2780 645 2819 sua
695 2781 798 2819 non
850 2767 1133 2832 abstinuit,
1168 2770 1259 2821 sed
1311 2768 1429 2837 ipso
1465 2768 1782 2838 Epiphanize
1824 2767 1911 2821 die

336 2851 478 2913 festo
509 2854 563 2908 in
589 2855 757 2910 :edem
788 2872 1023 2922 sacram,
1059 2860 1401 2914 eucharistia:
1441 2862 1694 2931 mysteria
1726 2875 1911 2926 perce-

335 2956 552 3016 pturus,
608 2950 946 3021 impudenter
999 2962 1084 3007 est
1124 2969 1461 3024 progressus.
1509 2953 1648 3017 Quid
1700 2952 1787 3006 hic
1817 2967 1907 3020 pa-

338 3040 618 3095 triarcha?
646 3043 691 3094 A
720 3045 890 3097 sacris
937 3053 1108 3109 arcet,
1164 3044 1445 3115 indignum
1498 3059 1623 3097 cum
1656 3042 1907 3109 judicans

335 3133 581 3200 corporis
642 3132 906 3188 Dominici
973 3136 1405 3205 participatione.
1463 3133 1550 3188 Ille
1608 3150 1738 3188 vero
1786 3134 1906 3187 diro

236 3254 239 3261 λ
334 3223 574 3293 percitus
598 3233 767 3280 (nstro
802 3226 951 3292 furit,
984 3243 1254 3297 suumque
1296 3229 1349 3281 in
1380 3228 1603 3282 exitium
1637 3234 1899 3289 armatus,

333 3331 392 3371 se
424 3318 662 3387 gladium
692 3320 745 3373 in
801 3320 1062 3375 antistitis
1111 3322 1317 3375 viscera
1349 3320 1650 3374 deﬁxurum
1684 3319 1900 3371 minita-
1930 3347 1973 3405 ο

333 3414 441 3459 tur.
474 3405 576 3460 Sed
614 3405 855 3477 lgnatius
883 3418 1069 3463 contra
1118 3410 1514 3473 comminatur,
1549 3408 1715 3462 Deum
1746 3409 1902 3461 invo-

332 3511 485 3559 cans,
514 3499 605 3567 qui
639 3507 829 3568 potens
864 3511 1005 3555 esset
1032 3500 1267 3569 gladium
1298 3501 1349 3555 in
1384 3501 1533 3555 illum
1570 3510 1899 3556 convertere.

330 3587 467 3642 llinc
493 3588 855 3644 offensionum
910 3591 1084 3659 prima
1125 3592 1275 3661 origo
1308 3610 1320 3645 :
1365 3593 1448 3647 hic
1485 3592 1605 3648 fons
1647 3594 1905 3647 ecclesia-

334 3680 485 3735 sticae
510 3683 955 3750 perturbationis.
992 3683 1128 3737 Hinc
1161 3686 1309 3755 gravi
1335 3685 1536 3741 Bardas
1567 3686 1644 3739 ira
1674 3686 1905 3753 odioque

334 3781 620 3839 concepto,
657 3787 720 3826 ac
762 3773 925 3828 altius
960 3774 1011 3827 in
1052 3785 1237 3844 pectus
1278 3776 1538 3841 demisso,
1572 3792 1811 3842 omnem,
1848 3786 1906 3829 ut

334 3860 553 3928 dicitur,
606 3865 883 3919 rudentem
938 3877 1125 3921 contra
1181 3868 1447 3938 lgnatium
1502 3870 1784 3934 movebat,
1848 3879 1906 3923 ut

333 3967 456 4005 eum
487 3953 628 4022 apud
655 3955 1030 4025 imperatorem
1065 3959 1467 4015 criminaretur.
1500 3960 1765 4016 Patricius
1789 3968 1901 4015 tum

333 4052 447 4097 erat
474 4044 691 4103 Bardas.
718 4055 771 4101 et
792 4049 1098 4104 scholarum
1121 4049 1471 4117 domesticus,
1500 4052 1710 4121 sibique
1734 4062 1901 4107 totam

336 4130 548 4198 imperii
613 4133 1157 4203 administrationem,
1216 4147 1401 4207 utpote
1453 4142 1754 4195 avunculus
1797 4140 1900 4194 Mi.

333 4220 556 4286 chaelis,
592 4224 913 4281 vindicabat.
944 4227 1038 4283 llic
1096 4243 1385 4299 aggressus
1441 4232 1732 4300 aliquando
1770 4234 1902 4285 ado-

335 4312 658 4377 lescentem,
713 4317 1002 4387 verbisque
1062 4318 1340 4376 insidiosis
1394 4331 1675 4391 captans:
1725 4320 1897 4387 Quid,

331 4400 523 4469 inquit,
548 4401 786 4467 domine,
820 4404 1108 4473 imperium
1164 4406 1320 4459 matri
1368 4416 1420 4462 et
1465 4410 1744 4463 sororibus
1774 4426 1899 4480 per-

332 4491 543 4546 mittis?
569 4493 730 4563 Atqui
758 4510 862 4547 non
894 4511 951 4550 es
973 4497 1205 4565 amplius
1239 4498 1437 4564 infans,
1465 4501 1672 4569 aevique
1703 4504 1898 4556 imma-

328 4589 486 4634 turus
518 4599 531 4635 :
564 4582 691 4643 imo.
724 4584 920 4653 inquit,
955 4596 1006 4638 et
1031 4586 1141 4655 jam
1168 4603 1338 4643 uxore
1370 4592 1527 4645 ducta
1555 4592 1728 4645 virum
1760 4596 1895 4663 agis.

2108 1397 2210 1449 Τὸν
2243 1395 2449 1461 Βάρδαν
2490 1396 2695 1445 ἐκεῖνον
2729 1390 2823 1445 οἷδ’
2870 1393 2949 1445 ὅτι
2998 1392 3196 1454 πάντες
3226 1391 3475 1452 ἀκούετε,
3530 1392 3607 1454 ὡς

2028 1486 2195 1557 [ἄλλ.
2227 1484 2305 1555 ὃς]
2330 1484 2610 1554 Θεοδώρας
2645 1483 2743 1553 μὲν
2771 1483 2868 1552 τῆς
2901 1482 3113 1550 ἀγαθῆς
3147 1481 3414 1551 βασιλίδος
3452 1482 3609 1535 ἀδελ-

2028 1579 2126 1647 φὸς
2162 1574 2250 1647 ἦν,
2286 1577 2384 1630 οὐκ
2417 1576 2622 1643 ἀγαθὸς
2661 1574 2738 1637 δέ,
2776 1574 2911 1627 ἀλλὰ
2963 1574 3057 1625 καὶ
3096 1573 3215 1626 λίαν
3263 1572 3458 1643 πικρὸς
3509 1572 3606 1626 καί⁵

2025 1666 2424 1737 ἀπάνθρωπος·
2459 1665 2517 1718 ὃν
2554 1664 2839 1717 σπουδαῖον
2867 1664 2964 1733 μὲν
2996 1659 3133 1717 εἶναι
3159 1665 3252 1717 καὶ
3280 1664 3625 1734 δραστήριον-

2027 1759 2153 1829 περὶ
2188 1758 2289 1825 τὴν
2335 1756 2444 1809 τῶν
2476 1755 2769 1809 πολιτικῶν
2815 1755 3158 1826 πραγμάτων
3204 1755 3600 1826 μεταχείρισιν,

2022 1853 2195 1915 οὐδεὶς
2231 1853 2287 1906 δέ
2318 1852 2446 1923 περὶ
2490 1852 2588 1923 τὴν
2626 1851 2953 1919 Ἐκκλησίαν
2978 1850 3213 1922 χρηστὸν
3248 1851 3416 1921 ἔφησε
3444 1851 3601 1920 γενέ-

2024 1944 2179 1998 σθαι·
2213 1946 2401 1997 τοῦτον
2426 1947 2490 2014 τῇ
2526 1944 2631 2015 ίδίᾳ
2655 1943 2818 2011 φασιν
2845 1942 3017 2005 οὕτως
3034 1945 3367 2013 ἐπιμανῆναι
3390 1944 3601 2015 νύμφῃ,

2020 2036 2095 2099 ὡς
2121 2037 2224 2089 ἀνὰ
2258 2038 2439 2091 πᾶσαν
2469 2037 2627 2090 τοῦτο
2656 2036 2753 2106 τὴν
2782 2035 2938 2088 πόλιν
2966 2035 3470 2106 περιϐομόηθῆναι·
3508 2038 3601 2089 καὶ

2019 2130 2120 2183 οὐκ
2148 2129 2276 2200 ἄχρι
2301 2130 2409 2182 τῶν
2445 2129 2656 2182 πολλῶν
2681 2130 2860 2201 μόνον,
2907 2128 3041 2181 ἀλλὰ
3072 2130 3167 2181 καὶ
3214 2129 3406 2199 μέχρις
3433 2128 3597 2181 αὐτοῦ

2018 2220 2111 2274 τοῦ
2167 2220 2469 2290 ἀρχιερέως
2503 2222 2600 2289 τὴν
2648 2222 2892 2291 πονηρὰν
2935 2222 3123 2291 φήμην
3171 2220 3364 2273 ἐλθεῖν.
3409 2219 3472 2273 Τί
3508 2218 3602 2273 οὖν

2018 2312 2257 2377 ἐκεῖνος;
2300 2312 2374 2363 Οὐ
2432 2312 2491 2365 τὸ
2548 2312 2775 2382 μέγεθος
2822 2311 3102 2382 ηὐλαϐήθη
3144 2312 3237 2365 τοῦ
3280 2312 3598 2382 προσώπου,

2018 2403 2135 2454 οὐδὲ
2168 2403 2488 2455 συνεσκίασε
2520 2404 2581 2455 τὸ
2613 2402 2960 2471 ἀμπλάκημα
2998 2405 3063 2472 τῇ
3100 2404 3302 2471 σιωπῇ,
3336 2402 3471 2454 ἀλλά
3502 2402 3597 2453 καὶ

2015 2494 2207 2563 ἤλεγξε
2240 2493 2380 2546 κατά
2410 2492 2507 2563 τὴν
2539 2493 2779 2563 ἐντολὴν,
2805 2494 2939 2546 ἀλλά
2963 2494 3056 2546 καὶ
3078 2493 3431 2562 ἐπετίμησεν,
3461 2493 3597 2545 ἀλλά

2014 2588 2108 2638 καὶ
2134 2586 2474 2652 παρεκάλεσε
2495 2585 2783 2654 φείσασθαί
2806 2602 2864 2638 τε
2895 2587 2991 2656 τῆς
3026 2587 3160 2649 ἰδίας
3180 2585 3378 2655 ψυχῆς,
3413 2586 3507 2637 καὶ
3536 2584 3599 2637 τὸ

2020 2680 2248 2747 φρικτὸν
2280 2680 2429 2731 τουτὶ
2467 2678 2639 2748 μῦσος
2667 2678 3089 2750 ἀποῤῥύψασθαι
3116 2696 3129 2710 ο
3162 2681 3189 2731 ό
3231 2678 3287 2731 δὲ
3332 2680 3393 2731 οὺ
3438 2679 3597 2747 μόνον

2012 2768 2111 2818 οὐκ
2147 2767 2421 2835 ἀπέσχετο
2471 2766 2563 2820 τοῦ
2594 2767 2788 2832 κακοῦ,
2841 2768 2975 2821 ἀλλά
3006 2770 3099 2821 καὶ
3132 2768 3226 2820 ἐπὶ
3270 2768 3371 2837 τῆς
3400 2766 3594 2837 ἐκκλη-

2015 2861 2133 2922 σίας
2166 2860 2349 2929 (ἑορτὴ
2378 2860 2452 2911 »δὲ
2484 2861 2591 2912 τῶν
2621 2861 2794 2927 ἁγίων
2842 2861 3152 2930 Θεοφανίων
3181 2856 3269 2931 ἦν)
3306 2862 3394 2913 καὶ
3434 2861 3595 2923 αὐτὸς

2017 2950 2250 3014 ἀναιδῶς
2282 2952 2573 3021 προσῆλθε,
2607 2952 2715 3003 τῶν
2752 2952 2919 3005 θείων
2968 2952 3207 3022 μεθέξων
3253 2953 3589 3021 μυστηρίων.

2010 3044 2075 3096 Τί
2103 3043 2218 3095 δὲό
2269 3043 2595 3113 ἀρχιερεύςς
2665 3044 3061 3097 ’Λποδάλλεται
3126 3047 3225 3114 τῆς
3283 3045 3591 3107 κοινωνίας,

2009 3136 2227 3200 ἀνάξιον
2247 3133 2435 3186 τοῦτον
2466 3134 2565 3203 τῆς
2589 3133 2683 3186 τοῦ
2722 3134 3052 3187 Δεσποτικοῦ
3083 3133 3335 3204 σώματος
3392 3135 3591 3205 κρίνων

2013 3225 2384 3295 μεταλήψεως.
2436 3224 2494 3277 '0
2525 3226 2580 3277 δὲ
2616 3224 2865 3295 μαίνεται
2904 3224 3069 3296 μανίᾳ
3103 3227 3296 3296 πικρᾷ,
3331 3226 3425 3277 καὶ
3449 3225 3590 3278 κατὰ

2008 3319 2107 3385 τῆς
2140 3319 2274 3381 ἰδίας
2306 3318 2585 3382 ὁπλίζεται
2616 3318 2793 3387 ψυχῆς
2813 3335 2826 3347 ⁸
2864 3317 3081 3371 ἀπειλεῖ
3122 3319 3183 3371 τὸ
3215 3321 3412 3371 οἰκεῖον
3439 3319 3589 3387 ξίφος

2012 3412 2125 3471 τοῖς
2157 3410 2485 3479 σπλάγχνοις
2510 3409 2605 3462 τοῦ
2644 3410 2897 3480 ίεράρχου
2928 3411 3267 3479 καταχῶσαι·
3323 3413 3350 3463 ό
3381 3411 3436 3462 δὲ
3469 3412 3592 3462 ἀντ-

2014 3500 2247 3565 απειλεῖ,
2275 3501 2366 3554 τὸν
2391 3500 2686 3570 δυνάμενον
2710 3500 3104 3571 ἐκκαλούμενος
3124 3501 3470 3570 ἐπιστρέψειν
3494 3502 3591 3571 τὴν

2015 3593 2288 3662 ῥομφαίαν
2316 3593 2479 3645 αὑτοῦ
2507 3593 2593 3646 ἐπ’
2624 3595 2803 3646 αὐτόν.
2830 3592 2977 3664 Αὕτη
3026 3594 3233 3662 γίνεται
3280 3594 3590 3647 σκανδάλων

2014 3684 2156 3753 ἀρχή
2186 3698 2198 3711 ⁸
2237 3682 2375 3754 αὕτη
2405 3684 2595 3753 πρώτη
2635 3684 2732 3751 τῆς
2770 3684 3226 3754 ὲκκλησιαστικῆς
3276 3685 3586 3737 ἀκαταστα-

2015 3774 2137 3838 σίας
2189 3776 2435 3845 ἀφορμή.
2507 3774 2787 3827 Ἐντεῦθεν
2843 3775 3013 3846 βαρὺν
3070 3775 3245 3846 ἐαυτῷ
3292 3776 3445 3845 χόλον
3494 3777 3589 3828 καὶ

2015 3865 2177 3933 μῆνιν
2200 3868 2225 3917 ὁ
2246 3866 2456 3935 Βαρδας
2486 3866 2687 3927 ἐκεῖνος
2713 3865 3109 3927 ἐναποθέμενος
3135 3865 3276 3918 κατὰ
3298 3866 3389 3917 τοῦ
3416 3866 3583 3931 Ἰγνα·

2010 3957 2147 4019 τίου,
2187 3958 2361 4010 πάντα
2397 3958 2574 4011 κάλων
2605 3957 2792 4021 ἐκίνει,
2829 3957 2889 4009 τὸ
2926 3957 2989 4028 δὴ
3017 3957 3329 4026 λεγόμενον,
3369 3957 3448 4027 τῷ
3481 3956 3581 4023 βα-

2012 4048 2149 4099 σιλεῖ
2171 4048 2359 4101 τοῦτον
2415 4048 2713 4102 διαὸαλεῖν.
2771 4051 3067 4120 Πατρίκιος
3092 4050 3148 4103 δὲ
3191 4052 3313 4104 τότε
3356 4050 3583 4103 καὶτῶν

2012 4140 2219 4209 σχολῶν
2263 4142 2578 4211 δομέστικος
2630 4141 2725 4207 ῶν,
2774 4142 2903 4212 ὅλην
2937 4143 3029 4195 τοῦ
3078 4143 3318 4212 Μιχαὴλ,
3370 4143 3465 4195 ἆτε
3517 4142 3581 4211 δὴ

2011 4233 2171 4294 θεῖος,
2206 4234 2285 4294 είς
2320 4233 2514 4285 ἐαυτὸν
2559 4234 2658 4303 τὴν
2701 4235 2872 4305 ἀρχὴν
2922 4236 3251 4287 ὑπεποιεῖτο.
3303 4236 3411 4286 Καί
3454 4251 3581 4286 ποτε

2010 4323 2425 4392 προσεληλυθώς
2445 4324 2522 4393 τῷ
2552 4328 2820 4396 μειρακίῳ
2845 4327 2938 4378 καὶ
2962 4326 3139 4394 λόγοις
3168 4326 3584 4394 καταγοητεύων

2008 4414 2328 4485 ἀπατηλοῖς,
2369 4415 2482 4466 Ἵνα
2512 4415 2583 4477 τί,
2630 4416 2836 4483 ἔλεγεν,
2869 4411 2913 4469 ὦ
2948 4417 3200 4480 δέσποτα,
3236 4422 3585 4487 παραχωρεῖς

2007 4504 2105 4574 τὴν
2131 4504 2406 4573 βασιλείαν
2435 4509 2499 4576 τῇ
2535 4510 2705 4577 μητρὶ
2754 4508 2847 4560 καὶ
2877 4512 2996 4570 ταῖς
3041 4508 3329 4576 ἀδελφαῖς;
3369 4508 3443 4578 μὴ
3474 4508 3583 4576 γὰρ

2007 4596 2084 4648 ἔτι
2114 4596 2307 4664 νήπιος
2357 4592 2441 4661 εἷ;
2481 4598 2554 4665 μὴ
2594 4596 2692 4665 τὴν
2726 4598 2941 4667 ἠλικίαν
2989 4597 3222 4667 ἀτελής;
3269 4597 3408 4649 Ἀλλ’
3446 4598 3579 4660 ίδοῦ,

325 4670 500 4725 Debes
530 4687 659 4743 ergo
709 4676 759 4728 in
822 4686 1101 4745 posterum
1156 4680 1363 4735 virilem
1418 4683 1656 4737 animum
1690 4700 1896 4754 gerere.

2011 4686 2191 4755 φησὶν,
2219 4686 2481 4755 ἐζεύχθης
2506 4686 2600 4738 καὶ
2632 4689 2871 4755 γυναικὶ,
2901 4690 2994 4741 καλ⁵
3023 4689 3121 4760 ἤδη
3159 4692 3237 4752 είς
3265 4688 3464 4759 ἄνδρας
3495 4706 3580 4740 τε·

327 4761 513 4832 ltaque
565 4778 596 4817 a
647 4766 952 4831 patriarcha
1007 4771 1272 4824 accersito
1333 4781 1560 4827 matrem
1604 4785 1656 4829 et
1681 4791 1899 4832 sorores

326 4852 537 4905 tonderi
583 4853 855 4923 velarique
914 4857 1066 4925 juhe.
1125 4857 1196 4913 Ut
1256 4861 1400 4914 enim
1456 4864 1711 4933 deinceps
1746 4868 1895 4921 solus

322 4952 446 4990 cum
493 4941 841 5006 procreandis
894 4958 922 4996 a
969 4953 1019 4998 te
1063 4945 1246 5001 liberis
1287 4947 1554 5017 imperes,
1591 4961 1643 5005 et
1675 4951 1895 5006 Numini

322 5030 531 5084 ccelesti
598 5033 813 5101 placet,
872 5044 926 5090 et
992 5038 1149 5092 nobis
1214 5040 1586 5109 :cquissimum
1663 5045 1894 5099 videtur.

320 5122 566 5177 Accersit
593 5138 720 5194 ergo
760 5126 905 5180 illico
956 5133 1326 5186 venerandum
1385 5136 1768 5203 patriarcham.
1806 5137 1899 5191 Est

322 5211 469 5264 enim
504 5213 817 5267 inconstans
841 5222 896 5268 et
923 5216 1198 5270 mutabilis
1221 5219 1606 5284 adolescentia,
1633 5224 1897 5293 facileque

318 5317 457 5357 vana
498 5318 593 5373 spe
645 5304 884 5359 cﬂ‘ertur.
933 5306 1087 5373 Quod
1123 5308 1167 5365 si
1198 5306 1457 5379 potentiai
1495 5329 1712 5383 quoque
1742 5315 1897 5370 fasti-

320 5395 467 5463 gium
501 5399 740 5463 accedat,
781 5399 954 5469 major
980 5403 1140 5456 etiam
1170 5412 1252 5457 est
1288 5405 1432 5459 illius
1464 5408 1678 5469 levitas,
1715 5408 1891 5477 majo-

325 5498 548 5553 remque
579 5488 632 5539 in
658 5489 951 5543 amentiam
985 5500 1040 5545 et
1074 5508 1262 5547 casum
1311 5510 1681 5565 saepenumero
1710 5500 1892 5567 prola-

316 5574 482 5628 bitur.
502 5574 657 5632 Tunc
675 5578 835 5648 igitur
850 5581 1078 5638 Michael
1091 5587 1547 5655 corruptelarum,
1567 5604 1892 5660 morumque

316 5665 753 5735 depravatorum,
796 5681 850 5726 et
882 5689 1010 5728 vero
1071 5676 1245 5746 magis
1300 5678 1632 5747 impietatqu
1668 5698 1887 5737 suarum

317 5756 584 5825 principio
617 5762 829 5828 posito:
857 5763 1106 5833 Matrem,
1132 5768 1327 5837 inquit,
1351 5786 1525 5825 incam
1558 5789 1887 5845 sororesque

316 5864 345 5903 e
368 5848 593 5918 vestigio
615 5862 855 5923 arreptas
880 5857 1121 5925 attende,
1154 5868 1209 5914 et
1228 5860 1479 5931 religiosa
1512 5864 1715 5922 velatas
1740 5877 1888 5923 veste

2006 4775 2117 4837 λεῖς
2139 4793 2153 4806 ο
2184 4776 2416 4845 ὀφείλεις
2444 4778 2537 4830 καὶ
2569 4780 2820 4847 φρόνημα
2851 4779 3037 4832 λοιπὸν
3062 4779 3348 4832 ἀναλαϐεῖν
3366 4779 3577 4848 ἀνδρός·

2008 4868 2107 4937 τὴν
2147 4867 2359 4935 μητέρα
2409 4868 2465 4920 δὲ
2502 4869 2725 4933 καὶτὰς
2774 4870 3030 4939 ἀδελφὰς,
3086 4872 3176 4924 τὸν
3234 4872 3579 4941 πατριάρχην

2005 4959 2536 5029 μετακαλεσάμενος,
2552 4964 2841 5032 ἀποκεῖραι
2862 4963 3179 5034 πρόσταξον.
3194 4964 3260 5015 Σὲ
3289 4964 3397 5033 γὰρ
3422 4964 3576 5033 βασι-

2002 5052 2179 5105 λεύειν
2215 5052 2375 5122 μόνον
2410 5052 2615 5117 λοιπὸν,
2642 5055 2733 5105 καὶ
2760 5055 2887 5115 τοὺς
2908 5055 2971 5106 ἐκ
3001 5054 3094 5107 σοῦ
3119 5055 3573 5124 τεχθησομένους,

2000 5142 2093 5194 καὶ
2126 5142 2244 5212 Θεῴ
2275 5142 2370 5195 καὶ
2396 5144 2561 5195 πᾶσιν
2586 5146 2716 5213 ἡμῖν
2740 5144 2987 5213 ἀρεστόν.
3004 5146 3209 5196 Αὐτίκα
3235 5145 3414 5197 τοίνυν
3436 5147 3576 5197 ἐκεῖ-

2000 5250 2089 5296 νος
2144 5235 2237 5286 τὸν
2269 5234 2451 5303 τίμιον
2492 5236 2749 5306 ίεράρχην
2782 5237 3228 5305 μεταπέμπεται·
3262 5236 3573 5306 εὑρίπιστον
3612 5238 3621 5245 ’

1997 5324 2161 5393 γάρὴ
2194 5324 2398 5394 νεότης,
2435 5324 2531 5377 καὶ
2580 5326 2777 5395 ῥᾳδίως
2804 5328 2925 5387 ταῖς
2956 5328 3139 5387 κεναῖς
3180 5324 3289 5376 τῶν
3339 5323 3569 5375 ἐλπίδων

2002 5416 2482 5484 μετεωριζόμενον.
2510 5417 2570 5469 El
2597 5416 2650 5468 δὲ
2679 5418 2769 5469 καὶ
2792 5416 3036 5479 ἐξουσίας
3054 5415 3292 5485 ὑπεροχὴ
3320 5413 3571 5483 προσείη,

2001 5506 2203 5574 μείζων
2244 5508 2342 5574 μὲν
2400 5511 2432 5578 ή
2470 5508 2760 5577 κουφότης,
2816 5511 2894 5570 εἰς
2928 5509 3098 5577 μείζω
3141 5509 3196 5561 δὲ
3247 5508 3434 5561 ἄνοιαν
3475 5507 3569 5559 καὶ

2000 5597 2206 5650 πτῶσιν
2242 5598 2315 5660 ῶς
2374 5600 2443 5651 τὰ
2480 5600 2649 5652 πολλά
2680 5603 2975 5669 προχωρεῖ.
3011 5600 3143 5651 Τότε
3191 5598 3366 5651 τοίνυν
3395 5596 3569 5667 ἀρχὴν

1994 5691 2113 5750 ταῖς
2148 5692 2267 5742 κατ’
2297 5691 2457 5743 αὐτὸν
2487 5690 2735 5755 ἀταξίαις
2783 5692 2876 5745 καὶ⁹
2910 5692 3320 5757 ἀπαιδευσίαις,
3370 5690 3567 5760 μᾶλλον

1994 5776 2049 5829 δὲ
2077 5778 2371 5846 ἀσεϐείαις,
2424 5783 2452 5833 ὁ
2496 5782 2713 5850 Μιχαὴλ
2763 5780 3254 5855 καταϐαλλόμενος,
3287 5781 3433 5851 Ταχὺ
3467 5780 3565 5849 τὴν

1996 5866 2134 5937 ἐμὴν
2166 5871 2379 5940 μητέρα
2430 5870 2522 5922 καὶ
2572 5872 2668 5934 τὰς
2725 5870 2988 5938 ἀδελφὰς,
3043 5872 3179 5938 πρὸς
3226 5870 3316 5923 τὸν
3360 5869 3565 5921 δίκαιον
