4092 6604
414 479 518 543 505

1455 490 1631 553 VITA
1667 495 1724 555 S.
1769 496 2066 557 IGNATII
2104 499 2214 562 CP.
2252 502 2597 567 ARCHIEP.

3547 504 3652 569 506

413 594 538 664 ἔφη.
570 591 769 658 λαϐὼν,
805 592 1115 667 άπόκειραι,
1160 595 1234 668 τῷ
1266 602 1545 671 μοναχικῴ
1583 604 1821 674 σχήματι
1852 606 1968 657 ταύ-

2089 608 2211 663 vitze
2237 610 2504 681 religiosae
2535 611 2791 667 addicito.
2837 610 2905 666 At
2954 611 3120 667 libere
3146 612 3484 681 patriarcha;
3518 614 3650 681 Hoc,

409 704 505 749 ταις
535 687 914 742 καταδίκασον.
943 688 1000 740 '0
1025 688 1081 740 δὲ
1112 692 1654 762 παρρησιασάμενος,
1698 695 1977 749 Ἀδύνατόν

412 796 501 849 μοι
534 779 690 832 τοῦτο
714 784 903 843 ποιεῖν,
933 776 1085 834 εἶπεν
1128 783 1415 837 ὑπολαϐών
1439 800 1451 814 ³
1485 786 1586 854 τῆς
1608 787 1716 857 γὰρ
1750 789 1979 858 Ἐκκλη-

408 874 530 937 σίας
561 876 686 935 τούς
713 874 903 937 οἴακας
929 875 1027 945 τὴν
1056 876 1229 948 ἀρχὴν
1269 879 1734 948 ἐγχειριζόμενος,
1776 882 1977 950 ἐγγρα-

409 982 506 1034 φον
534 967 693 1036 ὅρκον
722 966 943 1035 ἐθέμην,
1004 968 1271 1037 μηδεμίαν
1332 970 1432 1040 τῆς
1489 970 1771 1039 βασιλείας
1822 972 1977 1039 ὑμῶν

405 1056 721 1128 ἐπιϐουλὴν,
762 1057 795 1128 ἢ
832 1050 1043 1112 οίανοῦν
1067 1060 1330 1130 ἐπήρειάν
1376 1080 1506 1115 ποτε
1546 1064 1974 1133 διαλογίσασθαι.

407 1148 516 1202 Καὶ
553 1150 648 1202 νῦν
699 1149 753 1202 τί
783 1150 843 1202 τὸ
896 1150 1138 1220 ἀδίκημα
1182 1153 1288 1205 τῶν
1323 1154 1643 1223 βασιλίδων;
1679 1156 1773 1210 καὶ
1823 1158 1906 1221 τίς
1940 1160 1971 1226 ἡ

405 1242 527 1295 κατ’
554 1243 731 1295 αὐτῶν
760 1243 1023 1308 αἰτία,ὄτι
1052 1245 1112 1298 τὸ
1139 1246 1404 1316 ὑμέτερον
1432 1249 1631 1318 κράτος
1661 1250 1832 1304 ταῦτα
1855 1253 1974 1304 κατ’

405 1332 583 1385 αὐτῶν
640 1333 919 1402 διενοήθης
979 1333 1166 1398 Οὕτως
1218 1338 1463 1401 εἰπόντος
1520 1339 1613 1392 τοῦ
1649 1342 1973 1411 ἀρχιερέως,

403 1423 782 1487 καθοσιώσεως
812 1425 998 1479 τοῦτον
1043 1428 1256 1497 Βάρδας
1290 1430 1565 1501 ἐγράψατο
1595 1434 1831 1503 γραφὴν,
1874 1436 1977 1506 Γη-

405 1512 778 1567 6οὸασίλευτον
804 1515 981 1571 ἔναντι
1020 1517 1117 1571 τοῦ
1158 1518 1422 1589 βασιλέως
1459 1520 1971 1594 διαλοιδορούμενος.

402 1603 510 1661 Ἦν
539 1608 595 1661 δέ
624 1609 651 1661 ό
691 1610 878 1678 Γήϐων
912 1605 1065 1673 οὗτος
1096 1612 1393 1683 ἐπίληπτος
1417 1613 1724 1683 ἄνθρωπος,
1761 1616 1854 1669 καὶ
1880 1617 1976 1681 τὰς

402 1700 603 1769 φρένας
624 1702 683 1754 οὐ
713 1702 852 1755 πάνυ
888 1702 1247 1774 καθεστηκώς
1265 1723 1278 1736 ’
1305 1705 1362 1768 ὃς
1392 1706 1498 1776 πρὸ
1526 1706 1722 1775 ὀλίγων
1751 1709 1975 1762 ἐκείνων

401 1792 624 1861 ἡμερῶν
655 1793 762 1845 ἀπὸ
789 1793 880 1846 τοῦ
913 1796 1217 1866 Δυρραχίου
1249 1780 1605 1865 παρεγένετο,
1662 1802 1847 1870 σχῆμα
1878 1803 1976 1871 μὲν

400 1882 779 1950 περικείμενος
817 1883 1102 1951 κληρικοῦ,
1138 1887 1301 1939 παῖδα
1333 1887 1389 1939 δὲ
1416 1888 1605 1941 ἑαυτὸν
1631 1893 1728 1958 τῆς
1763 1890 1991 1960 βασιλίέ

399 1972 488 2035 δος
519 1973 797 2042 Θεοδώρας
820 1976 878 2039 ἐξ
912 1977 1101 2046 ἀνδρὸς
1131 1978 1318 2048 ἐτέρου
1369 1980 1551 2051 ληρῶν
1574 1996 1591 2011 ⁶
1622 1975 1664 2050 ᾧ
1690 1985 1736 2036 οἱ
1787 1984 1972 2038 πολλοὶ

399 2064 492 2116 τοῦ
522 2065 691 2135 δήμου
722 2066 798 2129 ὡς
829 2066 1137 2137 βασιλεύειν
1197 2070 1442 2140 μέλλοντι
1483 2075 1781 2144 προσέσχον
1802 2094 1814 2107 ο
1850 2080 1970 2129 τότε

397 2155 455 2207 δὲ
482 2157 538 2207 ἐν
569 2156 745 2227 Ὀξείᾳ
771 2162 837 2228 τῇ
860 2161 1007 2230 νήσῳ
1032 2161 1135 2214 ὑπὸ
1172 2162 1407 2228 ἀσφαλεῖ
1433 2166 1706 2235 συνείχετο
1735 2171 1967 2239 φρουρᾷ.
1990 2166 1992 2168 ⁷

409 2243 468 2298 ὐ
504 2246 601 2315 μὲν
654 2247 746 2300 οὑν
779 2252 1123 2321 πατριάρχης
1176 2254 1233 2306 ἐν
1284 2254 1508 2324 ὑπονοίᾳ
1553 2255 1641 2308 διὰ
1683 2257 1858 2311 ταῦτα
1894 2258 1971 2329 τῷ

395 2337 613 2407 Μιχαὴλ
637 2340 930 2405 καταστὰς,
969 2342 1127 2404 εὐθὺς
1164 2342 1447 2396 ὑπενόστει
1488 2345 1622 2414 πρὸς
1651 2346 1748 2418 τὴν
1770 2348 1970 2419 ἐκκλη-

399 2430 538 2483 σίαν.
587 2431 642 2483 '0
673 2430 729 2483 δὲ
756 2432 1097 2503 παραχρῆμα
1125 2435 1222 2504 τὴν
1249 2436 1459 2504 μητέρα
1487 2438 1579 2500 καὶ
1610 2439 1707 2502 τὰς
1735 2441 1969 2508 ἀδελφὰς

395 2522 742 2590 καταγαγὼν,
777 2525 834 2577 ἐν
869 2528 978 2588 τοῖς
1011 2528 1287 2596 Καριανοῦ
1327 2529 1638 2600 λεγομένοις
1668 2534 1969 2603 ἀπενεχθῆ-

395 2630 482 2664 ναι
516 2614 723 2667 κελεύει
753 2616 845 2669 καὶ
880 2618 1136 2687 καρῆναι.
1172 2621 1327 2674 Μετὰ
1379 2624 1573 2692 μικρὸν
1607 2624 1661 2676 δὲ
1688 2626 1776 2677 καὶ
1807 2626 1968 2679 αὐτὸν

394 2705 685 2760 ἀπελαύνει
716 2708 808 2761 τοῦ
838 2711 1223 2781 πατριαρχείου
1276 2712 1364 2765 τὸν
1400 2715 1677 2783 Ἰγνάτιον,
1709 2717 1803 2769 καὶ
1835 2719 1969 2787 πρὸς

392 2796 492 2867 τὴν
552 2797 714 2867 νῆσον
749 2800 1066 2869 Τερέϐινθον
1116 2803 1278 2856 αὐτδν
1330 2805 1677 2876 ὐπερορίζει·
1715 2812 1837 2863 κατ’
1871 2813 1967 2864 αὐ-

395 2888 493 2957 τὴν
547 2889 603 2942 δὲ
657 2890 754 2962 τὴν
782 2892 993 2961 ἡμέραν
1047 2895 1141 2946 καὶ
1192 2895 1404 2966 Γήόονα
1453 2899 1658 2953 ἐκεῖνον
1721 2901 1827 2954 ἀπὸ
1869 2904 1969 2972 τῆς

407 2980 613 3045 Ὀξείας
640 2984 718 3045 εἷς
750 2985 1049 3054 Πρίγκιπον
1084 2989 1446 3056 μετενεγκὼν,
1486 2991 1554 3043 τά
1586 3010 1645 3045 τε
1681 2994 1844 3063 σκέλη
1874 2997 1968 3049 καὶ

392 3072 520 3135 τοὺς
571 3073 855 3144 βραχίονας
887 3078 1130 3147 ἐξέκοψε,
1163 3082 1254 3132 καὶ
1283 3083 1406 3145 τούς
1436 3082 1749 3153 ὀφθαλμοὺς
1781 3087 1970 3157 ἐξορύ-

396 3161 512 3225 ξας,
543 3164 860 3218 ἀπέκτεινεν
898 3168 1080 3230 αὐτὸν,
1115 3172 1357 3239 οἰόμενος
1380 3172 1552 3245 ταύτῃ
1581 3176 1671 3227 τὸν
1697 3180 1966 3249 πατριάρ-

2080 698 2277 767 inquit,
2311 715 2339 753 a
2372 716 2455 754 me
2484 701 2595 755 tieri
2625 701 2775 757 nefas
2803 718 2815 754 :
2848 716 2971 755 nam
3004 701 3256 756 Ecclesia:
3287 702 3653 772 gubernacula

2079 791 2371 861 sedemque
2400 808 2608 847 sacram
2643 809 2764 848 cum
2825 795 3190 862 susciperem,
3250 795 3407 849 ﬁdem
3440 795 3652 864 jureju-

2079 885 2250 938 rando
2284 902 2457 939 meam
2494 903 2587 956 per
2634 889 2892 957 scriptum
2949 889 3202 952 astrinxi,
3260 906 3535 957 nunquam
3570 906 3654 944 me

2078 976 2308 1051 imperio
2330 986 2512 1034 vestro
2562 981 2786 1035 insidias
2844 982 3187 1050 positurum,
3236 983 3317 1035 vel
3363 984 3651 1036 consilium

2079 1068 2413 1135 ojusc‘emodi
2444 1070 2796 1139 agitatorum.
2845 1073 2908 1125 Et
2956 1087 3083 1125 vero
3126 1088 3290 1135 nunc,
3325 1074 3467 1140 quod
3511 1073 3655 1139 regi-

2078 1173 2270 1211 narum
2307 1169 2389 1213 est
2431 1160 2663 1227 facinus,
2696 1178 2882 1231 qttteve
2919 1163 2970 1215 in
3001 1163 3106 1217 illis
3152 1178 3336 1227 causa,
3381 1172 3437 1216 ut
3484 1164 3650 1231 maje-

2077 1259 2191 1304 stas
2243 1260 2419 1305 vestra
2464 1253 2724 1307 adversus
2765 1269 2856 1309 eas
2908 1254 3029 1307 talia
3088 1254 3472 1307 machinatur?
3530 1253 3655 1307 llmc

2076 1354 2466 1397 memorantem
2506 1346 2869 1413 patriarcham
2911 1345 3113 1399 Bardas
3164 1361 3315 1398 reum
3354 1346 3653 1414 majestatis

2075 1433 2391 1500 postulavit,
2422 1443 2475 1487 et
2517 1449 2697 1487 coram
2729 1434 3054 1502 imperatore
3078 1434 3549 1489 Gebobasileutum
3570 1433 3650 1505 [5]

2077 1523 2208 1591 (seu
2238 1523 2477 1579 Gebonis
2516 1524 3089 1594 pseudo-imperatorii
3121 1526 3334 1594 generis
3393 1526 3648 1591 similem)

2078 1630 2172 1685 per
2235 1616 2541 1669 convicium
2598 1617 2829 1670 vocavit.
2891 1616 3016 1670 Erat
3067 1616 3213 1671 Gcbo
3275 1617 3363 1670 hic
3423 1617 3651 1670 stolidus

2076 1708 2324 1776 maleque
2346 1722 2514 1761 sanus
2562 1707 2748 1771 homo,
2795 1707 2886 1776 qui
2918 1707 3182 1776 proximis
3213 1707 3404 1761 diebus
3454 1707 3652 1776 Dyrra-

2076 1798 2200 1851 chio
2237 1805 2481 1857 venerat,
2529 1808 2677 1850 veste
2720 1797 2937 1867 quidem
2991 1798 3357 1852 ecclesiastica
3404 1798 3649 1859 indutus,

2076 1901 2134 1941 se
2162 1902 2289 1940 vero
2330 1900 2429 1954 pro
2480 1885 2591 1940 ﬁlio
2641 1885 2939 1940 Theodora:
2998 1886 3254 1955 Augusta:
3279 1902 3341 1939 ex
3375 1886 3481 1939 alio
3538 1888 3654 1939 viro

2074 1978 2292 2048 gerebat
2326 1994 2339 2041 ;
2384 1977 2469 2031 cui
2510 1993 2616 2031 non
2665 1979 2823 2047 pauci
2856 1995 2921 2032 ex
2979 1978 3133 2044 plebe
3164 1979 3307 2031 velut
3362 1988 3654 2045 regnatura

2072 2068 2415 2122 adhmrehant
2449 2083 2460 2121 :
2493 2077 2619 2122 tunc
2658 2084 2785 2122 vero
2816 2069 2868 2121 in
2903 2068 3076 2122 insula
3111 2067 3268 2131 Oxia,
3299 2084 3395 2122 seu
3451 2070 3646 2126 Acuta.

2075 2164 2229 2215 lirma
2279 2161 2521 2215 custodia
2576 2161 2878 2215 tenebatur.
2947 2161 3261 2215 Patriarcha
3328 2175 3456 2231 ergo
3523 2175 3652 2230 pro-

2072 2266 2253 2324 pterea
2292 2253 2540 2307 Michaeli
2577 2254 2883 2321 suspectus,
2922 2253 3105 2306 statim
3149 2252 3217 2305 ad
3269 2252 3551 2306 ecclesiam
3594 2266 3653 2304 se

2071 2347 2291 2415 recepit.
2328 2345 2560 2399 Michael
2593 2360 2716 2398 vero
2755 2345 3023 2412 extemplo
3060 2354 3288 2397 matrem
3332 2359 3454 2397 cum
3496 2358 3652 2396 soro-

2072 2440 2224 2494 ribus
2266 2439 2317 2491 in
2344 2436 2563 2493 Cariani
2593 2437 2734 2491 azdes
2765 2437 3037 2490 detrusam
3086 2434 3361 2504 deportari
3409 2432 3649 2487 tonderi-

2071 2546 2178 2601 que
2206 2520 2451 2599 imperat.
2482 2527 2589 2582 Nec
2617 2528 2789 2580 multo
2842 2536 2963 2597 post
2988 2527 3163 2595 ipsum
3214 2541 3432 2595 quoque
3481 2524 3650 2593 patri-

2071 2622 2289 2676 archam
2322 2620 2584 2689 lgnatium
2619 2620 2787 2688 pellit,
2820 2628 2982 2687 atque
3009 2620 3059 2671 in
3104 2618 3336 2672 insulam
3392 2616 3655 2671 Terebin-

2072 2716 2223 2768 thum
2254 2714 2399 2781 cjieit
2432 2731 2446 2778 ;
2473 2712 2774 2780 eodemque
2803 2712 2889 2765 die
2917 2711 3189 2765 Gebonem
3225 2710 3374 2763 illum
3396 2725 3461 2763 ex
3480 2710 3652 2763 Acuta

2072 2806 2125 2859 in
2164 2805 2444 2874 Principes
2478 2803 2756 2867 transfert,
2783 2811 2835 2857 et
2857 2803 3108 2857 cruribus
3135 2801 3480 2869 brachiisque
3515 2817 3653 2870 prae-

2070 2897 2219 2959 cisis,
2255 2897 2533 2964 oculisque
2559 2895 2748 2955 erutis,
2778 2893 3054 2956 interlieit,
3084 2903 3233 2947 ratus
3276 2908 3333 2946 se
3361 2893 3463 2945 hac
3490 2892 3652 2945 ratio-

2070 3004 2137 3042 ne
2172 2989 2342 3043 ultum
2370 2989 2447 3042 ire
2482 2987 2871 3057 patriarcham.
2899 2984 3142 3039 Necdum
3188 2984 3426 3039 triduum
3474 2997 3504 3036 a
3553 2998 3651 3050 pa-

2071 3078 2320 3132 triarchae
2373 3078 2615 3133 discessu
2668 3077 2929 3140 ﬂuxerat,
2959 3091 3083 3129 cum
3134 3075 3331 3128 adsunt
3365 3072 3459 3142 qui
3490 3083 3649 3140 puta-

2070 3171 2268 3224 bantur
2294 3170 2434 3223 inter
2475 3170 2759 3238 episc0pos
2784 3166 3049 3236 primarii,
3091 3164 3510 3234 chirographum
3537 3161 3649 3215 sive

394 3270 496 3321 χην
537 3254 881 3322 ἀμυνεῖσθαι.
919 3256 1084 3310 Οὐπω
1109 3263 1256 3329 τρεῖς
1287 3263 1423 3330 μετὰ
1449 3262 1549 3333 τὴν
1567 3265 1866 3319 κατάϐασιν
1895 3268 1968 3320 δι-

2074 3259 2309 3312 libellum
2359 3258 2720 3312 abdicationis
2787 3257 2856 3310 ob
2919 3254 3265 3325 praesentium
3342 3262 3650 3320 temporum

395 3344 749 3413 εληλύθεισαν
784 3349 1006 3418 ἡμέραι,
1031 3352 1125 3404 καὶ
1164 3340 1415 3423 παρῆσαν
1452 3354 1559 3407 τῶν
1586 3357 1896 3411 ἐπισκόπων
1918 3362 1967 3413 οί

394 3436 733 3505 νομιζόμενοι
762 3438 1004 3506 λογάδες,
1027 3442 1266 3495 λίὸελλον
1291 3447 1591 3515 ἁποταγῆς,
1622 3447 1738 3517 ἦτοι
1762 3450 1965 3518 παραί-

395 3542 552 3595 τησιν
576 3565 591 3586 ,
627 3528 714 3581 διὰ
740 3530 836 3597 τὴν
873 3532 1176 3586 ἐνεστῶσαν
1200 3534 1292 3587 τοῦ
1315 3536 1503 3607 καιροῦ
1528 3537 1724 3591 κακίαν
1753 3530 1966 3605 ἀξιούν-

395 3633 485 3680 τες
510 3617 693 3671 λαϐεῖν
717 3621 844 3689 παρ’
872 3621 1058 3675 αὑτοῦ.
1104 3624 1210 3676 Καὶ
1242 3624 1415 3677 ταῦτα
1444 3624 1621 3691 τίνεςς
1662 3629 1722 3679 Ol
1758 3628 1963 3699 ἐγγρά-

397 3726 512 3776 φως
536 3711 681 3781 αὐτῷ
708 3712 967 3783 πρότερον
992 3715 1360 3785 ὀμωμοκότες,
1394 3717 1489 3771 καὶ
1519 3718 1687 3789 αὐτῆς
1711 3722 1965 3773 ἐκπεσεῖν

395 3799 493 3868 τῆς
524 3801 847 3873 ὑπερουσίου
878 3806 1105 3874 Τριάδος
1144 3807 1453 3877 εὐξάμενοι,
1506 3811 1620 3878 εἴγε
1644 3811 1735 3863 τὸν
1767 3813 1965 3865 οἰκεῖον

347 3947 359 3961 η
396 3893 628 3960 ποιμένα
670 3893 798 3947 ἄνευ
852 3897 1246 3963 καταγνώσεως
1287 3899 1611 3969 ἁθετήσαιεν
1650 3905 1960 3973 κάνονικῆς.

407 3983 546 4036 Ἀλλ’
576 3986 729 4039 αὐτοὶ
772 3987 872 4055 μὲν
902 3989 1240 4058 ὑπέστρεφον
1288 3992 1528 4062 ἀνήνυτα
1572 3986 1960 4062 πεπονηκότες.

393 4075 527 4127 Μετ’
551 4076 737 4144 ὀλίγας
767 4078 821 4132 δέ
848 4079 1003 4143 αὖθις
1031 4080 1246 4152 ἡμέρας
1265 4083 1539 4152 πατρίκιοι
1589 4085 1682 4137 καὶ
1708 4086 1815 4138 τῶν
1846 4103 1965 4157 κρι-

392 4164 500 4218 τῶν
529 4169 578 4220 οἱ
618 4170 1034 4237 ἐπιφανέστατοι
1067 4173 1161 4225 σὺν
1194 4176 1305 4237 τοῖς
1335 4176 1695 4246 προλαϐοῦσιν
1744 4179 1965 4230 ἐπισκό-

393 4273 514 4320 ποις
543 4260 795 4325 ὲξιόντες,
831 4264 1031 4328 πάσαις
1087 4269 1380 4335 μηχαναῖς,
1422 4268 1747 4337 ὐποσχέσεσί
1779 4287 1835 4321 τε
1868 4268 1965 4321 καὶ

392 4350 641 4414 ἀπειλαῖς
670 4354 759 4407 τὸν
786 4355 973 4425 θρόνον
1027 4359 1319 4427 ἐγγράφως
1351 4361 1790 4430 παραιτήσασθαι
1829 4380 1961 4415 κατ-

393 4442 688 4510 εϐιάζοντο,
715 4447 828 4514 εἴγε
867 4448 938 4517 μὴ
976 4450 1157 4518 μέλλοι
1182 4452 1261 4513 εἰς
1293 4452 1542 4521 προφανῆ
1570 4452 1815 4505 καθεῖναι
1845 4452 1961 4505 κίν-

393 4533 543 4587 δυνον
573 4538 783 4592 ἑαυτόν.
825 4540 1021 4609 Ἔμενε
1052 4541 1108 4594 δὲ
1160 4542 1494 4611 άμετάθετος
1546 4544 1699 4597 οὐδὲν
1738 4539 1959 4615 ἦττονῆ

2074 3353 2408 3421 iniquitatem
2463 3351 2530 3405 ab
2589 3365 2654 3403 eo
2707 3357 2971 3418 petentes.
3022 3346 3088 3400 Et
3125 3346 3347 3412 quinam
3398 3345 3500 3400 hi?
3545 3344 3651 3410 Qui

2072 3452 2228 3496 antea
2262 3442 2335 3495 illi
2377 3458 2473 3510 per
2512 3439 2773 3510 scriptum
2810 3439 3148 3507 juraverant,
3179 3452 3236 3491 se
3262 3437 3409 3505 prius
3458 3451 3650 3504 supre—

2072 3551 2214 3588 mam
2243 3533 2525 3588 Trinitatis
2558 3534 2894 3602 majestatem
2948 3539 3265 3601 negaturos,
3304 3545 3467 3599 quam
3534 3528 3653 3582 sine

2072 3627 2328 3683 canonica
2385 3625 2751 3680 damnationis
2806 3625 3072 3679 sententia
3146 3630 3419 3693 pastorem
3476 3636 3636 3675 suum

2068 3721 2409 3776 exauctorari
2442 3734 2718 3788 passuros.
2758 3717 2955 3772 Verum
2987 3715 3020 3769 ii
3055 3731 3111 3771 re
3149 3715 3353 3769 infecta
3412 3723 3649 3768 reverte-

2070 3822 2221 3867 runt.
2265 3810 2405 3864 Intra
2447 3826 2649 3879 paucos
2684 3819 2860 3863 autem
2892 3808 3007 3861 dies
3031 3807 3262 3876 patricii,
3292 3806 3653 3875 jndicumque

2067 3904 2356 3958 clarissimi
2395 3916 2519 3954 cum
2564 3900 2755 3953 iisdem
2805 3896 3077 3966 episcopis
3111 3894 3336 3963 egressi,
3392 3893 3651 3945 omnibus

2067 3994 2341 4049 machinis
2378 4000 2431 4044 et
2462 3989 2973 4059 pollicitationibus,
3027 3984 3651 4051 comminationibusqne

2066 4086 2503 4155 eompellebant,
2567 4092 2626 4136 ut
2691 4082 3004 4149 episcopatu
3062 4093 3119 4133 se
3167 4076 3465 4137 abdicaret,
3495 4075 3540 4128 si
3594 4074 3647 4127 in

2066 4184 2310 4245 apertum
2339 4173 2504 4227 nollet
2527 4172 2870 4226 committere
2898 4185 2958 4224 se
3006 4166 3334 4237 periculum.
3377 4163 3479 4218 Sed
3538 4179 3647 4217 non

2064 4267 2245 4320 minus
2277 4268 2466 4318 tirmus
2507 4264 2872 4330 immotusque
2916 4260 3086 4322 stetit,
3141 4273 3304 4327 quam
3366 4255 3645 4309 maritima

2067 4366 2252 4413 cautes
2292 4357 2413 4412 altis
2459 4355 2512 4407 in
2553 4364 2754 4408 terram
2816 4352 2991 4406 deﬁxa
3028 4349 3325 4412 radicibus,
3376 4346 3645 4413 mtetuum

2067 4448 2367 4503 insultibus
2399 4447 2533 4501 nihil
2588 4446 2809 4501 cedens.
2867 4442 3007 4512 Ergo
3031 4457 3156 4495 cum
3198 4455 3305 4493 non
3360 4439 3647 4501 haberent,

2066 4538 2211 4593 unde
2244 4535 2396 4589 illum
2439 4536 2717 4595 laederent,
2758 4532 2901 4586 nulla
2944 4547 3037 4601 per
3096 4545 3220 4584 eum
3271 4529 3395 4582 data
3457 4542 3645 4588 causa,

392 4625 567 4694 πέτρα
591 4630 854 4699 παράλιος
877 4608 956 4694 είς
982 4632 1142 4701 βάθος
1191 4608 1291 4702 γῆς
1327 4635 1694 4705 ἐρῤιζωμὲνη,
1725 4608 1818 4689 καὶ
1852 4608 1959 4690 πάλ

2071 4629 2230 4700 cujus
2276 4628 2545 4683 rationem
2599 4625 2825 4680 reddere
2879 4638 2982 4675 non
3038 4629 3268 4689 posset;
3303 4618 3470 4678 nudo,
3504 4616 3645 4683 quod

395 4716 513 4781 σαῖς
538 4718 815 4784 ἀνένδοτος
845 4722 1104 4791 κυμάτων
1134 4725 1444 4793 ἐπιφοραῖς.
1484 4726 1701 4798 Ἐπειδὴ
1735 4728 1828 4781 οὖν
1862 4729 1961 4783 οὐκ

391 4805 536 4879 εἶχον
567 4810 800 4880 εὐλόγως
836 4818 1188 4887 παρανομεῖν,
1221 4817 1476 4888 οὐδεμιᾶς
1503 4820 1686 4884 αὐτοῖς
1716 4822 1827 4875 ἀπὸ
1865 4822 1959 4875 τοῦ

390 4900 684 4954 ἁνευθύνου
710 4904 1033 4972 προφάσεως
1064 4906 1424 4979 ἐνδιδομένης,
1478 4915 1657 4983 γυμνῇ
1690 4912 1874 4966 λοιπὸν
1897 4916 1959 4983 τῇ

393 4991 626 5063 κεφαλῇ,
672 4994 767 5046 καὶ
819 4996 1026 5049 ἀναιδεῖ
1060 5001 1357 5069 προσώπῳ,
1389 5002 1533 5055 κατὰ
1585 5004 1646 5057 τὸ
1679 5005 1960 5075 ᾀδόμενον,

392 5081 529 5151 πρὸς
577 5085 755 5136 πᾶσαν
811 5085 1050 5155 ἐχώρουν
1098 5087 1311 5143 ἀδικίαν
1362 5092 1456 5142 καὶ
1491 5094 1853 5162 παρανομίαν.
1905 5096 1963 5147 '0

396 5171 495 5239 μὲν
540 5171 631 5225 οὖν
664 5173 862 5244 Κύριος
919 5178 1073 5246 ἡμῶν
1116 5177 1322 5248 Ἰησοῦς
1372 5181 1640 5248 Χριστὸς,
1687 5184 1783 5237 ἆτε
1830 5184 1964 5246 Θεὸς

392 5263 641 5332 ἀληθινὸς
674 5266 769 5318 καὶ
802 5269 1053 5337 ἀληθινοῦ
1088 5272 1298 5341 Πατρός
1326 5271 1421 5336 ὢν,
1464 5273 1524 5325 οὐ
1558 5272 1633 5341 τῷ
1659 5274 1789 5336 Θεὸς
1824 5271 1963 5327 εἶναι

396 5352 555 5420 μόνον
584 5357 926 5425 προαιώνιος,
949 5359 1014 5411 τὰ
1038 5360 1214 5413 πάντα
1239 5362 1344 5433 πρὸ
1370 5362 1466 5431 τῆς
1492 5362 1669 5415 αὐτῶν
1700 5364 1964 5431 γενέσεως

392 5444 556 5511 οἶδεν,
590 5451 727 5503 ἀλλὰ
749 5456 844 5504 καὶ
876 5453 953 5524 τῷ
978 5455 1264 5525 ἄνθρωπος
1313 5456 1451 5526 ὑπὲρ
1484 5457 1639 5528 ἡμῶν
1688 5459 1965 5525 γενέσθαι,

392 5537 471 5608 τῷ
498 5540 816 5616 τεθεωμένῳ
838 5546 917 5598 νοῖ
946 5546 1013 5599 τὰ
1043 5549 1219 5602 πάντα
1264 5549 1668 5619 προκατανοῶν,
1690 5550 1966 5621 Ἀνάγκη,

502 5697 524 5728 ³
561 5694 754 5751 Matth.
780 5674 952 5763 ixvm,
992 5701 1045 5755 7.

397 5912 540 5961 18m.

2063 4724 2236 4788 aiunt,
2269 4723 2465 4791 capite,
2487 4718 2849 4787 pert‘rieta-gue
2871 4714 3045 4768 fronte
3068 4712 3133 4765 ad
3165 4725 3327 4765 omne
3371 4708 3451 4763 fas
3478 4707 3653 4761 nefas-

2064 4832 2171 4886 que
2244 4813 2665 4869 descenderunt.
2722 4810 2786 4863 Et
2848 4806 3111 4860 Dominus
3184 4802 3403 4872 quidem
3466 4807 3651 4853 noster

2063 4908 2225 4965 Jesus
2251 4907 2527 4967 Christus,
2565 4912 2747 4972 utpote
2805 4900 2945 4951 Deus
3002 4911 3162 4950 verus
3209 4904 3263 4948 et
3307 4893 3420 4947 veri
3473 4891 3650 4945 Patris

2068 4999 2305 5064 soboles,
2338 5013 2446 5050 non
2479 4995 2655 5051 solum
2687 5007 2792 5060 qua
2829 4990 2969 5043 Deus
3013 4997 3095 5041 est
3155 4995 3411 5049 mternus,
3467 4982 3649 5036 ornnia

2070 5102 2360 5160 antequam
2397 5089 2525 5151 sint,
2554 5085 2835 5154 pnevidit;
2870 5081 2964 5135 sed
2995 5080 3157 5133 etiam
3192 5093 3298 5146 qua
3327 5078 3489 5129 homo
3550 5088 3648 5143 pro

2071 5184 2231 5239 nobis
2262 5183 2455 5244 laetus,
2479 5179 2726 5233 deiﬁcata
2755 5191 2851 5229 sua
2882 5182 3062 5227 mente
3090 5172 3271 5223 omnia
3302 5168 3597 5237 przesciens
3631 5206 3646 5225 ,

2070 5275 2293 5328 Necesse
2315 5283 2389 5327 est
2418 5313 2431 5336 ,
2468 5270 2665 5340 inquit,
2701 5276 2759 5321 ut
2786 5267 2992 5321 veniant
3039 5262 3336 5318 scandala:
3368 5276 3443 5314 υιε
3473 5268 3647 5310 autem

2070 5367 2176 5431 illi,
2220 5382 2312 5436 per
2372 5380 2522 5434 quem
2563 5359 2878 5416 scandalum
2939 5357 3074 5409 venit
3117 5357 3160 5407 ‘.
3207 5352 3461 5407 Omnium
3522 5364 3650 5417 ergo

2071 5468 2369 5521 sectarum,
2424 5470 2605 5526 quzea
2666 5453 2847 5507 divina
2909 5449 3109 5503 Christi
3146 5448 3197 5499 in
3253 5445 3647 5500 humanitatem

2073 5550 2362 5622 praesentia
2406 5548 2473 5603 ad
2522 5546 2844 5601 hodiernum
2883 5554 3057 5610 usque
3088 5538 3229 5593 diem
3282 5536 3334 5591 in
3382 5532 3650 5589 Ecclesias

468 5836 544 5901 (3)
600 5837 1102 5905 Gebobasilcutum,
1159 5838 1262 5919 hoc
1310 5847 1413 5905 est,
1455 5838 1694 5895 Gebonis
1736 5838 1915 5895 stolidi
1976 5839 2235 5907 hominis,
2282 5847 2336 5895 et
2388 5838 2677 5911 imperium
2714 5846 2924 5907 temere
2947 5832 3270 5902 aﬂ‘cctantis,
3297 5830 3435 5903 parti
3464 5828 3645 5887 faven-
