4092 6608
405 490 510 554 ειη

1584 474 1875 535 ΝΙΟΕΤΞΕ
1909 470 2431 531 PAPHLAGONIS

3539 463 3639 525 508

396 614 521 657 cum
554 594 789 665 pernicie
818 593 1168 660 irrepserunt,
1212 599 1485 650 auctores,
1511 585 1672 639 veluti
1728 585 1956 638 scanda-

2073 581 2241 647 ρησῖν,
2282 576 2479 630 ἐλθεῖν
2518 574 2589 627 τὰ
2615 574 2937 627 σκάνδαλα
2965 588 2977 601 °
3029 573 3163 626 οὐαὶ
3216 572 3284 625 δὲ
3330 572 3404 627 δι’
3445 569 3517 629 οὗ
3573 576 3641 629 τὸ

395 692 575 744 lorum
602 687 788 746 duces,
820 684 967 753 digni
1009 691 1156 743 sunt,
1213 682 1304 749 qui
1358 679 1517 748 primi
1562 676 1955 744 tualum,qnod

396 780 649 835 Christus
688 778 924 830 minatur
962 813 977 839 ,
1044 773 1385 842 participent.
1444 770 1546 823 Sed
1591 786 1694 823 non
1752 770 1954 831 minus,

396 872 609 938 opinor,
644 869 677 922 ii
710 868 802 935 qui
832 874 1015 919 nostro
1057 879 1171 918 αιιό
1232 863 1464 931 maligne
1491 870 1737 933 egerunt,
1791 876 1955 931 quam

396 962 469 1012 illi
513 958 673 1027 prisci
709 970 763 1011 et
803 953 1231 1009 decantatissimi
1284 953 1681 1017 lueresiarchar,
1717 954 1959 1009 caelestis

395 1051 530 1104 iram
564 1050 967 1112 vindictamque
992 1046 1245 1100 Numinis
1286 1047 1537 1111 sentient,
1580 1048 1759 1115 utqui
1802 1048 1960 1100 inmt-

395 1140 734 1194 mernbilium
764 1138 1124 1191 offensionum
1175 1148 1228 1191 et
1274 1138 1538 1191 malorum
1572 1138 1663 1191 toti
1693 1148 1957 1191 terrarum

393 1228 508 1279 orbi
550 1227 658 1279 sint
714 1236 984 1279 auctores.
1018 1222 1203 1293 Neque
1257 1225 1399 1277 enim
1458 1235 1738 1293 propterea
1784 1225 1960 1293 justo-

390 1331 512 1368 rum
542 1315 663 1367 albo
690 1314 1050 1377 ascribcntur,
1082 1315 1225 1383 quod
1280 1314 1443 1368 rectis
1489 1314 1697 1369 scilicet
1737 1316 1961 1382 dogma-

391 1407 535 1459 tibus
579 1415 631 1459 et
682 1407 1071 1473 scriptionibus
1128 1406 1430 1461 innumeris
1484 1406 1647 1460 Deum
1691 1407 1844 1462 fateri
1890 1409 1964 1461 vi-

390 1497 618 1550 dcantur
651 1515 662 1551 :
715 1496 807 1549 sed
868 1496 1069 1550 idcirco
1106 1498 1543 1562 damnabantur,
1579 1500 1743 1566 quod,
1780 1508 1837 1552 ut
1881 1508 1965 1553 est

394 1590 446 1641 in
488 1589 658 1642 sacris
689 1588 919 1656 paginis,
968 1587 1131 1641 Deum
1158 1588 1313 1643 factis
1350 1590 1482 1657 ipsis
1529 1592 1797 1659 negarint,
1828 1592 1961 1645 abo-

391 1678 681 1731 minabiles
715 1677 859 1741 facti,
892 1688 942 1730 et
988 1687 1368 1742 contumaces,
1403 1688 1456 1732 et
1507 1679 1572 1732 ad
1612 1696 1771 1733 omne
1827 1696 1965 1749 opus

393 1770 596 1821 bonum
623 1768 857 1835 reprobi.
907 1765 1015 1822 Nec
1074 1770 1200 1837 quia
1252 1785 1538 1838 personam
1579 1772 1794 1839 pietatis
1846 1772 1966 1824 vul-

393 1866 619 1927 tumque
650 1861 926 1930 religionis
967 1860 1229 1926 ementiti,
1264 1870 1431 1931 agunt
1484 1863 1665 1916 omnia
1698 1863 1964 1917 eﬂiciunt-

2063 668 2417 721 σκάνδαλον
2458 667 2689 734 ἔρχεται
2706 665 2725 716 .'
2777 664 2911 717 Καθ’
2965 664 3091 726 ὅλας
3128 664 3225 733 μὲν
3267 659 3361 715 οῦν
3394 664 3492 724 τὰς
3525 664 3631 716 ἀπὸ

2062 762 2163 830 τῆς
2203 760 2523 829 θεανδρικῆς
2564 757 2726 810 αὐτοῦ
2768 757 3069 826 παρουσίας
3124 756 3285 825 μέχρι
3335 757 3429 808 τοῦ
3481 756 3642 829 δεῦρο

2064 850 2563 919 παρεισφθαρείσας
2593 850 2826 917 αἱρέσεις
2850 850 2906 899 ἐν
2936 850 3052 908 ταῖς
3069 847 3434 917 Ἐκκλησίαις,
3462 849 3510 900 οἱ
3537 849 3641 901 τῶν

2065 941 2328 1011 αἱρέσεων
2357 940 2595 1009 ἕξαρχοι,
2632 939 2707 1001 ὡς
2749 939 2855 990 τῶν
2897 936 3205 990 σκανδάλων
3255 936 3639 1006 ἐξηγούμενοι,

2067 1033 2274 1102 πρῶτοι
2303 1031 2367 1085 ἂν
2390 1031 2552 1095 ἀξίως
2583 1031 2733 1081 αὐτοὶ
2758 1028 3035 1096 μετέχοιεν
3059 1029 3151 1079 καὶ¹
3173 1028 3263 1079 τοῦ
3287 1027 3643 1096 ταλανισμοῦο

2067 1127 2164 1195 οὐχ
2180 1120 2338 1196 ἦττον
2364 1124 2442 1187 δὲ,
2466 1119 2645 1191 οἶμαι,
2672 1122 2779 1173 τῶν
2811 1120 2976 1174 πάλαι
3003 1118 3410 1188 θρυλλουμένων
3436 1121 3647 1188 αἱρετι-

2068 1220 2181 1271 κῶν
2212 1219 2304 1270 καὶ
2327 1219 2373 1269 oi
2407 1215 2548 1268 κατὰ
2574 1214 2775 1283 ταύτην
2809 1230 2942 1282 πονη
2954 1212 3278 1281 ρευσάμενοι
3304 1212 3404 1281 τὴν
3426 1212 3643 1278 γενεὰν,

2069 1311 2144 1373 ὡς
2188 1310 2349 1362 αἴτιοι
2403 1306 2711 1360 σκανδάλων
2749 1305 2957 1375 μυρίων
2985 1305 3063 1375 τῷ
3115 1305 3306 1373 κόσμῳ
3340 1304 3645 1372 γενόμενοι,

2068 1402 2166 1470 τῆς
2204 1400 2408 1458 ἄνωθεν
2442 1401 2638 1466 πεῖραν
2700 1397 2963 1467 λήψονται
3018 1396 3208 1465 ὀργῆς.
3264 1396 3338 1448 Οὐ
3404 1394 3510 1466 γὰρ
3562 1396 3646 1447 ὅτι

2070 1496 2335 1563 δόγμασιν
2384 1490 2562 1561 ὀρθοῖς
2614 1490 2773 1559 δῆθεν
2826 1489 2919 1542 καὶ
2982 1490 3326 1557 συγγραφαῖς
3384 1488 3648 1557 ἀμέτροις

2072 1587 2203 1639 Θεὸν
2226 1584 2473 1639 δοκοῦσιν
2502 1583 2805 1652 ὁμολογεῖν,
2844 1580 2934 1634 διά
2962 1581 3119 1633 τοῦτο
3166 1582 3326 1650 μόνον
3353 1578 3647 1647 δικαιωθή-

2076 1694 2285 1730 σονται’
2319 1675 2435 1730 ἀλλ’
2464 1676 2547 1727 ὅτι
2580 1676 2691 1737 τοῖς
2742 1673 2947 1743 ἔργοις,
2979 1673 3121 1725 κατά
3149 1673 3243 1725 τὸν
3293 1672 3435 1740 ἱερὸν
3465 1671 3645 1739 λόγον)

2072 1776 2377 1846 ἠρνήσαντο
2402 1772 2585 1837 αὐτὸν,
2623 1770 2903 1841 βδελυκτοὶ
2953 1770 3233 1838 γενόμενοι
3258 1769 3351 1821 καὶ
3378 1768 3646 1831 ἀπειθεῖς,

2075 1868 2169 1921 καὶ
2229 1869 2363 1938 πρὸς
2421 1866 2530 1917 πᾶν
2586 1864 2746 1933 ἔργον
2782 1861 2983 1931 ἀγαθὸν
3037 1862 3308 1930 ἀδόκιμοι,
3362 1860 3550 1913 τούτου
3583 1876 3649 1926 γε

395 1966 522 2019 que,
555 1962 611 2005 ut
640 1953 773 2021 justi
795 1955 863 2007 ah
895 1955 1205 2009 hominibus
1237 1964 1516 2024 putentur,
1554 1956 1675 2009 ideo
1706 1964 1832 2009 sunt
1879 1954 1967 2024 ju-

2073 1960 2256 2012 ἕνεκεν
2306 1955 2824 2024 κατακριθήσονται.
2875 1952 2998 2005 Οὐδ’
3040 1953 3122 2005 ὅτι
3159 1953 3441 2021 μόρφωσιν
3488 1952 3647 2003 εὐσε-

395 2042 463 2095 sti
497 2044 636 2111 apud
669 2045 1003 2098 occultorum
1034 2046 1366 2112 cognitorem
1403 2053 1455 2097 et
1481 2045 1716 2113 judicent
1748 2043 1913 2098 Deum
1950 2063 1962 2097 :

395 2134 489 2188 sed
518 2137 661 2203 quod
689 2152 853 2190 nervo
912 2138 1124 2207 pietatis
1158 2137 1315 2200 eliso,
1371 2152 1549 2191 mores
1573 2137 1638 2190 ad
1691 2136 1967 2207 Evangelii

393 2235 660 2295 przecepta
694 2244 802 2283 non
830 2228 1225 2283 coul‘urmarint
1259 2246 1273 2292 ς
1308 2230 1448 2298 quod
1476 2244 1665 2284 amore
1699 2230 1782 2283 sui
1814 2229 1961 2295 czeci,

392 2320 636 2373 avaritiae
671 2330 723 2375 et
751 2322 1135 2389 voluptatibus,
1165 2322 1556 2390 ambitionique
1600 2322 1891 2375 venundati
1916 2332 1969 2377 et

393 2409 740 2477 emancipati,
794 2411 1114 2464 innocentes
1165 2410 1311 2463 omni
1366 2425 1560 2479 genere
1623 2409 1967 2476 iniuriarum,

393 2500 796 2567 perjuriorum,
855 2500 1036 2555 crucis
1098 2502 1548 2569 abnegationum,
1609 2500 1967 2565 insidiarum,

392 2600 447 2643 et
509 2591 892 2644 maleficiorum
943 2592 1306 2659 opprimentcs
1338 2631 1352 2656 ,
1391 2592 1591 2661 optime
1614 2592 1971 2660 compositum

393 2676 650 2733 Ecclesia:
711 2687 909 2734 statum
966 2681 1333 2749 perturbarint
1370 2682 1811 2749 everteriutque;
1861 2696 1973 2734 rem

395 2780 577 2823 autem
610 2772 870 2839 divinam,
922 2788 1225 2841 nomenque
1262 2782 1315 2827 et
1359 2789 1511 2828 sacra
1544 2782 1745 2828 sancta:
1793 2774 1979 2827 Eccle-

396 2862 489 2914 sia:
519 2870 597 2914 tot
630 2862 994 2931 intpielatibtts
1023 2872 1075 2916 et
1115 2863 1328 2933 ﬂagitiis
1377 2864 1819 2929 contaminarint,
1857 2864 1976 2935 pol-

395 2950 615 3015 lucrint,
634 2952 995 3021 profanarint,
1025 2962 1083 3008 ut
1100 2955 1397 3024 periculum
1421 2955 1491 3009 sit
1518 2956 1673 3026 (pene
1690 2956 1887 3026 dicam)
1912 2971 1979 3011 ne

394 3044 612 3112 pietatis
641 3045 957 3115 mysterium
1004 3047 1070 3113 in}
1094 3047 1269 3101 verbis
1303 3048 1465 3103 nudis
1493 3049 1693 3117 potius,
1724 3064 1887 3117 quam
1922 3048 1974 3100 in

392 3134 557 3188 rebus
608 3150 669 3189 ac
699 3137 921 3189 veritate
960 3137 1258 3192 consistere
1301 3139 1548 3192 videatur
1586 3156 1599 3193 :
1634 3138 1839 3193 idcirco
1884 3139 1977 3206 ju-

392 3226 689 3280 stissimam
739 3226 1101 3284 damnationis
1155 3245 1184 3284 a
1222 3229 1331 3285 Deo
1389 3227 1625 3285 ferenda:
1648 3230 1973 3285 sententiam

392 3312 696 3371 incurrent.

2073 2052 2251 2112 ϐείας,
2286 2049 2379 2101 καὶ
2410 2048 2597 2116 σχῆμα
2622 2045 2752 2112 γοῦν
2792 2062 2845 2097 τι
2880 2044 2975 2096 καὶ
3023 2043 3250 2113 πλάσμα
3292 2042 3443 2094 κενὸν
3490 2041 3650 2093 εὐλα-

2077 2142 2223 2203 ϐείας
2259 2139 2610 2209 περιθέμενοι
2657 2136 2832 2189 πάντα
2867 2136 3034 2204 δρῶσι
3082 2136 3176 2187 καὶ
3231 2132 3649 2201 πραγματεύον·

2078 2251 2189 2295 ται,
2241 2231 2381 2284 ὥστε
2434 2229 2788 2297 δικαιωθῆναι
2835 2228 2985 2298 παρᾶ
3042 2229 3153 2287 τοῖς
3201 2226 3531 2295 ἀνθρώποις,
3560 2224 3657 2277 διὰ

2077 2324 2233 2378 τοῦτο
2255 2322 2453 2375 δίκαιοι
2486 2322 2581 2374 καλ.
2611 2321 2758 2390 παρὰ
2786 2318 2862 2388 τῷ
2906 2318 3016 2371 τῶν
3044 2318 3289 2389 κρυφίων
3316 2318 3525 2386 ὲπὸπτη
3556 2317 3653 2369 καὶ

2076 2416 2337 2484 ἐξεταστῇ
2357 2429 2371 2445 ο
2421 2412 2536 2465 ἀλλ’
2590 2412 2672 2464 ὅτι
2706 2413 2801 2479 τῆς
2828 2410 3106 2471 εὐσεϐείας
3135 2410 3233 2477 τὴν
3280 2408 3526 2477 δύναμιν,
3558 2408 3651 2459 καὶ

2074 2505 2173 2575 τὴν
2198 2504 2339 2557 κατά
2365 2502 2425 2555 τὸ
2476 2499 2807 2568 Εὐαγγέλιον
2856 2500 3205 2568 ἀπηνήναντο
3238 2497 3404 2565 ζωὴν,
3448 2497 3650 2558 πάσαις

2080 2595 2177 2666 μὲν
2234 2594 2541 2663 φιλαυτίαις
2598 2591 2692 2645 καὶ
2750 2590 3159 2660 φιλαργυρίαις,
3217 2588 3547 2657 φιληδονίαις
3590 2602 3651 2637 τε

2078 2686 2279 2749 πάσαις
2330 2685 2423 2738 καὶ
2476 2683 2788 2753 φιλαρχίαις
2853 2683 3079 2743 ἑαυτοὺς
3134 2679 3653 2749 ἀπεμπολήσοντες,

2079 2779 2280 2841 πάσαις
2311 2778 2367 2830 δὲ
2396 2776 2652 2838 ἀδικίαις,
2688 2776 3019 2845 ὲπιορκίαις,
3072 2773 3518 2841 σταυροπατίαις,
3558 2770 3652 2823 καὶ

2080 2871 2436 2940 κακουργίαις
2466 2870 2521 2922 δὲ
2561 2868 2704 2921 κατὰ
2728 2869 2835 2920 τῶν
2857 2867 3047 2919 ἀθώων
3069 2867 3163 2919 καὶ
3186 2864 3477 2935 ὲπηρείαις
3507 2860 3655 2933 χρώ-

2083 2979 2256 3032 μενοι,
2290 2962 2470 3013 πᾶσαν
2499 2959 2593 3030 τὴν
2621 2958 3080 3027 ἐκκλησιαστικὴν
3112 2955 3367 3025 εὐνομίαν
3401 2955 3657 3007 διέλυσαν

2079 3054 2174 3106 καὶ
2223 3053 2515 3123 συνέχεαν·
2555 3052 2615 3104 τὸ
2660 3052 2800 3103 θεῖον
2844 3050 2902 3103 δὲ
2958 3050 3058 3118 τῆς
3116 3049 3267 3117 ἱερᾶς
3327 3043 3657 3113 Ἐκκλησίας

2083 3145 2317 3215 πρᾶγμα
2344 3144 2438 3196 καὶ
2462 3145 2633 3212 ὄνομα
2659 3142 2799 3195 οὕτω
2826 3144 2944 3203 ταῖς
2985 3140 3259 3202 ποικίλαις
3316 3139 3495 3191 αὐτῶν
3523 3135 3656 3189 ἀθε-

2084 3236 2271 3305 σμίαις
2325 3237 2419 3289 καὶ
2473 3234 2843 3305 παρανομίαις
2905 3232 3269 3301 ὲϐεϐἡλωσαν,
3311 3229 3449 3282 ὥστε
3476 3227 3655 3280 κινδυ-

1994 3317 2037 3373 C
2071 3326 2266 3386 νεύειν,
2293 3326 2475 3394 ὀλίγου
2497 3325 2630 3386 δεῖν,
2674 3326 2732 3377 ὲν
2772 3323 2945 3392 ψιλοῖς
2976 3321 3133 3391 ἡμῶν
3179 3321 3379 3387 λόγοις,
3404 3318 3517 3371 ά).λ“
3553 3317 3651 3367 οὐκ

362 3436 365 3439 ι
394 3410 453 3463 ὲν
484 3411 707 3483 ἀληθεία
728 3412 820 3465 καλ.
846 3413 1132 3483 πράγματι
1157 3414 1217 3468 τὸ
1240 3416 1338 3486 τῆς
1362 3416 1644 3481 εὐσεϐείας
1677 3418 1976 3489 μυστήριον
2008 3418 2351 3473 ὑπονοεῖσθαι
2372 3434 2389 3452 °
2422 3419 2513 3473 διὰ
2561 3418 2736 3473 ταῦτα
2757 3417 3100 3486 δικαιοτάτης
3167 3413 3443 3479 τεύξονται
3515 3412 3655 3481 πρὸς

394 3501 532 3557 Θεοῦ
564 3503 665 3573 τῆς
696 3506 1096 3576 κατακρίσεως.

466 3638 673 3693 Horum
703 3655 866 3710 porro
898 3640 1165 3696 malorum
1212 3642 1455 3697 omnium
1511 3644 1675 3712 stirps
1707 3653 1760 3699 et
1794 3645 1969 3706 radix,

393 3732 679 3802 primaque
708 3749 870 3787 causa
894 3742 945 3786 et
968 3734 1277 3788 certissima
1310 3734 1517 3789 exstitit
1549 3738 1615 3796 is,
1651 3733 1742 3800 qui
1769 3750 1797 3789 a
1823 3735 1971 3804 prin—

395 3824 541 3893 cipio
582 3825 851 3879 homicida
880 3824 981 3878 fuit
1019 3842 1033 3877 τ
1061 3826 1153 3895 qui
1181 3826 1327 3895 quod
1366 3843 1392 3877 a
1424 3827 1565 3880 bono
1600 3825 1819 3889 defecit,
1850 3842 1969 3880 om-

394 3915 482 3969 nis
512 3914 761 3969 maleﬁcii
798 3914 989 3969 artifex
1023 3904 1272 3981 effectus,
1324 3916 1593 3985 hodieque
1628 3932 1732 3970 non
1790 3928 1970 3972 cessat

397 4022 664 4061 venenum
699 4007 750 4059 in
775 4014 877 4061 eos‘
904 4023 1060 4061 suum
1089 4016 1335 4062 eructare
1357 4024 1495 4077 quos
1526 4008 1780 4061 omnibus
1801 4024 1969 4063 srecu-

393 4095 462 4153 lis
493 4098 558 4151 ad
588 4097 638 4151 id
678 4100 1033 4153 hauriendum
1068 4108 1280 4167 paratos
1314 4100 1511 4153 habet:
1546 4115 1720 4169 eoque
1768 4100 1971 4169 largius

393 4188 664 4258 latiusque
688 4191 837 4245 virus
856 4207 1014 4245 suum
1038 4192 1535 4261 diﬂ‘nndit,quanto
1564 4193 1631 4245 ad
1664 4208 1777 4246 rem
1812 4207 1967 4247 suam

395 4284 633 4351 aptiores
696 4283 937 4337 oﬂ'endit.
970 4282 1367 4338 Permittuntur
1410 4285 1586 4337 aulem
1641 4284 1775 4339 tales
1831 4299 1972 4353 sa'pe

392 4386 574 4427 rerum
622 4375 808 4443 potiri,
864 4384 1235 4443 terrarumque
1264 4376 1505 4444 imperiis
1548 4377 1753 4441 extolli,
1811 4386 1871 4429 ut
1907 4392 1971 4429 ex

396 4465 695 4518 multorum
747 4466 1025 4532 cordibus,
1073 4466 1531 4535 quemadmodum
1557 4479 1638 4521 est
1670 4467 1723 4521 in
1774 4467 1970 4522 divinis

398 4556 654 4618 oraculis,
692 4557 1001 4610 revelentur
1032 4558 1389 4625 cogitationes
1417 4574 1432 4621 ;
1468 4566 1635 4626 utque
1668 4560 1905 4613 triticum
1938 4573 1969 4612 a

395 4642 566 4712 paleis
586 4652 926 4708 secernatur,
960 4652 1010 4697 et
1035 4644 1218 4713 justus
1253 4645 1377 4714 igne
1397 4646 1795 4713 molestiarum,
1826 4648 1971 4702 velut

2145 3644 2364 3697 Τούτων
2396 3642 2452 3696 δὲ
2492 3641 2601 3695 τῶν
2630 3639 2817 3695 κακῶν
2849 3638 3107 3693 ἁπάντων
3155 3635 3303 3690 αἰτία
3338 3652 3649 3706 προκαταρ-

2082 3736 2246 3807 κτικὴ
2288 3737 2380 3787 καὶ
2407 3734 2554 3804 ῥίζα,
2615 3734 2642 3785 ὁ
2678 3733 2773 3785 ἀπ’
2822 3731 2997 3802 ἀρχῆς
3023 3728 3482 3798 ζὰνθρωποκτδνος
3519 3726 3651 3778 καθ-

2076 3828 2275 3897 έστηκε
2302 3824 2502 3894 δηλαδή
2529 3841 2542 3854 ·
2580 3824 2637 3885 ὃς
2668 3822 2745 3893 τῷ
2769 3821 3069 3889 ἀποστῆναι
3098 3818 3190 3872 τοῦ
3218 3816 3446 3885 ἀγαθοῦ,
3474 3816 3655 3882 πάσης

2077 3918 2273 3980 κακίας
2301 3916 2590 3985 γενόμενος
2629 3912 2975 3983 δημιουργὸς,
3012 3912 3073 3965 οὐ
3104 3911 3334 3964 παύεται
3366 3910 3525 3979 μέχρι
3559 3908 3651 3960 καὶ

2075 4008 2168 4061 νῦν
2195 4008 2285 4060 τὸν
2313 4007 2510 4059 οἰκεῖον
2542 4005 2613 4057 ίδν
2641 4007 2751 4066 τοῖς
2783 4002 2919 4072 πρὸς
2949 4002 3215 4072 ὑποδοχὴν
3253 3999 3488 4070 ἑτοίμοις
3512 3999 3650 4051 κατά

2074 4103 2253 4154 πᾶσαν
2278 4098 2771 4166 ἐναπερευγόμενος
2797 4095 2990 4163 γενεάν
3008 4110 3021 4125 °
3052 4095 3146 4147 καλ.
3180 4094 3421 4162 τοσούτῳ
3453 4090 3650 4161 μᾶλλον

2074 4194 2174 4262 τὴν
2205 4192 2334 4263 παρ’
2384 4188 2577 4244 ἑαυτοῦ
2615 4188 2811 4241 κακίαν
2858 4185 3317 4255 ἐπιδαψιλεύεται,
3375 4182 3496 4235 καθ’
3527 4182 3651 4235 ὅσον
3712 4220 3718 4231 ι

2079 4283 2145 4335 ἂν
2177 4283 2269 4335 καὶ
2320 4281 2769 4351 ἐπιτηδειοτέροις
2798 4279 2935 4349 πρὸς
2965 4279 3059 4329 τὸν
3110 4277 3313 4330 οἰκεῖον
3366 4273 3649 4343 περιτύχοι

2081 4375 2300 4427 σκοπόν.
2368 4372 2781 4442 Συγχωροῦνται
2832 4372 2889 4424 δὲ
2951 4368 3211 4430 πολλάκις
3276 4369 3515 4437 κρατεῖν,
3556 4365 3651 4417 καὶ

2079 4466 2367 4533 κοσμικαῖς
2396 4462 2733 4523 δυναστείαις
2768 4464 2815 4514 οἱ
2842 4461 3071 4513 τοιοῦτοι
3120 4457 3537 4529 μεγαλύνεσθαι,
3572 4456 3650 4519 ὡς

2076 4556 2141 4608 ἂν
2172 4556 2235 4606 ὲκ
2263 4553 2472 4606 πολλῶν
2521 4553 2777 4627 καρδιῶν,
2820 4551 2962 4603 κατὰ
3014 4552 3075 4603 τὸ
3110 4551 3250 4602 θεῖον
3301 4548 3501 4616 λόγιον,
3558 4548 3647 4598 ὲκ-

2077 4646 2283 4715 φανῶσι
2317 4642 2685 4712 διαλογισμοξσ
2722 4644 2816 4695 καὶ
2836 4642 2975 4695 ὥστε
3007 4642 3097 4694 τὸν
3128 4643 3272 4693 σῖτον
3302 4638 3648 4707 διακριθῆναι

398 4748 592 4787 aurum
642 4734 694 4786 in
752 4733 992 4802 fornace,
1041 4744 1330 4805 coquatur,
1375 4736 1796 4806 cmlestibusque
1853 4738 1967 4791 the-

2073 4737 2167 4789 τοῦ
2193 4735 2418 4805 ἀκύρου,
2448 4735 2543 4787 καὶ
2574 4732 2893 4803 πυρωθῆναι
2924 4733 3021 4803 μὲν
3050 4734 3173 4794 ταῖς
3220 4730 3505 4801 ἐπηρείαις
3560 4728 3651 4781 τὸν

398 4826 575 4879 sauris
607 4829 1384 4898 reservetur;rejicialurque,
1431 4829 1694 4899 quidquid
1750 4840 1809 4883 ut
1848 4845 1970 4885 sco-

394 4913 476 4966 ria
507 4912 870 4967 adulterinum
902 4925 984 4970 est
1015 4925 1068 4969 et
1100 4918 1305 4972 caelesti
1343 4934 1507 4988 regno
1550 4918 1849 4989 indignum.
1878 4921 1970 4973 At-

396 5020 503 5075 que
534 5005 638 5069 his,
672 5006 889 5075 opinor,
918 5023 1076 5062 nemo
1110 5010 1443 5065 contradicet
1473 5027 1661 5066 eorum
1710 5012 1803 5081 qui
1858 5012 1969 5081 pie-

395 5105 560 5151 tatem
592 5097 799 5152 colunt.

466 5312 570 5369 Sed
607 5314 888 5371 videamus
918 5331 1100 5385 porro,
1138 5331 1257 5385 qua:
1285 5317 1539 5388 deinceps
1574 5318 1732 5372 beato
1765 5320 1971 5388 lgnatiu

395 5406 711 5471 acciderint,
743 5417 1054 5477 quantaque
1087 5408 1227 5462 mala
1258 5419 1524 5464 veterator
1553 5426 1616 5463 ac
1647 5410 1817 5465 hostis
1844 5426 1971 5464 san~

395 5511 609 5552 ctorum
646 5499 884 5553 virorum
925 5499 1187 5554 adversus
1223 5500 1473 5555 latentem
1507 5501 1561 5554 iu
1598 5502 1688 5555 illo
1719 5504 1874 5555 Iidem
1908 5518 1970 5557 ac

396 5588 675 5655 virtutem,
708 5606 802 5658 per
832 5606 961 5644 suos
987 5590 1357 5653 a'lministrus,
1397 5592 1600 5645 malitia
1632 5607 1726 5645 sua
1763 5593 1968 5646 machi-

397 5691 561 5735 natus
576 5683 663 5735 sit.
689 5683 757 5735 At
782 5698 910 5736 vero
932 5696 1055 5735 cum
1080 5681 1371 5752 intelligam
1397 5699 1479 5736 me
1496 5684 1767 5753 sigillatim
1785 5686 1965 5738 omnia

395 5787 718 5840 percensere
756 5788 862 5825 non
912 5788 1090 5841 posse,
1136 5774 1404 5840 rebusque
1442 5778 1606 5829 tantis
1636 5793 1814 5844 parem
1857 5794 1963 5830 non

396 5861 533 5926 fore,
550 5861 794 5916 oratione
812 5862 876 5916 ad
903 5879 987 5917 res
1010 5864 1306 5932 praecipuas
1326 5868 1655 5922 enarrandas
1678 5884 1961 5933 conversa,

2076 4828 2305 4892 δίκαιον,
2334 4827 2522 4895 ὥσπερ
2556 4828 2615 4878 ἐν
2643 4824 2988 4894 χωνευτηρίῳ
3020 4824 3242 4895 χρυσὸν,
3296 4822 3388 4875 καὶ
3417 4822 3528 4882 τοῖς
3560 4821 3650 4871 οὐ·-

2080 4919 2284 4991 ρανίοις
2336 4916 2696 4987 ταμιευθῆναι
2750 4916 3059 4985 βασιλείοις,
3123 4913 3521 4982 άποποιηθῆναι
3566 4910 3643 4974 δὲ,

2076 5012 2325 5082 καθάπερ
2358 5013 2619 5080 σκωρίαν,
2667 5010 2790 5062 ὅσον
2841 5008 3097 5075 ἀδόκιμον
3133 5006 3226 5058 καὶ
3277 5006 3493 5083 ἀνάξιον
3548 5004 3647 5072 τῆς

2079 5104 2354 5175 βασιλείας
2379 5102 2473 5156 τοῦ
2508 5101 2663 5155 Θεοῦ.
2722 5102 2864 5171 Πρὸς
2893 5100 2985 5153 οῦν
3016 5098 3185 5153 ταῦτα
3216 5099 3315 5150 οὐκ
3345 5094 3497 5167 οἶμαί
3526 5112 3647 5148 τινα

2070 5196 2180 5249 τῶν
2213 5194 2583 5247 εὐσεϐούντων
2614 5194 2881 5263 ἀντερεῖν.

2144 5327 2371 5395 Ἰδωμεν
2407 5326 2463 5378 δὲ
2494 5325 2585 5378 καὶ
2617 5325 2682 5376 τὰ
2713 5324 2852 5377 κατᾶ
2880 5323 2971 5375 τὸν
3012 5321 3155 5391 ἱερὸν
3211 5318 3471 5386 Ἱγνάτιον
3502 5333 3645 5385 παρα

2071 5417 2493 5487 ηκολουθηκότα,
2523 5416 2617 5469 καὶ
2648 5418 2745 5468 ὅσα
2774 5415 2914 5467 κατὰ
2942 5417 3039 5483 τῆς
3069 5415 3125 5465 ὲν
3152 5411 3301 5480 αὐτῷ
3327 5406 3646 5477 κεκρυμμέ-

2072 5524 2167 5575 νης
2195 5506 2449 5574 ἀληθείας
2481 5506 2572 5559 καὶ
2607 5504 2807 5575 ἀρετῆς
2848 5506 2875 5555 ὁ
2934 5503 3041 5556 τῶν
3089 5500 3258 5569 ἁγίων
3302 5496 3492 5567 ἐχθρὸς
3550 5496 3644 5547 καὶ

2076 5595 2355 5658 ἐπίϐουλος
2400 5596 2487 5647 διὰ
2516 5594 2621 5647 τῶν
2653 5592 3106 5663 ὑπηρετουμένων
3158 5589 3320 5641 αὐτοῦ
3356 5591 3419 5657 τῇ
3478 5584 3645 5654 κακία

2074 5688 2451 5756 κατεπράξατο
2477 5702 2491 5716 ·
2520 5686 2653 5737 ἀλλὰ
2680 5686 2853 5737 πάντα
2880 5685 2975 5753 μὲν
3004 5682 3141 5735 κατὰ
3178 5682 3342 5750 μέρος
3377 5676 3645 5741 ἐπεξιέναι

2076 5781 2353 5847 ἀμήχανον
2412 5776 2587 5839 εἰδὼς,
2638 5779 2731 5829 καί
2780 5780 3024 5844 κρεῖττον
3076 5776 3252 5844 ἧκατ’
3307 5774 3456 5841 ἰσχὺν
3485 5768 3641 5838 ἐμὴν,

2074 5876 2181 5932 τοῖς
2235 5869 2581 5939 κυριωτέροις
2609 5868 2664 5920 δὲ
2700 5870 2789 5920 τὸν
2819 5868 2974 5934 λόγον
3012 5866 3282 5932 ἐπαφιεὶς,
3320 5863 3640 5931 πειράσομαι
