4092 6604
409 472 513 534 509

1452 476 1625 534 \‘lTA
1666 475 1724 533 s.
1771 473 2066 534 IGNATII
2105 474 2212 534 ει).
2241 451 2588 534 ARCHIEP.

3533 474 3649 537 510

399 582 521 637 καθ’
548 582 671 636 ὅσον
707 578 817 635 οἷόν
850 599 909 635 τε
943 581 1214 651 πανταχοῦ
1255 583 1353 649 τῆς
1386 584 1645 650 ἀληθείας
1676 601 1968 657 πεφροντι-

2098 586 2275 639 nudam
2302 588 2376 640 rei
2408 586 2683 639 veritatem
2707 585 2905 654 ubique
2926 584 3168 640 studiose
3185 592 3525 655 persecutus,
3541 600 3651 655 pro

397 672 508 738 κὼς
537 673 701 745 μηδὲν
725 674 832 726 τῶν
854 673 1016 738 ἀξίων
1043 675 1262 746 μνήμης
1291 677 1641 746 παραλιπεῖν.

478 846 698 916 Ἐπειδὴ
737 844 914 900 τοίνυν
943 849 993 900 οί
1039 848 1188 919 παρὰ
1224 849 1318 902 τοῦ
1358 848 1623 919 βασιλέως
1663 849 1783 903 τότε
1809 850 1977 905 πολλὰ

398 939 782 1008 πειράσαντες,
845 938 906 991 τὸ
943 939 1079 1008 πρὸς
1139 941 1486 1009 παρανομίαν
1536 941 1817 1010 ἐνδόσιμον
1879 943 1978 1012 οὐχ

398 1023 499 1081 οἷοί
535 1045 596 1080 τε
630 1026 977 1096 ἐγεγόνεισαν
1009 1031 1158 1098 παρά
1193 1029 1287 1082 τοῦ
1329 1029 1588 1098 Ἰγνατίου
1620 1030 1826 1092 λαϐεῖν,
1853 1048 1977 1098 γεν-

398 1119 574 1184 ναίαις
610 1119 893 1172 ἐνστάσεσι
920 1122 1366 1191 παραιτήσασθαι
1401 1122 1477 1192 μὴ
1516 1122 1974 1192 καταδεξαμὲνου,

399 1214 532 1282 παρ’
562 1210 771 1264 ἑαυτῶν
797 1210 988 1266 ἔλαϐον
1025 1213 1185 1266 τοῦτο
1223 1214 1408 1267 λοιπόν
1435 1232 1448 1245 ·
1483 1215 1576 1268 καὶ
1599 1215 1826 1270 πλεῖστα
1856 1216 1977 1270 καθ’

401 1303 626 1367 ἑαυτοὺς
661 1303 1080 1374 συσκεψάμενοι,
1111 1307 1207 1358 καὶ
1236 1308 1414 1360 πᾶσαν
1464 1309 1814 1378 κεκινηκότες
1852 1307 1979 1378 βου-

401 1393 522 1464 λὴν,
562 1393 765 1448 Φώτιον
799 1395 1292 1466 πρωτοσπαθάριόν
1338 1415 1397 1450 τε
1430 1397 1558 1451 δντα
1611 1399 1707 1452 καὶ
1766 1416 1980 1469 πρῶτος

401 1486 724 1556 ασηκρῆτιν,
745 1486 823 1550 είς
839 1487 1098 1556 ἀρχιερέα
1117 1491 1215 1555 τῆς
1239 1487 1505 1558 βασιλίδος
1523 1490 1976 1559 προχειρίξονται.

399 1575 508 1631 Ἦν
533 1579 586 1631 δέ
612 1573 765 1641 οὗτος
787 1582 814 1632 ό
841 1579 1044 1642 Φώτιος
1073 1580 1133 1633 ού
1172 1581 1278 1633 τῶν
1304 1581 1543 1648 ἀγεννῶν
1574 1599 1631 1634 τε
1655 1582 1749 1634 καὶ
1775 1581 1983 1635 ἀνωνύο

404 1677 540 1740 μων,
563 1669 700 1722 ἀλλὰ
726 1669 821 1723 καὶ
844 1669 950 1724 τῶν
981 1669 1214 1739 εὐγενῶν
1241 1672 1381 1725 κατά
1405 1675 1603 1742 σάρκα,
1625 1674 1718 1726 καὶ
1749 1691 1984 1744 περιφα-

403 1763 528 1830 νῶν,
567 1765 729 1835 σοφίᾳ
754 1783 812 1817 τε
851 1769 1087 1836 κοσμικῇ
1122 1767 1214 1818 καὶ
1263 1767 1475 1820 συνέσει
1512 1768 1619 1820 τῶν
1643 1769 1699 1820 ἐν
1733 1769 1798 1838 τῇ
1831 1767 1982 1820 πολι-

404 1857 525 1928 refe.
552 1859 932 1928 στρεφομένων
982 1857 1415 1930 εὐδοκιμώτατος
1440 1861 1656 1913 πάντων
1681 1860 1981 1930 ἐνομίζετο.

404 1949 802 2019 Γραμματικῆς
839 1949 937 2018 μὲν
990 1951 1101 2021 γὰρ
1152 1951 1245 2004 καὶ
1275 1951 1568 2021 ποιήσεως,
1604 1953 1898 2022 ῥητορικῆς
1921 1971 1979 2005 τε

407 2040 502 2094 καὶ
530 2040 864 2109 φιλοσοφίας,
898 2041 986 2092 ναὶ
1016 2041 1077 2108 δὴ
1109 2042 1202 2093 καὶ
1247 2041 1517 2111 ἰατρικῆς,
1544 2043 1638 2094 καὶ
1663 2042 1845 2112 πάσης
1871 2042 1983 2095 ὀλί-

405 2148 503 2200 γου
529 2131 639 2184 δεῖν
686 2133 996 2202 ἐπιστήμης
1030 2131 1138 2185 τῶν
1173 2133 1406 2204 θύραθεν
1444 2135 1696 2188 τοσοῦτον
1729 2131 1877 2204 αύτῷ
1926 2134 1984 2186 τὸ

405 2220 615 2289 περιδνς
641 2221 716 2283 ὡς
752 2220 824 2292 μὴ
849 2224 1005 2290 μόνον
1034 2223 1218 2293 σχεδὸν
1244 2224 1406 2292 φάναι
1439 2225 1547 2277 τῶν
1583 2226 1724 2278 κατά
1753 2224 1849 2295 τὴν
1880 2225 1982 2276 αύ-

405 2317 498 2369 τοῦ
525 2316 718 2383 γενεὰν
749 2319 961 2370 πάντων
984 2319 1300 2386 διενεγκεῖν,
1341 2320 1440 2390 ἤδη
1468 2319 1523 2372 δέ
1563 2320 1656 2372 καὶ
1696 2319 1829 2389 πρὸς
1861 2319 1986 2378 τοὺς

407 2407 668 2470 παλαιοὺς
690 2408 848 2460 αὐτὸν
874 2409 1281 2478 διαμιλλᾶσθαι.
1318 2411 1501 2464 Πάντα
1526 2410 1635 2482 γὰρ
1664 2410 1988 2480 συνέτρεχεν

405 2499 492 2551 ἐπ’
525 2498 694 2570 αύτῷ,
722 2501 755 2568 ἡ
789 2500 1160 2572 ἐπιτηδειότης
1200 2503 1300 2571 τῆς
1351 2501 1584 2570 φύσεως,
1636 2503 1669 2572 ἡ
1706 2500 1930 2570 σπουδὴ,
1960 2502 1988 2553 ὁ

407 2590 657 2656 πλοῦτος,
679 2593 746 2645 δι’
763 2591 821 2645 ὃν
839 2594 930 2645 και
953 2593 1130 2662 βίϐλος
1156 2594 1241 2646 ἐπ’
1260 2595 1421 2646 αὐτὸν
1446 2592 1594 2666 ἔρρει
1624 2596 1776 2646 πᾶσα
1795 2610 1808 2624 -
1831 2593 1990 2645 πλέον

406 2684 462 2736 δὲ
492 2685 709 2737 πάντων
739 2686 766 2736 ό
793 2686 887 2754 τῆς
920 2684 1075 2755 δόξης
1109 2685 1271 2755 ἔρως,
1299 2686 1365 2738 δι’
1394 2686 1451 2737 ὃν
1491 2685 1640 2754 αύτῷ
1673 2685 1767 2738 καὶ
1797 2685 1989 2748 νύκτες

407 2776 601 2829 ἇῦπνοι
654 2776 783 2847 περὶ
823 2776 920 2845 τὴν
978 2777 1284 2844 ἀνάγνωσιν
1341 2777 1596 2846 ἐμμελῶς
1653 2777 1989 2846 ἐσχολακότι.

421 2866 571 2918 Ἐπεὶ
603 2866 660 2918 δὲ
693 2868 784 2918 καὶ
815 2866 949 2936 πρὸς
972 2869 1068 2937 τὴν
1086 2867 1408 2936 Ἐκκλησίαν
1439 2867 1627 2935 αὐτὴν,
1653 2867 1728 2929 ὡς
1754 2867 1830 2936 μὴ
1853 2865 1994 2933 ὤφε-

409 2955 519 3019 λεν,
549 2955 885 3008 ἐπεισελθεῖν
919 2955 1051 3020 ἔδει,
1085 2961 1177 3009 καὶ
1211 2957 1318 3009 τῶν
1349 2957 1437 3010 διά
1462 2956 1619 3009 τοῦτο
1648 2956 1865 3026 βιϐλίων
1893 2955 1994 3024 τῆς

409 3048 769 3116 ἀναγνώσεως
795 3047 856 3101 ού
884 3048 1023 3102 κατά
1047 3049 1324 3120 πάρεργον
1355 3047 1672 3117 ἐπεμελήθη
1696 3064 1708 3076 ·
1741 3049 1994 3116 ἀγνόημα

411 3141 464 3194 δὲ
487 3141 775 3210 ἠγνόησεν,
810 3139 876 3194 ἶν’
903 3141 1041 3192 εἴπω
1069 3139 1417 3208 θεολογικῶς,
1449 3139 1653 3208 σφόδρα
1684 3139 1779 3208 τῆς
1830 3139 1993 3190 αὐτοῦ

2077 693 2193 731 mea
2227 678 2365 732 virili
2401 678 2625 741 curabo,
2655 677 2731 731 uti
2759 692 2828 731 ne
2859 677 2991 746 quid
3029 690 3208 731 rerum
3242 691 3363 746 qua:
3391 677 3499 732 sint
3533 691 3649 731 me-

2077 769 2247 822 moria
2282 770 2474 836 dignte,
2505 769 2934 837 praetermittam.

2111 857 2442 926 .Postquam
2467 857 2628 928 igitur
2657 858 2962 914 administri
2992 857 3146 928 regii,
3171 872 3312 926 sa’pe
3345 865 3549 913 tentata
3569 873 3647 922 re,

2077 964 2183 1003 non
2216 958 2509 1018 potuerunt
2539 950 2754 1004 flectere
2796 949 3062 1019 lgnatium
3093 949 3158 1002 ad
3191 949 3242 1001 id
3274 949 3416 1017 quod
3465 949 3652 1017 inique

2078 1041 2350 1107 petebant,
2379 1055 2530 1092 suam
2559 1039 2650 1094 illo
2679 1039 2995 1109 dignitatem
3015 1039 3223 1094 fortiter
3248 1050 3300 1093 et
3329 1048 3649 1092 constanter

2080 1141 2285 1198 tuente,
2317 1148 2346 1186 a
2378 1147 2438 1187 se
2479 1131 2582 1200 ipsi
2623 1133 2908 1185 consilium
2948 1132 3014 1186 de
3052 1141 3251 1185 caetero
3290 1130 3598 1199 petiverunt
3633 1145 3650 1194 ;

2082 1224 2356 1293 rebusque
2382 1224 2521 1277 inter
2551 1238 2610 1276 se
2636 1222 2725 1276 diu
2754 1222 2990 1290 agitatis,
3012 1235 3336 1289 omnemque
3364 1221 3415 1272 in
3446 1229 3652 1286 partem

2079 1316 2311 1370 versatis
2333 1353 2350 1378 ,
2390 1314 2606 1368 tandem
2642 1311 2892 1366 Pbotium
2926 1311 3423 1381 protospatbarium
3455 1318 3508 1362 et
3540 1309 3655 1378 pri-

2080 1422 2228 1462 mum
2252 1423 2282 1460 a
2307 1405 2551 1471 secretis,
2577 1404 2938 1474 patriarcham
2967 1404 3118 1456 urbis
3136 1403 3296 1470 regiae
3317 1401 3601 1470 designant
3635 1416 3652 1463 ;

2081 1496 2355 1551 hominem
2387 1510 2520 1549 sane
2550 1493 2771 1547 minime
2807 1493 3098 1546 obscurum
3129 1499 3181 1544 et
3213 1489 3519 1559 ignobilem,
3560 1488 3654 1541 sed

2082 1585 2244 1640 claris
2283 1595 2336 1640 et
2365 1585 2670 1639 illustribus
2702 1582 2997 1637 oriundum
3039 1580 3332 1643 natalibus,
3364 1593 3656 1645 rerumque

2082 1679 2322 1733 civilium
2340 1686 2395 1732 et
2417 1676 2760 1746 politicarnm
2787 1691 2912 1740 usu,
2941 1673 3335 1744 prudentiaque
3361 1679 3413 1723 et
3433 1668 3658 1724 scientia

2083 1771 2468 1826 clarissimum.
2497 1768 2877 1823 Grammaticze
2903 1766 3047 1820 enim
3077 1765 3416 1824 litteraturae,
3455 1771 3509 1816 et
3531 1776 3654 1814 car-

2085 1863 2249 1917 minis
2290 1860 2580 1931 pangendi,
2615 1860 2936 1928 dicendique
2982 1858 3172 1921 laude,
3211 1857 3343 1925 qnin
3386 1865 3440 1908 et
3479 1852 3658 1922 philo-

2086 1953 2290 2022 sophiae
2331 1961 2384 2006 et
2420 1951 2738 2015 medicinae,
2771 1958 2820 2004 et
2863 1947 3106 2003 omnium
3149 1960 3314 2015 prepe
3353 1942 3657 1998 liberalium

2085 2043 2495 2113 disciplinarum
2558 2049 2909 2096 externarum
2983 2037 3166 2113 studio
3243 2031 3661 2103 cognitioneque

2086 2107 2367 2204 tantopere
2399 2132 2644 2196 florebat,
2685 2140 2744 2185 ut
2780 2129 2878 2184 aevi
2909 2128 2991 2183 sui
3023 2107 3181 2181 facile
3211 2124 3460 2194 princeps
3491 2120 3660 2174 babe-

2086 2235 2258 2289 retur,
2305 2224 2415 2277 imo
2466 2231 2520 2276 et
2561 2236 2684 2276 cum
2738 2219 3011 2274 veteribus
3045 2219 3156 2288 jam
3199 2225 3406 2271 certare
3455 2221 3662 2283 posset.

2087 2316 2278 2371 Omnia
2303 2316 2501 2384 quippe
2531 2314 2584 2367 in
2614 2313 2707 2366 illo
2720 2319 3130 2375 concurrerant,
3155 2304 3660 2377 aptitudoquaedam

2088 2414 2141 2458 et
2172 2413 2378 2458 natura:
2405 2403 2485 2458 vis
2507 2417 2569 2455 ac
2601 2401 2854 2460 felicitas,
2881 2398 3145 2462 studium,
3171 2410 3323 2464 opes,
3341 2393 3539 2462 quibus
3558 2390 3660 2445 sibi

2089 2496 2350 2550 librorum
2395 2495 2639 2548 omnium
2686 2493 2979 2547 maximam
3020 2490 3230 2558 copiam
3271 2483 3662 2554 comparabat:

2089 2597 2163 2649 et.
2194 2587 2340 2656 quod
2374 2602 2484 2655 prae
2509 2586 2744 2648 cunctis,
2786 2583 2971 2654 gloriae
2998 2580 3285 2648 laudisque
3311 2575 3530 2644 cupido,
3561 2587 3666 2641 qua

2091 2678 2349 2738 incensus
2395 2687 2537 2733 totas
2581 2685 2788 2738 noctes,
2823 2685 2880 2728 ut
2910 2673 3126 2728 lectioni
3169 2671 3389 2727 assidue
3427 2672 3660 2729 vacaret,

2091 2769 2324 2822 ducebat
2377 2770 2672 2823 insomnes.
2741 2767 3010 2834 Quoniam
3060 2779 3190 2818 vero
3243 2775 3458 2817 sacrum
3504 2757 3668 2812 etiam

2093 2860 2261 2929 (quod
2302 2860 2506 2914 utinam
2559 2875 2832 2929 nunquam
2872 2855 3083 2926 fuisset)
3116 2855 3370 2908 thronum
3412 2845 3670 2901 Ecclesiae

2093 2967 2496 3006 conscensurus
2548 2960 2685 3016 erat,
2732 2965 2887 3005 sacra
2935 2960 3152 3017 quoque
3195 2953 3249 2996 et
3301 2935 3668 2995 ecclesiastica

2093 3043 2370 3097 volumina
2417 3043 2661 3097 studiose
2692 3042 2858 3109 cmpit
2890 3039 3153 3092 lectitare.
3183 3033 3382 3087 Verum
3406 3037 3465 3083 ut
3494 3028 3670 3080 Theo-

2094 3136 2199 3203 logi
2245 3134 2570 3188 Nazianzeni
2612 3135 2714 3186 ritu
2764 3134 2956 3199 loquar
2999 3129 3098 3197 (4),
3133 3125 3276 3195 quod
3321 3136 3454 3177 sane
3499 3119 3669 3187 ipsius

413 3207 604 3300 σοφίας
630 3207 866 3298 ἀνάξιον.
906 3232 978 3284 Οὐ
1006 3232 1114 3301 γὰρ
1143 3233 1377 3302 ἠθέλησε
1410 3233 1698 3304 προσέχειν
1729 3207 1819 3283 τὸν
1848 3230 1992 3294 νοῦν,

2106 3226 2372 3296 sapientia
2425 3224 2704 3294 indignum
2757 3221 2890 3284 fuit,
2936 3219 3327 3288 ignorationem
3379 3207 3668 3280 ignoravit.

413 3325 491 3377 ὅτι
546 3325 620 3378 EI
656 3343 744 3390 τις
797 3323 955 3379 θέλει
1002 3324 1194 3393 σοφὸς
1241 3324 1515 3394 γενέσθαι
1573 3325 1644 3376 ἐν
1691 3320 1769 3390 τῷ
1827 3321 1993 3376 αἰῶνι

413 3417 621 3481 τούτῳ,
648 3417 844 3485 μωρὸς
877 3421 1159 3486 γενέσθω,
1192 3418 1292 3470 ἵνα
1341 3420 1584 3486 γένηται
1621 3417 1832 3484 σοφός.
1860 3416 1994 3468 Οὐδὲ

414 3510 512 3578 τὴν
545 3509 665 3562 ὁδὸν
703 3509 875 3562 εἵλετο
920 3508 1020 3578 τῆς
1070 3509 1594 3578 ταπεινοφροσύνης,
1635 3508 1700 3560 δι’
1730 3503 1796 3578 ἦς
1835 3509 1864 3576 ἡ
1898 3524 1994 3576 με-

339 3582 358 3598 ’
417 3602 553 3670 γάλη
596 3600 692 3654 τοῦ
748 3599 882 3653 Θεοῦ
917 3601 1075 3671 χάρις
1129 3601 1280 3667 καὶὴ
1320 3599 1524 3669 ἀληθὴς
1584 3599 1744 3668 σοφία
1796 3598 1994 3651 δίδοται

419 3693 510 3747 καὶ
544 3691 900 3762 κατορθοῦται
924 3708 937 3721 ’
969 3691 1086 3744 ούδέ
1116 3691 1421 3760 στραφῆναι
1443 3691 1534 3743 καὶ
1563 3689 1813 3758 γενέσθαι
1843 3688 1916 3751 ὡς
1937 3689 1998 3741 τὸ

421 3786 630 3838 παιδίον
650 3785 736 3838 διὰ
769 3784 866 3854 τὴν
894 3783 984 3837 τοῦ
1018 3783 1152 3836 Θεοῦ
1187 3781 1480 3852 βασιλείαν,
1517 3780 1591 3844 ὼς
1613 3782 1645 3850 ἡ
1669 3779 1762 3832 τοῦ
1791 3779 1996 3851 Κυρίου

420 3877 810 3948 διαμαρτυρία,
853 3876 1178 3941 κατεδέξατο
1198 3890 1210 3902 '
1237 3873 1352 3927 ἀλλ’
1381 3873 1502 3926 οὐδὲ
1539 3872 1747 3942 ρκάψαι
1775 3872 1872 3942 τὴν
1901 3873 1996 3924 αύ-

421 3967 509 4020 τοῦ
548 3966 750 4038 ψυχὴν,
786 3953 880 4020 καὶ
903 3966 1129 4036 βαθῦναι
1159 3964 1256 4035 τὴν
1276 3965 1515 4017 διάνοιαν
1545 3963 1634 4016 διά
1657 3964 1840 4032 πάσης
1865 3964 1998 4016 ὑπο-

421 4063 612 4129 ταγῆς,
663 4059 802 4112 κατά
862 4058 1086 4128 Κύριον,
1141 4059 1231 4110 καὶ
1284 4057 1611 4126 ἀτιμοτέρας
1647 4056 1870 4124 ἀγωγῆς
1906 4056 2000 4109 καὶ

422 4150 860 4218 ταπεινόφρονος,
879 4150 972 4202 καὶ
999 4149 1066 4202 δι’
1089 4147 1354 4210 ἀπαθείας
1371 4145 1512 4199 οὕτω
1537 4149 1601 4216 τῇ
1628 4147 1802 4216 πέτρᾳ
1829 4163 2001 4216 προσ-

423 4242 640 4309 εγγίσαι
689 4239 927 4311 Χριστῷ,
958 4242 1072 4293 ’καὶ
1098 4238 1186 4292 ἐπ’
1225 4238 1372 4307 αύτῷ
1406 4237 1577 4289 θεῖναι
1629 4237 1875 4305 θεμέλιον
1908 4237 2001 4288 πί-

426 4353 592 4398 στεως
622 4335 866 4404 ἀρραγῆ,
924 4334 1016 4385 καὶ
1050 4333 1114 4385 δι’
1141 4331 1360 4400 ἀγαθῶν
1405 4329 1658 4398 πράξεων
1712 4329 1852 4382 οὕτω
1904 4328 2000 4396 τῆς

427 4427 615 4495 σοφίας
644 4424 753 4496 [ἴσ.
800 4427 865 4494 τῇ
899 4421 1084 4494 σοφίᾳ]
1130 4423 1321 4474 ἑαυτὸν
1370 4420 1673 4490 οἰκοδομεῖν
1697 4437 1711 4450 ·
1742 4421 1804 4472 ού
1830 4419 2002 4473 ταῦτα

424 4515 764 4586 διανενόηται
785 4518 813 4568 ὁ
848 4516 1011 4583 σοφός
1035 4531 1048 4544 ο
1078 4513 1272 4567 πολλοῦ
1311 4530 1374 4582 γε
1400 4513 1509 4566 δεῖν
1529 4528 1543 4542 ο
1585 4513 1678 4565 καὶ
1706 4512 1856 4564 οὐδὲν
1879 4513 2000 4564 τού-

2102 3314 2286 3368 Noluit
2323 3313 2466 3368 enim
2509 3311 2961 3373 animadvertere,
2991 3307 3274 3377 quoniam,
3333 3301 3394 3357 Si
3421 3300 3538 3369 quis
3563 3296 3672 3350 vult

2101 3409 2306 3474 sapiens
2349 3406 2465 3475 ﬁeri
2503 3405 2557 3458 in
2595 3405 2691 3457 hoc
2739 3402 2954 3465 mundo,
2992 3399 3186 3454 stultus
3237 3397 3328 3461 sit,
3374 3402 3431 3446 ut
3463 3390 3673 3457 sapiens

2105 3501 2201 3570 liat
2226 3501 2268 3554 ³.
2294 3497 2480 3569 Neque
2502 3498 2644 3552 viam
2671 3495 2949 3550 modestia:
2984 3501 3037 3548 et
3060 3487 3444 3546 submissionis
3466 3485 3674 3553 ingres-

2104 3607 2197 3647 sus
2233 3599 2338 3656 est,
2390 3606 2497 3661 qua
2531 3591 2598 3644 ad
2648 3589 2924 3644 caelestem
2972 3583 3203 3655 gratiam
3250 3590 3545 3647 veramque
3582 3588 3672 3627 sa-

2104 3684 2360 3753 pientiam
2395 3683 2755 3753 pervenitur:
2799 3693 2977 3748 neque
3023 3673 3271 3746 deposito
3315 3670 3456 3725 fastu
3505 3667 3678 3721 voluit

2105 3774 2370 3838 converti,
2410 3784 2464 3829 et
2499 3774 2614 3828 tieri
2641 3783 2701 3827 ut
2729 3771 3009 3842 parvulus,
3047 3775 3267 3838 propter
3301 3777 3527 3833 regnum
3559 3759 3674 3823 Dei,

2100 3865 2494 3936 juxtaDomini
2523 3881 2707 3920 vocem
2733 3881 2749 3918 :
2785 3877 2958 3931 neque
2985 3861 3222 3914 animam
3254 3869 3408 3910 suam
3438 3862 3490 3907 et
3522 3866 3684 3904 meu-

2108 3965 2214 4010 tem
2241 3957 2404 4010 altius
2443 3954 2629 4008 fodere
2658 3961 2714 4006 et
2743 3950 2890 4005 omni
2920 3947 3258 4017 subjeclione
3289 3942 3588 4003 demittere,
3623 3945 3681 3990 ut

2101 4047 2256 4118 jubet
2283 4045 2563 4108 Dominus,
2594 4059 2688 4113 per
2719 4042 3066 4110 abjectiorem
3107 4037 3561 4100 humilioremque
3587 4045 3676 4083 se-

2107 4140 2344 4200 mitam;
2399 4145 2561 4204 atque
2609 4135 2684 4188 ita
2731 4148 2826 4202 per
2865 4130 3157 4185 affectuum
3207 4122 3676 4180 mortificationem

2108 4239 2272 4300 petrae
2302 4228 2521 4282 Christo
2553 4225 2838 4295 conjungi,
2878 4231 2934 4278 et
2968 4236 3130 4289 super
3159 4219 3338 4288 ipsum
3387 4215 3679 4275 inconcus-

2108 4333 2228 4371 sum
2277 4317 2398 4370 fidei
2448 4313 2864 4368 fundamentum
2905 4325 3130 4380 ponere,
3180 4315 3234 4360 et
3279 4304 3384 4374 piis
3422 4300 3683 4370 operibus

2109 4409 2347 4478 scipsum
2404 4405 2739 4460 domicilium
2791 4402 3072 4472 sapientiae
3130 4397 3480 4454 constituere.
3535 4392 3683 4447 Nihil

2109 4501 2306 4576 horum
2331 4498 2458 4553 huic
2481 4497 2631 4576 venit
2653 4495 2706 4549 in
2735 4506 2993 4556 mentem,
3023 4492 3128 4547 alia
3156 4489 3340 4546 omnia
3369 4484 3641 4555 cogitabat
3666 4501 3680 4536 :

426 4569 532 4662 των
574 4569 669 4661 ἐπί
715 4607 838 4661 νοῦν
866 4569 1028 4678 ἦλθεν
1062 4605 1232 4676 αύτῷ,
1275 4569 1390 4658 ἀλλ’
1427 4604 1520 4658 ἐπὶ
1553 4603 1737 4674 σαθρῷ
1769 4603 1992 4673 θεμελίῳ

2103 4569 2282 4664 fragili
2313 4603 2367 4646 et
2395 4569 2649 4654 arenoso,
2688 4603 2842 4642 vana:
2875 4584 3222 4656 profanaque
3245 4579 3528 4650 sapientiae
3556 4576 3684 4628 fun-

426 4702 519 4755 καὶ
549 4700 821 4772 ἀμμώδει,
873 4703 938 4770 τῇ
996 4701 1235 4768 κοσμικῇ
1269 4699 1453 4767 σοφίᾳ,
1483 4697 1579 4750 καὶ
1627 4699 1692 4767 τῇ
1719 4694 2002 4766 ἀλαζονεία

422 4792 519 4846 τοῦ
544 4793 618 4864 μὴ
643 4791 783 4844 κατὰ
817 4791 1051 4862 Χριστὸν
1088 4789 1516 4858 πεπαιδευμένου
1548 4788 1707 4856 λόγου
1740 4787 1835 4856 τὴν
1875 4787 2003 4840 ἐαυ-

423 4886 520 4941 τοῦ
571 4885 801 4956 καρδίαν
853 4883 1112 4954 στηρίξας
1153 4884 1246 4935 καὶ
1275 4881 1365 4934 τὸν
1404 4881 1548 4944 νοῦν,
1575 4881 1798 4944 καὶτοῖς
1830 4880 2006 4940 κενοῖς

424 4976 534 5029 τῶν
585 4975 888 5045 ἀνθρώπων
945 4974 1191 5035 ἐπαίνοις
1240 4973 1334 5025 καὶ
1366 4972 1582 5040 κρότοις
1621 4969 2002 5039 φυσιούμενος,

427 5068 522 5123 καὶ
553 5067 644 5120 ἐπὶ
680 5066 812 5119 πολὺ
849 5067 914 5136 τῇ
935 5065 1211 5134 κενοδοξία
1241 5063 1724 5133 μετεωριζόμενος,
1742 5060 1808 5114 δι’
1833 5059 2004 5126 αὐτῆς

428 5164 494 5230 τῇ
519 5159 690 5230 ἐχθρᾷ
719 5157 809 5210 τοῦ
836 5157 970 5210 Θεοῦ
1001 5154 1349 5225 ὑπερηφανίᾳ
1375 5152 1772 5224 προσεπέλασε,
1827 5151 1896 5203 δι’
1938 5146 2006 5222 ἦς

436 5250 777 5322 κακουργίαν
811 5266 869 5302 τε
902 5251 1080 5301 πᾶσαν
1132 5247 1225 5299 καὶ
1259 5247 1439 5298 πᾶσαν
1469 5242 1776 5296 σκανδάλων
1813 5239 2006 5293 ὑπόθε-

437 5363 519 5398 σιν
556 5343 1014 5414 μυσταγωγεῖται.
1049 5338 1213 5393 Ὅθεν
1269 5337 1526 5404 ἀδόκιμον
1576 5332 1740 5388 αὑτοῦ
1772 5332 1869 5402 τὴν
1907 5332 2008 5401 τῆς

438 5437 748 5510 ῖερόυργίας
770 5434 1205 5502 καταϐαλόμενος
1237 5429 1428 5501 ἀρχὴν,
1463 5427 1752 5481 ἀκόλουθον
1792 5425 1915 5493 ἔσχε
1943 5426 2008 5494 τῇ

438 5531 580 5602 ἀρχῇ
629 5531 689 5582 τὸ
741 5529 918 5592 τέλος.
954 5527 1027 5580 Ού
1067 5526 1174 5596 γὰρ
1219 5523 1576 5594 παρῃτήσατο
1603 5520 1699 5589 την
1754 5517 1829 5581 ὡς
1864 5515 2011 5588 παρά

513 5706 533 5737 ³
565 5704 582 5757 1
612 5703 739 5760 Cor.
767 5718 849 5769 ιιι,
883 5702 967 5756 i8.
1016 5773 1028 5792 χ

513 5879 588 5950 (ι)
609 5879 816 5944 Potius,
852 5889 909 5932 ut
941 5892 1088 5932 more
1114 5874 1304 5945 loquar
1329 5873 1588 5943 Sripturm
1612 5884 1797 5925 sacrm.
1827 5865 2000 5922 ΙΙΑιιι).

2111 4688 2364 4740 damento
2386 4694 2441 4738 et
2467 4681 2788 4746 insolentiae,
2817 4695 2922 4733 non
2951 4675 3250 4732 secundum
3290 4671 3567 4727 Christum
3591 4668 3688 4720 do-

2111 4780 2299 4833 ctrina:
2351 4792 2444 4831 cor
2485 4789 2645 4830 suum
2711 4781 3052 4839 mentemque
3108 4765 3477 4827 confirmans,
3531 4757 3684 4812 vanis

2114 4870 2393 4924 hominum
2433 4866 2686 4922 laudibus
2718 4873 2771 4918 et
2810 4863 3091 4932 plausibus
3132 4855 3373 4920 inflatus,
3401 4853 3685 4918 elatusque

2110 4961 2257 5015 inani
2313 4959 2508 5030 gloria,
2555 4973 2650 5027 per
2689 4956 2860 5024 ipsam
2911 4952 3144 5006 inimicae
3179 4948 3288 5001 Deo
3331 4941 3596 5014 superbia:
3628 4955 3688 4993 se

2110 5052 2396 5122 conjunxit
2456 5069 2469 5104 :
2524 5065 2590 5103 ex
2631 5063 2739 5116 quo
2781 5045 2961 5100 omnis
3002 5041 3293 5111 impietatis
3334 5035 3690 5100 omniumque

2112 5145 2472 5200 offensionum
2513 5141 2791 5196 materiem
2840 5139 3063 5192 edoctus
3097 5140 3200 5189 est.
3242 5130 3383 5200 Ergo
3408 5127 3567 5198 jactis
3599 5139 3692 5177 sa-

2113 5237 2338 5293 cerdotii
2399 5237 2482 5291 sui
2543 5231 2917 5303 improbandis
2979 5223 3382 5288 fundamentis,
3439 5229 3687 5276 extrema

2114 5330 2286 5384 initiis
2317 5335 2680 5383 consentanea
2711 5324 2936 5378 sortitus
2971 5329 3072 5376 est.
3114 5316 3222 5372 Nec
3249 5316 3393 5371 enim
3431 5311 3687 5382 repudia-

2115 5423 2193 5474 vit
2243 5419 2536 5474 Ecclesiam
2563 5458 2578 5483 ,
2618 5426 2878 5484 tanquam
2915 5430 2943 5468 a
2985 5409 3227 5482 profanis
3279 5403 3687 5477 magistratibus
3726 5410 3729 5414 '

2118 5511 2345 5583 profane
2372 5520 2426 5565 et
2451 5509 2716 5578 sacrilege
2739 5508 2842 5562 sibi
2881 5507 3259 5562 demamtatam
3289 5516 3306 5569 ς
3338 5512 3510 5568 neque
3545 5495 3688 5549 velut
