4092 6666
346 514 442 576 5ὶ1

1541 507 1838 568 ΝΙΟΕῬίΕ
1868 506 2393 569 PAPHLAGONIS

3510 508 3620 574 512

336 626 496 681 alteri
535 625 654 680 viro
687 633 935 696 nuptam,
965 620 1067 681 sibi
1107 637 1202 694 per
1235 619 1562 676 adulterium
1596 620 1919 690 desponderi

2027 617 2310 688 κοσμικῶν
2343 617 2620 687 ἀρχόντων
2651 616 2910 686 ἀκόσμως
2940 614 3088 686 αὐτῷ
3118 617 3212 671 καὶ
3241 617 3496 689 ἀθέσμως
3525 621 3612 675 ἐν-

335 720 546 774 veritus
567 727 650 773 est
675 735 690 772 :
720 718 814 773 sed
839 725 1028 772 contra
1061 716 1239 786 potius
1270 713 1724 778 exsultabundus,
1761 713 1918 768 avide

338 815 790 885 impudenterque
833 815 886 867 in
926 813 1071 866 illius
1100 810 1440 880 complexum
1481 809 1622 876 ruit,
1662 810 1919 863 alienaru-

339 923 444 973 que
485 915 746 975 tanquam
798 904 1070 974 propriam
1124 905 1300 973 palam
1348 902 1660 970 arrogavit,
1711 916 1918 970 suaque

337 997 560 1052 infamia
599 1006 653 1051 et
689 996 950 1051 dedecore
995 996 1353 1066 gloriabatur,
1390 1002 1446 1049 et
1496 993 1823 1048 laudabatur
1861 993 1917 1046 in

338 1090 623 1156 iniquitate
648 1103 746 1142 sua
775 1105 789 1152 ;
824 1091 1075 1156 intraque
1105 1102 1196 1141 sex
1232 1101 1338 1142 non
1371 1087 1606 1156 amplius
1627 1086 1763 1148 dies,
1800 1101 1918 1139 ma-

336 1181 499 1234 nibus
536 1181 816 1234 hominum
854 1180 1122 1243 initiatus,
1155 1179 1499 1249 concupitam
1536 1179 1793 1234 Ecclesia:
1828 1193 1919 1232 ca-

339 1271 581 1325 thedram
630 1271 854 1326 invasit.
906 1270 1143 1339 Eratque
1190 1285 1316 1325 vere
1358 1285 1614 1333 cernere,
1649 1278 1708 1323 ut
1747 1269 1918 1323 fertur

335 1363 553 1434 adagio,
578 1362 1003 1432 extemporalem
1031 1362 1412 1432 tictitiumque,
1441 1377 1534 1417 seu
1566 1372 1916 1432 personatum

334 1465 608 1510 sanctum.
637 1453 771 1509 Nam
810 1456 986 1524 primo
1019 1455 1104 1509 die
1125 1456 1430 1510 monachus
1455 1470 1520 1509 ex
1555 1455 1714 1518 laico,
1747 1455 1919 1510 altero

335 1547 527 1611 luctor,
553 1556 666 1601 tum
693 1547 1121 1618 hypodiaconus,
1153 1563 1215 1602 ac
1241 1547 1504 1602 diaconus
1530 1547 1875 1616 etpresbyter
1901 1567 1916 1602 :

334 1645 491 1693 sexto
517 1637 731 1703 deinde,
757 1638 848 1707 qui
887 1637 990 1692 fuit
1014 1637 1212 1692 Christi
1247 1637 1462 1699 natalis,
1484 1647 1536 1690 et
1560 1637 1674 1705 ipse
1700 1651 1915 1691 sacrum

334 1728 713 1783 conscendens
740 1728 996 1789 tribunal,
1024 1742 1210 1796 pacem
1241 1727 1457 1798 populo,
1483 1727 1619 1781 nihil
1644 1743 1767 1784 vera
1787 1743 1921 1797 pace

334 1815 561 1886 dlgnum
603 1816 871 1886 cogitans,
913 1816 1204 1871 nuntiavit.

405 2069 537 2126 Erat
554 2071 682 2127 huic
707 2081 896 2128 auctor
919 2081 972 2129 et
1001 2074 1246 2130 initiator
1273 2075 1323 2129 in
1345 2076 1599 2132 omnibus
1620 2077 1918 2149 Gregorius

333 2167 427 2223 ille
467 2179 826 2238 cognomento
853 2172 1106 2238 Asbesta,
1141 2187 1302 2241 quem
1339 2171 1748 2240 Syracusanum
1786 2171 1915 2225 olim

332 2261 641 2329 pontificem
693 2261 863 2317 fuisse
916 2263 1116 2329 ferunt,
1169 2269 1284 2317 tum
1340 2261 1810 2332 Constantinopoli
1851 2261 1918 2316 de

333 2350 625 2406 maleficiis
658 2367 809 2406 reum
843 2351 1066 2412 factum.
1098 2359 1152 2405 et
1177 2351 1287 2419 jam
1321 2350 1523 2416 Romae,
1552 2350 1697 2421 quod
1725 2359 1918 2406 contra

332 2440 480 2511 leges
510 2452 565 2496 et
610 2444 923 2498 sanctiones
964 2443 1368 2498 ecclesiasticas
1412 2451 1712 2513 peccasset,
1752 2457 1919 2497 exau-

331 2543 627 2589 ctoratum.
662 2533 818 2587 llunc
847 2534 1105 2604 lgnatius,
1131 2549 1252 2588 cum
1280 2541 1422 2588 esset
1449 2533 1754 2603 patriarcha
1783 2547 1918 2587 con-

333 2623 658 2688 secrandus,
695 2638 760 2677 ne
795 2624 1091 2677 initiationi
1125 2638 1238 2678 sua:
1275 2623 1580 2688 interesset,
1610 2622 1915 2689 admonuit,

333 2713 506 2769 donec
532 2731 630 2784 per
658 2715 831 2769 otium
861 2730 1026 2769 causa
1060 2714 1229 2783 ipsius
1253 2715 1538 2782 diligenter
1569 2729 1920 2784 cognoscere-

333 2811 446 2859 tur.
471 2805 624 2872 Quod
644 2807 965 2876 patriarcha:
983 2806 1120 2861 inter
1139 2806 1288 2860 initia
1311 2805 1512 2861 factum
1533 2806 1705 2872 multi,
1725 2822 1920 2876 quam-

332 2897 420 2956 vis
438 2898 585 2970 juste
615 2898 840 2965 factum,
872 2900 1356 2970 reprehenderunt.

405 3161 568 3228 Hinc,
609 3179 643 3220 ο
673 3166 799 3234 quis
837 3180 901 3220 ex
933 3165 1020 3220 his
1052 3168 1244 3236 paucis
1278 3165 1459 3221 verbis
1493 3175 1668 3220 ortam
1709 3166 1918 3221 cladem

334 3252 484 3308 illam
513 3262 566 3308 et
597 3263 812 3309 noctem
847 3255 1082 3324 explicet
1120 3255 1141 3307 ?
1171 3257 1294 3323 quis
1325 3257 1515 3310 turbas
1548 3263 1600 3310 et
1631 3253 1916 3318 factiones,

334 3344 568 3416 litesque
599 3354 654 3399 et.
683 3330 1085 3415 improbitatem
1124 3347 1272 3401 illius
1314 3348 1468 3416 probi
1517 3347 1592 3416 (5)
1633 3346 1802 3401 Siculi
1833 3345 1920 3399 di-

333 3441 508 3494 cendo
531 3449 855 3508 assequatur
881 3440 904 3493 ?
943 3437 1114 3493 Simul
1144 3455 1208 3493 ac
1233 3441 1377 3494 enim
1408 3440 1525 3508 ejus
1558 3440 1633 3494 rei
1664 3440 1918 3494 nuntium

334 3529 568 3597 accepit,
595 3543 703 3581 non
736 3543 796 3584 se
832 3529 1216 3598 pliilOSOphum
1258 3529 1514 3594 ostendit,
1546 3540 1600 3585 et
1634 3531 1916 3585 infamiam

335 3634 493 3674 suam
545 3619 840 3688 prudenter
872 3620 1220 3690 dedecusque
1268 3622 1510 3676 contexit
1539 3639 1554 3688 ;
1588 3623 1681 3677 sed
1733 3638 1922 3678 cereos

335 3711 403 3766 de
437 3709 631 3779 lgnatii
667 3711 1081 3766 consecratione
1115 3722 1366 3782 acceptos
1395 3713 1613 3783 ahjecit,
1642 3721 1698 3770 et
1739 3715 1919 3784 impu-

336 3803 660 3858 dentissimo
680 3818 776 3858 ore
805 3803 1142 3859 innocentem
1173 3819 1358 3859 coram
1394 3807 1647 3862 universa
1681 3807 1916 3863 Ecclesia

338 3895 636 3950 foedissime
664 3895 1026 3961 conviciatus,
1060 3897 1245 3965 lupum
1284 3913 1381 3966 pro
1410 3907 1626 3967 pastore
1657 3900 1918 3954 substitui

336 3988 545 4044 furiose
577 3989 895 4044 clamitavit.
933 3991 1101 4057 Quem
1137 3999 1191 4044 ct
1227 3991 1418 4046 Petrus
1461 3991 1683 4062 quidam
1717 3992 1920 4047 Sardo-

337 4096 458 4134 rum
506 4081 793 4150 episcopus
849 4091 1210 4152 cognomento
1252 4081 1446 4148 Miser,
1499 4091 1553 4138 et
1602 4084 1919 4155 Eulampius

337 4173 611 4243 Apameze,
645 4174 845 4243 aliique
875 4188 906 4228 e
929 4175 1074 4229 clero
1102 4177 1451 4231 obscuriores
1483 4174 1502 4248 [
1528 4177 1917 4249 insigniores],

337 4267 548 4335 seipsos
583 4265 652 4319 ab
700 4263 945 4321 Ecclesia
979 4266 1097 4320 siue
1133 4281 1298 4322 causa
1332 4268 1703 4339 sejungentes,
1745 4270 1917 4325 secuti

338 4365 490 4413 sunt.

411 4451 673 4508 Undecim
731 4453 896 4524 igitur
944 4452 1117 4522 ipsius
1144 4438 1301 4508 annis
1343 4452 1583 4523 lgnatius
1623 4470 1653 4509 a
1707 4467 1919 4525 recepta

340 4543 579 4613 primum
636 4547 762 4599 sedc
806 4544 1444 4615 Constat‘ttinopolitana,
1497 4548 1648 4602 omni
1711 4548 1920 4604 ratione

1940 1958 1990 2018 B

2017 713 2300 783 διδομένην
2337 711 2684 781 Ἐκκλησίαν,
2711 709 2820 763 οὐδ’
2843 709 2918 773 ὡς
2949 711 3120 781 ἑτέρῳ
3155 712 3306 781 ἀνδρὶ
3339 713 3614 783 καθηρμο-

2023 807 2234 876 σμένην
2273 804 2537 875 μοιχικῶς
2586 802 2768 874 ἐαυτῷ
2817 804 3229 871 κατεγγυᾶσθαι
3291 804 3610 875 ηὐλαϐήθη·

2019 897 2332 950 τούναντίον
2371 897 2468 965 μὲν
2496 890 2589 947 οὖν
2629 895 2723 947 καὶ
2758 893 3072 964 περιχαρῶς
3094 935 3108 958 ,
3147 895 3179 964 ἦ
3215 895 3448 960 ἀναιδῶς
3482 897 3606 964 μᾶλ-

2020 990 2134 1054 λον,
2167 989 2570 1058 κατησπάζετο,
2595 987 2689 1040 καὶ
2722 987 2797 1049 ῶς
2832 986 2967 1050 ἰδίας
2992 987 3088 1057 τῆς
3118 987 3402 1058 ἀλλοτρίας
3431 989 3614 1056 σαφῶς

2020 1080 2380 1144 ἀντεποιεῖτο,
2407 1078 2500 1130 καὶ
2525 1078 2580 1130 ἐν
2603 1079 2668 1146 τῇ
2707 1075 2939 1148 αἰσχύνῃ
2980 1075 3146 1129 αὑτοῦ
3187 1076 3418 1148 ἐγαυρία
3463 1077 3616 1142 δοξα-
3719 1067 3722 1069 ’

2021 1172 2269 1243 ζόμενος,
2298 1172 2391 1224 καὶ
2417 1171 2473 1223 ἐν
2502 1171 2567 1242 τῇ
2594 1168 2777 1239 ἀδικίᾳ
2808 1168 2974 1222 αὐτοῦ
3026 1169 3384 1237 ἐνευλογείτο,
3419 1171 3514 1225 καὶ
3557 1173 3614 1225 ἐν

2021 1267 2081 1332 ἓξ
2121 1268 2238 1330 ταῖς
2267 1267 2419 1326 ὅλαις
2441 1263 2679 1334 ἡμέραις
2718 1263 2906 1332 χερσὶν
2954 1263 3258 1335 ἀνθρώπων
3300 1265 3612 1336 τελειούμε-

2021 1374 2129 1421 νος,
2161 1355 2262 1423 τῆς
2283 1349 2724 1425 ἐπιθυμουμένης
2750 1349 3162 1421 ἐπελαμϐάνετο
3187 1351 3454 1422 καθέδρας
3475 1368 3488 1382 ·
3518 1338 3614 1403 καὶ

2019 1443 2087 1518 ἦν
2104 1447 2315 1514 ἀληθῶς
2331 1447 2535 1500 ἐκεῖνον
2551 1448 2683 1518 όρᾷν
2704 1446 2842 1516 αύθὴ
2853 1463 2918 1515 με
2926 1462 3017 1514 ρον
3040 1444 3194 1513 ἀγιον
3219 1443 3609 1512 πλαττόμενον,

2021 1540 2162 1592 κατά
2184 1540 2279 1610 τὴν
2305 1539 2625 1610 παροιμίαν.
2652 1537 2849 1610 Πρώτη
2879 1539 2989 1609 γὰρ
3010 1536 3195 1608 ἡμέρᾳ
3222 1535 3452 1606 μοναχὸς
3491 1536 3614 1588 ἀντὶ

2021 1629 2229 1696 λαῖκοῦ,
2252 1633 2317 1702 τῇ
2341 1631 2568 1702 δευτέρᾳ
2584 1631 2640 1684 δὲ
2664 1631 3034 1699 ἀναγνώστης,
3058 1629 3154 1681 καὶ
3179 1628 3526 1690 ὑποδιάκονος
3544 1629 3611 1696 τῇ

2022 1723 2170 1790 ἐξῆς,
2195 1718 2316 1777 εἶτα
2344 1723 2612 1790 διάκονος,
2642 1720 2762 1777 εἶτα
2784 1721 3169 1793 πρεσϐύτεροςο
3190 1721 3377 1774 ἔπειτα
3394 1722 3458 1791 τῇ
3477 1720 3612 1790 ἕκτῃ

2023 1813 2282 1886 (Χριστοῦ
2320 1815 2375 1868 δὲ
2412 1811 2480 1886 ἦν
2509 1815 2577 1869 τὰ
2605 1813 2876 1884 γενέθλια)
2909 1815 3003 1868 καὶ
3029 1813 3191 1876 αὐτὸς
3239 1813 3317 1884 τῷ
3351 1813 3624 1884 ἰερατικῴ

2023 1909 2270 1979 προσϐὰς
2317 1910 2528 1981 θρόνῳ,
2574 1909 2673 1980 τὴν
2705 1911 2929 1981 εἰρήνην
2981 1908 3058 1980 τῷ
3108 1907 3220 1976 λαῷ
3246 1907 3612 1979 προσεφώνει,

2023 2003 2189 2074 μηδὲν
2219 2003 2318 2072 τῆς
2344 2001 2604 2071 ἀληθινῆς
2639 2003 2861 2073 εἰρήνης
2883 2000 3032 2065 ἀξιον
3060 2001 3410 2071 ἐννοούμενος

2042 2168 2044 2170 τ
2089 2090 2198 2148 τΗν
2225 2093 2281 2147 δέ
2311 2092 2458 2163 αύτῷ
2483 2092 2796 2163 καθηγητὴς
2829 2094 2920 2145 καὶ
2943 2092 3314 2163 ίεροτελεστὴς
3341 2093 3412 2146 τά
3433 2093 3608 2147 πάντα

2020 2184 2060 2237 Γ
2069 2182 2325 2254 ρηγὸριος
2355 2183 2564 2244 ἐκεῖνος
2591 2183 2618 2234 6
2642 2179 2975 2251 καλούμενος
3020 2181 3337 2248 Ἀσὸεστᾶς,
3390 2182 3447 2234 ὃν
3478 2200 3607 2235 ποτε

2018 2275 2112 2328 καὶ
2134 2273 2487 2345 Συρακούσης
2514 2271 2615 2343 μὲν
2647 2271 2950 2325 ἐπίσκοπον
2977 2271 3188 2341 ἔφασαν
3221 2271 3495 2340 γενέσθαι,
3520 2274 3608 2325 ἐπ’

2019 2365 2328 2435 ἐγκλήμασι
2347 2364 2404 2417 δέ
2432 2381 2574 2417 τισιν
2598 2365 2677 2426 εἰς
2704 2364 2762 2416 τὸ
2784 2364 3077 2427 Βυζάντιον
3105 2363 3606 2436 κατηγορούμενον,

2019 2457 2121 2529 ἤδη
2172 2457 2356 2517 δὲκαὶ
2396 2455 2501 2510 ὑπὸ
2549 2457 2648 2525 τῆς
2678 2457 2784 2510 τῶν
2821 2457 3106 2528 Ῥωμαίων
3152 2458 3483 2530 Ἐκκλησίας
3532 2459 3610 2522 ὡς

2019 2549 2173 2620 παρὰ
2236 2548 2470 2614 κανόνας
2521 2547 2826 2619 πράξαντα,
2887 2549 3291 2624 καθῃρημένον.
3353 2551 3610 2619 Ἰγνάτιος

2020 2640 2143 2712 ἄρτι
2195 2640 2412 2712 πρῶτον
2475 2639 2896 2711 χειροτονεῖσθαι
2951 2641 3182 2710 μέλλων,
3228 2641 3303 2713 μὴ
3355 2644 3608 2712 παρεῖναι

2019 2731 2207 2785 τοῦτον
2239 2734 2305 2802 τῇ
2350 2732 2657 2802 χειροτονίᾳ
2706 2731 3068 2802 διεπέμψατο,
3099 2733 3256 2805 ἄχρις
3281 2726 3342 2786 οὗ
3374 2735 3443 2787 τὰ
3487 2732 3608 2787 κατ’

2021 2823 2207 2889 αὑτὸν,
2243 2822 2429 2891 φησὶν,
2481 2821 2576 2874 ἐπὶ
2616 2822 2812 2892 σχολῆς
2843 2822 3233 2893 ἀκριϐέστερον
3275 2823 3612 2892 διαγνωσθῇ..

2021 2914 2194 2969 Τοῦτο
2217 2917 2245 2968 ὁ
2274 2915 2621 2985 πατριάρχης
2670 2914 2728 2967 ἐν
2767 2914 3026 2985 πρώτοις,
3059 2915 3118 2968 ού
3153 2915 3331 2979 καλῶς
3366 2916 3486 2985 μὲν,
3535 2915 3610 2978 ῶς

2021 3025 2085 3077 γε
2113 3007 2302 3062 δοκοῦν
2334 3009 2448 3070 τοῖς
2478 3006 2712 3072 πολλοῖς,
2746 3008 2993 3079 πέπραχε
3041 3008 3085 3062 δ’
3117 3005 3210 3062 οῦν
3249 3009 3399 3078 ὅμως
3443 3009 3502 3061 ἐν
3529 3007 3608 3061 δι-

2022 3100 2285 3169 καιοσύνῃ
2298 3141 2309 3154 .

2107 3189 2410 3256 Ἐντεῦθεν,
2434 3189 2478 3243 ὣ
2503 3190 2585 3254 τίς
2619 3190 2684 3244 ἀν
2710 3190 2916 3254 ἐξείποι
2958 3189 3057 3260 τὴν
3097 3187 3342 3260 ταραχὴν
3373 3189 3469 3243 καὶ
3511 3189 3612 3258 τὴν

2026 3281 2424 3352 σκοτόμαιναν;
2453 3281 2537 3345 τίς
2576 3281 2674 3352 τὴν
2696 3281 2804 3334 ἀπὸ
2839 3281 2928 3334 τοῦ
2959 3281 3159 3353 μικροῦ
3187 3282 3428 3351 ῥήματος
3463 3280 3612 3348 φιλορ-

2021 3371 2249 3432 νεικίαν,
2284 3372 2380 3424 καὶ
2408 3370 2545 3442 ἔριν,
2581 3370 2676 3423 καὶ
2715 3369 3079 3440 μνησικακίαν
3113 3368 3204 3421 τοῦ
3259 3365 3434 3420 δεινοῦ
3468 3365 3610 3419 ἐκεί⁴

2020 3479 2112 3515 νου
2163 3461 2386 3514 Σικελοῦ
2437 3461 2836 3534 παραστήσαι;
2864 3459 3040 3522 Εὐθὺς
3075 3461 3185 3530 γὰρ
3226 3457 3486 3521 ἀκούσας,
3513 3457 3612 3509 οὐκ

2020 3554 2382 3625 ἐφιλοσόφησε
2435 3553 2572 3624 πρὸς
2627 3553 2727 3624 τὴν
2781 3552 3061 3621 ἀγγελίαν,
3127 3551 3190 3605 οὐ
3246 3549 3344 3621 τὴν
3381 3549 3514 3603 ἰδίαν
3537 3547 3611 3612 ὡς

2021 3648 2283 3716 φρόνιμος
2310 3643 2679 3714 συνεκάλυψεν
2702 3644 2989 3716 αἰσχύνην,
3023 3643 3147 3706 τοὺς
3185 3643 3276 3695 ἐπὶ
3311 3639 3615 3712 χειροτονίᾳ

2017 3737 2074 3790 δὲ
2105 3739 2309 3809 κηροὺς
2329 3738 2438 3791 τῶν
2465 3738 2630 3792 αὑτοῦ
2663 3737 2860 3810 χειρῶν
2883 3735 3214 3808 ἀπορρίψας,
3235 3738 3329 3788 καὶ
3358 3750 3613 3787 καταναι-

2019 3827 2370 3898 δευσάμενος,
2407 3830 2589 3898 πάσης
2618 3828 2849 3881 ἐνώπιον
2891 3831 2991 3899 τῆς
3037 3826 3332 3895 ἐκκλησίας
3369 3824 3614 3894 ἐσχάτως

2019 3919 2394 3992 διελοιδορεῖτο
2423 3921 2515 3974 τὸν
2544 3921 2808 3985 ἀναίτιον,
2841 3921 2934 3974 καί
2981 3919 3145 3973 λύκον
3195 3919 3317 3972 ἀντὶ
3353 3917 3614 3984 ποιμένος

2019 4011 2322 4065 ἐπεισιέναι
2379 4014 2445 4083 τῇ
2515 4012 2782 4085 ἐκκλησίᾳ
2815 4013 3094 4084 μανιωδῶς
3145 4010 3534 4081 διισχυρίζετο·
3568 4000 3616 4076 ᾧ

2021 4103 2114 4156 καὶ
2167 4105 2374 4174 Πέτρος
2407 4105 2437 4156 6
2492 4103 2763 4176 Σαρδέων,
2795 4107 2824 4158 6
2853 4105 3143 4175 λεγόμενος
3182 4103 3441 4167 Δείλαιος,
3475 4100 3613 4170 πρὸς

2019 4194 2077 4246 δὲ
2104 4195 2198 4247 καὶ
2228 4197 2255 4246 ὁ
2289 4194 2592 4264 Ἀπαμείας
2627 4195 2962 4265 Εὑλάμπιος,
3020 4196 3116 4249 καὶ
3150 4194 3299 4248 ἄλλοι
3321 4193 3465 4254 τινὲς
3504 4190 3613 4242 τῶν

2023 4286 2384 4358 ἀσημοτέρων
2417 4286 2535 4356 [ἀν.
2575 4286 2982 4358 εύσημοτέρων]
3030 4287 3243 4339 εἵποντο
3311 4281 3608 4354 κληρικῶν,

2021 4379 2226 4445 ἀλόγως
2254 4379 2350 4448 τῆς
2392 4377 2720 4448 Ἐκκλησίας
2750 4378 3249 4449 ἀπορρηγνύμενοι.

2103 4473 2192 4526 Ἐν
2217 4473 2356 4534 ὅλοις
2376 4471 2472 4542 μὲν
2492 4471 2582 4524 οῦν
2611 4471 2803 4524 ἕνδεκα
2828 4471 3041 4541 χρόνοις
3065 4470 3166 4540 τῆς
3194 4469 3417 4541 πρώτης
3443 4470 3609 4523 αὐτοῦ

2021 4566 2306 4637 ἱεραρχίας
2332 4567 2360 4617 6
2389 4563 2644 4632 Ἰγνάτιος
2675 4562 3146 4634 ἀποπειρώμενος,
3179 4565 3272 4616 καὶ
3301 4565 3480 4617 πᾶσαν
3511 4563 3610 4634 μὲν

343 4645 591 4696 conatus.
627 4637 885 4707 omnique
919 4637 1205 4692 verborum
1241 4638 1579 4694 humanitate
1608 4647 1661 4694 et
1685 4640 1919 4695 liberali-

2031 4658 2228 4723 λόγων,
2259 4659 2438 4710 πᾶσαν
2467 4655 2522 4708 δὲ
2554 4655 2772 4726 δωρεῶν
2828 4656 3242 4726 προτεινόμενος
3277 4656 3607 4726 φιλοτιμίαν,

342 4733 451 4777 tate
473 4725 736 4790 adhibita,
765 4740 1041 4795 nunquam
1062 4737 1240 4780 tamen
1261 4728 1433 4795 potuit
1451 4728 1695 4784 Asbestaa
1719 4729 1925 4799 impro-

343 4817 567 4871 bitatem
615 4817 980 4888 exstinguere.
1037 4818 1252 4872 Etenim
1311 4820 1679 4888 potentiorum
1736 4823 1926 4877 limina

340 4911 574 4973 terebat,
631 4912 772 4982 apud
806 4927 997 4966 omnes
1028 4912 1202 4967 virum
1244 4915 1448 4968 nullam
1477 4915 1548 4970 ob
1574 4916 1786 4986 culpam
1815 4918 1924 4973 cri-

342 5003 679 5069 minabatur,
731 5011 785 5058 et
835 5005 1032 5059 acerbe
1085 5005 1352 5060 conviciis
1402 5006 1813 5075 proscindchat,
1870 5017 1925 5062 et

342 5107 590 5151 sanctum
631 5106 968 5162 exsecratus,
1021 5112 1088 5151 ne
1123 5097 1417 5152 Christiani
1456 5099 1676 5169 quidem
1723 5115 1925 5168 cogno-

343 5189 491 5241 mine
517 5188 863 5257 dignabatur.
895 5188 1205 5244 Praasertim
1243 5205 1374 5245 vero
1401 5189 1594 5247 Photio
1614 5191 1924 5246 Photianis-

343 5296 451 5351 que
476 5282 822 5351 gratissimus
847 5282 1430 5352 ltonoratissimusque,
1456 5299 1686 5353 magnus
1702 5283 1922 5352 quidam

343 5373 510 5428 homo
537 5373 628 5426 Dei
654 5372 992 5426 credebatur.
1028 5371 1210 5439 Quare
1243 5374 1312 5428 ab
1339 5375 1524 5429 eodem
1560 5375 1784 5430 Photius
1812 5376 1916 5445 pri-

284 5502 287 5503 ν
343 5479 496 5518 tuum
525 5474 608 5519 est
629 5465 903 5532 initiatus;
931 5468 1280 5537 quihominis
1304 5470 1625 5524 auctoritate
1646 5470 1922 5536 inductus,

345 5564 520 5613 totum
546 5574 612 5612 ex
645 5559 737 5613 illo
771 5561 1038 5615 adversus
1065 5561 1334 5616 insontem
1377 5563 1639 5630 lgnatium
1684 5561 1925 5616 furorem

347 5646 562 5702 hausit:
587 5649 808 5716 perinde
839 5651 994 5719 quasi
1018 5649 1084 5703 ad
1107 5651 1204 5704 hoc
1233 5650 1409 5719 ipsum
1445 5652 1751 5721 patriarcha
1784 5663 1929 5708 esset

348 5747 726 5804 consecratus,
755 5747 814 5793 ut
846 5739 1105 5796 omnibus
1154 5741 1400 5797 consiliis
1425 5741 1712 5813 modisque
1745 5745 1924 5800 omni-

423 5915 501 5986 (5)
532 5913 637 5972 Pro
669 5917 926 5987 improbi:
961 5919 1042 5976 vel
1073 5920 1278 5976 dictum
1312 5936 1405 5992 per
1436 5921 1691 5990 ironiam,
1722 5920 1872 5977 Han

2023 4748 2122 4816 οὐχ
2152 4742 2266 4810 οἷός
2294 4764 2355 4800 τε
2391 4749 2634 4815 ἐγεγόνει
2657 4748 2754 4819 τὴν
2777 4748 2872 4801 τοῦ
2913 4747 3180 4801 Ἀσῦεστᾶ
3204 4748 3406 4800 κακίαν
3450 4765 3610 4801 κατα-

2025 4839 2239 4894 σϐέσαι.
2267 4840 2529 4910 Διήρχετο
2582 4839 2760 4901 πάσας
2779 4839 2954 4904 οἰκίας
2981 4839 3089 4893 τῶν
3113 4839 3410 4905 δυναστῶν,
3435 4838 3610 4907 μάτην

2024 4930 2525 5002 διαλοιδορούμενος
2580 4933 2676 4984 κοιλ¹
2720 4931 2993 5003 διασύρων
3049 4932 3285 5002 πικρῶς,
3343 4931 3437 4985 καί
3475 4931 3610 5001 μηδέ

2023 5023 2349 5096 Χριστιανὸν
2375 5024 2660 5095 ὀνομάζειν
2683 5022 2772 5076 τὸν
2803 5023 2956 5091 ἅγιον
2986 5024 3013 5075 6
3034 5023 3231 5093 ἐναγὴς
3279 5021 3465 5085 ἀξιῶν,
3503 5020 3610 5090 μά-

2027 5115 2187 5169 λιστα
2225 5115 2281 5168 δέ
2303 5116 2522 5171 πάντων
2547 5116 2699 5188 παρά
2729 5115 2916 5184 Φωτίῳ
2943 5117 3034 5168 καὶ
3067 5119 3179 5178 τοῖς
3209 5114 3374 5169 αὐτοῦ
3411 5131 3612 5184 συγγε-

2028 5207 2143 5260 νέσι
2174 5208 2502 5278 τιμώμενος.
2541 5209 2713 5278 μέγας
2735 5226 2818 5272 τις
2857 5207 3142 5278 ἄνθρωπος
3175 5209 3268 5263 τοῦ
3312 5208 3446 5262 Θεοῦ
3477 5226 3612 5279 χρη-

2031 5297 2282 5367 ματίξειν
2342 5300 2692 5354 ἐπιστεύετο’
2738 5301 2860 5354 ὅθεν
2889 5302 2982 5353 καὶ
3043 5303 3169 5372 παρ’
3199 5301 3362 5356 αὐτοῦ
3395 5301 3611 5374 πρώτου

2027 5389 2424 5458 χειροτονηθεὶς
2453 5390 2481 5440 ὁ
2517 5388 2741 5453 Φώτιος,
2793 5392 2858 5443 ἐκ
2905 5390 3007 5460 τῆς
3052 5393 3130 5455 εἰς
3165 5391 3328 5445 αὐτὸν
3376 5392 3610 5454 πίστεως

2030 5478 2158 5546 ὃλην
2187 5479 2281 5531 τοῦ
2328 5479 2517 5550 ἀνδρὸς
2544 5482 2682 5534 κατὰ
2718 5481 2810 5534 τοῦ
2847 5483 3091 5536 ἀναιτίου
3128 5466 3633 5553 μανίαν’“ἐπεσπά-ί

2035 5585 2184 5621 σατο.
2215 5569 2324 5623 Καὶ
2351 5569 2538 5641 ὥσπερ
2565 5573 2644 5634 είς
2673 5573 2804 5624 αὐτὸ
2831 5572 2989 5625 τοῦτο
3018 5573 3361 5644 πατριάρχης
3391 5589 3611 5642 προχει-

2035 5659 2260 5730 ρισθεὶς,
2312 5661 2399 5715 ἵνα
2447 5663 2646 5727 πάσαις
2690 5664 2977 5730 ἐπινοίαις,
3034 5665 3255 5735 τρόποις
3312 5667 3466 5732 πᾶσι,
3523 5665 3612 5718 τὸν

2033 5750 2208 5806 ἀθῶον
2238 5755 2641 5826 τιμωρήσηται,
2672 5754 2846 5820 οὕτως
2883 5757 3193 5828 ηγωνίζετο,
3225 5759 3286 5813 οὐ
3323 5759 3422 5830 τῆς
3457 5761 3608 5829 ἰερωη

3623 5269 3633 5306 l

3622 5362 3632 5399 ἰ
