4092 6582
397 313 501 380 513

1439 298 1612 361 VITA
1648 297 1706 357 S.
1748 297 2045 358 IGNATII
2087 298 2195 360 (ΖΡ.
2235 297 2586 357 ARCHIEP.

3531 297 3634 362 511i

396 427 562 494 σύνης
593 421 774 493 μόνον,
825 417 962 473 ἀλλὰ.
1011 416 1106 471 καὶ
1133 414 1302 485 αὐτῆς
1333 412 1492 466 αὑτὸν
1534 410 1885 476 ἀπαλλάξειν,
1917 414 1966 465 εί

2070 413 2170 468 bus
2196 413 2476 466 innoxium
2499 411 2603 464 iret
2626 407 2919 478 perditum,
2975 407 3051 463 sic
3084 407 3378 478 pugnabat,
3403 418 3462 464 ut
3488 411 3641 467 illum

391 515 636 580 δυνατὸν,
667 515 767 582 τῆς
793 511 938 580 ζωῆς
959 526 973 540 ⁸
1005 507 1184 564 καίτοι
1210 524 1272 575 γε
1297 504 1635 576 χειρόγραφα
1686 503 1836 572 παρὰ
1859 503 1966 557 τῶν

393 605 836 676 καταδεχομένων
860 602 1021 656 αὐτὸν
1047 600 1312 671 πρότερον
1343 599 1668 669 άπαιτηθεὶς
1700 611 1969 666 μητροπο-

392 699 731 765 λιτῶν,ῶστε
763 694 1031 766 πατρικὴν
1052 693 1350 761 ἀπονέμειν
1391 691 1470 761 τῷ
1509 689 1756 759 Ἰγνατίῳ
1780 691 1965 757 τιμὴν,

392 793 490 846 καὶ
516 792 694 844 πάντα
722 787 862 842 κατὰ
889 786 1142 857 βούλησιν
1170 781 1337 835 αὑτοῦ
1377 781 1530 851 δρᾷν,
1565 780 1660 832 καὶ
1687 780 1743 831 ἐν
1779 775 1968 847 μηδενὶ

393 881 579 934 τοῦτον
609 879 966 950 παραλυπεῖν.
1025 871 1192 927 Οὔπω
1222 871 1280 923 δὲ
1321 871 1458 941 μετὰ
1504 869 1602 935 τὴν
1635 865 1968 939 χειροτονίαν

391 972 485 1024 δύο
516 972 684 1039 μῆνες
728 965 1029 1035 παρῆλθον,
1071 964 1165 1016 καὶ
1213 962 1374 1024 αὐτὸς
1407 961 1531 1023 τοὺς
1549 961 1744 1027 ὅρκους
1775 957 1970 1028 ὴθετη-

391 1062 524 1128 κὼς,
545 1061 758 1132 πρῶτον
779 1059 876 1129 μὲν
891 1058 1016 1120 τοὺς
1037 1057 1131 1109 ἐπὶ
1150 1054 1250 1123 τῆς
1271 1052 1564 1124 ἐκκλησίας
1583 1049 1964 1117 τεταγμένους,

388 1156 546 1217 ὅσους
576 1151 936 1221 οἰκειοτέρους
973 1147 1198 1219 εὕρισκε
1234 1146 1327 1199 τοῦ
1384 1143 1742 1213 πατριάρχου,
1798 1157 1965 1194 κατα-

389 1245 606 1309 κλείων,
639 1245 730 1296 καὶ
759 1242 1036 1311 αἰκισμοῖς
1066 1239 1260 1309 βιαίοις
1287 1236 1382 1290 καὶ
1408 1236 1626 1306 μάστιξι
1655 1232 1966 1294 καταικιζόι

393 1355 552 1407 μενος
575 1353 589 1368 ο
619 1337 714 1388 καὶ
743 1333 1056 1387 κολακεύων
1087 1331 1144 1384 δὲ
1170 1330 1353 1391 πάλιν,
1379 1329 1470 1382 καὶ
1495 1327 1646 1396 δῶρα
1667 1325 1962 1396 προτείνων

391 1429 484 1482 καὶ
514 1426 818 1497 προκοπὰς,
846 1425 938 1477 καὶ
970 1423 1307 1494 χειρόγραφα
1350 1419 1614 1482 ἀπαιτῶν,
1649 1419 1743 1470 κα)⁵
1777 1418 1910 1470 πᾶσι
1933 1416 1966 1450 ³⁸

387 1520 528 1574 ὥστε
579 1519 813 1588 πέμψαι,
844 1517 938 1570 καὶ
967 1516 1192 1587 ἔρευναν
1221 1513 1421 1584 ἀκριϐῆ
1464 1510 1790 1582 ποιήσασθαι
1829 1509 1966 1562 κατὰ

384 1612 482 1664 τοῦ
508 1611 802 1678 ζῐγνατίου,
835 1609 908 1671 ὡς
938 1607 1102 1662 αὐτοῦ
1136 1605 1310 1675 λάθρα
1350 1604 1667 1674 τυρεύοντος
1699 1600 1838 1654 κατὰ
1867 1600 1967 1668 τῆς

390 1696 680 1774 βασιλείας.
723 1703 900 1765 Εὐθὺς
928 1701 1022 1755 οὖν
1046 1700 1302 1771 ἄρχοντες
1333 1699 1561 1766 ἀπηνεῖς
1592 1695 1688 1748 κα)⁵
1713 1693 1967 1765 στρατιῶ-

2074 521 2182 559 non
2219 503 2525 560 sacerdotio
2571 511 2777 558 tantum
2810 501 3065 570 privaret,
3102 500 3195 555 sed
3227 500 3333 554 vita
3379 503 3566 566 etiam,
3598 505 3646 559 si

2073 606 2279 667 posset,
2313 605 2571 652 exueret:
2607 595 2729 648 licet
2749 601 2933 648 essent
2958 591 3026 646 ab
3054 606 3119 646 eo
3158 606 3255 660 per
3276 593 3647 663 metropolitas

2075 705 2242 755 suos,
2275 704 2304 742 a
2346 690 2552 760 quibus.
2572 697 2653 742 est
2701 696 2970 756 receptus,
3015 695 3207 740 exacta
3249 685 3642 755 chirographa:

2075 791 2133 836 u-t
2162 791 2445 853 paternum
2478 782 2686 852 lguatio
2726 781 2985 835 honorem
3027 778 3310 843 tribueret,
3353 778 3649 848 omniaque

2073 891 2136 931 ex
2172 875 2291 945 ejus
2321 875 2597 930 voluntate
2635 881 2867 944 gereret,
2911 887 3010 927 nec
3051 873 3158 925 ulla
3191 872 3244 925 in
3291 888 3351 926 re
3385 872 3647 926 molestus

2072 977 2261 1023 esset:
2313 968 2427 1036 ipse
2459 975 2638 1021 tamen
2689 966 2779 1020 vix
2819 975 2940 1035 post
2971 965 3110 1020 duos
3153 979 3183 1017 a
3229 963 3507 1019 creatione
3546 979 3648 1019 sua

2073 1073 2290 1112 menses
2315 1058 2628 1127 juramcnto
2659 1073 2758 1111 suo
2785 1057 3017 1122 violato,
3050 1057 3286 1124 primum
3327 1055 3518 1126 lgnatii
3559 1053 3655 1109 fas-

2076 1151 2313 1206 niliares
2343 1150 2577 1220 conjecit
2607 1151 2661 1203 in
2695 1150 2931 1212 vincula,
2967 1148 3209 1218 dirisque
3242 1149 3422 1218 ﬂagris
3455 1148 3647 1218 etpla-

2071 1243 2154 1314 gis
2182 1243 2430 1297 multavit
2463 1259 2477 1295 :
2514 1241 2707 1296 deinde
2744 1257 2938 1296 rursus
2976 1241 3272 1305 blanditus,
3311 1252 3648 1308 muneraque

2071 1338 2127 1384 et
2155 1329 2389 1382 honores
2411 1328 2709 1398 pollicitus,
2729 1327 3088 1397 chirographa
3113 1329 3288 1397 petiit,
3313 1335 3367 1380 et
3391 1327 3647 1397 omnibus

2072 1411 2249 1474 modis
2281 1419 2490 1474 studuit
2529 1420 2792 1474 adversus
2823 1417 3083 1487 lgnatium
3115 1419 3265 1472 exitii
3304 1434 3520 1473 causam
3556 1433 3647 1474 re-

2071 1513 2268 1582 perire.
2301 1513 2550 1580 Cumque
2582 1511 2716 1564 nihil
2751 1511 2947 1564 horum
2977 1525 3097 1578 qua:
3125 1511 3240 1578 ipse
3269 1511 3542 1579 cupiebat,
3568 1510 3647 1564 in-

2070 1604 2302 1668 veniret,
2348 1602 2615 1658 scelerato
2653 1601 2860 1666 Bardae,
2904 1617 3108 1671 perque
3138 1601 3366 1655 Bardam
3401 1601 3644 1656 Michaeli

2071 1694 2353 1749 levissimo
2368 1692 2638 1762 suggerit,
2671 1700 2730 1745 ut
2759 1691 2957 1756 mittat,
2991 1691 3083 1760 qui
3116 1691 3167 1744 in
3204 1689 3473 1762 lgnatium
3502 1689 3650 1744 velut

387 1815 478 1851 ται
505 1797 726 1866 θρασεῖς
753 1795 850 1865 τὴν
876 1793 1195 1863 Τερέϐινθον
1221 1789 1640 1852 καταλαϐόντες,
1672 1788 1766 1842 καὶ
1789 1786 1967 1838 πᾶσαν

2070 1786 2298 1856 imperio
2331 1784 2673 1839 insidiantem
2714 1797 2901 1838 severe
2935 1782 3231 1852 inquirant.
3266 1782 3408 1852 Ergo
3446 1783 3646 1836 crude-

389 1888 716 1958 ποιήσαντες
761 1885 1028 1949 ἐξέτασιν,
1063 1882 1158 1936 καὶ
1211 1883 1393 1934 πᾶσαν
1435 1879 1688 1950 βάσανον,
1719 1879 1843 1940 τοὺς
1872 1878 1964 1930 ὑπ’

387 1981 593 2032 ἐκεῖνον
643 1976 964 2047 ἀνθρώπους
1023 1974 1430 2044 βασανίσαντες,
1489 1971 1676 2040 ἐπειδὴ
1722 1969 1968 2033 ἐξέλιπον

387 2068 777 2139 ἐξερευνῶντες
809 2065 1204 2136 ἐξερευνήσεις,
1258 2063 1351 2115 καί⁵
1384 2061 1572 2114 λοιπὸν
1600 2061 1754 2114 οὐδὲν
1802 2057 1966 2130 εἶχον,

385 2159 530 2211 ῶστε
587 2157 811 2220 δικαίως
863 2153 1320 2226 τιμωρήσασθαι,
1386 2157 1454 2224 τῇ
1511 2153 1700 2224 ἀδικίᾳ
1752 2153 1970 2222 καθαρᾷ

386 2245 648 2314 χρῶνται.
681 2243 949 2306 Λαϐόντες
972 2244 1078 2313 γὰρ
1103 2243 1193 2295 τὸν
1220 2242 1362 2312 ἱερὸν
1385 2242 1552 2311 ἄνδρα
1577 2241 1715 2311 μετὰ
1742 2241 1851 2295 τῶν
1872 2241 1969 2295 σὺν

389 2333 562 2404 αύτῷ,
592 2333 844 2404 καὶπρὸς
880 2332 977 2403 τὴν
999 2332 1300 2402 λεγομένην
1340 2330 1568 2403 Ἱέρειαν
1605 2332 1966 2402 περάσαντες,

387 2426 607 2495 δέσμιον
638 2423 826 2476 τοῦτον
853 2425 930 2486 είς
955 2422 1193 2494 μάνδραν
1217 2423 1388 2490 αίγῶν
1407 2423 1760 2476 κατέκλεισαν
1785 2445 1796 2456 ο
1823 2425 1968 2477 ἐκεῖ·

393 2516 484 2568 θέν
512 2532 570 2566 τε
595 2514 728 2584 πρὸς
757 2513 823 2568 τὰ.
854 2514 1140 2584 Προμήτου
1165 2512 1437 2583 λεγόμενα
1459 2512 1811 2583 διαπερῶσιν,
1833 2513 1967 2566 ὅπου

389 2607 455 2675 δὴ
511 2609 662 2659 Λέων
714 2608 914 2668 ἐκεῖνος
945 2609 972 2658 ὁ
1023 2605 1288 2659 Λαλάκων
1346 2604 1816 2674 ἐπονομαζόμενος
1859 2604 1969 2658 τῶν

391 2697 693 2764 Νουμέρων
742 2695 1058 2765 δομέστικος
1103 2692 1199 2756 ῶν,
1238 2693 1332 2747 ἐπὶ
1363 2693 1617 2746 τοσοῦτον
1646 2692 1810 2746 αὐτοῦ
1857 2694 1970 2756 τοῖς

394 2787 703 2856 ραπίσμασι
751 2785 1016 2855 κατέκοψε
1055 2785 1153 2849 τὰς
1209 2787 1486 2853 σιαγόνας,
1550 2785 1626 2848 ὼς
1673 2784 1766 2837 δύο
1797 2785 1970 2855 μύλας

391 2879 510 2930 ἐκεῖ
530 2875 624 2928 τοῦ
657 2876 946 2945 ίερωτάτου
970 2876 1225 2945 γέροντος
1252 2877 1504 2929 ἐκπεσεῖν
1524 2893 1538 2906 ·
1577 2869 1697 2928 εἶτα
1733 2874 1826 2928 δύο
1869 2891 1967 2942 μο-

391 2971 535 3041 χλοῖς
563 2971 822 3041 σιδηροῖς,
855 2969 1192 3041 ἀνδροφόνων
1215 2971 1436 3040 τρόπον,
1466 2971 1588 3031 τοὺς
1611 2969 1776 3023 αὐτοῦ
1805 2968 1970 3032 πόδας

391 3061 949 3132 κατασφαλισάμενοι,
975 3060 1068 3112 καὶ
1087 3062 1260 3130 μικρᾷ
1284 3061 1495 3132 φρουρᾷ
1519 3057 1968 3118 κατακλείσαντες

389 3150 660 3221 ἀπῄεσαν,
680 3152 772 3204 δύο
791 3152 982 3213 παῖδας
1010 3152 1103 3203 καὶ
1128 3151 1287 3220 μόνον
1322 3150 1456 3219 πρὸς
1484 3148 1785 3218 ὑπηρεσίαν
1815 3146 1962 3216 αὐτῷ

390 3245 800 3306 καταλιπόντες.
832 3243 991 3306 Ὅλος
1025 3243 1081 3296 δὲ
1111 3244 1295 3305 αὐτοῖς
1331 3244 1358 3294 ὁ
1395 3240 1543 3310 άγὼν
1571 3241 1664 3294 καὶ
1690 3242 1722 3311 η
1757 3237 1966 3303 ἔπειξις

389 3333 480 3409 ἦν,
509 3338 648 3391 ὥστε
672 3338 910 3392 λίϐελλον
941 3339 1122 3401 αὐτοῖς
1152 3338 1430 3407 ἀποταγῆς
1457 3336 1660 3401 δοῦναι,
1694 3336 1786 3389 καὶ
1813 3337 1967 3388 ἐκου-

393 3430 523 3491 σίως
553 3427 646 3482 τοῦ
680 3429 870 3499 θρόνου
907 3431 1274 3499 παραχωρεῖν.
1325 3429 1381 3482 Ὀ
1407 3429 1465 3482 δὲ
1494 3430 1586 3482 τὸν
1611 3429 1773 3483 λύκον
1823 3429 1967 3484 κατὰ

389 3521 489 3590 τῆς
556 3520 792 3590 ποίμνης
846 3521 1029 3583 δεινῶς
1089 3521 1532 3590 ἐπεισφρὴσαντα
1612 3521 1964 3592 θεασάμενος,

389 3614 513 3666 ὅσον
533 3609 600 3684 ἦν
623 3615 707 3665 ἐπ’
743 3613 914 3684 αὐτῷ,
953 3615 1052 3684 τὴν
1082 3614 1268 3683 ἔφοδον
1295 3614 1555 3685 ἐξεῖργεν.
1619 3614 1870 3687 Ἡμερῶν
1909 3615 1966 3667 δέ

391 3705 776 3777 παρελθουσῶν
802 3707 1017 3773 ὀλίγων,
1049 3708 1129 3770 είς
1161 3707 1230 3760 τά
1274 3707 1534 3778 Νούμερα
1578 3707 1765 3761 τοῦτον
1793 3708 1966 3778 περά-

393 3815 606 3863 σαντες,
642 3798 1046 3869 σιδηροδέσμιον
1088 3798 1425 3866 ἐγκλείουσιν
1446 3817 1459 3831 ’
1512 3794 1634 3853 εἶτα
1658 3798 1967 3867 Αὔγουστος

392 3889 640 3943 ἐνίστατο
658 3888 784 3958 μὴν,
809 3888 904 3941 καλ⁸
936 3891 1014 3951 εἰς
1041 3888 1222 3942 πλοῖον
1263 3889 1424 3943 αὐτὸν
1469 3890 1795 3959 ἐμϐαλόντες
1820 3930 1835 3953 ,
1887 3891 1967 3952 είς

392 3981 706 4050 Μιτυλήνην
734 3979 1054 4051 ἐξορίζουσι.
1080 3982 1293 4046 Πάντας
1314 3983 1370 4036 δὲ
1395 3984 1520 4047 τοὺς
1543 3983 1968 4054 ὑπονοουμένους

393 4073 628 4137 οἰκείους
685 4069 822 4128 εἶναι
863 4074 958 4128 καὶ
992 4075 1178 4144 φίλους
1204 4075 1393 4143 αὐτοῦ,
1450 4075 1544 4141 οὒς
1597 4077 1696 4146 μὲν
1745 4077 1968 4148 δαρμοῖς

393 4168 689 4237 ἁφορήτοις
715 4167 811 4220 καὶ
833 4167 1229 4239 θανατηφόροις
1251 4168 1564 4238 παρεδίδουν
1588 4166 1819 4237 πληγαῖς
1838 4183 1852 4196 ·
1878 4165 1971 4229 οὓς

393 4257 473 4321 δὲ,
503 4257 562 4310 τδ
596 4247 1139 4325 φιλανθρωπότατον,
1198 4257 1538 4329 ὑπερώριζον
1587 4258 1685 4328 τῆς
1739 4257 1968 4320 πόλεως.

398 4348 526 4400 Ὅτε
551 4347 615 4418 δὴ
646 4348 738 4402 καὶ
764 4348 856 4401 τὸν
890 4349 1275 4419 χαρτοφύλακα
1299 4349 1529 4404 Βλάσιον
1575 4350 1662 4402 διὰ
1699 4349 1798 4418 τὴν
1831 4347 1971 4418 ὑπὲρ

2068 1876 2147 1930 les
2199 1873 2435 1944 praefecti
2487 1883 2807 1944 atrocesque
2853 1873 3113 1926 satellites
3177 1873 3449 1941 extemplo
3485 1872 3647 1926 Tere-

2068 1966 2318 2020 binthum
2353 1973 2560 2034 petunt,
2613 1962 2906 2030 omniaque
2947 1977 3142 2030 genera
3169 1962 3528 2031 quaestionum
3559 1963 3648 2016 in-

2070 2055 2345 2118 stituunt,
2393 2063 2448 2107 et
2495 2051 2728 2106 famulos
2792 2050 2980 2120 lgnatii
3043 2050 3327 2106 tormentis
3391 2051 3647 2106 omnibus

2069 2146 2406 2201 excruciant.
2448 2145 2744 2212 Postquam
2793 2157 2922 2196 vero
2970 2141 3286 2197 defecerunt
3337 2153 3646 2198 scrutantes

2070 2239 2354 2300 scrutinia,
2402 2252 2503 2292 nec
2535 2236 2834 2306 quidquam
2869 2234 3358 2304 deprehenderunt,
3391 2249 3499 2304 quo
3523 2234 3647 2303 jure

2070 2333 2124 2386 in
2181 2332 2329 2386 illum
2383 2330 2896 2390 animadverterent,
2950 2336 3136 2396 aperto
3182 2329 3386 2382 scelere
3428 2328 3479 2379 in
3516 2343 3641 2381 eum

2070 2433 2411 2495 grassantur.
2443 2422 2732 2490 Arreptum
2763 2422 2908 2492 enim
2941 2421 3117 2473 virum
3162 2429 3407 2473 sanctum
3441 2426 3494 2472 et
3515 2433 3646 2474 suos

2069 2515 2123 2568 in
2160 2514 2405 2567 insulam
2460 2512 2697 2566 ﬂieriam
2737 2510 3116 2575 traduxerunt,
3173 2519 3335 2579 atque
3377 2513 3645 2581 lgnatium

2067 2607 2309 2661 vinctum
2354 2603 2569 2658 stabulo
2603 2602 2854 2672 caprario
2899 2601 3256 2656 incluserunt.
3307 2601 3438 2656 lude
3477 2602 3543 2655 ad
3581 2619 3644 2656 ea
3698 2605 3712 2612 ’

2069 2699 2188 2754 loca
2220 2696 2574 2760 transferunt,
2607 2710 2729 2765 quae
2753 2694 2991 2752 Prometi
3021 2694 3343 2749 dicebantur
3374 2712 3388 2759 ;
3426 2695 3513 2748 ubi
3537 2694 3646 2747 Leo

2069 2793 2158 2848 ille
2210 2800 2570 2862 cognomento
2621 2789 2840 2855 Lalaco,
2885 2788 3246 2843 Numerorum
3290 2789 3644 2850 domesticus,

2069 2896 2180 2941 tam
2213 2885 2529 2939 immaniter
2569 2883 2813 2951 colaphis
2844 2896 3010 2950 genas
3038 2881 3184 2935 illius
3213 2880 3426 2944 cecidit,
3463 2889 3521 2934 ut
3553 2895 3644 2935 sa-

2070 2978 2381 3032 cratissimo
2441 2976 2558 3031 seni
2613 2977 2751 3029 duos
2815 2973 3050 3027 molares
3098 2981 3377 3028 excuteret
3431 2973 3643 3028 dentes.

2073 3069 2272 3122 Deinde
2327 3067 2573 3121 vectibus
2623 3056 2892 3135 geminis,
2949 3062 3220 3116 latronum
3251 3062 3646 3130 instar,pedes

2069 3160 2406 3216 strinxerunt
2433 3153 3159 3227 ;angustoque'conclusum
3183 3155 3478 3222 ergastulo,
3508 3154 3647 3206 duo-

2066 3252 2170 3306 bus
2217 3251 2481 3305 duntaxat
2530 3246 2712 3316 pueris
2744 3244 3084 3298 administris
3117 3242 3200 3324 ill-il
3229 3243 3523 3301 concessis.
3555 3259 3646 3296 rc-

2068 3345 2359 3413 liquerunt.
2384 3340 2519 3394 Tota
2549 3347 2729 3393 autem
2754 3337 2833 3392 vis
2863 3339 2976 3391 haec
2995 3345 3048 3390 et
3070 3335 3284 3390 vexatio
3310 3351 3374 3390 eo
3406 3337 3645 3404 pertine-

2068 3435 2180 3499 bat,
2194 3441 2249 3488 ut
2269 3428 2873 3503 lgnatiusabdicatiouis
2895 3427 3136 3481 libellum
3167 3427 3447 3491 scribrret,
3481 3442 3650 3495 spon-

2069 3535 2230 3594 teque
2275 3524 2473 3577 throno
2517 3520 2920 3591 patriarchatus
2974 3519 3208 3574 cederet.
3255 3517 3359 3574 Sed
3383 3519 3644 3589 lgnatius,

2068 3630 2190 3669 cum
2233 3614 2420 3682 lupum
2454 3612 2507 3664 in
2550 3625 2763 3681 gregem
2797 3609 3051 3665 atrociter
3091 3610 3328 3679 grassari
3378 3622 3646 3673 cerneret,

2068 3713 2333 3775 quantum
2396 3709 2644 3771 poterat,
2699 3700 2959 3769 impetum
3022 3701 3369 3769 reprimebat.
3437 3698 3650 3768 Elapsis

2070 3803 2252 3848 autem
2294 3793 2436 3862 haud
2471 3791 2658 3846 multis
2690 3791 2816 3846 inde
2845 3791 3060 3856 diebus,
3098 3790 3151 3843 in
3196 3790 3429 3844 Numera
3474 3790 3648 3844 dedu-

2069 3897 2240 3952 ctum,
2282 3886 2336 3939 in
2380 3898 2599 3939 carcere
2644 3882 2851 3937 catenis
2896 3891 3172 3936 onerant:
3223 3883 3344 3934 dein
3398 3882 3648 3949 Augusto

2070 3993 2257 4033 mense
2283 3985 2587 4046 appetente,
2613 3975 2666 4027 in
2697 3973 2971 4042 navigium
3004 3973 3307 4041 conjectum
3335 3971 3644 4041 Mitylencm

2070 4069 2376 4137 deportant.
2403 4064 2568 4117 Porro
2587 4077 2682 4116 eos
2711 4061 2804 4130 qui
2833 4061 3170 4115 habebantur
3200 4060 3318 4128 ejus
3348 4058 3646 4112 familiares

2069 4168 2124 4214 et
2171 4158 2353 4220 amici,
2401 4153 2816 4208 immanissimis
2899 4152 3287 4206 cruciamentis
3365 4151 3647 4220 plagisque

2070 4248 2361 4304 lethalibus
2413 4244 2763 4299 efﬁciebant:
2819 4258 2956 4313 quos
3004 4253 3185 4297 autem
3251 4243 3645 4296 humanissime

2073 4363 2396 4424 tractabant,
2416 4360 2612 4415 exsilio
2635 4359 2965 4426 multabant;
2998 4359 3287 4428 Blasioque
3309 4359 3644 4429 chartophyv

394 4441 493 4511 τῆς
510 4440 768 4504 ἀληθείας
796 4443 1108 4512 παρρησίαν
1131 4441 1638 4512 ἐγλωσσοτόμησαν.
1678 4442 1766 4494 Ἐν
1795 4441 1966 4494 Μιτυ-

2073 4457 2172 4511 laci
2200 4456 2268 4510 ob
2294 4455 2450 4508 [idem
2476 4464 2528 4507 et
2561 4452 2776 4508 dicendi
2808 4451 3109 4506 libertatem
3144 4452 3381 4522 linguam
3415 4452 3644 4506 detrun-

394 4532 530 4602 λήνῃ
555 4531 614 4584 δὲ
639 4531 1071 4603 διατρίϐοντος,ὁ
1089 4533 1290 4596 Φώτιος
1304 4531 1402 4604 τὴν
1429 4534 1554 4586 κατ’
1572 4532 1732 4587 αὑτὸν
1766 4532 1968 4602 ἐκκλη-

396 4623 516 4676 σίαν
562 4623 670 4676 τῶν
700 4625 1148 4693 πονηρευομένων
1199 4624 1535 4694 συναγαγὼν,
1569 4625 1664 4678 καὶ⁹
1715 4623 1850 4693 πρὸς
1891 4622 1968 4694 τῷ

396 4715 526 4788 ίερῷ
553 4716 772 4786 τεμένει
800 4715 907 4768 τῶν
937 4715 1271 4782 πανενδόξων
1300 4717 1634 4770 Ἀποστόλων
1655 4715 1965 4784 γενόμενος,

394 4807 713 4876 καθαίρεσιν
733 4804 1088 4874 ἀποφαίνεται
1122 4807 1262 4859 κατὰ
1287 4806 1382 4859 τοῦ
1403 4807 1476 4877 μὴ
1509 4807 1776 4877 παρόντος
1794 4807 1968 4871 Ίγνα-

393 4896 542 4949 τίου’
569 4896 629 4948 οὐ
668 4896 827 4964 μόνον
861 4895 940 4960 δὲ,
975 4895 1109 4948 ἀλλὰ
1142 4896 1234 4948 καὶ
1256 4898 1646 4966 άναθεματίζει
1697 4898 1793 4950 καὶ
1835 4898 1969 4950 ἀπο-

393 4985 670 5056 κηρύττει,
727 4984 888 5048 αὐτὸς
946 4987 1248 5056 κατήγορος
1297 4989 1578 5056 γινόμενος
1630 4989 1724 5041 καὶ
1752 4988 1964 5056 κριτής.

392 5077 506 5130 Καὶ
530 5078 685 5139 ὅσους
725 5076 824 5148 μὲν
857 5075 1002 5146 ἐώρα
1053 5077 1132 5146 τῷ
1165 5076 1331 5130 αὐτοῦ
1367 5078 1554 5148 σκοπῷ
1582 5079 1675 5131 καὶ
1699 5081 1764 5147 τῇ
1795 5094 1969 5146 παρα-

393 5167 534 5238 λόγῳ
557 5167 753 5239 πράξει
785 5167 957 5239 ταύτῃ
983 5169 1327 5239 συνᾴδοντας,
1356 5169 1449 5222 καὶ
1474 5172 1584 5233 τοῖς
1625 5169 1968 5240 τελουμένοις

396 5260 837 5329 ὑπογράφοντας,
881 5261 938 5312 ἐν
963 5261 1074 5322 τοῖς
1119 5259 1353 5328 πρώτοις
1379 5261 1488 5314 τῶν
1528 5261 1696 5328 φίλων
1723 5263 1809 5314 καὶ
1839 5277 1969 5329 γνη-

394 5350 673 5403 σιωτάτων
737 5345 852 5418 εἶχε
904 5349 1366 5421 συλλειτουργῶν·
1424 5353 1537 5406 ὅσοι
1583 5351 1638 5404 δὲ
1665 5355 1729 5421 τῇ
1759 5352 1968 5421 ἀκρίτῳ

394 5441 574 5511 κρίσει
601 5442 1096 5514 προσοχθήσαντες,
1129 5442 1438 5497 συναινέσαι
1475 5445 1598 5506 ταῖς
1635 5444 1969 5512 ἀλογιστίαις

393 5533 620 5596 ταύταις
669 5535 769 5587 οὐκ
786 5535 1094 5604 ἠϐούλοντο,
1147 5535 1365 5599 τούτους
1403 5535 1481 5606 τῷ
1510 5537 1828 5619 πραιτωρίῳ
1875 5537 1969 5590 καὶ

398 5627 664 5695 φυλακαῖς
697 5612 1057 5698 πολυτρόποις
1101 5627 1603 5698 κολασθησομένους
1659 5612 1964 5698 παρεδίδου.

399 5720 614 5774 Πολλῶν
643 5720 735 5773 οὖν
772 5721 1252 5789 διαγογγυζόντων,
1288 5722 1380 5776 καὶ
1424 5723 1516 5776 ἐπὶ
1544 5724 1663 5786 ταῖς
1694 5718 1978 5791 ἁκρισίαις⁸

2071 4554 2282 4601 carunt.
2340 4543 2551 4614 Ignatio
2581 4558 2746 4612 porro
2776 4541 3042 4612 Mitylenze
3082 4552 3478 4605 commorante,
3506 4542 3643 4596 Pho-

2070 4632 2177 4687 tius
2229 4631 2454 4686 ecclesia
2517 4631 2931 4701 malignantium
2987 4631 3086 4686 sibi
3143 4632 3383 4686 allinium
3432 4644 3642 4697 coacta,

2070 4724 2308 4778 absentis
2353 4723 2567 4792 lgnatii,
2611 4723 2664 4776 in
2709 4723 2825 4791 ipso
2859 4723 3380 4790 gloriosissimorum
3426 4733 3647 4792 aposto-

2070 4815 2246 4868 lorum
2298 4815 2520 4882 templo,
2573 4814 3072 4868 exauctorationem
3121 4814 3436 4882 pronuntiat
3483 4832 3495 4866 :
3545 4830 3645 4866 nec

2069 4906 2386 4977 pronuntiat
2438 4915 2671 4965 tantum,
2705 4904 2797 4958 sed
2845 4903 3188 4957 anathemate
3217 4904 3479 4972 lgnatium
3521 4902 3644 4957 ferit

2068 4998 2438 5065 damnatque;
2486 5003 2537 5047 et
2579 4994 2895 5047 damnatum
2946 4993 3086 5045 idem
3137 5003 3441 5054 accusator,
3497 4992 3638 5045 idem

2065 5088 2229 5155 judcx
2280 5086 2600 5156 proclamat.
2647 5083 2748 5148 Qui
2782 5097 2922 5152 quos
2974 5081 3194 5136 factioni
3245 5097 3357 5138 suae
3397 5083 3638 5147 studere,

2070 5179 2336 5248 factisque
2378 5175 2586 5230 insanis
2618 5173 2882 5232 acciuere,
2916 5188 2979 5225 ac
3022 5171 3254 5227 decretis
3299 5173 3641 5227 subscribere

2070 5268 2303 5330 videbat,
2343 5266 2441 5319 bos
2471 5279 2599 5318 vero
2630 5263 2768 5316 inter
2818 5262 3034 5316 intimos
3077 5262 3280 5316 amicos
3310 5277 3372 5316 ac
3405 5277 3642 5332 symmy-

2071 5369 2181 5415 stas
2209 5357 2416 5411 habuit.
2446 5354 2549 5421 Qui
2588 5364 2766 5408 autem
2795 5353 2912 5422 ejus
2942 5353 3174 5406 amentia
3206 5353 3638 5417 oﬂ'endcbantur,

2070 5450 2321 5519 factaque
2357 5451 2437 5516 (ut
2467 5446 2558 5516 qui
2589 5447 2805 5500 sincero
2829 5444 3035 5513 judicio
3062 5443 3258 5516 forent)
3290 5461 3395 5498 non
3444 5446 3642 5513 proba-

2072 5543 2220 5603 bant,
2245 5539 2499 5610 praetorio
2515 5548 2566 5592 et
2582 5537 2811 5590 vinculis
2843 5537 3074 5606 pessime
3097 5530 3639 5606 acceptos'tradebat.

2071 5630 2252 5685 Multis
2285 5629 2450 5700 igitur
2473 5626 2909 5692 mussitantibus,
2933 5626 3286 5696 improbaque
3310 5625 3484 5680 Photii
3518 5638 3636 5680 acta

2071 5720 2456 5778 damnantibus
2489 5735 2504 5786 ;
2535 5717 2668 5787 quin
2695 5725 2750 5774 et
2773 5718 2892 5788 ipse
2924 5716 3149 5774 Photius
3181 5732 3300 5773 cum
3339 5717 3453 5773 suis
3477 5717 3640 5772 factis
