4092 6596
393 297 498 363 517

1432 296 1606 356 VITA
1645 293 1702 353 S.
1737 292 2033 354 IGNATII
2073 294 2178 356 CP.
2215 296 2561 358 ARCllIEP.

3517 307 3624 372 513

396 415 608 468 πάντας
638 408 846 476 ἀξίναις
874 409 1256 478 κατεμέλισαν.
1289 409 1506 464 Τούτων
1535 408 1593 464 δὲ
1617 408 1724 463 τῶν
1755 425 1964 478 συμφο-

2083 409 2198 465 ioni
2231 411 2450 467 assidue
2483 411 2743 478 intentus,
2781 427 2810 468 a
2845 411 2952 468 Deo
2975 414 3237 482 judicium
3266 425 3319 471 et
3344 419 3631 479 auxilium.

398 500 509 572 ρῶν
537 501 741 562 ἐκεῖνος
769 499 1074 563 ἐπακούων,
1101 501 1228 572 μίαν
1251 501 1555 570 ἀε“ιταύτην
1585 500 1676 555 ἐπὶ
1705 500 1969 569 στόματος

401 585 515 660 εἶχε
550 592 768 661 φωνήν·
825 590 887 642 '0
937 591 1152 658 Κύριος
1204 589 1446 656 ἔδωκεν,
1479 594 1510 646 ὀ
1558 591 1773 658 Κύριος
1804 589 1974 658 ἀφεί-

403 683 577 734 λετο·
637 680 714 746 ὡς
758 679 837 744 τῷ
883 681 1073 749 Κυρίῳ
1131 681 1379 746 ἔδοξεν,
1442 681 1634 746 οὕτως
1686 681 1966 751 ἐγένετο,

398 771 496 826 καὶ
542 771 614 823 τὰ
651 772 776 840 ἐξῆς
811 771 1019 836 ὀὕτως
1067 774 1424 844 εὐχαριστῶν,
1459 775 1552 827 καὶ
1585 776 1704 838 ταῖς
1741 791 1970 843 προσευ-

397 863 518 930 χαϊς
542 861 902 925 ἀδιαλείπτως
933 862 1068 932 πρὸς
1108 864 1198 916 τὸν
1241 864 1372 918 Θεὸν
1404 864 1839 934 ἀνατεινόμενος,
1869 866 1968 936 τὴν

399 952 533 1022 παρ’
557 950 721 1005 αὑτοῦ
753 952 934 1022 κρίσιν
959 955 1051 1008 καὶ
1075 952 1329 1024 βοήθειαν
1355 954 1690 1018 ἐπεκαλεῖτο,
1730 955 1967 1024 ματαίαν

395 1042 455 1094 δὲ
503 1043 680 1094 πᾶσαν
732 1043 830 1111 τὴν
879 1043 986 1094 ἀπὸ
1033 1043 1142 1096 τῶν
1177 1048 1396 1114 κρατεῖν
1429 1044 1729 1098 δοκούντων
1782 1047 1966 1114 ἠγεῖτο

401 1134 674 1205 σωτηρίαν
696 1151 710 1164 ο
746 1134 861 1201 οἶγε
891 1135 980 1186 καὶ
1019 1136 1180 1206 ήνίκα
1209 1136 1396 1189 τοῦτον
1428 1136 1779 1207 τηλικαύταις
1808 1154 1969 1208 περιέ

399 1229 589 1278 πεσεῖν
623 1225 801 1290 ἀνίαις
842 1227 1080 1296 ἤκουσαν
1129 1228 1223 1280 καὶ
1278 1215 1510 1291 etiam,
1560 1229 1811 1283 τοσοῦτον
1863 1231 1968 1283 άπ-

399 1317 561 1388 έσχον
591 1317 682 1370 τοῦ
715 1318 1068 1388 συμπαθῆσαι
1118 1320 1211 1373 καὶ
1264 1321 1789 1392 παραμυθήσασθαι,
1825 1320 1966 1377 ὥστε

399 1410 496 1461 καὶ
523 1409 699 1475 λύπης
727 1410 1003 1478 πρόφασιν
1028 1409 1361 1480 ἡγήσασθαι,
1389 1414 1470 1465 ὅτι
1499 1412 1573 1483 μὴ
1597 1413 1689 1466 καὶ
1715 1412 1875 1475 αὐτὸς
1901 1416 1965 1484 τῇ

401 1498 713 1570 βαρϐαρικῇ
749 1501 892 1553 ἑάλω
924 1502 1087 1572 χειρὶ,
1124 1504 1216 1555 καὶ
1247 1505 1360 1565 τοῖς
1383 1503 1601 1566 οἰκείοις
1629 1504 1965 1576 συνανῃρέθη

401 1591 590 1644 παισίν
616 1607 630 1621 ο
666 1591 725 1643 ού
762 1590 962 1659 μᾶλλον
1015 1591 1376 1662 εὐθυμοῦντες
1408 1593 1500 1646 ἐπὶ
1531 1596 1642 1654 τοῖς
1683 1594 1966 1664 ἀνῃρημέ-

401 1700 535 1748 νοις,
572 1683 603 1754 ﬁ
644 1684 935 1754 ἀνιώμενοι
965 1684 1058 1738 ἐπὶ
1097 1687 1162 1755 τῇ
1202 1685 1445 1756 σωτηρίᾳ
1477 1685 1570 1737 τοῦ
1599 1685 1828 1741 δικαίου.
1858 1687 1968 1742 Καὶ

403 1775 463 1824 ού
494 1775 824 1842 θαυμαστόν,
882 1775 1043 1846 Ψυχὴ
1084 1775 1192 1844 γὰρ
1243 1778 1394 1829 πᾶσα
1443 1776 1542 1844 τῆς
1587 1777 1806 1846 ἀγάπης
1871 1777 1970 1848 μὲν

405 1863 824 1936 ἀλλοτριωθείσα
843 1906 858 1929 ,
887 1865 978 1918 τοῦ
1001 1867 1059 1919 δὲ
1091 1866 1280 1935 μίσους
1308 1867 1736 1938 ἀναπλησθεῖσα,
1768 1869 1864 1924 καὶ
1897 1870 1972 1934 ῶς

407 1953 581 2024 πυρὸς
604 1953 695 2010 ὑπ’
726 1955 890 2007 αὑτοῦ
921 1955 1314 2028 δαπανωμένη,
1356 1957 1485 2028 μίαν
1517 1958 1724 2029 ταύτης
1751 1962 1970 2030 ἡγεῖται

404 2043 500 2096 τοῦ
532 2045 732 2110 πάθους
757 2046 1059 2118 ἀναψυχὴν,
1082 2047 1182 2116 τὴν
1214 2050 1484 2102 ἀπώλειαν
1501 2049 1593 2103 τοῦ
1620 2053 1970 2120 μισουμένου.

404 2136 484 2187 Οὐ
520 2136 653 2188 πολὺ
687 2137 747 2191 τὸ
783 2138 840 2188 ἐν
869 2138 1039 2208 μέσῳ,
1071 2140 1162 2192 καὶ
1190 2140 1351 2194 πάλιν
1384 2142 1654 2213 συνέδρια,
1689 2142 1850 2199 πάλιν
1869 2145 1971 2218 ἀρ-

407 2225 610 2295 χόντων
642 2227 734 2281 καὶ
761 2228 1060 2297 ἀρχιερέων
1093 2229 1230 2284 κατὰ
1260 2231 1353 2284 τοῦ
1389 2231 1564 2285 ἀθώου
1594 2233 1969 2307 βουλευτήρια·

404 2317 434 2368 ὅ
461 2316 558 2386 μὲν
596 2313 689 2370 οὖν
731 2320 809 2377 είς
839 2319 906 2373 τά
956 2321 1173 2384 Ποσέως
1212 2322 1465 2393 ἐκάθητο,
1509 2325 1606 2394 τὴν
1637 2327 1760 2383 κατ’
1805 2326 1972 2383 αὑτοῦ

410 2407 719 2476 σκευωρίαν
747 2407 1121 2480 ὑψορώμενος.
1169 2410 1370 2476 Φώτιος
1402 2412 1458 2466 δέ
1492 2413 1589 2484 τὴν
1644 2415 1764 2468 κατ’
1812 2416 1974 2472 αύτὺν

410 2497 708 2567 ἐκκλησίαν
739 2499 832 2552 καὶ
861 2499 986 2563 τοὺς
1012 2500 1120 2553 ἀπὸ
1148 2501 1248 2571 τῆς
1284 2503 1502 2575 Ῥώμης
1530 2505 1763 2576 ἣκοντας
1793 2507 1975 2565 λαϐὼν

407 2591 808 2660 τοποτηρητάς,
845 2591 935 2680 τόν
970 2592 1112 2664 ἱερὸν
1140 2587 1248 2682 τῶν
1289 2595 1627 2652 Ἀποστὸλων
1660 2599 1976 2672 κατειλήφει

409 2679 560 2734 ναόν,
595 2681 854 2752 Παρῆσαν
883 2679 977 2736 καὶ
1001 2685 1049 2736 oi
1081 2679 1343 2755 βασιλεῖς,
1382 2691 1632 2759 παρῆσαν
1657 2691 1749 2746 καὶ
1779 2691 1976 2760 πάντες

409 2769 462 2821 οἱ
493 2769 768 2841 ἄρχοντες,
794 2775 889 2827 καὶ
918 2777 1067 2828 πᾶσα
1102 2777 1286 2845 σχεδὸν
1315 2779 1347 2846 ή
1378 2778 1529 2842 πόλις
1556 2780 1806 2849 παρῆσαν
1838 2782 1974 2838 ἐκεῖ.

423 2861 641 2932 Ἐπειδὴ
688 2859 779 2917 οὖν
834 2865 1308 2936 συνεληλύθεισαν,
1363 2870 1580 2941 πρῶτον
1627 2873 1724 2942 μὲν
1765 2872 1978 2944 Βαάνην

412 2955 794 3022 πραιπὸσιτον,
827 2954 916 3008 τὸν
954 2957 1219 3028 Ἀγγορὴν
1263 2961 1710 3031 ἐπικαλούμενον,
1762 2963 1857 3019 κα)⁸
1887 2964 1981 3020 ἄλ·

409 3041 538 3104 λους
567 3043 620 3099 δέ
649 3062 798 3104 τινας
826 3047 1278 3118 ἐξουθενημένους
1311 3051 1614 3120 Ῥωμαίους
1641 3053 1774 3124 πρὸς
1810 3054 1980 3124 Ἰγνά-

411 3149 530 3185 τιον
563 3135 1009 3208 ἀποκρισιαρίους
1058 3141 1514 3212 προχειρίζονται.
1563 3143 1625 3196 Οἳ
1660 3145 1754 3202 καὶ
1800 3163 1980 3215 παρα-

413 3225 736 3294 γενόμενοι,
787 3226 847 3281 Ἡ
883 3228 1112 3298 μεγάλη,
1145 3232 1296 3297 φασὶ,
1320 3231 1414 3283 καὶ
1445 3231 1566 3300 ἱερά
1590 3233 1805 3300 σύνοδος
1829 3235 1984 3292 καλεῖ

415 3329 480 3365 σε
507 3314 643 3382 πρὸς
683 3315 914 3384 ἑαυτήνο
947 3317 1067 3368 ἐλθέ
1112 3321 1296 3390 τάχιον
1336 3318 1807 3391 ἀπολογησόμενος
1847 3321 1982 3390 πρὸς

416 3402 489 3455 τά
518 3403 741 3466 δικαίως
767 3405 799 3474 ἢ
829 3404 1028 3468 ἀδίκως
1079 3405 1449 3481 θρυλλούμενα
1498 3410 1639 3465 κατὰ
1674 3409 1787 3466 σοῦ.
1828 3411 1886 3462 Ὀ
1923 3410 1980 3463 δὲ

419 3494 710 3562 μακάριος,
739 3495 962 3558 Εἴπατε,
993 3496 1180 3566 φησιν,
1214 3497 1369 3563 ἀξιῶ,
1398 3498 1512 3561 πῶς
1543 3499 1869 3569 ἐλεύσομαι;
1908 3501 1984 3564 ὼς

414 3585 736 3646 ἐπίσκοπος,
768 3585 800 3654 ἢ
833 3586 1030 3655 ἱερεὺς,
1057 3587 1088 3658 ἢ
1126 3586 1500 3658 θεραπευτή;;
1533 3591 1594 3642 Οἱ
1634 3590 1710 3655 δὲ,
1747 3591 1822 3662 μὴ
1850 3592 1985 3645 εἰδέ-

416 3690 510 3724 ναι
542 3675 594 3724 τί
638 3675 774 3744 πρὸς
819 3676 989 3728 ταῦτα
1041 3676 1430 3746 ἀποκριθῶσιν,
1480 3675 1659 3733 εἶπον·
1702 3682 1861 3735 Ἀλλά
1891 3681 1985 3735 νῦν

419 3764 675 3826 ἀπιόντες
727 3765 862 3834 πρὸς
909 3766 1035 3828 τοὺς
1088 3767 1533 3833 ἀποστείλαντας,
1582 3770 1805 3840 βεῦαίαν
1851 3773 1987 3826 ἀπό-

422 3871 607 3924 κρισιν
654 3855 808 3918 αὖθις
865 3856 1033 3918 ἰόντες
1065 3857 1384 3927 κομιοῦμεν.
1413 3861 1490 3931 Τῇ
1522 3860 1613 3914 οὖν
1641 3863 1901 3934 ἐπαύριον
1939 3865 1988 3916 οι

424 3953 583 4005 αὐτοὶ
634 3955 1086 4025 παραγενόμενοι,
1121 3955 1183 4008 Οί
1223 3954 1589 4026 τοποτηρηταὶ
1618 3953 1718 4022 τῆς
1751 3953 1988 4023 πρεσϐυ-

423 4043 613 4114 τέρας,
648 4044 874 4114 ἐφασαν,
921 4045 1154 4116 Ῥώμης,
1206 4045 1512 4110 Ῥοδόαλδος
1557 4044 1652 4098 καὶ
1694 4044 1987 4114 Ζαχαρίας,

420 4133 494 4186 δι’
525 4133 678 4204 ήμῶν
711 4136 817 4189 τῶν
859 4135 1092 4199 ἀναξίων
1128 4134 1347 4208 δηλοῦσι
1391 4135 1546 4188 τάδε·
1583 4135 1675 4197 Είς
1701 4135 1800 4202 τὴν
1829 4135 1991 4201 ἁγίαν

422 4227 524 4280 καὶ
551 4228 929 4298 οἱκουμενικὴν
979 4227 1191 4280 σύνοδον
1237 4226 1618 4296 ἀνυπερθέτως
1661 4226 1990 4294 ἀπάντησον,

424 4318 503 4380 ὼς
530 4317 642 4388 ἔχει
673 4336 767 4371 σου
795 4321 827 4388 ἡ
861 4319 1185 4388 συνείδησις.
1218 4319 1390 4380 Εύθὺς
1421 4313 1514 4370 οὖν
1543 4316 1642 4388 τήν
1681 4318 1994 4387 ἀρχιερατι-

425 4410 532 4480 κην
566 4410 755 4481 στολὴν
786 4412 989 4474 ἐκεῖνος
1025 4410 1404 4480 ἐνδυσάμενος,
1439 4409 1533 4462 σὺν
1563 4409 1878 4471 ἐπισκόποις
1899 4408 1991 4461 καὶ

427 4500 842 4570 πρεσϐυτέροις,
893 4502 988 4554 καὶ
1018 4501 1209 4571 πλήθει
1267 4499 1445 4569 πολλῷ
1503 4498 1750 4569 μοναχῶν
1793 4516 1852 4551 τε
1900 4499 1994 4551 καὶ

428 4589 658 4654 λαῖκῶν,
688 4590 852 4661 ἀπῄει
877 4591 1214 4661 πεζοπορῶν.
1238 4591 1471 4660 Πλησίον
1494 4591 1550 4643 δὲ
1579 4589 1671 4643 τοῦ
1701 4589 1826 4644 ναοῦ
1851 4590 1997 4661 Γρη-

431 4683 620 4752 γορίου
659 4685 751 4736 τοῦ
796 4684 1078 4752 Θεολόγου,
1114 4683 1246 4736 ὅπου
1279 4683 1510 4754 σταυρὸς
1559 4684 1616 4736 ἐν
1669 4683 1999 4754 μαρμαρίνῳ

433 4778 579 4830 κίονι
623 4776 764 4828 κατά
793 4777 957 4846 μέσον
983 4775 1350 4845 ἀνεστήλωται
1380 4776 1474 4844 τῆς
1504 4775 1804 4846 λεωφόρου,
1843 4792 2000 4844 γενο-

439 4867 608 4936 μένῳ,
649 4868 901 4938 Ἰωάννης
933 4869 1241 4937 πατρίκιος,
1284 4870 1311 4919 ὁ
1342 4867 1519 4937 Κόξης
1546 4867 1856 4937 λεγόμενος,
1892 4867 1999 4920 ἀπ-

437 4957 673 5028 ήντησεν
707 4957 875 5028 αὐτῷ,
900 4958 1072 5026 λέγων
1101 4959 1208 5012 ἀπὸ
1238 4957 1330 5010 τοῦ
1361 4956 1622 5028 βασιλέως
1643 4957 1998 5020 ἀπεστάλθαι,

439 5048 536 5101 καὶ
572 5048 833 5113 ἀπειλῶν,
865 5050 941 5111 ῶς
973 5051 1020 5101 εί
1056 5049 1131 5119 μὴ
1160 5047 1484 5116 παγανεύων
1527 5049 1582 5099 ἐν
1613 5045 1888 5116 μοναχικῷ
1926 5045 2001 5116 τῷ

441 5139 663 5209 συνήθει
709 5141 945 5210 σχήματι
976 5140 1246 5209 προέλθοι,
1277 5138 1505 5191 θάνατον
1533 5137 1874 5206 ἐπηρτῆσθαι
1905 5137 2002 5206 τὴν

441 5230 664 5300 ζημίαν.
700 5233 763 5286 Ὀ
797 5233 891 5286 καὶ
938 5233 1275 5302 πεποιηκότα
1329 5230 1420 5283 τὸν
1472 5229 1714 5300 ἀοίδιμον
1763 5229 1840 5297 τῷ
1876 5245 2002 5280 συν-

441 5320 603 5391 ιδρίῳ
625 5324 1057 5393 παρεστήσαντο.
1091 5323 1202 5375 Καὶ
1229 5321 1292 5392 δὴ
1324 5321 1745 5389 παριστάνουσιν
1775 5319 2004 5392 ἐϐδομή-

441 5427 608 5464 κοντα
654 5415 746 5466 καὶ
788 5413 881 5466 δύο
925 5414 1399 5484 ψευδομάρτυρας,
1433 5410 1524 5474 οὒς
1550 5413 1614 5465 ἐκ
1643 5410 1836 5464 πολλοῦ
1872 5428 2005 5481 προ-

443 5502 832 5572 ητοιμάσαντο,
857 5505 1174 5573 ἀνθρώπους
1206 5503 1420 5567 ἀσεϐεῖς
1454 5503 1682 5565 πάντας,
1716 5501 2003 5570 ἀγελαίους

444 5595 540 5646 καὶ
568 5595 980 5664 συγκλητικοὺς,
1013 5589 1088 5650 ῶν
1121 5597 1305 5664 ἡγεῖτο
1334 5593 1486 5648 Λέων
1537 5593 1828 5662 πατρίκιος
1859 5593 2004 5644 ἐκεῖ·

445 5697 556 5748 νος,
592 5681 620 5735 ὃ
647 5684 918 5755 Κρητικὸς
944 5684 1368 5756 ὀνομαζόμενος,
1409 5684 1502 5738 καὶ
1535 5681 1880 5745 Θεοδοτάκιος
1903 5696 2004 5732 πα-

2078 502 2284 557 nullam
2312 518 2341 557 a
2375 504 2713 572 principibus
2742 505 2969 560 salutem
3003 517 3347 576 exspectans,
3375 511 3633 580 implora-

2073 590 2184 645 bat.
2211 590 2343 646 Nam
2371 593 2468 659 illi,
2503 593 2593 648 ubi
2631 593 2774 648 hunc
2815 595 2981 648 tantis
3014 609 3333 664 oppressum
3395 599 3550 654 malis
3580 608 3637 656 et

2071 685 2329 739 mrumnis
2365 684 2730 750 audiverunt,
2785 692 2994 742 tantum
3057 688 3208 744 abest
3258 697 3315 742 ιιι
3368 689 3634 760 dolerent,

2070 773 2152 827 vel
2188 773 2444 829 alllictum
2481 761 2808 838 solarentur.
2850 784 2910 831 ut
2947 777 3168 834 moleste
3216 778 3379 835 etiam
3409 778 3632 847 ferrent,

2071 878 2192 919 eum
2227 880 2336 920 non
2370 881 2492 920 cum
2519 866 2835 923 domesticis
2866 868 2981 925 suis
3011 869 3296 926 barbarica
3329 872 3380 925 vi
3415 882 3633 942 captum

2072 953 2381 1010 interiisse:
2414 971 2520 1009 non
2565 956 2735 1028 magis
2775 950 2890 1012 lani
2943 957 3008 1011 de
3061 958 3424 1028 interemptis,
3472 975 3638 1029 quam

2073 1044 2253 1099 tristes
2292 1050 2360 1101 de
2384 1046 2558 1101 salute
2586 1047 2717 1116 justi
2753 1046 3004 1102 viventis.
3036 1047 3189 1113 Quod
3220 1050 3420 1106 mirum
3462 1050 3638 1106 videri

2071 1152 2178 1190 non
2195 1137 2352 1191 debet
2374 1155 2386 1191 :
2411 1152 2564 1192 tnens
2581 1137 2723 1190 enim
2740 1138 2882 1191 omni
2901 1137 3170 1193 charitate
3189 1139 3462 1206 destituta,
3487 1141 3641 1195 odio-

2066 1241 2176 1299 que
2206 1227 2422 1295 penitus
2453 1227 2676 1290 imbuta,
2703 1227 2849 1281 velut
2872 1229 2995 1299 igne
3024 1230 3267 1300 subjecto
3291 1242 3637 1301 consumpta,

2070 1319 2189 1389 ejus
2215 1334 2374 1390 quem
2410 1318 2544 1382 odit,
2581 1318 2831 1385 exitium,
2883 1321 3098 1374 unicum
3158 1330 3311 1392 putat
3371 1323 3498 1377 mali
3553 1323 3641 1379 sui

2071 1409 2454 1486 levamentum.
2482 1407 2590 1464 Nec
2621 1411 2852 1470 multum
2880 1413 3140 1480 temporis
3168 1412 3346 1477 ﬂuxit,
3399 1423 3456 1470 ct
3512 1431 3642 1469 rur-

2071 1515 2192 1556 sum
2221 1501 2602 1567 conciliabula,
2644 1517 2838 1558 rursus
2887 1503 3191 1573 principum
3231 1514 3285 1560 et
3325 1505 3641 1574 pontiﬁcum

2072 1592 2337 1648 adversus
2391 1603 2641 1649 sanctum
2691 1596 3089 1650 conventicula.
3161 1597 3339 1667 Atque
3400 1598 3640 1667 lgoatius

2072 1682 2292 1752 quidem
2329 1684 2380 1737 in
2415 1683 2621 1738 :edibus
2650 1683 2854 1739 Poseos
2878 1686 3212 1750 morabatur,
3239 1687 3643 1758 insidiosasque

2075 1782 2261 1829 contra
2290 1789 2348 1828 se
2370 1775 2800 1856 machinationes
2831 1777 3174 1831 observabat.
3207 1777 3434 1834 Pbotius
3460 1789 3642 1834 autem

2077 1882 2201 1924 cum
2246 1882 2343 1922 sua
2393 1865 2647 1928 factione,
2705 1876 2759 1920 et
2813 1867 2996 1924 missis
3055 1869 3121 1922 ab
3172 1869 3303 1924 urbe
3370 1871 3644 1938 pontiﬁcis

2078 1958 2285 2025 legatis,
2318 1974 2531 2014 sacram
2560 1959 2950 2029 Apostolorum
2978 1961 3144 2016 :edem
3172 1970 3484 2031 occuparat.
3512 1963 3647 2017 Ade-

2078 2059 2206 2106 rant
2261 2050 2637 2118 imperatores,
2669 2050 2891 2104 aderant
2923 2059 2977 2104 et
3015 2053 3287 2121 principes
3319 2054 3522 2116 cuncti,
3553 2062 3640 2107 to-

2079 2149 2240 2208 taque
2267 2156 2431 2213 prope
2475 2141 2665 2195 civitas
2717 2141 3070 2197 conﬂuxerat.
3126 2141 3453 2214 Frequentes
3511 2157 3643 2212 ergo

2080 2249 2202 2289 cum
2234 2233 2509 2294 adessent,
2538 2232 2770 2300 primum
2799 2231 3033 2288 Baanem
3064 2234 3412 2302 praepositum
3440 2249 3644 2304 cogno-

2082 2336 2266 2385 mento
2302 2326 2596 2394 Angoram,
2634 2324 2879 2392 aliosque
2910 2324 3204 2379 nonnullos
3262 2341 3326 2379 ex
3359 2325 3642 2380 vilioribus

2081 2414 2370 2477 Romanis,
2418 2413 2798 2482 apocrisiarius
2827 2413 2892 2469 ad
2924 2412 3185 2481 lgnatium
3214 2413 3502 2468 destinant.
3538 2413 3644 2480 Qui

2081 2520 2266 2564 coram
2300 2504 2526 2574 lgnatio,
2558 2502 2770 2574 Magna,
2813 2503 3084 2575 inquiunt,
3120 2511 3173 2556 et
3206 2518 3357 2556 sacra
3391 2504 3630 2573 synodus

2082 2609 2133 2655 te
2158 2598 2308 2654 citat.
2348 2596 2761 2667 Quamprimum
2792 2610 2920 2665 ergo
2951 2595 3103 2662 ades,
3143 2610 3364 2649 causam
3402 2595 3467 2649 de
3490 2597 3644 2662 obje-

2080 2692 2185 2750 ctis
2221 2691 2318 2744 tibi
2340 2691 2455 2746 sive
2483 2689 2646 2752 veris,
2677 2689 2790 2744 sive
2814 2687 2966 2744 falsis
2996 2687 3317 2742 criminibus
3371 2688 3642 2742 dicturus.

2083 2780 2184 2840 Hic
2222 2781 2412 2835 beatus
2451 2779 2671 2848 :Agite,
2721 2778 2922 2848 inquit,
2967 2779 3216 2853 obsecro,
3261 2780 3535 2848 quomodo
3557 2795 3651 2831 ve-

2085 2866 2274 2927 niam?
2306 2882 2373 2922 an
2409 2875 2469 2921 ut
2498 2868 2803 2938 episcopus.
2828 2882 2895 2920 an
2928 2865 3203 2927 sacerdos,
3223 2881 3290 2920 an
3315 2865 3648 2920 monachus?

2084 2958 2163 3016 llli
2199 2959 2467 3012 haerentes
2508 2974 2521 3012 :
2562 2957 2736 3018 Nunc,
2771 2957 3044 3024 inquiunt,
3094 2957 3331 3020 abimus,
3358 2971 3479 3012 cras
3503 2957 3566 3009 ad
3596 2965 3649 3012 te

2086 3059 2231 3104 certa
2263 3049 2503 3102 relaturi.
2534 3046 2800 3100 Postridie
2843 3048 3009 3115 igitur
3039 3047 3200 3099 iidem
3241 3047 3444 3099 reversi
3497 3060 3510 3098 :
3541 3045 3649 3098 Le-

2084 3143 2213 3212 gati,
2233 3150 2235 3152 ’
2255 3141 2527 3210 inquiunt,
2559 3139 2757 3193 veteris
2809 3137 2994 3191 Romae
3017 3177 3032 3202 ,
3093 3137 3438 3192 Rhodoaldus
3469 3143 3522 3189 et
3546 3135 3652 3189 Za-

2083 3228 2323 3294 charias,
2359 3242 2455 3296 per
2476 3241 2576 3280 nos
2601 3226 2852 3294 indignos
2873 3226 2984 3280 haec
3012 3226 3264 3282 nuntiant
3289 3225 3402 3288 tibi,
3429 3226 3503 3278 uti
3533 3226 3650 3279 sine

2084 3334 2234 3373 mora
2254 3319 2320 3372 ad
2351 3326 2593 3372 sanctam
2620 3327 2672 3371 et
2716 3316 3109 3372 (ecutnenicam
3159 3315 3426 3387 synodum
3477 3315 3648 3378 adsis,

2085 3423 2145 3465 ut
2173 3419 2260 3464 tua
2290 3408 2624 3464 conscientia
2659 3408 2751 3461 tibi
2787 3408 3005 3473 dictat.‘
3040 3405 3181 3475 Ergo
3215 3406 3522 3477 (lgnatius)
3556 3423 3654 3462 ex-

2085 3503 2287 3572 templo
2321 3517 2535 3556 sacrum
2567 3500 2892 3572 patriarcha:
2942 3509 3195 3552 ornatum
3246 3499 3488 3561 indutus,
3529 3514 3652 3553 cum

2085 3598 2356 3666 episcopis
2379 3603 2428 3648 el
2454 3593 2621 3657 clero,
2654 3607 2959 3661 magnaque
2991 3591 3368 3660 religiosorum
3400 3589 3655 3659 frequen-

2087 3689 2180 3753 tia,
2233 3686 2544 3754 civiumque
2596 3699 2865 3738 concursu
2895 3691 2949 3738 et
2994 3683 3275 3745 comitatu,
3323 3682 3463 3737 viam
3496 3685 3656 3749 pedes

2087 3779 2388 3848 ingressus,
2423 3791 2544 3833 cum
2578 3774 2644 3828 ad
2680 3775 2848 3828 aedem
2882 3773 3058 3826 sancti
3095 3771 3337 3842 Gregorii
3373 3769 3654 3838 Theologi,

2088 3871 2178 3928 ubi
2212 3884 2344 3922 crux
2370 3868 2422 3920 in
2474 3866 2644 3919 media
2679 3866 2886 3932 publica
2915 3865 2998 3916 via
3042 3878 3362 3916 marmorea:
3391 3863 3657 3916 columna:

2093 3959 2365 4030 imposita.
2402 3967 2505 4021 est,
2553 3956 2813 4018 venisset,
2863 3953 3100 4007 Joannes
3147 3953 3426 4020 patricius,
3482 3952 3658 4005 Coxcs

2092 4058 2471 4120 nuncupatus,
2532 4048 2606 4101 illi
2666 4047 2935 4109 occurrit;
2995 4060 3161 4113 seque
3213 4045 3280 4101 ab
3330 4045 3658 4114 imperatore

2095 4145 2322 4195 missum
2358 4139 2528 4204 dicit;
2562 4152 2626 4190 ac
2662 4137 2763 4189 nisi
2800 4138 3005 4205 privata
3042 4145 3094 4187 et
3137 4135 3334 4186 usitata
3397 4133 3656 4189 monachi

2094 4239 2246 4284 veste
2290 4227 2552 4300 prodiret,
2591 4225 2641 4278 ei
2685 4223 2874 4291 capitis
2907 4220 3202 4294 periculum
3243 4233 3304 4272 ac
3334 4217 3654 4287 supplicium

2095 4318 2399 4373 imminere.
2430 4315 2588 4367 Paret
2627 4313 2709 4364 vir
2761 4320 3010 4378 sanctus,
3059 4310 3374 4379 synodoque
3425 4306 3654 4358 sistitur.

2026 4436 2068 4489 υ
2097 4411 2387 4479 Apponunt
2414 4406 2551 4458 duos
2581 4417 2744 4472 supra
2790 4401 3127 4469 septuaginta
3177 4400 3425 4467 perjuros
3473 4403 3659 4460 testes,

2099 4518 2237 4572 quos
2267 4499 2380 4569 jam
2429 4496 2554 4555 olim
2607 4495 2801 4563 impios
2833 4507 3020 4550 omnes
3054 4495 3433 4550 subornarant,
3471 4501 3660 4554 grega-

2099 4592 2487 4660 riosjuxta'ac
2535 4586 2882 4647 senatorios;
2941 4597 3172 4649 quorum
3228 4579 3335 4634 dux
3389 4585 3505 4632 erat
3556 4574 3664 4626 Leo

2101 4682 2359 4756 patricius
2385 4684 2742 4748 cognomento
2776 4673 3042 4734 Creticus,
3076 4679 3130 4724 et
3173 4667 3469 4722 secundum
3509 4665 3661 4716 illotn

2101 4771 2501 4826 Theodotacius
2525 4769 2652 4820 item
2675 4763 2956 4834 patricius,
2977 4760 3063 4812 cui
3091 4767 3143 4812 et
3177 4757 3398 4832 perjttrii
3429 4756 3661 4824 pretium

2103 4862 2348 4932 magistri
2381 4859 2622 4928 dignitas
2668 4855 2844 4908 delata
2875 4862 2979 4906 cst.
3024 4849 3118 4903 llis
3152 4849 3390 4914 reliquos
3419 4861 3484 4898 cx
3525 4860 3663 4894 uno-

2103 4937 2318 5022 quoque
2349 4949 2518 5018 gradu
2547 4953 2801 5011 sorteque
2826 4942 2905 4994 vel
2929 4939 3249 4992 deterrimos
3278 4935 3663 5022 adjnnxerunt.

2103 5020 2286 5108 Neque
2317 5039 2415 5091 bos
2448 5043 2676 5094 tantum,
2706 5031 2798 5084 sed
2835 5044 2970 5104 quos
2999 5027 3320 5093 dibaptistas
3353 5020 3666 5089 appellitant

2103 5131 2409 5186 haereticos.
2443 5129 2637 5195 Atque,
2678 5131 2735 5176 ttt
2757 5122 2829 5175 ita
2870 5120 3067 5180 dicam,
3097 5132 3161 5170 ex
3202 5117 3347 5169 omni
3381 5112 3661 5165 hominum

2105 5224 2234 5276 faece
2262 5230 2317 5274 et
2341 5217 2568 5272 colluvie
2598 5213 2941 5282 turpissimos
2970 5222 3216 5277 quosque
3269 5202 3666 5271 nequissimos-

2043 5307 2046 5309 Α
2105 5326 2210 5381 que
2241 5324 2376 5363 auro
2410 5307 2845 5376 dignitatumque
2875 5295 3361 5370 pollicitationibus
3390 5293 3661 5351 inductos,

2107 5399 2420 5467 singillatim
2480 5395 2877 5463 produxerunt,
2937 5389 3030 5458 qui
3079 5386 3248 5453 jurati
3315 5388 3664 5440 testarentur,

2103 5492 2396 5562 Ignatium,
2435 5485 2527 5556 qui
2567 5483 2874 5554 patriarcha
2902 5481 3013 5551 jam
3064 5479 3241 5532 fuerat
3287 5488 3460 5529 annos
3499 5483 3666 5540 pr0pe

2105 5580 2410 5644 duodecim,
2445 5592 2552 5630 non
2586 5577 2688 5631 rite
2720 5583 2774 5629 et
2811 5573 3000 5628 ordine
3026 5578 3295 5632 creatum,
3348 5563 3663 5619 cathedram

2105 5672 2358 5730 Ecclesiae
2385 5682 2702 5740 occupasse.
2755 5664 2896 5732 Quid
2940 5678 3066 5720 vero
3096 5659 3275 5719 stolidi
3307 5657 3499 5712 horum
3523 5650 3669 5725 judi-
