4092 6600
490 314 598 379 519
837 326 867 347 ‘

1678 317 1970 379 NICET/E
2009 319 2535 381 PAPIILAGONIS

3641 324 3748 391 520

486 448 598 491 ces,
634 431 688 483 in
713 443 936 499 quorum
969 427 1212 483 manibus
1244 428 1549 500 iniquitates
1584 442 1726 498 sunt,
1759 445 1807 486 et
1841 434 2046 487 dextera

2164 435 2374 506 τρίκιος
2406 437 2524 506 μετ’
2555 436 2738 503 αὐτὸν,
2769 429 2812 504 ᾧ
2840 435 2933 490 καὶ
2961 437 3060 506 τῆς
3104 435 3385 506 ἐπιορκίας
3425 437 3614 508 μισθὸν
3643 442 3739 511 τὴν

484 539 665 576 eorum
684 521 879 591 repleta
906 530 980 574 est
1007 522 1306 576 muneribus
1327 525 1352 577 ?
1381 521 1518 588 Quid
1547 530 1738 577 contra
1758 525 2060 593 perjurium

485 613 592 667 hoc
615 614 970 668 decreverunt
994 615 1016 666 ?
1041 614 1400 669 'l'ricesimum
1429 615 1613 669 subito
1646 630 1910 670 canonem
1937 617 2064 672 sub-

479 708 699 776 jiciunt,
737 708 828 776 qui
862 707 942 761 sic
998 707 1156 760 habet
1191 727 1203 760 :
1238 706 1298 760 Si
1329 707 1444 776 quis
1486 707 1755 775 episcopus
1785 708 2062 761 swculari-

484 801 578 852 bus
609 799 955 869 potestatibus
1003 814 1148 860 usus,
1180 813 1270 864 per
1308 798 1447 864 ipsos
1485 797 1774 851 Ecclesium
1812 799 2059 865 obtineat,

481 895 775 957 deponatur
799 891 896 961 (6).
938 890 1094 955 Quod
1127 900 1305 942 autem
1365 892 1614 959 sequitur
1659 891 1710 943 in
1744 893 1932 946 eodem
1970 907 2062 946 ca-

481 986 634 1051 pite:
675 994 729 1035 ut
787 994 835 1036 et
887 999 1059 1036 omnes
1123 984 1567 1038 communicantes
1614 1001 1731 1037 cum
1779 985 1896 1051 illo,
1954 995 2057 1039 elc.

479 1076 816 1130 fraudulenti
859 1076 1131 1128 malitiose
1173 1084 1482 1130 tacuerunt.
1547 1077 1846 1146 Oportebat
1891 1077 2058 1142 enim,

479 1167 744 1234 siquidem
779 1180 876 1233 pro
931 1165 1213 1219 sanctione
1266 1167 1566 1234 aposwlica
1623 1168 2056 1236 propugnabant.

478 1273 588 1310 non
634 1268 864 1327 partem,
899 1257 994 1310 sed
1038 1266 1210 1310 totum
1242 1272 1506 1310 canonem
1539 1258 1878 1312 observare:
1913 1265 1965 1311 ct
2005 1258 2052 1312 si

475 1350 883 1403 accusationem
925 1348 1308 1413 admisissent,
1344 1356 1403 1401 ut
1435 1347 1723 1419 lgnatium,
1754 1349 1826 1402 ita
1869 1350 1937 1403 ab
1963 1349 2056 1403 illo

478 1441 741 1503 initiatos,
777 1449 832 1492 et
860 1455 982 1492 cum
1016 1439 1108 1491 illo
1142 1440 1613 1494 communicantes
1647 1452 2003 1495 exauctorare
2036 1460 2048 1495 :

476 1530 674 1599 sicque
723 1529 781 1582 in
835 1529 1098 1599 Operibus
1149 1545 1409 1584 manuutn
1469 1545 1691 1585 suarum
1742 1542 2054 1601 peccatores

477 1618 764 1672 manifeste
793 1617 1116 1687 deprehensi
1151 1627 1355 1672 essent.
1392 1619 1592 1673 Contra
1618 1619 1711 1690 jus
1735 1634 1917 1674 autem
1945 1621 2056 1677 fas-

474 1721 580 1775 que
605 1705 983 1770 decernentes,
1015 1706 1119 1760 hoc
1165 1711 1591 1775 pronuntiarunt
1624 1718 1856 1776 tantum,
1907 1711 2051 1780 quod

2169 526 2324 592 ἀξίαν
2357 529 2660 598 μαγίστρου
2689 528 3059 598 προετείνατο.
3105 527 3221 596 Ἐφ’
3248 522 3327 591 οἷς
3356 531 3447 582 καὶ
3477 531 3604 593 τοὺς
3633 531 3742 584 λοι-

2167 619 2304 682 ποὺς
2351 619 2445 690 ἀφ’
2495 619 2725 672 ἑκάστου
2774 618 2985 689 βαθμοῦ
3037 619 3132 672 καὶ
3181 618 3276 671 τοῦ
3311 619 3744 674 καταδεεστάτου

2172 710 2391 762 πάντων
2429 708 2829 780 συλλεξάμενοι,
2881 709 2940 762 οὐ
2989 710 3148 779 μόνον
3182 711 3258 777 δὲ,
3309 710 3443 763 ἀλλὰ
3489 713 3585 765 κα)⁵
3628 714 3742 766 ἀπὸ

2164 802 2272 853 τῶν
2309 801 2619 869 λεγομένων
2651 801 3043 865 διϐαπτιστῶν,
3099 803 3195 854 καὶ
3247 803 3355 856 ἀπὸ
3391 803 3627 870 παντὸς,
3670 805 3746 868 ὡς

2164 892 2356 953 εἰπεῖν,
2389 893 2667 958 τάγματος
2704 893 2829 953 τοὺς
2859 891 3171 961 αἰσχίστους
3231 893 3328 944 καὶ
3365 896 3746 963 μιαρωτάτους

2162 984 2269 1036 τῶν
2294 983 2597 1054 ἀνθρώπων
2639 983 2843 1053 χρυσοῦ
2875 1001 2932 1035 τε
2979 985 3075 1036 καὶ
3111 985 3440 1054 ἀξιωμάτων
3472 986 3742 1057 ἐξαγορα-

2164 1077 2410 1144 σάμενοι,
2466 1073 2565 1127 ἕνα
2634 1073 2754 1126 καθ’
2803 1074 2901 1127 ἕνα
2948 1075 3247 1146 προσῆγον,
3304 1075 3624 1147 ὀμνύοντας,
3668 1077 3745 1141 ὡς

2170 1169 2231 1222 '0
2247 1168 2552 1236 δωδεκαετῆ
2577 1167 2773 1238 μικροῦ
2796 1168 2904 1220 δεῖν
2923 1169 3109 1238 χρόνον
3131 1169 3285 1237 ἁρχιε
3295 1165 3747 1236 ρατεύσαςἸγκάο

2159 1275 2270 1321 no;
2299 1257 2620 1328 ἁψηφίστως
2653 1259 3070 1328 χειροτονηθεὶς,
3110 1259 3382 1328 ἐκράτησε
3419 1257 3520 1327 τῆς
3551 1257 3745 1328 ἐκκλη-

2160 1347 2300 1411 σίας.
2341 1349 2404 1400 Τί
2438 1343 2531 1400 οὖν
2559 1350 2605 1400 ot
2639 1348 2859 1418 μάταιοι
2887 1347 2994 1399 τῶν
3033 1346 3289 1400 τοιούτων
3318 1347 3523 1418 κριταὶ,
3556 1341 3644 1400 ὧν
3672 1347 3744 1400 ἐν

2158 1439 2372 1508 χερσὶν
2389 1442 2446 1493 αἱ
2466 1440 2728 1508 ἀνομίαι,
2754 1433 2840 1492 ὧν
2860 1439 2897 1505 ὴ
2921 1439 3026 1503 δεξ
3031 1439 3090 1492 ιὰ
3113 1439 3314 1492 αὐτῶν
3332 1440 3612 1509 ἐπλήσθη
3635 1440 3744 1496 60')-

2149 1548 2312 1600 pwr;
2347 1531 2398 1584 τί
2428 1525 2573 1585 οὗτοι
2604 1532 2738 1601 πρὸς
2771 1532 2869 1600 τὴν
2901 1530 3229 1601 ψευδορκίαν
3268 1531 3474 1602 ταύτην
3533 1533 3742 1586 ἀνθυπ-

2155 1624 2394 1693 ήνεγκαν
2415 1640 2428 1686 ;
2463 1623 2566 1676 Τὸν
2584 1624 2904 1692 τριακοστὸν
2929 1623 3087 1684 εὐθὺς
3103 1622 3606 1690 ὑπαναγινώσκουσι
3635 1641 3742 1676 κα-

2155 1715 2318 1778 νόνα,
2355 1715 2426 1768 ΕΖ
2457 1732 2546 1780 τις
2598 1715 2954 1780 ἐπίσκοπος,
3003 1714 3249 1797 λέγοντα,
3295 1715 3606 1783 κοσμικοῖς
3647 1715 3744 1784 ἅρ-

477 1813 574 1866 pro
613 1798 744 1866 ipsis
765 1798 831 1850 ad
855 1799 1205 1852 evertcndum
1235 1800 1506 1868 lgnatium
1533 1801 1601 1854 ab
1625 1801 1730 1856 illis
1753 1802 1870 1856 sine
1889 1818 2046 1857 causa

2155 1822 2335 1876 χουσι
2347 1807 2748 1876 χρησάμενος,
2772 1807 2846 1860 δι’
2872 1790 3072 1861 αὐτῶν
3086 1806 3380 1876 ἐγκρατὴς
3403 1809 3740 1877 ἐκκλησίας

474 1887 685 1953 laesum,
727 1888 981 1943 faciebat.
1025 1889 1178 1955 Quod
1207 1901 1386 1944 autem
1421 1892 1680 1960 sequitur
1730 1893 1782 1947 in
1815 1909 2048 1959 canone,

474 1997 583 2048 quo
615 1981 688 2033 illi
718 1981 817 2049 ipsi
851 1981 1025 2034 cidem
1069 1981 1435 2050 subjiciuntur
1466 1998 1730 2049 censurae,
1790 1986 2050 2040 dissimu-

474 2070 659 2124 larunt
687 2090 700 2124 :
736 2073 785 2125 id
828 2071 972 2140 quod
1003 2072 1110 2127 illis
1143 2075 1450 2129 tacentibus
1482 2085 1789 2145 opportune
1816 2079 2051 2145 patriar-

473 2163 576 2215 cha
601 2163 716 2230 ipse
734 2163 1108 2225 succlamavit.
1141 2165 1180 2217 0
1204 2165 1642 2234 improbitatem!
1677 2183 1708 2221 ο
1733 2177 2007 2237 stuporem
2032 2169 2048 2222 ι

470 2249 606 2313 Quis
631 2251 773 2302 enim
807 2251 1022 2319 ignorat
1069 2253 1335 2321 lgnatium
1391 2255 1770 2325 episcoporum
1804 2259 2047 2312 omnium

470 2339 698 2394 calculis
732 2350 786 2395 et
839 2343 1006 2395 totius
1040 2343 1222 2412 populi
1258 2345 1525 2414 applausu
1564 2347 1801 2415 legitime
1826 2350 2055 2404 canoni-

470 2445 642 2499 ceque
664 2443 908 2486 creatum
945 2434 1114 2490 fuisse
1153 2453 1166 2489 :
1215 2435 1395 2506 ipsum
1443 2446 1624 2492 autem
1667 2438 1919 2495 Pbotium
1952 2458 2050 2512 po-

468 2520 578 2574 tius
627 2523 694 2576 ab
723 2535 1007 2579 exsecrata
1046 2525 1239 2593 Barda,
1289 2538 1341 2583 et
1384 2529 1736 2585 saecularibus
1780 2543 2050 2588 armatum

468 2612 828 2680 principibus,
849 2626 1039 2670 contra
1064 2617 1230 2687 leges,
1253 2619 1537 2690 magisque
1565 2637 1660 2690 per
1682 2623 2044 2692 tyrannidem,

472 2718 636 2770 quam
694 2705 1121 2763 ecclesiasticum
1187 2711 1373 2778 ritum,
1431 2715 1682 2767 thronum
1737 2715 2050 2772 invasisse?

469 2789 575 2843 Sed
610 2807 715 2846 non
762 2807 1150 2865 cognoverunt,
1208 2817 1384 2871 neque
1434 2803 1843 2870 intellexerunt,
1873 2809 1963 2876 qui
1992 2808 2047 2864 in

467 2883 711 2938 avaritiae
738 2895 791 2940 et
822 2889 1138 2944 ambitionis
1165 2893 1406 2948 tenebris
1436 2895 1741 2961 ambulant,
1767 2911 1826 2952 se
1850 2897 2041 2953 iisdem

466 2974 820 3030 consiliorum
851 2979 1082 3050 laqueis,
1113 2997 1251 3052 quos
1285 2984 1406 3039 aliis
1431 2995 1777 3055 paraverant,
1796 3004 2045 3059 compre-

470 3063 653 3119 hendL

2156 1897 2398 1968 γένηται
2420 1938 2434 1961 ,
2468 1900 2881 1965 καθαιρείσθω.
2914 1898 2986 1950 Τὺ
3025 1897 3153 1968 ἑξῆς
3189 1899 3245 1951 δὲ
3273 1897 3367 1952 τοῦ
3414 1900 3736 1968 κεφαλαίου,

2154 1991 2236 2044 ὅτι
2254 1991 2362 2045 Καὶ
2383 1993 2438 2042 οἱ
2457 1990 2889 2055 κοινωνοῦντες
2906 1991 3066 2056 αὐτῷ
3081 1990 3325 2059 πάντες,
3347 1992 3670 2063 κακούργως
3685 1994 3736 2045 oi

2155 2081 2321 2134 δόλιοι
2350 2082 2810 2152 παρεσιὼπησαν·
2850 2081 2959 2134 ἔδει
2993 2083 3049 2136 δὲ
3093 2084 3308 2146 πάντως
3329 2122 3345 2148 ,
3377 2084 3537 2154 εἴπερ
3597 2084 3733 2137 ἀπο-

2155 2173 2402 2226 στολικὸν
2435 2173 2598 2242 νόμον
2626 2173 2958 2242 ἠγωνίζοντο
2991 2178 3199 2246 τηρεῖν,
3231 2177 3329 2228 οὐκ
3381 2177 3445 2238 ὲκ
3509 2176 3733 2246 μέρους,

2155 2263 2292 2318 ἀλλὰ
2322 2265 2542 2330 τελείως
2567 2268 2754 2337 τηρεῖν
2774 2282 2787 2296 ·
2819 2266 2914 2319 καὶ
2941 2269 2989 2320 εί
3020 2267 3235 2336 ἀληθῶς
3263 2263 3409 2338 εἶχεν
3437 2269 3469 2339 ἠ
3496 2285 3738 2337 κατηγο-

2158 2356 2269 2426 ρία,
2299 2356 2488 2428 ὥσπερ
2519 2360 2746 2423 ἐκεῖνον,
2775 2357 2918 2412 οὕτω
2944 2359 3038 2412 καὶ
3068 2359 3194 2422 τοὺς
3224 2360 3318 2412 ὑπ’
3361 2360 3569 2412 ἐκείνου
3624 2377 3739 2430 χει-

2159 2447 2566 2517 ροτονηθέντας,
2596 2448 2690 2501 καὶ
2729 2449 2877 2519 αύτῷ
2918 2452 3371 2520 κοινωνήσαντας,
3411 2450 3731 2520 καθαιρεῖν·

2155 2537 2251 2590 καὶ
2285 2536 2459 2601 οὕτως
2507 2537 2573 2592 ἂν
2609 2539 2666 2591 ἐν
2700 2541 2813 2601 τοῖς
2841 2538 3026 2608 ἔργοις
3057 2538 3166 2592 τῶν
3220 2539 3420 2610 χειρῶν
3461 2539 3645 2592 αὐτῶν
3683 2540 3734 2592 οἱ

2153 2627 2472 2700 ἁμαρτω).οὶ
2537 2630 2725 2699 σαφῶς
2773 2631 3260 2699 συνελαμϐάνοντο.
3305 2631 3640 2684 Ἀδικώτατα
3675 2630 3736 2683 δὲ

2153 2719 2544 2790 διανοούμενοι,
2573 2721 2697 2774 ὅσον
2728 2721 2824 2790 μὲν
2853 2721 3034 2784 αὐτοῖς
3065 2720 3199 2792 πρὸς
3236 2719 3440 2791 βλάϐην
3465 2719 3559 2772 τοῦ
3601 2719 3734 2788 παρ’

2153 2810 2333 2863 αὐτῶν
2366 2812 2810 2882 ὲπηρεαζομένου
2842 2813 3136 2877 συνετέλει,
3167 2813 3324 2865 τοῦτο
3355 2812 3728 2882 ἐξεφώνησαν,

2150 2903 2212 2956 τὸ
2245 2901 2368 2972 ἑξῆς
2391 2903 2468 2962 δὲ,
2503 2903 2578 2966 ὠς
2608 2903 2702 2956 καὶ
2733 2903 2930 2965 αὐτοὺς
2965 2905 3031 2974 τῇ
3075 2904 3212 2973 αὐτῇ
3271 2903 3569 2957 ὑποϐάλλον
3609 2903 3731 2954 ἐπι-

2148 2993 2329 3064 τιμίᾳ,
2363 2992 2775 3062 κατεκρύψαντο
2799 3007 2812 3020 ·
2845 2991 2874 3044 ὂ
2899 2991 2961 3062 δὴ
2991 2994 3086 3046 καὶ
3113 2995 3140 3047 ὁ
3170 2992 3519 3066 πατριάρχης
3549 2993 3730 3056 αὐτοῖς

2150 3081 2269 3135 τότε
2319 3084 2816 3153 παρασιωπήσασιν
2866 3082 3138 3152 εὐστόχως
3186 3085 3469 3152 ὲπιφωνεῖ.
3519 3083 3582 3134 Ὠ
3629 3082 3730 3152 τῆς

466 3160 832 3228 κακουργίαςῐ
865 3161 909 3214 ὣ
939 3164 1039 3234 τῆς
1083 3169 1436 3239 σκαιότητοςί
1493 3171 1589 3237 Τίς
1614 3173 1721 3245 γὰρ
1752 3173 1850 3228 οὐκ
1883 3169 2046 3241 οἶδεν,
2088 3175 2164 3240 ὡς
2207 3174 2463 3244 Ἰγνάτιος
2489 3175 2588 3246 μὲν
2612 3174 2777 3246 ψήφῳ
2799 3176 3019 3230 πάντων
3043 3175 3178 3246 ὁμοῦ
3239 3175 3348 3228 τῶν
3405 3175 3727 3245 ἀρχιερέων,

467 3251 562 3304 καὶ
588 3254 688 3323 τῆς
723 3255 1052 3327 Ἐκκλησίας
1083 3261 1209 3333 ὅλης
1242 3267 1546 3320 συναινέσει
1566 3308 1581 3334 ,
1613 3270 1914 3334 κανονικῶς
1981 3270 2080 3322 καὶ
2119 3269 2399 3341 ὲνΘέσμως
2459 3270 2909 3342 προκεχείρισται
2929 3287 2943 3301 ο
2977 3270 3140 3333 αὐτὸς
3167 3270 3223 3322 δὲ
3245 3271 3274 3322 ό
3297 3268 3498 3332 Φώτιος
3528 3269 3728 3339 μᾶλλον

463 3343 542 3414 τῷ
567 3363 624 3398 τε
649 3345 806 3417 δεινῷ
835 3349 1017 3421 Βάρδᾳ
1049 3354 1142 3406 καὶ
1209 3359 1323 3420 τοῖς
1389 3362 1674 3428 κοσμικοῖς
1741 3362 1970 3433 ἄρχουσι
2048 3364 2394 3432 χρησάμενος
2454 3365 2755 3433 συνεργοῖς,
2825 3361 3191 3424 ἀκανονίστως
3246 3361 3341 3414 καὶ
3388 3359 3728 3431 τυραννικῶς

469 3438 668 3505 μᾶλλον
721 3440 754 3508 ἢ
809 3443 1280 3518 ἐκκλησιαστικῶς
1322 3447 1416 3500 τοῦ
1468 3450 1658 3520 Θρόνου
1721 3453 2187 3522 καταδράττεται;
2237 3454 2376 3507 Ἀλλ’
2441 3454 2551 3506 ὀὐκ
2618 3456 2882 3521 ἔγνωσαν,
2953 3454 3070 3507 οὐδὲ
3124 3453 3362 3523 συνῆκαν
3408 3454 3457 3506 οἱ
3503 3452 3580 3523 τῷ
3628 3452 3731 3523 τῆς

467 3531 834 3602 φιλαργυρίας
861 3540 954 3588 καὶ
983 3537 1301 3608 δοξομανίας
1332 3541 1507 3613 σκότῳ
1533 3544 2002 3617 διαπορευόμενοι,
2043 3548 2118 3612 ὡς
2145 3551 2200 3601 ἐν
2225 3544 2305 3612 οἷς
2337 3549 2660 3612 διαϐουλίοις
2680 3548 2734 3614 ⁸,
2767 3549 3254 3619 συλλαμϐάνονται.

542 3625 673 3681 Post
701 3629 915 3700 longam
943 3647 1072 3703 ergo
1103 3637 1394 3691 verborum
1428 3640 1860 3708 altercationem,
1894 3644 2044 3699 labo-

2219 3646 2373 3700 Μετὰ
2405 3646 2607 3717 πολλὴν
2637 3645 2728 3701 οὖν
2759 3646 2857 3716 τὴν
2890 3647 2946 3698 ὲν
2979 3648 3092 3708 τοῖς
3137 3645 3316 3712 λόγοις
3362 3644 3595 3714 ἅμιλλαν
3633 3645 3729 3700 καὶ

464 3732 602 3780 rem,
640 3728 693 3772 et
719 3721 1145 3787 cunctationem,
1178 3725 1290 3779 sola
1315 3726 1595 3796 impotenti
1621 3728 1742 3785 freti
1773 3733 2038 3801 potentia,

464 3808 770 3877 praeterjus
801 3808 988 3879 fasque
1018 3802 1202 3878 omne,
1227 3816 1527 3884 pontificali
1547 3820 1689 3874 cultu
1720 3837 1964 3891 pannnso
1990 3834 2044 3879 et

463 3900 704 3955 sordenti
756 3904 933 3970 primo
985 3903 1150 3976 [pan.
1183 3918 1236 3962 et
1265 3911 1416 3965 sord.
1460 3913 1661 3982 primo,
1697 3925 1809 3969 tum
1845 3918 2039 3986 pontif.

465 3987 652 4060 cultu]
692 3990 942 4055 induunt,
979 4009 1282 4065 rursusque
1326 4009 1512 4068 postea
1541 4017 1570 4055 a
1604 4012 1755 4074 tergo
1807 4017 2036 4063 exuunt.

465 4074 598 4130 Erat
631 4089 810 4134 autem
859 4079 1273 4152 hypodiaconus
1326 4089 1545 4158 quidam
1585 4091 1881 4162 Procopius
1933 4111 2038 4150 no-

464 4171 636 4236 mine,
667 4173 734 4227 ab
761 4173 1006 4230 Ecclesia
1034 4177 1279 4247 ejectus;
1314 4182 1513 4252 quippe
1547 4199 1708 4253 quem
1749 4196 1930 4243 mente
1961 4189 2044 4242 in-

462 4277 658 4318 sanum
707 4266 1061 4338 moribusque
1103 4270 1388 4339 profanum
1427 4276 1738 4343 patriarcha
1785 4294 1894 4333 non
1962 4280 2039 4334 ita

462 4357 669 4426 pridem
703 4360 870 4429 gradu
906 4374 1173 4418 moverat.
1211 4364 1310 4420 Hic
1339 4367 1550 4436 primus
1580 4371 1762 4425 ablato
1797 4387 1824 4426 a
1864 4373 2038 4442 patri-

439 4449 632 4502 archa
667 4451 852 4518 pallio.
891 4461 1151 4521 vcsteque
1177 4456 1380 4525 reliqua
1406 4474 1584 4524 sacra,
1619 4443 1764 4516 istud
1799 4464 2042 4520 solemne

458 4541 834 4608 proclamabat
868 4561 880 4597 :
923 4541 1206 4614 Indignus.
1249 4547 1544 4606 Zacharias
1578 4562 1632 4607 et
1658 4552 2032 4624 thodoaldus,

461 4632 820 4700 nonnullique
849 4634 937 4686 alii
968 4634 1162 4689 nefarii
1190 4638 1439 4694 homines
1475 4642 1614 4697 idem
1650 4644 2034 4713 vociferantes,

460 4720 632 4787 impio
662 4721 882 4774 decreto
916 4722 1378 4794 suﬂ‘ragabantur.
1438 4729 1585 4794 Quos
1619 4741 1797 4786 tamen
1847 4750 2036 4792 omnes

461 4809 614 4863 brevi
652 4811 893 4866 cmlestis
946 4813 1187 4869 vindicta
1241 4828 1539 4873 consecuta
1579 4831 1682 4886 est,
1735 4839 1856 4877 cum
1917 4826 2038 4882 illos

460 4902 634 4954 sancti
666 4901 804 4956 vatis
840 4902 1120 4960 Zacharia:
1149 4905 1260 4960 falx
1296 4908 1382 4962 illa
1407 4909 1533 4978 jure
1566 4914 1772 4982 optimo
1827 4915 2036 4972 demes-

2149 3739 2385 3809 σπουδὴν
2415 3739 2508 3792 καὶ
2536 3738 2751 3810 τριϐὴν,
2781 3737 2902 3792 κατ’
2932 3737 3121 3790 οὐδένα
3149 3736 3498 3808 δικαιοσύνης
3535 3737 3724 3807 νόμον.

2150 3833 2285 3903 μόνῃ
2329 3832 2385 3885 δὲ
2435 3834 2501 3902 τῇ
2537 3831 2756 3902 ἐξουσίᾳ
2814 3831 3059 3902 μανικῶς
3114 3828 3408 3902 χρώμενοι,
3473 3830 3725 3885 ἐνδύουσι

2145 3922 2332 3977 τοῦτον
2367 3922 2556 3993 ἱμάτια
2610 3923 2943 3994 διερρωγότα
2994 3923 3088 3975 καὶ
3143 3923 3440 3992 ῥυπῶντα,
3487 3925 3579 3975 καὶ
3618 3922 3717 3992 τὴν

2148 4011 2431 4082 ἱερατικὴν
2468 4010 2659 4082 στολὴν
2688 4010 3099 4082 περιϐαλόντες,
3129 4013 3192 4064 ὲκ
3216 4011 3322 4064 τῶν
3349 4011 3571 4065 ὄπισθεν
3609 4014 3722 4066 ἀπ-

2145 4097 2667 4172 αμφιάζουσιν.⁷Ην
2716 4103 2773 4155 δέ
2825 4121 2908 4166 τις
2965 4105 3301 4174 ὲκκήρυκτος
3347 4104 3723 4169 ὑποδιάκονος,

2147 4193 2452 4262 Προκόπιος
2489 4192 2748 4264 τοῦνομα,
2776 4193 2867 4248 τὸν
2897 4193 3053 4262 λόγον
3081 4195 3308 4262 ἄλογος,
3353 4194 3444 4248 τὸν
3485 4189 3598 4264 βίον
3638 4195 3726 4266 βε·-

2145 4285 2328 4355 βηλος,
2357 4286 2413 4339 ὃν
2433 4287 2460 4338 ὁ
2487 4286 2830 4357 πατριάρχης
2858 4286 3051 4357 πρώην
3082 4287 3171 4340 διὰ
3203 4287 3366 4338 τοῦτο
3397 4286 3590 4358 ἔρριψε
3615 4285 3712 4340 τοῦ

2146 4375 2376 4446 βαθμοῦ.
2413 4370 2580 4440 Οὗτος
2617 4376 2832 4447 πρῶτος
2861 4377 3253 4448 ἀναιρούμενος
3309 4375 3370 4429 τὸ
3412 4376 3722 4449 ὠμοφόριον

2145 4467 2238 4517 καὶ
2268 4465 2363 4537 τὴν
2387 4464 2578 4535 λοιπὴν
2603 4464 2830 4532 ἐσθῆτα,
2864 4463 2992 4516 ἐϐόα
3021 4463 3102 4529 τὸ,
3121 4462 3405 4528 Ἀνάειος.
3443 4463 3722 4532 Ζαχαρίας

2142 4575 2199 4610 τε
2250 4560 2344 4612 καὶ
2377 4557 2682 4621 Ῥοδόαλδος
2710 4598 2725 4624 ,
2782 4557 2875 4610 καί
2910 4573 3051 4620 τινες
3100 4555 3250 4609 ἄλλοι
3308 4556 3496 4625 μιαροὶ⁸
3526 4554 3594 4606 τὰ
3631 4554 3721 4606 ίσα

2144 4647 2550 4716 κραυγάζοντες
2574 4685 2588 4708 ,
2625 4649 2689 4716 τῇ
2741 4645 2932 4716 ἀνοσίᾳ
2972 4645 3137 4715 ψήφῳ
3189 4643 3715 4714 συνεπεψηφίζοντο·

2143 4738 2235 4802 οὒς
2265 4738 2471 4802 πάντας
2511 4740 2570 4791 οὑ
2607 4740 2743 4808 μετὰ
2774 4739 2908 4791 πολὺ
2939 4737 3206 4808 μετῆλθεν
3254 4739 3286 4808 ἠ
3333 4737 3455 4807 δίκη
3490 4777 3504 4802 ,
3538 4738 3630 4790 καὶ
3662 4736 3721 4788 τὸ

2145 4829 2239 4883 τοῦ
2276 4831 2542 4900 Ζαχαρίου
2576 4831 2668 4883 τοῦ
2700 4830 2843 4883 θείου
2874 4830 3141 4902 δρέπανον
3166 4830 3502 4882 ὲκδικὼτατα
3543 4846 3715 4883 κατα-

2145 4923 2349 4973 κτεῖναι
2401 4921 2734 4974 συνετέλεσε.
2773 4919 2977 4982 Φώτιος
3011 4919 3109 4988 μὲν
3139 4916 3230 4970 οὖν
3258 4917 3354 4988 τὴν
3389 4918 3718 4988 ἐνδομυχοῦ-

458 4994 590 5048 suit.
628 4993 859 5052 Photius
883 5008 1064 5053 autem
1097 5015 1206 5069 quo
1236 5012 1398 5072 pacto
1444 5020 1606 5058 suum
1656 5007 1918 5063 adversus
1957 5010 2040 5063 iu-

2152 5032 2246 5067 σαν
2299 5016 2358 5066 ὲν
2408 5013 2557 5083 αὐτῷ
2611 5013 2751 5068 κατὰ
2784 5012 2876 5065 τοῦ
2924 5010 3257 5080 ἀνεγκλήτου
3307 5011 3468 5080 μῆνιν
3506 5008 3620 5070 πῶς
3650 5008 3716 5063 ἂν

459 5095 670 5141 sontem
702 5091 980 5144 occultum
1011 5092 1169 5147 aliter
1201 5094 1385 5148 odium
1415 5097 1668 5150 universo
1697 5099 1816 5152 orbi
1848 5099 2041 5166 prode-

459 5186 575 5242 ret,
647 5179 1001 5250 seipsumque
1072 5185 1388 5250 longissime
1440 5203 1471 5241 a
1530 5189 1757 5258 pacifica
1817 5191 2042 5261 mitique

459 5280 674 5337 pastore
705 5271 832 5327 Jesu
885 5275 1078 5331 abesse
1125 5279 1457 5344 ostenderet,
1501 5297 1664 5351 quam
1713 5297 1801 5337 res
1835 5282 2044 5352 ejusce-

459 5359 605 5411 modi
667 5362 1059 5429 machinando,
1117 5366 1377 5438 justeque
1421 5371 1540 5426 viro
1578 5371 1804 5441 injurias
1864 5383 2045 5430 tantas

459 5448 752 5518 irrogando
781 5453 805 5505 ?
839 5453 1243 5524 Hocjudicium
1277 5476 1436 5516 nemo
1468 5461 1568 5518 fuit
1600 5463 1690 5533 qui
1718 5479 1824 5519 non
1856 5480 2038 5535 reprc-

457 5538 736 5610 benderet,
768 5555 931 5616 atque
965 5549 1347 5620 indignitatem
1403 5554 1504 5622 rei,
1557 5565 1651 5611 aut
1699 5557 1879 5626 potius
1938 5559 2036 5614 im-

531 5718 606 5787 (6)
634 5720 813 5777 Canon
839 5728 1070 5794 apostol.
1102 5727 1190 5794 29,
1231 5730 1364 5788 alias
1393 5733 1482 5787 51.

2141 5105 2316 5168 ἄλλως
2347 5108 2412 5175 τῇ
2441 5105 2733 5176 οἰκουμένῃ
2762 5105 2911 5176 πάσῃ
2937 5103 3310 5170 κατεστήσατο
3335 5101 3594 5170 φανερὰν,
3617 5100 3716 5153 καὶ

2143 5195 2258 5258 πῶς
2290 5195 2354 5248 ἂν
2389 5195 2578 5248 ἑαυτὸν
2624 5195 2699 5258 ὡς
2747 5193 3083 5266 πορρωτάτω
3128 5192 3222 5245 τοῦ
3285 5191 3561 5262 εἰρηνικοῦ
3622 5191 3717 5244 καὶ

2144 5286 2319 5354 πράου
2353 5285 2605 5355 ποιμένος
2634 5286 2912 5356 ἀπέφηνεν
2951 5283 3146 5355 Ἰησοῦ,
3180 5283 3212 5353 ἢ
3246 5282 3473 5336 τοιαῦτα
3500 5283 3716 5352 διανοη-

2145 5358 2276 5440 (istc,
2304 5378 2399 5429 καὶ
2429 5377 2602 5441 οὕτως
2654 5377 2963 5431 ἀδικώτατα
3011 5378 3093 5449 τῷ
3135 5376 3330 5446 δικαίῳ
3361 5373 3712 5443 ὲπιθέμενοςς

2144 5464 2362 5536 Ταύτην
2397 5467 2497 5536 τὴν
2527 5468 2706 5538 κρίσιν
2735 5469 2835 5520 ούκ
2865 5463 2932 5538 ἦν
2965 5468 3109 5531 ὅστις
3141 5467 3239 5520 οὐκ
3266 5464 3572 5535 ἐμέμψατο,
3618 5463 3713 5515 καὶ

2141 5557 2237 5628 τῆς
2285 5559 2614 5627 ἀλογιστίας,
2656 5559 2855 5628 μᾶλλον
2913 5559 2970 5612 δὲ
3002 5557 3415 5630 μισανθρωπίας
3449 5553 3509 5608 τὸ
3540 5553 3701 5624 ὑπερ-
