4092 6618
354 407 441 475 521

1407 409 1582 471 VITA
1623 411 1679 470 S.
1722 409 2019 471 IGNATII
2056 411 2162 471 CP.
2198 411 2554 472 ARCHIEP.

3506 412 3607 477 52:2

351 520 534 572 ϐάλλον
567 517 920 590 άπεστράξη.
953 519 1087 573 esse
1115 518 1221 591 γάρ
1256 521 1304 573 οἱ
1339 521 1415 592 τῷ
1443 523 1602 593 μέρει
1640 521 1801 592 μόνον
1823 521 1921 576 τοῦ

2043 521 2342 577 nanitatem
2381 537 2488 576 non
2521 526 2891 576 aversaretur.
2944 517 3135 590 Neque
3167 519 3315 575 enim
3352 522 3433 576 illi
3476 526 3608 594 soli,

348 611 499 683 ὀρθοῦ
538 611 699 680 λόγου
744 613 1043 684 τιθέμενοι,
1081 613 1220 667 ἀλλὰ
1272 614 1368 669 καὶ
1410 614 1563 668 αὐτοὶ
1609 614 1816 687 Φωτίου
1872 617 1922 669 οί

350 708 621 772 συγγενεῖς
655 706 749 759 καὶ
783 708 973 760 οἰκεῖοι
999 708 1401 773 κατεστέναξαν
1442 707 1554 762 τῶν
1589 709 1923 780 γενομένων,

347 798 429 853 καὶ
477 801 557 862 είς
596 798 767 853 κακὸν
813 800 986 854 ταῦτα
1020 800 1399 872 προϐήσεσθαι
1458 801 1538 873 τῷ
1578 803 1679 872 τῆς
1713 802 1926 866 ἀδικίας

344 893 656 949 οἰωνίσαντο
683 896 868 964 κριτῇ.
895 894 959 945 Τί
987 893 1041 946 δέ
1073 896 1315 962 ἐκεῖνοςς
1341 892 1431 965 ἆρ’
1459 895 1660 967 ᾐδέσθη
1681 896 1809 960 τοὺς
1836 898 1927 950 ἀν·

346 985 612 1059 θρώπους,
654 986 687 1057 ἢ
738 988 829 1039 τὸν
877 985 1229 1057 δικαιοσύνην
1259 986 1560 1057 ἀγαπῶντα
1602 989 1697 1043 καὶ
1742 989 1924 1059 κρίσιν

342 1082 468 1155 θεὸν
514 1080 796 1151 φοϐηθεὶς,
844 1080 905 1146 ἐξ
958 1080 1170 1136 ἐκείνου
1217 1082 1529 1137 κατέπαυσε
1586 1083 1685 1154 τὴν
1715 1084 1923 1155 ὀργήν;

344 1173 636 1244 Οὐδαμῶς·
666 1174 752 1229 ἀεὶ
781 1173 836 1227 δὲ
868 1175 1064 1243 φθόνον
1103 1174 1305 1246 φθόνῳ,
1344 1176 1439 1229 καὶ
1472 1175 1672 1230 κακίαν
1705 1178 1927 1231 ἐπισυν-

344 1268 527 1322 άπτων
558 1270 625 1339 τῇ
659 1268 850 1340 κακίᾳ,
902 1268 1205 1337 ἠγωνίζετο
1260 1268 1464 1340 σπουδῇ
1496 1270 1645 1340 πάσῃ
1688 1270 1782 1324 καὶ
1818 1286 1925 1341 μη-

343 1362 473 1431 χανῇ
504 1359 564 1413 οὑ
602 1360 915 1413 θανατῶσαι
948 1360 1131 1430 μόνον,
1177 1357 1313 1413 ἀλλὰ
1350 1358 1413 1412 τὸ
1458 1358 1653 1414 τούτου
1719 1362 1922 1431 χεῖρον,

343 1454 432 1507 καὶ
459 1452 532 1516 ὡς
570 1451 801 1506 θανάτου
833 1451 982 1515 ἄξιον
1019 1453 1184 1504 αὑτὸν
1215 1450 1449 1504 ἀνελεῖν.
1481 1449 1618 1503 Τότε
1666 1450 1763 1520 μὲν
1805 1446 1922 1517 οὖν,

343 1544 413 1606 ὡς
444 1542 740 1609 ὑπέλαϐον,
773 1542 1213 1614 καθαιρήσαντες
1235 1544 1329 1596 καὶ
1361 1542 1788 1614 ἐκκηρύξαντες,
1826 1544 1923 1597 ἀν-

344 1638 580 1711 Ορώποις
622 1639 787 1695 αὑτὸν
832 1639 1138 1711 ὠμοτάτοις
1168 1638 1264 1692 καὶ
1315 1638 1703 1702 ἀσεϐεστάτοις
1748 1656 1922 1707 τιμω-

2028 617 2123 685 qui
2146 624 2352 671 rectam
2374 615 2639 669 rationem
2659 613 3053 684 sequebantur,
3069 614 3163 670 sed
3191 614 3365 685 ipsius
3388 632 3611 689 quoque

2029 706 2209 764 Photii
2249 709 2539 779 propinqui
2572 716 2627 763 et
2664 707 2968 764 familiares
3001 707 3069 763 ad
3099 709 3243 764 hanc
3295 724 3478 764 rerum
3515 728 3612 782 ge-

2026 808 2236 855 starum
2266 798 2548 853 infamiam
2582 798 3033 868 ingemiscebant,
3057 799 3607 870 augurabanturque,

2027 896 2171 949 hanc
2210 908 2427 948 omnem
2463 893 2867 962 improbitatem
2902 893 2956 945 in
2993 892 3167 960 ipsius
3197 892 3473 962 quondam
3507 892 3616 946 ini-

2027 987 2117 1056 qui
2161 986 2365 1056 judicis
2396 993 2639 1056 caputct
2694 984 2922 1039 exitium
2955 982 3412 1038 redundaturam.
3472 984 3613 1050 Quid

2028 1094 2162 1135 vero
2202 1078 2335 1133 ille?
2361 1094 2428 1132 an
2458 1077 2710 1133 homines
2743 1086 2827 1133 cst
2855 1077 3168 1133 reveritus?
3207 1092 3274 1132 an
3323 1078 3505 1132 timuit
3528 1078 3616 1132 di-

2031 1172 2292 1243 ligentem
2322 1170 2589 1240 justitiam
2619 1177 2673 1225 et
2713 1168 3007 1239 judicium,
3044 1168 3215 1224 Deum
3243 1170 3266 1223 ?
3295 1170 3497 1240 illoque
3545 1186 3613 1226 ex

2029 1274 2274 1335 tempore
2307 1264 2444 1319 iram
2476 1264 2702 1334 posuit?
2731 1262 2955 1318 Minime
2973 1279 3124 1318 vero.
3143 1263 3400 1331 Quinimo
3425 1265 3613 1319 odium

2029 1359 2178 1424 odio,
2211 1357 2472 1414 invidiam
2510 1357 2739 1422 invidia,
2791 1356 2974 1412 scelus
3034 1358 3245 1413 scelere
3303 1358 3616 1424 cuniulans,

2026 1452 2177 1507 illum
2222 1451 2373 1505 omni
2438 1450 2655 1505 ratione
2680 1449 2842 1518 vique
2896 1449 3201 1505 conabatur
3251 1465 3358 1503 non
3407 1459 3617 1505 tantum

2026 1545 2402 1616 pessumdare,
2440 1543 2559 1608 sed,
2586 1542 2736 1614 quod
2766 1551 2851 1599 est
2878 1542 3144 1609 atrocius,
3191 1543 3359 1597 veluti
3388 1543 3616 1598 noxium

2027 1638 2332 1708 ultimoque
2361 1638 2635 1708 supplicio
2651 1638 2876 1708 dignum
2904 1654 2934 1694 e
2966 1639 3149 1693 medio
3181 1639 3402 1693 tollere;
3427 1640 3618 1709 Itaque

346 1732 553 1805 ρεῖσθαι
605 1733 821 1804 πικρῶς
875 1730 1350 1803 παραδεδώκασιν,
1411 1730 1573 1802 ἄχρις
1624 1730 1693 1784 ἂν
1744 1730 1923 1801 οίκείᾳ

2041 1747 2172 1798 .unc,
2191 1740 2249 1786 ut
2271 1741 2571 1803 cmperant,
2591 1741 3005 1788 exauctoratum
3031 1734 3356 1804 publicoque
3404 1750 3617 1804 praeco-

340 1828 482 1900 χειρὶ
504 1827 604 1899 τὴν
634 1828 770 1882 ίδίαν
800 1827 1124 1899 καθαίρεσιν
1152 1828 1604 1900 ὑποσημὴνηται.
1631 1823 1816 1881 Ἦσαν
1865 1828 1924 1881 δὲ

2041 1825 2912 1890 ιὶοὸςιιηηοιιιιιι,ὶιηιηειηίεεὶηιῗε
2958 1827 3480 1897 scelestissimisque
3519 1828 3622 1883 ho-

342 1923 389 1974 οί
418 1919 809 1990 κολαφίζοντες
832 1921 928 1974 καὶ
956 1919 1438 1990 ταλαιπωροῦντες
1473 1918 1661 1984 αὑτὸν,
1690 1920 1785 1973 καὶ
1815 1919 1922 1989 πή-

2041 1915 2275 1973 minibus
2321 1917 2748 1972 excruciandum
2794 1918 3082 1985 tradidere,
3131 1921 3310 1990 quoad
3331 1937 3429 1976 sua
3456 1937 3621 1976 manu

346 2014 478 2080 ξεως
503 2013 673 2086 οὔσης
702 2013 956 2085 δριμείας
975 2053 990 2080 ,
1040 2012 1122 2067 ἐνὶ
1155 2012 1465 2084 χιτωνίσκῳ
1496 2011 1799 2076 πιέζοντες,
1829 2012 1925 2065 καὶ

347 2105 710 2177 σταυροῦντες
735 2106 897 2161 αὑτὸν
915 2148 930 2172 ,
959 2106 1053 2160 καὶ
1083 2105 1488 2175 πυρπολοῦντες
1506 2145 1523 2171 ,
1550 2106 1645 2159 καὶ
1676 2106 1733 2159 ἐν
1771 2104 1924 2158 δυσὶν

350 2198 647 2267 ὲόδομάσιν
672 2196 1009 2269 ἐμφρούριον
1034 2196 1373 2268 συνέχοντες,
1402 2197 1497 2250 καὶ
1527 2196 1718 2267 ἀσιτίᾳ
1744 2195 1926 2265 τελείᾳ

343 2291 746 2359 κατατήκοντες
765 2306 779 2319 ⁸
810 2290 872 2342 οὑ
906 2290 1065 2361 μόνον
1089 2290 1171 2356 δὲ,
1206 2288 1344 2344 ἀλλά
1371 2289 1466 2343 καὶ
1498 2288 1587 2342 ἐπ’
1618 2290 1793 2362 αὐτῆς
1827 2290 1924 2343 αὑ-

342 2382 430 2436 τὸν
459 2381 556 2436 τοῦ
586 2382 968 2455 Κοπρωνύμου
1003 2385 1103 2454 τῆς
1131 2382 1404 2454 λάρνακος
1451 2382 1706 2448 ἐκάθιζον
1735 2382 1926 2437 ἀναδι-

343 2476 625 2541 δάζοντες,
655 2478 752 2531 καὶ
784 2476 893 2529 τῶν
920 2476 1096 2530 ποδῶν
1132 2475 1301 2530 αὑτοῦ
1344 2476 1595 2531 κάτωθεν
1628 2475 1809 2540 λίθους
1841 2476 1929 2541 ἐξ·

342 2569 624 2640 αρτῶντες
683 2568 891 2640 βαρεῖς,
942 2568 1039 2622 καὶ
1071 2567 1165 2622 ἐπὶ
1197 2567 1383 2621 πλεῖον
1411 2570 1478 2639 τῇ
1502 2567 1596 2622 τοῦ
1632 2568 1927 2641 μαρμάρου

341 2662 437 2732 τὴν
466 2660 634 2732 ἕδραν
662 2660 882 2731 ὀξύτητι
910 2660 1128 2732 πικρῶς
1157 2658 1300 2729 ἄγαν
1333 2660 1672 2731 πλήσσοντες
1704 2663 1925 2732 ἐπέτρι-

343 2752 461 2807 6ον.
498 2753 561 2806 Οί
586 2751 680 2807 οὑν
707 2751 882 2806 ταῦτά
921 2769 983 2805 τε
1032 2752 1128 2805 καὶ¹
1162 2750 1299 2806 ἄλλα
1348 2751 1521 2805 πλείω
1550 2752 1933 2823 ἐνυϐρίζοντες

344 2846 431 2910 είς
467 2844 561 2897 τὸν
597 2843 1039 2915 μακαριώτατον,
1092 2844 1187 2897 καὶ
1227 2843 1406 2912 λόγοις
1458 2844 1555 2897 καὶ
1598 2843 1781 2914 ἔργοις
1831 2848 1933 2914 ἐμ-

342 2937 743 3010 παροινοῦντες
771 2937 851 3001 είς
882 2935 1066 3001 αὑτὸν,
1089 2936 1312 3007 σπέρμα
1341 2935 1600 3007 πονηρὸν,
1628 2936 1704 2999 ὡς
1733 2939 1930 3003 εἰπεῖν,

342 3032 460 3086 υἱοὶ
490 3032 704 3102 ἄνομοι,
732 3031 760 3083 6
787 3026 1219 3100 Μωροθεόδωρος
1262 3028 1491 3093 ἐκεῖνος,
1532 3028 1626 3081 καὶ
1668 3029 1696 3079 6
1734 3028 1934 3099 Γοργοο

341 3122 507 3193 νίτης
545 3121 821 3191 Ἰωάννης,
856 3119 953 3174 καὶ
983 3119 1010 3173 6
1031 3115 1324 3172 Θεοδούλου
1358 3117 1630 3182 Νικόλαος
1653 3119 1680 3171 ὁ
1702 3117 1934 3173 Σκουτε-

340 3212 505 3283 λάψις
531 3208 623 3283 ἦν.

2028 2023 2141 2064 suae
2162 2009 2331 2079 ipsius
2359 2008 2693 2064 abdicationi
2717 2010 3105 2065 subscriberet.
3128 2010 3270 2083 Ergo
3295 2013 3443 2067 illum
3475 2015 3622 2068 cola-

2028 2102 2151 2169 phis
2190 2101 2453 2171 plectunt,
2498 2102 2805 2172 misereque
2836 2103 3127 2162 divcxant:
3156 2113 3211 2159 et
3247 2120 3373 2159 cum
3420 2106 3622 2177 frigore

2029 2208 2197 2263 prope
2214 2194 2644 2260 contabesceret,
2668 2197 2830 2249 unica
2863 2198 3070 2250 tantum
3102 2197 3348 2252 tunicula
3371 2198 3620 2253 indutum

2028 2296 2325 2351 macerant,
2356 2297 2542 2353 urunt,
2585 2297 2748 2359 atque
2790 2288 3149 2346 discruciant.
3196 2289 3445 2359 Cumque
3466 2291 3622 2345 binas

2031 2379 2185 2433 illum
2217 2379 2590 2435 hebdomadas
2635 2381 2687 2434 in
2723 2396 2945 2435 carcere
2997 2382 3329 2449 tenuissent,
3369 2392 3619 2437 extrema

2031 2486 2198 2541 prope
2238 2470 2384 2527 fame
2411 2472 2794 2528 conficiebant.
2832 2472 2946 2527 lmo
2977 2483 3031 2528 et
3063 2474 3399 2544 Copronymi
3430 2474 3618 2545 sepul-

2031 2580 2185 2618 crum
2221 2580 2314 2619 scu
2347 2580 2531 2621 aream
2566 2566 2939 2621 conscendere
2996 2567 3285 2638 cogebant,
3337 2568 3390 2621 in
3448 2583 3623 2638 eaque

2034 2658 2325 2722 collocato,
2389 2658 2631 2730 ingentia
2660 2675 2690 2713 a
2723 2660 2954 2729 pedibus
3008 2676 3140 2715 saxa
3188 2661 3619 2731 suspendebant.

2036 2765 2286 2820 saepeque
2309 2752 2603 2805 marmoris
2626 2751 2879 2806 acumine
2909 2751 3092 2806 sedem
3125 2768 3450 2807 concussam
3484 2763 3623 2808 atte-

2036 2844 2250 2897 rchant.
2284 2842 2410 2898 Haec
2443 2853 2498 2899 et
2531 2844 2616 2898 his
2662 2844 2819 2914 plura
2855 2853 3152 2911 tormenta,
3208 2861 3432 2914 sannas,
3488 2863 3621 2902 con-

2040 2934 2408 3004 tumeliasque
2431 2934 2661 3005 impium
2688 2951 2896 3002 semen,
2922 2946 2982 2991 ut
3007 2936 3088 2992 sic
3118 2937 3335 3007 loquar,
3367 2950 3421 2993 et
3446 2939 3612 3008 impia

2038 3026 2327 3095 progenies
2355 3026 2474 3081 viro
2502 3028 2854 3082 sanctissimo
2881 3029 3041 3084 dictis
3071 3029 3358 3100 factisque,
3385 3041 3437 3085 et
3468 3033 3621 3085 stoli-

2038 3117 2142 3172 dus
2174 3118 2264 3172 ille
2289 3115 2637 3184 Theodorus,
2670 3127 2725 3173 et
2762 3119 3088 3190 Gorgonites
3144 3119 3409 3187 Joannes,
3455 3132 3623 3193 atque

2039 3209 2294 3267 NiCUlaUS
2334 3210 2604 3267 Theoduli
2640 3212 3000 3283 Scutelopsis,
3036 3214 3368 3285 irrogahant.

424 3269 583 3359 ὶιιὲτὲι
603 3302 735 3372 γοῦν
760 3304 858 3369 τὰς
901 3305 1172 3372 κολάσεις,
1197 3303 1261 3368 ἃς
1293 3295 1820 3374 οῦτοιπροσήγαγον
1856 3300 1935 3372 τῷ

2112 3304 2253 3374 Ergo
2283 3312 2405 3374 post
2441 3304 2837 3372 cruciamenta,
2865 3307 3064 3377 quibus
3096 3308 3301 3363 Christi
3334 3309 3621 3366 confesso-

341 3395 665 3467 όμολογητῇ
712 3396 808 3449 τοῦ
840 3395 1105 3468 Χριστοῦ,
1160 3394 1301 3467 μετά
1350 3393 1449 3459 τὰς
1493 3393 1747 3458 ἀπειλὰς,
1796 3393 1938 3463 μετά

345 3489 445 3554 τὰς
472 3489 698 3554 ἁλύσεις
719 3530 735 3557 ,
768 3489 835 3553 ἃς
864 3489 1008 3544 κατά
1052 3490 1161 3543 τῶν
1192 3488 1391 3559 τιμίων
1422 3487 1692 3542 ἐπέϐαλον
1735 3488 1935 3555 ποδῶν,

352 3580 503 3651 μετά
534 3581 606 3635 τά
645 3581 987 3653 ῥαπίσματα,
1025 3582 1162 3651 μετὰ
1192 3582 1255 3635 τὸ
1281 3580 1609 3652 σταυρωδῶς
1639 3581 1733 3633 ἐπὶ
1766 3580 1940 3650 πρόσ-

349 3691 503 3728 ωπον
539 3675 684 3728 κατά
712 3675 820 3728 τῶν
851 3674 1162 3745 μαρμάρων
1187 3674 1530 3743 ἐφαπλῶσαι,
1566 3676 1657 3728 καὶ
1689 3674 1817 3744 ὅλην
1840 3674 1939 3745 τὴν

349 3767 528 3821 νύκτα
565 3766 850 3837 δεδεμένον
876 3767 1319 3837 τιμωρήσασθαι,
1353 3766 1492 3836 μετά
1533 3765 1594 3819 τὸ
1620 3765 1942 3820 ἐπιϐιϐάσαι

350 3866 420 3935 τῇ
446 3863 688 3931 λάρνακι
722 3862 804 3925 είς
842 3860 942 3930 τὴν
976 3859 1105 3929 ἑξῆς
1138 3858 1310 3912 νύκτα
1358 3858 1579 3920 πᾶσαν,
1633 3853 1733 3911 εἷθ’
1768 3857 1940 3921 οὓτως

354 3953 634 4009 ἀπολῦσαι
659 3953 769 4007 τῶν
810 3951 1048 4023 δεσμῶν,
1084 3951 1178 4005 καὶ
1208 3950 1350 4005 κατὰ
1391 3948 1487 4003 τοῦ
1518 3950 1750 4019 ἐδάφους
1780 3950 1943 4004 αὑτὸν

355 4046 651 4101 ἀκοντίσαι
689 4045 785 4099 καὶ
819 4043 1129 4115 συντρίψαι,
1155 4043 1250 4097 κα)⁸
1266 4041 1342 4113 τῷ
1362 4044 1556 4113 αἵματι
1587 4041 1820 4113 φοινίξαι
1844 4042 1943 4113 τὴν

356 4141 499 4210 γῆν·
541 4137 682 4210 μετὰ
714 4136 893 4193 ταῦτα
942 4138 1120 4192 πάντα
1163 4137 1361 4209 μικρὸν
1412 4138 1604 4190 τοῦτον
1639 4136 1947 4207 ἐμπνέοντα

356 4232 601 4302 (συνεῖχε
626 4231 737 4302 γὰρ
781 4230 1016 4302 μάλιστα
1043 4230 1314 4301 λελυμένη
1352 4231 1447 4284 καὶ
1475 4232 1507 4301 ἡ
1543 4230 1818 4302 γαστὴρ),
1850 4230 1943 4301 βίᾳ

353 4323 457 4394 τῆς
489 4321 587 4375 τοῦ
616 4322 775 4391 ἁγίου
805 4321 988 4393 χειρὸς
1016 4322 1045 4374 6
1064 4320 1498 4391 Μωροθεόδωρος
1526 4322 1831 4392 κρατήσας,
1852 4322 1945 4375 καὶ

356 4418 571 4489 χάρτην
608 4414 814 4479 λαϐὼν,
850 4414 1053 4486 ἔπηξεν
1078 4414 1152 4477 ὡς
1182 4414 1253 4468 δι’
1285 4413 1451 4468 αὑτοῦ
1476 4414 1731 4485 σταυρὸν,
1757 4414 1817 4468 ὃν
1846 4415 1941 4468 καὶ

359 4507 661 4577 ἀναγαγὼν
689 4505 982 4561 ἐπιδέδωκε
1010 4505 1224 4576 Φωτίῳ.
1280 4505 1337 4559 '0
1364 4506 1422 4559 δὲ
1458 4506 1549 4559 τὸν
1590 4505 1820 4577 σταυρὸν
1846 4506 1943 4559 λα-

2042 3412 2155 3452 rem
2190 3397 2521 3464 afﬂixerant,
2557 3410 2678 3469 post
2716 3401 3199 3464 comminationes,
3243 3411 3366 3472 post
3402 3414 3623 3460 catenas

2041 3498 2094 3542 et
2146 3489 2441 3559 compedes
2516 3489 2842 3544 venerandis
2888 3490 3122 3559 pedibus
3183 3491 3433 3559 iniectas,
3497 3505 3627 3564 post

2040 3581 2246 3650 alapas,
2267 3590 2320 3635 et
2337 3590 2629 3651 postquam
2652 3595 2777 3636 eum
2804 3581 2870 3636 ad
2898 3580 3130 3638 formam
3147 3587 3326 3643 crucis
3351 3585 3403 3640 in
3433 3577 3634 3641 faciem

2046 3673 2102 3727 in
2140 3688 2414 3728 marmore
2456 3682 2794 3743 prostratum
2838 3675 3258 3743 ac'distentum,
3299 3685 3412 3733 tota
3468 3691 3629 3736 nocte

2044 3766 2288 3819 vinctum
2323 3766 2548 3835 insuper
2594 3768 2907 3834 torsissent,
2968 3777 3133 3839 atque
3157 3771 3361 3826 tumbae
3402 3772 3630 3843 imposi-

2046 3866 2158 3911 tum
2200 3868 2371 3912 totam
2431 3858 2810 3929 insequentem
2859 3872 3077 3914 noctem
3119 3863 3478 3927 cruciassent,
3505 3875 3629 3919 tan—

2045 3947 2281 4017 demque
2311 3949 2551 4003 solhtum
2584 3950 2736 4003 humi
2778 3950 3140 4021 projecissent
3164 3954 3627 4025 fodicasscntque,

2046 4050 2107 4093 ut
2152 4041 2418 4110 sanguine
2447 4042 2613 4095 etiam
2661 4052 2863 4095 terram
2921 4055 3249 4113 purpuraret
3283 4062 3296 4099 :
3333 4055 3456 4115 post
3493 4048 3629 4115 haec,

2047 4134 2294 4202 inquam,
2326 4132 2531 4195 omnia,
2569 4149 2692 4187 cum
2723 4134 2902 4189 adhuc
2958 4135 3171 4191 modice
3216 4138 3450 4207 spiraret
3510 4142 3630 4205 (ur-

2047 4226 2435 4296 gebatur-enim
2462 4236 2517 4281 et
2540 4227 2647 4281 alvi
2677 4228 2961 4283 solutioris
2991 4229 3305 4301 profluvio),
3337 4241 3450 4286 tum
3477 4233 3630 4287 insa-

2048 4333 2153 4373 nus
2185 4316 2508 4373 Theodorus
2540 4333 2696 4374 sacra
2734 4319 2839 4374 viri
2898 4335 3066 4375 manu
3104 4337 3202 4391 per
3225 4324 3333 4377 vim
3388 4336 3629 4394 arrepta,

2048 4408 2353 4478 chartaque
2403 4410 2672 4480 subjecta,
2707 4411 2864 4481 quasi
2920 4427 3016 4482 per
3073 4414 3227 4468 illum
3270 4431 3488 4471 crucem
3526 4418 3630 4472 im-

2052 4502 2275 4571 pressit,
2304 4502 2637 4573 allatamque
2679 4503 2877 4559 Photio
2910 4505 3178 4574 porrexit.
3210 4505 3314 4572 Qui
3353 4508 3508 4579 signo
3538 4524 3630 4565 ac-

360 4596 497 4662 ϐὼν,
536 4597 595 4661 ἐξ
644 4595 838 4650 ἑαυτοῦ
886 4594 1206 4665 ὑπέγραψεν
1248 4594 1455 4659 οὑτως·
1490 4614 1509 4648 ι
1560 4597 1820 4666 Ἰγνάτιος
1849 4599 1937 4652 ἀν-

2055 4602 2234 4664 cepto,
2284 4610 2384 4649 sua
2418 4594 2537 4665 ipse
2571 4612 2738 4651 manu
2772 4598 3107 4668 subscripsit
3145 4616 3159 4653 :
3201 4618 3219 4651 (
3254 4599 3497 4671 lgnatius
3542 4603 3630 4656 in-

362 4689 514 4756 ἁξιο;
549 4685 1177 4751 Κωνσταντινουπόλεως
1196 4687 1445 4758 ὁμολογῶ
1466 4687 1791 4759 ἀψηφίστως
1830 4690 1947 4741 εἱσ-

362 4783 567 4847 ελθεῖν,
614 4782 707 4834 καὶ
731 4782 798 4834 τὰ
827 4780 924 4851 ἔτη
956 4778 1132 4833 ταῦτα
1160 4780 1258 4849 οὑχ
1288 4780 1535 4851 ἡγίαζον,
1566 4780 1681 4834 ἀλλ’
1722 4782 1950 4853 ἐτυράν-

361 4893 513 4931 νουν.
550 4895 569 4926 ι
606 4872 823 4944 Ταύτης
853 4873 953 4944 τῆς
984 4872 1311 4944 ὑπογραφῆς
1330 4871 1409 4943 τῷ
1442 4871 1653 4943 βασιλεί
1686 4874 1952 4944 πεμφθεί-

365 4985 493 5038 σης,
525 4965 749 5035 ἀφίεται
809 4964 908 5036 μὲν
962 4966 991 5018 6
1045 4963 1317 5035 μακάριος
1352 4964 1570 5035 ἐκείνης
1601 4965 1703 5034 τῆς
1732 4966 1947 5036 ἐνοχῆς,

362 5063 457 5115 τὸν
495 5059 760 5131 μητρικδν
798 5058 856 5112 δὲ
900 5054 1049 5111 οἷκον
1076 5056 1157 5113 τᾶιΔ
1198 5056 1417 5120 Ποσέως
1456 5057 1817 5123 καταλαϐὼν,
1857 5076 1952 5129 μι-

366 5156 502 5224 κρὸν
542 5153 683 5215 τέως
720 5151 829 5205 ἀπὸ
878 5150 987 5204 τῶν
1019 5149 1232 5203 πολλῶν
1276 5149 1453 5203 πόνων
1500 5150 1765 5222 ἀνέψυχεν
1811 5152 1949 5206 ἐκεῖ.

378 5247 443 5301 '0
472 5246 668 5318 ἐχθρὸς
713 5246 770 5300 δὲ
792 5244 893 5298 οὑκ
920 5243 1156 5298 ἐπαύετο
1192 5243 1375 5306 δόλους
1409 5245 1467 5296 ἐν
1496 5244 1697 5315 καρδίᾳ
1728 5261 1952 5297 τεκται-

364 5341 620 5411 νόμενος,
648 5338 744 5391 καὶ
786 5336 997 5407 πονηρὰ
1047 5335 1189 5389 κατὰ
1219 5334 1314 5387 τοῦ
1344 5332 1523 5387 ἀθὼου
1575 5335 1955 5406 διαλογιζόμε-

367 5451 483 5498 νος.
517 5430 715 5486 Τοίνυν
762 5428 1059 5484 ὑποϐάλλει
1109 5430 1224 5492 τοῖς
1253 5424 1550 5498 κρατοῦσιν
1589 5427 1680 5480 ἐπὶ
1718 5428 1809 5481 τὸν
1846 5427 1956 5480 τῶν

382 5524 733 5578 Ἀποστόλων
766 5521 921 5585 αὖθις
952 5521 1114 5575 αὑτὸν
1142 5521 1440 5590 ἀναγαγεῖν
1468 5518 1619 5585 ναδν,
1645 5520 1738 5573 καὶ
1767 5519 1957 5590 βιάζε-

372 5617 525 5679 σθαι,
553 5614 774 5685 πρῶτον
819 5613 920 5683 μὲν
954 5613 1055 5684 τὴν
1108 5612 1314 5666 οἰκείαν
1357 5612 1689 5684 καθαίρεσιν
1717 5614 1959 5681 ἀνεγνω-

372 5711 512 5762 κότα
536 5709 633 5761 ἐπὶ
660 5707 756 5760 τοῦ
792 5705 1046 5776 ἀμϐωνος
1084 5704 1514 5776 ἀναθεματίζειν
1564 5706 1787 5759 ἐαυτόν·
1817 5707 1958 5777 μετά

370 5802 547 5856 ταῦτα
576 5802 634 5855 δὲ
666 5799 732 5866 (ὣ
755 5798 856 5868 τῆς
886 5797 1171 5868 μιαιφόνου
1203 5797 1428 5868 βουλῆςῐ
1476 5799 1521 5851 ὣ
1569 5799 1670 5869 τῆς
1719 5799 1957 5870 δεινότη-

374 5896 538 5966 tog!)
590 5891 716 5954 τούς
773 5908 834 5943 τε
881 5889 1197 5959 ὀφθαλμοὺς
1246 5890 1481 5960 ἐκκόψαι
1539 5890 1634 5945 καὶ
1671 5889 1770 5963 τὴν
1800 5893 1958 5964 χεῖρα

704 5986 973 6045 PATROL.
1018 5984 1133 6044 Gn.
1181 5983 1297 6043 CV.

2052 4685 2250 4753 dignus
2279 4686 2919 4756 Constantinopolitanus
2950 4690 3237 4756 conﬁteor,
3262 4705 3349 4746 me
3382 4707 3489 4745 non
3519 4693 3634 4763 lege

2049 4788 2104 4834 et
2135 4779 2414 4851 suffragiis
2464 4792 2710 4837 creatum
2746 4783 2994 4838 ecclesia:
3022 4784 3283 4838 thronum
3335 4786 3633 4851 invasisse,

2052 4887 2230 4942 neque
2261 4872 2349 4927 his
2371 4874 2532 4929 annis
2556 4873 2658 4928 rite
2691 4882 2745 4929 et
2769 4882 2957 4929 sancte
2980 4875 3269 4931 ecclesiam
3290 4878 3517 4941 rexisse,
3538 4879 3634 4933 sed

2054 4967 2399 5038 tyrannidem
2435 4969 2768 5023 exercuisse.
2814 4986 2832 5019 ι
2872 4966 2987 5022 Hoc
3021 4969 3635 5040 pseudo-chirographo

2054 5059 2372 5130 imperatori
2407 5061 2596 5124 misso,
2630 5060 2713 5113 vir
2744 5069 2966 5114 sanctus
2989 5074 3019 5113 e
3049 5060 3297 5115 custodia
3328 5070 3412 5114 est
3444 5062 3636 5115 dimis-

2055 5172 2174 5223 sus,
2208 5156 2583 5226 maternisque
2614 5156 2668 5209 in
2699 5155 2908 5210 aedibus
2942 5154 3149 5210 Poseos
3190 5155 3473 5223 paululum
3504 5172 3530 5206 a
3560 5164 3638 5209 tot

2055 5248 2315 5303 aerumnis
2363 5247 2690 5318 respirabat.
2748 5247 2851 5301 Sed
2906 5247 3050 5301 enim
3106 5247 3276 5302 hostis
3325 5263 3431 5300 non
3473 5247 3639 5302 desiit

2058 5339 2278 5395 fraudes
2309 5339 2496 5394 animo
2520 5354 2763 5402 versare,
2798 5338 3148 5409 pessimaque
3177 5339 3440 5395 adversus
3472 5339 3638 5393 inno-

2058 5441 2270 5487 centem
2306 5433 2535 5487 consilia
2581 5447 2840 5502 coquere.
2886 5431 3075 5503 Itaque
3127 5433 3368 5504 suggerit
3403 5432 3642 5503 impera-

2058 5523 2294 5589 toribus,
2328 5534 2391 5578 ut
2425 5523 2668 5593 lgnatius
2729 5522 2797 5577 ad
2827 5524 2996 5578 aadem
3044 5524 3420 5594 apostolorum
3480 5526 3643 5580 redu—

2061 5629 2207 5685 ctus,
2255 5618 2491 5688 primum
2526 5615 3033 5670 exauctorationem
3067 5632 3222 5671 suam
3261 5617 3375 5686 ipse
3422 5620 3641 5688 publice

2060 5727 2159 5782 pro
2188 5713 2421 5767 amboue
2452 5712 2615 5778 legat,
2646 5720 2811 5779 atque
2867 5711 3081 5779 sibiipsi
3138 5711 3430 5764 anathema
3470 5711 3639 5766 dicat.

2062 5803 2287 5871 Deinde,
2319 5820 2351 5858 ο
2380 5803 2599 5859 crudele
2628 5802 2944 5867 consilium,
2990 5817 3022 5857 o
3054 5802 3386 5872 singularem
3442 5804 3639 5858 imma-

2062 5896 2322 5969 nitatem!
2392 5896 2555 5951 ambo
2615 5895 2695 5949 illi
2744 5894 2981 5951 effodere
3039 5896 3275 5957 lumina,
3312 5910 3644 5967 manumque

3173 5985 3239 6048 17
