4092 6602
425 423 531 489 523

1615 407 1907 471 NICET/E
1946 403 2474 468 PAPHLAGONIS

3587 403 3693 469 524

421 535 722 611 praecidere
754 532 844 588 illa
885 529 1025 586 furia
1054 526 1440 584 meditabatur.
1473 524 1608 581 Tam
1642 524 1815 578 altum
1852 521 2004 592 impii

2118 517 2397 589 μανιωδῶς
2427 515 2875 586 ἐϐυσσοδόμευεν.
2898 513 3086 578 Οῦτως
3109 513 3287 568 αὐτῶν
3314 515 3395 579 εἰς
3427 513 3595 586 βάθος
3633 518 3697 570 τὸ

422 630 611 687 odium
645 631 1058 695 conceperant,
1091 630 1153 677 ut
1181 620 1380 675 divinae
1430 616 1689 672 vindictae
1731 614 2000 670 rationem

423 723 688 778 ducerent
718 718 945 773 nullam.
980 715 1189 770 Aberat
1209 711 1386 768 omnis
1423 710 1518 765 Dei
1546 717 1746 772 metus,
1796 717 1850 761 et
1877 705 2003 777 qui-

422 816 544 870 dem
572 812 778 869 diaboli
808 810 963 866 furor
991 809 1114 864 illos
1149 806 1408 878 agitabat.
1443 802 1789 858 Pentecostes
1811 807 2002 856 saneta

422 909 540 964 dies
581 904 979 974 complebatur,
1010 916 1135 955 cum
1164 913 1290 953 ecce
1316 896 1388 951 ibi
1420 904 1759 951 armatorum
1806 906 2003 947 manus

423 997 761 1055 domicilium
795 995 850 1049 in
881 1008 988 1062 quo
1013 991 1273 1061 degebat,
1302 1004 1504 1044 corona
1552 994 1753 1058 praeter
1782 998 2001 1039 omnem

422 1089 889 1161 exspectationem
931 1093 1152 1156 repente
1173 1083 1364 1153 cingit.
1392 1081 1487 1135 Vir
1512 1091 1736 1135 sanctus
1770 1076 1861 1131 ubi
1884 1076 2003 1129 ani-

423 1182 721 1240 madvertit
750 1196 809 1237 se
837 1179 969 1251 peti,
1007 1190 1062 1234 et
1100 1176 1385 1248 parricidas
1429 1173 1569 1229 Esau
1605 1172 1844 1227 furorem
1881 1183 2006 1223 sen-

424 1280 518 1341 sit,
550 1276 844 1333 consilium
884 1281 1071 1329 contra
1115 1280 1421 1340 temporum
1466 1265 1867 1337 improbitatem
1909 1277 2006 1331 op-

424 1378 749 1441 portunum,
815 1380 1028 1437 suaque
1058 1363 1326 1435 sapientia
1351 1372 1404 1415 et
1430 1359 1636 1430 Spiritu
1670 1364 1861 1412 sancto
1886 1354 2007 1425 ejus

427 1470 641 1517 rectore
690 1461 913 1530 dignum
975 1456 1142 1527 capit.
1196 1454 1479 1521 Quodnam
1534 1450 1706 1505 illud“!
1766 1446 1939 1501 Vilem
1974 1460 2003 1497 a

426 1552 601 1610 servis
653 1560 708 1607 et
757 1550 1074 1606 saecularem
1125 1548 1294 1602 sumit
1354 1552 1581 1607 vestem,
1651 1540 2008 1611 geminasque

427 1651 644 1715 sportas
669 1643 736 1698 ab
762 1640 1010 1697 humeris
1051 1652 1159 1693 una
1191 1653 1221 1691 a
1256 1635 1459 1707 pertica
1506 1645 1808 1701 suspensas
1842 1626 2007 1697 baiuli

428 1738 534 1792 ritu
567 1744 808 1807 gestans,
844 1733 1089 1803 deceptis
1121 1746 1218 1801 per
1254 1739 1465 1785 noctem
1498 1724 1845 1789 custodibus,
1892 1735 2005 1776 uno

427 1828 723 1884 comitatus
751 1825 1024 1896 Cypriane
1048 1821 1317 1891 discipulo
1339 1834 1463 1885 suo,
1493 1815 1758 1888 profugit,
1792 1815 1896 1868 iter
1922 1813 2008 1866 in-

425 1935 649 1992 gressus
681 1933 776 1988 per
804 1916 1083 1972 embolum
1124 1913 1191 1969 ad
1243 1911 1606 1984 Sybaiticum,
1631 1906 1820 1964 saucio
1851 1912 1902 1961 et
1926 1904 2009 1959 af.

428 2015 577 2071 Dicto
601 2023 839 2083 pectore,
864 2009 1012 2065 velut
1039 2008 1177 2063 alter
1214 2006 1404 2071 David,
1460 2018 1583 2060 cum
1639 1999 1951 2072 profugeret
1976 2014 2006 2053 a

426 2107 565 2162 faeie
593 2103 745 2160 Saul.
786 2103 1079 2157 Enimvero
1115 2115 1209 2170 per
1262 2098 1518 2154 tenebras
1556 2094 1709 2151 eunti
1745 2093 2008 2149 divinitus

428 2197 671 2257 occurrit
699 2197 783 2250 vir
806 2204 1036 2266 augusta
1062 2190 1356 2248 admodum
1396 2189 1532 2245 faeie
1564 2187 1819 2250 decorus,
1852 2200 2008 2239 conta

426 2286 712 2356 barbaque
762 2284 1018 2340 decenter
1047 2281 1339 2352 promissa,
1364 2285 1515 2334 veste
1546 2276 1795 2338 candida,
1827 2275 2011 2329 niveo-

425 2392 532 2448 que
552 2384 743 2431 vectus
768 2390 931 2445 equo,
966 2372 1123 2443 quasi
1173 2369 1508 2424 Blaclternas
1540 2366 1806 2423 tenderet.
1847 2363 2009 2434 Iguu-

427 2482 515 2527 tus
543 2479 724 2524 autem
777 2468 868 2522 ille
917 2467 1020 2531 vir,
1049 2480 1176 2521 cum
1228 2472 1461 2534 propter
1510 2457 1736 2514 luminis
1769 2456 2008 2527 inopiam

425 2577 550 2616 eum
578 2559 763 2614 videre
783 2557 929 2612 clare
959 2570 1068 2610 non
1102 2562 1307 2624 posset,
1328 2550 1500 2605 nihilo
1534 2548 1736 2609 secius,
1761 2544 2010 2617 quisquis

426 2652 516 2704 ille
547 2656 699 2713 erat,
753 2646 941 2701 divino
1000 2642 1209 2714 Spiritu
1274 2640 1545 2710 impulsus
1590 2635 2007 2708 pronuntiavit:

428 2746 595 2809 Deus,
625 2740 821 2811 inquit,
843 2747 897 2794 et
922 2737 1263 2793 sanctissima
1292 2736 1389 2790 Dei
1420 2731 1614 2796 Mater,
1639 2728 2013 2785 sacratissime

428 2836 674 2898 domine,
726 2845 778 2888 te
808 2840 862 2888 et
907 2830 1139 2886 comites
1176 2838 1301 2884 tuos
1335 2835 1572 2882 tueatur.
1604 2822 1778 2889 Quam
1816 2834 2005 2875 vocem

427 2929 518 2985 ille
544 2942 667 2984 cum
715 2935 973 2995 tanquam
1009 2920 1293 2977 eraculum
1328 2935 1358 2974 e
1390 2917 1532 2973 cmlo
1578 2915 1804 2970 missum
1857 2926 2014 2967 acce-

428 3021 624 3092 pisset,
678 3026 732 3072 et
774 3018 894 3072 loco
947 3012 1216 3070 itinerarii
1264 3010 1519 3075 subsidii,
1563 3006 1720 3079 quasi
1753 3005 2010 3059 viaticum

429 3112 533 3167 sibi
559 3111 749 3165 datum
774 3112 1012 3179 putaret,
1036 3103 1210 3159 multo
1243 3102 1480 3156 alacrius
1508 3099 1611 3154 iter
1639 3096 1900 3166 carpebat
1922 3112 1938 3163 ;
1960 3101 2015 3148 et

430 3201 579 3259 tenui
628 3200 720 3255 illo
750 3214 814 3253 ae
844 3196 1027 3253 servili
1079 3194 1268 3250 habitu
1319 3193 1540 3262 ignotus
1564 3188 1844 3259 navigium
1880 3201 2015 3241 con-

431 3295 670 3358 scendit,
705 3303 759 3348 et
795 3278 1102 3359 Principes,
1130 3287 1544 3351 Proeeoncsum,
1577 3281 1824 3350 aliasque
1878 3276 2017 3333 Pro-

433 3388 678 3461 pontidis
706 3386 938 3451 insulas,
971 3382 1132 3437 aliam
1165 3396 1227 3436 ex
1262 3379 1367 3433 alia
1392 3374 1780 3448 permutando,
1814 3387 1908 3443 per
1935 3385 2022 3426 so-

432 3480 691 3535 litudines
710 3478 763 3531 in
784 3475 1064 3531 montibus
1079 3484 1129 3528 et
1145 3470 1443 3543 speluncis,
1469 3467 1828 3535 cavernisque
1847 3474 2018 3526 terrae,

436 3579 497 3625 ut
541 3584 666 3625 eum
706 3565 968 3639 Apostolo
998 3566 1215 3635 loquar,
1249 3561 1604 3618 absconditus
1633 3559 1871 3625 errabat,
1896 3571 2023 3626 ege-

437 3678 562 3729 nus,
619 3660 876 3725 amictus,
961 3657 1326 3727 angustiatus,
1386 3653 1700 3722 victumque
1758 3646 2024 3718 rogatoris

437 3758 614 3811 instar
642 3773 670 3809 a
730 3755 834 3823 piis
860 3751 1193 3808 Christianis
1238 3745 1639 3804 emendicabat.
1678 3742 1749 3798 At
1799 3740 2027 3796 Pbotius

438 3847 667 3912 amissa,
706 3859 871 3915 quam
933 3857 1027 3911 spe
1061 3842 1369 3903 devorarat,
1404 3836 1584 3906 praeda
1626 3833 1809 3889 omnia
1841 3845 2018 3887 emno-

440 3938 551 4004 bia,
579 3937 884 4006 urbemque
906 3943 1077 3989 totam
1104 3947 1168 3988 ac
1196 3930 1460 3987 suburbia
1488 3926 1815 3996 vestigabat,
1852 3922 2025 3979 sicubi

440 4032 591 4086 velut
620 4031 745 4101 igne
794 4027 1085 4085 evanidum
1118 4025 1381 4096 reperiret
1412 4022 1681 4077 titionem.
1714 4019 1850 4074 Cum
1898 4032 2027 4088 ergo

442 4125 581 4179 nihil
607 4138 799 4178 eorum
849 4138 971 4193 qum
1018 4120 1292 4190 cupiebat,
1328 4115 1693 4172 succederet:
1739 4118 2028 4181 procurato

438 4219 619 4273 edicto
650 4217 824 4286 regio,
848 4215 1121 4287 Orypltam
1152 4212 1304 4266 illum
1327 4225 1450 4265 cum
1470 4223 1565 4264 sex
1591 4204 1911 4261 cursoribus
1961 4202 2028 4256 ad

440 4321 638 4363 cuneta
664 4309 781 4364 loca
805 4308 1103 4374 maritima,
1133 4299 1694 4372 cunctasqueinsulas
1719 4294 2029 4352 lustrandas

441 4401 720 4465 amandat,
758 4402 837 4455 uti
887 4413 1216 4469 quocunque
1255 4397 1375 4450 loco
1407 4392 1831 4463 deprehensum,
1859 4387 2027 4443 veluti

443 4494 877 4561 perturbatorem
896 4502 1317 4558 eversoremque
1340 4485 1577 4555 imperii,
1595 4485 1661 4539 de
1678 4482 1857 4537 medio
1872 4480 2029 4535 tolle-

2118 612 2277 681 μῖσος
2310 609 2618 681 καθήψατο,
2654 609 2749 662 καὶ
2780 609 2877 677 τῆς
2927 606 3021 661 τοῦ
3056 608 3193 661 Θεοῦ
3231 607 3581 679 δικαιοσύνης
3605 609 3695 664 λό-

2108 720 2201 773 γος
2228 702 2359 775 παρ’
2389 703 2575 767 αὐτοῖς
2606 702 2801 765 οὐδεὶς,
2834 700 2929 755 καὶ
2961 702 2989 754 6
3018 699 3112 753 τοῦ
3151 699 3287 753 Θεοῦ
3321 700 3484 770 φόϐος
3518 701 3692 769 ἀπῆν,

2110 797 2202 850 καὶ
2254 796 2283 849 6
2344 794 2437 848 τοῦ
2479 793 2727 849 διαϐόλου
2769 791 2929 863 ζῆλος
2966 792 3353 856 ἐσπουδάζετο.
3387 792 3535 862 Αὐτὴ
3576 808 3702 844 συν-

2111 887 2480 960 επληροῦτοή
2528 886 2628 956 τῆς
2659 886 2822 955 ἁγίας
2885 885 3272 957 Πεντηκοστῆς
3331 884 3548 955 ἡμέρα,
3606 885 3701 937 καὶ

2114 983 2225 1036 ἰδοὺ
2257 980 2461 1051 πλῆθος
2494 977 2850 1049 στρατιωτῶν
2879 977 3199 1048 ὁπλοφόρων
3226 976 3318 1030 τὸν
3374 972 3522 1030 οἷκον
3551 973 3698 1040 ἐξαί-

2110 1091 2269 1145 φνης,
2292 1074 2348 1125 ὲν
2370 1066 2415 1141 ᾧ
2446 1072 2739 1143 κατήγετο,
2776 1069 3157 1141 περιεκύκλου.
3198 1068 3343 1122 Ἰδὼν
3369 1063 3461 1122 οὖν
3490 1068 3518 1120 ὁ
3543 1067 3698 1135 ἆγιος

2111 1166 2320 1229 ἐκεῖνος
2349 1164 2416 1218 τὰ
2451 1165 2725 1236 ἐρχόμενα
2750 1163 2835 1218 ἐπ’
2864 1162 3051 1226 αὑτὸν,
3090 1162 3185 1215 καὶ
3245 1161 3343 1228 τὴν
3377 1160 3701 1229 ἀδελφοκτό-

2116 1277 2207 1316 νον
2265 1260 2464 1332 μανίαν
2516 1261 2837 1331 αἰσθόμενος
2871 1258 3063 1324 Ἡσαῦ,
3118 1258 3315 1329 βουλὴν
3359 1257 3694 1328 βουλεύεται,

2111 1354 2443 1426 ἀντίρροπον
2475 1354 2575 1425 μὲν
2599 1353 2700 1423 τῆς
2728 1354 2822 1406 τοῦ
2855 1352 3051 1425 καιροῦ
3082 1351 3300 1419 κακίας,
3323 1354 3420 1421 τῆς
3445 1350 3611 1405 αὐτοῦ
3632 1350 3692 1405 δὲ

2114 1448 2385 1511 συνέσεως
2416 1448 2510 1501 καὶ
2535 1447 2627 1501 τοῦ
2650 1446 2975 1518 όδηγοῦντος
3004 1446 3166 1499 αὐτὸν
3195 1445 3340 1498 θείου
3375 1444 3514 1498 Πνεύ
3525 1461 3697 1515 ματος

2108 1538 2352 1604 ἐπάξιον.
2394 1541 2491 1603 Τίς
2524 1540 2586 1593 δὲ
2626 1542 2659 1610 ἡ
2696 1540 2896 1611 βουλῆς
2944 1538 3177 1593 Ἀλλοιοῖ
3226 1538 3325 1609 μὲν
3355 1538 3571 1602 ἑαυτὸν,
3612 1540 3695 1590 ol-

2110 1633 2287 1705 κτράν
2318 1635 2408 1689 καὶ
2454 1634 2652 1706 λαῖκὴν
2700 1635 2853 1705 παρὰ
2879 1633 2989 1687 τῶν
3020 1632 3249 1686 οἰκετῶν
3292 1630 3696 1703 ἀνειλημμένος

2114 1726 2327 1799 στολὴν,
2363 1728 2458 1781 δύο
2485 1728 2542 1781 δὲ
2587 1726 2853 1798 σπυρίδας
2884 1726 2970 1796 ἐφ’
3012 1725 3130 1787 ἐνὸς
3179 1723 3338 1791 ξύλου
3379 1722 3487 1777 τῶν
3546 1722 3696 1775 ἰδίων

2114 1822 2479 1892 ἀπαιωρὴσας
2512 1820 2699 1893 ὤμων,
2732 1819 3041 1890 ἀχθοφόρου
3064 1816 3209 1881 τινὸς
3236 1816 3437 1887 τρόπον
3459 1815 3694 1886 ἀπέδρα,

2112 1917 2236 1981 τοὺς
2266 1914 2515 1986 φύλακας
2560 1912 2703 1965 κατὰ
2742 1910 2914 1981 μέσας
2948 1908 3151 1971 νύκτας
3182 1906 3384 1961 λαθών.
3429 1907 3697 1959 Ἐσπευδε

2111 2014 2166 2067 δὲ
2193 2012 2309 2085 ἅμα
2336 2009 2412 2081 τῷ
2436 2007 2651 2080 μαθητῇ
2679 2003 3001 2076 Κυπριανῷ,
3032 2002 3132 2074 τὴν
3158 2003 3249 2056 ἐπὶ
3278 2003 3338 2056 τὸ
3370 2002 3695 2056 Συϐαἲτικον

2110 2105 2199 2159 διὰ
2229 2103 2323 2157 τοῦ
2357 2100 2587 2173 ἐμϐόλου
2630 2097 2952 2168 ποιούμενος
2979 2096 3225 2168 πορείαν.
3268 2094 3379 2164 Τὴν
3422 2093 3599 2165 ψυχὴν
3636 2093 3693 2146 δὲ

2117 2196 2558 2268 συντριϐόμενος,
2598 2190 2697 2244 καὶ
2745 2191 2858 2254 τοῖς
2902 2189 3134 2263 δάκρυσι
3184 2189 3694 2261 περιρραινόμενος,

2112 2287 2207 2341 καὶ
2246 2284 2451 2356 σφόδρα
2480 2281 2823 2353 κατάπικρος
2862 2280 2962 2350 τὴν
2991 2278 3219 2351 καρδίαν
3253 2280 3347 2333 καὶ
3385 2278 3697 2342 κατώδυνος

2113 2380 2211 2446 ὢν,
2266 2379 2487 2450 ἔτρεχεν
2519 2375 2711 2446 ὥσπερ
2761 2372 2925 2426 Δαυῖδ
2968 2373 3175 2437 ἐκεῖνος
3230 2371 3337 2425 ἀπὸ
3392 2371 3691 2443 προσώπου

2112 2470 2393 2541 διαδρᾶναι
2452 2466 2647 2520 Σαούλ.
2700 2463 2990 2534 Κρεῐττονι
3042 2463 3100 2516 δὲ
3164 2462 3392 2534 προνοίᾳ
3452 2462 3694 2533 συναντᾷ

2112 2563 2288 2634 τούτῳ
2310 2562 2398 2615 διὰ
2423 2559 2523 2627 τῆς
2545 2557 2739 2621 νυκτὸς
2769 2556 2901 2610 ίόντι
2935 2556 3073 2627 ἀνήρ
3099 2572 3182 2619 τις
3213 2555 3356 2609 πάνυ
3387 2555 3487 2625 τὴν
3520 2555 3695 2623 πρόσ-

2115 2658 2237 2729 οψιν
2268 2654 2572 2726 εὐπρεπὴς,
2606 2652 2697 2705 τόν
2730 2667 2790 2703 τε
2820 2647 3061 2723 πώγωνα
3107 2648 3205 2701 καὶ⁹
3248 2648 3349 2719 τὴν
3387 2646 3583 2718 κώμην
3614 2647 3699 2701 εύ-

2118 2746 2331 2810 σταλῶς
2361 2742 2688 2813 καθειμένος
2729 2739 2831 2807 τῆς
2862 2738 3106 2808 κεφαλῆς
3125 2753 3139 2767 ⁸
3170 2738 3264 2791 καὶ
3303 2736 3464 2801 αὐτὸς
3502 2736 3696 2806 στολὴν

2114 2838 2316 2907 λευκὴν
2342 2834 2695 2906 ἐσταλμένος,
2726 2832 2821 2885 καὶ
2850 2831 3003 2901 ἵππῳ
3029 2828 3325 2883 ἐπιϐαίνων
3358 2828 3561 2900 λευκῷ,
3592 2828 3694 2899 τὴν

2114 2931 2189 2994 ώς
2221 2928 2315 2982 ἐπὶ
2341 2927 2651 2997 Βλαχέρνας
2681 2922 2928 2987 ἐϐάδιζεν
2954 2921 3093 2976 όδόν.
3135 2920 3341 2989 Ἀγνὼς
3370 2920 3429 2973 δὲ
3459 2921 3487 2973 6
3530 2920 3693 2989 ἀνὴρ,

2115 3023 2199 3076 ὅτι
2230 3018 2438 3091 πυρσὸς
2471 3011 2732 3086 οὐδαμοῦ,
2766 3014 2862 3066 καὶ
2890 3012 3108 3083 τρανῶς
3158 3012 3274 3064 ἐκεῖ
3320 3009 3510 3064 τοῦτον
3566 3011 3694 3065 ίδεῑν

2117 3114 2217 3168 οὒκ
2240 3109 2336 3183 ἦν’
2366 3109 2529 3178 πλὴν,
2579 3106 2730 3169 ὅστις
2774 3104 2903 3157 ποτε
2935 3100 3027 3176 ἦν,
3066 3104 3347 3174 Πνεύματι
3381 3101 3510 3174 θείῳ
3540 3118 3697 3171 κινη-

2042 3232 2085 3290 c
2119 3206 2253 3270 θεὶς,
2294 3203 2431 3274 ἔφη’
2473 3202 2530 3253 Ὀ
2555 3198 2687 3262 Θεὸς
2712 3197 2806 3251 καὶ
2856 3198 2889 3268 ή
2940 3195 3235 3266 ὑπεραγία,
3267 3194 3461 3265 λέγων,
3504 3194 3698 3247 95016-

2122 3315 2218 3361 κος
2244 3293 2528 3350 ἀκίνδυνόν
2571 3305 2653 3357 σε,
2694 3289 2920 3359 πανίερε
2965 3288 3221 3353 δέσποτα,
3274 3287 3366 3340 καὶ
3402 3288 3527 3351 τοὺς
3562 3285 3700 3356 μετά

2126 3389 2221 3444 σοῦ
2268 3384 2617 3456 διαφυλάξαι.
2669 3379 2841 3435 Τοῦτο
2872 3381 2933 3435 τὺ
2965 3379 3143 3452 ῥῆμα,
3202 3374 3421 3450 οἷάπερ,
3481 3378 3693 3447 ἑφόδιον

2124 3479 2332 3550 ἀγαθὸν
2364 3476 2571 3535 ἄνωθεν
2598 3470 2735 3545 ἧκον
2782 3472 2870 3526 ἐπ’
2906 3472 3088 3537 αὑτὸν,
3128 3473 3158 3525 ό
3191 3471 3461 3541 μακάριος
3482 3504 3483 3507 η
3504 3469 3698 3522 ὐποδε..

2126 3572 2381 3642 ξάμενος,
2403 3566 2817 3637 προθυμότερον
2850 3561 3063 3627 ἐϐάδιζε
3087 3577 3101 3591 ο
3130 3562 3227 3615 καὶ
3256 3559 3335 3631 τῷ
3356 3558 3586 3629 δουλικῷ
3605 3558 3701 3611 καὶ

2126 3662 2369 3734 πενιχρῷ
2399 3659 2639 3732 σχήματι
2692 3657 2903 3720 πάντας
2962 3653 3165 3719 λαθὼν,
3221 3654 3317 3707 καὶ
3375 3652 3459 3715 είς
3514 3650 3702 3703 πλοῖον

2127 3756 2321 3829 ἐμϐὰς,
2345 3755 2440 3809 καὶ
2474 3753 2571 3817 τὰς
2600 3749 3016 3823 Πριγκιπείους,
3046 3746 3142 3801 καὶ
3164 3743 3606 3817 Προικονησίους,
3637 3742 3700 3794 οὐ

2131 3849 2291 3920 μόνον
2323 3848 2401 3914 δὲ,
2438 3845 2574 3900 ἀλλὰ
2606 3845 2701 3897 καὶ
2747 3841 3120 3913 Προποντίους
3166 3840 3366 3909 νήσους
3387 3877 3401 3903 ,
3432 3834 3599 3904 ἄλλην
3642 3833 3706 3896 ἐξ

2127 3941 2294 4009 ἄλλης
2336 3935 2598 4009 ἀμείϐων,
2632 3936 2728 3989 καὶ
2752 3935 2809 3987 ὲν
2840 3931 3102 4005 ἐρημίαις
3131 3927 3506 3999 πλανώμενος,
3548 3924 3702 3994 δρεσί

2128 4052 2187 4088 τε
2248 4032 2343 4087 καὶ
2392 4029 2696 4100 σπηλαίοις,
2737 4026 2832 4080 καὶ
2880 4027 3001 4088 ταῖς
3034 4024 3135 4093 τῆς
3163 4022 3291 4090 γῆς,
3330 4015 3705 4077 ἁποστολικῶς

2129 4126 2313 4195 φάναι,
2364 4119 2888 4192 κατακρυπτόμενος
2916 4117 3109 4181 ὀπατς,
3140 4113 3556 4185 ὑστερούμενος,
3588 4109 3701 4162 θλι-

2130 4218 2381 4289 ϐόμενος,
2417 4210 2689 4283 κακουχού
2702 4227 2881 4281 μενος,
2922 4208 3020 4272 τὰς
3050 4206 3185 4277 πρὸς
3219 4205 3278 4258 τὸ
3311 4205 3414 4276 ζῇν
3448 4201 3705 4272 ἀφορμὰς

2130 4307 2357 4362 ἑπαίτου
2409 4304 2613 4376 τρόπον
2666 4302 2757 4356 διὰ
2804 4301 2910 4354 τῶν
2975 4296 3341 4369 φιλοχρίστων
3390 4292 3703 4363 ὴρανίζετο.

2129 4399 2328 4463 Φώτιος
2359 4397 2415 4451 δὲ
2449 4396 2549 4466 τῆς
2579 4394 2754 4465 θήρας
2808 4389 3146 4463 διαμαρτὼν,
3183 4388 3361 4442 πάντα
3409 4386 3505 4456 μὲν
3545 4400 3708 4454 μοναο

2134 4490 2351 4561 στήρια,
2379 4489 2561 4541 πᾶσαν
2594 4484 2650 4537 δὲ
2690 4482 2789 4554 τὴν
2817 4482 2991 4546 πόλιν,
3024 4480 3117 4532 καὶ
3150 4478 3220 4531 τὰ
3246 4477 3375 4547 περὶ
3408 4475 3581 4544 αὐτὴν
3607 4473 3709 4526 ἀν-

442 4595 544 4641 rct.
580 4585 769 4655 itaque
784 4584 1017 4640 venatici
1042 4582 1117 4637 illi
1150 4594 1313 4635 canes
1335 4593 1459 4633 eum
1478 4576 1678 4647 εει-νίας
1706 4585 1752 4630 et
1781 4572 2014 4644 pluribus

2135 4580 2424 4651 ηρευνᾶτο,
2456 4577 2641 4630 εἵπου
2673 4574 2780 4644 ἄρα
2827 4571 3127 4627 καταλάϐοι
3173 4570 3263 4623 τὸν
3310 4568 3500 4633 ὥσπερ
3548 4565 3709 4620 δαλὸν

444 4679 499 4732 in
518 4676 653 4730 locis
673 4676 725 4729 in
754 4675 1021 4744 Ignatium
1045 4676 1224 4743 ipsum
1251 4670 1589 4731 incidissent,
1610 4666 1789 4722 servili
1809 4664 2014 4720 tunicu-

2130 4668 2546 4743 ὲξηπσασμένον
2576 4665 2687 4737 [ἵσ.
2718 4659 3177 4733 ἐξηφανισμένονί
3203 4661 3267 4712 ἐκ
3295 4656 3589 4729 προσώπου
3614 4672 3710 4708 πυ-

443 4769 494 4823 la
524 4766 734 4835 decepti
762 4782 869 4819 non
894 4772 1254 4835 agnoverunt.
1274 4760 1377 4827 Qui
1401 4768 1454 4815 ct
1480 4759 1653 4829 ipsum
1673 4756 1809 4811 alias
1824 4752 2014 4808 medio:

2139 4765 2251 4834 ρός.
2269 4759 2452 4829 Μηδὲν
2480 4756 2571 4811 οῦν
2603 4758 2786 4811 ἀνύειν
2815 4755 3112 4825 δυνάμενος
3138 4746 3212 4805 ὧν
3241 4750 3509 4813 ἐϐούλετο,
3527 4764 3710 4817 παρα-

444 4866 819 4914 transeuntem
850 4856 1225 4928 quaeritantes,
1244 4851 1612 4922 vclutAssyrii
1641 4848 1883 4904 ezecitate
1906 4859 2014 4914 per-

2138 4856 2394 4919 σκευάζει
2438 4851 2824 4923 προστάγματι
2850 4846 3135 4919 βασιλικῷ,
3166 4846 3259 4899 τδν
3288 4842 3524 4915 χαλεπὸν
3559 4843 3707 4894 ἐκεῖ·

443 4952 616 5019 cussi,
653 4967 762 5007 non
805 4958 1121 5007 senserunt.
1168 4950 1438 5003 Abierunt
1468 4960 1616 5015 ergo,
1649 4942 1793 5012 quod
1835 4948 1918 4992 est
1971 4937 2014 4989 in

2135 4965 2225 5001 vov
2265 4945 2505 5017 Ὠρύφαν
2534 4945 2630 4997 σὺν
2652 4942 2714 5006 ἒξ
2743 4940 3006 5012 δρομεῦσι
3039 4940 3219 5001 πάσας
3246 4937 3346 4999 τὰς
3374 4935 3572 5005 νήσους
3615 4931 3711 4984 xui.

441 5044 728 5116 parmmia,
750 5052 807 5098 ut
820 5043 1065 5098 frustrati
1082 5041 1263 5113 prarda
1283 5036 1641 5106 ltianteslupi.
1658 5032 1891 5104 lgnatius
1906 5042 2028 5099 per-

441 5139 637 5194 solutis
665 5134 932 5192 Salvatori
959 5151 1057 5207 pro
1077 5134 1244 5189 tutela
1271 5132 1437 5197 votis,
1456 5145 1551 5201 per
1573 5127 1773 5182 multas
1802 5121 2029 5178 tribula-

446 5230 627 5284 tiones
661 5227 727 5281 ad
752 5243 979 5298 regnum
1013 5227 1280 5282 caelorum
1316 5221 1698 5279 contendebat.
1740 5218 1918 5285 Atque
1952 5212 2031 5266 illi

439 5319 659 5391 quidem
681 5320 795 5374 haec
809 5319 1063 5389 agebant.
1084 5317 1225 5383 Quid
1252 5331 1379 5371 vero
1402 5315 1517 5369 lucc
1534 5312 1639 5366 illis
1660 5306 2032 5370 molientibus,

439 5411 792 5482 longanimis,
822 5410 1024 5481 justus,
1066 5418 1117 5464 et
1140 5409 1300 5463 fortis
1336 5406 1497 5472 Deus,
1529 5404 1622 5474 qui
1645 5418 1753 5457 non
1778 5398 2033 5454 irascitur

438 5522 536 5578 per
566 5506 808 5575 singulos
839 5504 994 5559 dies?
1019 5519 1085 5558 an
1107 5503 1313 5558 diutius
1333 5510 1605 5557 extremas
1638 5497 1740 5551 bas
1760 5493 2029 5548 malorum

441 5617 717 5657 aerumnas
746 5601 925 5672 potuit
954 5599 1308 5654 dissimulare
1342 5598 1364 5649 ?
1391 5596 1616 5649 Minime
1654 5608 1803 5647 vero.

2138 5041 2237 5111 τὴν
2266 5037 2532 5110 παράλιον
2561 5030 2976 5107 άνερευνᾶσθαι,
3011 5033 3106 5086 καὶ
3134 5032 3188 5085 ετ
3218 5048 3319 5085 που
3354 5027 3595 5099 συμϐαίη
3621 5025 3711 5095 λη·

2137 5133 2341 5204 φθῆναι
2375 5131 2467 5184 τὸν
2499 5129 2782 5198 ἰγνάτιον,
2819 5126 2981 5189 εὐθὺς
3016 5123 3358 5195 ἀναιρεῖσθαι
3388 5121 3600 5183 τοῦτον,
3633 5118 3711 5180 ώς

2136 5226 2266 5295 ὃλην
2299 5222 2677 5292 ἁνατρέποντα
2720 5223 2821 5290 τὴν
2852 5218 3151 5290 βασιλείαν.
3183 5215 3451 5275 Πολλάκις
3491 5211 3585 5267 οὖν
3613 5211 3709 5265 καὶ

2137 5318 2277 5370 κατὰ
2302 5314 2519 5377 πλείους
2547 5313 2746 5375 τόπους
2765 5310 2916 5381 αὐτῷ
2937 5309 3359 5380 περιπίπτοντες
3379 5306 3429 5359 οἱ
3453 5303 3707 5374 θηραταί,

2136 5409 2224 5461 διὰ
2244 5405 2495 5477 δουλικὴν
2520 5406 2621 5458 οὐκ
2654 5404 2971 5473 ἐπέγνωσαν
3004 5400 3218 5470 στολήν.
3244 5399 3356 5453 Καὶ
3388 5396 3577 5452 ἄλλοτε
3608 5394 3713 5447 πά·

2136 5500 2220 5554 λιν
2261 5499 2350 5554 διὰ
2401 5499 2568 5569 μέσου
2624 5498 2788 5551 αὑτὸν
2846 5495 3280 5567 παρερχόμενον,
3330 5489 3565 5561 ἀορασίᾳ.
3614 5486 3711 5555 λη-

2134 5590 2471 5663 φθέντες,ὡς
2505 5592 2553 5643 οἱ
2580 5591 2705 5659 περὶ
2735 5590 2826 5642 τὸν
2853 5587 3158 5641 Ἐλισσαῖον
3194 5583 3489 5653 Ἀσσύριοι,
3527 5580 3716 5630 τοῦτον

439 5695 543 5747 οὐκ
569 5668 911 5764 ἠδυνήθησαν
945 5692 1092 5746 ἰδεῖν.
1134 5691 1243 5744 Καὶ
1276 5690 1429 5743 αὐτοὶ
1466 5687 1596 5759 μὲν.
1643 5685 1717 5747 ὡς
1747 5685 1901 5737 λύκοι
1947 5684 2122 5755 μάτην
2154 5683 2483 5753 κεχηνότες,
2527 5683 2795 5753 ἀπῄεσαν,
2853 5679 2993 5735 κατὰ
3034 5678 3134 5750 τὴν
3187 5674 3507 5747 παροιμίαν.
3552 5670 3610 5724 Ὀ
3654 5668 3713 5722 δὲ

442 5787 543 5852 τὰς
582 5787 1031 5860 εὐχαριστηρίους
1059 5785 1224 5856 εὐχὰς
1258 5785 1597 5855 ἀναπέμπων
1616 5781 1708 5851 ρτῷ
1740 5780 1977 5851 Σωτῆρι,
2006 5781 2095 5835 διὰ
2126 5779 2335 5833 πολλῶν
2393 5778 2627 5848 θλίψεων
2671 5780 2769 5846 τὴν
2821 5778 2916 5832 τοῦ
2961 5776 3097 5830 Θεοῦ
3128 5773 3406 5845 βασιλείαν
3444 5768 3714 5834 ἐξωνεῖτο.

442 5883 507 5937 Οἱ
539 5856 735 5951 μὲνῃὲν
772 5856 983 5943 τούτοις
1017 5875 1177 5952 ἦσαν.
1207 5879 1271 5930 Τί
1300 5878 1361 5933 ,δὲ
1424 5878 1455 5930 6
1517 5873 1867 5946 μακρόθυμος
1898 5872 2124 5943 Κύριος,
2184 5874 2212 5924 ό
2261 5869 2487 5933 δίκαιος,
2540 5873 2569 5923 ὁ
2605 5871 2841 5941 ἰσχυρὸς,
2876 5872 2904 5923 ό
2937 5870 3012 5939 μὴ
3077 5868 3177 5937 τὴν
3238 5864 3409 5935 ὀργὴν
3484 5856 3710 5925 ἐπάγων

442 5974 565 6041 καθ’
615 5973 851 6043 ἑκάστην
906 5973 1152 6044 ἡμέραν;
1216 5967 1306 6040 ἆρ’
1351 5968 1443 6021 ἐπὶ
1494 5966 1630 6021 πολὺ
1685 5965 1783 6030 τὰς
1817 5962 2124 6034 ὑπερϐολὰς
2177 5960 2284 6014 τῶν
2317 5959 2500 6013 κακῶν
2558 5960 2755 6023 ταύτας
2806 5962 3065 6030 ἠνέσχετο
3117 5958 3385 6027 καθορᾷν;
3429 5950 3693 6021 Οὐδαμῶς
