3988 6484
383 404 499 466 525

1468 404 1643 464 VITA
1675 404 1733 463 S.
1781 402 2078 463 ΙΟΝΛῚῚΙ
2111 402 2216 464 CP.
2261 405 2612 466 ARCHIEP.

3477 488 3484 492 η
3535 413 3640 479 526

451 515 762 581 Αὔγουστος
797 514 1047 570 ἐνίστατο
1074 513 1201 586 μὴν,
1234 515 1328 570 καὶ
1355 517 1599 588 σεισμοῖς
1633 515 1891 580 ἐξαισίοις
1920 515 1953 584 ἡ

2127 513 2408 585 Augustos
2431 514 2670 569 instabat
2695 512 2918 580 mensis,
2946 523 3000 568 et
3025 516 3352 573 tremoribus
3376 518 3646 580 hr-rrilicis

379 607 747 681 βασιλεύουσα
789 609 1129 663 κατεδονεῖτο
1151 625 1164 641 ·
1205 609 1300 663 καὶ
1346 610 1453 672 πᾶς
1485 606 1632 672 οἷκος
1658 607 1949 674 ὲκλονεῖτο,

377 702 476 755 καὶ.
511 704 657 754 πᾶσα
683 701 880 772 καρδία
912 701 990 770 τῷ
1018 701 1168 772 φόϐῳ
1221 700 1534 755 κατεσείετο
1554 717 1568 730 ο
1599 701 1694 755 καὶ
1723 703 1828 763 πᾶς
1861 700 1954 754 ἄν·

377 792 599 866 θρωπος
625 792 702 863 τῷ
731 793 824 845 τοῦ
861 791 1089 847 θανάτου
1122 791 1233 846 δέει
1269 792 1631 864 συνεχόμενος
1656 792 1807 858 ὲόόα,
1829 791 1956 863 μίαν

377 885 560 937 αἰτίαν
590 880 729 936 εἶναι
752 882 848 936 τοῦ
879 883 1131 954 σεισμοῦ,
1190 884 1319 952 μίαν
1357 884 1455 954 τὴν
1498 885 1576 948 είς
1617 885 1708 937 τὸν
1755 901 1956 954 πατρι-

378 975 558 1046 άρχην
595 975 852 1043 ἰγνάτιον
892 975 1102 1030 ἀδικίαν
1149 977 1245 1029 καὶ
1287 977 1658 1048 παρανομίαν.
1702 978 1791 1030 Ἐν
1819 976 1957 1048 ἡμέ-

379 1084 506 1138 ραις
538 1066 595 1119 δὲ
627 1067 1040 1138 τεσσαράκοντα
1096 1067 1472 1139 μηκυνόμενος
1517 1069 1545 1122 6
1591 1069 1813 1138 σεισμὸς
1865 1069 1958 1122 ἐπὶ

376 1157 636 1212 τοσοῦτον
665 1157 854 1234 αὐτῶν.
893 1157 991 1230 τὴν
1023 1159 1286 1230 ὠμότητα
1340 1161 1434 1214 καὶ
1483 1159 1783 1230 ἰταμότητα
1825 1177 1958 1213 κατ-

379 1249 662 1319 έκαμψεν,
715 1251 790 1314 ὡς
843 1250 940 1304 καὶ
992 1251 1118 1314 τοὺς
1169 1251 1509 1322 κρατοῦντας
1565 1251 1762 1314 αὐτοὺς
1797 1253 1960 1324 ὅρκον

379 1342 667 1412 προθεῖναι
721 1341 976 1412 δημοσίᾳ,
1018 1343 1144 1413 μήτ’
1188 1343 1353 1397 αὑτὸν
1404 1345 1611 1397 ἐκεῖνον
1663 1343 1752 1397 τδν
1815 1343 1960 1416 ἱερὸν

380 1435 618 1506 φυγάδα,
644 1435 782 1506 μήτε
816 1437 947 1504 παρ’
977 1428 1021 1504 ᾧ
1049 1435 1355 1506 κρύπτεται
1386 1435 1815 1508 φανερούμενον,
1850 1439 1958 1492 ὑπ-

378 1528 608 1582 εύθυνον
642 1528 976 1583 καθεστάναι
1006 1529 1215 1596 λοιπον,
1267 1529 1616 1602 ἀθωούμενον
1660 1529 1716 1583 δὲ
1747 1532 1826 1595 είς
1860 1531 1960 1604 την

377 1621 592 1674 οίκείαν
621 1621 990 1694 ἁνενοχλήτως
1024 1621 1501 1676 ἀποκαθίστασθαι
1531 1625 1724 1696 μονήν.
1767 1625 1962 1679 Τοίνυν

377 1712 556 1778 οὕτως
598 1714 839 1778 ἀκούσας
866 1717 894 1768 6
919 1714 1178 1785 ἀθλητὴς,
1213 1714 1509 1787 καταδηλοῖ
1537 1717 1732 1770 ἑαυτὸν
1761 1715 1960 1771 αὐτίκα

377 1804 458 1874 τῷ
489 1805 766 1878 πατρικίῳ
810 1808 1105 1878 Πετρωνᾷ⁸
1145 1806 1204 1870 ὃς
1255 1806 1348 1862 τοῦ
1385 1808 1787 1882 αὐτοκράτορος
1819 1809 1962 1874 θεῖος

2063 602 2563 676 Constantinopolis
2585 604 2964 677 quatiebatur:
2983 604 3127 662 aedes
3145 608 3412 663 nutabant
3438 626 3653 682 omnes,

2059 699 2351 769 omniaque
2375 699 2682 754 mortalium
2717 709 2934 770 pectora
2960 708 3107 755 metu
3148 701 3506 772 palpitabant,
3563 720 3656 759 ne-

2059 805 2148 844 mo
2182 805 2286 844 non
2322 791 2515 846 mortis
2544 791 2774 846 horrore
2803 800 3103 860 occupatus
3144 790 3483 856 clamitabat,
3523 793 3646 848 uni-

2059 897 2180 938 cam
2213 882 2374 952 plane
2403 884 2568 952 hujus
2601 883 2832 955 prodigii
2873 897 2968 940 scu
3020 893 3200 940 motus
3251 899 3469 940 causam
3525 901 3649 943 esse

2062 974 2318 1044 injttriatn
2352 985 2404 1029 et
2430 961 2780 1047 sacrilegium
2835 975 2889 1031 in
2935 973 3306 1046 patriarcham
3364 976 3637 1047 lgnatium

2062 1068 2442 1122 commissum.
2489 1065 2638 1122 Urbe
2671 1075 2851 1122 autem
2909 1077 3052 1124 totos
3112 1069 3474 1141 quadraginta
3522 1070 3646 1126 dies

2059 1159 2322 1214 continuo
2348 1165 2631 1220 tremente,
2661 1174 2834 1230 usque
2861 1159 2998 1216 adeo
3029 1160 3230 1217 ferocia
3255 1172 3310 1218 et
3333 1163 3655 1222 immanitas

2062 1253 2276 1307 illorum
2308 1252 2554 1321 mitigata
2581 1259 2682 1314 est,
2713 1261 2772 1308 ut
2795 1251 2895 1322 ipsi
2918 1253 3187 1324 principes
3206 1256 3649 1328 publicejureju-

2069 1345 2241 1401 rando
2269 1353 2731 1411 contestarentur,
2761 1361 2937 1416 neque
2971 1347 3152 1415 fugam
3175 1363 3332 1403 sacro
3351 1349 3425 1404 illi
3448 1350 3650 1405 exsuli.

2061 1449 2162 1489 nec
2175 1434 2374 1506 hospiti
2392 1434 2597 1490 exsulis
2617 1435 2760 1505 apud
2778 1450 2937 1506 quem
2966 1433 3294 1503 delituisset,
3311 1436 3485 1493 fraudi
3507 1437 3625 1494 fotu
3639 1469 3655 1480 -

2065 1541 2180 1580 ram
2212 1544 2227 1593 ;
2285 1527 2379 1583 sed
2411 1527 2722 1582 absolutum
2753 1527 3006 1593 crimine,
3041 1529 3500 1600 innocentemque
3536 1545 3659 1601 pro.

2063 1619 2392 1686 nuntiatum,
2427 1607 2544 1676 sine
2568 1620 2893 1691 cujusquam
2927 1620 3176 1676 molestia
3197 1621 3249 1675 in
3275 1637 3376 1676 suo
3407 1621 3656 1678 cmnobio

2062 1726 2254 1767 secure
2321 1727 2763 1782 permansurum.
2807 1709 2965 1780 Quod
3009 1729 3133 1768 cum
3191 1712 3394 1768 Christi
3451 1713 3655 1770 athleta

2064 1801 2387 1871 accepisset,
2425 1802 2669 1857 Petronte
2722 1817 2780 1857 se
2813 1801 3066 1874 patricio,
3090 1811 3340 1857 materno
3369 1802 3660 1873 imperato-

380 1898 522 1967 πρὸς
560 1875 766 1968 μητρὸς
799 1895 897 1960 ὢν,
937 1899 1030 1952 mi.
1049 1875 1152 1951 106
1189 1897 1454 1970 βασιλέως
1488 1875 1626 1971 ἄρας
1649 1875 1961 1968 ὲέκόλπιον,

2073 1892 2150 1949 ris
2223 1895 2520 1958 avunculo,
2575 1895 2749 1965 aperit
2807 1895 2946 1964 :qui
2999 1896 3296 1966 pretiosum
3350 1904 3659 1968 gestamen,

383 1988 465 2050 είς
489 1987 744 2058 ἐνέχυρον
767 1986 948 2056 φέρων
969 1986 1153 2041 δίδωσι
1181 1989 1257 2060 τῷ
1287 1989 1626 2062 πατριάρχῃ.
1644 1988 1701 2042 '0
1732 1989 1786 2042 δὲ
1807 1987 1966 2043 τοῦτο

382 2079 479 2132 τοῦ
522 2077 799 2150 τραχήλου
845 2080 1248 2151 ἀπαιωρησας,
1283 2081 1378 2134 καὶ
1429 2081 1568 2152 πρὸς
1620 2081 1710 2135 τὸν
1755 2081 1968 2154 Βάρδαν

385 2169 667 2241 ἀναχθεὶς,
700 2172 851 2242 ἔστη.
885 2171 1030 2244 Πρὸς
1055 2171 1115 2226 ὃν
1146 2175 1374 2238 ἐκεῖνος,
1402 2174 1524 2229 Ἵνα
1555 2173 1628 2240 τί,
1659 2175 1816 2245 φησὶ,
1842 2173 1969 2246 τρό-

389 2279 494 2316 πον
521 2263 796 2333 δραπέτου
827 2264 1212 2336 μιμησάμενος
1237 2305 1253 2332 ,
1287 2265 1453 2337 ἄλλην
1481 2265 1540 2332 ἐξ
1583 2265 1750 2337 ἄλλης
1783 2267 1968 2337 χώραν

383 2355 636 2424 ἀμείϐων
664 2359 1040 2427 περινοστεῖς;
1083 2357 1142 2410 ’0
1171 2357 1248 2422 δὲ,
1278 2357 1536 2430 Χριστὸς,
1565 2357 1690 2430 ἔφη,
1718 2361 1746 2412 6
1777 2358 1970 2429 ἡμέτε-

387 2463 483 2516 ρος
508 2445 762 2516 βασιλεὺς
802 2448 897 2502 καὶ
947 2449 1129 2521 πατὴρ
1161 2449 1467 2504 ἐνετείλατο
1486 2464 1501 2479 '
1548 2450 1687 2505 Ἐὰν
1716 2449 1966 2506 animov-

379 2551 492 2590 σιν
522 2537 678 2607 ὑμᾶς
704 2537 771 2592 ἐκ
803 2537 914 2609 τῆς
939 2540 1172 2606 πόλεως
1198 2540 1443 2608 ταύτης,
1458 2541 1707 2610 φεύγετε
1745 2542 1834 2606 είς
1859 2542 1972 2610 τὴν

377 2627 607 2696 ἄλλην.
638 2629 924 2708 Ἦττηθεὶς
965 2625 1058 2684 οῦν
1086 2631 1186 2703 τῆς
1213 2630 1309 2686 τοῦ
1369 2632 1562 2704 ἀνδρὸς
1591 2633 1796 2704 ἀρετῆς
1829 2634 1974 2687 ἐκεῖ·

377 2741 495 2788 νος,
553 2720 850 2775 ἀνεύθυνον
901 2721 1090 2775 τοῦτον
1137 2722 1234 2776 καὶ
1287 2721 1478 2777 ἄνετον
1527 2724 1609 2786 είς
1655 2723 1755 2794 τὴν
1803 2723 1970 2777 αὐτοῦ

379 2812 729 2882 καταστῆναι
759 2811 970 2866 κελεύει
1007 2813 1200 2883 μονήν.
1239 2812 1416 2877 Εὐθὺς
1444 2813 1538 2867 οῦν
1564 2815 1657 2867 καὶ
1687 2814 1715 2866 6
1751 2813 1972 2883 σεισμδς

381 2907 542 2976 ἔστη.
597 2905 710 2960 Καὶ
733 2904 1036 2976 Βούλγαροι
1063 2905 1122 2959 δὲ
1159 2904 1280 2959 τότε
1309 2905 1589 2976 προνοίαις
1620 2905 1778 2973 Θεοῦ,
1814 2906 1972 2976 βιαίῳ

379 2999 794 3063 κατατακέντες
839 2997 1007 3070 λιμῷ,
1061 2999 1179 3069 ἅμα
1222 2995 1280 3050 δὲ
1330 2998 1425 3051 καὶ
1475 3001 1590 3062 τοῖς
1637 2997 1832 3069 δώροις
1877 2997 1972 3052 τοῦ

379 3090 790 3161 αὐτοκράτορος
819 3089 1158 3162 θελχθέντες,
1189 3093 1258 3148 τὰ
1285 3092 1426 3148 ὅπλα
1463 3091 1828 3162 καταθέμενοι
1853 3131 1867 3157 ,
1895 3091 1974 3163 τῷ

382 3181 534 3249 ἁγίῳ
557 3182 869 3253 προσῄεσαν
901 3181 1263 3254 βαπτίσματι.

2068 1982 2217 2054 quod
2269 1984 2334 2037 ad
2364 1984 2543 2038 sinum
2587 1984 2936 2053 imperatoris
2969 1984 3260 2054 pendebat,
3297 2000 3397 2055 pro
3429 1984 3658 2057 pignore

2070 2073 2295 2128 allatum
2337 2073 2504 2128 tradit
2532 2074 2880 2144 patriarcha),
2915 2089 3024 2144 quo
3075 2075 3164 2129 ille
3223 2074 3291 2130 de
3353 2073 3496 2130 collo
3529 2090 3657 2130 sus-

2070 2181 2240 2232 penso
2295 2165 2364 2220 ad
2417 2163 2651 2220 Bardam
2714 2167 2966 2233 accedit;
3000 2165 3093 2237 qui
3135 2167 3202 2223 ad
3237 2167 3654 2239 patriai-chain:

2071 2255 2236 2322 Quid,
2267 2256 2465 2326 inquit,
2499 2255 2714 2329 fugitivi
2758 2273 2910 2315 more
2963 2275 3027 2315 ex
3061 2261 3182 2316 loco
3231 2261 3285 2316 in
3318 2261 3496 2317 locum
3525 2276 3658 2332 pro-

2071 2347 2233 2419 fugus
2263 2347 2528 2405 oberras?
2556 2350 2643 2405 cui
2672 2349 2916 2422 lgnatius
2959 2351 3276 2417 :Christus,
3311 2353 3508 2422 inquit,
3559 2367 3655 2409 rex

2072 2451 2260 2497 noster
2295 2455 2360 2495 ac
2417 2441 2579 2496 Pater
2624 2443 2883 2513 prtecepit
2917 2461 2929 2497 :
2963 2443 3025 2500 Si
3076 2454 3454 2513 persequentur
3483 2461 3572 2499 vos
3602 2445 3657 2498 in

2071 2551 2177 2588 una
2205 2534 2438 2601 civitate,
2467 2535 2635 2606 fugite
2666 2536 2722 2590 in
2752 2537 2919 2590 aliam
2951 2537 2993 2588 ⁵.
3029 2536 3219 2592 Victus
3253 2537 3570 2593 innocentia
3599 2545 3658 2593 et

2071 2625 2276 2682 virtute
2303 2625 2410 2682 viri
2435 2625 2664 2694 Bardas,
2691 2628 2970 2683 innoxium
2997 2628 3342 2700 liberumque
3373 2628 3430 2685 in
3463 2643 3657 2685 mona-

2073 2717 2300 2772 sterium
2339 2717 2544 2772 remitti
2571 2735 2731 2774 suum
2755 2719 2929 2789 jubet.
2955 2720 3262 2792 Statimque
3280 2721 3484 2777 moveri
3514 2729 3658 2777 terra

2074 2809 2257 2875 desiit,
2301 2816 2356 2865 et
2405 2807 2624 2881 Bulgari
2648 2810 2996 2882 providentia
3036 2811 3154 2876 Dei,
3202 2815 3346 2870 fame
3409 2822 3656 2886 urgente.

2077 2901 2509 2972 muneribusque
2533 2902 2602 2958 ab
2633 2903 2963 2974 imperatore
2979 2905 3212 2973 deliniti,
3245 2907 3417 2962 armis
3441 2907 3656 2978 positis,

2074 2993 2316 3050 caelestis
2355 2993 2700 3065 baptismatis
2729 2997 2874 3053 unda
2901 3009 3030 3052 sunt
3062 2997 3302 3054 lustrati.

453 3233 617 3326 Τότει
1314 3277 1691 3348 τοποτηρηταὶ
1749 3275 1968 3347 Ῥώμης

2145 3253 2331 3326 Legati
2379 3271 2599 3327 quoque
2649 3255 2914 3328 po‘ntilicii
2961 3274 2992 3313 a
3027 3257 3223 3313 Photio
3255 3259 3417 3317 donis
3447 3260 3650 3317 blande

386 3363 736 3436 φιλοφρόνως
773 3366 878 3419 ὑπὸ
927 3365 1134 3420 Φωτίου
1174 3366 1664 3439 δωροδοκηθέντες,
1695 3366 1795 3438 τὴν
1839 3367 1975 3421 Ῥώ-

386 3471 500 3526 μην
533 3456 1029 3528 παλινοστήσαντες
1063 3458 1385 3515 κατέλαϐον.
1407 3457 1515 3523 Οὓς
1553 3459 1582 3511 ὁ
1611 3460 1801 3523 πάπας
1843 3461 1975 3514 ἀνα-

379 3547 582 3618 κρίνας
644 3548 955 3613 Νικόλαος,
1011 3549 1109 3603 καὶ
1167 3550 1236 3604 τὰ
1291 3551 1434 3606 κατὰ
1484 3551 1578 3606 τὸν
1624 3553 1973 3625 πατριάρχην

397 3637 665 3705 Ἰγνάτιον
704 3637 1052 3711 ὴκριϐωκὼς,
1095 3640 1190 3693 καὶ
1248 3641 1312 3694 ὲκ
1351 3640 1443 3694 τοῦ
1487 3641 1754 3712 στόματος
1793 3645 1971 3702 αὐτῶν

382 3729 923 3794 ὑποδίκους-αὖτοὺς
970 3731 1352 3802 πεφωρακὼς,
1425 3734 1501 3797 ὡς
1566 3736 1974 3801 ὲπισυστάσεως

381 3820 712 3892 λῃστρικῆς,
748 3822 866 3876 ἀλλ’
901 3823 960 3876 οὐ
1000 3825 1295 3895 κανονικῆς
1321 3827 1537 3880 συνόδου
1575 3829 1971 3896 κατάρξαντας,

380 3913 633 3982 διηνεκεῖ
659 3913 980 3985 καθαιρέσει
1018 3915 1110 3968 καὶ
1160 3916 1592 3990 ἁναθεματισμῷ
1623 3919 1970 3973 καθυποὸἁλ-

383 4001 494 4054 λει·
534 4001 630 4054 καὶ
676 4002 739 4055 οὐ
788 4003 987 4073 μόνους
1023 4003 1244 4067 αὐτοὺς,
1276 4003 1413 4057 ἀλλὰ
1441 4005 1534 4058 καί⁵
1559 4005 1724 4059 αὑτὸν
1748 4005 1972 4072 Φώτιον,

383 4094 464 4156 ὡς
511 4092 813 4170 ἐπιϐήτορα
861 4095 954 4147 καὶ
1007 4095 1230 4165 μοιχὸν,
1273 4095 1669 4168 ἀποκηρύττει,
1719 4097 1815 4150 καὶ
1866 4097 1973 4150 ὑπὸ

385 4182 596 4253 συνόδῳ
629 4187 887 4255 κανονικῇ
921 4184 1016 4238 καὶ
1070 4185 1238 4256 ψήφῳ
1274 4187 1456 4255 πάσης
1507 4186 1608 4257 τῆς
1663 4187 1756 4240 ὑπ’
1813 4187 1973 4240 αὐτὸν

399 4273 736 4344 Ἐκκλησίας
762 4275 1156 4346 ἀναθεματίζει
1188 4278 1281 4331 καὶ
1311 4277 1587 4349 καθαιρεῖ*
1627 4277 1779 4332 οὐδὲν
1812 4279 1974 4332 αὑτὸν

384 4364 674 4436 διαφέρειν
711 4365 966 4438 Μαξίμου
1007 4365 1100 4420 τοῦ
1155 4367 1396 4421 Κυνικοῦ
1427 4409 1442 4433 ,
1479 4367 1572 4420 τοῦ
1619 4367 1696 4439 τῷ
1728 4369 1974 4441 Θεολόγῳ

388 4443 682 4528 ι’“ρηγορίῳ
751 4459 1112 4528 ὲπιφυέντος,
1184 4461 1279 4514 καὶ¹
1333 4460 1431 4532 τὴν
1472 4459 1798 4530 Ἐκκλησίαν
1841 4479 1968 4532 συγο

2077 3345 2322 3417 corrupti
2347 3345 2574 3402 Romam
2614 3349 2914 3404 redierunt.
2941 3352 3089 3417 Quos
3123 3347 3378 3424 Nicolaus
3410 3353 3654 3423 pontifex

2076 3437 2143 3492 de
2173 3438 2482 3507 patriarcha
2513 3437 2724 3509 lgnatio
2755 3440 3139 3512 interrogatos,
3172 3454 3225 3499 et
3257 3460 3445 3501 severe
3476 3446 3658 3516 inqui-

2077 3530 2234 3595 sitos,
2275 3547 2399 3586 cum
2435 3531 2552 3587 suis
2583 3533 2702 3588 illos
2735 3534 2912 3589 verbis
2938 3547 3125 3605 captos
3153 3538 3500 3605 eonvicisset,
3537 3539 3660 3596 illos

2077 3622 2286 3678 sicariae
2315 3615 2526 3692 potius
2573 3622 2849 3678 'factionis
2876 3663 2891 3689 ,
2947 3641 3111 3696 quam
3156 3627 3412 3700 legitimae
3465 3629 3662 3701 synodi

2077 3711 2338 3784 praesides
2371 3715 2568 3785 egisse,
2598 3725 2857 3786 perpetua
2886 3721 3335 3776 exauctoratione
3368 3722 3660 3778 damnatos

2077 3807 2427 3862 anathemate
2489 3808 2779 3878 percussit.
2843 3807 2950 3862 Nec
2993 3809 3202 3880 legatos
3265 3819 3504 3876 tantum,
3561 3813 3657 3868 sed

2078 3900 2253 3968 ipsum
2307 3915 2526 3971 quoque
2577 3899 2829 3955 Photium
2896 3910 3188 3973 tyrannum
3229 3912 3283 3958 et
3347 3903 3658 3960 adulterum

2077 3992 2414 4061 pronuntiat,
2446 4002 2499 4047 et
2535 3992 2787 4064 legitimae
2825 3993 3015 4064 synodi
3046 3995 3313 4048 sententia
3346 3995 3514 4050 totius
3555 3995 3659 4052 Ec-

2077 4083 2258 4140 clesiae
2288 4099 2400 4139 sum
2427 4084 2778 4138 anathemate
2818 4086 2943 4138 ferit
2977 4085 3332 4157 deponitque,
3367 4087 3658 4156 ipsumque

2076 4194 2106 4232 a
2133 4173 2371 4232 Maximo
2396 4175 2620 4248 Cynico,
2646 4177 2738 4247 qui
2763 4176 3025 4248 Gregorio
3059 4175 3333 4247 Theologo
3361 4178 3654 4244 insultans.

2080 4271 2377 4326 Ecclesium
2407 4271 2583 4324 turbis
2614 4271 2872 4324 clunibus
2906 4270 3242 4341 permiscuit,
3271 4271 3406 4327 nihil
3434 4271 3657 4328 differre

2076 4362 2338 4417 declarat.
2377 4363 2558 4430 Quare
2594 4363 2746 4416 illum
2773 4403 2788 4430 ,
2827 4372 2886 4416 ut
2915 4363 3300 4418 seandalorum
3347 4373 3652 4427 auctorem,

2077 4468 2130 4512 et
2158 4455 2227 4510 ab
2252 4456 2344 4509 illo
2384 4464 2764 4520 consecratos,
2796 4455 3091 4524 apostolica
3115 4456 3463 4522 auctoritate,
3486 4457 3656 4512 veluti

388 4549 616 4618 χέαντος
648 4588 662 4613 ,
708 4550 1146 4622 ἀποφηνάμενος.
1201 4553 1365 4606 Ὅθεν
1415 4553 1578 4607 αὐτόν
1617 4571 1699 4620 τε,
1753 4554 1828 4618 ὡς
1862 4556 1968 4608 τῶν

2076 4549 2416 4619 conjuratos,
2443 4546 2619 4602 eidem
2658 4550 2945 4603 sententia:
2980 4549 3223 4620 subjicit.
3256 4547 3368 4604 Nec
3400 4550 3486 4605 his
3519 4565 3656 4607 eon-

389 4637 708 4692 σκανδὲιλων
739 4643 932 4709 αἴτιον,
969 4645 1062 4696 καλ¹
1099 4644 1224 4706 τοῦς
1259 4645 1351 4698 ὑπ’
1382 4643 1544 4699 αὐτοῦ
1590 4663 1972 4718 κεχειροτονη-

393 4730 619 4800 μένους,
661 4732 738 4794 ὡς
775 4733 1086 4803 ὁμόφρονας
1118 4736 1292 4808 τούτῳ
1332 4735 1573 4807 δηλονότι
1600 4735 1975 4801 καθεστῶτας,

388 4822 734 4895 ἁποστολικῇ
767 4826 946 4897 κρίσει
978 4831 1043 4900 τῇ
1073 4829 1211 4900 αὐτῇ
1243 4829 1534 4891 ὑποϐάλλει
1571 4830 1854 4901 καταδίκη.
1901 4831 1975 4883 Οὐ

385 4915 554 4969 τοῦτο
611 4917 668 4970 δὲ
719 4921 862 4971 ποιεῖ
896 4919 1080 4989 μόνον,
1109 4919 1245 4975 ἀλλὰ
1275 4923 1370 4976 καὶ
1410 4923 1536 4985 τοὺς
1573 4922 1970 4986 κοινωνοῦντας

387 5008 609 5079 ⁴ιιωτίῳ,
660 5011 823 5064 αὐτόν
861 5029 919 5064 τε
969 5013 1058 5066 τὸν
1105 5013 1334 5085 βασιλέα
1379 5018 1470 5068 καὶ
1514 5015 1612 5083 τὴν
1662 5013 1753 5068 ὑπ’
1813 5014 1976 5069 αὑτὸν

2077 4652 2283 4707 tentus,
2315 4642 2556 4698 asseclas
2593 4642 2762 4708 illius,
2801 4642 3088 4712 ipsumque.
3121 4643 3506 4714 imperatorem
3526 4659 3652 4702 cum

2077 4745 2267 4792 senatu
2301 4736 2422 4807 ejus
2470 4737 2620 4790 omni
2665 4751 2763 4806 per
2803 4737 3011 4792 litteras
3043 4754 3070 4791 a
3105 4749 3250 4794 cmtu
3284 4737 3526 4794 tidclium
3557 4752 3655 4794 ex-

2078 4828 2266 4886 cludit.
2297 4828 2429 4896 Qua:
2469 4828 2727 4884 Nicolaus
2759 4845 2883 4888 cum
2925 4829 3111 4882 divino
3141 4829 3257 4884 zelo
3282 4828 3656 4888 inﬂammatus

2078 4922 2324 4992 egisset,
2377 4920 2750 4990 aequissimam
2811 4918 3004 4989 judicii
3057 4920 3141 4974 sui
3202 4920 3530 4974 sententiam
3585 4919 3655 4973 ad

2083 5013 2321 5070 Orientis
2356 5014 2694 5084 patriarchas
2720 5011 3046 5066 transmisit.

390 5101 676 5156 πολιτείαν
719 5107 902 5158 πᾶσαν
943 5105 1012 5160 δι’
1049 5108 1350 5161 ἐπιστολῶν
1393 5110 1668 5181 ἀφορίζει.
1699 5109 1884 5164 Ταῦτα
1916 5111 1973 5164 δὲ
2012 5109 2159 5182 ζήὶῳ
2189 5111 2319 5181 θείῳ
2345 5113 2372 5164 6
2399 5109 2664 5172 Νικόλαος
2696 5106 3207 5180 καταπραξάμενος,
3233 5106 3325 5159 καὶ
3389 5110 3501 5169 τοῖς
3557 5103 3654 5174 τῆς

405 5194 707 5263 Ἀνατολῆς
736 5197 1106 5268 πατριάρχαις
1131 5199 1228 5269 τὴν
1270 5189 1743 5272 ἕνθεσμοᾶκρίσιν
1768 5199 1973 5269 ταύτην
2011 5201 2370 5271 διεπέμψατο.

464 5286 608 5338 Κατ’
637 5288 852 5352 ὲκείνας
883 5289 941 5342 δὲ
969 5291 1065 5354 τὰς
1089 5292 1299 5363 ἡμέρας
1333 5293 1428 5346 καὶ
1460 5292 1787 5364 ἐμπρησμὸς
1809 5292 1981 5363 μέγας

392 5380 604 5450 σφόδρα
664 5379 746 5444 είς
781 5381 879 5445 τὰς
935 5383 1135 5453 Σοφίας
1169 5385 1480 5456 γενόμενος,
1531 5387 1814 5458 ἀμύθητον
1849 5387 1981 5456 ὅσην

389 5472 757 5544 καταφθορὰν
791 5474 888 5527 καὶ
944 5474 1123 5546 λύμην
1157 5480 1269 5542 τοῖς
1309 5479 1696 5549 προσοικοῦσιν
1729 5481 1981 5548 ἐνειργάσ-

391 5582 549 5620 σατο.
580 5565 752 5618 Οὐδὲν
772 5565 828 5618 δὲ
857 5565 1062 5642 τούτων
1087 5571 1165 5632 είς
1198 5570 1504 5642 μετάμελον
1559 5567 1664 5641 ἦγε
1691 5577 1816 5634 τους
1847 5573 1974 5624 ἀνο-

392 5661 520 5729 μείν
559 5659 950 5728 διεγνωκότας-
981 5640 1202 5730 ’μᾶλλον
1239 5662 1338 5734 μὲν
1385 5663 1500 5732 οῦν,
1531 5664 1669 5719 κατὰ
1707 5665 1802 5719 τίεν
1840 5666 1977 5718 ἀπο-

491 5843 514 5875 ⁵
545 5842 738 5899 Matth.
783 5860 837 5910 ι,
870 5843 962 5897 2'5.

2155 5295 2258 5350 Per
2289 5295 2430 5350 idem
2472 5292 2584 5348 fere
2617 5301 2832 5362 tempus
2872 5291 3064 5360 ingens
3108 5291 3160 5344 in
3194 5289 3404 5346 mdibus
3439 5289 3656 5359 Sophia;

2083 5389 2398 5444 incendium
2447 5387 2677 5450 exstitit,
2719 5400 2818 5440 nec
2850 5394 3114 5455 quantum
3147 5383 3339 5439 vicinis
3371 5385 3656 5439 calamita-

2083 5490 2215 5546 tem,
2244 5492 2618 5551 quantumque
2664 5478 2890 5532 exitium
2926 5477 3185 5542 attulerit,
3216 5475 3446 5532 dicendo
3481 5479 3656 5548 expli-

2082 5573 2194 5626 cari
2223 5581 2416 5640 potest.
2452 5570 2583 5635 Quae
2617 5576 2800 5622 tamen
2831 5583 2916 5623 res
2949 5583 3042 5622 eos
3077 5568 3169 5637 qui
3209 5583 3462 5638 perverse
3494 5584 3657 5639 agere

2083 5663 2460 5730 decreverant,
2514 5661 2580 5718 ad
2629 5661 2912 5717 meliorem
2949 5670 3185 5717 mentem
3237 5677 3347 5719 non
3395 5662 3652 5727 reduxit;
