4092 6624
394 461 495 527 527

1574 467 1871 529 NICET/E
1901 465 2427 527 PAPHLAGONIS

3545 465 3651 531 528

391 579 485 634 sed
523 593 586 632 ex
628 578 928 649 apostolico
978 579 1234 647 oraculo,
1281 581 1337 635 in
1389 582 1537 652 pejus
1584 581 1970 653 proﬁciebant,

2081 578 2331 652 στολικην
2358 578 2699 650 πρόρρησιν,
2742 574 2874 632 Ἐπί
2913 576 2977 630 τὸ
3016 574 3218 646 χεῖρον
3256 576 3652 645 προέκοπτον.

390 682 646 737 errantes,
680 673 807 726 etin
836 690 1065 728 errorem
1098 676 1359 727 mittentes
1399 677 1440 729 ⁸.

463 764 666 820 Bardas
696 765 843 820 enim
886 766 1175 837 imperium
1223 766 1504 833 affectans,
1531 765 1771 835 primum
1808 779 1969 819 euro-

391 856 618 923 palatos.
651 872 776 911 mox
801 858 983 913 Caesar
1015 859 1382 925 renuntiatus,
1411 858 1781 929 imperatoris,
1811 874 1969 913 soro-

394 946 468 1001 ris
494 945 614 1013 ﬁlii,
647 947 875 1002 stultitia
909 947 1251 1015 abutebatur,
1294 950 1641 1020 seipsumque
1670 949 1848 1003 omnis
1889 949 1969 1003 in-

394 1040 760 1109 temperantia:
796 1039 1091 1110 ell‘usaeque
1144 1041 1387 1098 libidinis
1462 1041 1795 1111 mancipium
1849 1056 1974 1111 pro-

392 1130 569 1185 debat.
624 1130 851 1185 Michael
909 1148 1040 1188 vero
1100 1134 1287 1189 animo
1318 1133 1656 1204 juvenilibus
1684 1133 1974 1188 desideriis

391 1232 672 1292 corrupto,
706 1239 816 1279 rem
850 1224 1087 1280 divinam
1122 1242 1218 1298 pro
1250 1226 1429 1281 fabula
1472 1242 1567 1282 seu
1608 1225 1845 1281 ludibrio
1875 1226 1973 1279 du-

393 1317 583 1381 cebat,
618 1317 915 1373 ludibrium
968 1319 1084 1389 ipse
1126 1319 1305 1374 factus
1361 1319 1543 1374 omnis
1606 1318 1871 1374 ft‘editatis
1921 1328 1974 1373 et

390 1411 622 1478 peccati,
669 1409 950 1480 ipsiusque
1000 1411 1208 1481 peccati
1249 1410 1440 1481 patris.
1480 1409 1692 1465 Etenim
1745 1409 1976 1463 homun-

391 1502 579 1556 ciones
606 1501 872 1572 quosdam
926 1502 1328 1572 impurissimos
1368 1511 1421 1559 et
1452 1501 1895 1573 prolanissimos,
1922 1510 1976 1555 ct

393 1607 632 1658 scurras,
674 1593 843 1647 divini
877 1594 1095 1664 quidem
1146 1594 1381 1665 Spiritus
1406 1595 1756 1665 ccclestisque
1786 1593 1976 1663 gratiae

393 1686 621 1740 omnino
668 1698 937 1757 expertes,
988 1689 1353 1759 pessimisquc
1437 1686 1702 1744 daemonis
1757 1687 1969 1742 artibus

395 1775 874 1841 iustructissimos,
909 1777 1175 1846 sacrilege
1221 1777 1675 1847 impudenterque
1716 1776 1976 1831 sacerdoé

402 1874 485 1922 tes
520 1874 574 1920 et
601 1867 871 1922 antistites
915 1868 981 1922 ad
1018 1867 1272 1923 Ecclesiae
1308 1868 1590 1939 profanam
1622 1867 1975 1922 imitationem

2075 670 2426 736 πλανῶντες
2454 669 2553 723 καί
2582 667 2981 737 πλανώμενοι.

2149 761 2360 831 Βάρδας
2393 761 2492 830 μὲν
2523 758 2633 830 γὰρ
2666 758 2751 827 ἐφ’
2776 757 2965 811 ἐαυτὸν
3000 756 3098 828 τὴν
3133 755 3453 829 Ῥωμαϊκὴν
3479 758 3654 830 ἀρχὴν

2075 851 2531 921 ὑποποιούμενος,
2568 847 2789 919 πρῶτον
2848 846 2947 918 μὲν
3013 847 3452 918 κουροπαλάτης,
3515 847 3656 918 μετά

2078 945 2270 1016 μικρὸν
2317 943 2372 997 δέ
2427 944 2644 1013 Καῖσαρ
2696 939 3102 1011 ἀναγορευθεὶς,
3132 940 3231 1010 τῆς
3284 939 3379 993 τοῦ
3430 940 3652 1010 ἀνεψιοῦ

2075 1036 2331 1107 εὐηθείας
2375 1033 2714 1105 κατετρύφα,
2748 1033 2913 1096 αὐτὸς
2952 1034 3222 1103 ἀκρασίας
3250 1050 3309 1086 τε
3341 1034 3522 1104 πάσης
3560 1034 3655 1086 καὶ

2075 1128 2253 1197 πάσης
2283 1125 2475 1198 ἡδονῆς
2504 1123 2767 1193 ἀσελγοῦς
2797 1121 3129 1193 ἀνδράποδον
3170 1121 3649 1192 ἀποδεικνύμενος

2074 1222 2101 1273 ὁ
2134 1219 2354 1289 Μιχαὴλ
2377 1218 2432 1271 δὲ
2462 1217 2816 1289 νεωτερικαῖς
2853 1214 3170 1284 ἐπιθυμίαις
3203 1214 3323 1276 ὅλος
3354 1213 3655 1285 κατεφθαρ-

2078 1310 2239 1380 μένος
2272 1311 2364 1363 τὸν
2398 1307 2835 1376 νοῦν,μπαίγνιον
2876 1304 3028 1357 ἔθετο
3076 1304 3146 1357 τὰ
3187 1304 3342 1368 θεῖα,
3401 1305 3653 1370 παίγνιον

2079 1398 2240 1461 αὐτὸς
2297 1396 2564 1468 ἀκρασίας
2608 1412 2667 1449 τε
2711 1396 2893 1466 πάσης
2946 1394 3039 1447 καὶ
3090 1394 3382 1465 ἁμαρτίας,
3430 1393 3653 1447 καὶτοῦ

2074 1495 2171 1564 τῆς
2212 1494 2488 1565 ἁμαρτίας
2523 1490 2895 1561 γεγενημένου
2933 1488 3169 1559 πατρός·
3209 1488 3305 1540 καὶ
3341 1487 3405 1557 δὴ
3441 1504 3651 1557 μιαρω-

2073 1584 2269 1646 τάτους
2301 1583 2451 1644 τινὰς
2491 1580 2930 1651 ἀνθρωπίσκους,
2968 1578 3064 1632 καὶ
3108 1577 3527 1648 βεϐηλοτάτους,
3560 1578 3654 1632 καὶ

2076 1675 2442 1748 εὐτραπέλους
2478 1674 2861 1742 ἐκλεξάμενος,
2902 1672 3163 1742 ἀμοίρους
3194 1671 3294 1741 μὲν
3326 1670 3482 1740 ἁγίου
3519 1688 3656 1723 παν-

2077 1767 2284 1820 τάπασι
2323 1765 2660 1831 Πνεύματος,
2695 1762 2789 1816 τοῦ
2835 1761 3076 1816 ἐναντίου
3124 1761 3177 1814 δὲ
3224 1762 3531 1832 πνεύματος
3556 1764 3656 1827 τῆς

2079 1858 2357 1929 ἐνεργείας
2382 1855 2824 1927 πεπλησμένους,
2876 1855 3187 1918 ἀνευλαϐὦς
3222 1873 3280 1910 τε
3319 1854 3413 1907 καὶ
3442 1855 3656 1926 ἀπηρυ-

401 1954 851 2012 dementissimus
912 1960 1286 2024 consecravit,
1342 1959 1556 2029 illisque
1616 1957 1976 2028 Theophilum

2081 1950 2385 2021 θριακότως
2434 1952 2599 2020 ἱερεῖς
2641 1950 2740 2003 καὶ
2775 1949 3055 2018 ἀρχιερεῖς
3082 1946 3225 2001 κατά
3266 1946 3363 2018 τὴν
3398 1946 3495 2015 τῆς
3530 1944 3655 1999 Ἐκ-

395 2048 689 2116 quemdam
750 2050 1275 2121 protospatharium,
1332 2066 1579 2107 scurram
1630 2061 1682 2106 et
1724 2052 1979 2119 mimum,

397 2141 647 2212 interque
710 2142 967 2211 profanos
1047 2143 1493 2214 profanissimum
1530 2183 1545 2208 ,
1610 2143 1976 2215 patriarcham

396 2231 660 2302 praefecit,
704 2235 873 2289 risum
929 2235 1030 2289 sibi
1075 2245 1129 2291 et
1158 2237 1485 2291 cachinnum
1538 2238 1848 2309 improbum
1880 2238 1976 2292 de-

398 2326 682 2381 testandus
728 2336 781 2382 et
808 2328 1141 2385 deridendus
1168 2330 1491 2400 quaeritans.
1533 2330 1640 2386 Per
1673 2346 1794 2401 qua:
1826 2331 1980 2386 obla-

400 2415 536 2470 tioni
568 2426 769 2473 sanctae
795 2419 955 2474 tiebat
986 2420 1206 2491 injuria,
1246 2437 1445 2478 nomen
1488 2437 1617 2478 vero
1649 2420 1741 2475 Dei
1778 2430 1976 2478 contu-

400 2509 577 2565 meliis
616 2510 869 2567 allectum
893 2513 1035 2568 inter
1073 2522 1262 2583 gentes
1300 2514 1807 2586 blasphemabatur.

474 2776 586 2833 Sed
621 2776 849 2833 Michael
881 2786 1162 2849 tantopere
1210 2779 1434 2835 infamia
1479 2780 1582 2835 hac
1612 2779 1975 2851 gloriabatur,

412 2868 494 2923 nti
529 2882 630 2924 nec
668 2869 884 2939 publice
916 2870 1131 2940 quidem
1184 2872 1299 2926 haec
1337 2871 1685 2926 erubesceret
1710 2871 1923 2941 jactare
1957 2886 1973 2924 :

403 2960 531 3014 Mihi
560 2959 916 3031 Theophilus,
941 2963 1143 3017 Caesari
1177 2964 1425 3032 Photius,
1456 2963 1786 3020 Christianis
1817 2963 1977 3035 lgna—

412 3053 519 3107 tius
552 3064 634 3109 est
671 3055 1002 3123 patriarcha.
1043 3057 1096 3110 In
1142 3057 1246 3112 hoc
1301 3060 1624 3114 amentiaane
1666 3058 1865 3122 dicam,
1906 3074 1974 3112 an

402 3144 695 3214 impietatis
724 3149 928 3216 potius,
982 3148 1198 3203 tandem
1232 3149 1399 3204 chaos
1434 3161 1518 3205 est
1547 3149 1873 3205 devolutus?
1902 3147 1975 3203 lta

398 3235 699 3303 sacrilegus
730 3236 817 3290 ille
845 3252 1057 3301 scurra.
1107 3247 1167 3292 ut
1195 3239 1328 3303 dixi,
1360 3238 1717 3310 Theophilus,
1755 3248 1968 3295 exserta

2082 2042 2310 2109 κλησίας
2350 2043 2520 2113 ἐναγῆ
2571 2040 2805 2111 μίμησιν
2849 2041 2877 2092 ὁ
2915 2038 3247 2102 ἀνούστατος
3303 2037 3651 2109 ἐχειροτόνειο

2079 2136 2175 2187 καὶ
2208 2136 2265 2186 ἐν
2293 2134 2478 2195 αὐτοῖς
2507 2132 2767 2201 Θεόφιλόν
2792 2148 2915 2185 τινα
2940 2130 3454 2201 πρωτοσπαθάριον,
3484 2129 3654 2199 ἄνδρα

2078 2225 2441 2297 γελωτοποιὸν
2477 2225 2571 2278 καὶ
2616 2228 2801 2295 μῖμον,
2835 2224 2931 2277 καὶ
2970 2224 3187 2277 πάντων
3218 2222 3430 2291 ἐναγῶν
3460 2222 3654 2289 ἐναγέ-

2082 2337 2294 2383 στατον,
2355 2318 2707 2390 πατριάρχην
2757 2317 2847 2369 ἐπ’
2898 2315 3127 2378 ἐκείνοις
3173 2312 3653 2385 προχειριζόμενος

2078 2413 2381 2485 ὠνόμαζεν,
2416 2412 2630 2481 γέλωτα
2663 2409 2839 2481 ἐαυτῷ
2872 2411 2965 2463 καὶ
3012 2408 3338 2480 καγχασμὺν
3371 2405 3573 2477 ἀσελγῆ
3624 2406 3659 2458 ὁ

2078 2506 2457 2566 κατάπτυστος
2503 2501 3046 2571 κατασκευαζόμενος
3083 2500 3181 2555 καὶ
3222 2497 3651 2567 καταγέλαστος

2076 2599 2144 2653 δι’
2179 2591 2254 2652 ὧν
2282 2597 2533 2669 ὑϐρίζετο
2588 2596 2685 2667 μὲν
2716 2597 2748 2667 ἡ
2789 2595 2922 2664 ἁγία
2964 2593 3271 2665 προσφορὰ,
3316 2591 3566 2661 ὑϐρίζετο
3596 2589 3657 2643 δὲ

2077 2690 2168 2743 καλ
2219 2688 2627 2757 ἐϐλασφημεῖτο
2663 2689 2774 2749 τοῖς
2809 2684 2985 2739 ἔθνεσι
3016 2684 3079 2737 τὸ
3105 2683 3277 2754 ὄνομα
3303 2682 3398 2736 τοῦ
3423 2679 3579 2733 Θεοῦ.

2160 2784 2285 2838 Ἐπὶ
2314 2781 2566 2836 τοσοῦτον
2593 2781 2648 2834 δὲ
2670 2783 2736 2851 τῇ
2764 2778 3051 2849 ἀλογιστία
3069 2776 3337 2847 ἐνετρύφα
3362 2773 3534 2845 ταύτῃ
3559 2773 3655 2825 καὶ

2078 2874 2563 2939 ἐνεκαλλωπίζετο,
2611 2873 2750 2926 ὥστε
2784 2872 2916 2943 μηδὲ
2957 2869 3112 2924 τοῦτο
3160 2866 3444 2940 παρρησίᾳ
3473 2865 3660 2934 λέγειν

2086 2966 2467 3036 αἰσχύνεσθαι,
2500 2965 2582 3020 ὅτι
2615 2963 2770 3033 Ἐμοὶ
2806 2963 2904 3033 μὲν
2938 2960 3283 3031 πατριάρχης
3316 2959 3344 3010 ὁ
3372 2955 3654 3024 Θεόφιλος,

2078 3062 2106 3114 ὁ
2150 3058 2352 3121 Φώτιος
2401 3057 2458 3110 δέ
2514 3055 2593 3126 τῷ
2635 3054 2915 3125 Καίσαρι,
2963 3052 3057 3106 καλ⁸
3094 3052 3205 3113 τοῖς
3237 3048 3583 3119 Χριστιανοῖς
3624 3046 3654 3098 δ

2094 3152 2358 3221 Ἰγνάτιος
2393 3148 2765 3217 καθέστηκεν·
2800 3148 2879 3209 είς
2923 3142 3240 3214 τηλικοῦτον
3279 3139 3439 3194 αὑτὸν
3487 3140 3658 3208 ἀφρο-

2087 3244 2250 3313 σύνης
2282 3241 2479 3313 μᾶλλον
2515 3239 2548 3311 ἢ
2587 3237 2842 3299 ἀσεϐείας
2884 3234 3281 3304 κατενεχθῆναι
3328 3230 3543 3301 βόθρον.
3589 3230 3647 3282 ’0

400 3341 497 3381 sua
526 3326 825 3395 petulantia
874 3328 1028 3383 aulas
1055 3329 1301 3385 lambens
1345 3309 1548 3400 regias,
1581 3330 1827 3386 nefandis
1860 3344 1977 3384 sce-

2084 3309 2222 3411 μὲν-
2261 3309 2355 3393 οὖν
2402 3309 2696 3409 εἰρημένος
2767 3332 3077 3404 βωμολόχος
3135 3330 3343 3391 ἐκεῖνος
3401 3323 3659 3393 Θεόφιλος

402 3418 627 3485 leribus,
665 3418 895 3474 lascivia
933 3430 987 3475 et
1030 3420 1268 3487 facetiis,
1315 3424 1631 3493 turpissima
1677 3423 1977 3477 imitatione

402 3521 499 3575 per
554 3516 925 3577 contemptum
985 3526 1170 3565 rerum
1242 3512 1573 3578 divinarum,
1615 3515 1874 3584 mysteria
1925 3520 1979 3567 et

402 3609 746 3653 sacramenta
778 3601 1095 3655 traducebat
1139 3612 1191 3656 et
1222 3603 1522 3671 illudebat;
1561 3604 1706 3674 quod
1744 3618 1811 3658 ne
1837 3619 1971 3673 gen-

405 3699 485 3745 tes
524 3691 738 3760 quidem
786 3693 1039 3761 quamvis
1070 3693 1251 3764 impize
1301 3709 1450 3749 ausae
1481 3704 1610 3750 sunt
1658 3694 1973 3765 aliquando.

406 3781 539 3848 Quae
562 3781 809 3851 Photius
841 3799 965 3838 cum
1000 3800 1181 3840 coram
1222 3799 1281 3840 se
1312 3785 1427 3856 geri
1450 3794 1717 3849 cerneret,
1746 3800 1860 3841 rem
1894 3785 1979 3838 in-

404 3872 777 3941 dignissimam
831 3888 931 3926 nec
986 3875 1368 3944 reprehendit,
1412 3890 1509 3930 nec
1543 3876 1743 3930 restitit
1782 3875 1978 3945 impie-

406 3963 523 4027 tati,
572 3977 769 4032 neque,
801 3964 945 4034 quod
1002 3980 1089 4020 res
1152 3965 1337 4019 divina
1390 3966 1627 4021 ludibrio
1665 3966 1978 4031 haberetur,

407 4055 635 4108 verbum
664 4055 838 4109 ullum
891 4063 1084 4111 contra
1129 4060 1224 4112 Seu
1272 4071 1435 4127 grave
1483 4072 1579 4112 seu
1625 4057 1741 4112 leve
1786 4058 1974 4112 edidit.

405 4143 558 4213 Quod
599 4145 797 4200 mirum
839 4147 1010 4201 videri
1055 4163 1160 4202 non
1204 4147 1363 4202 debet
1397 4162 1410 4200 :
1442 4157 1561 4202 erat
1590 4148 1733 4203 enim
1766 4163 1977 4203 merce-

406 4235 594 4290 narius
622 4236 813 4306 opilio,
846 4251 953 4291 non
988 4252 1283 4307 germanus
1330 4247 1517 4307 pastor
1558 4255 1573 4292 :
1616 4238 1872 4308 quocirca
1904 4238 1979 4291 illi

408 4324 475 4380 de
517 4334 777 4394 pereunte
803 4340 965 4396 grege
992 4342 1124 4382 cura
1164 4327 1335 4381 nulla.
1370 4328 1449 4381 Ad
1480 4328 1595 4382 haec
1625 4328 1733 4383 duo
1771 4336 1979 4382 tantum

410 4423 521 4469 toto
553 4424 768 4483 pectore
820 4416 1059 4471 intentus
1099 4435 1112 4470 :
1147 4418 1377 4470 alterum
1436 4424 1493 4471 ut
1547 4416 1613 4471 iis
1658 4417 1751 4487 qui
1799 4431 1981 4470 rerum

407 4506 571 4575 potiri
603 4507 959 4572 videbantur,
993 4508 1341 4574 blandiendo,
1396 4508 1683 4577 modisque
1727 4508 1984 4563 omnibus

407 4595 768 4665 gratiﬁcando
798 4606 852 4651 et
889 4598 1262 4666 obsequendo,
1300 4598 1720 4667 patriarchatum
1755 4599 1857 4653 sibi
1890 4599 1983 4651 tir-
2014 4648 2060 4702 υ

410 4696 584 4740 maret
619 4703 633 4739 :
667 4689 918 4751 alterum,
971 4697 1028 4742 ut
1060 4688 1350 4758 lgnatium,
1394 4689 1441 4743 si
1483 4705 1591 4759 qua
1630 4690 1842 4744 ratione
1868 4690 1981 4743 tieri

410 4784 621 4846 posset,
656 4778 824 4831 etiam
870 4779 982 4833 vita
1014 4788 1258 4833 exueret.
1300 4781 1477 4850 Atque
1511 4781 1624 4836 hate
1672 4781 1747 4835 ita
1796 4796 1856 4835 se
1883 4779 1983 4834 ha-

412 4870 560 4937 bere,
598 4885 706 4925 non
734 4884 858 4927 esse
894 4882 1073 4927 autem
1114 4872 1284 4928 verba
1307 4874 1515 4941 inania,
1554 4873 1694 4928 facta
1725 4874 1842 4943 ipsa
1872 4873 1985 4928 cla-

410 4970 583 5020 mam.
621 4962 820 5034 Ecquis
848 4964 992 5020 enim
1047 4966 1257 5022 teehnis
1297 4966 1443 5021 illius
1473 4967 1695 5034 auditis,
1744 4977 1982 5021 atrocem

410 5058 654 5113 animum
709 5074 817 5114 non
854 5059 998 5114 illico
1035 5060 1356 5131 perspexit?
1409 5058 1543 5115 Nam
1591 5059 1680 5114 die
1732 5058 1983 5129 quapiam

412 5151 620 5205 advena
647 5150 870 5220 quidam
927 5153 1077 5221 prius
1128 5153 1349 5224 ignotus
1400 5152 1678 5216 omnibus,
1726 5148 1983 5204 monachi

412 5242 599 5297 habitu
642 5242 889 5310 indutus,
918 5244 1228 5299 Eustratius
1276 5243 1516 5308 nomine,
1566 5250 1713 5296 recta
1761 5241 1827 5294 ad
1886 5254 1984 5308 pa-

409 5330 731 5386 triarchium
762 5332 1109 5402 properabat,
1159 5333 1548 5404 ingressusque
1595 5330 1750 5384 binas
1777 5328 1985 5383 litteras

412 5422 565 5477 ﬁctas
620 5421 801 5491 palam
850 5431 1131 5492 promptas
1186 5424 1530 5494 porrigebat;
1586 5436 1725 5490 quas
1762 5421 1982 5489 quidem

410 5512 846 5583 sapientissimus
894 5514 997 5568 iste
1022 5512 1252 5569 Photius
1292 5530 1388 5584 per
1405 5515 1595 5569 dolum
1622 5512 1978 5582 exc0gitarat,

412 5614 470 5659 ut
499 5606 843 5674 postmodum
871 5604 1160 5662 manifeste
1188 5609 1363 5677 patuit
1389 5623 1404 5660 :
1440 5606 1640 5661 alteras
1664 5605 1855 5676 lgnatii
1885 5621 1983 5660 uo-

388 5697 559 5753 mine
587 5698 655 5754 ad
678 5697 963 5755 Nicolaum
1005 5702 1321 5770 pontiﬁcem
1346 5700 1530 5770 datas,
1554 5702 1753 5774 quibus
1781 5710 1985 5758 statum

518 5882 538 5912 ⁸
568 5881 610 5935 ιι
647 5879 790 5936 Tim.
815 5897 898 5949 ιιι,
932 5881 1020 5934 15.

2079 3428 2225 3482 οὑτω
2254 3425 2537 3499 παρρησίᾳ
2596 3426 2713 3487 ταῖς
2767 3421 3058 3495 βασιλείοις
3108 3417 3387 3490 κωμάζων
3444 3413 3665 3476 αὐλαῖς,

2080 3516 2497 3594 ἀρρητοποιίαις
2556 3532 2616 3567 τε
2686 3513 2929 3577 πάσαις,
2997 3511 3087 3565 κα)
3161 3506 3513 3575 ἀσελγείαις,
3566 3502 3663 3594 καὶ

2077 3593 2497 3680 εὐτραπελίαις,
2549 3605 2615 3659 δι’
2668 3603 2954 3674 αίσχίστης
3018 3600 3307 3672 μιμήσεως
3352 3596 3460 3651 τῶν
3496 3593 3655 3665 ἱερῶν

2082 3700 2398 3774 μυστηρίων
2449 3700 2781 3768 κατωρχεῖτο
2836 3692 2981 3766 [καὶ]
3030 3689 3330 3755 κατέπαιζε
3358 3704 3374 3720 ⁸
3418 3688 3654 3759 πρᾶγμα

2083 3790 2220 3861 μηδέ
2252 3792 2359 3851 τοῖς
2390 3786 2775 3847 ἀσεϐεστάτοις
2819 3786 2929 3837 τῶν
2961 3782 3228 3852 Ἑλλήνων
3265 3779 3486 3832 πώποτε
3536 3776 3663 3830 τολ-

2084 3881 2277 3953 μηθέν.
2336 3880 2394 3933 '0
2423 3879 2625 3942 Φώτιος
2655 3878 2712 3931 δὲ
2736 3876 2943 3930 τούτων
2973 3872 3367 3943 τολμωμένων,
3402 3868 3497 3925 καὶ
3528 3865 3660 3938 ξκατ⁹

2081 3971 2398 4041 ὀςεθαλμοὺς
2443 3967 2609 4022 αὑτοῦ
2644 3966 3055 4038 πραττομένων,
3107 3963 3205 4015 οὐκ
3242 3959 3436 4033 ἤλεγξε
3468 3957 3530 4012 τὸ
3561 3954 3661 4009 τοῦ

2081 4062 2513 4132 ἐπιτηδεύματος
2544 4060 2767 4121 ἄτοπον,
2800 4058 2901 4111 οὐκ
2942 4056 3173 4125 ἀντέστη
3220 4055 3287 4123 τῇ
3320 4048 3659 4121 παρανομίᾳ,

2080 4157 2142 4210 οὐ
2205 4155 2452 4226 μικρὰν,
2504 4152 2564 4205 οὐ
2635 4151 2880 4221 μεγάλην
2938 4147 3078 4218 ὑπὲρ
3123 4145 3232 4199 τῶν
3282 4141 3663 4213 ὑϐριζομένων

2083 4249 2243 4302 θείων
2273 4246 2474 4317 ὀργίων
2515 4244 2693 4313 ἀφῆκε
2726 4242 2930 4311 φωνήν.
2962 4240 3077 4293 Καὶ
3110 4239 3172 4292 οὑ
3226 4234 3560 4306 θαυμαστόν*
3590 4228 3659 4302 ἦν

2081 4341 2192 4411 γὰρ
2224 4337 2514 4410 μισθωτὸς,
2548 4337 2642 4389 καὶ
2682 4335 2742 4388 οὐ
2795 4333 3021 4403 ποιμήν
3076 4331 3156 4384 διὸ
3201 4329 3429 4399 οὐδεμία
3477 4325 3661 4394 τούτῳ

2086 4430 2217 4500 περὶ
2248 4428 2358 4481 τῶν
2404 4424 2794 4495 ἀπολλυμένων
2834 4421 3121 4493 προϐάτων
3157 4419 3368 4486 ἐγίνετο
3416 4415 3661 4487 φροντίς.

2084 4521 2230 4594 Πρὸς
2296 4519 2389 4576 δύο
2446 4519 2502 4571 δὲ
2567 4518 2726 4588 μόνον
2780 4515 2915 4577 ὅλως
2983 4510 3132 4582 αὐτῷ
3195 4509 3516 4564 συνετέτατο
3555 4509 3659 4575 τῆς

2085 4612 2262 4682 ψυχῆς
2293 4610 2321 4661 ὁ
2364 4608 2563 4671 σκοπός
2583 4625 2598 4641 ο
2632 4608 2690 4659 ἓν
2726 4606 2845 4677 μὲν,
2878 4605 3027 4666 ὅπως
3060 4603 3129 4656 τὰ
3158 4600 3336 4655 πάντα
3359 4598 3653 4669 χαριζόμε-

2087 4720 2172 4765 νος
2203 4704 2316 4763 τοῖς
2361 4700 2581 4770 κρατεῖν
2631 4696 2873 4761 δοκοῦσι,
2902 4694 2965 4747 τὸ
2991 4694 3088 4763 τῆς
3125 4691 3495 4763 πατριαρχίας
3525 4686 3660 4758 κρά-

2084 4810 2175 4855 τος
2209 4792 2435 4862 μόνιμον
2472 4789 2649 4859 ἐαυτῷ
2686 4789 2941 4858 διατηρῇ·
2977 4785 3228 4856 δεύτερον
3260 4783 3316 4836 δὲ
3337 4823 3351 4848 ,
3386 4782 3535 4845 ὅπως
3560 4779 3661 4832 καὶ

2085 4884 2255 4953 αὐτῆς
2303 4882 2677 4951 ἀποστερῆσαι
2727 4879 2820 4932 τὸν
2881 4875 3162 4945 Ἰγνάτιον,
3205 4875 3257 4927 εί
3284 4871 3525 4935 δυνατὸν,
3555 4868 3660 4938 τῆς

2086 4970 2254 5039 ζωῆς.
2297 4970 2407 5022 Καὶ
2445 4971 2528 5023 ὅτι
2564 4964 2755 5039 ἀληθῆ
2814 4965 3014 5030 ταῦτα,
3046 4965 3142 5018 κα)⁴
3195 4963 3255 5016 οὐ
3306 4962 3457 5030 λόγοι
3485 4960 3661 5027 κενοὶ,

2087 5062 2227 5115 αὐτά
2273 5060 2373 5132 βοᾷ
2401 5061 2467 5114 τὰ
2498 5060 2817 5130 πράγματα.
2852 5058 2949 5120 Τίς
2982 5056 3090 5127 γὰρ
3126 5054 3367 5118 ἀκούσας
3393 5054 3567 5105 ἐκεῖνο
3598 5050 3666 5101 τὸ

2087 5153 2448 5224 σκευώρημα,
2488 5152 2550 5205 οὑ
2612 5151 2710 5223 τὴν
2756 5148 2987 5220 φονικὴν
3029 5146 3274 5217 παρευθὺ
3328 5142 3421 5198 τοῦ
3462 5140 3656 5212 ἀνδρὸς

2086 5246 2304 5313 ἐπέγνω
2356 5243 2715 5313 προαίρεσιν;
2768 5240 2878 5294 Καὶ
2921 5239 3024 5310 γὰρ
3066 5237 3125 5289 ἐν
3167 5236 3265 5307 μιᾷ
3304 5234 3410 5288 τῶν
3437 5230 3661 5303 ἡμερῶν

2089 5336 2239 5402 ξένος
2285 5352 2367 5398 τις
2427 5333 2711 5404 ἄνθρωπος
2771 5330 2932 5400 ἄχρις
2990 5326 3202 5381 ἐκείνου
3255 5325 3389 5395 πρὸς
3439 5323 3659 5375 πάντων

2084 5426 2471 5498 ἀγνοούμενος,
2506 5424 2692 5494 σχῆμα
2736 5422 2794 5475 δέ
2828 5418 3065 5492 μοναχοῦ
3116 5408 3661 5486 περικείμενοςξΕὑ-

2085 5525 2337 5596 στράτιος
2374 5520 2432 5573 δέ
2461 5517 2815 5588 καλούμενος,
2848 5514 2940 5568 τὸν
2974 5508 3369 5583 πατριαρχικὸν
3394 5503 3662 5596 ἐξαπίνης

2084 5594 2232 5669 οἷκον
2282 5613 2504 5678 ἐπιϐὰς,
2551 5611 2645 5665 καὶ
2690 5607 2968 5670 εἰσελθὼν,
3002 5604 3095 5659 δύο
3126 5594 3657 5670 πλασματογραφίας

2085 5702 2316 5758 ἐνώπιον
2357 5704 2574 5759 πάντων
2614 5698 2975 5770 ἀποκαλύψας
3015 5696 3257 5753 ἐπεδίδου
3308 5692 3396 5765 (ἃς
3437 5688 3599 5752 αὐτὸς
3627 5688 3663 5742 ἀ
