4092 6578
439 401 542 468 529

1497 419 1674 482 VITA
1711 421 1773 482 S.
1817 420 2116 482 IGNATII
2155 420 2263 483 (ΖΡ.
2306 421 2654 485 ARCHIEP.

3588 430 3695 495 53ιῖ

437 521 747 586 σοφώτατος
779 522 1006 591 Φὼτιος,
1052 527 1128 592 ὡς
1167 531 1336 600 σαφὲς
1381 531 1614 605 ὕστερον
1658 535 1905 604 ἐγένετο,
1938 537 2003 590 δο

2123 538 2529 606 patriarchatus
2570 539 3037 612 suijmmulatum
3062 585 3076 610 ,
3115 554 3168 600 et
3201 547 3428 618 injurias
3459 549 3698 621 impera-

435 615 753 684 λιευόμενος
788 619 1218 693 κατεσκεύαστο)
1246 640 1260 655 ·
1298 625 1431 694 μίαν
1481 626 1582 696 μὲν
1614 628 1679 682 ὲκ
1723 627 2017 699 προσώπου

434 708 528 762 τοῦ
571 709 837 778 Ὶγνατίου
872 713 1007 784 πρὸς
1037 715 1310 771 Νικόλαον
1347 719 1439 772 τὸν
1477 720 1669 775 πάπαν
1699 721 2017 795 ἐπιστολὴν,

431 800 529 871 τὴν
564 801 690 872 περὶ
742 802 906 856 αὑτὸν
937 807 1240 880 γενομένην
1292 813 1648 883 καινοτομίαν
1679 814 1777 868 καὶ
1802 816 2020 872 ἀδικίαν

433 892 526 944 τοῦ
569 893 837 962 βασιλέως
880 897 1069 964 σαφῶς
1117 899 1563 974 διαγορεύουσαν·
1611 906 1701 978 ἢν,
1735 907 1810 973 ὡς
1841 908 2018 978 ἔλεγε,

431 984 524 1039 τοῦ
558 987 714 1040 πάπα
743 987 879 1057 μηδὲ
908 991 1246 1063 προσϐλέψαι
1283 997 1757 1068 καταδεξαμένου,
1809 1003 2020 1056 ἐκεῖθεν

435 1075 600 1128 αὑτὸν
655 1077 813 1142 αὖθις
858 1081 1190 1151 ἀνενεγκεῖν·
1227 1086 1358 1157 μίαν
1401 1089 1459 1142 δὲ
1507 1091 1643 1162 πρὸς
1673 1095 1766 1148 τὸν
1815 1095 2020 1150 Φώτιον

432 1168 596 1223 αὐτὸν
634 1169 851 1236 τοῦτον,
881 1172 959 1236 ὡς
996 1174 1107 1229 ἀπὸ
1135 1175 1228 1230 τοῦ
1263 1179 1534 1235 Νικολάου
1575 1184 1740 1238 αὐτοῦ
1779 1187 2020 1257 διεκομί-

431 1260 574 1323 ζετο,
609 1259 838 1330 δύναμιν
885 1261 1116 1334 ἔχουσαν
1159 1268 1454 1340 ἀπολογίας
1493 1273 1635 1346 ὑπὲρ
1681 1276 1775 1330 τοῦ
1813 1278 2018 1348 μεταξὺ

431 1349 606 1403 αὐτῶν
633 1352 825 1425 πρώην
854 1360 1442 1432 παρακολουθήσαντος
1464 1368 1842 1440 παροξυσμοῦ,
1873 1373 2019 1441 ἀγά-

430 1460 536 1514 πης
566 1443 624 1496 δὲ
654 1445 748 1498 τοῦ
795 1446 984 1502 λοιποῦ
1036 1453 1131 1506 καὶ
1189 1458 1476 1523 κοινωνίας
1527 1461 1686 1533 δῆθεν
1735 1465 2015 1538 ἀρῤήκτου

429 1539 759 1608 κυρωτικήν.
793 1540 979 1597 Ταῦτα
1009 1545 1037 1597 6
1068 1550 1430 1618 ταραχοποιδς
1473 1552 1678 1618 ἐκεῖνος
1723 1555 2018 1626 δεξάμενος

427 1629 586 1701 ἀνὴρ,
642 1631 807 1698 εὐθὺς
850 1636 930 1709 τῷ
963 1655 1036 1692 ,τε
1068 1639 1281 1710 βασιλεί
1330 1645 1424 1698 καὶ
1465 1646 1543 1716 τῷ
1582 1647 1825 1719 Καίσαρι
1874 1649 2018 1704 κατά

2122 633 2257 688 toris
2284 634 2622 704 exponebat;
2652 651 2788 706 quas
2834 637 3017 694 aiebat
3065 639 3378 709 pontificem
3430 657 3497 696 ne
3549 645 3699 713 aspi-

2119 737 2243 779 cere
2275 724 2497 796 quidem
2537 727 2798 794 voluisse,
2826 743 2889 784 ac
2913 731 3140 800 proinde
3182 748 3212 787 a
3259 749 3317 788 se
3347 744 3650 803 reportatas
3682 753 3695 787 :

2118 816 2319 873 alteras
2349 819 2507 890 quasi
2539 835 2569 874 a
2601 819 2824 876 Nicolao
2853 824 2919 876 ad
2966 823 3144 894 ipsum
3181 826 3429 881 Photium
3479 829 3700 892 missas,

2118 909 2318 978 quibus
2344 913 2612 981 purgabat
2658 912 2897 982 priorem
2939 916 3081 971 inter
3112 915 3367 972 Photium
3399 927 3454 973 et
3481 920 3698 989 pontifi—

2118 1013 2235 1052 cem
2287 999 2706 1067 dissensionem,
2741 1012 2794 1058 et
2849 1003 3170 1061 charitatem
3206 1009 3613 1080 amicitiamque
3647 1007 3699 1065 in

2118 1105 2283 1144 on‘tne
2336 1091 2602 1163 reliquum
2629 1101 2842 1164 tempus
2875 1097 3209 1152 stabiliebat.
3247 1099 3354 1154 llas
3391 1100 3479 1155 ille
3511 1102 3702 1158 tiu-ba-

2121 1198 2240 1236 rum
2291 1182 2491 1238 artifex
2538 1194 2786 1255 arreptas
2819 1203 2849 1241 e
2881 1190 3106 1260 vestigio
3153 1191 3470 1261 imperatori
3502 1202 3552 1247 et
3581 1192 3700 1247 (Σιο-

2118 1275 2230 1330 sari
2262 1277 2447 1342 tradit,
2479 1288 2782 1349 contraque
2805 1280 3156 1337 innocentem
3187 1285 3402 1355 egregie
3429 1286 3700 1340 mentien-

2117 1370 2188 1423 do
2218 1369 2497 1440 principes
2520 1373 2769 1427 accendit
2810 1387 2825 1427 :
2864 1373 3115 1429 Vestram
3137 1417 3150 1441 ,
3203 1377 3402 1447 inquit,
3438 1378 3687 1448 majesta-

2119 1471 2224 1517 tem
2256 1461 2500 1533 lgnatius
2537 1465 2605 1519 ad
2635 1477 2850 1523 exteras
2890 1468 3054 1522 etiam
3090 1477 3276 1540 gentes
3305 1470 3568 1534 traducit,
3605 1486 3701 1525 ve-

2119 1554 2338 1624 sn'ique
2378 1555 2592 1626 imperii
2641 1559 2940 1628 potentiam
2996 1561 3436 1630 improbissimus
3488 1563 3700 1617 calum-

2120 1646 2299 1701 niator
2339 1648 2392 1701 in
2426 1648 2633 1704 crimen
2661 1661 2836 1706 vocat.
2865 1649 2970 1717 Qui
3003 1653 3218 1707 tametsi
3249 1653 3449 1723 justam
3477 1654 3702 1712 haberet

423 1722 519 1774 τοῦ
546 1724 792 1780 ἀναιτίου
837 1729 1148 1798 ἐμφανίζει,
1183 1735 1275 1789 καὶ
1326 1737 1622 1810 παροξύνει
1658 1742 1782 1793 κατ’
1826 1741 2003 1806 αὐτοῦἸ

2119 1754 2366 1806 causam,
2397 1750 2579 1796 tamen
2609 1742 2718 1798 vita
2751 1743 2828 1797 illi
2867 1742 2992 1813 jure
3035 1744 3390 1813 adimeretur,
3425 1746 3551 1802 dum
3586 1749 3701 1803 haec

425 1813 828 1885 Πονηρεύεται,
862 1819 1058 1890 λέγων,
1107 1825 1250 1878 κατά
1297 1829 1394 1898 τῆς
1431 1831 1704 1902 ὑμετέρας
1734 1830 2003 1902 βασιλείας

2121 1829 2175 1884 in
2222 1817 2459 1888 vestram
2513 1835 2862 1890 serenitatem
2922 1837 3270 1891 machinatur
3310 1859 3323 1894 :
3360 1841 3453 1896 sed
3486 1856 3576 1908 en,
3613 1841 3700 1896 in-

435 1906 734 1976 ’Ῑγνάτιος,
785 1913 882 1966 καὶ
921 1913 1202 1972 διαϐάλλει
1249 1892 1386 1992 πρδς
1434 1892 1557 1987 τοὺς
1590 1892 1839 1988 ἐξά-καὶ
1884 1892 2003 1981 κατί

2117 1924 2258 1994 quit,
2293 1935 2461 1981 testes
2501 1926 2738 1996 perfidiae
2762 1928 2991 1991 litteras.
3015 1938 3068 1983 et
3093 1929 3252 1985 fidem
3279 1932 3444 1988 dictis
3471 1932 3697 1998 faciant,

417 2001 632 2068 ηγορεῖ,
668 2003 761 2055 καὶ
803 2004 865 2057 τὸ
895 2006 996 2076 τῆς
1035 2009 1306 2082 ὑμετέρας
1335 2011 1585 2079 ἐξουσίας
1615 2017 1816 2088 κράτος
1848 2036 2003 2073 συκο-

2114 2034 2236 2089 qua:
2267 2018 2425 2074 nobis
2469 2019 2609 2073 nihil
2643 2019 2894 2087 obfucre,
2932 2023 3024 2077 sed
3062 2024 3320 2093 profuere
3364 2041 3526 2081 :cnm
3562 2041 3698 2096 papa

419 2093 628 2158 φαντεῖ·
663 2095 754 2147 καὶ
795 2097 844 2149 εί
895 2099 1032 2167 πρὸς
1061 2100 1270 2156 δίκαιον
1299 2099 1465 2174 εἶχεν,
1499 2107 1608 2161 οὐδ’
1643 2109 1708 2162 ἂν
1756 2109 1855 2183 ζῇν
1887 2128 2003 2165 συν-

2114 2111 2192 2166 rei
2227 2111 2512 2166 veritatem
2537 2112 2609 2167 sit
2634 2113 2883 2180 edoctus,
2926 2125 2981 2172 et
3010 2118 3152 2174 inter
3175 2137 3276 2176 nos
3310 2121 3608 2176 amicitiam
3634 2139 3700 2178 ac

418 2187 701 2254 εχωρείτο,
730 2189 958 2244 τοιαῦτα
991 2194 1130 2246 κατὰ
1165 2194 1266 2265 τῆς
1299 2197 1453 2267 ὑμῶν
1486 2199 1867 2272 διανοούμενος
1897 2221 2003 2271 γα-

2113 2203 2548 2258 benevolentiam
2605 2207 2768 2260 ctiam
2819 2209 3167 2265 confirment.
3241 2211 3346 2267 Sed
3411 2213 3694 2285 indignum

414 2273 709 2365 ληνότητος
729 2297 743 2311 ο
775 2282 866 2334 καὶ
895 2285 926 2354 ή
957 2284 1056 2354 τῆς
1096 2291 1455 2359 κακουργίας,
1492 2293 1678 2365 φησὶν,
1711 2294 2008 2363 ἀπόδειξις,

419 2364 529 2418 ίδοὺ
559 2369 653 2420 κα)⁸
686 2371 825 2424 αὐτὰ
852 2375 1194 2446 μαρτυροῦσι
1220 2378 1288 2431 τὰ
1317 2364 1642 2451 γράμματα,
1688 2385 1833 2457 ἆπερ
1858 2388 2008 2458 ἡμᾶς

416 2458 516 2527 μὲν
541 2459 773 2532 ἔϐλαψεν
799 2464 972 2532 οὐδὲν,
1011 2466 1262 2541 ὠφέλησε
1292 2471 1350 2525 δὲ
1391 2475 1617 2544 μᾶλλον,
1651 2477 2008 2553 πληροφορη-

414 2552 605 2618 θέντος
629 2555 722 2608 τοῦ
748 2557 922 2611 ’πάπα
954 2558 1187 2632 τάληθῆ,
1233 2565 1329 2617 καὶ
1371 2566 1593 2638 ἀγάπην
1623 2552 2008 2642 κεκυρωκύτος

409 2645 492 2708 είς
517 2647 688 2716 ἡμᾶς.
735 2649 846 2719 Ούχ
880 2651 1123 2722 ἠγοῦμαι
1152 2653 1208 2707 δὲ
1248 2655 1456 2711 δίκαιον
1511 2654 1651 2713 εἶναι
1701 2660 1799 2732 τὴν
1851 2663 2007 2734 ὑμῶν

415 2737 692 2806 βασιλείαν
734 2739 909 2806 οὕτως
957 2743 1354 2809 ὲξουδενεῖσθαι
1420 2753 1550 2821 παρ’
1582 2745 2006 2810 αὐτοῦ.’Ταῦτα

412 2830 513 2898 μὲν
535 2832 562 2883 6
592 2834 958 2905 συκοφάντης*
989 2836 1230 2905 φύλακες
1246 2840 1302 2893 δὲ
1323 2844 1454 2914 παρ’
1477 2843 1638 2908 αὐτὰ,
1669 2846 1763 2900 καὶ
1786 2851 2005 2921 φρουρά

409 2924 539 2992 περὶ
563 2922 664 2979 τὸν
684 2927 941 2992 ἀναιτίως
971 2933 1447 3006 κατηγορούμενον
1487 2938 1764 3010 ἀσφαλὴς,
1805 2941 2005 3014 ἕρευνά

405 3031 467 3067 τε
501 3016 672 3088 πολλὴ
712 3020 918 3093 σφόδρα
951 3024 1044 3077 καὶ
1073 3024 1316 3091 ἐξέτασις
1345 3030 1427 3093 είς
1452 3030 1628 3085 ταῦτα
1685 3032 1877 3088 τοῦτον
1906 3035 2000 3104 γέ-

408 3124 534 3175 γονε
571 3110 665 3163 τὸν
690 3113 911 3183 τρόπον.
938 3117 1229 3189 Παρήγετο
1264 3121 1445 3175 τοίνυν
1470 3124 1550 3187 είς
1575 3125 1742 3196 μέσον
1773 3127 1801 3179 6
1827 3145 2003 3200 γραμ-

2106 2295 2348 2366 jutlicavi
2379 2307 2614 2353 vestram
2673 2301 3015 2371 majestatcm
3061 2320 3156 2373 per
3201 2305 3351 2358 illum
3405 2307 3542 2361 adeo
3565 2322 3699 2361 con-

2109 2389 2341 2443 culcari.
2380 2388 2505 2446 llaec
2555 2393 2899 2463 syc0phanta
2951 2395 3208 2453 Photius.
3256 2399 3571 2454 Accersitur
3609 2415 3701 2454 sa-

2111 2481 2402 2547 tellitium;
2459 2481 2703 2553 lgnatius
2749 2501 2845 2555 per
2897 2488 3228 2544 calumniam
3289 2492 3698 2547 circumventus

2109 2580 2262 2626 arcta
2293 2573 2544 2629 custodia
2577 2587 2850 2641 servatur,
2878 2577 3180 2649 inquiritur
3205 2582 3426 2649 acriter,
3463 2591 3518 2638 et
3548 2599 3699 2653 qua:-

2107 2662 2336 2730 5tioncs,
2379 2677 2450 2717 an
2502 2664 2578 2720 ita
2624 2679 2684 2720 se
2729 2681 2818 2722 res
2865 2667 3081 2737 habeat,
3135 2681 3482 2728 exercentur.
3510 2674 3698 2728 Addu-

2107 2761 2229 2808 ctus
2267 2771 2489 2827 quoque
2532 2756 2588 2811 in
2653 2759 2894 2815 medium
2947 2759 3292 2820 Tabellarius
3332 2765 3426 2819 ille
3474 2763 3700 2832 iubetur

2108 2848 2380 2916 indicare,
2436 2865 2466 2904 a
2520 2867 2630 2922 quo
2666 2853 2878 2911 litteras
2929 2857 2996 2912 ad
3055 2855 3339 2914 Nicolaum
3383 2859 3694 2928 pontitieem

2105 2945 2403 3013 acceperit.
2431 2943 2777 3004 Tabellarius
2805 2965 2834 3002 a
2867 2949 3143 3022 Cypriane
3183 2952 3278 3008 illo
3301 2953 3495 3024 lgnatii
3529 2953 3700 3008 disci-

2104 3034 2231 3103 pulo
2261 3035 2413 3104 prius
2440 3052 2498 3091 se
2542 3037 2753 3094 litteras
2782 3049 2838 3094 et
2865 3041 3128 3097 viaticum
3164 3045 3444 3114 accepisse
3471 3060 3702 3114 respou-

2103 3125 2214 3180 det.
2241 3124 2343 3181 Sed
2385 3142 2510 3181 cum
2553 3144 2653 3184 nec
2685 3130 3042 3201 Cyprianum,
3069 3134 3233 3188 etiam
3272 3143 3384 3191 toto
3416 3151 3606 3192 mense
3628 3138 3696 3192 ad

411 3205 721 3276 ματοφὸρος
751 3207 979 3273 ἐκεῖνος,
1015 3212 1109 3264 καὶ
1139 3213 1404 3284 ἀπῃτεῖτο
1441 3215 1635 3282 δεῖξαι,
1676 3219 1814 3290 πρὸς
1853 3221 1999 3286 τίνος

2107 3216 2540 3290 investigandum
2575 3221 2723 3286 dato,
2761 3223 3052 3280 ostendere
3096 3236 3301 3296 posset,
3357 3243 3457 3283 nec
3503 3244 3700 3298 quem-

413 3291 626 3362 εἰλήφει
643 3295 742 3365 τὴν
762 3296 900 3367 πρὸς
922 3297 1011 3352 τὸν
1033 3299 1218 3354 πάπαν
1239 3303 1554 3375 ἐπιστολήν.
1570 3305 1628 3358 '0
1647 3307 1704 3360 δὲ
1724 3307 1990 3380 πρότερον

406 3385 671 3457 είρηκὼς,
704 3390 779 3453 ὼς
818 3392 1137 3462 Κυπριανδς
1179 3394 1388 3460 ἐκεῖνος
1431 3399 1459 3450 6
1494 3396 1589 3451 τοῦ
1637 3400 1901 3468 Ἰγνατίου
1931 3401 1999 3456 τά

402 3493 460 3529 τε
485 3478 790 3548 γράμματα
811 3482 982 3537 ταῦτα
1018 3485 1111 3538 καὶ
1143 3486 1331 3555 ἐφόδια
1361 3488 1776 3562 ὲχειροδότησεν
1807 3495 1992 3562 ἱκανὰ,

402 3564 558 3633 οὗτος
606 3572 701 3623 ὲπὶ
761 3573 908 3644 μῆνα
968 3576 1154 3646 σχεδὸν
1191 3577 1313 3631 ὅλον
1356 3579 1759 3652 ἀπαιτούμενος
1805 3583 1996 3640 τοῦτον

405 3661 691 3730 ἐπιδεῖξαι,
718 3665 776 3735 ἠ)
790 3665 983 3736 έγχετο
1007 3667 1141 3739 μήτ’
1170 3669 1335 3724 αὐτὸν
1366 3669 1522 3736 εἰδὼς
1545 3673 1636 3728 τὸν
1661 3677 1997 3747 Κυπριανδν,

409 3753 550 3824 μήτε
596 3753 701 3808 τιν’
753 3757 911 3812 ἄλλον
950 3760 1059 3813 τῶν
1089 3761 1398 3832 ἀνθρώπων
1437 3764 1722 3834 Ἰγνατίου.
1759 3768 1918 3823 Οὕτω
1942 3771 1998 3825 δὲ

403 3843 506 3915 τῆς
538 3849 848 3921 σκευωρίας
900 3855 1275 3927 φωραθείσης,
1314 3858 1566 3926 μάστιξιν
1605 3860 1712 3914 ὑπὸ
1740 3861 1834 3922 τοῦ
1861 3863 1999 3916 Καί-

2107 3326 2270 3379 quam
2300 3328 2366 3366 ex
2409 3313 2602 3383 Ignatii
2637 3315 2903 3371 comitatu
2960 3333 3125 3374 nosse
3177 3320 3477 3387 videretur,
3509 3321 3699 3378 fraude

2105 3404 2465 3474 deprehensa,
2495 3405 2633 3463 loris
2667 3423 2697 3463 a
2725 3408 2940 3464 Caesare
2974 3411 3242 3467 acerrime
3273 3421 3358 3467 est
3383 3413 3651 3468 nmltatus
3680 3433 3696 3469 :

2103 3511 2205 3566 pro
2233 3512 2346 3568 quo
2386 3498 2671 3557 liberando
2723 3503 2939 3558 tametsi
2971 3504 3157 3559 omnia
3197 3504 3402 3560 faceret
3445 3505 3697 3571 Pbotius,

2109 3587 2243 3644 nihil
2289 3597 2469 3645 tamen
2494 3593 2721 3662 perinde
2755 3596 3010 3664 profecit.
3045 3595 3288 3652 Tandem
3331 3608 3392 3652 ut
3421 3598 3695 3654 solaretur

2111 3681 2410 3748 hominem,
2461 3684 2713 3740 lictorum
2747 3690 3069 3760 praefectum
3101 3692 3332 3746 creavit.
3379 3689 3491 3746 llac
3517 3692 3698 3747 Pltotii

2107 3773 2333 3842 perfidia
2361 3774 2592 3842 detecta,
2627 3794 2789 3835 nemo
2819 3778 2940 3848 fuit,
2971 3782 3065 3852 qui
3108 3782 3388 3854 improbas
3416 3784 3516 3842 has
3551 3795 3704 3842 artes

2105 3881 2215 3920 non
2248 3866 2634 3936 indignissime
2677 3870 2865 3928 ferret.

405 3955 571 4011 σαρος
601 3945 959 4015 πικροτάταις
981 3948 1187 4012 ἐκεῖνος
1212 3951 1543 4024 κατῃκίσθη.
1575 3955 1672 4007 Ὃν
1699 3955 1794 4008 καὶ
1821 3956 1993 4010 πολλὰ
2066 3959 2272 4024 Φὼτιος
2345 3961 2729 4034 λυτρώσασθαι
2788 3965 3216 4034 διεσπουδακὼς,
3274 3970 3376 4023 οὐκ
3427 3971 3690 4042 ήδυνήθη’

407 4035 484 4097 εἰς
530 4033 887 4106 παραμυθίαν
955 4039 1013 4093 δὲ
1091 4041 1232 4111 μετά
1278 4043 1454 4097 ταῦτα
1503 4045 1834 4118 διωγμητῶν
1874 4049 2064 4105 τοῦτον
2103 4052 2342 4123 ἄρχοντα
2396 4033 2719 4128 καθίστησι,
2777 4057 2982 4128 πλῆθος
3045 4060 3356 4132 ῥαϐδούχων
3418 4033 3697 4130 ὑὲωτδὶξοίς

406 4131 578 4203 αύτῷ.
613 4135 835 4208 Ταύτης
870 4140 1219 4209 καταφανοῦς
1251 4143 1556 4215 γενομένης
1595 4145 1696 4215 τῆς
1732 4149 2124 4222 κακοτροπίας,
2156 4151 2256 4208 οὐκ
2283 4149 2352 4225 ἦν
2420 4154 2572 4222 ὅστις
2631 4154 2690 4208 οὐ
2760 4155 3102 4228 προσώχθισε
3131 4158 3209 4230 τῷ
3272 4165 3700 4234 κατασκευαστῇε

406 4242 514 4277 των
546 4244 755 4284 κακων.

474 4321 628 4374 Μετά
655 4320 828 4376 ταῦτα
851 4323 950 4394 τῆς
971 4327 1208 4398 Χριστοῦ
1235 4331 1334 4400 μὲν
1373 4331 1724 4405 Ἀναλήψεως
1755 4333 1992 4389 ἐτελεῖτο

2169 4335 2449 4406 Agebatur
2472 4349 2581 4391 non
2606 4336 2781 4390 multo
2798 4344 2922 4406 post
2941 4351 3097 4392 sacer
3109 4338 3449 4395 ascensionis
3486 4339 3693 4396 Christi

410 4414 776 4484 μνημόσυνον,
813 4418 950 4489 πρὸς
986 4423 1223 4494 ἑσπέραν
1261 4426 1319 4479 δὲ
1364 4428 1590 4499 σεισμὸς
1637 4431 1846 4499 γίνεται
1887 4433 1997 4486 τῶν

2107 4428 2212 4485 lies
2266 4428 2707 4496 anniversarios,
2757 4445 2882 4485 cum
2915 4431 3018 4486 sub
3057 4446 3340 4500 vesperam
3367 4440 3510 4486 terra
3540 4442 3698 4489 tanto.

406 4503 625 4557 πώποτε
655 4509 964 4578 γενομένων
984 4515 1012 4566 ὁ
1035 4516 1490 4585 φρικωδέστατος.
1519 4520 1596 4573 Δι’
1625 4521 1753 4591 ὅλης
1789 4523 1848 4576 δὲ
1888 4523 1990 4594 τῆς

2107 4532 2270 4592 potu,
2297 4532 2502 4594 quanto
2533 4540 2812 4595 nunquam
2844 4534 3004 4589 ante,
3041 4524 3210 4594 cmpit
3240 4525 3690 4581 contremiscere.

404 4598 664 4668 ἐπιούσης
700 4602 990 4673 ἐπεκράτει
1025 4608 1238 4672 νυκτός’
1271 4609 1367 4682 βοὴ
1405 4612 1464 4664 δέ
1511 4630 1594 4678 τις
1639 4615 1733 4668 καὶ
1777 4616 1993 4687 ἄσημος

2107 4633 2282 4687 neque
2328 4625 2441 4673 tota
2479 4617 2784 4687 insequenti
2829 4627 2987 4672 nocte
3017 4617 3287 4672 constitit.
3317 4616 3381 4672 Et
3421 4616 3692 4673 obscurus

408 4688 570 4760 θροῦς
601 4690 665 4745 ἐκ
698 4709 757 4744 τε
787 4695 914 4764 γῆς,
946 4697 1009 4751 ἔκ
1043 4715 1102 4751 τε
1155 4698 1434 4774 θαλάσσης
1474 4705 1720 4778 σφοδρῶς
1749 4683 1996 4762 ἀναδιδό-

2107 4710 2327 4780 quidam
2373 4711 2558 4782 fragor
2604 4726 2669 4766 ac
2708 4712 2950 4781 mugitus
2983 4727 3014 4768 c
3047 4723 3188 4767 terra
3219 4712 3466 4781 marique
3501 4711 3708 4782 ingens.

411 4800 591 4851 μενος,
625 4787 844 4843 πάντων
879 4790 1343 4864 ἀνθρώπωνιταῖς
1395 4798 1650 4869 καρδίαις
1692 4802 1997 4873 παράλυσιν

409 4876 645 4932 ὲιεποίει
687 4881 782 4934 καὶ
814 4881 1116 4956 θραυσμόν.
1151 4889 1287 4944 Τότε
1317 4891 1380 4962 δὴ
1411 4892 1507 4947 καὶ
1560 4894 1594 4965 ἡ
1643 4894 1812 4965 στήλη
1861 4897 1995 4949 ’1ου-

412 4971 588 5026 στίνου
624 4976 687 5027 ὲκ
711 4975 824 5030 τῶν
848 4979 1092 5046 γονάτων
1121 4985 1351 5037 κοπεῖσα
1387 4986 1730 5059 κατερράγη·
1753 4988 1876 5041 τότε
1902 4989 1995 5042 καὶ

407 5063 689 5131 Βασίλειος
736 5070 940 5135 ἐκεῖνος
975 5073 1004 5126 ὁ
1053 5074 1320 5147 πρότερον
1353 5077 1452 5145 μὲν
1486 5079 1716 5151 Κρήτης
1764 5080 1990 5134 ὲπίσκο·

406 5174 506 5221 πος
533 5159 844 5229 γενόμενος,
862 5162 949 5217 διὰ
968 5164 1024 5218 δὲ
1054 5165 1152 5236 τὴν
1176 5168 1284 5221 τῶν
1325 5169 1644 5239 Ἀγαρηνῶν
1675 5170 1864 5240 ἔφοδον
1908 5173 1988 5236 είς

406 5246 808 5323 Θεσσαλονίκην
851 5255 1166 5323 μετατεθεὶς
1221 5257 1334 5327 (εἰς
1378 5259 1644 5332 αἰσχύνην
1697 5261 1792 5316 καὶ
1831 5261 1991 5316 τοῦτο

407 5339 500 5392 τοῦ
582 5342 682 5412 τῆς
756 5343 1024 5414 βασιλίδος
1081 5350 1622 5422 προκαθεζομένου),
1709 5354 1990 5426 τολμήσας

406 5430 566 5495 αὐτὸς
600 5434 850 5504 πρόσεισι
897 5439 974 5508 τῷ
1011 5440 1252 5510 Μιχαὴλ,
1307 5443 1714 5514 παραινετικῶς
1750 5443 1865 5515 ἅμα
1898 5447 1990 5499 καί⁸

405 5523 808 5592 διδασκαλικῶς
840 5529 1180 5602 ἀποσχέσθαι
1211 5533 1312 5602 τῆς
1341 5534 1449 5588 τῶν
1483 5535 1776 5606 ίερατικῶν
1814 5535 1992 5607 ἔργων

409 5616 642 5688 αἰσχρᾶς
667 5619 762 5672 καὶ
790 5621 1004 5676 ἀνοσίου
1034 5626 1322 5696 μιμήσεως
1352 5628 1710 5697 παρακαλῶνσ
1743 5629 1992 5683 ἐντεῦθεν

408 5707 516 5777 γὰρ
549 5710 649 5780 τὴν
695 5713 865 5784 ὀργὴν
897 5714 988 5769 τοῦ
1020 5716 1155 5770 Θεοῦ
1209 5719 1568 5774 ἀνακαίεσθαι
1601 5722 1989 5794 διισχυρίζετο.

419 5799 479 5853 Ὀ
516 5802 576 5856 δὲ
605 5805 717 5868 τοῖς
749 5807 993 5877 ἐλέγχοις
1039 5811 1491 5882 ὑπερϐαλλόντως
1536 5815 1792 5887 πληγεὶς,
1827 5816 1990 5887 ῥαπί·

415 5909 579 5964 σμασι
611 5898 708 5967 μὲν
735 5901 974 5974 ἰσχυροῖς
1024 5903 1117 5958 τοῦ
1160 5905 1342 5977 τιμίου
1387 5908 1645 5981 γέροντος
1675 5910 1802 5974 τοὺς
1839 5909 1987 5964 ὀδόν-

2104 4803 2286 4858 editus
2333 4803 2617 4858 hominum
2674 4812 2900 4873 pectora
2935 4806 3013 4861 ita
3042 4816 3187 4859 metu
3240 4803 3421 4874 fregit,
3457 4811 3516 4858 ut
3552 4819 3694 4874 pene

2105 4891 2563 4948 dissolverentur.
2599 4891 2802 4948 Justini
2867 4909 3089 4964 quoque
3144 4905 3326 4950 Statua
3379 4909 3416 4946 a
3456 4894 3690 4963 genibus

2104 4986 2369 5041 convulsa
2401 4986 2663 5040 concidit.
2712 4985 2851 5040 Tum
2889 4985 3126 5041 Basilius
3176 4985 3466 5040 Cretensis.
3526 4995 3688 5041 antea

2102 5074 2425 5144 episc0pus,
2464 5074 2729 5144 Agareuis
2757 5085 2941 5130 autem
2996 5073 3214 5128 Cretam
3261 5073 3642 5128 invadentibus
3669 5114 3684 5137 ,

2104 5164 2551 5220 Thessalonicam
2581 5166 2876 5220 translatus
2907 5165 2926 5235 (
2956 5179 3062 5218 non
3089 5165 3208 5221 sine
3234 5163 3414 5218 PhOtii
3448 5173 3560 5218 tum
3592 5180 3686 5220 ρο·-

2103 5257 2352 5317 thedram
2372 5257 3037 5326 Conslantinopolitauam
3057 5256 3375 5325 occupantis
3392 5255 3612 5311 infamia
3635 5257 3684 5328 ),

2100 5366 2272 5406 ausus
2318 5351 2434 5420 ipse
2465 5350 2781 5407 Michaelem
2809 5350 2941 5415 adit,
2969 5364 3206 5419 cumque
3244 5350 3445 5418 partim
3485 5350 3682 5405 admo-

2102 5443 2281 5498 nentis
2315 5443 2663 5507 auctoritate,
2695 5442 2897 5512 partim
2926 5441 3191 5506 docentis,
3227 5456 3259 5497 a
3293 5450 3400 5494 tam
3438 5441 3602 5510 impia
3631 5449 3685 5496 et

2094 5537 2360 5606 sacrilega
2415 5551 2600 5589 rerum
2655 5549 2938 5590 sacrarum
2987 5533 3211 5588 inimica
3275 5531 3581 5586 imitatione
3627 5539 3684 5588 et

2096 5629 2352 5684 irrisione
2385 5627 2706 5682 dehortatur
2740 5645 2754 5681 :
2789 5626 2916 5683 inde
2957 5626 3100 5680 enim
3131 5623 3382 5679 Numinis
3415 5625 3552 5679 iram
3587 5639 3682 5680 ac-

2091 5723 2245 5778 cendi
2274 5722 2597 5777 affirmabat.
2629 5721 2748 5787 Qua
2775 5720 3200 5792 reprehensione
3221 5718 3680 5802 Michaelgravis-

2091 5814 2230 5870 sime
2258 5813 2523 5878 offensus,
2548 5811 2792 5882 colaphis
2827 5811 3189 5866 atrocissimis
3219 5799 3530 5868 venerando
3560 5811 3676 5866 seni

2091 5907 2281 5964 dentes
2312 5905 2564 5978 stirpitus
2593 5906 2758 5976 elisit,
2785 5914 3107 5978 tergumque
3127 5904 3313 5977 flagris
3332 5904 3404 5961 ita
3431 5902 3676 5968 laniavit,
