4092 6590
391 364 492 430 531

1590 366 1884 427 ΝΙΕΕΤΛΞ
1925 365 2458 428 PAI’ilLAGUNlS

3553 354 3658 418 {.32

390 493 449 539 nt
479 483 610 538 nihil
637 483 862 554 propius
915 482 1117 538 factum
1138 483 1228 548 sit,
1257 497 1418 554 quam
1448 491 1502 537 ut
1525 482 1664 538 inter
1691 489 1960 538 tormenta

2068 497 2159 544 τας
2181 476 2560 549 ἐξερῤίζωσεν,
2598 470 2740 525 οὕτω
2769 469 2825 523 δέ
2855 469 2948 522 καὶ
2975 468 3067 521 τὸν
3096 465 3266 519 νῶτον
3287 464 3656 538 κατῃκίσατο,

389 579 626 631 animam
661 577 863 632 ederet.
902 577 976 631 De
1011 591 1120 645 quo
1154 577 1290 632 nihil
1323 577 1585 632 sollicitus
1614 587 1729 631 erat
1760 591 1963 631 merce-

390 669 578 724 narius
610 669 795 739 opilio,
849 669 980 740 quin
1022 669 1136 739 ipse
1184 669 1441 737 paulatim
1498 669 1799 739 sacrilegiis
1856 669 1963 724 illis

386 760 589 831 pariter
605 761 1003 826 oblectabatur,
1025 770 1076 816 et
1097 751 1199 815 una
1217 777 1338 815 cum
1360 762 1589 831 impuris
1605 762 1963 817 histrionibus

387 871 666 926 pueroque
699 857 1090 911 consuescebat
1122 865 1174 910 et
1209 858 1620 911 comessabatur
1641 898 1654 922 ,
1683 873 1856 925 neque
1899 856 1966 911 ab

386 964 575 1002 eorum
623 949 1016 1003 consuetudine
1043 960 1095 1004 et
1120 950 1356 1003 ludibrio
1389 950 1575 1019 procul
1617 950 1824 1004 aderat.
1856 947 1964 1003 Ve-

387 1052 508 1090 rum
547 1037 666 1105 ejus
709 1052 838 1091 cura
884 1038 1062 1094 omnis
1109 1036 1176 1092 ad
1229 1039 1493 1107 lgnatinm
1543 1039 1963 1108 opprimendum

387 1129 700 1185 vertebatur
736 1148 748 1184 :
784 1133 979 1186 avebat
1045 1132 1188 1186 enim
1245 1131 1451 1201 aliquid
1488 1132 1752 1187 adversus
1809 1131 1962 1185 ilium

387 1218 596 1283 audire,
639 1229 692 1273 et
740 1221 1059 1290 pruriehant
1093 1223 1167 1276 illi
1200 1237 1380 1277 aures.
1412 1220 1513 1276 Ubi
1547 1223 1707 1276 etiam
1747 1239 1875 1278 casu
1911 1223 1962 1276 in

385 1307 835 1362 calumniatorem
887 1309 1035 1364 illius
1062 1309 1374 1373 incidebat,
1410 1307 1501 1380 qui
1535 1311 1614 1363 vel
1652 1321 1866 1364 tenuem
1901 1309 1967 1364 de

384 1399 478 1454 illo
506 1400 788 1455 ohviamve
811 1403 1140 1456 calumniam
1171 1413 1470 1473 spargeret,
1497 1403 1642 1457 hunc
1676 1418 1805 1457 vero
1843 1417 1964 1457 mox

386 1491 440 1545 in
475 1491 658 1546 albmn
707 1494 1010 1547 amicorum
1061 1508 1285 1548 suorum
1318 1493 1624 1557 referebat,
1660 1508 1966 1563 magnaque

385 1597 508 1635 cum
545 1581 820 1651 voluptate
855 1581 1246 1636 obtrectantem
1289 1581 1563 1636 audiebat.
1596 1579 1740 1635 Nihil
1768 1581 1968 1650 quippe

387 1675 456 1728 ita
493 1674 637 1744 capit
668 1673 879 1729 animos
918 1674 1119 1728 invidia
1167 1674 1402 1744 odioque
1437 1666 1734 1743 occupatos
1757 1713 1770 1738 ,
1800 1688 1964 1743 quam

383 1767 603 1822 sinistra
647 1768 712 1822 de
756 1784 820 1823 eo
853 1783 1012 1838 quem
1062 1767 1297 1831 oderint,
1330 1767 1594 1821 narratio.
1630 1764 1816 1835 Itaque
1872 1781 1966 1833 per

386 1859 684 1915 familiares
708 1872 759 1916 et
790 1861 1069 1931 subjectos
1095 1859 1308 1931 lgnatii,
1329 1867 1600 1929 quotquot
1623 1872 1686 1911 ex
1711 1857 1780 1912 iis
1805 1856 1963 1912 donis

384 1963 439 2008 et
455 1954 756 2010 honoribus
777 1964 988 2025 poterat
1010 1954 1298 2020 eblandiri,
1321 1953 1536 2024 sibique
1553 1950 1817 2007 obnoxios
1843 1951 1967 2005 red-

384 2045 531 2108 dere,
566 2059 780 2114 semper
803 2043 1183 2114 investigahat,
1221 2052 1527 2111 contraque
1556 2042 1688 2111 justi
1721 2041 1963 2094 animam

285 2168 293 2172 -
383 2150 605 2189 causam
642 2135 939 2206 qurerebat.
983 2135 1059 2189 Ex
1099 2135 1299 2206 quibus
1337 2135 1583 2206 lgnatius
1623 2177 1636 2199 ,
1669 2133 1758 2189 ille
1803 2133 1965 2203 hujus

384 2227 556 2282 sancti
587 2227 779 2297 lgnatii
814 2227 1139 2297 discipulus,
1173 2236 1310 2291 erat,
1340 2228 1455 2297 qui,
1493 2236 1550 2281 ut
1582 2225 1778 2281 Demas
1809 2225 1962 2291 olim,

383 2320 643 2376 saeculum
677 2320 908 2392 diligens
941 2322 1007 2376 ad
1068 2321 1247 2376 Photii
1282 2332 1457 2377 castra
1491 2321 1748 2387 transiit;
1783 2327 1835 2374 et
1864 2319 1966 2373 alio

381 2412 624 2481 quandiu
647 2411 935 2482 prmfeetus
954 2413 1334 2467 coenobiorum
1361 2411 1733 2483 Propontidis,
1757 2420 1870 2466 tum
1896 2411 1965 2466 ab

382 2505 476 2558 illo
517 2505 962 2576 archiepiscopus
998 2505 1299 2576 Hierapolis
1345 2513 1564 2560 creatus
1597 2514 1698 2561 est.
1750 2505 1855 2571 Qui
1908 2515 1966 2561 ut

383 2599 710 2653 beneﬁcium
744 2607 1164 2668 compensaret:
1209 2598 1392 2653 Mirari
1421 2598 1588 2662 subit,
1629 2598 1828 2668 inquit,
1867 2598 1964 2653 do-

382 2690 531 2744 mine
556 2730 571 2756 ,
604 2705 844 2761 quonam
878 2699 1036 2762 pacto
1069 2699 1279 2746 tantum
1310 2690 1502 2762 lgnatii
1537 2689 1794 2745 delictum
1827 2688 1964 2744 faci-

383 2795 599 2847 nusque
632 2780 717 2834 vel
771 2781 1012 2852 ignores,
1045 2782 1130 2836 vel
1161 2783 1389 2836 omnino
1437 2781 1698 2851 negligas.
1730 2779 1866 2835 Nam
1908 2781 1962 2835 in

385 2871 558 2926 media
586 2871 776 2927 insula:
801 2873 977 2943 platea
1012 2874 1155 2930 ardes
1180 2889 1332 2929 sacra
1373 2873 1730 2944 quadraginta
1763 2881 1965 2942 marty-

381 2963 535 3018 ribus
560 2974 646 3020 est
675 2964 908 3020 excitata
936 2982 950 3031 ;
974 2964 1228 3036 junctum
1270 2981 1400 3020 vero
1423 2974 1507 3020 est
1538 2965 1612 3019 illi
1646 2965 1737 3019 Dei
1776 2963 1965 3020 Matris

381 3057 706 3122 oratorium,
733 3057 892 3129 cujus
925 3073 1077 3114 aram
1108 3058 1308 3115 Rhussi
1338 3075 1536 3129 nuper,
1569 3075 1692 3114 cum
1726 3057 1961 3113 insulam

2067 573 2142 632 ὡς
2193 570 2377 637 ὀλίγου
2433 567 2544 620 δεῖν
2596 563 2760 617 αὐτὸν
2814 563 2935 625 ταῖς
2991 558 3245 630 βασάνοις
3281 555 3653 610 ἐναποθανεῖν·

2066 661 2271 716 τούτων
2305 660 2361 713 δὲ
2409 658 2562 712 οὐδὲν
2598 655 2757 726 ἔμελε
2813 653 2891 723 τῷ
2951 650 3226 724 μισθωτῷ.
3273 649 3490 720 Ἠρέμα
3547 649 3657 720 γὰρ

2067 755 2163 808 καὶ
2209 753 2372 818 αὐτὸς
2405 751 2662 819 συνήδετο
2691 750 2802 810 τοῖς
2844 745 3212 811 τελουμένοις,
3245 743 3340 796 καὶ
3387 743 3504 814 ἅμα
3543 746 3660 808 τοῖς

2071 848 2287 917 μιαροῖς
2333 843 2521 914 μίμοις
2567 840 2796 902 ἐκείνοις
2847 837 3235 908 συνεχέστερον
3269 835 3345 906 τῷ
3387 836 3659 906 μειρακίῳ

2069 938 2462 1008 συνερχόμενος
2510 933 2602 987 καὶ
2650 930 3182 1003 συμποσιαζόμενος,
3231 927 3354 980 οὐδὲ
3406 927 3505 997 τῆς
3539 928 3658 980 δια-

2067 1030 2265 1100 τριϐῆς
2339 1025 2566 1080 ἐκείνων
2615 1025 2710 1078 καὶ
2763 1022 3230 1093 καταφρονήσεως
3291 1019 3513 1091 μακράν
3559 1015 3657 1090 ἦν·

2072 1123 2313 1194 μέριμνα
2342 1120 2398 1174 δέ
2438 1119 2588 1188 αὐτῷ
2621 1117 2716 1171 καὶ
2758 1115 2926 1188 πολλὴ
2960 1115 3161 1184 σφόδρα
3187 1111 3433 1182 περὶτοῦ
3477 1111 3656 1179 Ίγνα-

2069 1215 2183 1269 τίου
2233 1213 2473 1266 ἐνέκειτο
2525 1212 2786 1283 φροντὶς,
2839 1209 2934 1261 καὶ
2998 1205 3248 1276 ἐγλίχετο
3303 1203 3427 1257 κατ’
3489 1202 3657 1258 αὑτοῦ

2069 1307 2313 1372 ἀκούειν,
2368 1307 2464 1359 καὶ⁵
2515 1303 2774 1373 ἐκνήθετο
2827 1301 2925 1372 τὴν
2956 1300 3145 1370 ἀκοήν·
3181 1299 3274 1352 καὶ
3302 1296 3357 1350 εί
3385 1314 3507 1350 τινα
3537 1296 3656 1350 δια-

2067 1400 2476 1472 λοιδορούμενον
2512 1398 2631 1468 εἰκῆ
2677 1396 2843 1466 ἐώρα,
2877 1394 2912 1466 ἡ
2947 1410 3067 1448 τινα
3094 1391 3258 1462 ψιλὴν
3295 1391 3416 1444 κατ’
3443 1389 3657 1442 ἐκείνου

2069 1494 2164 1548 καὶ
2206 1492 2445 1562 ματαίαν
2476 1489 2817 1561 κατηγορίαν
2864 1487 3240 1556 ἐνιστάμενον,
3271 1484 3423 1555 φίλον
3468 1482 3660 1536 τοῦτον

2068 1586 2276 1641 ἐτίθετο
2307 1583 2522 1649 πιστὸν,
2583 1584 2678 1637 καὶ
2736 1583 2935 1654 ἡκουεν
2984 1579 3144 1650 ἡδονῇ
3176 1576 3364 1648 πολλῇ·
3397 1576 3490 1630 καὶ
3548 1573 3661 1646 γὰρ

2068 1681 2219 1735 οὐδὲν
2276 1679 2449 1744 οὕτως
2496 1677 2682 1751 ἡδύνει
2732 1672 2911 1746 ψυχὴν
2967 1671 3138 1744 ἔχθρᾳ
3172 1673 3317 1741 κακῇ
3364 1669 3459 1723 καὶ
3507 1667 3660 1739 μίσει

2069 1772 2644 1846 προκατειλημμένην,
2679 1768 2754 1832 ὡς
2794 1769 2827 1836 ἡ
2875 1764 3020 1818 κατὰ
3061 1763 3154 1818 τοῦ
3195 1763 3524 1834 μισουμένου
3561 1761 3662 1814 λα-

2067 1863 2174 1918 λιά.
2220 1863 2331 1916 Ἀεὶ
2363 1858 2456 1916 οὖν
2497 1862 2560 1914 ἐκ
2598 1859 2708 1913 τῶν
2755 1857 2852 1910 τοῦ
2907 1856 3248 1928 πατριάρχου
3287 1852 3534 1924 συνήθων
3565 1851 3662 1906 καὶ

2069 1955 2345 2027 ὑπηκόων,
2377 1955 2534 2015 ὅσους
2557 1951 2812 2021 ἠδύνατο,
2851 1947 3048 2020 δώροις
3083 1946 3178 1999 καὶ
3210 1944 3486 2015 ἀξιώμασι
3537 1942 3662 1997 κλέ-

2068 2066 2218 2102 πτων
2265 2048 2359 2100 καὶ
2403 2043 2868 2113 ὑποποιούμενος,
2905 2040 2972 2093 δι’
3007 2039 3187 2093 αὐτῶν
3232 2036 3522 2108 ἐξιχνίαζε,
3564 2036 3661 2089 καὶ

2075 2143 2168 2194 ἐπὶ
2202 2141 2300 2212 τὴν
2338 2139 2432 2192 τοῦ
2489 2137 2698 2191 δικαίου
2777 2135 3003 2206 ἐθήρευε
3061 2131 3258 2203 ψυχήν.
3313 2129 3532 2184 Τούτων
3579 2125 3660 2192 εἷς

2067 2235 2162 2289 καὶ
2206 2233 2464 2302 Ἰγνάτιος
2510 2226 2578 2302 ἦν
2629 2230 2837 2290 ἐκεῖνος
2879 2229 2908 2280 6
2955 2225 3051 2279 τοῦ
3083 2227 3244 2295 ἁγίου
3291 2222 3562 2294 μαθητὴς,
3600 2219 3660 2285 ὂς

2066 2327 2208 2381 κατὰ
2239 2325 2428 2394 Δημᾶν
2459 2325 2664 2376 ἐκεῖνον
2717 2321 2807 2374 τὸν
2853 2319 3042 2384 πάλαι,
3090 2319 3182 2374 τὸν
3229 2317 3324 2371 νῦν
3356 2313 3662 2393 ἠγαπηκὼς

2065 2421 2257 2482 αίῶνα,
2291 2417 2482 2488 Φωτίῳ
2516 2413 2875 2486 προσφεύγει·
2918 2413 3009 2467 καὶ
3030 2412 3215 2484 ἄρχων
3250 2410 3349 2481 μὲν
3377 2411 3516 2472 τέως
3547 2406 3660 2460 τῶν

2076 2511 2457 2586 μοναστηρίων
2486 2510 2595 2563 τῶν
2637 2507 2780 2562 κατὰ
2813 2506 2911 2578 τὴν
2943 2505 3307 2577 Προποντίδα,
3344 2503 3535 2556 ἔπειτα
3567 2501 3662 2556 καὶ

2070 2603 2476 2676 μητροπολίτης
2525 2601 2616 2654 ὑπ’
2647 2599 2812 2654 αὐτοῦ
2856 2601 2954 2671 τῆς
2988 2597 3346 2670 Ίεραπόλεως
3392 2595 3660 2660 καθίστα-

2064 2717 2174 2754 ται.
2207 2691 2374 2759 υῦτος
2401 2697 2501 2765 τῆς
2529 2692 2699 2763 τιμῆς
2733 2691 2894 2746 αὑτὸν
2932 2690 3316 2761 ἀμειϐόμενος,
3340 2683 3410 2740 Ὦ
3455 2686 3654 2741 δέσπο-

2064 2812 2156 2859 τα,
2189 2791 2318 2862 ἔφη,
2353 2787 2641 2860 θαυμάζω,
2669 2787 2788 2850 πῶς
2816 2783 3140 2857 τηλικοῦτόν
3167 2800 3226 2836 σε
3249 2781 3344 2836 τοῦ
3387 2780 3652 2850 Ἰγνατίου

2066 2885 2314 2940 διέλαθεν
2373 2883 2680 2954 ἀτόπημα,
2735 2880 2831 2935 καὶ
2879 2878 3208 2950 ἀδιόρθωτον
3261 2873 3655 2948 παρημελὴθη·

2071 2976 2237 3049 μέσον
2275 2976 2387 3046 γὰρ
2432 2975 2694 3038 πλατείας
2744 2974 2843 3045 τῆς
2886 2973 3052 3044 νήσου
3097 2969 3224 3034 ναὸς
3253 2971 3366 3032 τοῖς
3395 2965 3660 3037 τεσσαρά-

2072 3085 2238 3122 κοντα
2266 3068 2504 3138 μάρτυσι
2536 3064 2831 3136 ἐνίδρυται,
2859 3061 3023 3116 αὑτοῦ
3049 3061 3105 3116 δὲ
3143 3060 3377 3131 ἐχόμενα
3404 3059 3502 3128 τῆς
3531 3057 3660 3110 Geo.

381 3149 864 3219 depopularentur,
897 3160 1232 3218 everterunt,
1265 3168 1426 3223 quam
1461 3151 1785 3207 instauravit
1811 3151 1962 3223 lgna-

2078 3164 2313 3233 μήτορος
2343 3160 2652 3231 εὐκτήριον.
2685 3157 2887 3212 Τούτου
2925 3157 3024 3227 τὴν
3057 3154 3340 3227 τράπεζαν
3380 3150 3573 3223 πρώην
3605 3149 3658 3202 οί

381 3242 489 3298 tius
527 3253 581 3298 et
625 3245 888 3314 reposuit.
929 3245 1068 3312 Quid
1104 3245 1194 3300 hic
1225 3244 1492 3300 letius?
1524 3261 1590 3299 an
1624 3245 1840 3314 culpam
1876 3252 1971 3296 aut

379 3349 598 3403 parvam
628 3338 942 3391 autnullam
972 3345 1121 3393 ratus
1138 3337 1519 3392 subticuit?an
1543 3338 1656 3391 leve
1685 3336 1967 3391 turbarum

377 3426 689 3481 incendium
723 3427 864 3483 hanc
896 3428 966 3483 ob
1011 3443 1235 3485 causam
1277 3429 1573 3483 excitavit?
1615 3427 1967 3498 Nequaquam

378 3531 545 3583 vero;
591 3517 682 3571 sed
714 3533 827 3573 rem
863 3520 1006 3588 apud
1039 3521 1448 3590 imperatorem,
1478 3520 1626 3574 velut
1651 3519 1888 3573 immane
1916 3525 1970 3572 et

379 3607 712 3677 inexpiabile
766 3609 1010 3677 facinus,
1048 3611 1411 3682 exaggerabat
1462 3621 1674 3682 :atque
1735 3613 1968 3669 consilio

380 3714 505 3752 cum
537 3699 771 3756 factione
801 3717 898 3757 sua
924 3704 1355 3770 communicato,
1388 3704 1830 3774 Amphilochium
1859 3705 1966 3774 Cy-

381 3791 506 3858 ziei,
538 3802 592 3847 et
620 3793 966 3850 Theodorum
1002 3795 1309 3862 Patrarum,
1336 3796 1798 3867 archiepiscopos,
1831 3799 1964 3868 quin

376 3896 430 3940 et
460 3884 845 3942 Pantaleonem
876 3897 1180 3943 senatorem
1222 3899 1584 3962 cognomento
1615 3889 1874 3943 Bothrum
1913 3889 1965 3944 in

379 3978 612 4033 insulam
654 3979 900 4050 ablegat,
945 3980 1038 4050 qui
1086 3981 1369 4051 sacrilegis
1412 3981 1666 4039 manibus
1715 3990 1964 4036 sanctam

377 4069 525 4124 illam
559 4071 766 4126 arulam
792 4072 1123 4128 disturbent.
1155 4071 1439 4128 Mandarat
1464 4073 1689 4144 insuper
1713 4073 1963 4139 Photius,

376 4171 438 4219 ut
457 4179 550 4218 ara
583 4165 650 4219 ad
677 4165 808 4220 litus
838 4166 1004 4220 maris
1031 4167 1315 4236 deportata
1333 4167 1431 4239 (6),
1452 4166 1780 4238 quadragies
1818 4165 1965 4222 unda

377 4255 712 4327 tingeretur,
743 4267 905 4329 atque
937 4260 1010 4313 ita
1048 4261 1267 4314 demum
1309 4259 1530 4315 reducta
1581 4268 1962 4330 reponeretur.

375 4347 516 4414 Quid
545 4358 618 4413 te,
651 4352 725 4404 mi
755 4351 919 4405 homo
945 4391 958 4416 ,
1006 4367 1111 4406 non
1173 4351 1505 4407 demiremur
1557 4351 1722 4423 (nam
1749 4366 1964 4408 summa

376 4455 464 4496 me
511 4443 889 4510 perversitatis
935 4452 1041 4498 tua:
1089 4445 1409 4515 indignitas,
1429 4446 1682 4515 quamvis
1727 4445 1960 4500 invitum

2088 3253 2224 3317 Ῥὼς
2270 3253 2368 3324 τὴν
2417 3253 2580 3324 νῆσον
2626 3249 2957 3322 πορθοῦντες
2986 3246 3287 3302 κατέϐαλον
3320 3246 3413 3307 είς
3467 3243 3593 3312 γῆν,
3631 3243 3660 3296 6

2084 3345 2342 3415 Ἰγνάτιος
2367 3345 2423 3398 δέ
2455 3344 2664 3413 ταύτην
2707 3340 2865 3406 αὖθις
2905 3339 3240 3413 ἀνεθρόνισε.
3276 3337 3342 3392 Τί
3384 3331 3477 3389 οὖν
3517 3336 3661 3387 ἐκεῖ-

2072 3453 2194 3502 νος;
2240 3431 2349 3508 ἆρα
2382 3434 2576 3506 μικρὸν
2608 3433 2786 3500 τοῦτο,
2822 3435 2855 3504 ἢ
2885 3432 3038 3486 οὐδὲν
3068 3431 3268 3484 ἄτοπον
3312 3430 3660 3501 ἡγησάμενος

2073 3521 2530 3596 παρεσιώπησεν,
2576 3522 2608 3593 ἢ
2649 3522 2853 3594 μικρὰν
2888 3523 3029 3592 ὑπὲρ
3052 3521 3245 3575 τούτου
3289 3519 3535 3591 ταραχὴν
3562 3518 3657 3570 άν-

2070 3615 2247 3686 ἧψεν;
2281 3614 2580 3685 Οῦμενουνο
2620 3615 2756 3668 ἀλλὰ
2810 3615 3047 3678 καὶτοῖς
3097 3611 3397 3684 κρατοῦσιν
3440 3611 3516 3673 ὡς
3565 3608 3659 3680 μέ-
3703 3653 3708 3656 .

2073 3725 2144 3776 γα
2191 3725 2246 3760 τι
2295 3707 2391 3761 καὶ
2437 3707 2612 3762 δεινὸν
2643 3704 2755 3762 οἷον
2807 3707 3048 3764 ἀνέθετο.
3078 3706 3188 3760 Καὶ
3232 3709 3298 3776 τῇ
3349 3705 3471 3758 κατ’
3494 3702 3658 3756 αὑτὸν

2071 3801 2340 3874 ἐκκλησία
2397 3802 2802 3870 κοινωσάμενος
2833 3840 2847 3867 ,
2895 3797 3246 3870 Ἀμφιλόχιόν
3283 3815 3342 3852 τε
3389 3795 3654 3861 Κυζίκου,

2070 3897 2163 3950 καὶ
2191 3895 2471 3967 Θεόδωρον
2502 3894 2611 3949 τῶν
2641 3895 2896 3967 Πατρῶν,
2934 3891 3362 3965 μητροπολίτας,
3393 3890 3453 3943 ού
3493 3889 3654 3959 μόνον

2067 3991 2146 4054 δὲ,
2174 3989 2310 4042 ἀλλὰ
2343 3988 2436 4041 καὶ
2471 3985 2847 4042 Πανταλέοντα
2899 3985 3263 4056 συγκλητικὸν
3310 3983 3401 4036 τδν
3453 3983 3652 4034 ἐπικα-

2067 4081 2333 4151 λούμενον
2389 4079 2632 4150 Βόθρον,
2682 4080 2761 4142 είς
2816 4077 2915 4150 τὴν
2975 4079 3278 4148 εἰρημένην
3327 4073 3654 4137 ἀποστείλας

2069 4174 2255 4245 νῆσον,
2287 4171 2532 4242 βεδὴλων
2558 4171 2715 4242 χερσὶ
2743 4171 2800 4224 τὸ
2826 4169 2972 4241 ἱερὸν
2998 4170 3174 4223 ἐκεῖνο
3198 4165 3492 4238 τραπέζιον
3518 4163 3652 4217 καθ-

2068 4267 2230 4321 εῖλεν.
2270 4264 2604 4318 Ἐνετείλατο
2649 4263 2708 4316 δὲ
2749 4263 2885 4333 πρὸς
2922 4260 3000 4332 τῷ
3033 4260 3270 4331 αίγιαλῷ
3301 4262 3402 4329 τῇς
3453 4255 3654 4310 θαλάσ-

2069 4377 2170 4430 σης
2195 4359 2536 4425 καταγαγεῖν
2584 4355 2686 4426 (6),
2713 4357 2810 4408 κα)⁵
2837 4354 3248 4424 τεσσαράκοντα
3277 4351 3503 4412 πλύσεις
3533 4348 3654 4402 δοῦ-

2066 4470 2178 4517 ναι,
2228 4451 2323 4505 καὶ
2364 4449 2541 4514 οὕτως
2587 4449 2888 4518 ἀναγαγεῖν
2937 4447 3030 4501 καὶ
3072 4443 3424 4517 καθιδρῦσαι.
3455 4444 3520 4496 Τί
3557 4458 3650 4494 σου

377 4543 429 4587 et
460 4533 718 4602 alienum,
739 4535 884 4606 cogit
911 4545 964 4591 te
990 4536 1258 4590 conviciis
1274 4536 1688 4606 proscindere)?
1710 4537 1818 4591 imo
1833 4552 1962 4592 vero

2073 4545 2482 4614 θαυμάσαιμεν,
2505 4542 2760 4613 ἄνθρωπε
2791 4541 3044 4612 (προάγει
3069 4539 3174 4609 γάρ
3201 4554 3267 4609 με
3293 4533 3653 4606 λοιδορεῖσθαί

372 4623 502 4694 quid
519 4626 776 4694 primum,
803 4628 932 4697 quid
962 4637 1299 4698 postremum
1327 4629 1748 4684 subsannentus?
1771 4629 1959 4683 animi-

375 4735 444 4774 ne
475 4720 555 4773 tui
609 4730 886 4792 stuporem
909 4763 923 4788 ,
953 4737 1020 4778 an
1055 4725 1256 4780 mentis
1290 4739 1558 4794 perversa:
1592 4725 1962 4794 pravitatem?

372 4811 683 4868 invidentia:
707 4816 1157 4884 magnitudinem,
1182 4831 1249 4872 an
1275 4818 1516 4874 studium
1535 4819 1834 4874 ambitiosae
1860 4819 1960 4873 im-

371 4907 696 4976 probitatis?
749 4907 1000 4967 llzeccine
1037 4918 1090 4966 te
1129 4912 1288 4969 docet
1343 4913 1600 4968 diuturna
1653 4913 1956 4968 litterarum

373 4997 657 5053 meditatio
683 5009 735 5054 et
767 5001 1001 5071 vigilatae
1029 5013 1238 5071 noctes,
1271 5003 1634 5075 codicumque
1667 5020 1834 5075 prope
1874 5006 1957 5059 in-

373 5089 798 5145 numerabilium
839 5094 1038 5164 copia?
1071 5094 1365 5166 legentium
1414 5096 1540 5150 item
1585 5105 1640 5151 ct
1675 5096 1960 5167 diSputan-

376 5179 512 5234 tium
565 5179 912 5248 vicissitudo,
945 5200 1153 5255 proque
1183 5186 1689 5242 eruditionislaude
1729 5188 1955 5243 assidua

373 5276 748 5330 etmcertatio?
780 5276 991 5332 Istosne
1031 5279 1126 5332 tibi
1161 5279 1371 5334 fructus
1407 5294 1471 5336 ex
1507 5281 1703 5335 litteris
1739 5281 1957 5348 eapien-

371 5363 473 5418 dos
495 5367 694 5422 veteris
726 5382 989 5438 novatque
1018 5371 1151 5440 legis
1182 5371 1397 5434 tabulae,
1431 5373 1736 5441 sapientum
1765 5371 1953 5441 profa-

371 5472 565 5512 norum
595 5459 763 5528 dicta,
794 5470 1220 5532 sanctorumque
1255 5463 1476 5519 Patrum
1511 5465 1726 5521 decreta
1751 5481 1951 5536 prepo-

370 5559 528 5614 nunt,
563 5554 638 5606 uti
657 5557 1001 5624 persequaris
1021 5557 1292 5610 Ιιοιιιίιιριιι
1315 5557 1532 5628 inopem
1549 5569 1602 5613 et
1619 5560 1949 5625 mendicum,

372 5650 426 5697 et
451 5645 645 5713 spiritu
672 5655 725 5702 et
755 5649 920 5703 corde
944 5655 1340 5718 'compunctum
1372 5667 1588 5721 quazras
1613 5653 1676 5706 ad
1708 5667 1953 5708 macntn-

2071 4655 2153 4690 σοι
2185 4636 2260 4706 μὴ
2301 4633 2626 4706 βουλόμενον
2651 4635 2685 4703 ἡ
2725 4633 2826 4702 τῆς
2853 4633 3048 4694 κακίας
3077 4630 3370 4702 ὑπερϐολή)
3396 4646 3410 4694 ;
3452 4627 3654 4698 μᾶλλον

2067 4729 2124 4783 δὲ
2159 4728 2212 4781 τί
2244 4744 2336 4781 σου
2374 4725 2611 4797 πρῶτον,
2645 4724 2679 4794 ἢ
2706 4724 2758 4777 τί
2801 4723 3029 4778 ὕστατον
3061 4721 3603 4792 ἐπιμυκτηρίσαιμεν
3633 4730 3648 4784 ;

2066 4821 2167 4893 τὴν
2218 4820 2560 4892 ματαιότητα
2586 4817 2696 4872 τῶν
2743 4817 3045 4888 λογισμῶν,
3081 4817 3113 4887 ῆ
3154 4815 3252 4887 τὴν
3280 4815 3378 4885 τῆς
3411 4814 3653 4876 διανοίας

2067 4914 2438 4986 δυστροπίανς
2489 4912 2588 4984 τὴν
2645 4913 2746 4982 τῆς
2799 4911 3168 4982 μνησικακίας
3221 4906 3554 4980 ὑπερϐολὴν,
3615 4905 3647 4976 ἢ

2065 5010 2164 5080 τῆς
2199 5009 2408 5072 ἀδικίας
2432 5007 2531 5078 τὴν
2558 5006 2901 5078 φιλοτιμίαν;
2935 5003 3176 5075 Ταῦταὴ
3209 5001 3396 5074 μακρὰ
3426 5001 3647 5071 μελέτη,

2066 5100 2161 5154 καὶ
2194 5100 2389 5163 νύκτες
2412 5101 2628 5165 ἄϋπνοι,
2654 5097 2753 5151 καὶ
2793 5100 2820 5150 ὁ
2858 5096 3262 5168 δυσαρίθμητος
3287 5094 3395 5145 τῶν
3426 5090 3649 5162 βιϐλίων

2064 5192 2252 5263 ἐσμὸς,
2280 5193 2376 5246 καὶ
2409 5192 2517 5245 τῶν
2550 5190 2853 5261 ἀμοιϐαίων
2896 5187 3263 5256 ἀναγνωστῶν
3296 5186 3390 5238 καλ⁵
3422 5199 3648 5252 συνομι-

2064 5285 2264 5358 λητῶν,
2306 5285 2362 5339 αἰ
2392 5284 2633 5338 ποικίλαι
2662 5284 2791 5355 περὶ
2823 5282 2950 5345 τοὺς
3003 5281 3196 5349 λόγους
3222 5275 3521 5348 φιλοτιμίαι
3553 5275 3646 5328 κά)⁸

2061 5375 2492 5449 διαπαρατριϐαί
2522 5394 2537 5443 ;
2569 5374 2792 5430 τοιαῦτά
2819 5391 2875 5426 σε
2917 5373 3290 5444 καρποφορεῖν
3324 5370 3377 5423 αἱ
3413 5365 3646 5422 Παλαιαὶ

2063 5469 2329 5539 Διαθῆκαι.
2357 5470 2447 5522 καὶ
2473 5469 2687 5534 Καιναί,
2720 5467 2774 5519 αἱ
2805 5467 2914 5519 τῶν
2950 5464 3149 5532 ἔξωθεν
3197 5462 3378 5532 σοφῶν
3407 5459 3647 5528 γνῶμαι,

2064 5564 2157 5615 καὶ
2190 5561 2299 5614 τῶν
2332 5563 2501 5631 ἁγίων
2548 5565 2596 5614 oi
2645 5560 2802 5630 νόμοι
2851 5561 2945 5612 καὶ
2995 5557 3144 5625 λόγοι
3185 5554 3643 5626 παροτρύνουσιν,

2063 5653 2202 5706 ὥστε
2238 5654 2598 5708 καταδιώκειν
2629 5651 2914 5724 ἄνθρωπον
2945 5650 3152 5722 πένητα
3195 5647 3290 5702 καὶ
3323 5645 3536 5717 πτωχὸν
3568 5645 3648 5715 τῷ

452 5827 527 5896 (ti)
551 5824 686 5881 Cod.
723 5826 753 5882 6
782 5827 934 5900 legit,
971 5829 1062 5883 καὶ
1090 5829 1258 5902 ἄλλην
1283 5830 1628 5900 καθιδρῦσαι,
1666 5832 1962 5901 deportata,

2068 5836 2114 5889 ia
2160 5844 2513 5902 reponeretur.
