4092 6618
416 433 520 497 £33

1459 435 1636 496 VITA
1673 435 1734 497 S.
1776 433 2072 498 IGNATII
2102 435 2209 498 ΟΡ.
2242 437 2601 498 ARCHIEP.

3552 435 3661 498 53¢

402 546 696 616 πνεύματι,
737 544 831 597 καλ⁵
855 543 1333 614 κατανενυγμένον
1363 546 1431 616 τῇ
1484 544 1700 617 καρδίᾳ,
1751 545 1845 598 τοῦ
1874 544 1973 598 θα-
2008 594 2011 606 λ

2119 550 2243 603 um?
2270 548 2388 604 Non
2419 548 2638 605 satiavit
2684 547 3069 618 implicahilem
3110 546 3278 602 animi
3323 546 3398 600 tui
3433 545 3674 605 furorem

402 640 685 706 νατῶσαις
719 637 832 690 Οὐκ
871 636 1074 708 ήρκεσέ
1107 653 1201 689 σου
1248 636 1340 690 τὸν
1389 637 1628 707 ἄμετρον
1671 637 1984 708 ἀποπλῆσαι

405 731 577 803 θυμὸν
603 733 635 802 ή
674 730 826 801 βιαία
857 729 952 782 τοῦ
976 728 1167 798 θρόνου
1198 728 1366 798 ρίψις,
1392 731 1444 782 αἱ
1464 729 1829 800 ἀθεσμόταται
1854 728 1988 782 καθ-

403 825 679 895 αιρέσεις,
730 823 785 874 αἱ
852 820 1188 875 ἀδικώταται
1241 821 1529 892 ὑπερορίαι
1581 821 1636 873 αἱ
1685 820 1826 873 κατά
1878 820 1989 874 τῶν

406 915 580 970 ποδῶν
595 913 836 976 ἁλύσεις,
864 913 920 965 at
952 913 1145 984 μυρίαι
1181 915 1372 982 φυγαὶ,
1401 913 1499 966 καὶ
1533 912 1761 982 θλίψεις,
1787 913 1881 967 καὶ
1897 929 1986 965 συ-

407 1005 717 1076 κοφαντίαι,
767 1006 862 1058 καὶ
905 1004 1171 1068 διαϐολαὶ,
1230 999 1318 1069 αἷς
1367 1005 1529 1058 αὑτὸν
1574 1003 1850 1072 ἐπλυνας;
1894 1005 1990 1058 καὶ

404 1099 514 1166 γάρ
547 1094 784 1159 ἐπλυνας
809 1095 1028 1164 ἀληθῶς
1053 1095 1330 1159 τοσοῦτον,
1359 1096 1481 1149 ὅσον
1514 1095 1828 1168 ἐρρύπανας
1856 1114 1991 1149 σαυ-

405 1194 516 1243 τόν.
555 1190 669 1242 Οὐκ
716 1190 918 1259 ἤρκεσε
975 1189 1149 1243 ταῦτα
1176 1229 1190 1252 ,
1220 1190 1356 1243 ἀλλά
1398 1189 1495 1242 καὶ
1537 1188 1617 1242 ἔτι
1659 1188 1824 1262 βιάζῃ
1859 1187 1989 1259 ῥοῦν

409 1283 654 1353 ποταμοῦ
699 1283 881 1353 μάτην
935 1282 1200 1336 ἀπολέσαι
1232 1280 1580 1350 φιλονεικῶν,
1620 1281 1714 1334 καὶ
1739 1281 1833 1334 τὸν
1889 1281 1994 1333 ὑπὸ

408 1376 502 1428 τοῦ
543 1377 678 1428 Θεοῦ
722 1377 1105 1447 δικαιούμενον
1139 1377 1512 1447 κατακρίνειν,
1547 1378 1641 1430 καὶ
1684 1377 1995 1430 ἀδικώτατα

411 1467 795 1530 καταδικάζειν
845 1468 1248 1538 ἐπιτιθέμενος,
1290 1470 1383 1522 καὶ
1429 1468 1604 1538 ταύτῃ
1636 1469 1726 1522 τὸν
1774 1468 1996 1539 ἔλεγχον

411 1558 519 1612 τῶν
586 1558 732 1613 ίδίων
784 1561 1158 1630 ἀνομημάτων
1230 1560 1516 1630 διαδρᾶναι
1566 1559 1688 1613 λίαν
1753 1560 1997 1630 ἀνοήτως

417 1651 817 1720 διανοούμενος,
853 1652 1042 1724 ὥσπερ
1080 1653 1180 1706 οὑκ
1215 1652 1532 1724 ἐφεστώσης
1568 1652 1702 1706 Θεοῦ
1741 1653 1999 1724 προνοίας

411 1742 525 1805 τοῖς
557 1743 919 1814 πράγμασιν,
969 1743 1004 1814 ἢ
1063 1745 1278 1815 καιροῖς
1325 1745 1476 1808 ίδίοις
1523 1744 1739 1816 ἑκάστῳ
1780 1746 1999 1810 πάντως

411 1835 509 1905 τὴν
546 1835 682 1888 ίδίαν
703 1835 975 1889 ἀποδώσει
1005 1835 1204 1907 πρᾶξιν
1232 1854 1246 1904 ;
1290 1835 1433 1906 Ἐγὼ
1459 1836 1764 1908 λογίζομαι,
1792 1838 1875 1892 ὅτι
1906 1837 1999 1891 καὶ

413 1926 574 1989 αὐτὸς
596 1927 653 1980 ἐν
679 1927 862 2001 ἡμέρᾳ
893 1905 1200 1999 ἐπισκοπῆς
1231 1929 1366 2000 πρὸς
1393 1928 1487 1983 τοῦ
1516 1905 1766 2000 λέγοντος
1791 1930 2000 2003 ἀκούσῃ
2032 1905 2074 1964 Β

415 2016 549 2071 Θεοῦ
577 2034 592 2048 ⁶
624 2019 759 2074 Ἵνα
790 2020 849 2073 τί
902 2020 984 2074 σὺ
1029 2019 1276 2092 ἐκδιηγῇ
1330 2021 1403 2076 τὰ
1443 2021 1805 2092 δικαιώματά
1855 2040 2000 2092 μου,

417 2106 514 2159 καὶ
548 2107 994 2177 ἁναλαμϐάνεις
1048 2109 1164 2177 τὴν
1218 2109 1512 2178 διαθήκην
1550 2129 1670 2182 μου
1721 2112 1818 2168 διὰ
1864 2112 2003 2167 στό-

413 2197 600 2266 ματός
621 2211 741 2252 σου
760 2215 780 2263 ;
804 2198 897 2252 καὶ
931 2198 1032 2251 ὅσα
1064 2199 1164 2268 τῆς
1203 2199 1508 2269 ίερολογίας
1560 2198 1708 2269 ἑξῆς.
1739 2201 2004 2271 Κρεῖττον

417 2289 525 2358 γὰρ
580 2284 735 2360 οἶμαι
790 2289 946 2361 ἀνδρὶ
997 2290 1365 2362 ἀναλφαϐήτῳ
1419 2289 1596 2362 πάντη
1664 2291 1757 2344 καὶ
1799 2291 2006 2363 ἀμαθεῖ

423 2381 559 2451 μετά
599 2381 959 2453 συνειδήσεως
1015 2382 1231 2452 ἀγαθῆς
1281 2381 1669 2454 ἀνεπιλήπτως
1726 2382 1911 2454 βιοῦν,
1967 2383 2001 2455 ἦ

420 2475 626 2538 πάντας
663 2475 841 2539 θείους
889 2475 984 2529 καὶ
1030 2475 1406 2547 ἀνθρωπίνους
1435 2476 1631 2545 λόγους
1671 2477 1863 2547 σοφίας
1911 2477 2006 2530 ἀν-

419 2566 680 2622 σλίττοντι
707 2568 794 2622 διά
819 2566 1091 2638 γλώσσης,
1118 2569 1212 2622 καὶ
1237 2570 1468 2642 μακροῖς
1495 2568 1672 2637 λόγων
1693 2570 2006 2639 συντάγμα-

424 2678 508 2714 σιν
552 2661 954 2733 ἐπαινουμένῳ,
1011 2662 1240 2732 φονικὴν
1289 2660 1672 2735 ἀναρριπίζειν
1711 2660 1855 2715 κατά
1908 2659 2004 2714 τοῦ

423 2751 649 2823 πλησίον
697 2753 915 2824 βουλήν.
953 2753 1078 2818 Πῶς
1129 2754 1250 2807 οὑδέ
1286 2752 1382 2808 τοῦ
1439 2753 1676 2824 μεγάλου
1721 2751 2006 2807 Βασιλείου

422 2843 530 2896 τῶν
558 2843 732 2914 λόγων
775 2845 1094 2899 κατακούων
1140 2846 1218 2917 (7)
1249 2845 1593 2919 ηὑλαϐήθης,
1643 2849 1700 2900 ἐν
1745 2845 2008 2916 ἐκπλήξει

424 2935 552 3006 περί
584 2953 729 3001 τινος
764 2937 1030 3003 εἰπόντος,
1065 2937 1146 2991 ὅτι
1179 2938 1442 2992 πλειόνων
1471 2937 1838 3010 ἀκμασάντων
1866 2939 2012 3008 αίρε-

425 3023 666 3095 σιαρχῶν
711 3024 855 3078 κατά
902 3025 1004 3096 τὴν
1044 3026 1376 3097 οἰκουμένην
1405 3027 1646 3092 ἅπασαν,
1679 3027 1856 3091 οὐδεὶς
1881 3028 2013 3081 ἀνα-

425 3117 791 3188 θρονιασμοὺς
821 3117 1038 3170 τελέσαι
1085 3117 1418 3191 ἐθάρρησεν,
1449 3121 1498 3172 εἰ
1545 3117 1622 3191 μὴ
1663 3121 1691 3173 ὁ
1747 3119 2012 3190 ’Δγκυρο-

425 3209 667 3277 γαλάτης
703 3208 1020 3278 Εὑστάθιος,
1053 3203 1262 3274 οὗτινος
1321 3211 1421 3280 τήν
1475 3211 1826 3282 μυσαρότητα
1855 3212 1889 3282 ἡ
1951 3213 2010 3265 ἐν

2090 641 2375 709 tyrannica
2406 641 2470 696 de
2502 639 2708 696 throno
2735 638 2966 708 dejectio
2987 681 3002 705 ,
3031 637 3235 694 illicita:
3281 639 3673 709 depositiones,

2091 731 2445 802 iniquissimae
2463 733 2909 803 proscriptiones,
2930 732 3222 802 compedes
3243 738 3296 787 et
3315 733 3530 789 vincula
3551 775 3566 798 ,
3588 735 3672 789 in-

2093 822 2241 877 ﬁnita
2267 821 2483 887 exsilia,
2502 823 2812 888 calumniae,
2829 839 3109 886 :erumnae,
3126 825 3679 896 vexationes,quihus

2093 912 2244 972 illum
2276 913 2538 970 abluisti?
2561 931 2747 971 revera
2768 917 2911 972 enim
2943 923 3224 985 tantopere
3250 917 3400 971 illum
3420 919 3639 974 abluisti
3664 960 3679 984 ,

2093 1016 2428 1079 quantopere
2444 1009 2676 1079 teipsum
2693 1008 3129 1080 inquinasti.Nec
3152 1011 3238 1065 his
3261 1021 3573 1078 contentus,
3594 1013 3679 1066 in-

2095 1111 2256 1166 super
2288 1096 2492 1152 fontem
2515 1097 2696 1166 ipsum
2738 1097 2980 1153 ﬂuminis
3021 1099 3338 1154 altercando
3360 1100 3548 1156 studes
3588 1116 3682 1155 ex-

2097 1187 2336 1252 haurire,
2354 1196 2408 1243 et
2427 1189 2496 1243 ab
2543 1188 2662 1258 ipso
2687 1190 2998 1246 absolutum
3027 1189 3260 1247 Numine
3289 1192 3678 1258 condemnare,

2097 1280 2382 1351 modisque
2412 1281 2810 1353 indignissimis
2846 1284 3279 1339 circumventum
3312 1285 3476 1339 veluti
3527 1301 3679 1340 reum

2101 1372 2391 1429 noxiumve
2424 1375 2686 1444 perdere?
2715 1384 2773 1430 ut
2806 1375 2911 1430 hoc
2941 1377 3274 1431 stultissimo
3300 1377 3540 1432 consilio
3565 1391 3684 1431 sce-

2097 1463 2270 1519 lerum
2305 1473 2523 1520 tuorum
2570 1467 2835 1537 judicium
2889 1469 3067 1538 possis
3123 1466 3430 1535 declinare,
3461 1468 3685 1539 perinde

2099 1559 2255 1623 quasi
2283 1561 2450 1614 rebus
2475 1559 2736 1614 humanis
2768 1560 2953 1615 nullus
2973 1561 3261 1630 praesideat
3280 1561 3444 1625 Deus,
3471 1570 3564 1615 aut
3595 1561 3688 1614 ille

2101 1669 2202 1716 suo
2231 1661 2475 1723 tempore
2500 1668 2608 1707 non
2637 1653 2707 1708 sit
2731 1653 3028 1725 unicuique
3045 1653 3360 1709 redditurus
3384 1654 3686 1710 secundum

2100 1764 2264 1820 opera
2293 1763 2416 1804 sua.
2447 1749 2559 1818 Ego
2590 1762 2718 1803 vero
2741 1747 2976 1803 arbitror
3010 1758 3060 1803 te
3086 1763 3305 1819 quoque
3344 1749 3399 1803 in
3436 1748 3525 1803 die
3552 1747 3693 1804 visi--

2101 1842 2328 1896 tationis
2379 1851 2484 1896 tua:
2520 1855 2551 1896 a
2600 1841 2711 1897 Deo
2760 1841 2975 1896 dicente
3022 1841 3338 1896 auditurum
3378 1839 3598 1907 :Quare
3632 1849 3690 1894 tu

2103 1947 2321 1987 euarras
2338 1931 2584 2002 justitias
2609 1947 2772 1993 meas,
2791 1939 2839 1985 et
2868 1932 3094 1986 assumis
3123 1939 3492 1985 testamentum
3520 1946 3692 1984 meum

2105 2039 2198 2094 per
2232 2039 2288 2078 os
2314 2031 2462 2076 tuum
2493 2024 2554 2076 7?
2583 2031 2635 2077 et
2668 2039 2789 2093 qua:
2816 2021 3074 2091 deinceps
3105 2021 3156 2076 in
3189 2037 3345 2077 sacra
3372 2020 3568 2092 pagina
3605 2035 3694 2076 se-

2105 2122 2371 2185 quuntur.
2405 2111 2667 2183 Equidem
2695 2112 2892 2168 melius
2913 2121 3098 2168 actum
3131 2111 3198 2168 iri
3214 2126 3410 2168 censeo
3435 2125 3558 2165 cum
3588 2109 3693 2163 ho-
3747 2118 3750 2121 '

2107 2205 2254 2260 mine
2283 2204 2694 2276 imperitissimo
2721 2245 2738 2272 ,
2773 2203 3064 2274 omnisque
3087 2203 3404 2258 litteratura:
3441 2209 3495 2257 et
3525 2200 3694 2256 disci-

2107 2297 2269 2368 plinae
2300 2308 2542 2366 experte,
2579 2297 2624 2352 si
2659 2312 2784 2352 eum
2817 2312 2953 2368 pura
2985 2296 3321 2353 conscientia
3356 2295 3690 2364 inculpatam

2106 2391 2272 2446 vitam
2299 2390 2481 2460 degat,
2513 2405 2678 2460 quam
2705 2404 2832 2446 cum
2858 2404 2944 2455 eo,
2970 2389 3063 2460 qui
3091 2388 3273 2445 omnia
3299 2388 3498 2443 divina:
3517 2395 3572 2442 et
3595 2387 3698 2441 hu-

2109 2497 2284 2538 manae
2311 2483 2592 2553 sapientia:
2613 2485 2838 2540 oracula
2880 2499 2975 2539 ore
3007 2484 3191 2538 volvat
3212 2484 3470 2554 jactetve,
3489 2481 3698 2553 longis-

2107 2589 2214 2644 que
2231 2573 2366 2645 legis
2385 2583 2439 2629 et
2457 2574 2704 2643 logorum
2739 2574 3110 2630 voluminibus
3128 2574 3402 2638 laudatus,
3423 2575 3686 2627 adversus

2109 2668 2338 2722 alterum
2372 2668 2644 2723 exitialem
2677 2667 2906 2723 nocendi
2942 2667 3122 2723 foveat
3148 2667 3507 2723 voluntatem.
3535 2664 3601 2720 Et
3619 2674 3701 2732 tu,

2110 2757 2294 2814 audita
2319 2757 2502 2828 magni
2531 2755 2718 2811 Basilii
2753 2757 3021 2812 sententia
3054 2755 3152 2827 (7),
3183 2755 3322 2811 nihil
3349 2754 3694 2822 reformidas,

2110 2865 2233 2905 cum
2259 2849 2323 2904 de
2347 2847 2602 2919 quopiam
2629 2847 3058 2903 admirabundus
3077 2846 3234 2913 dixit,
3267 2845 3477 2902 nullum
3500 2860 3566 2900 ex
3583 2859 3702 2899 om-

2112 2940 2273 2994 nibus
2310 2938 2478 2993 totius
2537 2936 2688 2992 orbis
2725 2936 3145 3000 hmresiarchis,
3181 2936 3276 3006 qui
3324 2935 3477 2991 fuere
3533 2948 3702 3004 quam

2111 3029 2298 3098 plures
2325 3067 2340 3092 ,
2364 3043 2560 3082 ausum
2590 3025 2762 3082 fuisse
2789 3039 3090 3092 resecrare,
3123 3033 3321 3095 praeter
3350 3022 3702 3078 Eustathium

2113 3119 2588 3191 Aneyrogalatam,
2605 3117 2764 3188 cujus
2787 3116 3062 3172 nefarium
3087 3116 3266 3172 scelus
3287 3115 3528 3187 synodus
3553 3114 3702 3170 Gan-

2115 3209 2327 3275 grensis
2350 3205 2703 3277 evponit.Sed
2745 3205 2815 3262 ob
2846 3206 2961 3260 haec
2991 3204 3432 3274 sapientissimus
3467 3203 3486 3274 (
3516 3212 3704 3259 noster

426 3299 705 3371 Γάγγραις
752 3300 883 3370 ἀγία
917 3301 1218 3372 παρίστησι
1253 3300 1505 3367 σύνοδος;
1549 3301 1711 3354 Ἀλλά
1747 3301 1960 3366 τούτοις
1989 3304 2011 3355 ό

2121 3293 2384 3362 Pbotius)
2425 3309 2533 3348 non
2599 3293 2758 3348 modo
2811 3292 2962 3347 nullo
3001 3292 3208 3361 pudore
3259 3291 3697 3372 suﬂ'ttndehatur,

431 3391 738 3462 σοφώτατος
779 3392 841 3446 οὐ
893 3392 1069 3463 μόνον.
1099 3393 1201 3445 οὐκ
1232 3393 1652 3456 ἐνεκαλύπτετο,
1696 3392 1836 3446 ἀλλά
1891 3394 2018 3446 τοὺ-

432 3485 643 3538 ναντίον
678 3487 774 3538 καὶ
803 3485 1269 3556 ἐνελαμπρύνετο,
1318 3485 1476 3549 δόξαν
1533 3485 1734 3556 μᾶλλον
1765 3486 1833 3540 τὰ
1881 3485 2020 3557 ἔργα

429 3575 530 3645 τῆς
559 3575 820 3646 αἰσχύνης
879 3577 975 3631 καὶ¹
1026 3576 1162 3630 ίδίαν
1189 3576 1354 3648 τιμὴν
1386 3578 1712 3648 ἡγούμενος,
1754 3576 1869 3647 εἴγε
1900 3595 2021 3631 και-

431 3668 680 3739 νοπρεπῆ
725 3665 820 3722 καὶ
869 3668 971 3739 τῆς
1033 3669 1497 3741 ἐκκλησιαστικῆς
1528 3671 1883 3743 παραδόσεως
1925 3671 2022 3725 ἀλ-

434 3757 624 3828 λότρια
653 3759 988 3828 τεχνάζοιτο.
1039 3759 1180 3812 Ἀλλ’
1208 3763 1236 3813 ὁ
1273 3761 1371 3831 μὲν
1395 3759 1592 3824 οὕτως.

516 3848 594 3900 Οὐ
626 3849 982 3918 κατασιγήσω
1008 3849 1065 3902 δέ
1099 3848 1209 3918 ἐγὼ
1230 3850 1321 3903 τὸν
1349 3852 1440 3904 τοῦ
1461 3853 1738 3925 Καίσαρος
1767 3853 1975 3925 ὄνειρον
2004 3872 2018 3886 ·

435 3938 556 3991 οὐδὲ
613 3938 844 3994 δίκαιον.
882 3941 943 3992 Ei
990 3941 1100 4013 γάρ
1152 3944 1247 3996 καὶ
1295 3945 1345 3996 ot
1390 3944 1576 3997 πολλοὶ
1624 3945 1722 4016 μὲν
1756 3947 1934 4004 αὐτῶν
1959 3949 2022 4002 ἐκ

437 4032 547 4084 τῶν
617 4032 1001 4104 μεθημερινῶν
1085 4036 1384 4107 φροντίδων
1454 4037 1550 4090 καὶ
1618 4039 2023 4110 ἐνθυμημάτων

439 4123 626 4194 ἔχουσι
655 4124 753 4188 τὰς
784 4125 977 4197 ἀρχάς,
1017 4126 1204 4181 πολλοὶ
1229 4128 1287 4180 δέ
1323 4129 1417 4182 καὶ
1455 4128 1560 4182 ὑπὸ
1585 4129 1856 4200 δαιμόνων
1889 4132 2024 4185 καθ-

438 4216 684 4269 εύδουσιν
756 4218 1164 4272 ὑποτυποῦνται
1191 4233 1208 4250 ⁸
1262 4220 1398 4274 ἀλλά
1463 4221 1556 4274 καὶ
1611 4221 1718 4275 ὑπὸ
1774 4223 2025 4291 ἀγγέλων

438 4305 575 4358 Θεοῦ
612 4305 760 4361 ἔστιν
785 4309 873 4362 ὅτε
915 4310 1299 4380 προστάγματι
1339 4310 1769 4382 σχηματίζονται
1805 4311 1987 4386 [Θεοῦ]
2009 4354 2023 4377 ,

441 4397 536 4452 καὶ⁵
559 4400 652 4450 ἐπὶ
689 4403 806 4463 τοῖς
836 4400 1064 4472 ἄρχουσι
1097 4402 1155 4456 δέ
1189 4403 1424 4472 μάλιστα
1475 4403 1571 4457 καὶ
1612 4403 1946 4475 βασιλεῦσιν,
1975 4407 2024 4460 εί

441 4491 535 4543 καὶ
555 4491 629 4562 μὴ
650 4492 895 4557 εὐσεϐεῖς
918 4489 1046 4549 εἷεν.
1084 4493 1224 4548 Ἀλλ’
1247 4491 1341 4548 οὖν
1363 4495 1424 4547 τὸ
1447 4494 1666 4565 πνεῦμα
1694 4499 1794 4569 τῆς
1817 4514 2028 4568 προφη-

441 4583 609 4649 τείας,
649 4585 758 4638 εἵτε
815 4589 949 4658 πρὸς
995 4587 1058 4640 τὸ
1103 4588 1285 4652 αὐτοῖς
1327 4589 1558 4652 ἐκείνοις
1604 4590 1713 4642 εἴτε
1765 4591 1877 4653 τοῖς
1925 4590 2027 4642 ὐπ-

439 4675 626 4744 ηκόοις
658 4676 994 4745 λυσιτελοῦν,
1024 4679 1281 4741 πολλάκις
1313 4683 1559 4753 ἐνεργεῖν
1596 4675 1738 4735 οἶδεν
1764 4697 1777 4710 ·
1811 4680 1888 4746 ὡς
1929 4682 2025 4736 ἐπὶ

442 4762 536 4816 τοῦ
562 4765 764 4834 Φαραὼ
808 4765 905 4819 καὶ
945 4767 1041 4820 τοῦ
1085 4768 1560 4839 Ναὸουχοδονόσορ
1596 4770 2022 4841 μεμαθήκαμεν.

444 4854 600 4906 Οὕτω
628 4856 721 4908 καὶ
754 4856 968 4927 Βάρδας
1017 4860 1044 4910 ὁ
1090 4860 1309 4929 Καῖσαρ
1361 4851 1516 4923 οὗτος
1544 4860 1796 4913 Φιλόθεον
1818 4862 2024 4914 ἐκεῖνον

443 4948 681 5013 γενικῶν
714 4967 844 5003 ποτε
867 4950 1180 5020 λογοθέτην,
1212 4952 1476 5021 καὶφίλον
1508 4953 1655 5023 αύτῷ
1685 4954 1874 5007 πιστὸν
1896 4953 2027 5008 ὄντα

445 5041 988 5112 προσκαλεσάμενος,
1048 5041 1167 5096 λίαν
1235 5043 1395 5114 ἐῴκει
1437 5044 1898 5116 τεθορυϐημένω·
1930 5047 2026 5099 καὶ

442 5130 680 5201 ἄαθματι
712 5133 900 5203 πυκνῷ
929 5134 1307 5204 συνεχόμενος,
1339 5134 1404 5185 Ὤ
1434 5133 1814 5204 Φιλόθεε,ἐφη,
1845 5134 2027 5205 ὅραμα

444 5217 603 5289 εἶδον,
629 5226 724 5278 καὶ
757 5227 935 5282 πάντα
999 5244 1101 5296 μου
1165 5226 1456 5298 συνέτριψε
1488 5227 1556 5280 τά
1586 5228 1740 5289 ὀστᾶ,
1769 5228 1866 5280 καὶ
1897 5227 2025 5290 τοὺς

443 5316 654 5387 ἀρμοὺς
675 5322 772 5391 τῆς
802 5321 1004 5390 ὀσφύος
1031 5339 1130 5390 μου
1157 5321 1364 5374 ἔλυσεν.
1397 5321 1576 5391 ᾪμην
1597 5321 1706 5390 γὰρ
1737 5320 2022 5374 κατάταύ-

442 5420 546 5475 την
569 5408 669 5476 τὴν
693 5409 886 5474 νύκτα,
923 5411 997 5473 ὡς
1020 5410 1178 5480 δῆθεν
1205 5409 1577 5482 προελεύσεως
1605 5409 1794 5480 οὔσης,
1823 5411 1902 5474 εἰς
1927 5410 2025 5482 τὴν

443 5499 703 5571 Μεγάλην
740 5503 1068 5575 Ἐκκλησίαν
1102 5505 1241 5575 μετά
1286 5501 1382 5557 τοῦ
1446 5503 1712 5575 βασιλέως
1760 5504 1989 5560 εἰσιέναι
2017 5523 2030 5538 ο

515 5681 536 5712 ⁷
559 5680 703 5736 Psal.
737 5697 882 5748 xmx,
915 5683 999 5737 16.

517 5857 595 5929 ('7)
624 5857 756 5917 Vide
787 5861 1041 5920 Basilium
1082 5866 1205 5937 130,
1236 5866 1302 5922 ad
1341 5866 1682 5923 Theodotum.

2118 3375 2210 3432 sed
2230 3373 2514 3446 magniﬁce
2535 3373 2696 3428 etiam
2718 3387 2776 3427 se
2799 3372 3126 3436 ostentabat,
3150 3379 3300 3426 ratus
3328 3387 3390 3426 ex
3422 3371 3632 3426 honore
3651 3373 3704 3426 id

2118 3483 2219 3523 suo
2241 3467 2613 3538 dignitateque
2642 3465 2781 3528 fore,
2814 3466 2856 3520 si
2890 3481 2998 3538 qua
3028 3481 3165 3520 nova
3195 3473 3249 3518 et
3275 3466 3342 3519 ab
3370 3465 3706 3520 ecclesiasti-

2119 3577 2181 3616 ca
2209 3559 2497 3629 disciplina
2544 3559 2721 3614 aliena
2758 3557 3118 3628 excogitaret.
3154 3557 3334 3628 Atque
3360 3556 3435 3612 ita
3481 3556 3703 3628 quidem

2119 3669 2178 3710 se
2202 3655 2425 3726 gerebat
2455 3651 2706 3709 Photius.

2192 3831 2297 3887 Sed
2333 3845 2363 3886 a
2403 3844 2510 3894 me,
2563 3845 2661 3901 per
2707 3843 2962 3884 somnum
2998 3827 3188 3883 Bardae
3234 3827 3436 3883 Caesari
3483 3826 3697 3898 objecta

2123 3927 2335 3996 species
2371 3926 2572 3995 (neque
2601 3923 2746 3980 enim
2774 3923 2856 3978 fas
2877 3924 3002 3992 est),
3051 3922 3269 3978 silentio
3304 3913 3567 3990 praeteriri
3597 3935 3706 3973 non

2123 4019 2302 4074 debet.
2355 4016 2620 4084 Quamvis
2679 4016 2824 4071 enim
2883 4015 3054 4069 multa
3103 4029 3134 4068 a
3181 4013 3412 4083 negotiis
3443 4027 3538 4082 per
3564 4012 3707 4066 diem

2124 4111 2260 4166 actis
2289 4110 2372 4165 vel
2401 4100 2650 4179 cogitatis
2683 4123 2906 4163 causam
2933 4106 3179 4171 trahant,
3219 4119 3317 4159 nec
3344 4119 3518 4174 pauca
3548 4118 3576 4156 a
3601 4102 3710 4156 da:-

2123 4203 2379 4258 tnonibus
2405 4217 2499 4270 per
2528 4200 2792 4271 imagines
2827 4199 3227 4268 subjiciuntur;
3261 4207 3345 4252 est
3372 4205 3550 4250 tamen
3581 4211 3708 4251 cum

2125 4295 2289 4351 etiam
2318 4310 2347 4349 a
2381 4295 2538 4350 bonis
2565 4293 2772 4364 angelis
2797 4293 2958 4363 jussu
3007 4291 3098 4346 Dei
3147 4298 3538 4360 suggeruntur,
3566 4305 3710 4360 prte-

2128 4387 2317 4444 sertim
2372 4385 2785 4456 magistratibus
2837 4395 2891 4440 et
2932 4383 3172 4454 regibus,
3219 4381 3471 4452 quamvis
3504 4380 3706 4448 impiis.

2127 4480 2264 4536 Nam
2290 4481 2516 4552 Spiritus
2541 4479 2840 4550 prophetia:
2857 4479 2965 4534 vim
3009 4492 3188 4540 suam,
3218 4477 3332 4530 sive
3365 4473 3430 4528 ad
3463 4474 3706 4544 ipsorum

2130 4574 2461 4645 principum,
2527 4573 2644 4628 sive
2687 4572 2794 4627 illis
2851 4571 3226 4642 subjectorutn
3277 4569 3504 4624 salutem
3559 4570 3711 4624 novit

2132 4683 2274 4738 saepe
2301 4682 2525 4722 exerere
2550 4684 2562 4720 :
2592 4665 2646 4720 id
2692 4666 2839 4736 quod
2868 4663 3141 4719 Pharaoni
3177 4673 3230 4717 et
3275 4661 3712 4716 Nabuchodono-

2133 4761 2244 4816 sori
2271 4760 2537 4815 accidisse
2568 4759 2882 4813 didicimus.
2919 4758 2995 4812 lla
3027 4756 3229 4810 Bardas
3263 4755 3448 4810 Caesar
3481 4753 3711 4807 familia-

2134 4870 2247 4907 rem
2275 4868 2436 4908 suum
2469 4861 2789 4922 certumque
2839 4850 3073 4904 amicum
3131 4848 3498 4913 Philotheum,
3532 4859 3710 4915 quon-

2133 4947 2256 5002 dant
2299 4945 2616 5015 genicorum
2677 4945 3032 5011 logothclam,
3069 4939 3576 5010 perturbatissitnus
3615 4951 3711 4989 ac-

2133 5039 2353 5094 cersivit
2374 5078 2387 5103 ,
2422 5038 2762 5105 multumque
2785 5035 3083 5088 anhelans:
3114 5031 3180 5084 Mi
3216 5029 3487 5094 Philothe,
3514 5026 3710 5096 inquit,

2133 5131 2404 5185 somnium
2453 5128 2586 5190 vidi,
2640 5126 2786 5194 quod
2843 5125 3027 5178 omnia
3087 5137 3214 5178 ossa
3255 5136 3373 5176 mea
3431 5117 3710 5181 contrivit.

2135 5235 2436 5290 omnesque
2495 5219 2746 5289 corporis
2804 5232 3002 5272 nervos
3060 5212 3331 5270 dissolvit.
3391 5209 3503 5265 liae
3553 5221 3714 5264 nocte

2138 5313 2283 5367 enim
2318 5311 2540 5366 videbar
2587 5319 2845 5378 tanquam
2879 5307 2930 5360 in
2966 5306 3183 5379 publica
3221 5319 3414 5374 pompa
3450 5317 3575 5356 cum
3610 5301 3711 5353 int-

2135 5416 2384 5476 peratore
2413 5403 2478 5457 ad
2507 5417 2756 5472 tnagnatn
2791 5399 3072 5455 basilicam
3115 5396 3335 5468 prodire
3356 5436 3370 5460 ,
3421 5392 3716 5462 vidcrcque

2134 5501 2586 5572 archangelorutn
2617 5497 2817 5568 clligies
2881 5513 2977 5569 per
3025 5495 3294 5552 fenestras
3325 5505 3516 5550 omnes
3549 5504 3714 5560 supc-
