3988 6484
338 411 441 476 535

1539 425 1830 487 NICET/E
1868 429 2318 494 PAPHIAGON
2327 435 2398 494 IS

3494 438 3598 501 5736

333 526 509 583 riores
536 536 590 584 et
623 528 908 585 inferiores
940 531 993 585 in
1050 533 1311 604 templum
1363 538 1633 608 respicere
1670 557 1684 593 :
1714 550 1910 596 etcum

2023 546 2157 598 κατὰ
2183 546 2363 609 πάσας
2382 545 2439 599 δὲ
2461 544 2681 615 θυρίδας
2704 545 2802 610 τὰς
2836 545 2950 602 ἀνω
2967 546 3064 603 καὶ
3086 547 3187 613 τὰς
3214 546 3364 604 κάτω
3382 550 3598 616 είκόνας

332 620 397 673 ad
431 621 719 677 antbonem
767 624 1141 693 venissemus,
1183 631 1409 699 spectati
1447 642 1573 687 sunt
1608 633 1771 687 veluti
1802 635 1909 690 duo

332 725 362 764 a
400 712 689 780 cubiculis,
722 715 895 769 severi
916 731 977 770 ac
1004 727 1186 774 truces
1219 738 1231 773 :
1267 736 1501 789 quorum
1551 724 1691 779 alter
1730 726 1907 796 ipsum

333 802 717 873 imperatorem
771 806 1014 861 vinctum
1060 810 1301 879 capiens,
1352 812 1418 867 ad
1472 813 1721 869 dextrum
1769 816 1911 871 latus

331 901 590 959 tractum,
650 910 681 951 e
730 896 1044 964 pavimento
1121 900 1376 957 cancellis
1457 905 1708 973 proximo
1764 906 1913 961 velut

334 988 559 1040 noxium
626 987 1057 1059 damnatumque
1097 991 1381 1061 pellebat:
1427 996 1564 1049 alter
1635 1013 1765 1052 vero
1825 1014 1911 1055 me

331 1077 444 1144 pari
481 1076 641 1131 modo
667 1076 732 1130 ad
766 1078 1043 1132 sinistram
1069 1091 1277 1150 partem
1316 1082 1639 1140 abducebat.
1685 1084 1751 1141 Et
1780 1087 1907 1141 dum

330 1179 552 1237 repente
590 1170 1006 1241 circumspicio,
1062 1174 1441 1232 animadverto
1471 1178 1525 1232 in
1578 1180 1778 1234 throno
1812 1195 1903 1250 pa-

330 1261 607 1316 triarchali
665 1265 716 1317 in
773 1264 950 1335 adytis
1009 1266 1188 1321 virum
1238 1269 1471 1339 principi
1539 1273 1910 1341 apostolorum

218 1359 229 1370 ‘
326 1350 484 1406 Petro
517 1351 689 1408 forma
728 1354 1089 1426 simillimum,
1118 1360 1472 1431 geminosque
1497 1362 1573 1417 illi
1595 1364 1913 1420 assistentes

327 1460 461 1501 sane
524 1445 917 1513 formidabiles,
973 1451 1065 1519 qui
1116 1452 1536 1521 praipositorum
1595 1454 1911 1523 dignitatem

328 1553 437 1605 pra:
467 1555 526 1595 se
544 1539 807 1596 ferebant.
844 1542 923 1597 Ad
956 1543 1195 1599 sedentis
1239 1559 1405 1615 porro
1436 1562 1613 1618 genua
1660 1561 1914 1616 procum-

328 1633 543 1688 bentem
585 1649 752 1690 cerno
799 1635 1067 1707 lgnatium
1133 1639 1457 1708 supplicem,
1492 1641 1788 1711 multisque
1828 1641 1912 1696 la-

326 1725 530 1794 crymis
587 1725 912 1795 perfusum;
979 1728 1118 1785 adeo
1171 1741 1229 1785 ut
1276 1732 1394 1802 ipse
1456 1748 1676 1802 quoque
1719 1732 1913 1790 Petrus

327 1816 517 1887 lgnatii
556 1820 723 1875 vicem
749 1821 1042 1878 miseratus
1072 1825 1418 1895 ingemuerit.
1464 1826 1635 1881 Porro
1670 1828 1911 1899 lgnatius

2015 638 2148 708 όρᾷν
2188 638 2405 692 ἐδόκουν
2449 638 2857 709 ἀρχαγγελικὰς
2900 640 3033 709 πρὸς
3085 640 3179 694 τὸν
3206 641 3332 695 ναὸν
3366 641 3597 712 βλεπού-

2017 744 2148 792 σας⁶
2182 730 2279 783 καὶ
2312 731 2399 784 ὅτε
2435 730 2664 802 πλησίον
2722 726 2865 802 ἦμεν
2891 732 2986 785 τοῦ
3020 732 3298 803 ἄμϐωνας,
3334 733 3597 805 ὤφθησαν

2015 820 2204 891 ῶσπερ
2234 822 2673 893 κουϐικουλάριοι
2702 821 2796 876 δύο
2825 824 3094 895 ἀπότομοι
3147 826 3242 878 καὶ
3271 826 3554 896 ἐμϐριθεῖς
3577 845 3593 861 ·

2015 904 2091 965 ὧν
2153 913 2181 965 6
2229 911 2328 983 μὲν
2383 912 2601 983 δέσμιον
2631 916 2724 967 τὸν
2774 914 3001 985 βασιλέα
3037 915 3239 979 λαϐὼν,
3280 918 3375 971 καὶ
3404 918 3495 971 ἐπὶ
3525 918 3595 972 τὰ

2017 1004 2169 1069 δεξιά
2199 1003 2549 1075 κατασύρων,
2593 1004 2849 1071 ἐξωθεῖτο
2874 1007 2974 1076 τῆς
3010 1008 3220 1075 σολέας,
3248 1009 3594 1081 κατακρίνων

2015 1100 2090 1160 ὡς
2119 1095 2420 1149 ὑπεύθυνον
2451 1112 2465 1126 ⁸
2499 1097 2599 1167 ἐμὲ
2646 1100 2674 1152 6
2726 1099 2915 1171 ἐτερος
2956 1100 3331 1173 ὁμοιοτρόπως
3371 1101 3460 1154 διὰ
3484 1101 3594 1154 τῶν

2016 1187 2327 1259 ἀριστερῶν
2382 1188 2620 1260 ἀπῆγεν.
2647 1190 2836 1260 Ἀφνω
2884 1192 2940 1246 δὲ
2975 1192 3463 1265 περιϐλεψάμενος,
3485 1193 3597 1264 όρῶ

2017 1281 2073 1332 ἐν
2096 1280 2173 1352 τῷ
2215 1280 2493 1353 συνθρόνῳ
2525 1282 2619 1336 τοῦ
2652 1284 2849 1338 ἀδύτου
2881 1285 3193 1357 καθήμενον
3229 1286 3397 1357 ἄνδρα
3421 1282 3598 1356 γηρα-

2015 1369 2157 1438 λέον,
2179 1372 2616 1443 ἀπαραλλάκτως
2644 1375 2862 1430 ἐοικότα
2881 1379 2945 1448 τῇ
2973 1377 3141 1431 εἰκόνι
3164 1376 3260 1430 τοῦ
3294 1376 3595 1447 κορυφαίου

2017 1462 2130 1515 τῶν
2176 1463 2490 1517 ἀποστόλων
2541 1465 2774 1537 Πέτρου,
2824 1467 2919 1521 καὶ
2947 1467 3097 1537 αὐτῷ
3147 1466 3242 1520 δύο
3272 1468 3417 1530 τινὲς
3454 1484 3598 1539 παρ-

2014 1555 2361 1623 ειστήκεισαν
2376 1555 2618 1626 σοϐαροὶ,
2635 1573 2843 1626 πραιπο
2852 1557 3010 1613 σίτων
3025 1557 3177 1623 τάξιν
3192 1558 3597 1628 ἐπιφαίνοντες.

2029 1645 2171 1718 Ὀρῶ
2194 1634 2253 1700 δέ
2287 1647 2422 1717 πρὸς
2441 1650 2554 1711 τοῖς
2598 1647 2791 1716 γόνασι
2832 1648 2925 1702 τοῦ
2954 1650 3267 1720 καθημένου
3289 1650 3381 1703 τὸν
3419 1651 3598 1719 Ἰγνά-

2013 1754 2127 1791 τιον
2164 1739 2495 1804 ἱκετεύοντα,
2524 1741 2619 1795 καὶ
2651 1741 2867 1805 πολλοῖς
2906 1740 3136 1814 δάκρυσι
3161 1742 3596 1814 περιρῤαινόμε·

2016 1850 2107 1886 νον
2136 1832 2329 1898 οὕτως,
2361 1833 2502 1887 ὥστε
2544 1835 2796 1889 κάκεῖνον
2827 1835 2975 1907 αὐτῷ
3010 1836 3448 1910 συλλυπούμενον
3475 1855 3599 1892 στε-

328 1911 644 1967 clamitabat
679 1914 965 1986 :Claviger
994 1917 1233 1973 caelestis
1268 1919 1442 1988 regni,
1480 1926 1535 1974 et
1566 1930 1716 1989 petra
1750 1934 1916 1989 super

2023 1924 2197 1989 νάξαι.
2256 1927 2366 1979 Καὶ
2411 1926 2573 1989 αὐτὸς
2617 1926 2779 1980 ἐϐόα·
2824 1927 3117 1998 κλειδοῦχε
3177 1909 3599 2001 τῆςίβασιλείας

328 2018 493 2072 quam
552 2005 805 2061 Christus
844 2006 985 2063 Deus
1027 2007 1332 2063 Ecclesiam
1369 2024 1522 2063 suam
1574 2009 1832 2072 ﬁrmavit,
1874 2002 1919 2064 si

329 2097 549 2166 quidem
579 2099 675 2153 tibi
707 2100 947 2170 ignotum
986 2116 1096 2155 non
1134 2115 1237 2168 est,
1278 2118 1442 2173 quam
1484 2102 1672 2172 inique
1703 2116 1919 2156 mecum

329 2200 510 2245 actum
546 2191 637 2257 sit,
687 2192 867 2247 solare
920 2193 1334 2249 amictissimam
1392 2202 1667 2249 senectam
1716 2208 1918 2248 meam.
1962 2232 1973 2235 μ

326 2279 430 2334 Cui
471 2280 664 2335 beatus
718 2281 913 2336 Petrus
951 2281 1228 2338 :Ostende
1295 2291 1608 2337 vexatorem
1654 2289 1829 2342 tuum,
1867 2288 1922 2334 et

326 2370 471 2427 Deus
522 2372 684 2428 faciet
739 2389 865 2428 cum
920 2374 1224 2429 tentatione
1275 2380 1640 2444 proventum;
1697 2381 1751 2426 et
1792 2387 1921 2427 con—

328 2481 523 2521 versus
567 2466 810 2537 Iguatius
855 2483 1020 2521 manu
1056 2483 1141 2521 me
1195 2467 1511 2531 indicabat;
1552 2475 1645 2521 et:
1679 2463 1799 2527 Hic,
1837 2465 1918 2518 in-

327 2559 471 2626 quit,
511 2559 632 2627 plus
660 2559 921 2615 omnibus
962 2576 1048 2614 tne
1090 2560 1300 2626 afﬂixit,
1339 2569 1396 2615 ut
1430 2575 1591 2630 quem
1648 2559 1796 2613 nulla
1838 2572 1923 2613 sa-

334 2650 493 2705 tietas
548 2652 651 2705 mei
710 2652 992 2707 eruciaudi
1029 2653 1252 2723 ceperit.
1301 2652 1437 2707 Tum
1483 2651 1577 2722 qui
1624 2652 1679 2706 in
1721 2651 1918 2705 throno

329 2743 669 2804 considebat,
700 2759 827 2799 cum
861 2745 1146 2801 annuisset
1196 2744 1272 2798 illi
1316 2744 1408 2814 qui
1445 2744 1509 2798 ad
1546 2744 1795 2797 dextram
1828 2756 1920 2795 as-

330 2836 579 2902 sistebat,
607 2838 801 2893 educta
838 2839 1032 2903 sicula,
1065 2840 1244 2909 palam
1278 2838 1534 2893 omnibus
1571 2836 1919 2891 audientibus

329 2934 660 2985 sententiam
730 2936 1125 3002 pronuntiavit.
1196 2931 1370 2999 liunc,
1423 2933 1624 3001 inquit,
1681 2930 1915 2985 invisum

334 3021 441 3077 Deo
498 3022 732 3077 Bardam
764 3025 1056 3093 prehende,
1092 3032 1145 3080 et
1174 3024 1303 3080 foris
1344 3025 1395 3078 in
1450 3024 1589 3078 atrio
1643 3022 1914 3077 frustatim

330 3115 579 3171 concide.
641 3115 926 3187 Extemplo
962 3133 1092 3185 ergo
1137 3118 1205 3173 ad
1257 3116 1586 3188 supplicium
1638 3116 1916 3185 abreptus,

332 3209 443 3263 vidi
499 3210 645 3279 quod
706 3218 762 3266 et
806 3211 1123 3281 imperatori
1178 3210 1379 3265 minaci
1440 3225 1607 3265 manu
1661 3210 1912 3265 diceret:

332 3300 619 3373 Exspecta,
662 3303 827 3373 impie
873 3303 971 3359 fili.
1030 3305 1209 3373 Atque
1247 3304 1321 3358 ita
1368 3303 1500 3357 mihi
1528 3303 1678 3358 visus
1709 3317 1828 3356 sum
1863 3318 1923 3355 re

331 3411 462 3449 vera
494 3396 731 3449 concidi.
766 3394 890 3450 llmc
927 3395 1130 3451 Caesari
1168 3396 1399 3451 attonito
1426 3403 1479 3450 et
1509 3410 1632 3451 cum
1665 3393 1923 3465 lacrymis

334 3489 603 3555 narranti,
637 3488 976 3560 TheOpliilus
1011 3491 1243 3556 :Parce,
1285 3490 1482 3559 inquit,
1513 3489 1753 3552 domine,
1783 3486 1923 3542 infe-

337 3581 606 3636 licissimo
631 3582 771 3649 seni,
810 3590 865 3637 et
903 3583 969 3637 ad
1022 3583 1114 3637 Dei
1145 3582 1382 3637 tribunal
1424 3582 1747 3651 respiciens,
1797 3595 1922 3635 eum

335 3688 518 3744 neque
538 3674 684 3745 jure,
713 3690 891 3744 neque
928 3674 1128 3744 injuria
1156 3674 1341 3730 laedas.
1370 3672 1475 3729 Sed
1506 3673 1710 3729 Bardas
1744 3688 1811 3726 ne
1843 3662 1935 3727 sic'

334 3766 555 3835 quidem
601 3766 773 3820 voluit
821 3767 1144 3836 intelligere,
1178 3775 1237 3821 ut
1261 3766 1397 3821 bene
1440 3772 1659 3835 ageret;
1686 3764 1778 3820 sed
1813 3763 1924 3818 for-

336 3856 611 3913 midandis
637 3858 788 3913 hisce
818 3859 1342 3914 comminationibus
1370 3858 1646 3913 oblivione
1673 3856 1921 3926 sepultis,

340 3952 658 4020 prOperavit
702 3962 924 4022 peccata
983 3968 1081 4007 sua
1131 3953 1451 4023 adimplere,
1505 3951 1791 4021 utjustam
1829 3949 1923 4003 Dei

335 4041 635 4097 vindictam
694 4043 747 4097 iu
812 4059 872 4099 se
930 4044 1253 4100 concitaret.
1309 4042 1504 4099 Statim
1553 4045 1772 4114 quippe,
1806 4043 1925 4113 ipso

334 4132 806 4204 solemnisjejunii
840 4136 1088 4202 exordio,
1122 4134 1359 4191 Leonem
1393 4135 1542 4190 illum
1562 4145 1925 4206 cognomento

334 4226 674 4293 Ptaolemen,
704 4239 1021 4299 _cognatum
1055 4228 1255 4294 Photii,
1291 4244 1416 4284 cum
1449 4230 1709 4284 satellitio
1752 4231 1803 4284 in
1833 4230 1922 4285 in-

335 4318 509 4374 sulam
536 4319 722 4387 mittit,
751 4321 997 4393 adeoque
1022 4331 1169 4377 arcte
1198 4322 1464 4377 custodiri
1502 4324 1747 4394 praecipit
1768 4324 1925 4394 lgna-

335 4411 493 4474 tium,
526 4423 583 4467 ut
627 4428 697 4467 ne
743 4415 916 4468 sacris
946 4415 1166 4484 quidem
1224 4416 1443 4484 operari
1490 4425 1699 4486 posset,
1752 4433 1925 4489 neque

334 4503 589 4574 cuiquam
642 4505 799 4575 copia
860 4506 1013 4561 ﬁeret
1060 4508 1208 4563 illius
1253 4509 1639 4574 conveniendi,
1691 4526 1792 4566 nec
1845 4512 1922 4566 illi

2021 2017 2129 2070 τῶν
2157 2018 2421 2089 οὐρανῶν,
2471 2019 2568 2071 καὶ
2627 2019 2805 2093 πέτρα
2848 2022 2905 2073 ἐν
3015 2022 3250 2090 Χριστὸς
3278 2024 3306 2075 6
3335 2023 3469 2086 Θεὸς
3499 2022 3600 2094 τὴν

2020 2108 2187 2162 αύτοῦ
2243 2109 2575 2182 Ἐκκλησίαν
2619 2112 2958 2183 ἐστηρίξατο,
2994 2114 3045 2166 εί
3085 2110 3254 2180 οἶδας,
3280 2115 3375 2168 ’ὃτι
3405 2115 3598 2185 ὴδική·

2022 2199 2142 2270 θην,
2179 2199 2578 2272 παραμύθησόν
2609 2219 2709 2273 μου
2739 2202 2801 2255 τὸ
2828 2202 3190 2256 πολύθλιπτον
3233 2204 3433 2274 γῆρας.
3470 2204 3526 2256 ’0
3543 2204 3599 2255 δέ

2020 2290 2158 2360 πρὸς
2186 2290 2371 2354 αὐτὸν,
2424 2289 2630 2358 Δεῖξον,
2662 2291 2790 2363 ἔφη,
2841 2291 2932 2345 τὸν
2974 2292 3310 2363 ἀδικήσαντά
3347 2310 3428 2359 σε,
3459 2294 3601 2347 καὶὸ

2019 2383 2149 2446 Θεὸς
2184 2382 2281 2436 σὺν
2328 2382 2405 2453 τῷ
2458 2383 2751 2456 πειρασμῷ
2796 2387 3011 2456 ποιήσει
3060 2388 3156 2438 καὶ
3196 2384 3297 2456 τὴν
3348 2384 3596 2438 ἔκϐασιν.

2020 2475 2129 2527 Καὶ
2161 2475 2422 2545 στραφεὶς
2470 2476 2498 2527 6
2549 2476 2809 2544 Ἰγνάτιος
2860 2478 2924 2548 τῇ
2962 2475 3111 2548 δεξιᾷ
3140 2477 3284 2548 χειρὶ
3323 2474 3600 2540 ἐπέδειξεν

2019 2569 2141 2639 ἐμὲ,
2179 2569 2353 2638 λέγων
2374 2586 2387 2600 θ
2417 2564 2589 2633 οἶ5τος
2618 2572 3003 2643 περισσότερον
3036 2571 3256 2624 πάντων
3289 2570 3600 2641 ἐλυμήνατό

2023 2676 2089 2729 με
2118 2660 2247 2712 ’καὶ
2280 2660 2442 2730 κόρον
2499 2661 2598 2730 τῆς
2652 2662 2774 2715 κατ’
2824 2660 2960 2732 ἐμοῦ
3010 2661 3221 2733 ὕϐρεως
3274 2662 3373 2715 οὐκ
3417 2661 3595 2731 ἔσχεν.

2019 2752 2233 2815 Νεύσας
2274 2748 2366 2806 οὖν
2410 2754 2437 2806 6
2486 2752 2579 2805 ἐπὶ
2625 2753 2721 2807 τοῦ
2760 2754 2953 2824 θρόνου
3009 2755 3146 2825 πρὸς
3180 2754 3270 2808 τὸν
3315 2755 3379 2807 ἐκ
3407 2753 3599 2821 δεξιῶν

2020 2843 2187 2898 αὑτοῦ
2255 2844 2657 2913 καθεστηκότα,
2725 2846 2820 2899 καὶ
2880 2845 3085 2917 μικράν
3123 2846 3265 2900 πάνυ
3324 2845 3599 2917 μάχαιραν

2020 2935 2283 2999 ἐκϐαλὼν,
2318 2937 2397 2999 εἰς
2422 2936 2658 3006 ἐπήκοον
2688 2936 2906 2989 πάντων
2925 2938 3277 3019 άπεφήνατο;
3311 2938 3416 2991 Τὸν
3448 2936 3602 3007 θεόρ-

2019 3040 2203 3084 γιστον
2260 3024 2472 3094 Βάρδαν
2529 3024 2853 3095 παράλαϐε,
2900 3026 2995 3079 καὶ
3042 3027 3147 3099 πρὸ
3195 3026 3285 3080 τοῦ
3327 3026 3599 3098 νάρθηκος

2021 3114 2126 3181 ἔξω
2185 3117 2495 3187 κατάκοψον
2548 3117 2796 3188 μεληδόν.
2829 3119 3038 3172 Αὐτίκα
3071 3120 3269 3184 τοίνυν,
3308 3118 3602 3190 ἑλκόμενος

2023 3208 2183 3277 δῆθεν
2212 3209 2346 3278 πρὸς
2398 3210 2647 3277 θάνατον,
2689 3207 2848 3278 εἶδον,
2885 3213 2966 3266 ὅτι
3010 3212 3210 3283 καὶτῷ
3252 3212 3462 3282 βασιλεί
3503 3210 3603 3281 τὴν

2024 3306 2187 3374 χεῖρα
2224 3303 2499 3369 ἐπισείων,
2540 3304 2820 3371 Ἐκδεξαι,
2879 3306 3005 3376 ἐφη.
3054 3307 3449 3360 ἀσεϐότεκνον’
3509 3306 3605 3359 καὶ

2025 3393 2197 3456 οὕτως
2241 3394 2476 3464 ἐμαυτὸν
2541 3391 2682 3448 εἶδον
2753 3396 2827 3459 ὡς
2881 3397 3030 3468 ῦπαρ
3078 3396 3600 3468 καταμελιξόμενον.

2025 3486 2211 3540 Ταῦτα
2252 3487 2352 3555 μὲν
2389 3490 2417 3540 ὁ
2468 3489 2688 3560 Καῖσαρ
2720 3488 3102 3559 θαμϐούμενος
3141 3489 3257 3559 ἅμα
3286 3488 3379 3542 καὶ
3401 3487 3604 3542 κλαίων

2024 3579 2287 3650 ἐξηγεῖτο.
2322 3580 2462 3651 Πρὸς
2519 3580 2577 3633 ὃν
2617 3583 2841 3645 ἐκεῖνος,
2897 3584 3105 3647 Φεῖσαι,
3138 3575 3181 3635 ὦ
3213 3580 3472 3643 δέσποτα,
3502 3579 3598 3633 τοῦ

2027 3672 2323 3727 παναθλίου
2355 3673 2633 3745 γέροντος,
2652 3672 2794 3738 εἷπε,
2833 3677 2928 3729 καὶ
2950 3676 3083 3746 πρὸς
3108 3675 3167 3727 τὸ
3196 3675 3289 3727 τοῦ
3316 3673 3452 3726 Θεοῦ
3478 3690 3603 3745 κρι-

2024 3765 2213 3837 τήριον
2244 3766 2487 3836 ἀφορῶν,
2538 3768 2676 3837 μήτε
2719 3766 2963 3833 δικαίως,
3006 3767 3131 3837 μήτ’
3174 3766 3266 3820 οὖν
3292 3766 3490 3829 ἀδίκως
3523 3765 3604 3819 ἐτι

2027 3856 2325 3924 πονηρεύου
2354 3857 2475 3910 κατ’
2511 3856 2694 3910 αὐτοῦ.
2732 3856 2869 3909 Ἀλλ’
2896 3858 3045 3927 ὅμως
3076 3860 3283 3921 ἐκεῖνος
3309 3856 3606 3921 ούδόὖτως

2023 3949 2300 4020 ἠϐουλήθη
2331 3950 2568 4004 συνιέναι
2607 3949 2701 4002 τοῦ
2733 3949 3002 4017 ἀγαθῦναι
3024 3966 3037 3979 ·
3069 3951 3374 4021 ἁμνηστείᾳ
3404 3949 3459 4002 δὲ
3507 3948 3605 4019 τὴν

2027 4042 2273 4115 φρικώδη
2338 4043 2545 4113 ταύτην
2602 4045 2881 4115 παραδοὺς
2934 4043 3185 4114 ἀπειλὴν,
3226 4041 3455 4095 ἔσπευδε
3506 4041 3606 4104 τάς

2024 4136 2231 4198 οἰκείας
2285 4135 2680 4207 ἀναπληρῶσαι
2732 4136 3032 4207 ἁμαρτίας,
3065 4136 3132 4189 ἵν’
3166 4134 3371 4189 ἔνδικον
3398 4132 3607 4189 ἄνωθεν

2027 4228 2112 4299 ἐφ’
2138 4229 2329 4282 ἐαυτὸν
2354 4230 2730 4301 ἐπισπάσηται
2754 4230 2853 4301 τὴν
2895 4230 3087 4301 ὀργήν.
3126 4228 3303 4292 Εὐθὺς
3332 4227 3442 4299 γὰρ
3469 4225 3609 4299 πρὸς

2024 4321 2217 4384 αὑταῖς
2240 4320 2347 4376 τῶν
2373 4322 2637 4392 νηστειῶν
2665 4324 2787 4385 ταῖς
2831 4321 3133 4385 είσϐάσεσι,
3161 4320 3369 4374 Λέοντα
3397 4320 3608 4373 ἐκεῖνον

2028 4412 2498 4485 τὸνῚιταολήμην
2558 4413 3054 4484 ἐπονομαζόμενον,
3108 4413 3346 4482 συγγενῆ
3397 4411 3608 4465 Φωτίου

2029 4505 2388 4575 τυγχάνοντα,
2429 4507 2567 4576 μετά
2618 4505 2971 4578 στρατιωτῶν
3015 4506 3095 4568 εἰς
3131 4507 3232 4575 τὴν
3276 4504 3439 4574 νῆσον
3468 4505 3610 4557 dmo-

334 4596 591 4651 exeundi.
627 4595 762 4651 Cum
789 4599 855 4654 ad
888 4600 1108 4654 tertium
1133 4616 1378 4656 mensem
1416 4602 1491 4657 ita
1525 4603 1919 4660 circumclusus

2033 4598 2261 4663 στέλλει,
2297 4598 2391 4651 καὶ
2418 4598 2791 4669 παραγγέλλει
2824 4597 2967 4653 οὓτω
3000 4595 3284 4668 τηρεῖσθαι
3313 4596 3405 4649 τὸν
3434 4596 3609 4665 Ἰγνά-

335 4688 655 4751 mansisset,
692 4691 1188 4760 somniiprazdictio
1230 4693 1628 4749 maturabatur.
1660 4693 1922 4751 Michaele

336 4793 574 4846 namque
612 4777 1015 4848 expeditionem
1050 4780 1101 4833 in
1148 4778 1366 4834 Cretam
1399 4781 1752 4851 suscipiente,
1785 4779 1918 4835 Bar-

334 4870 434 4926 das
484 4885 607 4924 cum
680 4871 772 4925 illo
817 4870 930 4941 jam
985 4871 1051 4927 ad
1084 4869 1378 4927 Hortorum
1431 4873 1609 4927 locum
1644 4874 1737 4943 qui
1776 4872 1917 4928 dici-

334 4972 426 5018 tur
447 4979 810 5035 progressus,
864 4964 1012 5036 quod
1067 4964 1299 5022 insidias
1343 4965 1661 5036 imperatori
1708 4978 1920 5021 struere

334 5056 610 5111 diceretur
630 5057 858 5128 (ccelesti
877 5073 1068 5127 nempe
1083 5058 1321 5113 vindicta
1342 5059 1493 5113 illum
1508 5058 1918 5130 prosequente),

336 5148 558 5203 ultimas
588 5148 695 5204 Deo
724 5165 914 5219 poenas
939 5150 1192 5218 exsolvit,
1226 5148 1529 5221 gladiisque
1552 5150 1921 5204 miserandum

336 5242 393 5295 in
464 5243 685 5296 modum
730 5244 1073 5298 membratim
1104 5253 1189 5299 est
1233 5244 1523 5300 dissectus.
1567 5242 1700 5298 Tam
1733 5242 1923 5299 infami

338 5332 485 5385 letho
519 5334 843 5388 exstinctus
868 5343 973 5400 est,
1007 5344 1065 5389 ut
1097 5336 1270 5405 ipsius
1300 5351 1518 5406 quoque
1557 5335 1923 5391 familiarissi-

338 5439 463 5476 mus
493 5424 545 5476 in
576 5440 701 5477 eum
759 5424 1128 5491 inveheretur,
1183 5429 1433 5495 quamvis
1478 5427 1547 5481 ab
1589 5442 1653 5481 eo
1690 5428 1921 5484 summis

338 5511 617 5570 beneﬂciis
668 5515 918 5580 allectus,
948 5518 1352 5585 patriarchatus
1402 5520 1719 5590 dignitatem
1769 5536 1923 5577 acce-

340 5605 530 5674 pisset.
556 5605 660 5660 Sed
688 5607 833 5661 hunc
865 5607 952 5661 ille
979 5608 1160 5661 vivum
1188 5610 1403 5678 quidem
1431 5613 1659 5666 mirilice
1686 5611 1919 5679 colebat,

342 5710 614 5763 suumque
636 5699 793 5767 quasi
849 5699 970 5753 vita
1021 5700 1308 5769 praesidem
1342 5702 1597 5757 omnibus
1637 5703 1923 5772 praeconiis

343 5786 646 5843 efferebat:
683 5801 963 5861 perempto
1013 5808 1138 5848 vero
1194 5793 1521 5864 palinodiam
1575 5795 1806 5862 cecinit,
1858 5810 1923 5849 ac

344 5878 491 5935 velut
516 5882 915 5939 exsecrandum
941 5885 1215 5947 quoddam
1248 5886 1518 5948 piaculum
1552 5888 1776 5955 dignum
1827 5888 1919 5942 tali

2029 4708 2163 4755 τιον,
2191 4690 2267 4754 ὡς
2292 4689 2365 4761 μὴ
2399 4689 2601 4755 ἐξεῖναι
2630 4690 2778 4761 αύτῷ
2808 4690 3126 4745 παντάπασι
3160 4688 3259 4761 τὴν
3291 4688 3445 4760 ίεράν
3472 4691 3608 4743 ἀνα-

2032 4783 2218 4854 φέρειν
2282 4782 2649 4854 λειτουργίαν,
2717 4784 2843 4854 μήτ’
2903 4782 2995 4836 οὖν
3056 4784 3281 4837 εἰσιέναι
3307 4781 3431 4835 τινὰ
3473 4782 3612 4852 πρὸς

2031 4875 2216 4942 αὑτὸν,
2265 4874 2391 4946 μήτ’
2454 4875 2656 4939 ἐξιέναι
2715 4875 3136 4947 συγχωρεῖσθαι.
3204 4874 3326 4928 Ἐπὶ
3367 4876 3517 4945 τρεῖς
3553 4873 3611 4927 δὲ

2034 4967 2211 5037 μῆνας
2270 4968 2303 5037 ἡ
2358 4967 2582 5036 τοιαύτη
2627 4968 2755 5039 περὶ
2802 4967 2965 5021 αὑτὸν
3011 4966 3328 5037 ἐστερεοῧτο
3370 4966 3610 5035 φυλακὴ,

2030 5059 2125 5112 κα)⁸
2155 5058 2327 5123 οὔτως
2357 5061 2388 5130 ἠ
2422 5058 2515 5112 τοῦ
2550 5060 2825 5130 ὀνείρατος
2842 5057 3076 5127 ἔφθασεν
3099 5058 3391 5126 ἀπόφασις.
3430 5057 3614 5108 Ἐπει-

2030 5151 2247 5224 γομένῳ
2282 5152 2390 5221 γάρ
2415 5151 2556 5205 κατά
2591 5152 2692 5220 τῆς
2724 5150 2949 5221 Κρήτης
2970 5148 3048 5219 τῷ
3075 5148 3297 5219 Μιχαὴλ
3325 5147 3420 5202 καὶ
3448 5146 3610 5211 αὐτὸς

2031 5245 2059 5297 6
2086 5244 2295 5315 Βάρδας
2326 5245 2453 5314 ἄχρι
2483 5242 2591 5297 τῶν
2620 5243 2929 5313 λεγομένων
2960 5243 3170 5313 Κήπων
3204 5239 3610 5311 συστρατεύων,

2031 5338 2151 5389 ἐκεῖ
2183 5335 2248 5405 δὴ
2296 5336 2395 5407 τὴν
2428 5334 2666 5406 ἐσχάτην
2701 5334 2846 5387 ἔτισε
2876 5334 3053 5402 δίκην.
3092 5331 3373 5403 Πρόφασιν
3401 5332 3511 5401 γὰρ
3534 5328 3612 5393 ὡς

2031 5427 2456 5483 ἐπιϐουλεύοντα
2504 5428 2581 5499 τῷ
2635 5426 2846 5497 βασιλεί
2906 5426 2938 5496 ἡ
2979 5425 3238 5495 θεήλατος
3283 5422 3448 5478 αὐτὸν
3482 5439 3615 5493 μετ-

2030 5521 2191 5591 ῆλθεν
2216 5519 2374 5589 ὀργὴ,
2408 5518 2502 5572 καὶ
2547 5519 2727 5589 ξίφεσι
2761 5517 2994 5589 μεληδὸν
3041 5517 3243 5578 ἀθλίως
3266 5513 3612 5568 κατακοπτό-

2032 5631 2215 5680 μενος,
2248 5613 2389 5666 οὖτω
2431 5612 2687 5676 δυσκλεὲς
2740 5611 2893 5674 τέλος
2935 5610 3309 5682 ἀπηνέγκατο,
3339 5607 3480 5661 ὥστε
3514 5607 3610 5660 καὶ

2031 5706 2121 5759 ὑπ’
2175 5705 2340 5758 αὐτοῦ
2405 5704 2818 5775 στηλιτευθῆναι
2852 5704 2945 5757 τοῦ
2988 5701 3267 5770 φιλτάτου.
3310 5701 3368 5753 '0
3402 5700 3512 5771 γὰρ
3540 5700 3610 5753 τὰ

2034 5799 2246 5869 μεγάλα
2297 5798 2702 5872 εύεργετηθεὶς,
2759 5798 2851 5851 καὶ
2898 5796 2995 5867 τὴν
3052 5793 3459 5866 πατριαρχικὴν
3517 5792 3609 5845 ὑπ’

2030 5891 2238 5946 ἐκείνου
2290 5892 2455 5963 τιμὴν
2515 5892 2837 5962 κληρωθεὶς,
2892 5889 3068 5955 ζῶντα
3129 5888 3229 5959 μὲν
3278 5885 3603 5958 ὑπερετίμα,
