4092 6582
468 386 575 451 537

1547 388 1723 449 VITA
1765 389 1825 451 S.
1869 392 2169 457 IGNATII
2198 392 2305 453 (ΣΡ.
2340 390 2697 452 ARCHIEP.

3643 397 3750 465 538

469 495 564 551 καὶ
595 494 908 567 προστάτην
939 487 1052 564 εἶχε
1086 492 1180 547 τοῦ
1230 493 1369 565 βίον,
1414 496 1695 560 παντοίαις
1744 499 2045 570 εὐφημίαις
2077 528 2090 567 λ

2193 509 2328 555 torte
2353 499 2658 554 dictitabat.
2692 497 2801 553 lloc
2822 498 3038 569 ingenio
3065 500 3348 572 improbus
3370 502 3459 558 ille
3484 513 3754 565 veterator

469 589 885 658 ὑπερεπαινῶνο
942 586 1267 640 ἀποθανόντι
1323 586 1381 640 δὲ
1425 585 1759 657 παλινῳδίας
1807 586 1922 663 ᾖδε,
1957 592 2054 645 καὶ

2193 591 2463 662 tsophista
2482 589 2603 656 fuit,
2628 597 2685 643 ut
2709 604 2922 661 semper
2941 589 3059 645 foro
3073 601 3127 646 et
3143 594 3398 663 tempori,
3417 593 3755 666 principum-

469 680 546 745 ώς
575 680 854 752 ἀλιτήριον
882 678 1071 733 τοῦτον
1120 678 1214 732 καὶ
1257 680 1717 751 τρισκατάρατον,
1759 681 1911 746 ἀξιον
1942 701 2057 736 τοι-

469 773 641 842 αύτης
667 775 991 845 ἀπεφήνατο
1015 772 1296 843 τελευτῆς.
1317 771 1572 835 Τοιοῦτος
1595 774 1621 825 ό
1651 773 1823 838 δεινὸς
1849 777 2059 840 ἐκεῖνος

471 864 540 937 ἦν
576 867 857 937 σοφιστὴς,
885 867 972 920 ἀεὶ¹
1007 866 1143 938 πρὸς
1175 866 1304 928 τοὺς
1327 866 1557 937 καιροὺς
1587 866 2058 937 μεταϐαλλόμενος

474 962 667 1016 καὶτὰ
696 961 1017 1033 πράγματα,
1071 961 1165 1013 καὶ
1214 962 1326 1023 τοῖς
1367 959 1474 1012 τῶν
1519 962 1869 1031 κρατούντων
1918 979 2059 1032 συμ-

475 1054 874 1122 περιαγόμενος
903 1051 1227 1122 θελήμασιν.
1264 1052 1322 1104 Ὀ
1346 1051 1456 1122 γὰρ
1484 1052 1585 1121 τῆς
1613 1052 1909 1122 θεαρχικῆς
1943 1052 2060 1123 βου-

474 1145 574 1214 λῆς
608 1146 701 1198 καὶ
732 1146 905 1215 ῥοπῆς
930 1144 995 1198 δι’
1029 1145 1267 1215 ἔλλειψιν
1302 1144 1538 1208 πίστεως
1583 1143 1926 1215 διαμαρτὼν,
1961 1147 2059 1200 καὶ

474 1242 586 1303 τοῖς
611 1239 922 1309 ἀνθρώποις
977 1237 1319 1310 ἐπηλτιικὼς,
1375 1238 1565 1310 ἐπειδὴ
1606 1238 1793 1311 σαθρῷ
1819 1238 2057 1313 θεμελίῳ

476 1336 568 1388 τὸν
594 1333 719 1388 νοῦν
747 1334 1108 1406 ἐπερείδεται,
1162 1336 1391 1399 ἄπιστός
1443 1354 1502 1390 τε
1552 1335 1689 1409 πρὸς
1732 1336 1942 1401 πάντας
2005 1341 2101 1393 καὶ

2165 699 2270 753 que
2307 682 2507 737 studiis
2533 681 2952 751 obsequeretur.
2998 681 3102 749 Qui
3130 683 3276 737 enim
3308 685 3514 740 cmlesti
3557 688 3752 756 spiritu

2164 778 2464 846 ductuque,
2492 778 2594 832 [ide
2625 777 2942 839 destitutus.
2975 792 3082 832 non
3132 778 3334 849 agitur,
3372 790 3424 833 et
3455 795 3580 848 spes
3623 796 3755 838 suas

2160 868 2214 923 in
2244 870 2571 926 mortalibus
2601 871 2733 925 sitas
2762 870 2944 935 habet,
2970 884 3092 924 cum
3116 869 3315 926 vitioso
3338 871 3594 942 putrique
3626 871 3755 928 fun-

2164 963 2425 1019 damento
2458 972 2638 1020 mente
2671 966 2898 1031 nitatur,
2927 965 3140 1020 tandem
3166 966 3484 1021 inconstans
3505 975 3559 1021 et
3595 968 3757 1036 perli-

2162 1057 2264 1111 dus
2296 1056 2349 1110 in
2384 1071 2577 1112 omnes
2628 1055 3096 1126 deprehenditur:
3132 1057 3438 1127 potentium
3484 1058 3754 1129 palpator,

2160 1154 2532 1210 Calumniator
2567 1170 2696 1212 vero
2726 1170 3064 1226 pauperum;
3111 1156 3204 1225 qui
3239 1157 3290 1210 id
3328 1172 3500 1211 unum
3549 1157 3756 1221 studet,

2162 1259 2221 1303 ut
2245 1249 2456 1318 placeat
2488 1250 2821 1320 potentibus,
2852 1264 2920 1304 ne
2949 1249 3213 1318 dignitate
3240 1250 3530 1320 spolietur.

2170 1344 2428 1411 ἀϐέϐαιος
2478 1349 2795 1420 ἐλέγχεται·
2867 1348 3192 1420 ὑψουμένοις
3263 1351 3364 1421 μὲν
3422 1352 3755 1423 συνήγορος.

479 1429 782 1500 κατήγορος
801 1428 857 1481 δὲ
886 1428 1169 1498 γινόμενος
1199 1429 1679 1500 ταπεινουμένοις’
1728 1429 1825 1482 καὶ
1873 1429 2008 1500 πρὸς
2039 1429 2097 1486 ἓν
2138 1436 2299 1506 μόνον
2340 1439 2479 1510 δρῶν
2507 1440 2716 1510 ἀρέσαι
2756 1441 2869 1503 τοῖς
2919 1440 3184 1505 δυνατοῖς,
3222 1439 3315 1493 τοῦ
3361 1441 3439 1511 μὴ
3502 1442 3599 1512 τῆς
3640 1443 3761 1495 κατ’

484 1522 650 1576 αὐτὸν
682 1521 860 1592 ἀρχῆς
888 1522 1165 1575 ἐκπεσεῖν.

549 1617 686 1671 Τότε
739 1619 839 1688 μὲν
868 1616 962 1671 οῦν
1016 1618 1045 1669 ό
1096 1616 1456 1689 αὐτοκράτωρ
1491 1621 1777 1692 παρευθύς
1811 1621 1947 1692 πρὸς
1968 1620 2066 1694 τὴν

482 1710 875 1781 βασιλεύουσαν
904 1710 1236 1766 παλινοστεί.
1274 1712 1626 1783 Πεντηκοστὴ
1663 1714 1708 1767 δ’
1739 1715 1827 1786 ἄρ’
1853 1711 1944 1787 ἦν,
1974 1716 2068 1768 καὶ

2240 1621 2542 1694 Imperator
2587 1632 2701 1680 tum
2754 1634 2977 1695 repente
3029 1639 3299 1681 converso
3355 1624 3551 1680 itinere
3616 1624 3761 1681 Con-

2169 1718 2583 1787 stantinopolim
2641 1719 2854 1788 repetit.
2908 1718 3037 1772 Erat
3076 1728 3259 1772 autem
3310 1716 3657 1782 Pentecoste,
3708 1726 3763 1771 et

482 1803 763 1855 Βασίλειον
836 1802 1127 1876 πατρίκιον
1196 1803 1326 1858 ὄντα
1377 1804 1474 1857 καὶ
1540 1807 2060 1878 παρακοιμώμενον,

2193 1809 2439 1865 Basilium
2467 1811 2756 1881 patricium
2782 1811 3018 1866 cubiculi
3042 1811 3182 1865 sacri
3213 1810 3554 1880 praefectum,
3576 1809 3763 1864 Caesa-

481 1894 751 1963 στέμματι
774 1897 1224 1966 κατακοσμήσας,
1257 1897 1840 1968 ἀναγορεύειβασιλέα.
1880 1899 1940 1952 Ὀ
1974 1917 2070 1952 πο-

484 1988 589 2058 λύφ
598 2007 707 2059 ρων
735 1988 790 2041 δέ
810 1987 1012 2052 Φώτιος
1031 1988 1327 2058 πάμπολλα
1343 1990 1484 2044 κατὰ
1512 1991 1782 2046 Νικολάου
1796 1992 1891 2045 τοῦ
1916 1994 2074 2046 πάπα

486 2084 945 2155 μηχανορῤαφῶν,
1000 2083 1191 2155 ἐπειδὴ
1221 2084 1373 2137 οὐδὲν
1404 2081 1547 2155 εἶχεν
1586 2085 1715 2139 ἄλλο
1764 2085 1899 2157 δρᾷν
1947 2085 2072 2139 κατ’

486 2178 676 2242 αὑτοῦ,
711 2176 887 2231 πείθει
917 2175 1139 2240 πολλαῖς
1174 2175 1535 2247 παραιιέσεσι
1571 2176 1662 2231 τὸν
1701 2177 1927 2248 βασιλέα
1953 2196 2078 2232 συν-

482 2270 715 2334 αινέσαι,
754 2268 974 2321 σύνοδον
1000 2268 1394 2339 συγκροτῆσαι,
1415 2269 1508 2322 καὶ
1528 2268 1715 2322 τοῦτον
1740 2270 2077 2341 καθαιρῆσαι

483 2363 582 2416 καὶ
615 2363 730 2425 τοῖς
765 2359 913 2431 αὐτῷ
941 2360 1294 2413 κοινωνοῦσιν
1335 2359 1641 2430 ἀφορισμδν
1674 2361 2078 2431 ἀντισηκοῦντα

484 2457 563 2525 τῷ
622 2456 756 2527 παρ’
809 2455 1023 2509 ἐκείνου
1054 2453 1246 2526 πρώην
1294 2453 1603 2524 πεμφθέντι
1637 2454 2077 2525 διαπέμψασθαι.

485 2548 816 2618 Συναγαγὼν
843 2547 935 2602 οὐν
969 2548 1179 2612 πάντας
1211 2548 1338 2611 τοὺς
1397 2547 1489 2600 ὑπ’
1540 2547 1702 2600 αὐτὸν
1746 2547 2081 2611 ἐπισκόπους

484 2647 514 2698 ό
543 2643 826 2712 γεννάδας,
874 2641 969 2696 καί
1027 2658 1181 2704 τινας
1245 2641 1476 2711 μιαροὺς
1519 2638 1938 2712 ἀνθρωπίσκους
1986 2640 2081 2693 καὶ

489 2738 737 2807 ἀσήμους
786 2738 849 2789 ἐκ
911 2734 1019 2790 τῶν
1053 2734 1388 2789 ἀνατολικῶν
1453 2733 1616 2804 δῆθεν
1664 2735 2073 2805 πατριαρχείων

487 2828 867 2901 τοποτηρητάς
896 2828 1256 2899 ἐπαγόμενος,
1298 2828 1393 2880 καὶ
1425 2827 1855 2898 ψευδοσὺλλογον
1892 2827 2081 2880 ποιού-

494 2938 676 2989 μενος,
713 2920 1062 2991 καθαίρεσιν,
1106 2919 1181 2982 ὡς
1229 2918 1469 2989 ἐνόμιζε,
1503 2920 1597 2972 καὶ
1634 2918 2081 2990 ἀναθεματισμδν

492 3015 579 3067 ἐπ’
605 3013 781 3067 οὐδενὶ
809 3013 952 3084 λόγῳ
986 3014 1224 3066 ποιεῖται
1248 3012 1542 3066 Νικολάου.
1568 3012 1772 3082 Δώροις
1807 3012 1917 3082 γάρ
1939 3010 2079 3080 λαμο

494 3109 653 3177 προῖς
677 3107 758 3159 ὅτι
791 3105 1024 3176 μάλιστα
1046 3105 1137 3159 τὸν
1168 3107 1311 3176 ρῆγα
1354 3104 1635 3173 Φραγγίας
1669 3103 1958 3173 Λοδόηχον,
1988 3102 2083 3154 καὶ⁴

2177 1920 2289 1959 rem
2340 1905 2596 1973 imposito
2641 1913 2931 1961 stemmate
2986 1904 3281 1957 renuntiat.
3341 1901 3448 1955 Sed
3507 1911 3763 1956 versutus

2177 1999 2405 2054 Pltotius
2451 1998 2689 2068 plurima
2734 1997 2789 2052 in
2825 1996 3107 2051 Nicolaum
3160 1996 3474 2066 pontificem
3509 1993 3764 2057 moliens,

2178 2109 2302 2148 cum
2329 2107 2553 2162 operam
2582 2091 2825 2154 lusisset,
2859 2089 3175 2160 imperatori
3223 2088 3409 2144 multis
3454 2087 3637 2143 verbis
3680 2086 3769 2139 in-

2177 2180 2342 2235 citato
2364 2181 2422 2233 lit
2446 2190 2636 2233 auctor
2668 2178 2925 2249 cogendae
2964 2177 3179 2249 synodi,
3204 2192 3307 2247 qua
3340 2176 3602 2231 Nicolaus
3629 2189 3769 2245 ροη-

2178 2269 2312 2326 tifex
2361 2269 2573 2340 (eadem
2621 2270 2895 2324 sententia
2943 2270 2995 2323 in
3031 2268 3180 2323 illum
3218 2269 3347 2328 lata.
3383 2282 3547 2337 quam
3594 2280 3769 2335 nuper

2180 2364 2271 2417 ille
2302 2362 2355 2417 in
2390 2361 2641 2417 Pltotium
2677 2360 2895 2431 tulerat)
2948 2370 3354 2415 exauctoretur.
3393 2356 3599 2412 Evocat
3637 2370 3769 2425 ergo

2178 2456 2476 2528 praeclarus
2525 2455 2616 2509 ille
2670 2453 2901 2508 Photius
2929 2453 3219 2523 episcopos
3264 2465 3457 2507 omnes
3501 2449 3603 2505 sibi
3637 2448 3771 2503 sub-

2179 2551 2375 2622 iectos,
2436 2548 2684 2618 aliosque
2726 2546 3024 2602 nonnullos
3074 2544 3251 2600 foedos
3287 2551 3343 2598 et
3387 2540 3641 2598 sordidos
3669 2538 3772 2593 ho-

2184 2643 2536 2707 munciones,
2572 2640 2729 2711 quasi
2790 2640 3227 2710 patriarcharum
3275 2634 3506 2691 orientis
3538 2634 3771 2702 legatus,

2183 2738 2503 2809 pseudoque
2533 2732 2803 2805 synodum
2848 2731 3111 2797 instituit,
3143 2739 3197 2785 et
3246 2725 3772 2789 exauctorationem,

2185 2840 2245 2885 ut
2271 2830 2517 2900 putabat,
2540 2835 2706 2896 atque
2737 2825 3030 2878 anathema
3071 2821 3276 2877 nullam
3311 2820 3382 2874 ob
3412 2818 3683 2872 rationem
3716 2815 3776 2868 in

2182 2922 2470 2977 Nicolaum
2508 2933 2704 2990 papam
2740 2917 3061 2987 pronuntiat
3096 2929 3316 2983 :regem
3359 2925 3581 2982 quoque
3599 2907 3776 2961 Fran-

2185 3019 2282 3073 cia:
2304 3015 2646 3071 Lodoecltum
2670 3012 2784 3084 (seu
2806 3008 3166 3079 Ludovicum)
3189 3018 3241 3062 et
3262 3006 3619 3074 lngelbertam
3640 3000 3780 3070 regi-

2189 3121 2311 3160 nam
2330 3104 2452 3173 conj
2463 3117 2617 3172 ugem
2648 3101 2996 3164 soliicitat,et
3013 3099 3368 3168 imperatores
3385 3090 3779 3149 Constantino-

505 3198 873 3271 Ἦγγιϐέργαν
905 3197 963 3251 δὲ
1001 3198 1099 3270 τὴν
1142 3196 1306 3252 αὐτοῦ
1344 3198 1590 3268 γαμετὴν
1621 3198 2074 3266 ὑποποιούμενος,

2193 3197 2287 3268 poli
2308 3206 2549 3253 creatum
2576 3195 2639 3249 iri
2664 3193 2968 3264 pollicetur,
2994 3193 3039 3248 si
3057 3205 3275 3261 operam
3298 3194 3560 3243 navarent
3580 3184 3646 3238 ad
3669 3183 3775 3236 im-

497 3292 737 3363 βασιλεῖς
769 3291 992 3357 τούτους
1022 3293 1358 3362 ἀνευφημεῖν
1401 3293 1459 3344 ἐν
1508 3289 2080 3344 Κωνσταντινουπόλει

496 3385 883 3457 ἐπηγγέλλετο,
920 3386 1033 3453 εἴγε
1063 3386 1457 3455 συνεργήσαιεν
1491 3382 1640 3454 αὑτῴ
1667 3382 1802 3455 πρὸς
1824 3382 1923 3454 τὴν
1955 3381 2083 3436 ἄτο-

498 3496 599 3533 πον
623 3479 827 3549 ταύτην
854 3479 948 3531 καὶ
980 3478 1220 3548 ἄθεσμον
1260 3476 1582 3547 ἐπιθυμίαν,
1619 3477 1712 3531 καὶ
1742 3476 1833 3529 τὸν
1880 3476 2087 3530 δίκαιον

498 3575 668 3645 ἄνδρα
687 3574 784 3644 τῆς
808 3572 930 3626 κατ’
955 3573 1119 3626 αὑτὸν
1160 3570 1484 3641 Ἐκκλησίας
1519 3569 1708 3641 βιαίως
1734 3569 2085 3638 ἐξωθήσαιεν.

501 3667 720 3720 Τούτων
771 3666 829 3719 δέ
882 3663 1334 3735 ὑπισχνουμένων
1376 3663 1536 3731 λόγου
1572 3661 1785 3728 θᾶττον,
1827 3661 2036 3730 ἀλόγως
2061 3661 2090 3713 ό

505 3762 733 3829 μάταιος
772 3761 949 3829 μάτην
1012 3757 1371 3826 ἀπεφαίνετο.
1424 3755 1709 3810 Ἐντεῦθεν
1774 3755 2093 3827 ὑπογραφαὶ

504 3856 602 3909 καὶ
641 3853 821 3923 φωναὶ
856 3851 1160 3906 κανονικῶν
1201 3869 1262 3905 τε
1302 3849 1615 3921 προσώπων
1648 3849 1744 3903 καὶ
1773 3847 2090 3910 πολιτικῶν,

507 3946 920 4020 μητροπολιτῶν
944 3946 1041 3999 καὶ
1090 3943 1398 4016 πατρικίων
1421 3960 1436 3975 ·
1488 3944 1665 3997 πάντα
1704 3942 1887 4009 καινὰ,
1918 3940 2095 3994 πάντα

503 4043 613 4095 τῶν
647 4042 740 4095 ἐπὶ
776 4043 979 4112 σκηνῆς
1001 4038 1418 4112 θρυλλουμένων
1442 4036 1775 4107 ματαιότερα
1809 4034 1903 4087 καὶ
1925 4050 2099 4087 κατα-

506 4136 874 4205 γελαστότερα
896 4152 908 4165 ·
936 4136 969 4205 ἡ
995 4134 1103 4204 γάρ
1126 4134 1189 4187 ἐκ
1208 4133 1397 4195 παιδὸς
1419 4130 1568 4201 αὐτῴ
1608 4128 1968 4200 παρεπομένη
1997 4127 2097 4196 τῆς

506 4229 687 4299 ψυχῆς
716 4226 915 4297 οἴησις,
954 4228 1032 4289 είς
1059 4224 1445 4296 ὑπερηφανίαν
1462 4240 1521 4276 τε
1539 4223 1729 4276 τοῦτον
1752 4221 1984 4290 ἐσχάτην
2008 4219 2102 4271 καὶ

511 4321 771 4373 ἀπόνοιαν
791 4317 1188 4389 μετεωρίσασα,
1214 4315 1386 4379 ἀδεῶς
1409 4332 1468 4367 τε
1484 4315 1580 4367 καὶ
1597 4312 1828 4375 ἀναιδῶς
1846 4309 2101 4365 ἀνέπειθε

512 4414 579 4465 τά
603 4410 826 4465 τοιαῦτα
842 4410 1068 4480 τολμᾷν.
1086 4409 1145 4463 '0
1172 4408 1270 4479 μὲν
1297 4402 1388 4460 οῦν
1414 4405 1586 4461 ταῦτα
1608 4403 2106 4472 κατασκευασάμε-

516 4522 627 4570 νος,
647 4503 735 4557 διά
757 4502 941 4574 χειρὸς
998 4501 1271 4573 Ζαχαρίου
1315 4499 1411 4554 τοῦ
1460 4498 1687 4568 Κωφοῦ,
1734 4497 1791 4561 ὃς
1822 4496 2105 4550 ὑπἀὐτοῦ

2184 3291 2331 3363 pium
2365 3306 2524 3346 suum
2556 3296 2811 3344 conatum
2836 3284 3271 3356 exsequendum,
3293 3290 3346 3338 et
3376 3278 3779 3348 virumjustum

2185 3402 2251 3442 ex
2283 3383 2510 3439 ecclesia
2546 3397 2641 3436 sua
2661 3380 3008 3451 exigendum.
3044 3376 3115 3433 lis
3145 3390 3279 3431 vero
3312 3374 3458 3429 dioto
3476 3371 3639 3427 citius
3662 3368 3781 3440 pol-

2187 3476 2499 3541 llcentibus,
2542 3474 2745 3529 frustra
2798 3471 3001 3527 stultus
3060 3481 3219 3524 suam
3263 3462 3553 3522 stultitiam
3592 3470 3784 3515 osten-

2191 3570 2358 3624 tabat.
2398 3566 2537 3621 llinc
2564 3562 3021 3632 subscriptiones,
3047 3566 3101 3613 et
3127 3565 3253 3612 vota
3287 3553 3570 3609 hominum
3600 3564 3785 3605 saero-

2192 3668 2388 3716 rumet
2415 3657 2798 3730 profanorum,
2846 3651 3387 3722 archiepiscoporum
3424 3653 3479 3700 et
3524 3641 3786 3713 patricio-

2195 3769 2316 3810 rum
2366 3770 2381 3808 :
2428 3767 2568 3806 vana
2616 3748 2801 3803 omnia
2834 3785 2850 3811 ,
2908 3744 3096 3800 omnia
3158 3738 3521 3797 theatralibus
3585 3732 3788 3789 fabulis

2196 3846 2484 3917 ineptiora.
2509 3843 2645 3897 Nam
2676 3855 2798 3912 qua:
2823 3838 2898 3893 illi
2924 3853 2953 3891 a
2986 3849 3156 3907 puero
3179 3833 3488 3887 adlueserat
3517 3838 3788 3895 arrogans

2196 3916 2297 3996 sui?
2322 3935 2683 3995 existimatio,
2708 3931 2899 3986 eadem
2951 3927 3018 3982 ad
3053 3939 3325 3981 summam
3357 3922 3509 3975 illum
3542 3916 3789 3972 insolen—

2199 4034 2329 4087 tiam
2352 4038 2764 4093 extremamque
2812 4020 3141 4077 dementiam
3179 4022 3425 4071 evectum
3459 4008 3788 4070 adducebat,

2200 4132 2260 4177 ut
2289 4120 2420 4175 talia
2454 4128 2564 4172 tam
2620 4113 2886 4168 audenter
2915 4119 2969 4164 et
3004 4106 3348 4177 impudenter
3393 4099 3642 4156 auderet.
3695 4094 3793 4150 His

2202 4214 2293 4269 ille
2317 4208 2573 4266 omnibus
2600 4201 2928 4276 procuratis,
2959 4200 3154 4253 insana
3185 4206 3239 4251 et
3284 4193 3549 4262 sacrilega
3576 4188 3786 4261 (conci-

2204 4304 2393 4362 liabuli
2426 4300 2537 4371 sui)
2574 4307 2695 4354 acta
2728 4311 2822 4367 per
2849 4291 3173 4348 Zachariam
3209 4288 3460 4359 Cophum
3489 4300 3516 4338 a
3546 4298 3606 4339 se
3622 4280 3790 4337 Chal-

2207 4398 2575 4455 cedonensem
2603 4389 3005 4459 metropolitam
3052 4394 3299 4440 creatum
3323 4420 3339 4446 ,
3368 4389 3423 4436 et
3445 4375 3797 4433 Theodorum

2211 4491 2535 4547 translatum
2574 4502 2606 4541 a
2653 4483 2817 4539 Caria
2848 4480 2916 4536 ad
2941 4477 3333 4533 Laodicensem
3386 4471 3797 4541 episcoliatum,

514 4566 979 4668 τῆςγΧαλκηδόνος
998 4566 1405 4666 κεχειροτόνητο
1429 4610 1534 4665 μητ
1545 4566 1851 4663 ροπολίτης,
1871 4591 1962 4643 καὶ
1978 4588 2090 4642 Θεο·

2214 4586 2268 4641 in
2317 4582 2527 4638 Italiam
2584 4576 2910 4634 transmisit.
2964 4571 3087 4642 Ipse
3145 4584 3277 4624 vero
3334 4566 3559 4621 insitum
3605 4572 3797 4617 contra

516 4690 689 4765 δώρου
719 4688 813 4742 τοῦ
843 4688 949 4742 ἀπὸ
976 4688 1192 4756 Καρίας
1234 4689 1315 4751 εἰς
1347 4686 1668 4741 Λαοδίκειαν
1695 4683 2105 4755 μετατεθέντος,

519 4784 618 4845 τάς
646 4781 992 4850 παραλόγους
1009 4778 1174 4833 αὐτοῦ
1200 4780 1526 4851 καὶηὲναγεῖς
1551 4778 1779 4849 πράξεις
1810 4777 1949 4848 πρὸς
1974 4777 2112 4830 Ἰτα-

520 4875 640 4927 λίαν
682 4872 1089 4939 ἐξαπέστειλεν.
1137 4871 1308 4934 Αὐτὸς
1338 4871 1395 4925 δὲ
1432 4871 1530 4941 τῆς
1567 4869 1812 4940 ἐμφύτου
1845 4868 1987 4922 κατά
2016 4866 2110 4921 τοῦ

522 4966 681 5036 ἀγίου
726 4965 943 5037 μήνιδος
973 4966 1170 5036 εἴχετο,
1217 4964 1310 5018 καὶ
1345 4962 1454 5016 τῶν
1485 4962 1726 5033 γνησίων
1751 4959 1917 5014 αὐτοῦ
1948 4959 2111 5029 θερα-

526 5061 766 5126 πευτῶν,
801 5060 1003 5130 μᾶλλον
1048 5058 1105 5111 δὲ
1136 5056 1327 5121 νόθων,
1369 5055 1526 5117 ὅσους
1551 5054 1804 5124 ἠδύνατο,
1830 5052 2109 5116 κλέπτων,

527 5155 623 5207 καὶ
652 5155 776 5214 ταῖς
828 5149 1156 5222 ματαιότησι
1201 5148 1310 5200 τῶν
1352 5146 1682 5215 ἀξιωμάτων
1727 5142 2017 5207 δελεάζων,
2044 5141 2112 5194 δι’

526 5247 704 5300 αὐτῶν
729 5245 829 5316 τὴν
864 5243 1099 5314 πτέρναν
1127 5240 1219 5295 τοῦ
1236 5238 1475 5295 ἀναιτίου
1500 5239 1757 5308 ἐπετήρει
1779 5254 1795 5267 ·
1828 5233 2116 5306 ἡμάρτανε

530 5347 588 5401 δὲ
608 5346 718 5398 τῶν
748 5343 1015 5397 ὲλπίδων’
1050 5341 1231 5412 πάσης
1264 5340 1372 5410 γὰρ
1413 5337 1744 5408 ὑψηλότερος
1779 5334 2117 5405 κατηγορίας

534 5438 562 5490 ὁ
592 5436 862 5507 μακάριος
887 5430 954 5507 ἦν
979 5451 992 5465 ·
1026 5436 1086 5487 ἐν
1131 5435 1246 5496 τοῖς
1283 5431 1467 5503 ἔργοις
1497 5429 1553 5482 δέ
1581 5428 1691 5481 τῶν
1722 5426 1924 5499 χειρῶν
1954 5425 2118 5480 αὐτοῦ

533 5528 863 5601 κακουργῶν
915 5526 1372 5595 συνελαμϐάνετο.
1424 5523 1661 5592 Ἀγνοῶν
1689 5521 1746 5574 δὲ
1780 5519 2000 5591 ἀληθῶς
2034 5522 2116 5582 είς

534 5622 656 5676 τίνα
682 5622 743 5675 τὸ
776 5620 977 5692 κράτος
1008 5621 1105 5689 τῆς
1139 5618 1417 5689 βασιλείας
1456 5615 1830 5686 περιίσταται,
1867 5612 1996 5666 ποτὲ
2025 5612 2122 5683 μὲν

539 5717 677 5786 πρὸς
701 5716 793 5768 τὸν
819 5712 1041 5784 Μιχαὴλ
1072 5711 1318 5765 διέϐαλλε
1350 5708 1651 5772 Βασίλειον,
1677 5705 1833 5769 αὖθις
1861 5704 1918 5757 δὲ
1936 5703 2124 5756 τοῦτον

542 5807 677 5877 πρὸς
707 5808 935 5873 ἐκεῖνον,
971 5807 1192 5875 ἀμφοῖν,
1224 5804 1298 5869 ὡς
1327 5803 1562 5874 ἐνόμιζε,
1600 5800 1785 5870 φιλίαν
1812 5813 2125 5866 καταπρατ-

541 5900 789 5971 τόμενος,
838 5900 866 5953 ὁ
927 5898 1252 5970 ἀμφοτέρων
1302 5896 1398 5968 τὴν
1442 5894 1625 5966 φιλίαν
1665 5892 1764 5946 οὐκ
1811 5892 1867 5945 ἐν
1900 5887 2125 5960 ἀληθείᾳ

2210 4687 2463 4736 sanctum
2502 4674 2680 4729 virum
2713 4670 2898 4728 odium
2933 4666 3147 4730 alebat,
3185 4679 3249 4718 ac
3280 4666 3552 4731 quotquot
3582 4672 3647 4711 ex
3680 4653 3799 4723 ejus

2211 4769 2512 4843 germanis,
2568 4772 2661 4820 aut
2718 4760 2923 4832 spuriis
2957 4758 3138 4826 potius
3165 4753 3529 4812 sectatoribus
3566 4754 3801 4820 poterat,

2211 4863 2398 4919 furtim
2431 4861 2497 4915 ad
2530 4874 2590 4915 se
2624 4856 2893 4920 trahebat,
2925 4848 3399 4921 dignitatibusque
3426 4843 3663 4898 vesaniae
3691 4854 3805 4893 suae

2213 4955 2490 5016 illiciebat,
2523 4966 2619 5020 per
2644 4963 2783 5018 quos
2810 4942 3119 5000 innocentis
3174 4940 3438 4994 calcaneo
3503 4931 3805 4989 insidiaba-

2214 5057 2325 5103 tur.
2368 5045 2475 5100 Sed
2505 5043 2652 5098 enim
2701 5053 2796 5109 spe
2854 5034 3251 5094 frustrabatur,
3288 5028 3435 5099 quod
3492 5026 3686 5079 beatus
3718 5021 3808 5074 ille

2211 5144 2326 5212 jam
2356 5147 2505 5194 extra
2555 5146 2772 5190 omnem
2804 5136 2948 5183 esset
2970 5126 3143 5180 aleam
3168 5121 3576 5176 calumniarum
3609 5133 3622 5167 :
3653 5112 3803 5166 Pho-

2219 5207 2328 5290 tius
2355 5239 2535 5285 autent
2570 5226 2624 5280 in
2658 5221 2918 5293 operibus
2946 5231 3206 5272 manuum
3240 5226 3464 5269 suarum
3498 5207 3810 5275 malignans

2219 5323 2557 5394 capiebatur.
2598 5316 2700 5383 Qui
2733 5328 2856 5368 cum
2882 5308 3082 5365 dubius
3112 5307 3363 5369 haereret,
3392 5302 3458 5355 ad
3490 5313 3654 5370 quem
3683 5306 3809 5349 tan-

2221 5385 2346 5472 dein
2371 5425 2584 5471 summa
2618 5402 2830 5475 imperii
2854 5408 3001 5456 esset
3031 5406 3377 5467 perventura,
3410 5389 3644 5445 subinde
3670 5385 3809 5456 apud

2226 5504 2545 5563 Michaelem
2618 5494 2876 5566 carpebat
2930 5488 3217 5551 Basilium,
3278 5498 3334 5539 et
3369 5482 3613 5538 vicissim
3669 5477 3813 5546 apud

2226 5599 2493 5655 Basiliam
2551 5586 2895 5647 obtrectabat
2926 5581 3199 5641 Mieltaeli,
3238 5586 3397 5632 ratus
3432 5573 3720 5629 amborum
3752 5584 3816 5623 se

2229 5694 2304 5748 ita
2328 5685 2629 5745 amicitiam
2666 5678 2769 5734 sibi
2802 5669 3417 5745 comparaturum,dum
3446 5680 3573 5736 erga
3599 5674 3814 5718 utrum-

2227 5800 2336 5856 que
2367 5773 2801 5837 benevolentiam
2837 5767 3161 5830 simularet,
3214 5771 3273 5816 ut
3327 5772 3449 5815 uter
3498 5755 3717 5812 tandem
3749 5768 3817 5805 ex

2230 5846 2336 5938 illis
2374 5875 2523 5934 solus
2556 5866 2841 5940 imperium
2873 5862 3165 5927 obtineret,
3194 5857 3347 5912 illum
3377 5854 3481 5912 sibi
3514 5846 3819 5908 devinctis-
