4092 6630
328 369 435 436 539
1516 371 1811 433 NICET/E
1851 375 1922 434 ΡΑ

2027 376 2382 437 [LAGONIS
3496 380 3601 444 540

332 481 534 534 simum
575 477 815 538 haberet.
840 477 1000 548 Atqui
1034 493 1144 533 non
1182 478 1432 550 probavit
1459 494 1517 536 se
1547 481 1768 548 Basilio,
1816 485 1908 554 qui

2027 486 2472 558 ὑποκρινόμενος,
2527 487 2624 543 καὶ
2673 488 2943 558 οἰόμενος,
2988 487 3063 553 ὡς
3090 491 3273 554 ὁποῖος
3301 491 3368 545 ἂν
3399 494 3608 550 τούτων

331 573 625 629 admodum
662 573 984 628 veteratoris
1033 574 1179 630 illius
1238 575 1478 643 strophis
1509 575 1910 632 offendebatur.

335 663 442 720 Nec
477 667 548 720 ita
586 668 755 722 multo
785 675 907 737 post
952 667 1069 739 ipse
1094 668 1324 723 Michael
1350 668 1418 723 ad
1451 670 1626 732 sancti
1666 669 1915 725 Maman-

335 760 403 814 tis
435 760 690 831 martyris
745 761 913 815 :rdem
968 776 1064 830 per
1115 761 1342 817 insidias
1396 770 1685 828 mactatur,
1722 764 1916 818 merito

333 853 607 924 dignoque
643 869 740 909 sua
793 855 1051 920 amentia,
1081 856 1288 910 scelere
1346 865 1400 911 et
1452 856 1752 926 impietate,
1803 855 1916 912 fato

333 947 686 1015 perfunctus;
722 963 846 1003 cum
881 947 1172 1017 imperium
1225 964 1334 1004 una
1364 963 1488 1004 cum
1542 959 1713 1004 matre
1741 965 1915 1008 annos

334 1042 667 1112 quindecim,
712 1057 926 1098 menses
961 1051 1107 1108 octo,
1145 1043 1295 1098 solus
1321 1059 1516 1098 novem
1548 1059 1713 1112 prope
1739 1059 1916 1100 annos

334 1134 771 1190 administrasset
805 1148 820 1189 :
855 1150 1093 1205 eumque
1151 1136 1355 1190 malum
1413 1134 1635 1192 fecisset
1691 1137 1745 1192 in
1786 1151 1917 1192 con-

335 1236 521 1296 spectu
561 1225 818 1283 Ecclesiae
847 1227 1159 1297 Dei,periit.
1193 1227 1354 1282 luitio
1383 1239 1562 1283 autem
1596 1229 1910 1286 iudictionis

332 1318 540 1387 primae,
577 1335 627 1372 Ix
688 1317 808 1374 Kal.
864 1318 1136 1386 Octobris,
1166 1319 1402 1375 Basilius
1449 1319 1596 1390 regia
1652 1329 1915 1391 occupata

336 1412 636 1482 imperator
668 1425 751 1467 est
784 1413 1208 1468 consalutatus:
1249 1414 1340 1483 qui
1401 1413 1587 1469 missis
1639 1415 1708 1467 ad
1761 1428 1917 1468 revo-

332 1505 566 1559 candum
597 1519 660 1559 ex
696 1505 891 1559 itinere
921 1503 1267 1569 Zachariam,
1328 1504 1482 1558 illum
1535 1520 1566 1560 e
1623 1504 1800 1560 media
1829 1505 1912 1559 via

333 1595 582 1650 retraxit.
643 1593 980 1665 Posteroque
1032 1594 1120 1648 die
1183 1609 1345 1664 quam
1397 1594 1748 1648 renuntiatus
1796 1602 1915 1648 erat

331 1687 649 1756 imperator,
683 1683 938 1740 Photium
964 1685 1031 1740 de
1061 1687 1261 1740 throno
1291 1685 1636 1740 deturbatum
1662 1726 1676 1750 ,
1715 1685 1766 1738 in
1797 1699 1914 1740 coe-

334 1781 559 1835 nobium
638 1779 845 1850 Scepen
907 1779 1237 1850 appellatum
1291 1779 1476 1850 ejicit;
1543 1778 1917 1849 postridieque

2026 579 2385 650 μονοκράτωρ
2434 580 2749 652 ἀναδειχοῇ.
2781 581 2968 636 τοῦτον
3000 583 3080 645 εἰς
3119 585 3428 654 οἰκειότητα
3469 605 3607 659 προ-

2024 673 2304 742 στήσεται.
2331 673 2444 726 Οὐκ
2473 675 2675 744 ἤρεσκε
2717 675 2775 729 δὲ
2818 674 2896 746 τῷ
2927 675 3192 749 Βασιλείῳ
3229 678 3424 745 ταῦτα,
3461 683 3604 736 πάνυ

2019 761 2078 816 δὲ
2114 765 2234 828 ταῖς
2269 767 2628 837 πανουργίαις
2651 767 2996 841 προσώχθισε
3025 769 3117 824 τοῦ
3168 773 3356 841 σοφοῦ.
3393 776 3607 848 Μικρὸν

2024 856 2084 909 τὸ
2123 858 2181 909 ἐν
2214 857 2387 929 μέσῳ,
2441 859 2535 912 καὶ
2587 860 2750 924 αὐτὸς
2783 863 2810 915 6
2847 863 3066 934 Μιχαὴλ
3108 865 3242 936 πρὸς
3282 865 3360 936 τῷ
3393 869 3607 938 τεμένει

2022 948 2116 1004 τοῦ
2162 950 2461 1023 Μάρτυρος
2495 952 2796 1022 Μάμαντος
2852 955 3241 1026 δολοφονεῖται,
3305 959 3463 1023 ἀξίαν
3507 961 3607 1032 τῆς

2022 1042 2224 1107 ἀνοίας,
2254 1044 2430 1098 είτουν
2468 1045 2681 1108 ἀδικίας
2707 1046 2873 1100 αὐτοῦ
2905 1048 3000 1101 καὶ
3027 1048 3282 1113 ἀσεϐείας
3305 1051 3604 1120 δεξάμενος

2022 1133 2309 1204 τελευτήν·
2365 1135 2588 1205 χρόνους
2643 1136 2743 1207 μὲν
2798 1139 3192 1192 πεντεκαίδεκα
3266 1141 3362 1195 καὶ
3425 1141 3606 1212 μῆνας

2022 1223 2167 1278 ὀκτὼ
2215 1224 2734 1297 συμϐεϐασιλευκὼς
2783 1230 2848 1299 τῇ
2907 1230 3099 1300 μητρὶ,
3149 1230 3307 1286 ὲννέα
3355 1231 3410 1284 δὲ
3454 1231 3604 1301 παρά

2025 1315 2197 1388 βραχὺ
2258 1317 2417 1387 μόνος
2481 1317 2576 1387 ἐτη
2623 1319 3018 1390 κεκρατηκὼς,
3076 1321 3172 1374 καὶ
3225 1322 3288 1375 τὸ
3365 1323 3604 1394 πονηρὸν

2021 1409 2252 1462 ἐνώπιον
2273 1409 2373 1480 τῆς
2400 1409 2728 1480 Ἐκκλησίας
2746 1413 2950 1484 Κυρίου
2997 1413 3338 1483 πεποιηκὼς,
3357 1415 3604 1485 τελευτᾷ.

2025 1502 2222 1572 Πρώτη
2285 1503 2384 1573 μὲν
2433 1503 2702 1557 ίνδικτιὼν
2761 1502 2908 1576 εἶχεν
2939 1507 3136 1577 ἀρχὴν,
3181 1507 3373 1566 εἰκάδα
3420 1508 3477 1561 δὲ
3512 1509 3609 1562 καὶ

2021 1592 2290 1664 τετάρτην
2327 1595 2356 1647 6
2404 1593 2812 1667 Σεπτέμϐριος,
2862 1597 2959 1650 καὶ
2997 1600 3024 1651 6
3066 1597 3343 1664 Βασίλειος
3376 1601 3512 1672 πρὸς
3537 1601 3608 1656 τά

2025 1687 2271 1757 βασίλεια
2301 1688 2787 1761 κατευθυνόμενος,
2815 1691 3174 1767 αὐτοκράτωρ
3219 1696 3605 1766 ἀνηγορεύετο.

2023 1781 2279 1851 Παρευθύ
2308 1780 2364 1834 δὲ
2399 1781 2622 1854 πέμψας
2671 1785 2752 1846 είς
2785 1770 3156 1857 καταδρομὴν,
3194 1789 3322 1851 τοὺς
3366 1789 3494 1860 περὶ
3517 1790 3608 1844 τὸν

335 1873 508 1926 Eliam
567 1872 1074 1943 splendidissimum
1129 1875 1290 1944 regia:
1327 1872 1521 1928 classis
1552 1872 1912 1942 drungarium

2027 1873 2292 1944 Ζαχαρίαν
2327 1875 2680 1945 Καλχηδόνος
2701 1875 2766 1929 ὲκ
2795 1877 2967 1948 μέσης
2989 1878 3304 1951 ἀπέστρεψε
3335 1880 3436 1950 τῆς
3461 1881 3605 1936 ὁδοῦ.

331 1978 457 2016 cum
487 1961 752 2018 dromone
779 1964 948 2033 regio,
987 1977 1088 2018 seu
1141 1963 1346 2028 celoce,
1397 1961 1462 2016 ad
1502 1963 1914 2017 sanctissimum

329 2057 700 2127 patriarcham
728 2073 794 2113 ex
826 2057 1004 2113 insula
1020 2054 1555 2126 Constantinopolim
1585 2071 1649 2110 ea
1681 2071 1788 2126 qua
1819 2070 1918 2126 par

329 2157 414 2202 est
447 2148 671 2204 honoris
701 2165 896 2221 pompa
936 2149 1313 2205 reducendum
1354 2148 1563 2204 mittit:
1602 2149 1694 2218 qui
1757 2149 1914 2202 illum

2025 1963 2102 2034 Τῇ
2136 1963 2259 2034 ἑξῆς
2280 1963 2337 2017 δὲ
2372 1965 2512 2034 μετά
2540 1966 2640 2036 τὴν
2661 1965 3044 2039 ἀναγόρευσιν,
3077 1969 3173 2023 τοῦ
3205 1972 3608 2043 πατριαρχικοῦ

2020 2053 2215 2124 θρόνου
2251 2053 2341 2106 τὸν
2378 2053 2583 2114 Φώτιον
2617 2056 3000 2123 καταϐιϐάζει,
3049 2060 3231 2114 καὶέν
3259 2063 3609 2133 μοναστηρίῳ

2023 2147 2133 2200 τινὶ
2196 2147 2520 2220 καλουμένῳ
2581 2149 2772 2222 Σκέπῃ
2821 2151 3011 2205 τοῦτον
3045 2153 3206 2217 εὐθὺς
3255 2155 3606 2227 ὑπερορίςειο

331 2241 600 2312 tantisper
651 2243 704 2297 in
751 2243 996 2312 paternis
1027 2241 1236 2297 aedibus
1272 2241 1412 2307 suis,
1454 2255 1592 2311 quas
1643 2240 1912 2311 Mangana

2027 2240 2112 2292 καὶ
2160 2242 2227 2311 τῇ
2283 2241 2548 2311 ἐπαύριον
2605 2243 2792 2298 Ἠλίαν
2852 2244 2944 2299 τὸν
2999 2247 3465 2319 περιφανέστατον
3510 2248 3606 2303 τοῦ

331 2333 628 2401 appellant,
659 2336 915 2391 collocat.

2018 2333 2300 2404 βασιλικοῦ
2325 2335 2514 2389 στόλου
2559 2335 2921 2408 δρουγγάριον
2955 2341 3053 2393 σὺν
3089 2341 3169 2412 τῷ
3196 2341 3460 2414 βασιλικῷ
3485 2342 3610 2413 δρό-

334 2443 473 2496 μωνι
522 2427 660 2498 πρὸς
718 2428 810 2482 τὸν
844 2427 1149 2498 ἁγιώτατον
1175 2425 1496 2482 ἀποστέλλει
1535 2427 1908 2499 πατριάρχην,
1949 2427 2099 2492 ὅπως
2158 2427 2322 2482 αὐτὸν
2377 2430 2440 2482 ἐκ
2485 2430 2585 2500 τῆς
2633 2431 2799 2502 νήσου
2838 2432 2974 2504 πρὸς
3042 2435 3142 2504 τὴν
3219 2434 3610 2505 βασιλεύουσαν

333 2519 475 2590 μετά
502 2520 602 2591 τῆς
629 2522 946 2592 πρεπούσης
975 2521 1246 2592 ἁνενέγκῃ
1281 2519 1450 2609 τιμῆς
1472 2536 1485 2552 ο
1512 2523 1611 2575 καὶ
1640 2521 1777 2586 τέως
1810 2520 1907 2591 μὲν
1947 2523 2004 2574 έν
2066 2523 2179 2586 τοῖς
2240 2526 2481 2592 γονικοῖς
2539 2524 2706 2580 αὐτοῦ
2764 2526 3052 2592 παλατίοις
3097 2531 3212 2596 τοῖς
3244 2531 3602 2602 καλουμένοις

329 2616 645 2684 Μαγκάνοις
681 2615 1111 2686 ἀποκαθίστησιν
1135 2615 1318 2669 αὐτόν.

403 2711 474 2769 Ut
503 2727 633 2768 vero
663 2714 926 2785 improbae
947 2723 1094 2770 artes
1120 2731 1312 2771 omnes
1345 2725 1538 2772 contra
1575 2717 1750 2772 virum
1785 2732 1915 2772 san-

330 2815 481 2862 etum
537 2807 799 2862 omnibus
827 2815 1070 2878 pateant,
1109 2809 1202 2877 qui
1249 2809 1608 2879 apprehendit
1640 2809 1915 2880 sapientes

332 2900 388 2954 in
421 2899 624 2954 astutia
654 2915 868 2964 eorum,
911 2908 967 2957 et
1011 2902 1302 2956 consilium
1337 2918 1628 2972 pravorum
1665 2904 1915 2973 dissipat,

331 2992 424 3047 ille
482 2992 644 3046 etiam
691 2992 1004 3063 imperatori
1059 2993 1245 3064 injecit
1295 3009 1416 3050 eam
1467 3005 1728 3064 mentem,
1765 3005 1824 3050 ut
1851 2996 1919 3052 ad

329 3082 583 3138 Photium
642 3084 904 3152 mitteret,
949 3084 1296 3156 juberetque,
1349 3087 1533 3142 omnia
1574 3104 1694 3159 qua:
1752 3104 1781 3144 a
1825 3105 1922 3160 pa-

2098 2711 2218 2764 ’Ίνα
2244 2709 2300 2764 δὲ
2331 2711 2481 2765 πᾶσα
2533 2711 2566 2783 ἡ
2621 2711 2761 2766 κατά
2799 2711 2893 2765 τοῦ
2919 2712 3078 2782 ἁγίου
3119 2712 3343 2784 γένηται
3368 2716 3611 2786 ¹πονηρία

2024 2803 2407 2874 καταφανὴς,ό
2428 2803 2797 2876 δρασσόμενος
2824 2807 2953 2870 τοὺς
2980 2806 3179 2876 σοφοὺς
3193 2808 3252 2860 ὲν
3279 2811 3344 2878 τῇ
3369 2825 3609 2881 πανουρ-

2025 2895 2119 2967 γίᾳ
2151 2896 2353 2963 αὐτῶν,
2414 2895 2770 2949 πολυπλόκων
2823 2895 2879 2948 δὲ
2911 2895 3107 2966 βουλάς
3158 2897 3402 2962 ὲξιστῶν,
3448 2901 3611 2966 αὐτὸς

2026 2989 2288 3060 ἐμϐάλλει
2333 2989 2427 3043 καὶ
2480 2988 2558 3060 τῷ
2607 2989 2971 3061 αὐτοκράτορι
3013 2989 3279 3064 Βασιλείῳ
3325 2992 3607 3064 λογισμόν.

2027 3082 2138 3134 Καὶ
2169 3081 2489 3136 ἀποστέλλει
2551 3081 2688 3153 πρὸς
2714 3081 2942 3150 Φώτιον,
3000 3083 3070 3138 τὰ
3103 3085 3365 3156 ίδιόχειρα
3407 3089 3608 3153 πάντα,

331 3175 591 3230 triarchio
623 3177 967 3246 sumpsisset,
1021 3193 1187 3234 manu
1245 3194 1346 3235 sua
1389 3179 1612 3250 scripta,
1649 3182 1921 3250 quampri-

2030 3173 2128 3227 ὅσα
2149 3173 2259 3228 ἀπὸ
2295 3174 2389 3228 τοῦ
2424 3175 2817 3246 πατριαρχείου
2867 3176 3071 3232 κατιὼν
3109 3177 3322 3242 ἔλαϐεν,
3369 3180 3612 3251 ἀνυπερ-

329 3283 481 3322 mum
513 3268 619 3323 sibi
669 3270 983 3326 transmitti.
1038 3270 1143 3326 Sed
1205 3272 1484 3343 pejerabat
1540 3273 1650 3339 ille,
1698 3274 1833 3327 nihil
1865 3290 1924 3330 se

329 3376 395 3414 ex
428 3361 766 3431 patriarchio
815 3378 999 3418 secum
1061 3366 1359 3434 accepisse,
1405 3381 1471 3420 eo
1512 3367 1656 3437 quod
1710 3383 1928 3439 urgere-

332 3463 420 3507 tur
453 3454 519 3509 ad
570 3453 903 3510 discessum.
953 3457 1092 3511 Dum
1145 3457 1258 3510 haec
1289 3459 1354 3512 ad
1390 3458 1625 3512 Baanem
1669 3460 1929 3529 praeposi-

329 3555 448 3601 tum
500 3545 840 3610 dicerentur,
879 3547 1068 3604 famuli
1099 3550 1378 3618 praepositi
1409 3567 1437 3604 a
1467 3551 1926 3608 tumultuantibus

332 3638 474 3692 inter
505 3644 564 3694 se
585 3639 767 3694 Photii
797 3639 991 3702 servis,
1019 3649 1225 3710 septem
1261 3656 1451 3697 saccos
1482 3643 1732 3711 refertos,
1757 3645 1928 3716 plum-

331 3729 514 3800 boque
571 3729 838 3800 signatos,
873 3728 926 3782 in
986 3730 1298 3800 proximum
1353 3734 1740 3791 arundinctum
1798 3752 1927 3792 con-

333 3819 543 3876 dendos
592 3820 723 3876 ferri
761 3821 1224 3890 animadvertunt,
1261 3841 1538 3897 manuque
1573 3827 1771 3897 injecta
1806 3845 1926 3884 ere-

333 3927 457 3986 ptos
502 3916 571 3972 ad
601 3917 982 3987 imperatorem
1014 3919 1325 3992 deportant.
1368 3921 1429 3977 Et
1459 3925 1588 3978 dum
1621 3927 1924 3997 resignant,

333 4009 444 4064 duo
506 4010 788 4068 volumina
837 4027 972 4068 auro
1005 4023 1344 4085 argentoque
1377 4015 1678 4086 lirathata,
1716 4020 1925 4076 serico-

333 4117 440 4172 que
481 4101 788 4174 extrorsum
845 4105 1045 4173 velata,
1106 4107 1405 4163 introrsum
1470 4125 1600 4165 vero
1646 4111 1927 4183 eleganter

333 4205 386 4250 et
411 4197 551 4253 scite
580 4197 774 4254 litteris
803 4200 1050 4255 venustis
1073 4208 1298 4256 exarata
1336 4203 1636 4272 reperiunt.
1676 4203 1924 4262 Alterum

333 4289 651 4346 continebat
691 4293 942 4348 actiones
973 4303 1183 4362 septem
1227 4294 1518 4362 synodicas
1544 4307 1734 4351 contra
1771 4295 1928 4368 lgna-

335 4380 494 4448 tiutn,
551 4397 672 4452 qua:
695 4398 794 4438 nec
823 4392 973 4450 sunt,
1005 4400 1106 4440 nec
1151 4383 1375 4439 fuerunt
1407 4401 1649 4455 unquam
1679 4387 1926 4442 celebra-

333 4481 422 4536 tae,
449 4473 544 4528 sed
574 4475 744 4545 gratis
789 4485 972 4530 astuta
1016 4476 1285 4531 duntaxat
1342 4486 1523 4532 mente
1567 4477 1832 4534 confictae.
1865 4479 1922 4532 ln

2031 3265 2208 3331 Οέτως
2238 3266 2387 3339 αὐτῷ
2419 3267 2634 3340 πέμψαι
2683 3269 3204 3340 παρεκελευόμενος.
3241 3271 3301 3325 '0
3335 3272 3392 3324 δὲ
3426 3272 3611 3344 ὅρκοις

2028 3359 2304 3429 ἐψεύδετο,
2332 3361 2498 3433 μηδὲν
2521 3360 2763 3415 τοιοῦτον
2787 3362 2996 3416 ἐκεῖθεν
3019 3363 3224 3428 λαϐεῖν,
3257 3363 3334 3434 τῷ
3365 3363 3615 3418 κατεπεί-

2028 3451 2221 3521 γεσθαι
2255 3453 2391 3524 πρὸς
2421 3452 2520 3523 τὴν
2553 3453 2878 3508 κατάϐασιν.
2930 3454 3016 3516 Ὠς
3043 3450 3136 3507 οὖν
3169 3453 3344 3508 ταῦτα
3373 3455 3616 3526 παράὐ-

2026 3543 2120 3598 τοῦ
2162 3543 2299 3616 πρὸς
2342 3545 2434 3598 τὸν
2459 3546 2819 3617 πραιπόσιτον
2853 3545 3066 3616 Βαάνην
3101 3546 3341 3614 ἐλέγετο,
3369 3546 3420 3598 οἱ
3445 3543 3611 3598 αὐτοῦ

2027 3636 2421 3709 θορυϐούμενοι
2461 3636 2837 3707 θεραπευταὶ,
2892 3638 3033 3691 έπτά
3085 3640 3324 3702 σάκκους
3384 3637 3614 3708 πλήρεις

2025 3730 2502 3802 έσφραγισμένους
2548 3730 2784 3802 μολίϐδῳ
2847 3731 2928 3794 είς
2985 3731 3077 3784 τὸν
3132 3729 3365 3801 πλησίον
3402 3731 3615 3786 ἐνίεσαν

2027 3824 2331 3894 καλαμῶνα
2370 3823 2810 3895 κατακρύϐοντες
2835 3840 2849 3855 ο
2885 3823 2978 3888 οὓς
3013 3825 3202 3896 οἱπερὶ
3234 3825 3326 3879 τὸν
3366 3825 3616 3896 πραιπό-

2028 3935 2175 3972 σιτον
2206 3918 2427 3982 ἰδόντες,
2461 3918 2556 3971 καὶ
2604 3919 2703 3988 τῆς
2750 3916 2935 3990 χειρὸς
2973 3917 3424 3989 ἀφαρπάσαντες,
3476 3917 3614 3984 πρὸς

2026 4013 2119 4065 τὸν
2169 4011 2399 4083 βασιλέα
2443 4011 2810 4080 άπεκόμισαν.
2877 4009 3213 4076 Ἀνοίξαντες
3267 4009 3322 4064 δὲ
3366 4008 3612 4071 τούτους,

2026 4104 2122 4157 δύο
2164 4103 2478 4174 εὑρίσκουσι
2536 4102 2714 4175 βιϐλία
2757 4101 2945 4174 χρυσῷ
2979 4102 3072 4157 καὶ
3106 4100 3334 4172 ἀργύρῳ
3365 4103 3614 4170 σηρικοῖς

2027 4197 2323 4267 ένδύμασιν
2343 4195 2542 4261 ἔξωθεν
2567 4194 2982 4266 κεκοσμημένα,
3015 4192 3217 4248 ἔσωθεν
3234 4192 3288 4245 δὲ
3311 4191 3614 4262 φιλοκάλως

2029 4287 2125 4343 καὶ
2147 4287 2424 4359 ἐπιμελῶς
2449 4288 2741 4358 γράμμασι
2763 4285 3124 4358 γεγραμμένα
3152 4286 3424 4357 τερπνοῖς.
3453 4285 3615 4354 Περιε-

2030 4385 2139 4454 εἴχε
2176 4382 2232 4436 δὲ
2278 4381 2435 4436 τδέν
2473 4380 2698 4453 πράξεις
2730 4379 2870 4434 ἑπτὰ
2887 4378 3319 4442 συνοδικάς,τάς
3345 4377 3615 4449 μηδέποτε

2030 4476 2217 4543 οὐσας,
2249 4476 2282 4548 ἦ
2311 4476 2632 4545 γενομένας,
2694 4472 2838 4528 κατά
2880 4471 2974 4526 τοῦ
3028 4472 3313 4541 Ἰγνατίου,
3349 4471 3527 4540 μάτην
3557 4469 3616 4523 δὲ

334 4581 567 4634 quarum
617 4568 850 4638 singulis
907 4569 1099 4636 initiis,
1141 4585 1306 4625 manu
1376 4570 1549 4640 ipsius
1598 4569 1922 4642 Syracusani

2033 4570 2388 4636 κακοδαίμονι
2419 4567 2577 4638 μόνον
2605 4566 3103 4638 ἀναπεπλασμένας
3142 4563 3370 4636 διανοίᾳ.
3391 4565 3478 4617 Ἑν
3497 4565 3617 4625 ταῖς

339 4655 590 4712 Asbestae
638 4658 878 4730 (egregie
927 4661 1096 4723 enim,
1130 4662 1194 4716 ad
1231 4662 1538 4729 cumulum,
1573 4678 1718 4728 reor,
1763 4663 1934 4718 malo-

337 4763 487 4814 rum,
533 4759 588 4804 et
644 4752 901 4822 pingendi
961 4753 1254 4809 artificium
1310 4755 1602 4823 didicerat)
1657 4757 1934 4812 coloribus

341 4839 656 4898 artiﬁciosis
691 4859 986 4913 expressus
1017 4855 1135 4900 erat
1165 4845 1431 4917 lgnatius.
1472 4847 1516 4901 0
1543 4847 1818 4904 rabiosum
1846 4849 1935 4904 lu-

341 4947 546 5012 rorem,
579 4950 612 4988 o
663 4934 924 4993 furiosam
977 4935 1207 5002 rabiem,
1241 4936 1328 4993 cui
1365 4937 1500 4992 nihil
1560 4937 1683 4993 addi
1735 4939 1929 5010 possit!

338 5026 518 5098 Atque
574 5028 627 5084 in
672 5028 848 5100 prima
900 5030 1120 5100 quidem
1162 5030 1382 5087 actione
1424 5040 1696 5102 raptatum
1732 5039 1786 5086 et
1819 5048 1935 5087 ver-

341 5122 588 5175 beratum
619 5121 886 5192 lgnalium
920 5124 1146 5189 ellinxit,
1177 5141 1455 5196 supraque
1522 5135 1684 5198 caput
1733 5125 1934 5181 inscri-

341 5215 480 5285 psit:
516 5215 793 5272 Diabolus.
828 5216 1082 5289 Nunquid
1114 5233 1220 5273 non
1237 5220 1510 5276 maledicti
1540 5219 1932 5275 exhorrescitis

342 5309 675 5364 atrocitatem
708 5309 730 5362 ?
763 5307 869 5366 Sed
904 5325 1010 5364 non
1047 5320 1148 5374 est,
1184 5311 1329 5380 quod
1362 5311 1663 5365 miremini.
1711 5311 1848 5365 Nam
1882 5311 1930 5366 si

343 5399 798 5468 patremfamilias
827 5403 1171 5472 appellarunt
1220 5401 1544 5466 Beelzebub,
1589 5403 1930 5458 domesticos

343 5490 465 5560 ejus
493 5493 770 5562 quomodo
803 5494 1146 5564 appellarent
1175 5495 1278 5549 ?ln
1307 5495 1477 5550 altera
1509 5495 1724 5550 actione
1759 5495 1933 5565 sputis

346 5584 633 5648 foedatum,
681 5601 991 5657 magnaque
1031 5586 1082 5639 vi
1136 5596 1367 5641 tractum
1421 5588 1753 5654 ell'ormavit,
1803 5603 1929 5643 cum

345 5678 458 5735 hoc
542 5679 721 5749 elogio
790 5699 804 5735 :
887 5680 1217 5750 Principium
1290 5679 1523 5750 peccati.
1587 5679 1645 5734 ln
1721 5681 1926 5747 tertia,

343 5772 412 5828 de
481 5772 678 5828 throno
754 5773 1126 5839 deturbatum,
1207 5788 1330 5828 cum
1409 5773 1512 5828 hoc
1593 5773 1751 5827 titulo
1791 5791 1803 5827 :
1842 5773 1928 5828 Fi-

344 5865 455 5923 lius
500 5866 840 5937 perditionis.
905 5866 963 5922 ln
1016 5875 1240 5938 quarta;
1280 5865 1518 5924 vinculis
1591 5865 1926 5939 colligatum,

2035 4663 2230 4732 ἀρχαῖς
2259 4660 2314 4714 δὲ
2347 4660 2552 4713 τούτων
2598 4659 2682 4729 ἐφ’
2717 4660 2954 4728 ἑκάστης
3007 4656 3279 4727 πράξεως,
3315 4652 3618 4726 αὐτουργίᾳ.

2035 4753 2128 4808 τοῦ
2156 4750 2524 4823 Συρακουσίου
2559 4751 2824 4805 Ἀσϐεστᾶ
2870 4747 2971 4821 (ἦν
3002 4749 3110 4822 γὰρ
3143 4750 3237 4803 καί
3267 4747 3559 4818 ζωγράφος
3587 4745 3618 4798 6

2037 4845 2322 4916 γεννάδας,
2365 4845 2447 4908 είς
2490 4841 2958 4914 προσθήκην’“τῶν
2993 4839 3159 4895 αὐτοῦ
3186 4839 3392 4899 κακῶν,
3421 4833 3615 4908 οἶμαι)

2035 4936 2123 4990 διὰ
2149 4935 2511 5007 χρωματικῆς
2560 4935 2881 5006 ζωγραφίας
2921 4933 3294 5004 ἐνεγέγραπτο
3336 4929 3615 4998 Ἰγνάτιος.

2036 5030 2146 5084 Καὶ
2178 5029 2244 5100 (ὢ
2287 5029 2387 5100 τῆς
2435 5027 2742 5082 ἀκαθέκτου
2779 5026 3018 5098 λύσσηςῐ
3065 5024 3110 5078 ὢ
3139 5023 3334 5097 μανίας
3363 5020 3618 5091 οὐδεμίαν

2036 5122 2346 5194 ὑπερϐολὴν
2403 5120 2802 5192 ἀπολειπούσης
2825 5119 2864 5190 l)
2895 5119 3036 5172 κατά
3087 5119 3186 5190 τὴν
3243 5115 3466 5189 πρώτην
3519 5113 3620 5184 μὲν

2035 5213 2233 5286 πρᾶξιν
2265 5212 2568 5284 συρόμενόν
2601 5229 2659 5264 τε
2697 5210 2859 5264 αὐτὸν
2891 5210 2985 5262 καὶ
3026 5207 3414 5280 ῥαϐδιζόμενον
3447 5204 3617 5275 ἐμόρ-

2037 5325 2244 5378 φωσεν,
2274 5305 2480 5360 ἄνωθεν
2511 5304 2567 5357 δὲ
2596 5304 2691 5375 τῆς
2718 5303 2961 5373 κεφαλῆς
2987 5300 3300 5372 ἐπέγραψεν
3321 5315 3335 5330 ο
3374 5319 3391 5351 t
3431 5298 3488 5351 '0
3505 5297 3620 5352 διάς-

2035 5400 2209 5462 ϐολος.
2237 5393 2506 5471 ιτΑρόὐκ
2528 5396 2784 5469 ἐφρίξατε
2807 5396 2904 5467 τὴν
2927 5393 3234 5464 ὑπερϐολὴν
3255 5393 3352 5462 τῆς
3371 5390 3617 5462 βλασφη-

2038 5494 2196 5565 μίας;
2231 5491 2392 5546 Ἀλλὰ
2424 5491 2499 5562 μὴ
2531 5489 2954 5562 θαυμάσητε.Εἱ
2980 5488 3090 5558 γάρ
3111 5486 3201 5540 τὸν
3233 5483 3617 5551 οἰκοδεσπότην

2034 5588 2362 5654 Βεελζεϐοὺλ
2392 5586 2679 5651 ἐκάλεσαν,
2712 5587 2764 5639 τί
2793 5583 2925 5657 πρὸς
2945 5583 3071 5648 τοὺς
3103 5581 3380 5643 οἰκιακοὺς
3413 5576 3616 5645 αὐτοῦς

2036 5683 2193 5736 Κατὰ
2213 5679 2312 5752 τὴν
2344 5678 2603 5748 δευτέραν
2619 5677 2674 5730 δὲ
2700 5677 3098 5748 ἐμπτυόμενον,
3129 5673 3223 5726 καὶ
3247 5671 3433 5742 βιαίως
3465 5669 3620 5722 ἑλκό-

2037 5791 2194 5844 μενον
2210 5771 2395 5838 αὐτὸν,
2415 5770 2509 5825 καὶ
2536 5771 2894 5841 ἡέπιγραφή·
2919 5788 2938 5822 ι
2962 5767 3130 5839 Ἀρχὴ
3152 5767 3248 5837 τῆς
3266 5764 3561 5836 ἁμαρτίας.
3591 5781 3610 5814 ι

2035 5867 2190 5922 Κατᾶ
2220 5865 2316 5939 τὴν
2346 5865 2537 5938 τρίτην
2553 5864 2605 5920 δὲ
2634 5862 3086 5938 καθαιρούμενον,
3114 5861 3228 5928 καὶ,
3259 5879 3275 5912 ι
3300 5859 3356 5912 '0
3378 5857 3493 5920 υίὲς
3520 5857 3617 5924 τῆς
