4092 6628
485 372 582 442 541

485 577 805 651 οριζόμενον
831 577 970 631 κατὰ
999 579 1098 648 τὴν
1125 579 1394 649 τετάρτην
1440 577 1639 650 πρᾶξιν
1674 579 1942 633 είκόνισεν
1973 580 2069 632 αὐ-

483 673 595 739 τὸν,
640 673 736 727 καὶ
779 671 1094 736 πλεονεξίαν
1133 671 1226 725 τοῦ
1261 672 1437 742 μάγου
1469 673 1715 741 Σίμωνος
1760 673 2068 744 ἐπέγραψε.

485 767 642 822 Κατὰ
676 766 773 835 τὴν
806 766 980 838 ἀρχὴν
1003 767 1059 820 δὲ
1087 769 1184 835 τῆς
1220 767 1477 838 πέμπτης
1503 766 1719 831 κλοιοὺς
1755 767 1917 820 αὐτὸν
1943 785 2070 837 σχη-

488 857 701 927 ματίζει
730 857 1132 928 περικείμενον,
1156 858 1300 928 καὶὴ
1329 858 1564 932 λοιδορία
1583 875 1596 890 ·
1624 878 1642 910 ι
1692 858 1750 912 '0
1769 859 2069 930 ὑπεραιρό-

472 957 647 1018 ’μενος
675 949 770 1001 ἐπὶ
799 950 975 1002 πάντα
990 949 1122 1002 θεὸν
1149 950 1241 1002 καὶ
1262 949 1529 1020 σέϐασμα.
1557 968 1576 1002 t
1608 948 1770 1005 Κατὰ
1786 949 1884 1022 τὴν
1902 949 2069 1019 ἕκτην

486 1040 543 1094 δὲ
570 1041 651 1104 είς
689 1040 988 1109 καταδίκην
1041 1041 1204 1095 αὐτὸν
1235 1041 1640 1113 ἐμϐαλλόμενον
1673 1044 1963 1096 είκόνισεν.
2001 1041 2069 1094 'H

484 1131 540 1186 δὲ
575 1135 694 1186 κατ’
719 1133 884 1186 αὐτοῦ
909 1133 1205 1203 ἀργολογία
1244 1132 1344 1207 [αι.
1373 1133 1663 1206 ἀπολογία]
1687 1151 1696 1160 ·
1722 1153 1740 1187 ι
1780 1134 2068 1204 Βδέλυγμα

483 1225 582 1296 τῆς
615 1225 964 1297 ἐρημώσεως.
997 1245 1014 1278 ι
1047 1225 1204 1280 Κατὰ
1249 1226 1347 1297 τὴν
1384 1226 1621 1300 ἑϐδόμην
1663 1227 1720 1281 δὲ
1752 1228 1846 1282 καὶ
1876 1227 2065 1280 τελευ-

484 1317 642 1371 ταίαν
683 1317 901 1388 πρᾶξιν,
939 1317 1239 1389 συρόμενον
1269 1317 1434 1371 αὐτὸν
1463 1317 1559 1372 καὶ
1582 1316 2070 1389 παρατομούμενον

485 1408 927 1478 διεζωγράφησεο
976 1408 1130 1481 καὶὴ
1160 1409 1442 1480 ἐπιγραφὴ
1480 1408 1671 1473 αὐτοῦ,
1705 1410 1771 1480 ἣν
1807 1409 2067 1480 ἔγραψεν,

484 1496 552 1572 ἦν
571 1518 586 1532 ο
622 1519 639 1554 ι
684 1489 1069 1579 Ἀντίχριστος.
1102 1521 1121 1557 ι
1150 1502 1335 1556 Ταῦτα
1363 1503 1474 1570 ἐγὼ
1499 1503 1596 1574 μὲν
1617 1501 1971 1573 αἰσχύνομαι,
2007 1501 2070 1575 νὴ

483 1592 585 1664 τὴν
641 1592 919 1666 ἀλήθειαν,
963 1595 1060 1670 ξπ),
1104 1593 1358 1666 γλώσσης
1401 1593 1574 1664 ἄγων,
1606 1595 1702 1648 καὶ
1738 1595 1818 1658 είς
1851 1595 2072 1666 μνήμην

482 1685 689 1740 τούτων
756 1686 883 1740 ίών·
1083 1687 1171 1757 διὰ
1210 1687 1370 1741 τοῦτο
1409 1687 1777 1750 παντάπασιν,
1829 1682 1890 1740 εὖ
1933 1687 2068 1754 ἴστε,

1553 376 1727 437 VITA
1757 375 1817 436 S.
1849 373 2148 436 IGNATII
2187 375 2276 436 CP
2337 377 2673 439 ARCHIEP

484 485 784 549 ἀπωλείας,
826 506 843 539 t
872 485 1330 556 ἐπιγραφόμενον.
1355 484 1736 557 Δεσμούμενον
1775 486 1948 541 δὲκαὶ
1984 488 2070 553 ἐξ·

2173 496 2225 543 et
2285 489 2734 556 exterminatum,
2798 490 2986 561 itaque
3051 489 3376 563 inscriptum

3425 509 3442 546 :
3503 494 3745 554 Avaritia

2171 580 2415 636 Simonis
2465 580 2627 653 Magi.
2663 581 2716 636 In
2749 582 2962 650 quinta,
3013 584 3202 640 collari
3249 583 3403 639 furca
3452 585 3745 656 inclusum,

2169 687 2295 727 cum
2335 672 2437 727 hac
2471 674 2747 730 calumnia
2785 671 2806 728 ἐ
2843 673 2946 740 Qui
2975 688 3033 729 se
3065 675 3278 731 extollit
3306 692 3469 746 supra
3507 693 3668 734 omne
3693 678 3747 737 id

2171 766 2316 836 quod
2359 764 2559 821 dicitur
2588 777 2684 822 aut
2727 767 2924 822 colitur
2978 768 3142 824 Deus.
3194 767 3253 823 ln
3306 779 3457 825 sexta
3504 770 3752 842 depinxit

2171 858 2326 927 quasi
2355 857 2468 929 jam
2498 859 2845 926 damnatum,
2875 875 2998 915 cum
3034 861 3179 916 dicto
3213 879 3226 915 :
3254 862 3605 923 Abominatio
3652 865 3750 919 de-

2171 943 2477 1000 solationis.
2516 946 2576 1001 ln
2610 951 2841 1016 septima
2896 957 2950 1003 et
2997 949 3190 1004 ultima
3243 951 3401 1006 ﬁnxit
3449 962 3748 1022 raptatum,

2170 1035 2460 1104 capiteque
2513 1038 2803 1093 multatum
2853 1049 2959 1105 ;et
3009 1041 3298 1112 inscriptio
3361 1052 3478 1098 erat
3529 1063 3542 1098 :
3593 1045 3751 1099 Anti-

2171 1126 2433 1182 Christus.
2470 1127 2602 1194 Quae
2624 1145 2724 1201 ego
2755 1146 2850 1200 per
2873 1132 3154 1188 veritatem
3180 1134 3299 1188 sine
3340 1135 3549 1205 pudore
3574 1152 3753 1208 neque

2140 1219 2494 1291 pronuntio,
2527 1237 2705 1292 neque
2744 1223 2797 1276 in
2844 1235 3082 1280 mentem
3131 1242 3325 1282 revoco
3361 1248 3374 1284 :
3411 1229 3482 1282 ob
3521 1245 3753 1301 eamque

2171 1329 2393 1369 causam
2440 1313 2652 1380 sciatis,
2699 1316 2882 1381 velim,
2943 1332 3027 1372 me
3079 1318 3296 1375 silentio
3346 1324 3751 1391 prateriturutn

2169 1406 2365 1471 fuisse,
2403 1408 2511 1462 nisi
2563 1407 2804 1463 viderem
2851 1409 3048 1464 horum
3106 1420 3384 1478 auctores,
3437 1425 3754 1470 auctorum-

2171 1512 2278 1568 que
2313 1497 2554 1553 asscclas
2590 1498 2706 1554 [nec
2744 1514 2854 1552 non
2885 1501 3062 1555 solum
3113 1515 3222 1556 non
3257 1503 3600 1572 erubescere,
3656 1506 3754 1562 sed

2172 1589 2226 1644 in
2261 1590 2346 1645 his
2379 1589 2558 1660 palam
2598 1590 2762 1646 etiam
2793 1591 3037 1662 gloriari,
3088 1591 3392 1664 Photioque
3442 1599 3752 1654 sanctitatis

2171 1682 2484 1754 opinionem
2518 1681 2655 1738 falso
2687 1683 2950 1739 tribuere.
2986 1683 3092 1740 Sed
3129 1701 3293 1742 verax
3336 1688 3427 1743 ille
3459 1704 3568 1743 non
3601 1705 3754 1744 men-

486 1778 825 1850 κατεσίγησα
853 1779 940 1846 ἂν,
977 1779 1034 1846 ει
1060 1780 1135 1852 μὴ
1171 1780 1358 1852 ἑώρων
1397 1781 1524 1844 τοὺς
1564 1779 1742 1834 ταῦτα
1779 1796 2064 1851 καταπρα-

2175 1776 2328 1840 titur,
2357 1775 2451 1846 qui
2475 1776 2612 1831 dixit
2642 1795 2656 1831 :
2690 1775 2899 1846 Impius
2931 1794 3048 1832 cum
3082 1779 3137 1833 in
3163 1781 3488 1850 profundum
3533 1783 3750 1848 venerit,

484 1869 770 1941 ξαμένους,
798 1869 891 1924 καὶ
920 1871 1046 1934 τοὺς
1070 1861 1250 1926 αὐτῶν
1278 1870 1533 1938 οἰκείους,
1569 1871 1628 1925 οὐ
1664 1871 1825 1941 μόνον
1856 1872 1914 1925 ὲν
1942 1870 2065 1924 τού-

2173 1869 2508 1924 contemnit"
2535 1887 2550 1924 :
2589 1869 2680 1924 sed
2705 1871 2950 1940 sequitur
2971 1887 3094 1927 eum
3129 1873 3430 1943 ignominia
3462 1883 3517 1930 et
3548 1889 3752 1946 oppro-

483 1975 595 2023 τοις
633 1960 735 2014 οὐκ
772 1961 1307 2032 ὲγκαλυπτομένους,
1354 1962 1491 2016 ἀλλὰ
1526 1961 1620 2016 καὶ
1653 1960 2064 2030 ἐγκαλλωπιζο-

487 2052 702 2122 μένους.
739 2053 831 2107 καὶ
859 2052 1017 2118 δόξαν
1048 2054 1360 2125 ἁγιωσύνης
1389 2053 1849 2124 ἐπιψευδομὲνους
1876 2053 2026 2125 αὐτῷ
2049 2068 2064 2086 ο

482 2142 718 2215 ἀψευδὴς
743 2144 850 2215 γὰρ
871 2146 900 2196 ό
925 2144 1095 2198 εἰπών
1119 2161 1134 2176 ο
1159 2146 1346 2201 ’Ὀταν
1361 2145 1508 2214 ἔλθῃ
1532 2145 1758 2213 ἀσεϐὴς
1779 2144 2069 2212 είςβίίθος

481 2235 706 2303 κακῶν,
773 2237 1174 2308 καταφρονεῖ·
1228 2240 1522 2310 ἐπέρχεται
1577 2239 1634 2292 δὲ
1677 2238 1826 2310 αὐτῷ
1874 2239 2068 2309 ἀτιμία

482 2331 576 2382 καὶ
620 2328 844 2394 ϐνειδος.
878 2331 1125 2402 Ὤμοσαν
1167 2333 1312 2384 κατὰ
1353 2331 1446 2384 τοῦ
1484 2330 1651 2401 φόϐου
1695 2331 1926 2402 Κυρίου,
1975 2335 2069 2384 καὶ

482 2420 628 2474 κατὰ
655 2420 756 2490 τῆς
782 2421 937 2492 δόξης
966 2422 1066 2492 τῆς
1103 2422 1288 2492 ἰσχύος
1315 2421 1503 2496 αὐτοῦ,
1530 2424 1578 2476 οἱ
1609 2423 1704 2476 ἐπὶ
1727 2425 1795 2494 τῇ
1827 2422 2070 2491 ἀναγνώ-

484 2529 567 2566 σει
597 2513 705 2566 τῶν
736 2513 946 2581 ἐναγῶν
975 2513 1230 2585 πράξεων
1253 2513 1481 2568 ἐκείνων
1507 2514 1845 2586 εὐρεθέντες,
1877 2514 2070 2586 πεντή-

485 2623 651 2661 κοντα
689 2606 906 2661 καὶδύο
938 2607 1285 2678 ἀναμφίϐολα
1342 2609 1440 2662 καὶ
1473 2610 1640 2662 πᾶσιν
1669 2607 2070 2679 ὡμολογημένα

483 2698 653 2771 ψευδῆ
704 2700 978 2770 κεφάλαια
1028 2700 1372 2772 γεγράφθαι,
1424 2690 1499 2767 ἐξ
1526 2701 1756 2767 ἀσεϐοῦς
1809 2700 2068 2773 μᾶλλονῆ

489 2795 726 2865 μανικῆς
745 2792 985 2857 διανοίας
1009 2794 1089 2856 είς
1112 2793 1452 2866 κατηγορίαν
1481 2793 1576 2848 τοῦ
1615 2795 1862 2866 μάκαρος
1897 2795 2070 2862 ἰγνα-

483 2884 602 2938 τίου
667 2885 1112 2957 προσφερόμενα.
1153 2885 1426 2956 Ἐκάστης
1474 2886 1531 2940 δὲ
1570 2887 1912 2958 κατηγορίας
1933 2887 2072 2958 πρὸς

485 2977 564 3048 τῷ
586 2976 732 3032 τέλει
757 2977 1005 3051 ἄγραφον
1029 2981 1212 3050 στίχον
1243 2981 1672 3053 κατελίμπανον,
1702 2980 1755 3032 εί
1791 2979 1914 3033 τινά
1941 2996 2071 3033 ποτε

483 3070 593 3125 τῶν
649 3072 818 3137 ἀξίων
871 3073 1108 3144 ἀγχόνης
1143 3072 1340 3143 δώροις
1376 3073 1409 3144 ἢ
1454 3071 1759 3143 ἀξιώμασιν
1791 3071 2071 3139 ἀπατῆσαι

483 3161 784 3232 δυνηθεῖεν,
843 3165 909 3219 ἵν’
975 3165 1074 3237 ἔχῃ
1125 3167 1291 3219 τόπον
1334 3165 1721 3236 ἐγγράψασθαι
1752 3164 1828 3234 τῷ
1861 3163 2065 3234 ψεύδει.

487 3255 598 3310 Καὶ
628 3256 798 3312 ταῦτα
823 3258 924 3328 μὲν
965 3260 999 3330 ἡ
1033 3258 1133 3330 μία
1161 3260 1256 3314 τοῦ
1289 3259 1558 3314 διαϐόλου
1582 3258 1829 3328 περιεῖχε
1863 3257 2067 3327 βίϐλος.

498 3348 563 3402 ἹΙ
586 3349 746 3422 ἑτέρα
777 3351 830 3404 δὲ
866 3352 1118 3424 συνοδικὴ
1148 3353 1291 3407 κατὰ
1315 3352 1582 3406 Νικολάου
1611 3351 1705 3406 τοῦ
1741 3353 1899 3406 πάπα
1934 3351 2070 3404 Ῥώυ

490 3455 597 3508 μης
618 3440 1045 3508 κατεσκεύαστο,
1078 3443 1260 3496 πᾶσαν
1299 3441 1667 3512 συκοφαντίαν
1693 3442 1788 3495 καὶ
1824 3440 2071 3511 βλασφη-

491 3529 618 3599 μίαν
648 3530 848 3586 ἄτοπον
866 3533 946 3596 είς
981 3531 1306 3603 καθαίρεσιν
1345 3531 1540 3603 ἀνδρὸς
1564 3532 1722 3600 ἁγίου
1756 3530 1851 3584 καὶ
1883 3531 2072 3584 ἀναθε-

491 3625 762 3694 ματισμδν
824 3624 1002 3689 ἀθέως
1057 3625 1154 3678 καὶ
1217 3623 1472 3695 πονηρῶς
1545 3621 2068 3695 δραματουργοῦσα,

490 3715 618 3782 ἀξία
649 3716 744 3771 καὶ
773 3717 910 3789 αὐτὴ
940 3719 1038 3787 τῆς
1069 3735 1127 3770 τε
1175 3716 1271 3771 τοῦ
1312 3717 1551 3787 πονηροῦ
1591 3717 1846 3788 δαίμονος
1867 3717 2074 3787 ὑπαγο-

493 3809 636 3880 ρίας,
655 3809 750 3864 καὶ
779 3810 879 3879 τῆς
904 3809 997 3864 τοῦ
1023 3810 1231 3864 Φωτίου
1264 3810 1591 3882 ὑπουργίας.
1610 3810 2072 3880 Ἀπαραλλάκτως

488 3899 545 3952 δὲ
568 3898 771 3963 ταύτας
799 3900 828 3952 ό
855 3901 1155 3973 τολμητίας
1195 3901 1277 3965 δὶς
1327 3901 1814 3972 ἀναγραψάμενος,
1847 3901 1945 3964 τὰς
1981 3901 2074 3954 δύο

493 3991 596 4062 μὲν
624 3992 871 4063 Ζαχαρία
900 3992 1207 4063 παρέσχετο
1253 3992 1348 4046 καὶ
1377 3991 1639 4063 Θεοδώρῳ
1667 3993 1792 4056 τοῖς.
1812 4007 2076 4063 προειρη-

491 4084 693 4155 μένοις,
728 4084 864 4156 μετὰ
891 4084 1182 4155 εὐφημιῶν
1228 4084 1323 4140 καὶ⁵
1352 4085 1541 4156 δώρων
1570 4083 1784 4136 πολλῶν
1821 4083 2077 4153 καὶλαμ-

487 4176 643 4248 πρῶν
669 4177 804 4246 πρὸς
825 4178 952 4242 τοὺς
980 4175 1081 4248 τῆς
1117 4177 1399 4248 Φραγκίας
1435 4176 1678 4248 βασιλεῖς
1728 4178 2074 4244 ἀπενεγκεῖν,

487 4268 583 4324 τοῦ
610 4269 699 4325 τὸν
725 4271 914 4326 πάπαν
944 4271 1216 4325 Νικόλαον
1243 4270 1319 4334 ώς
1346 4269 1740 4344 καθῃρημένον
1768 4267 2076 4334 ὲξώσασθαι

487 4363 583 4416 τοῦ
617 4364 831 4434 θρόνου.
863 4364 974 4428 Τὰς
999 4364 1093 4419 δύο
1121 4365 1178 4419 δὲ
1206 4365 1336 4434 παρ’
1378 4364 1554 4436 ἑαυτῷ
1581 4367 1825 4435 κατεῖχε.
1857 4362 2076 4418 Τούτων

486 4455 596 4510 τῶν
634 4458 920 4528 τεσσάρων
958 4457 1179 4529 βιϐλίων
1227 4457 1567 4529 δραξάμενος
1599 4459 1627 4510 ό
1661 4456 1939 4527 βασιλεὺς,
1983 4455 2076 4509 καὶ

2178 1961 2382 2018 brium.
2414 1961 2746 2018 Juraverunt
2768 1978 2866 2034 per
2885 1963 3138 2020 timorem
3165 1965 3404 2034 Domini,
3437 1978 3493 2023 et
3522 1968 3749 2036 gloriam

2172 2053 2510 2110 fortitudinis
2576 2054 2717 2126 ejus,
2780 2055 2874 2123 qui
2927 2055 2981 2110 in
3028 2057 3420 2128 sacrilegarum
3469 2059 3749 2113 actionum

2177 2144 2394 2198 illarum
2447 2144 2682 2200 lectione
2729 2144 3046 2211 adfuerunt,
3103 2145 3213 2200 duo
3262 2161 3428 2215 supra
3474 2146 3751 2216 quinqua-

2174 2235 2322 2305 ginta
2359 2235 2536 2306 capita
2577 2235 2645 2290 ad
2678 2235 2819 2290 beati
2851 2236 3045 2307 lgnatii
3075 2236 3410 2291 calumniam
3439 2237 3747 2306 perscripta

2170 2327 2341 2384 fuisse
2395 2329 2637 2384 omnium
2675 2329 3032 2386 consessione
3079 2329 3236 2394 falsa,
3275 2339 3328 2385 et
3371 2344 3436 2385 ex
3474 2329 3636 2400 impia
3667 2329 3750 2384 vel

2170 2423 2351 2492 potius
2441 2421 2646 2477 furiosa
2750 2431 2934 2476 mente
3023 2422 3275 2478 candela.
3353 2421 3756 2492 llelinquebant

2171 2522 2225 2574 et
2283 2512 2339 2568 in
2401 2514 2631 2584 singulis
2689 2513 3135 2570 accusationibus
3185 2530 3410 2570 versum
3467 2516 3534 2568 ad
3590 2514 3752 2567 ﬁnem

2170 2622 2426 2672 vacuum,
2469 2615 2526 2661 ut
2557 2607 2602 2662 si
2645 2622 2806 2678 quem
2853 2608 3051 2678 laqueo
3109 2608 3333 2678 dignum
3385 2608 3655 2663 donorum
3704 2613 3759 2660 et

2170 2699 2499 2772 dignitatum
2532 2701 2819 2772 largitione
2846 2701 3176 2768 irretissent,
3206 2700 3497 2755 mendacio
3555 2701 3602 2754 is
3636 2700 3758 2754 θυι).

2171 2792 2462 2849 scribendo
2503 2793 2730 2848 haheret
2763 2793 2961 2849 locum.
2996 2791 3061 2847 Et
3088 2794 3202 2848 haec
3229 2793 3449 2864 quidem
3471 2793 3611 2847 alter
3645 2792 3761 2846 dia-

2174 2885 2281 2940 boli
2347 2885 2663 2941 continebat
2717 2886 2878 2942 liber.
2938 2886 3092 2941 Alter
3157 2901 3285 2942 vero
3356 2886 3651 2958 synodicus
3702 2883 3755 2938 in

2171 2976 2456 3032 Nicolaum
2525 2976 2840 3048 pontiﬁcem
2903 2977 3212 3033 Romanum
3270 2979 3374 3034 tela
3439 2975 3750 3046 torquebat,

2174 3071 2466 3140 omnisque
2500 3071 2719 3142 generis
2753 3071 3059 3126 calumnias
3103 3080 3157 3126 et
3202 3071 3411 3126 atrocia
3465 3070 3757 3124 maledicta

2176 3164 2231 3218 in
2280 3163 2431 3218 illius
2481 3163 2655 3218 sancti
2698 3165 3206 3218 exauctorationem
3243 3173 3299 3218 et
3342 3160 3758 3217 damnationem

2175 3256 2666 3326 complectebatur,
2702 3255 2867 3326 impie
2903 3264 2958 3310 et
2987 3255 3194 3326 tragico
3222 3269 3391 3324 prope
3422 3254 3588 3308 modo
3621 3267 3755 3308 con-

2174 3349 2476 3415 cinnatus;
2520 3363 2652 3403 sane
2685 3347 2801 3418 ipse
2831 3359 3052 3417 quoque
3112 3345 3371 3400 dictantis
3426 3343 3598 3414 Stygii
3647 3343 3761 3398 do-

2175 3443 2346 3498 ctoris
2397 3440 2713 3512 magisterio
2758 3448 2812 3494 et
2851 3437 3355 3493 Photiiministerio
3391 3436 3608 3508 dignus.
3647 3435 3760 3492 llos

2171 3535 2363 3591 eodem
2393 3533 2643 3604 exemplo
2696 3532 2866 3588 libros
2907 3547 3033 3586 cum
3085 3531 3376 3601 impudens
3421 3531 3505 3585 bis
3549 3531 3761 3585 descri-

2174 3627 2384 3683 bendos
2411 3604 2695 3690 curasset;
2721 3625 2970 3697 geminos
2999 3625 3221 3695 quidem
3254 3624 3431 3680 libros
3478 3623 3761 3680 Zachariae

2173 3729 2230 3776 et
2281 3719 2574 3776 Theodoro
2634 3735 2798 3790 supra
2868 3718 3144 3784 indicatis,
3196 3733 3324 3774 cum
3383 3718 3760 3786 singularibus

2174 3816 2399 3872 laudum
2466 3814 2759 3878 encomiis,
2825 3813 3124 3883 multisque
3177 3826 3242 3868 ac
3297 3809 3762 3881 splendidissimis

2176 3907 2499 3964 muneribus
2550 3906 2616 3961 ad
2669 3905 3015 3961 Ludovicum
3069 3903 3319 3959 Francia:
3373 3917 3557 3972 regem
3614 3899 3763 3955 defe-

2177 4000 2382 4056 rendos
2412 3999 2582 4062 dedit,
2613 4006 2670 4053 ut
2702 3999 2749 4052 is
2783 3997 3074 4053 Nicolaum
3121 3995 3437 4066 pontiﬁcem
3490 3993 3638 4048 velut
3667 4007 3765 4046 ex-

2176 4100 2529 4147 auctoratum
2576 4088 2644 4145 σε
2688 4090 2892 4144 throno
2939 4087 3262 4144 deturbaret
3291 4105 3304 4142 ε
3333 4087 3474 4141 duos
3507 4099 3674 4154 penes
3705 4097 3763 4138 se

2177 4183 2424 4240 retinuit.
2461 4181 2581 4236 Haec
2617 4190 2857 4251 quatuor
2883 4180 3161 4235 volumina
3195 4179 3498 4246 imperator
3531 4176 3617 4232 illa
3645 4190 3764 4230 ere—

2177 4288 2293 4346 pta,
2327 4275 2480 4343 prius
2519 4273 2586 4329 ad
2622 4282 2874 4328 senatum
2917 4281 3201 4341 totamque
3235 4269 3540 4326 Ecclesiam
3577 4267 3756 4338 palam

2178 4367 2375 4424 detulit
2409 4385 2423 4423 :
2467 4375 2632 4437 atque
2681 4366 2755 4420 ita
2793 4380 2987 4421 omnes
3018 4363 3198 4419 Photii
3236 4361 3674 4419 machinationes
3709 4368 3765 4414 et

2179 4459 2403 4530 impiam
2439 4457 2838 4514 conscientiam
2886 4455 3132 4511 omnium
3173 4454 3348 4511 oculis
3394 4455 3601 4522 t0tique
3653 4450 3764 4504 rei-

486 4551 554 4619 τῇ
594 4548 882 4620 συγκλήτῳ
938 4549 1204 4621 πρότερον
1258 4549 1351 4602 καὶ⁵
1399 4551 1465 4619 τῇ
1507 4546 1806 4619 Ἐκκλησία
1843 4547 2070 4617 ποιήσας

2183 4553 2415 4626 publieae
2465 4551 2820 4621 spectandam
2871 4548 3177 4620 proposuit.
3231 4545 3446 4614 Quibus
3514 4543 3647 4599 visis
3710 4550 3764 4596 et

489 4645 846 4710 καταφανεῖς,
886 4643 1144 4714 τὴνὸλην
1180 4640 1321 4696 οὐτω
1365 4641 1571 4696 Φωτίου
1619 4641 1930 4713 σκευωρίαν
1980 4641 2073 4694 καὶ

491 4736 759 4806 κακίστην
818 4735 1124 4806 συνείδησιν
1182 4736 1276 4789 ὑπ’
1335 4736 1458 4807 ὄψιν
1505 4735 1695 4808 ἁπάσῃ
1720 4737 1787 4807 τῇ
1827 4733 2074 4805 πολιτείᾳ

490 4829 888 4899 κατεστήσατο.
961 4828 1189 4899 Ἐξέστη
1259 4831 1368 4893 πᾶς
1437 4829 1724 4899 ἄνθρωπος
1780 4827 1924 4899 ὁρῶν
1977 4825 2076 4880 καὶ⁹

490 4918 708 4974 ἁκούων
746 4919 940 4986 ταῦτα,
988 4921 1047 4975 οὐ
1089 4921 1247 4993 μόνον
1299 4921 1393 4976 ἐπὶ
1436 4923 1503 4994 τῇ
1535 4919 1798 4993 κακονοίᾳ.
1837 4920 1933 4974 καὶ
1979 4935 2076 4972 κα-

490 5014 882 5084 κορῤημοσύνῃ
937 5013 1031 5070 τοῦ
1080 5014 1360 5083 σοφιστοῦ,
1403 5013 1540 5068 ἀλλὰ
1574 5014 1669 5069 καὶ
1692 5015 1759 5084 τῇ
1801 5011 2074 5084 ὑπερϐολῇ

489 5105 590 5174 τῆς
624 5105 1007 5177 μακροθυμίας
1035 5106 1131 5160 καὶ
1157 5106 1355 5176 ἀνοχῆς
1376 5105 1470 5158 τοῦ
1503 5105 1660 5158 Θεοῦ.
1692 5100 1857 5157 Ἀλλὰ
1875 5103 2077 5166 ταύτας

495 5196 594 5266 μὲν
615 5196 710 5261 τὰς
746 5197 961 5267 βίϐλους
987 5197 1113 5251 ὐστε
1125 5215 1214 5270 ρον
1252 5197 1568 5265 ἐνεγκόντες
1589 5197 1681 5250 ἐπὶ
1709 5195 1810 5267 τῆς
1837 5194 2076 5258 συνόδου,

2181 4646 2384 4703 auditis
2457 4643 2676 4698 attoniti
2734 4655 2926 4698 omnes
2987 4641 3344 4710 ohstupuerc,
3409 4651 3518 4692 non
3583 4635 3762 4690 solum

2178 4746 2400 4808 propter
2428 4749 2739 4805 perversam
2779 4733 3036 4803 sophistae
3077 4741 3334 4795 mentem,
3380 4739 3773 4796 versutamque

2180 4828 2592 4890 verbositatem,
2634 4826 2731 4882 sed
2780 4825 2944 4881 etiam
2995 4825 3066 4879 ob
3109 4821 3486 4878 incredibilem
3538 4819 3628 4874 Dei
3670 4833 3768 4887 pa-

2186 4920 2434 4976 tientiam
2467 4925 2522 4972 et
2554 4917 2868 4972 diuturnam
2909 4914 3166 4970 vindicta:
3197 4913 3541 4968 dilationem.
3587 4907 3774 4963 Hosce

2180 5011 2354 5068 libros
2404 5010 2473 5065 ad
2521 5008 2917 5066 mettmenicam
2968 5017 3160 5077 postea
3213 5004 3482 5075 synodum
3530 5001 3769 5066 delatos,

2184 5103 2506 5171 auctorique
2569 5099 2825 5170 praesenti
2874 5113 2998 5152 cum
3034 5097 3238 5167 probro
3269 5095 3339 5149 ob
3370 5110 3433 5157 os
3480 5092 3769 5156 obtrusos,

2187 5194 2297 5265 igni
2336 5193 2699 5249 tradiderunt.
3269 5195 3280 5207 ’

491 5289 587 5343 καὶ
615 5290 757 5343 κατὰ
786 5291 1076 5362 πρόσωπον
1095 5289 1172 5361 τῷ
1199 5288 1486 5360 αὐτουργῷ
1517 5288 1698 5342 αὐτῶν
1726 5288 2177 5359 παραστήσαντες
2209 5287 2304 5341 καὶ
2325 5283 2948 5356 παραδειγματίσαντες,
2970 5277 3113 5334 οὕτω
3135 5276 3458 5348 παρέδωκαν
3494 5274 3572 5345 τῷ
3603 5271 3760 5343 πυρί.

563 5382 697 5436 Τότε
724 5383 779 5436 δὲ
814 5383 904 5436 καὶ
932 5385 959 5436 ό
996 5383 1354 5452 αὐτοκράτωρ
1385 5381 1660 5446 Βασίλειος
1688 5380 1950 5434 σιλέντιον
1981 5378 2077 5432 ἐπὶ

491 5478 572 5547 τῷ
623 5477 869 5545 παλατίιρ
903 5475 1240 5548 Μαγναύρας
1294 5474 1634 5544 ποιούμενος,
1681 5475 1775 5528 καὶ
1821 5474 1912 5528 τὸν
1967 5490 2073 5525 πα-

493 5572 762 5642 τριάρχην
784 5570 1027 5640 ἀγαγὼν,
1053 5568 1192 5642 [καὶ]
1212 5568 1427 5632 πολλοῖς
1451 5567 1644 5621 τιῦτον
1673 5566 1916 5629 ἐπαίνοις
1939 5582 2071 5619 κατ-

495 5661 708 5732 έστεψε.
762 5662 1017 5733 Κυριακὴ
1066 5661 1163 5733 μὲν
1218 5660 1327 5715 τῶν
1379 5660 1604 5731 ἡμερῶν
1640 5655 1730 5730 ἦν,
1773 5657 1967 5713 εἰκάδα
2016 5657 2075 5710 δὲ

494 5755 588 5810 καὶ
623 5754 813 5826 τρίτην
847 5749 960 5824 εἶχε
995 5753 1323 5826 Νοέμϐριος,
1372 5751 1562 5824 ὥσπερ
1611 5753 1706 5808 καὶ
1735 5752 1824 5807 ὅτε
1853 5749 2068 5825 πρῶτον

567 5867 608 5899 τ’
643 5864 802 5923 Prov.
829 5882 980 5922 xvtu.

2259 5379 2417 5434 Tunc
2451 5392 2580 5432 vero
2613 5376 2847 5432 Basilius
2879 5374 3175 5443 imperator
3197 5371 3492 5426 adductum
3531 5368 3586 5422 in
3639 5366 3758 5420 Ma-

2182 5486 2404 5544 gnaurae
2431 5470 2690 5540 palatium
2740 5465 3030 5538 lgnatium,
3065 5464 3286 5519 silentio
3319 5461 3542 5527 indicto,
3573 5458 3764 5514 multis

2181 5563 2434 5618 laudibus
2453 5559 2848 5616 cohonestavit.
2874 5557 3003 5612 Dies
3024 5565 3144 5612 erat
3173 5553 3476 5617 Dominica,
3513 5551 3672 5607 tertia
3701 5557 3759 5606 et

2179 5653 2440 5710 vicesima
2512 5648 2891 5713 Novembris;
2948 5661 3060 5717 quo
3109 5644 3272 5701 etiam
3323 5643 3453 5698 anni
3510 5650 3755 5711 tempore

2178 5746 2333 5817 prius
2366 5747 2419 5801 in
2448 5742 2701 5800 exsilium
2739 5739 2928 5812 pulsus
2958 5747 3094 5803 erat,
3123 5736 3217 5808 qui
3249 5735 3343 5792 Dei
3395 5732 3648 5806 prtesidio
3696 5738 3758 5786 et
