3988 6484
286 285 393 349 MS

1456 286 1752 349 NICET/E
1789 284 2318 345 PAPHLAGONIS

3448 275 3555 344 5H

290 401 577 455 clementia
608 397 802 467 fretus,
835 399 1195 456 novennalem
1232 417 1295 457 ac
1329 401 1627 472 perfectam
1660 415 1725 455 ex
1750 399 1859 453 vir-

1978 397 2284 468 ὲξωρίξετοο
2333 395 2429 451 καὶ
2461 394 2619 458 αὐτὸς
2650 393 3055 465 ῦπερασπισμῷ
3084 393 3177 447 καὶ
3227 394 3555 466 χρηστότητι

292 495 425 548 tntis
441 496 740 549 certamine
762 495 1000 548 lauream
1020 496 1271 565 adeptus,
1284 495 1526 550 ecclesia:
1542 510 1653 549 sua:
1669 494 1866 549 throno

293 584 603 640 restituitur
635 602 649 639 :
680 594 734 639 et
756 587 966 654 lampas
987 586 1161 656 magis
1191 601 1446 652 accensa,
1472 585 1671 641 clarior
1699 600 1864 655 quam

290 685 471 739 antea,
521 677 854 731 candelabro
913 678 1213 746 imponitur
1255 694 1269 731 :
1328 687 1622 749 pastorque
1674 693 1867 733 rursus

289 783 417 823 oves
470 768 718 839 agnoscit
752 783 903 831 suas,
948 776 998 822 et
1028 783 1057 821 a
1090 769 1206 824 suis
1243 769 1482 825 vicissim
1531 770 1726 825 ovibus
1755 769 1868 824 cla-

291 859 407 915 rius
439 861 776 931 agnoscitur.
818 860 960 931 Ergo
994 870 1105 915 tota
1130 861 1286 931 quasi
1312 863 1446 917 urbe
1470 863 1863 932 triumphante,

291 950 549 1021 illumque
566 952 632 1005 ad
655 952 919 1021 templum
947 953 1334 1008 ascendentem
1363 970 1391 1008 a
1428 964 1578 1025 tergo
1608 963 1662 1008 et
1685 953 1867 1010 fronte

293 1053 678 1113 prosequente,
709 1044 1006 1115 laetitiaque
1037 1045 1331 1115 gestiente,
1366 1061 1488 1100 cum
1522 1062 1618 1117 per
1646 1062 1865 1125 sacrum

291 1144 508 1201 puteum
541 1132 609 1187 ad
641 1133 927 1203 superiora
960 1136 1149 1205 templi
1169 1135 1483 1200 duceretur,
1508 1136 1695 1191 dextra
1715 1147 1868 1205 parte

292 1225 685 1294 ingredientem
721 1226 858 1280 ordo
900 1226 1163 1296 patricius
1191 1242 1491 1283 occursans
1525 1228 1867 1283 venerabun-

289 1318 393 1370 dus
421 1318 635 1386 excepit
676 1335 689 1371 :
727 1333 815 1372 res
847 1333 978 1373 vero
1006 1331 1137 1373 tunc
1158 1319 1341 1375 divina
1373 1320 1558 1375 fiebat.
1611 1319 1719 1376 Nec
1768 1336 1868 1391 par

289 1418 392 1473 est,
420 1418 480 1464 ut
511 1426 725 1464 sacrum
756 1425 942 1477 omen,
982 1411 1128 1480 quod
1175 1412 1229 1465 in
1261 1412 1510 1483 ingressu
1554 1411 1743 1482 lgnatii
1775 1428 1869 1468 ac-

291 1501 441 1565 cidit,
475 1501 979 1570 prmtermittamus.
1015 1502 1312 1557 lntrantem
1337 1519 1572 1574 namque
1594 1502 1864 1575 Ignatiunt

294 1594 530 1662 populus
560 1593 780 1663 quidem
812 1594 1037 1663 supplex
1064 1594 1452 1658 venerabatur,
1485 1596 1742 1650 sacerdos
1772 1611 1868 1651 au-

293 1694 401 1739 tem
428 1686 478 1739 in
519 1686 697 1756 adytis
743 1687 1074 1741 oblationem
1134 1687 1363 1741 Domino
1408 1686 1613 1742 faciens
1664 1687 1867 1741 clama-

1967 490 2063 544 τοῦ
2091 489 2225 543 Θεοῦ
2267 490 2336 544 δι’
2372 489 2527 542 ἐννέα
2557 488 2778 544 τελείων
2805 488 3014 558 χρόνων
3067 486 3281 540 τελείαν
3323 486 3554 557 ἄθλησιν

1969 583 2112 655 ὑπὲρ
2146 583 2346 653 ἀρετῆς
2380 581 2811 652 ἐπιδειξάμενος,
2846 581 3282 635 ἀποκαθίσταται
3312 582 3379 651 τῇ
3426 581 3554 635 Ἐκ·-

1968 675 2206 746 κλησίᾳ’
2246 674 2341 728 καὶ
2369 674 2396 726 6
2426 672 2618 745 λύχνος
2669 673 3049 745 λαμπρότερον
3093 672 3357 742 ἀναφθεὶς
3400 689 3559 742 περι-

1969 767 2304 838 φανέστερον
2351 766 2385 836 ἢ
2434 764 2627 837 πρώην
2660 769 2725 837 τῇ
2776 766 2969 837 λυχνίᾳ
3012 765 3342 829 ἐπιτίθεται,
3396 765 3491 817 καὶ
3529 767 3558 818 6

1968 860 2174 931 ποιμὴν
2203 859 2418 927 ἐπέγνω
2454 858 2524 912 τὰ
2570 859 2842 929 πρόϐατα,
2877 860 2972 912 καὶ
3012 858 3176 921 αὐτὸς
3206 860 3316 920 τοῖς
3345 857 3557 928 προϐά-

1969 968 2080 1015 τοις
2107 951 2442 1021 σαφέστερον
2473 952 2834 1019 ἐπέγνωσται.
2875 951 3066 1021 Πάσης
3095 946 3188 1004 οὖν
3230 950 3415 1021 σχεδον
3451 949 3557 1019 φά-

1968 1061 2057 1097 ναι
2090 1044 2185 1113 τῆς
2216 1042 2423 1105 πόλεως
2447 1042 2954 1113 ἐπευφραινομένης
2982 1041 3146 1097 αὑτοῦ
3172 1044 3235 1113 τῇ
3268 1042 3550 1103 ἀναϐάσει,

1971 1135 2317 1207 προαγούσης
2364 1152 2421 1188 τε
2454 1135 2549 1188 καὶ
2600 1134 2876 1205 ἑπομένης
2912 1136 2968 1186 ἐν
3006 1134 3359 1202 ἀγαλλιάσει,
3393 1133 3556 1199 αὐτὸς

1973 1226 2071 1297 μὲν
2097 1227 2185 1280 διὰ
2204 1224 2296 1279 τοῦ
2320 1226 2486 1295 ἁγίου
2510 1227 2745 1295 Φρέατος
2774 1227 3066 1295 ἀνάγεται·
3098 1227 3236 1296 πρὸς
3263 1228 3375 1289 τοῖς
3398 1227 3560 1297 ὑπερ-

1971 1316 2099 1388 ᾠοις
2135 1316 2192 1371 δὲ
2242 1320 2336 1371 τοῦ
2373 1317 2612 1388 μεγάλου
2646 1316 2790 1371 Ναοῦ
2841 1317 2932 1372 διὰ
2985 1318 3085 1388 τῆς
3136 1318 3314 1383 δεξιᾶς
3380 1319 3558 1389 πύλης

1968 1410 2186 1463 εἰσιόντι
2221 1410 2573 1480 προσυπαντᾷ
2625 1408 2774 1480 αῦτῷ
2826 1409 2937 1462 τῶν
2971 1411 3277 1480 πατρικίων
3328 1412 3363 1484 ﬁ
3400 1411 3557 1477 τάξις

1970 1502 2352 1573 προσκυνοῦσα
2408 1503 2504 1556 καὶ
2549 1501 2872 1573 δεξιουμένη
2900 1517 2916 1533 θ
2973 1504 3005 1573 ή
3035 1502 3157 1573 ίερά
3194 1503 3252 1556 δὲ
3288 1502 3411 1557 τότε
3442 1504 3557 1556 λει-

1966 1595 2195 1667 τουργία
2235 1595 2377 1649 κατά
2412 1595 2473 1647 τὸ
2504 1594 2624 1659 ἔθος
2679 1595 2939 1651 ἐτελεῖτο.
2991 1595 3178 1660 Ἄξιον
3205 1595 3262 1648 δὲ
3295 1596 3429 1667 μηδέ
3457 1595 3561 1666 τὴν

1970 1689 2063 1742 ἐπὶ
2096 1690 2163 1759 τῇ
2199 1687 2389 1758 είσόδῳ
2419 1686 2808 1758 συμπεσοῦσαν
2863 1686 3017 1758 ίεράν
3044 1685 3278 1757 κληδόνα
3325 1687 3561 1757 παραλι-

294 1778 427 1831 bat:
460 1777 675 1833 Gratias
703 1793 930 1848 agamus
969 1777 1203 1833 Domino
1233 1778 1341 1833 Deo
1376 1787 1567 1835 nostro
1607 1796 1620 1834 :
1653 1789 1707 1836 et
1742 1797 1867 1836 mox

1978 1783 2122 1834 πεῖν·
2157 1782 2185 1833 6
2218 1782 2317 1848 μὲν
2337 1780 2446 1851 γὰρ
2470 1780 2642 1852 ἐσῄει,
2685 1780 2733 1831 οἱ
2765 1780 2821 1832 δὲ
2863 1778 3272 1851 προσεκύνουν*
3316 1781 3344 1833 6
3373 1781 3557 1850 ἱερεὺς

295 1869 533 1938 populus
574 1870 978 1939 respondebat;
1022 1869 1254 1939 Dignum
1281 1882 1333 1926 et
1364 1872 1574 1941 justum
1639 1884 1741 1930 est.
1790 1874 1870 1931 lla

293 1976 451 2014 sacer
494 1962 730 2031 lgnatius
760 1961 920 2016 bonis
958 1962 1214 2017 omnibus
1244 1963 1446 2019 throno
1491 1979 1594 2019 suo
1630 1973 1867 2035 recepto,

294 2062 351 2106 et
384 2054 769 2123 gubernaculis
813 2054 1072 2109 Ecclesia:
1109 2056 1422 2124 resumptis,
1458 2067 1609 2111 arcet
1637 2073 1665 2114 a
1699 2058 1872 2113 sacris

296 2159 406 2197 non
436 2144 719 2199 ‘Pbotium
773 2155 1007 2207 tantum,
1055 2154 1109 2222 et
1131 2161 1322 2201 omnes
1353 2146 1421 2201 ab
1455 2147 1552 2202 illo
1601 2148 1870 2216 initiatos,

295 2236 390 2291 sed
413 2252 604 2292 omnes
635 2239 797 2292 etiam
823 2238 970 2292 illius
998 2246 1299 2294 sectatores
1330 2256 1453 2293 cum
1482 2240 1574 2295 illo
1622 2256 1872 2296 commu-

296 2322 588 2385 nicantes:
628 2340 887 2400 precatur
914 2330 1138 2400 insuper
1168 2330 1572 2400 imperatorem,
1611 2343 1669 2387 ut
1719 2348 1875 2389 oecu-

298 2420 567 2476 ntenicam
605 2422 871 2492 synodum
905 2430 1086 2491 cogat,
1116 2438 1223 2490 qua
1253 2423 1436 2477 omnia
1461 2424 1724 2481 Ecclesia:
1752 2425 1876 2481 vul-

303 2528 434 2566 nera
466 2515 649 2567 sanari
693 2516 1085 2570 arbitrabatur.
1121 2515 1405 2585 Extemplo
1435 2517 1600 2587 igitur
1634 2516 1876 2574 Joannes

298 2601 484 2671 Perga:
532 2603 844 2673 episcopus,
875 2604 1071 2675 Ignatii
1096 2606 1148 2659 in
1181 2592 1561 2664 omnescasus
1588 2618 1641 2664 et
1675 2625 1877 2664 terum-

299 2708 401 2748 nas
442 2708 652 2757 comes,
695 2708 751 2751 et
786 2698 1053 2752 malorum
1078 2700 1349 2767 omnium,
1382 2710 1647 2770 quantum
1675 2702 1729 2757 in
1760 2702 1878 2773 ipso

299 2792 441 2849 erat,
475 2787 660 2842 socius
691 2804 704 2841 :
740 2803 806 2843 ex
839 2788 1018 2845 Photii
1052 2804 1179 2846 vero
1216 2791 1459 2848 factione
1499 2793 1693 2849 Petrus
1746 2793 1877 2850 Sar-

300 2879 514 2935 diensis
540 2883 908 2952 metropolita,
952 2884 1018 2938 ad
1046 2883 1328 2939 Nicolaum
1369 2886 1684 2955 pontificem
1714 2887 1877 2959 legati

301 2972 630 3040 mittuntur;
668 2975 867 3045 quibus
918 2976 1185 3046 allegatur
1229 2977 1468 3034 Basilius
1512 2992 1879 3050 cognomento

1971 1873 2048 1938 δὲ,
2069 1872 2566 1944 Εὐχαριστήσωμεν
2594 1871 2669 1942 τῷ
2696 1872 2906 1944 Κυρίῳ,
2924 1870 3021 1941 τὴν
3048 1870 3327 1942 ἀναφοράν
3353 1872 3408 1925 ἐν
3436 1873 3555 1934 τοῖς

1974 1965 2191 2030 ἀδύτοις
2220 1965 2542 2036 ποιούμενος
2565 1965 2868 2037 ἀνέκραγεν
2888 1980 2902 1996 ⁸
2940 1966 2968 2017 6
2995 1964 3119 2028 λαὸς
3144 1964 3221 2029 δὲ,
3254 1963 3439 2031 Ἀξιον
3459 1964 3556 2017 καὶ

1972 2060 2198 2124 δίκαιον,
2239 2058 2595 2129 ἀπεκρίνατο.
2655 2057 2843 2122 Οὕτως
2874 2060 2902 2112 6
2961 2058 3106 2128 ἱερὸς
3161 2057 3423 2126 Ἰγνάτιος
3459 2056 3552 2109 ὑπ’

1975 2149 2199 2219 ἀγαθοῖς
2257 2148 2544 2220 συμϐόλοις
2587 2150 2678 2200 τὸν
2727 2148 2929 2200 οίκεῖον
2976 2145 3167 2216 θρόνον
3212 2141 3559 2215 ἀπειληφὼς,

1976 2243 2069 2295 καὶ
2100 2240 2226 2304 τοὺς
2252 2239 2444 2302 οἴακας
2479 2234 2632 2302 αὖθις
2666 2238 2769 2308 τῆς
2809 2237 3137 2308 Ἐκκλησίας
3174 2238 3559 2308 ἐγχειρισθεὶς,

1977 2333 2152 2403 εἴργει
2181 2332 2277 2402 μὲν
2313 2331 2413 2401 τῆς
2456 2332 2607 2402 ἱερᾶς
2640 2329 2983 2401 λειτουργίας
3017 2329 3077 2382 οὐ
3131 2327 3337 2382 Φώτιον
3366 2329 3551 2399 μόνον,

1977 2427 2071 2478 καὶ
2102 2425 2227 2487 τοὺς
2251 2421 2733 2495 χειροτονηθέντας
2783 2421 2878 2474 ὑπ’
2908 2421 3098 2484 αὑτοῦ,
3134 2420 3273 2475 ἀλλά
3303 2421 3399 2474 καὶ
3425 2420 3564 2474 πάν-

1975 2533 2075 2580 τας
2104 2517 2230 2581 τοὺς
2288 2515 2756 2586 κεκοινωνηκότας
2810 2514 2987 2585 αὐτῷ’
3028 2513 3317 2584 ἐκλιπαρετ
3357 2512 3416 2565 δέ
3459 2512 3554 2565 τὸν

1980 2608 2204 2680 βασιλέα
2236 2606 2623 2678 οίκουμενικὴν
2673 2606 2891 2660 σύνοδον
2921 2606 3209 2676 κροτῆσαι,
3242 2604 3308 2658 δι’
3342 2598 3411 2675 ἦς
3436 2603 3559 2656 έσε-

1981 2701 2104 2754 σθαι
2137 2701 2245 2754 τῶν
2276 2699 2588 2753 σκανδάλων
2618 2699 2832 2754 πάντων
2862 2696 3211 2768 ὑπελάμϐανε
3244 2695 3344 2767 τὴν
3391 2695 3557 2750 ῖασιν.

1978 2788 2195 2852 Εὐθέως
2241 2787 2422 2842 τοίνυν
2478 2786 2732 2857 Ἰωάννης
2767 2786 2864 2856 μὲν
2899 2788 2927 2838 6
2973 2786 3072 2855 τῆς
3107 2785 3346 2854 Πέργης,
3397 2783 3475 2847 ὼς
3500 2785 3562 2836 ἐν

1981 2882 2185 2944 πάσαις
2229 2882 2350 2942 ταῖς
2381 2876 2622 2947 θλίψεσιν
2680 2876 2925 2948 Ἰγνατίῳ
2967 2875 3443 2945 συγκακοπαθῶν,
3495 2876 3560 2930 ἐκ

1978 2971 2073 3024 τοῦ
2110 2971 2306 3041 μέρους
2343 2970 2437 3023 τοῦ
2471 2972 2594 3022 κατ’
2624 2969 2809 3032 αὐτὸν,
2840 2970 2904 3021 ἐκ
2933 2968 3027 3021 τοῦ
3063 2968 3205 3022 κατὰ
3235 2966 3327 3021 τδν
3355 2966 3560 3021 Φώτιον

298 3063 553 3147 Pinacas,
586 3069 679 3138 qui
713 3069 977 3138 spatharii
1006 3070 1320 3142 dignitatem
1346 3072 1623 3129 obtinebat
1651 3093 1665 3129 :
1695 3076 1873 3147 usique

1987 3065 2043 3118 δέ
2072 3065 2275 3135 Πέτρος
2303 3065 2331 3116 ὁ
2357 3064 2464 3116 τῶν
2490 3062 2761 3134 Σάρδεων,
2792 3063 2930 3133 πρὸς
2961 3062 3052 3115 τὸν
3076 3062 3263 3115 πάπαν
3296 3059 3562 3113 Νικόλαον

298 3167 426 3213 sunt
452 3142 671 3230 gemino
692 3161 983 3229 dromone,
1019 3178 1141 3217 cum
1169 3165 1460 3220 solverent.
1496 3163 1601 3221 Sed
1660 3166 1875 3233 Petrus,

296 3250 391 3318 qui
428 3249 649 3314 Dilmus,
676 3252 778 3306 hoc
804 3260 912 3317 est,
945 3252 1113 3308 tniser
1137 3254 1533 3324 appellabatur,
1570 3256 1623 3311 in
1656 3256 1876 3313 Dalma-

298 3340 409 3399 tico
437 3344 559 3395 sinu
581 3342 940 3411 periclitatus,
964 3344 1131 3399 miser
1154 3344 1441 3416 naufragio
1464 3348 1622 3415 periit
1663 3365 1677 3402 :
1704 3348 1840 3404 Joan
1856 3378 1877 3391 ο

300 3444 397 3485 ues
434 3445 562 3485 vero
598 3446 720 3485 cum
756 3431 962 3487 Basilio
1005 3432 1305 3488 incolumis
1330 3434 1520 3501 evasit,
1562 3443 1618 3489 et
1645 3435 1877 3491 Nicolao

294 3521 410 3591 jam
444 3522 555 3575 vita
602 3521 813 3588 functo,
851 3521 1190 3578 Hadrianum
1245 3539 1437 3593 papam
1491 3526 1719 3581 invenit.
1768 3526 1879 3584 Nec

300 3613 397 3667 diu
424 3614 665 3668 cunctati
697 3614 976 3684 pontificis
997 3615 1191 3669 vicarii
1221 3615 1757 3686 ConstantinOpolim
1781 3634 1878 3675 ve-

299 3713 498 3758 nerunt
530 3703 846 3774 Stephanus
879 3714 934 3761 et
971 3706 1217 3763 Donatus
1238 3709 1509 3778 episcopi,
1552 3710 1765 3766 Marino
1810 3728 1877 3768 ex

302 3801 511 3862 septem
544 3795 791 3851 diaconis
816 3798 1097 3868 adjuncto.
1128 3798 1202 3853 Ex
1233 3800 1463 3855 orientis
1487 3818 1613 3857 vero
1641 3803 1878 3872 patriar—

299 3886 439 3941 chiis
471 3886 841 3957 (imperatore
870 3890 1172 3959 principem
1219 3890 1391 3962 Syriae
1408 3893 1567 3948 donis
1593 3908 1658 3947 ac
1683 3895 1877 3950 litteris

298 3979 667 4050 propitiante)
702 3978 975 4052 Josephus
1027 3984 1454 4040 archidiaconus
1496 3994 1551 4040 et
1604 3987 1877 4056 syncellus

297 4085 366 4123 ex
393 4068 652 4140 Egypto,
685 4071 900 4142 legatus
930 4072 1211 4128 Michaelis
1259 4073 1589 4143 patriarchae
1638 4074 1878 4129 Alexan-

298 4163 439 4217 drini
471 4181 486 4229 ;
520 4164 764 4222 Thomas
794 4167 1141 4236 metropolita
1178 4166 1333 4239 Tyri,
1367 4168 1606 4223 vicarius
1634 4167 1877 4224 Michae-

300 4255 367 4310 lis
397 4257 727 4326 patriarcha:
753 4259 1079 4315 Antiocheni
1115 4259 1307 4331 Syriae,
1339 4260 1485 4315 Elias
1517 4262 1799 4333 presbyter
1823 4272 1880 4317 et

298 4346 574 4415 syncellus
601 4348 773 4403 vicem
804 4347 1096 4405 Theodosii
1119 4350 1445 4419 patriarchae
1483 4352 1877 4425 Hierosolymi-

1980 3154 2385 3227 ἀποκρισιάριοι
2432 3153 2913 3224 προεχειρίζοντο·
2970 3153 3067 3206 σὺν
3115 3153 3296 3215 αὐτοῖς
3350 3151 3407 3204 δὲ
3465 3151 3562 3204 καὶ

1980 3246 2253 3308 Βασίλειος
2301 3244 2329 3296 6
2356 3242 2693 3313 καλούμενος
2724 3244 2969 3305 Πινακᾶς
3012 3241 3200 3313 ἀπῄει,
3259 3238 3563 3311 σπαθάριος

1978 3337 2075 3409 τὴν
2103 3336 2261 3401 ἀξίαν
2299 3334 2576 3398 καθεστώς
2604 3350 2619 3365 ·
2657 3334 2753 3387 καὶ
2796 3333 3045 3404 ἀπῄεσαν
3074 3336 3132 3389 ἐν
3161 3331 3283 3386 δυσὶ
3310 3331 3555 3403 δρόμωσι

1980 3430 2320 3500 στελλόμενοι
2348 3428 2439 3481 τὸν
2470 3425 2656 3481 πλοῦν.
2703 3425 2862 3479 Ἀλλᾶ
2914 3425 3123 3496 Πέτρος
3152 3426 3250 3496 μέν
3287 3425 3317 3477 6
3360 3423 3563 3479 καλού-

1983 3539 2143 3594 μενος
2204 3521 2465 3583 Δείλαιος,
2526 3520 2584 3572 ἐν
2627 3517 2706 3588 τῷ
2754 3517 2940 3588 κόλπῳ
2974 3516 3287 3588 Δαλματίας
3330 3517 3564 3590 κινδύνῳ

1980 3612 2312 3683 περιπεσὼν,
2366 3610 2599 3673 δείλαιος
2642 3608 2830 3661 ὤλετο.
2873 3608 3127 3678 Ἰωάννης
3159 3608 3216 3661 δὲ
3267 3610 3366 3662 σὺν
3394 3610 3563 3663 Βασι-

1979 3707 2109 3776 λείῳ
2141 3704 2428 3767 διασωθεὶς
2467 3702 2747 3772 Ἀδριανὸν
2766 3695 2892 3771 εὗρε
2922 3701 3129 3768 πάπαν,
3160 3700 3254 3754 τοῦ
3289 3702 3560 3757 Νικολάου

1979 3798 2079 3868 ἤδη
2105 3796 2200 3867 τὴν
2232 3797 2288 3847 ἐν
2328 3793 2539 3863 σώματι
2592 3792 2990 3855 καταλιπόντος
3037 3793 3204 3864 ζωήν.
3254 3794 3330 3847 Οὐ
3390 3794 3560 3858 πολὺς

1979 3887 2072 3940 οῦν
2106 3887 2165 3940 ἐν
2198 3884 2275 3956 τῷ
2304 3885 2456 3956 μέσῳ
2485 3884 2696 3955 χρόνος,
2725 3884 2817 3938 καὶ
2861 3885 3119 3955 παρῆσάν
3159 3889 3555 3958 τοποτηρηταὶ,

1980 3978 2250 4047 Στέφανος
2286 3977 2384 4047 μὲν
2413 3977 2506 4030 καὶ
2528 3978 2758 4039 Δονᾶτος
2790 3976 3080 4031 ἐπίσκοποι
3106 3978 3197 4031 τοῦ
3232 3980 3389 4033 πάπα
3427 3980 3563 4034 Ῥώ-

1983 4087 2109 4140 μης.
2141 4071 2236 4125 καὶ
2260 4070 2498 4139 Μαρῖνος
2526 4065 2605 4132 εἷς
2626 4069 2733 4122 τῶν
2756 4069 2896 4122 ἐπτά
2925 4070 3189 4125 διακόνων
3217 4074 3316 4127 σὺν
3345 4074 3554 4139 αὐτοῖς.

1992 4164 2089 4217 Ἐκ
2111 4162 2168 4216 δὲ
2197 4164 2306 4216 τῶν
2341 4163 2439 4233 τῆς
2483 4162 2773 4233 Ἀνατολῆς
2814 4165 3237 4236 πατριαρχείων,
3282 4166 3375 4219 τοῦ
3400 4167 3561 4219 αὐτο·

1979 4254 2245 4326 κράτορος
2278 4255 2472 4325 δώροις
2509 4256 2603 4308 καὶ
2634 4256 2926 4326 γράμμασι
2957 4255 3048 4308 τὸν
3080 4257 3180 4325 τῆς
3218 4257 3415 4330 Συρίας
3456 4258 3559 4331 ἄρ-

1978 4365 2145 4417 χοντα
2170 4347 2677 4419 παρακαλέσαντος,
2719 4348 2915 4418 Ἰωσὴφ
2941 4347 3039 4419 μὲν
3062 4350 3433 4421 ἀρχιδιάκονος
3466 4350 3561 4404 καὶ

300 4438 413 4490 tani
443 4439 721 4507 explebat.
762 4438 824 4493 Hi
854 4455 1049 4496 omnes
1085 4451 1384 4509 praesentes
1416 4442 1570 4498 fuere
1596 4459 1720 4498 cum
1747 4459 1873 4499 san-

1983 4438 2297 4507 σύγκελλος,
2328 4440 2708 4509 τοποτηρητὴς
2734 4440 2953 4510 Μιχαὴλ
2991 4436 3122 4511 ἦλθε
3151 4441 3245 4494 τοῦ
3279 4444 3436 4497 πάπα
3460 4443 3564 4513 τῆς

298 4529 554 4586 ctissimo
587 4533 897 4601 patriarcha
921 4532 1133 4602 lgnatio
1164 4532 1795 4604 Constantinopolitano,
1825 4544 1880 4590 et

297 4622 569 4691 episcopis
608 4622 897 4686 duodenis,
924 4624 1203 4693 perpetuis
1246 4625 1301 4678 in
1354 4625 1503 4679 omni
1558 4626 1775 4681 fortuna
1827 4634 1882 4681 et

300 4714 567 4769 aerumnis
606 4715 808 4782 sociis;
857 4715 953 4785 qui
994 4715 1060 4769 ad
1097 4715 1402 4784 dexteram,
1441 4718 1532 4772 ubi
1590 4718 1741 4774 locus
1788 4734 1882 4775 ca-

298 4805 753 4861 techumenorum
781 4814 886 4870 est,
919 4808 1104 4877 templi
1146 4809 1291 4877 quod
1320 4824 1350 4863 a
1374 4809 1638 4878 sapientia
1671 4825 1867 4864 nomen

300 4896 519 4965 Sephiae
547 4901 777 4969 accepit,
806 4900 1082 4955 assidente
1122 4899 1322 4957 Basilio
1344 4901 1692 4971 imperatore,
1725 4916 1866 4971 prae-

296 4992 580 5045 sederunt.

1986 4531 2108 4586 κατ’
2156 4534 2432 4600 Αίγυπτον
2474 4531 2917 4602 Ἀλεξανδρείαςο
2947 4533 3152 4604 Θωμᾶς
3195 4534 3252 4587 δὲ
3285 4552 3564 4607 μητροπο-

1984 4624 2136 4697 λίτης
2171 4623 2349 4695 Τύρου
2376 4625 2543 4678 τόπον
2567 4624 2787 4695 Μιχαὴλ
2824 4624 3063 4697 ἐπλήρου
3092 4626 3185 4679 τοῦ
3214 4628 3313 4694 τῆς
3355 4628 3562 4680 Ἀντιο-

1985 4716 2139 4787 χείας
2169 4715 2268 4785 τῆς
2294 4715 2434 4768 κατά
2456 4715 2654 4784 Συρίαν
2685 4715 3047 4786 πατριάρχου,
3092 4716 3279 4780 Ἠλίας
3324 4717 3382 4770 δὲ
3431 4734 3563 4787 πρε-

1978 4805 2233 4877 σϐύτερος
2252 4806 2343 4858 καὶ
2372 4803 2663 4872 σύγκελλος
2689 4805 2769 4868 είς
2798 4804 2962 4858 τόπον
2986 4806 3264 4861 Θεοδοσίου
3296 4810 3564 4881 πατριάρ-

1979 4915 2078 4969 χου
2117 4896 2224 4950 τῶν
2280 4895 2668 4966 Ἱεροσολύμων
2718 4897 2900 4967 παρῆν
2924 4911 2938 4927 ⁸
2990 4891 3135 4950 οῦτοι
3187 4898 3390 4963 πάντες
3441 4898 3563 4969 ἅμα

1996 4988 2239 5059 Ἰγνατίῳ
2265 4988 2342 5058 τῷ
2372 4988 2660 5057 ἁγιωτάτῳ
2699 4989 3009 5063 πατριάρχῃ
3040 4991 3559 5045 Κωνσταντινουπό-

295 5081 454 5147 λεως,
492 5083 583 5135 καὶ
622 5084 735 5147 τοῖς
763 5086 858 5137 σὺν
906 5083 1055 5154 αὑτῷ
1085 5083 1291 5138 δώδεκα
1335 5084 1423 5138 τὸν
1455 5082 1689 5154 ἀριθμὸν
1725 5082 2045 5145 ἐπισκόποις
2110 5084 2221 5145 τοῖς
2268 5083 2751 5148 συγκεκοπιακόσι,
2821 5082 2916 5135 καὶ
2983 5082 3079 5137 ἀπ’
3143 5085 3318 5154 ἀρχῆς
3389 5086 3556 5157 μέχρι

294 5177 481 5241 τέλους
514 5178 904 5250 συνηθληκόσιν
956 5179 1125 5250 αὐτῷ,
1181 5182 1238 5232 ἐν
1272 5184 1385 5242 τοῖς
1441 5180 1636 5245 δεξιοῖς
1674 5180 1867 5252 μέρεσι
1904 5178 2013 5231 τῶν
2059 5177 2535 5248 κατηχουμενείων
2576 5176 2672 5229 τοῦ
2709 5176 3060 5248 περιωνύμου
3133 5177 3261 5231 ναοῦ
3301 5178 3396 5248 τῆς
3460 5182 3559 5236 τοῦ

295 5268 429 5322 Θεοῦ
491 5271 724 5338 Σοφίας,
778 5275 915 5342 μετὰ
971 5274 1065 5326 τοῦ
1127 5274 1523 5345 αὐτοκράτορος
1577 5275 1857 5328 Βασιλείου
1898 5274 2288 5345 προεκάθισαν.

371 5360 678 5431 Propositis
713 5379 844 5433 ergo
872 5366 1196 5420 venerandis
1231 5366 1457 5421 vivifica:
1477 5368 1657 5425 crucis
1691 5368 1879 5438 lignis,

296 5454 608 5522 sanctisque
626 5453 927 5525 Evangeliis
943 5456 1243 5525 explicatis,
1266 5468 1530 5526 prtesente
1543 5461 1703 5513 etiam
1725 5474 1884 5514 sacro

298 5551 522 5608 senatu,
553 5546 784 5614 primum
819 5546 1037 5616 quidem
1082 5547 1261 5602 missae
1302 5549 1371 5602 ab
1409 5548 1649 5604 Adriano
1684 5551 1883 5606 veteris

305 5633 491 5690 Romae
522 5638 790 5705 pontifice,
823 5648 876 5693 et
900 5638 1328 5710 patriarcharum
1361 5656 1425 5695 ex
1453 5639 1671 5697 Oricnte
1693 5644 1885 5699 littera:

298 5742 369 5781 ex
403 5729 593 5785 ordine
622 5730 790 5797 lcctm,
825 5744 1039 5787 omnem
1060 5746 1215 5788 sacro
1243 5732 1365 5803 jure
1396 5734 1719 5804 requisitum
1738 5735 1885 5791 ordi-

2054 5366 2175 5417 Τῶν
2199 5366 2393 5435 τιμίων
2431 5365 2485 5418 δὲ
2513 5366 2605 5418 καὶ
2636 5365 2914 5429 ζωοποιῶν
2949 5364 3141 5431 ξύλων,
3172 5364 3280 5418 τῶν
3296 5382 3363 5439 γε
3396 5366 3562 5437 ἱερῶν

1983 5456 2332 5525 Εὐαγγελίων
2362 5458 2760 5526 προκειμένων,
2793 5461 3189 5528 συμπαρούσης
3237 5457 3294 5510 δὲ
3332 5460 3427 5511 καὶ
3460 5459 3561 5529 τῆς

1983 5550 2134 5620 ἱερᾶς
2161 5548 2498 5619 συγκλήτου,
2528 5548 2744 5619 πρῶτον
2790 5548 2890 5619 μὲν
2934 5549 2990 5600 αί
3038 5548 3373 5617 πεμφθεῖσαι
3410 5553 3563 5620 παρά

1980 5643 2073 5698 τοῦ
2098 5643 2255 5697 πάπα
2277 5642 2378 5713 τῆς
2415 5642 2792 5713 πρεσϐυτέρας
2841 5640 3059 5712 Ῥώμης
3108 5641 3387 5713 ’Δδριανοῦ
3433 5645 3562 5696 ἐπι-

1982 5735 2186 5804 στολαὶ,
2236 5735 2327 5788 καὶ
2374 5734 2431 5788 αί
2477 5733 2629 5804 παρὰ
2662 5732 2770 5787 τῶν
2817 5731 3152 5789 ἀνατολικῶν
3206 5733 3565 5806 πατριαρχῶν
