4092 6648
505 444 612 510 545

1562 431 1738 493 VITA
1781 430 1841 490 S.
1886 428 2184 490 IGNATII
2213 429 2322 490 CP.
2347 429 2700 491 ARCHIEP.

3656 443 3723 509 54
3729 446 3766 509 6

505 557 649 613 κατά
678 555 839 621 τάξιν
871 545 1404 620 ἀναγινωσκόμεναι,
1438 545 1642 609 πᾶσαν,
1674 544 1770 598 καὶ
1805 541 1960 615 ἱερὰν
2001 541 2078 594 εύ‹

2194 557 2339 607 nem,
2371 541 2554 608 fidem,
2606 541 3000 608 innocentiam,
3037 542 3511 619 integritatemque
3554 552 3764 625 legato-

505 648 838 720 θημοσύνην,
867 645 928 700 τό
970 660 1029 698 τε
1058 640 1246 694 πιστὸν
1275 640 1368 692 καὶ
1419 637 1671 709 ἄμωμον,
1697 637 1792 689 καὶ
1837 634 2090 704 ἀνεπίλη-

503 753 636 789 πτον
665 735 775 789 τῶν
802 728 1238 797 ἀπεσταλμένων
1272 724 1679 797 τοποτηρητῶν,
1706 724 1766 778 τό
1794 741 1853 777 τε
1877 739 2089 776 κανονι·

503 833 596 883 κὸν
616 829 710 882 καὶ
731 827 994 896 ἔνθεσμον
1016 823 1124 877 τῶν
1149 821 1586 876 ἀποστειλάντων
1613 817 1832 883 αὐτοὺς,
1857 815 2088 870 ἐνώπιον

506 923 727 975 πάντων
755 918 1049 974 ἀπέδείκνυ
1059 933 1176 970 σαν.

577 1012 807 1066 Ἔπειτα
833 1011 899 1080 τῇ
933 1008 1060 1077 ἑξῆς
1109 1007 1273 1076 ἱερεῖς
1303 1021 1361 1057 τε
1405 1003 1500 1057 καὶ
1537 1003 1816 1074 ἀρχιερεῖς
1861 1000 2084 1064 πάντες,

500 1105 614 1158 ὅσοι
672 1101 936 1156 Μεθοδίου
990 1099 1088 1169 μὲν
1147 1097 1241 1151 καὶ
1315 1094 1572 1165 Ἰγνατίου
1627 1092 1936 1166 χειροτονίᾳ
1977 1091 2086 1144 τῶν

501 1195 820 1266 ἁγιωτάτων
870 1191 1167 1262 ἐτύγχανον
1214 1185 1591 1260 πατριαρχῶν,
1640 1184 1995 1256 πανουργίαις
2031 1184 2086 1236 δὲ

504 1283 892 1346 παντοδαπαῖς,
929 1281 1022 1333 κοιλ⁸
1066 1278 1337 1342 ποικίλαις
1381 1277 1636 1332 κολάσεσι
1674 1275 1767 1329 καὶ
1795 1273 2084 1338 ἐπινοίαις,

500 1374 706 1428 Φωτίου
736 1375 801 1444 τῇ
829 1372 1082 1443 κοινωνίᾳ
1110 1370 1557 1443 συναπήχθησαν,
1594 1362 1739 1424 οὗτοι
1771 1367 1969 1430 πάντες
2002 1366 2088 1417 λι-

503 1464 719 1527 6ἐλλους
759 1464 1048 1534 μετανοίας
1076 1461 1490 1526 ὲπιδεδωκότες,
1522 1461 1617 1514 καὶ
1659 1459 1798 1530 μετά
1832 1457 2087 1528 δακρύων

501 1560 567 1628 τῇ
588 1557 717 1630 ἁγίᾳ
749 1557 949 1627 συνόδῳ
982 1555 1420 1627 προσπίπτοντες
1454 1555 1547 1608 καὶ
1573 1551 2083 1624 ἐξομολογούμενοι,

502 1650 598 1703 καὶ
651 1649 832 1720 μέντοι
889 1649 983 1702 καὶ
1032 1647 1387 1719 συγγνώμης,
1424 1647 1562 1700 κατά
1603 1644 1702 1716 τὴν
1737 1645 1877 1714 ὑπὲρ
1906 1644 2087 1698 αὐτῶν

499 1739 592 1794 τοῦ
629 1739 891 1811 βασιλέως
939 1737 1309 1810 παράκλησιν,
1371 1736 1468 1792 καὶ
1497 1735 1595 1806 τὴν
1637 1734 1747 1788 τῶν
1795 1733 2085 1805 Ῥωμαίων

499 1825 714 1901 ψῆφον,
754 1831 829 1895 ὼς
861 1831 1197 1902 βιασθέντες,
1252 1828 1593 1900 ἀξιούμενοι,
1623 1827 1712 1881 ναὶ
1754 1826 1819 1898 δὴ
1866 1827 1959 1879 καὶ
2007 1824 2085 1895 τῷ

2190 649 2334 700 rum,
2398 650 2610 690 necnon
2654 635 2746 707 jus
2776 646 2830 691 et
2859 637 3239 694 auctoritatem
3294 641 3626 700 mittentium
3676 651 3768 704 de-

2189 725 2495 781 clarabant.

2261 993 2462 1048 Deinde
2484 1001 2703 1063 postero
2720 994 2806 1050 die
2827 996 3136 1054 sacerdotes
3172 1006 3223 1053 et
3245 1000 3519 1056 antistites
3553 1017 3772 1070 omnes,

2187 1087 2281 1155 qui
2319 1102 2350 1141 a
2382 1085 2650 1142 Methodio
2679 1097 2733 1143 et.
2779 1088 2988 1158 lgnatio
3042 1093 3407 1148 sanctissimis
3443 1096 3771 1164 patriarcltis

2190 1181 2500 1235 consecrati
2557 1191 2736 1246 erant,
2786 1184 3105 1254 artibusque
3133 1195 3186 1240 et
3238 1186 3470 1252 insidiis,
3512 1191 3774 1259 omnique

2189 1287 2388 1341 genere
2421 1280 2822 1328 tormentorum
2849 1277 2914 1329 ad
2951 1275 3130 1331 Photii
3173 1280 3620 1335 communionem
3672 1281 3775 1335 al)-

2190 1365 2324 1434 repti
2359 1374 2536 1429 erant,
2585 1365 2782 1421 libellis
2817 1369 3152 1436 paenitentiae
3188 1374 3478 1441 porrectis,
3525 1391 3648 1428 eum
3693 1377 3774 1429 la-

2187 1457 2392 1536 crymis
2422 1458 2696 1528 supplices
2727 1461 2793 1513 ad
2828 1469 3032 1516 sanctae
3055 1465 3244 1534 synodi
3276 1465 3437 1536 pedes
3460 1469 3776 1536 procubue-

2189 1534 2361 1618 runt;
2406 1560 2460 1605 et
2504 1551 2802 1619 deprecatu
2846 1553 3216 1622 imperatoris,
3267 1534 3410 1627 quod
3457 1534 3564 1612 vim
3624 1563 3770 1629 passi

2189 1651 2393 1706 essent,
2430 1643 2498 1698 de
2547 1646 2817 1700 sententia
2855 1647 3156 1717 legatorum
3208 1649 3491 1718 pontificis
3538 1651 3770 1705 [tertiani

2188 1735 2348 1788 venia
2380 1735 2608 1806 dignati,
2648 1739 3024 1809 praescriptum
3057 1742 3158 1796 sibi
3189 1744 3493 1814 epitimium
3526 1759 3621 1799 seu
3659 1760 3776 1814 pa:-

2190 1835 2315 1874 nam
2373 1836 2782 1894 susceperunt,
2839 1828 3174 1899 perindeque
3223 1847 3286 1886 ac
3326 1832 3419 1886 alii
3479 1833 3772 1904 inculpati,

499 1925 840 1996 διωρισμένῳ
873 1924 1088 1996 θέμενοι
1118 1923 1402 1993 ἐπιτιμίῳ,
1435 1919 1578 1974 οὕτω
1601 1919 1701 1990 τῆς
1727 1918 1836 1972 τῶν
1865 1919 2078 1971 έπισκό·

2187 1914 2567 1986 episcoporum
2589 1918 2776 1973 sedem
2817 1918 3107 1990 lucumque
3140 1933 3490 1993 receperunt.

502 2034 617 2069 πων
644 2017 909 2087 καθέδρας
959 2018 1074 2080 τοῖς
1128 2014 1482 2085 ἀνεγκλήτοις
1528 2013 1731 2084 ὁμοίως
1789 2012 1883 2066 καὶ
1933 2010 2086 2064 αὐτοὶ

501 2108 876 2179 κατηξιοῦντο.

584 2199 867 2254 Ἐντεῦθεν
894 2201 972 2264 είς
1002 2199 1199 2254 ὲκατδν
1227 2198 1321 2253 δύο
1346 2198 1436 2252 τδν
1469 2195 1704 2268 ἀριθμὸν
1752 2193 2086 2258 ἐπισκόπους

497 2293 532 2363 ἡ
570 2291 782 2356 σύνοδος
812 2292 996 2363 ἐκείνη
1040 2290 1510 2364 συγκροτουμένη,
1546 2291 1639 2342 καὶ
1667 2288 1847 2342 πάντα
1879 2288 2082 2358 εύσχη-

503 2385 680 2456 μόνως
707 2384 799 2438 καὶ
837 2383 981 2437 κατά
1011 2383 1185 2448 τάξιν,
1245 2383 1339 2437 καὶ
1369 2383 1549 2436 πάντα
1585 2382 1682 2434 σὺν
1711 2381 1855 2452 λόγῳ
1885 2380 2085 2450 καιρίῳ

499 2477 594 2531 καὶ
633 2479 943 2541 κανονικαϊς
971 2476 1246 2540 διατάξεσι
1280 2475 1461 2544 λέγειν
1487 2475 1584 2528 καὶ
1614 2475 1877 2545 πράττειν
1903 2473 2083 2527 διαλο-

499 2574 798 2647 γιζόμενοι,
832 2574 924 2629 τὸν
951 2574 1252 2628 ὑπεύθυνον
1277 2572 1482 2627 Φώτιον
1509 2573 1818 2643 παράγουσι
1851 2569 1926 2641 μὴ
1963 2569 2084 2638 βου-

498 2667 721 2738 λόμενον
745 2684 760 2699 ’
792 2667 885 2722 καὶ
917 2666 1252 2738 διελέγχουσι
1292 2665 1393 2737 μὲν
1443 2663 1736 2734 ἀποτόμως
1783 2662 1883 2733 τῆς
1935 2678 2084 2731 φονι-

498 2760 600 2830 κῆς
632 2758 772 2811 κατὰ
807 2758 1068 2828 Ἰγνατίου
1107 2756 1202 2811 τοῦ
1239 2755 1497 2828 ίεράρχου
1533 2752 1927 2825 προαιρέσεως,
1981 2754 2078 2806 καὶ

496 2851 594 2920 τῆς
621 2848 928 2920 παραλόγου
947 2847 1041 2900 καὶ
1064 2845 1363 2918 μανιώδους
1391 2844 1765 2914 καθαιρέσεως
1786 2859 1798 2872 ·
1831 2841 2083 2912 ἐλέγχου-

498 2957 551 2995 σι
580 2941 636 2994 δὲ
666 2941 760 2994 καὶ
787 2942 885 3002 τὰς
910 2939 1266 3010 ψευδοεπείας
1300 2938 1468 2991 αὑτοῦ
1501 2939 1597 2992 καὶ
1621 2936 1955 3007 δυσφημίας,
1983 2936 2080 2989 καὶ

495 3034 597 3086 ὃσα
625 3034 766 3086 κατᾶ
795 3033 1062 3086 Νικολάου
1094 3031 1188 3086 τοῦ
1225 3031 1386 3084 πάπα
1421 3031 1742 3102 πεφώραται
1783 3029 2078 3101 δεδρακώς.

497 3120 628 3178 Εἶτα
683 3124 1043 3179 πυνθάνονται
1089 3125 1220 3196 παρ’
1269 3122 1458 3187 αὐτοῦ,
1490 3124 1619 3176 εἴτι
1649 3125 1760 3193 ἔχει
1804 3123 2081 3192 δικαίωμα

497 3219 630 3285 πρὸς
672 3216 772 3288 τὴν
805 3219 926 3270 κατ’
992 3216 1160 3271 αὐτοῦ
1216 3217 1382 3271 πάλαι
1417 3215 1719 3285 γενομένην
1778 3215 1928 3284 παρά
1971 3214 2080 3267 τῶν

2257 2198 2533 2272 Deinceps
2561 2203 2656 2258 illa
2679 2205 2926 2276 synodus
2960 2221 3057 2277 per
3094 2207 3386 2280 episcopos
3433 2211 3574 2268 duos
3603 2229 3770 2284 supra

2184 2303 2402 2350 centum
2431 2295 2727 2363 celebrata,
2748 2299 2932 2353 omnia
2968 2301 3164 2356 ordine
3193 2302 3576 2375 decenterque,
3602 2317 3656 2361 et
3684 2323 3773 2360 ra-

2186 2385 2335 2442 tione
2363 2387 2568 2458 optima
2600 2403 2664 2443 ex
2693 2389 2874 2460 legum
2909 2399 2963 2446 et
2981 2393 3375 2450 cano-uicorum
3419 2397 3768 2455 decretorum

2184 2479 2506 2549 praescripto
2567 2480 2801 2537 dicendo
2866 2485 3228 2555 agendoque,
3295 2504 3448 2543 reum
3515 2489 3768 2545 Photium

2183 2572 2434 2640 quamvis
2465 2571 2845 2639 reluctantem,
2876 2586 3194 2645 praesentem
3256 2579 3452 2636 adesse
3497 2581 3664 2653 cogit.
3699 2580 3768 2638 Et

2184 2677 2374 2718 severe
2397 2664 2477 2718 illi
2505 2664 2777 2734 objiciunt
2803 2667 3032 2723 consilia
3056 2669 3301 2725 exitialia
3326 2674 3586 2730 adversus
3620 2673 3770 2744 lgna:

2183 2756 2320 2810 tium
2355 2756 2516 2821 inita,
2552 2756 2750 2812 factam
2786 2769 2980 2828 praeter
3023 2762 3294 2818 rationem
3352 2765 3543 2820 insana
3591 2775 3771 2821 mente

2183 2849 2305 2921 ejus
2332 2850 2773 2920 depositionem;
2808 2852 3092 2907 mendacia
3137 2853 3285 2920 item,
3330 2864 3385 2910 et
3439 2858 3768 2918 calumnias.

2185 2944 2398 3014 aliaque
2430 2944 2635 3009 omnia,
2665 2960 2786 3013 quae
2816 2946 2956 2999 clam
2992 2945 3256 3000 adversus
3287 2946 3568 3000 Nicolaum
3590 2949 3772 3017 ponti-

2184 3037 2339 3092 ficem
2377 3035 2556 3091 fuerat
2583 3037 2822 3091 molitus.
2855 3034 3058 3091 Deinde
3087 3049 3340 3108 quaerunt
3370 3053 3436 3093 ex
3489 3027 3575 3104 eo,
3631 3039 3766 3108 quid

2183 3127 2512 3197 respondeat
2535 3128 2603 3180 ad
2636 3127 2784 3180 illam
2821 3127 2950 3181 olim
3001 3126 3188 3181 Romae
3236 3127 3403 3180 latam
3463 3135 3650 3182 contra
3709 3143 3770 3181 se

2182 3216 2548 3271 damnationis
2579 3217 2929 3271 sententiam.
2984 3217 3120 3272 Cum
3155 3217 3584 3284 obmutesceret,
3619 3219 3770 3288 quod

508 3307 794 3380 Ῥωμαίων
865 3309 1190 3379 κατάκρισιν
1266 3308 1712 3376 ἀνθυπενεγκεῖν.
1777 3308 1951 3362 Αὐτοῦ
2024 3309 2078 3362 δὲ

2189 3309 2393 3362 nullam
2421 3308 2712 3363 criminum
2756 3323 2982 3362 suorum
3028 3322 3211 3362 veram
3255 3308 3628 3364 defensionem
3682 3327 3773 3364 re-

496 3402 808 3468 σιωπῶντος
845 3403 924 3479 τῷ
965 3402 1240 3474 μηδεμίαν
1270 3402 1348 3474 (8)
1405 3401 1626 3470 εὔλογον
1682 3402 1828 3473 ἔχειν
1877 3400 2076 3455 ἀπολο-

493 3493 616 3562 γίαν
646 3494 780 3566 πρὸς
797 3495 864 3551 τά
894 3495 1274 3566 ὲγκαλούμενα
1293 3535 1309 3560 ,
1343 3494 1534 3567 ἐπειδὴ
1564 3494 1668 3547 ὑπό
1691 3511 1751 3549 τε
1781 3493 1890 3549 τῶν
1917 3510 2080 3549 τοπο⁶

491 3586 744 3657 τηρητῶν
771 3587 970 3653 αὐτῶν,
993 3586 1099 3642 ύπό
1114 3605 1172 3640 τε
1195 3585 1287 3645 τοῦ
1312 3585 1575 3657 βασιλέως
1608 3585 1701 3639 καὶ
1725 3585 1824 3656 τῆς
1846 3585 2078 3655 συγκλή.

491 3693 585 3734 του
622 3677 1061 3750 παραινούμενος
1109 3676 1441 3749 συγγνώμην
1494 3678 1737 3747 αἰτῆσαι,
1793 3670 1935 3732 ὥστε
1973 3674 2076 3730 κᾶν

490 3766 591 3838 τῆς
641 3767 750 3821 τῶν
799 3768 1006 3822 πιστῶν
1041 3766 1326 3832 κοινωνίας
1382 3767 1459 3831 ὡς
1511 3766 1700 3829 λαῖκὸς
1746 3765 2070 3835 ἀξιωθῆναι,

491 3860 838 3917 ⁴παντάπασιν
895 3860 954 3925 ἐξ
1004 3859 1293 3926 αὐθαδείας
1324 3859 1650 3913 ἀπεσείσατο
1698 3859 1798 3927 τὴν
1830 3857 2072 3927 συμϐου-

490 3951 612 4008 λίαν
634 3965 650 3982 °
683 3955 838 4024 κοινῇ
884 3953 1073 4007 λοιπὸν
1102 3952 1269 4024 ψήφῳ
1299 3952 1395 4006 καὶ
1439 3952 1762 4022 δικαιοτάτη
1803 3949 2072 4018 κατακρί-

494 4061 669 4113 νουσι,
720 4045 1048 4118 καθαιροῦσι
1092 4063 1153 4101 τε
1181 4045 1368 4101 τοῦτον
1409 4045 1503 4099 καὶ
1555 4043 2074 4114 άναθεματίζουσιν,

495 4138 570 4200 ὡς
609 4137 907 4209 ἐπιϐήτορα
935 4139 1029 4192 καὶ
1067 4139 1277 4209 μοιχὸν,
1310 4139 1405 4192 καὶ
1445 4137 1702 4207 διωγμῶν
1753 4136 2075 4207 χαλεπωτά-

493 4248 602 4284 των
629 4233 722 4285 καὶ
753 4231 1063 4285 σκανδάλων
1117 4231 1324 4302 μυρίων
1366 4232 1485 4294 ταῖς
1521 4228 1612 4283 τοῦ
1661 4227 1798 4283 Θεοῦ
1846 4227 2076 4298 Ἐκκλη-

496 4322 639 4386 σίαις
673 4323 846 4376 αἴτιον
880 4323 1190 4394 γενόμενον.
1218 4323 1327 4377 Καὶ
1359 4319 1754 4390 ἀποφαίνονται
1807 4320 1905 4372 σὺν
1957 4320 2076 4390 ἅμα.

494 4414 765 4470 Νικολάου.
788 4415 886 4488 [αἱ.
914 4415 1202 4478 συνοδικῶς
1220 4417 1286 4486 τῇ
1311 4414 1359 4467 Ν
1368 4412 1475 4486 ικ.]
1501 4411 1594 4466 τοῦ
1627 4413 1784 4468 πάπα
1814 4411 2076 4480 καθαιρε-

490 4509 615 4578 τικῇ
644 4506 830 4578 ψήφῳ,
871 4509 938 4578 τῇ
973 4508 1112 4578 μετά
1147 4506 1353 4576 πολλῆς
1403 4503 1690 4576 ἀκριϐείας
1729 4504 1948 4576 πρῶτον
1975 4504 2070 4556 καὶ

2181 3399 2422 3472 periret,
2455 3416 2484 3454 a
2527 3401 2722 3471 legatis
2759 3398 3042 3467 Romanis,
3081 3401 3310 3471 ipsoque
3346 3401 3678 3471 imperatore
3715 3413 3772 3456 ct

2182 3503 2295 3549 toto
2329 3501 2522 3550 senatu
2576 3494 2910 3558 admonitus,
2945 3503 3005 3549 ut
3060 3495 3277 3548 veniam
3337 3505 3674 3564 precaretur,
3714 3506 3770 3550 et.

2180 3588 2370 3642 saltem
2432 3595 2694 3657 tanquam
2729 3588 2904 3643 laicus
2941 3587 3006 3641 ad
3034 3586 3274 3640 lidelium
3323 3588 3770 3644 communionem

2179 3680 2535 3748 reciperetur,
2569 3679 2806 3749 superbo
2839 3690 2894 3734 et
2927 3679 3239 3734 contumaci
3275 3679 3460 3734 animo
3478 3681 3767 3736 consilium

2178 3772 2395 3842 penitus
2436 3771 2762 3840 repudiavit.
2801 3769 2942 3841 Ergo
2971 3770 3248 3826 communi
3281 3773 3526 3825 omnium
3562 3772 3766 3842 aequis-

2179 3865 2323 3919 simo
2365 3863 2575 3934 judicio
2610 3864 2924 3928 damnatur,
2980 3864 3287 3931 abdicatur,
3315 3865 3772 3934 anatltemateque

2177 3958 2508 4029 percellitur,
2531 3957 2692 4011 veluti
2716 3957 2947 4012 violator
2960 3966 3012 4012 ct
3030 3957 3281 4031 adulter,‘
3295 3959 3771 4028 maximarumque

2177 4050 2553 4104 calamitatum
2589 4060 2642 4103 et
2674 4050 3012 4104 inﬁnitarum
3047 4050 3408 4105 offensionum
3438 4065 3502 4105 ac
3537 4053 3770 4106 scanda-

2177 4142 2355 4196 lorum
2383 4140 2439 4194 in
2470 4141 2711 4195 Ecclesia
2744 4140 2838 4194 Dei
2877 4149 3070 4195 auctor
3105 4159 3118 4206 ;
3154 4151 3207 4196 et
3233 4141 3551 4210 pronuntiat.
3600 4157 3764 4212 synor

2177 4237 2282 4290 dus
2307 4234 2463 4304 juxta
2515 4233 2728 4290 Nicolai
2780 4249 2934 4305 papa:
2965 4235 3316 4299 sententiam,
3379 4251 3486 4307 qua
3529 4232 3772 4304 primum

2174 4324 2411 4381 Photius
2435 4332 2652 4378 maturo
2701 4339 2825 4379 cum
2863 4324 3097 4393 judicio,
3141 4327 3518 4394 canonicaque
3552 4339 3646 4380 seu
3679 4337 3770 4394 sy-

2176 4419 2368 4474 nodica
2406 4416 2584 4472 fuerat
2631 4415 2973 4486 depositione
3021 4417 3333 4471 damnatus.
3379 4415 3769 4486 Snbscrip=ere

2177 4507 2488 4580 (episcopi)
2513 4506 2842 4578 depositioni
2858 4507 3107 4571 calamis,
3131 4522 3237 4562 non
3261 4507 3409 4562 nudo
3430 4515 3766 4568 atramenta,

491 4595 802 4669 κανονικῆς,
836 4599 954 4670 ἦτοι
983 4598 1266 4668 συνοδικῆς
1289 4597 1524 4668 κρίσεως
1549 4596 1925 4670 ἀποφανθείσῃ
1949 4596 2071 4650 κατ’

2179 4603 2291 4668 sed,
2328 4602 2385 4656 in
2408 4617 2518 4672 quo
2556 4600 2780 4673 penitus
2800 4600 3191 4655 contremiscas
3252 4599 3333 4670 (ut
3369 4613 3463 4653 eos
3514 4599 3607 4669 qui
3653 4613 3766 4652 rem

492 4687 681 4743 αὑτοῦ.
717 4688 1127 4761 ’Υπογράφουσι
1155 4688 1212 4742 δὲ
1240 4691 1308 4760 τῇ
1351 4687 1692 4760 καθαιρέσει,
1720 4689 1779 4742 ού
1818 4687 1958 4760 ψιλῷ
1991 4688 2070 4760 τῷ

498 4778 690 4852 μέλανι
738 4780 806 4834 τὰ
839 4781 1186 4851 χειρόγραφα
1214 4781 1554 4863 ποιούμενοιζ
1582 4779 1742 4845 ἀλλὰ,
1768 4779 1828 4836 τὸ
1858 4796 2070 4848 φρικω-

493 4869 769 4936 δέστατον,
791 4870 866 4935 ὡς
889 4873 997 4926 τῶν
1025 4871 1244 4927 εἰδότων
1286 4873 1500 4944 ἀκήκοα
1547 4870 2066 4940 διαϐεϐαιουμένων,

491 4963 586 5017 καὶ
609 4964 669 5017 ὲν
692 4963 840 5035 αύτῷ
869 4964 964 5018 τοῦ
992 4964 1243 5036 Σωτῆρος
1287 4964 1365 5036 τῷ
1407 4965 1601 5036 αἵματι
1632 4963 1932 5034 βάπτοντες
1976 4963 2070 5016 τὸν

489 5059 760 5132 κάλαμον,
812 5045 986 5126 οὕτως
1036 5060 1368 5134 ἐξεκήρυξαν
1399 5059 1625 5128 Φὼτιον,
1676 5057 1851 5123 οὕτως
1902 5058 2066 5114 αὑτὸν

489 5153 680 5209 αὑτοῦ.

573 5251 838 5308 Ἐνταῦθα
866 5252 1181 5323 γενόμενος,
1213 5249 1615 5320 κατηγορήσειν
1649 5266 1742 5320 μοι
1777 5247 1920 5302 δοκῶ
1967 5248 2069 5319 τῆς

494 5344 712 5398 συνόδου
736 5361 750 5376 ο
785 5343 1072 5415 μέμψομαι
1103 5341 1159 5395 δὲ
1187 5342 1281 5396 καὶ
1312 5339 1410 5411 τὴν
1441 5341 1622 5411 κρίσιν
1651 5340 1879 5412 ταύτην,
1899 5343 1947 5394 εί
1976 5340 2070 5394 καὶ

488 5434 780 5506 τολμηρόν.
808 5435 992 5498 nam;
1017 5435 1126 5504 γὰρ
1156 5432 1255 5497 τὰς
1303 5429 1532 5501 πράξεις
1581 5431 1678 5484 καὶ⁹
1705 5433 1832 5494 τοὺς
1881 5431 2070 5504 διωρι-

489 5527 719 5598 σμένους
743 5529 800 5582 ὲν
827 5527 966 5598 αὐτῇ
995 5524 1226 5588 κανόνας
1257 5523 1458 5596 ὁμοίως
1480 5525 1594 5586 τοῖς
1618 5523 1676 5576 έν
1704 5524 1825 5586 ταῖς
1859 5523 2067 5594 προλα-

487 5617 708 5682 ϐούσαις
738 5617 877 5671 ἑπτὰ
901 5616 1140 5681 συνόδοις
1167 5614 1596 5687 οἰκουμενικαίς,
1624 5615 1715 5666 καὶ
1748 5613 1971 5679 τούτους
1995 5613 2072 5678 ὡς

2173 4703 2394 4761 norant,
2432 4703 2813 4751 asseverantes
2863 4692 3093 4764 audivi),
3127 4693 3247 4764 ipso
3282 4691 3586 4748 Salvatoris
3636 4707 3766 4748 san-

2170 4785 2333 4856 guine
2363 4785 2576 4840 tinctis.
2616 4784 2718 4848 lta,
2759 4784 3010 4854 inquam,
3043 4783 3264 4838 demum
3294 4783 3550 4840 Photium
3596 4796 3767 4836 exau-

2167 4885 2453 4930 ctorarunt
2490 4873 2954 4942 damnaruntque,
2983 4888 3201 4943 unaque
3230 4886 3422 4928 omnes
3451 4870 3519 4926 ab
3555 4870 3648 4925 illo
3673 4884 3765 4925 sa-

2171 4964 2284 5020 cris
2311 4965 2584 5021 initiatos.

2103 5061 2484 5131 κατεδίκασαν,
2512 5061 2608 5116 καὶ
2632 5060 2839 5124 πάντας
2870 5058 2998 5122 τοὺς
3055 5060 3612 5129 κεχειροτονημένους
3672 5057 3770 5109 ὑπ’

2247 5247 2348 5302 Hic
2370 5260 2471 5317 ego
2493 5244 2626 5300 mihi
2660 5242 2932 5316 synodum
2971 5241 3099 5312 jure
3128 5239 3540 5310 quodammodo.
3577 5253 3766 5308 repre-

2177 5341 2453 5396 hensurus
2480 5337 2672 5391 videor
2699 5354 2716 5390 ι
2749 5332 3144 5406 reprehendam
3167 5340 3380 5396 autem,
3399 5333 3502 5385 etsi
3532 5329 3762 5386 fortasse

2178 5430 2469 5496 audacius,
2495 5429 2601 5483 hoc
2635 5429 2813 5498 ipsum
2837 5424 3130 5496 judicium.
3163 5423 3427 5478 Actiones
3461 5423 3603 5477 enim
3644 5437 3763 5476 om-

2180 5539 2276 5578 nes
2298 5531 2353 5577 et
2379 5520 2634 5575 delinitos
2675 5520 2730 5573 in
2769 5533 2836 5574 ea
2875 5531 3143 5584 canones,
3192 5515 3420 5584 perinde
3471 5530 3538 5570 ac
3559 5516 3612 5570 in
3643 5515 3766 5569 aliis

2177 5622 2383 5685 septem
2421 5610 2780 5669 meumcnicis
2821 5609 3068 5683 synodis,
3121 5609 3196 5665 ita
3237 5608 3294 5664 in
3322 5610 3424 5665 hac
3449 5623 3668 5680 quoque
3704 5619 3764 5663 ut

561 5811 636 5880 (8)
682 5815 833 5874 Alter
884 5815 1057 5874 codex
1110 5815 1262 5889 legit,
1309 5811 1475 5872 αὐτοῦ
1528 5813 1586 5870 δὲ
1626 5812 1875 5878 εἰπόντος
1915 5813 1977 5869 τὸ
2027 5831 2078 5886 μη

2179 5811 2328 5884 μίαν,
2357 5828 2475 5868 cum
2507 5828 2626 5871 vero
2656 5811 2748 5871 ille
2771 5809 3127 5883 respondisset
3144 5825 3199 5867 se
3229 5807 3364 5864 nihil
3397 5807 3588 5864 [rabere
3622 5798 3761 5879 quod

489 5879 703 5940 diceret.
