4092 6608
333 443 363 505 5
377 440 438 504 τί

1507 447 1798 508 NICETZE
1826 441 2347 505 PAPHLAGONIS

3481 448 3586 512 548

331 561 553 610 sanctos
603 564 658 610 et
700 569 730 610 a
786 555 988 626 Spiritu
1028 569 1219 615 sancto
1257 561 1490 618 dietatos
1555 563 1706 617 valde
1734 559 1906 632 probo

2015 555 2401 621 θεοπνεύστους
2428 557 2547 612 λίαν
2569 561 2925 632 προσιέμενός
2952 578 3010 615 τε
3041 563 3136 618 καὶ
3165 562 3583 636 ἀποδεχόμενος,

333 648 692 717 admittoque.
726 647 840 704 Hoc
871 659 1082 706 tantum
1113 654 1166 708 in
1202 655 1306 709 hac
1334 667 1527 710 octava
1563 670 1672 710 non
1705 655 1902 722 laudo,

334 755 442 795 non
502 741 643 810 qudd
694 742 773 811 (ut
809 742 976 812 aliqui
1033 746 1276 815 censent)
1331 748 1553 816 gravius
1611 757 1906 812 commota,

335 833 525 889 durius
553 835 606 888 in
640 851 763 891 reos
786 837 1087 892 decreverit
1113 856 1128 904 ;
1156 839 1248 893 sed
1280 849 1474 894 contra
1509 840 1690 910 potius
1724 855 1910 911 repre-

337 927 616 981 hcndenda
653 927 880 983 forsitan
920 930 993 985 sit
1021 930 1160 999 apud
1192 947 1408 1001 aequum
1439 933 1730 996 arbitrum,
1762 933 1909 1004 quod

335 1016 508 1070 multo
543 1018 862 1074 clementius
914 1035 1080 1089 quam
1125 1021 1428 1090 oportebat,
1464 1022 1749 1092 iudicarit,
1801 1024 1911 1078 ha-

336 1107 447 1162 bita
483 1124 676 1178 nempe
700 1125 1056 1178 personarum
1087 1113 1273 1183 aliqua
1303 1114 1534 1178 ratione,
1563 1131 1672 1169 non
1700 1132 1766 1169 ex
1794 1116 1910 1184 lege

337 1196 638 1264 apostolica
693 1196 905 1252 sincere
963 1199 1069 1253 lata
1101 1203 1389 1258 sententia.
1446 1204 1778 1260 Tricesimus
1821 1221 1911 1260 ca-

230 1325 235 1334 .
337 1299 444 1338 non
494 1284 570 1355 (9)
624 1286 964 1344 adhibendus
1027 1298 1164 1354 erat,
1224 1306 1332 1362 quo
1396 1294 1732 1350 innocentem
1787 1306 1912 1351 ante

335 1379 605 1446 lgnatium
636 1377 863 1436 Photius
910 1383 1244 1452 syc0phanta
1287 1385 1595 1452 damnarat,
1628 1387 1782 1456 quasi
1817 1400 1911 1455 per

335 1470 652 1524 saecularem
703 1481 1030 1541 potestatem
1082 1475 1381 1532 Ecclesiam
1439 1479 1746 1534 invasisset.
1800 1478 1913 1534 Hoc

338 1559 514 1631 magis
534 1577 682 1617 nunc
719 1563 1060 1621 innitendum
1105 1580 1220 1624 erat
1278 1571 1331 1624 in
1364 1556 1511 1635 eum,
1570 1578 1629 1625 ut
1678 1572 1770 1640 qui
1801 1587 1909 1626 non

338 1649 455 1717 Dei,
481 1668 584 1708 non
616 1663 915 1726 mystarum
947 1662 1237 1727 sententia,
1271 1663 1365 1718 sed
1400 1664 1703 1756 incredibili
1727 1665 1912 1736 gloriae

336 1750 393 1796 et
423 1744 735 1801 ambitionis
774 1747 958 1804 furore
987 1761 1293 1822 correptus,
1327 1744 1423 1825 per
1456 1757 1773 1811 saecularem
1810 1773 1910 1827 po-

2009 646 2164 699 τοῦτο
2201 647 2360 716 μόνον
2390 649 2489 719 τῆς
2517 649 2710 722 ὀγδόης
2751 652 2972 707 συνόδου
3020 655 3226 726 ταύτης
3271 657 3586 728 ἐπιμέμφο-

2013 754 2131 807 μαι,
2161 737 2258 808 οὑχ
2289 741 2370 793 ὅτι
2405 740 2561 811 θυμῷ
2616 743 2774 814 βαρεῖ
2817 746 2911 798 καὶ
2945 749 3305 819 μνησικακίᾳ,
3333 751 3408 816 ὥς
3441 770 3587 819 τινες

2008 830 2230 894 οἴονται,
2253 831 2360 886 τῶν
2388 833 2704 888 ὑπευθύνων
2731 838 2972 909 ἀνηλεῶς
2993 840 3417 911 κατεψηφίσατο,
3453 846 3589 915 μᾶλ-

2010 923 2098 976 λον
2128 923 2226 992 μὲν
2247 924 2338 978 οῦν
2365 927 2677 983 τούναντίον
2719 932 2970 1000 μεμπτέα
2999 933 3158 1004 τυχὸν
3188 935 3324 1007 αὕτη
3353 939 3500 1009 παρά
3524 956 3588 1008 γε

2008 1016 2201 1088 δικαίῳ
2227 1018 2334 1071 τῶν
2376 1019 2632 1074 τοιούτων
2682 1026 2866 1096 κριτῇ,
2900 1025 2982 1078 ὅτι
3017 1027 3585 1102 φιλανθρωπότερονῆ

2011 1110 2117 1165 ἔδει
2162 1111 2259 1182 τὴν
2290 1113 2472 1183 κρίσιν
2521 1116 2854 1187 ποιουμένη,
2907 1117 3006 1170 οὑκ
3059 1119 3586 1193 ἀπροσωπόληπτον,

2011 1203 2130 1257 οὑδὲ
2194 1205 2450 1276 καθαρῶς
2493 1207 2856 1279 ἀποστολικὴν
2905 1210 3154 1280 ἐπήγαγε
3204 1213 3421 1284 ψῆφονο
3467 1215 3588 1271 δέον

2011 1294 2088 1366 τῷ
2117 1297 2420 1368 τριακοστῷ
2453 1298 2751 1372 κεφαλαίῳ,
2778 1294 2821 1369 ᾧ
2863 1301 3078 1372 πρῶτον
3103 1303 3193 1358 τὸν
3223 1306 3509 1375 ἄμεμπτον
3559 1310 3588 1362 ό

2015 1390 2354 1460 συκοφάντης
2383 1391 2753 1459 κατεδίκαζεν,
2771 1393 2845 1456 ὡς
2864 1393 2950 1446 διὰ
2983 1395 3253 1465 κοσμικῆς
3272 1397 3589 1463 δυναστείας

2013 1483 2256 1554 ἐγκρατῆ
2306 1485 2602 1556 γενὰμενον
2627 1487 2722 1558 τῆς
2768 1487 3113 1557 Ἐκκλησίας,
3168 1490 3341 1561 τούτῳ
3393 1493 3592 1562 μᾶλλον

2017 1575 2397 1646 ἰσχυρίσασθαι
2457 1577 2550 1631 νῦν
2593 1578 2714 1632 κατ’
2767 1563 2999 1646 ἐκείνου,
3044 1581 3120 1645 ὼς
3145 1583 3206 1636 οὑ
3249 1583 3415 1654 ψήφῳ
3451 1585 3589 1638 Θεοῦ

2015 1669 2105 1719 καὶ
2165 1668 2376 1741 ἱερέων,
2439 1668 2554 1723 ἀλλ’
2605 1670 2876 1743 ὑπερϐολῇ
2947 1673 3240 1745 φιλαρχίας
3293 1675 3388 1728 καὶΙ
3441 1675 3593 1741 δοξο-

2017 1759 2247 1831 μανίας,
2325 1761 2414 1815 διὰ
2485 1764 2756 1834 κοσμικῆς
2832 1766 3148 1830 δυναστείας
3225 1769 3595 1840 τυραννήσαν-

339 1842 596 1889 testatem
625 1836 820 1893 solium
851 1841 899 1895 vi
942 1844 1225 1912 tyrannica
1258 1857 1605 1917 occupasset.
1643 1848 1792 1905 Hanc
1823 1851 1912 1906 ille

2015 1867 2102 1914 τος
2151 1852 2252 1922 τῆς
2292 1851 2638 1925 Ἐκκλησίας.
2666 1857 2834 1910 Αὑτόν
2865 1875 2924 1911 τε
2969 1858 3056 1912 διὰ
3100 1859 3271 1913 ταῦτα
3299 1836 3592 1932 ⁷καθαιρεῖν

338 1928 412 1982 ob
428 1943 674 1996 causam,
703 1941 756 1986 et
774 1943 1052 2001 praeterea,
1075 1937 1218 2003 quod
1238 1937 1305 1991 ab
1322 1948 1675 1998 exauctorato
1698 1958 1756 1997 se
1783 1959 1912 1998 con-

2015 1911 2142 2004 ἕδει,
2171 1911 2264 1995 κέι
2287 1942 2366 1995 ὅτι
2392 1911 2544 2016 παρὰ
2573 1911 2956 2019 καθῃρημένου
2982 1911 3404 2018 χειροτονεῖσθαι
3421 1911 3594 2003 vitreis-

340 2021 545 2073 secrari
570 2021 826 2088 voluerit,
847 2024 912 2078 de
939 2028 1105 2095 gradu
1137 2029 1511 2088 deturbandus
1531 2042 1668 2097 erat,
1701 2049 1918 2091 omnes-

339 2128 446 2181 que
481 2114 574 2182 qui
607 2131 729 2169 eum
784 2117 879 2171 illo
909 2120 1411 2189 communicabant,
1457 2126 1756 2180 secundum
1787 2142 1917 2198 apo-

338 2202 586 2257 stolicam
618 2207 962 2263 sanctionem
997 2226 1010 2260 :
1039 2225 1140 2266 nec
1165 2214 1405 2282 oportuit
1433 2230 1527 2271 eos
1559 2215 1669 2272 Deo
1716 2217 1917 2289 Deique

332 2292 539 2364 judicio
575 2298 953 2356 clementiores
989 2317 1129 2370 esse,
1170 2315 1224 2360 et
1277 2310 1615 2364 sacrosancti
1679 2311 1915 2381 Spiritus

337 2389 611 2443 decretum
637 2393 942 2462 antiquare.
962 2393 1089 2452 Haec
1111 2398 1310 2468 quippe
1334 2399 1552 2456 illorum
1579 2403 1912 2475 indulgentia

337 2481 521 2534 omnia
557 2497 761 2552 susque
799 2487 972 2555 deque
998 2489 1108 2558 egit
1141 2489 1276 2560 (l0).
1333 2489 1448 2548 Hoc
1504 2493 1772 2563 judicium
1809 2497 1915 2552 dici

336 2586 446 2625 n0n
481 2582 661 2642 potest
688 2589 954 2645 quantum
984 2580 1294 2647 oiIenderit,
1317 2595 1757 2658 quantorumque
1783 2604 1916 2644 cau-

337 2679 453 2720 sam
482 2667 773 2747 prtebuerit
819 2672 1108 2728 malorum.
1163 2674 1493 2732 Persuasum
1543 2681 1686 2735 enim
1720 2682 1913 2749 habeo,

335 2754 382 2808 si
417 2764 546 2810 tunc
566 2773 630 2810 ex
662 2761 1034 2828 apostolorum
1063 2773 1116 2819 et
1137 2780 1408 2822 canonum
1437 2773 1761 2828 auctoritate
1789 2788 1915 2828 sen-

338 2846 563 2900 tentiam
588 2849 712 2917 rite,
732 2859 785 2905 et
823 2852 876 2906 in
906 2866 1185 2910 auctorem
1227 2857 1541 2925 schismatis
1569 2871 1624 2918 et
1655 2863 1916 2921 offensio-

2015 2032 2188 2102 ηξίου,
2229 2035 2325 2086 καὶ
2375 2035 2501 2100 τοὺς
2533 2040 2996 2108 κεκοινωνηκότας
3027 2040 3083 2093 δὲ
3121 2041 3271 2111 αὑτῷ
3324 2041 3462 2096 κατά
3493 2043 3593 2114 τὴν

2016 2125 2378 2196 ἀποστολικῆν
2427 2128 2703 2199 ἀπόφασιν
2735 2130 2943 2195 πάντας
2969 2147 2982 2162 ο
3013 2132 3109 2185 καὶ
3163 2133 3238 2204 μὴ
3286 2134 3592 2205 φιλανθρω-

2019 2217 2284 2288 ποτέρους
2329 2218 2464 2272 Θεοῦ
2496 2222 2589 2274 καὶ
2641 2222 2775 2276 Θεοῦ
2816 2224 3132 2295 γινομένους
3183 2225 3438 2296 κρίσεως,
3492 2228 3594 2298 τῆν

2017 2311 2289 2380 ἀπόφασιν
2317 2310 2409 2366 τοῦ
2439 2315 2702 2385 παναγίου
2725 2315 3040 2388 Πνεύματος
3061 2318 3503 2390 ἀκυροῦν.Τοῦτο
3527 2319 3595 2375 τὰ

2017 2401 2127 2456 ἄνω
2156 2404 2306 2458 κάτω
2338 2406 2602 2478 πεποίηκε
2626 2425 2640 2439 ·
2673 2408 2828 2463 τοῦτο
2856 2408 2918 2462 τὺ
2940 2411 3114 2481 κρῖμα
3139 2411 3238 2464 οὑκ
3289 2410 3434 2466 ἔστιν
3455 2412 3594 2465 ὅσων

2018 2495 2192 2550 εἰπεῖν
2245 2497 2432 2550 κακῶν
2485 2500 2656 2552 αίτιον
2714 2499 2807 2553 καὶ
2841 2501 3153 2557 σκανδάλων
3199 2503 3590 2574 ἐχρημάτισεν.

2017 2583 2182 2658 Οἶμαι
2209 2591 2338 2660 γὰρ,
2373 2590 2448 2654 ὡς
2476 2595 2524 2644 εί
2573 2581 2946 2658 ἀποστολικῶς
2988 2593 3110 2647 τότε
3150 2595 3245 2648 καὶ
3293 2595 3594 2659 κανονικῶς

2018 2680 2157 2733 κατὰ
2191 2681 2408 2735 πάντων
2437 2684 2808 2754 ἀπεφήναντο,
2843 2685 2906 2738 οὑ
2957 2685 3048 2740 τὸν
3082 2687 3256 2740 αἴτιον
3291 2686 3451 2757 μόνον
3495 2687 3594 2756 τῆς

2016 2771 2360 2842 διχοστασίας
2396 2791 2455 2826 τε
2489 2774 2584 2828 καὶ
2632 2775 2743 2830 τῶν
2776 2777 3108 2839 σκανδάλων.
3143 2777 3278 2832 ἀλλὰ
3317 2779 3411 2832 καὶ
3465 2778 3594 2843 τοὺς

2019 2866 2450 2935 κοινωνήσαντας
2481 2865 2629 2935 αὑτῷ
2654 2867 2858 2931 πάντας
2878 2867 3304 2939 ἐκκηρύξαντες,
3337 2868 3593 2940 οὐδεμίαν

335 2952 489 3002 num,
513 2948 567 2994 et
597 2939 651 2994 in
675 2950 847 2997 totam
880 2944 996 3015 ejus
1021 2946 1310 3005 iactionem
1343 2967 1465 3006 cum
1491 2953 1582 3009 illo
1613 2958 1912 3012 communi-

2020 2955 2086 3010 ἂν
2114 2957 2194 3010 ἔτι
2231 2957 2373 3010 κατὰ
2401 2959 2500 3028 τῆς
2537 2957 2864 3029 Ἐκκλησίας
2892 2956 3003 3030 εἶχε
3037 2961 3385 3032 παρείσδυσιν
3418 2939 3594 3032 ήνάδι·

335 3039 572 3098 cantem,
602 3035 860 3091 omnibus
917 3043 1306 3108 exauctoratis,
1368 3043 1639 3113 tulissent,
1670 3046 1915 3105 futurum

334 3114 526 3187 fuisse,
561 3124 639 3178 uti
668 3127 845 3181 omnis
868 3127 934 3182 ab
980 3129 1218 3186 Ecclesia
1254 3132 1503 3202 impietas
1553 3136 1607 3191 in
1641 3147 1919 3207 posterum

2019 3046 2134 3102 κία.
2169 3048 2379 3119 Ὠσπερ
2408 3049 2464 3103 δὲ
2500 3050 2718 3121 πρῶτον
2763 3052 2901 3106 κατὰ
2926 3053 3026 3123 τὴν
3075 3054 3168 3106 ἐπὶ
3207 3054 3476 3126 Ταρασίου
3499 3055 3594 3109 τοῦ

2022 3137 2164 3194 θείου
2227 3140 2443 3195 σύνοδον
2487 3144 2628 3196 κατὰ
2674 3143 2783 3197 τῶν
2844 3145 3229 3216 Είκονομάχων
3274 3147 3593 3219 γενομένην,

333 3212 736 3271 excluderetur.
779 3217 882 3272 Sed
919 3223 1376 3290 quemadmodum
1413 3237 1560 3292 ante,
1603 3229 1788 3287 divino
1815 3231 1912 3288 Ta-

2020 3231 2206 3302 ὲπειδὴ
2238 3233 2683 3306 συμπαθέστερον
2719 3235 2918 3306 μᾶλλον
2955 3237 2987 3307 ἢ
3039 3212 3375 3307 δικαιότερον
3405 3212 3596 3310 *ἐχρή-

332 3305 480 3357 rasio
534 3307 864 3378 patriarcha,
933 3323 986 3367 et
1025 3317 1232 3385 synodo
1289 3327 1480 3374 contra
1528 3318 1918 3380 lconomachos

332 3394 630 3464 celebrata,
685 3413 806 3453 cum
861 3401 1229 3474 indulgentius
1272 3423 1435 3477 quam
1486 3424 1552 3465 ex
1603 3414 1917 3485 praescripto

330 3484 556 3554 iustitiae
596 3489 880 3547 haereticos
903 3501 1251 3564 tractassent,
1281 3499 1356 3554 illi
1385 3511 1602 3571 arrepta
1629 3484 1918 3563 occasione

334 3575 669 3645 impietatem
707 3593 862 3635 suam
891 3584 1062 3640 multo
1095 3589 1271 3657 magis
1321 3589 1720 3648 conﬁrmarunt
1756 3611 1769 3647 :
1838 3597 1916 3653 ita

335 3682 484 3722 nunc
515 3672 722 3740 synodo
748 3673 848 3729 hac
879 3676 1168 3733 remissius
1193 3691 1406 3750 agente,
1432 3698 1534 3740 nec
1560 3685 1676 3742 sine
1698 3686 1914 3758 aﬂectu,

335 3775 513 3830 neque
540 3778 604 3817 ex
639 3767 942 3835 apostolico
964 3785 1171 3827 canone
1197 3774 1564 3832 danmationis
1591 3781 1913 3838 sententiam

336 3852 560 3916 ferente.
623 3857 824 3913 malitia
881 3877 1070 3917 rursus
1121 3875 1313 3920 contra
1350 3866 1651 3925 Ecclesiam
1708 3873 1918 3931 invenit

334 3941 537 3999 locum.
568 3944 703 4000 Nam
736 3963 831 4018 per
861 3949 1112 4008 homines
1135 3964 1296 4010 antea
1331 3970 1619 4030 corruptos
1637 3963 1913 4033 explosus,

335 4049 386 4094 et
421 4055 521 4110 per
549 4041 757 4112 ejectos
785 4046 1078 4105 damnatus
1103 4055 1262 4121 quasi
1296 4053 1612 4126 familiares,
1644 4062 1917 4130 posrlimi-

336 4132 429 4188 nio
465 4149 778 4203 recurrens,
820 4154 1013 4196 rursus
1045 4144 1367 4212 patriarchae
1391 4149 1642 4206 thronum
1676 4167 1773 4224 per
1804 4158 1914 4214 vim

340 4223 573 4293 invasit;
604 4230 886 4301 sacrisque
912 4233 1122 4303 legibus
1176 4244 1232 4291 et
1267 4240 1588 4308 apostolicis
1618 4223 1918 4301 sanctioni-

338 4315 439 4370 bus
473 4317 662 4381 elusis,
689 4321 1071 4380 traditionibus
1095 4327 1348 4383 omnibus
1373 4331 1758 4390 ecclesiasticis
1786 4351 1916 4406 pro-

334 4410 565 4466 culcatis
587 4449 602 4475 ,
656 4427 782 4468 cum
828 4429 1022 4472 omnes
1057 4416 1111 4472 in
1143 4433 1242 4474 sua
1304 4423 1619 4480 testimonia
1649 4436 1702 4480 ct
1729 4428 1917 4486 chiro-

335 4502 539 4569 grapha
579 4505 849 4572 perjuros,
907 4517 960 4564 et
1014 4511 1196 4567 crucis
1243 4515 1676 4581 conculcatores,
1708 4527 1768 4573 ut
1798 4520 1913 4589 ipse

2019 3341 2180 3379 σαντο
2217 3327 2330 3388 τοῖς
2358 3324 2676 3398 αἱρετικοῖς,
2720 3327 2912 3400 καιροῦ
2961 3318 3122 3382 πάλιν
3175 3330 3372 3383 ἐκεῖνοι
3399 3329 3595 3401 δραξάο

2021 3432 2194 3485 μενοι,
2231 3417 2329 3488 τὴν
2359 3418 2568 3472 οἰκείαν
2593 3418 2911 3474 δυσσέϐειαν
2949 3420 3332 3494 χαλεπώτερον
3364 3421 3595 3476 ἀνενεώ-

2020 3523 2180 3561 σαντο
2200 3523 2213 3537 ·
2245 3507 2388 3561 οὑτω
2417 3508 2512 3563 καὶ
2541 3507 2636 3564 νῦν
2659 3511 2759 3582 τῆς
2784 3511 3002 3566 συνόδου
3043 3513 3246 3584 ταύτης
3291 3513 3596 3584 πεφεισμέα

2017 3615 2144 3663 νως,
2176 3598 2289 3653 ἀλλ’
2314 3601 2418 3653 οὑκ
2447 3600 2820 3671 ἀπροσπαθῶς
2849 3605 2944 3657 καὶ⁵
2964 3604 3262 3668 κανονικῶς
3291 3606 3388 3678 τὴν
3415 3605 3596 3677 κρίσιν

2018 3688 2466 3760 ἀποφηναμένης,
2489 3684 2646 3760 εὗρεν
2664 3685 2816 3755 αὖθις
2839 3693 2872 3762 ἡ
2907 3692 3137 3763 πονηρία
3164 3694 3301 3747 κατὰ
3329 3693 3430 3764 τῆς
3475 3694 3595 3748 Ἑκο

2017 3781 2244 3849 κλησίας
2278 3781 2482 3852 χώραν.
2514 3783 2621 3837 Καὶ
2646 3783 2734 3838 διὰ
2763 3784 2872 3837 τῶν
2902 3785 3356 3856 προειλημμένων
3379 3785 3407 3838 ὀ
3455 3785 3591 3840 ἀπό-

2019 3872 2209 3943 ϐλητος
2247 3871 2343 3945 [ιιι.
2375 3875 2858 3946 προσειλημμένων
2890 3873 3036 3946 ἀπ.],
3071 3877 3165 3929 καὶ
3193 3875 3282 3931 διὰ
3321 3878 3430 3930 τῶν
3455 3877 3593 3931 ἀπο-

2018 3965 2217 4036 κρίτων
2253 3965 2608 4038 [ὑποκριτῶν]
2639 3969 2666 4020 ὁ
2693 3954 3095 4039 καθῃρημένος,
3146 3968 3222 4032 ὼς
3255 3967 3594 4021 κοινωνικῶν

2015 4053 2184 4109 ὄντων
2224 4055 2412 4122 αὑτοῦ,
2458 4056 2844 4129 καταδραμὼν,
2897 4059 2993 4112 καὶ
3027 4054 3183 4123 αὖθις
3232 4057 3324 4112 τὸν
3355 4058 3596 4128 ίεραρχι-

2017 4147 2111 4201 κδν
2136 4147 2324 4219 θρόνον
2354 4130 2718 4222 τυραννήσας,
2767 4150 2864 4205 καὶ
2893 4151 3002 4205 τῶν
3047 4153 3208 4225 ἱερῶν
3248 4154 3592 4219 καταπαίξας

2019 4240 2257 4311 θεσμῶν,
2293 4241 2390 4295 καὶ
2431 4242 2608 4296 πάντα
2654 4243 2750 4314 μὲν
2781 4243 3136 4298 ἁποστολικδν
3168 4243 3386 4308 κανόνα,
3411 4246 3592 4297 πᾶσαν

2017 4335 2072 4388 δὲ
2112 4334 2410 4406 παράδοσιν
2443 4335 2904 4408 ἐκκλησιαστικῆν
2931 4335 3441 4407 καταπεπατηκὼς,
3496 4335 3590 4389 καὶ

2019 4427 2225 4490 πάντας
2265 4428 2362 4497 μὲν
2421 4427 2530 4481 τῶν
2586 4428 2802 4482 οἰκείων
2859 4429 3162 4499 ὁμολογιῶν
3209 4428 3590 4500 χειρογράφων

2019 4517 2313 4590 ἁθετητὰς,
2361 4519 2570 4583 πάντας
2624 4520 2682 4575 δὲ
2728 4519 3147 4591 σταυροπάτας,
3204 4515 3316 4584 οἷος
3362 4522 3586 4586 ἐκεῖνος,

335 4602 476 4651 erat,
525 4591 641 4646 ﬁeri
684 4596 973 4665 coegisset,
1009 4607 1062 4654 et
1110 4609 1352 4657 extrema
1404 4605 1596 4674 primis
1643 4587 1912 4664 deteriora

2018 4587 2262 4676 γίνεσθαι
2296 4611 2752 4680 καταναγκάςων,
2782 4587 3011 4667 καίτῶν
3035 4612 3263 4682 πρώτων
3291 4617 3360 4667 τὰ
3387 4612 3590 4684 ἔσχατα

339 4680 578 4746 fecisset,
611 4685 856 4741 omnium
890 4693 1254 4749 conscientias
1292 4694 1600 4766 inquinavit
1645 4709 1700 4752 et
1724 4699 1912 4769 profa-

2018 4701 2188 4771 χείρω
2215 4701 2552 4772 διαθέμενος,
2585 4703 2682 4768 τὰς
2711 4703 2968 4758 ἁπάντων
3008 4680 3341 4776 συνειδήσεις
3394 4680 3589 4776 ιοέσή-

284 4827 288 4830 _
339 4771 509 4826 navit.
535 4772 714 4842 Atque
742 4776 794 4831 id
846 4778 902 4833 in
942 4781 1044 4837 hac
1092 4787 1300 4855 synodo
1333 4787 1693 4853 desideratur,
1727 4799 1786 4844 ut
1816 4806 1912 4862 ego

2019 4789 2157 4845 λωσε
2193 4794 2285 4846 καὶ
2318 4771 2638 4866 κατέχρανε.
2689 4797 2860 4850 Τοῦτο
2907 4799 3025 4868 μὲν,
3073 4797 3149 4861 ὡς
3173 4771 3221 4852 δ-
3249 4797 3380 4868 ἐμὸς
3409 4771 3584 4867 λόγοξ,

339 4863 538 4929 sentio,
579 4868 725 4936 quod
761 4878 814 4924 et
838 4871 974 4941 lapsi
997 4874 1062 4929 ad
1093 4878 1536 4934 communionem
1577 4883 1800 4952 recepti,
1866 4893 1912 4940 et

2019 4887 2121 4956 τῆς
2161 4887 2376 4940 συνόδου
2407 4863 2612 4960 ταύτης
2659 4890 2721 4943 τὸ
2751 4863 3060 4962 ἐλάττωμα,
3095 4890 3182 4944 διὰ
3227 4863 3326 4960 τῆς
3363 4863 3589 4946 καταδοέ

333 4956 496 5026 lupus
542 4967 740 5029 praeter
789 4962 958 5033 ipsius
1009 4971 1474 5037 exspectationem
1523 4972 1580 5026 in
1630 4974 1772 5030 ovile
1824 4986 1910 5032 est

2015 4977 2110 5047 χῆς
2142 4976 2236 5031 καὶ
2267 4979 2552 5043 κοινωνίας
2579 4980 2689 5034 τῶν
2722 4982 3149 5052 παραπεσόντων
3175 5020 3190 5045 ,
3240 4981 3334 5034 καὶ
3365 4981 3452 5034 τὸν
3487 4980 3584 5034 λύ-

333 5050 628 5107 admissus.
693 5053 846 5120 Quod
906 5066 960 5114 et
1009 5060 1231 5129 quidam
1275 5077 1339 5116 ex
1378 5063 1549 5133 signis
1573 5070 1908 5137 temporibus

2015 5085 2127 5135 κον,
2162 5067 2238 5131 ὡς
2270 5068 2330 5120 οὑ
2367 5070 2690 5139 προσεδόκα,
2745 5074 2858 5135 τοῖς
2911 5072 3205 5142 προϐάτοις
3251 5071 3580 5141 ἐπεισαγού-

332 5142 440 5197 illis
464 5145 596 5200 visis
629 5149 904 5216 sapienter
946 5153 1318 5222 conjecerunt.
1350 5154 1601 5212 Nondum
1633 5163 1775 5215 enim
1803 5162 1909 5218 hac

332 5235 541 5306 synodo
571 5240 866 5308 celebrata,
892 5245 985 5299 sed
1010 5247 1188 5300 adhuc
1207 5256 1447 5318 sperata,
1481 5251 1714 5308 bubalos
1741 5269 1913 5323 quon-

329 5329 456 5384 dam
494 5332 712 5390 aliunde
750 5335 857 5391 huc
902 5336 1186 5401 adductos,
1243 5355 1444 5411 perque
1498 5343 1730 5397 mediam
1766 5345 1904 5398 viam

330 5432 505 5488 actos,
538 5435 756 5495 repente
785 5425 938 5484 furor
968 5429 1252 5501 corripuit,
1273 5433 1502 5503 aliisque
1549 5435 1655 5488 alio
1699 5437 1906 5491 ruenti-

329 5515 452 5583 bus,
484 5533 628 5574 unns
682 5529 830 5576 recta
857 5521 1119 5578 adversus
1149 5539 1401 5595 magnam
1435 5527 1719 5582 ecclesiam
1753 5527 1902 5582 dela-

404 5674 709 5758 (Tanon
733 5691 826 5758 ,ρει
860 5679 930 5734 ‘29
958 5679 1365 5758 apostolorum.
1402 5680 1574 5758 Hann.

397 5745 511 5816 (10)
546 5747 667 5802 Νοη
709 5750 926 5804 damnat
969 5745 1186 5806 Nicetes
1227 5752 1906 5806 mcumwicumconcilium

325 5819 477 5883 quasi
511 5822 826 5885 apostolicos
861 5839 1086 5876 canones
1113 5823 1349 5887 violarit,
1403 5822 1492 5874 sed
1518 5837 1578 5874 e1
1613 5824 1679 5873 iis
1733 5826 1905 5883 rebus,

327 5902 442 5956 qua:
495 5901 610 5957 post
668 5892 949 5946 concilium
1016 5909 1248 5956 evenere,
1277 5893 1530 5960 majorem
1579 5893 1903 5946 severitatem

2013 5176 2130 5228 σης.
2165 5159 2335 5213 Τοῦτο
2358 5161 2414 5213 δέ
2455 5179 2599 5224 τινες
2629 5163 2722 5216 καὶ
2747 5164 2853 5216 ἀπὸ
2880 5163 2985 5217 τῶν
3023 5164 3583 5235 παρηκολουθηκότων

2013 5252 2124 5313 τοῖς
2143 5251 2263 5304 τότε
2298 5252 2511 5323 χρόνοις
2537 5255 2856 5324 τεκμηρίων
2881 5255 3167 5325 ἐμφρόνως
3192 5257 3576 5325 ἐστοχάσαντο.

2014 5343 2123 5397 Καὶ
2161 5344 2269 5416 γὰρ
2321 5347 2486 5416 μήπω
2515 5348 2743 5419 ταυτησὶ
2766 5348 2864 5418 τῆς
2886 5349 3108 5402 συνόδου
3136 5347 3577 5420 συγκεκροτημέ-

2014 5452 2131 5506 νης,
2161 5436 2242 5489 ἔτι
2265 5437 2321 5490 δὲ
2344 5437 2726 5510 ἐλπιζομένης,
2760 5439 3011 5511 βούϐαλοι
3032 5439 3230 5505 ἔξωθέν
3259 5457 3390 5494 ποτε
3425 5441 3584 5495 ἐλαυ-

2012 5528 2248 5598 νόμενοι,
2276 5530 2418 5582 κατὰ
2459 5528 2632 5600 μέσης
2676 5531 2925 5602 διήγοντο
2951 5531 3048 5601 τῆς
3096 5530 3336 5593 πόλεως*
3369 5531 3582 5601 ἀθρόως

2004 5682 2304 5737 deidemt:
2367 5686 2554 5754 quippe
2602 5701 2719 5738 cum
2775 5685 3080 5739 clementius
3117 5687 3282 5757 egisse
3342 5686 3580 5740 videatur

2004 5770 2163 5822 quam
2197 5769 2288 5820 per
2311 5771 2536 5826 canones
2564 5757 2701 5826 ipsos
2729 5771 2881 5824 agere
2906 5758 3160 5815 licuisset.
3188 5758 3233 5809 si
3267 5774 3470 5812 summa
3486 5758 3580 5826 ju-

2005 5841 2060 5945 ἒξ
2096 5840 2249 5948 ᾕρεᾶε
2273 5841 2393 5877 cum
2425 5823 2614 5880 Photio
2642 5823 3028 5897 Photianisque
3077 5827 3343 5894 voluisset,
3402 5823 3579 5898 inquit

2053 5936 2065 5947 .
2145 5909 2173 5947 a
2217 5909 2368 5948 crus.

2053 5936 2065 5947 .
2098 5909 2368 5948 naucrus.
