4092 6582
402 400 503 466 τιίθ

1444 400 1619 461 VITA
1661 401 1721 460 S.
1755 395 2051 460 IGNATII
2090 399 2198 460 (ΖΡ.
2238 400 2591 462 ARCHIEP.

3558 407 3670 473 550

398 516 455 566 δὲ
488 510 835 582 θροηθέντες,
884 501 984 562 ὦδε
1036 508 1261 562 κάκεῖσε
1316 508 1776 580 διεσκορπίξοντο.
1806 505 1899 573 Εἷς
1932 507 1987 560 δὲ

2093 519 2198 574 tus,
2249 511 2469 580 irrupit,
2514 520 2678 580 atque
2719 511 2782 565 ad
2842 510 3126 566 amltonem
3172 528 3345 582 usque
3391 516 3661 573 curriculo

395 603 577 657 αὐτῶν
599 604 739 654 κατὰ
760 604 857 671 τῆς
882 599 1138 670 Μεγάλης
1168 597 1579 670 εύθυδρομήσας
1624 599 1973 668 Ἐκκλησίας,

397 696 493 749 καὶ
523 695 669 749 ἔνδον
697 694 790 747 τοῦ
847 692 996 761 ἱεροῦ
1047 690 1308 761 γεγονὼς,
1361 691 1521 761 ἄχρις
1551 690 1717 743 αὐτοῦ
1756 691 1970 762 τρέχων

397 789 490 842 τοῦ
533 786 785 855 ἄμϐωνας
832 785 1191 855 κατήντησεν.
1244 783 1385 854 Ὥρα
1435 782 1492 835 δὲ
1538 778 1606 853 ἦν
1664 783 1830 851 ἐνάτη
1882 783 1984 851 τῆς

395 882 644 953 ἡμέρας·
684 880 774 933 καὶ
830 879 991 941 αὐτὸς
1039 878 1140 931 οὐκ
1196 876 1399 945 ἀγαθὸς
1447 877 1677 945 ἄγγελος
1741 879 1855 939 τοῖς
1916 876 1984 929 τὰ

395 974 621 1028 τοιαῦτα
654 974 860 1043 κρίνειν
888 972 1052 1024 εἰδόσι
1089 972 1468 1041 κατεφαίνετο.
1506 969 1711 1023 Τούτου
1759 969 1815 1022 δὲ
1866 969 1986 1040 μεί-

399 1066 512 1130 ζων
567 1065 859 1130 ἀπόδειξις,
895 1066 922 1117 6
956 1064 1393 1135 φρικωδέστατος
1449 1063 1697 1132 σεισμὸς,
1747 1062 1804 1125 ὃς
1860 1062 1982 1115 κατ’

399 1157 607 1209 ἐκεῖνον
637 1155 833 1225 συνέϐη
865 1153 956 1206 τὸν
987 1153 1197 1223 καιρόν.
1244 1153 1472 1222 Ἐνάτην
1526 1149 1668 1224 εἶχεν
1743 1152 1984 1207 Ἰανουά-

400 1263 537 1316 ριος,
574 1245 668 1299 καὶ
700 1244 893 1298 πολλαὶ
929 1245 1027 1315 μὲν
1050 1244 1360 1315 ἐκκλησίαι,
1401 1244 1621 1314 ἐμϐυλοι
1650 1245 1707 1298 δὲ
1740 1246 1982 1298 πλεῖστοι

400 1340 496 1390 καὶ
525 1332 663 1390 οἶκοι
698 1336 1110 1408 ὴδαερίσθησαν,
1166 1336 1382 1404 κτηνῶν
1426 1354 1486 1389 τε
1535 1339 1632 1390 καὶ
1681 1338 1988 1409 ἀνθρώπιον

401 1427 678 1497 ἀμύθητος
704 1427 895 1495 γέγονε
924 1425 1289 1496 πανωλεθρία,
1325 1427 1418 1479 καὶ
1452 1427 1611 1491 αὐτὸς
1660 1428 1717 1480 δὲ
1754 1430 1781 1481 6
1815 1428 1988 1497 μέγας

401 1519 504 1588 τῆς
531 1518 623 1571 τοῦ
656 1518 791 1571 Θεοῦ
820 1518 1020 1587 Σοφίας
1044 1513 1190 1581 οἶκος
1221 1517 1362 1571 κατὰ
1395 1518 1566 1570 πολλὰ
1602 1519 1742 1589 μέρη
1788 1520 1987 1574 διεκιν-

403 1608 653 1663 δυνεύετο
680 1608 1037 1681 ῥηγνύμενος,
1063 1610 1111 1661 εί
1145 1608 1219 1680 μὴ
1237 1610 1334 1679 τῆς
1363 1608 1519 1675 ἀξίας
1551 1610 1687 1679 πρὸς
1713 1609 1822 1664 τῶν
1852 1628 1988 1682 κρα-

403 1699 641 1753 τούντων
665 1699 961 1769 ἐτύγχανεν
997 1699 1337 1769 ἐπιμελείας.
1370 1700 1553 1752 Ταῦτα
1597 1700 1696 1770 μέν
1744 1701 1849 1770 πρὸ
1881 1702 1984 1772 τῆς

406 1792 646 1849 συνόδου.
670 1792 777 1844 Καὶ
806 1790 925 1861 μετ’
955 1791 1122 1862 αὐτὴν
1153 1790 1412 1861 ἐξαίφνης
1442 1791 1645 1861 ἐπῆλθε
1675 1791 1986 1863 πνεύματος

2085 599 2218 654 hora
2247 601 2351 654 diei
2384 616 2525 655 nona
2562 601 2840 671 pervenit;
2872 604 2965 673 qui
3000 620 3110 657 rem
3140 606 3412 659 aestimare
3440 608 3665 664 scienti-

2085 690 2187 745 bus
2218 691 2370 745 visus
2421 699 2504 745 est
2540 692 2714 747 malus
2764 708 2886 748 esse
2914 695 3179 758 ,nunlitts.
3212 696 3316 749 Sed
3354 697 3531 766 majus
3558 698 3672 754 isto

2084 794 2463 855 argumentum
2488 794 2623 849 erat,
2655 785 2924 841 terriﬁcas
2960 787 3137 854 plane,
3172 788 3261 856 qui
3295 789 3483 843 eadem
3521 798 3663 844 tem-

2085 888 2298 946 pestatc
2352 892 2499 931 nono
2548 878 2795 933 Januarii
2832 880 3051 944 accidit,
3107 888 3261 933 terra:
3296 890 3519 948 tremor,
3555 899 3665 952 quo

2086 971 2252 1024 multa
2281 972 2503 1041 templa,
2538 972 2786 1041 plurima?
2820 973 3083 1042 porticus,
3109 974 3444 1044 aediﬁciaque
3477 976 3672 1029 concio

2085 1064 2305 1119 derttttt.
2364 1064 2656 1120 Hominum
2715 1081 2779 1120 ac
2832 1066 3200 1135 jumentorutn
3253 1076 3400 1121 tanta
3453 1076 3674 1139 strages

2086 1157 2229 1211 edita
2261 1166 2363 1223 est,
2388 1167 2591 1227 quanta
2629 1159 2809 1213 verbis
2847 1160 3074 1228 exprimi
3108 1160 3274 1213 nullis
3300 1160 3662 1230 potest.'Ouin

2086 1256 2137 1301 et
2174 1248 2351 1316 ipsum
2385 1248 2604 1318 Supltiae
2643 1257 2935 1317 augustum
2960 1251 3053 1304 Dei
3089 1251 3349 1321 templum
3386 1251 3573 1307 multis
3609 1252 3664 1305 in

2089 1338 2336 1408 partibus
2358 1354 2710 1405 concussum,
2739 1339 2840 1393 nisi
2866 1355 3000 1394 cura
3032 1341 3323 1410 singularis
3358 1340 3665 1411 principum

2087 1430 2486 1494 antevenisset,
2526 1431 2695 1485 ruinze
2727 1430 3028 1500 periculum
3070 1432 3312 1486 adiisset.
3348 1434 3525 1502 Atque
3550 1433 3667 1486 h:ec

2089 1531 2214 1577 ante
2248 1523 2515 1594 synodum
2549 1538 2802 1578 evenere.
2839 1522 2971 1578 Post
3023 1523 3290 1595 synodum
3319 1540 3447 1579 vero
3480 1539 3675 1579 mense

2088 1610 2309 1667 Oetobri
2340 1612 2450 1681 jam
2506 1612 2746 1675 ineunte,
2800 1622 3021 1682 repente
3080 1620 3263 1667 tantus
3298 1614 3440 1668 venit
3482 1613 3669 1679 turbo,

2090 1711 2349 1771 tantaque
2381 1701 2585 1771 ingruit
2613 1703 2868 1772 procella,
2909 1712 2968 1756 ut
3002 1703 3170 1757 multa
3203 1704 3423 1772 templa,
3474 1704 3671 1758 multa-

2091 1806 2199 1861 que
2242 1792 2464 1862 palatia,
2500 1802 2663 1863 atque
2714 1794 2884 1863 ipsius
2934 1794 3097 1848 etiam
3148 1794 3461 1864 patriarchii
3494 1796 3670 1863 plum-

408 1882 613 1952 σφοδρὰ
639 1882 891 1950 καταιγίς
912 1923 927 1937 .
969 1861 1294 1954 Ὀκτώϐριος
1317 1882 1565 1937 ἐνίστατο
1583 1883 1709 1954 μήν·
1736 1861 1829 1937 καί
1847 1883 1989 1938 οὕτω

2092 1884 2248 1937 beum
2277 1894 2477 1938 tectum
2508 1884 2685 1939 instar
2732 1885 3063 1940 membranae
3093 1886 3442 1940 convolutum
3477 1886 3529 1939 in
3562 1897 3675 1941 ter-

409 1973 596 2045 βιαίως
627 1972 854 2026 ἐπέθετο
905 1974 967 2026 τὸ
1003 1974 1220 2045 πνεῦμα
1242 2013 1257 2040 ,
1308 1974 1384 2038 ὡς
1414 1975 1624 2027 πολλῶν
1657 1975 1754 2045 μὲν
1787 1978 1986 2046 ἐκκλη-

408 2066 563 2130 σιῶν,
599 2064 807 2118 πολλῶν
840 2065 897 2119 δέ
929 2066 1225 2133 παλατίων,
1260 2069 1356 2121 καί
1383 2067 1477 2120 τοῦ
1508 2069 1905 2139 πατριαρχικοῦ
1931 2070 1987 2122 δὲ

406 2156 560 2210 οἴκου
594 2157 684 2211 τὸν
713 2153 1080 2228 μόλιϐδονοῖα
1131 2158 1453 2231 μεμϐράνας
1488 2160 1842 2226 συνελίσσειν,
1894 2163 1988 2215 καὶ

414 2247 497 2310 είς
523 2246 785 2317 τοῦδαφος
816 2251 1105 2321 κατασπᾷν
1127 2265 1144 2283 ο
1177 2250 1237 2303 οὐ
1272 2249 1433 2321 μόνον
1470 2250 1547 2317 δὲ,
1584 2251 1719 2305 ἀλλὰ
1757 2252 1851 2306 καὶ
1893 2252 1987 2306 τοῦ

404 2342 808 2415 τετραπλεύρου
839 2343 1115 2413 μονολίθου
1145 2346 1322 2411 κίονος
1354 2347 1412 2399 ἐν
1453 2346 1529 2417 τῷ
1564 2349 1903 2421 ἱπποδρομίαι)
1928 2352 1989 2405 τὸ

406 2432 501 2485 ἐπὶ
529 2433 626 2501 τῆς
674 2436 920 2506 κορυφῆς
977 2436 1352 2507 ἐστηλωμένον
1401 2437 1632 2509 χαλκοῦν
1688 2442 1991 2512 στροϐίλιον

409 2524 709 2596 βαρύτατον
733 2526 792 2579 ὂν
827 2528 904 2591 ὡς
951 2530 1291 2600 πορρωτάτω
1327 2532 1615 2603 συνετρίϐη
1646 2534 1834 2588 πεσόν.
1869 2537 1984 2588 υύκ

406 2616 532 2687 εἰκῆ
552 2618 607 2670 δὲ
630 2616 801 2671 ταῦτα
831 2620 1282 2692 παρηκολούθηκε
1323 2623 1392 2677 τὰ
1448 2626 1676 2695 σημεῖα,
1713 2625 1849 2680 ἀλλὰ
1878 2627 1978 2697 τῆς

411 2709 709 2782 μελλούσης
734 2707 888 2775 αὖθις
927 2714 1332 2779 ἀκαταστασίας
1368 2716 1461 2769 καὶ
1496 2717 1739 2789 ταραχῆς
1777 2719 1866 2774 διὰ
1893 2718 1986 2773 τοῦ

406 2804 769 2875 ταραχοποιοῦ
797 2805 1047 2878 δαίμονος
1092 2808 1185 2862 ἐπὶ
1232 2809 1332 2880 τῆς
1368 2810 1696 2881 Ἐκκλησίας
1743 2814 1988 2867 ἐνίστατο

406 2900 683 2971 τεκμήρια
734 2901 919 2972 σαφῆο
961 2902 1104 2974 άπερ
1146 2905 1274 2968 ἴσως
1323 2905 1422 2957 οὐκ
1474 2904 1539 2958 ἂν
1588 2906 1905 2974 συνέπεσεν,
1940 2910 1988 2961 εί

413 2992 552 3061 μετὰ
591 2992 682 3046 τὸν
736 2994 1111 3061 ἀποστολικὸν,
1145 2997 1221 3061 ὡς
1276 2998 1512 3069 εἴρηται,
1545 2999 1614 3053 τὰ
1652 2999 1770 3053 κατ’
1827 3001 1989 3055 αὐτὸν

406 3082 601 3156 ἐκρίθη
639 3086 874 3157 θεσμόνο
927 3088 1042 3142 ἀλλ’
1076 3091 1225 3160 ὅμως
1262 3091 1322 3143 οὐ
1378 3092 1631 3161 ρυπαίνει
1663 3091 1835 3147 ταῦτα
1884 3093 1985 3165 τὴν

402 3178 501 3232 τοῦ
536 3181 877 3251 πατριάρχου
919 3182 1098 3249 δόξαν,
1151 3185 1234 3237 ὅτι
1269 3184 1343 3255 μὴ
1376 3183 1704 3248 αὐθεντικῶς
1734 3181 1847 3256 εἶχε
1883 3188 1988 3240 πᾶν
2020 3205 2060 3261 c

411 3268 441 3322 δ
478 3269 728 3323 ἐϐούλετο
747 3271 879 3342 δρᾷν
903 3288 917 3302 ⁸
952 3272 1151 3343 μᾶλλον
1182 3272 1239 3325 δέ
1263 3274 1376 3336 τοῖς
1413 3271 1710 3342 Ῥωμαίοις
1740 3274 1880 3345 μετὰ
1895 3274 1995 3345 τὴν

406 3361 612 3415 ἄνωθεν
632 3362 1095 3435 ἐκκλησιαστικὴν
1130 3365 1451 3435 παράδοσιν,
1480 3364 1580 3435 τὴν
1608 3366 1706 3436 τῆς
1756 3366 1992 3438 κρίσεως

406 3451 656 3516 ἐξουσίαν
690 3453 1026 3525 παρεχώρει.
1058 3454 1196 3507 Ἀλλ’
1229 3455 1390 3527 ούδ“ὴ
1420 3455 1636 3519 σύνοδος
1670 3457 1851 3529 ἐκείνη
1881 3459 1995 3522 τοῖς

405 3545 827 3615 κεκοινωνηκόσι
854 3546 1062 3617 Φωτίῳ,
1113 3548 1163 3598 εί
1197 3547 1288 3599 καὶ
1332 3548 1399 3599 τὰ
1435 3547 1669 3619 μάλιστα
1704 3548 1992 3619 βιασθεῖσι,

403 3636 658 3690 τοσοῦτον
708 3638 867 3708 ἠθελε
933 3639 1266 3708 συμπαθεῖν,
1323 3640 1446 3696 ὅσον
1505 3643 1539 3712 ή
1583 3641 1678 3694 τοῦ
1730 3642 1990 3713 βασιλέως

409 3728 673 3800 ἁπλότης,
704 3730 791 3784 ἵνα
823 3732 897 3803 μὴ
926 3730 1070 3800 λέγω
1123 3733 1415 3803 κουφότης,
1478 3734 1788 3805 προσώπων
1816 3736 1994 3805 ἡττω-

2087 1988 2202 2027 ram
2230 1974 2506 2045 dejecerit.
2539 1976 2649 2029 lmo
2680 1984 2732 2030 et
2759 1975 2982 2030 obelisei
3016 1976 3068 2030 in
3110 1976 3467 2045 hippodromo
3500 1985 3670 2030 tetra-

2089 2066 2211 2136 goni
2241 2082 2304 2121 ex
2338 2076 2596 2137 perpetuo
2649 2068 2825 2138 lapide
2879 2067 3002 2123 facti
3042 2070 3285 2123 altencus
3343 2069 3523 2134 turbo,
3571 2083 3666 2123 seu

2090 2157 2355 2213 strobilus
2388 2158 2593 2229 ingenti
2628 2159 2867 2229 pondere
2898 2159 3167 2214 columna:
3207 2158 3515 2229 impositus,
3544 2175 3676 2230 pro-

2089 2249 2176 2303 cul
2230 2249 2436 2319 ejectus
2467 2259 2520 2305 et
2549 2251 2718 2305 elisus
2755 2259 2858 2307 est.
2912 2249 3021 2305 Nec
3054 2266 3190 2305 vana
3216 2266 3348 2306 sane
3376 2253 3509 2317 haec,
3531 2266 3672 2320 -qu:B

2092 2349 2203 2395 tum
2237 2341 2577 2409 acciderunt,
2605 2341 2755 2397 fuere
2785 2343 3057 2413 prodigia,
3092 2344 3181 2397 sed
3208 2342 3376 2397 futuri
3409 2350 3588 2397 motus
3617 2352 3672 2399 et

2088 2434 2517 2503 perturbationis
2549 2449 2644 2502 per
2667 2435 3027 2491 architectum
3054 2434 3336 2489 turbarum
3367 2436 3670 2489 daemonem

2089 2525 2347 2580 Ecclesia:
2406 2526 2770 2596 impendentis
2810 2538 2996 2596 aperta
3057 2528 3211 2598 signa
3246 2538 3298 2580 et
3327 2536 3670 2596 argumenta.

2090 2616 2219 2684 Qua:
2242 2616 2478 2673 fortasse
2500 2618 2809 2674 evenissent
2843 2635 3146 2690 nunquam,
3179 2620 3223 2674 si
3246 2634 3466 2674 causam
3494 2617 3673 2673 Photii

2091 2708 2333 2781 synodus
2366 2724 2431 2764 ex
2457 2708 2676 2765 decreto
2700 2711 3024 2781 apostolico,
3060 2721 3119 2766 ut
3144 2721 3229 2766 est
3260 2713 3488 2778 dictum,
3520 2710 3676 2765 deci-

2090 2803 2280 2858 disset.
2326 2801 2616 2857 Enimvero
2682 2804 2796 2858 haec
2849 2804 3172 2873 patriarchae
3235 2805 3426 2876 lgnatii
3488 2804 3680 2875 gloria:

2090 2895 2265 2948 labem
2299 2893 2501 2949 nullam
2524 2901 2840 2964 aspergunt,
2867 2894 3015 2963 quod
3048 2909 3159 2948 non
3199 2903 3345 2949 esset
3374 2895 3449 2947 illi
3482 2902 3678 2948 aucto—

2092 2987 2225 3041 ritas
2255 2987 2448 3057 agendi
2482 3001 2603 3057 quze
2635 2986 2799 3041 vellet
2838 3004 2851 3040 :
2892 2986 3156 3041 Romanis
3199 2987 3345 3041 enim
3374 3002 3472 3057 pro
3499 2988 3677 3041 eccle-

2092 3080 2311 3133 siastica
2356 3080 2581 3150 antiqua
2644 3078 2956 3142 traditione,
3014 3078 3294 3146 iudicandi
3346 3087 3679 3148 pmestatem

2096 3171 2462 3240 permittebat.
2515 3171 2658 3237 Quin
2712 3179 2765 3225 et
2822 3171 2936 3239 ipsa
2970 3170 3210 3241 synodus
3236 3183 3343 3223 non
3392 3178 3677 3239 tantOpere

2092 3263 2309 3318 volebat
2337 3264 2403 3318 iis
2428 3264 2521 3333 qui
2544 3278 2667 3318 cum
2688 3262 2905 3328 Photio,
2932 3262 3183 3334 quamvis
3218 3262 3372 3316 inviti
3394 3268 3449 3316 et
3472 3263 3676 3329 coacti,

2093 3355 2589 3418 communicarant,
2626 3356 2924 3426 indulgere,
2959 3362 3300 3426 quantopere
3327 3354 3677 3423 simplicitas,

2093 3462 2160 3502 ne
2189 3447 2366 3503 dicam
2408 3447 2624 3515 levitas,
2659 3447 3030 3518 imperatoris,
3065 3449 3208 3504 victa
3244 3462 3442 3519 nempe
3495 3447 3677 3505 homi-

2095 3556 2225 3595 num
2268 3541 2537 3611 precibus,
2572 3550 2626 3596 et
2657 3541 2913 3597 laudibus
2952 3541 3138 3596 inﬂata
3170 3542 3451 3607 humanis,
3481 3551 3536 3598 et
3566 3544 3681 3599 cle-

2100 3633 2315 3688 mentiae
2336 3634 2555 3688 nomine
2580 3632 2818 3703 perfecta
2852 3633 2945 3690 Dei
2979 3635 3236 3705 :equitate
3263 3636 3481 3706 penitus
3509 3635 3683 3691 desti-

2105 3734 2238 3783 tuta.
2269 3726 2447 3793 Atque
2477 3726 2591 3780 haec
2627 3725 2699 3780 ita
2734 3733 2850 3781 tum
2884 3736 3033 3797 gesta
3067 3734 3217 3783 sunt.

408 3820 546 3890 μένη
578 3822 980 3893 παρακλήσεσι,
1023 3821 1117 3874 καὶ
1158 3825 1269 3886 τοῖς
1299 3823 1452 3893 παρὰ
1486 3825 1691 3879 τούτων
1738 3825 1981 3888 ἐπαίνοις
2022 3817 2495 3890 ύποχαυνουμένη,
2521 3818 2613 3870 καὶ
2631 3818 3042 3889 φιλανθρωπίας
3067 3819 3291 3891 ὀνόματι
3356 3820 3457 3890 τῆς
3520 3819 3687 3894 ἀκριο

406 3912 537 3977 ϐοῦς
562 3914 655 3967 τοῦ
679 3914 813 3969 Θεοῦ
838 3914 1182 3987 δικαιοσύνης
1204 3918 1278 3981 ὡς
1318 3919 1522 3972 ἐπίπαν
1548 3920 1955 3975 ἀποπίπτουσα.
1999 3918 2147 3989 Πλὴν
2178 3911 2351 3967 ταῦτα
2385 3914 2484 3985 μὲν
2514 3914 2701 3968 τοῦτον
2731 3915 2920 3981 γέγονε
2952 3915 3046 3969 τὸν
3072 3916 3295 3985 τρόπον.

474 4004 648 4068 Αὐτὸς
685 4004 742 4057 δὲ
780 4007 808 4059 6
866 4006 1039 4077 μέγας
1091 4004 1351 4075 Ἰγνάτιος
1389 4008 1498 4062 τῶν
1525 4010 1627 4079 τῆς
1670 4010 1997 4080 Ἐκκλησίας

406 4095 610 4149 οίάκων
649 4096 710 4149 τὸ
761 4097 1013 4171 δεύτερον
1053 4100 1469 4170 ἐπιλαϐόμενος,
1517 4100 1684 4166 ἔδειξε
1736 4103 1831 4155 καὶ
1884 4104 1994 4166 τοῖς

2162 4004 2388 4074 Magnus
2446 4018 2613 4073 porro
2660 4004 2902 4073 Ignatius
2932 4006 3115 4061 denuo
3145 4006 3534 4075 gubernaculis
3571 4008 3685 4063 Ec-

2091 4096 2271 4151 clesiae
2297 4096 2571 4158 admotus,
2592 4097 2676 4149 vel
2697 4111 2795 4151 sua
2824 4108 3014 4165 Sponte
3048 4099 3465 4155 caecutientibus
3492 4115 3685 4157 osten-

407 4185 741 4255 τυφλώττειν
774 4188 1040 4253 ἑκουσίως
1082 4191 1379 4256 ἐθέλουσιν,
1417 4191 1493 4254 ὡς
1530 4191 1705 4262 μάτην
1732 4195 1759 4245 6
1800 4192 1991 4263 ἐχθρὸς

2092 4189 2191 4252 dit,
2223 4202 2389 4259 quam
2448 4187 2656 4243 frustra
2710 4188 2886 4244 hostis
2937 4198 3126 4244 contra
3177 4205 3235 4246 se
3270 4192 3535 4263 gloriatus
3584 4194 3678 4250 sit.

408 4279 811 4351 ἐνεκαυχήσατο
836 4283 953 4335 κατ’
984 4284 1170 4341 αὐτοῦ.
1218 4284 1816 4357 Ἐπιστημονικώτερον
1858 4285 1989 4356 γὰρ,

410 4372 504 4423 καὶ
531 4372 730 4439 μᾶλλον
753 4372 1024 4448 θειότερόν
1056 4394 1172 4441 πως
1198 4376 1292 4431 καὶ
1318 4376 1720 4448 ἀσφαλέστερον
1741 4378 1773 4449 ἢ
1799 4378 1991 4449 πρώην

411 4462 509 4535 τὴν
553 4465 877 4537 Ἐκκλησίαν
909 4468 1208 4540 ἐκυϐέρνα·
1249 4468 1343 4523 ἅτε
1379 4469 1442 4541 δὴ
1476 4471 1596 4533 ταῖς
1634 4472 1871 4541 μακραῖς
1897 4488 1994 4524 τα-

2095 4280 2331 4337 Peritius
2361 4282 2503 4335 enim
2523 4281 2949 4350 quodammodo,
2970 4283 3320 4354 sanctiusque
3353 4292 3406 4339 et
3431 4287 3684 4342 securius

2098 4388 2259 4444 quam
2284 4382 2464 4436 antea,
2502 4370 2800 4427 Ecclesium
2827 4373 3251 4441 administravit,
3289 4384 3347 4431 ut
3376 4378 3467 4448 qui
3492 4380 3680 4436 multis

2101 4478 2155 4524 et
2204 4465 2476 4522 diuturnis
2541 4466 2821 4536 variisque
2869 4467 3088 4522 casibus
3131 4476 3186 4523 et
3230 4470 3491 4525 aerumnis
3521 4487 3680 4526 usum

412 4553 740 4627 λαιπωρίαις
768 4559 860 4611 καὶ
887 4560 1162 4624 ποικίλαις
1202 4559 1447 4631 θλίψεσιν
1479 4561 1668 4630 ἱκανὴν
1698 4562 1991 4633 ἐμπειρίαν

2099 4564 2318 4633 regendi
2375 4563 2641 4633 majorem
2702 4563 2806 4618 sibi
2881 4573 3273 4633 comparasset.
3363 4566 3686 4637 lncorrupte

412 4645 592 4717 ἐαυτῷ
623 4648 973 4719 συνειλοχώςο
1007 4650 1302 4717 ἀδέκαστος
1337 4652 1437 4723 μὲν
1482 4653 1660 4722 πάντη
1700 4655 1791 4707 καὶ
1822 4655 1994 4725 ἀπρο-

414 4740 771 4810 σωπόληπτος
823 4744 881 4795 ἐν
937 4745 1060 4806 ταῖς
1113 4744 1332 4816 κρίσεσι
1366 4745 1738 4815 δεικνύμενος,
1787 4746 1908 4801 λίαν
1938 4746 1993 4800 δὲ

414 4830 647 4902 ἀκριϐὴς
680 4833 738 4885 ἐν
771 4836 889 4897 ταῖς
917 4837 1299 4907 χειροτονίαις,
1330 4840 1442 4902 τοῖς
1474 4838 1848 4908 ἀδικουμένοις
1870 4840 1994 4892 ἐπι·-

415 4923 647 4991 κουρῶν,
676 4926 786 4986 τοῖς
814 4926 1179 4997 λυπουμένοις
1215 4929 1672 4999 συλλυπούμενος,
1693 4933 1805 4994 τοῖς
1838 4946 1995 4983 πενο-

417 5014 599 5083 μένοις
626 5016 908 5087 ὲπαρκῶν,
943 5020 1037 5073 καὶ
1070 5019 1167 5090 τὴν
1200 5021 1408 5074 ἔνδειαν
1461 5022 1672 5084 τούτοις
1702 5022 1799 5090 ὅση
1835 5020 1996 5074 δύνα-

420 5122 509 5174 μις
547 5107 749 5179 ἱλαρῶς
782 5112 1284 5183 παραμυθούμενος
1310 5130 1324 5143 '
1354 5114 1450 5167 καὶ
1475 5116 1601 5177 τοὺς
1631 5112 1998 5177 ἀσθενοῦντας

422 5197 521 5265 μὲν
540 5201 607 5269 τῇ
638 5200 817 5254 πίστει
845 5201 876 5273 ἢ
903 5204 996 5257 καὶ
1018 5204 1096 5275 τῷ
1144 5204 1357 5276 σώματι
1402 5206 1736 5275 παρακαλῶν
1756 5206 1847 5260 καὶ
1868 5207 2000 5277 ψυχ-

418 5292 670 5357 αγωγῶν,
723 5295 850 5357 τοὺς
906 5296 1260 5367 ὀλιγοψύχους
1306 5298 1362 5351 δέ
1402 5300 1468 5368 τῇ
1516 5299 1698 5368 χάριτι
1758 5299 1854 5368 τῆς
1901 5298 1996 5352 τοῦ

421 5379 739 5452 Πνεύματος
761 5385 1141 5457 ἀνακτώμενος
1169 5388 1518 5452 διδασκαλίας
1543 5405 1556 5419 '
1580 5392 1673 5443 καὶ
1702 5391 1831 5443 πᾶσι
1864 5390 1999 5443 πάν-

420 5488 489 5524 τα
550 5475 850 5545 γινόμενος,
904 5478 1130 5533 ἔσπευδε
1184 5480 1510 5552 κερδαίνειν,
1544 5481 1665 5533 ὅσον
1716 5481 1998 5550 ἐπάύτῷλ,

423 5563 635 5629 πάντας
692 5570 749 5621 ἐν
799 5571 1123 5641 σπλάγχνοις
1191 5572 1386 5642 Ἰησοῦ.
1441 5573 1545 5626 Δύο
1596 5572 1693 5643 μὲν
1728 5572 1876 5644 αύτῷ
1912 5572 2002 5625 διὰ

425 5655 664 5723 σπουδῆς
682 5653 819 5727 ἦσαν
845 5660 953 5714 ὁδοί
970 5678 985 5692 ·
1023 5664 1055 5733 ἠ
1088 5662 1187 5732 μὲν
1215 5663 1353 5731 πρὸς
1376 5662 1507 5716 Θεὸν
1535 5662 1791 5725 ίθυτενῶς
1818 5663 2001 5733 ὁρῶσα

423 5746 513 5800 διὰ
546 5747 791 5819 καθαρᾶς
822 5769 881 5805 τε
934 5755 1028 5806 καὶ
1082 5754 1435 5809 ἁνεκλείπτου
1486 5756 1830 5826 προσευχῆς’
1861 5757 1894 5825 ή
1944 5756 2000 5808 δὲ

425 5838 560 5906 πρὸς
588 5839 682 5911 τὴν
718 5841 816 5911 τῆς
852 5842 1172 5916 Ἑκκλησίας
1200 5845 1485 5918 οἰκοδομὴν
1512 5848 1602 5900 καὶ
1628 5847 1997 5918 περιποίησιν.

2096 4655 2239 4709 enim
2283 4654 2537 4725 nullaque
2572 4669 2936 4724 personarum
2987 4654 3168 4710 habita
3203 4656 3416 4711 ratione
3446 4657 3542 4724 jus
3601 4658 3684 4710 di-

2096 4748 2275 4803 ccbat.
2306 4744 2650 4815 Singularcm
2675 4762 2865 4802 curam
2898 4748 2952 4801 in
2986 4747 3500 4803 consecrationibus
3529 4748 3685 4802 adhi-

2096 4838 2293 4900 bebat,
2348 4837 2549 4908 injuria
2594 4838 2868 4908 oppressis
2898 4836 3107 4893 ferebat
3134 4838 3418 4906 auxilium,
3452 4838 3687 4893 amictus

2099 4929 2401 4992 solabatur,
2433 4937 2655 4998 egentes
2711 4928 3051 4992 sublevabat,
3090 4944 3390 4999 eorumque
3443 4931 3683 4999 inopiam

2097 5022 2212 5077 suis
2241 5021 2436 5092 copiis,
2467 5029 2526 5074 ut
2560 5028 2794 5090 poterat,
2822 5020 3067 5075 hilariter
3100 5022 3400 5075 recreabat.
3430 5018 3685 5075 lntirmos

2097 5114 2313 5183 quidem
2351 5114 2475 5178 ﬁde,
2498 5122 2591 5166 aut
2616 5112 2778 5167 etiam
2804 5128 3052 5183 corpore,
3079 5112 3439 5167 conﬁrmabat
3462 5120 3513 5165 ct
3533 5111 3684 5165 sola-

2100 5206 2281 5261 batur.
2326 5204 2709 5261 Pusillanimes
2764 5218 2896 5258 vero
2930 5204 3164 5273 Spiritus
3206 5204 3377 5258 sancti
3412 5202 3584 5275 gratia
3615 5203 3683 5257 ad

2100 5313 2249 5366 spem
2304 5313 2400 5368 per
2463 5295 2768 5357 doctrinam
2815 5297 3078 5367 erigebat.
3133 5295 3379 5365 Denique
3428 5294 3684 5350 omnibus

2101 5391 2281 5443 omnia
2310 5388 2508 5451 factus,
2544 5402 2643 5458 pro
2674 5387 2881 5442 viribus
2913 5384 3167 5440 studebat
3195 5400 3388 5440 omnes
3420 5383 3473 5437 in
3507 5382 3686 5439 visce—

2102 5482 2255 5536 ribus
2311 5480 2437 5535 Jcsu
2488 5480 2691 5535 Christi
2748 5478 3090 5532 lucrifacere.
3153 5476 3414 5532 Geminas
3471 5486 3687 5545 semper

2102 5574 2412 5643 propositas
2445 5572 2680 5627 habebat
2718 5571 2835 5626 vias
2877 5588 2890 5624 :
2935 5570 3183 5635 alteram,
3226 5584 3334 5639 qua
3391 5577 3537 5622 recta
3590 5581 3688 5637 per

2105 5681 2269 5736 puras
2297 5673 2348 5719 et
2381 5663 2634 5719 assiduas
2680 5678 2871 5734 preces
2905 5662 3163 5717 tendebat
3192 5661 3257 5715 ad
3290 5660 3457 5714 Deum
3498 5677 3509 5712 :
3551 5659 3686 5713 alte-

2103 5774 2221 5811 ram
2275 5756 2341 5811 ad
2398 5756 2654 5812 Ecclesia:
2686 5772 2795 5812 suae
2831 5754 3246 5810 :edilicationem
3300 5763 3353 5808 et
3384 5752 3683 5824 profectum

2106 5848 2425 5905 referebat:
2484 5863 2672 5906 verum
2724 5850 2917 5905 eadem
2965 5848 3131 5906 simul
3179 5863 3342 5919 opera
3393 5859 3686 5917 utrumque
