4092 6608
366 400 469 469 551

1534 391 1827 456 NICETi’E
1866 388 2397 451 PAPIIIAGON’IS

3523 385 3626 450 552

365 525 512 571 recte
538 510 988 576 administrabat;
1022 523 1130 564 non
1165 508 1553 579 perfunctorie,
1586 509 1690 570 vel,
1717 516 1774 561 ut
1799 520 1938 559 uou-

2056 502 2139 555 3ιά
2169 505 2266 573 τῆς
2294 502 2461 571 αὐτῆς
2495 501 2551 555 δὲ
2600 498 2838 571 σπουδῆς
2884 501 3173 572 ἀμφότερα
3224 499 3533 569 κατώρθου,
3564 502 3627 553 οῦ

367 606 522 671 nulli,
548 605 869 669 oscitanter,
907 604 998 658 sed
1035 611 1292 657 accurate
1330 611 1383 657 et
1427 602 1681 655 decenter
1705 616 1734 653 a
1765 598 1940 669 prima

364 699 591 767 juventa
623 697 689 751 ad
732 698 981 751 ultimam
1013 711 1186 765 usque
1220 704 1496 749 senectam
1542 692 1716 747 sacris
1746 706 1942 761 opera-

368 792 558 851 batur;
606 799 769 859 atque
802 789 851 841 in
885 788 1141 841 onmibus
1189 786 1429 854 templis,
1460 795 1513 838 et
1548 782 1943 838 laudatissimm

370 880 462 934 Dei
500 880 676 943 Matri,
710 888 761 932 et
790 879 987 932 divinis
1017 878 1278 946 apostolis
1336 876 1800 947 martyribusque,
1854 890 1945 943 ge-

369 972 552 1025 stienti
598 972 781 1036 corde,
818 986 939 1025 cum
967 986 1028 1024 ea
1063 986 1169 1039 qua
1204 985 1299 1038 par
1333 978 1471 1027 erat.
1496 986 1558 1023 ac
1582 969 1821 1021 divinam
1850 967 1946 1021 de-

369 1062 524 1114 cebat
563 1062 925 1126 majestatem,
967 1061 1165 1128 pietate
1194 1074 1490 1130 pauegyrcs
1519 1060 1743 1128 disque
1777 1058 1947 1113 festos

372 1152 636 1221 agitabat.
679 1152 810 1205 Tant
847 1153 933 1221 pie
958 1168 1086 1207 vero
1125 1161 1176 1207 ct
1208 1153 1481 1223 religiose,
1523 1152 1726 1222 Spiritu
1755 1166 1948 1220 nempe

368 1252 561 1298 sancto
604 1244 755 1297 illum
794 1244 1129 1313 complente,
1183 1260 1295 1299 rent
1327 1245 1567 1298 divinam
1602 1244 1854 1305 iaciebat,
1890 1252 1949 1297 ut

370 1340 421 1390 in
477 1338 596 1406 ipso
630 1338 786 1391 altari
837 1338 1020 1392 videre
1054 1347 1199 1392 esset
1245 1346 1433 1407 aperta
1485 1336 1722 1406 Spiritus
1772 1338 1947 1391 sancti

366 1430 669 1498 praesentim
700 1440 1044 1499 argumenta.
1087 1429 1389 1484 Videbatur
1438 1430 1582 1485 enim
1616 1431 1775 1499 panis
1805 1430 1948 1483 divi-

368 1538 473 1577 nus
515 1523 732 1591 penitus
782 1524 1131 1588 immutatus,
1186 1532 1441 1593 totusque
1486 1523 1654 1576 veluti
1708 1522 1948 1576 cmlestis

364 1615 555 1680 carbo,
614 1616 797 1686 gratiae
849 1616 1033 1669 radios
1093 1631 1349 1685 spargere
1402 1615 1642 1671 cmlestis
1692 1615 1946 1669 ﬂammae.

365 1708 561 1763 (lt-utris
591 1725 807 1778 quoque
840 1709 1078 1779 signum,
1111 1708 1254 1778 quod
1281 1724 1390 1762 arte
1412 1709 1650 1778 desuper
1686 1707 1945 1761 immine-

370 1800 480 1863 bat,
510 1816 649 1870 sa‘pc
681 1800 889 1868 placide
924 1799 1140 1854 concuti
1187 1800 1514 1854 cernebatur
1540 1840 1556 1864 ,
1615 1814 1739 1853 cum
1790 1812 1947 1852 sacra

2048 588 2186 661 μετά
2228 590 2522 660 πάρεργον,
2570 592 2688 644 οὐδὲ
2728 590 3010 661 ῥαθύμως,
3069 591 3261 662 ὥσπερ
3293 591 3460 654 τινὲς,
3493 592 3633 646 ἀλλά

2045 684 2139 735 καὶ
2161 682 2279 735 λίαν
2310 683 2583 751 ἐπιμελῶς
2614 684 2708 736 καὶ
2742 683 3010 746 συντόνως
3039 685 3103 736 ὲκ
3125 684 3376 753 νεότητος
3412 684 3516 746 ἓως
3538 686 3637 754 γή.

2048 792 2155 845 ρως
2199 775 2290 827 καὶ
2337 774 2629 840 πρεσϐείου
2687 774 2877 844 βαθέος
2908 780 3025 838 ταῖς
3062 776 3234 845 ἱεραῖς
3265 776 3631 847 λειτουργίαις

2046 864 2353 934 εύηρέστει,
2411 864 2507 917 καὶ
2563 864 2700 934 μετά
2737 866 2916 917 πάντα
2950 865 3245 935 σεϐάσμιον
3276 860 3424 917 οἷκον
3474 868 3539 935 τῇ
3571 882 3632 917 τε

2049 960 2387 1029 πανυμνήτῳ
2434 961 2619 1031 Μητρὶ
2658 960 2752 1013 τοῦ
2788 961 2948 1031 Θεοῦ,
3001 964 3113 1024 τοῖς
3155 978 3214 1014 τε
3269 961 3435 1024 θείοις
3492 962 3633 1015 ἀπο-

2051 1054 2263 1115 στόλοις
2294 1053 2385 1105 καὶ
2430 1055 2698 1121 μάρτυσιν
2723 1057 2779 1107 ἐν
2804 1054 3123 1122 ἀγαλλιάσει
3150 1054 3379 1123 καρδίας
3408 1054 3631 1123 θεοπρε-

2051 1143 2167 1207 πῶς
2197 1144 2626 1215 ὲπανηγύριζεν.
2686 1145 2841 1199 Οῦτω
2872 1146 2928 1199 δὲ
2963 1146 3225 1215 θεοφιλῶς
3255 1146 3348 1200 καὶ
3385 1165 3631 1216 πνευμα·

2050 1239 2351 1307 τοκινήτως
2382 1239 2552 1308 ἀνῆγε
2577 1238 2676 1309 τὴν
2710 1240 3047 1310 προσφορὰν,
3078 1240 3152 1302 ώς
3180 1241 3267 1293 ἐπ’
3291 1240 3462 1309 αὐτῆς
3502 1242 3634 1311 ὁρᾷν

2050 1329 2150 1399 τῆς
2182 1330 2331 1393 θείας
2361 1329 2641 1400 τραπέζης
2659 1331 2862 1401 ἐναργῆ
2894 1332 2992 1401 τῆς
3021 1330 3115 1384 τοῦ
3142 1331 3459 1400 Πνεύματος
3489 1348 3637 1401 παρ-

2049 1426 2239 1489 ουσίας
2305 1426 2605 1496 τεκμήρια.
2668 1425 2862 1497 Ὠρᾶτο
2914 1426 3023 1497 γὰρ
3076 1428 3104 1479 6
3141 1426 3283 1492 θεῖος
3325 1426 3489 1497 ἄρτος
3511 1427 3632 1491 ὅλος

2050 1518 2434 1589 ἠλλοιωμένος,
2464 1519 2582 1578 ὅλος
2613 1518 2798 1589 ὥσπερ
2822 1518 3026 1590 ἄνθραξ
3046 1520 3294 1591 οὐράνιος
3320 1522 3478 1590 χάριν
3500 1522 3637 1575 ἀπο-

2052 1611 2279 1663 στίλὸων
2307 1608 2401 1662 τοῦ
2436 1611 2690 1681 οὐρανίου
2729 1611 2923 1681 πυρός.
2950 1608 3156 1664 Ὦπταί
3184 1629 3312 1664 ποτε
3347 1613 3637 1682 κραδαινό-

2053 1721 2213 1775 μενος
2234 1705 2328 1757 uati
2357 1706 2385 1758 6
2416 1704 2672 1775 ὑπεράνω
2700 1706 2797 1776 τῆς
2826 1705 2989 1773 ἁγίας
3016 1706 3294 1775 τραπέζης
3326 1708 3639 1777 ἀπαιωρού-

2054 1810 2212 1861 μενος
2236 1793 2491 1864 σταυρός·
2520 1794 2703 1865 ἠρέμα
2734 1795 2833 1865 μὲν
2857 1795 3115 1857 πολλάκις
3147 1796 3444 1865 σειόμενος,
3471 1796 3638 1857 ὑψου-

368 1892 546 1945 hostia
578 1892 961 1955 extollebatur,
994 1891 1169 1945 sancti
1208 1890 1443 1958 Spiritus
1490 1892 1744 1945 videlicet
1770 1890 1947 1959 signi-

2060 1884 2220 1953 μένου
2251 1884 2345 1937 τοῦ
2378 1884 2570 1955 ἀρτου,
2604 1885 2895 1956 καθωρνῑτο
2918 1928 2933 1952 ,
2969 1887 3067 1956 τὴν
3108 1886 3201 1940 τοῦ
3253 1889 3408 1955 ἁγίου
3434 1890 3635 1961 δηλαδὴ

369 1981 540 2036 ﬁcans
569 1981 1062 2035 obumbrationem.
1102 1980 1204 2036 Sed
1242 1982 1361 2051 ipso
1394 1982 1481 2036 die
1525 1981 1748 2037 Pascbze
1781 1982 1953 2052 potis-

369 2074 569 2127 simum
616 2074 750 2128 adeo
790 2072 1145 2127 vehementer
1194 2083 1528 2127 commotum
1560 2083 1664 2137 est,
1713 2075 1790 2128 uti
1836 2088 1953 2143 pre-

368 2166 567 2236 sbyteri
601 2174 654 2219 et
707 2165 945 2234 episcopi
995 2181 1210 2232 omnes,
1267 2167 1614 2236 maximeque
1672 2166 1709 2221 ii
1748 2168 1842 2237 qui
1883 2182 1950 2222 ex

367 2257 489 2311 aliis
513 2258 852 2325 patriarcbiis
880 2258 1126 2321 aderant,
1160 2258 1424 2328 mysterio
1454 2260 1713 2328 perculsi,
1744 2259 1949 2330 ingenti

366 2364 500 2403 voce
523 2348 728 2403 diutius
759 2348 970 2402 Numen
1006 2349 1263 2404 laudibus
1291 2350 1631 2405 celebrarint.
1665 2351 1741 2405 Ita
1772 2367 1954 2406 sacer-

365 2438 467 2494 dos
498 2454 723 2509 magnus
745 2440 1076 2494 saerilicium
1118 2440 1505 2496 intemeratum
1548 2442 1791 2513 perfecta
1831 2445 1948 2509 ple-

368 2546 546 2601 naque
590 2531 693 2585 ﬁde
720 2531 997 2597 oil‘erebat,
1036 2531 1256 2603 Deoque
1299 2550 1397 2605 per
1458 2535 1589 2590 illud
1630 2537 1949 2606 pr0pitiato,

368 2622 551 2692 populi
596 2623 850 2686 salutem,
886 2635 944 2677 ut
972 2625 1246 2681 sacerdoti
1284 2642 1383 2696 par
1422 2638 1562 2690 erat,
1596 2630 1948 2698 operabatur.

371 2715 479 2768 Eos
512 2730 674 2783 porro
721 2715 814 2783 qui
869 2715 936 2769 ad
992 2716 1142 2770 illum
1178 2718 1532 2784 accedebant,
1573 2720 1950 2789 hujuscemodi

366 2804 713 2860 documentis
740 2807 1023 2862 erudiebat
1055 2828 1068 2862 :
1107 2811 1397 2875 Attendite,
1420 2812 1617 2881 inquit,
1651 2814 1952 2887 vobiera-

368 2905 495 2956 ωτι.
524 2908 569 2951 et
607 2898 772 2952 videte
805 2900 1063 2968 quomodo
1094 2910 1247 2956 caute
1281 2903 1585 2967 ambuletis,
1619 2921 1720 2958 non
1751 2917 1805 2959 ut
1860 2907 1947 2959 in-

369 2990 636 3057 sipientes,
660 2990 749 3043 sed
777 3001 834 3043 ut
857 2993 1152 3060 sapientes:
1178 3003 1226 3047 et
1256 2994 1416 3047 nolite
1438 2996 1554 3063 ﬁeri
1576 2996 1948 3063 imprudentes,

367 3082 458 3135 sed
487 3081 832 3151 intelligentes
870 3084 1191 3138 voluntatem
1242 3086 1338 3139 Dei
1372 3088 1430 3153 3;
1467 3098 1519 3141 et
1554 3102 1568 3140 :
1611 3087 1793 3143 Nolite
1827 3108 1951 3144 con-

368 3173 597 3242 formari
622 3174 743 3227 huic
768 3175 985 3239 sa’culo,
1019 3179 1107 3230 sed
1129 3177 1610 3246 transformamini,
1642 3184 1944 3237 secundum
1977 3218 2016 3273 Ο

370 3266 689 3334 Apostolttm
714 3306 729 3332 ,
770 3270 1105 3322 renovatione
1138 3271 1326 3324 mentis
1374 3280 1600 3336 vestrm;
1633 3285 1687 3327 ut
1718 3277 1945 3343 probetis

370 3372 479 3421 vos,
509 3370 556 3411 et
588 3359 791 3423 sciatis,
816 3375 934 3427 qua:
960 3361 1026 3413 sit
1061 3360 1306 3414 voluntas
1335 3360 1428 3415 Dei
1464 3363 1599 3415 bona
1625 3375 1672 3416 et
1702 3364 1949 3436 benepla-

367 3464 490 3502 cens
545 3449 881 3518 et‘perfecta
927 3452 994 3503 ἐ
1044 3461 1091 3505 et
1127 3469 1244 3521 qua:
1311 3455 1515 3507 vacatio
1577 3455 1701 3524 fidei
1768 3469 1951 3513 vestra:

370 3549 419 3595 et
450 3543 557 3609 spei
588 3543 643 3594 in
669 3542 880 3597 Christo
909 3541 1039 3597 Iesu
1068 3544 1291 3599 Domino
1325 3555 1503 3600 nostra
1528 3548 1593 3604 ¹⁰.
1627 3547 1707 3603 Sit
1731 3552 1951 3605 lucerna

372 3632 558 3687 cordis
596 3634 761 3686 vestri
810 3648 1027 3703 semper
1077 3636 1276 3691 ardens
1309 3635 1512 3705 Spiritu
1549 3649 1763 3703 sancto,
1792 3657 1948 3710 pura,

371 3723 608 3787 sincera,
644 3724 846 3794 liquida
880 3734 934 3779 et
980 3726 1286 3795 splendida,
1342 3739 1401 3784 ut
1455 3729 1546 3784 illa
1609 3740 1717 3786 tota
1770 3733 1953 3787 anima

373 3824 555 3865 vestra
603 3812 962 3870 illuminetur.
1003 3815 1084 3869 Sit
1116 3816 1271 3872 vobis
1316 3834 1473 3875 mens
1502 3836 1719 3890 semper
1746 3822 1953 3878 intenta

370 3904 439 3956 al
474 3904 787 3971 Dominum,
819 3906 1049 3976 simplex
1077 3919 1132 3962 et
1166 3923 1333 3978 recta,
1372 3912 1530 3981 cujus
1577 3915 1771 3969 unicus
1801 3916 1956 3972 labor

372 3990 526 4045 silet
559 3991 827 4059 studium,
876 3996 1184 4069 unicusque
1238 4009 1291 4054 et
1336 4002 1631 4071 primarius
1679 4005 1803 4062 ﬁnis
1831 4023 1956 4076 pro-

373 4083 609 4152 positus,
656 4086 782 4139 boui
838 4090 1038 4142 summi
1096 4092 1504 4163 contemplatio.
1549 4095 1629 4151 Ad
1682 4097 1835 4165 illud,
1872 4101 1957 4153 in-

372 4186 557 4239 quam,
616 4183 808 4228 natura
872 4191 971 4231 sua
1020 4192 1212 4233 verum
1274 4197 1706 4255 germanumque
1750 4187 1954 4244 bonum

374 4278 529 4319 mens
564 4278 741 4320 vestra
775 4268 846 4323 sit
877 4284 1143 4325 conversa
1177 4288 1414 4345 semper,
1466 4285 1522 4332 et
1567 4278 1618 4331 in
1654 4278 1746 4334 illo
1778 4280 1955 4349 vivat’,

374 4368 657 4412 moveatur
690 4368 744 4414 et
776 4360 846 4414 sit
874 4377 888 4427 ;
925 4362 980 4415 in
1032 4364 1127 4417 illo
1158 4364 1495 4421 illuminetur
1551 4369 1799 4439 bonaque
1837 4372 1960 4427 red-

373 4448 533 4503 datur
559 4466 571 4500 :
602 4450 699 4515 illi,
727 4453 904 4520 quoad
930 4453 1048 4522 ejus
1078 4456 1191 4509 ﬁeri
1224 4464 1422 4525 potest,
1452 4459 1645 4516 similis
1698 4462 1961 4519 emciatur

2056 1975 2371 2046 Πνεύματος
2428 1980 2740 2031 ὲπισκίασιν
2782 1979 3193 2049 ὑποσημαίνων.
3238 1980 3326 2033 Ἐν
3352 1982 3533 2053 ἡμέρα
3579 1982 3636 2034 δέ

2055 2087 2183 2123 ποτε
2210 2070 2305 2123 τοῦ
2347 2071 2538 2141 Πάσχα
2570 2071 2804 2142 μάλιστα
2856 2072 2999 2125 οὕτω
3047 2073 3325 2143 διεκινήθη
3362 2074 3632 2147 σφοδρῶς,

2052 2162 2127 2226 ὡς
2161 2162 2368 2224 πάντας
2424 2165 2587 2234 ἱερεῖς
2623 2165 2717 2217 καὶ
2771 2165 3061 2235 ἀρχιερεῖς,
3114 2166 3208 2218 καὶ
3240 2166 3474 2236 μάλιστα
3508 2169 3635 2231 τοὺς

2054 2256 2117 2307 ὲκ
2155 2255 2261 2308 τῶν
2296 2256 2470 2309 ἄλλων
2505 2258 2920 2328 πατριαρχικῶν
2955 2258 3184 2330 θρόνων,
3235 2260 3295 2313 τὸ
3332 2263 3634 2331 μυστήριον

2053 2345 2560 2416 ἐκπεπληγμένους,
2599 2350 2808 2420 μεγάλῃ
2843 2354 2992 2421 φωνῇ
3048 2352 3293 2416 δοξάζειν
3343 2354 3435 2407 ἐπὶ
3494 2354 3633 2408 πολὺ

2032 2436 2142 2493 ,τὸν
2169 2438 2321 2489 Θεόν.
2356 2438 2541 2503 Οὕτως
2569 2441 2597 2493 6
2633 2441 2805 2510 μέγας
2829 2445 3087 2514 ἱεράρχης
3112 2446 3413 2515 ἀχράντους
3442 2447 3633 2512 θυσίας

2053 2529 2112 2583 ὲν
2137 2530 2437 2602 τελειότητι
2464 2533 2701 2597 πίστεως
2730 2535 2970 2605 γνησίως
3000 2537 3309 2608 ἀναφέρων,
3366 2539 3461 2592 καλ⁵
3498 2540 3636 2597 ταύε

2053 2639 2172 2687 ταις
2202 2624 2554 2695 ἱλασκόμενος
2582 2625 2674 2679 τὸν
2728 2627 2895 2691 Θεὸν,
2953 2629 3300 2700 ἱεροπρεπῶς
3357 2632 3633 2703 ίερούργει
3696 2650 3699 2655 ‘

2054 2715 2151 2784 τὴν
2183 2717 2454 2787 σωτηρίαν
2500 2717 2592 2770 τοῦ
2623 2718 2773 2772 λαοῦ.
2820 2720 2931 2773 Ἀεὶ
2953 2721 3009 2774 δὲ
3029 2723 3155 2786 τοὺς
3188 2724 3501 2792 ὲγγίζοντας
3531 2728 3633 2778 αὐ-

2052 2804 2130 2874 τῷ
2164 2806 2437 2869 τοιαύταις
2470 2808 2805 2877 κατεφώτιζε
2834 2810 3096 2881 διδαχαῖς,
3148 2815 3502 2885 Προσέχετε,
3547 2818 3636 2871 λέ-

2054 2912 2185 2963 γων,
2214 2896 2471 2966 ἑαυτοῖς,
2498 2900 2767 2970 ἀδελφοί,
2796 2904 2890 2957 καί
2920 2905 3205 2971 βλέπετε,
3241 2907 3365 2975 πῶς
3380 2910 3637 2978 ἀκριϐῶς
3726 2966 3729 2973 ,

2053 2986 2159 3039 τοῦ
2181 2987 2325 3051 ,ϐίου
2356 2991 2725 3057 περιπατεῖτε
2762 2993 2877 3061 τὴν
2928 2995 3093 3060 ὁδὸν,
3128 2997 3216 3066 μὴ
3259 2999 3339 3063 ὠς
3384 2999 3625 3069 ἄσοφοι,

2052 3079 2293 3145 ἀλλ’ὡς
2331 3082 2530 3150 σοφοί.
2577 3084 2685 3136 Kal
2729 3086 2813 3154 μὴ
2846 3088 3088 3155 γίνεσθε
3132 3089 3427 3158 ἄφρονες,
3472 3093 3635 3146 ἀλλὰ

2053 3172 2366 3238 συνιέντες
2392 3177 2463 3229 τὰ
2496 3178 2720 3245 ἀρεστὰ
2760 3180 2838 3245 τῷ
2863 3180 3003 3247 Θεῷ.
3038 3183 3177 3236 Καί·
3215 3184 3310 3252 Μὴ
3339 3189 3635 3255 σχηματί-

2051 3260 2219 3321 ζεσθε
2249 3262 2328 3329 τῷ
2352 3263 2515 3317 αἰῶνι
2544 3268 2751 3332 τούτῳ,
2783 3269 2942 3324 ἀλλὰ
2956 3274 3472 3342 μεταμορφοῦσθε.
3496 3278 3639 3329 κατά

2050 3354 2140 3407 τὸν
2176 3355 2318 3408 θεῖον
2365 3358 2711 3424 ’Λπόστολον,
2766 3360 2843 3430 τῇ
2906 3363 3312 3419 ἀνακαινώσει
3357 3366 3463 3421 τοῦ
3492 3369 3637 3435 νοὸς

2051 3446 2237 3515 ὑμῶν,
2272 3450 2359 3515 εἰς
2385 3449 2450 3503 τὸ
2477 3450 2817 3521 δοκιμάζειν
2851 3449 3002 3524 ὑμᾶς
3029 3456 3129 3509 καὶ
3171 3458 3390 3513 ειδέναι
3429 3460 3462 3513 ὅ
3486 3477 3539 3513 τι
3570 3462 3636 3514 τὸ

2054 3540 2283 3609 θέλημα
2325 3544 2431 3597 τοῦ
2468 3545 2637 3613 Θεοῦ,
2687 3546 2754 3600 τὸ
2784 3548 3011 3617 ἀγαθόν
3042 3551 3141 3603 καί
3170 3552 3501 3620 εὐάρεστον
3537 3557 3635 3608 καὶ

2054 3633 2324 3687 τέλειονη
2392 3636 2487 3689 καὶ
2528 3638 2616 3702 τίς
2660 3640 2696 3705 ἡ
2746 3640 2970 3707 κλῆσις
3021 3642 3129 3709 τῆς
3171 3644 3429 3711 πίστεως
3471 3645 3641 3715 ὑμῶν

2054 3723 2151 3778 καὶ
2209 3724 2320 3791 τῆς
2352 3725 2596 3793 ἐλπίδος
2653 3728 2723 3781 ἐν
2761 3731 2993 3797 Χριστῷ
3050 3734 3255 3799 Ἰησοῦ
3317 3737 3397 3799 τῷ
3446 3738 3641 3803 Κιφίῳ

2056 3815 2246 3885 ἡμῶν.
2281 3820 2432 3872 Ἢτω
2465 3819 2493 3871 6
2533 3819 2727 3890 λύχνος
2752 3822 2851 3891 τῆς
2898 3824 3127 3893 καρδίας
3158 3825 3312 3895 ὑμῶν
3342 3826 3420 3896 τῷ
3450 3829 3639 3899 Κυρίῳ

2056 3908 2336 3979 Πνεύματι
2366 3912 2452 3964 ἀεὶ
2482 3914 2787 3982 καιόμενος,
2812 3914 3072 3987 καθαρὸς,
3093 3918 3408 3989 εἰλικρινὴς,
3438 3920 3640 3985 ἀπλοῦς

2057 4000 2195 4067 ὅλος,
2227 4002 2473 4073 διαυγὴς,
2502 4004 2596 4055 καὶ
2628 4006 2973 4078 φωτοιρανὴς,
3000 4007 3067 4061 ἵν’
3096 4009 3190 4079 ὅλη
3218 4009 3281 4061 δι’
3318 4010 3479 4064 αὑτοῦ
3512 4028 3640 4063 κατ-

2058 4095 2363 4165 αυγάζηται
2411 4097 2538 4165 ὑμῖν
2572 4098 2604 4167 ἡ
2635 4098 2803 4168 ψυχή.
2836 4100 3015 4152 Ἔστω
3060 4101 3088 4155 6
3120 4099 3244 4163 νοῦς
3281 4101 3409 4171 ὑμῖν
3444 4103 3640 4155 ἀνατε-

2059 4187 2291 4258 ταμένος
2344 4188 2431 4241 ἀεὶ
2467 4189 2601 4258 πρὸς
2644 4189 2797 4255 Θεὸν,
2847 4191 3198 4262 μονότροπος,
3238 4194 3635 4263 μονολόγιστος,

2061 4278 2118 4331 ἒν
2160 4280 2321 4349 ἔργον
2354 4282 2448 4335 καὶ
2492 4280 2623 4352 μίαν
2667 4283 3096 4353 προηγουμένως
3153 4285 3291 4355 ἔχων
3335 4287 3639 4358 ἐνέργειαν,

2061 4372 2159 4440 τὴν
2191 4373 2425 4445 θεωρίαν
2467 4373 2560 4427 τοῦ
2591 4374 2822 4443 ἀγαθοῦ,
2873 4374 3008 4447 πρὸς
3042 4377 3202 4446 μόνον
3234 4378 3297 4430 τὸ
3351 4377 3510 4447 φύσει
3544 4379 3638 4431 καὶ

2064 4466 2271 4535 κυρίως
2317 4465 2377 4518 ὃν
2412 4466 2615 4534 ἀγαθὸν
2654 4468 3107 4539 ἐπεστραμμένος
3135 4470 3242 4535 ἀεὶ,
3276 4471 3369 4523 καὶ
3398 4472 3455 4522 ὲν
3490 4469 3641 4539 αύτῷ

286 4564 289 4567 η
372 4551 425 4595 t-t
455 4542 756 4597 deilicetur.
794 4543 868 4598 Ita
902 4546 1047 4600 enim
1092 4548 1276 4603 animo
1312 4565 1474 4619 supra
1508 4562 1756 4609 naturam
1787 4564 1953 4611 totam

2063 4556 2170 4621 ζών
2206 4557 2299 4611 καὶ
2324 4557 2642 4627 κινούμενος
2666 4559 2757 4610 καὶ
2782 4558 2878 4623 ὣν,
2907 4559 3055 4630 αύτῷ
3079 4559 3529 4629 λαμπρυνόμενος
3546 4562 3637 4613 καὶ

374 4647 470 4687 seu
516 4645 885 4704 corporatam,
917 4653 1012 4693 seu
1035 4639 1423 4711 intelligentem
1456 4645 1684 4713 elevato,
1718 4659 1953 4705 mentem

375 4737 620 4781 nostram
660 4728 713 4780 in
739 4730 1107 4785 sanctissimae
1161 4732 1447 4792 Trinitatis
1504 4738 1802 4809 majestate,
1835 4758 1957 4812 qua:

375 4820 491 4875 sola
532 4822 954 4893 inexplicabilis,
988 4827 1334 4899 abscondita,
1382 4848 1658 4905 supraque
1703 4846 1953 4893 naturam

376 4924 561 4969 evecta
594 4931 814 4972 omnem
854 4934 951 4989 per
1000 4936 1059 4977 se
1095 4933 1178 4978 est
1206 4925 1549 4996 cxsistitquc,
1595 4928 1957 4983 stabiliemus.

375 5004 549 5061 Sicuti
588 5022 714 5061 vero
756 5024 918 5064 unam
951 5009 1132 5068 Patris
1180 5022 1235 5068 et
1267 5013 1388 5069 Filii
1432 5024 1485 5069 et
1525 5015 1755 5084 Spiritus
1785 5020 1961 5073 sancti

376 5109 628 5153 naturam
673 5099 1016 5170 divinitatis,
1072 5104 1147 5158 ita
1194 5107 1514 5175 potentiam,
1562 5108 1959 5177 operationem,

375 5191 602 5259 gloriam
638 5202 693 5247 et
742 5196 1207 5265 magniﬁcentiam
1268 5199 1622 5269 proﬁteamur
1678 5208 1731 5255 et
1769 5199 1965 5256 creda-

368 5293 497 5339 mus
535 5302 546 5338 :
582 5300 749 5338 unum
782 5293 967 5340 autem
1015 5286 1374 5345 divinissimaa
1429 5288 1713 5344 Trinitatis
1763 5292 1963 5346 intem-

375 5393 697 5447 poraneum,
750 5382 1299 5454 coiutemporaneum
1364 5386 1513 5441 Patri
1573 5384 1834 5455 Verbum,
1894 5388 1965 5444 ab

374 5473 658 5529 oculorum
714 5474 834 5529 acie
886 5486 1175 5542 remotum,
1233 5493 1264 5532 a
1320 5478 1566 5546 corporis
1613 5481 1959 5537 concretione

376 5578 592 5631 purum,
630 5564 877 5633 ejusdem
910 5580 975 5620 ac
1022 5568 1201 5622 Patris
1235 5567 1509 5633 essentiaa,
1535 5570 1791 5637 potentia:
1814 5571 1959 5640 ejus-

375 5654 532 5720 dem;
561 5654 706 5710 bunc
744 5657 923 5726 ipsum
959 5658 1195 5714 scientes
1239 5658 1478 5714 bominis
1517 5675 1735 5731 quoque
1762 5661 1957 5717 Filium

2066 4648 2493 4719 ἀγαθυνόμενος,
2522 4651 2617 4704 καὶ
2646 4653 2787 4706 κατὰ
2812 4653 2872 4704 τὸ
2897 4653 3118 4721 ἐφικτὸν
3154 4653 3508 4725 ὁμοιούμενος
3548 4656 3640 4707 καὶ

2067 4742 2377 4813 θεούμενος.
2414 4742 2571 4797 Οὕτω
2603 4744 2709 4814 γὰρ
2751 4744 2887 4814 ὑψοῦ
2934 4747 3025 4799 τὸν
3073 4746 3331 4815 λογισμὸν
3372 4748 3635 4818 αἴροντες,

2066 4835 2163 4888 καὶ
2195 4835 2410 4890 πάντων
2443 4836 2542 4905 μὲν
2599 4836 2895 4907 αἰσθητῶν,
2936 4838 3152 4891 πάντων
3202 4839 3259 4892 δὲ
3296 4838 3497 4909 νοητῶν
3522 4856 3639 4891 κτι-

2068 4926 2290 4996 σμάτων
2311 4927 2855 4997 ὑπεραναόαίνοντες,
2888 4930 3024 5001 μόνῃ
3040 4930 3092 4982 δὲ
3121 4933 3184 5001 τῇ
3211 4932 3459 5000 τριαδικῇ
3483 4929 3642 4999 θεαρο

2068 5017 2181 5088 χίᾳ,
2216 5018 2352 5089 μόνῃ
2382 5022 2445 5089 τῇ
2481 5020 2539 5072 ὲν
2570 5022 2904 5093 ἀπορρήτοις
2935 5020 3147 5095 ἑστώσῃ
3182 5023 3504 5094 κρυφιότητι
3543 5022 3641 5075 καὶ

2071 5111 2486 5181 ὑπερουσιότητι
2507 5113 2597 5165 τὸν
2626 5116 2823 5167 οίκεῖον
2852 5115 3200 5185 ἱδρυσάμενοι
3219 5115 3341 5168 νοῦν
3359 5130 3373 5144 ·
3396 5114 3488 5168 καὶ
3513 5113 3642 5183 μίαν

2072 5204 2171 5273 μὲν
2204 5204 2417 5275 Πατρδς
2457 5205 2551 5259 καὶ
2584 5205 2711 5259 Υίοῦ
2754 5208 2849 5260 καὶ
2886 5207 3040 5275 ἁγίου
3089 5207 3405 5277 Πνεύματος
3452 5207 3639 5276 ὥσπερ

2072 5292 2233 5362 φύσιν
2264 5294 2538 5366 θεότητος,
2566 5295 2708 5349 οὕτω
2736 5298 2829 5349 καὶ
2856 5298 3085 5366 δύναμιν
3118 5297 3212 5351 καὶ
3245 5298 3521 5367 ἐνέργειαν
3544 5296 3639 5348 καὶ

2071 5386 2230 5452 δόξαν
2285 5387 2380 5440 καὶ
2436 5389 2915 5458 μεγαλοπρέπειαν
2979 5389 3364 5463 ἀμολογοῦντες
3410 5386 3502 5440 καὶ
3546 5404 3637 5438 πι-

2067 5477 2351 5541 στεύοντες
2374 5497 2387 5510 ·
2418 5480 2510 5533 τὸν
2549 5480 2645 5532 ἕνα
2674 5481 2729 5533 δὲ
2768 5480 2869 5549 τῆς
2910 5480 3339 5551 τρισυποστάτου
3385 5478 3641 5548 θεαρχίας

2063 5568 2155 5622 τὸν
2199 5569 2433 5641 ἄναρχον
2476 5571 2569 5623 καὶ
2604 5572 2939 5639 συνάναρχον
2994 5569 3071 5640 τῷ
3112 5569 3299 5636 ,Πατρὶ
3334 5568 3503 5635 Λόγον
3549 5566 3641 5619 τὸν

2066 5661 2317 5733 ἀόρατον,
2339 5663 2430 5717 τὸν
2460 5661 2771 5733 ἀσώματον,
2796 5662 2888 5717 τὸν
2910 5661 3127 5732 ὁμοφυᾶ
3144 5660 3516 5731 τῷΓεννήτορι
3544 5660 3637 5713 γαί

444 5831 465 5861 ⁸
496 5830 695 5903 Ephes.
732 5850 784 5900 ι’,
816 5833 903 5900 15,
942 5833 1026 5889 16.
1105 5836 1125 5868 ⁹
1159 5834 1320 5890 Rom.
1346 5852 1441 5903 xu,
1466 5836 1521 5891 2.
1602 5840 1644 5871 ¹⁰
1671 5840 1867 5911 Epltcs.
1902 5856 1942 5909 ι,
1977 5841 2064 5899 18.
