4092 6584
390 378 487 443 553

1377 368 1553 427 VITA
1584 367 1644 425 S.
1681 363 1977 425 IGNATII
2015 362 2122 424 CP.
2165 362 2521 423 ARCHIEP.

3528 354 3630 417 554

386 488 739 563 ὁμοδύναμον,
774 483 962 538 τοῦτον
991 481 1115 536 Υίδν
1139 479 1427 551 ἀνθρώπου
1455 479 1577 531 καθ’
1603 478 1749 548 ἡμᾶς
1782 478 1846 530 ὲκ
1866 476 1957 546 τῆς

2070 476 2367 531 secundum
2393 482 2633 529 nostram
2658 479 2906 525 naturam
2930 485 2993 524 ex
3036 469 3378 524 immaculata
3404 468 3497 523 Dei
3522 469 3633 523 Ma-

390 578 761 652 ύπεραμώμου
790 575 1079 644 γενόμενον
1103 572 1443 641 Θεομήτορος
1465 569 1683 630 εἰδότες.
1722 569 1828 622 Καὶ
1856 568 1954 621 ἕνα

392 676 487 746 μὲν
516 673 593 742 τῷ
632 668 929 742 προσώπῳ,
961 664 1180 719 διπλοῦν
1210 664 1265 716 δὲ
1300 666 1421 725 ταῖς
1457 662 1651 731 φύσεσι
1676 662 1770 715 καὶ
1798 663 1945 731 ἐνερ-

383 765 556 833 γείαις
582 766 673 813 καὶ
703 760 951 828 θελήσεσι
984 756 1349 826 κηρύσσοντες
1371 771 1384 784 ο
1426 756 1518 808 καὶ
1550 755 1723 825 ταύτῃ
1765 755 1954 825 σχολά-

382 857 563 919 ζοντες
589 853 1005 921 ἐπιμελέστερον
1033 851 1099 919 τῇ
1139 847 1341 919 θεωρίᾳ.
1364 849 1473 901 τῶν
1498 848 1659 901 θείων
1694 849 1788 902 καὶ.
1838 848 1954 902 θεο-

381 948 535 1017 λογίᾳ
564 946 657 998 καὶ⁸
685 945 771 997 διά
794 943 891 1011 τῆς
915 942 1063 1010 ἱερᾶς
1083 944 1191 995 τῶν
1218 940 1448 1010 Γραερῶν
1484 940 1713 1011 μελέτης
1745 943 1951 994 ἀνακα-

382 1039 713 1109 θαιρόμενοι,
766 1035 858 1088 καὶ
892 1035 960 1087 δι’
988 1034 1183 1088 ἀενάου
1237 1033 1547 1105 προσευχῆς
1583 1033 1950 1100 ἁγνιζόμενοι,

378 1130 706 1200 ύπεροράσει
740 1125 847 1179 τῶν
876 1126 1119 1195 ματαίων
1152 1125 1493 1196 ὑπερίδωμεν
1520 1123 1825 1194 μεριμνῶν,
1857 1125 1952 1176 καὶ

376 1224 493 1284 τοῖς
516 1221 615 1290 τῆς
647 1220 868 1290 ἀτιμίας
900 1218 974 1289 μὴ
1005 1219 1408 1287 ύποκύπτωμεν
1439 1217 1658 1277 πάθεσι,
1693 1217 1789 1269 καὶ
1816 1214 1952 1287 πρὸς

377 1311 669 1379 ἀνονήτους
706 1308 991 1378 φροντίδας
1012 1309 1087 1380 μὴ
1115 1308 1570 1377 καταπίπτωμεν.
1596 1308 1705 1360 Καὶ
1736 1309 1843 1371 πᾶς
1868 1308 1954 1360 θυ-

380 1404 480 1470 μὸς
501 1402 790 1471 θηριώδης,
813 1404 906 1453 καὶ
939 1402 1087 1454 πᾶσα
1109 1399 1417 1467 παράλογος
1442 1398 1600 1451 ὲπιθυ
1610 1399 1707 1467 μία
1730 1398 1953 1469 ἀρθήτω

376 1494 473 1562 ἀφ’
508 1493 697 1562 ήμῶνο
743 1494 940 1563 μᾶλλον
972 1494 1027 1546 δὲ
1065 1494 1093 1545 ὁ
1130 1493 1227 1562 μὲν
1259 1492 1424 1561 θυμὸς
1455 1491 1619 1544 ὅπλον
1650 1492 1779 1560 ἡμῖν
1812 1488 1955 1542 κατὰ

373 1588 477 1653 τῇς
508 1586 777 1655 ἁμαρτίας
833 1586 926 1637 καὶ
989 1584 1082 1637 τοῦ
1107 1584 1206 1653 τῆς
1236 1582 1510 1653 ἁμαρτίας
1540 1580 1680 1634 ἔστω
1726 1580 1953 1651 πατρός.

385 1675 456 1729 Ἦ
492 1678 756 1748 ἐπιθυμία
787 1676 845 1729 δὲ
899 1676 1033 1747 πρὸς
1064 1675 1127 1728 τὸ
1160 1676 1363 1747 κυρίως
1395 1676 1489 1727 καὶ
1513 1672 1730 1744 ἀληθῶς
1768 1672 1955 1726 ἐπιθυ-

378 1769 551 1840 μητὸν
584 1768 1099 1838 μετασκευαζυμένη
1131 1769 1279 1820 πᾶσα
1298 1808 1313 1831 ,
1358 1765 1615 1835 συνεργὸς
1646 1767 1776 1835 ἡμῖν
1805 1762 1952 1833 γινέ-

2060 575 2142 620 tre
2166 575 2378 628 natum,
2401 580 2569 617 unum
2600 562 2816 632 quidem
2836 560 3317 631 persm1a,gc1ni11a
3349 574 3513 629 porro
3537 577 3633 614 11.1-

2058 667 2199 722 tura,
2224 660 2560 728 operatione,
2604 656 2878 710 voluntate
2927 653 3284 723 przedicemus
3314 669 3328 705 :
3359 664 3522 723 atque
3550 653 3634 707 his

2058 768 2235 806 rerum
2285 752 2588 806 divinarum
2628 761 2681 805 et
2715 748 3136 818 theologicarum
3189 746 3633 801 meditationibus

2054 843 2270 913 penitus
2302 843 2577 912 occupati,
2633 853 3024 908 sacrarumque
3074 835 3402 893 Litterarum
3437 835 3634 891 studiis

2056 934 2348 1003 repurgati,
2372 943 2534 1004 atque
2559 933 2776 989 assidua
2793 933 3037 987 oratione
3053 930 3288 998 lustrati,
3304 928 3635 998 contemptis

2056 1027 2311 1081 humanis
2360 1028 2545 1090 rebus,
2596 1041 2757 1081 curas
2798 1027 2990 1082 inanes
3039 1025 3420 1096 negligamus,
3460 1037 3635 1093 neque

2058 1134 2157 1172 nos
2184 1116 2343 1172 [mdis
2364 1117 2752 1186 cupiditatibus
2788 1119 3197 1182 submittamus,
3227 1131 3403 1186 neque
3429 1115 3497 1169 ad
3527 1129 3621 1169 co-

2057 1212 2350 1281 gitationes
2398 1209 2593 1265 stultas
2654 1210 3029 1280 prolabamur.
3092 1208 3282 1263 Omnis
3330 1207 3501 1263 ferina
3525 1207 3635 1263 ira-

2055 1303 2274 1367 cundia,
2306 1318 2468 1358 omne
2492 1302 2820 1357 desiderium
2853 1318 2883 1356 a
2911 1302 3119 1356 ratione
3144 1301 3378 1355 alienum
3414 1316 3443 1353 a
3476 1299 3633 1354 nobis

2055 1395 2375 1449 excludatur
2412 1412 2424 1447 :
2463 1394 2573 1449 imo
2604 1395 2683 1448 ira
2731 1393 2892 1448 telum
2940 1393 3100 1448 nobis
3124 1394 3193 1449 sit
3236 1393 3289 1447 in
3352 1402 3629 1462 peccatum

2058 1485 2376 1557 peccatique
2404 1494 2705 1540 auctorem.
2728 1484 3009 1554 Cupiditas
3040 1500 3169 1540 vero
3199 1485 3267 1540 ad
3302 1500 3486 1540 verum
3510 1502 3632 1556 ger-

2057 1598 2391 1651 manumque
2422 1582 2623 1637 bonum
2676 1583 2961 1647 translata,
2998 1582 3063 1637 ad
3119 1590 3386 1652 prmcepta
3421 1582 3634 1637 Domini

2057 1673 2413 1730 custodienda
2448 1672 2604 1727 nobis
2660 1671 2899 1742 adjntrix
2942 1674 3053 1727 liat.
3102 1672 3227 1726 Haec
3283 1672 3633 1733 documenta,

2058 1765 2261 1829 dilecti,
2292 1766 2522 1835 primum
2556 1764 2773 1834 quidem
2805 1779 2832 1816 a
2867 1764 3170 1834 prophetis,
3208 1762 3403 1816 deinde
3432 1778 3462 1816 a
3499 1778 3635 1831 pra:-

376 1862 494 1915 σθω
522 1864 657 1930 πρὸς
692 1863 921 1932 τήρησιν
952 1860 1050 1930 τῆς
1085 1859 1434 1928 Δεσποπικῆς
1482 1857 1723 1927 ἐντολῆς.
1753 1856 1951 1911 Τοιαύ-

2061 1858 2335 1912 stantibus
2384 1856 2590 1911 Christi
2645 1856 2930 1925 discipulis
2991 1864 3044 1910 et
3088 1855 3459 1925 evangelistis,
3519 1862 3632 1907 tum

372 1968 475 2014 τας
502 1947 593 2005 οὖν
623 1952 837 2020 ἔχοντες
866 1950 1263 2021 παραγγελίας,
1291 1950 1587 2016 ἀγαπητοὶ,
1621 1948 1711 2001 διὰ
1742 1963 1955 2017 προφη-

371 2043 485 2096 τῶν
512 2044 612 2111 μὲν
666 2044 899 2113 πρῶτον,
936 2043 1125 2096 ἔπειτα
1176 2040 1263 2095 διὰ
1294 2040 1403 2093 τῶν
1446 2040 1665 2112 ὑψηλῶν
1692 2040 1784 2095 τοῦ
1820 2042 1956 2110 Χριο

370 2137 504 2190 στοῦ
544 2135 801 2207 μαθητῶν
830 2137 923 2188 καὶ
954 2133 1380 2203 εύαγγελιστῶν,
1417 2133 1509 2186 καὶ
1532 2132 1621 2185 διὰ
1647 2133 1751 2187 τῶν
1787 2131 1955 2185 Πατέ-

371 2247 487 2301 ρων
514 2229 572 2282 δὲ
609 2229 746 2299 μετὰ
766 2228 937 2281 ταῦτα
967 2228 1060 2280 καὶ
1103 2226 1264 2300 ιερῶν
1290 2226 1629 2280 διδασκάλων
1660 2225 1955 2294 γινομένας

369 2322 451 2382 είς
478 2320 651 2389 ημᾶς,
683 2318 881 2388 μᾶλλον
908 2318 964 2371 δὲ
986 2317 1053 2371 δι’
1088 2317 1207 2381 ἑνὸς
1248 2319 1341 2371 καλ⁸
1368 2317 1464 2371 τοῦ
1506 2316 1669 2370 αὑτοῦ
1703 2315 1954 2385 Πνεύμα-

367 2427 467 2473 τος
495 2409 832 2479 λαλουμένας
870 2409 979 2473 ἀεὶ,
1011 2409 1105 2461 καὶ
1152 2409 1505 2477 πολυτρόπως
1537 2407 1953 2477 κηρυσσομένας

369 2505 429 2554 ὲν
452 2502 609 2571 ἡμῖν,
627 2502 702 2570 μὴ
733 2500 1184 2570 καταφρονῶμεν,
1215 2501 1347 2571 μηδὲ
1380 2499 1638 2571 ῥᾳθύμως
1661 2497 1756 2552 καὶ
1784 2499 1953 2566 ἐκμε-

368 2591 505 2657 λῶς,
537 2592 808 2662 ἐπιμελῶς
838 2593 895 2646 δὲ
927 2592 1023 2663 τὴν
1067 2594 1264 2662 πρᾶξιν
1291 2594 1385 2646 καλ⁵
1418 2590 1723 2653 σπουδαίως
1753 2587 1950 2659 μετίω-

371 2703 480 2753 μεν
504 2686 602 2755 τῆς
636 2686 861 2755 ἀρετῆς,
898 2684 1294 2755 ὲλεημοσύναις
1336 2684 1435 2755 μὲν
1483 2686 1582 2737 καὶ
1634 2682 1813 2735 πίστει
1852 2680 1955 2731 πά-

370 2790 477 2843 σης
508 2771 782 2843 ἁμαρτία;
830 2770 1359 2840 ἀποκαθαιρόμενοι,
1413 2768 1603 2840 ἀγάπῃ
1668 2768 1725 2821 δὲ
1771 2766 1963 2835 τελεία-

369 2869 472 2917 καί
505 2863 980 2937 ταπεινοφροσύνῃ
1000 2862 1190 2932 ἀληθεῖ
1222 2862 1425 2926 παντὸς
1454 2860 1726 2931 μολυσμοῦ
1756 2860 1951 2930 σαρκὸς

368 2957 470 3010 καὶ
531 2956 841 3025 πνεύματος
891 2952 1356 3024 ἁποδιυλιζόμενοι
1383 2969 1397 2984 ο
1444 2954 1531 3007 ῖνα
1578 2952 1721 3005 κατὰ
1754 2952 1862 3004 πᾶν
1894 2950 1955 3001 τὸ

369 3048 591 3119 θέλημα
643 3047 737 3101 τοῦ
793 3048 929 3102 Θεοῦ
966 3049 1482 3118 περιπατήσαντες,
1532 3046 1676 3111 ἄξιοι
1712 3046 1811 3114 τῆς
1859 3042 1953 3096 τοῦ

368 3142 703 3212 ἐπουρανίου
739 3141 950 3212 Πατρός
982 3140 1259 3209 βασιλείας
1282 3142 1339 3193 ὲν
1363 3139 1583 3212 Χριστῴ
1622 3136 1798 3210 Ἰησοῦ
1826 3137 1955 3189 ἀνα-

371 3233 658 3303 φανῶμεν.
714 3232 1075 3303 Ἀποθὼμεθα
1118 3232 1405 3302 τοιγαροῦν
1454 3234 1560 3286 πᾶν
1613 3232 1804 3296 πάθος,
1862 3230 1954 3284 καὶ

370 3327 561 3379 πάντα
594 3324 856 3395 πονηρίας
901 3323 1332 3393 ἀποτριψώμεθα
1362 3322 1641 3392 λογισμὸν,
1669 3322 1756 3375 ἵνα
1779 3320 1953 3374 καθα-

374 3417 471 3487 ροὶ
533 3414 613 3485 τῷ
673 3414 1051 3486 καθαρωτάτῳ
1124 3414 1555 3485 προσενεχθῆναι
1614 3411 1951 3482 δυνηθῶμεν.

382 3504 853 3579 ’Λπορριψὼμεθα
887 3505 1332 3577 γαστριμαργίας
1367 3506 1536 3567 πάθος
1578 3503 1841 3574 ὀλέθριον,
1881 3503 1957 3567 ὡς

370 3600 564 3669 πάσης
588 3598 864 3669 ἀλλότριον
885 3599 1103 3669 ἀρετῆς,
1119 3599 1214 3650 καὶ
1242 3597 1499 3660 παντοίας
1524 3596 1841 3666 γεννητικὸν
1865 3613 1961 3649 κα-

372 3692 506 3753 κίας
531 3708 544 3721 ο
582 3690 695 3743 ἀντ’
722 3690 886 3760 αὐτῆς
908 3691 963 3743 δὲ
997 3690 1093 3761 τὴν
1123 3689 1504 3759 κοσμιωτάτην
1534 3688 1861 3759 ἐγκράτειαν
1885 3687 1962 3751 ὼς

371 3783 624 3837 διπλοΐδα
652 3782 1025 3854 περιθὼμεθα,
1075 3782 1173 3851 τὴν
1208 3781 1315 3834 τῶν
1342 3780 1590 3849 ἀγγέλων
1640 3778 1957 3849 σύντροφον,

374 3876 485 3947 τὴν
516 3874 625 3927 τῶν
652 3875 823 3942 ἁγίων
860 3873 1150 3943 σύσκηνον,
1180 3872 1278 3942 τὴν
1304 3872 1402 3940 τῆς
1443 3871 1556 3925 ἄνω
1599 3870 1961 3940 τερπνότητος

372 3968 645 4039 πρόξενον
672 3969 763 4020 καὶ
805 3967 1034 4038 τρυφῆς.
1074 3965 1305 4038 Πορνεία
1348 3964 1405 4017 δὲ
1438 3963 1573 4033 μηδὲ
1604 3961 1961 4032 ὀνομαζέσθω

371 4060 435 4113 ὲν
475 4061 629 4129 ἡμῖν,
667 4058 727 4111 ού
755 4059 913 4128 μόνον
939 4059 973 4129 ἡ
996 4058 1117 4110 κατ’
1140 4056 1425 4128 ἐνέργειαν
1457 4055 1552 4109 καὶ
1582 4056 1802 4125 πρᾶξιν,
1825 4052 1962 4107 ἀλλὰ

377 4150 525 4220 μηδὲ
562 4151 849 4218 πορνικαῖς
901 4148 1227 4217 φαντασίαις
1268 4145 1684 4219 ρυπαινὼμεθα.
1720 4147 1877 4217 Πάσῃ
1903 4145 1961 4199 δὲ

377 4244 605 4313 μηχανῇ
630 4242 721 4294 καὶ
739 4241 963 4313 σπουδῇ,
1000 4242 1150 4311 πάσῃ
1179 4239 1651 4313 ταπεινοφροσύνῃ
1680 4241 1774 4293 καὶ
1799 4255 1961 4310 προσο

374 4335 519 4402 ευχῇ
580 4332 678 4402 τὴν
749 4332 924 4403 κακὴν
969 4332 1127 4401 ῥίζαν
1180 4330 1549 4401 προθέλυμνον
1604 4331 1956 4402 ἑκτίλλωμεν,

374 4426 484 4496 τὴν
511 4424 735 4494 θολερὰν
777 4425 990 4494 πηγὴν,
1034 4425 1094 4477 τὸ
1120 4425 1219 4493 τῆς
1242 4424 1436 4494 ἡδονῆς
1476 4424 1843 4495 ὲμπύρευμα,
1901 4424 1963 4477 τὸ

2056 1963 2187 2003 vero
2225 1964 2254 2001 a
2289 1948 2561 2009 Patribus,
2612 1947 2727 2001 sive
2787 1946 2993 2001 sanctis
3021 1946 3336 2001 doetoribus
3387 1955 3629 2015 accepta,

2055 2042 2167 2097 imo
2194 2056 2288 2111 per
2316 2056 2481 2095 unum
2513 2048 2568 2094 et
2597 2040 2846 2094 eumdem
2878 2040 3139 2109 Spiritum
3164 2040 3388 2103 dictata,
3427 2040 3621 2093 variis-

2055 2148 2162 2203 que
2192 2133 2367 2187 111odis
2395 2132 2706 2201 praedicata,
2748 2148 2814 2187 ne
2847 2142 3281 2198 contemnamus,
3316 2148 3417 2187 nec
3451 2134 3635 2201 segni-

2056 2236 2135 2281 ter
2167 2234 2220 2279 et
2244 2225 2435 2295 ignave
2470 2239 2852 2295 exsequamur,
2898 2224 2989 2279 sed
3040 2224 3239 2278 acriter
3284 2233 3338 2279 et
3392 2228 3635 2280 studiose

2052 2318 2273 2373 virtutis
2305 2332 2444 2388 opus
2468 2333 2897 2389 persequamur;
2932 2325 2991 2371 ut
3022 2316 3356 2387 benignitate
3391 2318 3443 2370 in
3471 2333 3634 2387 egen-

2056 2418 2158 2475 tes,
2208 2408 2419 2479 ﬁdeque
2450 2424 2481 2463 a
2516 2410 2752 2480 peccatis
2787 2409 3010 2478 expiati,
3060 2409 3327 2463 charilate
3362 2406 3624 2478 perfer-ta,

2052 2510 2108 2556 et
2141 2500 2509 2555 submissione
2544 2500 2779 2565 sincera,
2819 2500 2888 2554 ab
2914 2500 3169 2556 omnibus
3212 2501 3382 2554 animi
3426 2508 3481 2554 et
3508 2514 3635 2554 cor-

2053 2592 2207 2663 poris
2236 2592 2664 2662 inquinamentis
2712 2591 2981 2659 defaecati,
3040 2593 3338 2647 secundum
3393 2593 3483 2647 Dei
3540 2607 3638 2645 vo-

2056 2682 2316 2737 luntatem
2366 2684 2751 2747 ambulantes,
2816 2700 2983 2755 regno
3056 2685 3293 2754 supremi
3352 2682 3526 2739 Patris
3580 2684 3635 2737 in

2054 2775 2275 2829 Christo
2304 2773 2433 2829 Jesu
2484 2775 2633 2845 digni
2668 2777 2985 2830 habeamur.
3019 2774 3222 2831 Omnes
3279 2790 3409 2844 ergo
3467 2775 3634 2830 animi

2056 2865 2385 2920 vitioS‘ltates
2417 2874 2473 2920 et
2494 2867 2717 2921 malitia;
2751 2866 2917 2922 ﬁbras
2945 2867 3232 2933 elidamus,
3265 2867 3341 2921 uti
3384 2868 3537 2937 puris
3570 2868 3638 2920 ad

2055 2957 2412 3027 purissimum
2470 2958 2632 3013 nobis
2693 2968 2873 3023 pateat
2939 2974 3217 3015 accessus.
3269 2959 3635 3014 Pcrnicinsam

2058 3050 2270 3106 ventris
2307 3050 2628 3121 ingluviem,
2660 3052 2827 3106 veluti
2875 3061 3078 3123 pestem
3112 3052 3331 3107 virtutis
3371 3060 3425 3104 et
3456 3051 3639 3107 omnis

2063 3142 2271 3197 fontem
2310 3142 2629 3213 impietatis,
2683 3145 2872 3214 procul
2922 3145 3223 3199 habeamus
3275 3143 3467 3198 :illius
3514 3141 3638 3196 loco

2064 3240 2476 3305 temperantiam
2529 3235 2695 3289 veluti
2744 3235 3037 3305 diploidem
3073 3235 3398 3299 induamus;
3434 3242 3640 3301 tempe-

2061 3330 2319 3392 rantiam,
2353 3327 2601 3400 inquam,
2645 3327 2928 3383 beatarum
2964 3328 3233 3382 mentium
3266 3326 3497 3389 sociam,
3525 3340 3639 3381 eoe-

2059 3423 2218 3478 litum
2259 3422 2724 3485 contubernalem,
2755 3421 3170 3489 caelestiumth
3221 3418 3539 3474 deliciarum
3574 3435 3642 3473 ac

2064 3516 2406 3584 voluptatum
2458 3513 2887 3569 conciliatricem
2946 3526 3010 3567 ac
3065 3511 3283 3582 pignus.
3328 3509 3643 3566 Fornicatio

2064 3617 2245 3663 autem
2276 3621 2344 3660 ne
2375 3606 2684 3661 nominetur
2709 3604 2930 3675 quidem
2953 3604 3009 3658 in
3034 3603 3213 3667 nobis,
3240 3612 3302 3657 ut
3326 3618 3433 3658 non
3465 3602 3640 3658 solum

2062 3713 2225 3768 opere
2260 3708 2313 3752 et
2344 3696 2513 3763 iacto,
2554 3696 2651 3751 sed
2684 3712 2752 3750 ne
2784 3695 3175 3766 cogitationum
3209 3693 3431 3764 quidem
3469 3694 3645 3760 impu-

2068 3805 2253 3844 rarum
2284 3788 2545 3844 monstris
2591 3787 2943 3858 inquinemur
2974 3786 3038 3839 ιι.
3071 3784 3227 3840 Totis
3260 3785 3485 3856 proinde
3513 3785 3644 3837 viri-

2065 3882 2191 3943 bus,
2226 3880 2488 3951 omnique
2518 3881 2783 3946 connixu,
2814 3888 2869 3935 et
2901 3892 3114 3933 summa
3142 3876 3309 3931 animi
3335 3875 3645 3946 depressio-

2066 3990 2155 4037 ne,
2184 3973 2545 4043 precibusque
2560 3973 2824 4027 elementa
2849 3972 3076 4025 luxuria:
3095 3970 3309 4040 penitus
3328 3969 3640 4032 eradamus,

2066 4080 2454 4135 emnosamqne
2478 4065 2805 4135 impuritatis
2828 4065 3242 4135 scaturiginem,
3272 4072 3327 4117 et
3348 4062 3644 4132 voluptatis

2062 4157 2270 4223 focum,
2310 4157 2743 4228 intemperantiae
2769 4155 3186 4218 suscitabulum,
3220 4154 3424 4209 idolum
3460 4154 3643 4207 cordis

2064 4249 2521 4303 obscenissimum
2558 4258 2867 4303 evertamus
2888 4257 2983 4302 aut
3029 4247 3357 4300 minuamus.
3384 4246 3475 4299 Sic
3494 4245 3638 4300 enim

2063 4340 2117 4395 in
2163 4340 2320 4396 nobis
2350 4340 2699 4396 continentiae
2727 4342 2895 4395 decus
2924 4340 3247 4405 elilorescet,
3280 4350 3642 4407 sanctumque

2063 4442 2119 4487 et
2158 4433 2399 4487 divinum
2451 4432 2752 4503 spiritalem
2809 4448 3071 4502 sp011S11m
3125 4434 3191 4485 ad
3243 4447 3343 4487 nos
3388 4433 3475 4501 pie
3512 4446 3641 4486 san-

377 4516 486 4584 τῆς
512 4515 809 4578 ἀκολασίας
839 4514 1111 4587 ζώπυρον,
1147 4515 1208 4567 τὸ
1229 4513 1485 4583 πορνικὸν
1519 4516 1617 4585 τῆς
1640 4513 1865 4585 καρδίας
1886 4513 1957 4565 εί-

2073 4537 2268 4594 ctoquc
2299 4526 2660 4583 attrahemus.
2693 4525 2989 4580 Avaritiam
3035 4533 3090 4579 et
3137 4525 3377 4579 studium
3410 4524 3644 4579 habendi

377 4611 553 4665 δωλον
579 4612 795 4683 πρῶτον
819 4612 1154 4681 ὲξανέλωμεν
1184 4612 1217 4683 ἢ
1255 4611 1601 4681 μειώσωμεν.
1647 4608 1804 4664 Οῦτω
1853 4609 1964 4683 γάρ

376 4706 521 4774 ἡμῖν
551 4704 610 4757 τὸ
649 4704 793 4774 ίερὸν
843 4705 942 4775 τῆς
988 4704 1345 4775 σωφροσύνης
1395 4703 1695 4775 ὲπανθήσει
1746 4704 1964 4769 κάλλος.

378 4796 530 4849 οὓτω
560 4796 654 4848 καὶ
680 4797 771 4848 τὸν
798 4796 985 4866 νοητὸν
1024 4797 1273 4865 Νυμφίον
1306 4796 1401 4848 καὶ
1431 4797 1584 4864 ἆγιον
1612 4796 1963 4867 ἀγιοπρεπῶς

381 4887 600 4949 ἑαυτοῖς
630 4884 1069 4957 ὲπισπασόμεθα.
1123 4886 1496 4957 Φιλαργυρίαν
1524 4887 1581 4941 δὲ
1619 4889 1712 4941 καὶ
1772 4887 1963 4941 πλεον-

383 4980 535 5045 εξίαν
564 4980 763 5043 πᾶσαν,
794 4979 869 5042 ὡς
896 4980 1333 5049 είδωλολατρείαν
1365 4980 1965 5050 ἁποφύγωμεν.Ταυτὸν

384 5074 494 5142 γάρ
525 5073 666 5127 κατὰ
686 5074 776 5127 τὸν
802 5073 895 5128 τοῦ
929 5074 1251 5127 Ἀποστόλου
1280 5074 1489 5141 πέφυκε
1517 5074 1700 5143 νόμον,
1732 5074 1889 5144 εἴπερ
1914 5072 1964 5124 οἱ

383 5163 593 5232 ταύτης
622 5164 939 5235 ὀρεγόμενοι
960 5164 1423 5233 ἀπεπλανήθησαν
1452 5163 1560 5217 ἀπὸ
1579 5166 1677 5234 τῆς
1708 5164 1963 5225 πίστεωςο

385 5253 450 5306 ού
478 5252 637 5323 μόνον
666 5253 743 5318 δὲ,
784 5252 921 5306 ἀλλὰ
972 5252 1066 5306 καὶ
1096 5252 1320 5313 ἑαυτοὺς
1366 5252 1722 5321 περιέπειραν
1750 5250 1965 5313 ὀδύναις

390 5343 635 5408 πολλαῖς.
665 5345 837 5416 Εἴπερ
865 5343 956 5398 οῦν
984 5344 1076 5397 καὶ
1108 5343 1207 5413 τῆς
1242 5343 1511 5414 σωτηρίου
1539 5342 1775 5405 πίστεως
1807 5341 1967 5396 ἀλλο-

389 5440 555 5508 τριοῖ,
612 5438 707 5493 καὶ
754 5437 1094 5492 πολυὼδυνον
1143 5439 1274 5508 ἡμῖν
1307 5436 1597 5508 καθίστησι
1646 5438 1746 5507 τὴν
1800 5437 1966 5508 ζωὴν,

391 5532 510 5595 πῶς
540 5533 659 5603 οὐχὶ
703 5532 941 5603 φευκτέα
996 5531 1197 5602 μᾶλλον
1258 5530 1514 5585 ἁπάντων
1567 5530 1662 5583 καὶ
1706 5529 1969 5603 βδελυκτὴ

391 5622 473 5696 τῷ
501 5641 563 5694 γε
615 5624 690 5695 μὴ
729 5627 907 5695 πάντη
939 5621 1229 5694 καπηλικῷ
1253 5623 1352 5693 τὴν
1402 5623 1579 5694 ψυχήν
1606 5640 1621 5690 ;
1653 5624 1714 5677 Oi
1749 5623 1880 5693 γοῦν
1915 5626 1976 5677 τὺ

471 5805 509 5836 ⁸⁸
543 5804 737 5877 Ephes.
775 5822 828 5871 ν,
863 5806 916 5859 5.
997 5804 1038 5833 ¹¹
1067 5804 1249 5860 Colos.
1284 5820 1367 5869 111,
1393 5804 1455 5871 5;
1484 5801 1681 5874 Ephes.
1702 5818 1753 5868 ν,
1776 5802 1829 5858 5.
1880 5803 1957 5856 “l

2061 5802 2168 5859 'i.11.
2194 5820 2273 5870 111,
2304 5805 2425 5861 2-8.
2492 5806 2535 5838 “
2563 5806 2795 5880 Philipp.
2818 5809 3012 5877 111,20,
3032 5807 3124 5862 2|.

755 5900 1029 5960 PATROL.
1058 5900 1172 5959 Gn.
1214 5898 1329 5957 CV.

2063 4634 2171 4673 non
2216 4633 2376 4672 secus
2422 4628 2584 4688 atque
2630 4618 2993 4673 idololatriam
3040 4617 3378 4689 refugiamus
3406 4617 3471 4669 ".
3500 4615 3645 4670 Idem

2062 4710 2207 4765 enim
2242 4718 2392 4774 sunt,
2424 4720 2481 4762 ut
2506 4710 2589 4764 lex
2625 4710 2870 4779 Apostoli
2898 4711 3078 4774 docet,
3114 4708 3331 4779 quando
3355 4707 3644 4778 pecuniam

2066 4813 2385 4874 appetentes
2429 4820 2457 4858 a
2492 4804 2595 4858 ﬁde
2647 4808 2996 4868 aberrarunt,
3040 4804 3361 4873 sripsosque
3402 4803 3646 4855 inserue-

2064 4904 2192 4949 runt
2216 4895 2497 4951 doloribus
2530 4896 2715 4950 multis
2750 4896 2810 4950 η.
2845 4896 2981 4949 Cum
3014 4911 3143 4963 ergo
3184 4894 3343 4955 nobis
3373 4892 3534 4947 ﬁdem
3566 4907 3650 4945 sa-

2072 4985 2300 5041 lutarem
2334 4986 2506 5050 tnllat,
2552 4987 2863 5055 multasque
2902 4988 3025 5039 vita:
3054 4986 3397 5039 calamitates
3434 4983 3645 5052 pariat;

2071 5076 2346 5144 quomodo
2390 5089 2496 5128 non
2528 5075 2674 5129 onmi
2698 5090 2801 5145 ope
2825 5075 2928 5129 erit
2959 5075 3233 5144 fugienda,
3270 5084 3324 5127 et
3357 5088 3650 5128 exsecran-

2072 5168 2141 5221 da
2186 5167 2235 5220 ei
2282 5167 2374 5234 qui
2406 5167 2540 5221 nolit
2588 5169 2852 5236 cauponis
2890 5182 3040 5220 more
3090 5166 3327 5219 animam
3376 5164 3652 5219 vendere?

2073 5257 2415 5327 Quapropter
2449 5258 2495 5314 si
2545 5259 2895 5314 conversatio
2935 5265 3120 5312 nostra
3174 5258 3226 5311 in
3280 5256 3435 5311 cmlis
3468 5265 3573 5321 est,
3605 5257 3652 5310 si

2070 5351 2267 5405 caalum
2298 5351 2623 5422 cogitamus,
2657 5360 2820 5421 atque
2859 5351 2925 5404 ad
2963 5349 3128 5403 vitam
3172 5348 3536 5403 immortalem
3587 5362 3653 5403 ac

2072 5442 2306 5497 salutem
2358 5444 2742 5512 sempiternam
2798 5440 3108 5512 aspiramus
3159 5442 3226 5507 ",
3266 5442 3531 5496 habentes
3571 5442 3653 5493 vi-

2073 5543 2220 5587 ctum
2262 5542 2317 5587 et
2358 5534 2643 5600 amictum,
2688 5534 2773 5589 his
2808 5534 3050 5589 contenti
3079 5533 3254 5588 simus
3284 5533 3348 5585 ".
3386 5530 3478 5587 Sic
3502 5532 3648 5588 enim

2082 5622 2248 5692 probe
2286 5622 2585 5678 instructos
2632 5622 2882 5691 expedite
2921 5622 3152 5677 arduum
3204 5620 3425 5677 virtutis
3452 5620 3653 5677 clivum

3204 5805 3247 5837 "
3279 5805 3299 5860 Ι
3335 5803 3477 5864 Tim.
3498 5822 3571 5875 v1,
3599 5802 3653 5861 8.

3230 5898 3301 5960 18
