4092 6596
431 329 538 392 555

1585 331 1878 392 NlCE'l‘JE
1912 331 2449 393 PAPIILAGONIS'

3585 341 3693 407 556

427 446 644 520 juvabit
674 459 974 517 superare;
1009 446 1152 502 haud
1187 447 1431 519 ignaros,
1473 457 1531 503 ιιι
1575 449 1689 503 ales
1735 448 1884 502 humi
1921 464 1995 501 re-

2114 447 2416 519 πολίτευμα
2457 449 2520 501 ἓν
2556 449 2804 521 οὐρανοῖς
2835 452 3238 525 ἀποτιθέμενοι,
3300 456 3396 510 καί⁵
3430 456 3568 528 πρὸς
3601 461 3691 515 τὸν

433 541 581 596 tibus
605 541 881 610 implicata
911 539 980 594 ad
1008 541 1206 596 cmlum
1233 540 1366 596 eniti
1412 557 1518 594 non
1553 548 1750 609 potest,
1787 540 1859 593 ita
1888 555 2009 609 per-

433 633 561 688 inde
598 634 712 688 fieri
765 633 916 688 nullo
967 634 1128 690 modo
1177 648 1373 703 posse,
1423 642 1482 687 ut
1537 633 1582 687 is
1627 633 1719 702 qui
1761 632 1934 702 copiis
1957 639 2012 686 et

433 729 632 798 apibus
669 729 1009 784 fortunarum
1058 728 1346 783 devinctus
1387 727 1479 791 sit,
1526 727 1774 798 expedite
1815 725 2008 781 callem

432 822 499 877 ad
537 821 735 877 ccelum
763 824 1048 875 ducentem
1101 819 1357 874 decurrat
1391 819 1454 872 ⁸⁸.
1477 819 1617 873 Iram
1657 827 1903 899 veronut
1929 817 2011 871 in-

379 937 388 947 ε
431 914 602 970 sauia:
631 913 866 976 afﬁnem,
918 911 1229 984 ignominia:
1274 921 1580 980 parentem,
1630 910 1866 980 malique
1899 909 2009 963 da:-

431 1006 614 1060 monis
645 1003 1118 1068 sciutillationem,
1150 1004 1317 1059 remis
1343 1003 1590 1071 velisque
1623 1001 1916 1072 fugiamus,
1943 1015 2009 1054 ne

434 1098 540 1152 hoc
613 1096 740 1150 olim
817 1094 1071 1149 incendio
1138 1095 1476 1149 hauriantur.
1535 1093 1638 1148 Sed
1691 1092 2008 1148 aﬂ‘ectemus

430 1189 930 1251 mansuetudinem,
962 1186 1128 1241 animi
1160 1188 1492 1256 mquitatem,
1521 1185 1858 1255 patientiam.
1884 1183 2007 1236 lla-c

427 1283 574 1336 enim
612 1290 743 1336 sunt
795 1297 920 1335 vera
973 1281 1278 1335 clementia:
1319 1279 1449 1335 Jesu
1501 1279 1782 1350 symbola;
1814 1286 1866 1332 et
1894 1278 2006 1332 haec

427 1376 518 1431 ille
554 1391 678 1430 cum
715 1376 1246 1445 supercssrntialitcr
1288 1375 1394 1436 sit,
1429 1374 1542 1428 lucc
1578 1372 1840 1442 praecipit.
1879 1370 2006 1424 0m-

429 1468 520 1522 nia
575 1467 720 1520 enim
761 1467 1152 1536 Pl‘OpClllOtllllll
1195 1465 1398 1520 Christi
1431 1465 1703 1519 dominica
1737 1474 2002 1534 praei-pta

426 1560 711 1614 continent
739 1561 976 1614 lenitatis
997 1569 1051 1613 et
1085 1559 1541 1620 mansuetudinis,
1579 1573 1739 1624 atque
1779 1559 1831 1610 iu
1865 1559 2000 1629 tole-

425 1653 618 1708 randis
663 1652 816 1705 malis
848 1639 1118 1721 patientiae
1148 1654 1514 1717 documenta;
1543 1666 1639 1717 per
1667 1667 1789 1720 qua:
1821 1660 1874 1704 et
1902 1666 2001 1704 ca~

427 1758 522 1816 put
553 1746 798 1800 omnium
849 1745 1110 1797 virtutum
1148 1745 1246 1796 rite
1289 1743 1644 1816 constituitur
1672 1742 2002 1812 acquiritur-

2112 541 2231 594 ἐκεῖ
2256 542 2371 611 βίον
2401 543 2493 596 καὶ
2525 544 2625 614 τὴν
2659 545 2803 617 ζωὴν
2831 547 2930 616 τὴν
2958 547 3174 602 αἰώνιον
3205 553 3688 622 μεταταττόμενοι,

2111 631 2324 703 ἔχοντες
2348 635 2641 706 διατροφὰς
2687 640 2780 690 καὶ
2812 641 3205 711 σκεπάσματα,
3231 643 3465 708 ’τούτοις
3500 647 3691 717 ἀρκώ-

2114 725 2276 796 μεθα.
2308 729 2418 781 Καὶ
2463 729 2569 799 γὰρ
2598 730 2740 784 οὑτω
2774 733 3009 803 κούφους
3061 737 3206 805 ἡμᾶς
3259 739 3356 792 καὶ
3411 739 3692 803 εὐσταλεῖς

2109 819 2217 873 τῶν
2240 822 2451 892 ἀρετῶν
2499 823 2706 877 ἀνιέναι
2743 825 2841 898 τὴν
2872 826 3118 897 κλίμακα
3169 829 3270 895 δεῖ,
3328 831 3556 898 εἰδότας,
3609 832 3691 886 ὃτι

2109 915 2299 990 ὥσπερ
2321 919 2605 989 ἀμήχανον
2631 920 2781 991 ὄρνιν
2809 924 2902 976 ἐπὶ
2928 925 3030 994 γῆς
3062 925 3354 998 δεδεμένην
3383 928 3690 999 ἀναπτῆναι

2111 1009 2246 1079 πρὸς
2293 1011 2542 1082 οὐρανὸν,
2598 1011 2771 1077 οὑτως
2799 1016 3112 1071 ἀνένδεκτον
3149 1013 3289 1072 εἶναι
3337 1021 3429 1073 τδν
3477 1023 3687 1092 γηῖνοις

2110 1106 2352 1172 κτήμασι
2382 1106 2476 1158 καὶ
2503 1107 2787 1177 χρήμασιν
2836 1110 2894 1162 ὲν
2938 1112 3284 1183 προσπαθεία
3327 1113 3688 1185 καταδεδεμέ-

2109 1211 2218 1255 νον,
2257 1192 2356 1264 τὴν
2405 1196 2538 1265 πρὸς
2567 1196 2698 1252 Θεὸν
2745 1199 2985 1267 ὑψοῦσαν
3033 1203 3338 1268 εὑθυϐὁλως
3370 1201 3526 1275 οἷμον
3555 1207 3685 1277 δραο

2111 1289 2252 1356 μεῖν.
2299 1288 2495 1358 Ὀργὴν
2526 1290 2614 1352 δὲ,
2674 1291 2748 1355 ὡς
2780 1293 3089 1358 ἐκστάσεως
3140 1295 3305 1352 οὖσαν
3345 1301 3684 1370 παράφυσιν,

2105 1378 2180 1440 ὡς
2202 1380 2588 1450 ἀσχημοσύνης
2622 1385 2854 1455 μητέρα,
2881 1387 2975 1440 καὶ
2995 1387 3070 1451 ὡς
3098 1387 3193 1441 τοῦ
3221 1389 3457 1459 πονηροῦ
3480 1392 3686 1460 τυγχά-

2105 1488 2301 1524 νουσαν
2359 1473 2590 1544 ἔξαλμα,
2615 1479 2759 1548 φυγῇ
2796 1478 3081 1548 φύγωμεν,
3135 1483 3347 1552 μήποτε
3385 1486 3450 1554 τῇ
3482 1485 3688 1553 ταύτης

2104 1569 2535 1640 ὲξαναλωθῶμεν
2593 1572 2773 1641 φλογί.
2832 1574 3218 1647 ’Λναλάὸωμεν
3270 1578 3325 1631 δὲ
3373 1579 3686 1648 πραΰτητα,

2105 1663 2433 1725 ἐπιείκειαν,
2459 1665 2868 1736 μακροθυμίαν.
2897 1666 3081 1720 Ταῦτα
3110 1671 3219 1739 γὰρ
3252 1669 3348 1739 τῆς
3377 1670 3471 1722 τοῦ
3511 1669 3686 1743 Ἰησοῦ

2104 1757 2464 1827 γνωρίσματα
2509 1757 2943 1830 φιλανθρωπίας,
2998 1760 3299 1815 καὶταῦτα
3345 1762 3687 1832 ὑπερουσίως

424 1855 532 1908 quc
562 1839 822 1892 Charitas.
854 1835 1143 1890 Mmrorem
1185 1845 1364 1889 autem
1403 1844 1455 1889 et
1481 1836 1720 1888 acediam
1766 1835 1995 1889 deteste-

2101 1824 2329 1910 ἐκεῖνος
2347 1847 2445 1911 ὢν,
2474 1824 2650 1904 ταῦτα
2685 1824 2991 1920 νομοθετεῖ.
3019 1851 3214 1922 Σχεδὸν
3245 1853 3352 1923 γὰρ
3382 1824 3686 1907 αἶ’ὲντολαὶ

425 1945 570 1991 mur,
607 1941 664 1980 ut
701 1943 822 1996 qua:
849 1929 988 1980 viam
1023 1927 1249 1996 paliuris
1289 1927 1581 1997 obsepiant
1609 1927 1996 1998 claudantque.

424 2019 762 2089 Ahjiciamus
807 2034 1100 2074 man-orem
1135 2019 1227 2088 qui
1273 2018 1330 2071 lit
1367 2030 1584 2088 propter
1611 2033 1797 2074 rerum
1829 2018 1999 2073 lliixa-

424 2129 544 2168 rum
581 2128 687 2167 non
725 2112 1113 2182 acquisitarum
1144 2111 1440 2175 defer-tum,
1483 2111 1576 2181 qui
1609 2111 1802 2180 premit
1844 2127 1999 2166 men-

422 2214 556 2266 tem,
587 2212 642 2257 et
689 2203 795 2256 urit
825 2202 1091 2268 animum,
1133 2201 1378 2268 adeoiwe
1431 2202 1645 2256 ilivexat
1699 2211 1750 2255 et
1788 2201 1996 2274 afﬂigit,

421 2303 484 2350 ut
516 2311 623 2350 non
672 2295 843 2365 possit
896 2297 946 2348 iu
979 2293 1178 2350 εἰιιοιϊί
1214 2293 1396 2363 gaudii
1430 2293 1740 2363 largitorem
1776 2295 1996 2360 intueri,

421 2387 490 2442 ad
526 2388 816 2457 ipsumque
843 2387 896 2441 in
929 2385 1168 2457 Spiritus
1191 2387 1366 2441 sancti
1402 2387 1597 2455 gaudio
1627 2387 1864 2442 evolare.
1890 2388 1997 2443 Ab-

423 2477 685 2547 jiciamus
715 2477 960 2540 taedium,
993 2475 1139 2530 \elut
1170 2477 1319 2546 pravi
1344 2479 1593 2532 mteroris
1622 2477 1811 2545 fetum,
1840 2478 1997 2548 igua.

421 2568 525 2621 via:
581 2577 887 2637 parentem,
923 2577 978 2622 et
1037 2570 1248 2622 socium
1281 2568 1702 2638 desperationis,
1731 2570 1994 2635 solutum,

420 2660 738 2722 remissum,
777 2669 940 2730 atque
993 2660 1062 2715 ad
1108 2661 1293 2715 omnia
1347 2663 1529 2717 divina
1571 2674 1835 2734 praeepta
1866 2680 1996 2735 ope-

419 2765 592 2820 raque
628 2750 767 2804 bona
804 2751 984 2804 minus
1028 2751 1303 2806 idoneum.
1335 2750 1447 2808 lmo
1481 2767 1610 2808 vero
1640 2753 1784 2808 illam
1821 2755 1996 2825 poeni-

419 2841 610 2897 tentia:
640 2850 869 2895 matrem
905 2857 1026 2910 qua:
1058 2843 1166 2898 Deo
1206 2844 1404 2913 placet,
1465 2845 1746 2900 tristitiam
1799 2847 1997 2902 indua-

420 2949 588 2997 mus,
647 2937 861 3004 plenam
910 2937 1370 3005 rompuuctionis,
1428 2938 1746 3010 caelestique
1797 2941 1996 3011 gaudio

418 3014 738 3082 ilelibutam.
767 3027 1061 3083 lnduamus
1091 3030 1444 3094 alacritatem,
1470 3031 1829 3102 diligentiam,
1875 3049 1994 3088 om-

419 3135 657 3191 nemque
695 3121 901 3176 cultum
937 3122 1181 3178 virtutis.
1229 3122 1415 3178 Simus
1449 3125 1644 3194 spiritu
1702 3123 1991 3192 ferventes,

421 3212 654 3269 Domino
685 3215 988 3270 servientes
1026 3214 1092 3281 ",
1121 3229 1217 3284 spe
1245 3216 1564 3284 gaudentes,
1596 3216 1650 3271 in
1683 3217 1994 3273 tribulatio-

421 3323 493 3363 ne
523 3307 815 3377 patientes,
844 3309 898 3362 in
937 3308 1188 3362 oratione
1230 3318 1676 3378 perseverantes;
1723 3322 1781 3364 ut
1811 3311 1994 3381 possi-

419 3416 546 3454 mus
570 3415 766 3454 vanain
786 3410 1196 3455 etexsecratam
1230 3402 1477 3471 gloriam,
1503 3412 1666 3473 atque
1689 3404 1789 3458 hac
1821 3406 1993 3459 multo

417 3492 743 3546 deteriorem
775 3508 840 3547 ac
889 3505 1055 3560 caput
1101 3494 1363 3548 scelerum
1401 3496 1737 3563 superbiam,
1787 3496 1994 3565 princi-

417 3583 573 3652 pales
598 3583 796 3637 diaboli
830 3585 971 3638 tilias
999 3585 1053 3637 in
1082 3583 1304 3639 Christo
1339 3584 1468 3640 Jesu
1505 3602 1768 3656 superare
1803 3606 1816 3640 :
1859 3592 1988 3642 dum

415 3690 514 3745 per
529 3690 797 3729 summam
812 3675 978 3728 animi
997 3677 1399 3740 demiSsionem,
1429 3689 1702 3734 versutum
1721 3691 1991 3738 veterato-

417 3782 531 3820 t'etn
569 3782 720 3820 vana:
769 3767 944 3824 laudis
974 3767 1316 3836 cxplodiutus
1365 3777 1420 3822 et
1464 3773 1870 3837 conculcamns,
1909 3775 1991 3828 vi-

416 3858 728 3926 tiorumque
774 3858 1020 3910 ouinium
1075 3859 1314 3928 reginam
1377 3861 1683 3928 superbiam
1718 3863 1770 3915 iu
1805 3864 1906 3917 fide
1935 3875 2020 3926 et_

414 3950 614 4002 virtute
656 3949 745 4002 Dei
787 3949 1186 4018 prosternimus
1247 3949 1609 4019 elidimus-que
1660 3967 1675 4002 :
1712 3962 1875 4021 atque
1913 3954 1990 4010 ita

414 4051 581 4092 tutam
618 4040 870 4094 vitiorum
923 4040 1089 4092 animi
1143 4038 1411 4092 sentinam
1459 4042 1863 4108 exhanrientes,
1895 4060 1992 4114 po-

411 4135 536 4188 sitis
569 4133 826 4187 omnibus
856 4135 1035 4188 noxiis
1066 4131 1349 4187 affectibus
1379 4137 1596 4200 mentis,
1626 4136 1988 4206 integritatem

414 4233 658 4278 sanetam
696 4235 748 4277 et
794 4234 1076 4278 auctorem
1128 4226 1458 4296 integritatis
1508 4226 1677 4282 Deum
1726 4248 1858 4300 pure
1905 4233 1990 4287 iu-

408 4319 664 4372 duemus.
713 4317 914 4386 Sicque
975 4319 1124 4371 omni
1175 4319 1438 4372 virtutum
1495 4333 1689 4377 ornatu
1737 4327 1988 4383 excultos

406 4409 642 4463 dilectus
700 4411 792 4464 Dei
836 4409 1159 4480 Uuigenitus
1207 4426 1310 4465 nos
1355 4412 1543 4483 diliget
1576 4415 1637 4481 η,
1691 4425 1745 4470 et
1786 4422 1853 4474 ad
1888 4438 1987 4477 nos

2103 1940 2276 1992 πᾶσαι
2293 1939 2386 1992 τοῦ
2414 1941 2696 2011 Κυριακοῦ
2723 1943 3014 2012 στόματος,
3042 1944 3350 2015 πραΰτητος
3369 1944 3686 2000 διδασκαλία

2102 2032 2199 2085 καὶ
2227 2031 2584 2096 ἀνεξικακίας
2636 2035 2797 2102 εἰσιν,
2830 2035 2898 2089 δι’
2932 2028 3007 2089 ὧν
3049 2037 3142 2090 καὶ
3173 2039 3207 2108 ἡ
3248 2039 3526 2108 κορυφαία
3573 2039 3684 2092 τῶν

2101 2123 2314 2196 ἀρετῶν
2350 2125 2541 2198 ἀγάπη
2578 2128 2894 2182 συνίσταται
2926 2128 3024 2182 καὶ
3061 2129 3446 2201 κατορθοῦται.
3489 2131 3684 2203 Λύπην

2099 2217 2156 2271 δὲ
2196 2219 2291 2272 καὶ
2349 2218 2582 2288 ἀκηδίαν
2641 2220 3064 2292 ὲκτρεπώμεοα,
3105 2222 3181 2285 ὡς
3235 2223 3470 2294 ὲνμπόδιά
3499 2241 3559 2276 τε
3589 2225 3684 2277 καὶ

2102 2309 2297 2362 σκῶλα·
2329 2310 2688 2376 καθεστώσας
2724 2313 2825 2383 τῆς
2855 2313 3000 2367 ὁδοῦ.
3051 2313 3328 2385 Ῥίψωμεν
3356 2315 3555 2387 λύπην,
3583 2315 3682 2388 τὴν

2099 2405 2167 2458 δι’
2195 2406 2498 2477 ἀποτυχίαν
2530 2406 2560 2476 ἢ
2589 2406 2828 2476 ἔλλειψιν
2860 2406 3062 2478 γεηροῦ
3115 2408 3441 2478 πράγματος
3469 2408 3681 2477 ἐγγινο-

2103 2501 2294 2570 μένην,
2326 2499 2816 2570 καταϐαρύνουσάν
2841 2517 2899 2552 τε
2932 2499 3028 2553 καὶ
3071 2499 3352 2571 πυροῦσαν
3395 2501 3553 2571 ἡμῶν
3581 2501 3680 2570 τὴν

2097 2591 2297 2663 ψυχὴν,
2323 2591 2419 2645 καὶ
2439 2591 2583 2645 οὑτω
2615 2592 2866 2662 σκληρῶς
2893 2591 3247 2646 ἑκθλίδουσαν
3274 2593 3368 2646 καὶ
3391 2591 3679 2655 ὲκπιέζου-

2100 2701 2221 2749 σαν,
2263 2683 2404 2737 ὥστε
2441 2685 2517 2755 μὴ
2545 2683 2806 2738 δύνασθαι
2840 2687 2976 2756 πρὸς
3009 2686 3102 2738 τὸν
3129 2685 3332 2756 δοτῆρα
3359 2684 3458 2755 τῆς
3486 2684 3678 2754 ἀληθι-

2099 2772 2196 2844 νῆς
2231 2774 2474 2828 ἀτενίσαι
2526 2776 2722 2845 χαρᾶς,
2760 2775 2854 2828 καὶ
2885 2776 3021 2847 πρὸς
3070 2775 3233 2829 αὑτὸν
3270 2778 3328 2828 ὲν
3359 2775 3678 2844 ἀγαλλιάσει

2098 2865 2417 2934 Πνεύματος
2468 2866 2630 2934 ἁγίου
2669 2867 2920 2938 δραμεῖν.
2973 2865 3249 2937 Ῥίψωμεν
3304 2867 3534 2938 ἀκηδίαν
3579 2867 3678 2931 τῆς

2099 2956 2282 3027 κακῆς
2315 2957 2491 3029 λύπης
2533 2960 2776 3027 ἔγγονον,
2840 2957 2939 3029 τὴν
2996 2961 3266 3031 ῥᾳθυμίας
3305 2959 3540 3030 μητέρα,
3575 2961 3677 3030 τὴν

2098 3048 2466 3118 ἀπογνώσεως
2492 3051 2676 3120 φίλην,
2711 3052 2810 3122 τὴν
2837 3052 3233 3122 ὲκλελυμέιθιν,
3283 3053 3384 3124 τὴν
3412 3054 3672 3122 πάρετον,

2099 3143 2354 3213 καὶπρὸς
2395 3145 2576 3197 πᾶσαν
2617 3145 2836 3213 ἐντολὴν
2865 3144 3037 3208 θείαν,
3075 3135 3170 3198 καῖ).
3205 3145 3344 3215 πρὸς
3371 3147 3478 3198 πᾶν
3517 3145 3676 3215 ἔργον

2097 3230 2302 3300 ἀγαθὸν
2333 3231 2614 3304 ἀδόκιμον.
2663 3233 3042 3305 Ἐνδυσώμεθα
3078 3233 3135 3287 δὲ
3171 3235 3372 3306 μᾶλλον
3406 3238 3505 3305 τὴν
3534 3234 3677 3289 κατά

2095 3322 2228 3376 Θεὸν
2269 3323 2468 3395 λύπην,
2497 3323 2597 3396 τὴν
2627 3325 2843 3396 μητέρα
2893 3327 2993 3396 τῆς
3022 3326 3333 3397 μετανοίας,
3366 3327 3463 3397 τὴν
3502 3344 3676 3381 κατα-

2095 3414 2302 3481 νύξεως
2337 3415 2636 3486 γέμουσαν,
2677 3415 2777 3486 τὴν
2808 3418 2984 3487 χαρᾶς
3034 3416 3218 3486 πλήρη
3271 3415 3674 3487 πνευματικῆς.

2107 3507 2486 3578 Ἐνδυσὼμεθα
2517 3509 2847 3578 προθυμίαν,
2877 3509 3132 3580 σπουδὴν,
3157 3510 3439 3563 εὐσέϐειαν
3471 3511 3673 3576 πᾶσαν,

2096 3601 2192 3654 καὶ
2222 3601 2445 3671 ἀρετήν.
2496 3601 2610 3654 Kal.
2637 3601 2716 3671 τῷ
2745 3600 3018 3671 πνεύματι
3081 3601 3316 3666 ζέοντες,
3373 3601 3452 3671 τῷ
3483 3601 3673 3672 Κυρίῳ

2093 3691 2459 3756 δουλεύοντες,
2502 3695 2569 3762 τῇ
2601 3693 2776 3746 ἐλπίδι
2807 3693 3112 3765 χαίροντες,
3143 3697 3208 3765 τῇ
3250 3693 3428 3763 θλίψει
3459 3695 3670 3764 ὑπομέ-

2092 3801 2295 3848 νοντες,
2324 3787 2393 3856 τῇ
2427 3787 2702 3856 προσευχῇ
2726 3784 3285 3856 προσκαρτεροῦντες,
3307 3785 3669 3856 δυνηθείημεν

2095 3877 2160 3931 ἂν
2201 3875 2343 3930 οὑτω
2368 3877 2464 3931 καὶ
2505 3879 2605 3947 τῆς
2643 3879 2864 3941 ἀνοσίας
2895 3877 3224 3943 κενοδοξίας,
3275 3879 3370 3932 καὶ
3407 3879 3505 3947 τῆς
3569 3880 3669 3930 ἀν-

2093 3969 2392 4040 οσιωτέρας
2423 3970 2823 4040 ὑπερηφανίας,
2847 3972 2954 4023 τῶν
2980 3971 3295 4040 ἀκροτάτων
3326 3969 3531 4034 παθῶν,
3560 3967 3672 4021 τῶν

2095 4065 2453 4134 πρωτογόνων
2484 4063 2577 4115 τοῦ
2610 4063 2857 4116 διαϐόλου
2883 4063 3200 4133 θυγατέρων
3245 4063 3531 4132 ὑπέρτεροι
3578 4077 3670 4127 γε·

2092 4156 2279 4208 νέσθαι
2309 4158 2364 4208 ὲν
2396 4156 2618 4226 Χριστῷ
2654 4155 2830 4225 Ἰησοῦ
2854 4173 2869 4188 ⁸
2908 4155 3003 4208 καὶ
3029 4154 3096 4207 δι’
3125 4155 3297 4221 ἄκρας
3345 4158 3446 4224 μὲν
3475 4169 3669 4204 ταπει-

2091 4249 2310 4309 νώσεως
2339 4250 2430 4302 τὸν
2472 4247 2813 4302 πολύπλοκον
2848 4249 3076 4318 δαίμονα
3107 4247 3205 4316 τῆς
3238 4244 3542 4309 κενοδοξίας
3571 4246 3668 4294 ἐκ-

2092 4343 2404 4412 κρινόμενοι
2441 4340 2536 4393 καὶ
2573 4339 3007 4411 συμπατοῦντες,
3039 4340 3130 4392 τὸν
3163 4339 3448 4405 κολοφῶνα
3476 4337 3530 4390 δὲ
3559 4337 3667 4389 τῶν

2093 4435 2278 4488 κακῶν
2307 4435 2405 4504 τὴν
2446 4434 2827 4504 ὑπερηφανίαν
2850 4434 2907 4486 ἐν
2935 4433 3114 4484 πίστει
3145 4433 3238 4485 καὶ
3272 4431 3497 4500 δυνάμει
3528 4429 3666 4481 Θεοῦ

405 4516 532 4555 cum
568 4501 729 4556 Patre
760 4504 962 4568 veniet,
994 4511 1052 4556 ut
1082 4504 1354 4572 promisit,
1387 4514 1438 4559 et
1467 4509 1807 4565 mansionem
1835 4514 1979 4583 apud

2097 4527 2271 4580 τέλεον
2305 4526 2705 4598 ἀνατρέποντες
2745 4529 2840 4580 καί⁵
2889 4527 3316 4596 καταργοῦντες.
3352 4527 3460 4578 Καὶ
3491 4522 3666 4584 οὑτως

402 4609 502 4650 nos
536 4596 716 4650 faciet.

2087 4619 2206 4672 ὅλον
2238 4621 2297 4672 τδ
2331 4620 2534 4689 σμῆνος
2566 4619 2675 4671 τῶν
2711 4619 2962 4690 πονηρῶν
2992 4622 3089 4690 τῆς
3117 4621 3292 4690 ψυχῆς
3314 4619 3664 4686 ἀναιροῦντες

404 4690 616 4786 παθῶν,
668 4690 767 4757 τὴν
807 4687 963 4786 ἱερὰν
1005 4690 1292 4756 ἀπάθειαν,
1323 4695 1415 4748 καὶ
1445 4695 1535 4749 τὸν
1569 4697 1669 4769 τῆς
1715 4701 1985 4774 ἀπαθείας
2022 4711 2154 4765 Θεὸν
2189 4687 2448 4784 καθαρῶς
2517 4687 2942 4784 ὲπενδυσόμεθα.
3000 4687 3330 4778 Κάὶὴοὺτως
3382 4718 3530 4786 ἡμᾶς
3576 4715 3666 4770 διὰ

403 4784 587 4881 πάςης
625 4784 1094 4881 κατηρτισμέὲνους
1120 4789 1316 4858 ἀρετῆς
1347 4791 1376 4842 ὁ
1407 4793 1714 4870 Μονογενὴς
1742 4802 2025 4874 ἀγαπητὸς
2096 4812 2190 4862 καὶ
2235 4809 2874 4880 ἠγαπηκὼς-ἐλεύσεται
2945 4812 3080 4880 μετὰ
3147 4810 3240 4868 τοῦ
3305 4784 3536 4881 Πατρδς,
3586 4814 3662 4878 ὡς

404 4878 690 4948 ὑπέσχετο,
725 4880 818 4932 καὶ
856 4879 1024 4948 μονὴν
1067 4881 1279 4950 ποιήσει
1311 4887 1440 4955 παρ’
1471 4889 1623 4956 ἡμῖν.

472 4972 860 5042 Hujuseemodi
921 4975 1141 5029 monitis
1190 4975 1412 5032 divinus
1469 4992 1655 5036 uoster
1702 4985 1972 5055 lgnatius,

402 5065 781 5136 hujuscemodi
813 5069 1100 5137 praeceptis
1141 5077 1193 5122 et
1225 5069 1569 5128 documentis
1601 5079 1854 5132 utebatur
1885 5097 1898 5133 :
1924 5091 1980 5136 et

400 5159 693 5228 svparatim
749 5160 969 5230 quidem
1014 5162 1298 5232 religiosos
1346 5173 1401 5218 et
1457 5176 1698 5223 semotas
1730 5186 1758 5224 a
1800 5175 1976 5230 turbis

399 5251 570 5318 viros,
605 5262 665 5306 ut
695 5253 900 5307 actioni
925 5255 1099 5324 magis
1125 5255 1360 5324 deditos,
1385 5260 1731 5315 sermonibus
1765 5267 1976 5321 actione

401 5341 636 5396 firmatis
667 5343 962 5410 alliciebat,
988 5361 1343 5418 amoremque
1370 5351 1640 5420 religiosa:
1673 5354 1975 5425 disciplina:

398 5432 455 5488 in
488 5434 595 5489 illis
625 5433 968 5491 incendebat.
1011 5437 1271 5494 Seorsum
1301 5441 1465 5495 etiam
1515 5443 1775 5500 divitibus
1833 5464 1972 5517 prte-

397 5535 551 5594 cepta
578 5524 792 5581 vivendi
827 5528 1010 5592 dabat,
1061 5547 1128 5585 ne
1164 5533 1452 5601 magnifice
1481 5544 1534 5588 et
1562 5538 1796 5606 superbe
1846 5555 1974 5594 sen-

397 5616 586 5685 tirent,
621 5634 799 5690 neque
831 5621 994 5678 ﬂuxis
1029 5624 1193 5681 rebus
1222 5635 1274 5681 et
1305 5627 1530 5684 incertis
1564 5627 1796 5686 fortunis
1844 5631 1976 5688 fide-

467 5796 508 5826 “
534 5794 748 5854 Coloss.
781 5817 858 5867 ιιι,
889 5803 940 5867 1,
980 5801 1035 5856 2.
1115 5805 1154 5836 ¹⁷
1185 5802 1349 5860 Rom.
1379 5822 1478 5872 xu,
1508 5807 1595 5862 ll.

2151 4993 2447 5058 Τοιαύταις
2498 4995 2588 5049 ἀεὶ
2644 4995 3047 5068 παραγγελίαις
3101 4996 3162 5072 δ’,
3194 4993 3338 5057 θεῖος
3379 4994 3654 5062 Ἰγνάτιος.

2076 5086 2356 5150 τοιαύταις
2393 5087 2700 5153 νουθεσίαις
2745 5089 2838 5142 καὶ
2871 5074 3246 5150 διδασκαλίαις
3296 5085 3654 5156 κεχρημένος,

2077 5181 2173 5232 καὶ
2222 5181 2328 5252 ίδίᾳ
2362 5181 2459 5250 μὲν
2508 5184 2633 5246 τοὺς
2679 5183 3004 5253 μοναχικοὺς
3065 5183 3159 5235 καὶ
3196 5182 3529 5252 ὲρημικοὺς,
3579 5179 3656 5242 ὡς

2074 5271 2559 5342 πρακτικωτέρους
2586 5276 2702 5338 ταῖς
2734 5275 2758 5325 ὲ
2768 5273 3077 5345 μπράκτοις
3105 5271 3346 5342 ὁμιλίαις
3393 5271 3654 5341 ψυχαγω-

2076 5359 2210 5427 γῶν,
2244 5361 2446 5416 καὶτὸν
2477 5363 2642 5416 πόθον
2668 5365 2854 5428 αὑτοῖς
2884 5364 2984 5434 τῆς
3017 5365 3305 5434 ἀσκήσεως
3333 5362 3642 5427 ἐπιτείνων,

2080 5451 2186 5521 ἰδίᾳ
2214 5451 2270 5504 δὲ
2305 5456 2416 5516 τοῖς
2471 5455 2741 5519 πλουσίοις
2773 5455 3168 5527 παραγγέλλων
3217 5455 3290 5525 μὴ
3343 5453 3654 5523 ὑψηλοφρο-

2076 5547 2210 5608 νεῖν,
2245 5547 2366 5618 μηδ⁹
2399 5547 2486 5599 ἐπ’
2516 5549 2806 5620 ἀδηλότητι
2860 5549 3094 5603 πλούτου
3134 5548 3454 5601 πεποιθέναι
3482 5564 3496 5578 ο
3537 5551 3651 5607 τοῖς

2076 5637 2301 5708 ἄρχουσι
2335 5641 2410 5712 μὴ
2468 5642 2815 5711 φυσιοῦσθαι,
2869 5643 3003 5716 μηδὲ
3063 5642 3492 5714 κατεπαίρεσθαι
3542 5642 3650 5695 τῶν

1676 5808 1717 5840 ⁸⁸
1745 5808 1899 5864 Joan.
1941 5826 2049 5880 xw,
2081 5813 2170 5869 “ll.
