4092 6584
449 425 549 487 557

1423 421 1595 480 rm
1637 421 1698 480 s.
1739 419 2036 481 IGNATII
2074 420 2184 482 ce.
2226 385 2568 480 Ananiae.

3617 418 3718 482 558

451 539 702 608 πενήτων
763 533 1066 604 παραινῶν·
1117 532 1221 605 ἰδίᾳ
1285 532 1341 585 δὲ
1396 533 1558 585 πάλιν
1619 535 1780 602 ίερεῖς
1833 549 1890 583 τε
1948 531 2039 585 καὶ

2151 540 2273 584 rent
2306 545 2319 582 :
2360 529 2718 599 principibus,
2750 544 2813 580 ne
2843 526 2984 581 fastu
3036 537 3336 598 turgerent,
3372 529 3718 586 humiliores-

448 626 726 700 ἀρχιερεῖς
801 627 876 690 ὠς
939 623 1399 698 ίεραρχικώτατος
1452 628 1546 676 καὶ
1616 624 2038 694 γραφικώτατος

448 723 572 783 ταῖς
631 720 946 780 κανονικαῖς
982 717 1366 787 θεσμοθεσίαις
1415 715 1916 786 ἐπανορθούμενος⁹
1944 717 2038 768 καὶ

456 810 616 873 πᾶσι,
650 808 885 871 συνόλως
910 809 1107 870 εἰπεῖν,
1130 807 1197 860 δι’
1223 800 1296 859 ὧν
1318 807 1490 859 ἐποίει
1524 806 1618 859 καὶ
1644 805 1911 868 ἐδίδασκε,
1945 805 2036 858 τὸν

448 903 549 956 τοῦ
586 900 722 954 Θεοῦ
752 901 916 970 νόμον
954 899 1052 952 καὶ⁹
1105 898 1204 970 τὴν
1243 898 1464 968 ἐντολὴν
1519 897 1924 967 ὑποτιθέμενος,
1957 899 2036 960 είς

449 995 679 1066 λιπαρὸν
731 993 833 1064 ήδη
873 992 968 1044 καὶ
1011 993 1132 1045 πῖον
1163 990 1417 1062 ἐληλάκει
1442 991 1644 1061 γῆρας,
1683 989 1948 1063 ἐπεθύμει
1980 990 2039 1042 δὲ

447 1089 548 1157 τὴν
579 1086 862 1148 ἀνάλυσιν,
893 1085 986 1138 καὶ
1010 1085 1119 1136 τῶν
1148 1084 1376 1155 χρονίων
1401 1084 1585 1136 κόπων
1620 1084 1713 1135 καὶ
1746 1084 1915 1136 νόσων
1941 1083 2037 1136 καὶ

451 1179 681 1248 θλίψεων
710 1176 895 1231 ἐπόθει
957 1177 1054 1247 τήν
1107 1177 1450 1245 ἀπαλλαγήν.
1511 1175 1621 1227 Καὶ
1692 1175 1874 1244 μέντοι
1940 1174 2037 1227 καὶ

449 1270 714 1338 τυγχάνει
755 1270 980 1337 ταύτης,
1036 1267 1129 1319 καὶ
1181 1266 1266 1317 ἐπ’
1307 1265 1539 1332 ἀγαθαῖς
1569 1262 1707 1330 ἄγαν
1737 1261 1914 1316 ἐλπίσι
1943 1260 2035 1315 τοῦ

454 1361 744 1430 μέλλοντος
777 1358 1096 1411 ἀποτίθεται
1129 1357 1227 1428 τὴν
1262 1356 1548 1428 παροῦσαν
1579 1354 1746 1425 ζωήν.
1790 1355 2036 1421 Ἐξίστα-

450 1470 541 1505 ται
571 1450 817 1520 θορύϐων
847 1450 942 1503 καὶ
972 1450 1240 1520 ταραχῆς,
1273 1452 1365 1502 καὶ
1390 1449 1608 1518 φθόνου,
1645 1447 1837 1517 μίσους
1858 1462 1918 1499 τε
1943 1446 2036 1498 καὶ

450 1542 768 1610 ἀντιλογίας
793 1540 904 1594 τῶν
962 1541 1178 1593 ἀτόπων
1228 1537 1532 1608 ἀνθρώπων
1565 1537 1662 1591 καὶ
1709 1535 2034 1608 μοχθηρῶν*

450 1636 511 1688 ὲν
543 1635 738 1706 εἰρήνῃ
767 1632 824 1686 δὲ
854 1634 945 1686 ἐπὶ
966 1631 1027 1685 τὸ
1061 1633 1193 1685 αὐτὸ
1239 1631 1511 1703 ἐκοιμήθη
1539 1631 1634 1683 καὶ
1659 1619 1908 1684 ὕπνωσε·
1941 1629 2038 1682 καὶ

448 1728 530 1788 είς
555 1728 744 1796 χεῖρας
774 1725 978 1796 Κυρίου
1005 1724 1067 1777 τὺ
1114 1722 1334 1794 πνεῦμα
1375 1722 1779 1795 παραθέμενος,
1814 1719 2037 1792 προστί-

450 1822 602 1873 θεται
625 1821 738 1883 τοῖς
785 1820 953 1883 ὁσίοις
1013 1821 1040 1874 ὀ
1077 1821 1243 1884 ὅσιος,
1278 1822 1390 1883 τοῖς
1450 1820 1739 1891 ἱεράρχαις
1789 1820 1818 1872 ὁ
1863 1819 2036 1890 μέγας

2142 638 2247 692 que
2291 637 2399 692 pra:
2432 636 2489 675 se
2519 630 2791 689 contemtu
2807 634 2943 676 rent.
2976 622 3444 692 Sigillatimetiam
3465 629 3722 678 sacerdo-

2143 723 2224 768 tes
2273 723 2325 767 et
2361 713 2636 766 antistites
2665 712 2778 780 ipse
2829 712 3099 768 maximus
3146 714 3371 768 antistes
3409 713 3716 769 divinarem

2140 817 2194 862 et
2217 796 2714 862 ecclesiasticarum
2741 806 3141 861 institutionum
3169 807 3479 877 cognitione
3507 810 3691 863 erudit:
3709 839 3722 850 ι

2142 902 2254 955 bat.
2295 901 2535 970 Denique
2563 916 2658 970 per
2682 900 2732 955 id
2769 916 2930 956 omne
2969 901 3114 971 quod
3165 902 3360 971 agebat
3391 902 3717 963 ctdocehat.

2139 997 2418 1051 coalestem
2453 998 2622 1066 legem
2662 1011 2726 1051 ac
2754 1004 3023 1064 praecopta
3079 995 3437 1065 proponebat.
3472 994 3721 1065 Cttlnquc

2133 1087 2246 1157 jam
2278 1088 2344 1142 ad
2373 1097 2672 1141 extremam
2703 1088 3059 1157 ultimamque
3083 1097 3327 1158 vergeret
3357 1095 3718 1152 senectutem,

2140 1180 2362 1249 optabat
2386 1179 2544 1244 solvi,
2581 1180 2986 1248 multorumque
3007 1179 3255 1233 laborum
3283 1194 3347 1234 ac
3378 1178 3720 1243 morborum,

2140 1281 2300 1340 atque
2327 1269 2460 1324 adeo
2487 1277 2944 1322 totwrumnarum
2988 1267 3145 1322 finem
3173 1267 3719 1338 exspectabat,quem

2141 1362 2360 1417 tandem
2381 1363 2548 1416 etiam
2577 1368 2659 1414 est
2689 1369 3039 1415 consecutus.
3065 1359 3198 1414 Nam
3227 1375 3322 1430 spe
3351 1367 3499 1415 certa
3525 1360 3722 1414 futurae

2140 1454 2541 1526 consequenda:
2581 1461 2903 1522 praesentem
2935 1452 3101 1506 vitam
3165 1453 3341 1522 ponit,
3402 1454 3718 1506 turbarum-

2140 1565 2245 1619 que
2277 1555 2460 1602 motus
2514 1557 2680 1616 atque
2716 1547 2952 1604 invidiae.
2987 1545 3209 1615 odiique
3253 1555 3306 1599 et
3339 1545 3722 1600 insectationis

2141 1641 2443 1696 infelicium
2499 1650 2553 1694 et
2600 1639 2894 1709 impiorum
2937 1637 3153 1704 eradit;
3203 1647 3368 1708 atque
3416 1638 3468 1691 in
3503 1653 3633 1707 pace
3669 1638 3723 1692 in

2144 1734 2380 1804 idipsnm
2413 1733 2618 1787 dormit
2645 1741 2699 1786 et
2724 1731 3037 1801 requiescit,
3065 1729 3502 1801 spiritumquein
3527 1745 3724 1784 manus

2139 1826 2351 1883 Domini
2411 1825 2788 1890 commendat;
2831 1833 2993 1892 atque
3050 1823 3341 1892 apponitur
3389 1821 3456 1876 ad
3505 1832 3726 1877 sanctos

455 1913 737 1984 ἱεράρχης,
761 1913 873 1974 τοῖς
904 1911 1260 1993 όμολογηταῖς
1292 1912 1320 1964 ὁ
1347 1911 1706 1983 ὀμολογητὴς,
1736 1911 1831 1964 καὶ
1862 1911 2027 1982 μεγά-

2151 1926 2380 1978 ianctus,
2415 1918 2479 1970 ad
2500 1915 2810 1969 hierarchas
2829 1901 3057 1984 magnus
3078 1913 3384 1976 hicrareha,
3415 1915 3481 1968 ad
3508 1911 3727 1967 confes—

451 2003 563 2067 λοις
594 2005 870 2077 Πατράσιν
894 2006 921 2058 ό
950 2005 1088 2075 ὑπὲρ
1116 2004 1461 2076 δικαιοσύνης
1486 2003 1621 2058 Θεοῦ
1663 2005 1756 2059 καὶ
1781 2003 2038 2074 ἀληθείας

450 2099 666 2162 οὐδενὸς
695 2099 915 2152 ἔλαττον
952 2099 1177 2153 ἐκείνων
1205 2097 1577 2162 κεκοπιακὼς.

531 2278 718 2343 Ἄξιον
745 2278 802 2330 δὲ
845 2277 979 2347 μηδὲ
1027 2278 1118 2330 τὸν
1158 2278 1361 2348 τρόπον
1399 2276 1502 2346 τῆς
1535 2274 1701 2329 αὑτοῦ
1754 2274 2023 2345 παραδρα-

462 2373 586 2441 μεῖν
621 2372 1029 2440 μεταστάσεως.
1076 2370 1296 2424 Ἐκειτο
1323 2370 1424 2440 μὲν
1449 2368 1517 2422 τὰ
1542 2369 1827 2421 τελευταῖα
1858 2367 2041 2420 πνέων

452 2467 484 2520 ὁ
518 2465 695 2535 ἅγιος,
736 2466 829 2518 καὶ
857 2465 1020 2530 αὐτὸς
1050 2465 1194 2518 κατὰ
1227 2466 1320 2519 τὸν
1368 2463 1542 2535 μέγαν
1572 2464 1778 2516 ἐκεῖνον
1809 2459 1914 2514 ὑπὸ
1941 2459 2043 2530 τῆς

459 2559 574 2613 ἄνω
615 2558 978 2628 χοροστασίας
1008 2556 1442 2629 ἐπιζητούμενος
1463 2572 1477 2586 ·
1508 2556 1604 2609 καὶ
1632 2555 1702 2607 τὰ
1728 2554 1826 2624 τῆς
1855 2553 2042 2622 φωνῆς

456 2649 669 2719 ὄργανα
715 2647 892 2719 τούτῳ
939 2648 1040 2719 ἤδη
1073 2647 1334 2718 παρείθη,
1376 2647 1470 2700 καὶ
1496 2648 1530 2718 ἡ
1570 2644 1774 2714 ζωτικὴ
1815 2642 2044 2714 δύναμις

458 2743 617 2812 ἔσϐη,
655 2741 750 2793 καὶ¹
801 2742 870 2793 τὰ
906 2742 1042 2812 μέλη
1080 2741 1251 2812 νεκρὰ
1283 2741 1482 2803 πάντα,
1516 2739 1610 2792 καὶ
1632 2738 1729 2807 ὅλη
1754 2739 1855 2808 τῆς
1882 2736 2043 2803 ἐκδη-

461 2834 598 2906 μίας
633 2830 703 2905 ἦν
741 2833 971 2905 ἡψυχὴ.
1002 2835 1110 2888 Καὶ
1143 2834 1250 2888 ίδοὺ
1283 2835 1311 2888 ὁ
1346 2833 1628 2904 ὑπηρέτης
1655 2831 1797 2884 κατὰ
1833 2832 1925 2884 τὸν
1949 2830 2046 2898 τῆς

471 2927 794 2998 Ἐκκλησίας
815 2927 1010 2981 τύπον·
1045 2927 1204 2998 μέσαι
1223 2927 1280 2981 δὲ
1304 2926 1496 2990 νύκτες
1519 2922 1659 2998 ἦσαν
1681 2943 1693 2956 ·
1721 2927 1812 2979 καὶ
1837 2925 2048 2996 μεγάλῃ

459 3024 610 3092 φωνῇ
673 3019 755 3085 τὸ,
789 3020 1131 3090 Εύλόγησον,
1160 3022 1427 3087 Δέσποτα,
1471 3020 1610 3090 βοῶν
1645 3020 2044 3090 ἀνακέκραγεν.

461 3113 575 3166 Καὶ
605 3115 632 3166 ὁ
669 3113 939 3186 μακάριος
977 3114 1164 3185 ἠρέμα
1215 3117 1282 3185 τῇ
1318 3114 1466 3185 χειρὶ
1495 3113 1554 3166 τὸ
1586 3114 1763 3182 στόμα
1814 3111 2050 3182 σφραγίο

463 3219 585 3266 σας,
619 3206 714 3257 καὶ
768 3206 838 3258 τὰ
875 3206 1034 3276 τίμια
1073 3205 1226 3276 χείλη
1286 3205 1462 3276 βραχὺ
1517 3202 1827 3274 κεκινηκώς
1850 3220 1864 3234 ⁸
1895 3203 2050 3272 μόλις

462 3298 825 3370 διακουομένῃ
867 3301 980 3377 τοῖς
1017 3298 1245 3368 ἔγγιστα
1294 3297 1640 3368 παρεστῶσιν
1698 3295 1928 3348 ἐπύθετο
1982 3297 2047 3365 τῇ

465 3395 620 3462 φωνῇ
640 3409 654 3423 ·
681 3391 837 3455 Τίνος
860 3391 1014 3460 ἁγίου
1048 3394 1286 3462 σήμερον
1318 3391 1503 3460 μνήμη
1527 3405 1540 3453 ;
1565 3390 1624 3441 υί
1653 3388 1732 3447 δὲ.
1777 3385 2053 3450 Ἰακώϐου,

466 3484 625 3552 φασὶ,
654 3484 749 3538 τοῦ
786 3480 1131 3554 ἀδελφοθέου,
1165 3483 1258 3535 τοῦ
1278 3482 1432 3551 φίλου
1461 3498 1576 3543 σου,
1610 3475 1654 3533 ὧ
1683 3480 1941 3532 δέσποτα.
1991 3479 2049 3532 ’0

464 3577 524 3631 δὲ
572 3577 841 3648 μακάριος
867 3579 1004 3649 πρὸς
1041 3578 1256 3641 αὐτοὺς,
1295 3575 1402 3628 Τοῦ
1429 3575 1687 3628 δεσπότου
1728 3591 1850 3644 μου,
1879 3591 2052 3626 κατα-

467 3669 734 3734 νυκτικῶς
765 3670 867 3742 ἔφη
893 3687 908 3702 ο
962 3669 1147 3723 λοιπὸν
1191 3667 1452 3734 σώζεσθε.
1503 3663 1635 3721 Εἶτα
1663 3657 1850 3735 λέγεθ’
1889 3666 2056 3718 Εὐλο-

468 3760 637 3831 γητὸς
670 3763 697 3813 ὀ
727 3761 860 3824 Θεὸς
886 3761 1050 3831 ἡμῶν
1074 3761 1328 3825 πάντοτε,
1355 3760 1450 3813 νῦν
1479 3760 1573 3812 καὶ
1600 3759 1687 3811 ἀεὶ
1705 3759 1797 3810 καὶ
1831 3759 1907 3817 εἰς
1932 3757 2058 3819 τοὺς

481 3853 687 3917 αἰῶνας
725 3855 834 3907 τῶν
867 3854 1098 3908 αἰώνων.
1149 3856 1340 3925 ’Λμήν.
1394 3855 1504 3907 Καὶ
1541 3853 1658 3923 ἅμα
1688 3856 1756 3924 τῇ
1783 3837 2059 3921 δοξολογίᾳ

473 3945 836 4017 περιαπῆλθε,
875 3949 970 4000 καὶ
1027 3950 1093 4019 τῇ
1146 3947 1470 4018 εὐχαριστίᾳ
1532 3944 1905 4016 συγκατέληξε
1957 3945 2056 4015 τὴν

473 4039 640 4109 ζωήν.
686 4039 862 4105 Εὐθὺς
899 4036 993 4095 οὖν
1045 4039 1334 4109 κηδεύουσι
1375 4041 1474 4110 τὴν
1524 4039 1692 4108 ζωήν,
1726 4037 1801 4100 ὡς
1863 4037 1927 4090 ἄν
1973 4052 2057 4098 τις

471 4134 602 4204 εἴπῃ
647 4133 812 4186 αὐτόν
839 4148 854 4164 ·
884 4131 997 4204 ζωὴ
1021 4133 1150 4202 γὰρ,
1183 4132 1305 4184 ἐπεὶ
1334 4131 1570 4201 μετέστη
1601 4128 1737 4200 πρὸς
1768 4126 1866 4196 τὴν
1886 4125 2054 4195 ζωὴν,

475 4226 572 4278 καὶ
601 4224 739 4290 ἔστι,
778 4225 872 4278 καὶ
899 4225 1090 4292 γέγονε
1111 4243 1124 4255 ·
1161 4225 1255 4277 καὶ
1279 4222 1378 4294 τὴν
1414 4219 1734 4291 ἱεραρχικὴν
1759 4219 1810 4271 οἱ
1843 4219 2054 4282 οἰκεῖἰι,

474 4315 550 4379 ὡς
572 4316 716 4382 ἔθος,
743 4316 1138 4388 ἀμφιεννύντες
1173 4315 1388 4384 στολὴν,
1423 4314 1509 4366 ἐπ’
1541 4313 1678 4381 αύτῇ
1745 4310 1842 4364 καὶ
1891 4309 2056 4362 σεϐα-

476 4406 644 4477 σμίαν
668 4408 816 4479 αὐτῷ
845 4408 1096 4479 ἐπωμίδα
1125 4407 1218 4460 τοῦ
1242 4405 1563 4471 ἁδελφοθέου
1599 4401 1909 4472 σεδασμίως
1935 4402 2056 4452 ὲπι-

477 4499 783 4567 ϐάλλουσιν,
815 4503 882 4573 ἥν
918 4501 1025 4573 πρὸ
1069 4501 1278 4572 χρόνων
1332 4499 1494 4552 τινῶν
1550 4498 1608 4563 ἐξ
1665 4495 2054 4568 Ἰεροσολύμων

2139 2023 2290 2064 sores
2311 2008 2605 2072 tonfessor,
2630 2008 2695 2060 ad
2719 2023 2944 2077 magnos
2967 2007 3152 2061 Patres
3182 2007 3270 2060 ille
3284 2022 3380 2075 pro
3400 2005 3490 2059 Dei
3517 2005 3727 2075 justitia

2139 2113 2194 2157 et
2227 2102 2454 2157 veritate
2492 2117 2598 2154 non
2635 2101 2815 2154 minus
2845 2110 3008 2170 atque
3066 2100 3143 2153 illi
3203 2100 3499 2153 certamine
3529 2098 3727 2169 fatiga-

2145 2204 2252 2250 tus.

2214 2289 2507 2343 Enimvero
2540 2303 2634 2356 par
2668 2296 2771 2352 est,
2805 2296 2862 2340 ut
2889 2303 2999 2356 quo
3033 2296 3191 2356 pacto
3218 2288 3282 2340 de
3330 2286 3565 2341 statione
3605 2286 3728 2338 vitae

2142 2381 2459 2447 decesserit,
2511 2393 2868 2450 exponamus.
2913 2377 3137 2433 Jacebat
3171 2388 3392 2433 sanctus
3421 2388 3724 2433 extremum

2143 2489 2460 2545 aegrumque
2499 2474 2722 2527 trahens
2753 2472 3031 2542 spiritum,
3083 2473 3212 2525 dum
3242 2485 3295 2526 et
3346 2472 3482 2541 ipse.
3515 2482 3572 2526 nt
3601 2488 3721 2525 ma-

2145 2582 2285 2639 gnus
2316 2566 2404 2620 ille
2430 2550 2566 2637 (ll),
2601 2579 2634 2618 α
2683 2563 2892 2619 εωιρειί
2937 2565 3106 2618 choro
3149 2573 3574 2633 exspectaretur.
3605 2561 3728 2616 Jant

2147 2658 2722 2714 vociS'instrumenta
2775 2672 2939 2726 prope
2978 2665 3086 2710 tota
3139 2656 3469 2720 ceciderant,
3517 2655 3730 2710 vitalis-

2147 2767 2256 2822 que
2317 2765 2451 2804 aura
2510 2747 2805 2813 defecerat,
2864 2763 3165 2817 omnesque
3231 2758 3386 2802 artus
3431 2749 3729 2802 exanimati

2147 2855 2342 2907 erant;
2401 2826 2514 2911 ipsa
2571 2841 2804 2910 denique
2843 2840 3025 2894 anima
3067 2841 3284 2894 nonnisi
3338 2839 3728 2909 profectionem

2150 2936 2449 3005 spectabat.
2474 2933 2609 2989 Cum
2640 2949 2765 2986 ecce
2792 2933 2890 2986 tibi
2922 2933 3169 2987 minister
3193 2948 3292 3002 pro
3337 2936 3441 2985 ritu
3475 2933 3732 2986 Ecclesia:

2151 3045 2366 3083 summa
2427 3035 2584 3081 nocte
2613 3027 2820 3095 ingenti
2873 3041 3004 3080 voce
3050 3024 3180 3079 illud
3234 3025 3523 3079 solemne:
3569 3024 3729 3089 ane,

2153 3122 2393 3186 domine,
2422 3121 2761 3181 benedicere,
2783 3121 3057 3173 intonatet
3081 3120 3382 3187 pr0elamat
3415 3135 3430 3172 :
3459 3127 3507 3171 et
3541 3118 3730 3172 beatus

2157 3217 2359 3270 Sensim
2398 3232 2561 3269 manu
2597 3231 2690 3268 ora
2741 3214 2984 3282 signans,
3051 3213 3375 3280 modiceque
3423 3213 3730 3265 veneranda

2159 3307 2301 3360 labia
2371 3315 2607 3368 mot:.ns,
2641 3318 2773 3357 voce
2805 3302 3187 3364 intermortua,
3231 3314 3392 3368 quam
3446 3313 3607 3367 aegre,
3639 3297 3732 3366 qni

2156 3398 2391 3469 proximi
2425 3397 2661 3459 stabant,
2690 3393 3081 3465 percipiebant,
3119 3391 3336 3461 qtuerit,
3364 3389 3520 3457 cuius
3551 3404 3614 3444 ea
3646 3391 3735 3442 die

2158 3490 2420 3544 memoria
2457 3488 2630 3543 sancti
2689 3485 3013 3541 celebretur.
3056 3482 3267 3548 Jacobi,
3315 3482 3590 3552 inquiunt,
3636 3481 3736 3534 (lo-

2157 3584 2324 3649 mine,
2362 3581 2547 3635 fratris
2603 3579 2837 3635 Domini.
2869 3575 3006 3633 Cum
3062 3591 3262 3646 magno
3302 3591 3462 3629 sensu
3517 3575 3735 3644 pietatis

2118 3667 2122 3670 ’
2158 3677 2331 3745 inquit
2361 3695 2374 3730 :
2404 3675 2527 3729 Mei.
2557 3671 2742 3728 Valete
2765 3687 2930 3742 ergo:
2961 3679 3073 3724 tum
3107 3670 3222 3724 ait:
3248 3668 3571 3723 Benedictus
3592 3667 3733 3721 Deus

2158 3779 2343 3824 noster
2396 3769 2543 3822 omni
2602 3776 2868 3835 tempore,
2918 3773 2973 3818 et
3027 3777 3194 3827 nunc,
3229 3771 3282 3816 et
3316 3776 3555 3832 semper,
3588 3772 3640 3815 et
3678 3761 3732 3813 in

2159 3861 2356 3916 secula
2390 3859 2742 3914 saeculorum.
2795 3857 2991 3911 Amen.
3031 3854 3318 3923 Simulque
3351 3870 3472 3908 cum
3533 3855 3735 3924 hymno

2157 3964 2208 4006 et
2235 3952 2531 4022 gratiarum
2563 3949 2777 4003 actione
2819 3948 3062 4002 animam
3105 3947 3296 4010 edidit,
3334 3945 3736 4014 mortalemqne
3793 4006 3795 4008 _

2159 4045 2322 4097 vitam
2384 4042 2622 4110 reliquit.
2667 4040 2860 4094 Statim
2898 4040 3064 4110 igitur
3094 4053 3200 4091 non
3248 4043 3358 4091 tam
3417 4036 3601 4102 funus,
3639 4050 3736 4090 seu

2159 4144 2389 4187 mortem
2414 4133 2586 4196 dicas,
2615 4148 2778 4202 quam
2814 4131 2978 4185 vitam
3041 4138 3236 4184 rurant
3289 4126 3595 4198 (nam'qu‘a
3633 4129 3738 4181 mi-

2161 4224 2338 4290 gravit
2360 4221 2424 4275 ad
2465 4222 2650 4286 vitam,
2682 4230 2866 4284 etest,
2889 4231 2943 4274 et
2979 4221 3156 4275 factus
3177 4230 3262 4275 est
3288 4222 3440 4285 vita),
3475 4220 3738 4289 illumque

2157 4330 2312 4369 sacro
2331 4313 2648 4384 patriarchae
2675 4323 2873 4369 ornatu
2896 4330 2961 4368 ex
2986 4330 3140 4368 more
3164 4313 3450 4367 domestici
3474 4314 3734 4373 vestiunt.

2156 4407 2600 4462 etveuerandnm
2635 4405 2825 4461 Jacobi
2885 4407 3072 4462 fratris
3107 4405 3321 4459 Domini
3375 4406 3738 4474 superhume-

2158 4501 2268 4555 rale
2295 4516 2419 4554 enm
2448 4499 2798 4554 veneratione
2831 4497 2905 4552 illi
2930 4499 3181 4561 induunt,
3216 4496 3359 4566 quod
3381 4504 3505 4548 ante
3529 4495 3577 4548 al
3605 4506 3738 4565 quot

477 4591 877 4646 ἀποσταλεῖσαν
929 4592 1078 4663 αύτῷ
1117 4591 1292 4654 οὕτως
1327 4591 1490 4660 ἐτίμα
1543 4591 1635 4642 καὶ
1697 4586 2047 4650 πανευλαϐὦς

2165 4609 2340 4648 annos
2369 4591 2765 4664 Hierosolymis
2792 4591 2893 4646 sibi
2929 4591 3156 4644 missum
3189 4597 3339 4642 tanta
3387 4589 3740 4641 veneratione

476 4684 723 4751 ἐσέϐετο,
749 4685 822 4749 ὡς
847 4686 1011 4740 αὐτὸν
1027 4687 1237 4738 ἐκεῖνον
1281 4681 1536 4737 Ἰάκωϐον
1568 4681 1658 4735 τὸν
1683 4680 1854 4752 μέγαν
1895 4678 2053 4732 Ἀπό-

481 4777 667 4829 στολον
697 4777 792 4828 καὶ
823 4776 1037 4846 πρῶτον
1069 4775 1329 4845 ἱεράρχην
1353 4776 1410 4826 ὲν
1437 4775 1572 4843 αὐτῇ
1597 4772 1843 4842 καθορῶν
1873 4787 1886 4798 ·
1921 4769 2055 4822 ταύ-

477 4883 582 4936 την
615 4867 761 4938 αύτῷ
784 4869 870 4920 διὰ
895 4868 1053 4921 τοῦτο
1076 4867 1170 4921 καὶ
1202 4867 1537 4936 συνταφῆναι
1569 4864 1910 4929 κατεδέξατο.
1944 4863 2054 4916 Καὶ

482 4961 666 5029 μέντοι
720 4961 860 5012 κατά
888 4961 984 5030 τὴν
1020 4961 1227 5012 ἐκείνου
1257 4961 1477 5030 μνήμην
1510 4975 1524 4988 ν
1563 4959 1738 5012 εἰκάδι
1763 4961 1870 5024 γὰρ
1894 4956 2054 5026 τρίτῃ

493 5051 820 5123 ’(νκτωΰρίου
846 5055 936 5105 καὶ
961 5053 1124 5116 αὐτὸς
1147 5055 1327 5123 ἀπῆρε
1351 5054 1484 5124 πρὸς
1510 5052 1732 5123 Κύριον.
1757 5051 2053 5118 Ἔνδειγμα

478 5143 640 5197 τοῦτο
659 5144 826 5214 σαφὲς
848 5145 946 5214 τῆς
973 5146 1108 5217 πρὸς
1140 5147 1230 5200 τὸν
1253 5146 1478 5215 ἀδελφὸν
1497 5145 1592 5198 τοῦ
1620 5144 1825 5214 Κυρίου
1845 5139 2057 5195 οἰκειώ-

481 5236 617 5300 σεὼς
642 5254 702 5289 τε
729 5237 894 5291 αὑτοῦ
920 5239 1014 5291 καὶ
1065 5245 1467 5308 μεταστάσεως.
1499 5237 1653 5291 Ούτω
1695 5237 1792 5305 μὲν
1821 5231 1912 5288 οὖν
1939 5235 2056 5287 τότε

481 5329 542 5381 τὸ
571 5331 749 5399 τίμιον
773 5332 949 5383 ἐκεῖνο
987 5332 1158 5400 δέμας
1214 5332 1308 5384 καὶ
1345 5331 1487 5398 ἱερὸν
1520 5329 1683 5400 ἱερῶς
1730 5329 1823 5382 καὶ
1855 5328 2053 5397 τιμίως

483 5423 962 5494 ὲνταφιαξόμενον,
981 5425 1350 5495 γλωσσοκόμῳ
1368 5423 1561 5494 ξυλίνῳ
1582 5421 2050 5492 κατακρύπτεται,

482 5513 576 5565 καὶ
631 5514 766 5584 πρὸς
815 5514 896 5588 τῷ
940 5515 1052 5586 ναῷ
1099 5516 1198 5586 τῆς
1226 5515 1318 5567 τοῦ
1375 5513 1508 5566 Θεοῦ
1561 5512 1801 5583 μεγάλης
1856 5511 2055 5578 Σοφίας

483 5606 697 5675 πρῶτον
734 5609 1049 5672 κατατεθὲν,
1080 5611 1176 5679 τῆς
1213 5608 1597 5679 προσηκούσης
1635 5606 1941 5674 δόξολογίας
1993 5622 2052 5657 τε

483 5701 576 5750 καί
601 5703 1022 5771 προσκυνήσεως
1045 5701 1415 5787 καταξιοῦται.

2167 4697 2494 4758 prosccutus
2540 4695 2643 4751 est,
2692 4701 2756 4740 ac
2789 4684 2832 4740 si
2884 4683 3061 4754 ipsum
3101 4681 3366 4738 Jacobum
3407 4679 3738 4752 apostolum,

2166 4788 2221 4833 et
2257 4779 2489 4848 primum
2539 4778 2594 4831 in
2652 4792 2718 4832 eo
2773 4775 3039 4830 humer-ali
3089 4773 3394 4847 potitilirem
3448 4783 3736 4841 spectaret.

2162 4871 2275 4924 Hoc
2311 4880 2597 4939 propterea
2628 4869 2798 4922 voluit
2841 4877 2898 4921 ιιι
2929 4884 3113 4922 secum
3148 4866 3488 4935 sepeliretur.
3526 4865 3586 4917 Et
3610 4882 3633 4917 s
3676 4881 3742 4917 ne

2162 4965 2398 5033 illoipso
2446 4965 2531 5015 die
2583 4962 2858 5014 ineinoria:
2921 4963 3092 5014 sancti
3156 4959 3346 5012 Jacobi
3393 4975 3570 5018 sacro,
3625 4958 3738 5024 ipse

2161 5073 2379 5126 quoque
2411 5055 2649 5124 lgnatins
2685 5071 2746 5105 ex
2782 5055 2882 5106 hac
2916 5054 3023 5106 vita
3050 5053 3136 5105 die
3169 5053 3328 5104 tertia
3361 5067 3528 5118 supra
3587 5050 3736 5102 vice-

2163 5150 2356 5205 simam
2384 5148 2635 5204 Octobris
2662 5149 2726 5201 ad
2756 5146 3040 5200 Dominum
3088 5144 3394 5214 emigravit,
3448 5151 3595 5197 certo
3641 5142 3737 5194 ad-

2169 5238 2392 5292 modum
2432 5236 2638 5290 indicio
2668 5235 3054 5290 familiaritatis
3091 5249 3215 5303 erga
3251 5233 3472 5286 fratrem
3523 5231 3739 5286 Domini

2162 5339 2216 5384 et
2243 5330 2583 5399 migratiouis
2613 5329 2679 5382 ad
2715 5329 2867 5382 illum
2899 5337 3145 5397 accepto.
3185 5328 3361 5395 Atque
3406 5327 3484 5380 sic
3514 5328 3738 5395 quidem

2163 5437 2378 5477 sacrum
2401 5422 2533 5476 illud
2563 5433 2616 5475 et
2637 5421 2942 5475 venerabile
2961 5420 3155 5490 pignus
3183 5428 3370 5474 sancte
3402 5428 3456 5473 et
3484 5419 3739 5488 religiose

2164 5516 2228 5568 ad
2259 5515 2422 5570 funus
2443 5515 2829 5584 eou'ipositum,
2863 5515 3043 5584 ligneo
3071 5513 3411 5581 sarcoiihago
3437 5514 3729 5580 clauditur,

2166 5619 2332 5678 atque
2384 5608 2452 5662 ad
2506 5607 2806 5677 principem
2878 5605 3094 5676 Sophia;
3129 5607 3298 5660 tndem
3362 5606 3729 5676 deportatum,

2161 5699 2436 5770 exsequiis
2475 5711 2527 5755 et
2557 5699 2719 5769 justis
2757 5715 2855 5770 pro
2892 5699 3155 5770 dignitate
3200 5700 3517 5754 honoratur.

560 5875 670 5948 (ll)
697 5877 926 5936 Basilius
958 5881 1187 5946 scilicet,
1220 5881 1285 5936 de
1314 5895 1419 5950 quo
1447 5879 1608 5952 Grcg.
1635 5878 1765 5934 Nar.
1799 5879 2083 5950 sequentia
2108 5879 2272 5935 verba
2308 5877 2534 5948 protulit
2567 5885 2710 5934 orat.
2747 5877 2862 5933 fun.
2894 5878 2947 5934 in
2983 5879 3231 5934 eamdem
3263 5877 3426 5934 Basil.
