4012 6488
327 349 434 413 559
1471 341 1764 404 meum;
1804 341 2334 402 PAPHLAGONIS
3271 290 3277 295 ⁷
3474 340 3583 404 suo

401 459 574 515 Tanta
619 475 745 516 vero
791 460 963 532 pictas
1017 461 1275 533 populum
1334 462 1652 522 inci'ssrrat,
1716 460 1794 511 uti
1848 469 1901 511 et
1934 468 1974 521 Α

330 542 536 618 t'rretri,
568 552 620 607 in
652 570 763 624 quo
792 556 1026 623 jacebat,
1060 555 1360 625 fragmenta
1396 554 1750 622 reliquiarum
1782 550 1904 603 loco

331 647 652 702 distraxerit
680 687 694 712 ,
727 656 781 701 et
815 649 993 702 velum
1026 664 1135 715 quo
1187 656 1360 701 tectus
1412 656 1564 710 erat,
1627 644 1680 698 in
1724 652 1904 715 partes

332 736 477 792 inille
502 738 859 808 discerptum,
904 739 1044 792 sacri
1083 739 1328 808 pignoris
1372 738 1489 790 loco
1525 737 1665 790 inter
1695 736 1812 805 pios
1837 734 1906 789 sit

329 828 587 884 divisum.
632 829 768 883 Cum
800 846 933 899 ergo
964 844 1165 898 empus
1198 844 1339 898 aegre
1370 844 1399 882 e
1431 827 1685 881 manibus
1718 824 1902 895 populi

327 932 475 975 esset
502 932 771 991 ereptum,
812 922 878 975 ad
931 920 1166 974 nobilem
1209 920 1389 989 magni
1446 917 1704 989 martyris
1740 915 1905 970 Mena:

328 1013 499 1068 aedem
536 1013 817 1084 pervenit;
850 1013 1034 1083 ibique
1103 1013 1421 1082 aliquandiu
1454 1012 1779 1081 depositum,
1813 1024 1903 1063 sa-

326 1107 438 1159 cris
479 1119 697 1173 quoque
745 1104 963 1176 hymnis
998 1104 1319 1166 honorifice.
1363 1112 1420 1158 ut
1472 1118 1569 1172 par
1625 1110 1763 1163 erat,
1820 1108 1904 1154 cst

324 1204 631 1265 exceptum.
660 1196 714 1249 ιιι
746 1212 855 1266 quo
886 1196 1004 1251 loco
1031 1196 1172 1251 binae
1216 1196 1431 1250 femina:
1460 1209 1490 1249 a
1545 1193 1703 1248 malis
1741 1207 1907 1248 oecu-

326 1300 466 1359 patze
501 1290 866 1358 daemonibus,
927 1291 1375 1361 horrendumque
1429 1290 1735 1361 exagitatae,
1787 1286 1905 1342 solo

328 1384 529 1438 tumbae
552 1394 835 1447 contactu.
858 1395 1137 1455 spectante
1159 1384 1418 1439 universo
1447 1393 1613 1447 cactu,
1642 1381 1901 1445 liberatze,

326 1477 698 1533 certissimam
730 1480 1022 1533 sanitatem
1052 1486 1182 1533 sunt
1205 1486 1553 1542 consecutae;
1587 1490 1708 1544 qua:
1733 1482 1787 1527 et
1822 1473 1906 1527 in-

325 1583 514 1640 gentes
547 1568 657 1625 Deo
690 1586 885 1642 magna
920 1585 1053 1626 voce
1088 1570 1295 1638 gratias
1324 1569 1725 1639 persolverunt.
1761 1564 1901 1620 Hinc

325 1676 457 1716 vero
508 1677 634 1717 cum
682 1661 985 1718 familiares
1050 1664 1287 1717 nobilem
1350 1662 1497 1716 hunc
1549 1659 1902 1731 reliquiarum

328 1751 649 1805 thesaurum
701 1753 824 1806 navi
868 1752 1281 1822 imposuissent,
1334 1764 1593 1820 mareque
1620 1749 1730 1819 jam
1778 1759 1905 1803 ante

327 1840 679 1895 vehementer
709 1842 1080 1909 intumuisset,
1114 1854 1171 1897 et
1202 1842 1441 1897 violenta
1484 1839 1615 1911 ,Noti
1669 1840 1904 1911 procella

326 1933 529 1988 tluctus
586 1933 919 1990 decumauos
949 1935 1183 1999 tolleret,
1220 1934 1310 2004 qui
1364 1933 1764 2005 navigationem
1803 1934 1906 1988 im-

328 2026 565 2094 pedituri
594 2026 934 2096 viderentur,
976 2028 1139 2083 simul
1166 2044 1230 2084 ac
1253 2043 1409 2083 sacra
1445 2042 1579 2103 arca,
1602 2044 1793 2082 navem
1822 2038 1905 2082 at-
1932 2050 1935 2055 ·

329 2120 404 2190 tig
428 2131 466 2184 t,
502 2120 687 2175 statim
716 2121 916 2176 mirum
951 2121 1084 2192 quid
1116 2131 1201 2177 est
1229 2121 1513 2175 Dominiea
1555 2123 1759 2175 virtute
1821 2121 1903 2176 fa-

325 2222 472 2265 ctum
502 2228 518 2264 :
556 2227 678 2266 nam
711 2227 910 2283 magno
942 2212 1033 2267 illo
1058 2211 1301 2267 antistite
1341 2211 1629 2282 proci-llam
1661 2210 1906 2265 invisibi-

250 2346 255 2352 .
326 2301 450 2355 liter
477 2302 814 2373 increpante,
835 2302 1088 2360 fluctibus
1110 2303 1307 2358 leniter
1330 2301 1673 2368 cadentibus,
1698 2300 1906 2371 placida

328 2409 475 2449 mare
504 2397 749 2452 constitit
774 2412 930 2451 aura.
967 2397 1108 2468 Ergo
1130 2407 1415 2452 curatores
1449 2393 1660 2449 funeris
1686 2408 1907 2450 serena-

327 2498 443 2542 tum
475 2504 626 2545 mare
664 2490 956 2546 Dominum
984 2489 1425 2545 coneelehraudo
1467 2488 1769 2558 trajiciunt,
1825 2496 1909 2541 at-

288 2600 433 2653 que
466 2585 517 2639 iu
549 2586 733 2641 nobile
777 2586 1037 2656 templum
1092 2586 1335 2641 etelestis
1387 2584 1597 2639 militiae
1646 2582 1908 2654 principis

327 2687 495 2747 atque
549 2678 865 2748 archangeli
920 2677 1305 2732 aediﬁcatorem
1344 2676 1490 2731 illius
1536 2674 1803 2746 lgnatium
1855 2683 1909 2729 et

328 2770 595 2826 cultorem
623 2771 938 2841 deportant.
994 2781 1159 2842 atque
1190 2770 1255 2825 ad
1284 2770 1564 2826 dexteram
1604 2766 1737 2822 aedis
1783 2780 1905 2836 par-

329 2871 435 2917 tem
485 2878 680 2936 magna
714 2879 839 2921 cum
872 2866 1225 2920 veneratione
1262 2876 1575 2917 marmoreo
1626 2859 1905 2915 conditum

326 2954 537 3008 tumulo
570 2964 865 3026 reponunt,
892 2938 1206 3011 morborum
1244 2970 1439 3025 nempe
1482 2952 1760 3007 variorum
1794 2966 1909 3005 me-

327 3045 504 3100 dicam
536 3048 693 3117 quasi
724 3048 1018 3113 oﬂiciuam,
1062 3050 1150 3104 ubi
1174 3058 1228 3103 et
1280 3048 1508 3118 spiritus
1559 3045 1744 3101 infesti
1796 3046 1909 3116 pel-

328 3140 541 3204 luntur,
569 3141 859 3211 omnisque
891 3141 1109 3213 generis
1141 3142 1270 3211 a-gri
1304 3143 1399 3213 (ut
1453 3138 1778 3209 compendio
1820 3139 1904 3193 di-

2012 3146 2133 3209 ίατή
2144 3161 2277 3216 ριον,
2297 3142 2395 3197 καὶ
2410 3142 2738 3211 πνευμάτων
2754 3158 2889 3213 πονη
2900 3141 3009 3211 ρῶν
3027 3141 3335 3211 ἐλατήριον,
3353 3139 3448 3193 καὶ
3464 3157 3593 3193 συν·

327 3228 486 3299 cam)
524 3240 635 3285 tum
677 3233 949 3303 corporis,
982 3242 1095 3287 tum
1154 3232 1322 3286 animi
1376 3231 1602 3295 morbis,
1649 3245 1772 3285 cum
1820 3239 1904 3285 tu-

328 3325 477 3378 mulo
516 3326 894 3391 admoventur,
930 3334 1183 3396 p.;tenter
1216 3337 1499 3379 curantur.

405 3418 481 3470 Ita
508 3418 587 3469 vir
609 3416 703 3470 Dei
744 3417 799 3471 iu
842 3419 1001 3471 terris
1027 3416 1215 3470 multis
1244 3415 1507 3469 aerumnis
1536 3412 1901 3477 conﬂictatus,

326 3519 382 3562 et
403 3518 659 3577 tauquam
683 3523 873 3561 aurum
902 3508 954 3561 iu
981 3507 1199 3561 fornace
1220 3507 1499 3577 probatus,
1524 3515 1681 3576 atque
1711 3506 1783 3558 ita
1820 3504 1903 3557 di-

327 3615 467 3669 gnus
498 3598 605 3653 Deo
640 3600 932 3665 exhibitus,
954 3600 1229 3653 cwlestem
1264 3598 1641 3653 beatitudinem
1660 3606 1715 3652 et
1735 3597 1905 3651 hono-

331 3708 445 3746 rem
477 3692 531 3745 in
549 3692 801 3756 excelsis,
832 3709 940 3761 quo
964 3692 1219 3746 fruuntur
1245 3692 1779 3753 sancti,cousecutus
1800 3700 1903 3745 est.

333 3786 510 3839 Stulte
536 3800 665 3839 vero
691 3793 918 3853 egerunt
944 3785 1179 3839 tenebrae
1201 3785 1381 3839 lumen
1414 3792 1704 3853 persecuta:
1727 3824 1741 3848 ,
1761 3782 1906 3853 quod

333 3893 608 3948 nunquam
641 3877 1120 3948 apprehenderunt
1162 3880 1313 3930 :imo
1365 3885 1516 3930 tanto
1551 3876 1722 3946 magis
1764 3856 1909 3944 pro-

333 3974 556 4025 t‘nerunt
592 3969 993 4042 persequendo,
1022 3979 1228 4039 quanto
1263 3968 1437 4038 magis
1468 3969 1599 4022 illud
1653 3983 1682 4020 a
1708 3982 1765 4021 se
1813 3980 1905 4019 ve-

328 4062 447 4116 xari
482 4068 831 4132 putaverunt.
880 4058 1015 4113 Nam
1057 4059 1185 4113 dum
1236 4066 1691 4128 pet'suquet‘ettlur
1722 4054 1905 4109 lumen

333 4154 458 4217 hoc,
489 4164 785 4224 utcaptum
823 4152 1234 4213 conculcarent,
1282 4161 1337 4205 et
1374 4149 1499 4203 inde
1552 4150 1628 4203 illi
1674 4148 1907 4202 insulta-

332 4256 475 4309 rent,
512 4244 687 4298 lucem
715 4242 936 4312 quidem
969 4257 1000 4296 a
1032 4256 1092 4297 se
1122 4254 1287 4311 quam
1321 4239 1641 4308 longissime
1691 4236 1905 4305 repule-

331 4346 480 4401 runt,
504 4335 765 4405 illamque
800 4333 885 4388 vel
933 4334 1183 4388 nolentes
1225 4341 1374 4386 tanto
1413 4330 1637 4401 prOpius
1690 4341 1907 4383 summo

331 4429 477 4483 bono
506 4427 892 4491 admoverunt,
934 4435 1138 4497 quanto
1164 4441 1222 4481 se
1256 4425 1429 4495 magis
1455 4439 1580 4478 cum
1630 4422 1774 4476 malo
1807 4436 1907 4476 ex-

284 4534 291 4541 '
330 4531 509 4575 tremo
538 4521 853 4575 deterrimis
885 4523 1001 4575 suis
1025 4518 1270 4573 consiliis
1301 4517 1721 4587 conjunxerunl.

398 4610 543 4682 Ergo
568 4610 803 4681 Ignatius
852 4611 1051 4665 iterum
1091 4608 1402 4679 patriarcha
1464 4606 1729 4661 decennio
1773 4620 1909 4675 prte-

329 4705 470 4774 fuit;
504 4707 825 4761 trieennium
858 4721 1004 4771 vero,
1038 4703 1312 4775 pauloque
1337 4699 1595 4769 amplius,
1653 4698 1906 4752 universe

327 4813 561 4869 magnus
600 4797 829 4851 antistes
858 4795 1057 4850 Solium
1114 4793 1285 4848 tenuit
1318 4808 1333 4857 ;
1375 4805 1753 4860 annorumque
1809 4804 1905 4843 oe-

328 4890 534 4960 toginta
578 4891 630 4943 in
677 4904 807 4958 pace
853 4890 919 4941 ad
943 4902 1197 4957 maguum
1232 4886 1380 4938 illum
1409 4883 1716 4955 pontificem
1754 4881 1905 4937 Chri-

326 4992 471 5037 stum
511 4991 596 5037 est
626 4981 925 5051 profectus.

394 5075 570 5131 Porro
599 5084 733 5146 quot
764 5089 827 5128 ac
851 5072 1070 5144 quantis
1104 5071 1255 5124 illum
1289 5068 1428 5124 Deus
1463 5068 1632 5139 signis
1656 5082 1722 5122 ac
1773 5082 1902 5136 pro-

325 5169 489 5239 digiis
516 5167 823 5231 celebrarit,
872 5177 919 5219 et
954 5164 1229 5219 celebrare
1256 5176 1469 5231 semper
1523 5162 1575 5214 in
1609 5161 1699 5215 illo
1756 5160 1899 5212 cele-

326 5261 519 5315 bratus
558 5256 819 5313 Dominus
849 5274 957 5310 non
995 5254 1229 5318 desinat,
1295 5269 1402 5307 non
1455 5252 1616 5319 hujus
1667 5250 1901 5306 instituti

325 5353 506 5422 operis
527 5360 633 5416 est,
666 5349 760 5404 sed
804 5350 1044 5403 historiae
1096 5356 1151 5401 et
1210 5345 1341 5415 justi
1378 5342 1671 5399 voluminis
1722 5344 1896 5398 labor.

324 5442 439 5513 Ego
478 5443 546 5495 de
572 5442 756 5495 multis
781 5455 951 5509 pauca
982 5438 1000 5510 (
1032 5453 1154 5491 nam
1189 5436 1400 5505 singula
1437 5435 1687 5505 persequi
1725 5434 1902 5489 inﬁni-

326 5543 441 5586 tum
482 5533 595 5601 sit),
626 5548 747 5604 qua:
781 5542 958 5586 tamen
1008 5532 1099 5586 Dei
1156 5531 1388 5602 grati-im
1447 5538 1502 5583 et
1529 5528 1701 5599 ipsius
1739 5528 1897 5583 fidem

322 5624 668 5681 mediocriter
705 5625 1001 5692 declarent,
1035 5623 1359 5696 compendio
1381 5635 1675 5691 exponam.

392 5805 537 5863 Puer
562 5805 827 5874 octennis,
859 5822 1134 5861 summum
1196 5803 1484 5870 uovenuis,
1526 5803 1716 5858 morbo
1775 5818 1894 5873 per-

1935 4531 1986 4589 ἰ)

2089 457 2244 511 Ἐπεὶ
2271 458 2525 512 τοσοῦτον
2556 457 2609 511 δὲ
2632 458 2690 511 τὸ
2713 458 2793 519 είς
2821 456 2985 510 αὑτὸν
3017 455 3181 519 σέϐας
3207 455 3446 528 ἀνῆπται
3468 460 3583 521 τοῖς

2006 550 2175 613 λαοῖς,
2204 550 2345 603 ὥστε
2379 552 2473 604 καὶ
2505 551 2570 604 τὰ
2617 551 2709 604 ἐπὶ
2761 549 2854 603 τοῦ
2900 550 3229 619 σκίμποδος,
3264 552 3321 604 ἐν
3354 543 3398 619 ᾧ
3450 568 3585 606 κατ-

1996 643 2185 696 ’έκειτο
2206 684 2220 705 ,
2252 642 2422 714 Θράνη
2448 644 2565 697 ἀντὶ
2596 643 2863 712 λειψάνων
2894 643 3250 712 διηρπᾶσθαι,
3279 645 3371 697 καὶ
3397 643 3459 697 τὺ
3498 644 3585 699 ἐπ’

2006 735 2171 789 αὑτοῦ
2195 737 2251 789 δὲ
2283 737 2532 807 κείμενον
2565 737 2771 790 πέπλον
2801 736 3017 807 μυρίοις
3061 736 3587 808 καταδιαιρούμενον

2004 830 2313 899 τμήμασιν,
2348 830 2428 892 είς
2456 829 2732 898 ἀγιασμοῦ
2764 829 2937 899 δῶρον
2972 829 3453 900 καταμεμερίσθαι
3476 832 3589 893 τοῖς

2006 922 2241 981 πιστοῖς·
2294 919 2451 989 μόγις
2478 914 2570 974 οῦν
2598 919 2720 973 τότε
2768 919 2828 973 τὸ
2870 919 3031 991 σῶμα
3070 919 3199 983 τοὺς
3252 918 3589 991 κρατοῦντας

2005 1011 2290 1080 διαφυγὸν,
2321 1011 2416 1065 καὶ
2445 1014 2580 1083 πρδς
2598 1011 2676 1082 τῷ
2713 1012 2936 1082 μεγάλῳ
2968 1010 3079 1083 ναῷ
3105 1011 3200 1066 τοῦ
3220 1012 3590 1084 Μεγαλομάρ-

2007 1120 2167 1173 τυρος
2199 1105 2545 1175 καταντῆσαν
2578 1105 2761 1175 Μηνᾶ,
2797 1106 2914 1158 ἐκεῖ
2946 1104 3011 1176 δὴ
3046 1104 3207 1159 πάλιν
3234 1105 3588 1160 κατατίθεταί

2005 1213 2065 1249 τε
2095 1195 2294 1267 βραχὺ,
2337 1197 2432 1250 καὶ
2458 1199 2556 1268 τῆς
2587 1198 2651 1250 ἐκ
2681 1196 2791 1250 τῶν
2814 1195 3026 1264 ὕμνων,
3059 1196 3135 1260 ὡς
3161 1197 3342 1268 θέμις,
3383 1197 3590 1268 τυγχά-

2006 1305 2086 1341 νει
2123 1287 2446 1352 δεξιώσεως.
2486 1289 2662 1342 Ὅπου
2699 1288 2794 1342 καὶ
2837 1287 2932 1341 δύο
2965 1290 3223 1355 γυναῖκες
3254 1286 3390 1357 ὁμοῦ
3423 1304 3589 1359 πονη-

2008 1383 2122 1452 ροῖς
2153 1380 2465 1449 πνεύμασιν
2514 1379 2861 1451 ὀχλούμεναι.
2893 1380 2988 1433 καὶ
3022 1380 3213 1442 δεινῶς
3242 1380 3586 1450 ἀναϐρασσό-

2011 1491 2191 1545 μεναι,
2247 1474 2323 1537 ὡς
2385 1474 2545 1545 μόνον
2607 1473 2850 1543 ἔψαυσαν
2908 1474 2973 1543 τῇ
3031 1472 3124 1525 τοῦ
3180 1472 3336 1539 άγίου
3404 1470 3587 1543 σορῷ,

2006 1566 2238 1620 ἐνώπιον
2267 1566 2470 1628 παντὸς
2493 1564 2589 1618 τοῦ
2627 1564 2758 1619 λαοῦ
2810 1565 3156 1634 κατέστησαν
3192 1564 3387 1631 ὑγιεῖς,
3424 1564 3591 1616 ἀναν-

2005 1658 2266 1728 τιρῤήτου
2296 1656 2557 1727 τυχοῦσαι
2608 1656 2708 1726 τῆς
2763 1657 2982 1721 ἰάσεως,
3033 1656 3129 1709 καὶ
3169 1655 3379 1726 μεγάλῃ
3433 1659 3586 1726 φωνῇ

2006 1753 2386 1821 δοξολογοῦσαι
2419 1754 2511 1808 τδν
2545 1755 2698 1808 Θεόν.
2742 1753 3024 1807 Ἐντεῦθεν
3054 1754 3161 1807 τῶν
3188 1754 3317 1824 περὶ
3340 1753 3503 1806 αὑτὸν
3530 1752 3588 1802 ἐν

2008 1847 2177 1918 πλοίῳ
2241 1847 2627 1916 καταθεμένων
2678 1846 2769 1899 τὸν
2809 1846 3103 1915 πολύτιμον
3135 1844 3445 1917 θησαυρὸν,
3487 1843 3589 1911 τῆς

2008 1936 2283 2009 Θαλάσσης
2313 1938 2413 2009 μὲν
2442 1940 2564 1992 τότε
2594 1939 3033 2010 κορυφουμένης,
3065 1940 3121 1992 ἐν
3143 1939 3329 2009 ἀνέμῳ
3355 1936 3410 1991 δέ
3430 1937 3590 2006 Νότῳ

2009 2029 2169 2102 βιαίῳ
2209 2032 2315 2083 τῶν
2341 2032 2601 2101 κυμάτων
2637 2034 2713 2095 εἰς
2735 2030 2865 2100 ὕψος
2900 2033 3235 2104 αἰρομένων,
3269 2033 3361 2086 καὶ
3384 2029 3590 2100 ἀπρόσ-

2009 2140 2121 2176 ιτον
2195 2122 2624 2176 ὑποδεικνύντων
2670 2125 2763 2175 τὸν
2818 2123 3005 2188 πλοῦν,
3042 2123 3117 2185 ὡς
3166 2123 3329 2192 μόνον
3386 2125 3419 2193 ή
3468 2123 3589 2176 θεία

2008 2217 2166 2289 σορὸς
2201 2218 2382 2287 ἐκείνη
2431 2216 2730 2286 ἐπιϐέϐηκε
2766 2216 2865 2285 τῆς
2902 2215 3050 2288 νηὸς,
3079 2212 3147 2287 ἦν
3177 2218 3309 2287 δρᾷν
3335 2217 3589 2287 παραυτά

2006 2309 2300 2379 γινομένην
2317 2308 2655 2379 Δεσποτικὴν
2681 2308 3150 2379 θαυματουργίαν.
3179 2308 3455 2379 Ἀοράτως
3479 2309 3591 2377 γὰρ

2008 2404 2112 2457 ὑπὸ
2144 2401 2236 2455 τοῦ
2276 2402 2513 2473 μεγάλου
2553 2401 2851 2475 ἀρχιερέως
2899 2401 3002 2471 τῆς
3064 2402 3373 2471 καταιγίδος
3414 2402 3593 2455 ἐπιτι-

2011 2496 2295 2567 μωμένης,
2353 2496 2541 2549 ἵστατο
2589 2496 2690 2566 μέν
2736 2496 2817 2559 είς
2863 2490 3098 2567 αὖρανή
3160 2494 3423 2557 Θάλασσα,
3480 2493 3591 2548 τῶν

2006 2588 2273 2658 κυμάτων
2319 2589 2378 2642 δὲ
2430 2587 2973 2659 κατασιγαζομένων,
3016 2587 3068 2640 οἱ
3090 2586 3186 2640 τοῦ
3216 2586 3375 2653 ἁγίου
3422 2586 3591 2655 θερα-

2008 2683 2206 2735 πευταὶ
2243 2682 2301 2735 ἐν
2337 2681 2547 2753 γαλήνῃ
2593 2679 3076 2750 διαπεραιούμενοι
3114 2680 3211 2733 καὶ
3252 2678 3589 2744 δοξάζοντες,

2007 2774 2101 2827 καὶ
2133 2772 2270 2843 πρὸς
2309 2773 2386 2844 τῷ
2426 2773 2555 2844 ἱερῷ
2591 2772 2686 2828 καὶ
2718 2771 2987 2843 παγκάλῳ
3015 2770 3108 2825 τοῦ
3146 2771 3590 2843 ἀρχιστρατήγου

2006 2865 2123 2937 νιῷ
2167 2864 2259 2919 τὸν
2295 2864 2619 2919 πιστότατον
2674 2864 2958 2935 οἰκοδόμον
2995 2862 3207 2916 ἐκείνου
3266 2864 3361 2917 καὶ
3397 2862 3591 2933 λάτριν

2007 2958 2334 3028 ἀγαγόντες,
2386 2957 2523 3029 πρὸς
2568 2959 2683 3021 τοῖς
2729 2957 2922 3023 δεξιοῖς
2978 2954 3293 3027 σεϐασμίως
3342 2956 3401 3007 ἐν
3448 2971 3590 3026 μαρ-

2009 3053 2216 3125 μαρίνη
2263 3051 2622 3106 κατατιθέασι
2672 3049 2837 3123 σορῷ,
2899 3049 3071 3103 νόσων
3114 3066 3173 3103 τε
3226 3048 3592 3104 παντοδαπῶν

2006 3237 2191 3308 τόμως
2224 3239 2419 3300 εἰπεῖν,
2452 3235 2725 3291 παντοίων
2754 3233 2945 3288 παθῶν
2980 3233 3160 3306 ψυχῆς
3189 3251 3249 3287 τε
3278 3236 3372 3287 καὶ
3396 3233 3589 3305 σώμα-

2005 3345 2098 3391 τος
2130 3330 2242 3391 τοῖς
2278 3327 2589 3396 ἐγγίζουσιν
2622 3325 2999 3396 ἀλεξητήριον.

2082 3418 2269 3484 υῦτως
2290 3422 2318 3473 ό
2346 3420 2487 3490 ἱερὸς
2511 3418 2605 3472 τοῦ
2634 3415 2770 3470 Θεοῦ
2798 3416 3083 3485 ἄνθρωπος
3114 3413 3203 3468 διά
3235 3411 3445 3468 πολλῶν
3474 3411 3591 3466 θλί-

2008 3513 2155 3584 ψεων
2186 3514 2243 3566 ἐν
2290 3515 2359 3583 γῇ
2409 3510 2749 3583 πειρασθεὶς,
2804 3510 2898 3563 καὶ
2930 3509 3006 3572 ὼς
3045 3508 3248 3580 χρυσὸς
3292 3509 3349 3560 ἐν
3382 3524 3591 3578 χωνευ-

2008 3606 2182 3679 τηρίῳ
2218 3604 2593 3676 δοκιμασθεὶς,
2626 3605 2720 3657 καὶ
2753 3602 2901 3667 ἄξιος
2936 3601 3109 3665 οὕτως
3138 3598 3474 3670 ἀποδειχθεὶς
3491 3598 3588 3651 τοῦ

2007 3699 2168 3764 Θεοῦ,
2207 3698 2310 3769 τῆς
2342 3697 2596 3770 οὐρανίου
2639 3696 3043 3767 μακαριότητος
3082 3693 3181 3748 καὶ
3221 3692 3319 3764 τῆς
3348 3693 3405 3745 ἐν
3444 3691 3588 3763 ὑψη-

2007 3792 2120 3858 λοῖς
2167 3793 2277 3846 τῶν
2326 3792 2497 3861 ἁγίων
2539 3790 2853 3862 κατηξιώθη
2888 3789 3073 3859 τιμῆς.
3140 3785 3489 3857 Ἐματαιὼθη
3526 3785 3587 3837 δέ

2008 3889 2043 3958 ή
2080 3886 2295 3948 σκοτία,
2330 3883 2569 3951 διώξασα
2605 3883 2703 3954 μέν
2728 3882 2790 3935 τὸ
2823 3881 2963 3950 φῶς,
3000 3880 3060 3935 οὐ
3094 3877 3479 3934 καταλαϐοῦσα
3505 3878 3585 3931 δέ.

2009 3979 2263 4050 Τοσούτῳ
2306 3977 2361 4031 δέ
2398 3976 2599 4047 μᾶλλον
2649 3974 3041 4046 εὐηργέτησεν,
3091 3972 3201 4043 ὅσῳ
3231 3969 3587 4041 πλέονλῴήθη

2008 4070 2219 4127 λυπεῖν.
2267 4069 2551 4123 Διώκουσα
2588 4068 2719 4139 γὰρ,
2766 4068 2853 4121 ἵνα
2887 4066 3108 4138 πατήσῃ
3161 4067 3255 4119 καὶ
3303 4081 3589 4118 κατακαυο

2008 4163 2266 4233 χήσηται,
2299 4162 2496 4231 ἑαυτῆς
2529 4160 2627 4231 μὲν
2662 4160 2723 4212 τὸ
2761 4158 3303 4228 φεῦγονέμάκρυνε,
3341 4172 3588 4226 προσεγ-

2009 4256 2160 4323 γίσαι
2196 4254 2254 4307 δέ
2296 4253 2678 4327 παρεσκεύασε
2712 4254 2807 4307 καὶ
2843 4252 2917 4322 μὴ
2949 4250 3248 4321 βουλομένη
3286 4249 3362 4319 τῷ
3395 4248 3589 4318 ἀγαθῷ

2006 4344 2281 4411 τοσοῦτον,
2337 4345 2459 4397 ὅσον
2500 4345 2699 4415 ἑαυτὴν
2740 4343 2818 4413 τῷ
2858 4341 3014 4413 κακῷ
3061 4342 3151 4396 διὰ
3187 4341 3287 4412 τῆς
3336 4342 3589 4411 πολυμη-

2008 4438 2171 4507 χάνου
2203 4436 2566 4509 στραγγαλιᾶς
2590 4434 3069 4508 προσῳκειώσατο.
3226 4422 3231 4425 Δ

2080 4619 2223 4673 Δέκα
2284 4619 2384 4689 μέν
2440 4618 2532 4672 οῦν
2588 4617 2683 4688 ἐτη
2742 4616 2803 4670 τὸ
2841 4616 3123 4687 δεύτερον,
3183 4614 3254 4668 τὰ
3308 4614 3487 4669 πάντα
3528 4612 3587 4665 δὲ

2006 4710 2300 4780 τριάκοντα
2327 4709 2421 4761 καὶ
2452 4707 2647 4779 μικρόν
2676 4724 2728 4759 τι
2759 4706 2915 4776 πρὸς,
2945 4706 2974 4757 ὁ
3005 4706 3179 4775 μέγας
3222 4702 3586 4774 ἀρχιερατεύ-

2009 4818 2105 4863 σας
2155 4800 2436 4869 Ἰγνάτιος,
2478 4797 2836 4868 ὀγδοηκοστὸν
2863 4796 2920 4849 δέ
2954 4797 3056 4867 ήδη
3086 4794 3327 4865 γεγονὼς
3353 4795 3493 4855 ἔτος,
3526 4795 3586 4846 ἐν
3629 4846 3637 4871 υ

2006 4893 2199 4966 εἰρήνῃ
2260 4892 2398 4963 πρὸς
2442 4891 2536 4944 τὸν
2589 4890 2880 4963 Ἀρχιερέα
2934 4889 3025 4944 τὸν
3074 4888 3249 4960 μέγαν
3304 4886 3583 4957 ἀνελήφθη
3632 4876 3638 4891 ’

2005 4986 2259 5057 Χριστόν.

2076 5079 2265 5140 Ὄσοις
2308 5076 2408 5147 μέν
2439 5075 2531 5130 οῦν
2564 5075 2660 5129 καὶ
2687 5074 2896 5145 ἡλίκοις
2932 5072 3095 5127 αὐτὸν
3128 5070 3435 5142 τεραστίοις
3464 5069 3493 5122 ό
3524 5070 3585 5123 ἐν
3610 5078 3619 5085 ’

2004 5170 2153 5237 αὐτῷ
2182 5169 2537 5238 δοξαζόμενος
2578 5166 2797 5232 ἐδόξασε
2829 5164 3054 5236 Κύριος,
3098 5164 3191 5217 καὶ
3227 5163 3308 5215 ἔτι
3338 5163 3394 5216 δὲ
3421 5161 3581 5226 δοξά-

2004 5257 2112 5323 ζων
2164 5258 2225 5311 ού
2279 5256 2657 5327 διαλιμπάνει,
2717 5254 2958 5326 ἱστορίας
2999 5253 3181 5323 ἔργον,
3244 5253 3339 5305 καὶ
3373 5251 3435 5304 οὐ
3482 5250 3580 5304 τοῦ

2004 5349 2269 5418 παρόντος
2309 5347 2375 5401 ἂν
2416 5347 2501 5420 εἴη
2550 5345 2856 5418 διηγεῖσθαι
2904 5342 3121 5415 καιροῦ.
3189 5342 3375 5410 Ὀλίγα
3413 5340 3473 5393 δέ
3513 5341 3581 5392 ἐκ

2003 5440 2235 5506 πολλῶν,
2267 5442 2362 5493 καὶ
2391 5440 2491 5494 ὅσα
2510 5439 2610 5511 τὴν
2634 5437 2799 5492 αὑτοῦ
2836 5436 2937 5507 μὲν
2969 5436 3171 5497 πίστιν,
3201 5433 3300 5504 τὴν
3322 5432 3418 5486 τοῦ
3442 5429 3580 5485 Θεοῦ

2002 5533 2057 5586 δέ
2094 5536 2151 5589 ἐν
2188 5532 2336 5605 αὐτῷ
2380 5532 2539 5605 χάριν
2578 5531 2824 5602 μετρίως
2866 5528 3265 5589 ὑποδείκνυσιν,
3301 5524 3581 5594 ἐπιτόμως

2002 5625 2438 5696 ὑπομνήσαντες,
2470 5621 2539 5677 τὰ
2574 5622 2718 5677 κατὰ
2749 5622 2917 5693 μέρος
2940 5619 3015 5684 ὡς
3043 5617 3277 5690 ἀριθμὸν
3307 5615 3579 5688 ὑπερϐαί-

2001 5732 2161 5769 νοντα
2189 5714 2537 5785 παρήσομεν.

2073 5806 2207 5870 Παῖς
2239 5804 2348 5877 γὰρ
2373 5806 2449 5870 ὡς
2477 5804 2624 5861 ὀκτὼ
2658 5803 2693 5873 ἢ
2727 5804 2822 5858 καὶ
2847 5800 3006 5858 ἐννέα
3033 5797 3316 5862 καθεστὼς
3344 5795 3575 5868 χρόνων,
