4092 6588
434 433 550 499 ὃὸί

1495 427 1669 487 VITA
1699 426 1762 486 S.
1819 424 2115 484 IGNATII
2152 425 2259 487 (ΖΡ.
2290 424 2642 485 ARCHIEP.

3589 414 3693 480 562

436 549 708 618 πνεύματι
748 544 1033 605 ἀσθενείας
1088 539 1328 610 πληγεὶς,
1370 540 1462 591 καὶ
1496 536 1709 607 ἀθρόως
1749 534 2009 603 παρεθεὶς
2041 556 2053 596 γ

2156 537 2323 600 ulsus,
2362 552 2424 589 ac
2458 545 2603 589 totus
2634 544 2853 605 repente
2902 532 3126 595 fractus,
3163 547 3267 584 non
3297 531 3471 583 solum
3532 548 3690 586 usum

434 644 576 705 ὅλος.
604 641 665 693 ού
715 638 875 708 μόνον
911 634 1135 696 ἄναυδος
1167 632 1341 701 πάντη
1378 630 1470 684 καὶ
1501 629 1750 698 ἀνήκοος,
1784 625 1920 679 ἀλλὰ
1946 624 2011 695 δὴ

436 734 531 789 καὶ
570 732 821 801 ἀκίνητος
855 726 1113 789 ὁλοτελιῖς
1147 723 1408 793 γεγονὼς,
1457 722 1552 775 καὶ
1588 721 1692 773 ὑπὸ
1730 719 1837 772 τῶν
1869 717 2013 771 ἰδίων

436 825 601 881 αὑτοῦ
638 818 1168 894 βασταζόμενος,⁷τῷ
1198 816 1362 888 κοινῷ
1391 815 1499 869 τῶν
1527 813 1733 868 πιστῶν
1770 810 2011 880 ἰατρείῳ,

437 918 517 990 τῷ
548 917 682 989 ἱερῷ
722 915 813 968 τοῦ
850 913 1111 983 θεοφόρου
1145 910 1354 981 ιῐατρδς
1402 907 1797 980 προσρίπτεται
1835 903 2012 972 τάφῳ.

438 1013 517 1066 Δι’
548 1011 769 1081 ἡμερῶν
799 1009 856 1061 δὲ
900 1005 1183 1076 τεσσάρων
1208 1004 1308 1074 τῆς
1336 1001 1430 1056 τοῦ
1465 1000 1622 1068 ἁγίου
1656 996 2017 1061 καταξιωθεὶς

441 1107 801 1176 ἐπισκέψεως,
849 1101 1110 1170 ἐξαπίνης
1158 1099 1306 1162 ίδίοις
1339 1095 1601 1165 ἐξανέστη
1634 1094 1784 1154 ποσὶ,
1813 1090 1911 1144 καὶ
1950 1090 2018 1143 δι’

442 1199 638 1255 ἑαυτοῦ
671 1198 770 1268 τὴν
800 1195 890 1248 τοῦ
919 1192 1048 1247 ναοῦ
1083 1190 1258 1262 πύλην
1289 1188 1530 1267 ἀνοίξας,
1595 1186 1688 1240 καὶ
1718 1183 1877 1253 ὑγιὴς
1901 1182 2021 1246 ὅλος

443 1285 674 1351 ἐξελθὼν
708 1284 832 1347 ἔξω,
871 1282 1049 1335 ἐλάλει
1082 1283 1194 1341 τοῖς
1224 1277 1457 1348 παροῦσι
1488 1276 1582 1329 καὶ
1613 1276 1832 1345 ἤκουεν,
1865 1273 2018 1325 εὐλο-

443 1380 554 1449 γῶν
594 1379 686 1430 τὸν
734 1377 888 1437 θεὸν,
938 1375 1033 1427 καὶ
1085 1372 1153 1426 τά
1197 1370 1478 1441 θαυμάσια
1528 1366 1881 1436 ἀναγγέλλων
1926 1362 2022 1418 τοῦ

446 1474 626 1541 ἁγίου.

521 1567 745 1630 Ἀλλος,
798 1563 937 1633 πλὴν
964 1561 1021 1627 ἐξ
1056 1559 1341 1631 ἐπηρείας,
1377 1551 1550 1625 οἶμαι,
1595 1556 1691 1609 καὶ
1739 1553 1897 1607 τοῦτο
1930 1551 2024 1604 τοῦ

449 1658 709 1731 πονηροῦ,
758 1654 1051 1725 ἐπιληψίας
1087 1650 1345 1714 ἑαλωκὼς
1398 1650 1594 1711 πάθει,
1645 1648 1833 1710 δεινῶς
1875 1647 2029 1711 ἐξαν-

452 1753 726 1823 έστραπτο
768 1750 864 1820 μὲν
895 1749 956 1800 τὸ
992 1746 1196 1815 στόμα,
1242 1743 1531 1815 παρῄρητο
1559 1742 1614 1795 δὲ
1650 1740 1743 1794 καὶ
1771 1738 1864 1815 τοῦ
1888 1736 2031 1790 κατά

453 1846 615 1914 φύσιν
657 1843 969 1912 φθέγματος
1018 1838 1116 1911 τὴν
1150 1837 1357 1908 φωνὴν,
1398 1836 1475 1900 ὼς
1506 1833 1739 1888 ἐλεεινόν
1784 1849 1842 1884 τε
1871 1830 2032 1885 αὐτὸν

2116 629 2313 698 linguae
2338 639 2391 682 et
2428 630 2644 682 aurium
2679 629 2957 690 amiserat,
3002 625 3095 680 sed
3135 624 3396 677 membris
3440 624 3695 678 omnibus

2117 733 2333 792 Captus,
2359 738 2388 775 a
2424 721 2648 791 suisque
2678 730 2944 791 gesmtus,
2974 718 3039 772 ad
3081 732 3424 771 communem
3473 717 3698 770 creden-

2124 819 2255 869 tiutn
2289 856 2303 881 ,
2358 830 2681 884 sacramque
2720 813 3063 868 curationum
3099 810 3394 876 ollicinam,
3423 808 3489 863 ad
3523 807 3697 863 sancti

2119 910 2419 981 (inquam)
2474 910 2647 965 Patris
2698 908 2962 963 tumulum
3024 906 3341 977 projicitur:
3399 913 3703 975 quartoqne

2123 1005 2211 1059 die
2236 1004 2403 1058 sancti
2430 1004 2631 1057 auxilio
2655 1002 2933 1073 dignatus,
2962 998 3249 1054 confestim
3282 998 3398 1052 suis
3451 997 3706 1051 insistens

2126 1099 2368 1170 vistigiis
2412 1096 2759 1154 consurrexit
2798 1106 3107 1166 ;portaque
3141 1110 3239 1148 sua
3295 1108 3458 1147 manu
3495 1096 3704 1165 aperta,

2127 1207 2296 1247 sanus
2324 1190 2642 1260 integcrque
2670 1203 2944 1257 egressus,
2976 1185 3152 1240 obviis
3184 1184 3489 1255 quibusque
3514 1182 3709 1251 loque-

2125 1287 2304 1349 batur,
2337 1292 2391 1338 et
2414 1281 2689 1345 audiebat,
2726 1280 3025 1333 immensas
3054 1278 3162 1331 Deo
3198 1276 3403 1347 gratias
3427 1290 3591 1346 agens
3612 1316 3626 1341 ,
3655 1280 3711 1327 et

2126 1378 2303 1433 sancti
2332 1390 2598 1431 enarrans
2633 1372 2923 1428 miracula.

2199 1562 2355 1615 Alius
2390 1560 2616 1622 invidia,
2650 1573 2795 1621 reor,
2821 1554 3221 1610 caeodacmonis
3247 1551 3507 1621 epilepsia
3553 1548 3716 1602 vehe-

2132 1666 2342 1711 menter
2374 1666 2678 1723 correptus,
2718 1668 2780 1703 ος
2814 1650 2957 1703 f-ede
2995 1648 3342 1703 distorserat.
3390 1653 3442 1696 et
3478 1641 3716 1694 naturali

2134 1751 2282 1806 vocis
2340 1750 2520 1804 sonitu
2573 1746 2798 1799 orbatus
2862 1750 2999 1806 erat,
3033 1749 3092 1794 ut
3138 1735 3625 1802 miserabilejnxta
3656 1748 3721 1785 ac

2138 1846 2292 1900 triste
2323 1841 2693 1911 Spectaculum
2724 1838 2899 1891 oculis
2924 1843 3343 1905 proponeretur.
3375 1827 3471 1882 llic
3517 1825 3723 1880 lirmis-

460 1894 605 1914 T""
670 1894 810 1912 ιηιι
894 1894 966 1905 ’v
1074 1894 1085 1911 ι
1162 1894 1174 1908 ,
1292 1894 1356 1907 ,.
1455 1894 1470 1900 -

453 1940 548 1992 καὶ
597 1937 985 1989 δυσέντευκτον
1051 1932 1234 2002 θέαμα
1285 1928 1630 2001 προκεῖσθαι.
1688 1921 1855 1987 Οὗτος
1912 1924 2033 1976 ἐπεὶ

2156 1942 2273 1991 sima
2323 1934 2447 1997 ﬁde,
2476 1948 2579 2002 ope
2622 1929 2797 1985 sancti
2866 1926 3180 1994 implorata,
3241 1936 3333 1990 per
3396 1929 3723 1972 nocturnam

454 2031 761 2099 ἀδιστάκτῳ
805 2030 985 2082 πίστει
1040 2027 1360 2082 ἐπεκαλεῖτο
1425 2023 1516 2075 τὸν
1559 2021 1734 2088 ἅγιον,
1794 2018 1897 2089 ὁρᾷ
1936 2017 2034 2087 μὲν

454 2126 616 2179 αὐτὸν
653 2124 787 2195 ὄναρ
826 2122 1015 2193 ὥσπερ
1055 2121 1154 2194 τὴν
1197 2118 1393 2195 xlsiﬁz‘
1414 2116 1715 2185 κατέχοντα
1752 2115 1819 2185 τῇ
1856 2111 2033 2182 χειρὶ,

454 2221 552 2273 καὶ
578 2218 782 2291 ταύτην
810 2216 886 2288 τῷ
939 2216 1170 2286 στόματι
1203 2211 1367 2266 αὑτοῦ
1407 2206 1811 2278 ἐπεμϐαλόντα,
1844 2204 1934 2258 καλ⁸
1963 2203 2039 2265 ὡς

455 2312 618 2383 δῆθεν
648 2311 819 2381 θύραν
853 2310 1166 2376 ἀνοίγοντα,
1197 2303 1517 2374 συστρέψαι,
1568 2300 1660 2353 καὶ
1709 2298 1843 2368 πρὸς
1874 2295 2039 2352 αὑτὸν

459 2405 635 2458 εἰπεῖν
659 2420 671 2432 ·
708 2403 768 2456 Ei
796 2397 965 2464 οἶδας,
1005 2399 1087 2462 τίς
1126 2399 1242 2468 εἰμι
1285 2396 1432 2464 syth“;
1478 2394 1582 2446 Τὸν
1626 2391 1683 2445 δὲ
1720 2391 1793 2461 μὴ
1843 2388 2041 2442 εἰδέναι

463 2498 725 2567 φάμενον,
772 2494 1004 2549 ἀκοῦσαι
1036 2490 1166 2563 πρὸς
1200 2488 1388 2553 αὐτοῦ,
1421 2488 1496 2551 ὡς
1527 2486 1687 2547 αὐτὸς
1732 2485 1817 2554 εἴη
1872 2479 2043 2548 Ἰγνά-

462 2608 575 2655 τιος
604 2590 948 2660 πατριάρχης
968 2604 982 2618 ο
1013 2586 1123 2639 Καὶ
1153 2584 1285 2647 ἰδοὺ,
1306 2583 1490 2654 φησιν,
1527 2579 1635 2634 ἀπὸ
1664 2577 1759 2632 τοῦ
1788 2577 1884 2630 νῦν
1910 2574 2046 2629 καθ-

465 2688 704 2756 έστηκας
751 2684 941 2752 ὑγιής·
977 2681 1204 2747 ἔξυπνον
1234 2679 1291 2731 δὲ
1334 2674 1522 2729 τοῦτον
1558 2672 1871 2743 γενόμενον,
1917 2667 2046 2737 ὑγιῆ

467 2776 744 2839 παντελῶς
779 2775 970 2829 ἑαυτὸν
995 2773 1053 2825 εύ
1064 2774 1199 2844 ρεῖν,
1221 2771 1296 2834 ὼς
1325 2768 1595 2841 μηδέποτε
1627 2766 1773 2837 ἴχνος
1792 2759 2049 2831 τοιαύτης

470 2866 758 2939 ἑωρακότα
791 2862 1113 2925 κακώσεως.

546 2958 741 3021 Ἀλλος
774 2957 937 3010 πάλιν
963 2954 1107 3025 νόσῳ
1139 2952 1389 3022 κοιλιακῇ
1423 2943 1761 3018 περιπεσὼν,
1794 2944 1887 2997 καὶ
1917 2942 2053 3013 πρὸς

472 3053 597 3116 ταῖς
625 3052 881 3119 ἐσχάταις
903 3045 1150 3119 ἡγγικὼς
1174 3045 1239 3098 δι’
1267 3043 1436 3114 αὐτὴν
1470 3040 1663 3110 ὥραις,
1688 3036 1788 3107 τῆς
1824 3035 1920 3106 μὲν
1948 3031 2055 3087 ἀπὸ

474 3144 584 3196 τῶν
630 3140 827 3212 ἰατρῶν
893 3138 1145 3210 βοηθείας
1197 3134 1385 3190 λοιπὸν
1446 3132 1703 3199 ἀπέγνω,
1758 3128 1849 3180 τὸν
1901 3127 2056 3194 ἅγιον

475 3235 534 3289 δὲ
562 3232 846 3305 πόρρωθεν
885 3230 942 3297 ἐξ
983 3228 1281 3299 ὁλοκλήρου
1317 3224 1553 3286 πίστεως
1590 3217 2053 3287 ἀνακαλούμενος,

476 3328 578 3398 ὁρᾷ
620 3325 717 3395 μὲν
758 3323 945 3377 τοῦτον
983 3321 1117 3392 ὁναρ
1164 3316 1313 3388 αύτῷ
1363 3313 1713 3387 παρεστῶτα,
1758 3310 1853 3364 καὶ
1895 3307 2059 3361 εὐθυ-

482 3418 604 3487 μεῖν
639 3412 1140 3483 ὲπαγγελλόμενον.
1169 3408 1379 3462 Αὐτίκα
1406 3405 1463 3459 δὲ
1494 3407 1593 3474 τῆς
1628 3403 1836 3474 ῥύσεως
1863 3397 2062 3468 ἀναξη-

483 3507 773 3579 ρανθείσης
805 3505 902 3574 τῆς
936 3504 1193 3575 γαστρὸς,
1219 3504 1298 3566 εἰς
1327 3498 1535 3572 τροφῆς
1566 3496 1751 3566 ἔφεσιν
1777 3494 1804 3547 ό
1836 3493 2063 3563 κάμνων

481 3599 578 3653 καὶ
608 3599 822 3653 τελείαν
853 3597 1043 3665 ὑγείαν
1070 3592 1526 3648 ἀποκαθίσταται.

555 3692 725 3746 Πάλιν
774 3691 912 3761 γυνή
957 3705 1041 3753 τις
1076 3687 1232 3757 ἀνδρὶ
1266 3684 1513 3755 νομίμως
1569 3676 1923 3742 συνοικοῦσα,
1971 3675 2069 3730 καὶ⁸

484 3784 690 3839 παίδων
748 3784 932 3853 μήτηρ
983 3779 1239 3847 γεγονυῖα
1289 3774 1479 3847 τριῶν,
1517 3771 1689 3843 ξηρὰν
1742 3770 1920 3838 πάντη
1971 3766 2067 3820 καὶ

486 3878 715 3948 ἀνικμον
754 3874 1057 3946 προέϐαλλε
1101 3871 1201 3942 τὴν
1239 3866 1427 3940 θηλὴν,
1470 3866 1609 3920 ὥστε
1642 3864 1710 3918 τὰ
1757 3862 1847 3915 ὑπ’
1894 3861 2067 3931 αὐτῆς

486 3970 781 4040 τικτόμενα
822 3967 996 4038 βρέφη
1046 3962 1302 4035 παραυτά
1341 3962 1519 4027 ξέναις
1558 3954 1859 4011 ἐκδίδοσθαι
1910 3952 2069 4021 τιθηο

490 4063 699 4117 νεῖσθαι
727 4062 971 4131 τροφοῖς,
1001 4057 1106 4121 ἓως
1132 4055 1226 4108 ἐπὶ
1248 4052 1372 4108 νοῦν
1400 4048 1532 4124 ἦλθε
1568 4051 1681 4111 τοῖς
1709 4048 1931 4108 οίκείοις
1968 4044 2070 4098 αὺ-

491 4158 587 4229 τῆς
620 4154 698 4226 τῷ
723 4153 864 4225 ἀγίῳ
897 4150 1287 4223 προσδραμεῖν.
1322 4146 1430 4199 Καὶ
1460 4145 1524 4213 δὴ
1561 4142 1673 4196 τῶν
1702 4140 1874 4209 ἁγίων
1904 4135 2072 4191 αὐτοῦ

492 4247 693 4321 τριχῶν
722 4241 1229 4317 ἀπομυρισθεισῶν,
1261 4241 1354 4293 καὶ
1383 4240 1447 4309 τῇ
1492 4235 1764 4307 ἀρτιτόκῳ
1799 4234 1943 4285 πιεῖν
1985 4231 2076 4284 δε-

493 4339 846 4412 δωρημένων,
873 4337 966 4391 ἐπὶ
995 4334 1248 4388 τοσοῦτον
1272 4331 1434 4409 εὐθύς
1464 4328 1732 4398 γαλοῦχος
1760 4324 2075 4395 ἀπεφάνθη,

495 4436 569 4498 ὡς
603 4435 696 4487 καὶ
733 4434 869 4485 πολὺ
912 4430 1076 4483 πλέον
1104 4428 1206 4497 τῆς
1235 4424 1427 4496 χρείας
1471 4422 1531 4475 τὸ
1559 4420 1704 4490 γάλα
1739 4419 1850 4471 τῶν
1885 4418 2075 4489 μαζῶν

500 4528 819 4599 καταρρεῖν.
890 4525 998 4577 Καὶ
1040 4520 1199 4574 τοῦτο
1262 4518 1363 4573 οὐκ
1417 4518 1500 4579 είς
1533 4514 1663 4585 μίαν
1724 4513 1896 4583 μόνην
1942 4509 2079 4579 φασί

2137 2031 2372 2100 speciem
2403 2029 2549 2081 vidi-t
2587 2023 2853 2096 lgnatittm
2908 2035 3071 2074 manu
3124 2017 3332 2072 clavem
3393 2018 3722 2082 gestantem,

2137 2129 2191 2173 et
2242 2117 2323 2171 ori
2357 2131 2459 2170 suo
2507 2115 2910 2171 admoventem,
2960 2124 3024 2162 ac
3047 2115 3346 2161 vertentem
3373 2144 3387 2167 ,
3414 2100 3570 2172 quasi
3605 2099 3730 2152 inde

2135 2214 2357 2284 januam
2384 2209 2638 2280 aperiret,
2665 2206 2731 2261 ad
2750 2221 2807 2259 se
2834 2204 3049 2259 dicere:
3078 2197 3281 2254 Nostin‘
3310 2196 3400 2265 qui
3434 2194 3577 2250 sim?
3630 2206 3729 2245 ne-

2143 2315 2383 2375 gantem,
2444 2309 2632 2371 postea
2674 2296 2949 2353 audivisse
2999 2296 3066 2348 ab
3116 2293 3230 2354 illo,
3288 2288 3558 2360 lgnatium
3610 2298 3733 2337 esse

2144 2397 2529 2469 patriarcham.
2567 2393 2630 2448 Et
2659 2407 2786 2446 ecce
2814 2391 2925 2460 jam
2960 2404 3127 2445 nunc,
3160 2383 3358 2454 inquit,
3389 2395 3448 2435 es
3484 2385 3727 2433 curatus.

2147 2491 2341 2546 Postea
2382 2496 2784 2557 experrectum,
2831 2484 2968 2537 adeo
3020 2481 3230 2535 salvum
3272 2486 3326 2531 et
3402 2472 3732 2527 incolumem

2148 2591 2446 2651 repertum.
2501 2580 2577 2632 uti
2631 2593 2700 2633 ne
2754 2575 3041 2645 vestigium
3087 2569 3308 2642 quidem
3358 2567 3411 2621 in
3453 2580 3512 2620 se
3555 2557 3735 2617 morbi
3800 2576 3807 2582 ·

2150 2674 2605 2745 deprehenderet.

2228 2948 2379 3001 Alius
2421 2947 2547 3000 item
2579 2938 2917 3015 dyssenteria
2944 2936 3198 2991 laborans
3224 2933 3334 3003 jam
3368 2929 3421 2983 in
3479 2925 3741 2982 extremis

2159 3056 2295 3108 erat,
2333 3050 2385 3096 et
2435 3055 2464 3091 a
2527 3037 2754 3092 medicis
2816 3033 3236 3088 conclamatus:
3272 3025 3363 3095 qui
3426 3031 3630 3081 tamen,
3682 3026 3743 3070 ιιι

2161 3136 2335 3195 sancti
2402 3148 2559 3204 opem
2597 3145 2626 3185 e
2678 3127 2975 3198 longinquo
3028 3124 3183 3193 plena
3233 3120 3337 3173 lide
3394 3110 3739 3183 implorabat,

2164 3238 2377 3301 spectat
2436 3230 2581 3281 hunc
2622 3238 2716 3294 per
2778 3233 3029 3276 somnum
3072 3214 3177 3270 sibi
3229 3212 3602 3267 assistentem,
3640 3204 3739 3258 bo-

2168 3339 2406 3394 numque
2450 3320 2693 3375 animum
2748 3314 2949 3369 habere
3003 3309 3309 3381 iubentem,
3348 3311 3402 3358 et
3451 3301 3597 3356 illico
3637 3296 3745 3353 sic.

2165 3428 2283 3475 cata
2319 3416 2475 3470 alvus
2515 3408 2780 3472 constitit,
2813 3405 3031 3475 cibique
3066 3400 3250 3457 orexis
3282 3410 3522 3460 reversa,
3564 3389 3747 3446 bomi-

2167 3529 2288 3570 nem
2328 3509 2579 3583 perfectze
2598 3505 2837 3561 restituit
2864 3494 3243 3555 incolumitati.
3276 3548 3281 3551 _

2241 3696 2463 3753 Femina
2496 3704 2718 3763 quoque
2752 3696 2920 3757 nupta
2954 3683 3096 3745 viro,
3137 3679 3413 3746 triumque
3443 3672 3745 3728 liberorum

2171 3805 2393 3863 parens,
2424 3786 2594 3843 aridis
2628 3796 2845 3853 semper
2869 3788 2923 3833 ct
2965 3775 3129 3831 siccis
3166 3781 3280 3828 erat
3326 3766 3562 3841 papillis,
3597 3764 3669 3818 ita
3692 3768 3753 3814 ιιι

2174 3884 2359 3941 statim
2407 3889 2596 3952 partus
2652 3893 2785 3932 suos
2850 3880 3137 3943 cogeretur
3197 3865 3392 3923 alienis
3440 3859 3752 3917 nutricibus

2177 3950 2422 4033 alendosi
2454 3971 2798 4029 committere
2851 3985 2867 4034 ;
2914 3965 3089 4021 donec
3139 3956 3465 4031 propinquis
3510 3952 3661 4009 venit
3697 3950 3753 4003 in

2177 4080 2437 4133 mentem,
2471 4076 2531 4123 ut
2560 4065 2626 4120 ad
2649 4072 2897 4118 sanctum
2935 4061 3331 4130 properarent:
3369 4050 3458 4105 ubi
3506 4049 3755 4103 absterso

2179 4181 2209 4220 e
2237 4162 2409 4219 sancti
2442 4160 2539 4214 viri
2570 4171 2726 4213 coma
2751 4155 2982 4226 liquore,
3019 4158 3072 4204 et
3097 4162 3290 4203 recens
3323 4144 3499 4198 enixa:
3520 4140 3587 4195 ad
3638 4152 3757 4194 sor-

2182 4256 2418 4313 bendum
2450 4250 2755 4322 propinato,
2788 4245 2973 4303 subito
3005 4250 3155 4297 tanta
3177 4238 3332 4293 lactis
3370 4236 3524 4305 copia
3556 4234 3759 4288 redun-

2182 4350 2313 4406 dare
2356 4347 2471 4401 visa
2499 4354 2605 4405 est,
2637 4352 2693 4396 ut
2719 4341 2844 4412 plus
2891 4352 3056 4409 quam
3085 4333 3245 4389 fuerit
3276 4342 3520 4394 necesse,
3550 4325 3762 4397 papilla:

2183 4440 2343 4497 lactis
2373 4436 2801 4507 suppeditarunt.
2833 4432 3010 4499 Atque
3039 4428 3091 4483 id
3121 4441 3228 4482 non
3259 4423 3309 4479 ei
3356 4421 3481 4485 soli,
3533 4418 3627 4475 sed
3684 4417 3762 4471 alo

2187 4534 2287 4591 teri
2318 4545 2536 4603 quoque
2565 4528 2755 4584 eodem
2790 4534 3002 4580 naturai
3028 4519 3296 4577 laboranti
3340 4515 3532 4573 morbo
3573 4525 3766 4568 narra-

502 4622 736 4690 γυναῖκα
776 4615 1095 4686 γεγονέναι,
1130 4610 1270 4666 ἀλλά
1317 4610 1412 4663 καὶ
1446 4608 1526 4671 είς
1571 4605 1763 4676 ἑτέραν
1791 4604 1957 4658 πάλιν
1997 4602 2053 4674 τῆ

2156 4641 2273 4685 itur
2317 4602 2601 4687 accidisse,
2637 4636 2758 4693 quae
2807 4619 3008 4690 pariter
3046 4632 3113 4670 ex
3164 4613 3354 4669 eodem
3398 4602 3765 4680 capillamenti

499 4712 649 4782 αὐτῷ
674 4711 989 4781 κάμνουσαν
1016 4705 1413 4779 ἀρῤωστήματι
1443 4703 1544 4772 τῆς
1577 4697 1821 4770 φύσεως,
1858 4696 1947 4753 διά
1973 4696 2076 4766 τῆς

497 4804 689 4875 ὁμοίας
723 4803 831 4856 τῶν
862 4799 1033 4869 ἁγίων
1066 4797 1270 4871 τριχῶν
1305 4793 1702 4866 ἀπομυρίσεως
1733 4792 1834 4864 τῆς
1881 4790 2079 4862 ὁμοίας

504 4897 699 4959 ἰάσεως
727 4896 937 4965 τυχεῖν.

574 4990 745 5059 ’Ἄλλη
778 4989 834 5042 δὲ
864 4987 1026 5041 πάλιν
1054 4982 1192 5054 γυνὴ
1216 4982 1323 5037 τῶν
1349 4980 1586 5050 εὐγενῶν
1615 4978 1713 5033 καὶ
1739 4974 2080 5047 περιφανῶν,

506 5083 600 5137 καὶ
634 5080 773 5150 αὐτὴ
819 5079 1065 5150 νομίμως
1113 5075 1269 5146 ἀνδρὶ
1328 5072 1561 5144 ὲπιδόξῳ
1618 5067 1967 5131 συνοικοῦσα,
2028 5069 2085 5121 ὲν

507 5176 653 5228 ἔτεσι
688 5174 897 5227 πλείοσι
932 5174 1120 5242 στεῖρα
1150 5170 1245 5223 καὶ
1274 5168 1441 5229 ἄπαις
1472 5163 1820 5236 ἐγνωρίξετο.
1852 5161 1959 5214 Τοῦ
1989 5161 2086 5214 ἀν-

509 5267 634 5337 δρὸς
658 5266 715 5319 δὲ
742 5265 917 5317 πίστει
947 5262 1025 5334 τῷ
1049 5262 1208 5331 τάφῳ
1233 5257 1731 5331 προσπεπτωκότος
1757 5253 1853 5308 τοῦ
1888 5253 2045 5318 ἁγίου
2068 5291 2084 5316 ,

512 5358 609 5409 καὶ
658 5354 831 5407 ἔλαιον
874 5354 1027 5421 ἆγιον
1054 5350 1261 5404 ἐκεῖθεν
1293 5347 1576 5416 εἰληφότος
1604 5348 1672 5417 τῇ
1704 5345 1950 5413 γυναικὶ,
1983 5343 2085 5395 κά-

513 5449 699 5518 κείνης
728 5448 792 5500 ὲκ
817 5447 1051 5509 πίστεως
1076 5441 1467 5512 ἀλειψαμένης,
1491 5440 1583 5492 καὶ
1607 5440 1704 5508 τὴν
1730 5437 1823 5491 τοῦ
1849 5435 2089 5507 μεγάλου

514 5540 817 5613 ἀρχιερέως
856 5538 1021 5610 εὐχὴν
1064 5534 1541 5605 ἐπικαλεσαμένης
1566 5572 1581 5596 ,
1634 5531 1948 5599 παραυτίκα
1983 5527 2093 5581 τῶν

513 5634 614 5704 τῆς
637 5631 974 5703 πειρώσεως
997 5629 1242 5698 ἀπελύθη
1270 5625 1503 5697 δεσμῶν,
1548 5625 1640 5678 καὶ
1664 5622 1850 5675 λοιπὸν
1880 5620 2091 5675 τέκνων

516 5724 780 5777 πλειόνων
809 5721 1184 5776 ἀναδείκνυται
1213 5720 1417 5791 μήτηρ.

621 5813 742 5865 Αλλ⁹
770 5812 832 5866 ού
877 5812 1036 5882 μόνον
1065 5813 1177 5871 τοῖς
1220 5810 1300 5880 τῷ
1335 5806 1465 5879 ἱερῷ
1492 5806 1650 5878 τάφῳ
1679 5804 2005 5870 πελάζουσιν
2035 5801 2093 5855 αί

526 5904 958 5976 θαυματουργίαι
997 5902 1090 5956 τοῦ
1123 5901 1380 5974 ἱεράρχου
1422 5900 1799 5971 πηγάζουσινο
1842 5894 1959 5952 ἀλλ’
1992 5893 2094 5967 ἥδη

2188 4720 2336 4777 illius
2360 4718 2649 4787 desumpta
2687 4715 2899 4785 liquore
2928 4706 3221 4767 sanitatem
3261 4702 3622 4774 recuperarit.

2259 4984 2377 5039 Alia
2414 4980 2611 5036 nobilis
2634 4980 2760 5033 item
2791 4985 2845 5031 et
2872 4973 3098 5029 illustris
3146 4977 3414 5029 matrona,
3442 4979 3566 5035 qua:
3597 4960 3768 5016 nobili

2189 5077 2308 5131 viro
2334 5077 2387 5129 in
2443 5068 2853 5127 matrimonium
2922 5064 3235 5127 collocata,
3296 5058 3545 5130 pluribus
3604 5054 3766 5108 annis

2192 5161 2483 5219 infecunda
2524 5158 2832 5224 sterilisque
2885 5161 3039 5218 erat,
3066 5149 3245 5205 mariti
3282 5148 3383 5201 lide
3436 5145 3504 5199 ad
3552 5143 3767 5197 cineres

2191 5254 2293 5309 viri
2351 5252 2525 5307 sancti
2587 5244 2998 5319 procumbeutis
3035 5283 3051 5309 ,
3100 5241 3330 5309 oleoque
3389 5244 3578 5292 sancto
3642 5234 3780 5289 inde

2194 5348 2349 5403 uxori
2380 5347 2564 5407 allato,
2598 5351 2761 5411 atque
2789 5356 2852 5394 ex
2879 5339 2981 5393 ﬁde
3011 5336 3183 5397 allito,
3239 5332 3330 5386 illa
3357 5345 3553 5399 magno
3584 5326 3771 5397 ponti»

2196 5442 2296 5496 lice
2334 5437 2646 5507 snppliciter
2698 5434 2985 5497 invocato,
3030 5427 3265 5485 fecunda
3321 5423 3502 5481 subito
3534 5421 3773 5488 reddiza,

2194 5532 2399 5604 prolem
2430 5530 2597 5586 edidit
2624 5538 2993 5583 numerosam.

2271 5796 2561 5850 Enimvero
2587 5806 2696 5847 non
2720 5790 2754 5845 ii
2784 5789 3074 5849 duntaxat,
3107 5782 3203 5854 qui
3243 5794 3456 5838 sacram
3504 5774 3789 5844 complexi.

2201 5890 2468 5955 tumbam,
2517 5886 2631 5941 haec
2682 5881 2945 5939 miracula
3000 5885 3129 5935 sunt
3181 5875 3389 5949 experti
3420 5866 3779 5943 aperegriuis
