4012 6488
234 348 338 413 563
1423 353 1717 413 ΝΙΕΕΤιΕ
1757 354 1799 413 Ρ

1905 353 2100 414 HLAG
2111 353 2285 414 ONIS
3415 353 3523 421 5-64

233 462 420 524 etiam,
451 468 503 514 et
535 458 726 515 ultima
755 467 1021 516 terrarum
1055 461 1440 526 incolentibus,
1483 461 1592 515 Deo
1622 459 1799 530 plemu

1920 460 2014 513 καὶ
2045 463 2158 522 τοῖς
2187 461 2274 513 ἐπ’
2303 461 2610 534 ἀλλοδαπῆς
2656 465 2779 534 γῆς,
2817 464 2909 519 καὶ
2941 465 3008 520 τὰ
3037 466 3183 538 ἄκρα
3215 467 3314 536 τῆς
3339 468 3522 524 οἰκου-

230 553 398 608 Pater
421 553 575 608 adest
607 553 946 624 imploratos.
983 554 1148 625 Cujus
1172 554 1248 609 rei
1276 555 1652 624 amplissimus
1677 553 1798 608 testi

1937 554 2103 623 μένης
2133 553 2394 616 οἰκοῦσιν,
2433 556 2882 626 ἐπικαλουμένοις
2923 559 2952 612 ὁ
2989 560 3287 630 θεόληπτος
3328 560 3523 633 Πατὴρ

227 653 428 713 przetor
453 655 534 700 est
585 644 808 713 Sicilim,
836 643 928 715 qui
959 644 1010 698 id
1043 642 1389 698 sanctissime
1429 643 1646 712 juratus
1689 637 1799 694 aiiir

1906 645 2299 712 ἐπιφαίνεται.
2331 648 2439 700 Καὶ
2468 649 2658 702 τούτου
2691 651 2902 722 μάρτυς
2941 654 3074 724 ἡμῖν
3100 653 3338 724 ἀψευδὴς
3363 657 3392 708 ὁ
3418 657 3520 726 τῆς

227 731 418 788 mavit.
457 732 512 786 ln
541 732 821 801 Agarenos
865 731 882 801 (
917 731 1157 786 Siciliam
1207 728 1561 798 invadentes)
1615 743 1815 800 pugna-

228 834 408 888 turus,
441 840 563 878 rum
598 825 798 895 ingenti
843 839 971 879 cura
1008 837 1316 893 pavoreque
1342 833 1651 893 augeretur,
1711 837 1826 875 ma-

227 932 394 983 gnum
423 914 690 987 Ignatium
729 916 780 970 in
806 916 1072 969 auxilium
1105 916 1430 973 ardentibus
1462 917 1604 971 votis
1653 918 1810 971 invo-

223 1018 312 1062 cat
342 1027 354 1063 :
387 1007 480 1078 qui
524 1006 734 1078 (inquit
773 1007 1006 1077 praetor)
1039 1006 1361 1062 manifestus
1397 1008 1448 1062 in
1486 1023 1612 1062 aere
1665 1007 1813 1064 velut

220 1101 345 1156 albo
397 1101 640 1154 insidens
703 1115 846 1167 equo
898 1115 985 1154 me
1046 1099 1293 1162 monuit,
1339 1101 1482 1154 utin
1526 1099 1809 1155 dexteram

223 1203 427 1263 partem
456 1192 728 1248 flecterem
759 1208 978 1263 agmen,
1006 1192 1262 1263 illicoque
1311 1193 1539 1263 gloriam
1583 1192 1674 1248 Dei
1725 1208 1812 1249 me

219 1287 490 1341 visurum.
547 1285 703 1352 Quod
774 1301 896 1339 cum
955 1284 1248 1356 praefectus
1285 1285 1560 1342 Musilices
1595 1287 1817 1343 nomine

219 1379 463 1446 fecisset,
503 1381 707 1450 ingenti
754 1379 942 1450 praelio
976 1379 1222 1434 devictos
1252 1379 1439 1435 hostes
1469 1379 1634 1449 cepit.

1929 739 2176 803 Σικελίας
2208 742 2548 813 ξστρατηγδς,
2599 749 2846 812 φρικτοῖς
2893 747 3080 817 ὅρκοις
3127 749 3516 820 πληροφορῶν,

1925 830 2000 895 ὡς
2038 832 2247 902 μέλλων
2287 835 2368 898 είς
2414 835 2654 904 πόλεμον
2704 839 3004 908 συμϐαλεῖν
3056 842 3114 892 ἐν
3152 841 3373 912 Σικελία
3405 843 3520 906 τοῖς

1937 926 2285 996 Ἀγαρηνοῖς,
2319 933 2412 981 καὶ
2452 930 2624 996 ἀγῶνι
2653 929 2832 1000 πολλῷ
2875 931 3255 1003 συνεχόμενος,
3292 933 3380 986 καὶ
3419 935 3517 986 τὴν
3609 959 3626 976 α

1924 1015 2098 1085 μέγαν
2153 1018 2418 1085 Ἰγνάτιον
2461 1023 2540 1082 εἰς
2583 1023 2902 1092 συμμαχίαν
2951 1023 3170 1096 θερμῶς
3217 1025 3516 1079 ἐπικαλού-

1923 1124 2116 1176 μενος,
2154 1107 2332 1177 Εἷδον,
2382 1112 2568 1184 φησὶν,
2614 1115 2778 1168 αὐτὴν
2814 1115 3253 1187 ὀφθαλμοφανῶς
3298 1119 3390 1172 ἐπὶ
3418 1119 3514 1173 τοῦ

1921 1200 2084 1272 ἀέρος
2109 1200 2299 1276 ὥσπερ
2323 1205 2408 1274 ἐφ’
2434 1206 2601 1262 ἵππου
2625 1208 2822 1262 λευκοῦ
2849 1209 3164 1281 καθήμενον
3183 1211 3277 1264 καὶ
3305 1228 3517 1282 παρεγ-

1922 1290 2231 1364 γυώμενον,
2280 1298 2418 1368 πρὸς
2475 1301 2586 1362 τοῖς
2627 1299 2821 1365 δεξιοῖς
2867 1300 3093 1373 μέρεσιν
3153 1302 3374 1372 ὁδηγεῖν
3420 1302 3515 1355 τδν

1923 1387 2177 1457 στρατὸν,
2207 1391 2300 1442 καὶ
2336 1391 2436 1462 τὴν
2458 1392 2614 1458 δόξαν
2654 1394 2818 1458 εὐθὺς
2851 1395 3094 1466 καθορᾷν
3123 1395 3217 1449 τοῦ
3251 1395 3412 1451 Θεοῦ.
3444 1396 3512 1450 Ὃ

217 1477 314 1530 καὶ
359 1475 703 1544 πεποιηκότα
740 1475 831 1528 τὸν
883 1474 1366 1547 στρατοπεδάρχην
1408 1473 1782 1545 (Μουσιλίκης
1822 1474 1880 1530 δὲ
1919 1476 2092 1551 ὕνομα
2132 1483 2211 1554 τῷ
2257 1485 2456 1557 ἀνδρὶ),
2519 1487 2865 1558 κατακράτος
2944 1491 3072 1552 τοὺς
3141 1469 3498 1552 ὑπεναντίους

218 1569 381 1624 ἑλεῖν.

288 1661 411 1728 Quo
463 1667 625 1732 pacto
678 1678 810 1718 vero
869 1662 1089 1718 feminae
1143 1661 1372 1716 alterius
1418 1659 1800 1714 admirandum

215 1769 404 1810 casum
437 1795 452 1818 ,
508 1764 565 1810 et
609 1755 941 1823 stupendum
1005 1755 1240 1825 amplius
1272 1753 1372 1808 viri
1405 1753 1580 1808 sancti
1617 1753 1670 1806 iu
1711 1751 1800 1806 illa

1980 1659 2106 1724 Πῶς
2138 1658 2196 1713 δέ
2225 1659 2287 1713 τὸ
2309 1661 2410 1731 τῆς
2440 1659 2700 1729 γυναικὸς
2730 1659 2946 1732 ἐκείνης
2987 1660 3290 1731 Θαυμάσιον
3311 1660 3506 1726 πάθος,

1911 1753 2008 1806 καὶ
2038 1751 2138 1824 τὴν
2183 1752 2646 1824 θαυμασιωτέραν
2681 1754 2770 1808 ἐπ’
2804 1754 2941 1826 αύτῇ
2973 1754 3067 1808 τοῦ
3117 1755 3275 1822 ἁγίου
3320 1773 3508 1827 παρα-

214 1845 479 1900 auxilium
537 1846 954 1902 reticebimus?
1009 1845 1140 1913 Quze
1185 1861 1309 1901 cum
1366 1859 1570 1900 marem
1631 1843 1799 1899 ferret

1905 1835 2206 1910 δόξοποιίαν
2229 1845 2648 1917 σιωπήσαιμεν;
2697 1847 2859 1910 ’Ἡτις
2907 1845 3074 1918 ἄρρεν
3101 1845 3506 1916 ἐγκυμονοῦσα,

213 1947 392 2004 utero,
435 1939 618 2010 ctjam
661 1939 946 1995 doloribus
967 1949 1154 2010 partus
1192 1939 1461 2010 proximis
1495 1946 1806 2010 urgeretur,

212 2040 354 2096 puer
383 2027 437 2082 in
493 2028 658 2092 pedes
701 2028 900 2094 editus,
933 2039 988 2083 et
1029 2027 1241 2082 haerens
1265 2027 1520 2098 progredi
1562 2042 1668 2083 non
1717 2043 1810 2096 po-

211 2126 320 2173 test
350 2119 620 2189 amplius:
657 2120 986 2190 parturienti
1018 2120 1238 2180 interim
1269 2120 1576 2186 acutissimi
1609 2121 1808 2176 intole-

211 2209 480 2280 randitu
509 2212 790 2267 cruciatus
818 2221 1104 2281 augentur.
1124 2211 1372 2282 Cumque
1393 2213 1504 2278 jam
1537 2214 1590 2266 in
1619 2228 1683 2266 eo
1721 2227 1808 2268 res

210 2311 376 2367 esset,
403 2311 464 2357 ιιι
496 2302 694 2358 femina
745 2305 908 2360 simul
941 2321 1062 2358 cum
1092 2322 1258 2376 puero
1299 2305 1569 2368 interiret,
1607 2305 1803 2360 medici

211 2395 509 2449 vulnerarii
561 2397 794 2459 adsunt,
849 2405 908 2451 ut
946 2395 1113 2450 fetum
1166 2398 1514 2451 membratim
1568 2397 1802 2451 divisum

212 2500 314 2555 per
354 2497 538 2556 partes
571 2489 880 2542 extrahant.
915 2488 1018 2543 Sed
1054 2489 1275 2543 meliore
1327 2489 1666 2560 providentia
1701 2505 1806 2543 nu-

210 2579 400 2644 minis,
439 2596 695 2650 magnum
737 2591 985 2638 nostrum
1030 2582 1421 2636 miraculorum
1471 2590 1802 2652 patratorem

210 2670 268 2724 in
319 2675 638 2728 memoriam
691 2686 964 2731 revocant.
1005 2677 1066 2730 Et
1112 2674 1250 2730 forte
1283 2675 1506 2745 quidam
1542 2691 1606 2730 ex
1667 2690 1804 2746 pra:-

211 2765 463 2821 scntihus
522 2767 804 2822 minimam
863 2785 926 2823 ex
981 2769 1230 2839 reliquiis
1271 2768 1372 2823 veli
1403 2768 1552 2823 illius
1590 2777 1799 2838 partem

212 2857 268 2912 in
309 2857 520 2914 funt-ris
582 2875 714 2916 cura
771 2871 898 2916 ante
957 2862 1169 2932 populis
1227 2862 1476 2918 fidelibus
1523 2862 1799 2917 distributi

209 2949 442 3018 profert,
495 2953 799 3024 ign-tiique
831 2971 934 3025 ope
1006 2956 1316 3026 implorata,
1353 2956 1420 3011 ad
1465 2957 1553 3011 ilia
1610 2957 1800 3010 admo-

207 3053 316 3105 vet.
351 3044 664 3116 feminaque
715 3049 1082 3114 tactasolum,
1123 3047 1307 3105 infans
1346 3058 1569 3120 repente
1627 3050 1680 3103 in
1708 3065 1800 3104 ca-

209 3145 305 3205 put
365 3153 577 3203 verSus,
633 3139 869 3210 indeque
907 3142 1093 3198 salvus
1151 3151 1205 3196 et
1255 3141 1546 3196 incolumis
1595 3141 1795 3207 editus,

1911 1936 2009 1992 καὶ
2047 1935 2317 1992 ὠδίνουσα
2353 1937 2453 2008 ἤδη
2484 1937 2620 2010 πρὸς
2662 1937 2724 1991 τὸ
2754 1939 2956 2001 τεκεῖν,
2991 1938 3178 2008 ἐπειδὴ
3213 1939 3306 1990 ἐπὶ
3335 1939 3506 2001 πόδας

1908 2027 1970 2080 τὸ
2004 2026 2205 2098 βρέφος
2237 2027 2571 2098 κατηνέχθη,
2603 2026 2716 2080 οὔτ’
2747 2029 2880 2082 αὐτὸ
2915 2027 3198 2100 προελθεῖν
3229 2027 3310 2080 ἔτι
3343 2028 3516 2098 δυναο,

1907 2122 2000 2176 τὸν
2024 2116 2115 2192 ἦν,
2152 2123 2248 2175 καὶ
2293 2123 2358 2192 τῇ
2391 2120 2653 2194 τικτούσῃ
2689 2119 2955 2185 ὀξυτάτας
3001 2121 3096 2174 καὶ
3140 2121 3503 2185 ἁνυποίστους

1907 2215 2008 2279 τὰς
2038 2213 2342 2286 ἀλγηδόνας
2389 2213 2712 2284 προσετίθη.
2744 2214 2855 2266 Καὶ
2899 2213 3023 2266 ἐπεὶ
3076 2215 3157 2276 εἰς
3188 2213 3506 2286 ἀμηχανίαν

1908 2306 2173 2376 περιέστη
2212 2309 2273 2359 τὸ
2314 2306 2568 2376 πρᾶγμα,
2634 2305 2722 2358 ἵνα
2757 2306 2831 2376 μὴ
2873 2306 2968 2358 καὶ
3113 2304 3249 2376 γυνὴ
3295 2322 3506 2358 συναπ-

1906 2397 2114 2468 όληται,
2148 2397 2404 2466 παρῆσαν
2443 2396 2541 2464 μὲν
2570 2397 2745 2466 ἰατροὶ
2776 2395 3208 2466 χειρουργεῖνπδ
3230 2394 3496 2474 ἐμὸρυον,

1905 2491 2000 2545 καὶ
2023 2490 2265 2557 ἐξέλκειν
2285 2489 2618 2560 τεμνόμενον
2641 2487 2892 2559 μεληδόν.
2917 2488 3152 2559 Προνοία
3171 2488 3227 2540 δέ
3249 2487 3504 2558 θειοτέρα

1904 2581 2000 2638 τοῦ
2034 2581 2156 2634 καθ’
2200 2580 2348 2651 ἡμᾶς
2397 2579 2830 2650 ύπεμνήσοησαν
2874 2579 3112 2649 μεγάλου
3149 2579 3500 2648 θαυματουρ-

1909 2674 2030 2744 γοῦ.
2066 2673 2176 2726 Καί
2215 2690 2302 2737 τις
2351 2673 2415 2724 ἐκ
2455 2671 2565 2726 τῶν
2618 2672 2907 2744 παρόντων
2951 2670 3204 2742 λείψανον
3235 2669 3374 2740 ἔχων
3403 2668 3502 2723 τοῦ

1904 2767 2112 2821 πέπλου
2147 2765 2510 2838 βραχύτατον,
2534 2765 2627 2819 τοῦ
2662 2765 2806 2819 κατὰ
2830 2765 2931 2836 τὴν
2953 2767 3170 2837 ἡμέραν
3192 2764 3290 2834 τῆς
3329 2760 3499 2816 αὑτοῦ

1902 2859 2128 2931 κηδείας
2177 2861 2242 2912 ἐκ
2287 2857 2526 2921 πίστεως
2569 2857 3122 2930 καταμεμερισμένου
3155 2858 3268 2920 τοῖς
3319 2855 3500 2920 λαοῖς,

1901 2949 2186 3004 καὶτοῦτο
2220 2946 2576 3020 προαγαγὼν,
2631 2947 2728 3001 καὶ
2767 2946 2857 3000 τὸν
2893 2945 3048 3014 ἅγιον
3086 2945 3498 3015 ἐπικαλεσάμε-

1901 3060 2012 3108 νος,
2047 3041 2238 3112 ἐπειδὴ
2273 3041 2432 3111 μόνον
2462 3043 2530 3111 τῇ
2581 3041 2746 3109 ὀσφύῖ
2789 3038 3027 3108 περιῆψε
3077 3038 3175 3108 τῆς
3213 3036 3496 3105 γυναικὸς,

1903 3138 2342 3206 περιέστραπται
2397 3131 2499 3200 μὲν
2529 3132 2592 3185 «εδ
2623 3131 2822 3202 βρέφος
2872 3129 3036 3193 εὐθὺς
3081 3130 3177 3182 ἐπὶ
3225 3130 3490 3200 κεφαλὴν,

209 3228 452 3297 lgnatius
474 3247 503 3284 a
530 3233 874 3301 parentibus,
902 3244 960 3290 ut
990 3235 1059 3290 ab
1085 3234 1203 3305 ipso
1254 3237 1477 3289 nomine
1519 3235 1622 3291 sibi
1686 3235 1790 3288 im-

1905 3227 2201 3290 ἀκινδύνως
2228 3228 2286 3281 δὲ
2335 3228 2522 3282 λοιπὸν
2573 3229 2856 3298 γεννηθὲν,
2903 3227 3165 3296 Ἰγνάτιος
3211 3224 3348 3295 πρὸς
3383 3223 3494 3277 τῶν

205 3326 386 3392 posito
415 3325 619 3380 rediret
643 3327 711 3381 .in
760 3327 1086 3382 memoriam
1135 3326 1385 3381 miraculi
1419 3342 1447 3380 a
1482 3326 1792 3396 patriarcha

208 3417 530 3485 perpetrati,
591 3427 670 3472 est
727 3419 1054 3495 appellatus.
1089 3419 1152 3472 Et
1177 3419 1280 3472 hoc
1332 3434 1428 3471 t-ur
1478 3417 1794 3487 apostolicis

212 3508 321 3564 illis
343 3511 605 3579 prodigiis
634 3509 866 3567 inferius
897 3512 1170 3568 ducatur?
1197 3513 1334 3579 Quid
1364 3511 1506 3566 Petri
1542 3523 1596 3566 et
1642 3511 1793 3565 Pauli

205 3598 397 3654 Virtuti
425 3599 615 3676 cedit?
649 3598 744 3656 Vis
770 3602 914 3656 enim
966 3601 1203 3673 Spiritus
1231 3604 1405 3658 sancti
1438 3603 1489 3656 in
1524 3602 1633 3658 illis
1677 3601 1792 3656 eiii-

204 3691 406 3757 ciebat,
459 3681 768 3748 utlsudaria
821 3704 877 3750 et
920 3695 1259 3750 scmieinctia
1306 3695 1522 3749 illorum
1555 3695 1792 3764 ingentia

206 3784 360 3856 signa
408 3785 648 3841 ederent.
692 3783 819 3842 llaec
869 3787 1057 3844 eadem
1095 3788 1258 3843 modo
1295 3805 1392 3859 per
1429 3789 1790 3858 apostolicum

207 3876 356 3932 hunc
404 3878 583 3934 virum
617 3920 633 3947 ,
671 3896 873 3936 novum
935 3897 1060 3940 vere
1129 3881 1398 3938 deiferum
1432 3922 1448 3948 ,
1491 3881 1694 3948 effecit,
1736 3892 1793 3936 ut

203 3971 511 4027 velamenta
551 3971 760 4040 feretri,
787 3989 911 4046 quae
969 3991 1158 4032 sacras
1213 3977 1334 4034 illas
1375 3977 1634 4048 reliquias
1674 3988 1792 4032 tan-

207 4071 320 4122 tum
352 4065 722 4134 contigerant,
762 4066 1165 4138 compedesque
1209 4067 1422 4134 ferreae,
1451 4069 1654 4139 quibus
1690 4069 1792 4122 im-

204 4152 278 4222 pii
321 4153 572 4209 homincs
633 4171 823 4213 sacros
879 4157 1030 4214 illius
1067 4159 1234 4229 pedes
1292 4169 1646 4230 presserant,
1680 4176 1788 4214 non

202 4244 416 4300 minora
449 4245 519 4301 ad
546 4245 640 4302 Dei
669 4247 885 4305 laudem
943 4249 1297 4321 fideliumque
1324 4251 1556 4307 salutem
1595 4250 1792 4308 fecisse

203 4337 519 4394 credantur.

272 4621 429 4679 Mitto
485 4621 688 4684 dicere,
737 4629 872 4693 quot
934 4637 1128 4677 renum
1181 4621 1462 4678 doloribus
1509 4620 1788 4678 confectos

201 4723 320 4770 toto
353 4715 540 4769 animo
571 4724 794 4786 rogatus
822 4717 1024 4771 curarit
1055 4755 1071 4782 ,
1121 4727 1256 4786 quot
1284 4715 1661 4786 elaphanticos
1690 4713 1814 4772 seu

201 4807 456 4877 leprosos
482 4807 824 4876 absterserit,
858 4809 1004 4880 quod
1037 4824 1213 4865 caacos
1250 4809 1558 4875 illustrarit,
1585 4808 1790 4866 fractos

201 4910 256 4954 et
283 4899 533 4970 iacentes
561 4901 821 4967 erexerit,
857 4910 910 4956 et
943 4916 1050 4970 qua
1080 4903 1358 4966 manlbus,
1397 4911 1451 4958 et
1475 4917 1582 4972 qua
1633 4901 1788 4974 pedi-

200 4993 306 5049 bus
333 4993 520 5050 aridos
551 4993 873 5048 restituerit.
924 4993 1198 5050 Praetereo
1249 4994 1572 5060 febrientes,
1595 5004 1690 5050 aut
1719 4995 1789 5050 ab

202 5085 474 5154 improbis
533 5085 822 5154 spiritibus
853 5093 1048 5149 tortos,
1088 5097 1224 5156 quot
1251 5086 1478 5151 sanarit,
1520 5088 1789 5155 hodieque

201 5185 380 5236 sanet,
421 5191 485 5231 ac
517 5192 612 5246 per
639 5176 946 5231 veneranda
978 5177 1189 5232 vincula
1223 5193 1416 5233 omnes
1448 5193 1613 5248 prope
1642 5193 1812 5249 mor-_

201 5269 324 5330 hos.
358 5255 658 5340 omnesque
689 5271 1040 5342 aegritudines
1089 5273 1252 5341 pellat
1275 5282 1538 5341 curetque
1580 5289 1786 5328 eorum

201 5363 469 5428 omnium,
501 5365 594 5435 qui
625 5365 836 5433 sincera
870 5366 973 5421 fide
1005 5367 1070 5421 ad
1106 5381 1323 5422 sacrum
1351 5367 1498 5422 illius
1516 5369 1784 5424 tutuulum

201 5454 551 5524 confugiunt.
588 5457 774 5528 Neque
820 5473 972 5525 sane,
1027 5461 1280 5530 quamvis
1323 5461 1536 5529 volens,
1578 5463 1784 5532 possim

203 5548 390 5601 omnia
426 5550 660 5606 dicendo
689 5568 1034 5622 percensere.
1069 5553 1250 5609 Unum
1291 5566 1475 5612 tamen
1519 5559 1648 5613 illud
1681 5545 1808 5613 mi-'

204 5641 454 5695 iaculum
494 5643 870 5716 adjungeutes,
936 5663 1109 5716 pauca
1142 5664 1219 5711 ex.
1247 5650 1313 5706 iis
1343 5667 1469 5720 quae
1504 5661 1626 5722 post
1681 5653 1784 5708 viri

205 5735 383 5789 sancti
444 5746 677 5791 mortem
735 5739 983 5794 evenisse
1021 5751 1338 5806 narrantur,
1371 5743 1612 5798 historiae
1643 5743 1786 5812 adji-

205 5827 433 5883 ciemus.
489 5829 696 5885 Etenim
739 5846 848 5904 quo
903 5841 1062 5904 pacto
1117 5831 1249 5905 Lydi
1284 5833 1450 5891 .illius
1509 5835 1811 5893 sacellarii.

1902 3321 2244 3390 γεννητόρων
2274 3320 2720 3391 κατωνόμασται,
2757 3321 2838 3385 είς
2870 3320 3180 3391 ὑπόμνησιν
3221 3319 3374 3389 ἥκων
3403 3317 3498 3372 διὰ

1901 3415 1994 3468 τοῦ
2025 3414 2290 3484 ὀνόματος
2332 3415 2434 3482 τῆς
2464 3415 2552 3468 ἐπ’
2599 3413 2750 3484 αὐτῷ
2783 3414 3086 3484 γενομένης
3139 3411 3229 3465 διὰ
3259 3411 3353 3464 τοῦ
3388 3427 3495 3462 πα⁶

1900 3507 2162 3577 τριάρχου
2208 3505 2662 3576 θαυματοποιίας.
2685 3506 2858 3560 Τοῦτο
2880 3505 2934 3558 τί
2961 3505 3070 3558 τῶν
3117 3500 3499 3557 ἀποστολικῶν

1900 3600 2146 3670 τεράτων
2183 3601 2573 3668 ἀπολείπεται;
2615 3599 2788 3654 Τοῦτο
2835 3599 2889 3652 τί
2919 3599 3021 3670 τῆς
3071 3601 3129 3652 ἐν
3163 3598 3358 3670 Πέτρῳ
3393 3599 3494 3651 καὶ

1901 3693 2102 3764 Παύλῳ
2150 3693 2436 3764 δυνάμεως
2486 3694 2656 3756 ἐνδεῖς
2703 3694 2767 3746 ’Ιί
2816 3695 2925 3766 γὰρ
2959 3695 3017 3745 ἐν
3054 3692 3288 3756 ἐκείνοις
3334 3692 3493 3760 ἐνερ-

1901 3781 2073 3851 γοῦσα
2104 3782 2266 3854 χάρις
2294 3783 2388 3836 τοῦ
2421 3783 2761 3854 Πνεύματος,
2791 3785 2865 3849 ὡς
2903 3783 2998 3837 καὶ
3022 3781 3109 3835 διὰ
3143 3782 3254 3835 τῶν
3303 3781 3494 3834 σουδα-

1903 3875 2036 3944 ρίων
2082 3876 2180 3928 καὶ
2212 3875 2564 3946 σιμικινθίων
2596 3877 2826 3930 ἐκείνων
2873 3873 3304 3945 θαυμασιώτατα
3329 3872 3488 3943 δρᾷν,

1900 3964 2042 4035 αὕτη
2072 3967 2168 4021 καὶ
2213 3967 2310 4022 νῦν
2345 3967 2434 4020 διὰ
2484 3967 2580 4022 τοῦ
2615 3967 2978 4022 ἁποστολικοῦ
3028 3966 3220 4020 τούτου
3265 3965 3491 4034 ἀνδρὸς,

1899 4061 2024 4114 νέου
2083 4061 2160 4124 ὡς
2219 4059 2437 4131 ἀληθῶς
2495 4059 2789 4132 θεοφόρου,
2823 4062 2916 4115 καὶ
2965 4059 3054 4113 διὰ
3103 4057 3213 4112 τῶν
3263 4059 3355 4111 ἐπὶ
3396 4055 3490 4110 τοῦ

1902 4155 2206 4225 σκίμποδος
2255 4155 2489 4225 ἱματίων
2530 4155 2640 4208 τῶν
2691 4154 2771 4225 τῷ
2797 4155 2930 4228 ἱερῷ
2963 4153 3198 4223 λειψάνῳ
3234 4151 3491 4220 ἐγγισίὶιν⁴

1897 4267 2027 4316 των,
2078 4250 2176 4304 καὶ
2215 4250 2305 4304 διὰ
2332 4251 2440 4304 τῶν
2489 4249 2724 4322 σιδηρῶν
2753 4249 2970 4315 κλοιῶν,
3019 4244 3100 4312 οἷς
3146 4250 3273 4312 τοὺς
3308 4247 3490 4318 ἱεροὺς

1899 4345 2068 4410 πωας
2109 4345 2302 4418 ἄνδρες
2356 4344 2718 4399 κατέκλεισαν
2775 4344 3016 4409 ἀσεϐεῖς,
3073 4343 3142 4396 τὰ
3189 4342 3350 4412 ὃμοια
3399 4358 3490 4393 m-

1901 4436 2148 4493 στεύεται
2181 4437 2314 4509 δρᾷν
2343 4439 2424 4501 εἰς
2444 4437 2544 4509 τὴν
2571 4437 2666 4491 τοῦ
2696 4435 2833 4490 Θεοῦ
2865 4436 3046 4504 δόξαν,
3081 4434 3176 4488 καὶ⁵
3211 4433 3490 4503 σωτηρίαν

1900 4531 2009 4586 τῶν
2051 4529 2282 4585 πιστῶν.

1976 4625 2082 4678 Ἐῶ
2111 4625 2314 4695 λέγειν,
2335 4625 2496 4687 ὅσους
2527 4623 2826 4694 νεφριτικῷ
2857 4623 3304 4694 τετρυχωμένους
3325 4619 3486 4691 νοσή-

1899 4735 2031 4789 ματι
2053 4759 2068 4782 ,
2127 4717 2224 4770 καὶ
2253 4716 2488 4780 ἐκτενῶς
2517 4715 3025 4783 ἐπικαλεσαμένους
3074 4716 3444 4786 ἐθεράπευσεν
3465 4727 3483 4743 ο

1889 4811 2049 4874 ὅσους
2069 4810 2304 4880 λεπροὺς
2332 4811 2426 4864 καὶ
2447 4808 2878 4879 ἐλεφαντιῶντας
2911 4809 3230 4876 ἐκαθάρισε,
3263 4805 3358 4858 καὶ
3387 4822 3485 4858 τυ·-

1890 4907 2060 4978 φλοὺς
2109 4906 2366 4976 ἐφώτισε,
2416 4907 2510 4960 καὶ
2565 4905 2932 4978 παρειμένους
3001 4903 3332 4974 ἀνώρθωσε,
3385 4901 3483 4956 καὶ

1893 5001 2064 5073 ξηρὰς
2096 5003 2288 5072 χεῖρας
2329 5000 2424 5053 καὶ
2475 4999 2640 5061 πόδας
2693 4998 2920 5068 ἔχοντας
2980 4997 3190 5051 ἰάσατο.
3247 4994 3480 5064 Ἀιρίημι

1889 5095 1983 5148 καὶ
2045 5096 2204 5157 ὅσους
2249 5093 2354 5146 ὑπὸ
2405 5093 2645 5164 πυρετοῦ
2693 5093 2789 5146 καὶ
2842 5090 3032 5163 ῥίγους
3081 5086 3478 5160 τρυχομένους,

1889 5189 1985 5244 καῖ
2022 5188 2182 5251 ὅσους
2231 5187 2338 5240 ὑπὸ
2392 5185 2721 5257 πνευμάτων
2792 5183 3050 5255 πονηρῶν
3111 5179 3478 5251 ὲταζομένους

1889 5281 2020 5352 ἄχρι
2048 5283 2144 5336 καὶ
2169 5282 2408 5354 τήμερον
2441 5281 2608 5344 ἰᾶται,
2638 5279 2732 5332 καὶ
2759 5277 2848 5331 διὰ
2883 5277 2983 5346 τῆς
3013 5274 3202 5345 τιμίας
3232 5272 3481 5332 ἁλύσεως

1891 5377 2093 5437 πᾶσαν,
2132 5375 2207 5438 ὡς
2241 5375 2440 5440 εἰπεῖν,
2471 5373 2630 5426 νόσον
2663 5372 2761 5426 καὶ
2799 5371 2982 5423 πᾶσαν
3016 5365 3292 5438 μαλακίαν
3337 5365 3480 5418 ἀπο-

1889 5466 2170 5536 καθαίρων
2202 5465 2309 5518 τῶν
2339 5467 2398 5518 ἐν
2428 5463 2664 5534 ἀληθείᾳ
2691 5463 2786 5516 καὶ
2815 5460 2998 5513 πίστει
3019 5454 3479 5529 προσφευγόντων

1887 5562 1954 5629 τῇ
1989 5558 2120 5629 ἁγίᾳ
2143 5547 2443 5628 θεραπεύει
2479 5555 2646 5626 σορῷ.
2673 5553 2809 5608 Οὐδὲ
2835 5553 2941 5624 γὰρ
2977 5551 3025 5604 εί
3051 5547 3475 5634 βουληθείημεν,

1887 5651 2059 5706 ταῦτα
2087 5650 2163 5722 τῷ
2196 5651 2340 5721 λόγῳ
2382 5648 2609 5702 δυνατὸν
2641 5643 3083 5718 ἐξαριθμεῖσθαι.
3131 5640 3278 5703 Ένὸς
3308 5639 3366 5692 δέ
3393 5637 3479 5691 ἐτι

1891 5743 2367 5816 μνημονεύσαντες
2416 5742 2526 5795 τῶν
2569 5738 2916 5812 θαυμασίων,
2970 5735 3130 5804 ὀλίγα
3171 5732 3282 5787 τῶν
3335 5729 3477 5800 μετὰ

1886 5835 1985 5909 τὴν
2010 5835 2103 5890 τοῦ
2153 5835 2310 5905 ἁγίου
2357 5833 2614 5908 κοίμησιν
2664 5829 3065 5904 ἱστορουμένων
3100 5827 3180 5881 ἔτι.
3222 5821 3474 5896 τῷλόγῳ
