4092 6586
445 446 550 511 565

1511 445 1683 506 Vl'l‘A
1726 444 1786 504 S.
1824 443 2120 505 [GNATII
2154 444 2260 506 (ΣΡ.
2307 442 2658 504 ARCHIEP.

3587 446 3694 511 566

440 558 770 628 ουνάψομεν.
807 555 926 620 Πῶς
951 555 1058 628 γὰρ
1088 555 1180 608 τοῦ
1209 554 1382 608 Λυδυῦ
1422 553 1782 625 σακελλαρίου
1830 556 2012 624 σιωπῇ

2121 554 2332 610 facinus
2395 553 2613 609 silentio
2644 550 3077 622 prattereamns?
3130 551 3223 621 qui
3270 552 3338 607 ab
3379 553 3697 624 impudente

437 651 500 705 τὸ
554 652 790 721 πρᾶγμα
854 649 1330 720 παραπέμψομεν;
1385 649 1443 712 ὂς
1497 648 1734 718 ὑποϐολῇ
1806 648 2014 700 Φωτίου

434 741 530 796 τοῦ
582 742 832 804 ἀναιδοῦς
883 743 962 804 εἰς
1011 743 1070 794 τὸ
1119 741 1484 810 μοναστήριον
1548 739 1830 804 εἰσελθὼν,
1874 739 2014 793 ὥστε

436 837 650 899 πάντας
668 834 794 897 τοὺς
826 833 903 904 τῷ
929 833 1069 901 ἀγίῳ
1123 833 1279 903 τάφῳ
1311 833 1820 904 προσλιπαροῦντας
1851 833 2015 887 ἀσθε-

435 933 544 992 νεῖς
580 929 721 999 μετά
753 927 1035 998 μαστίγων
1067 925 1267 990 ἐξῶσαι
1308 929 1401 979 καλ⁸
1436 925 1647 998 ὕϐρεων
1673 943 1686 955 ·
1733 927 1826 980 καὶ
1859 926 2016 979 τοῦτο

433 1020 733 1090 δεδρακὼς,
796 1019 1124 1090 προστίθησι
1156 1019 1324 1072 κακὸν
1367 1017 1444 1088 τῷ
1480 1018 1657 1084 κακῶ,
1705 1019 1799 1079 κοιλ⁸
1850 1034 2016 1088 προσ-

433 1116 625 1168 τάσσει
673 1113 1040 1182 πλησιαίτατα
1081 1111 1175 1165 τοῦ
1226 1111 1370 1183 ἱεροῦ
1409 1113 1581 1181 τάφου
1635 1112 2014 1184 κατορύσσειν,

435 1207 527 1258 καὶ
555 1207 634 1266 εἰς
673 1204 834 1273 βάθος
869 1203 1240 1257 ἀνασκάπτειν
1289 1201 1388 1272 τὴν
1422 1205 1543 1272 γῆν,
1586 1204 1857 1270 πρόφασιν
1894 1201 2014 1270 μὲν,

435 1296 509 1358 ῶς
541 1299 598 1348 ἐν
629 1296 776 1365 αὑτῷ
823 1295 900 1365 τῷ
950 1295 1101 1364 τόπῳ
1147 1294 1340 1364 πρώην
1383 1293 1488 1346 ὑπὸ
1533 1294 1627 1346 τοῦ
1678 1295 2014 1364 πατριάρχου

435 1385 658 1454 χρυσίου
693 1383 1130 1453 κατακρυϐἐντος
1164 1383 1382 1448 πολλοῦ,
1424 1383 1484 1434 ea
1506 1382 1552 1436 δ’
1589 1383 1810 1452 ἀληθὲς,
1842 1381 1916 1444 ὡς
1949 1382 2016 1435 ἂν

434 1479 658 1547 ἀτιμίαν
708 1477 788 1547 τῷ
845 1476 1012 1546 τιμίῳ
1069 1475 1311 1544 λειψάνῳ
1364 1475 1781 1546 προστρίψαιτο.
1828 1473 2014 1538 Οὕτως

435 1569 585 1638 αὐτῷ
609 1571 636 1621 ὁ
669 1568 864 1636 φθόνος
913 1568 1089 1636 πάντη
1138 1565 1657 1637 κατακεκυριευκὼς
1680 1567 1778 1637 τῆς
1812 1564 2018 1634 μανιώ-

432 1660 557 1722 δους
605 1659 810 1729 ψυχῆς,
863 1659 987 1713 οὐδὲ
1036 1660 1175 1729 μετά
1213 1659 1305 1711 τὸν
1351 1659 1583 1712 θάνατον
1635 1659 1868 1728 ἠρεμεῖν
1906 1657 2014 1711 εῐα.

435 1747 588 1818 ’Ἅμα
616 1749 674 1802 δὲ
705 1749 782 1820 τῷ
810 1749 955 1820 λόγῳ
983 1748 1077 1802 τοῦ
1112 1748 1372 1819 ἀθεμίτου
1409 1748 1623 1803 ἐκείνου
1653 1749 2015 1819 προστάγμα-

430 1858 542 1904 τος,
579 1845 672 1896 καὶ
705 1842 965 1914 θεήλατος
1005 1843 1098 1896 τὸν
1167 1842 1341 1912 ἀσεϐῆ
1388 1841 1655 1912 μετῆλθεν
1699 1841 1858 1912 ὀργὴ,
1933 1843 2018 1893 ὲν-

2120 646 2315 699 ΡΙιοιὶο
2379 645 2686 700 submissus
2728 643 2780 696 in
2840 643 3152 696 caanobium
3215 643 3382 709 venit,
3436 655 3492 700 ut
3527 662 3702 715 aegros

2121 755 2314 794 omnes
2339 740 2403 794 ad
2437 739 2750 808 sepulcrum
2790 737 2933 792 illius
2981 739 3377 807 supplicantes.
3435 742 3701 798 conviciis

2120 842 2174 886 et
2199 831 2379 900 ﬂagris
2403 831 2665 901 exigeret.
2698 827 2819 895 Quo
2854 827 3000 882 facto
3045 829 3228 883 scelus
3275 829 3424 884 addit
3453 831 3645 886 sceleri
3680 850 3694 887 :

2121 936 2318 981 terram
2363 927 2503 980 enim
2557 927 2859 995 proximam
2883 939 3052 980 sacrae
3079 925 3279 980 tumbze
3299 925 3404 980 alte
3427 925 3582 995 jubet
3611 926 3694 982 ef-

2122 1020 2270 1084 fodi;
2299 1021 2350 1081 in
2387 1019 2622 1089 speciem
2656 1019 2876 1088 quidem
2897 1059 2911 1083 ,
2941 1019 3096 1089 quasi
3128 1018 3402 1088 ingentem
3439 1020 3556 1074 auri
3588 1022 3696 1074 vim

2120 1112 2428 1183 patriarcha
2466 1112 2573 1165 illic
2601 1111 2941 1178 condiderit;
2973 1112 3150 1182 reipsa
3175 1121 3380 1175 autem,
3410 1120 3470 1165 ut
3524 1114 3700 1168 sacris

2121 1204 2340 1258 ossibus
2379 1203 2772 1256 contumeliam
2812 1202 3100 1272 irrogaret,
3141 1203 3277 1257 adeo
3322 1199 3567 1257 animum
3603 1205 3702 1258 ho-

2120 1297 2282 1350 minis
2317 1294 2584 1349 furiosum
2621 1294 2818 1348 imidia
2842 1304 3157 1362 occuparat,
3186 1296 3260 1348 uti
3284 1311 3350 1350 ne
3384 1305 3508 1365 post
3551 1310 3700 1349 mor-

2118 1397 2224 1442 tem
2251 1388 2466 1456 quidem
2508 1386 2742 1458 (lgnatii)
2771 1387 2840 1441 ab
2872 1387 2965 1442 illo
2993 1389 3236 1443 cesserit.
3270 1386 3440 1441 Simul
3464 1403 3527 1441 ac
3553 1388 3699 1442 enim

2119 1481 2220 1534 hoc
2262 1481 2350 1533 ille
2393 1481 2558 1534 verbo
2600 1480 2763 1548 impie
2815 1480 3095 1566 edixerat“
3139 1479 3374 1533 vimlicta
3451 1480 3703 1535 Numinis

2119 1571 2344 1640 impium
2377 1581 2662 1640 prosecuta
2691 1579 2775 1626 est
2794 1589 2823 1630 ,ε
2858 1571 2951 1626 hic
2981 1571 3245 1625 duntaxat
3295 1570 3386 1624 Dei
3443 1572 3703 1640 patientia

2117 1678 2177 1718 se
2221 1664 2422 1719 diutius
2471 1665 2756 1718 continere
2812 1680 2918 1718 non
2989 1665 3186 1732 potuit,
3249 1663 3341 1716 sed
3390 1679 3420 1716 e
3473 1663 3704 1731 vestigio

2118 1755 2329 1825 plagam
2387 1756 2602 1810 inﬂixit.
2667 1756 2808 1826 Ergo
2871 1756 3144 1825 superbus
3207 1756 3297 1808 ille
3367 1754 3701 1810 horrcmlum

2121 1847 2313 1906 boans.
2346 1857 2397 1900 et
2425 1856 2680 1916 tanquam
2704 1849 2928 1902 victima
2949 1863 3118 1916 supra
3157 1846 3410 1916 infraque
3437 1844 3703 1914 sanguine

430 1934 606 1987 ταῦοα
637 1936 797 2004 μόνον
824 1939 922 1988 οὐκ
953 1936 1331 2006 άνασχομένης
1364 1935 1450 1988 ἐπ’
1472 1934 1619 2005 αὐτῷ
1645 1935 1742 2004 τῆς
1764 1935 1858 1988 τοῦ
1882 1934 2013 1988 Θεοῦ

2119 1937 2391 2001 dillluens,
2443 1940 2778 2008 domumque
2816 1939 3052 2002 delatus,
3092 1938 3325 2006 elinguis
3365 1938 3506 1990 intra
3566 1951 3706 2004 qua-

435 2029 840 2098 μακροθυμίας,
877 2028 991 2080 ἀλλ’
1022 2028 1288 2098 ὀξυτάτην
1335 2027 1562 2090 ἐνδίκως
1598 2025 2003 2096 ὑπενεγκούσης

2118 2030 2351 2084 triduum
2391 2046 2421 2084 a
2459 2030 2567 2084 Deo
2597 2032 2816 2096 punitus
2842 2032 3156 2099 exspiravit.

429 2118 530 2190 τὴν
563 2121 755 2188 τομήν.
802 2120 974 2183 Εὐθὺς
1003 2117 1095 2172 οὖν
1146 2119 1358 2188 μεγάλα
1405 2117 1542 2189 βοῶν
1571 2121 1599 2172 ό
1631 2119 1862 2190 σοϐαρὸς
1915 2114 2004 2172 οἶα
2036 2121 2496 2192 σφαγιαζόμενος,
2563 2124 2770 2179 ἄνωθέν
2809 2143 2867 2178 τε
2929 2124 3022 2177 καὶ
3077 2123 3323 2177 κάτωθεν
3374 2125 3452 2195 τῷ
3517 2121 3706 2191 οἰκείῳ

429 2213 625 2282 αἵματι
675 2214 970 2284 κρουνηδδν
1033 2214 1546 2286 περιρραινόμενος,
1614 2215 1711 2268 καὶ
1764 2214 2008 2286 φοράδην
2068 2217 2249 2271 οἴκαδε
2310 2219 2666 2290 ἀναγόμενος,
2729 2220 2943 2288 ἄφωνος
2987 2220 3045 2272 ὲν
3107 2222 3346 2292 ἡμέραις
3403 2221 3702 2288 τέσσαρσιν

429 2305 676 2376 ἀπέψυξε
717 2307 1157 2378 τιμωρούμενος.

449 2405 454 2410 ’
501 2402 740 2454 Τοιαῦτα
795 2400 890 2454 τοῦ
939 2401 1208 2472 ἡμετέρου
1246 2400 1455 2470 [ἰατρὸς
1519 2398 1586 2452 τὰ
1643 2401 1956 2471 διηγήματα
1987 2418 2002 2434 ο

429 2495 658 2549 τοιαῦτα
689 2493 786 2547 τοῦ
825 2492 992 2547 καλοῦ
1016 2492 1270 2562 ποιμένος
1303 2492 1370 2543 τά
1392 2491 1806 2562 προτερήματα.
1833 2491 2018 2555 Οὕτως

429 2589 464 2641 ὁ
499 2587 913 2659 μακαριώτατος
960 2587 1052 2638 καὶ
1101 2586 1210 2650 ζῶν
1258 2584 1352 2636 ἐπὶ
1398 2583 1502 2652 γῆς
1556 2583 1930 2654 ὲννομώτατὸς
1957 2601 2018 2636 τε

428 2673 500 2749 ἦν
532 2682 624 2733 καὶ
655 2679 1187 2749 χριστοφιλέστατος,
1224 2677 1404 2730 πάντα
1432 2675 1606 2744 λέγων
1641 2678 1736 2728 καὶ
1765 2677 2020 2746 πράττων

431 2776 513 2836 εἰς
557 2775 714 2838 δόξαν
740 2771 875 2825 Θεοῦ
926 2772 1020 2825 καὶ
1061 2771 1162 2839 τῆς
1207 2768 1530 2840 Ἐκκλησίας
1572 2769 1890 2839 οἰκοδομήν·
1930 2769 2023 2823 καὶ

433 2865 576 2936 πρδς
619 2865 753 2916 Θεὸν
805 2865 1099 2932 μεταστὰς,
1137 2859 1564 2930 ὼῳελιμὼτατος
1604 2863 1699 2913 καὶ
1734 2861 2018 2932 σωτήριος,

430 2957 507 3022 ὡς
536 2959 680 3027 άμέσ
693 2975 764 3021 ως
798 2957 1144 3027 ἐντυγχάνων
1172 2955 1313 3023 ὑπὲρ
1343 2952 1500 3024 ήμῶν
1530 2950 1606 3023 τῷ
1633 2951 1770 3022 Θεῷ.

504 3223 570 3277 Τί
602 3224 659 3277 δὲ
711 3225 738 3276 ὁ
779 3221 1074 3293 λεγόμενος
1142 3221 1382 3286 Φώτιοςς
1437 3217 1547 3292 ἆρα
1596 3220 1696 3292 τὴν
1740 3222 1827 3274 ἐπ’
1867 3219 2018 3290 αὐτῷ

435 3318 739 3386 γενομένην
791 3314 973 3384 κρίσιν
1008 3315 1084 3379 ὡς
1125 3315 1337 3368 ἔνδικον
1391 3315 1852 3384 καταδεξάμενος,
1899 3314 2009 3368 τῶν

430 3410 788 3462 πολυπλόκων
825 3409 1096 3478 ἀπέσχετο
1121 3408 1473 3471 διαϐουλξωνς
1505 3407 1537 3479 ἦ
1569 3409 1674 3461 ὑπὸ
1717 3407 1816 3479 τὴν
1866 3425 2005 3478 κρα-

429 3503 591 3556 ταιάν
622 3502 715 3554 τοῦ
737 3501 871 3554 Θεοῦ
906 3503 1062 3572 χεῖρα
1085 3501 1466 3563 ταπεινωθεὶς,
1495 3499 1594 3570 τῆς
1627 3501 1777 3563 θείας
1814 3499 2007 3553 ἑαυτὸν

437 3595 608 3664 ῥοπῆς
653 3592 818 3662 ἐξῆψε
849 3593 1070 3658 λοιπόν;
1097 3593 1130 3662 ἢ
1161 3593 1345 3646 τέλεον
1375 3593 1475 3663 μὲν
1501 3593 1599 3662 τῆς
1627 3592 1794 3646 αὑτοῦ
1843 3609 2008 3645 κακο-

437 3683 707 3752 μηχανίας
748 3684 848 3737 οὐκ
909 3682 1126 3752 ἐξέστη,
1161 3682 1528 3752 μετριώτερος
1570 3682 1626 3735 δὲ
1667 3680 1863 3735 ἑαυτοῦ
1917 3684 2009 3735 καὶ

433 3774 836 3843 ἐπιεικέστερος
862 3773 949 3827 διὰ
973 3773 1073 3843 τῆς
1106 3775 1488 3846 κατακρίσεως
1525 3776 1762 3843 κατέστη
1788 3791 1802 3838 ;
1828 3773 2009 3829 Οὐδα-

437 3863 575 3933 μῶς.
614 3866 796 3918 Πάντα
822 3867 878 3919 δὲ
906 3867 997 3918 τὸν
1029 3866 1261 3936 δεκαετῆ
1312 3868 1502 3938 χρόνον
1533 3868 1634 3936 τῆς
1685 3868 2006 3943 ὑπερορίας,

437 3956 635 4027 μυρίας
685 3958 825 4010 κατὰ
871 3959 966 4011 τοῦ
1021 3960 1180 4025 ἁγίου
1231 3961 1523 4023 κακονοίας
1573 3959 1760 4024 κινῶν,
1819 3960 2008 4030 ἐπειδὴ

435 4051 774 4120 πανταχόθεν
821 4051 1094 4104 ἀνάλωτον
1120 4051 1285 4104 αὑτὸν
1320 4050 1470 4122 ἐώρα
1497 4053 1592 4104 καὶ
1624 4051 1888 4120 ἄληπτον,
1914 4049 2008 4103 τοῦ

437 4141 699 4210 βασιλέως
755 4143 841 4211 ἐφ’
909 4144 1102 4196 ἑαυτὸν
1165 4142 1265 4214 τὴν
1313 4141 1527 4196 εὔνοιαν
1594 4143 2010 4198 ἐπισπάσασθαι

441 4233 782 4300 μηχανᾶται·
822 4231 916 4284 καὶ¹
950 4233 1132 4284 πᾶσαν
1175 4231 1274 4301 μὲν
1323 4231 1541 4300 βουλὴν,
1591 4232 1774 4284 πᾶσαν
1806 4231 1862 4284 δὲ
1895 4249 2011 4302 τρι-

437 4322 535 4392 ϐὴν
563 4321 841 4391 λογισμῶν
883 4323 1018 4390 πρὸς
1046 4323 1203 4374 τοῦτο
1238 4322 1425 4382 κινῶν,
1458 4315 1618 4394 εὗρεν
1643 4323 1762 4375 ὁδὸν
1803 4323 2009 4387 λοιπὸν,

435 4414 501 4467 δι’
529 4410 598 4486 ῆς
623 4415 721 4486 τῆς
748 4415 1066 4486 ἁπλότητος,
1104 4417 1222 4486 ήτοι
1255 4415 1588 4485 κουφότητος
1615 4418 2011 4488 κατωρχήσατο

433 4507 529 4577 τῆς
561 4507 844 4579 βασιλικῆς
873 4523 889 4537 ”
930 4509 1024 4561 καὶ
1069 4508 1321 4560 σκοπεῖτε
1363 4506 1732 4591 ὡςιπιθανῆν,
1779 4509 1874 4560 καὶ
1911 4507 2013 4578 τῆς

2185 2399 2280 2455 lla:
2336 2407 2466 2453 sunt
2503 2413 2680 2452 rerum
2712 2415 2740 2452 a
2773 2395 2932 2452 Patre
2963 2407 3153 2453 nostro
3200 2380 3486 2471 gestarum
3512 2417 3706 2457 narra-

2116 2491 2314 2554 tiones,
2357 2489 2470 2543 haec
2500 2489 2624 2544 boni
2659 2487 2893 2558 pastoris
2941 2491 3330 2558 prterogativte.
3367 2489 3440 2544 Ita
3502 2493 3704 2548 beatis-

2119 2584 2295 2639 simus
2323 2584 2410 2637 ille
2441 2584 2569 2637 dum
2605 2585 2655 2636 in
2689 2581 2848 2637 terris
2881 2589 3090 2652 ageret,
3127 2596 3187 2636 se
3251 2597 3416 2652 quam
3466 2585 3706 2640 sanctis-

2120 2677 2259 2731 Sime
2305 2674 2864 2744 reliogiosissimeque
2916 2675 3108 2744 gessit,
3145 2675 3312 2730 rebus
3351 2676 3608 2733 omnibus
3635 2679 3702 2733 ad

2121 2766 2214 2820 Dei
2241 2767 2452 2820 lamlem
2517 2776 2571 2820 et
2603 2767 2861 2821 Ecclesiae
2919 2767 3336 2820 aediﬁcationem
3362 2769 3590 2824 relatis:
3645 2779 3703 2824 et

2123 2873 2220 2928 per
2251 2867 2485 2911 mortem
2532 2856 2598 2910 ad
2639 2855 2805 2910 Deum
2837 2855 3135 2925 profectus,
3168 2857 3324 2912 nobis
3351 2861 3490 2927 apud
3550 2860 3703 2914 illum

2125 2950 2386 3004 salutaris
2411 2949 2566 3017 juxta
2599 2964 2663 3002 ac
2695 2948 3023 3003 utilissimus
3044 2956 3130 3002 est
3168 2957 3453 3017 patronus,
3491 2960 3548 3005 ut
3607 2952 3702 3021 qui

2126 3038 2235 3094 Deo
2264 3056 2507 3110 prmsens
2556 3041 2692 3096 citra
2732 3041 2902 3094 ullqu
2938 3041 3179 3104 medium
3236 3040 3545 3110 interpellat
3603 3059 3705 3114 pro

2125 3133 2306 3188 nobis.
2433 3125 2447 3131 ’

2197 3224 2338 3290 Quid
2368 3235 2550 3280 autem
2588 3224 2634 3280 is
2673 3222 2768 3293 qui
2818 3223 3021 3277 dicitur
3047 3222 3314 3280 Photius?
3341 3242 3408 3279 an
3434 3225 3702 3296 judicium

2120 3318 2186 3373 de
2219 3333 2277 3372 se
2309 3318 2409 3372 rite
2439 3317 2642 3372 factum
2674 3325 2758 3372 est
2798 3318 3027 3380 veritus,
3055 3325 3222 3386 atque
3253 3317 3421 3388 impia
3471 3321 3703 3377 consilia

2109 3409 2354 3479 alijerit?
2384 3411 2465 3464 An
2533 3410 2635 3464 sub
2673 3406 2878 3478 potenti
2924 3424 3090 3464 manu
3125 3409 3218 3464 Dei
3247 3409 3590 3478 humiliatus,
3624 3413 3707 3466 di-

2108 3503 2245 3556 vinae
2297 3517 2356 3556 se
2417 3502 2681 3570 deinceps
2735 3501 3005 3554 voluntati
3059 3501 3378 3556 commisit?
3434 3505 3517 3557 An
3577 3519 3705 3572 per-

2109 3593 2378 3646 si-veravit
2442 3592 2658 3661 quidem
2734 3591 2788 3645 in
2857 3591 3129 3660 improbis
3199 3592 3708 3648 machinationibus

2109 3685 2225 3738 suis
2297 3700 2558 3753 semper,
2620 3684 2714 3738 sed
2786 3699 2852 3738 ex
2934 3663 3282 3738 damnatione
3347 3685 3431 3738 sui
3527 3686 3710 3756 seipso

2109 3780 2316 3848 anpuiw
2361 3790 2414 3834 et
2465 3779 2764 3834 modestior
2816 3788 2901 3834 est
2952 3780 3252 3835 redditus?
3295 3779 3439 3835 Nihil
3486 3783 3690 3837 minus.

2111 3869 2250 3924 Toto
2295 3871 2388 3924 illo
2433 3871 2716 3926 decennali
2749 3873 2964 3926 exsilio
3009 3872 3232 3926 insidias
3277 3871 3541 3928 adversus
3581 3889 3710 3929 san-

2108 3971 2256 4015 ctum
2301 3961 2464 4031 impia
2493 3972 2671 4016 mente
2693 3961 2913 4017 molitus
2931 3971 3038 4016 est.
3056 3962 3299 4032 Cumque
3317 3963 3468 4016 illutn
3493 3963 3707 4018 irretire

2110 4066 2375 4121 capereve
2419 4053 2573 4106 nullo
2614 4052 2777 4106 modo
2805 4060 3016 4122 posset,
3045 4053 3396 4121 imperatoris
3455 4053 3701 4108 animum

2111 4141 2213 4197 sibi
2254 4141 2543 4196 conciliare
2591 4150 2779 4198 tentet.
2832 4141 2971 4210 Ergo
2999 4143 3209 4196 artibus
3259 4143 3514 4198 omnibus
3559 4153 3706 4198 stro-

2112 4232 2348 4302 phisque
2379 4233 2437 4285 in
2485 4233 2781 4287 consilium
2826 4233 3107 4293 abhibitis.
3137 4234 3338 4303 reperit
3371 4235 3535 4295 viam.
3593 4249 3704 4304 qua

2114 4323 2463 4394 imperatoris
2493 4323 2898 4395 simplicitatem
2953 4325 3339 4394 levitatemque
3368 4337 3607 4395 caperet,
3650 4337 3706 4382 et

2115 4414 2235 4470 vide
2264 4431 2429 4484 quam
2477 4416 2808 4486 probabilem
2871 4424 2925 4471 et
2978 4416 3151 4487 ipsius
3205 4417 3424 4486 ingenio
3455 4418 3700 4484 dignam.

2113 4507 2431 4564 Observatis
2490 4509 2634 4563 enim
2685 4509 3000 4564 nominibus
3053 4509 3442 4578 singulorum,
3503 4511 3700 4581 ipsius,

435 4601 642 4655 ἐκείνου
689 4600 870 4670 ψυχῆς
916 4599 1094 4664 ἀξίαν.
1143 4599 1264 4652 Τῶν
1309 4599 1590 4668 ὀνομάτων
1618 4600 1727 4671 γάρ
1773 4600 2005 4653 ἕκαστον

2118 4601 2362 4670 inquam,
2425 4601 2776 4670 imperatoris
2844 4601 3048 4666 Basilii,
3106 4612 3159 4654 et
3215 4602 3472 4657 Eudocite
3525 4606 3704 4672 Augu-

437 4694 932 4763 περισκεψάμενος,
949 4691 1112 4745 αὑτοῦ
1131 4709 1211 4758 τε,
1241 4693 1404 4762 φημὶ,
1425 4691 1704 4744 Βασιλείου
1729 4692 1823 4746 τοῦ
1851 4691 2007 4762 βασι-

435 4786 589 4850 λέως,
622 4786 884 4849 Εὒδοκίας
916 4802 974 4838 τε
999 4787 1099 4855 τῆς
1130 4784 1295 4839 αὑτοῦ
1320 4784 1590 4853 γαμετῆς,
1620 4785 1718 4838 καὶ
1745 4785 1856 4838 τῶν
1883 4783 2013 4837 παί-

433 4881 557 4944 δων,
588 4880 1020 4942 Κωνσταντίνου,
1048 4880 1296 4942 Λέοντος,
1342 4878 1724 4951 Ἀλεξάνδρου,
1763 4882 1859 4935 καὶ
1884 4882 2014 4935 Στε-

433 4971 604 5037 φάνου
624 4988 636 5000 ο
673 4971 732 5035 ἐξ
759 4971 990 5024 ἑκάστου
1022 4970 1078 5022 δὲ
1107 4971 1165 5023 τὸ
1199 4969 1415 5039 πρῶτον
1445 4971 1683 5041 γράμμα
1714 4972 1893 5025 λαϐὼν
1921 4975 2014 5026 καὶ

437 5059 727 5122 συντιθεὶς.
760 5059 1013 5113 ἐντεῦθεν
1049 5059 1316 5129 λαμϐάνει
1341 5062 1440 5130 τῆς
1471 5063 1686 5131 ἀπάτης
1717 5063 1815 5131 τὴν
1846 5063 2015 5132 ἀφορ-

435 5152 562 5218 μήν.
630 5150 894 5218 Ἱστορίαν
933 5150 1074 5220 γάρ,
1125 5151 1244 5220 ήτοι
1312 5151 1667 5218 γενεαλογίαν
1716 5151 1815 5221 τὴν
1888 5153 2017 5219 μήτ’

432 5236 620 5304 οὖσαν,
646 5240 773 5311 μήτ’
793 5237 887 5295 οὖν
915 5258 1044 5293 ποτε
1075 5241 1374 5309 γενομένην
1404 5242 1744 5304 ἀναπλάσας,
1777 5242 1819 5292 Τ
1822 5241 2015 5311 ηριδά-

442 5350 542 5401 την
578 5335 676 5404 μὲν
703 5337 910 5386 ἐκεῖνον
954 5333 1045 5386 τὸν
1083 5333 1258 5402 μέγαν
1304 5332 1607 5402 Ἀρμενίων
1645 5333 1892 5402 βασιλέα,
1927 5333 2019 5384 τὶν

440 5424 534 5476 ἐπὶ
563 5424 656 5477 τοῦ
708 5425 1106 5495 ἱερομάρτυρος
1142 5423 1286 5489 λέγω
1327 5424 1651 5493 Γρηγορίου,
1700 5425 2020 5494 προπάτορα

441 5515 646 5567 τίθεται
697 5516 775 5584 τῷ
827 5515 992 5586 λόγῳ,
1044 5515 1103 5581 ἐξ
1150 5517 1363 5569 ἐκείνου
1409 5516 1465 5568 δὲ
1507 5515 1606 5584 τὴν
1657 5514 2015 5582 γενεαλογίαν

439 5607 718 5677 ὀνόμασιν,
748 5607 830 5668 οἷς
862 5610 1147 5678 ἠθέλησεν,
1191 5609 1574 5678 ὲπισυνείρων,
1608 5610 1702 5661 καὶ
1734 5608 1929 5670 ἄλλους
1958 5607 2016 5670 ἐξ

442 5699 616 5752 ἄλλων
654 5703 720 5770 τῇ
754 5700 1140 5769 πλασματώδει
1177 5703 1432 5769 κατάγων
1467 5701 1705 5770 ἱστορία,
1758 5701 1922 5771 ἡνίκα
1953 5701 2020 5770 δὴ

443 5792 579 5873 πρὸς
603 5791 694 5843 τὸν
721 5793 934 5863 πατέρα
951 5793 1185 5863 κατῆλθε
1214 5793 1518 5856 Βασιλείου,
1550 5791 1739 5845 τοῦτον
1757 5792 2017 5862 ἔγραψεν,

447 5881 520 5946 ὡς
546 5883 712 5955 ἀνδρα
762 5886 1012 5958 γεννήσει
1063 5886 1324 5953 τοιοῦτον,
1378 5882 1489 5951 οἷος
1528 5885 1691 5950 αὐτὸς
1735 5887 2018 5952 Βασίλειος

2118 4706 2218 4750 διιιι
2295 4693 2568 4764 conjugis,
2643 4695 3072 4763 liberorumque,
3144 4693 3528 4756 Constantini,
3576 4693 3711 4748 Leo-

2119 4787 2243 4848 nis,
2277 4786 2592 4849 Alexandri,
2645 4784 2910 4854 Stephani
2956 4801 2970 4849 ;
3004 4801 3069 4840 ex
3107 4786 3298 4855 primis
3361 4787 3703 4856 singulermu

2117 4879 2398 4932 nominum
2435 4879 2629 4932 litteris
2669 4878 2991 4944 compositis
3043 4879 3436 4946 ('mnponemlae
3487 4878 3718 4932 fraudis.

2116 4972 2462 5027 occasionem
2499 4971 2710 5038 arripit.
2753 4969 3049 5024 Historiam
3092 4971 3264 5032 enim,
3300 4971 3418 5023 sive
3447 4971 3703 5038 generie-

2121 5065 2288 5134 giam,
2311 5077 2432 5131 quas
2463 5077 2735 5130 nusquam
2781 5071 2883 5123 est,
2919 5071 3012 5114 aut
3032 5060 3152 5122 fuit,
3181 5072 3478 5114 contexens
3498 5099 3512 5122 ,
3568 5059 3707 5114 Titi-

2122 5157 2302 5210 darem
2346 5155 2492 5208 illum
2528 5155 2796 5223 inclytum
2819 5152 3092 5206 Armeniae
3139 5169 3348 5221 regem,
3375 5153 3467 5219 qui
3527 5153 3716 5204 sancti-

2123 5247 2369 5317 Gregorii
2433 5247 2694 5314 martyris
2743 5260 2858 5297 aevo
2905 5244 3254 5313 imperitavit',
3312 5243 3498 5312 stirpis
3539 5252 3704 5311 caput

2123 5339 2299 5410 ﬁngit.
2327 5339 2398 5390 Ex
2433 5338 2545 5397 illo,
2584 5336 2900 5389 nominibus
2933 5353 3027 5404 pro
3057 5337 3324 5390 arbitratu
3355 5333 3700 5403 excogitatis,

2125 5435 2340 5498 gentem
2373 5427 2616 5486 deducit,
2643 5435 2698 5478 et
2722 5426 2861 5478 alios
2896 5442 2959 5478 ex
2986 5425 3093 5477 alio
3121 5425 3368 5478 fabulosa
3391 5423 3706 5476 narratione

2125 5517 2331 5573 condit.
2359 5517 2597 5584 Quando
2616 5517 2836 5572 demunt
2877 5517 2944 5569 ad
2983 5523 3264 5584 parentem
3289 5514 3478 5568 Basilii
3519 5528 3709 5582 perve-

2125 5611 2225 5674 nit,
2258 5610 2500 5678 scripsit,
2538 5609 2874 5662 nasciturum
2903 5625 2968 5662 ex
3019 5625 3085 5662 eo
3113 5607 3272 5661 talem
3312 5608 3472 5677 plane
3503 5607 3702 5671 virum,

2127 5703 2304 5772 qualis
2336 5703 2579 5770 ipsecrat
2605 5699 2863 5764 Basilius,
2891 5702 3050 5771 eique
3082 5714 3279 5755 nomen
3312 5715 3434 5754 esse
3471 5698 3699 5762 Beclas;

2126 5810 2288 5864 quem
2322 5794 2567 5848 omnium
2599 5803 2746 5847 retro
2777 5810 2962 5862 regum
3015 5792 3329 5848 felicissime
3367 5801 3421 5845 et
3453 5790 3705 5845 diutissi-

2130 5905 2217 5944 me
2252 5897 2608 5958 regnaturum
2646 5887 2972 5943 vaticinium
3016 5906 3028 5942 :
3063 5887 3458 5956 innumeraun
3483 5883 3707 5940 menda»
