4012 6488
373 362 479 424 567

1546 350 1838 412 NlCET/E
1875 349 2404 410 PAPHLAGONIS

3522 342 3626 405 563

371 479 477 537 cia,
517 469 718 542 quibus
742 466 1045 523 auditorem
1077 465 1199 536 capi
1236 463 1590 533 intelligebat,
1622 463 1678 517 in
1742 462 1941 516 librum

2046 455 2112 531 ἦν
2141 474 2153 487 ’
2183 459 2245 511 τὸ
2271 458 2328 511 δὲ
2373 458 2548 526 ὄνομα
2585 452 2724 509 εἶναι
2755 454 2961 518 Βεκλᾶς
2988 470 3002 483 ·
3037 452 3096 507 ὃν
3125 453 3493 522 εὐτυχέστατα
3535 459 3630 506 καὶ

369 582 531 622 suum
584 564 984 624 concenturiat,
1011 570 1065 614 et
1102 559 1298 613 litteris
1327 555 1708 611 Alexandrinis
1744 554 1800 608 in
1858 569 1946 608 vu-

370 658 672 713 tustissima
723 657 908 710 charta
961 652 1026 706 ad
1084 652 1258 722 ipsam
1312 646 1658 718 antiquitatis
1697 645 1936 716 speciem

369 749 643 819 expressis
695 745 1017 803 conscribit.
1061 752 1227 812 atque
1288 740 1469 801 theca,
1499 754 1595 794 seu
1630 744 1943 807 legumento

368 856 435 895 ex
476 839 861 907 antiquissimo
908 835 1096 889 codice
1141 834 1385 888 detracto
1428 831 1605 895 vestit,
1677 838 1841 898 atque
1889 829 1943 882 in

369 932 460 986 illa
523 930 688 985 nobili
754 927 1101 999 palatinaque
1160 922 1484 980 bibliotheca
1524 922 1659 977 clam
1713 921 1941 990 reponit.

2052 547 2525 618 πολυχρονιώτατα
2570 546 2680 599 τῶν
2707 544 2767 610 ἐξ
2797 544 2989 609 αἰῶνος
3028 544 3494 615 βεϐασιλευκότων
3526 544 3630 615 βα-

2052 640 2366 693 σιλεύσοντα
2429 637 2779 709 προφητεύει.
2844 637 3076 707 Μυρίοις
3119 636 3176 690 δὲ
3220 635 3493 706 ψεύδεσιν,
3548 630 3631 698 οἷς

2050 731 2165 804 ᾔδει
2212 729 2511 799 γάννυσθαι
2572 728 2763 782 τοῦτον
2806 727 3074 781 ἀκούοντα
3110 767 3127 793 ,
3175 726 3240 780 τδ
3289 727 3633 798 σύγγραμμα

2051 826 2541 898 καταρασάμενος,
2572 826 2664 878 ἐπὶ
2686 824 3063 878 παλαιοτάτων
3087 824 3185 895 μὲν
3204 824 3361 878 τοῦτο
3390 822 3631 894 χαρτίων

2050 921 2375 1003 γράμμασιν
2410 920 2854 993 Ἀλεξανδρινοίς,
2877 921 2973 991 τὴν
2995 921 3266 992 ἀρχαϊκὴν
3287 922 3371 974 ὅτι
3394 922 3632 991 μάλιστα

369 1021 708 1093 χειροθεσίαν
756 1017 1174 1089 μιμησάμενος,
1211 1013 1450 1085 γράφει·
1496 1010 1822 1083 ἀμφιέννυσι
1883 1012 2075 1065 δὲκαὶ
2127 1011 2361 1083 πτύχαις
2409 1011 2821 1076 παλαιοτάταις,
2873 1015 2936 1066 ὲκ
2992 1013 3353 1066 παλαιοτάτου
3422 1013 3628 1084 βιϐλίου

368 1115 793 1187 ἀφαιρούμενος,
843 1110 1136 1169 κάντεῦθεν
1178 1111 1243 1180 τῇ
1279 1107 1491 1182 μεγάλῃ
1522 1106 1679 1160 τοῦτο
1704 1106 1798 1160 τοῦ
1837 1106 2099 1162 παλατίου
2133 1105 2449 1159 ἀποτίθεται
2485 1104 2822 1179 βιϐλιοθήκῃ.

440 1207 780 1261 Administer
804 1214 858 1258 et
921 1203 1062 1259 lidus
1103 1203 1175 1256 illi
1210 1203 1264 1256 in
1310 1203 1412 1256 hac
1441 1217 1603 1257 scena
1646 1208 1699 1255 et
1764 1197 1949 1253 fabula

369 1300 728 1370 TheOphanes
753 1306 891 1359 erat,
936 1296 1210 1366 palatinus
1228 1310 1288 1349 ea
1326 1303 1645 1363 tempestate
1688 1292 1946 1370 clericus,

373 1395 693 1463 habensque
760 1392 901 1461 apud
940 1390 1327 1463 iu'peratorem
1374 1385 1703 1441 eruditionis
1732 1364 1949 1455 opinio-

368 1500 517 1547 nem,
554 1498 617 1537 ac
675 1490 862 1553 postea
892 1480 945 1533 iu
988 1460 1261 1549 improbae
1292 1493 1470 1547 Opera:
1530 1475 1808 1543 prmmium
1837 1473 1951 1544 epi-

372 1589 574 1644 sropus
607 1571 870 1627 Caesarea:
886 1569 1243 1641 Cappadociae
1278 1576 1516 1622 creatus.
1537 1564 1635 1620 Hic
1661 1578 1946 1620 commen-

368 1668 549 1721 titium
593 1664 1003 1720 hunclibellum
1038 1664 1091 1717 in
1123 1661 1473 1721 bibliotheca,
1515 1668 1574 1713 ut
1599 1658 1807 1713 dictum
1841 1666 1948 1719 est,

369 1768 674 1828 repostum,
723 1764 1030 1825 opportuno
1060 1763 1306 1822 tempore
1342 1749 1606 1815 extrahit,
1649 1748 1948 1816 imperato-

2135 1198 2194 1252 Ὀ
2226 1198 2369 1252 κατά
2390 1199 2563 1253 ταῦτα
2584 1199 2641 1252 δὲ
2670 1198 2877 1262 πιστῶς
2909 1199 3376 1270 ὐπηρετούμενος,
3407 1199 3503 1252 καὶ
3527 1198 3628 1267 τὴν

2051 1291 2270 1360 ἀπάτην
2318 1291 2467 1362 αὐτῷ
2521 1290 2614 1343 τοῦ
2668 1291 2943 1361 δράματος
2983 1290 3632 1360 συγκατασκευαζόμενος

2050 1383 2330 1453 θεοφάνης
2363 1385 2569 1445 ἐκεῖνος
2594 1378 2682 1454 ἦν.
2715 1383 2976 1453 κληρικδς
3027 1381 3127 1455 μὲν
3156 1384 3275 1437 τότε
3324 1383 3627 1453 βασιλικὸς,

2050 1474 2146 1527 καὶ
2174 1472 2330 1537 δόξαν
2363 1472 2554 1541 σοφίας
2585 1473 2785 1535 ἱκανῶς
2832 1473 2976 1540 ἔχειν
3008 1473 3158 1545 παρά
3186 1471 3264 1542 τῷ
3295 1472 3507 1540 βασιλεί
3537 1489 3619 1525 νο⁶

2059 1565 2383 1636 μιξάμενος,
2442 1563 2669 1638 ὕστερον
2717 1565 2773 1618 δὲ
2826 1566 3160 1637 Καισαρείας
3230 1563 3633 1628 Καππαδοκίας

2056 1658 2355 1721 ἐπίσκοπος
2401 1657 2677 1726 γεγονὼς,
2732 1654 2896 1712 ἆολον
2945 1658 3148 1729 δηλαδὴ
3197 1657 3356 1711 τοῦτο
3400 1657 3500 1727 τῆς
3527 1674 3633 1711 κα·

2058 1751 2342 1820 κοτεχνίας
2397 1750 2605 1819 ταύτης
2652 1749 2855 1805 λαϐών.
2894 1750 3088 1803 Λαϐὼν
3141 1750 3250 1819 γὰρ
3278 1748 3338 1802 τὸ
3381 1748 3635 1818 πλασμα-

370 1852 525 1921 rique
547 1851 764 1914 librum,
795 1848 938 1903 velut
970 1847 1183 1902 caeteris
1208 1845 1468 1900 omnibus
1490 1840 1941 1898 admirabiliorem

2055 1844 2221 1906 τῶδες
2275 1846 2451 1896 ἐκεῖνο
2504 1841 2748 1914 βιϐλίον,
2789 1841 2885 1896 καὶ
2931 1844 2993 1912 τῇ
3043 1841 3395 1912 βιϐλιοθήκῃ,
3449 1838 3636 1902 καθὼς

366 1950 420 1995 et
449 1941 663 1996 arcanis
695 1938 1056 2003 rel‘ertiorem,
1085 1935 1307 1991 exhibet
1347 1952 1363 1990 :
1411 1933 1740 2002 simulatque
1782 1944 1941 2000 neque

2060 1935 2233 2001 εἶπον,
2264 1936 2625 2005 ἀποθέμενος,
2660 1931 2779 1988 εἶτα
2827 1934 2976 2005 ὥρας
3011 1934 3231 1987 εὐθέτου
3261 1933 3630 2004 δραξάμενος,

368 2051 449 2100 se,
476 2050 652 2105 neque
681 2033 988 2088 mortalium
1014 2044 1343 2102 quemquam
1375 2029 1493 2097 ejus
1518 2024 1795 2098 mysteria,
1821 2038 1941 2094 pra}.

2058 2029 2391 2084 ἐπιδείκνυσι
2418 2028 2496 2101 τῷ
2523 2028 2754 2099 βασιλεῖ,
2779 2028 2853 2091 ὡς
2877 2028 3092 2082 πάντων
3121 2027 3213 2080 καὶ
3243 2025 3459 2096 βιϐλίων
3501 2024 3635 2078 θαυ-

368 2138 450 2183 ter
474 2143 638 2179 unum
671 2125 947 2189 Photium,
967 2124 1185 2193 assequi
1210 2136 1385 2193 posse.
1407 2120 1547 2192 Ergo
1589 2116 1861 2187 extemplo
1886 2115 1941 2170 ac

2061 2124 2402 2193 μασιώτατον
2450 2121 2546 2175 καὶ
2586 2118 2996 2191 μυστικώτατον
3025 2119 3107 2175 ὃν.
3144 2119 3457 2189 Σκήπτεται
3492 2118 3635 2171 ἀποο

369 2216 623 2269 Photium
651 2215 902 2269 mittitur.
925 2212 1184 2266 Praetexit
1210 2211 1319 2277 ille,
1345 2209 1476 2265 nulli
1503 2222 1660 2280 posse
1690 2220 1951 2262 arcanum

368 2305 523 2368 illud,
575 2303 678 2358 nisi
712 2302 813 2360 soli
846 2300 1165 2371 imperatori
1206 2299 1498 2363 committi,
1554 2298 1622 2351 de
1656 2311 1766 2366 quo
1820 2295 1953 2350 illud

370 2396 550 2466 ipsum
576 2394 945 2464 perscriptum
974 2400 1142 2447 esset.
1177 2389 1316 2456 Quid
1348 2388 1547 2461 igitur?
1588 2388 1798 2458 capitur
1844 2387 1950 2440 im-

371 2488 642 2556 peratoris
714 2486 961 2541 salicitas
999 2484 1105 2538 hac
1146 2483 1351 2548 fabula,
1385 2491 1438 2537 et
1484 2496 1607 2536 cum
1663 2479 1861 2535 Photio
1896 2478 1951 2533 in

371 2580 604 2651 gratiam
641 2579 802 2633 redit.
839 2576 1028 2633 Solent
1061 2577 1207 2631 enim
1241 2576 1454 2639 faustae,
1484 2573 1736 2644 quamvis
1766 2572 1950 2626 vanis-

370 2673 522 2727 siuue
584 2671 996 2743 praedicationes
1032 2670 1306 2725 excelsam
1356 2677 1410 2724 et
1454 2668 1639 2739 gloria:
1690 2674 1951 2736 appeten-

344 2765 565 2819 .tiorem
602 2762 834 2817 indolem
866 2762 1087 2817 eludere
1112 2771 1165 2817 et
1192 2774 1454 2816 enervare
1482 2798 1495 2825 ,
1532 2758 1855 2828 penitusque
1892 2756 1945 2812 in

369 2870 525 2911 suam
563 2864 888 2924 potestatem
939 2854 1207 2922 redigere.
1260 2851 1388 2907 Hac
1418 2852 1558 2906 inter
1595 2850 1855 2906 Basilium
1892 2857 1947 2903 et

367 2946 623 3002 Pltotium
654 2948 807 3017 origo
847 2946 1250 3001 familiaritatis.
1307 2946 1448 2999 Hine
1502 2942 1757 3016 Ecclesia:
1792 2953 1945 2997 tran-

369 3040 572 3105 quillus
598 3048 775 3094 status
810 3039 1058 3095 funditus
1113 3053 1361 3095 eversus.
1400 3036 1526 3093 Haec
1552 3036 1741 3107 prima:
1771 3036 1946 3091 turba:

370 3147 417 3187 et
440 3133 803 3190 dissensionis
826 3134 1224 3204 rediutegratio.
1245 3134 1385 3189 Hinc
1402 3132 1653 3188 assiduus
1670 3132 1722 3186 in
1743 3130 1944 3200 palatio

369 3224 601 3281 Pltotius
631 3226 1063 3283 benevolentiam
1089 3225 1442 3296 imperatoris
1502 3224 1689 3279 furtim
1714 3224 1941 3295 collige-

371 3319 483 3382 bat,
517 3328 570 3374 et
607 3318 829 3375 demum
871 3322 988 3376 suis
1018 3320 1314 3389 praestigiis
1342 3328 1397 3374 et
1424 3334 1639 3372 morum
1669 3316 1943 3371 illecebris

372 3420 543 3464 totum
588 3411 690 3464 sibi
749 3411 925 3465 virum
977 3410 1295 3465 vindicavit.
1344 3408 1568 3463 Exstitit
1597 3423 1720 3462 mox
1751 3416 1805 3462 et
1838 3406 1943 3460 alia

368 3502 792 3557 uece~situdinis
822 3502 1062 3566 occasio,
1082 3502 1407 3557 Theodorus
1432 3502 1521 3556 ille
1553 3500 1742 3553 habitu
1769 3507 1945 3553 veste-

365 3609 472 3661 que
528 3594 581 3647 in
652 3594 887 3664 speciem
940 3593 1265 3658 monachus,
1323 3593 1567 3647 omnium
1613 3598 1793 3645 autem
1845 3590 1946 3644 im-

371 3686 669 3753 proborum
752 3685 1225 3755 improbissimus,
1280 3693 1335 3739 et
1415 3693 1760 3738 versutorum
1822 3696 1944 3736 ver-

366 3781 720 3842 sutissimns,
819 3780 1269 3839 Santabarenus.
1340 3780 1598 3850 inquam,
1665 3778 1732 3833 de
1797 3793 1941 3848 quo,

367 3871 582 3937 opinor,
627 3869 913 3924 audivistis
948 3885 1159 3925 omnes.
1210 3868 1366 3924 Hunc
1426 3870 1611 3930 nescio
1667 3870 1943 3938 quomodo

364 3971 639 4029 repertum
672 3962 835 4031 (nam
899 3977 1080 4032 pares,
1120 3971 1181 4018 ut
1215 3960 1437 4023 dicitur,
1461 3975 1585 4015 cum
1615 3960 1836 4029 paribus
1862 3960 1941 4013 la-

363 4056 467 4110 cile
509 4062 956 4127 congregantur),
1002 4067 1063 4112 ιιι
1103 4056 1280 4111 virum
1323 4054 1585 4125 singulari
1634 4052 1940 4115 sanctitate,

362 4150 727 4217 przescientia,
753 4166 1044 4216 rerumque
1068 4149 1375 4205 futurarum
1399 4148 1711 4218 cognitione
1738 4147 1942 4217 pollen-

361 4241 634 4296 tissimtttn
656 4260 668 4295 :
692 4243 889 4311 quibus
920 4252 1099 4299 tamen
1120 4244 1413 4299 virtutibus
1437 4259 1541 4298 non
1569 4243 1743 4299 solum
1768 4241 1942 4298 caruit

363 4333 654 4399 onmibus,
684 4335 777 4389 sed
809 4345 1021 4400 contra,
1056 4344 1112 4390 ut
1144 4336 1333 4399 aiunt,
1365 4336 1594 4407 magicis
1623 4335 1937 4406 praestigiis,

362 4433 414 4475 et
465 4424 771 4487 ariolandi,
822 4426 1189 4493 conjectandi,
1234 4426 1568 4489 incantandi,
1620 4426 1941 4495 animasque

2058 2218 2172 2286 ρεῐν
2192 2254 2206 2279 ,
2265 2215 2364 2267 οὐκ
2396 2214 2557 2276 αὐτὸς
2590 2214 2749 2283 μόνος
2770 2254 2783 2272 .
2819 2212 2934 2264 ἀλλ’
2962 2210 3070 2264 οὐδ’
3099 2210 3258 2273 ἄλλος
3296 2227 3400 2273 τις,
3438 2209 3629 2278 φησὶν,

2055 2307 2383 2378 ἀνθρώπων,
2415 2308 2446 2378 ῆ
2483 2306 2713 2368 Φώτιος,
2766 2304 2924 2358 τοῦτο
2970 2303 3265 2371 διαγνῶναι
3311 2299 3513 2355 δύναιτ’
3538 2299 3627 2354 ἄν.

2054 2400 2243 2453 Τοίνυν
2262 2399 2423 2463 εὐθὺς
2449 2397 2835 2453 ἀποστέλλεται
2858 2395 2992 2465 πρὸς
3012 2394 3196 2449 αὐτόν.
3225 2394 3630 2465 Σχηματίζεται

2053 2497 2277 2559 ἐκεῖνος,
2329 2494 2404 2566 μὴ
2441 2493 2701 2548 δύνασθαι
2740 2492 2878 2564 πρὸς
2913 2492 3073 2546 ἄλλον
3116 2493 3292 2544 εἰπεῖν
3324 2490 3385 2543 τὸ
3418 2489 3630 2558 μυστὴο

2056 2604 2191 2659 ριον,
2242 2586 2275 2658 ἢ
2318 2578 2469 2657 πρὸς
2503 2585 2664 2639 αὐτὸν
2722 2584 2863 2655 ὑπὲρ
2911 2577 2972 2638 οὐ
3021 2582 3117 2636 καὶ
3168 2582 3482 2651 γέγραπται
3531 2578 3627 2634 τοῦ

2060 2679 2341 2751 βασιλέως.
2373 2678 2438 2731 Τί
2469 2676 2561 2731 οῦν
2591 2695 2605 2744 ;
2634 2678 2864 2747 ἡττᾶται
2896 2675 3085 2730 λοιπὸν
3126 2675 3225 2744 τῆς
3273 2673 3627 2746 ῥᾳδιουργίας

2054 2771 2259 2840 ταύτης
2289 2771 2316 2822 ὁ
2345 2769 2642 2831 Βασίλειος,
2674 2767 2992 2821 ἀποτίθεται
3020 2766 3118 2837 τὴν
3146 2766 3492 2835 δυσμένειαν,
3525 2763 3625 2817 καὶ

2048 2864 2127 2926 είς
2161 2861 2511 2929 καταλλαγὰς
2562 2859 2814 2914 ἐντεῦθεν
2862 2862 3049 2930 χωρεῖ.
3086 2853 3207 2912 Οἵδε
3247 2858 3352 2927 γάρ
3386 2854 3625 2927 ηὰγαθὴ

2047 2956 2373 3027 πρόρρησις,
2408 2953 2512 3006 κᾶν
2538 2953 2620 3006 ὅτι
2656 2952 2891 3023 μάλιστα
2937 2950 3135 3020 ψευδὴς
3160 2944 3215 3021 ᾖ,
3250 2945 3626 3017 καταχαυνοῦν

2056 3049 2153 3103 καὶ
2203 3047 2415 3102 ἐκλύειν
2447 3046 2542 3099 καὶ
2575 3045 2703 3116 ὃλην
2749 3044 2949 3113 ἑαυτῆς
3002 3042 3273 3095 ποιεῖσθαι
3323 3040 3421 3109 τὴν
3452 3054 3625 3110 μεγα-

2049 3141 2287 3212 λόφρονα
2362 3142 2456 3195 καὶ
2529 3137 2940 3209 φιλοδοξοτάτην
3024 3135 3223 3205 ψυχήν.
3272 3133 3444 3186 Τοῦτο
3483 3130 3624 3201 πρὸς

2046 3235 2327 3288 Βασίλειον
2372 3234 2470 3304 τῆς
2498 3232 2594 3288 τοῦ
2628 3230 2837 3285 Φωτίου
2888 3228 3071 3299 φιλίας
3101 3228 3275 3299 ἁρχὴ’
3326 3224 3486 3279 τοῦτο
3521 3223 3624 3292 τῆς

2045 3326 2508 3397 ὲκκλησιαστικῆς
2534 3326 2760 3396 εἰρήνης
2794 3322 3111 3386 κατάλυσιο,
3148 3321 3244 3374 καὶ
3270 3319 3371 3389 τῆς
3398 3316 3625 3389 πρώτης

2046 3418 2458 3482 ἀκαταστασίας
2510 3417 2831 3480 ἀνανέωσις.
2897 3414 3177 3470 Ἐντεῦθεν
3226 3411 3465 3480 συνεχῶς
3507 3414 3626 3473 τοῖς

2050 3509 2339 3583 βασιλείοις
2372 3510 2400 3562 ὁ
2429 3508 2818 3578 πολυμήχανος
2848 3503 3210 3577 ἐπεχωρίαζε,
3243 3503 3492 3556 κλέπτων
3521 3501 3627 3571 μὲν

2045 3603 2146 3673 τὴν
2181 3600 2395 3655 εὐνοιαν
2422 3599 2515 3653 τοῦ
2547 3599 2897 3670 κρατοῦντος,
2921 3598 3042 3651 ὅλον
3064 3596 3121 3649 δὲ
3149 3596 3284 3665 πρὸς
3316 3593 3508 3647 ἑαυτὶν
3531 3592 3626 3644 τὸν

2048 3694 2217 3766 ἄνδρα
2265 3695 2386 3757 ταῖς
2428 3691 2703 3764 γοητείαις
2738 3691 2843 3744 τῶν
2871 3690 3045 3759 λόγων
3077 3688 3168 3741 καὶ
3206 3685 3486 3755 αἱμυλίαις
3513 3683 3628 3737 τῶν

2046 3785 2264 3857 τρόπων
2290 3779 2851 3850 κατασκευαζόμενος.
2897 3777 3220 3843 Ἐπεγένετο
3249 3775 3305 3829 δὲ
3338 3774 3433 3827 καὶ
3483 3771 3628 3843 ἄλλη

2045 3896 2131 3940 τις
2162 3876 2325 3941 εὐθὺς
2362 3874 2691 3937 οίκειώσεως
2739 3871 2985 3941 ἀφορμή.
3014 3869 3290 3937 Θεόδωρον
3336 3866 3446 3936 γὰρ
3479 3866 3630 3918 ὲκεῖο

2046 3987 2136 4022 νον
2166 3968 2293 4038 ἄχρι
2322 3966 2415 4020 τοῦ
2446 3967 2725 4039 σχήματος
2756 3963 2861 4016 τῶν
2896 3959 3130 4032 ἱματίων
3158 3958 3357 4021 ἁϐϐᾶν,
3391 3957 3619 4011 πάντων

2045 4060 2101 4114 δὲ
2141 4058 2331 4112 δεινῶν
2380 4057 2508 4110 ὄντα
2536 4056 2859 4119 δεινότατον,
2892 4054 2987 4106 καὶ
3009 4050 3335 4122 πανούργων
3376 4066 3625 4120 πανουρ-

2046 4153 2291 4222 γότατον,
2326 4150 2417 4203 τὸν
2447 4147 2862 4218 Σανταϐαρηνὸν
2893 4141 2989 4199 οἶδ’
3017 4146 3099 4199 ὅτι
3131 4143 3329 4207 πάντες
3352 4141 3579 4195 ἀκούετε
3602 4157 3622 4171 ο

2044 4244 2233 4299 τοῦτον
2271 4245 2372 4298 οὐκ
2408 4240 2503 4297 οἷδ’
2545 4244 2693 4304 ὅπως
2739 4242 2766 4294 ὁ
2805 4239 3007 4301 Φὼτιος
3038 4234 3289 4307 εὑρηκὼς
3344 4234 3475 4302 (καὶ
3512 4233 3629 4304 γάρ

2045 4337 2123 4409 τῷ
2151 4336 2322 4408 ὁμοίῳ
2348 4334 2537 4400 αὐτοῦ,
2571 4334 2712 4388 κατὰ
2734 4333 2833 4405 τὴν
2868 4332 3188 4402 παροιμίαν,
3207 4328 3628 4401 προσκολληθή-

2048 4448 2197 4484 σεται
2225 4429 2409 4500 άνὴρ),
2442 4430 2518 4492 ὡς
2556 4427 2723 4497 ἄνδρα
2770 4427 2944 4492 ἅγιον,
2983 4425 3078 4478 καὶ
3137 4421 3623 4494 διορατικώτατον,

360 4516 623 4569 evocandi
657 4518 867 4572 artibus
906 4518 1135 4587 insignis
1175 4518 1477 4574 habebatur
1510 4535 1522 4571 :
1582 4520 1729 4574 hunc
1767 4519 1938 4588 impe-

2046 4522 2137 4573 καὶ
2192 4516 2697 4591 προφητικὼτατον,
2720 4515 2895 4570 ταῦτα
2937 4515 3035 4585 μὲν
3087 4515 3190 4568 οὐκ
3235 4514 3387 4579 ὄντα,
3420 4515 3620 4580 πόθενς

363 4608 531 4661 ratori
585 4608 766 4675 sistit,
832 4611 1222 4681 imtncnsisque
1283 4612 1614 4667 celebratum
1679 4613 1933 4669 laudibus

362 4701 732 4754 commendat.
765 4700 1014 4771 Cumque
1043 4702 1155 4773 jam
1190 4703 1517 4771 imperatore
1546 4703 1740 4758 intimo
1779 4702 1938 4757 fami-

359 4789 765 4861 liarissimoque
791 4801 1054 4862 uteretur,
1086 4795 1310 4851 Pltotius
1337 4812 1432 4865 per
1466 4813 1587 4851 eum
1613 4796 1938 4866 patriarcha:

356 4883 569 4952 lgnatio
596 4884 900 4949 insidiatur,
920 4887 1211 4958 sedemque
1247 4889 1504 4944 amissam
1536 4890 1748 4944 occulte
1781 4904 1936 4942 recu-

357 4991 552 5044 perare
584 4962 850 5042 conatur,
902 4980 1119 5049 sibique
1164 4981 1344 5036 denuo
1386 4982 1621 5036 reditum
1672 4982 1936 5049 sacrilege

354 5077 655 5137 comparat.
684 5068 839 5135 Quod
861 5080 1040 5125 tamen
1065 5071 1151 5126 ubi
1180 5071 1296 5126 fore
1318 5073 1531 5127 dillicile
1555 5074 1748 5135 sensit,
1777 5089 1935 5142 aper-

356 5167 428 5219 Ie,
479 5170 538 5216 ttt
582 5160 635 5215 in
680 5163 1044 5218 sacerdotium
1086 5164 1483 5227 restitueretur,
1517 5180 1547 5219 a
1590 5166 1705 5220 viro
1740 5175 1935 5220 sancto

353 5248 501 5302 omni
538 5265 641 5319 ope
677 5253 983 5307 contendit.
1030 5252 1134 5308 Sed
1164 5255 1473 5323 patriarcha
1511 5270 1782 5310 canonum
1845 5255 1933 5309 di-

351 5341 628 5409 vinorum,
664 5345 952 5414 legumque
983 5345 1479 5403 ecclesiasticarum
1518 5349 1935 5404 observantissi-

352 5446 497 5497 mus,
536 5435 754 5489 tametsi
784 5436 1134 5492 vehementer
1173 5439 1523 5504 sollicitatus,
1568 5439 1717 5494 illum
1750 5449 1927 5494 tamen

354 5521 499 5575 haud
532 5523 773 5590 admisit,
807 5542 906 5583 nec
931 5530 1199 5599 grassanti
1234 5531 1362 5599 lupo
1390 5530 1622 5585 reditum
1641 5530 1710 5586 ad
1728 5530 1928 5585 Christi

353 5611 566 5665 caulam
594 5613 838 5682 indulsit,
862 5633 927 5671 ne
945 5633 1128 5673 secum
1148 5620 1262 5688 ipse
1284 5602 1568 5688 pugnaret,
1586 5610 1823 5691 suasque
1842 5637 1931 5691 op-

354 5716 618 5773 pugnaret
660 5709 1106 5779 subscriptiones.
1137 5715 1440 5783 meritoque
1471 5714 1664 5793 deinde
1680 5714 1745 5769 de
1759 5715 1926 5784 gradu

347 5797 626 5866 dignitatis
642 5802 1039 5862 deturbaretur.
1054 5804 1189 5863 Nam
1211 5822 1240 5865 a
1268 5808 1474 5879 synodo
1487 5808 1587 5865 rite
1603 5819 1927 5866 exauctora-

2041 4611 2302 4680 πολλοῦγε
2353 4613 2447 4666 καὶ
2470 4612 2580 4665 δεῖ·
2621 4610 2885 4680 μαντικῆς
2914 4608 2992 4674 δὲ,
3028 4608 3228 4678 μᾶλλον
3258 4606 3316 4661 δὲ
3347 4605 3621 4677 μαγικῆς,

2040 4706 2192 4773 φασὶ,
2226 4704 2321 4758 καὶ
2350 4704 2806 4775 ὀνειροκριτικῆς,
2840 4704 2959 4773 ἤτοι
2992 4701 3379 4772 δαιμονιώδους
3424 4699 3623 4768 σοφίας

2038 4796 2132 4850 καὶ
2154 4797 2390 4867 ψυχικῆς
2424 4795 2798 4865 μετεσχηκότα
2822 4793 2899 4864 τῷ
2928 4794 3292 4865 αὐτοκράτορι
3321 4795 3618 4865 προσάγει,

2038 4889 2131 4942 καὶ
2186 4887 2400 4958 μυρίοις
2469 4888 2710 4949 ἐπαίνοις
2745 4888 3078 4957 προσοικειοῖ
3108 4903 3123 4918 ’
3177 4887 3272 4939 καὶ
3326 4886 3621 4953 ἐγκόλπιον

2039 4980 2187 5051 αὐτῷ
2234 4981 2622 5051 ποιησάμενος,
2652 4980 2729 5051 τῷ
2769 4980 3082 5049 πατριάρχῃ
3116 4995 3216 5049 μεν
3257 4979 3619 5040 ἐπεϐούλευε,

2039 5073 2133 5126 καὶ
2167 5074 2267 5144 τὴν
2299 5072 2407 5127 ἀπὸ
2450 5072 2543 5125 τοῦ
2588 5072 2985 5143 πατριαρχείου
3044 5071 3190 5142 ρίψιν
3217 5071 3285 5125 δι’
3320 5074 3484 5127 αὐτοῦ
3520 5073 3625 5143 βα-

2039 5164 2175 5226 θέως
2200 5164 2424 5231 ἐπάγειν
2454 5164 2734 5232 ἐπειρᾶτο,
2764 5163 2953 5234 ἐαυτῷ.
2981 5165 3037 5217 δὲ
3065 5160 3224 5227 αὖθις
3262 5164 3479 5234 ἀνόμως
3512 5164 3616 5235 τὴν

2033 5254 2298 5311 ἀνάϐασιν
2334 5256 2554 5326 ἐμνᾶτο.
2624 5257 2776 5309 Ἐπεὶ
2807 5256 2864 5309 δὲ
2912 5256 3070 5310 τοῦτο
3124 5256 3333 5311 συνεῖδε
3376 5257 3617 5327 σκληρὸν

2035 5348 2114 5410 ὃν,
2148 5348 2396 5419 φανερῶς
2425 5351 2503 5411 είς
2540 5349 2840 5419 ἱερωσύνην
2873 5350 3025 5420 ποιρά
3066 5351 3160 5404 τοῦ
3215 5352 3373 5420 ἁγίου
3411 5350 3605 5422 δεχθῆ-

2035 5460 2141 5507 ναι,
2168 5445 2343 5496 πᾶσαν
2370 5445 2682 5514 ἐμηχανᾶτο
2716 5444 2983 5514 μηχανήν.
3024 5445 3167 5499 Ἀλλ’
3200 5449 3229 5501 ό
3260 5447 3614 5518 πατριάρχης

2034 5535 2221 5588 κανόσι
2278 5534 2413 5588 Θεοῦ
2486 5538 2581 5589 καὶ
2628 5537 2849 5606 θεσμοῖς
2932 5536 3409 5608 ἐκκλησιαστικοίς
3474 5539 3614 5593 ἀκο-

2032 5626 2257 5691 λουθῶν,
2286 5626 2463 5681 καίτοι
2505 5644 2568 5695 γε
2603 5628 2776 5682 πολλὰ
2819 5629 3263 5700 παρενοχληθε“ις,
3290 5631 3353 5682 οὐ
3386 5628 3615 5684 κατεδὲο

2032 5718 2179 5784 ξατο,
2204 5717 2322 5771 οὐδὲ
2351 5716 2429 5787 τῷ
2486 5718 2653 5787 φονίῳ
2686 5718 2834 5791 λύκῳ
2879 5719 3020 5774 κατά
3053 5719 3146 5773 τοῦ
3184 5719 3433 5789 ποιμνίου
3466 5719 3612 5788 πάρ-

2031 5812 2149 5865 οδον
2181 5808 2475 5883 παρέσχεν,
2508 5810 2597 5867 ἵνα
2626 5809 2702 5884 μὴ
2733 5811 2896 5877 αὐτὸς
2939 5811 3117 5883 ἑαυτῷ
3143 5810 3476 5883 περιπεσὼν,
3511 5810 3609 5865 καὶ
