4092 6642
406 474 512 538 569

1467 481 1644 541 VITA
1686 479 1747 540 S.
1770 476 2070 539 IGNATII
2089 477 2220 541 .CP.
2251 480 2610 541 ARCHIEP.

3540 477 3648 542 570

387 591 508 653 ταῖς
535 587 696 652 ἰδίαις
739 587 1082 651 ἐναντιωθεὶς
1105 588 1442 658 ὁμολογίαις,
1473 590 1696 653 ἐνδίκως
1729 590 1967 642 ἀποστε-

2071 599 2205 655 ιιιηι,
2240 607 2348 646 non
2383 594 2545 647 modo
2569 591 2912 663 provinciali,
2943 591 3038 650 sed
3065 590 3230 648 etiam
3255 591 3517 662 generali,
3549 593 3663 651 imo

395 680 531 752 ρηθῇ
563 681 665 752 τῆς
704 682 894 752 τιμῆς.
947 680 1051 735 Τὸν
1097 681 1207 753 γάρ
1255 682 1361 736 ὑπὸ
1406 683 1626 736 συνόδου
1666 681 1971 744 κανονικῶς

392 769 795 843 καθῃρημένον,
823 771 882 824 ού
903 772 1137 841 μερικῆς
1163 773 1344 843 μόνον,
1380 774 1516 828 ἀλλά
1571 777 1666 828 καὶ
1709 775 1968 843 οίκουμε-

391 866 570 932 νικῆς,
631 863 830 933 μᾶλλον
876 863 932 916 δὲ
969 863 1045 928 ὡς
1099 865 1233 935 μηδὲ
1279 866 1380 936 τὴν
1447 867 1624 936 ἀρχὴν
1693 864 1970 934 ἐνθέσμως

390 958 490 1027 τῆς
520 957 806 1028 ίεραρχίας
836 957 1117 1026 ἁψάμενον
1181 957 1343 1012 πλέον
1383 958 1547 1012 αὐτὸν
1579 958 1968 1027 ἀποκεκηρυγ-

399 1051 581 1120 μένον,
612 1050 896 1120 ἀμήχανον
927 1045 1068 1103 εἶναι
1097 1051 1391 1105 διετείνετο
1419 1051 1548 1105 ἄνευ
1603 1049 1823 1103 συνόδου
1853 1049 1974 1119 μείο

394 1142 545 1208 ζονος
610 1144 703 1196 καὶ
762 1143 1104 1214 κυριωτέρας
1177 1143 1506 1198 ἀθωοῦσθαι.
1567 1143 1707 1195 Ἀλλ’
1761 1142 1967 1203 ἐκεῖνος

391 1235 603 1296 οὐδενὸς
637 1235 795 1302 λόγον
830 1235 1049 1298 κανόνος
1088 1235 1121 1306 ἢ
1169 1236 1338 1305 νόμου
1395 1233 1719 1303 ποιούμενος
1746 1273 1761 1295 ,
1792 1231 1970 1302 ἐαυτῷ

391 1328 460 1380 τά
507 1329 606 1391 τῆς
659 1327 962 1400 ἱερωσύνης
1018 1329 1288 1399 ἐπέτρεψε
1323 1347 1337 1360 ο
1370 1328 1465 1381 καὶ
1516 1328 1616 1398 ἥδη
1661 1326 1795 1398 πρὸς
1859 1328 1970 1388 τοῖς

398 1419 687 1489 βασιλείοις
719 1421 812 1473 ἐπὶ
835 1424 900 1491 τῇ
922 1420 1236 1494 καλουμένῃ
1263 1420 1573 1492 Μαγναύρα
1621 1419 1968 1492 καταμένων,

395 1515 661 1584 ἐξάρχους
702 1531 764 1567 τε
803 1513 1190 1584 προεϐάλλετο,
1239 1515 1679 1585 καὶχειροτονίας
1698 1513 1968 1576 ἐπετέλει,

393 1605 486 1658 καὶ
520 1605 620 1658 ὅσα
653 1605 786 1677 πρὸς
833 1605 990 1674 ὓϐριν
1025 1605 1124 1674 μὲν
1160 1609 1258 1676 τῆς
1302 1606 1630 1676 Ἐκκλησίας
1671 1604 1764 1658 τοῦ
1810 1601 1968 1667 Θεοῦ,

396 1691 573 1762 θλίψιν
619 1693 676 1746 δὲ
733 1693 828 1746 τοῦ
881 1693 1244 1764 πατριάρχου,
1282 1691 1561 1748 ἀπώλειαν
1597 1693 1654 1746 δέ
1688 1693 1788 1762 τῆς
1831 1692 1971 1754 ίδίας

391 1774 592 1851 ψὐχῆς,
619 1782 850 1844 ἀνοσίως
873 1783 902 1834 ό
929 1781 1294 1845 ἀνοσιώτατος
1338 1781 1648 1851 εἰργάζετο.
1679 1779 1838 1833 Οὕτω
1870 1778 1972 1847 τῆς

395 1873 680 1944 βασιλικῆς
704 1871 920 1934 εὐθείας
954 1873 1300 1941 κατεφρόνει,
1333 1871 1534 1943 μᾶλλον
1561 1871 1618 1925 δέ
1646 1872 1747 1942 τῆς
1771 1869 1972 1940 ἀνοχῆς

2075 683 2166 752 qui
2217 701 2313 738 nec
2346 685 2415 740 ab
2460 686 2614 741 initio
2657 684 2875 755 quidem
2911 698 3148 756 unquam
3195 683 3438 752 legitime
3474 685 3660 741 sedem

2076 791 2286 830 sacram
2315 789 2659 847 occupasset,
2680 787 2844 849 atque
2876 778 3103 847 insuper
3131 777 3344 847 publice
3371 775 3664 834 damnatus

2075 882 2238 934 esset.
2266 875 2366 928 nisi
2415 874 2604 944 majori
2652 884 2705 928 et
2763 872 3044 943 amplioris
3071 871 3418 927 auctoritatis
3454 871 3663 942 synodo

2077 975 2186 1017 non
2229 977 2387 1031 posse
2429 962 2638 1018 absolvi
2674 962 3059 1018 contendebat.
3109 960 3180 1016 At
3225 960 3315 1016 ille
3355 960 3662 1016 canonibus

2075 1052 2395 1124 legibusque
2419 1056 2766 1125 contemptis.
2793 1055 3044 1123 ultroque
3073 1055 3175 1110 sibi
3219 1055 3528 1110 sacerdotio
3554 1054 3654 1108 dc-

2076 1160 2185 1200 nuo
2231 1155 2506 1216 arrogato,
2564 1147 2788 1201 sedebat
2830 1146 2885 1200 in
2939 1146 3081 1213 regia
3139 1144 3435 1217 Magnaura
3490 1145 3662 1206 dicta,

2075 1238 2414 1293 constituens
2443 1241 2730 1300 exarchos,
2766 1248 2820 1293 et
2865 1253 3051 1294 sacros
3082 1238 3304 1292 ordines
3349 1237 3662 1292 conferens.

2075 1325 2208 1381 Nam
2249 1327 2514 1397 quidquid
2563 1328 2629 1382 ad
2686 1327 2941 1382 Ecclesia!
2989 1327 3400 1392 contumeliam,
3449 1326 3664 1396 virique

2075 1418 2248 1473 sancti
2279 1419 2646 1480 aiilictioncm,
2678 1433 2946 1486 suumque
2975 1417 3148 1488 ipsius
3192 1418 3416 1472 exitium
3449 1425 3663 1485 specta-

2075 1510 2185 1575 bat,
2218 1511 2478 1582 sacrilege
2513 1511 2930 1580 profanissimus
2961 1510 3215 1564 audebat:
3255 1509 3394 1564 adeo
3422 1510 3663 1578 impera-
3719 1553 3734 1570 ,

2076 1605 2211 1659 toris
2237 1605 2606 1673 simplicitate,
2638 1605 2748 1658 imo
2783 1604 2944 1673 longa
2986 1603 3078 1657 Dei
3107 1601 3362 1672 patientia
3399 1611 3454 1655 et
3489 1601 3663 1670 paeni-

2072 1696 2276 1772 tentia;
2317 1696 2720 1765 exspectatione
2807 1696 3012 1750 abusus
3089 1697 3252 1749 homo
3336 1693 3663 1749 ambitiosus

2075 1787 2411 1857 pessimique
2471 1789 2748 1860 exempli,
2810 1797 2865 1844 ct
2917 1789 3172 1860 palatinis
3228 1788 3488 1842 omnibus
3553 1786 3660 1841 sibi

2077 1880 2407 1944 conciliatis,
2430 1896 2668 1950 suasque
2694 1883 2746 1935 in
2771 1891 2955 1950 partes
2975 1881 3258 1941 traductis,
3292 1881 3492 1936 latente
3517 1880 3665 1934 intus

390 1962 482 2016 τοῦ
526 1961 663 2015 Θεοῦ
691 1962 784 2015 καὶ
820 1962 1204 2032 μακροθυμίας
1232 1963 1261 2016 ὁ
1293 1962 1592 2033 δοξοχαρὴς
1631 1963 1837 2024 ἐκεῖνος
1874 1963 1967 2016 καὶ

2075 1974 2284 2028 scelere
2330 1973 2500 2026 multo
2535 1989 2696 2043 quam
2733 1983 2894 2028 antea
2935 1975 3107 2042 magis
3144 1974 3497 2043 apertiusque
3531 1988 3662 2042 pro-

391 2055 810 2118 σκανδαλοποιὺς
823 2054 918 2108 ἀνθ
928 2072 1104 2126 ρωπος
1130 2055 1509 2126 ὑπερφρονῶν,
1527 2055 1623 2108 καὶ
1643 2055 1750 2108 πᾶν
1761 2054 1822 2107 τὸ
1845 2054 1974 2123 περὶ

389 2148 478 2201 τὸν
500 2147 726 2216 βασιλέα
743 2146 1140 2218 θεραπευτικὸν
1164 2149 1258 2202 καὶ
1279 2148 1502 2200 οἰκίδιον
1517 2146 1970 2217 ὑποποιούμενος,

390 2241 485 2293 καὶ
507 2240 608 2311 τὴν
622 2240 1022 2310 ἐνδομυχοῦσαν
1043 2239 1190 2310 αύτῷ
1207 2240 1406 2293 κακίαν
1436 2238 1530 2294 καὶ
1554 2239 1821 2309 πονηρίαν
1837 2238 1974 2294 πολὺ

393 2333 594 2402 μᾶλλον
629 2335 662 2407 ἢ
688 2334 876 2406 πρώην
898 2335 1153 2388 ἐντονωτέ
1164 2351 1261 2403 ραν
1279 2332 1742 2403 ἐπιδεικνύμενος,
1759 2332 1852 2386 καὶ
1873 2332 1975 2400 τὴν

388 2428 496 2479 ἀιπὸ
514 2429 614 2494 τῆς
637 2429 911 2497 κοσμικῆς
925 2428 1248 2492 δυναστείας
1295 2427 1476 2497 πολλῷ
1498 2429 1658 2482 πλέον
1687 2427 1974 2497 προσλαμ-

385 2519 682 2589 ϐαιιόμινος
705 2521 903 2591 ῥοπήν·
926 2519 1079 2574 οὔπω
1093 2521 1248 2593 τρίτη
1271 2521 1410 2592 μετά
1421 2522 1519 2592 τὴν
1532 2521 1624 2574 τοῦ
1654 2521 1808 2587 ἁγίου
1831 2537 1975 2590 παρ·

387 2609 516 2676 ἦλθε
546 2610 877 2682 μετάστασιν
908 2611 1112 2682 ἡμέρα,
1147 2613 1346 2666 καὶτὸν
1363 2612 1972 2683 πατριαρχικὸνέπικα-

392 2703 726 2773 ταλαμϐάνει
745 2705 954 2775 θρόνον,
967 2706 1061 2759 καὶ
1074 2705 1174 2775 τὴν
1190 2705 1356 2758 πάλαι
1373 2704 1674 2777 λῃστρικὴν
1692 2703 1856 2775 αὑτοῦ
1877 2704 1972 2758 καὶ

388 2796 722 2866 τυραννικὴν
747 2794 995 2866 γνώμην,
1019 2796 1115 2850 καὶ
1143 2795 1241 2868 τὴν
1277 2796 1418 2849 κατά
1456 2795 1551 2849 τοῦ
1591 2795 1746 2864 ἀγίου
1773 2793 1971 2848 λύτταν

388 2887 802 2956 ἀνανεούμενος,
822 2890 1030 2952 πάντας
1048 2890 1145 2960 μέν
1174 2889 1301 2951 τοὺς
1321 2889 1556 2952 οἰκείους
1580 2887 1788 2942 ἐκείνου
1807 2887 1972 2958 θερα-

388 2982 595 3046 πευτὰς
614 2981 882 3050 φυλακαῖς
912 2985 1006 3036 καὶ
1027 2983 1262 3054 πληγαῖς
1291 2981 1386 3035 καὶ
1408 2980 1644 3051 ἐξορίαις
1667 2981 1761 3034 καὶ
1785 2980 1969 3051 θλίψε-

388 3093 473 3130 σιν
491 3079 809 3146 ἀνηκέστοις
827 3077 1146 3148 περιέϐαλεν
1165 3091 1180 3107 ο
1210 3077 1419 3137 πάντας
1439 3073 1495 3127 δέ
1519 3074 1644 3136 τοὺς
1663 3072 1972 3142 ἀντιλέγον-

388 3185 485 3230 τας
515 3166 681 3220 αύτοῦ
712 3169 778 3238 τῇ
808 3169 998 3238 ἀνόδῳ,
1035 3168 1111 3232 ὡς
1131 3167 1192 3221 οὐ
1224 3162 1545 3228 κανονικῶς,
1577 3162 1693 3216 ἀλλ’
1713 3164 1970 3234 ἀθέσμως

388 3255 485 3310 καὶ
528 3257 862 3328 παρανόμως
896 3259 1188 3332 γενομένῃ,
1255 3256 1475 3328 μυρίαις
1520 3257 1790 3324 ἐπινοίαις
1832 3271 1970 3308 κατ·

2078 2067 2220 2129 dito,
2272 2067 2554 2135 multoque
2607 2066 2814 2136 majore
2859 2081 3024 2136 quam
3073 2075 3230 2120 antea
3277 2065 3328 2120 vi
3381 2064 3663 2120 szecularis

2077 2158 2364 2229 potestatis
2389 2167 2724 2227 comparata,
2750 2173 2857 2212 non
2887 2166 3022 2223 toto,
3050 2173 3212 2225 quam
3234 2157 3476 2228 lgnatius
3505 2156 3663 2211 obie-

2075 2259 2184 2316 rat,
2234 2249 2418 2305 triduo
2460 2249 2669 2319 elapso,
2723 2250 2960 2305 tribunal
2997 2249 3378 2318 patriarchale,
3408 2258 3662 2304 revocata

2075 2341 2304 2412 pristina
2344 2353 2394 2396 et
2425 2341 2728 2410 patricidali
2760 2341 3155 2413 tyrannicaque
3187 2351 3388 2408 mente,
3423 2356 3662 2410 occupa-

2073 2431 2187 2491 vit;
2217 2440 2271 2484 et
2315 2430 2501 2484 furore
2530 2431 2796 2486 adversus
2834 2440 3085 2486 sanctum
3118 2441 3400 2497 renovato,
3433 2440 3662 2485 cunctos

2075 2521 2223 2574 illius
2269 2520 2606 2575 domesticos
2635 2535 2700 2575 ac
2743 2536 2933 2576 servos
2971 2519 3238 2575 custodiis
3262 2559 3277 2581 ,
3313 2519 3656 2584 verberibus,

2073 2609 2305 2675 exsiliis,
2335 2610 2568 2679 aliisque
2598 2610 2952 2666 intolerandis
2978 2611 3135 2666 malis
3177 2621 3225 2666 et
3263 2611 3530 2666 aerumnis
3560 2626 3659 2680 op-

2072 2700 2291 2771 pressit.
2343 2699 2686 2754 Provectioni
2744 2715 2910 2770 porro
2971 2700 3120 2755 illius
3173 2709 3364 2754 contra
3413 2700 3559 2770 leges
3605 2707 3663 2754 et

2075 2791 2385 2848 sanctiones
2418 2792 2820 2848 ecclesiasticas
2855 2791 3011 2848 facta
3041 2791 3356 2863 quicunque
3388 2807 3663 2862 repugna-

2036 2884 2226 2952 ,bant,
2282 2885 2384 2938 hos
2427 2884 2574 2940 mille
2608 2886 2820 2940 artibus
2869 2885 3223 2955 expugnavit.
3279 2884 3429 2939 Alios
3460 2884 3664 2953 quippe

2073 2978 2394 3032 muneribus
2417 2987 2470 3033 ct
2514 2978 2820 3032 honoribus
2857 2978 3273 3048 permulcendo,
3315 2977 3396 3030 vel
3447 2978 3662 3032 scdium

2072 3067 2462 3136 episcopalium
2521 3068 3061 3136 permutationibus,
3111 3068 3179 3122 ad
3227 3067 3546 3130 societatem
3606 3074 3665 3121 et

2073 3159 2517 3213 communionem
2560 3159 2805 3213 attraxit.
2839 3159 2992 3214 Alios
3027 3160 3264 3230 primum
3303 3159 3659 3213 criminatio-

2075 3250 2236 3305 nibus
2281 3249 2653 3320 inauditisque
2682 3251 2974 3306 calumniis
3007 3250 3365 3316 traducendo,
3396 3251 3662 3321 graviter-

390 3317 722 3421 ἐστρατηγει
749 3317 769 3382 ί
799 3317 1361 3424 οθςμένυδώροιςικαὶ
1395 3353 1692 3424 ἀξιώμασι,
1727 3317 1822 3404 καὶ
1846 3346 1967 3419 θρόε

2077 3357 2185 3412 que
2222 3341 2551 3396 lancinando
2585 3360 2600 3407 ;
2635 3357 2777 3412 quos
2824 3351 3002 3396 tamen
3043 3343 3267 3398 eosdem
3311 3358 3436 3396 mox
3463 3383 3479 3408 ,
3513 3343 3560 3398 si
3602 3356 3662 3396 se

389 3461 495 3495 νων
528 3442 851 3513 μεταθέσεσι
898 3445 1034 3514 πρὸς
1058 3444 1156 3516 τὴν
1191 3446 1309 3514 μετ’
1353 3445 1518 3500 αὐτοῦ
1552 3442 1834 3498 κοινωνίαν
1872 3444 1970 3494 ἐπο

389 3537 658 3604 ἀγόμενος
679 3553 694 3566 ο
721 3535 814 3600 οὓς
842 3536 898 3590 δὲ
929 3537 1304 3607 συκοφαντῶν,
1325 3537 1417 3591 καὶ
1448 3538 1534 3590 ἐπ’
1551 3534 1970 3607 αἰσχρουργίαις

387 3629 650 3698 ἀρρήτοις
681 3628 951 3698 διασύρων
989 3629 1050 3682 τὸ
1086 3629 1327 3699 πρῶτον,
1356 3629 1452 3682 καλ⁵
1477 3628 1688 3698 πικρῶς
1709 3626 1968 3681 διαλοιδο-

393 3717 753 3788 ρούμενος,εῖ
781 3737 862 3781 τις
904 3719 1084 3774 αὐτῶν
1130 3721 1281 3790 αὐτῷ
1337 3721 1478 3791 μετά
1535 3721 1712 3774 ταῦτα
1779 3737 1970 3773 κοινω.

389 3808 500 3860 νεῖν
531 3807 978 3879 ἀνωμολόγησεν,
1010 3809 1208 3882 αὔραις
1257 3811 1444 3883 φέρειν
1473 3812 1735 3882 ἐξαπίνης
1782 3813 1966 3865 ἐκεῖνα

389 3898 567 3951 πάντα
598 3901 932 3970 παρεχώρει.
967 3901 1077 3954 Καὶ
1102 3902 1514 3976 συλλειτουργὺς
1553 3903 1701 3973 αὐτῷ
1726 3902 1966 3974 σήμερον

386 3996 414 4046 ὁ
443 3994 716 4063 ἱερόσυλος
739 3994 900 4064 χθέςο
941 3995 1037 4049 καὶ
1067 3997 1392 4070 ἱεροφάντης
1429 3999 1606 4069 μέγας
1649 3998 1744 4051 καὶ
1788 3998 1966 4067 τίμιος

385 4086 414 4137 ὁ
444 4085 684 4154 κλέπτης
729 4087 824 4140 καὶ
854 4089 1050 4156 πόρνος
1083 4091 1178 4143 καὶ
1204 4089 1431 4160 βέϐηλος
1453 4089 1646 4162 πρώην
1671 4089 1762 4143 ὑπ’
1797 4088 1964 4144 αὐτοῦ

390 4178 508 4247 μεθ’
548 4179 727 4248 ὅρκων
762 4180 1242 4252 ἀποδεικνύμενος.
1271 4181 1378 4245 Οὓς
1403 4183 1458 4236 δὲ
1491 4183 1630 4253 πρὸς
1658 4184 1759 4252 τὴν
1789 4181 1960 4235 αὑτοῦ

386 4271 672 4322 κοινωνίαν
704 4268 856 4340 ἐώρα
882 4271 1126 4342 στερρῶς
1169 4272 1599 4343 ἀνθισταμένους
1661 4273 1964 4343 (ἐνίσταντο

383 4361 439 4413 δὲ
482 4361 705 4426 πάντες,
747 4361 862 4415 ὅσοι
907 4362 1123 4432 ἀληθῶς
1166 4367 1267 4434 τῆς
1301 4366 1690 4436 Χριστιανικῆς
1727 4365 1964 4429 πίστεως

384 4453 712 4522 ἀντείχοντο,
744 4453 820 4522 τῷ
850 4454 954 4507 ὑπὸ
973 4456 1134 4523 ἁγίας
1166 4457 1262 4510 καὶ
1294 4457 1684 4527 οἱκουμενικῆς
1743 4458 1964 4510 συνόδου

387 4543 680 4606 κανονικῶς
693 4544 1244 4619 ἀνατεθεματισμένῳ
1262 4550 1353 4603 καὶ
1369 4547 1583 4622 καθῃρη
1593 4551 1737 4621 μένῳ
1755 4552 1960 4603 ἐπικινι

2079 3439 2147 3493 ad
2175 3437 2294 3508 ejus
2326 3447 2508 3508 partes
2541 3438 2944 3508 adiunxissent,
2979 3455 3147 3494 causa
3175 3450 3282 3494 tota
3314 3439 3490 3494 ventis
3511 3453 3665 3494 com-

2077 3533 2269 3596 missa,
2305 3532 2562 3587 absolvit.
2615 3530 2692 3587 ita
2732 3532 2825 3603 qui
2861 3534 3023 3587 modo
3056 3533 3133 3588 illi
3173 3533 3480 3604 sacrilegus
3520 3541 3662 3597 erat,

2076 3629 2124 3682 is
2151 3627 2325 3680 eidem
2357 3642 2480 3680 mox
2513 3635 2813 3698 symmysta
2847 3634 2903 3681 et
2934 3627 3312 3682 comminister
3343 3627 3525 3684 ﬁebat.
3555 3626 3662 3692 Qui

2074 3723 2230 3794 prius
2261 3722 2369 3785 fur,
2399 3722 2632 3787 adulter,
2676 3733 2732 3776 et
2771 3722 3034 3792 profanus
3063 3721 3133 3776 ab
3175 3722 3268 3776 illo
3315 3721 3662 3792 juratissimo

2074 3813 2428 3882 probabatur,
2461 3813 2551 3868 ille
2594 3829 2719 3867 mox
2761 3813 2938 3867 eidem
2975 3829 3206 3883 magnus
3232 3821 3288 3866 et
3315 3813 3663 3869 venerandus

2075 3919 2356 3959 sacrorum
2391 3903 2622 3958 antistes
2665 3902 2988 3958 habebatur.
3038 3902 3188 3970 Quos
3226 3913 3408 3958 autem
3450 3904 3504 3956 in
3532 3919 3664 3958 sen-

2074 3994 2242 4050 tentia
2268 3995 2454 4050 ﬁrmos
2498 4010 2653 4050 suam
2681 3994 3127 4048 communionem
3163 3994 3374 4061 penitus
3407 3994 3651 4048 aversari

2072 4088 2294 4142 videbat
2319 4105 2334 4143 :
2362 4087 2755 4142 aversabantur
2777 4097 2960 4141 autem
2995 4101 3189 4141 omnes
3221 4086 3315 4155 qui
3343 4101 3470 4140 vere
3501 4085 3631 4140 Chri

2073 4180 2237 4236 stiani
2287 4187 2465 4241 erant,
2498 4179 2703 4247 quique
2742 4193 3064 4248 persuasum
3102 4177 3397 4240 habebant,
3439 4193 3499 4233 se
3536 4193 3662 4232 cum

2071 4286 2137 4326 eo
2161 4269 2254 4340 qui
2285 4286 2312 4324 a
2335 4279 2524 4323 sancta
2547 4280 2599 4324 et
2621 4268 2960 4324 meumenica
2993 4269 3208 4340 synodo
3239 4269 3340 4323 rite
3363 4278 3664 4336 sancteque

2071 4362 2362 4417 damnatus
2410 4369 2558 4415 esset
2603 4370 2658 4415 et
2699 4360 3017 4430 depositus,
3054 4361 3176 4415 sine
3205 4375 3422 4415 summo
3467 4358 3699 4444 salutisk

2070 4454 2312 4525 periculo
2353 4462 2407 4508 et
2445 4451 2615 4507 exitio
2655 4452 3065 4508 communicare
3091 4466 3201 4506 non
3238 4467 3426 4520 posse,
3486 4464 3663 4518 neque

2070 4562 2196 4601 cum
2247 4546 2341 4600 illo
2385 4545 2438 4599 in
2484 4561 2654 4599 unum
2700 4544 2903 4599 Christi
2943 4559 3144 4613 corpus
3190 4545 3530 4610 coalescere,
3565 4541 3683 4613 qui-

382 4638 672 4690 δυνότατον
721 4637 1065 4710 λογιζόμενοι
1113 4641 1208 4710 καὶ
1255 4642 1499 4713 ὀλέθριον
1540 4645 1838 4706 κοινωνεῖν,
1867 4645 1964 4696 καὶ

2074 4639 2273 4693 millies
2297 4638 2665 4693 venerandam
2689 4637 2894 4692 Christi
2928 4652 3146 4692 crucem
3177 4636 3405 4706 pedibus
3431 4636 3656 4690 concul-

383 4732 463 4792 εἰς
501 4730 559 4782 ἓν
593 4730 754 4800 σῶμα
781 4733 956 4801 τούτῳ
999 4734 1432 4804 συγκεκρᾶσθαι,
1462 4735 1540 4806 τῷ
1578 4736 1839 4806 μυριάκις
1870 4738 1963 4789 τὸν

383 4823 564 4888 τίμιον
614 4820 709 4874 τοῦ
753 4823 990 4888 Χριστοῦ
1049 4827 1540 4897 καταπεπατηκότι
1589 4829 1844 4899 σταυρὸν,
1875 4828 1970 4882 καὶ

381 4909 594 4972 πάντας
656 4913 994 4964 καταπατεῖν
1075 4912 1166 4966 διὰ
1242 4913 1344 4984 τῆς
1393 4916 1503 4967 τῶν
1571 4915 1961 4985 χειρογράφων

382 5001 740 5072 ἀπαιτήσεως
767 5001 1267 5076 καταϐιαζομένῳ),
1301 5006 1509 5061 τούτων
1548 5004 1640 5062 οὖν
1669 5009 1828 5070 ὅσους
1866 5027 1970 5078 φυ-

383 5091 574 5154 λακαῖς
639 5095 732 5145 καὶ
780 5095 1002 5163 μάστιξι
1039 5097 1264 5151 πείθειν
1289 5099 1390 5152 οὐκ
1421 5095 1556 5170 εἶχε,
1582 5100 1660 5170 τῷ
1689 5100 1961 5170 ὠμοτάτῳ

382 5185 634 5246 πάντων,
680 5185 985 5256 ἀνθρώπων
1039 5189 1135 5243 καὶ
1211 5191 1575 5262 ἀπηνεστάτῳ
1628 5194 1963 5264 παρέπεμπε

383 5277 624 5347 γαμϐρῷ
645 5290 659 5305 ⁸
679 5277 831 5330 Λέων
855 5279 913 5332 δέ
946 5275 1098 5344 οὗτος
1123 5277 1191 5352 ἦν
1214 5283 1242 5334 ὁ
1263 5282 1594 5352 καλούμενος
1617 5285 1961 5352 Κατάκαλος,

382 5370 483 5437 τῆς
519 5369 709 5439 βίγλας
730 5371 1092 5444 δρουγγάριος
1121 5373 1212 5427 ὑπ’
1246 5373 1412 5428 αὐτοῦ
1443 5376 1832 5446 προϐιϐασθείς
1857 5394 1870 5407 ·
1905 5379 1964 5443 ὃς

383 5463 482 5530 τῆς
529 5463 700 5532 τιμῆς
755 5465 918 5519 αὐτὸν
969 5467 1357 5537 ἀμειϐόμενος,
1397 5469 1605 5532 πάντας
1653 5470 1781 5534 τοὺς
1827 5473 1963 5542 πρὸς

384 5550 545 5604 αὐτὸν
576 5553 983 5621 πεμπομένους,
1039 5555 1128 5609 ἵνα
1150 5555 1332 5627 μικρῷ
1361 5555 1504 5628 λόγῳ
1519 5555 1616 5628 τὴν
1646 5559 1962 5628 μιαιφονίαν

386 5641 750 5712 παραστήσω,
807 5644 898 5697 ῖσα
935 5647 1165 5716 Λικινίῳ
1215 5647 1295 5717 τῷ
1341 5647 1509 5702 πάλαι
1561 5651 1626 5718 τῇ
1660 5649 1801 5703 κατά
1851 5651 1962 5704 τῶν

381 5733 555 5797 ἁγίων
593 5733 838 5804 ὠμότητι
892 5737 1112 5808 ἐχρῆτο.
1155 5741 1264 5794 Καὶ
1311 5741 1542 5805 πολλοὺς
1596 5741 1696 5811 μὲν
1750 5743 1960 5796 ἀνεῖλεν

384 5826 514 5894 ἄχρι
540 5826 732 5891 τέλους
764 5827 862 5898 τὴν
912 5830 1050 5902 ὑπὲρ
1078 5832 1176 5902 τῆς
1207 5833 1466 5905 ἀληθείας
1497 5835 1748 5888 ἔνστασιν
1793 5836 1960 5890 ἐνδει-

388 5915 657 5988 ξαμένους
695 5936 709 5952 ο
739 5921 958 5988 πλείους
978 5923 1034 5978 δέ
1066 5925 1548 6000 τῶνὴἀνυποίστων
1576 5927 1829 6001 βασάνων
1866 5931 1958 6002 ἡτ-

2069 4739 2272 4793 casset,
2300 4731 2550 4800 aliusque
2596 4745 2789 4784 omnes
2833 4745 2928 4799 per
2955 4729 3320 4800 chirographa
3361 4729 3411 4782 vi
3446 4737 3660 4782 extorta

2079 4824 2406 4880 conculcare
2451 4822 2771 4893 coegisset:
2827 4822 2947 4886 hos,
2976 4822 3222 4891 inquam,
3266 4834 3458 4874 onmes
3499 4830 3662 4889 quot-

2075 4926 2211 4988 quot
2241 4917 2479 4971 vinculis
2509 4915 2805 4985 “agrisque
2834 4914 3082 4984 frangere
3110 4929 3216 4967 non
3245 4915 3474 4982 poterat,
3512 4909 3659 4965 aiiini

2070 5026 2173 5066 suo
2199 5008 2369 5064 Leoni
2402 5015 2766 5077 cognomento
2795 5006 3069 5069 Catacalo,
3108 5006 3264 5074 biglae
3322 5020 3416 5059 seu
3449 5003 3662 5072 vigilia-

2067 5121 2189 5160 rum
2224 5102 2503 5173 praefecto,
2535 5116 2698 5170 quem
2732 5101 2845 5169 ipse
2875 5099 2940 5153 ad
2969 5113 3089 5152 eam
3122 5098 3439 5167 dignitatem
3467 5111 3660 5165 prove-

2066 5205 2240 5260 xerat,
2263 5193 2466 5249 homini
2496 5193 2801 5248 saevissimo
2824 5191 3337 5257 immanissiinoque
3371 5189 3617 5244 tradebat
3641 5206 3655 5243 :

2063 5287 2157 5357 qui
2186 5295 2243 5340 ut
2285 5301 2344 5340 se
2381 5287 2446 5338 de
2479 5284 2744 5338 beneﬁcio
2773 5293 2986 5354 gratum
3025 5282 3334 5345 exhiberet,
3359 5283 3556 5336 missos
3586 5281 3655 5336 ad

2062 5393 2122 5434 se
2149 5389 2376 5433 cunctos
2414 5381 2496 5448 (ut
2522 5375 2672 5431 brevi
2700 5374 3074 5431 carniﬁcinam
3118 5374 3266 5428 illam
3293 5373 3656 5440 comptehen-

2061 5473 2229 5540 dam)
2274 5469 2556 5525 Liciniana
2605 5469 2843 5540 quadam
2888 5468 3225 5522 immanitate
3277 5465 3653 5521 excruciabat.

2062 5565 2139 5619 Ex
2175 5562 2376 5632 quibus
2406 5563 2608 5617 multos
2639 5577 2738 5632 pro
2761 5561 2988 5616 veritate
3011 5561 3078 5615 ad
3111 5575 3295 5614 necem
3322 5573 3497 5628 usque
3523 5574 3653 5625 pro-

2062 5663 2366 5727 pugnantes
2387 5657 2609 5710 sustulit
2634 5673 2647 5709 :
2677 5655 2861 5726 plures
2881 5665 3061 5710 tamen
3086 5652 3444 5708 intolerandis
3477 5651 3654 5708 victos

2067 5747 2373 5812 tormentis,
2417 5747 2660 5817 praeclari
2691 5747 2936 5803 muneris
2971 5746 3115 5811 loco,
3144 5745 3378 5800 mittenti
3404 5744 3649 5798 remitte-

2067 5841 2178 5896 bat.
2213 5841 2370 5907 Quis,
2407 5857 2502 5910 pcr
2547 5839 2716 5897 Deum
2749 5841 3140 5904 immortalem,
3187 5838 3446 5910 temporis
3485 5837 3652 5907 hujus

2063 5943 2440 6007 tempestatem
2487 5945 2540 5994 et
2597 5935 2968 6008 iniquitatem,
3060 5936 3172 5992 imo
3225 5936 3350 6007 quis
3413 5927 3660 5990 tortuosi
