4012 6488
375 360 476 431 571

1571 369 1866 432 NICETfE
1904 369 2436 434 PAPHLAGONIS

3533 371 3639 437 572

371 485 628 542 draconis
677 485 824 542 illius
869 485 1098 545 insidias
1151 499 1205 564 et
1246 489 1681 545 macbinationes
1727 488 1960 544 dicendo

2073 489 2356 559 τωμένους,
2375 491 2448 554 ὡς
2471 491 2622 562 δῶρα
2643 491 2802 562 τίμια
2831 492 2963 562 πρὸς
2988 490 3079 544 τὸν
3107 491 3390 561 πέμποντα
3421 489 3645 553 τούτους

373 581 754 648 assequatur?
804 578 1004 636 Multos
1049 590 1321 635 veterator
1368 581 1458 633 ille
1501 580 1713 650 pcrjura
1769 579 1951 649 lingua

373 667 762 736 ealutnniatus,
800 679 892 723 attt
926 687 1019 740 per
1049 671 1214 726 falsas
1247 671 1660 724 criminationes
1693 680 1953 725 exaucto-

374 770 542 819 ratos.
606 773 728 814 mox
779 774 836 814 ut
891 778 1017 816 cum
1073 778 1137 815 eo
1187 779 1406 816 rursum
1451 759 1952 827 communicabant,

373 852 784 906 commendatos
819 855 1160 917 restituebat,
1199 865 1252 909 et
1287 871 1679 926 nonnunquam
1735 857 1800 911 aal
1839 872 1955 911 toa-

369 943 518 1011 jorcs
552 945 845 1013 dignitates
879 947 1258 1004 transferebat.
1297 950 1499 1005 Deinde
1525 953 1568 1005 si
1598 952 1722 1020 quis
1759 951 1952 1006 iterum

375 1049 572 1087 vesana
626 1035 771 1091 illius
828 1037 1038 1091 insania
1073 1040 1336 1100 olfensus.
1391 1056 1449 1096 se
1483 1042 1664 1095 denuo
1693 1043 1761 1096 ab
1811 1043 1958 1099 illius

373 1131 634 1184 societate
673 1131 1060 1194 abstinuisset,
1100 1134 1247 1188 hunc
1282 1151 1502 1188 rursum
1537 1134 1833 1190 damnabat
1864 1144 1960 1202 ret

372 1223 715 1290 damnatum,
775 1225 823 1279 si
876 1227 1154 1290 cessisset,
1208 1243 1330 1282 mox
1389 1229 1730 1284 admittebat.
1782 1230 1955 1285 Tanta

373 1315 558 1384 κίοι-ειη
585 1317 1016 1389 dominandique
1049 1320 1139 1374 siti
1175 1323 1463 1386 aestuabat,
1513 1333 1571 1378 ιιι
1615 1324 1762 1378 illius
1795 1340 1958 1380 causa

373 1422 472 1477 per
502 1409 766 1463 furiosam
798 1412 1152 1468 ambitionem
1177 1414 1322 1483 leges
1349 1415 1725 1483 divinas,jura
1753 1418 1958 1485 omnia,

373 1515 641 1569 sacraque
673 1504 1042 1570 permiscerct.
1081 1506 1132 1560 In
1169 1508 1360 1576 primis
1389 1517 1567 1563 autem
1608 1509 1712 1564 boc
1747 1511 1958 1577 agebat,

375 1602 437 1647 ut
483 1596 860 1652 ordinationes
899 1599 1226 1668 patriarclne
1253 1611 1666 1666 transmutaret,
1700 1613 1862 1672 atque
1893 1605 1962 1658 ab

373 1699 441 1738 eo
471 1684 759 1738 damnatos
787 1687 1010 1741 sedibus
1037 1691 1366 1745 restitueret.
1401 1689 1504 1744 Sed
1539 1707 1662 1745 eum
1701 1693 1749 1746 id
1789 1693 1961 1761 impc-

382 1777 551 1829 ratori
584 1792 690 1830 non
743 1777 1086 1847 probaretur,
1117 1781 1290 1840 videte
1315 1782 1442 1850 quid
1477 1784 1717 1838 tentarit.
1754 1783 1960 1839 Consc-

2057 583 2480 638 ἀνταπέστελλε.
2511 586 2607 648 Τίς
2653 585 2854 649 ἱκανῶς
2897 586 2991 641 τοῦ
3025 587 3144 639 τότε
3171 584 3367 654 καιροῦ
3406 584 3506 655 τὴν
3544 603 3644 638 κα-

2055 675 2201 740 κίαν,
2239 678 2438 746 μᾶλλον
2467 679 2524 732 δὲ
2562 679 2648 743 τίς
2693 679 2790 732 τοῦ
2838 680 3056 733 σκολιοῦ
3096 679 3390 750 δράκοντος
3431 678 3644 733 ἑκείνου

2055 765 2155 828 τὰς
2189 767 2413 838 ἐνέδρας
2445 767 2651 832 ἐξείποι
2683 769 2778 821 καὶ
2811 768 3060 840 μηχανάς
3087 787 3102 835 ;
3128 767 3363 830 Πολλοὺς
3387 767 3649 832 πολλάκις

2056 858 2084 910 ὁ
2119 857 2290 922 δόλιος
2319 859 2470 930 δολία
2503 860 2726 933 γλώσσῃ
2749 861 3128 930 συκοφαντῶν,
3154 861 3186 930 ἢ
3222 861 3309 912 ἐπ’
3339 861 3648 930 ἐγκλήμασι

2056 949 2218 1020 δῆθεν
2257 952 2560 1022 καθαιρῶν,
2598 956 2646 1006 εἰ
2691 954 2975 1007 συνέθεντο
3032 953 3170 1023 μετὰ
3223 952 3402 1006 ταῦτα
3449 968 3644 1004 κοινω-

2057 1043 2187 1100 νεῖν,
2219 1040 2445 1106 τούτους
2490 1039 2644 1107 αὖθις
2693 1044 3038 1112 ἁποκαθίστη
3077 1042 3367 1106 συνιστῶν,
3411 1043 3508 1094 καὶ
3552 1039 3648 1093 ἐπὶ

2062 1132 2282 1203 μείζους
2328 1134 2501 1188 ἐνίοτε
2553 1135 2778 1206 θρόνους
2823 1135 3114 1206 μεθιστῶν.
3151 1137 3258 1188 Καὶ
3292 1134 3432 1205 μετὰ
3467 1131 3644 1186 ταῦτα

2058 1224 2114 1278 δὲ
2151 1225 2311 1279 πάλιν
2357 1227 2510 1290 είτις
2537 1227 2702 1280 αὐτοῦ
2728 1227 3145 1300 προσωχθηκὼς
3199 1229 3322 1291 ταῖς
3362 1224 3647 1286 ἁπονοίαις

2059 1318 2330 1388 ἀπέσχετο
2358 1319 2456 1387 τῆς
2492 1321 2805 1383 κοινωνίας,
2841 1315 2999 1383 αὖθις
3031 1319 3268 1391 καθῄρει
3309 1319 3523 1380 τοῦτον,
3551 1317 3648 1370 καὶ

2061 1404 2444 1458 ὑποκύπτοντα
2505 1406 2763 1476 προσίετο
2809 1407 2991 1460 πάλιν.
3047 1406 3236 1470 Οὕτως
3313 1407 3537 1476 ἔτρεχεν
3589 1404 3652 1456 ἐν

2059 1493 2203 1562 δίψει
2250 1495 2427 1549 πάντα
2461 1496 2664 1549 κανόνα
2705 1495 2848 1548 θεῖον
2914 1497 3009 1549 καὶ
3051 1496 3233 1549 πᾶσαν
3282 1493 3652 1562 θεσμοθεσίαν

2065 1587 2217 1658 ἱερὰν
2244 1586 2332 1640 διὰ
2362 1589 2461 1658 τῆς
2492 1585 2660 1640 αὑτοῦ
2704 1588 2999 1660 φιλαρχίας
3038 1587 3270 1658 συγχέαι
3300 1589 3394 1641 καὶ
3415 1586 3651 1656 δοξομα-

2061 1682 2200 1744 νίας.
2237 1680 2350 1751 Πρδ
2401 1679 2610 1733 τούτων
2639 1681 2693 1734 δὲ
2730 1681 2944 1734 πάντων
2975 1683 3238 1751 πειρᾶται
3294 1681 3395 1750 τὴν
3418 1679 3512 1733 τοῦ
3543 1696 3652 1732 πα-

2063 1773 2324 1844 τριάρχου
2365 1773 2710 1844 προχείρισιν
2752 1773 3038 1844 μεθιστᾷν,
3073 1773 3324 1836 καὶτοὺς
3351 1773 3652 1826 κατάὐτὸν

375 1879 557 1922 cratos
589 1884 617 1920 a
671 1881 856 1925 saneto
902 1870 1106 1940 lgnatio
1164 1889 1441 1929 reseerare
1493 1886 1746 1932 conatur.
1801 1877 1954 1942 Quod

2073 1866 2490 1937 καθῃρημένους
2523 1867 2646 1928 ταῖς
2696 1865 3016 1936 ἐκκλησίαις
3046 1865 3440 1936 ἁντικαθιστᾷν
3473 1879 3489 1896 ·
3523 1865 3653 1918 ἐπεὶ

377 1973 500 2014 cum
530 1977 680 2030 :rque
707 1978 894 2032 parum
929 1981 1092 2020 succe
1112 1971 1245 2020 teret
1271 2009 1285 2030 ,
1316 1983 1616 2037 ontnrsque
1644 1969 1959 2038 indignissi—

378 2067 464 2104 me
491 2054 716 2120 ferrent,
747 2065 910 2123 atque
935 2068 1384 2123 exsecrarentur;
1421 2076 1486 2112 ne
1512 2062 1584 2113 ita
1619 2061 1836 2130 quidem
1862 2061 1960 2116 de-

376 2137 503 2196 fecit
535 2143 812 2212 iniquitas.
853 2145 1240 2202 Ilumcrailbus
1269 2160 1324 2202 et
1356 2151 1572 2212 orariis,
1601 2161 1653 2205 et
1685 2152 1806 2207 aliis
1846 2164 1958 2206 sta-

375 2242 466 2287 tus
491 2236 845 2290 sacerdotalis
875 2239 1139 2306 coemptis
1173 2240 1500 2310 insignibus,
1531 2252 1740 2298 secreto
1775 2261 1961 2313 preces

378 2339 540 2392 Super
574 2342 634 2379 ea
660 2328 930 2396 quasdam
1002 2331 1067 2397 (si
1103 2341 1284 2384 tamen
1318 2349 1526 2402 preces,
1559 2342 1611 2386 ct
1639 2350 1744 2387 non
1779 2337 1960 2405 potius

377 2417 510 2469 dirae
539 2421 941 2474 exsecrationes
969 2424 1304 2492 appelland;e
1338 2429 1484 2493 sunt)
1518 2428 1906 2494 pronuntiabat
1942 2446 1972 2483 :-

378 2509 569 2578 sicque
595 2528 656 2564 ea
688 2513 920 2582 singulis
940 2514 1060 2570 loco
1085 2517 1328 2571 muneris
1352 2517 1760 2588 largitionisquc
1779 2520 1960 2576 dabat.

378 2600 558 2670 Atque
599 2613 656 2656 ut
709 2617 987 2670 pet-catum
1039 2608 1190 2662 fieret
1227 2623 1390 2676 supra
1439 2611 1658 2664 nmium
1709 2628 1959 2679 peccans,

381 2694 583 2764 ubique
634 2695 998 2766 iurisiurandi
1047 2713 1410 2770 sacramenta,
1456 2705 1658 2775 ubique
1688 2707 1965 2776 chirogra-

379 2785 490 2855 pba
518 2787 785 2856 exigebat,
825 2790 940 2844 sive
974 2792 1210 2848 initiaret
1237 2833 1252 2857 ,
1285 2796 1401 2850 sive
1442 2798 1678 2850 honores
1703 2808 1756 2852 et
1787 2798 1964 2868 digni-

383 2884 522 2930 tates
548 2877 948 2934 ecclcsiasticas
979 2881 1252 2936 conferret
1275 2925 1290 2948 ,
1325 2885 1437 2956 sith
1465 2888 1810 2955 episcopatus
1839 2904 1962 2955 per—

379 2978 638 3024 mutaret.
682 2970 1114 3044 Quibttscunque
1143 2976 1361 3030 demum
1387 2994 1444 3032 se
1474 2978 1793 3032 beneticiutn
1830 2995 1965 3050 prte-

381 3071 530 3114 stare
559 3065 836 3127 censebat,
875 3065 976 3119 bos
1012 3066 1116 3119 sibi
1157 3067 1552 3136 obstringebat,
1583 3080 1635 3123 et
1674 3073 1964 3126 testatissi-

379 3152 488 3206 mis
515 3153 894 3224 eluit-egrapbis
923 3159 1131 3213 exactis
1175 3160 1278 3214 sibi
1311 3163 1556 3225 ριινυικιι,
1585 3163 1786 3232 ubique
1805 3179 1960 3217 suam

379 3241 644 3298 duntaxat
682 3247 908 3317 gloriam
957 3250 1283 3317 alfectando,
1328 3255 1598 3324 novisque
1639 3257 1800 3311 rebus
1851 3267 1966 3312 stu-

382 3336 582 3391 dendo.
633 3338 822 3410 Neque
868 3341 961 3396 Dei
1005 3353 1136 3398 nutu
1171 3345 1250 3398 vel
1293 3349 1631 3414 providentia
1675 3349 1777 3404 sibi
1831 3350 1970 3406 bene

382 3424 501 3481 fore
535 3443 774 3498 unquam
803 3433 1078 3499 credebat,
1113 3445 1209 3494 aut
1233 3438 1487 3506 sperabat
1515 3457 1529 3504 ;
1575 3441 1668 3495 sed
1704 3457 1800 3511 per
1830 3441 1972 3497 tnui?

384 3516 549 3584 tiplex
589 3521 867 3590 ingenium
909 3540 1068 3579 suum
1111 3543 1208 3582 seu
1244 3529 1534 3585 artiﬁcium
1565 3571 1580 3596 ,
1619 3533 1731 3588 imo
1761 3536 1971 3590 malefi-

381 3611 554 3675 cium,
593 3627 714 3668 sese
740 3617 1186 3673 communiebat:
1233 3621 1474 3692 adeoque
1506 3633 1677 3680 totum
1715 3628 1974 3684 Ecclesia:

382 3713 585 3758 statum
613 3707 1008 3776 pet-miscebat,
1034 3712 1393 3782 omniumque
1415 3718 1728 3772 mortalium
1757 3720 1973 3776 animos

384 3797 642 3865 pessimis
700 3803 965 3872 exemplis
1021 3803 1327 3860 oﬂendebat
1371 3823 1386 3872 ;
1446 3818 1612 3879 atque
1661 3820 1718 3864 ut
1767 3812 1972 3867 CbriSIi

380 3901 582 3943 nomen
626 3889 1120 3961 blaspltcmaretur,
1168 3897 1348 3968 impiis
1379 3899 1589 3956 artibus
1621 3902 1736 3958 suis
1770 3903 1967 3960 eﬂicie—

383 3976 497 4033 bat.

455 4063 598 4140 Ergo
630 4073 720 4128 ubi
757 4074 952 4130 iterum
993 4077 1426 4148 patriarcbatum
1469 4085 1689 4152 invasit,
1725 4085 1974 4141 Theodo-

383 4177 506 4216 rum
539 4163 691 4218 illum
719 4166 903 4236 (quem
929 4169 1044 4239 ipse
1071 4174 1224 4227 exsul
1256 4173 1543 4230 Pati-arum
1573 4179 1972 4248 metropolitam

381 4255 607 4320 ereavit,
635 4272 796 4326 quem
832 4260 1054 4328 quidam
1088 4261 1261 4319 facete
1297 4267 1714 4338 Apbantopolis,
1743 4269 1848 4326 hoc
1867 4281 1972 4337 est,

385 4360 661 4416 nusquam
717 4353 987 4408 exstantis
1030 4354 1268 4411 civitatis
1314 4361 1712 4429 tnctropclitam
1763 4377 1978 4419 nuncu-

385 4438 632 4509 pabant),
661 4441 827 4508 hunc,
855 4444 1100 4526 inquam,
1120 4446 1469 4504 Theodorum
1506 4452 1571 4506 ad
1595 4452 1861 4510 Joannem
1880 4471 1978 4526 pa-

2071 1959 2126 2012 δὲ
2150 1959 2246 2012 οὐκ
2274 1958 2509 2028 ῆρεσκεν
2532 1955 2674 2010 οὕτω
2701 1957 2781 2027 τῷ
2806 1957 3035 2028 βασιλεῖ,
3057 1959 3221 2026 ὁρᾶτε
3272 1951 3384 2010 οἷον
3421 1955 3654 2025 ὲτόλμαο

2073 2053 2213 2115 Τοὺς
2265 2053 2369 2104 ὑπὸ
2402 2051 2497 2104 τοῦ
2543 2054 2700 2121 ἁγίου
2751 2051 3169 2120 τετελεσμένους
3213 2051 3473 2120 ἐπειρᾶτο
3517 2049 3653 2102 ἁναο

2070 2149 2398 2214 χειροτονεῖν
2429 2163 2442 2176 ·
2503 2147 2624 2200 ἐπεὶ
2670 2144 2726 2198 δὲ
2771 2143 2865 2196 καὶ
2919 2143 3078 2196 τοῦτο
3118 2142 3226 2195 τῶν
3281 2141 3658 2195 ἀτοπωτάτων

2071 2235 2216 2304 ἔδοξε
2264 2240 2359 2290 καὶ
2401 2239 2714 2301 ἀπευκτῶν,
2757 2237 2866 2289 οὐδ’
2897 2236 3070 2299 οὕτως
3105 2235 3390 2305 ἠπόρησεν
3428 2237 3460 2301 ἡ
3493 2252 3662 2304 πονη-

2074 2328 2165 2400 ρία
2197 2345 2210 2359 ·
2237 2329 2522 2402 ὼμοφόρια
2551 2331 2606 2384 δὲ
2652 2329 2746 2383 καὶ
2774 2328 2988 2399 ὼράρια
3018 2327 3325 2396 ὠνούμενος
3350 2365 3366 2391 ,
3397 2327 3491 2378 καὶ
3550 2327 3660 2378 ὅσα

2073 2421 2169 2490 τῆς
2203 2422 2485 2492 ἱερατικῆς
2521 2422 2770 2491 σύμϐολα
2801 2419 3135 2491 χρηματίζει
3168 2417 3522 2481 τελειώσεως,
3557 2417 3657 2470 καὶ

2071 2511 2282 2575 τούτοις
2315 2513 2374 2564 ἐν
2406 2515 2690 2585 μυστηρίῳ
2721 2513 2928 2575 οίκείας
2978 2511 3249 2578 ἐπιλέγων
3297 2509 3465 2579 εὐχάς
3489 2526 3504 2541 ·
3535 2509 3655 2577 εἴτε

2072 2603 2273 2666 ταύτας
2302 2605 2488 2674 εὐχὰς,
2517 2605 2630 2658 ἀλλ’
2665 2606 2725 2658 ού
2770 2603 3084 2674 δυσφημίας
3124 2603 3340 2670 ἐναγεῖς
3364 2600 3661 2670 ὀνομάζειν

2074 2696 2253 2768 χρεών
2286 2713 2300 2727 °
2341 2697 2514 2761 οὕτως
2538 2699 2755 2768 ἑκάστῳ
2792 2696 2934 2765 λόγῳ
2984 2695 3298 2764 φιλοτιμίας
3347 2693 3517 2746 ἐδίδου
3553 2694 3656 2746 καὶ

2074 2791 2433 2860 χαρίσματος.
2463 2791 2584 2845 Ἵνα
2617 2791 2672 2844 δὲ
2709 2791 2833 2845 καθ’
2862 2789 3172 2860 ὑπερϐολὴν
3199 2786 3532 2858 ἁμαρτωλὸς
3559 2785 3656 2871 γέέ

2073 2900 2232 2950 νηται
2276 2884 2308 2953 ἠ
2355 2884 2620 2954 ἁμαρτία,
2670 2882 2946 2952 πανταχοῦ
2996 2882 3187 2952 ὅρκος,
3219 2878 3496 2949 πανταχοῦ
3545 2877 3662 2930 τῶν

2075 2976 2452 3046 χειρογράφων
2481 2976 2800 3044 ἀπαίτησις,
2825 2979 2881 3028 ἐν
2914 2973 3294 3046 χειροτονίαις,
3324 2973 3382 3024 ὲν
3410 2971 3664 3040 ἀξιώμα-

2079 3084 2180 3130 σιν,
2216 3068 2274 3121 ὲν
2317 3068 2668 3136 μεταθέσεσιν
2697 3083 2710 3096 °
2739 3070 2796 3120 ὲν
2827 3071 2992 3121 πᾶσιν
3014 3063 3096 3130 οἷς
3128 3068 3440 3137 εὐεργετεῖν
3471 3065 3659 3133 ἐνομί-

2079 3159 2219 3223 ζετο,
2269 3159 2544 3212 κατεδεῖτό
2572 3177 2632 3212 τε
2661 3162 2753 3212 καὶ
2802 3161 3108 3230 ἱδιοχείροις
3159 3160 3529 3230 ἰσχυροτάτοις
3557 3160 3662 3228 ἡστ-

2073 3251 2348 3320 φαλίζετο,
2393 3253 2734 3322 πανταχόθεν
2774 3254 2876 3307 sitv
2937 3253 3076 3306 ἰδίαν
3120 3252 3294 3316 δόξαν
3333 3251 3532 3322 ζητῶν,
3560 3251 3658 3302 καὶ

2072 3345 2280 3416 χαίρων
2307 3345 2427 3408 ταῖς
2450 3345 2835 3414 καινοτομίαις
2860 3363 2872 3376 ·
2908 3347 3002 3398 καὶ
3027 3345 3088 3399 ού
3119 3344 3206 3397 διὰ
3220 3344 3312 3396 τοῦ
3337 3341 3496 3408 Θεοῦ,
3526 3342 3654 3396 οὐδὲ

2072 3438 2160 3491 διὰ
2187 3439 2286 3507 τῆς
2312 3427 2520 3492 ἐκείνου
2550 3439 2812 3508 συστῆναί
2835 3455 2967 3491 ποτε
3003 3437 3260 3508 προνοίας
3290 3439 3322 3509 ἢ
3354 3435 3654 3501 πιστεύων,

2074 3529 2107 3600 ἢ
2146 3529 2486 3600 προσδοκῶν,
2517 3530 2605 3584 διὰ
2631 3532 2729 3600 τῆς
2753 3531 2962 3592 οἰκείας
3009 3530 3066 3583 δὲ
3101 3529 3457 3600 πολυτεχνίας
3488 3528 3522 3598 ἦ
3550 3543 3658 3582 κα-

2076 3621 2359 3692 κοτεχνίας
2411 3623 2602 3676 ἑαυτὸν
2664 3622 2958 3694 ἐπιχειρῶν
3015 3624 3293 3694 συνιστᾷν,
3324 3623 3419 3676 καὶ
3473 3623 3661 3675 πᾶσαν

2073 3713 2216 3768 οὕτω
2248 3715 2496 3784 συγχέων
2539 3715 2889 3779 Ἐκκλησίαν,
2915 3717 3009 3768 καὶ
3039 3717 3221 3769 πᾶσαν
3249 3714 3393 3768 οὕτω
3424 3715 3662 3768 σκανδα-

2073 3805 2236 3871 λίζων
2263 3807 2460 3878 ψυχὴν,
2488 3807 2583 3860 καὶ
2607 3809 2667 3860 τὸ
2698 3808 2871 3876 ὄνομα
2910 3808 3004 3861 τοῦ
3033 3807 3267 3876 Χριστοῦ
3311 3806 3660 3877 βλασφημεῖ-

2076 3899 2200 3952 σθαι
2241 3901 2328 3954 διὰ
2364 3900 2465 3970 τῆς
2526 3899 2691 3953 αὐτοῦ
2756 3899 3172 3972 κακομηχανίας
3234 3897 3661 3969 παρασκευαζό-

2077 4007 2261 4060 μενος.

2147 4084 2302 4137 Μετὰ
2329 4083 2459 4152 γοῦν
2490 4084 2552 4138 τὸ
2597 4085 2688 4138 τὸν
2727 4083 2916 4156 θρόνον
2959 4082 3021 4136 τὸ
3071 4081 3327 4153 δεύτερον
3353 4081 3662 4150 κατασχεῖν

2074 4173 2349 4246 Θεόδωρον
2380 4176 2608 4240 ἐκεῖνον,
2637 4175 2695 4227 ὃν
2725 4177 2782 4227 ἐν
2806 4173 2989 4244 ὲξορία⁴
3003 4173 3314 4241 καθήμενος
3341 4171 3504 4235 αὐτὸς
3540 4172 3648 4242 μὲν

2076 4269 2156 4331 είς
2181 4268 2277 4330 τὰς
2294 4268 2519 4337 Πάτρας
2551 4252 2926 4337 ἐχειροτόνησε
2973 4265 3378 4336 μητροπολίτην
3406 4279 3422 4295 ·
3459 4264 3662 4336 ξΑφαν-

2075 4357 2344 4420 τοπόλεως
2376 4358 2434 4411 δὲ
2475 4357 2662 4411 τοῦτον
2700 4356 2935 4420 ἀστείως
2992 4357 3041 4409 οἱ
3090 4355 3223 4426 παρ’
3279 4356 3476 4424 ἐκείνῳ
3511 4371 3657 4408 κατ-

2077 4447 2361 4519 ωνόμαζον
2391 4465 2406 4481 °
2431 4449 2619 4502 τοῦτον
2648 4450 2786 4524 πρὸς
2817 4449 3074 4518 Ἰωάννην
3096 4447 3189 4500 τὸν
3213 4447 3401 4501 πάπαν
3425 4448 3662 4515 ἀποκρι-

385 4543 511 4598 pam
553 4535 971 4601 apocrisiarium
1013 4539 1356 4607 destinavit;
1405 4558 1499 4611 per
1523 4560 1684 4613 quem
1727 4549 1967 4617 scripsit,

2081 4541 2292 4612 σιάριον
2348 4542 2764 4613 προεχειρίσατο
2789 4541 3027 4612 γράψας,
3058 4541 3137 4593 ὅτι
3199 4539 3289 4609 βίᾳ
3341 4539 3509 4608 πολλῇ
3556 4539 3662 4608 τῆς

385 4635 446 4675 se
476 4637 570 4691 per
589 4626 695 4678 vim
714 4642 750 4690 ιι,
763 4635 872 4682 tota
895 4628 1128 4686 Ecclesia
1149 4642 1368 4704 totaque
1393 4636 1666 4704 republica
1699 4650 1972 4708 coactum,

390 4715 630 4771 tribunal
705 4734 921 4776 sacrum
967 4724 1144 4778 denuo
1189 4727 1516 4796 perinvitum
1555 4731 1971 4786 conscendisse.

389 4809 569 4880 Atque
600 4819 658 4879 ut
676 4815 1021 4870 mendacium
1055 4817 1106 4871 in
1140 4817 1366 4887 cpistola
1396 4821 1656 4889 scriptum
1685 4823 1972 4890 stabiliret,

393 4917 486 4970 per
511 4903 732 4958 Petrum
757 4921 788 4959 a
812 4908 1062 4973 secretis,
1098 4909 1190 4976 qui
1224 4921 1410 4980 postea
1451 4913 1520 4967 ob
1559 4912 1814 4982 ﬁgmenta
1841 4915 1977 4970 Sar—

389 4995 536 5048 dium
567 4997 808 5065 pontifex
845 5001 1050 5067 pragmii
1089 5001 1209 5057 loco
1233 5002 1416 5059 dictus
1449 5013 1550 5069 est,
1583 5005 1833 5059 ctnnium
1863 5021 1978 5060 me-

391 5088 768 5156 tropolitarum
816 5092 970 5160 signa
1044 5093 1311 5162 furatur;
1372 5097 1618 5166 adeoque
1667 5096 1818 5167 ipsos
1871 5097 1979 5152 sibi

390 5181 764 5249 metropolitas
809 5183 1112 5238 sulfuratur
1152 5186 1370 5254 ignaros
1407 5203 1467 5242 se
1509 5188 1692 5242 libello
1727 5190 1988 5243 subseri.-

389 5271 597 5338 psisse,
641 5289 762 5327 cum
806 5289 1064 5331 arcanam
1115 5276 1267 5332 fundi
1299 5280 1631 5350 emptionem
1661 5281 1980 5350 praetendis-

391 5372 496 5419 set.
529 5352 738 5421 Tantus
774 5369 862 5423 ille
884 5379 936 5422 et
968 5379 1078 5424 tum
1109 5373 1338 5444 insignis
1370 5375 1618 5429 fraudum
1649 5375 1894 5429 omnium
1926 5384 1982 5430 et

391 5456 762 5523 nequitiarum
816 5461 1010 5515 artifex
1065 5473 1202 5519 erat.
1266 5466 1370 5520 Sed
1422 5483 1527 5537 qua
1572 5467 1783 5519 ratione
1832 5466 1978 5520 taciti

393 5559 617 5600 causam
677 5548 1032 5618 Ettpbemiani
1091 5557 1238 5610 illius
1285 5559 1679 5613 Eucbaitarutn
1740 5559 1980 5628 episcopi

393 5637 887 5710 dissimulabimus,
925 5649 1082 5716 cujus
1125 5649 1494 5720 episcopatum
1525 5663 1746 5722 prepter
1786 5651 1981 5707 vicini-

395 5739 563 5787 tatem
597 5733 1010 5794 Santabarcnus
1039 5743 1329 5810 appetebat
1362 5743 1385 5796 ?
1414 5743 1570 5800 Hunc
1603 5759 1736 5814 ergo
1763 5743 1980 5815 episeo-

393 5835 525 5897 patu
549 5828 744 5885 cedere
769 5831 937 5902 cogit,
965 5844 1021 5890 et
1051 5835 1128 5891 illi
1158 5833 1592 5893 Sanzabarenum
1623 5837 1838 5895 sullieit.
1868 5837 1974 5895 Ne-

2094 4634 2426 4700 Ἐκκλησίας
2451 4635 2580 4704 ὅλης
2602 4635 2812 4704 καὶτῆς
2838 4634 3118 4696 πολιτείας
3149 4632 3537 4698 ἀναγκασθεὶς,
3563 4633 3663 4684 ἐπὶ

2079 4727 2172 4780 τδν
2193 4726 2382 4798 θρόνον
2419 4727 2618 4798 ἀνῆλθε
2651 4729 2747 4780 καὶ
2789 4728 2866 4796 μὴ
2910 4726 3236 4798 βουλόμενος
3271 4741 3286 4754 ·
3325 4725 3411 4777 ἵνα
3455 4724 3512 4777 δὲ
3563 4725 3664 4794 βε-

2083 4815 2384 4889 βαιώσηται
2417 4818 2479 4870 τὸ
2506 4817 2701 4888 ψεῦδος
2728 4815 2838 4871 τῶν
2883 4815 3200 4876 ἐπιστολῶν,
3226 4815 3313 4867 διὰ
3343 4813 3439 4867 τοῦ
3463 4831 3534 4884 μυ
3545 4831 3667 4866 στο-

2083 4911 2295 4982 γράφου
2322 4910 2554 4981 Πέτρου,
2578 4911 2637 4974 ὃς
2671 4910 2766 4964 καὶ
2787 4909 2885 4974 τὰς
2909 4909 3136 4979 Σάρδεις
3161 4907 3288 4960 ὖστε
3295 4924 3388 4977 ρον
3425 4906 3665 4959 ἔπαθλον

2080 5005 2190 5056 τῶν
2223 5003 2559 5072 πλασμάτων
2613 5003 2904 5072 ἠνέγκατο,
2951 5002 3017 5055 δι’
3071 4999 3239 5056 αὑτοῦ
3292 4999 3516 5052 κλέπτει
3558 4998 3669 5066 μὲν

2081 5095 2178 5158 τὰς
2234 5094 2534 5164 σφραγῖδας
2570 5092 2678 5145 τῶν
2716 5091 3098 5162 βουλωτηρίων
3137 5089 3243 5141 τῶν
3275 5088 3412 5142 ὅλων
3446 5101 3662 5157 μητροο

2083 5185 2315 5239 πολιτῶν
2350 5201 2363 5216 ⁶
2403 5183 2742 5255 συναρπάζει
2766 5182 2823 5236 δὲ
2858 5181 2952 5234 καὶ
2973 5181 3170 5243 αὐτοὺς
3200 5179 3272 5249 μὴ
3300 5177 3508 5239 εἰδότας
3527 5175 3670 5228 ὑπο-

2083 5277 2292 5348 γράψαι
2322 5277 2660 5347 τῷλιὸέλλῳ,
2688 5275 2962 5346 πρόφασιν
2988 5273 3064 5335 ὡς
3111 5272 3205 5323 ἐπὶ
3257 5271 3492 5340 μυστικῇ
3523 5268 3668 5336 ἀγο-

2086 5372 2250 5443 ρασίᾳ
2271 5387 2286 5402 ο
2312 5369 2564 5432 τοσοῦτος
2595 5369 2692 5440 τὴν
2741 5366 3080 5437 πανουργίαν
3122 5365 3352 5425 ἐκεῖνος,
3389 5363 3484 5416 καὶ
3503 5361 3669 5432 τηλι-

2084 5464 2274 5526 κοῦτος
2310 5465 2521 5534 ὑπῆρχε
2559 5463 2658 5533 τὴν
2689 5461 2994 5528 δεινότητα.
3031 5457 3154 5518 Πῶς
3191 5456 3246 5506 δὲ
3280 5455 3373 5507 καὶ
3401 5453 3469 5504 τὰ
3517 5452 3669 5504 κατὰ

2081 5556 2176 5610 τὸν
2223 5555 2576 5624 Εὐφημιανὸν
2619 5557 2829 5606 ἐκεῖνον
2879 5549 3242 5621 παρέλθωμεν
3291 5548 3466 5615 σιωπῇ
3502 5562 3517 5609 ;
3561 5545 3670 5607 Ὃς·

2083 5651 2364 5720 Εὐχαῖτῶν
2406 5650 2502 5718 μὲν
2537 5649 2834 5710 ἐπίσκοπος
2862 5642 2951 5716 ἦν,
2980 5643 3167 5712 ἐπειδὴ
3215 5641 3270 5694 δὲ
3305 5643 3344 5712 ’ὁ
3378 5637 3665 5692 Σανταδα-

2087 5741 2246 5812 ρηνδς
2268 5741 2365 5811 τῆς
2379 5740 2682 5808 ἐπισκοπῆς
2713 5737 2924 5806 ἐκείνης
2952 5735 3026 5797 ὡς
3048 5737 3246 5803 γείτων
3277 5731 3536 5802 ὠρέγετο,
3563 5729 3665 5781 τὸν

2088 5835 2187 5906 μὲν
2218 5834 2312 5908 βίᾳ
2345 5831 2630 5905 σχολάζειν
2654 5829 2980 5901 ἀναγκάζει,
3001 5828 3093 5884 τὸν
3126 5827 3182 5882 δὲ
3212 5827 3326 5881 ἀντ’
3356 5821 3518 5878 αὐτοῦ
3541 5837 3662 5892 χει-
