4092 6594
307 445 430 510 ιτα
1270 505 1275 509 .
1431 446 1604 508 VlTA
1639 448 1696 506 S.
1728 447 1923 508 IGNA'

1978 450 2026 508 [Ι
2059 450 2167 513 CP.
2200 453 2552 518 ARCHIEP.
3488 462 3594 528 574

329 562 556 637 ροτονεῖ.
591 560 665 614 Οὐ
716 558 877 630 μόνον
905 559 983 625 δὲ,
1027 561 1161 615 ἀλλὰ
1207 563 1299 615 καλ⁴
1336 561 1640 624 ὲπισκοπὰς
1700 563 1764 613 ἐκ
1803 561 1945 621 τῶν⁴

1975 591 1990 620 ι
2015 580 2120 632 qne
2154 565 2204 620 id
2241 576 2474 634 tantum,
2506 571 2600 625 sed
2633 570 2978 643 episc0patus
3012 576 3202 641 etiam,
3233 590 3591 648 quoscunque

325 649 746 723 γειτνιαζουσῶν
789 651 1199 721 μητροπόλεων,
1232 654 1364 714 ὅσας
1417 653 1626 714 ἐκεῖνος
1677 651 1899 721 ἢθελεν,

2009 657 2100 710 ille
2147 660 2475 729 expetebat,
2521 661 2718 718 vicinis
2760 664 3120 734 metropolitis
3161 673 3410 734 ereptos,
3457 666 3586 720 huic

325 745 663 813 ἀφαιρεῖται,
700 742 794 794 καὶ
824 740 1035 794 δίδωσιν
1063 741 1232 812 αὐτῷ.
1268 743 1377 795 Kal.
1399 741 1461 794 οὐ
1507 740 1683 798 ταῦτα
1718 740 1900 811 μόνον,

2007 748 2212 804 donat:
2255 751 2588 823 insnperque
2614 754 2769 824 juxta
2805 755 3134 810 collocatum
3174 757 3460 826 primatem
3497 772 3596 810 no-

327 836 463 889 ὰλλὰ
496 836 591 889 καὶ
620 834 753 905 παρ’
785 835 965 905 ἑαυτῷ
996 836 1236 901 καθίζων
1286 835 1666 906 πρωτόθρονον
1715 836 1905 890 τοῦτον

2009 842 2276 899 minabat.
2314 844 2580 902 Prmterea
2620 847 2926 918 Nicephoro
2969 847 3162 902 Nicagas
3212 850 3593 919 metropolitae,

330 929 687 998 κατωνόμαζε
718 947 733 962 ο
768 931 860 982 καὶ
879 931 1195 1000 Νικηφόρον
1232 930 1330 1000 μὲν
1353 930 1590 992 Νικαίας
1629 947 1908 1000 μητροπο-

2009 951 2107 1006 per
2144 938 2252 992 vim
2299 939 2550 995 abdicato
2576 941 3008 1011 orphanotrophi
3049 957 3234 996 curam
3273 956 3338 995 ac
3371 942 3593 996 tutelam

331 1021 488 1090 λίτην
523 1023 653 1074 ὅντα
684 1020 931 1092 βιάζεται
977 1022 1460 1093 παραιτησάμενον
1501 1021 1908 1092 ὀρφανοτρόερον

2008 1029 2334 1099 pupillorum
2376 1031 2690 1086 committit.
2737 1032 3181 1100 Amphilochium
3221 1049 3350 1088 vero
3403 1033 3580 1103 Cyzici

328 1112 490 1175 εἶναι.
537 1114 889 1184 Ἀμφιλόχιον
912 1114 967 1167 δὲ
997 1113 1088 1168 τὸν
1116 1113 1358 1176 Κυζίκου
1382 1113 1516 1183 πρὸς
1545 1113 1645 1183 τὴν
1676 1113 1909 1164 Νίκαιαν

2011 1122 2302 1191 praesulem
2355 1123 2592 1177 Nicaeam
2651 1125 2952 1185 transfert;
3003 1124 3090 1179 cui
3144 1140 3269 1179 mox
3328 1125 3603 1180 exstincto

329 1206 638 1278 μεθίστησι.
681 1208 789 1259 Καὶ
816 1207 950 1275 ταχῦ
986 1204 1239 1267 θανόντος
1289 1203 1475 1269 αὑτοῦ,
1511 1203 1602 1255 τὸν
1632 1201 1909 1274 Συρακού-

2011 1213 2336 1284 Gregorium
2362 1215 2766 1286 Syracusanum
2804 1218 3064 1287 subrogat
3093 1235 3106 1271 :
3139 1233 3301 1288 quem
3335 1227 3388 1271 et
3416 1218 3594 1286 ipsum

330 1317 442 1352 σιον
473 1298 895 1368 ἀντικαθίστησι
939 1297 1275 1368 Γρηγὸριον·
1310 1296 1368 1349 ὃν
1407 1296 1500 1349 καὶ
1523 1295 1685 1347 αὐτὸν
1709 1295 1825 1364 μετ’
1847 1294 1912 1347 οὐ

2013 1309 2445 1363 moxsnblatnrn
2498 1310 2810 1379 hujnsmodi
2851 1309 3076 1365 Photins
3098 1311 3390 1381 epitaphiis
3429 1326 3597 1366 orna-

328 1393 461 1443 πολὺ
488 1390 720 1444 θανόντα
750 1392 881 1454 οἵοις
910 1392 1204 1460 ἐσέμνυνεν
1233 1390 1561 1456 ἐπιταφίοις,
1586 1388 1659 1450 ὡς
1681 1388 1791 1440 τῶν
1817 1404 1914 1457 με·

2012 1402 2091 1454 vit
2109 1409 2168 1456 ut
2190 1403 2404 1472 magnis
2428 1403 2578 1456 illum
2611 1401 2864 1456 Patribus
2888 1404 2996 1457 vita
3021 1411 3073 1456 et
3099 1404 3296 1458 virtute
3323 1403 3552 1472 aequarit
3579 1420 3594 1459 ι

326 1484 512 1551 γάλων
542 1484 802 1555 Πατέρων
829 1483 1126 1552 ἐφάμιλλον
1162 1481 1462 1551 βεϐιωκότα
1496 1481 1630 1550 βίον,
1669 1480 1735 1532 δι’
1759 1480 1912 1533 οὐδὲν

2014 1507 2115 1545 nec
2144 1490 2195 1546 id
2223 1492 2385 1545 aliam
2411 1492 2481 1546 ob
2507 1507 2753 1556 causam,
2777 1508 2942 1562 quam
2968 1492 3112 1562 quod
3141 1491 3325 1546 infelix
3357 1493 3594 1562 linguam

325 1575 453 1628 ἄλλο
492 1576 766 1639 τοσοῦτον,
799 1577 920 1629 ὅσον
960 1577 1042 1628 ὅτι
1101 1576 1242 1629 κατὰ
1289 1575 1382 1626 τοῦ
1409 1573 1567 1642 ἁγίου
1621 1572 1915 1641 καθώσπερ

2015 1599 2170 1638 suam
2207 1584 2349 1639 sicut
2372 1584 2694 1639 nm'aeulam
2723 1585 2934 1640 acuerit
2968 1585 3022 1638 in
3053 1594 3300 1640 sanctum
3331 1585 3597 1656 Ignatium

331 1668 492 1739 ξυρὸν
523 1670 652 1739 ἄχρι
681 1669 870 1734 τέλους
894 1670 990 1740 τὴν
1006 1669 1258 1738 γλῶσσαν
1279 1671 1306 1721 ὁ
1336 1668 1596 1738 δύστηνος
1617 1667 1912 1738 παρέθηξε.

1800 1667 1912 1738 ηξεο
2016 1691 2189 1745 usque
2213 1676 2268 1730 in
2301 1677 2488 1732 linem.
3408 1739 3416 1745 _

397 1759 496 1812 Διὰ
530 1758 704 1812 ταῦτα
741 1761 837 1814 καὶ
866 1760 944 1813 ἔτι
972 1759 1142 1813 πλείω
1167 1759 1372 1813 τούτων
1398 1758 1721 1820 ἀτοπώτερα
1745 1754 1910 1830 ἦλθεν

2089 1768 2198 1826 llas
2255 1779 2308 1825 et
2341 1769 2430 1826 his
2461 1771 2632 1824 multo
2661 1769 2846 1840 plures
2877 1785 2942 1825 ac
2964 1770 3266 1826 deteriores
3305 1770 3375 1825 ob
3403 1784 3599 1826 causas

324 1855 357 1922 ἡ
384 1853 522 1924 ὀργὴ
550 1854 645 1906 τοῦ
688 1853 824 1907 Θεοῦ
858 1854 950 1906 ἐπὶ
983 1853 1112 1926 τοὺς
1151 1855 1298 1916 υἱοὺς
1342 1853 1443 1921 τῆς
1478 1851 1782 1914 ἀπειθείας
1819 1851 1912 1906 καὶ

2013 1864 2163 1919 venit
2201 1863 2282 1918 ira
2321 1863 2410 1918 Dei
2434 1879 2598 1934 super
2619 1865 2758 1920 lilios
2783 1863 3118 1920 diliidentiaa.
3145 1863 3338 1918 Subito
3362 1879 3599 1934 namque

327 1945 491 2008 εὐθὺς
522 1945 622 2014 μὲν
658 1945 778 1997 τότε
815 1944 891 2016 τῷ
924 1943 1135 2015 βασιλεῖ
1178 1943 1404 2012 τέθνηκε
1435 1944 1846 2006 Κωνσταντῖνος
1880 1944 1908 1996 ὁ
1939 1933 1943 1985 Ῑ

2013 1955 2327 2025 imperatori
2381 1955 2524 2010 ﬁlius
2548 1962 2603 2011 et
2655 1955 3012 2011 charissimus
3061 1964 3116 2009 et
3149 1964 3274 2009 natu
3327 1955 3601 2010 maximus

326 2036 658 2102 τριπόθητος
701 2036 795 2088 καὶ
847 2034 1191 2106 πρωτότοκος
1238 2033 1388 2096 υίὸς,
1431 2033 1489 2086 ὃν
1539 2033 1632 2085 καὶ⁵
1677 2031 1832 2100 ἆγιον
1879 2033 1907 2085 ὁ

2010 2047 2405 2103 Constantinus
2451 2060 2534 2104 est
2576 2058 2828 2118 ereptus;
2854 2063 3012 2118 quem
3053 2047 3230 2102 audax
3287 2044 3513 2102 Photius
3543 2047 3594 2100 in

325 2127 622 2198 τολμητίας
649 2119 802 2190 οὗτος
857 2129 936 2191 είς
962 2127 1060 2198 τὴν
1078 2125 1171 2179 τοῦ
1205 2127 1406 2196 πατρὸς
1431 2125 1593 2197 χάριν
1620 2125 1678 2191 ἐξ
1705 2123 1904 2178 ἑαυτοῦ

2010 2137 2242 2206 gratiam
2277 2137 2658 2207 imperatoris,
2717 2153 2811 2206 per
2837 2153 2896 2192 se
2935 2138 2990 2192 in
3027 2146 3337 2192 sanctorum
3371 2152 3595 2191 censum

326 2222 674 2293 χειροτονῶν,
707 2223 1094 2297 μοναστηρίοις
1138 2239 1197 2274 τε
1249 2222 1343 2274 καὶ
1372 2223 1522 2284 ναοῖς
1551 2221 1910 2294 ἀνθρωπαρε·

2009 2230 2263 2296 relatum,
2297 2231 2512 2300 templis
2545 2230 2945 2299 cmnobiisqne,
2977 2230 3045 2284 ad
3073 2229 3455 2299 aneupandam
3488 2229 3595 2284 ho-

328 2312 456 2383 σκίᾳ.
483 2312 663 2382 τιμῶν
689 2315 788 2366 οὐκ
817 2313 1129 2383 ηὑλαϐεῖτο.

2011 2322 2218 2376 minum
2252 2324 2506 2393 gratiam,
2535 2323 2717 2378 colere
2744 2323 2879 2377 nihil
2905 2324 3112 2378 veritus
3141 2333 3241 2378 est.

401 2404 610 2456 Λύτίκα
639 2404 695 2457 δὲ
731 2404 827 2458 καὶ
867 2406 900 2474 ἠ
956 2404 1166 2473 μεγάλη
1218 2404 1375 2466 πόλις
1421 2405 1768 2476 Συρακοῦσαι
1808 2406 1911 2478 τὴν

2085 2413 2285 2469 Deinde
2315 2416 2478 2469 etiam
2510 2431 2701 2485 magna
2735 2415 3207 2487 Syracusanorum
3239 2416 3432 2471 civitas
3463 2416 3595 2470 hor-

328 2499 561 2567 ιξρικτὴν
591 2497 759 2551 ὤλετο
791 2497 1200 2569 πανωλεθρίαν’
1247 2499 1342 2552 καὶ
1382 2501 1535 2552 πᾶσα
1582 2501 1766 2570 νῆσος,
1810 2501 1907 2554 καὶ

2010 2509 2177 2562 renda
2209 2509 2360 2562 clade
2381 2509 2575 2577 periit:
2607 2509 2909 2578 insulaeque
2939 2524 3152 2574 omnes,
3182 2522 3235 2562 et
3267 2518 3462 2562 crrncta
3499 2523 3597 2577 op-

332 2594 486 2644 πᾶσα
515 2591 671 2654 πόλις
706 2592 798 2662 καὶ
842 2589 995 2662 χώρα
1025 2591 1422 2662 προνομεύεται
1470 2593 1564 2644 καὶ
1613 2593 1906 2662 καταφθεί-

2010 2601 2160 2669 pida,
2191 2610 2244 2653 et
2269 2601 2450 2656 (mntis
2485 2601 2762 2670 provincia
2795 2601 2977 2654 hostili
3030 2617 3193 2654 manu
3232 2599 3374 2655 {cede
3401 2603 3597 2654 etiarn-

329 2702 485 2753 ρεται
521 2684 682 2754 μέχρι
723 2684 818 2737 καὶ
860 2687 1098 2754 τήμερον
1128 2686 1240 2746 τοῖς
1272 2686 1484 2754 ἐχθροῖς
1505 2725 1520 2747 ,
1557 2685 1815 2754 οὐδεμιᾶς
1845 2688 1911 2739 ἐκ

2012 2708 2140 2745 tnnn
2206 2693 2368 2746 hodie
2431 2703 2700 2755 vastatur.
2754 2693 3010 2762 diripitur
3067 2702 3123 2748 et
3181 2682 3594 2762 pessumdatnr,

327 2777 438 2830 τῶν
472 2776 721 2848 ἱερᾶσθαι
752 2774 1051 2829 δοκούντων
1090 2775 1408 2845 ίλεουμένης
1438 2777 1527 2829 τὸν
1571 2777 1704 2830 Θεὸν
1737 2794 1910 2845 προσ-

2012 2781 2158 2833 nullo
2187 2796 2252 2833 ex
2284 2781 2352 2835 iis
2376 2782 2468 2849 qui
2496 2798 2607 2834 rem
2645 2797 2853 2836 sacrant
2897 2782 3288 2836 administrare
3318 2781 3596 2849 videntur,

327 2872 530 2942 ευχῆς·
588 2871 724 2925 ἀλλὰ
771 2869 914 2922 κατὰ
959 2868 1018 2921 τὸ
1077 2869 1486 2939 γεγραμμένον,
1554 2870 1912 2938 Ἐγενόμεθα

2013 2873 2179 2925 Deum
2225 2873 2475 2942 precibus
2531 2873 2806 2941 plaeante,
2889 2873 3006 2937 sed,
3068 2882 3127 2926 ut
3183 2872 3596 2942 scriptumest:

330 2967 519 3030 ὅντως
549 2964 837 3030 πρόϐατα,
869 2958 960 3027 οἷς
993 2964 1105 3016 οὐκ
1136 2962 1268 3016 ἔστι
1313 2961 1558 3029 ποιμήν.
1594 2963 1912 3032 Χρονίσασα

2013 2960 2375 3014 Factisumus
2412 2961 2548 3013 sicut
2583 2976 2697 3013 oves
2727 2969 2965 3014 errantes
2997 2962 3109 3014 sine
3151 2972 3364 3029 pastore
3400 2958 3464 3011 ⁸³.
3501 2956 3597 3010 Ει-

329 3059 442 3130 γὰρ
468 3059 502 3128 ἡ
526 3057 715 3119 κακία,
749 3057 844 3109 καὶ
876 3055 1089 3118 πολλοῖς
1133 3055 1501 3123 ὑποδείγματι
1545 3054 1908 3122 παγιωθείσα,

2009 3055 2151 3107 enim
2181 3054 2476 3106 inveterata
2504 3062 2747 3120 tempore
2779 3051 3063 3120 iniquitas,
3090 3051 3387 3120 multisque
3410 3065 3598 3104 exem-

329 3151 496 3219 νόμος
521 3149 836 3218 νενόμισται
858 3149 970 3209 τοῖς
993 3145 1278 3216 ἁνομοῦσι,
1298 3147 1392 3198 καὶ
1426 3146 1487 3198 τὸ
1518 3146 1760 3216 ἄθεσμον
1785 3147 1906 3210 ἔθος

2014 3146 2116 3214 plis
2138 3146 2516 3220 corroborata,
2555 3160 2655 3214 pro
2710 3144 2825 3214 lege
2877 3144 3059 3212 impiis
3091 3153 3146 3197 et
3182 3143 3460 3212 exlegihus
3496 3143 3596 3196 ha-

331 3243 411 3304 εἰς
455 3239 617 3309 φύσιν
655 3239 854 3309 τρόπον
903 3239 1024 3291 τινὰ
1065 3241 1178 3301 τοῖς
1237 3240 1682 3307 καταφρονηταῖς
1733 3256 1907 3292 κατα·
1935 3286 1947 3338 ⁴

2014 3240 2193 3302 betur,
2227 3240 2456 3306 ipsoque
2504 3254 2602 3291 usn
2651 3247 2705 3290 et
2733 3236 3128 3290 consuetudine
3159 3235 3595 3305 corruptelarum

333 3332 489 3398 στὰν,
523 3331 653 3403 ὃλην
686 3333 985 3384 ἐπισπᾶται
1015 3328 1110 3384 τοῦ
1142 3328 1278 3382 Θεοῦ
1309 3329 1405 3397 τὴν
1434 3329 1627 3401 ὀργήν.
1938 3327 1949 3339 “

2021 3331 2074 3384 in
2108 3344 2312 3384 morem
2342 3337 2396 3383 et
2424 3337 2673 3382 naturam
2702 3328 2832 3392 abit,
2869 3339 3033 3397 atque
3059 3327 3196 3382 adeo
3236 3327 3373 3381 iram
3424 3327 3481 3381 in
3537 3339 3599 3382 se

2019 3420 2114 3474 Dei
2142 3428 2395 3490 provocat
2416 3421 2748 3474 universam.

417 3517 581 3570 Ἀλλὰ
609 3516 670 3570 τὸ
700 3515 800 3586 μὲν
843 3495 1178 3570 καθέκαστον
1213 3512 1484 3577 ἐπεξιέναι
1518 3511 1616 3572 τὰς
1666 3528 1913 3565 καινοτο-

2092 3513 2382 3565 Enimvero
2413 3510 2689 3581 sigillatim
2744 3523 3067 3576 percensere
3123 3507 3308 3562 omnia
3344 3521 3468 3576 quae
3503 3519 3603 3560 no-

338 3610 470 3680 μίας
506 3609 602 3661 καὶ
648 3607 994 3679 παρανομίας
1024 3605 1189 3660 αὐτοῦ
1232 3623 1289 3658 τε
1318 3603 1524 3657 Φωτίου
1557 3604 1650 3657 τοῦ
1698 3622 1911 3674 πρωτο-

2020 3616 2141 3660 vata
2168 3614 2222 3660 et
2251 3605 2414 3674 impie
2442 3612 2594 3674 gesta
2627 3610 2756 3656 sunt
2785 3616 2814 3655 a
2844 3601 3042 3657 Photio
3067 3600 3366 3655 architecto
3392 3608 3449 3654 et
3487 3614 3603 3652 ma-

337 3701 535 3756 στὰτου
564 3701 671 3754 τῶν
709 3701 1017 3771 ὑποκριτῶν
1049 3699 1144 3751 καὶ
1177 3699 1594 3770 σταυρομάχων,
1637 3699 1728 3751 καὶ
1774 3699 1913 3752 πάν-

2021 3699 2188 3768 gistro
2219 3697 2624 3767 hypocritarnm
2657 3693 3002 3763 hostiumque
3039 3692 3242 3756 erucis,
3275 3688 3603 3746 etomnibus

334 3812 448 3848 των
472 3793 706 3862 καθεξῆς
731 3792 840 3846 τῶν
875 3789 1041 3844 αὐτοῦ
1076 3791 1338 3860 διαδόχων
1371 3793 1465 3844 καὶ
1488 3792 1590 3859 τῆς
1619 3789 1914 3860 φιλαρχίας

2023 3788 2438 3844 successoribus
2485 3787 2629 3842 illius
2658 3797 2713 3840 et
2756 3785 2924 3841 sociis
2961 3783 3299 3848 ambitionis,
3343 3781 3506 3853 justas
3531 3781 3604 3835 sit

337 3886 633 3951 κοινωνῶν,
669 3884 912 3955 ἱστορίας
948 3884 1131 3955 ἔργον,
1165 3888 1259 3938 καὶ
1301 3885 1363 3938 οὐ
1402 3883 1498 3937 τοῦ
1535 3885 1802 3955 παρόντος
1836 3883 1914 3954 τῷ

1743 3901 1802 3947 ος
1836 3883 1914 3954 τῷ
2022 3895 2158 3949 opus
2192 3875 2451 3942 histeriaa,
2489 3893 2596 3932 non
2628 3876 2795 3946 hujus
2821 3874 2926 3931 loci
2957 3884 3359 3929 arrumentum.

335 3979 479 4049 λόγῳ
510 3978 735 4032 σκοποῦ.
3157 3965 3159 3967 ’

418 4071 610 4139 Ἡμεῖς
638 4070 816 4142 δὲτὴν
848 4069 1220 4138 ὑπεράπειρον
1259 4066 1644 4138 μακροθυμίαν
1683 4065 1781 4120 καὶ
1817 4066 1916 4118 ἀν-

2092 4074 2204 4131 Nos
2237 4090 2366 4129 vero
2393 4073 2661 4128 inﬁnitam
2685 4071 2780 4126 Dei
2804 4071 3119 4142 patientiam
3146 4070 3603 4138 clementiamque

337 4163 472 4233 οχὴν
502 4162 799 4232 ὑμνοῦντες
843 4161 938 4216 τοῦ
979 4162 1086 4214 τῶν
1111 4161 1250 4214 ὅλων
1300 4159 1458 4225 Θεοῦ,
1495 4158 1784 4228 εὐχώμεθα
1815 4156 1916 4225 τῆς

2024 4178 2416 4233 memorantes,
2481 4166 2770 4221 Dominum
2809 4165 3187 4220 universorum
3225 4165 3600 4230 deprecemur,

341 4253 560 4324 μερίδος
594 4252 943 4323 ἐξαιρεθῆναι
972 4252 1080 4304 τῶν
1105 4254 1173 4304 τὰ
1216 4251 1487 4304 σκάνδαλα
1514 4253 1606 4302 καὶ
1643 4249 1741 4312 τὰς
1769 4249 1915 4318 διχο-

2026 4262 2100 4317 ιιιί
2125 4277 2224 4317 nos
2255 4277 2286 4314 a
2321 4270 2468 4315 sorte
2495 4272 2685 4312 eorum
2713 4257 2804 4326 qui
2843 4265 2921 4310 tot
2946 4254 3322 4310 scandalornm
3348 4251 3605 4306 offensio-

340 4344 566 4408 στασίας
606 4345 694 4398 διὰ
748 4344 850 4414 τῆς
877 4343 1144 4412 κακίστης
1198 4343 1381 4395 αὐτῶν
1439 4341 1734 4411 ἐπιθυμίας
1783 4357 1917 4392 κατ-

2025 4368 2270 4423 numque
2293 4361 2347 4407 et
2367 4349 2772 4407 dissensionum
2797 4346 3189 4418 cupiditatibus
3216 4344 3334 4400 suis
3351 4341 3605 4414 pessimis

341 4435 750 4506 ιργαζομένων,
785 4435 1033 4488 κοινωνοὶ
1066 4433 1123 4488 δὲ
1158 4433 1412 4501 γενέσθαι
1457 4432 1555 4486 τοῦ
1603 4432 1711 4485 τῶν
1747 4432 1916 4499 ἁγίων

2023 4453 2278 4500 auctores
2304 4442 2586 4506 exstitere,
2618 4449 2859 4508 ereptos,
2906 4438 3070 4492 sortis
3119 4443 3458 4495 sanctorum,
3513 4434 3613 4503 qui-

341 4529 566 4600 κλήρου,
600 4528 707 4581 τῶν
737 4527 826 4580 διὰ
858 4527 1093 4590 πίστεως
1144 4527 1236 4579 καὶ
1271 4526 1492 4594 ἀγάπης
1533 4523 1692 4588 Θεοῦ,
1721 4541 1916 4578 ταπει-

2025 4552 2120 4606 per
2152 4536 2310 4590 Iidem
2339 4544 2394 4588 et
2428 4535 2754 4590 cltaritalem
2786 4531 2902 4597 Dei,
2955 4530 3319 4586 humilitatem
3369 4538 3420 4582 et
3452 4542 3607 4581 man-

343 4623 683 4692 νοφροσῠνης
705 4636 764 4673 τε
798 4619 894 4673 καὶ
918 4619 1253 4689 πραΰτητος,
1275 4617 1375 4684 τῆς
1408 4616 1732 4685 ἐπουρανίου
1763 4615 1919 4685 βασι-
1953 4645 1959 4698 1

1992 4628 2399 4692 .snetndinem,
2448 4639 2615 4695 regno
2647 4636 2700 4678 et
2751 4622 3062 4678 sacerdotio
3116 4630 3308 4676 saneto
3365 4617 3481 4682 Dei,
3513 4615 3608 4685 qui

338 4714 489 4779 λείας
523 4714 617 4767 καὶ
657 4711 942 4784 ίεραρχίας
979 4711 1140 4779 ἁγίας
1169 4709 1264 4762 τοῦ
1298 4708 1600 4778 ὑπεραγίου
1630 4707 1920 4772 καταξιου-

2024 4731 2341 4778 sanctorunt
2373 4727 2539 4788 caput
2567 4727 2653 4774 est
2683 4718 2952 4781 omnium,
2976 4725 3106 4771 sunt
3129 4715 3330 4781 dignati
3362 4730 3378 4777 ;
3431 4709 3611 4779 preci-

345 4809 546 4878 μένων,
582 4805 900 4876 πρεσϐείαις
940 4805 1040 4873 τῆς
1077 4804 1390 4871 ὑπεράγνου
1431 4804 1526 4854 κα)⁸
1572 4799 1920 4870 παναμώμου

2021 4818 2126 4872 bus
2157 4817 2492 4870 intemeratae
2530 4813 2951 4883 purissimaeqne
2995 4810 3085 4862 Dei
3120 4807 3332 4868 Matris,
3379 4806 3614 4859 selecto-

339 4894 712 4962 Θεομήτορος,
750 4893 846 4944 καὶ
892 4892 1002 4944 τῶν
1049 4889 1320 4943 ἐκλεκτῶν
1359 4890 1454 4944 καὶ
1483 4889 1644 4960 ἱερῶν
1673 4889 1922 4957 ἀγγέλων

2024 4924 2256 4978 rumque
2343 4907 2586 4961 caelitum
2671 4903 3015 4972 angelorum,
3094 4896 3611 4968 gloriosissimornm

341 4988 439 5039 καὶ
475 4985 586 5038 τῶν
621 4984 996 5054 πανευφήμων
1038 4982 1354 5036 ἀποστόλων
1393 4981 1625 5036 καὶτῶν
1663 4980 1922 5034 πανενδό-

2025 5002 2401 5072 apostolorum
2435 4997 2818 5062 victorumque
2873 4990 3344 5045 nobilissimorum
3405 4992 3608 5054 marty-

343 5078 448 5143 ξων
481 5077 821 5146 ἀθλοφόρων,
857 5075 958 5128 καὶ
998 5073 1136 5127 ὅλων
1175 5075 1284 5126 τῶν
1310 5073 1484 5141 ἁγίων
1515 5075 1636 5134 ταῖς
1680 5073 1920 5142 εὐπροσ-

2027 5111 2172 5161 rum,
2241 5099 2666 5156 sanctorumque
2716 5085 3002 5147 omnium;
3061 5096 3296 5150 eumque
3353 5077 3613 5137 omnibus

339 5172 550 5233 δέκτοις
591 5171 688 5223 καὶ
720 5170 893 5239 ἱεραῖς
927 5167 1250 5237 ἱκετηρίαις.
1283 5166 1424 5236 Πρὸς
1455 5165 1667 5227 τούτοις
1703 5166 1837 5217 πᾶσι
1867 5163 1926 5216 δὲ

2028 5184 2199 5240 nostri
2232 5173 2403 5237 sancti
2429 5180 2604 5234 Patris
2635 5176 2823 5245 lgnatii
2851 5173 3174 5244 patriarcha:
3197 5169 3301 5223 (λι).
3326 5183 3449 5221 vere
3484 5164 3611 5220 novi

342 5266 439 5319 καὶ
465 5263 559 5317 τοῦ
592 5265 652 5315 ἐν
679 5263 860 5329 ἁγίοις
914 5259 1130 5328 Πατρὸς
1181 5257 1341 5328 ἡμῶν
1374 5257 1630 5324 Ίγνατίου
1671 5258 1926 5326 ἁρχιεπι-

2027 5272 2360 5328 confessoris
2394 5285 2458 5323 ac
2507 5266 2697 5322 deiferi
2754 5265 2952 5323 Patris.
3005 5269 3291 5317 consortes
3336 5257 3528 5311 etIiciat
3557 5255 3611 5308 in

343 5355 552 5406 σκόπου
583 5350 1230 5410 Κωνσταντινουπόλεως,
1263 5345 1357 5399 τοῦ
1393 5347 1512 5398 νέου
1550 5346 1768 5415 ἀληθῶς
1792 5349 1925 5414 ὁμο·

2027 5366 2247 5420 Christo
2279 5363 2406 5417 Jesu
2439 5363 2668 5415 Domino
2695 5367 2886 5412 nostro
2913 5375 2924 5410 :
2958 5357 3046 5411 cui
3077 5356 3218 5414 laus.
3256 5354 3452 5413 honor,
3481 5349 3617 5402 ado-

342 5445 574 5515 λογητοῦ
616 5446 711 5498 καὶ
755 5443 1040 5513 θεοφόρου,
1078 5443 1135 5493 ἐν
1165 5437 1388 5510 Χριστῷ
1430 5436 1602 5506 Ἰησοῦ
1629 5437 1705 5506 τῷ
1738 5437 1927 5508 Κυρίῳ

2031 5459 2173 5512 ratio
2197 5472 2320 5510 cum
2352 5467 2556 5516 mterno
2597 5454 2774 5510 Patre.
2805 5451 3120 5521 pariterque
3145 5455 3353 5500 aeterno
3392 5455 3446 5496 et
3475 5441 3613 5495 vivi-

344 5538 526 5608 ἡμῶν,
551 5529 596 5604 ᾧ
626 5537 659 5605 ἠ
682 5535 810 5601 δόξα
841 5535 994 5606 καὶὴ
1025 5534 1160 5605 τιμὴ
1193 5534 1286 5588 καὶ
1335 5535 1368 5603 ἡ
1405 5531 1775 5604 προσκύνησις
1811 5533 1928 5603 ἃμα

2032 5552 2227 5605 livante
2263 5550 2434 5620 ipsius
2467 5549 2693 5618 Spiritu,
2729 5561 2876 5599 nune
2904 5555 2959 5597 et
2990 5557 3228 5610 semper,
3259 5546 3314 5594 et
3335 5538 3392 5592 in
3421 5548 3613 5592 omnes

344 5630 424 5699 τῷ
454 5630 678 5699 ἀνάρχῳ
733 5628 931 5698 Πατρὶ,
960 5627 1056 5680 καὶ
1085 5626 1163 5696 τῷ
1194 5625 1512 5696 συνανὰρχῳ
1554 5625 1649 5678 καὶ
1679 5624 1929 5694 ζωοποιῷ

1627 5625 1649 5678 ‘-
1679 5624 1929 5694 ζωοποιῷ
2032 5643 2275 5697 omnium
2305 5642 2630 5697 smculorum
2660 5637 3016 5693 teter-uitales.
3047 5633 3243 5688 Amen.

349 5719 517 5774 αὐτοῦ
567 5719 867 5788 Πνεύματι,
915 5718 1009 5771 νῦν
1050 5720 1144 5774 καὶ
1177 5717 1266 5773 ἀεὶ
1310 5719 1403 5794 καὶ
1434 5719 1515 5782 εἰς
1557 5717 1684 5780 τοὺς
1728 5717 1930 5780 αἰῶνας

349 5814 456 5884 τῶν
487 5815 722 5868 αἰώνων.
767 5812 963 5882 Ἀμήν.

459 5928 502 5961 ¹⁹
537 5925 727 5980 Μαιιιι.
766 5941 841 5993 Ix,
870 5925 960 5982 56.
