4092 6608
478 447 584 512 575

1671 446 1719 505 Ν
1732 444 1965 505 [CETJE
2012 443 2541 506 PAPHLAGONIS

3630 443 3759 508 576.

497 587 3711 628 Μ

1412 778 1889 871 NICETIE
1964 773 2803 867 PAPHLAGONIS

1911 1011 2025 1078 QUI
2075 1011 2163 1066 ET
2220 1008 2427 1064 DAVID

1108 1193 1633 1255 EXPOSITIONIS
1669 1192 1750 1253 IN
1796 1188 2294 1251 EVANGELIUM
2336 1187 2546 1247 LUCAE
2596 1183 3067 1244 FRAGMENTA

1479 1387 1615 1449 (Mat,
1645 1384 1827 1449 Script.
1856 1386 1971 1437 νει.
1999 1392 2114 1435 ιοιη.
2138 1382 2221 1443 IX,
2245 1398 2293 1446 p.
2319 1382 2430 1442 668,
2455 1380 2567 1442 670,
2598 1382 2734 1440 702,)

2049 1560 2118 1573 —

536 1691 670 1759 Cap.
704 1689 789 1756 Vl,
814 1704 953 1743 vers.
976 1688 1067 1743 52.
1111 1692 1177 1743 Et
1218 1688 1264 1742 si
1292 1688 1518 1759 diligitis
1537 1704 1622 1742 eos
1648 1688 1737 1758 qui
1770 1703 1855 1741 vos
1905 1687 2032 1740 dili-

2215 1686 2355 1755 Κεφ.
2392 1682 2481 1753 ς’,
2514 1685 2649 1755 στίχ.
2675 1684 2773 1755 λβ’.
2814 1685 2920 1740 Καὶ
2951 1686 3002 1738 εί
3054 1684 3325 1755 ἀγαπᾶτε
3369 1686 3512 1753 τοὺς
3573 1686 3725 1757 ἀγα·-

503 1797 616 1847 unt,
640 1795 746 1839 etc.

465 1800 616 1855 gum,
640 1800 746 1839 etc.

539 1876 764 1941 Nicena,
791 1876 882 1945 qui
910 1886 957 1929 ct
983 1875 1175 1930 David.
1210 1873 1284 1929 Ex
1315 1874 1489 1929 trilnts
1524 1882 1742 1929 constat
1771 1873 2035 1934 amicitia,

378 1964 381 1965 ⁷
464 1969 791 2023 testantibus
842 1967 1225 2038 phi|050pltis;
1277 1982 1341 2021 ex
1386 1969 1662 2035 voluptate
1715 1966 1949 2025 scilicet,
1983 1980 2048 2019 ex

466 2062 812 2126 necessitate,
853 2070 906 2116 et
930 2061 1167 2128 virtute;
1215 2078 1450 2131 quarum
1483 2063 1605 2115 dum.
1637 2061 1849 2131 priores
1877 2060 2048 2112 insta-

463 2153 604 2209 biles
638 2162 788 2216 sunt,
827 2163 880 2209 et
934 2154 1157 2208 minime
1217 2164 1551 2215 constantes.
1604 2154 1803 2224 quippe
1839 2169 1959 2221 qua:
1991 2153 2043 2206 in

462 2245 590 2301 ﬁliis
643 2246 926 2300 hominum
989 2245 1406 2299 fundamentum
1440 2261 1601 2300 suum
1648 2261 1755 2299 non
1787 2245 2041 2298 habeant.

462 2337 565 2394 Ubi
599 2341 741 2391 enim
776 2338 1013 2408 primum
1052 2339 1299 2407 voluptas
1332 2338 1606 2403 valedixit,
1650 2355 1713 2393 ac
1745 2338 2044 2393 necessitas

460 2434 712 2496 cessavit,
746 2432 1006 2501 philtrum
1044 2448 1263 2501 quoque
1294 2433 1632 2487 transvolat:
1681 2449 1852 2501 quare
1878 2433 2039 2486 etiam

460 2524 723 2593 temporis
750 2534 803 2579 et
830 2525 989 2593 spatii
1017 2525 1273 2579 distantia
1298 2525 1608 2579 amantibus
1637 2534 1816 2590 nocet,
1849 2525 2041 2579 amici-

458 2618 591 2680 tiam
621 2617 901 2671 oblivione
932 2633 1030 2672 ceu
1068 2611 1237 2674 densa
1260 2620 1493 2689 caligine
1523 2620 1848 2675 obvelando.
1870 2621 2055 2683 Econ-,

459 2715 542 2762 tua
587 2725 707 2778 qua:
746 2710 945 2764 virtute
978 2711 1170 2765 nititur
1218 2727 1323 2765 non
1356 2712 1471 2781 pari
1521 2712 1681 2767 modo
1719 2712 2038 2780 ot‘fuscatnr,

460 2796 573 2851 imo
600 2815 692 2867 per
723 2814 885 2855 omne
918 2810 1132 2871 tempus
1155 2817 1220 2857 ac
1240 2803 1471 2873 spatium
1496 2803 1657 2857 durat
1688 2803 2037 2867 ineoncussa,

458 2900 513 2944 et
535 2892 624 2947 ttbi
651 2894 702 2946 in
734 2894 1076 2951 obstaculutn
1101 2895 1323 2964 aliquod
1348 2896 1558 2962 incidit,
1586 2896 1635 2950 vi
1667 2907 1721 2951 et
1748 2896 2039 2966 splendore

459 2984 725 3052 augescit.
764 2985 899 3040 llinc
924 2987 1036 3053 jam
1072 3002 1179 3040 non
1213 2987 1476 3055 amicitia,
1513 2988 1607 3043 sed
1646 2988 1889 3043 charitas
1922 2987 2036 3058 ple-

2150 1777 2392 1843 πῶντας
2438 1777 2610 1843 ὑμᾶς,
2652 1795 2707 1831 κ.
2742 1794 2794 1832 τ.
2824 1778 2875 1834 λ.

2216 1869 2480 1937 Νικήτου
2536 1872 2643 1925 τοῦ
2693 1870 2793 1925 καὶ
2843 1873 3040 1927 Δαϐίδ.
3085 1871 3417 1945 Τὴν-φιλίαν
3470 1875 3535 1929 ἐκ
3567 1875 3744 1947 τριῶν

2148 1966 2470 2019 συνεστάναι
2514 1965 2740 2031 τούτων,
2788 1965 3001 2034 ἡδονῆς,
3037 1967 3200 2036 φημὶ,
3260 1967 3356 2020 καὶ
3389 1968 3606 2038 χρείας,
3638 1969 3734 2021 καὶ

2144 2059 2367 2130 ἀρετῆς.
2420 2057 2607 2120 παῖδες
2658 2056 2836 2124 σοφῶν
2874 2058 3226 2127 ἀπεφήναντο
3252 2075 3268 2091 ο
3324 2058 3462 2113 ἀλλά
3494 2059 3595 2123 τὰς
3632 2060 3739 2129 μὲν

2145 2149 2369 2220 πρώτας
2396 2149 2489 2203 δύο
2546 2149 2747 2215 αἰτίας,
2785 2151 3102 2217 εὐκινήτους
3133 2146 3295 2214 εἶναι,
3352 2151 3415 2203 ού
3452 2151 3736 2220 μονίμους,

2144 2243 2265 2296 οὐδὲ
2302 2243 2362 2295 τὸ
2391 2241 2610 2311 βέϐαιον
2659 2243 2716 2295 ἐν
2767 2243 2901 2304 υἱοῖς
2928 2241 3232 2313 ἀνθρώπιον
3268 2241 3517 2311 ἐχούσας.
3563 2242 3732 2312 Ὁμοῦ

2145 2334 2253 2405 γὰρ
2284 2333 2344 2387 τὸ
2380 2334 2573 2403 ἡδῦνον
2603 2334 2903 2394 πέπαυται.
2958 2333 3050 2385 καί⁵
3094 2335 3127 2404 ἡ
3178 2333 3335 2403 χρεία
3364 2322 3732 2405 παρελήλυθε,

2144 2426 2238 2480 καὶ
2267 2426 2475 2489 τούτοις
2505 2424 2973 2493 συγκπαλέλυται
3024 2424 3085 2478 τὸ
3128 2426 3370 2496 φίλτρον.
3417 2426 3585 2479 Ὅθεν
3637 2427 3737 2480 καὶ

2143 2519 2333 2589 χρόνου
2372 2519 2468 2572 καὶ
2504 2519 2671 2571 τόπου
2727 2516 3009 2581 διάστασις
3033 2518 3143 2579 τοῖς
3176 2515 3319 2570 οὕτω
3364 2516 3578 2586 φιλοῦσι
3606 2518 3730 2569 ἑπιο

2143 2608 2419 2663 ϐουλεύειν
2443 2605 2574 2671 οἶδε,
2610 2610 2711 2681 τὴν
2747 2609 2928 2677 φιλίαν
2954 2610 3143 2681 ὥσπερ
3165 2609 3365 2682 ὁμίχλῃ
3398 2610 3603 2681 παχείᾳ
3632 2610 3729 2662 καὶ

2144 2698 2314 2770 ζόφῳ,
2344 2703 2410 2772 τῇ
2450 2700 2588 2771 λήθῃ
2619 2698 3095 2767 συγκαλύπτουσα.
3127 2700 3202 2753 Οὐ
3241 2700 3347 2771 μὴν
3396 2703 3492 2753 καὶ
3522 2703 3556 2772 ἡ
3591 2703 3734 2757 κατά

2140 2792 2342 2864 ἀρετὴν
2374 2792 2687 2845 συνεστῶσα
2716 2791 2806 2845 τὸν
2829 2792 2945 2846 ἴσον
2965 2792 3165 2862 τρόπον
3191 2790 3559 2863 ἀμαυροῦται,
3577 2794 3731 2847 ἀδιά-

2140 2900 2349 2945 πτωτος
2378 2884 2435 2937 δὲ
2468 2882 2558 2936 καὶ
2577 2883 2986 2952 ἀνεπηρέαστος
3013 2883 3175 2935 παντὶ
3205 2882 3395 2953 χρόνου
3423 2884 3517 2936 καὶ
3544 2884 3713 2936 τόπου

2140 2972 2292 3043 μένει
2321 2972 2684 3041 διαστήματι,
2741 2972 2835 3024 καὶ
2868 2971 2979 3024 οὐδ’
3014 2971 3255 3041 ᾑτινιοῦν
3289 2972 3563 3043 προφάσει
3606 2972 3729 3026 δια-

456 3088 688 3143 rumque
705 3090 1068 3145 nuncupatur,
1085 3094 1224 3146 quae,
1239 3079 1536 3133 secundum
1554 3080 1890 3148 Apostolum,
1905 3096 2032 3134 nun-

2146 3064 2357 3127 πίπτει,
2390 3063 2592 3131 μᾶλλον
2626 3063 2723 3134 μὲν
2752 3058 2844 3117 οὖν
2878 3063 2974 3117 καὶ
3000 3064 3322 3135 ἰσχυροτέρα
3352 3066 3444 3117 καὶ
3474 3063 3727 3137 λαμπρο-

456 3182 621 3235 quam
674 3169 875 3225 deﬁcit.
911 3170 1294 3226 Benevolentia
1326 3172 1470 3226 enim
1504 3172 1761 3227 amicitias
1821 3173 2035 3228 initium

454 3265 559 3321 est,
605 3258 746 3313 sicut
800 3259 932 3314 visio
989 3262 1487 3331 concupiscentiam
1548 3262 1712 3332 parit.
1778 3261 2035 3318 Amicitia

456 3362 620 3418 porro
650 3350 933 3406 charitatis
966 3352 1291 3421 principium
1321 3364 1373 3407 et
1395 3353 1557 3420 fons;
1591 3353 1830 3410 charitas
1853 3362 2033 3410 autem

454 3452 618 3511 caput
648 3451 732 3497 est
783 3444 916 3513 legis
945 3455 999 3499 et
1031 3446 1443 3515 prophetarum.
1495 3446 1550 3500 ld
1585 3447 1808 3517 quidem
1855 3448 2037 3501 multis

456 3550 779 3604 persuasum
831 3545 935 3605 est,
989 3540 1284 3595 amicitiam
1339 3542 1597 3599 inanibus
1657 3558 1801 3613 saepe
1862 3545 2038 3600 verbis

457 3637 769 3682 contentam
821 3646 964 3697 esse,
989 3633 1311 3687 cltaritatem
1342 3642 1524 3689 autem
1550 3650 1608 3688 re
1642 3651 1765 3690 vera
1793 3636 2031 3706 probari.

455 3717 723 3785 Quocirca
752 3723 916 3777 etiam
950 3740 1090 3779 verte
1118 3725 1406 3783 cbaritatis
1452 3728 1756 3798 discipulus
1785 3746 1885 3786 nos
1911 3745 2033 3785 mo-

455 3820 549 3864 net
575 3822 632 3864 nt
659 3824 715 3866 re
753 3813 868 3883 ipsa
895 3831 960 3870 ac
983 3817 1267 3884 veraciter,
1288 3835 1391 3875 nec
1414 3821 1701 3877 verborum
1734 3822 2029 3889 illecebris,

453 3917 556 3958 nos
586 3906 925 3964 adamentus.

520 4164 653 4236 Cap.
680 4166 814 4235 VIII,
838 4184 980 4226 vers.
1003 4172 1058 4226 5.
1082 4171 1227 4228 Exiit
1251 4176 1343 4245 qui
1375 4177 1597 4231 seminat
1626 4179 2028 4243 semiuare,ctc.

522 4339 728 4401 Nicth
766 4343 1143 4417 Paphlagonis.
1171 4349 1306 4404 Vide
1342 4367 1411 4406 ne
1438 4367 1621 4407 semen
1652 4352 1897 4408 divinum
1932 4368 2029 4423 per

448 4432 687 4490 volatilia
723 4438 868 4506 caeli,
899 4439 949 4493 id
975 4451 1056 4495 est
1084 4457 1178 4511 per
1204 4443 1429 4512 spiritus
1455 4444 1738 4512 aethereos,
1776 4446 2027 4502 dissemi-

449 4537 628 4587 netur.
648 4544 782 4584 neve
798 4531 982 4587 cordis
1001 4534 1076 4588 tui
1104 4534 1277 4591 fomes
1303 4536 1704 4607 exstinguatur.
1732 4540 1783 4594 Id
1809 4556 2028 4610 quoque

448 4632 580 4674 cura
612 4637 676 4676 ne
706 4622 932 4692 spiritus
968 4626 1148 4681 vitalis
1184 4628 1275 4698 qni
1310 4628 1363 4683 in
1394 4637 1443 4684 te
1491 4642 1574 4686 est
1601 4631 1899 4687 aifectuum
1931 4644 2027 4688 aut

446 4714 763 4780 passionum
806 4714 1108 4783 ﬂagrantia,
1165 4734 1263 4777 ceu
1314 4718 1436 4791 igne
1464 4722 1653 4785 solari,
1695 4725 2022 4790 exsiccetur,

446 4816 627 4871 neque
648 4806 960 4862 committas
979 4817 1037 4862 nt
1057 4825 1242 4864 semen
1268 4811 1537 4880 divinum,
1560 4815 1747 4878 timor,
1775 4816 2020 4885 inquam,

448 4891 697 4965 Dominig,
767 4902 1012 4965 corporis
1088 4900 1162 4953 tui
1226 4903 1461 4958 miseriis
1548 4916 1603 4958 et
1666 4907 1815 4961 curis
1885 4910 2025 4962 sicut

446 4985 668 5043 carduis
699 4997 753 5043 et
803 4991 1026 5046 zizaniis
1063 4994 1363 5050 delitescat.
1421 4995 1513 5052 Sic
1571 4997 1717 5052 enim
1751 4999 1883 5055 lides
1910 5010 2021 5066 tua,

445 5078 588 5135 sicut
614 5095 841 5153 campus
867 5086 1093 5151 sterilis,
1123 5103 1343 5156 possunt
1379 5089 1496 5144 ibit.

518 5255 744 5319 Niceta',
796 5260 888 5329 qui
935 5271 982 5314 et
1033 5261 1222 5315 David.
1279 5262 1587 5320 Caveamus
1635 5264 1803 5336 igitur
1827 5283 1894 5323 ne
1923 5283 2023 5324 nos

445 5362 666 5418 quoque
712 5349 1025 5419 hujusmodi
1080 5353 1340 5421 periculis
1405 5356 1857 5421 succumbamus,
1913 5360 2023 5413 into

449 5441 650 5495 mentis
708 5458 898 5512 agrum
961 5444 1111 5498 omni
1156 5461 1296 5499 noxa
1354 5462 1671 5515 purgemus.
1734 5448 1827 5505 Sic
1879 5453 2022 5507 enim

450 5534 722 5588 mentibus
740 5536 944 5591 nostris
968 5537 1241 5592 culturam
1270 5538 1413 5593 sicut
1440 5540 1676 5608 pluviam
1697 5543 2022 5599 matutinatn

451 5642 515 5680 ac
544 5628 841 5683 serotinam
875 5629 1264 5700 infundemus;
1295 5633 1376 5687 sic
1426 5636 1666 5690 calorem
1716 5636 1810 5706 qui
1835 5652 1866 5693 e
1911 5637 2024 5693 sole

444 5715 675 5785 iustitiae
708 5719 842 5784 ﬂuit,
887 5722 1142 5793 lacrymis
1189 5724 1392 5779 nostris
1436 5725 1825 5793 mitigabimus.
1858 5729 2017 5793 llinc,

448 5809 591 5863 sicut
634 5827 763 5881 ager
808 5812 1090 5879 fecundus,
1160 5814 1248 5869 Dei
1304 5816 1696 5873 benedictionis
1721 5831 2020 5890 .compotes

451 5901 679 5971 erimus,
707 5905 964 5960 virtutun
995 5917 1307 5964 nostrarum
1337 5907 1599 5977 fructum,
1630 5909 1672 5967 si
1698 5926 1803 5968 non
1833 5920 2018 5969 centu-

2138 3151 2272 3221 τέρα
2297 3151 2506 3220 γίνεται
2540 3152 2919 3223 πολεμονμένη
2947 3168 2961 3182 ο
2992 3152 3067 3216 ὡς
3100 3152 3298 3224 μηκέτι
3333 3153 3519 3222 φιλίαν
3560 3154 3725 3224 μόνον

2139 3243 2472 3314 αύτὴν,ἀλλὰ
2500 3244 2589 3297 καὶ
2617 3244 2839 3314 ἀγάπην
2868 3244 3199 3317 κυριώτερον
3229 3246 3593 3316 ὀνομάζεσθαι
3613 3265 3629 3280 ο
3660 3249 3731 3320 ἦ·

2138 3353 2221 3399 τις
2253 3336 2394 3390 κατά
2416 3336 2507 3389 τὸν
2551 3336 2895 3399 Ἀπόστολον,
2926 3338 3184 3393 οὐδέποτε
3212 3340 3488 3395 ἐκπίπτει.
3532 3341 3733 3397 Εὖνοια

2140 3428 2240 3499 μὲν
2264 3430 2391 3499 γὰρ,
2422 3430 2601 3500 φιλίας
2632 3431 2894 3502 ἀρχήοὼς
2922 3431 3066 3500 ὄψις,
3099 3432 3397 3504 ἐπιθυμίας
3418 3452 3433 3466 ·
3473 3435 3621 3504 φιλία
3649 3437 3730 3503 δὲ,

2138 3522 2361 3592 ἀγάπης
2384 3524 2528 3594 ἀρχὴ
2559 3530 2652 3577 καὶ
2681 3524 2831 3595 πηγή
2855 3538 2868 3553 ⁸
2895 3524 3086 3594 ἀγάπη
3113 3524 3191 3590 δὲ,
3221 3526 3282 3579 τὸ
3320 3526 3615 3595 κεφάλαιον
3643 3528 3729 3581 νό⁴

2139 3631 2241 3685 μου
2265 3614 2361 3669 καὶ
2400 3614 2714 3685 προφητῶν.
2750 3615 2841 3669 Διὸ
2873 3615 2972 3686 τὴν
3008 3617 3127 3686 μὲν,
3181 3617 3275 3671 καὶ¹
3316 3618 3445 3689 ἄχρι
3490 3619 3721 3690 χειλέων

2137 3708 2319 3778 μόνον,
2357 3707 2451 3761 καὶ
2499 3707 2677 3777 ψιλοῖς
2734 3708 3091 3764 συνίστασθαι
3119 3709 3301 3778 λόγοις
3332 3712 3383 3763 οί
3416 3709 3604 3763 πολλοὶ
3638 3728 3730 3764 νο-

2137 3800 2408 3871 μίζουσιν,
2438 3800 2660 3872 ἀγάπην
2698 3801 2756 3854 δὲ
2785 3801 2863 3871 τῷ
2893 3801 3007 3854 δντι
3068 3802 3144 3873 μὴ
3195 3797 3356 3866 εἶναι,
3389 3803 3439 3856 εί
3469 3802 3542 3873 μὴ
3579 3802 3729 3874 ἔργῳ

2133 3893 2227 3947 καὶ
2254 3891 2483 3964 ἀληθείᾳ
2512 3894 2837 3964 μαρτυροττο
2855 3909 2871 3926 ο
2899 3892 3081 3957 καθὼς
3107 3896 3135 3947 ὁ
3164 3893 3267 3962 τῆς
3290 3892 3552 3964 ἀληθινῆς
3581 3895 3723 3963 ἀγά-

2132 4003 2243 4056 πης
2266 3986 2554 4056 παρεγγυᾷ
2585 3984 2853 4056 μαθητὴς.
2887 3985 2961 4055 μὴ
2997 3986 3220 4057 ἀγαπᾷν
3254 3985 3398 4056 λόγῳ
3428 3986 3524 4039 καὶ⁵
3546 3985 3733 4055 γλώσ-

2134 4092 2204 4151 σῃ
2236 4077 2653 4147 παραγγέλλων,
2686 4076 2802 4130 ἀλλ’
2826 4076 2974 4147 ἔργῳ
3004 4080 3098 4131 κιιι)⁸
3120 4077 3371 4148 ἀληθείᾳ.

2204 4170 2342 4238 Κεφ.
2372 4166 2453 4235 H',
2486 4166 2608 4239 στίχ
2658 4165 2721 4222 ε’.
2759 4166 3051 4238 Ἐξῆλθεν
3082 4171 3116 4224 ό
3139 4170 3405 4238 σπείρων
3425 4167 3534 4223 τοῦ
3565 4167 3731 4222 σπεῖ-

2125 4277 2248 4329 ραι,
2281 4277 2338 4317 κ.
2380 4277 2433 4313 τ.
2459 4260 2512 4315 λ.
3631 4299 3634 4303 ε

2201 4352 2470 4419 Νικήτου
2505 4352 2936 4423 Παφλαγόνων.
2982 4351 3125 4425 Ὀρα
3166 4352 3362 4422 μήπως
3414 4350 3447 4422 ἢ
3480 4352 3594 4413 τοῖς
3623 4366 3725 4402 πε-

2130 4446 2323 4507 τεινοῖς
2354 4443 2447 4497 τοῦ
2474 4443 2727 4515 ούρανοῦ,
2762 4446 2875 4507 τοῖς
2904 4442 2998 4496 τοῦ
3024 4443 3206 4514 ἀέρος,
3232 4442 3397 4512 φημὶ,
3424 4440 3723 4511 πνεύμασι,

2129 4534 2191 4587 τὸ
2214 4534 2354 4587 θεῖον
2384 4536 2605 4606 σπέρμα
2642 4535 2943 4606 διαρπαγῇ,
2994 4534 3176 4588 εττουν
3216 4535 3591 4606 ἐναποσὸεσθῇ
3629 4552 3723 4589 σου

2127 4624 2229 4694 τῆς
2271 4624 2497 4693 καρδίας
2540 4626 2573 4694 ή
2604 4622 2939 4696 θρυαλλίςοῆ
2980 4624 3194 4695 ἡλιακῷ
3225 4626 3486 4687 καύσωνι,
3545 4625 3726 4678 εῐτουν

2128 4716 2418 4786 ἐμπυρίοις
2455 4714 2651 4769 πάθεσι
2701 4716 2795 4770 καὶ
2833 4716 3188 4787 ἐνδομυχοῦσι
3235 4720 3511 4786 πιεσμοῖς,
3548 4718 3582 4787 ἡ
3613 4715 3726 4780 ζω-

2126 4808 2252 4876 τικὴ
2278 4807 2688 4878 ἐναηοξηρανθῇ
2722 4824 2805 4860 σοι
2835 4808 3004 4878 ἰκμάς
3036 4825 3051 4839 ·
3082 4808 3114 4879 ἢ
3158 4809 3356 4879 μήπως
3387 4808 3463 4871 ὼς
3493 4808 3725 4878 ράμνοις

2125 4898 2237 4950 τισὶ
2290 4899 2386 4951 καὶ
2438 4899 2702 4961 ἀκάνθαις
2744 4900 2865 4961 ταῖς
2921 4899 3196 4963 ποικίλαις
3260 4898 3557 4969 μερίμναις
3612 4898 3711 4951 καὶ

2125 4991 2374 5060 φροντίσι
2407 4990 2503 5043 τοῦ
2545 4989 2799 5060 σώματος
2842 4991 2901 5044 τὸ
2954 4991 3096 5044 θεῖόν
3148 5008 3231 5045 σοι
3283 4990 3445 5044 τοῦτο
3493 4990 3722 5061 σπέρμα

2124 5080 2217 5132 τοῦ
2272 5080 2437 5149 φόϐου
2479 5080 2683 5150 Κυρίου
2739 5082 2831 5134 καὶ
2873 5081 2975 5150 τῆς
3028 5082 3263 5144 πίστεως
3318 5078 3716 5147 ἐναποπνιγὲν,

2124 5174 2370 5242 ἄκαρπον
2398 5173 2492 5225 καὶ
2512 5172 2768 5242 ἀδόκιμον
2798 5172 3072 5244 ἀπελέγξῃ
3101 5172 3180 5242 τῷ
3214 5173 3469 5243 γεωργῷ.

2194 5266 2479 5334 Νικήτου,
2503 5265 2610 5319 τοῦ
2631 5266 2728 5319 καὶ
2761 5265 2960 5320 Δαϐίδ.
2976 5265 3379 5335 Φυλαττώμεθα
3402 5265 3584 5321 τοίνυν
3612 5267 3710 5322 καὶ

2126 5359 2287 5428 ἡμεῖς
2321 5357 2561 5428 μηδεμιᾷ
2587 5358 2792 5411 τούτων
2811 5356 3156 5410 κινδυνεῦσαι
3182 5355 3290 5409 τῶν
3310 5356 3706 5421 ἀποπτώσεων,

2123 5449 2238 5503 ἀλλ’
2268 5448 2730 5520 ἀνακαθαίρωμεν
2769 5450 2950 5521 πάσης
2979 5449 3247 5520 ἐπηρείας
3280 5449 3539 5520 τοιαύτης
3564 5490 3579 5515 ,
3612 5451 3715 5521 τῆς

2122 5542 2360 5604 διανοίας
2388 5541 2484 5612 τὴν
2510 5542 2751 5612 ἄρουραν
2773 5557 2786 5571 ⁶
2814 5543 2910 5596 κα)⁵
2936 5543 3091 5595 ὑετὸν
3119 5542 3368 5614 πρώἶμον
3389 5544 3484 5597 καὶ
3507 5543 3712 5613 δψιμον

2122 5633 2221 5705 τὴν
2243 5633 2495 5701 ποικίλην
2526 5633 2621 5687 τοῦ
2675 5632 2989 5703 πνεύματος
3020 5635 3244 5706 διδαχὴν
3291 5637 3415 5698 ταῖς
3449 5635 3713 5703 μελέταις

2128 5723 2523 5794 ἐπισπώμενοι,
2551 5726 2647 5779 καὶ⁵
2672 5724 2771 5796 τὴν
2798 5725 2906 5779 ἀπὸ
2935 5725 3030 5779 τοῦ
3061 5725 3210 5795 ἡλίου
3241 5725 3340 5797 τῆς
3363 5723 3715 5796 δικαιοσύνης

2129 5818 2442 5890 σύμμετρον
2475 5819 2684 5891 θέρμην
2707 5819 3138 5889 ἀνακαλούμενοι
3153 5818 3435 5891 δάκρυσιν,
3452 5811 3541 5871 οἷα
3568 5818 3713 5890 καλὴ

2129 5912 2222 5968 καὶ
2253 5910 2433 5983 ἀγαθὴ
2452 5912 2546 5982 γῆ,
2575 5911 2673 5983 τῆς
2708 5910 2818 5967 ἀπὸ
2842 5910 2936 5967 τοῦ
2962 5909 3099 5967 Θεοῦ
3131 5910 3381 5981 εὐλογίας
3408 5909 3708 5980 ἐπιτυγχά-
