4092 6662
367 413 470 479 577

1196 416 1278 479 IN
1317 416 1661 480 CARMINA
1696 419 2001 482 ARCANA
2050 423 2426 487 GREGORII
2476 429 2750 493 THEOL.

3526 437 3633 502 578

361 542 549 598 νοιμεν
574 541 589 557 ⁸
621 526 669 579 εί
689 526 780 579 καὶ
814 526 888 597 μὴ
922 526 979 581 ἐν
1007 525 1222 593 ἑκατὸν,
1249 529 1365 582 ἀλλ’
1385 531 1442 583 ἐν
1473 530 1758 601 ἐξήκοντα,
1784 532 1952 603 ἤγουν

2056 538 2227 607 plum.
2258 548 2316 595 at
2344 541 2536 597 saltent
2588 543 2993 617 sexagesimum
3055 545 3463 605 tricesimumve
3514 556 3636 607 red-
3712 584 3720 591 -

360 619 419 671 ἐν
476 618 796 689 τριάκοντα,
858 622 949 673 τὶν
998 619 1210 690 καρπὸν
1261 620 1603 686 ἀποδιδόντες
1655 622 1763 676 τῶν
1814 623 1950 693 ἀρε-

358 728 489 767 των.

435 804 579 871 Κεφ.
630 804 735 868 lll',
776 804 919 875 στίχ.
972 806 1074 862 κδ’.
1110 804 1280 862 Ἰδὼν
1304 805 1373 858 δὲ
1408 806 1598 861 αὑτὸν
1634 807 1667 860 ὀ
1707 805 1951 874 Ἰησοῦς

359 893 696 961 περίλυπον
720 896 1063 965 γενόμενον,
1096 916 1151 953 κ.
1184 916 1237 953 τ.
1266 898 1317 951 λ.

433 984 695 1051 Νικήτου
722 986 828 1040 τοῦ
853 990 1272 1058 Παφλαγόνος.
1304 990 1591 1062 Καρδιακῇ
1635 991 1743 1063 γὰρ
1772 991 1954 1046 διαθέ-

359 1095 445 1130 σει
466 1077 547 1149 τῷ
575 1077 823 1151 ἀργυρίῳ
848 1083 1443 1155 προσπεπερονημένης
1460 1085 1606 1154 αὐτῴ
1629 1085 1730 1153 τῆς
1752 1086 1951 1156 ψυχῆς,

356 1169 452 1221 καί
479 1186 601 1222 τινα
628 1170 830 1241 τρόποι
860 1173 1429 1245 προσκεκολλημένης,
1456 1174 1620 1229 καὶὲν
1641 1177 1939 1247 γενομένης

356 1261 453 1313 ἐπὶ
492 1261 663 1332 αὐτῷ,
691 1264 793 1317 οὐκ
815 1264 1068 1319 ἐϐούλετο
1094 1266 1335 1337 εὐχερῶς
1360 1267 1453 1320 τοῦ
1482 1267 1804 1338 φιλουμένου
1834 1268 1952 1321 δια-

357 1351 623 1406 σπᾶσϐαι.
651 1353 699 1405 εἰ
730 1355 804 1423 μὴ
833 1354 971 1424 μετὰ
1003 1355 1253 1426 μείζονος
1285 1357 1481 1410 πόνου’
1512 1356 1703 1429 ὥσπερ
1728 1359 1820 1411 καὶ
1846 1377 1950 1428 με-

354 1439 467 1493 λῶν
507 1442 758 1513 σώματος
796 1447 984 1516 βιαίως
1008 1447 1295 1518 ἀφαίρεσις
1322 1448 1532 1518 γίνεται
1557 1448 1948 1520 διαιρουμένης

362 1536 668 1603 συμφυΐας.

2051 632 2255 688 dendo.

2124 812 2259 883 Cap.
2296 812 2481 881 XVIII,
2512 831 2657 872 vers.
2686 817 2778 874 24.
2832 818 3029 875 Viden:
3072 831 3253 877 autem
3289 820 3447 877 Iesus
3482 822 3636 878 illum

2055 905 2257 959 tristem
2296 907 2520 977 factum,
2543 918 2648 965 etc.

2130 996 2334 1053 Nicena
2353 999 2732 1072 Paphlagonis.
2757 1002 2949 1058 Anima
2975 1019 3097 1075 qum
3133 1004 3296 1060 simul
3324 1021 3449 1061 cum
3472 1005 3637 1062 corde

2055 1105 2248 1144 attrutn
2274 1093 2573 1163 sititeiqtte
2608 1095 2761 1150 unite
2795 1097 2976 1152 dedita
3001 1109 3107 1162 est,
3146 1113 3253 1153 non
3288 1098 3410 1154 sine
3436 1114 3635 1169 magno

2056 1182 2391 1238 laborcinde
2425 1185 2724 1241 divellitur.
2773 1187 2865 1243 Sic
2911 1190 3075 1243 etiam
3116 1190 3362 1260 corporis
3391 1190 3632 1245 membra

2054 1275 2198 1330 haud
2234 1287 2605 1348 amputantur,
2639 1281 2769 1351 quin
2811 1291 2923 1337 tota
2958 1283 3276 1339 earumdem
3305 1283 3636 1340 coaJunatio

2052 1368 2269 1439 penitus
2290 1371 2556 1426 solvatur.

992 1937 1225 2032 ΤΟΥ
1315 1940 1971 2027 ΦΙΛΟΣΟΦΟΥ

2082 1941 2461 2028 ΚΥΡΟΥ
2540 1945 2970 2029 ΝΙΚΗΤΛ

1635 2121 2004 2171 ΕΗΙΣΚΟΠΟΥ
2049 2121 2379 2173 ΔΑΔΥΒΡΩΝ

870 2270 1208 2327 ΕΞΗΓΗΣΙΣ
1240 2272 1377 2327 ΤΩΝ
1405 2271 1588 2327 ΕΠΩΝ
1623 2275 1761 2329 ΤΟΥ
1807 2274 2137 2329 ΜΕΓΛΛΟΥ
2167 2276 2203 2329 Γ
2209 2276 2548 2332 ιἨΓΟΡΙΟΥ
2594 2280 2730 2333 ΤΟΥ
2760 2279 3023 2335 ΘΕΟΛΟΓ
3026 2280 3138 2336 ΟΥ.

1114 2617 1561 2712 DOMINI
1616 2624 2094 2715 NICETJE
2145 2623 2887 2719 PHILOSOPHI

1566 2814 1876 2871 EPISCOPI
1955 2815 2425 2873 DADYBROBUM

739 2970 1109 3033 EXEGESIS
1165 2972 1571 3034 CARMINUM
1603 2974 2078 3037 ARCANORUM
2120 2975 2364 3037 MAGNI
2424 2976 2795 3038 GREGORII
2841 2978 3249 3042 THEOLOGI.

940 3280 1345 3337 ΠΡΟΟΙΜΙΟΝ.

435 3371 499 3424 Οἱ
531 3369 630 3442 μὲν
665 3369 797 3441 παρ’
817 3371 1043 3442 Ἕλλησι
1075 3371 1503 3443 φιλοσοφώτατοι
1535 3372 1677 3429 εἶναι
1698 3375 1951 3443 δόξαντες

362 3466 458 3519 καὶ
489 3463 833 3532 λογιώτατοι,
873 3464 1038 3535 ἡνίκα
1090 3466 1156 3518 ἂν
1195 3468 1315 3528 ταῖς
1346 3465 1488 3535 ὑπὲρ
1520 3469 1582 3520 τὸ
1611 3467 1950 3540 βλεπόμενον

362 3558 458 3612 καί
484 3557 582 3628 τὴν
615 3557 870 3625 αἴσθησιν
902 3557 1157 3629 θεωρίαις
1189 3558 1565 3625 ἐπιϐαίνοντες
1596 3563 1950 3632 φυσιολογίας

360 3656 508 3720 τινὸς
562 3657 597 3727 ἢ
638 3656 915 3724 Θεολογίας
955 3656 1030 3719 ὡς
1090 3656 1310 3728 αὐτῷ...
1352 3656 1448 3710 νῦν
1481 3657 1948 3728 ἐπελαμϐάνοντο,

363 3746 587 3809 πλείους
614 3748 695 3799 ὅτι
726 3745 959 3814 μάλιστα
992 3743 1207 3815 βίϐλους
1236 3744 1610 3799 ἐπετείνοντοο
1639 3744 1714 3806 ὡς
1747 3743 1814 3799 ἂν
1850 3745 1950 3797 ab-

361 3838 444 3891 τοὶ
492 3838 591 3907 τῆς
674 3835 794 3890 κατ’
829 3837 1027 3899 αὐτοὺς
1086 3835 1458 3907 ἐντρυφῶντες
1522 3835 1807 3899 πολυνοίας
1856 3835 1952 3889 καὶ

364 3926 622 3998 θεωρίας.
656 3927 749 3980 καὶ
781 3928 895 3990 τοῖς
927 3925 1208 3995 ἐγγίζουσι
1240 3925 1297 3979 δὲ
1329 3926 1517 3990 αὐτοῖς
1561 3926 1663 3998 τῆς
1704 3927 1813 3980 ἀπὸ
1839 3927 1949 3980 τῶν

362 4017 739 4089 θεωρημάτων
769 4017 1100 4087 μεταδιδοῖεν
1128 4017 1430 4088 ὠφελείας·
1477 4018 1593 4072 ἀλλ’
1629 4018 1783 4073 οὐδὲν
1824 4036 1951 4073 τοσ-

361 4106 519 4161 οὗτον
570 4110 648 4172 εἰς
696 4108 985 4178 οἰκοδομὴν
1018 4109 1114 4162 καὶ
1170 4108 1513 4179 κατόρθωσιν
1561 4109 1663 4180 τῆς
1710 4128 1768 4163 τε
1811 4110 1951 4175 ἰδίας

361 4200 544 4253 αὐτῶν
570 4199 810 4262 διανοίας
841 4199 939 4253 καὶ
967 4199 1066 4268 τῆς
1092 4199 1203 4252 τῶν
1238 4200 1771 4271 μαθητευομένων...
1800 4202 1950 4271 φιλο-

364 4295 549 4361 σοφεῖν
604 4292 959 4363 ἐδοκίμασαν,
1015 4293 1139 4345 ὅσον
1177 4294 1260 4355 είς
1311 4292 1587 4363 βλάόην...
1632 4291 1733 4362 τῆς
1780 4293 1951 4356 ὅντως

363 4385 775 4457 ἀληθογνωσίας
813 4386 877 4439 δι’
910 4387 1255 4457 ἁμαρτίαν...
1289 4385 1475 4453 ἐπειδὴ
1506 4386 1616 4456 γὰρ
1641 4386 1740 4458 τὴν
1770 4385 1951 4458 πάσης

372 4479 569 4549 σοφίας
602 4478 768 4534 καὶ...
800 4480 983 4550 πηγὴν
1032 4479 1152 4533 κατ’
1186 4478 1359 4550 ἀρχὴν
1390 4479 1469 4541 είς
1507 4478 1635 4542 τοὺς
1669 4479 1800 4549 περὶ
1837 4479 1948 4532 τῶν

312 4638 317 4643 ν
362 4571 532 4623 ὄντων
571 4571 877 4641 γινομένων
910 4571 1101 4639 λόγους
1128 4570 1655 4643 προκατεϐἁλλοντο,
1680 4572 1790 4625 οὐδ’
1828 4575 1951 4626 ἐπι-

2580 3289 2974 3348 Paooeutun
2997 3290 3096 3363 (a).

2124 3380 2227 3449 Qui
2258 3383 2399 3452 apud
2437 3380 2658 3437 Graecos
2699 3382 3057 3452 philosophiae
3104 3389 3156 3438 et
3203 3382 3638 3442 ratiocinationis

2056 3474 2373 3545 peritissimi
2407 3489 2529 3530 esse
2560 3482 2773 3541 putant,
2803 3474 3021 3545 quando
3064 3476 3117 3529 in
3162 3477 3637 3546 speculationibus

2052 3564 2119 3618 de
2151 3564 2271 3618 visu
2300 3572 2353 3618 et
2383 3566 2701 3620 sensatione
2729 3566 3111 3636 aggredientes
3144 3568 3438 3638 quamdam
3484 3570 3637 3642 phy—

2053 3652 2340 3723 siologiam
2374 3665 2465 3707 aut
2503 3655 2834 3726 theologiam
2870 3664 2928 3710 ut
2970 3655 3048 3710 illi
3185 3673 3331 3713 nunc
3385 3658 3636 3714 incurre-

2052 3739 2187 3796 bant
2224 3741 2409 3810 plures
2455 3758 2619 3811 qnam
2666 3744 2906 3799 maxime
2950 3744 3122 3800 libros
3172 3748 3630 3815 protendebant:

2052 3830 2127 3883 ita
2155 3838 2215 3883 ut
2240 3829 2344 3899 ipsi
2376 3829 2521 3885 intra
2558 3847 2618 3885 se
2648 3832 2714 3887 de
2753 3833 3019 3899 sapientia
3046 3843 3099 3888 et
3128 3835 3502 3904 speculatione
3535 3852 3635 3892 sua

2053 3923 2373 3992 gloriantes,
2413 3923 2498 3978 his
2534 3924 2627 3992 qui
2672 3925 2737 3978 ad
2772 3926 2920 3994 ipsos
2958 3926 3229 3981 accedunt
3262 3941 3489 3982 suarum
3532 3929 3633 3985 de-

2052 4014 2521 4068 monstrationum
2559 4014 2855 4069 utilitatem
2900 4016 3311 4072 communicent
3342 4033 3359 4084 ;
3391 4019 3485 4073 sed
3534 4020 3637 4076 mi-

2052 4105 2201 4160 nime
2266 4115 2480 4159 tantum
2555 4109 2622 4159 ad
2688 4105 3121 4161 etformationem
3168 4114 3223 4161 et
3276 4108 3635 4165 directionem

2051 4201 2137 4257 sui
2188 4201 2433 4271 ipsorum
2471 4212 2525 4256 et
2582 4200 2975 4271 discipulorum
3023 4202 3376 4258 conscientia:
3514 4203 3636 4273 phi-

2051 4292 2328 4362 losophari
2377 4292 2482 4347 sibi
2537 4303 2966 4362 proposuerunt,
3020 4303 3287 4363 quantum
3318 4296 3384 4351 ad
3418 4312 3635 4365 perver-

2052 4382 2262 4439 sionem
2288 4400 2428 4438 verae
2450 4393 2504 4439 et
2538 4398 2702 4439 recta:
2726 4384 3057 4455 cognitionis
3090 4395 3311 4456 propter
3333 4388 3546 4456 culpam

2052 4476 2324 4543 Quoniam
2361 4477 2507 4531 enim
2542 4476 2723 4532 omnis
2752 4477 3035 4548 sapientiae
3061 4477 3265 4533 fontem
3298 4494 3328 4533 a
3362 4481 3633 4552 principio

2015 4622 2021 4630 ,
2053 4569 2107 4625 in
2140 4570 2487 4626 sermonibus
2509 4570 2577 4626 de
2599 4570 2820 4625 cntibus
2844 4570 3237 4627 exsistentibus
3253 4571 3628 4640 instituerunt,

361 4662 639 4731 γνῶναι...
673 4662 771 4716 καὶ
793 4662 967 4726 οὕτως
994 4665 1052 4716 ἐν
1080 4662 1218 4734 αὐτῇ
1245 4664 1341 4719 καὶ
1368 4663 1437 4716 δι’
1467 4663 1651 4717 αὐτῶν
1671 4663 1808 4735 πρὸς
1835 4666 1944 4719 πᾶ-

2051 4677 2160 4717 non
2210 4676 2543 4732 cognoscere
2679 4671 2735 4717 et
2784 4663 2856 4717 ita
2910 4662 2965 4717 in
3004 4662 3121 4732 ipsa
3170 4671 3226 4717 et
3276 4678 3371 4733 per
3422 4665 3513 4720 illa
3563 4667 3630 4723 ad

362 4771 460 4806 σαν
493 4752 906 4823 ἀληοογνωσίαν
935 4753 1249 4823 όδηγείσθαι
1297 4754 1390 4809 καὶ
1439 4772 1640 4810 κατε...
1674 4756 1947 4827 κατηξίω-

363 4861 489 4899 σαν*
520 4845 612 4898 διὰ
642 4844 804 4899 τοῦτο
827 4844 951 4898 οὔτε
977 4845 1107 4917 περὶ
1131 4846 1339 4917 ἀρχῶν,
1360 4846 1485 4899 οὔτε
1515 4847 1644 4919 περὶ
1672 4847 1782 4901 τῶν
1808 4848 1947 4919 μετὰ

357 4939 458 5003 τὰς
496 4940 697 5010 ἀρχὰς,
753 4939 876 4993 οὔτε
940 4942 1071 5010 περὶ
1122 4939 1217 4993 τοῦ
1259 4941 1367 4994 τῶν
1414 4942 1718 5012 γινομένων
1759 4942 1947 5006 τέλους

359 5031 637 5099 ἀξιόλογον
668 5032 701 5103 ἢ
731 5031 975 5100 ἀξιόθεόν
1007 5050 1060 5085 τι
1120 5032 1581 5103 φιλοσοφήσαντες
1611 5033 1945 5104 ἀπελέγχον-

359 5139 484 5177 ται·
518 5124 643 5177 ὅθεν
681 5124 781 5194 τῆς
812 5127 941 5194 μιᾶς
982 5110 1079 5178 καὶ
1109 5127 1280 5197 μόνης
1315 5124 1406 5178 τοῦ
1432 5126 1600 5190 ὅντως
1627 5126 1779 5190 ὄντος
1805 5125 1941 5180 Θεοῦ

363 5214 555 5285 σοφίας
595 5219 689 5269 καὶ
738 5218 996 5287 ἀληθείας
1030 5216 1431 5288 διαμαρτόντες
1458 5257 1473 5283 ,
1509 5218 1732 5290 μυρίαις
1760 5217 1942 5285 δόξαις

361 5310 454 5363 καὶ
482 5310 716 5373 πλάναις
752 5311 846 5363 καὶ
889 5310 1230 5382 ἐναντιότησι
1273 5310 1412 5380 πρός
1459 5327 1519 5363 τε
1571 5311 1798 5374 ἑαυτοὺς
1836 5313 1930 5365 καὶ

360 5403 625 5471 ἀλλήλους
651 5403 1021 5475 διενεχθέντες
1042 5446 1057 5469 ,
1102 5402 1624 5475 ἀπεδοκιμάσθησαν
1667 5402 1792 5457 οὔτε
1825 5406 1939 5468 τοῖς

362 5494 492 5565 περὶ
520 5493 657 5547 Θεοῦ
696 5494 874 5563 λόγοις
910 5497 1300 5567 συμϐαίνοντες
1338 5495 1479 5567 (πῶς
1514 5496 1624 5567 γὰρ
1651 5495 1747 5549 καὶ
1772 5494 1936 5563 ἔμελ-

362 5582 452 5637 λον
486 5584 537 5637 οἱ
565 5585 642 5657 μὴ
672 5587 803 5658 παρ’
838 5587 1005 5641 αὑτοῦ
1038 5587 1166 5659 περὶ
1192 5586 1361 5642 αὐτοῦ
1396 5585 1714 5658 μυούμενοι,
1742 5585 1804 5640 τὸ
1831 5586 1939 5640 πᾶν

420 5758 530 5831 (α)
571 5757 700 5825 Mai,
734 5759 986 5832 Spicileq.
1036 5760 1188 5815 Rom.
1221 5759 1286 5828 V,
1324 5761 1546 5832 39Z,_ex
1564 5758 1762 5832 codice
1786 5758 1940 5814 Vati-

364 5830 515 5887 cano
536 5832 653 5901 qui,
686 5842 869 5902 utpote
911 5830 975 5887 ex
1027 5832 1350 5902 antiquiore
1405 5830 1686 5886 Sfortiano
1732 5831 1939 5885 dest-ri-

364 5912 511 5972 ptns,
549 5901 760 5959 lacunis
785 5903 995 5975 aliquot
1024 5901 1259 5971 laborat,
1287 5912 1509 5973 propter
1533 5902 1733 5959 veteris
1756 5917 1938 5957 exem-

2050 4768 2267 4809 omnem
2320 4769 2507 4808 veram
2555 4754 2920 4824 cognitionem
2949 4754 3173 4824 perduci
3208 4764 3263 4810 et
3390 4758 3632 4813 aestima-

2050 4856 2267 4901 verunt.
2315 4845 2442 4899 Ideo
2488 4860 2665 4915 neque
2712 4844 2856 4899 circa
2913 4845 3204 4916 principia.
3260 4862 3435 4917 neque
3483 4849 3629 4903 circa

2049 4952 2138 4992 res
2171 4952 2292 5006 quae
2328 4936 2611 5006 principiis
2642 4937 2965 5001 succedunt,
2998 4953 3177 5007 neque
3221 4938 3367 4994 circa
3418 4942 3627 4996 entium

2047 5029 2211 5083 linem
2261 5029 2465 5098 aliquid
2525 5028 2847 5083 rationabile
2902 5028 2987 5083 vel
3043 5028 3326 5098 probabile
3383 5030 3629 5099 philoso-

2048 5121 2206 5192 phari
2256 5121 2630 5176 inveniuntur.
2679 5120 2836 5176 Unde
2881 5121 2996 5175 sola
3036 5130 3091 5176 et
3142 5121 3302 5176 unica
3357 5121 3450 5176 Dei
3505 5137 3629 5177 vere

2048 5212 2366 5269 exsistentis
2420 5212 2684 5281 sapientia
2746 5221 2801 5266 et
2863 5216 3089 5267 veritate
3144 5223 3415 5274 carentes.
3480 5215 3626 5267 mul-

2048 5306 2117 5359 tis
2164 5304 2518 5375 opinionibus
2561 5314 2615 5357 et
2655 5303 2933 5358 erroribus
2981 5312 3037 5359 et
3101 5306 3627 5362 contradictionibus

2047 5414 2171 5451 cum
2203 5396 2399 5467 seipsis
2432 5406 2486 5450 ct
2525 5412 2651 5451 cum
2694 5396 2816 5450 aliis
2848 5396 3061 5465 agitati,
3099 5397 3371 5466 reprobati
3406 5408 3533 5452 sunt
3568 5399 3624 5453 in

2048 5489 2391 5543 sermonibus
2421 5487 2566 5541 circa
2593 5487 2757 5541 Deum
2778 5503 2886 5543 non
2917 5488 3299 5543 convenientes
3319 5505 3332 5541 :
3351 5491 3625 5559 quomodo

2048 5580 2193 5636 enim
2230 5579 2451 5636 evenire
2476 5579 2709 5635 debebat
2740 5579 2826 5635 his
2854 5580 2948 5651 qui
2984 5596 3094 5636 non
3139 5581 3209 5635 ab
3257 5580 3350 5635 illo
3417 5583 3485 5637 de
3528 5582 3625 5637 illo

2059 5757 2211 5814 tlaris
2243 5757 2466 5813 damna.
2495 5757 2654 5811 Dgest
2675 5758 2776 5812 hoc
2797 5757 3186 5825 promminmin
3210 5756 3619 5813 Commentario

2070 5828 2241 5883 iiceta:
2296 5828 2442 5899 quod
2498 5827 2916 5899 pestifcregorii
2976 5828 3312 5885 Nazianzeni
3367 5828 3616 5885 cat-mina

2038 5897 2507 5970 edidimus—(tom;
2530 5897 2854 5971 XXXVIII).
2891 5898 3050 5956 EDIT.
