4012 6488
461 322 569 386 ’579

1619 312 1669 372 Ν
1675 307 1914 370 ῙΕΕΤιΕ
1951 301 2484 393 ξἈΡΙῙῐιΑαΟΝΙΒ

3619 277 3727 371 ὲ)δό

471 427 743 490 edocti,in
783 425 932 480 omni
970 441 1027 480 rc
1071 425 1188 479 suis
1231 425 1466 496 propriis
1513 423 1935 493 cogitationibus
1983 436 2041 477 se

2158 418 2198 470 se
2237 421 2349 482 τοῖς
2381 419 2532 482 ἰδίοις
2555 414 2949 490 επιτρέψαντες
2977 417 3256 489 λογισμοῖς
3279 417 3351 490 ς),
3381 417 3502 472 οὐτε
3538 419 3594 472 δὲ
3623 413 3735 471 τῶν

469 519 900 590 permittebant?
923 534 1100 588 neque
1127 518 1194 572 de
1229 518 1316 570 his
1352 532 1474 586 quae
1499 515 1565 569 ad
1601 515 1768 568 Deum
1812 514 2047 567 attinent

471 613 802 666 concordem
838 622 890 664 et
927 611 1142 664 firmum
1180 622 1492 663 sermonem
1519 615 1574 660 et
1618 605 2044 660 determinatum

470 718 565 772 per
591 703 838 756 veritatis
867 717 1113 755 amorem
1149 698 1451 753 elucubrati
1483 706 1629 752 sunt.

540 794 903 861 Quamobrem
964 803 1108 848 certe
1167 793 1440 860 sapienter
1463 801 1683 847 etrecte
1711 793 2039 861 supernam-'-

470 886 654 938 raliter
680 884 1091 951 supernaturale
1119 884 1208 938 Dei
1241 883 1416 938 Patris
1444 883 1704 946 Verbum,
1724 885 2051 955 utindignos

471 978 572 1031 lide
596 985 649 1030 et
698 978 918 1030 insanos
945 976 1116 1030 fat-tos
1148 976 1270 1030 illos
1305 991 1425 1030 esse
1481 977 1664 1046 arguit
1716 985 1770 1030 et
1808 986 2052 1031 contem-

472 1068 710 1137 ptibiles,
733 1069 1003 1136 boumque
1025 1083 1119 1137 per
1140 1067 1349 1138 paterni
1371 1067 1608 1135 Spiritus
1629 1069 1682 1122 in
1703 1069 2048 1138 purissimam

461 1159 696 1216 Mariam
725 1159 1225 1222 obumbrationem,
1260 1167 1314 1213 et
1345 1160 1464 1214 sine
1495 1170 1714 1230 peccato
1753 1160 2048 1214 humanam

473 1253 753 1324 ingressus
785 1253 970 1318 vitam,
1006 1253 1348 1331 sermonibus
1375 1269 1496 1323 quae
1524 1256 1589 1306 ad
1617 1269 1779 1306 unam
1802 1263 1856 1306 et
1878 1253 2048 1308 solam

475 1346 528 1399 iii
571 1345 834 1402 Trinitate
867 1345 1104 1398 divinam
1142 1346 1506 1400 hierarrhiam
1535 1346 1864 1407 attinebant,
1895 1361 2050 1400 reve-

473 1436 604 1490 iavit
657 1454 672 1500 ;
709 1451 830 1506 quae
869 1447 1046 1490 autem
1099 1437 1152 1491 in
1195 1438 1313 1507 ipso
1343 1438 1544 1492 fiebant
1585 1449 1675 1491 aut
1712 1437 1850 1493 facta
1894 1450 2054 1495 erant

475 1527 752 1581 similibus
784 1527 964 1582 verbis
997 1544 1061 1582 ac
1092 1530 1372 1598 prophet:e
1404 1527 1657 1598 patefecit
1684 1546 1699 1594 ;
1733 1538 1786 1582 ct
1831 1545 1950 1598 qua:
1983 1531 2050 1584 de

473 1635 578 1677 suo
611 1618 716 1673 fine
758 1631 915 1674 erant
951 1622 1252 1691 grandibus
1281 1631 1332 1674 et
1357 1621 1536 1691 dignis
1569 1621 1917 1676 sermonibus
1963 1637 2050 1676 re-

475 1723 598 1767 ctas
628 1721 680 1766 et
714 1712 1075 1784 iulelligentcs
1107 1729 1267 1768 aures
1290 1715 1510 1768 edocuit
1541 1732 1556 1778 ;
1583 1715 1840 1784 operibus
1865 1709 2047 1768 autem

475 1805 731 1858 omnibus
757 1812 810 1858 et
838 1805 1036 1858 divinis
1071 1804 1243 1874 signis
1265 1820 1401 1860 suos
1431 1819 1714 1860 sermones
1753 1807 2046 1860 conlirma-
2081 1789 2122 1845 Β

474 1897 552 1950 vit
600 1907 651 1950 et
697 1896 852 1950 fidem
897 1898 1122 1967 adeptus
1171 1909 1275 1962 est,
1329 1899 1514 1968 itaque
1557 1899 1774 1952 stultam
1826 1914 2044 1952 omnem

476 1988 667 2041 mundi
726 1987 1048 2057 sapientiam
1113 2006 1236 2043 cum
1306 1989 1715 2044 manifestasset
1779 1999 2046 2060 quantum

476 2085 653 2146 potest
674 2077 870 2147 aliquis
895 2094 988 2147 per
1011 2094 1231 2134 crucem
1262 2090 1315 2134 et
1347 2081 1686 2150 sepulturam
1713 2091 1768 2135 et
1802 2097 2049 2136 resurre-

477 2167 738 2228 ctioncm,
792 2169 856 2222 ad
911 2169 1124 2223 Patrem
1157 2186 1186 2223 υ
1214 2185 1321 2239 quo
1371 2171 1558 2230 exivit.
1589 2180 1642 2226 et
1675 2170 1740 2224 ad
1774 2171 2046 2241 propriam

478 2258 711 2329 gloriam
766 2261 1011 2315 ascendit
1048 2279 1062 2328 ;
1100 2278 1259 2317 suum
1305 2279 1433 2318 vero
1475 2265 1528 2318 in
1582 2265 1760 2318 locum
1801 2263 2046 2335 ejusdem

475 2357 688 2404 naturae
737 2351 1003 2421 Spiritum
1037 2353 1254 2409 famulis
1285 2355 1401 2409 suis
1434 2357 1675 2419 mittens,
1706 2370 1802 2424 per
1835 2370 2046 2420 omnes,

477 2439 571 2511 qui
604 2443 814 2497 cunctis
865 2445 1308 2512 generationibus
1367 2454 1614 2516 surgent,
1670 2459 2045 2519 servossuos,

485 2545 707 2592 sanctas
758 2543 812 2591 et
868 2552 1098 2592 arcanas
1161 2538 1230 2592 de
1282 2537 1391 2590 Deo
1441 2537 1805 2593 revelationes
1856 2546 1912 2592 et
1958 2552 2050 2591 sa-

478 2627 694 2698 pientiae
751 2629 1008 2684 veritates
1054 2637 1108 2683 et
1140 2629 1571 2700 magnificentius
1625 2629 1900 2684 diffundit.
1958 2628 2050 2682 Vi-

479 2721 682 2773 dentur
724 2719 944 2790 quidem
995 2720 1226 2776 diversa:
1255 2720 1504 2791 quzedam
1533 2734 1659 2776 esse
1683 2729 1736 2774 ct
1773 2719 2050 2774 multifor-

479 2827 620 2876 mes,
653 2811 887 2868 fortasse
917 2813 1081 2868 etiam
1115 2813 1415 2868 contradici
1447 2815 1694 2882 quzedam
1725 2822 2050 2884 reputaren-

481 2913 572 2956 tur
623 2919 652 2956 a
721 2903 1074 2973 quibusdam,
1135 2906 1202 2960 de
1256 2905 1366 2959 Deo
1425 2905 1707 2964 doctrinae,
1780 2920 1900 2973 qua;
1955 2919 2052 2974 per

477 2996 776 3063 prophetas
804 3004 856 3048 ct
887 2995 1162 3062 apostolos
1193 3004 1246 3050 et
1278 2998 1487 3065 hosqui
1513 2995 1685 3051 secuti
1709 3005 1838 3049 sunt
1869 2997 2051 3064 plures

480 3096 708 3141 sanctos
739 3089 988 3142 doctores
1028 3089 1294 3143 institutae
1339 3100 1465 3144 sunt
1503 3108 1515 3143 :
1560 3104 1625 3142 ne
1681 3104 1784 3141 una
1832 3087 2050 3156 quidem

488 3177 630 3246 apud
672 3179 790 3231 illos
823 3179 913 3247 qui
949 3193 1129 3232 veram
1168 3179 1395 3249 gloriam
1443 3179 1770 3232 anountiant
1813 3177 2056 3231 occurrit

477 3269 864 3323 contradictio.
927 3266 1131 3326 Omnes
1181 3270 1328 3324 enim
1369 3287 1400 3324 a
1437 3269 1546 3324 Deo
1585 3271 1861 3340 inspiratae
1894 3269 2052 3323 theo-

479 3359 678 3429 logiae,
709 3375 774 3414 ex
810 3376 918 3414 uno
975 3371 1029 3415 et
1071 3361 1191 3431 ejus
1223 3370 1418 3416 sancto
1468 3360 1670 3432 Spiritu
1725 3362 2054 3431 principium

479 3461 848 3518 assumentes,
913 3463 968 3508 et
1033 3456 1100 3508 ad
1160 3471 1331 3508 unum
1393 3455 1638 3510 veritatis
1715 3457 2053 3524 propositum

481 3543 788 3606 tendentes,
819 3546 1118 3601 concordes
1150 3561 1334 3602 secum
1371 3556 1425 3600 et
1470 3562 1594 3600 cum
1625 3545 1749 3601 aliis
1797 3561 2057 3601 consona:

481 3655 606 3694 esse
662 3641 860 3693 debent
897 3657 911 3706 ;
950 3640 1224 3695 veteribus
1275 3653 1494 3709 quoque
1550 3639 1853 3709 Scripturis
1903 3653 2058 3692 nova}

481 3729 849 3800 insequuntur
878 3741 932 3786 et
954 3739 1161 3786 veteres
1200 3733 1356 3786 novis
1381 3732 1750 3795 consentiunt,
1777 3741 1830 3785 et
1853 3731 2056 3784 nullam

482 3823 801 3880 hominibus
820 3843 982 3881 Sensu
1006 3827 1250 3896 pra-ditis
1271 3826 1756 3879 contradictionem
1783 3823 2056 3893 przebent;

485 3914 592 3968 nisi
629 3915 753 3984 quis
781 3915 848 3969 ab
879 3916 1000 3970 aliis
1025 3917 1293 3985 theologis
1321 3915 1552 3982 dictum,
1576 3915 1698 3969 aliis
1719 3913 2056 3980 attribuerit;

481 4007 627 4076 quod
680 4007 820 4077 apud
878 4009 1170 4078 prephetas
1221 4008 1456 4063 obscure
1490 4015 1544 4062 et
1595 4005 1942 4076 :enigmaticc
1975 4004 2060 4058 di-

482 4112 632 4158 ctum
676 4112 760 4159 est
807 4115 1032 4174 propter
1072 4114 1308 4174 tempus,
1362 4105 1508 4160 clare
1535 4114 1588 4159 et
1617 4104 1737 4159 sine
1789 4101 2062 4174 ambigui-3‘

483 4204 596 4250 tate
633 4213 728 4266 per
749 4197 1113 4263 evangelistas
1135 4197 1382 4264 dicatur;
1415 4207 1529 4262 aut,
1567 4196 1633 4250 ad
1667 4196 1783 4249 haec
1813 4207 2058 4264 quoque,

483 4287 589 4341 nisi
622 4286 751 4356 quid
796 4288 1020 4342 concise
1039 4297 1093 4342 et
1119 4288 1306 4357 rapide
1339 4288 1480 4356 apud
1511 4287 1790 4357 apostolos
1825 4286 2056 4346 dictum,

482 4379 790 4446 explicatis,
823 4381 1020 4450 amplis
1080 4389 1135 4432 et
1175 4379 1389 4433 diffusis
1438 4380 1618 4433 verbis
1663 4394 1758 4448 per
1806 4375 2062 4432 Ecclesia:

484 4464 900 4527 aediﬁcationem
929 4489 960 4526 a
991 4472 1308 4527 doctoribus
1339 4482 1625 4526 tractatum
1652 4473 1752 4527 sit.

501 4680 504 4684 -
557 4649 614 4704 Si
647 4649 772 4719 quis
802 4649 965 4720 igitur
995 4649 1121 4705 talia
1153 4649 1577 4706 discordantiam
1605 4651 1658 4704 in
1687 4650 1861 4705 sacris
1891 4648 2062 4703 Litte-

486 4745 566 4798 ris
596 4745 951 4814 rrputaverit,
989 4744 1213 4798 omnino
1267 4743 1354 4798 ille
1400 4745 1558 4814 longe
1589 4761 1616 4797 a
1656 4745 1902 4799 veritatis
1933 4741 2069 4808 pro?

486 4837 666 4907 posito
721 4837 940 4892 decidit.
970 4835 1089 4892 Non
1119 4851 1248 4907 ergo
1289 4836 1656 4892 discordantia
1689 4839 1936 4906 quaedam
1971 4842 2064 4888 aut

486 4929 850 4986 contradictio
904 4932 1045 4984 inest
1077 4932 1129 4985 in
1169 4932 1413 4986 veritatis
1445 4931 1712 5000 theologis
1753 4932 1896 4984 circa
1927 4929 2062 4983 siin-

488 5024 606 5094 plex
657 5033 712 5077 et
756 5041 924 5078 unum
956 5025 1204 5079 veritatis
1252 5025 1500 5090 verbum,
1553 5033 1651 5078 aut
1688 5022 1754 5078 ad
1805 5022 2060 5086 invicem,

487 5118 948 5185 quemadmodum
986 5117 1038 5170 in
1071 5118 1409 5186 philosophis
1461 5116 1738 5172 extraneis
1795 5130 1916 5169 esse
1969 5113 2065 5168 de-

488 5218 864 5274 monstratur;
911 5224 1128 5278 semper
1160 5209 1306 5263 enim
1356 5209 1447 5278 qui
1485 5208 1646 5262 unius
1678 5191 1893 5261 Domini
1935 5214 2066 5260 sunt

486 5300 733 5355 veritatis
785 5301 1013 5369 spiritus
1066 5299 1182 5355 suis
1219 5300 1716 5369 praedecessoribus
1765 5299 1818 5352 in
1865 5297 1969 5351 fide
2011 5306 2064 5351 et

489 5391 689 5461 pietate
722 5407 818 5446 ccu
853 5393 1099 5460 patribus
1141 5401 1195 5446 et
1225 5392 1454 5446 dtteibus
1486 5391 1598 5446 suis
1625 5399 1746 5462 post
1785 5391 2062 5445 Christum

489 5485 682 5539 devote
713 5485 1057 5551 inhaerentes,
1080 5492 1133 5539 et
1167 5485 1378 5538 illorum
1399 5486 1626 5555 gratiam
1661 5493 1714 5540 et
1742 5486 2063 5555 sapientiatn

491 5581 556 5630 ad
587 5594 644 5631 se
675 5579 1028 5640 adducentes,
1062 5587 1115 5631 et
1145 5577 1188 5631 si
1218 5577 1342 5646 quid
1371 5592 1594 5631 necesse
1624 5586 1706 5632 est
1737 5578 1818 5630 vel
1851 5577 1996 5631 aliud
2036 5594 2063 5630 a

491 5685 549 5725 se
579 5671 761 5739 adjici,
796 5686 901 5723 non
947 5672 1048 5726 sibi
1078 5671 1168 5725 sed
1215 5671 1460 5740 patribus
1497 5669 1792 5738 prudenter
1821 5669 2065 5724 referen-

492 5771 596 5830 tes,
631 5765 822 5820 nierito
849 5763 1072 5819 Patrum
1105 5765 1280 5820 laudis
1313 5763 1555 5836 lueredes
1591 5772 1643 5818 et
1669 5763 1768 5832 ipsi
1801 5763 2066 5820 exhiben-

2153 511 2309 579 παρά
2339 511 2476 564 Θεοῦ
2505 511 2807 582 γινομένων
2854 513 3143 584 σύμφωνον
3190 514 3284 565 καὶ
3313 513 3523 566 ἑστῶτα
3573 514 3734 582 λόγον

2153 602 2249 656 καὶ
2274 603 2578 676 ὡρισμένον
2611 603 2923 676 φιλαλήθως
2953 605 3362 675 διεπονήσαντο.

2153 832 2159 844 ,
2223 782 2315 836 Διὸ
2336 782 2400 854 δὴ
2427 783 2604 852 σοφῶς
2642 801 2702 837 τε
2744 783 2838 837 καὶ
2873 784 3278 855 ἀγαθοπρεπῶς
3329 785 3668 854 ὐπερουσίως
3709 787 3736 840 ό

2145 875 2481 948 ὐπερούσιος
2515 877 2610 929 τοῦ
2641 877 2776 930 Θεοῦ
2831 879 3041 946 Πατρός
3093 877 3284 945 Λόγος,
3351 879 3427 941 ὡς
3483 877 3736 940 ἀναξίους

2155 968 2392 1024 πίστεως
2418 969 2513 1022 καὶ
2547 969 3040 1039 μεματαιωμένους
3063 970 3260 1032 αὐτοὺς
3291 968 3612 1038 ἐξελέγχων,
3637 970 3739 1021 καὶ

2155 1061 2549 1126 ἑξουδενωκὼς,
2605 1061 2902 1132 ἀνδρωθείς
2958 1079 3018 1115 τε
3062 1062 3149 1116 διὰ
3182 1063 3282 1132 τῆς
3333 1062 3437 1115 τοῦ
3465 1063 3735 1133 πατρικοῦ

2158 1151 2473 1221 lli/stipato;
2507 1153 2600 1205 ἐπὶ
2623 1152 2722 1224 τὴν
2759 1153 3068 1224 ὑπέραγνον
3103 1152 3338 1224 Μαριὰμ
3367 1152 3734 1219 ἑπελεύσεως,

2153 1243 2248 1295 καὶ
2280 1243 2452 1314 χωρὶς
2501 1243 2775 1314 ἁμαρτίας
2818 1245 2912 1297 τὸν
2949 1243 3288 1316 ἀνθρώπινον
3318 1245 3564 1298 ὐπελθὼν
3599 1245 3735 1315 βίον,

2152 1335 2336 1405 λόγοις
2384 1338 2484 1406 μὲν
2513 1337 2582 1390 τὰ
2623 1339 2748 1406 περὶ
2777 1337 2878 1406 τῆς
2922 1339 3050 1406 μιᾶς
3098 1337 3192 1390 καὶ
3228 1337 3397 1408 μόνης
3445 1337 3739 1408 τριαδικῆς

2156 1430 2415 1500 θεαρχίας
2447 1429 2823 1502 διηγγελκώς⁶
2855 1430 2924 1483 τά.
2955 1447 3011 1484 τε
3037 1431 3167 1501 περὶ
3195 1431 3303 1482 τῶν
3335 1429 3402 1483 δι’
3439 1429 3607 1483 αὐτοῦ
3644 1446 3738 1496 γε-

2154 1523 2410 1592 γονότων,
2439 1523 2472 1594 ἢ
2504 1525 2807 1591 γινομένων
2861 1521 3139 1591 ὁμολόγως
3179 1521 3257 1592 τῷ
3300 1522 3443 1593 λόγῳ
3493 1523 3587 1575 καὶ
3627 1525 3741 1586 τοῖς

2154 1615 2463 1684 προφήταις
2494 1615 2875 1685 ἀνηγγελκώς’
2913 1614 2982 1668 τά
3017 1631 3084 1666 τε
3111 1615 3240 1685 περὶ
3279 1614 3374 1667 τοῦ
3415 1614 3606 1677 τέλους
3635 1615 3738 1666 αὐ-

2151 1707 2248 1760 τοῦ
2281 1707 2716 1779 μεγαλοπρεπῶς
2750 1707 2843 1760 xai.
2874 1707 3226 1778 ἀξιοπρεπῶς
3254 1707 3439 1760 εὐθέσι
3469 1708 3566 1760 κοιλ⁸
3612 1725 3741 1760 συν-

2152 1803 2290 1864 ετοῖς
2321 1801 2593 1870 ὲνηχήσας
2642 1798 2808 1852 ὠσίν·
2851 1797 3033 1869 ἔργοις
3075 1797 3132 1850 δὲ
3176 1799 3306 1850 πᾶσι
3343 1799 3434 1850 καὶ
3484 1797 3740 1869 σημείοις

2151 1891 2415 1958 ἀξιοθέοις
2450 1889 2862 1961 ὲπισφραγίσας
2907 1890 3035 1954 τοὺς
3091 1890 3258 1943 αὐτοῦ
3293 1890 3487 1958 λόγους
3515 1892 3610 1944 καὶ
3653 1908 3742 1944 πι-

2152 1985 2520 2056 στωσάμενος,
2577 1985 2673 2038 καὶ
2702 1985 2893 2056 μωρὰν
2916 1981 3060 2036 όῦτω
3112 1984 3292 2036 πᾶσαν
3333 1984 3434 2055 τὴν
3461 1985 3741 2053 κοσμικὴν

2153 2079 2346 2148 σοφίαν
2375 2079 2680 2148 ἀποφήνας,
2719 2077 2893 2146 ὁπόση
2916 2095 3000 2141 τις
3033 2076 3121 2130 διὰ
3160 2076 3394 2148 σταυροῦ
3430 2076 3525 2129 καὶ
3553 2075 3742 2144 ταφῆς

2154 2171 2250 2225 καὶ
2274 2171 2647 2233 ἀναστάσεως,
2680 2170 2817 2240 πρὸς
2847 2170 2938 2222 τὸν
2963 2169 3204 2238 Πατέρα,
3231 2169 3359 2240 παρ’
3385 2163 3445 2222 οὐ
3477 2167 3741 2236 ἐξελήλυο

2163 2262 2278 2324 θεν,
2312 2262 2406 2315 καὶ
2439 2261 2535 2332 τὴν
2573 2260 2710 2314 ἰδίαν
2737 2259 3010 2328 ἐπανῆλθε
3050 2260 3209 2325 δόξαν
3232 2273 3246 2287 ·
3284 2257 3479 2311 ἑαυτοῦ
3506 2257 3563 2310 δὲ
3605 2258 3742 2310 ἀντ-

2151 2354 2406 2424 άλλαγμα
2444 2353 2504 2406 τὸ
2544 2352 2790 2423 συμφυὲς
2825 2350 3053 2420 Πνεῦμα
3099 2351 3212 2412 τοῖς
3236 2349 3461 2411 οἰκείοις
3492 2349 3744 2418 παρεχό‹

2155 2462 2312 2516 μενος
2377 2444 2466 2498 διὰ
2520 2444 2652 2514 τῶν,
2696 2442 2780 2512 ἐφ’
2839 2443 3076 2511 ἑκάστης
3135 2443 3328 2509 γενεᾶς
3393 2441 3744 2511 ὲξεγειρομέ-

2154 2551 2258 2588 νων
2281 2534 2446 2588 αὐτοῦ
2485 2534 2860 2606 θεραπευτῶν,
2889 2534 2988 2596 τὰς
3018 2531 3399 2604 ίεροκρυφίους
3425 2533 3742 2602 θεορῥημο-

2154 2628 2321 2692 σύνας
2379 2627 2474 2681 καὶ
2528 2626 2896 2697 ἀληθοσοφίας
2951 2625 3118 2678 αὐτοῦ
3183 2624 3280 2678 καὶ
3332 2624 3745 2696 μεγαλουργίας

2151 2719 2449 2792 ἀναφέρει·
2482 2719 2698 2773 δοκοῦσι
2749 2720 2848 2790 μὲν
2879 2715 2971 2773 οῦν
2999 2719 3243 2772 ποικίλαι
3277 2718 3422 2780 τινὲς
3461 2714 3600 2771 εἶναι
3643 2717 3746 2771 καὶ

2153 2813 2522 2882 πολυσχεδεῖς,
2579 2813 2709 2876 ἴσως
2755 2812 2812 2866 δέ
2860 2829 2991 2864 ποτε
3041 2812 3136 2866 καὶ
3173 2809 3549 2865 ἐναντιοῦσθαί
3587 2826 3745 2870 τινες
3829 2809 3832 2812 ⁴

2154 2905 2502 2974 ὐπονοηθεῖέν
2541 2922 2701 2968 τισιν,
2747 2904 2808 2958 αἴ
2836 2922 2895 2956 τε
2925 2904 3014 2957 διὰ
3055 2903 3353 2975 προφητῶν
3379 2902 3474 2955 καὶ
3503 2901 3746 2955 ἀποστό-

2153 2995 2262 3048 λων
2297 2997 2391 3049 καὶ
2431 2995 2536 3048 τῶν
2565 2994 2764 3065 ἑφεξῆς
2803 2995 3142 3048 διδασκάλων
3177 2995 3348 3062 ἁγίων
3379 2993 3578 3046 πλείων
3603 2993 3747 3046 ἀνα-

2153 3088 2480 3158 ταττόμεναι
2527 3088 2840 3160 θεηγορίαι⁶
2875 3087 3102 3159 οὐδεμία
3153 3087 3209 3140 δὲ
3265 3085 3415 3156 παρά
3482 3087 3596 3148 τοῖς
3640 3084 3748 3155 τὴν

2157 3180 2330 3252 ἀληθῆ
2379 3182 2537 3248 δόξαν
2582 3181 2982 3252 πρεσϐεύουσιν
3033 3179 3380 3249 ἐναντιότης·
3418 3179 3588 3230 πᾶσαι
3629 3177 3749 3248 γὰρ

2155 3275 2213 3328 αἱ
2252 3276 2596 3328 θεόπνευστοι
2621 3275 2913 3343 θεολογίαι,
2954 3274 3048 3328 ἅτε
3076 3271 3135 3338 ἐξ
3169 3273 3284 3336 ἑνὸς
3326 3271 3421 3324 καὶ
3450 3269 3542 3323 τοῦ
3573 3270 3748 3324 αὐτοῦ

2157 3366 2315 3435 ἀγίου
2347 3368 2661 3437 Πνεύματο;
2691 3367 2790 3439 τὴν
2828 3367 3001 3437 ἀρχὴν
3031 3364 3450 3436 ἀφορμώμεναι,
3469 3364 3564 3416 καὶ
3601 3349 3752 3434 πρὸς

2156 3458 2252 3512 ἕνα
2291 3458 2382 3512 τὸν
2419 3459 2516 3528 τῆς
2557 3459 2814 3528 ἀληθείας
2852 3459 3054 3513 σκοπὸν
3123 3463 3558 3529 συντεινόμεναι,
3601 3457 3750 3528 σύμ-

2159 3551 2328 3620 φωνοί
2356 3568 2414 3604 τε
2452 3551 2589 3622 πρὸς
2629 3552 2832 3615 ἑαυτὰς
2868 3553 2961 3605 καὶ
2997 3551 3256 3623 ἀλλήλαις
3287 3551 3543 3622 ὁμόλογοι
3567 3567 3581 3582 ⁸
3615 3553 3750 3614 ταῖς

2159 3660 2216 3696 τε
2249 3644 2514 3706 Παλαιαίς
2556 3643 2802 3714 Γραφαῖς
2834 3647 2887 3696 αἱ
2925 3645 3122 3698 Καιναὶ
3172 3645 3558 3714 συνεπόμεναι,
3586 3644 3654 3698 αἴ
3689 3661 3751 3699 τε

2163 3734 2397 3789 Παλαιαὶ
2425 3735 2748 3807 συνᾴδουσαι
2781 3739 2900 3799 ταῖς
2924 3737 3175 3799 Καιναῖς,
3206 3736 3300 3788 καὶ
3335 3735 3606 3806 μηδεμίαν
3630 3738 3750 3798 τοῖς

2160 3843 2225 3896 γε
2256 3826 2382 3878 νοῦν
2424 3827 2638 3898 ἔχουσιν
2669 3827 2988 3882 ἐναντίωσιν
3038 3828 3474 3896 ὐποφαίνουσαιο
3516 3827 3665 3897 πλὴν
3700 3829 3748 3880 εί

2164 3918 2240 3988 μή
2274 3935 2357 3980 τις
2391 3917 2450 3970 τὸ
2485 3921 2617 3990 παρ’
2657 3919 2839 3982 ἄλλοις
2884 3919 2994 3972 τῶν
3037 3918 3305 3987 θεολόγων
3341 3918 3525 3989 ῥηθὲν,
3559 3917 3752 3982 ἄλλοις

2160 4008 2218 4063 δὲ
2251 4009 2523 4079 παρεθέν·
2568 4012 2663 4064 καὶ
2695 4012 2756 4064 τὸ
2782 4011 2936 4082 παρά
2968 4013 3082 4073 τοῖς
3112 4013 3421 4080 προφήταις
3451 4010 3685 4078 ἀσαφῶς
3715 4010 3748 4082 ἦ

2161 4102 2580 4173 αἰνιγματωδῶς
2632 4104 2920 4175 εἰρημένον
2948 4102 3039 4156 διά
3080 4103 3171 4155 τὸν
3215 4103 3429 4172 καιρὸν,
3462 4103 3656 4171 σαφῶς
3691 4102 3750 4156 δὲ

2160 4195 2257 4249 :tai.
2285 4195 2820 4266 ἀνακεκαλυμμένως
2843 4195 2931 4248 διὰ
2954 4196 3061 4249 τῶν
3091 4195 3512 4264 εὐαγγελιστῶν·
3540 4195 3573 4266 ἢ
3601 4196 3746 4266 πρὸς

2159 4285 2374 4352 τούτοις
2412 4287 2516 4355 ἔτι,
2549 4289 2598 4341 εί
2647 4290 2708 4342 τὺ
2754 4289 3213 4360 συντετμημένως
3266 4290 3362 4342 καὶ
3407 4287 3625 4359 γοργῶς
3656 4287 3746 4342 διὰ

2161 4380 2270 4434 τῶν
2319 4381 2654 4447 ἀποστόλων,
2709 4381 3116 4451 ἀνηπλωμένως
3161 4381 3218 4434 δὲ
3266 4381 3361 4435 καὶ
3413 4381 3747 4452 πολυμερῶς

2090 4481 2136 4538 D
2163 4473 2475 4537 διεξοδικῶς
2509 4473 2647 4544 πρὸς
2672 4474 2770 4544 τὴν
2793 4473 3084 4545 οἰκοδομὴν
3121 4474 3224 4544 τῆς
3263 4472 3594 4545 Ἐκκλησίας
3640 4474 3748 4528 ὐπὸ

2164 4565 2274 4619 τῶν
2308 4567 2642 4624 διδασκάλων
2669 4568 3121 4638 ἐξεργαζόμενον.

2237 4659 2302 4712 Εἴ
2323 4677 2406 4724 τις
2433 4656 2526 4712 οὖν
2544 4659 2613 4712 τὰ
2642 4660 2865 4712 τοιαῦτα
2887 4659 3184 4728 διαφωνίαν
3211 4659 3320 4712 τῶν
3345 4659 3507 4731 ἱερῶν
3523 4661 3744 4729 Λογίων

2165 4751 2562 4820 ὑπολογίζοιτο,
2599 4751 2948 4804 παντάπασιν
2998 4753 3026 4804 ό
3065 4751 3306 4815 τοιοῦτος
3351 4751 3446 4804 τοῦ
3471 4752 3567 4820 τῆς
3603 4753 3746 4821 ἁλη-

2166 4846 2318 4908 θείας
2349 4845 2538 4916 πόρρω
2569 4844 2760 4898 πίπτει
2793 4844 2994 4898 σκοποῦ
3018 4859 3032 4874 ο
3063 4843 3257 4908 οὐκουν
3289 4844 3556 4911 διαφωνία
3587 4862 3672 4907 τις
3710 4845 3742 4913 ἢ

2165 4939 2482 5000 ἐναντίωσις
2514 4939 2624 4999 τοῖς
2658 4936 2933 5006 ἀληθινοῖς
2980 4935 3252 5003 θεολόγοις
3284 4936 3413 5006 περὶ
3443 4934 3536 4988 τοῦ
3566 4935 3744 4990 ἁπλοῦ

2166 5031 2259 5084 καὶ
2279 5030 2397 5092 ἑνὸς
2419 5029 2518 5099 τῆς
2543 5029 2801 5097 ἀληθείας
2830 5029 3011 5097 λόγου,
3042 5027 3074 5099 ἢ
3107 5029 3243 5099 πρὸς
3273 5027 3746 5100 ἀλλήλους,καθά-

2165 5141 2271 5193 περ
2313 5126 2423 5186 τοῖς
2457 5123 2564 5175 τῶν
2605 5122 2837 5192 θύραθεν
2881 5122 3194 5191 φιλοσόφοις
3245 5122 3616 5192 παρίσταταν
3657 5119 3745 5172 ἀεὶ

2165 5214 2275 5286 γὰρ
2299 5215 2346 5267 οἱ
2379 5214 2472 5266 τοῦ
2499 5214 2616 5276 ἑνὸς
2647 5213 2798 5270 ὄντες
2830 5213 3038 5284 Κυρίου
3075 5213 3174 5284 τῆς
3203 5212 3463 5282 ἀληθείας
3485 5210 3744 5280 Πνεύμα-

2165 5323 2279 5370 τος.
2302 5308 2415 5370 τοῖς
2439 5305 2619 5361 αὐτῶν
2642 5305 3038 5377 πρεσϐυτέροις
3067 5308 3134 5376 τῇ
3172 5304 3352 5358 πίστει
3379 5304 3474 5358 καὶ
3496 5307 3560 5374 τῇ
3589 5305 3746 5356 εὐσε-

2167 5397 2312 5468 ϐείᾳ,
2345 5397 2421 5461 ὡς
2443 5398 2715 5468 πατράσιν
2743 5398 2952 5450 ἑαυτῶν
2980 5398 3070 5450 καὶ
3092 5397 3454 5466 καθηγηταῖς,
3490 5397 3626 5466 μετὰ
3653 5395 3742 5447 vim

2168 5487 2424 5557 Χριστὸν,
2458 5486 2701 5550 εὐλαϐῶς
2733 5488 3083 5558 ἐφεπόμενοι,
3115 5488 3432 5541 καὶτούτων
3457 5487 3551 5558 τὴν
3584 5486 3743 5556 χάριν

2170 5579 2265 5633 καὶ
2290 5581 2388 5648 τὴν
2428 5580 2620 5649 σοφίαν
2674 5583 2752 5644 εἰς
2793 5582 3020 5644 ἑαυτοὺς
3061 5583 3452 5649 ἐπισπώμενοι,
3494 5579 3587 5632 καὶ
3614 5580 3741 5630 εἴτι

2169 5672 2483 5742 προσθεῖναι
2501 5673 2616 5724 δέον
2641 5673 2769 5744 παρ’
2804 5673 3034 5737 ἑαυτῶν,
3061 5675 3154 5726 καὶ
3173 5672 3350 5740 τοῦτο,
3379 5673 3478 5744 οὐχ
3512 5673 3756 5735 ἑαυτοῖς,

2169 5764 2306 5819 ἀλλά
2333 5766 2444 5828 τοῖς
2471 5765 2747 5835 Πατρὸισιν
2778 5766 3136 5837 εὐγνωμόνως
3163 5765 3544 5836 ἀναφέροντες,
3575 5763 3740 5828 ἀξίως
