4092 6588
315 351 423 414 581

1183 347 1266 406 ΙΝ
1300 346 1645 407 CARMINA
1687 343 1983 406 ARCANA
2025 346 2404 408 GRE’GORII
2445 350 2715 413 TUEOL.

3483 359 3598 422 582

319 465 430 516 τῶν
494 461 789 534 Πατρικῶν
857 461 1116 530 εὐλογιῶν
1185 462 1513 533 κληρονόμοι
1587 463 1682 516 καὶ
1751 463 1898 518 αὐτοῖ

2008 473 2116 516 tur.
2170 465 2292 519 Ideo
2337 476 2391 520 et
2442 483 2542 522 nos
2575 469 2667 538 qui
2721 468 2804 523 his
2855 469 3114 528 omnibus
3162 475 3498 540 posteriores
3534 488 3589 530 et

320 555 800 609 καταδείκνυνται.
865 553 958 606 Διὸ
987 552 1080 606 καὶ
1108 553 1270 622 ἡμεῖς
1319 554 1369 606 οἱ
1432 553 1651 607 πάντων
1681 552 1898 624 ἔσχατοι

319 650 418 702 καὶ
451 650 786 721 μικρότεροι,
814 649 948 719 πρὸς
970 647 1061 700 τὸν
1091 648 1232 717 ὑπὲρ
1268 647 1476 710 πάντας
1500 650 1626 712 τοὺς
1664 649 1901 720 πρεσϐυ-

316 740 513 810 τέρους
539 739 632 792 καὶ
654 738 1007 800 διδασκάλους
1037 738 1403 808 τετιμημένον
1431 740 1564 809 ἡμῖν
1597 738 1900 810 Γρηγὸριον

317 832 414 885 τὸν
441 831 703 900 Θεολόγον
729 831 820 884 τὸν
839 830 964 882 νοῦν
991 830 1474 902 ὲπερείδοντες,ὼς
1497 831 1594 900 τῆς
1625 829 1900 901 ἡμετέρας

319 923 676 994 καθηγεμόνα
723 920 923 992 ψυχῆς,
969 921 1068 974 καὶ
1112 920 1190 985 ὼς
1245 920 1646 993 περισσοτέρως
1694 921 1758 973 ὲκ
1790 920 1899 973 τῶν

321 1013 491 1068 αὑτοῦ
541 1012 829 1081 θεολογιῶν
874 1010 1339 1082 οίκοδομούμενοι,
1375 1011 1590 1080 ὀλίγους
1631 1012 1785 1074 τινὰς
1834 1013 1898 1064 ὲκ

317 1105 432 1156 τῶν
459 1103 624 1158 αὐτοῦ
651 1103 1010 1174 δυσφράστων
1032 1102 1125 1155 καὶ
1145 1103 1540 1176 δυσθεωρήτων
1563 1103 1758 1173 λόγων,
1778 1107 1899 1175 ἦτοι

321 1194 676 1266 οεοφράστων
707 1193 876 1259 ἐπῶν,
906 1191 975 1244 τά
1005 1192 1426 1265 ἀπορῤητότερα
1467 1195 1562 1247 καὶ
1608 1195 1722 1258 τοῖς
1771 1194 1900 1247 πολ-

319 1286 435 1349 λοῖς
459 1286 766 1340 ἀνεπίοπτα
808 1286 887 1347 είς
918 1283 1181 1355 ἐξήγησιν
1225 1285 1616 1356 προὺθήκαμεν
1643 1286 1856 1350 ἑαυτοῖς
1881 1303 1896 1317 ·

318 1377 457 1450 ὁμοῦ
513 1378 611 1448 μὲν
643 1377 733 1431 τὸν
767 1377 909 1430 Θείον
965 1378 1187 1448 Πατέρα
1227 1381 1345 1442 ταῖς
1398 1379 1570 1449 ἱεραῖς
1631 1379 1898 1450 τιμῶντες

322 1468 720 1541 μνημοσύναις,
739 1469 874 1540 ὁμοῦ
903 1469 960 1522 δὲ
999 1469 1095 1523 καὶ
1122 1470 1256 1540 πρὸς
1283 1470 1374 1524 τὸν
1401 1471 1612 1524 ἐκείνου
1643 1471 1898 1542 οεόσοφον

318 1562 446 1617 νοῦν
473 1562 564 1615 τὸν
599 1563 816 1623 ιοίκεῖον
869 1561 958 1615 διὰ
1002 1563 1102 1634 τῆς
1135 1562 1434 1632 ἑρμηνείας
1484 1563 1582 1632 τῆς
1613 1563 1811 1630 λέξεως
1841 1563 1900 1628 ἐξ

315 1655 565 1724 ἀνάγκης
609 1654 1033 1724 παρενείραντες
1082 1654 1115 1725 ἢ
1167 1654 1630 1726 παρεκτείναντες
1664 1655 1809 1719 νοῦν,
1849 1655 1899 1708 εί

316 1747 415 1800 καὶ
446 1746 662 1817 ἀληθῶς
684 1747 745 1800 τὸ
778 1746 1086 1819 ἐγχείρημα
1118 1745 1392 1817 τολμηρόν
1414 1763 1428 1778 ·
1481 1747 1574 1800 καὶ
1622 1745 1702 1800 δι”“
1730 1745 1895 1800 αὐτοῦ

2007 558 2168 631 longe
2218 561 2459 618 minores
2511 564 2576 618 ad
2617 565 2791 619 virum
2843 581 3007 632 super
3035 583 3229 624 omnes
3273 583 3487 627 veteres
3533 584 3589 629 et

2007 652 2258 710 doctores
2305 655 2464 710 nobis
2519 657 2846 712 honoratum
2886 658 3209 730 Gregorium
3246 662 3587 736 Theologum

2007 755 2245 800 mentem
2296 756 2541 804 nostram
2568 750 2983 826 applicarimus,
3022 763 3081 808 ut
3107 759 3173 808 ad
3205 756 3380 811 animi
3414 759 3584 810 nostri

2007 837 2236 900 ducem.
2288 850 2348 912 et
2395 851 2655 914 tanquam
2700 846 3071 905 abundantius
3123 863 3186 904 ex
3235 850 3382 905 illius
3430 851 3588 907 libris

2007 931 2322 1001 tbeologicis
2356 933 2567 1002 refecti,
2595 937 2651 992 in
2695 938 2884 1006 paucis
2908 941 3240 1010 quibusdam
3266 943 3411 998 inter
3440 944 3588 1000 illius

2006 1037 2290 1081 sermones
2325 1028 2465 1098 ston
2495 1039 2550 1084 et
2576 1029 2935 1102 intelligentia
2967 1032 3208 1088 difﬁciles
3233 1077 3249 1102 ,
3278 1045 3425 1092 certe
3451 1037 3590 1092 divi-

2007 1132 2110 1172 nos
2140 1127 2320 1173 tamen
2349 1135 2654 1188 sermones,
2703 1122 2819 1178 loca
2847 1139 3044 1180 arcana
3082 1127 3256 1195 magis
3289 1137 3344 1182 et
3395 1129 3586 1184 multis

2006 1209 2271 1279 impervia
2311 1226 2406 1280 per
2433 1213 2705 1284 exegesim
2739 1215 3188 1285 explanavimus;
3237 1219 3401 1275 simul
3449 1221 3590 1276 divi-

2007 1319 2144 1356 num
2177 1302 2392 1358 Patrem
2441 1320 2598 1360 sacra
2632 1307 2894 1362 memoria
2929 1308 3282 1377 honorantes,
3309 1311 3588 1382 simulque

2005 1397 2072 1451 ad
2117 1397 2264 1452 illius
2294 1395 2390 1452 Dei
2435 1399 2706 1468 sapientia
2754 1394 2968 1470 plenam
3001 1419 3262 1468 mentem,
3311 1410 3586 1478 propriam

2006 1505 2104 1560 per
2132 1491 2635 1561 interpretationem
2663 1493 2930 1549 orationis
2963 1497 3270 1553 necessario
3307 1501 3590 1569 appliCan-

2005 1590 2090 1637 tes
2119 1591 2172 1637 et
2199 1581 2551 1640 intendentes
2603 1594 2847 1640 nostram
2886 1575 3121 1642 mentem
3149 1629 3164 1655 ,
3199 1590 3304 1646 etsi
3329 1608 3458 1647 vere
3505 1603 3588 1647 te-

2005 1677 2303 1731 merarium
2348 1677 2509 1731 fuerit
2559 1687 2874 1746 susceptum
2931 1698 2945 1735 :
2987 1689 3041 1735 et
3087 1697 3182 1752 per
3217 1682 3323 1739 hoc
3372 1684 3440 1739 ad
3466 1700 3588 1739 am-

2004 1768 2327 1838 plitudinem
2391 1767 2722 1838 cognitionis
2772 1771 3073 1826 secundum
3131 1773 3286 1828 illum
3340 1774 3589 1830 veritatis

317 1839 454 1909 πρὸς
481 1839 542 1892 τὸ
576 1838 776 1902 πλάτος
813 1839 910 1909 τῆς
952 1841 1073 1892 κατ’
1120 1839 1281 1892 αὐτὸν
1316 1837 1727 1909 ἀληθογνωσίας
1762 1857 1894 1894 κατα

2003 1861 2215 1929 directi,
2253 1860 2332 1915 sic
2367 1860 2488 1914 aliis
2514 1860 2799 1932 discipulis
2840 1878 2950 1917 non
3000 1878 3221 1933 parvam
3261 1865 3406 1921 forte
3434 1867 3583 1920 utilia»

315 1930 690 2002 ευθυνόμενοι,
752 1929 895 1985 οὕτω
937 1930 982 1982 δ’
1014 1931 1080 1984 ἂν
1114 1929 1210 1984 καὶ
1238 1930 1418 1994 ἄλλοις
1448 1931 1556 1984 τῶν
1596 1933 1897 1986 πεπαιδευο

318 2022 499 2092 μένων
552 2022 613 2074 οὐ
669 2022 868 2094 μικρὰν
917 2022 1047 2086 ἴσως
1081 2021 1181 2094 τὴν
1218 2021 1485 2092 ὠφέλειαν
1520 2021 1607 2076 διὰ
1659 2027 1758 2092 τῆς
1789 2023 1897 2076 τῶν

317 2114 652 2184 θεολογικῶν
702 2114 989 2186 δογμάτων
1062 2113 1377 2184 ἐξηγήσεως
1447 2116 1893 2186 προξενήσοιμεν.

315 2209 613 2280 Πρόκειται
660 2208 714 2262 δὲ
749 2208 966 2279 πρῶτον
999 2209 1130 2280 ἡμῖν
1160 2206 1290 2272 ἔπος
1321 2208 1401 2271 είς
1433 2207 1722 2277 ἐπίσκεψιν
1758 2209 1899 2279 Περὶ

315 2299 540 2370 ἀρχῶν.

389 2390 454 2446 Οί
497 2391 598 2460 τῆς
627 2390 900 2462 κοσμικῆς
933 2389 1127 2460 σοφίας
1177 2389 1278 2459 τὴν
1307 2389 1619 2462 ἀκροτάτην
1659 2390 1897 2444 καταλα-

319 2483 438 2536 δεῖν
481 2484 825 2554 κατοιόμενοι
855 2483 1167 2553 περιωπὴν,
1204 2483 1384 2536 πάντα
1431 2484 1499 2536 τὰ
1549 2482 1678 2537 ὄντα
1708 2483 1804 2538 καὶ
1831 2483 1899 2538 τὲ

315 2578 583 2649 γινόμενα
623 2579 704 2641 είς
749 2580 898 2648 τρεῖς
932 2577 1030 2639 τὰς
1065 2577 1410 2648 κυριωτάτας
1447 2577 1542 2630 καὶ
1583 2577 1899 2648 πρωτίστας

315 2671 501 2734 αἰτίας
569 2671 663 2723 καὶ
742 2669 915 2740 ἀρχάς
981 2669 1348 2738 ἀναφέροντες
1419 2667 1896 2740 ὲκκορυφοῦνται·

315 2761 526 2825 ταύτας
555 2761 612 2814 δὲ
643 2759 789 2826 νοῦν,
824 2762 919 2814 καὶ
955 2759 1110 2830 ὕλην,
1150 2761 1246 2814 καὶ
1280 2754 1419 2823 εἶδος
1442 2759 1758 2822 καλοῦντες,
1775 2777 1899 2813 συν-

317 2855 591 2926 ανάρχους
644 2855 739 2906 καὶ
777 2853 1082 2916 συναιτίους
1111 2851 1218 2906 τῶν
1265 2853 1484 2908 πάντων
1530 2852 1898 2920 ὑποτίθενται,

317 2948 442 3001 κατ’
466 2945 728 3017 οὐδεμιᾶς
753 2945 959 3016 τρόπον
1011 2944 1222 3007 ἐννοίας
1310 2943 1484 3016 ἀρχὴν
1513 2944 1546 3016 ἢ
1570 2944 1724 3008 τέλος
1755 2945 1900 2998 δεδέ-

318 3035 507 3104 ξεσθαι
543 3036 763 3089 πώποτε
800 3036 1106 3106 δυναμένας
1141 3037 1173 3104 ἦ
1211 3036 1583 3106 δυνησομένας
1605 3053 1618 3066 ·
1650 3036 1741 3089 τὸν
1774 3036 1899 3090 νοῦν

321 3130 424 3202 μὲν
456 3132 554 3183 καὶ
598 3130 732 3183 Θεὸν
777 3129 1256 3196 κατωνομάκασιν,
1319 3129 1393 3190 ὡς
1419 3129 1508 3181 διὰ
1539 3129 1754 3182 πάντων
1787 3147 1897 3200 χω-

324 3224 546 3296 ροῦντα,
583 3223 682 3276 καὶ
710 3220 1130 3289 καταθεώμενον
1152 3221 1220 3274 τὰ
1267 3219 1445 3274 πάντα
1465 3236 1478 3250 ο
1508 3219 1640 3290 ὓλην
1673 3220 1730 3273 δέ
1766 3238 1897 3289 φασι

319 3319 436 3374 τῶν
459 3318 812 3389 καλουμένων
840 3318 1121 3387 στοιχείων
1154 3317 1252 3389 τὴν
1282 3316 1603 3386 τετρακτύψ
1651 3315 1787 3386 πρὸς
1840 3314 1898 3368 δὲ

320 3415 418 3466 καὶ
467 3411 715 3483 πέμπτον
755 3410 834 3464 ἔτι
890 3411 1047 3480 σῶμα
1093 3409 1156 3463 τὸ
1199 3411 1477 3480 οὐράνιονο
1521 3404 1660 3472 εἶδος
1703 3408 1758 3460 δὲ
1799 3408 1897 3476 τὴν

322 3506 627 3576 ἰδιότροπον
663 3505 896 3559 ἑκάστου
926 3506 1023 3556 καὶ
1051 3503 1519 3574 συμπληρωτικὴν
1561 3503 1661 3570 τῆς
1709 3500 1898 3563 οὐσίας

322 3597 584 3668 ἰδιότητα,
633 3597 698 3668 ἦν
738 3597 787 3648 οί
832 3595 934 3666 μὲν
975 3595 1207 3664 οὑσιώδη
1255 3595 1551 3663 ποιότητα,
1587 3595 1636 3646 oi.
1665 3592 1720 3646 δὲ
1754 3592 1898 3645 ἰδέαν

316 3687 642 3758 ὠνομάκασι
668 3702 682 3716 ·
726 3690 878 3757 τρεῖς
927 3682 1022 3740 οὖν
1052 3686 1257 3749 ταύτας
1297 3685 1406 3738 τῶν
1447 3685 1616 3739 ὅντων
1656 3686 1750 3738 καὶ
1788 3684 1898 3737 τῶν

316 3777 625 3851 γινομένων
655 3781 837 3844 αίτίας
872 3779 1242 3850 συνανάρχους
1260 3781 1344 3832 ἀεὶ
1372 3779 1616 3842 ἑστώσας
1639 3779 1734 3832 καὶ
1764 3796 1897 3832 συν-

317 3871 552 3936 αῖδίους,
582 3871 707 3941 μήτ’
733 3871 906 3942 ἀρχὴν
940 3873 1076 3941 μήτε
1102 3872 1254 3934 τέλος
1297 3871 1524 3940 ἐχούσας
1544 3870 1897 3943 διῃρημένως

315 3965 443 4018 καθ’
507 3965 1089 4038 ἑαυτὰςὶθεωρεῖσθαι
1143 3964 1505 4034 διορίζουσιν·
1572 3963 1631 4028 ἐξ
1698 3957 1772 4016 ὧν
1833 3965 1899 4017 ὲκ

317 4056 612 4126 ποιητικοῦ
661 4056 848 4108 ὑλικοῦ
892 4073 953 4108 τε
1000 4057 1093 4108 καὶ
1125 4055 1294 4108 ἱδικοῦ
1325 4056 1526 4118 αἰτίου,
1576 4054 1899 4126 ἀνθρώπους

315 4169 377 4204 τε
403 4153 495 4204 καὶ
535 4149 649 4216 ζῶα
693 4151 890 4213 πάντα,
937 4151 1032 4202 καὶ
1054 4151 1123 4202 τὰ
1155 4151 1246 4202 ἐπὶ
1275 4152 1478 4222 μέρους
1511 4149 1655 4221 φυτά
1692 4151 1894 4216 πάντα,

315 4242 506 4296 ἄλλοτε
536 4241 672 4296 ἄλλα
700 4240 788 4292 διὰ
819 4240 1085 4307 γενέσεως
1119 4239 1196 4301 είς
1231 4239 1322 4290 τὸν
1362 4240 1566 4308 κόσμον
1609 4239 1695 4292 ἀεὶ
1749 4256 1898 4310 παρ-

317 4335 586 4401 αγομενα,
617 4331 713 4384 καὶ
744 4329 831 4381 διὰ
861 4328 1066 4399 φθορᾶς
1096 4329 1453 4398 ἀποιχόμενα,
1481 4329 1620 4382 κατὰ
1644 4344 1894 4400 συντυχί-

318 4426 426 4494 κήν
463 4441 587 4476 τινα
622 4424 712 4475 καὶ
743 4422 969 4492 ἄπειρον
995 4420 1090 4474 καὶ
1121 4419 1374 4491 ἀόριστον
1404 4421 1466 4472 ἐκ
1496 4419 1744 4490 διαδοχῆς
1766 4421 1900 4474 ἀνα-

321 4517 624 4587 κύκλησιν·
675 4513 851 4578 οὕτως
895 4515 1146 4584 ἁνάρχως
1177 4513 1272 4566 καὶ
1305 4512 1680 4582 ἀτελευτήτως
1736 4516 1792 4577 ἐς
1835 4513 1898 4566 τὸ

317 4610 568 4680 διηνεκὲς
599 4607 1002 4662 ἀποτελεῖσθαι.
1029 4607 1072 4659 Τ
1075 4607 1266 4677 οιαύτη
1296 4604 1395 4676 μὲν
1419 4606 1452 4675 ἡ
1474 4604 1584 4658 τῶν
1611 4603 1899 4677 οίή[σι]σό-

319 4720 436 4772 ιεων
471 4704 794 4772 ματαιότης,
836 4700 911 4762 ὡς
962 4701 1028 4753 δι’
1067 4700 1263 4767 ὀλίγων
1303 4698 1636 4768 ὑπομνῆσαι,
1667 4698 1791 4761 ἄξια
1819 4695 1898 4768 τῷ

315 4799 433 4851 δντι
472 4796 572 4866 τῆς
610 4797 792 4850 αὐτῶν
825 4796 1118 4865 ἀθεότητος
1149 4795 1415 4864 ἀναρχίας
1448 4811 1508 4846 τε
1544 4793 1637 4845 καὶ
1672 4792 1896 4857 ἀταξίας

318 4888 689 4958 ὑποτιθεμένη
713 4905 727 4917 ·
759 4890 854 4940 καὶ
887 4890 951 4957 τῇ
987 4886 1418 4958 ἀρχηγικωτάτῃ
1448 4885 1558 4936 τῶν
1587 4885 1721 4937 ὅλων
1750 4886 1893 4955 ἀρχῇ

319 4971 413 5034 καὶ
445 4979 596 5049 αἰτίᾳ
626 4978 686 5032 τδ
717 4980 926 5032 ἀνίδεον
951 4976 1140 5048 αἶσχος
1171 4978 1269 5048 τὴν
1303 4977 1456 5046 ὓλην,
1477 4978 1572 5029 καὶ
1605 4977 1664 5028 τὸ
1693 4977 1896 5029 ἀνυπό-

318 5089 515 5126 στατον
565 5067 700 5134 εἶδος
741 5071 1048 5141 ὁμοσοενῶς
1097 5071 1184 5123 ἀεὶ
1220 5069 1590 5138 συνυπάρχειν
1637 5068 1896 5136 δογματί-

317 5164 488 5227 ζουσα
506 5179 519 5191 ·
539 5157 614 5216 ὧν
643 5164 741 5232 τῆς
769 5161 1080 5230 παραλόγου
1109 5159 1502 5230 ματαιοσοφίας
1531 5156 1592 5210 τὸ
1619 5158 1924 5228 αἴσχιστον.

318 5251 413 5301 καὶ
441 5249 756 5318 παράλογον
787 5249 989 5311 ἱκανῶς
1020 5250 1132 5310 τοῖς
1167 5247 1438 5312 Θεολόγοις
1471 5246 1894 5316 ἐξεληλεγμένον

318 5342 587 5408 παρέντες
618 5344 781 5411 ἡμεῖς
824 5344 890 5412 τῇ
928 5342 1020 5395 τοῦ
1073 5340 1304 5413 μεγάλου
1337 5336 1558 5409 Οώμεοα
1590 5338 1892 5410 Γρηγορίου

319 5432 676 5504 ἀληθοπφίᾳ,
713 5449 768 5485 κ.
804 5451 856 5487 τ.
890 5431 940 5486 λ.

1923 4565 1978 4626 D

2003 1961 2165 2007 tatem
2197 1967 2295 2022 per
2323 1952 2756 2024 theologicorum
2797 1953 3116 2024 degmatum
3147 1958 3423 2026 exegesim
3456 1973 3587 2029 pro-

2002 2044 2338 2099 enrahimus.
2401 2044 2734 2115 Proponitnr
2759 2057 2941 2101 autem
2969 2048 3130 2105 nobis
3158 2049 3373 2120 primus
3403 2064 3587 2108 sermo

1999 2135 2065 2190 ad
2093 2135 2526 2210 disquisitionem
2551 2136 2628 2191 De
2653 2137 2952 2207 principiis.

2076 2388 2180 2456 Qui
2213 2390 2505 2446 mundana:
2535 2391 2818 2462 sapientia:
2862 2408 3132 2448 summam
3175 2395 3422 2467 accipere
3443 2412 3588 2469 prae-

2001 2492 2227 2538 sumunt
2249 2483 2640 2554 cognitionem,
2665 2486 2849 2540 omnia
2887 2487 3032 2542 entia
3063 2497 3118 2542 ct
3149 2499 3328 2545 creata
3360 2490 3427 2545 ad
3473 2500 3588 2547 tres

2002 2577 2330 2647 principales
2354 2585 2408 2631 et
2433 2573 2721 2646 primarias
2749 2594 2948 2636 causas
2996 2595 3090 2635 seu
3139 2581 3405 2652 principia
3444 2583 3587 2638 refe-

2003 2678 2184 2724 rentes
2214 2678 2576 2737 enumerant;
2619 2669 2719 2725 bas
2749 2681 2946 2726 vocant
2981 2685 3238 2740 mentem,
3272 2677 3608 2741 materiam,-

2001 2772 2055 2817 ct
2083 2763 2340 2830 speciem,
2370 2765 2511 2832 'quas
2537 2764 2851 2818 communia
2880 2763 3149 2836 principia
3181 2776 3235 2821 et
3263 2784 3589 2826 communes

2001 2869 2201 2908 causas
2246 2855 2493 2908 omnium
2526 2865 2864 2925 supponunt,
2907 2873 3032 2912 cum
3066 2860 3216 2915 nullo
3238 2861 3330 2930 qui
3365 2864 3583 2934 concipi

2003 2954 2170 3016 queat
2225 2946 2409 3011 modo,
2447 2956 2542 3000 aut
2577 2946 2902 3018 principium
2967 2960 3061 3004 aut
3111 2953 3273 3006 linem
3335 2955 3588 3024 accipere

2001 3051 2245 3107 unquam
2298 3046 2676 3106 possuntaut
2725 3048 3004 3108 poterunt.
3075 3040 3309 3097 Mentem
3363 3047 3584 3114 quidem

2003 3129 2172 3182 Deum
2222 3129 2651 3198 appellaverunt,
2707 3140 2766 3183 ut
2819 3145 2915 3199 per
2959 3133 3146 3187 omnia
3197 3133 3480 3201 dill‘usum,
3533 3147 3589 3192 et

2002 3222 2189 3276 omnia
2221 3232 2652 3276 commoventem
2677 3239 2691 3288 ;
2718 3223 3000 3277 materiam
3030 3239 3159 3279 vero
3184 3210 3608 3294 dicunteorum.

2002 3329 2124 3382 quae
2157 3321 2423 3367 vocantur
2478 3313 2773 3377 elementa,
2807 3314 3268 3383 quaternitalem;
3315 3317 3568 3388 quintum

2002 3415 2183 3460 autem
2222 3405 2478 3472 adjicitur
2514 3419 2714 3474 corpus
2767 3405 2991 3461 caeleste
3023 3423 3037 3459 :
3069 3409 3308 3477 speciem
3341 3409 3586 3479 denique

2003 3497 2280 3568 propriam
2336 3499 2566 3550 formam
2603 3496 2872 3568 cujusque
2897 3508 2951 3554 et
2982 3499 3280 3568 perfectam
3325 3501 3588 3558 substan-

2004 3591 2092 3644 tia:
2125 3589 2554 3660 proprietatem,
2587 3603 2750 3659 quam
2799 3590 3218 3647 substantialem
3264 3593 3587 3662 qualitatem

2001 3685 2119 3750 alii,
2149 3685 2238 3739 alii
2276 3685 2453 3740 ideam
2478 3684 2925 3742 nominaverunt.
2965 3687 3098 3743 Tres
3135 3690 3301 3757 igitur
3335 3690 3454 3745 illas
3487 3706 3585 3746 cn-

2003 3779 2140 3832 tium
2189 3788 2242 3833 et
2293 3789 2599 3834 creatorum
2637 3795 2834 3835 causas
2899 3782 3319 3852 coprincipales,
3373 3797 3588 3854 semper

2003 3872 2328 3926 exsistentcs
2359 3881 2412 3926 et
2443 3874 2744 3930 cozet'ernas
2767 3915 2782 3940 ,
2818 3890 2992 3945 neque
3027 3875 3356 3944 principium
3403 3893 3585 3948 neque

2004 3965 2165 4018 linem
2203 3964 2463 4018 habentes
2492 3967 2751 4022 distincte
2795 3983 2890 4036 per
2925 3981 2985 4022 se
3017 3967 3383 4022 demonstrari
3414 3983 3588 4037 expo-

2005 4067 2173 4118 nunt;
2208 4072 2236 4110 e
2273 4057 2472 4125 quibus
2506 4069 2634 4112 sunt
2674 4075 2739 4112 ex
2787 4057 2963 4112 activa
3007 4057 3237 4112 materia
3277 4067 3332 4112 et
3366 4059 3587 4129 propria

2004 4160 2196 4208 causa,
2225 4145 2477 4200 homines
2513 4157 2566 4202 et
2598 4147 2861 4201 animalia
2893 4159 3113 4210 etincta,
3144 4155 3198 4200 et
3227 4147 3588 4216 particulares

2003 4251 2193 4289 omnes
2220 4236 2437 4304 plantae.
2469 4246 2524 4291 et
2568 4238 2787 4292 aliunde
2815 4239 2920 4292 alia
2951 4253 3048 4307 per
3083 4237 3499 4308 productionem
3530 4240 3586 4295 in

2003 4325 2271 4381 mundqu
2326 4342 2541 4398 semper
2586 4329 2842 4393 inducta,
2896 4339 2950 4383 et
3006 4344 3102 4399 per
3159 4328 3588 4385 destructionem

2003 4429 2352 4489 consumpta,
2386 4421 2686 4474 secundum
2734 4420 3014 4476 fortuitam
3049 4420 3366 4490 quamdam,
3401 4420 3592 4475 inlini-

2005 4521 2114 4566 tam
2151 4521 2204 4566 et
2254 4513 2580 4566 illimitatam
2647 4513 2972 4568 circularem
3034 4513 3479 4582 successionem;
3512 4515 3587 4570 ita

2005 4603 2212 4670 absque
2245 4603 2507 4674 principio
2533 4615 2588 4659 et
2615 4604 2719 4660 line
2754 4606 2808 4659 in
2837 4605 3160 4661 continuum
3200 4605 3582 4676 perﬁciuntur.

2005 4695 2156 4752 Talis
2209 4697 2425 4768 quidem
2479 4707 2562 4753 est
2615 4699 2808 4753 horum
2859 4699 3219 4768 superborum
3255 4701 3488 4766 insania,
3527 4711 3588 4756 ut

2005 4791 2193 4859 paucis
2248 4804 2579 4856 memorem,
2641 4791 2714 4844 illi
2769 4792 2861 4860 qui
2917 4801 3004 4846 est
3061 4793 3222 4859 digna
3277 4793 3586 4849 attribuens

2002 4881 2252 4936 atheistze
2269 4898 2458 4936 eorum
2478 4884 2751 4939 anarchiae
2773 4895 2827 4938 et
2857 4884 3231 4951 confusionis;
3257 4895 3309 4939 et
3326 4901 3584 4956 supremo

2002 4974 2247 5028 omnium
2311 4974 2577 5044 principio
2633 4984 2686 5029 et
2734 4990 2910 5030 causa:
2961 4992 3161 5044 per...
3191 4977 3582 5030 contumeliam

2006 5067 2315 5131 materiam,
2351 5075 2404 5121 et
2439 5066 2556 5120 sine
2583 5068 2884 5127 substantia
2933 5071 3170 5137 speciem
3222 5068 3340 5138 pari
3384 5069 3585 5122 virtute

2003 5175 2218 5227 Semper
2250 5159 2551 5214 consociari
2585 5161 2989 5230 dogmatizans;
3015 5176 3248 5230 quorum
3281 5161 3458 5215 stultae
3492 5178 3584 5215 sa-

2004 5251 2220 5319 pientiae
2251 5251 2643 5322 turpitudinem
2674 5261 2727 5307 et
2767 5252 3054 5307 stultitiam
3084 5252 3281 5308 merito
3311 5253 3583 5323 theologis

2003 5345 2421 5398 condemnatam
2474 5344 2822 5414 linquentes,
2877 5359 2978 5398 nos
3033 5345 3100 5398 ad
3166 5358 3353 5398 veram
3401 5343 3584 5412 magni

2002 5435 2246 5506 Gregorii
2276 5437 2594 5506 sapientiam
2631 5438 3034 5505 incumbamus,
3063 5446 3169 5493 etc.
3524 5455 3531 5469 ι
3609 5421 3616 5428 ”
