  <div class='ocr_page' id='page_1' title='image "/cluster/home/n/w/nwhite01/storage/ocr_20150623/105/hvd.32044013678347/302.png"; bbox 0 0 4092 6594; ppageno 0'>
   <div class='ocr_carea' id='block_1_1' title="bbox 456 412 2723 482">
    <p class='ocr_par' dir='ltr' id='par_1_1' title="bbox 456 412 2723 482">
     <span class='ocr_line' id='line_1_1' title="bbox 456 412 2723 482; baseline 0.01 -27"><span class='ocrx_word' id='word_1_1' title='bbox 456 417 559 482; x_wconf 60' lang='grc' dir='ltr'><strong><em>δεξ</em></strong></span> <span class='ocrx_word' id='word_1_2' title='bbox 1396 412 1717 474; x_wconf 88' lang='lat' dir='ltr'><strong><em>NICETAS</em></strong></span> <span class='ocrx_word' id='word_1_3' title='bbox 1757 412 2253 473; x_wconf 78' lang='lat' dir='ltr'><strong><em>BYZANTINUS.</em></strong></span> <span class='ocrx_word' id='word_1_4' title='bbox 2279 437 2343 446; x_wconf 93' lang='grc'><strong><em>·-</em></strong></span> <span class='ocrx_word' id='word_1_5' title='bbox 2388 413 2723 477; x_wconf 80' lang='lat' dir='ltr'><strong><em>NOTITIA.</em></strong></span> 
     </span>
    </p>
   </div>
   <div class='ocr_carea' id='block_1_2' title="bbox 2442 564 2488 581">
    <p class='ocr_par' dir='ltr' id='par_1_2' title="bbox 2442 564 2488 581">
     <span class='ocr_line' id='line_1_2' title="bbox 2442 564 2488 581; baseline 0 -2"><span class='ocrx_word' id='word_1_6' title='bbox 2442 564 2488 581; x_wconf 50' lang='grc' dir='ltr'><em>Α</em></span> 
     </span>
    </p>
   </div>
   <div class='ocr_carea' id='block_1_3' title="bbox 3592 425 3697 491">
    <p class='ocr_par' dir='ltr' id='par_1_3' title="bbox 3592 425 3697 491">
     <span class='ocr_line' id='line_1_3' title="bbox 3592 425 3697 491; baseline -0.01 0"><span class='ocrx_word' id='word_1_7' title='bbox 3592 425 3697 491; x_wconf 81' lang='lat'><strong><em>586</em></strong></span> 
     </span>
    </p>
   </div>
   <div class='ocr_carea' id='block_1_4' title="bbox 2504 566 3683 599">
    <p class='ocr_par' dir='ltr' id='par_1_4' title="bbox 2504 566 3683 599">
     <span class='ocr_line' id='line_1_4' title="bbox 2504 566 3683 599; baseline 0.002 -14"><span class='ocrx_word' id='word_1_8' title='bbox 2504 566 3683 599; x_wconf 48' lang='lat'><strong><em>——-——_——-—_*</em></strong></span> 
     </span>
    </p>
   </div>
   <div class='ocr_carea' id='block_1_5' title="bbox 1013 730 3123 826">
    <p class='ocr_par' dir='ltr' id='par_1_5' title="bbox 1013 730 3123 826">
     <span class='ocr_line' id='line_1_5' title="bbox 1013 730 3123 826; baseline 0.005 -10"><span class='ocrx_word' id='word_1_9' title='bbox 1013 731 1161 817; x_wconf 81' lang='lat' dir='ltr'><strong>DE</strong></span> <span class='ocrx_word' id='word_1_10' title='bbox 1239 730 1776 820; x_wconf 82' lang='lat' dir='ltr'><strong><em>SCRIPTIS</em></strong></span> <span class='ocrx_word' id='word_1_11' title='bbox 1872 732 2346 823; x_wconf 64' lang='lat' dir='ltr'><strong><em>NICETIE</em></strong></span> <span class='ocrx_word' id='word_1_12' title='bbox 2420 735 3123 826; x_wconf 72' lang='lat' dir='ltr'><strong><em>BYZANTINI.</em></strong></span> 
     </span>
    </p>
   </div>
   <div class='ocr_carea' id='block_1_6' title="bbox 584 918 3555 1003">
    <p class='ocr_par' dir='ltr' id='par_1_6' title="bbox 584 918 3555 1003">
     <span class='ocr_line' id='line_1_6' title="bbox 584 918 3555 1003; baseline 0.003 -26"><span class='ocrx_word' id='word_1_13' title='bbox 584 922 687 993; x_wconf 79' lang='lat' dir='ltr'><strong><em>(Ex</em></strong></span> <span class='ocrx_word' id='word_1_14' title='bbox 742 919 942 978; x_wconf 80' lang='lat' dir='ltr'><strong><em>Leonis</em></strong></span> <span class='ocrx_word' id='word_1_15' title='bbox 994 921 1177 977; x_wconf 81' lang='lat' dir='ltr'><strong><em>Allatii</em></strong></span> <span class='ocrx_word' id='word_1_16' title='bbox 1210 919 1455 975; x_wconf 84' lang='lat' dir='ltr'><strong><em>Diatriba</em></strong></span> <span class='ocrx_word' id='word_1_17' title='bbox 1479 918 1542 972; x_wconf 86' lang='lat' dir='ltr'><strong><em>de</em></strong></span> <span class='ocrx_word' id='word_1_18' title='bbox 1568 918 1793 984; x_wconf 90' lang='lat' dir='ltr'><strong><em>Nicetis,</em></strong></span> <span class='ocrx_word' id='word_1_19' title='bbox 1830 935 1916 990; x_wconf 91' lang='lat' dir='ltr'><strong><em>ap.</em></strong></span> <span class='ocrx_word' id='word_1_20' title='bbox 1945 918 2167 988; x_wconf 82' lang='lat' dir='ltr'><strong><em>Maium,</em></strong></span> <span class='ocrx_word' id='word_1_21' title='bbox 2200 919 2459 978; x_wconf 89' lang='lat' dir='ltr'><strong><em>Biblioth.</em></strong></span> <span class='ocrx_word' id='word_1_22' title='bbox 2489 941 2608 980; x_wconf 88' lang='lat' dir='ltr'><strong><em>nov.</em></strong></span> <span class='ocrx_word' id='word_1_23' title='bbox 2645 924 2790 978; x_wconf 84' lang='lat' dir='ltr'><strong><em>Patr.</em></strong></span> <span class='ocrx_word' id='word_1_24' title='bbox 2829 936 2963 981; x_wconf 89' lang='lat' dir='ltr'><strong><em>tom.</em></strong></span> <span class='ocrx_word' id='word_1_25' title='bbox 2996 925 3087 991; x_wconf 85' lang='lat' dir='ltr'><strong><em>Vl,</em></strong></span> <span class='ocrx_word' id='word_1_26' title='bbox 3126 940 3263 997; x_wconf 88' lang='lat' dir='ltr'><strong><em>part.</em></strong></span> <span class='ocrx_word' id='word_1_27' title='bbox 3293 946 3356 994; x_wconf 84' lang='grc' dir='ltr'><strong><em>ιι,</em></strong></span> <span class='ocrx_word' id='word_1_28' title='bbox 3386 946 3438 1001; x_wconf 90' lang='lat' dir='ltr'><strong><em>p.</em></strong></span> <span class='ocrx_word' id='word_1_29' title='bbox 3478 931 3555 1003; x_wconf 88' lang='lat'><strong><em>8).</em></strong></span> 
     </span>
    </p>
   </div>
   <div class='ocr_carea' id='block_1_7' title="bbox 2023 1102 2092 1111">
    <p class='ocr_par' dir='ltr' id='par_1_7' title="bbox 2023 1102 2092 1111">
     <span class='ocr_line' id='line_1_7' title="bbox 2023 1102 2092 1111; baseline 0.014 -1"><span class='ocrx_word' id='word_1_30' title='bbox 2023 1102 2092 1111; x_wconf 80' lang='lat'><strong><em>.—</em></strong></span> 
     </span>
    </p>
   </div>
   <div class='ocr_carea' id='block_1_8' title="bbox 513 1242 3701 1320">
    <p class='ocr_par' dir='ltr' id='par_1_8' title="bbox 513 1242 3701 1320">
     <span class='ocr_line' id='line_1_8' title="bbox 513 1242 3701 1320; baseline 0.002 -22"><span class='ocrx_word' id='word_1_31' title='bbox 513 1242 789 1301; x_wconf 78' lang='lat' dir='ltr'><strong><em>Ilabelttr:</em></strong></span> <span class='ocrx_word' id='word_1_32' title='bbox 824 1244 1037 1315; x_wconf 77' lang='grc' dir='ltr'>Νικήτα</span> <span class='ocrx_word' id='word_1_33' title='bbox 1068 1244 1362 1310; x_wconf 80' lang='grc' dir='ltr'>Βυζαντίου</span> <span class='ocrx_word' id='word_1_34' title='bbox 1397 1246 1688 1315; x_wconf 72' lang='grc' dir='ltr'><strong><em>φιλοσόφου</em></strong></span> <span class='ocrx_word' id='word_1_35' title='bbox 1726 1247 1944 1309; x_wconf 78' lang='grc' dir='ltr'>ἔκθεσις</span> <span class='ocrx_word' id='word_1_36' title='bbox 1974 1248 2451 1320; x_wconf 79' lang='grc' dir='ltr'>κατασκευαστικὴ</span> <span class='ocrx_word' id='word_1_37' title='bbox 2486 1250 2604 1318; x_wconf 80' lang='grc' dir='ltr'>μετ’</span> <span class='ocrx_word' id='word_1_38' title='bbox 2636 1249 2963 1314; x_wconf 75' lang='grc' dir='ltr'>ἀποδείξεως</span> <span class='ocrx_word' id='word_1_39' title='bbox 2996 1248 3090 1300; x_wconf 83' lang='grc' dir='ltr'>τοῦ</span> <span class='ocrx_word' id='word_1_40' title='bbox 3136 1250 3523 1319; x_wconf 80' lang='grc' dir='ltr'>Χριστιανικοῦ</span> <span class='ocrx_word' id='word_1_41' title='bbox 3575 1251 3701 1320; x_wconf 86' lang='grc' dir='ltr'>δόγ-</span> 
     </span>
    </p>
   </div>
   <div class='ocr_carea' id='block_1_9' title="bbox 441 1341 3700 1416">
    <p class='ocr_par' dir='ltr' id='par_1_9' title="bbox 441 1341 3700 1416">
     <span class='ocr_line' id='line_1_9' title="bbox 441 1341 3700 1416; baseline 0.001 -21"><span class='ocrx_word' id='word_1_42' title='bbox 441 1359 631 1416; x_wconf 77' lang='grc' dir='ltr'>ματος,</span> <span class='ocrx_word' id='word_1_43' title='bbox 682 1345 744 1397; x_wconf 83' lang='grc' dir='ltr'>ἐκ</span> <span class='ocrx_word' id='word_1_44' title='bbox 792 1342 986 1396; x_wconf 81' lang='grc' dir='ltr'>κοινῶν</span> <span class='ocrx_word' id='word_1_45' title='bbox 1015 1341 1256 1409; x_wconf 81' lang='grc' dir='ltr'><strong><em>ἐννοιῶν,</em></strong></span> <span class='ocrx_word' id='word_1_46' title='bbox 1290 1343 1383 1395; x_wconf 72' lang='grc' dir='ltr'><strong><em>καὶ</em></strong></span> <span class='ocrx_word' id='word_1_47' title='bbox 1419 1343 1764 1412; x_wconf 82' lang='grc' dir='ltr'><strong><em>διαλεκτικῆς</em></strong></span> <span class='ocrx_word' id='word_1_48' title='bbox 1799 1344 2051 1415; x_wconf 80' lang='grc' dir='ltr'><strong><em>μεθόδου,</em></strong></span> <span class='ocrx_word' id='word_1_49' title='bbox 2090 1345 2186 1398; x_wconf 77' lang='grc' dir='ltr'><strong><em>καὶ</em></strong></span> <span class='ocrx_word' id='word_1_50' title='bbox 2216 1344 2461 1413; x_wconf 81' lang='grc' dir='ltr'>φυσικῶν</span> <span class='ocrx_word' id='word_1_51' title='bbox 2502 1346 2970 1415; x_wconf 71' lang='grc' dir='ltr'><strong><em>ἐπιχειρημάτων,</em></strong></span> <span class='ocrx_word' id='word_1_52' title='bbox 3004 1342 3098 1397; x_wconf 66' lang='grc' dir='ltr'><strong><em>καὶ</em></strong></span> <span class='ocrx_word' id='word_1_53' title='bbox 3121 1344 3536 1416; x_wconf 80' lang='grc' dir='ltr'>συλλογιστικῆς</span> <span class='ocrx_word' id='word_1_54' title='bbox 3599 1364 3700 1399; x_wconf 90' lang='grc' dir='ltr'>πο-</span> 
     </span>
    </p>
   </div>
   <div class='ocr_carea' id='block_1_10' title="bbox 440 1438 3699 1514">
    <p class='ocr_par' dir='ltr' id='par_1_10' title="bbox 440 1438 3699 1514">
     <span class='ocr_line' id='line_1_10' title="bbox 440 1438 3699 1514; baseline 0.002 -24"><span class='ocrx_word' id='word_1_55' title='bbox 440 1438 719 1509; x_wconf 82' lang='grc' dir='ltr'>λυτεχνίας</span> <span class='ocrx_word' id='word_1_56' title='bbox 751 1438 1097 1509; x_wconf 80' lang='grc' dir='ltr'>προαγομὲνη</span> <span class='ocrx_word' id='word_1_57' title='bbox 1120 1454 1133 1467; x_wconf 85' lang='lat'><strong>&#39;</strong></span> <span class='ocrx_word' id='word_1_58' title='bbox 1165 1438 1259 1493; x_wconf 69' lang='grc' dir='ltr'>καὶ</span> <span class='ocrx_word' id='word_1_59' title='bbox 1298 1439 1619 1512; x_wconf 73' lang='grc' dir='ltr'>ἀντίρρησις</span> <span class='ocrx_word' id='word_1_60' title='bbox 1670 1441 1768 1512; x_wconf 79' lang='grc' dir='ltr'>τῆς</span> <span class='ocrx_word' id='word_1_61' title='bbox 1832 1441 2123 1514; x_wconf 76' lang='grc' dir='ltr'><strong><em>σταλείσης</em></strong></span> <span class='ocrx_word' id='word_1_62' title='bbox 2161 1442 2453 1509; x_wconf 82' lang='grc' dir='ltr'><strong><em>ἐπιστολῆς</em></strong></span> <span class='ocrx_word' id='word_1_63' title='bbox 2482 1443 2546 1495; x_wconf 81' lang='grc' dir='ltr'>ἐκ</span> <span class='ocrx_word' id='word_1_64' title='bbox 2570 1442 2679 1495; x_wconf 87' lang='grc' dir='ltr'><strong><em>τῶν</em></strong></span> <span class='ocrx_word' id='word_1_65' title='bbox 2726 1441 3049 1513; x_wconf 78' lang='grc' dir='ltr'>’Δγαρηνῶν</span> <span class='ocrx_word' id='word_1_66' title='bbox 3086 1442 3223 1511; x_wconf 81' lang='grc' dir='ltr'>πρὸς</span> <span class='ocrx_word' id='word_1_67' title='bbox 3282 1443 3500 1513; x_wconf 77' lang='grc' dir='ltr'><strong><em>Μιχαὴλ</em></strong></span> <span class='ocrx_word' id='word_1_68' title='bbox 3538 1443 3699 1513; x_wconf 75' lang='grc' dir='ltr'>βασι-</span> 
     </span>
    </p>
   </div>
   <div class='ocr_carea' id='block_1_11' title="bbox 438 1532 1993 1608">
    <p class='ocr_par' dir='ltr' id='par_1_11' title="bbox 438 1532 1993 1606">
     <span class='ocr_line' id='line_1_11' title="bbox 438 1532 1993 1606; baseline 0.003 -21"><span class='ocrx_word' id='word_1_69' title='bbox 438 1534 533 1587; x_wconf 75' lang='grc' dir='ltr'><strong><em>Λέα</em></strong></span> <span class='ocrx_word' id='word_1_70' title='bbox 566 1534 680 1587; x_wconf 79' lang='grc' dir='ltr'>υἱὸν</span> <span class='ocrx_word' id='word_1_71' title='bbox 724 1532 1001 1601; x_wconf 79' lang='grc' dir='ltr'>Θεοφίλου,</span> <span class='ocrx_word' id='word_1_72' title='bbox 1032 1533 1123 1586; x_wconf 71' lang='grc' dir='ltr'><strong><em>ἐπὶ</em></strong></span> <span class='ocrx_word' id='word_1_73' title='bbox 1143 1532 1361 1604; x_wconf 82' lang='grc' dir='ltr'>διαϐολῇ</span> <span class='ocrx_word' id='word_1_74' title='bbox 1385 1534 1486 1605; x_wconf 80' lang='grc' dir='ltr'>τῆς</span> <span class='ocrx_word' id='word_1_75' title='bbox 1519 1534 1630 1587; x_wconf 87' lang='grc' dir='ltr'><strong><em>τῶν</em></strong></span> <span class='ocrx_word' id='word_1_76' title='bbox 1662 1536 1993 1606; x_wconf 56' lang='grc' dir='ltr'>Χριστιανῶν</span> 
     </span>
    </p>
   </div>
   <div class='ocr_carea' id='block_1_12' title="bbox 2102 1532 3702 1608">
    <p class='ocr_par' dir='ltr' id='par_1_12' title="bbox 2106 1534 3702 1608">
     <span class='ocr_line' id='line_1_12' title="bbox 2106 1534 3702 1608; baseline -0.002 -19"><span class='ocrx_word' id='word_1_77' title='bbox 2106 1553 2275 1599; x_wconf 85' lang='grc' dir='ltr'>στεως</span> <span class='ocrx_word' id='word_1_78' title='bbox 2309 1554 2322 1566; x_wconf 92' lang='grc'>·</span> <span class='ocrx_word' id='word_1_79' title='bbox 2356 1535 2559 1593; x_wconf 74' lang='grc' dir='ltr'>Νἱεειω</span> <span class='ocrx_word' id='word_1_80' title='bbox 2582 1538 2868 1608; x_wconf 71' lang='lat' dir='ltr'><strong><em>Byzantini</em></strong></span> <span class='ocrx_word' id='word_1_81' title='bbox 2898 1534 3191 1604; x_wconf 76' lang='lat' dir='ltr'><strong><em>philosophi</em></strong></span> <span class='ocrx_word' id='word_1_82' title='bbox 3220 1536 3474 1602; x_wconf 71' lang='lat' dir='ltr'><strong><em>expositio</em></strong></span> <span class='ocrx_word' id='word_1_83' title='bbox 3502 1536 3702 1605; x_wconf 80' lang='lat' dir='ltr'><strong><em>conﬁr-</em></strong></span> 
     </span>
    </p>
   </div>
   <div class='ocr_carea' id='block_1_13' title="bbox 438 1623 3701 1697">
    <p class='ocr_par' dir='ltr' id='par_1_13' title="bbox 438 1623 3701 1697">
     <span class='ocr_line' id='line_1_13' title="bbox 438 1623 3701 1697; baseline 0.001 -20"><span class='ocrx_word' id='word_1_84' title='bbox 438 1643 585 1679; x_wconf 82' lang='lat' dir='ltr'><strong><em>muns</em></strong></span> <span class='ocrx_word' id='word_1_85' title='bbox 621 1643 741 1679; x_wconf 91' lang='lat' dir='ltr'><strong><em>cum</em></strong></span> <span class='ocrx_word' id='word_1_86' title='bbox 770 1626 1216 1681; x_wconf 73' lang='lat' dir='ltr'><strong><em>demonstratione</em></strong></span> <span class='ocrx_word' id='word_1_87' title='bbox 1245 1623 1606 1680; x_wconf 87' lang='lat' dir='ltr'><strong><em>Christianum</em></strong></span> <span class='ocrx_word' id='word_1_88' title='bbox 1641 1625 1834 1697; x_wconf 84' lang='lat' dir='ltr'><strong><em>dogma</em></strong></span> <span class='ocrx_word' id='word_1_89' title='bbox 1860 1641 1925 1680; x_wconf 76' lang='lat' dir='ltr'><strong><em>ea:</em></strong></span> <span class='ocrx_word' id='word_1_90' title='bbox 1964 1628 2329 1682; x_wconf 79' lang='lat' dir='ltr'><strong><em>communibus</em></strong></span> <span class='ocrx_word' id='word_1_91' title='bbox 2360 1630 2680 1692; x_wconf 83' lang='lat' dir='ltr'><strong><em>nationibus,</em></strong></span> <span class='ocrx_word' id='word_1_92' title='bbox 2707 1640 2755 1683; x_wconf 89' lang='lat' dir='ltr'><strong><em>et</em></strong></span> <span class='ocrx_word' id='word_1_93' title='bbox 2783 1629 3063 1683; x_wconf 83' lang='lat' dir='ltr'><strong><em>dialectica</em></strong></span> <span class='ocrx_word' id='word_1_94' title='bbox 3112 1629 3377 1693; x_wconf 89' lang='lat' dir='ltr'><strong><em>methodo,</em></strong></span> <span class='ocrx_word' id='word_1_95' title='bbox 3403 1637 3451 1681; x_wconf 92' lang='lat' dir='ltr'><strong><em>et</em></strong></span> <span class='ocrx_word' id='word_1_96' title='bbox 3477 1639 3701 1680; x_wconf 87' lang='lat' dir='ltr'><strong><em>natura-</em></strong></span> 
     </span>
    </p>
   </div>
   <div class='ocr_carea' id='block_1_14' title="bbox 433 1712 3700 1792">
    <p class='ocr_par' dir='ltr' id='par_1_14' title="bbox 433 1712 3700 1792">
     <span class='ocr_line' id='line_1_14' title="bbox 433 1712 3700 1792; baseline 0.001 -21"><span class='ocrx_word' id='word_1_97' title='bbox 433 1717 572 1771; x_wconf 84' lang='lat' dir='ltr'><strong><em>libus</em></strong></span> <span class='ocrx_word' id='word_1_98' title='bbox 609 1719 953 1788; x_wconf 80' lang='lat' dir='ltr'><strong><em>argumentis,</em></strong></span> <span class='ocrx_word' id='word_1_99' title='bbox 982 1726 1029 1770; x_wconf 81' lang='lat' dir='ltr'><strong><em>et</em></strong></span> <span class='ocrx_word' id='word_1_100' title='bbox 1096 1715 1327 1786; x_wconf 80' lang='lat' dir='ltr'><strong><em>artiﬁcio</em></strong></span> <span class='ocrx_word' id='word_1_101' title='bbox 1365 1717 1689 1787; x_wconf 85' lang='lat' dir='ltr'><strong><em>syllogistico</em></strong></span> <span class='ocrx_word' id='word_1_102' title='bbox 1735 1719 2015 1788; x_wconf 85' lang='lat' dir='ltr'><strong><em>producta.</em></strong></span> <span class='ocrx_word' id='word_1_103' title='bbox 2055 1719 2123 1773; x_wconf 86' lang='lat' dir='ltr'><strong><em>Et</em></strong></span> <span class='ocrx_word' id='word_1_104' title='bbox 2156 1722 2453 1791; x_wconf 75' lang='lat' dir='ltr'><strong><em>confutatio</em></strong></span> <span class='ocrx_word' id='word_1_105' title='bbox 2483 1724 2721 1792; x_wconf 72' lang='lat' dir='ltr'><strong><em>epistolat</em></strong></span> <span class='ocrx_word' id='word_1_106' title='bbox 2751 1722 2814 1776; x_wconf 87' lang='lat' dir='ltr'><strong><em>ab</em></strong></span> <span class='ocrx_word' id='word_1_107' title='bbox 2850 1722 3107 1788; x_wconf 81' lang='lat' dir='ltr'><strong><em>Aqarenis</em></strong></span> <span class='ocrx_word' id='word_1_108' title='bbox 3131 1722 3199 1775; x_wconf 88' lang='lat' dir='ltr'><strong><em>ad</em></strong></span> <span class='ocrx_word' id='word_1_109' title='bbox 3240 1720 3552 1774; x_wconf 80' lang='lat' dir='ltr'><strong><em>Michaelem</em></strong></span> <span class='ocrx_word' id='word_1_110' title='bbox 3595 1712 3700 1773; x_wconf 60' lang='lat' dir='ltr'><strong><em>im:-</em></strong></span> 
     </span>
    </p>
   </div>
   <div class='ocr_carea' id='block_1_15' title="bbox 430 1806 3699 1883">
    <p class='ocr_par' dir='ltr' id='par_1_15' title="bbox 430 1806 3699 1883">
     <span class='ocr_line' id='line_1_15' title="bbox 430 1806 3699 1883; baseline 0.001 -22"><span class='ocrx_word' id='word_1_111' title='bbox 430 1820 767 1877; x_wconf 87' lang='lat' dir='ltr'><strong><em>peratorem,</em></strong></span> <span class='ocrx_word' id='word_1_112' title='bbox 814 1806 1115 1876; x_wconf 44' lang='lat' dir='ltr'><strong><em>Theophili}</em></strong></span> <span class='ocrx_word' id='word_1_113' title='bbox 1147 1822 1251 1863; x_wconf 92' lang='lat' dir='ltr'><strong><em>non</em></strong></span> <span class='ocrx_word' id='word_1_114' title='bbox 1294 1806 1709 1880; x_wconf 75' lang='lat' dir='ltr'><strong><em>Tlieopltylacti,</em></strong></span> <span class='ocrx_word' id='word_1_115' title='bbox 1777 1818 1835 1864; x_wconf 90' lang='lat' dir='ltr'><strong><em>ut</em></strong></span> <span class='ocrx_word' id='word_1_116' title='bbox 1884 1810 2215 1867; x_wconf 88' lang='lat' dir='ltr'><strong><em>Possevinus</em></strong></span> <span class='ocrx_word' id='word_1_117' title='bbox 2273 1822 2327 1868; x_wconf 89' lang='lat' dir='ltr'><strong><em>et</em></strong></span> <span class='ocrx_word' id='word_1_118' title='bbox 2383 1813 2780 1883; x_wconf 83' lang='lat' dir='ltr'><strong><em>Epitomatorcs</em></strong></span> <span class='ocrx_word' id='word_1_119' title='bbox 2834 1813 3153 1868; x_wconf 67' lang='lat' dir='ltr'><strong><em>Gvsneriani</em></strong></span> <span class='ocrx_word' id='word_1_120' title='bbox 3214 1811 3472 1882; x_wconf 88' lang='lat' dir='ltr'><strong><em>vertunt)</em></strong></span> <span class='ocrx_word' id='word_1_121' title='bbox 3528 1811 3699 1881; x_wconf 75' lang='lat' dir='ltr'><strong><em>ﬁliuni</em></strong></span> 
     </span>
    </p>
   </div>
   <div class='ocr_carea' id='block_1_16' title="bbox 432 1900 1993 1982">
    <p class='ocr_par' dir='ltr' id='par_1_16' title="bbox 432 1900 1981 1971">
     <span class='ocr_line' id='line_1_16' title="bbox 432 1900 1981 1971; baseline 0.006 -20"><span class='ocrx_word' id='word_1_122' title='bbox 432 1902 628 1965; x_wconf 79' lang='lat' dir='ltr'><strong><em>missa’,</em></strong></span> <span class='ocrx_word' id='word_1_123' title='bbox 669 1918 774 1971; x_wconf 86' lang='lat' dir='ltr'><strong><em>qua</em></strong></span> <span class='ocrx_word' id='word_1_124' title='bbox 807 1900 1171 1956; x_wconf 77' lang='lat' dir='ltr'><strong><em>Christianam</em></strong></span> <span class='ocrx_word' id='word_1_125' title='bbox 1210 1901 1361 1957; x_wconf 64' lang='lat' dir='ltr'><strong><em>“idem</em></strong></span> <span class='ocrx_word' id='word_1_126' title='bbox 1391 1903 1880 1961; x_wconf 89' lang='lat' dir='ltr'><strong><em>calumniabantur.</em></strong></span> <span class='ocrx_word' id='word_1_127' title='bbox 1920 1905 1981 1961; x_wconf 91' lang='lat' dir='ltr'><strong><em>P.</em></strong></span> 
     </span>
    </p>
   </div>
   <div class='ocr_carea' id='block_1_17' title="bbox 2102 1900 3697 1982">
    <p class='ocr_par' dir='ltr' id='par_1_17' title="bbox 2102 1908 3697 1982">
     <span class='ocr_line' id='line_1_17' title="bbox 2102 1908 3697 1982; baseline 0.001 -21"><span class='ocrx_word' id='word_1_128' title='bbox 2102 1908 2402 1981; x_wconf 76' lang='grc' dir='ltr'>υσθήρατόν</span> <span class='ocrx_word' id='word_1_129' title='bbox 2430 1928 2483 1963; x_wconf 92' lang='grc' dir='ltr'><strong><em>τι</em></strong></span> <span class='ocrx_word' id='word_1_130' title='bbox 2510 1910 2700 1982; x_wconf 77' lang='grc' dir='ltr'>χρῆμα</span> <span class='ocrx_word' id='word_1_131' title='bbox 2725 1910 2972 1981; x_wconf 75' lang='grc' dir='ltr'>ἀλήθεια,</span> <span class='ocrx_word' id='word_1_132' title='bbox 3002 1909 3099 1964; x_wconf 76' lang='grc' dir='ltr'><strong><em>καὶ</em></strong></span> <span class='ocrx_word' id='word_1_133' title='bbox 3130 1908 3257 1972; x_wconf 83' lang='grc' dir='ltr'>τούς</span> <span class='ocrx_word' id='word_1_134' title='bbox 3284 1926 3347 1979; x_wconf 88' lang='grc' dir='ltr'><strong><em>γε</em></strong></span> <span class='ocrx_word' id='word_1_135' title='bbox 3398 1908 3521 1962; x_wconf 82' lang='grc' dir='ltr'>λίαν</span> <span class='ocrx_word' id='word_1_136' title='bbox 3569 1909 3697 1975; x_wconf 68' lang='lat' dir='ltr'><strong><em>ogu-</em></strong></span> 
     </span>
    </p>
   </div>
   <div class='ocr_carea' id='block_1_18' title="bbox 426 2013 736 2061">
    <p class='ocr_par' dir='ltr' id='par_1_18' title="bbox 426 2013 736 2061">
     <span class='ocr_line' id='line_1_18' title="bbox 426 2013 736 2061; baseline -0.003 -10"><span class='ocrx_word' id='word_1_137' title='bbox 426 2013 736 2061; x_wconf 82' lang='grc' dir='ltr'>ωπουντας.</span> 
     </span>
    </p>
   </div>
   <div class='ocr_carea' id='block_1_19' title="bbox 496 2087 1993 2169">
    <p class='ocr_par' dir='ltr' id='par_1_19' title="bbox 496 2087 1993 2165">
     <span class='ocr_line' id='line_1_19' title="bbox 496 2087 1993 2165; baseline 0.005 -24"><span class='ocrx_word' id='word_1_138' title='bbox 496 2088 654 2143; x_wconf 83' lang='lat' dir='ltr'><strong><em>Alius</em></strong></span> <span class='ocrx_word' id='word_1_139' title='bbox 669 2097 753 2144; x_wconf 88' lang='lat' dir='ltr'><strong><em>est</em></strong></span> <span class='ocrx_word' id='word_1_140' title='bbox 774 2087 1016 2159; x_wconf 84' lang='lat' dir='ltr'><strong><em>ejusdem</em></strong></span> <span class='ocrx_word' id='word_1_141' title='bbox 1053 2098 1319 2148; x_wconf 84' lang='lat' dir='ltr'><strong><em>tractatus</em></strong></span> <span class='ocrx_word' id='word_1_142' title='bbox 1347 2110 1360 2147; x_wconf 92' lang='lat'>:</span> <span class='ocrx_word' id='word_1_143' title='bbox 1397 2093 1762 2165; x_wconf 74' lang='grc' dir='ltr'>’Δντίῤῥησις,</span> <span class='ocrx_word' id='word_1_144' title='bbox 1792 2094 1886 2148; x_wconf 75' lang='grc' dir='ltr'><strong><em>καὶ</em></strong></span> <span class='ocrx_word' id='word_1_145' title='bbox 1912 2094 1993 2148; x_wconf 74' lang='lat' dir='ltr'><strong><em>av:</em></strong></span> 
     </span>
    </p>
   </div>
   <div class='ocr_carea' id='block_1_20' title="bbox 2102 2087 3697 2169">
    <p class='ocr_par' dir='ltr' id='par_1_20' title="bbox 2102 2093 3697 2169">
     <span class='ocr_line' id='line_1_20' title="bbox 2102 2093 3697 2169; baseline -0.003 -21"><span class='ocrx_word' id='word_1_146' title='bbox 2102 2096 2193 2167; x_wconf 70' lang='grc' dir='ltr'>πτὴ</span> <span class='ocrx_word' id='word_1_147' title='bbox 2229 2096 2328 2167; x_wconf 83' lang='grc' dir='ltr'>τῆς</span> <span class='ocrx_word' id='word_1_148' title='bbox 2353 2096 2608 2169; x_wconf 84' lang='grc' dir='ltr'><strong><em>δευτέρας</em></strong></span> <span class='ocrx_word' id='word_1_149' title='bbox 2648 2098 2937 2167; x_wconf 72' lang='grc' dir='ltr'>ἐπιστολῆς</span> <span class='ocrx_word' id='word_1_150' title='bbox 2968 2097 3066 2167; x_wconf 79' lang='grc' dir='ltr'>τῆς</span> <span class='ocrx_word' id='word_1_151' title='bbox 3091 2094 3379 2164; x_wconf 75' lang='grc' dir='ltr'>σταλείσης</span> <span class='ocrx_word' id='word_1_152' title='bbox 3410 2094 3558 2167; x_wconf 82' lang='grc' dir='ltr'>παρὰ</span> <span class='ocrx_word' id='word_1_153' title='bbox 3586 2093 3697 2147; x_wconf 88' lang='grc' dir='ltr'><strong><em>τῶν</em></strong></span> 
     </span>
    </p>
   </div>
   <div class='ocr_carea' id='block_1_21' title="bbox 435 2185 3697 2263">
    <p class='ocr_par' dir='ltr' id='par_1_21' title="bbox 435 2185 3697 2263">
     <span class='ocr_line' id='line_1_21' title="bbox 435 2185 3697 2263; baseline 0.002 -28"><span class='ocrx_word' id='word_1_154' title='bbox 435 2185 758 2255; x_wconf 82' lang='grc' dir='ltr'>’Λγαρηνῶν</span> <span class='ocrx_word' id='word_1_155' title='bbox 783 2186 917 2258; x_wconf 86' lang='grc' dir='ltr'>πρὸς</span> <span class='ocrx_word' id='word_1_156' title='bbox 946 2186 1165 2257; x_wconf 83' lang='grc' dir='ltr'>Μιχαὴλ</span> <span class='ocrx_word' id='word_1_157' title='bbox 1196 2186 1422 2258; x_wconf 82' lang='grc' dir='ltr'>βασιλέα</span> <span class='ocrx_word' id='word_1_158' title='bbox 1448 2189 1562 2241; x_wconf 80' lang='grc' dir='ltr'>υίὸν</span> <span class='ocrx_word' id='word_1_159' title='bbox 1605 2189 1891 2257; x_wconf 85' lang='grc' dir='ltr'>Θεοφίλου,</span> <span class='ocrx_word' id='word_1_160' title='bbox 1920 2192 2012 2243; x_wconf 75' lang='grc' dir='ltr'>ἐπὶ</span> <span class='ocrx_word' id='word_1_161' title='bbox 2038 2190 2258 2263; x_wconf 80' lang='grc' dir='ltr'>διαϐολῇ</span> <span class='ocrx_word' id='word_1_162' title='bbox 2309 2195 2408 2263; x_wconf 80' lang='grc' dir='ltr'>τῆς</span> <span class='ocrx_word' id='word_1_163' title='bbox 2448 2192 2557 2245; x_wconf 87' lang='grc' dir='ltr'><strong><em>τῶν</em></strong></span> <span class='ocrx_word' id='word_1_164' title='bbox 2607 2193 2952 2262; x_wconf 75' lang='grc' dir='ltr'>Χριστιανῶν</span> <span class='ocrx_word' id='word_1_165' title='bbox 2999 2192 3234 2255; x_wconf 76' lang='grc' dir='ltr'>πίστεως</span> <span class='ocrx_word' id='word_1_166' title='bbox 3255 2208 3269 2224; x_wconf 90' lang='grc'><strong>·</strong></span> <span class='ocrx_word' id='word_1_167' title='bbox 3303 2191 3613 2261; x_wconf 80' lang='lat' dir='ltr'><strong><em>Confutatio</em></strong></span> <span class='ocrx_word' id='word_1_168' title='bbox 3645 2198 3697 2243; x_wconf 87' lang='lat' dir='ltr'><strong><em>et</em></strong></span> 
     </span>
    </p>
   </div>
   <div class='ocr_carea' id='block_1_22' title="bbox 419 2277 3697 2354">
    <p class='ocr_par' dir='ltr' id='par_1_22' title="bbox 419 2277 3697 2354">
     <span class='ocr_line' id='line_1_22' title="bbox 419 2277 3697 2354; baseline 0.003 -29"><span class='ocrx_word' id='word_1_169' title='bbox 419 2277 625 2331; x_wconf 78' lang='lat' dir='ltr'><strong><em>eversio</em></strong></span> <span class='ocrx_word' id='word_1_170' title='bbox 646 2277 886 2332; x_wconf 75' lang='lat' dir='ltr'><strong><em>secunda:</em></strong></span> <span class='ocrx_word' id='word_1_171' title='bbox 910 2278 1141 2347; x_wconf 79' lang='lat' dir='ltr'><strong><em>epistola:</em></strong></span> <span class='ocrx_word' id='word_1_172' title='bbox 1170 2280 1234 2332; x_wconf 92' lang='lat' dir='ltr'><strong><em>ab</em></strong></span> <span class='ocrx_word' id='word_1_173' title='bbox 1254 2278 1508 2349; x_wconf 82' lang='lat' dir='ltr'><strong><em>Agarenis</em></strong></span> <span class='ocrx_word' id='word_1_174' title='bbox 1533 2282 1601 2333; x_wconf 82' lang='lat' dir='ltr'><strong><em>ad</em></strong></span> <span class='ocrx_word' id='word_1_175' title='bbox 1624 2281 1673 2333; x_wconf 83' lang='grc' dir='ltr'><strong><em>Μ</em></strong></span> <span class='ocrx_word' id='word_1_176' title='bbox 1682 2281 1929 2335; x_wconf 88' lang='lat' dir='ltr'><strong><em>ichaelem</em></strong></span> <span class='ocrx_word' id='word_1_177' title='bbox 1947 2283 2311 2351; x_wconf 83' lang='lat' dir='ltr'><strong><em>imperatorem</em></strong></span> <span class='ocrx_word' id='word_1_178' title='bbox 2327 2282 2595 2353; x_wconf 79' lang='lat' dir='ltr'><strong><em>Theophili</em></strong></span> <span class='ocrx_word' id='word_1_179' title='bbox 2614 2284 2787 2354; x_wconf 83' lang='lat' dir='ltr'><strong><em>ﬁlium</em></strong></span> <span class='ocrx_word' id='word_1_180' title='bbox 2804 2287 3000 2348; x_wconf 67' lang='lat' dir='ltr'><strong><em>missm,</em></strong></span> <span class='ocrx_word' id='word_1_181' title='bbox 3026 2301 3128 2354; x_wconf 72' lang='lat' dir='ltr'><strong><em>qua</em></strong></span> <span class='ocrx_word' id='word_1_182' title='bbox 3157 2284 3311 2349; x_wconf 80' lang='lat' dir='ltr'><strong><em>ﬁdem</em></strong></span> <span class='ocrx_word' id='word_1_183' title='bbox 3333 2283 3697 2338; x_wconf 73' lang='lat' dir='ltr'><strong><em>Christianam</em></strong></span> 
     </span>
    </p>
   </div>
   <div class='ocr_carea' id='block_1_23' title="bbox 421 2363 1993 2449">
    <p class='ocr_par' dir='ltr' id='par_1_23' title="bbox 421 2363 1993 2443">
     <span class='ocr_line' id='line_1_23' title="bbox 421 2363 1993 2443; baseline 0.005 -24"><span class='ocrx_word' id='word_1_184' title='bbox 421 2363 915 2424; x_wconf 80' lang='lat' dir='ltr'><strong><em>calumniabantur.</em></strong></span> <span class='ocrx_word' id='word_1_185' title='bbox 966 2366 1077 2424; x_wconf 84' lang='lat' dir='ltr'><strong><em>P.:</em></strong></span> <span class='ocrx_word' id='word_1_186' title='bbox 1123 2368 1481 2443; x_wconf 81' lang='grc' dir='ltr'>Ἐϐουλόμην,</span> <span class='ocrx_word' id='word_1_187' title='bbox 1531 2364 1577 2426; x_wconf 82' lang='grc' dir='ltr'>ὦ</span> <span class='ocrx_word' id='word_1_188' title='bbox 1619 2370 1811 2441; x_wconf 86' lang='grc' dir='ltr'>φίλος,</span> <span class='ocrx_word' id='word_1_189' title='bbox 1859 2373 1993 2427; x_wconf 67' lang='grc' dir='ltr'>τδνε</span> 
     </span>
    </p>
   </div>
   <div class='ocr_carea' id='block_1_24' title="bbox 2102 2363 3693 2449">
    <p class='ocr_par' dir='ltr' id='par_1_24' title="bbox 2102 2374 3693 2449">
     <span class='ocr_line' id='line_1_24' title="bbox 2102 2374 3693 2449; baseline 0 -22"><span class='ocrx_word' id='word_1_190' title='bbox 2102 2378 2116 2427; x_wconf 82' lang='grc' dir='ltr'><strong><em>ί</em></strong></span> <span class='ocrx_word' id='word_1_191' title='bbox 2167 2375 2403 2441; x_wconf 88' lang='grc' dir='ltr'>πίστεως</span> <span class='ocrx_word' id='word_1_192' title='bbox 2435 2377 2616 2449; x_wconf 77' lang='grc' dir='ltr'>ἡμῶν,</span> <span class='ocrx_word' id='word_1_193' title='bbox 2644 2377 2738 2431; x_wconf 80' lang='grc' dir='ltr'><strong><em>τοῦ</em></strong></span> <span class='ocrx_word' id='word_1_194' title='bbox 2790 2375 3174 2447; x_wconf 81' lang='grc' dir='ltr'>Χριστιανικοῦ</span> <span class='ocrx_word' id='word_1_195' title='bbox 3207 2374 3351 2444; x_wconf 88' lang='grc' dir='ltr'>λέγω</span> <span class='ocrx_word' id='word_1_196' title='bbox 3398 2375 3693 2446; x_wconf 66' lang='grc' dir='ltr'>δόγματοξ,</span> 
     </span>
    </p>
   </div>
   <div class='ocr_carea' id='block_1_25' title="bbox 418 2463 607 2532">
    <p class='ocr_par' dir='ltr' id='par_1_25' title="bbox 418 2463 607 2532">
     <span class='ocr_line' id='line_1_25' title="bbox 418 2463 607 2532; baseline 0.016 -16"><span class='ocrx_word' id='word_1_197' title='bbox 418 2463 607 2532; x_wconf 81' lang='grc' dir='ltr'>λόγον.</span> 
     </span>
    </p>
   </div>
   <div class='ocr_carea' id='block_1_26' title="bbox 496 2556 1993 2633">
    <p class='ocr_par' dir='ltr' id='par_1_26' title="bbox 496 2556 1993 2633">
     <span class='ocr_line' id='line_1_26' title="bbox 496 2556 1993 2633; baseline 0.002 -23"><span class='ocrx_word' id='word_1_198' title='bbox 496 2556 709 2614; x_wconf 78' lang='lat' dir='ltr'><strong><em>Tertius</em></strong></span> <span class='ocrx_word' id='word_1_199' title='bbox 738 2569 855 2615; x_wconf 85' lang='lat' dir='ltr'><strong><em>est:</em></strong></span> <span class='ocrx_word' id='word_1_200' title='bbox 892 2560 1198 2633; x_wconf 83' lang='grc' dir='ltr'>Ἀνατροπὴ</span> <span class='ocrx_word' id='word_1_201' title='bbox 1236 2561 1339 2633; x_wconf 83' lang='grc' dir='ltr'>τῆς</span> <span class='ocrx_word' id='word_1_202' title='bbox 1377 2561 1529 2631; x_wconf 75' lang='grc' dir='ltr'>παρὰ</span> <span class='ocrx_word' id='word_1_203' title='bbox 1555 2558 1647 2614; x_wconf 72' lang='grc' dir='ltr'>τοῦ</span> <span class='ocrx_word' id='word_1_204' title='bbox 1688 2558 1929 2630; x_wconf 76' lang='grc' dir='ltr'>Ἀραϐος</span> <span class='ocrx_word' id='word_1_205' title='bbox 1962 2560 1993 2613; x_wconf 69' lang='lat' dir='ltr'><strong><em>ll</em></strong></span> 
     </span>
    </p>
   </div>
   <div class='ocr_carea' id='block_1_27' title="bbox 2102 2556 3695 2633">
    <p class='ocr_par' dir='ltr' id='par_1_27' title="bbox 2102 2558 3695 2632">
     <span class='ocr_line' id='line_1_27' title="bbox 2102 2558 3695 2632; baseline 0.003 -23"><span class='ocrx_word' id='word_1_206' title='bbox 2102 2558 2209 2630; x_wconf 81' lang='grc' dir='ltr'><strong><em>μεθ</em></strong></span> <span class='ocrx_word' id='word_1_207' title='bbox 2247 2558 2555 2632; x_wconf 83' lang='grc' dir='ltr'>γραφείσης</span> <span class='ocrx_word' id='word_1_208' title='bbox 2596 2560 2783 2631; x_wconf 82' lang='grc' dir='ltr'>βίϐλου</span> <span class='ocrx_word' id='word_1_209' title='bbox 2840 2562 2898 2615; x_wconf 76' lang='grc' dir='ltr'><strong><em>ἐν</em></strong></span> <span class='ocrx_word' id='word_1_210' title='bbox 2926 2561 3244 2631; x_wconf 76' lang='grc' dir='ltr'>κεφαλαίοις</span> <span class='ocrx_word' id='word_1_211' title='bbox 3307 2562 3353 2615; x_wconf 88' lang='grc' dir='ltr'>λ’</span> <span class='ocrx_word' id='word_1_212' title='bbox 3382 2579 3395 2594; x_wconf 89' lang='grc'><strong>·</strong></span> <span class='ocrx_word' id='word_1_213' title='bbox 3424 2560 3695 2631; x_wconf 83' lang='lat' dir='ltr'><strong><em>Refutatio</em></strong></span> 
     </span>
    </p>
   </div>
   <div class='ocr_carea' id='block_1_28' title="bbox 416 2638 1993 2728">
    <p class='ocr_par' dir='ltr' id='par_1_28' title="bbox 416 2638 1993 2725">
     <span class='ocr_line' id='line_1_28' title="bbox 416 2638 1993 2725; baseline 0.001 -19"><span class='ocrx_word' id='word_1_214' title='bbox 416 2638 551 2707; x_wconf 63' lang='lat' dir='ltr'><strong><em>’ibri</em></strong></span> <span class='ocrx_word' id='word_1_215' title='bbox 578 2653 643 2708; x_wconf 88' lang='lat' dir='ltr'><strong><em>ab</em></strong></span> <span class='ocrx_word' id='word_1_216' title='bbox 677 2655 850 2711; x_wconf 81' lang='lat' dir='ltr'><strong><em>Arabe</em></strong></span> <span class='ocrx_word' id='word_1_217' title='bbox 878 2654 1178 2712; x_wconf 82' lang='lat' dir='ltr'><strong><em>Mohameto</em></strong></span> <span class='ocrx_word' id='word_1_218' title='bbox 1206 2656 1523 2725; x_wconf 87' lang='lat' dir='ltr'><strong><em>conscripti,</em></strong></span> <span class='ocrx_word' id='word_1_219' title='bbox 1583 2654 1843 2725; x_wconf 88' lang='lat' dir='ltr'><strong><em>capitibus</em></strong></span> <span class='ocrx_word' id='word_1_220' title='bbox 1898 2656 1993 2725; x_wconf 73' lang='lat' dir='ltr'><strong><em>ttig</em></strong></span> 
     </span>
    </p>
   </div>
   <div class='ocr_carea' id='block_1_29' title="bbox 2102 2638 3666 2728">
    <p class='ocr_par' dir='ltr' id='par_1_29' title="bbox 2102 2654 3666 2728">
     <span class='ocr_line' id='line_1_29' title="bbox 2102 2654 3666 2728; baseline 0.001 -20"><span class='ocrx_word' id='word_1_221' title='bbox 2102 2672 2137 2710; x_wconf 88' lang='grc' dir='ltr'>ι.</span> <span class='ocrx_word' id='word_1_222' title='bbox 2170 2654 2230 2710; x_wconf 84' lang='grc' dir='ltr'><strong><em>Ρ.</em></strong></span> <span class='ocrx_word' id='word_1_223' title='bbox 2266 2672 2281 2708; x_wconf 92' lang='lat'><strong>:</strong></span> <span class='ocrx_word' id='word_1_224' title='bbox 2343 2656 2611 2723; x_wconf 82' lang='grc' dir='ltr'>Μεγάλων</span> <span class='ocrx_word' id='word_1_225' title='bbox 2635 2656 2729 2709; x_wconf 81' lang='grc' dir='ltr'>καὶ</span> <span class='ocrx_word' id='word_1_226' title='bbox 2783 2655 2890 2711; x_wconf 89' lang='grc' dir='ltr'><strong><em>τῶν</em></strong></span> <span class='ocrx_word' id='word_1_227' title='bbox 2924 2656 3065 2727; x_wconf 71' lang='grc' dir='ltr'>ὑπὲρ</span> <span class='ocrx_word' id='word_1_228' title='bbox 3098 2659 3245 2728; x_wconf 77' lang='grc' dir='ltr'>ἡμᾶς</span> <span class='ocrx_word' id='word_1_229' title='bbox 3303 2655 3470 2724; x_wconf 75' lang='grc' dir='ltr'>ἀξίων</span> <span class='ocrx_word' id='word_1_230' title='bbox 3516 2655 3666 2724; x_wconf 84' lang='grc' dir='ltr'>ὑπαρ</span> 
     </span>
    </p>
   </div>
   <div class='ocr_carea' id='block_1_30' title="bbox 416 2746 3692 2824">
    <p class='ocr_par' dir='ltr' id='par_1_30' title="bbox 416 2746 3692 2824">
     <span class='ocr_line' id='line_1_30' title="bbox 416 2746 3692 2824; baseline 0.002 -26"><span class='ocrx_word' id='word_1_231' title='bbox 416 2746 651 2815; x_wconf 80' lang='grc' dir='ltr'>χόντων.</span> <span class='ocrx_word' id='word_1_232' title='bbox 684 2746 792 2803; x_wconf 84' lang='lat' dir='ltr'><strong><em>llos</em></strong></span> <span class='ocrx_word' id='word_1_233' title='bbox 832 2756 1097 2805; x_wconf 84' lang='lat' dir='ltr'><strong><em>tractatus</em></strong></span> <span class='ocrx_word' id='word_1_234' title='bbox 1145 2759 1338 2805; x_wconf 88' lang='lat' dir='ltr'><strong><em>contra</em></strong></span> <span class='ocrx_word' id='word_1_235' title='bbox 1394 2749 1677 2817; x_wconf 84' lang='lat' dir='ltr'><strong><em>Agarenos</em></strong></span> <span class='ocrx_word' id='word_1_236' title='bbox 1728 2747 1920 2803; x_wconf 89' lang='lat' dir='ltr'><strong><em>dicunt</em></strong></span> <span class='ocrx_word' id='word_1_237' title='bbox 1952 2748 2221 2804; x_wconf 75' lang='lat' dir='ltr'><strong><em>asservari</em></strong></span> <span class='ocrx_word' id='word_1_238' title='bbox 2264 2749 2321 2801; x_wconf 88' lang='lat' dir='ltr'><strong><em>in</em></strong></span> <span class='ocrx_word' id='word_1_239' title='bbox 2380 2749 2707 2805; x_wconf 84' lang='lat' dir='ltr'><strong><em>bibliotheca</em></strong></span> <span class='ocrx_word' id='word_1_240' title='bbox 2747 2749 3007 2805; x_wconf 84' lang='lat' dir='ltr'><strong><em>Vaticana</em></strong></span> <span class='ocrx_word' id='word_1_241' title='bbox 3034 2749 3399 2816; x_wconf 85' lang='lat' dir='ltr'><strong><em>Posscvinus,</em></strong></span> <span class='ocrx_word' id='word_1_242' title='bbox 3456 2762 3511 2805; x_wconf 88' lang='lat' dir='ltr'><strong><em>et</em></strong></span> <span class='ocrx_word' id='word_1_243' title='bbox 3561 2752 3692 2824; x_wconf 82' lang='lat' dir='ltr'><strong><em>Ept-</em></strong></span> 
     </span>
    </p>
   </div>
   <div class='ocr_carea' id='block_1_31' title="bbox 416 2840 860 2909">
    <p class='ocr_par' dir='ltr' id='par_1_31' title="bbox 416 2840 860 2909">
     <span class='ocr_line' id='line_1_31' title="bbox 416 2840 860 2909; baseline -0.002 -14"><span class='ocrx_word' id='word_1_244' title='bbox 416 2848 725 2895; x_wconf 87' lang='lat' dir='ltr'><strong><em>tomatores</em></strong></span> <span class='ocrx_word' id='word_1_245' title='bbox 760 2840 860 2909; x_wconf 84' lang='lat' dir='ltr'><strong><em>(a).</em></strong></span> 
     </span>
    </p>
   </div>
   <div class='ocr_carea' id='block_1_32' title="bbox 486 2931 3693 3005">
    <p class='ocr_par' dir='ltr' id='par_1_32' title="bbox 486 2931 3693 3005">
     <span class='ocr_line' id='line_1_32' title="bbox 486 2931 3693 3005; baseline 0.001 -19"><span class='ocrx_word' id='word_1_246' title='bbox 486 2931 589 2989; x_wconf 83' lang='lat' dir='ltr'><strong><em>Est</em></strong></span> <span class='ocrx_word' id='word_1_247' title='bbox 612 2940 873 3002; x_wconf 57' lang='lat' dir='ltr'><strong><em>praeterea</em></strong></span> <span class='ocrx_word' id='word_1_248' title='bbox 908 2948 1004 3003; x_wconf 90' lang='lat' dir='ltr'><strong><em>pro</em></strong></span> <span class='ocrx_word' id='word_1_249' title='bbox 1039 2933 1250 3002; x_wconf 79' lang='lat' dir='ltr'><strong><em>synodo</em></strong></span> <span class='ocrx_word' id='word_1_250' title='bbox 1280 2934 1713 2991; x_wconf 83' lang='lat' dir='ltr'><strong><em>Chalcedonensi</em></strong></span> <span class='ocrx_word' id='word_1_251' title='bbox 1742 2933 2007 2988; x_wconf 87' lang='lat' dir='ltr'><strong><em>adversus</em></strong></span> <span class='ocrx_word' id='word_1_252' title='bbox 2046 2932 2334 3002; x_wconf 82' lang='lat' dir='ltr'><strong><em>epistolam</em></strong></span> <span class='ocrx_word' id='word_1_253' title='bbox 2366 2934 2639 2988; x_wconf 67' lang='lat' dir='ltr'><strong><em>Armeniae</em></strong></span> <span class='ocrx_word' id='word_1_254' title='bbox 2670 2933 2835 3004; x_wconf 80' lang='lat' dir='ltr'><strong><em>regis,</em></strong></span> <span class='ocrx_word' id='word_1_255' title='bbox 2867 2948 2976 3004; x_wconf 82' lang='lat' dir='ltr'><strong><em>qua</em></strong></span> <span class='ocrx_word' id='word_1_256' title='bbox 3039 2934 3128 2988; x_wconf 89' lang='lat' dir='ltr'><strong><em>ille</em></strong></span> <span class='ocrx_word' id='word_1_257' title='bbox 3156 2934 3358 2987; x_wconf 79' lang='lat' dir='ltr'><strong><em>dictam</em></strong></span> <span class='ocrx_word' id='word_1_258' title='bbox 3422 2933 3693 3005; x_wconf 87' lang='lat' dir='ltr'><strong><em>synodum</em></strong></span> 
     </span>
    </p>
   </div>
   <div class='ocr_carea' id='block_1_33' title="bbox 413 3028 1993 3101">
    <p class='ocr_par' dir='ltr' id='par_1_33' title="bbox 413 3028 1993 3099">
     <span class='ocr_line' id='line_1_33' title="bbox 413 3028 1993 3099; baseline -0.001 -16"><span class='ocrx_word' id='word_1_259' title='bbox 413 3028 692 3083; x_wconf 65' lang='lat' dir='ltr'><strong><em>haereseos</em></strong></span> <span class='ocrx_word' id='word_1_260' title='bbox 716 3030 965 3084; x_wconf 83' lang='lat' dir='ltr'><strong><em>incusare</em></strong></span> <span class='ocrx_word' id='word_1_261' title='bbox 986 3030 1188 3086; x_wconf 87' lang='lat' dir='ltr'><strong><em>veritus</em></strong></span> <span class='ocrx_word' id='word_1_262' title='bbox 1219 3044 1325 3085; x_wconf 91' lang='lat' dir='ltr'><strong><em>non</em></strong></span> <span class='ocrx_word' id='word_1_263' title='bbox 1363 3029 1543 3085; x_wconf 70' lang='lat' dir='ltr'><strong><em>fuerat</em></strong></span> <span class='ocrx_word' id='word_1_264' title='bbox 1576 3049 1588 3084; x_wconf 86' lang='lat'>:</span> <span class='ocrx_word' id='word_1_265' title='bbox 1624 3030 1840 3099; x_wconf 79' lang='grc' dir='ltr'>Νικήτα</span> <span class='ocrx_word' id='word_1_266' title='bbox 1877 3029 1993 3094; x_wconf 54' lang='lat' dir='ltr'><strong><em>Bo;</em></strong></span> 
     </span>
    </p>
   </div>
   <div class='ocr_carea' id='block_1_34' title="bbox 2102 3028 3693 3101">
    <p class='ocr_par' dir='ltr' id='par_1_34' title="bbox 2102 3029 3693 3101">
     <span class='ocr_line' id='line_1_34' title="bbox 2102 3029 3693 3101; baseline 0.001 -20"><span class='ocrx_word' id='word_1_267' title='bbox 2102 3029 2174 3082; x_wconf 82' lang='grc' dir='ltr'>ἶου</span> <span class='ocrx_word' id='word_1_268' title='bbox 2216 3030 2509 3099; x_wconf 79' lang='grc' dir='ltr'>φιλοσόφου</span> <span class='ocrx_word' id='word_1_269' title='bbox 2539 3031 2635 3083; x_wconf 76' lang='grc' dir='ltr'><strong><em>καὶ</em></strong></span> <span class='ocrx_word' id='word_1_270' title='bbox 2667 3029 2993 3085; x_wconf 82' lang='grc' dir='ltr'>διδασκάλου</span> <span class='ocrx_word' id='word_1_271' title='bbox 3038 3029 3259 3100; x_wconf 80' lang='grc' dir='ltr'>ἐλεγχος</span> <span class='ocrx_word' id='word_1_272' title='bbox 3284 3030 3377 3083; x_wconf 80' lang='grc' dir='ltr'><strong><em>καὶ</em></strong></span> <span class='ocrx_word' id='word_1_273' title='bbox 3412 3031 3693 3101; x_wconf 73' lang='grc' dir='ltr'>ἀνατροπὴ</span> 
     </span>
    </p>
   </div>
   <div class='ocr_carea' id='block_1_35' title="bbox 410 3121 3695 3195">
    <p class='ocr_par' dir='ltr' id='par_1_35' title="bbox 410 3121 3695 3195">
     <span class='ocr_line' id='line_1_35' title="bbox 410 3121 3695 3195; baseline 0 -19"><span class='ocrx_word' id='word_1_274' title='bbox 410 3121 520 3192; x_wconf 81' lang='grc' dir='ltr'>τῆς</span> <span class='ocrx_word' id='word_1_275' title='bbox 546 3122 833 3193; x_wconf 80' lang='grc' dir='ltr'>σταλείσης</span> <span class='ocrx_word' id='word_1_276' title='bbox 888 3123 1179 3195; x_wconf 84' lang='grc' dir='ltr'>ἐπιστολῆς</span> <span class='ocrx_word' id='word_1_277' title='bbox 1200 3125 1264 3177; x_wconf 88' lang='grc' dir='ltr'>ἐκ</span> <span class='ocrx_word' id='word_1_278' title='bbox 1285 3122 1378 3177; x_wconf 79' lang='grc' dir='ltr'>τοῦ</span> <span class='ocrx_word' id='word_1_279' title='bbox 1418 3124 1677 3194; x_wconf 82' lang='grc' dir='ltr'>ἄρχοντος</span> <span class='ocrx_word' id='word_1_280' title='bbox 1730 3122 1831 3192; x_wconf 81' lang='grc' dir='ltr'>τῆς</span> <span class='ocrx_word' id='word_1_281' title='bbox 1872 3121 2196 3192; x_wconf 80' lang='grc' dir='ltr'>Ἀρμενίας,</span> <span class='ocrx_word' id='word_1_282' title='bbox 2252 3123 2344 3175; x_wconf 70' lang='grc' dir='ltr'>ἐπὶ</span> <span class='ocrx_word' id='word_1_283' title='bbox 2392 3123 2612 3193; x_wconf 81' lang='grc' dir='ltr'>διαϐολῇ</span> <span class='ocrx_word' id='word_1_284' title='bbox 2637 3123 2738 3192; x_wconf 82' lang='grc' dir='ltr'>τῆς</span> <span class='ocrx_word' id='word_1_285' title='bbox 2790 3123 3070 3194; x_wconf 66' lang='lat' dir='ltr'><strong><em>opaeang</em></strong></span> <span class='ocrx_word' id='word_1_286' title='bbox 3100 3124 3257 3193; x_wconf 80' lang='grc' dir='ltr'>ήμῶν</span> <span class='ocrx_word' id='word_1_287' title='bbox 3301 3123 3554 3188; x_wconf 86' lang='grc' dir='ltr'>πίστεως,</span> <span class='ocrx_word' id='word_1_288' title='bbox 3598 3123 3695 3178; x_wconf 71' lang='grc' dir='ltr'>καὶ</span> 
     </span>
    </p>
   </div>
   <div class='ocr_carea' id='block_1_36' title="bbox 408 3216 3693 3290">
    <p class='ocr_par' dir='ltr' id='par_1_36' title="bbox 408 3216 3693 3290">
     <span class='ocr_line' id='line_1_36' title="bbox 408 3216 3693 3290; baseline 0.002 -24"><span class='ocrx_word' id='word_1_289' title='bbox 408 3218 518 3287; x_wconf 78' lang='grc' dir='ltr'>τῆς</span> <span class='ocrx_word' id='word_1_290' title='bbox 553 3216 713 3285; x_wconf 82' lang='grc' dir='ltr'>ἁγίας</span> <span class='ocrx_word' id='word_1_291' title='bbox 743 3218 837 3271; x_wconf 78' lang='grc' dir='ltr'><strong><em>καὶ</em></strong></span> <span class='ocrx_word' id='word_1_292' title='bbox 865 3220 1249 3288; x_wconf 81' lang='grc' dir='ltr'>οίκουμενικῆς</span> <span class='ocrx_word' id='word_1_293' title='bbox 1279 3218 1549 3290; x_wconf 71' lang='grc' dir='ltr'>τετάρτης</span> <span class='ocrx_word' id='word_1_294' title='bbox 1588 3217 1832 3283; x_wconf 86' lang='grc' dir='ltr'>συνόδου,</span> <span class='ocrx_word' id='word_1_295' title='bbox 1865 3218 1923 3283; x_wconf 79' lang='grc' dir='ltr'>ἐξ</span> <span class='ocrx_word' id='word_1_296' title='bbox 1967 3219 2274 3289; x_wconf 74' lang='grc' dir='ltr'>ἐπιτροπῆς</span> <span class='ocrx_word' id='word_1_297' title='bbox 2323 3218 2416 3272; x_wconf 80' lang='grc' dir='ltr'>τοῦ</span> <span class='ocrx_word' id='word_1_298' title='bbox 2470 3219 2818 3290; x_wconf 87' lang='grc' dir='ltr'>φιλοχρίστου</span> <span class='ocrx_word' id='word_1_299' title='bbox 2862 3220 2955 3273; x_wconf 73' lang='grc' dir='ltr'>καὶ</span> <span class='ocrx_word' id='word_1_300' title='bbox 2985 3219 3379 3274; x_wconf 82' lang='grc' dir='ltr'>εὐσεϐεστάτου</span> <span class='ocrx_word' id='word_1_301' title='bbox 3429 3218 3693 3289; x_wconf 85' lang='grc' dir='ltr'>βασιλέως</span> 
     </span>
    </p>
   </div>
   <div class='ocr_carea' id='block_1_37' title="bbox 409 3306 1993 3382">
    <p class='ocr_par' dir='ltr' id='par_1_37' title="bbox 409 3306 1993 3381">
     <span class='ocr_line' id='line_1_37' title="bbox 409 3306 1993 3381; baseline 0.001 -20"><span class='ocrx_word' id='word_1_302' title='bbox 409 3306 597 3378; x_wconf 74' lang='grc' dir='ltr'>ἡμῶν.</span> <span class='ocrx_word' id='word_1_303' title='bbox 640 3309 884 3381; x_wconf 83' lang='grc' dir='ltr'>Ἐγράφη</span> <span class='ocrx_word' id='word_1_304' title='bbox 913 3310 970 3363; x_wconf 83' lang='grc' dir='ltr'>δὲ</span> <span class='ocrx_word' id='word_1_305' title='bbox 994 3312 1129 3381; x_wconf 72' lang='grc' dir='ltr'>πρὸς</span> <span class='ocrx_word' id='word_1_306' title='bbox 1155 3310 1245 3364; x_wconf 76' lang='grc' dir='ltr'><strong><em>τὸν</em></strong></span> <span class='ocrx_word' id='word_1_307' title='bbox 1261 3310 1497 3381; x_wconf 81' lang='grc' dir='ltr'>ἄρχοντα</span> <span class='ocrx_word' id='word_1_308' title='bbox 1520 3312 1585 3364; x_wconf 80' lang='grc' dir='ltr'>ἐκ</span> <span class='ocrx_word' id='word_1_309' title='bbox 1612 3309 1905 3380; x_wconf 80' lang='grc' dir='ltr'>προσώπου</span> <span class='ocrx_word' id='word_1_310' title='bbox 1923 3310 1993 3363; x_wconf 65' lang='grc' dir='ltr'><strong><em>τοί</em></strong></span> 
     </span>
    </p>
   </div>
   <div class='ocr_carea' id='block_1_38' title="bbox 2102 3306 3693 3382">
    <p class='ocr_par' dir='ltr' id='par_1_38' title="bbox 2102 3310 3693 3382">
     <span class='ocr_line' id='line_1_38' title="bbox 2102 3310 3693 3382; baseline -0.001 -18"><span class='ocrx_word' id='word_1_311' title='bbox 2102 3312 2409 3382; x_wconf 75' lang='grc' dir='ltr'>πιτριάρχου·</span> <span class='ocrx_word' id='word_1_312' title='bbox 2437 3310 2487 3364; x_wconf 84' lang='grc' dir='ltr'><strong><em>Ν</em></strong></span> <span class='ocrx_word' id='word_1_313' title='bbox 2494 3312 2644 3366; x_wconf 79' lang='lat' dir='ltr'><strong><em>icette</em></strong></span> <span class='ocrx_word' id='word_1_314' title='bbox 2662 3310 2950 3382; x_wconf 80' lang='lat' dir='ltr'><strong><em>Byzantini</em></strong></span> <span class='ocrx_word' id='word_1_315' title='bbox 2968 3310 3265 3381; x_wconf 85' lang='lat' dir='ltr'><strong><em>philosophi</em></strong></span> <span class='ocrx_word' id='word_1_316' title='bbox 3289 3318 3337 3364; x_wconf 89' lang='lat' dir='ltr'><strong><em>et</em></strong></span> <span class='ocrx_word' id='word_1_317' title='bbox 3358 3310 3590 3363; x_wconf 85' lang='lat' dir='ltr'><strong><em>doctoris</em></strong></span> <span class='ocrx_word' id='word_1_318' title='bbox 3606 3324 3693 3363; x_wconf 86' lang='lat' dir='ltr'><strong><em>re-</em></strong></span> 
     </span>
    </p>
   </div>
   <div class='ocr_carea' id='block_1_39' title="bbox 410 3400 3693 3473">
    <p class='ocr_par' dir='ltr' id='par_1_39' title="bbox 410 3400 3693 3473">
     <span class='ocr_line' id='line_1_39' title="bbox 410 3400 3693 3473; baseline 0.001 -20"><span class='ocrx_word' id='word_1_319' title='bbox 410 3400 615 3469; x_wconf 79' lang='lat' dir='ltr'><strong><em>futatio</em></strong></span> <span class='ocrx_word' id='word_1_320' title='bbox 640 3400 880 3470; x_wconf 80' lang='lat' dir='ltr'><strong><em>epistola:</em></strong></span> <span class='ocrx_word' id='word_1_321' title='bbox 911 3406 976 3454; x_wconf 92' lang='lat' dir='ltr'><strong><em>ab</em></strong></span> <span class='ocrx_word' id='word_1_322' title='bbox 1013 3402 1277 3455; x_wconf 72' lang='lat' dir='ltr'><strong><em>Armeniae</em></strong></span> <span class='ocrx_word' id='word_1_323' title='bbox 1310 3402 1545 3471; x_wconf 87' lang='lat' dir='ltr'><strong><em>principe</em></strong></span> <span class='ocrx_word' id='word_1_324' title='bbox 1575 3401 1772 3467; x_wconf 72' lang='lat' dir='ltr'><strong><em>missa&#39;,</em></strong></span> <span class='ocrx_word' id='word_1_325' title='bbox 1809 3418 1910 3471; x_wconf 89' lang='lat' dir='ltr'><strong><em>qua</em></strong></span> <span class='ocrx_word' id='word_1_326' title='bbox 1936 3402 2191 3455; x_wconf 84' lang='lat' dir='ltr'><strong><em>invidiose</em></strong></span> <span class='ocrx_word' id='word_1_327' title='bbox 2212 3402 2368 3473; x_wconf 78' lang='lat' dir='ltr'><strong><em>[idem</em></strong></span> <span class='ocrx_word' id='word_1_328' title='bbox 2389 3413 2624 3457; x_wconf 89' lang='lat' dir='ltr'><strong><em>nostram</em></strong></span> <span class='ocrx_word' id='word_1_329' title='bbox 2646 3404 3013 3467; x_wconf 78' lang='lat' dir='ltr'><strong><em>orthodoxam,</em></strong></span> <span class='ocrx_word' id='word_1_330' title='bbox 3033 3413 3081 3457; x_wconf 90' lang='lat' dir='ltr'><strong><em>et</em></strong></span> <span class='ocrx_word' id='word_1_331' title='bbox 3109 3412 3348 3457; x_wconf 88' lang='lat' dir='ltr'><strong><em>sanctam</em></strong></span> <span class='ocrx_word' id='word_1_332' title='bbox 3376 3413 3529 3473; x_wconf 85' lang='lat' dir='ltr'><strong><em>atque</em></strong></span> <span class='ocrx_word' id='word_1_333' title='bbox 3550 3418 3693 3456; x_wconf 75' lang='lat' dir='ltr'><strong><em>tecu-</em></strong></span> 
     </span>
    </p>
   </div>
   <div class='ocr_carea' id='block_1_40' title="bbox 409 3494 3691 3566">
    <p class='ocr_par' dir='ltr' id='par_1_40' title="bbox 409 3494 3691 3566">
     <span class='ocr_line' id='line_1_40' title="bbox 409 3494 3691 3566; baseline 0.002 -22"><span class='ocrx_word' id='word_1_334' title='bbox 409 3495 673 3549; x_wconf 84' lang='lat' dir='ltr'><strong><em>menicam</em></strong></span> <span class='ocrx_word' id='word_1_335' title='bbox 702 3503 951 3565; x_wconf 86' lang='lat' dir='ltr'><strong><em>quartam</em></strong></span> <span class='ocrx_word' id='word_1_336' title='bbox 991 3494 1250 3565; x_wconf 81' lang='lat' dir='ltr'><strong><em>synodum</em></strong></span> <span class='ocrx_word' id='word_1_337' title='bbox 1284 3494 1625 3560; x_wconf 84' lang='lat' dir='ltr'><strong><em>criminatur,</em></strong></span> <span class='ocrx_word' id='word_1_338' title='bbox 1670 3494 1828 3563; x_wconf 89' lang='lat' dir='ltr'><strong><em>jussu</em></strong></span> <span class='ocrx_word' id='word_1_339' title='bbox 1886 3494 2090 3550; x_wconf 79' lang='lat' dir='ltr'><strong><em>Christi</em></strong></span> <span class='ocrx_word' id='word_1_340' title='bbox 2142 3497 2379 3549; x_wconf 88' lang='lat' dir='ltr'><strong><em>amantis</em></strong></span> <span class='ocrx_word' id='word_1_341' title='bbox 2411 3505 2460 3549; x_wconf 88' lang='lat' dir='ltr'><strong><em>et</em></strong></span> <span class='ocrx_word' id='word_1_342' title='bbox 2500 3496 2726 3566; x_wconf 85' lang='lat' dir='ltr'><strong><em>piissimi</em></strong></span> <span class='ocrx_word' id='word_1_343' title='bbox 2772 3498 2941 3550; x_wconf 90' lang='lat' dir='ltr'><strong><em>nostri</em></strong></span> <span class='ocrx_word' id='word_1_344' title='bbox 2974 3498 3334 3566; x_wconf 88' lang='lat' dir='ltr'><strong><em>imperatoris.</em></strong></span> <span class='ocrx_word' id='word_1_345' title='bbox 3372 3495 3589 3566; x_wconf 85' lang='lat' dir='ltr'><strong><em>Scripta</em></strong></span> <span class='ocrx_word' id='word_1_346' title='bbox 3614 3507 3691 3552; x_wconf 73' lang='lat' dir='ltr'><strong><em>est</em></strong></span> 
     </span>
    </p>
   </div>
   <div class='ocr_carea' id='block_1_41' title="bbox 410 3588 3691 3659">
    <p class='ocr_par' dir='ltr' id='par_1_41' title="bbox 410 3588 3691 3659">
     <span class='ocr_line' id='line_1_41' title="bbox 410 3588 3691 3659; baseline -0 -14"><span class='ocrx_word' id='word_1_347' title='bbox 410 3595 480 3645; x_wconf 84' lang='lat' dir='ltr'><strong><em>ad</em></strong></span> <span class='ocrx_word' id='word_1_348' title='bbox 520 3590 827 3656; x_wconf 87' lang='lat' dir='ltr'><strong><em>principem,</em></strong></span> <span class='ocrx_word' id='word_1_349' title='bbox 859 3600 909 3644; x_wconf 92' lang='lat' dir='ltr'><strong><em>et</em></strong></span> <span class='ocrx_word' id='word_1_350' title='bbox 958 3589 1319 3659; x_wconf 84' lang='lat' dir='ltr'><strong><em>patriarcham</em></strong></span> <span class='ocrx_word' id='word_1_351' title='bbox 1348 3589 1547 3643; x_wconf 86' lang='lat' dir='ltr'><strong><em>inducit</em></strong></span> <span class='ocrx_word' id='word_1_352' title='bbox 1584 3588 1900 3658; x_wconf 86' lang='lat' dir='ltr'><strong><em>loquentem.</em></strong></span> <span class='ocrx_word' id='word_1_353' title='bbox 1931 3588 2226 3657; x_wconf 82' lang='lat' dir='ltr'><strong><em>Epistolam</em></strong></span> <span class='ocrx_word' id='word_1_354' title='bbox 2282 3589 2421 3642; x_wconf 85' lang='lat' dir='ltr'><strong><em>hanc</em></strong></span> <span class='ocrx_word' id='word_1_355' title='bbox 2471 3588 2850 3644; x_wconf 88' lang='lat' dir='ltr'><strong><em>doctissimam</em></strong></span> <span class='ocrx_word' id='word_1_356' title='bbox 2889 3600 3001 3643; x_wconf 91' lang='lat' dir='ltr'><strong><em>tum</em></strong></span> <span class='ocrx_word' id='word_1_357' title='bbox 3047 3599 3497 3658; x_wconf 85' lang='lat' dir='ltr'><strong><em>argumentorum</em></strong></span> <span class='ocrx_word' id='word_1_358' title='bbox 3535 3589 3691 3659; x_wconf 67' lang='lat' dir='ltr'><strong><em>copi:</em></strong></span> 
     </span>
    </p>
   </div>
   <div class='ocr_carea' id='block_1_42' title="bbox 408 3679 3688 3751">
    <p class='ocr_par' dir='ltr' id='par_1_42' title="bbox 408 3679 3688 3751">
     <span class='ocr_line' id='line_1_42' title="bbox 408 3679 3688 3751; baseline 0 -15"><span class='ocrx_word' id='word_1_359' title='bbox 408 3692 461 3736; x_wconf 91' lang='lat' dir='ltr'><strong><em>et</em></strong></span> <span class='ocrx_word' id='word_1_360' title='bbox 501 3682 577 3742; x_wconf 85' lang='lat' dir='ltr'><strong><em>vi,</em></strong></span> <span class='ocrx_word' id='word_1_361' title='bbox 607 3690 723 3734; x_wconf 92' lang='lat' dir='ltr'><strong><em>tum</em></strong></span> <span class='ocrx_word' id='word_1_362' title='bbox 775 3680 1175 3735; x_wconf 81' lang='lat' dir='ltr'><strong><em>sententiarum</em></strong></span> <span class='ocrx_word' id='word_1_363' title='bbox 1208 3679 1496 3751; x_wconf 72' lang='lat' dir='ltr'><strong><em>gravitate,</em></strong></span> <span class='ocrx_word' id='word_1_364' title='bbox 1531 3689 1586 3734; x_wconf 91' lang='lat' dir='ltr'><strong><em>et</em></strong></span> <span class='ocrx_word' id='word_1_365' title='bbox 1624 3686 1946 3735; x_wconf 88' lang='lat' dir='ltr'><strong><em>sanctorum</em></strong></span> <span class='ocrx_word' id='word_1_366' title='bbox 1978 3680 2203 3734; x_wconf 86' lang='lat' dir='ltr'><strong><em>Patrum</em></strong></span> <span class='ocrx_word' id='word_1_367' title='bbox 2246 3680 2670 3736; x_wconf 86' lang='lat' dir='ltr'><strong><em>auctoritatibus</em></strong></span> <span class='ocrx_word' id='word_1_368' title='bbox 2713 3680 3153 3745; x_wconf 77' lang='lat' dir='ltr'><strong><em>refertissimam,</em></strong></span> <span class='ocrx_word' id='word_1_369' title='bbox 3193 3691 3244 3735; x_wconf 91' lang='lat' dir='ltr'><strong><em>et</em></strong></span> <span class='ocrx_word' id='word_1_370' title='bbox 3283 3697 3411 3737; x_wconf 85' lang='lat' dir='ltr'><strong><em>vere</em></strong></span> <span class='ocrx_word' id='word_1_371' title='bbox 3443 3696 3688 3740; x_wconf 81' lang='lat' dir='ltr'><strong><em>auream.</em></strong></span> 
     </span>
    </p>
   </div>
   <div class='ocr_carea' id='block_1_43' title="bbox 410 3775 3691 3847">
    <p class='ocr_par' dir='ltr' id='par_1_43' title="bbox 410 3775 3691 3847">
     <span class='ocr_line' id='line_1_43' title="bbox 410 3775 3691 3847; baseline -0.001 -15"><span class='ocrx_word' id='word_1_372' title='bbox 410 3794 530 3833; x_wconf 88' lang='lat' dir='ltr'><strong><em>non</em></strong></span> <span class='ocrx_word' id='word_1_373' title='bbox 565 3792 761 3847; x_wconf 80' lang='lat' dir='ltr'><strong><em>passus</em></strong></span> <span class='ocrx_word' id='word_1_374' title='bbox 795 3777 935 3831; x_wconf 89' lang='lat' dir='ltr'><strong><em>inter</em></strong></span> <span class='ocrx_word' id='word_1_375' title='bbox 972 3791 1106 3832; x_wconf 74' lang='lat' dir='ltr'><strong><em>mea:</em></strong></span> <span class='ocrx_word' id='word_1_376' title='bbox 1136 3776 1412 3831; x_wconf 71' lang='lat' dir='ltr'><strong><em>litterariae</em></strong></span> <span class='ocrx_word' id='word_1_377' title='bbox 1470 3775 1824 3846; x_wconf 83' lang='lat' dir='ltr'><strong><em>supellectilis</em></strong></span> <span class='ocrx_word' id='word_1_378' title='bbox 1851 3777 2086 3830; x_wconf 75' lang='lat' dir='ltr'><strong><em>latebras</em></strong></span> <span class='ocrx_word' id='word_1_379' title='bbox 2134 3776 2341 3831; x_wconf 81' lang='lat' dir='ltr'><strong><em>diutius</em></strong></span> <span class='ocrx_word' id='word_1_380' title='bbox 2370 3776 2675 3839; x_wconf 88' lang='lat' dir='ltr'><strong><em>immorari,</em></strong></span> <span class='ocrx_word' id='word_1_381' title='bbox 2704 3775 3000 3831; x_wconf 67' lang='lat' dir='ltr'><strong><em>Latinitate</em></strong></span> <span class='ocrx_word' id='word_1_382' title='bbox 3038 3778 3319 3843; x_wconf 87' lang='lat' dir='ltr'><strong><em>donatam,</em></strong></span> <span class='ocrx_word' id='word_1_383' title='bbox 3356 3777 3444 3831; x_wconf 84' lang='lat' dir='ltr'><strong><em>edi</em></strong></span> <span class='ocrx_word' id='word_1_384' title='bbox 3499 3776 3691 3831; x_wconf 84' lang='lat' dir='ltr'><strong><em>curavi</em></strong></span> 
     </span>
    </p>
   </div>
   <div class='ocr_carea' id='block_1_44' title="bbox 409 3866 3691 3941">
    <p class='ocr_par' dir='ltr' id='par_1_44' title="bbox 409 3866 3691 3941">
     <span class='ocr_line' id='line_1_44' title="bbox 409 3866 3691 3941; baseline -0.001 -15"><span class='ocrx_word' id='word_1_385' title='bbox 409 3875 464 3927; x_wconf 89' lang='lat' dir='ltr'><strong><em>in</em></strong></span> <span class='ocrx_word' id='word_1_386' title='bbox 505 3871 686 3941; x_wconf 88' lang='lat' dir='ltr'><strong><em>primo</em></strong></span> <span class='ocrx_word' id='word_1_387' title='bbox 710 3877 858 3924; x_wconf 87' lang='lat' dir='ltr'><strong><em>tomo</em></strong></span> <span class='ocrx_word' id='word_1_388' title='bbox 888 3869 1217 3938; x_wconf 86' lang='lat' dir='ltr'><strong><em>scriptorum</em></strong></span> <span class='ocrx_word' id='word_1_389' title='bbox 1248 3866 1471 3923; x_wconf 78' lang='lat' dir='ltr'><strong><em>Crwcite</em></strong></span> <span class='ocrx_word' id='word_1_390' title='bbox 1506 3868 1815 3923; x_wconf 76' lang='lat' dir='ltr'><strong><em>orthodoxa:</em></strong></span> <span class='ocrx_word' id='word_1_391' title='bbox 1850 3868 1939 3923; x_wconf 85' lang='lat' dir='ltr'><strong><em>hic</em></strong></span> <span class='ocrx_word' id='word_1_392' title='bbox 1990 3866 2177 3923; x_wconf 74' lang='lat' dir='ltr'><strong><em>Roma:</em></strong></span> <span class='ocrx_word' id='word_1_393' title='bbox 2215 3869 2357 3940; x_wconf 88' lang='lat' dir='ltr'><strong><em>typis</em></strong></span> <span class='ocrx_word' id='word_1_394' title='bbox 2393 3883 2566 3926; x_wconf 67' lang='lat' dir='ltr'><strong><em>sacrae</em></strong></span> <span class='ocrx_word' id='word_1_395' title='bbox 2599 3868 3050 3940; x_wconf 80' lang='lat' dir='ltr'><strong><em>Cougregationis</em></strong></span> <span class='ocrx_word' id='word_1_396' title='bbox 3083 3869 3151 3926; x_wconf 92' lang='lat' dir='ltr'><strong><em>de</em></strong></span> <span class='ocrx_word' id='word_1_397' title='bbox 3209 3869 3316 3924; x_wconf 84' lang='lat' dir='ltr'><strong><em>ﬁde</em></strong></span> <span class='ocrx_word' id='word_1_398' title='bbox 3345 3869 3691 3941; x_wconf 78' lang='lat' dir='ltr'><strong><em>propaganda</em></strong></span> 
     </span>
    </p>
   </div>
   <div class='ocr_carea' id='block_1_45' title="bbox 410 3964 1446 4032">
    <p class='ocr_par' dir='ltr' id='par_1_45' title="bbox 410 3964 1446 4032">
     <span class='ocr_line' id='line_1_45' title="bbox 410 3964 1446 4032; baseline -0.003 -8"><span class='ocrx_word' id='word_1_399' title='bbox 410 3982 566 4025; x_wconf 85' lang='lat' dir='ltr'><strong><em>anno</em></strong></span> <span class='ocrx_word' id='word_1_400' title='bbox 596 3966 753 4032; x_wconf 75' lang='grc'><strong><em>1652,</em></strong></span> <span class='ocrx_word' id='word_1_401' title='bbox 782 3966 834 4019; x_wconf 91' lang='lat' dir='ltr'><strong><em>in</em></strong></span> <span class='ocrx_word' id='word_1_402' title='bbox 856 3966 913 4030; x_wconf 69' lang='grc' dir='ltr'>Δ,</span> <span class='ocrx_word' id='word_1_403' title='bbox 945 3965 1133 4020; x_wconf 64' lang='lat' dir='ltr'><strong><em>Graec</em></strong></span> <span class='ocrx_word' id='word_1_404' title='bbox 1151 3974 1207 4021; x_wconf 88' lang='lat' dir='ltr'><strong><em>et</em></strong></span> <span class='ocrx_word' id='word_1_405' title='bbox 1231 3964 1446 4021; x_wconf 84' lang='lat' dir='ltr'><strong><em>Latine.</em></strong></span> 
     </span>
    </p>
   </div>
   <div class='ocr_carea' id='block_1_46' title="bbox 486 4061 1993 4136">
    <p class='ocr_par' dir='ltr' id='par_1_46' title="bbox 486 4062 1993 4134">
     <span class='ocr_line' id='line_1_46' title="bbox 486 4062 1993 4134; baseline -0.001 -18"><span class='ocrx_word' id='word_1_406' title='bbox 486 4064 747 4133; x_wconf 76' lang='lat' dir='ltr'><strong><em>Ejusdem</em></strong></span> <span class='ocrx_word' id='word_1_407' title='bbox 781 4062 946 4118; x_wconf 85' lang='lat' dir='ltr'><strong><em>etiam</em></strong></span> <span class='ocrx_word' id='word_1_408' title='bbox 979 4071 1107 4117; x_wconf 91' lang='lat' dir='ltr'><strong><em>sunt</em></strong></span> <span class='ocrx_word' id='word_1_409' title='bbox 1143 4081 1157 4116; x_wconf 85' lang='lat'><strong>:</strong></span> <span class='ocrx_word' id='word_1_410' title='bbox 1212 4062 1622 4134; x_wconf 86' lang='grc' dir='ltr'>Προλεγόμενα,</span> <span class='ocrx_word' id='word_1_411' title='bbox 1671 4064 1765 4116; x_wconf 74' lang='grc' dir='ltr'><strong><em>καὶ</em></strong></span> <span class='ocrx_word' id='word_1_412' title='bbox 1797 4063 1993 4134; x_wconf 80' lang='grc' dir='ltr'>ἐξήγηο</span> 
     </span>
    </p>
   </div>
   <div class='ocr_carea' id='block_1_47' title="bbox 2102 4061 3689 4136">
    <p class='ocr_par' dir='ltr' id='par_1_47' title="bbox 2102 4061 3689 4136">
     <span class='ocr_line' id='line_1_47' title="bbox 2102 4061 3689 4136; baseline 0.003 -21"><span class='ocrx_word' id='word_1_413' title='bbox 2102 4062 2196 4116; x_wconf 70' lang='grc' dir='ltr'>τῶν</span> <span class='ocrx_word' id='word_1_414' title='bbox 2228 4062 2389 4117; x_wconf 80' lang='grc' dir='ltr'>πέντε</span> <span class='ocrx_word' id='word_1_415' title='bbox 2418 4061 2610 4133; x_wconf 84' lang='grc' dir='ltr'>φωνῶν</span> <span class='ocrx_word' id='word_1_416' title='bbox 2633 4078 2647 4093; x_wconf 75' lang='grc' dir='ltr'><strong><em>ο</em></strong></span> <span class='ocrx_word' id='word_1_417' title='bbox 2678 4061 3059 4133; x_wconf 87' lang='lat' dir='ltr'><strong><em>Prolegomena</em></strong></span> <span class='ocrx_word' id='word_1_418' title='bbox 3088 4073 3137 4117; x_wconf 89' lang='lat' dir='ltr'><strong><em>et</em></strong></span> <span class='ocrx_word' id='word_1_419' title='bbox 3168 4063 3432 4134; x_wconf 75' lang='lat' dir='ltr'><strong><em>expositio</em></strong></span> <span class='ocrx_word' id='word_1_420' title='bbox 3460 4064 3689 4136; x_wconf 84' lang='lat' dir='ltr'><strong><em>quinque</em></strong></span> 
     </span>
    </p>
   </div>
   <div class='ocr_carea' id='block_1_48' title="bbox 409 4157 1993 4233">
    <p class='ocr_par' dir='ltr' id='par_1_48' title="bbox 409 4157 1993 4233">
     <span class='ocr_line' id='line_1_48' title="bbox 409 4157 1993 4233; baseline 0.001 -20"><span class='ocrx_word' id='word_1_421' title='bbox 409 4175 622 4213; x_wconf 70' lang='lat' dir='ltr'><strong><em>vocum.</em></strong></span> <span class='ocrx_word' id='word_1_422' title='bbox 656 4157 714 4212; x_wconf 82' lang='grc' dir='ltr'><strong><em>Ρ.</em></strong></span> <span class='ocrx_word' id='word_1_423' title='bbox 743 4177 758 4214; x_wconf 89' lang='lat'><strong>:</strong></span> <span class='ocrx_word' id='word_1_424' title='bbox 794 4158 1094 4224; x_wconf 80' lang='grc' dir='ltr'>Μέλλοντες</span> <span class='ocrx_word' id='word_1_425' title='bbox 1126 4160 1222 4214; x_wconf 80' lang='grc' dir='ltr'>σὺν</span> <span class='ocrx_word' id='word_1_426' title='bbox 1253 4160 1372 4232; x_wconf 83' lang='grc' dir='ltr'>Θεῷ</span> <span class='ocrx_word' id='word_1_427' title='bbox 1398 4160 1685 4233; x_wconf 79' lang='grc' dir='ltr'>ἄρχεσθαι.</span> <span class='ocrx_word' id='word_1_428' title='bbox 1722 4161 1777 4215; x_wconf 86' lang='grc' dir='ltr'><strong><em>1η</em></strong></span> <span class='ocrx_word' id='word_1_429' title='bbox 1810 4161 1993 4216; x_wconf 87' lang='lat' dir='ltr'><strong><em>bibliol</em></strong></span> 
     </span>
    </p>
   </div>
   <div class='ocr_carea' id='block_1_49' title="bbox 2102 4157 2405 4233">
    <p class='ocr_par' dir='ltr' id='par_1_49' title="bbox 2102 4160 2405 4216">
     <span class='ocr_line' id='line_1_49' title="bbox 2102 4160 2405 4216; baseline 0.017 -7"><span class='ocrx_word' id='word_1_430' title='bbox 2102 4160 2153 4216; x_wconf 87' lang='lat' dir='ltr'><strong><em>is</em></strong></span> <span class='ocrx_word' id='word_1_431' title='bbox 2184 4160 2405 4215; x_wconf 88' lang='lat' dir='ltr'><strong><em>Italicis.</em></strong></span> 
     </span>
    </p>
   </div>
   <div class='ocr_carea' id='block_1_50' title="bbox 492 4339 3687 4416">
    <p class='ocr_par' dir='ltr' id='par_1_50' title="bbox 492 4339 3687 4416">
     <span class='ocr_line' id='line_1_50' title="bbox 492 4339 3687 4416; baseline 0.003 -24"><span class='ocrx_word' id='word_1_432' title='bbox 492 4341 580 4416; x_wconf 6' lang='grc' dir='ltr'>(α),</span> <span class='ocrx_word' id='word_1_433' title='bbox 609 4339 793 4396; x_wconf 82' lang='lat' dir='ltr'><strong><em>Mirari</em></strong></span> <span class='ocrx_word' id='word_1_434' title='bbox 820 4343 963 4408; x_wconf 88' lang='lat' dir='ltr'><strong><em>licet,</em></strong></span> <span class='ocrx_word' id='word_1_435' title='bbox 998 4358 1254 4416; x_wconf 82' lang='lat' dir='ltr'><strong><em>magnum</em></strong></span> <span class='ocrx_word' id='word_1_436' title='bbox 1309 4342 1589 4407; x_wconf 83' lang='lat' dir='ltr'><strong><em>Allatium,</em></strong></span> <span class='ocrx_word' id='word_1_437' title='bbox 1627 4343 1778 4413; x_wconf 86' lang='lat' dir='ltr'><strong><em>loqui</em></strong></span> <span class='ocrx_word' id='word_1_438' title='bbox 1839 4356 1991 4416; x_wconf 86' lang='lat' dir='ltr'><strong><em>nunc</em></strong></span> <span class='ocrx_word' id='word_1_439' title='bbox 2022 4348 2068 4407; x_wconf 77' lang='grc' dir='ltr'>Α</span> <span class='ocrx_word' id='word_1_440' title='bbox 2095 4341 2296 4416; x_wconf 76' lang='lat' dir='ltr'><strong><em>Nicette</em></strong></span> <span class='ocrx_word' id='word_1_441' title='bbox 2323 4342 2686 4416; x_wconf 79' lang='lat' dir='ltr'><strong><em>Aquileiensis</em></strong></span> <span class='ocrx_word' id='word_1_442' title='bbox 2725 4341 2991 4416; x_wconf 76' lang='lat' dir='ltr'><strong><em>episcopi,</em></strong></span> <span class='ocrx_word' id='word_1_443' title='bbox 3018 4357 3196 4413; x_wconf 88' lang='lat' dir='ltr'><strong><em>neque</em></strong></span> <span class='ocrx_word' id='word_1_444' title='bbox 3222 4343 3489 4400; x_wconf 84' lang='lat' dir='ltr'><strong><em>nobilium</em></strong></span> <span class='ocrx_word' id='word_1_445' title='bbox 3538 4345 3687 4416; x_wconf 85' lang='lat' dir='ltr'><strong><em>ejus-</em></strong></span> 
     </span>
    </p>
   </div>
   <div class='ocr_carea' id='block_1_51' title="bbox 412 4413 3687 4484">
    <p class='ocr_par' dir='ltr' id='par_1_51' title="bbox 412 4413 3687 4484">
     <span class='ocr_line' id='line_1_51' title="bbox 412 4413 3687 4484; baseline 0.001 -19"><span class='ocrx_word' id='word_1_446' title='bbox 412 4426 481 4465; x_wconf 76' lang='lat' dir='ltr'><strong><em>ex</em></strong></span> <span class='ocrx_word' id='word_1_447' title='bbox 516 4413 690 4484; x_wconf 76' lang='lat' dir='ltr'><strong><em>aliena</em></strong></span> <span class='ocrx_word' id='word_1_448' title='bbox 726 4418 905 4484; x_wconf 88' lang='lat' dir='ltr'><strong><em>potius</em></strong></span> <span class='ocrx_word' id='word_1_449' title='bbox 954 4413 1168 4484; x_wconf 85' lang='lat' dir='ltr'><strong><em>notitia,</em></strong></span> <span class='ocrx_word' id='word_1_450' title='bbox 1212 4429 1377 4483; x_wconf 87' lang='lat' dir='ltr'><strong><em>quam</em></strong></span> <span class='ocrx_word' id='word_1_451' title='bbox 1422 4429 1488 4466; x_wconf 73' lang='lat' dir='ltr'><strong><em>ex</em></strong></span> <span class='ocrx_word' id='word_1_452' title='bbox 1549 4416 1789 4484; x_wconf 89' lang='lat' dir='ltr'><strong><em>propria.</em></strong></span> <span class='ocrx_word' id='word_1_453' title='bbox 1825 4413 1991 4483; x_wconf 84' lang='lat' dir='ltr'><strong><em>Atqui</em></strong></span> <span class='ocrx_word' id='word_1_454' title='bbox 2099 4414 2219 4468; x_wconf 88' lang='lat' dir='ltr'><strong><em>dem</em></strong></span> <span class='ocrx_word' id='word_1_455' title='bbox 2270 4414 2602 4484; x_wconf 87' lang='lat' dir='ltr'><strong><em>scriptorum</em></strong></span> <span class='ocrx_word' id='word_1_456' title='bbox 2652 4413 2921 4484; x_wconf 86' lang='lat' dir='ltr'><strong><em>meminit,</em></strong></span> <span class='ocrx_word' id='word_1_457' title='bbox 2975 4429 3096 4483; x_wconf 83' lang='lat' dir='ltr'><strong><em>quae</em></strong></span> <span class='ocrx_word' id='word_1_458' title='bbox 3138 4429 3260 4476; x_wconf 89' lang='lat' dir='ltr'><strong><em>nos,</em></strong></span> <span class='ocrx_word' id='word_1_459' title='bbox 3318 4416 3424 4469; x_wconf 87' lang='lat' dir='ltr'><strong><em>Deo</em></strong></span> <span class='ocrx_word' id='word_1_460' title='bbox 3481 4413 3687 4470; x_wconf 83' lang='lat' dir='ltr'><strong><em>labori-</em></strong></span> 
     </span>
    </p>
   </div>
   <div class='ocr_carea' id='block_1_52' title="bbox 411 4482 3686 4555">
    <p class='ocr_par' dir='ltr' id='par_1_52' title="bbox 411 4482 3686 4555">
     <span class='ocr_line' id='line_1_52' title="bbox 411 4482 3686 4555; baseline 0.002 -19"><span class='ocrx_word' id='word_1_461' title='bbox 411 4485 588 4537; x_wconf 85' lang='lat' dir='ltr'><strong><em>codex</em></strong></span> <span class='ocrx_word' id='word_1_462' title='bbox 624 4482 915 4555; x_wconf 77' lang='lat' dir='ltr'><strong><em>Vaticanus</em></strong></span> <span class='ocrx_word' id='word_1_463' title='bbox 945 4483 1118 4538; x_wconf 78' lang='lat' dir='ltr'><strong><em>DCLX</em></strong></span> <span class='ocrx_word' id='word_1_464' title='bbox 1133 4482 1272 4549; x_wconf 77' lang='lat' dir='ltr'><strong><em>XXI,</em></strong></span> <span class='ocrx_word' id='word_1_465' title='bbox 1297 4485 1389 4555; x_wconf 91' lang='lat' dir='ltr'><strong><em>qui</em></strong></span> <span class='ocrx_word' id='word_1_466' title='bbox 1422 4485 1510 4538; x_wconf 79' lang='lat' dir='ltr'><strong><em>illa</em></strong></span> <span class='ocrx_word' id='word_1_467' title='bbox 1548 4482 1750 4538; x_wconf 70' lang='lat' dir='ltr'><strong><em>Nicetaa</em></strong></span> <span class='ocrx_word' id='word_1_468' title='bbox 1777 4482 1991 4555; x_wconf 75' lang='lat' dir='ltr'><strong><em>Byzan~</em></strong></span> <span class='ocrx_word' id='word_1_469' title='bbox 2100 4485 2205 4539; x_wconf 89' lang='lat' dir='ltr'><strong><em>bus</em></strong></span> <span class='ocrx_word' id='word_1_470' title='bbox 2237 4483 2463 4555; x_wconf 76' lang='lat' dir='ltr'><strong><em>nostris</em></strong></span> <span class='ocrx_word' id='word_1_471' title='bbox 2494 4483 2927 4555; x_wconf 72' lang='lat' dir='ltr'><strong><em>lavcnte,_illinc</em></strong></span> <span class='ocrx_word' id='word_1_472' title='bbox 2965 4482 3429 4555; x_wconf 84' lang='lat' dir='ltr'><strong><em>deprompsimus.</em></strong></span> <span class='ocrx_word' id='word_1_473' title='bbox 3473 4488 3686 4541; x_wconf 90' lang='lat' dir='ltr'><strong><em>scilicet</em></strong></span> 
     </span>
    </p>
   </div>
   <div class='ocr_carea' id='block_1_53' title="bbox 415 4551 3686 4625">
    <p class='ocr_par' dir='ltr' id='par_1_53' title="bbox 415 4551 3686 4625">
     <span class='ocr_line' id='line_1_53' title="bbox 415 4551 3686 4625; baseline 0.002 -21"><span class='ocrx_word' id='word_1_474' title='bbox 415 4554 516 4606; x_wconf 86' lang='lat' dir='ltr'><strong><em>tini</em></strong></span> <span class='ocrx_word' id='word_1_475' title='bbox 547 4555 812 4610; x_wconf 82' lang='lat' dir='ltr'><strong><em>adversus</em></strong></span> <span class='ocrx_word' id='word_1_476' title='bbox 850 4554 1218 4609; x_wconf 80' lang='lat' dir='ltr'><strong><em>Moltanictum</em></strong></span> <span class='ocrx_word' id='word_1_477' title='bbox 1259 4551 1649 4625; x_wconf 61' lang='lat' dir='ltr'><strong><em>Agarenosque</em></strong></span> <span class='ocrx_word' id='word_1_478' title='bbox 1671 4551 1835 4623; x_wconf 78' lang='lat' dir='ltr'><strong><em>opera</em></strong></span> <span class='ocrx_word' id='word_1_479' title='bbox 1860 4570 1994 4609; x_wconf 90' lang='lat' dir='ltr'><strong><em>con-</em></strong></span> <span class='ocrx_word' id='word_1_480' title='bbox 2102 4555 2165 4607; x_wconf 86' lang='lat' dir='ltr'><strong><em>de</em></strong></span> <span class='ocrx_word' id='word_1_481' title='bbox 2196 4556 2403 4625; x_wconf 83' lang='lat' dir='ltr'><strong><em>ratione</em></strong></span> <span class='ocrx_word' id='word_1_482' title='bbox 2430 4553 2575 4621; x_wconf 81' lang='lat' dir='ltr'><strong><em>ﬁdei,</em></strong></span> <span class='ocrx_word' id='word_1_483' title='bbox 2629 4554 2691 4625; x_wconf 75' lang='lat' dir='ltr'><strong><em>de</em></strong></span> <span class='ocrx_word' id='word_1_484' title='bbox 2728 4551 2963 4622; x_wconf 81' lang='lat' dir='ltr'><strong><em>Spiritus</em></strong></span> <span class='ocrx_word' id='word_1_485' title='bbox 3003 4551 3173 4608; x_wconf 83' lang='lat' dir='ltr'><strong><em>sancti</em></strong></span> <span class='ocrx_word' id='word_1_486' title='bbox 3198 4551 3475 4623; x_wconf 68' lang='lat' dir='ltr'><strong><em>potentia,</em></strong></span> <span class='ocrx_word' id='word_1_487' title='bbox 3524 4566 3575 4610; x_wconf 87' lang='lat' dir='ltr'><strong><em>et</em></strong></span> <span class='ocrx_word' id='word_1_488' title='bbox 3620 4559 3686 4611; x_wconf 81' lang='lat' dir='ltr'><strong><em>de</em></strong></span> 
     </span>
    </p>
   </div>
   <div class='ocr_carea' id='block_1_54' title="bbox 413 4623 3685 4695">
    <p class='ocr_par' dir='ltr' id='par_1_54' title="bbox 413 4623 3685 4695">
     <span class='ocr_line' id='line_1_54' title="bbox 413 4623 3685 4695; baseline 0.001 -18"><span class='ocrx_word' id='word_1_489' title='bbox 413 4626 579 4695; x_wconf 75' lang='lat' dir='ltr'><strong><em>tinet,</em></strong></span> <span class='ocrx_word' id='word_1_490' title='bbox 608 4625 821 4690; x_wconf 87' lang='lat' dir='ltr'><strong><em>jamdiu</em></strong></span> <span class='ocrx_word' id='word_1_491' title='bbox 868 4628 1115 4680; x_wconf 74' lang='lat' dir='ltr'><strong><em>exstalzal</em></strong></span> <span class='ocrx_word' id='word_1_492' title='bbox 1136 4637 1260 4681; x_wconf 84' lang='lat' dir='ltr'><strong><em>ante</em></strong></span> <span class='ocrx_word' id='word_1_493' title='bbox 1291 4623 1629 4679; x_wconf 24' lang='lat' dir='ltr'><strong><em>[illatium’in</em></strong></span> <span class='ocrx_word' id='word_1_494' title='bbox 1667 4626 1993 4695; x_wconf 74' lang='lat' dir='ltr'><strong><em>bibliotheca</em></strong></span> <span class='ocrx_word' id='word_1_495' title='bbox 2102 4625 2321 4679; x_wconf 84' lang='lat' dir='ltr'><strong><em>diversis</em></strong></span> <span class='ocrx_word' id='word_1_496' title='bbox 2365 4624 2578 4695; x_wconf 84' lang='lat' dir='ltr'><strong><em>Christo</em></strong></span> <span class='ocrx_word' id='word_1_497' title='bbox 2624 4623 2848 4677; x_wconf 87' lang='lat' dir='ltr'><strong><em>Domino</em></strong></span> <span class='ocrx_word' id='word_1_498' title='bbox 2892 4626 3314 4679; x_wconf 87' lang='lat' dir='ltr'><strong><em>convenientibus</em></strong></span> <span class='ocrx_word' id='word_1_499' title='bbox 3370 4626 3685 4695; x_wconf 84' lang='lat' dir='ltr'><strong><em>appellatio-</em></strong></span> 
     </span>
    </p>
   </div>
   <div class='ocr_carea' id='block_1_55' title="bbox 416 4692 1993 4761">
    <p class='ocr_par' dir='ltr' id='par_1_55' title="bbox 416 4692 1993 4761">
     <span class='ocr_line' id='line_1_55' title="bbox 416 4692 1993 4761; baseline 0.002 -16"><span class='ocrx_word' id='word_1_500' title='bbox 416 4692 703 4761; x_wconf 71' lang='lat' dir='ltr'><strong><em>\’atirana,</em></strong></span> <span class='ocrx_word' id='word_1_501' title='bbox 728 4705 788 4749; x_wconf 91' lang='lat' dir='ltr'><strong><em>ut</em></strong></span> <span class='ocrx_word' id='word_1_502' title='bbox 809 4711 906 4749; x_wconf 85' lang='lat' dir='ltr'><strong><em>nos</em></strong></span> <span class='ocrx_word' id='word_1_503' title='bbox 930 4696 1167 4750; x_wconf 75' lang='lat' dir='ltr'><strong><em>diximus</em></strong></span> <span class='ocrx_word' id='word_1_504' title='bbox 1187 4698 1237 4751; x_wconf 92' lang='lat' dir='ltr'><strong><em>in</em></strong></span> <span class='ocrx_word' id='word_1_505' title='bbox 1271 4698 1370 4750; x_wconf 87' lang='lat' dir='ltr'><strong><em>hac</em></strong></span> <span class='ocrx_word' id='word_1_506' title='bbox 1388 4712 1521 4751; x_wconf 85' lang='lat' dir='ltr'><strong><em>nova</em></strong></span> <span class='ocrx_word' id='word_1_507' title='bbox 1544 4696 1762 4750; x_wconf 86' lang='lat' dir='ltr'><strong><em>Patrum</em></strong></span> <span class='ocrx_word' id='word_1_508' title='bbox 1783 4696 1888 4749; x_wconf 89' lang='lat' dir='ltr'><strong><em>bibl</em></strong></span> <span class='ocrx_word' id='word_1_509' title='bbox 1908 4693 1993 4749; x_wconf 86' lang='lat' dir='ltr'><strong><em>.T.</em></strong></span> 
     </span>
    </p>
   </div>
   <div class='ocr_carea' id='block_1_56' title="bbox 415 4762 1996 4837">
    <p class='ocr_par' dir='ltr' id='par_1_56' title="bbox 415 4762 1996 4837">
     <span class='ocr_line' id='line_1_56' title="bbox 415 4762 1996 4837; baseline 0.002 -21"><span class='ocrx_word' id='word_1_510' title='bbox 415 4762 505 4837; x_wconf 79' lang='lat' dir='ltr'><strong><em>iV,</em></strong></span> <span class='ocrx_word' id='word_1_511' title='bbox 533 4776 671 4837; x_wconf 83' lang='lat' dir='ltr'><strong><em>part.</em></strong></span> <span class='ocrx_word' id='word_1_512' title='bbox 704 4783 741 4829; x_wconf 83' lang='grc' dir='ltr'><strong><em>ι,</em></strong></span> <span class='ocrx_word' id='word_1_513' title='bbox 762 4767 951 4836; x_wconf 74' lang='grc' dir='ltr'><strong><em>ρ.521,</em></strong></span> <span class='ocrx_word' id='word_1_514' title='bbox 976 4767 1064 4821; x_wconf 86' lang='lat' dir='ltr'><strong><em>ubi</em></strong></span> <span class='ocrx_word' id='word_1_515' title='bbox 1086 4777 1264 4822; x_wconf 88' lang='lat' dir='ltr'><strong><em>tamen</em></strong></span> <span class='ocrx_word' id='word_1_516' title='bbox 1292 4776 1475 4822; x_wconf 86' lang='lat' dir='ltr'><strong><em>nostra</em></strong></span> <span class='ocrx_word' id='word_1_517' title='bbox 1493 4768 1675 4837; x_wconf 85' lang='lat' dir='ltr'><strong><em>aliqua</em></strong></span> <span class='ocrx_word' id='word_1_518' title='bbox 1696 4768 1996 4837; x_wconf 80' lang='lat' dir='ltr'><strong><em>secundum</em></strong></span> 
     </span>
    </p>
   </div>
   <div class='ocr_carea' id='block_1_57' title="bbox 416 4835 1999 4892">
    <p class='ocr_par' dir='ltr' id='par_1_57' title="bbox 416 4835 1999 4892">
     <span class='ocr_line' id='line_1_57' title="bbox 416 4835 1999 4892; baseline 0.003 -5"><span class='ocrx_word' id='word_1_519' title='bbox 416 4836 561 4888; x_wconf 83' lang='lat' dir='ltr'><strong><em>hanc</em></strong></span> <span class='ocrx_word' id='word_1_520' title='bbox 580 4835 1215 4892; x_wconf 29' lang='lat' dir='ltr'><strong><em>Allatii’dissertatiouem</em></strong></span> <span class='ocrx_word' id='word_1_521' title='bbox 1236 4835 1872 4892; x_wconf 74' lang='lat' dir='ltr'><strong><em>reformandavidentur.</em></strong></span> <span class='ocrx_word' id='word_1_522' title='bbox 1897 4835 1999 4891; x_wconf 89' lang='lat' dir='ltr'><strong><em>Ne-</em></strong></span> 
     </span>
    </p>
   </div>
   <div class='ocr_carea' id='block_1_58' title="bbox 415 4906 1998 4977">
    <p class='ocr_par' dir='ltr' id='par_1_58' title="bbox 415 4906 1998 4977">
     <span class='ocr_line' id='line_1_58' title="bbox 415 4906 1998 4977; baseline 0.004 -22"><span class='ocrx_word' id='word_1_523' title='bbox 415 4909 701 4977; x_wconf 76' lang='lat' dir='ltr'><strong><em>queenim</em></strong></span> <span class='ocrx_word' id='word_1_524' title='bbox 729 4908 814 4961; x_wconf 87' lang='lat' dir='ltr'><strong><em>hic</em></strong></span> <span class='ocrx_word' id='word_1_525' title='bbox 844 4908 1169 4977; x_wconf 79' lang='lat' dir='ltr'><strong><em>Byzantinus</em></strong></span> <span class='ocrx_word' id='word_1_526' title='bbox 1190 4909 1404 4963; x_wconf 78' lang='lat' dir='ltr'><strong><em>Nicetas</em></strong></span> <span class='ocrx_word' id='word_1_527' title='bbox 1428 4909 1567 4964; x_wconf 91' lang='lat' dir='ltr'><strong><em>idem</em></strong></span> <span class='ocrx_word' id='word_1_528' title='bbox 1588 4920 1671 4963; x_wconf 87' lang='lat' dir='ltr'><strong><em>est</em></strong></span> <span class='ocrx_word' id='word_1_529' title='bbox 1699 4923 1761 4962; x_wconf 90' lang='lat' dir='ltr'><strong><em>ac</em></strong></span> <span class='ocrx_word' id='word_1_530' title='bbox 1781 4906 1998 4962; x_wconf 86' lang='lat' dir='ltr'><strong><em>Nicctas</em></strong></span> 
     </span>
    </p>
   </div>
   <div class='ocr_carea' id='block_1_59' title="bbox 421 4975 1996 5046">
    <p class='ocr_par' dir='ltr' id='par_1_59' title="bbox 421 4975 1996 5046">
     <span class='ocr_line' id='line_1_59' title="bbox 421 4975 1996 5046; baseline 0.004 -21"><span class='ocrx_word' id='word_1_531' title='bbox 421 4975 588 5029; x_wconf 82' lang='lat' dir='ltr'><strong><em>David</em></strong></span> <span class='ocrx_word' id='word_1_532' title='bbox 614 4979 792 5046; x_wconf 88' lang='lat' dir='ltr'><strong><em>;quod</em></strong></span> <span class='ocrx_word' id='word_1_533' title='bbox 814 4975 936 5031; x_wconf 81' lang='lat' dir='ltr'><strong><em>cuin</em></strong></span> <span class='ocrx_word' id='word_1_534' title='bbox 957 4978 1010 5031; x_wconf 91' lang='lat' dir='ltr'><strong><em>in</em></strong></span> <span class='ocrx_word' id='word_1_535' title='bbox 1040 4979 1190 5033; x_wconf 84' lang='lat' dir='ltr'><strong><em>calce</em></strong></span> <span class='ocrx_word' id='word_1_536' title='bbox 1211 4980 1341 5032; x_wconf 89' lang='lat' dir='ltr'><strong><em>tomi</em></strong></span> <span class='ocrx_word' id='word_1_537' title='bbox 1370 4979 1388 5031; x_wconf 97' lang='lat' dir='ltr'><strong><em>l</em></strong></span> <span class='ocrx_word' id='word_1_538' title='bbox 1435 4977 1653 5032; x_wconf 67' lang='grc' dir='ltr'>(Σηπία)</span> <span class='ocrx_word' id='word_1_539' title='bbox 1691 4979 1996 5032; x_wconf 70' lang='lat' dir='ltr'><strong><em>orthodoxa:</em></strong></span> 
     </span>
    </p>
   </div>
   <div class='ocr_carea' id='block_1_60' title="bbox 417 5046 1990 5118">
    <p class='ocr_par' dir='ltr' id='par_1_60' title="bbox 417 5046 1990 5118">
     <span class='ocr_line' id='line_1_60' title="bbox 417 5046 1990 5118; baseline 0.003 -19"><span class='ocrx_word' id='word_1_540' title='bbox 417 5046 747 5101; x_wconf 74' lang='lat' dir='ltr'><strong><em>allirmasset</em></strong></span> <span class='ocrx_word' id='word_1_541' title='bbox 773 5048 1025 5112; x_wconf 81' lang='lat' dir='ltr'><strong><em>Allatius,</em></strong></span> <span class='ocrx_word' id='word_1_542' title='bbox 1067 5064 1275 5118; x_wconf 88' lang='lat' dir='ltr'><strong><em>uosque</em></strong></span> <span class='ocrx_word' id='word_1_543' title='bbox 1300 5065 1423 5104; x_wconf 87' lang='lat' dir='ltr'><strong><em>cum</em></strong></span> <span class='ocrx_word' id='word_1_544' title='bbox 1476 5050 1670 5104; x_wconf 88' lang='lat' dir='ltr'><strong><em>sectati</em></strong></span> <span class='ocrx_word' id='word_1_545' title='bbox 1704 5048 1990 5111; x_wconf 79' lang='lat' dir='ltr'><strong><em>fuerimus,</em></strong></span> 
     </span>
    </p>
   </div>
   <div class='ocr_carea' id='block_1_61' title="bbox 418 5118 1993 5189">
    <p class='ocr_par' dir='ltr' id='par_1_61' title="bbox 418 5118 1993 5189">
     <span class='ocr_line' id='line_1_61' title="bbox 418 5118 1993 5189; baseline 0.003 -22"><span class='ocrx_word' id='word_1_546' title='bbox 418 5130 569 5169; x_wconf 89' lang='lat' dir='ltr'><strong><em>nunc</em></strong></span> <span class='ocrx_word' id='word_1_547' title='bbox 598 5118 735 5171; x_wconf 88' lang='lat' dir='ltr'><strong><em>idem</em></strong></span> <span class='ocrx_word' id='word_1_548' title='bbox 774 5118 931 5173; x_wconf 59' lang='lat' dir='ltr'><strong><em>aliter</em></strong></span> <span class='ocrx_word' id='word_1_549' title='bbox 974 5120 1158 5183; x_wconf 85' lang='lat' dir='ltr'><strong><em>sentit,</em></strong></span> <span class='ocrx_word' id='word_1_550' title='bbox 1185 5123 1343 5189; x_wconf 85' lang='lat' dir='ltr'><strong><em>eique</em></strong></span> <span class='ocrx_word' id='word_1_551' title='bbox 1370 5134 1472 5174; x_wconf 89' lang='lat' dir='ltr'><strong><em>nos</em></strong></span> <span class='ocrx_word' id='word_1_552' title='bbox 1496 5121 1597 5189; x_wconf 87' lang='lat' dir='ltr'><strong><em>ipsi</em></strong></span> <span class='ocrx_word' id='word_1_553' title='bbox 1628 5120 1993 5188; x_wconf 67' lang='lat' dir='ltr'><strong><em>obsequenter</em></strong></span> 
     </span>
    </p>
   </div>
   <div class='ocr_carea' id='block_1_62' title="bbox 419 5189 1991 5259">
    <p class='ocr_par' dir='ltr' id='par_1_62' title="bbox 419 5189 1991 5259">
     <span class='ocr_line' id='line_1_62' title="bbox 419 5189 1991 5259; baseline 0.003 -23"><span class='ocrx_word' id='word_1_554' title='bbox 419 5201 614 5259; x_wconf 80' lang='lat' dir='ltr'><strong><em>rursus</em></strong></span> <span class='ocrx_word' id='word_1_555' title='bbox 683 5190 1077 5244; x_wconf 85' lang='lat' dir='ltr'><strong><em>consentimus.</em></strong></span> <span class='ocrx_word' id='word_1_556' title='bbox 1109 5219 1178 5227; x_wconf 98' lang='lat'><strong>—</strong></span> <span class='ocrx_word' id='word_1_557' title='bbox 1218 5189 1361 5243; x_wconf 88' lang='lat' dir='ltr'><strong><em>Idem</em></strong></span> <span class='ocrx_word' id='word_1_558' title='bbox 1433 5190 1663 5244; x_wconf 85' lang='lat' dir='ltr'><strong><em>Allatius</em></strong></span> <span class='ocrx_word' id='word_1_559' title='bbox 1718 5189 1991 5259; x_wconf 77' lang='lat' dir='ltr'><strong><em>ignoravit</em></strong></span> 
     </span>
    </p>
   </div>
   <div class='ocr_carea' id='block_1_63' title="bbox 420 5257 1989 5329">
    <p class='ocr_par' dir='ltr' id='par_1_63' title="bbox 420 5257 1989 5329">
     <span class='ocr_line' id='line_1_63' title="bbox 420 5257 1989 5329; baseline 0.003 -21"><span class='ocrx_word' id='word_1_560' title='bbox 420 5257 666 5329; x_wconf 71' lang='lat' dir='ltr'><strong><em>codicem</em></strong></span> <span class='ocrx_word' id='word_1_561' title='bbox 721 5260 972 5313; x_wconf 89' lang='lat' dir='ltr'><strong><em>Latinum</em></strong></span> <span class='ocrx_word' id='word_1_562' title='bbox 1013 5258 1285 5323; x_wconf 74' lang='lat' dir='ltr'><strong><em>CCCXIV,</em></strong></span> <span class='ocrx_word' id='word_1_563' title='bbox 1320 5259 1413 5328; x_wconf 87' lang='lat' dir='ltr'><strong><em>qui</em></strong></span> <span class='ocrx_word' id='word_1_564' title='bbox 1459 5261 1663 5329; x_wconf 86' lang='lat' dir='ltr'><strong><em>pariter</em></strong></span> <span class='ocrx_word' id='word_1_565' title='bbox 1691 5257 1764 5312; x_wconf 54' lang='lat' dir='ltr'><strong><em>in&#39;</em></strong></span> <span class='ocrx_word' id='word_1_566' title='bbox 1791 5259 1989 5313; x_wconf 86' lang='lat' dir='ltr'><strong><em>biblio-</em></strong></span> 
     </span>
    </p>
   </div>
   <div class='ocr_carea' id='block_1_64' title="bbox 421 5325 1990 5400">
    <p class='ocr_par' dir='ltr' id='par_1_64' title="bbox 421 5325 1990 5400">
     <span class='ocr_line' id='line_1_64' title="bbox 421 5325 1990 5400; baseline 0.003 -20"><span class='ocrx_word' id='word_1_567' title='bbox 421 5332 580 5382; x_wconf 80' lang='lat' dir='ltr'><strong><em>theca</em></strong></span> <span class='ocrx_word' id='word_1_568' title='bbox 624 5325 882 5385; x_wconf 81' lang='lat' dir='ltr'><strong><em>Vaticaua</em></strong></span> <span class='ocrx_word' id='word_1_569' title='bbox 942 5331 1149 5400; x_wconf 84' lang='lat' dir='ltr'><strong><em>jamdiu</em></strong></span> <span class='ocrx_word' id='word_1_570' title='bbox 1195 5325 1496 5396; x_wconf 54' lang='lat' dir='ltr'><strong><em>exstabat}</em></strong></span> <span class='ocrx_word' id='word_1_571' title='bbox 1553 5331 1783 5399; x_wconf 86' lang='lat' dir='ltr'><strong><em>ideoque</em></strong></span> <span class='ocrx_word' id='word_1_572' title='bbox 1816 5344 1990 5400; x_wconf 82' lang='lat' dir='ltr'><strong><em>neque</em></strong></span> 
     </span>
    </p>
   </div>
   <div class='ocr_carea' id='block_1_65' title="bbox 756 5952 1340 6050">
    <p class='ocr_par' dir='ltr' id='par_1_65' title="bbox 756 5952 1340 6050">
     <span class='ocr_line' id='line_1_65' title="bbox 756 5952 1340 6050; baseline -0.002 -37"><span class='ocrx_word' id='word_1_573' title='bbox 756 5953 1031 6015; x_wconf 65' lang='lat' dir='ltr'><strong><em>Parnm.</em></strong></span> <span class='ocrx_word' id='word_1_574' title='bbox 1066 5954 1182 6013; x_wconf 77' lang='lat' dir='ltr'><strong><em>Gn.</em></strong></span> <span class='ocrx_word' id='word_1_575' title='bbox 1218 5952 1340 6050; x_wconf 52' lang='grc' dir='ltr'><strong><em>εν,</em></strong></span> 
     </span>
    </p>
   </div>
   <div class='ocr_carea' id='block_1_66' title="bbox 2106 4694 3681 4764">
    <p class='ocr_par' dir='ltr' id='par_1_66' title="bbox 2106 4694 3681 4764">
     <span class='ocr_line' id='line_1_66' title="bbox 2106 4694 3681 4764; baseline 0.002 -16"><span class='ocrx_word' id='word_1_576' title='bbox 2106 4696 2280 4750; x_wconf 90' lang='lat' dir='ltr'><strong><em>nibus.</em></strong></span> <span class='ocrx_word' id='word_1_577' title='bbox 2310 4694 2640 4764; x_wconf 87' lang='lat' dir='ltr'><strong><em>-—Denique</em></strong></span> <span class='ocrx_word' id='word_1_578' title='bbox 2676 4696 2907 4749; x_wconf 83' lang='lat' dir='ltr'><strong><em>Allatius</em></strong></span> <span class='ocrx_word' id='word_1_579' title='bbox 2938 4696 3141 4749; x_wconf 87' lang='lat' dir='ltr'><strong><em>nullam</em></strong></span> <span class='ocrx_word' id='word_1_580' title='bbox 3173 4696 3301 4750; x_wconf 82' lang='lat' dir='ltr'><strong><em>facit</em></strong></span> <span class='ocrx_word' id='word_1_581' title='bbox 3346 4694 3681 4752; x_wconf 71' lang='lat' dir='ltr'><strong><em>mentientem</em></strong></span> 
     </span>
    </p>
   </div>
   <div class='ocr_carea' id='block_1_67' title="bbox 2106 4763 3684 4836">
    <p class='ocr_par' dir='ltr' id='par_1_67' title="bbox 2106 4763 3684 4836">
     <span class='ocr_line' id='line_1_67' title="bbox 2106 4763 3684 4836; baseline 0.002 -17"><span class='ocrx_word' id='word_1_582' title='bbox 2106 4766 2308 4821; x_wconf 77' lang='lat' dir='ltr'><strong><em>Nicetze</em></strong></span> <span class='ocrx_word' id='word_1_583' title='bbox 2360 4763 2602 4836; x_wconf 79' lang='lat' dir='ltr'><strong><em>episcopi</em></strong></span> <span class='ocrx_word' id='word_1_584' title='bbox 2626 4763 2888 4836; x_wconf 72' lang='lat' dir='ltr'><strong><em>Naupacti</em></strong></span> <span class='ocrx_word' id='word_1_585' title='bbox 2919 4806 2933 4829; x_wconf 88' lang='lat'><strong><em>,</em></strong></span> <span class='ocrx_word' id='word_1_586' title='bbox 2972 4782 3132 4836; x_wconf 82' lang='lat' dir='ltr'><strong><em>quem</em></strong></span> <span class='ocrx_word' id='word_1_587' title='bbox 3184 4767 3389 4834; x_wconf 69' lang='lat' dir='ltr'><strong><em>pariter</em></strong></span> <span class='ocrx_word' id='word_1_588' title='bbox 3458 4767 3684 4823; x_wconf 87' lang='lat' dir='ltr'><strong><em>omnino</em></strong></span> 
     </span>
    </p>
   </div>
   <div class='ocr_carea' id='block_1_68' title="bbox 2104 4834 3681 4908">
    <p class='ocr_par' dir='ltr' id='par_1_68' title="bbox 2104 4834 3681 4908">
     <span class='ocr_line' id='line_1_68' title="bbox 2104 4834 3681 4908; baseline 0.001 -16"><span class='ocrx_word' id='word_1_589' title='bbox 2104 4837 2323 4905; x_wconf 81' lang='lat' dir='ltr'><strong><em>ignorat</em></strong></span> <span class='ocrx_word' id='word_1_590' title='bbox 2347 4834 2665 4908; x_wconf 2' lang='lat' dir='ltr'><strong><em>pqL—tequinius</em></strong></span> <span class='ocrx_word' id='word_1_591' title='bbox 2696 4834 2891 4908; x_wconf 86' lang='lat' dir='ltr'><strong><em>in_0r.</em></strong></span> <span class='ocrx_word' id='word_1_592' title='bbox 2921 4834 3003 4889; x_wconf 75' lang='lat' dir='ltr'><strong><em>ch.</em></strong></span> <span class='ocrx_word' id='word_1_593' title='bbox 3036 4835 3099 4890; x_wconf 86' lang='lat' dir='ltr'><strong><em>&#39;l‘.</em></strong></span> <span class='ocrx_word' id='word_1_594' title='bbox 3138 4836 3200 4901; x_wconf 88' lang='lat' dir='ltr'><strong><em>ll,</em></strong></span> <span class='ocrx_word' id='word_1_595' title='bbox 3237 4839 3340 4891; x_wconf 91' lang='lat' dir='ltr'><strong><em>col.</em></strong></span> <span class='ocrx_word' id='word_1_596' title='bbox 3380 4838 3479 4892; x_wconf 72' lang='lat'><strong><em>198</em></strong></span> <span class='ocrx_word' id='word_1_597' title='bbox 3515 4853 3633 4908; x_wconf 86' lang='lat' dir='ltr'><strong><em>seq.</em></strong></span> <span class='ocrx_word' id='word_1_598' title='bbox 3665 4878 3681 4901; x_wconf 87' lang='lat'><strong><em>,</em></strong></span> 
     </span>
    </p>
   </div>
   <div class='ocr_carea' id='block_1_69' title="bbox 2108 4906 3682 4976">
    <p class='ocr_par' dir='ltr' id='par_1_69' title="bbox 2108 4906 3682 4976">
     <span class='ocr_line' id='line_1_69' title="bbox 2108 4906 3682 4976; baseline 0.001 -15"><span class='ocrx_word' id='word_1_599' title='bbox 2108 4907 2200 4961; x_wconf 90' lang='lat' dir='ltr'><strong><em>ubi</em></strong></span> <span class='ocrx_word' id='word_1_600' title='bbox 2249 4906 2444 4962; x_wconf 85' lang='lat' dir='ltr'><strong><em>scribit</em></strong></span> <span class='ocrx_word' id='word_1_601' title='bbox 2481 4906 2639 4976; x_wconf 73' lang='lat' dir='ltr'><strong><em>illius</em></strong></span> <span class='ocrx_word' id='word_1_602' title='bbox 2706 4906 2855 4959; x_wconf 88' lang='lat' dir='ltr'><strong><em>urbis</em></strong></span> <span class='ocrx_word' id='word_1_603' title='bbox 2900 4907 3204 4976; x_wconf 88' lang='lat' dir='ltr'><strong><em>episcopos.</em></strong></span> <span class='ocrx_word' id='word_1_604' title='bbox 3256 4908 3419 4975; x_wconf 85' lang='lat' dir='ltr'><strong><em>Atqui</em></strong></span> <span class='ocrx_word' id='word_1_605' title='bbox 3467 4906 3682 4976; x_wconf 52' lang='lat' dir='ltr'><strong><em>ego&#39;in</em></strong></span> 
     </span>
    </p>
   </div>
   <div class='ocr_carea' id='block_1_70' title="bbox 2105 4975 3683 5032">
    <p class='ocr_par' dir='ltr' id='par_1_70' title="bbox 2105 4975 3683 5032">
     <span class='ocr_line' id='line_1_70' title="bbox 2105 4975 3683 5032; baseline 0 0"><span class='ocrx_word' id='word_1_606' title='bbox 2105 4977 2437 5032; x_wconf 83' lang='lat' dir='ltr'><strong><em>bibliotheca</em></strong></span> <span class='ocrx_word' id='word_1_607' title='bbox 2479 4975 2743 5031; x_wconf 80' lang='lat' dir='ltr'><strong><em>Vaticana</em></strong></span> <span class='ocrx_word' id='word_1_608' title='bbox 2778 4976 3031 5029; x_wconf 86' lang='lat' dir='ltr'><strong><em>manibus</em></strong></span> <span class='ocrx_word' id='word_1_609' title='bbox 3081 4975 3189 5030; x_wconf 86' lang='lat' dir='ltr'><strong><em>non</em></strong></span> <span class='ocrx_word' id='word_1_610' title='bbox 3238 4978 3407 5031; x_wconf 88' lang='lat' dir='ltr'><strong><em>semel</em></strong></span> <span class='ocrx_word' id='word_1_611' title='bbox 3463 4975 3683 5032; x_wconf 59' lang='lat' dir='ltr'><strong><em>cluntre-</em></strong></span> 
     </span>
    </p>
   </div>
   <div class='ocr_carea' id='block_1_71' title="bbox 2100 5044 3678 5116">
    <p class='ocr_par' dir='ltr' id='par_1_71' title="bbox 2100 5044 3678 5116">
     <span class='ocr_line' id='line_1_71' title="bbox 2100 5044 3678 5116; baseline -0.001 -14"><span class='ocrx_word' id='word_1_612' title='bbox 2100 5048 2243 5103; x_wconf 80' lang='lat' dir='ltr'><strong><em>clavi</em></strong></span> <span class='ocrx_word' id='word_1_613' title='bbox 2272 5063 2373 5102; x_wconf 89' lang='lat' dir='ltr'><strong><em>ms.</em></strong></span> <span class='ocrx_word' id='word_1_614' title='bbox 2418 5047 2484 5102; x_wconf 87' lang='lat' dir='ltr'><strong><em>ad</em></strong></span> <span class='ocrx_word' id='word_1_615' title='bbox 2519 5055 2755 5116; x_wconf 82' lang='lat' dir='ltr'><strong><em>quatuor</em></strong></span> <span class='ocrx_word' id='word_1_616' title='bbox 2786 5044 3074 5116; x_wconf 81' lang='lat' dir='ltr'><strong><em>Evangelia</em></strong></span> <span class='ocrx_word' id='word_1_617' title='bbox 3118 5057 3165 5100; x_wconf 87' lang='lat' dir='ltr'><strong><em>et</em></strong></span> <span class='ocrx_word' id='word_1_618' title='bbox 3195 5048 3261 5116; x_wconf 84' lang='lat' dir='ltr'><strong><em>ad</em></strong></span> <span class='ocrx_word' id='word_1_619' title='bbox 3307 5048 3678 5116; x_wconf 81' lang='lat' dir='ltr'><strong><em>apostolorum</em></strong></span> 
     </span>
    </p>
   </div>
   <div class='ocr_carea' id='block_1_72' title="bbox 2098 5114 3681 5187">
    <p class='ocr_par' dir='ltr' id='par_1_72' title="bbox 2098 5114 3681 5187">
     <span class='ocr_line' id='line_1_72' title="bbox 2098 5114 3681 5187; baseline 0 -16"><span class='ocrx_word' id='word_1_620' title='bbox 2098 5119 2269 5173; x_wconf 82' lang='lat' dir='ltr'><strong><em>Actus</em></strong></span> <span class='ocrx_word' id='word_1_621' title='bbox 2305 5114 2589 5187; x_wconf 81' lang='lat' dir='ltr'><strong><em>copiosum</em></strong></span> <span class='ocrx_word' id='word_1_622' title='bbox 2617 5114 2869 5171; x_wconf 68' lang='lat' dir='ltr'><strong><em>Griecum</em></strong></span> <span class='ocrx_word' id='word_1_623' title='bbox 2902 5115 3103 5187; x_wconf 64' lang='lat' dir='ltr'><strong><em>Nicetaa</em></strong></span> <span class='ocrx_word' id='word_1_624' title='bbox 3132 5115 3373 5185; x_wconf 86' lang='lat' dir='ltr'><strong><em>episcopi</em></strong></span> <span class='ocrx_word' id='word_1_625' title='bbox 3415 5114 3681 5187; x_wconf 85' lang='lat' dir='ltr'><strong><em>Naupacti</em></strong></span> 
     </span>
    </p>
   </div>
   <div class='ocr_carea' id='block_1_73' title="bbox 2097 5186 3681 5257">
    <p class='ocr_par' dir='ltr' id='par_1_73' title="bbox 2097 5186 3681 5257">
     <span class='ocr_line' id='line_1_73' title="bbox 2097 5186 3681 5257; baseline -0.001 -14"><span class='ocrx_word' id='word_1_626' title='bbox 2097 5186 2573 5254; x_wconf 84' lang='lat' dir='ltr'><strong><em>commentarium,</em></strong></span> <span class='ocrx_word' id='word_1_627' title='bbox 2607 5188 2753 5255; x_wconf 88' lang='lat' dir='ltr'><strong><em>quod</em></strong></span> <span class='ocrx_word' id='word_1_628' title='bbox 2778 5186 3055 5257; x_wconf 76' lang='lat' dir='ltr'><strong><em>egregium</em></strong></span> <span class='ocrx_word' id='word_1_629' title='bbox 3080 5200 3218 5255; x_wconf 85' lang='lat' dir='ltr'><strong><em>Opus</em></strong></span> <span class='ocrx_word' id='word_1_630' title='bbox 3236 5196 3495 5257; x_wconf 81' lang='lat' dir='ltr'><strong><em>accurate</em></strong></span> <span class='ocrx_word' id='word_1_631' title='bbox 3529 5186 3681 5257; x_wconf 85' lang='lat' dir='ltr'><strong><em>post-</em></strong></span> 
     </span>
    </p>
   </div>
   <div class='ocr_carea' id='block_1_74' title="bbox 2097 5255 3679 5325">
    <p class='ocr_par' dir='ltr' id='par_1_74' title="bbox 2097 5255 3679 5325">
     <span class='ocr_line' id='line_1_74' title="bbox 2097 5255 3679 5325; baseline -0.001 -11"><span class='ocrx_word' id='word_1_632' title='bbox 2097 5275 2161 5314; x_wconf 88' lang='lat' dir='ltr'><strong><em>ea</em></strong></span> <span class='ocrx_word' id='word_1_633' title='bbox 2220 5260 2564 5323; x_wconf 87' lang='lat' dir='ltr'><strong><em>describam,</em></strong></span> <span class='ocrx_word' id='word_1_634' title='bbox 2622 5257 2853 5325; x_wconf 87' lang='lat' dir='ltr'><strong><em>ejusque</em></strong></span> <span class='ocrx_word' id='word_1_635' title='bbox 2903 5256 3135 5324; x_wconf 89' lang='lat' dir='ltr'><strong><em>aliquem</em></strong></span> <span class='ocrx_word' id='word_1_636' title='bbox 3192 5256 3386 5311; x_wconf 90' lang='lat' dir='ltr'><strong><em>saltem</em></strong></span> <span class='ocrx_word' id='word_1_637' title='bbox 3440 5255 3679 5313; x_wconf 76' lang='lat' dir='ltr'><strong><em>fructum</em></strong></span> 
     </span>
    </p>
   </div>
   <div class='ocr_carea' id='block_1_75' title="bbox 2098 5326 3392 5400">
    <p class='ocr_par' dir='ltr' id='par_1_75' title="bbox 2098 5326 3392 5400">
     <span class='ocr_line' id='line_1_75' title="bbox 2098 5326 3392 5400; baseline -0.005 -14"><span class='ocrx_word' id='word_1_638' title='bbox 2098 5345 2223 5386; x_wconf 90' lang='lat' dir='ltr'><strong><em>cum</em></strong></span> <span class='ocrx_word' id='word_1_639' title='bbox 2252 5328 2497 5386; x_wconf 86' lang='lat' dir='ltr'><strong><em>Ecclesia</em></strong></span> <span class='ocrx_word' id='word_1_640' title='bbox 2517 5328 2731 5400; x_wconf 89' lang='lat' dir='ltr'><strong><em>publice</em></strong></span> <span class='ocrx_word' id='word_1_641' title='bbox 2755 5327 3196 5382; x_wconf 87' lang='lat' dir='ltr'><strong><em>communicabo.</em></strong></span> <span class='ocrx_word' id='word_1_642' title='bbox 3220 5328 3287 5383; x_wconf 84' lang='lat' dir='ltr'><strong><em>A.</em></strong></span> <span class='ocrx_word' id='word_1_643' title='bbox 3321 5326 3392 5382; x_wconf 69' lang='grc' dir='ltr'>ιι.</span> 
     </span>
    </p>
   </div>
   <div class='ocr_carea' id='block_1_76' title="bbox 3244 5952 3315 6018">
    <p class='ocr_par' dir='ltr' id='par_1_76' title="bbox 3244 5952 3315 6018">
     <span class='ocr_line' id='line_1_76' title="bbox 3244 5952 3315 6018; baseline -0.014 0"><span class='ocrx_word' id='word_1_644' title='bbox 3244 5952 3315 6018; x_wconf 80' lang='lat'><strong><em>19</em></strong></span> 
     </span>
    </p>
   </div>
  </div>
