4092 6650
359 444 463 513 587

1206 760 1477 873 NIK
1493 756 1805 870 HTA

1082 978 1701 1067 ΕΛΕΓΧΟΣ
1829 976 2050 1063 ΚΑΙ

1618 435 1909 495 NICETIS
1952 434 2350 495 BYZANTINI

3515 435 3617 495 5S3

2168 591 3572 610 -—————-————.—.——'J-‘

1934 748 2781 865 ΒΥΖΑΝΤΙΟΥ

2196 976 2912 1062 ΛΝΑΤΡΟῙΙΗ

817 1166 954 1221 ΤΙΙΣ
1006 1167 1387 1221 ΣΤΑΛΕΙΣΗΣ
1431 1161 1818 1218 ΕΠΙΣΤΟΛΙῙΣ
1882 1161 1974 1213 ΕΚ
2033 1159 2168 1212 ΤΟΥ
2205 1158 2573 1212 ΛΡΧΟΝΤΟΣ
2639 1159 2775 1211 ΤΗΣ
2820 1154 3173 1211 ΛΡΜΕΝΙΛΣ

948 1343 969 1361 ο
1176 1282 1287 1336 ΕΠΙ
1349 1282 1643 1351 ΔΙΑΒΟΛῌ
1677 1278 1814 1331 ΤΗΣ
1864 1275 2261 1331 ΟΡΘΟΔΟΞΟΥ
2293 1275 2489 1328 ΙΙΜΩΝ
2528 1275 2815 1329 ΠΙΣΤΕΩΣ

991 1398 1107 1453 ΚΑΙ
1136 1400 1270 1452 ΤΗΣ
1302 1399 1501 1453 ΑΓΙΑΣ
1536 1399 1655 1452 ΚΑΙ
1708 1393 2244 1450 ΟΙΚΟΥΜΕΝΙΚΗΣ
2271 1394 2632 1448 ΤΕΤΔΡΤΗΣ
2666 1392 3001 1452 ΣΥΝοΔΟΥ,

1755 1539 1837 1588 ΕΞ
1872 1537 2237 1588 ΕΠΙΤΡΟΠΗΣ

1096 1656 1221 1703 ΤΟΥ
1244 1653 1677 1702 ΦΙΛΟΧΙἾΣΤΟΥ
1702 1651 1810 1700 ΚΑΙ
1861 1650 2343 1699 ΕΥΣΕΒΕΣΤΑΤΟΥ
2372 1646 2674 1697 ΒΑΣΙΛΕΩΣ
2703 1647 2894 1695 ΗΜΩΝ.

891 1784 1156 1855 Ἐγρὰφη
1214 1785 1282 1838 δὲ
1326 1785 1479 1854 πρὸς
1526 1784 1633 1838 τὸν
1685 1782 1946 1852 ἄρχοντα
2009 1782 2077 1835 ἐκ
2149 1780 2477 1850 προσώπου
2546 1779 2650 1834 τοῦ
2713 1777 3107 1848 πατριάρχου.

1330 2111 1545 2218 NlC
1575 2113 1858 2215 em
1975 2041 2680 2219 BYZANTINI

1536 2323 1968 2385 REFUTATIO
2002 2322 2097 2383 ET
2137 2325 2464 2387 EVERSIO

870 2492 1399 2572 EPISTOLIE
1484 2494 1605 2568 AB
1699 2491 2183 2576 ARMENUE
2244 2494 2728 2576 PRINCIPE
2800 2496 3128 2578 MISSIE

1241 2694 1379 2749 QUIE
1422 2696 1742 2742 INVIDIOSE
1794 2698 1984 2744 FIDEM
2012 2700 2302 2747 NOSTRAM
2332 2701 2765 2746 ORTHODOXAM

986 2816 1064 2861 ET
1091 2818 1370 2865 SANCTAM
1399 2820 1475 2864 ET
1520 2821 1939 2867 (ECUMENICAM
1971 2825 2268 2878 QUARTAM
2300 2826 3019 2872 SYNODUM'CRIMINATUR

1911 2950 2100 2996 JUSSU

1162 3072 1411 3122 CHRISTI
1460 3074 1734 3120 AMANTIS
1762 3076 1839 3121 ET
1867 3075 2111 3120 PIISSIMI
2145 3077 2367 3122 NOSTRI
2396 3078 2580 3122 IMPER
2592 3079 2830 3123 ATORIS.

1072 3216 1286 3290 Scripta
1322 3231 1397 3275 est
1434 3221 1503 3273 ad
1534 3221 1845 3289 principem,
1882 3231 1931 3275 et
1974 3223 2342 3290 patriarcham
2368 3224 2572 3277 inducit
2604 3231 2924 3293 wquentem.

1264 3357 1356 3419 (Ex
1393 3356 1580 3406 Leonis
1603 3358 1799 3407 Amm
1829 3357 2022 3409 ercia
2060 3358 2334 3410 orthodoxa
2370 3367 2404 3410 t.
2433 3360 2472 3422 l,
2495 3374 2543 3423 p.
2566 3359 2698 3423 665.)

442 3651 494 3708 Ι.
520 3649 658 3709 Cum
692 3651 784 3707 Dei
830 3651 1193 3718 humanitate,
1232 3663 1287 3709 et
1314 3654 1513 3712 divinis
1542 3656 1765 3727 judieiis
1790 3697 1805 3723 ,
1829 3673 1956 3713 nec-
1984 3714 1985 3717 η

2130 3664 2199 3712 α’.
2223 3656 2359 3711 Θεοῦ
2389 3656 2792 3729 φιλανθρωπίᾳ,
2825 3657 2918 3711 καὶ
2936 3657 3101 3722 θείοις
3134 3658 3386 3730 κρίμασι,
3421 3662 3513 3716 καὶ
3545 3662 3641 3717 εὒυ

375 3763 487 3803 non
540 3745 915 3817 piissimorum
969 3754 1133 3815 atque
1173 3744 1605 3802 ortliodomrum
1633 3756 1943 3802 nostrorum

369 3841 759 3911 imperatorum
800 3837 1133 3909 benignitate
1203 3853 1518 3909 supremam
1594 3840 1945 3910 pontiﬁcatus

369 3933 552 3988 sedem
600 3932 800 4002 reginae
842 3931 1057 3987 urbium
1105 3932 1413 4001 gubernare
1436 3933 1489 3986 in
1514 3946 1600 3988 me
1624 3933 1942 4003 receperim,

366 4026 517 4082 omni
545 4024 726 4081 studio
766 4024 1041 4095 animique
1068 4025 1350 4080 alacritate
1385 4025 1615 4081 rationis
1636 4036 1943 4095 compotem

367 4133 585 4190 gregem
616 4114 819 4172 Christi
847 4115 1043 4182 nostri,
1079 4116 1225 4170 inter
1280 4126 1532 4186 pastores
1561 4115 1839 4186 primarii,
1867 4116 1944 4169 uti

366 4210 451 4266 fas
485 4218 586 4273 est,
622 4223 810 4280 regere
844 4208 1187 4279 dirigereque
1238 4208 1475 4272 adnitor,
1504 4218 1558 4264 et
1584 4220 1643 4263 ut
1669 4208 1814 4263 vires
1845 4208 1945 4263 mi-

368 4303 619 4370 nistrant,
646 4310 700 4358 et
727 4301 902 4357 oratio
935 4302 989 4357 in
1023 4302 1137 4357 oris
1162 4305 1444 4372 apertione
1469 4302 1538 4356 ab
1563 4302 1945 4357 universorum

368 4394 598 4449 Domino
617 4392 942 4464 suggeritur,
964 4394 1164 4449 divinis
1201 4409 1571 4464 saepenumero
1601 4394 1947 4466 dogmatibus

366 4487 637 4542 instruere
661 4487 1041 4549 eontendo,nc
1057 4488 1394 4541 zizaniorum
1429 4487 1593 4542 sutori
1625 4486 1860 4542 daemoni
1893 4487 1946 4541 in

367 4580 581 4636 sincero
618 4586 682 4634 ac
697 4579 993 4648 purissimo
1011 4577 1305 4645 frumento,
1327 4594 1451 4634 vera
1471 4579 1680 4635 scilicet
1694 4588 1949 4650 rectaque

366 4672 470 4727 ﬁde
501 4680 551 4725 et
575 4665 849 4736 doctrina,
879 4685 1220 4740 superquam
1242 4670 1396 4726 ﬁrma
1441 4672 1949 4742 atqueinconcussa

367 4760 636 4817 catholica
658 4769 709 4815 et
738 4761 1034 4831 apostolica
1057 4760 1295 4818 Ecclesia
1317 4762 1543 4819 fundata
1562 4773 1665 4829 est,
1691 4764 1948 4830 zizanias,

367 4853 655 4910 imreticas
678 4868 873 4924 nempe
890 4854 1173 4924 opiniones
1208 4856 1622 4925 disseminandi,
1645 4872 1953 4928 noxamque

364 4945 553 5001 divino
565 4945 711 5017 gregi
731 4944 1012 5011 aﬁerendi,
1030 4947 1182 5002 locus
1206 4949 1297 5004 sit.
1315 4946 1658 5019 Quapropter
1676 4950 1801 5005 licet
1819 4966 1953 5004 non.

2050 3749 2239 3820 μενείᾳ
2266 3748 2373 3801 τῶν
2400 3747 2751 3802 πανευσεϐὦν
2784 3748 2877 3803 καὶ
2928 3747 3227 3819 ὀρθοδόξων
3286 3750 3444 3821 ἡμῶν
3479 3751 3637 3822 βασι-

2045 3841 2204 3904 λέων,
2234 3842 2325 3895 τὸν
2345 3841 2730 3912 ἁρχιερατικὸν
2770 3840 2979 3912 βαθμὸν
3008 3842 3107 3912 τῆς
3127 3841 3400 3911 βασιλίδος
3428 3845 3637 3908 πόλεως

2046 3932 2425 4004 πηδαλιουχείν
2452 3931 2897 4002 ἀναδεδεγμένος,
2930 3932 3080 4005 πάσῃ
3112 3935 3316 4007 σπουδῇ
3358 3937 3455 3989 καί
3503 3954 3640 4007 προ-

2049 4024 2217 4096 θυμίᾳ
2237 4026 2296 4078 τὸ
2341 4024 2558 4092 λογικὸν
2605 4025 2860 4095 ποίμνιον
2888 4025 2981 4080 τοῦ
3031 4027 3426 4097 ἀρχιποίμενος
3478 4029 3637 4100 ἡμῶν

2046 4114 2283 4187 Χριστοῦ
2314 4115 2555 4186 ἐννόμως
2607 4116 2814 4169 διέπειν
2866 4116 2960 4170 καὶ
3011 4116 3270 4171 διιθύνειν
3299 4119 3591 4189 ἐπείγομαι
3619 4135 3633 4150 ο

2048 4209 2164 4271 καὶ,
2194 4208 2270 4273 ὼς
2294 4210 2326 4279 ὴ
2352 4209 2579 4279 δύναμις
2613 4208 2864 4281 ἐγχωρεῖ,
2902 4210 2995 4263 καὶ
3024 4209 3179 4277 λόγος
3218 4210 3274 4263 ὲν
3308 4212 3507 4276 ἀνοίξει
3543 4213 3633 4265 τοῦ

2050 4302 2318 4371 στόματος
2364 4301 2516 4371 παρὰ
2541 4300 2634 4354 τοῦ
2664 4300 2772 4354 τῶν
2794 4300 2930 4355 ὅλων
2956 4304 3298 4374 χορηγεῖται,
3347 4304 3442 4357 καὶ
3475 4304 3639 4368 θείοις

2048 4395 2282 4464 δ’ὖγμασι
2304 4394 2655 4463 καταρτίςειν
2682 4393 2899 4456 πυκνῶς
2928 4393 3087 4448 τοῦτο
3112 4395 3444 4461 ἐσπούδακα,
3467 4398 3542 4459 ὡς
3573 4397 3639 4449 ἂν

2049 4484 2231 4555 χώραν
2266 4484 2339 4554 μὴ
2362 4484 2501 4555 λάΰῃ
2528 4485 2556 4536 ὁ
2576 4484 2685 4537 τῶν
2717 4484 2974 4549 ζιζανίων
3002 4486 3239 4556 σπορεὺς
3259 4485 3521 4551 διάϐολος,
3544 4492 3638 4542 καὶ

2050 4577 2127 4646 τῷ
2162 4576 2333 4646 ἀδόλῳ
2366 4575 2463 4629 καὶ
2524 4575 2900 4647 καθαρωτάτῳ
2934 4576 3085 4646 σίτῳ,
3124 4577 3371 4631 τουτέστι
3398 4582 3465 4650 τῇ
3512 4579 3639 4632 εἰλι-

2051 4672 2229 4740 κρινεί
2262 4669 2355 4722 καὶ
2381 4668 2517 4740 ὀρθῇ
2559 4668 2739 4721 πίστει
2767 4667 2862 4721 καὶ
2893 4667 3235 4739 διδασκαλίᾳ,
3274 4670 3332 4721 ὲν
3444 4670 3637 4739 βεϐαία

2053 4762 2149 4815 καὶ
2174 4761 2466 4823 ἀσάλευτος
2490 4762 2520 4831 ἡ
2552 4758 2816 4829 καθολικὴ
2843 4762 2937 4813 καὶ
2968 4759 3300 4831 ἀποστολικὴ
3337 4760 3635 4831 Ἐκκλησά

2054 4856 2271 4926 ἕστηκε,
2310 4852 2546 4919 ζιζάνια,
2582 4854 2746 4923 ήγουν
2774 4854 3054 4922 αίρετικάς
3079 4869 3231 4916 τινας
3274 4852 3481 4917 ἐννοίας
3509 4855 3636 4906 ἐπι-

2058 4947 2277 5019 σπείρῃ,
2305 4947 2399 5000 καί
2420 4963 2572 5009 τινας
2596 4944 2691 4999 τοῦ
2717 4944 2861 4998 θείου
2883 4946 3135 5016 ποιμνίου
3161 4946 3631 5017 καταλυμήνηται.

366 5025 499 5088 nulli
519 5033 697 5088 aulam
715 5033 932 5088 Domini
966 5033 1230 5105 ingressi,
1265 5047 1692 5107 nostrorumque
1716 5054 1948 5094 arcano-
1982 5046 1985 5098 ζ

2052 5041 2150 5095 Διά
2172 5057 2255 5093 τοι
2283 5039 2467 5101 τοῦτο,
2513 5040 2561 5091 εί
2593 5038 2686 5092 καί
2714 5054 2856 5101 τινες
2891 5037 2991 5106 τῆς
3024 5036 3194 5106 αὐλῆς
3237 5036 3444 5108 Κυρίου
3486 5037 3637 5101 ἐντὸς

363 5142 487 5182 rum
519 5126 809 5196 participes
830 5126 983 5190 facti,
1019 5139 1207 5197 postea
1244 5129 1312 5183 ab
1340 5128 1617 5198 aliquibus
1640 5130 1945 5184 temerariis

365 5218 683 5274 hominibus
737 5219 967 5283 seducti,
999 5219 1113 5274 sive
1165 5234 1232 5273 ex
1259 5219 1600 5290 ignorantia,
1642 5221 1757 5275 sive
1806 5221 1947 5277 avita

366 5310 681 5368 morositate
705 5311 976 5383 oppressi,
998 5328 1106 5366 non
1146 5312 1218 5367 ita
1254 5322 1401 5368 recte
1421 5314 1751 5383 exquisitam
1805 5316 1945 5370 veri-

365 5405 490 5461 tatis
520 5406 807 5471 ratioucm,
833 5421 1136 5476 puramque
1152 5406 1587 5463 Christianorum
1621 5410 1946 5463 sententiam

366 5498 687 5568 proﬁtentur
707 5541 720 5565 ,
758 5500 858 5555 bos
885 5515 1030 5556 nunc
1052 5501 1277 5570 quidem
1309 5512 1568 5557 consueta
1605 5504 1716 5558 oris
1742 5503 1949 5557 allocu-

368 5592 513 5646 tione
528 5592 820 5662 corrigere,
840 5601 894 5649 et
916 5592 973 5647 in
992 5594 1240 5650 veritatis
1278 5595 1520 5665 rectique
1544 5595 1955 5664 dogmatisnor-

2052 5135 2354 5201 γενόμενοι,
2382 5133 2476 5186 καὶ
2513 5131 2606 5183 τοῦ
2651 5130 2773 5184 καθ’
2808 5132 2954 5201 ἡμᾶς
3000 5127 3302 5200 μυστηρίου
3347 5130 3637 5198 μετασχεῖν

2054 5221 2501 5288 καταξιωθέντες,
2536 5213 2656 5273 εἶτα
2686 5220 2789 5273 ὑπό
2810 5236 2973 5273 τινων
2994 5219 3217 5273 είκαίων
3240 5218 3448 5289 ἀνδρῶν
3472 5235 3639 5271 κατα-

2058 5313 2385 5383 συρέντες,ἦ
2417 5315 2510 5365 καὶ
2551 5312 2609 5376 ἐξ
2663 5310 3014 5382 ἀμαθείας,ἢ
3054 5310 3148 5365 καὶ
3196 5312 3260 5364 ἐκ
3305 5310 3637 5381 προγονικῆς

2055 5405 2381 5476 δυστροπίας
2431 5405 2854 5475 κεκρατημένοι,
2894 5408 2986 5459 καὶ
3026 5407 3102 5475 μὴ
3152 5404 3273 5458 λίαν
3327 5404 3505 5474 ὀρθῶς
3546 5403 3638 5455 τὸν

2057 5496 2259 5567 ἀκριϐῆ
2287 5495 2444 5563 λόγον
2494 5498 2593 5567 τῆς
2642 5497 2897 5566 ἀληθείας
2928 5496 3023 5549 καὶ
3075 5497 3320 5565 καθαρᾶς
3348 5494 3507 5563 δόξης
3530 5493 3637 5546 τῶν

2057 5590 2398 5660 Χριστιανῶν
2456 5589 2853 5660 πρεσϐεύοντες
2904 5589 3245 5658 τυγχάνοιεν,
3304 5586 3527 5648 τούτους
3558 5586 3636 5654 πῆ

367 5699 454 5739 ma
470 5684 816 5739 constabilire
834 5685 1227 5750 incumbimus,
1252 5700 1398 5740 nunc
1416 5700 1545 5741 vero
1576 5701 1691 5749 eos,
1716 5702 1859 5758 quos
1887 5688 1955 5742 ob

2060 5683 2157 5752 μὲν
2180 5685 2244 5753 τῇ
2268 5682 2432 5750 ἕκατὰ
2464 5683 2636 5752 στόμα
2682 5682 2867 5753 ὁμιλίᾳ
2919 5679 3276 5750 ἐπανορθοῦν,
3312 5679 3404 5731 καὶ
3454 5678 3638 5731 ὲπιὸεο

366 5777 589 5847 longum
620 5776 863 5832 locorum
895 5778 1242 5834 intervallum
1276 5789 1569 5848 praesentes
1601 5780 1803 5848 alloqui
1838 5796 1945 5833 non

366 5866 661 5939 possumus
683 5873 709 5938 ,ἓ
735 5884 833 5940 per
866 5870 1125 5942 epistolas
1164 5870 1489 5928 conﬁrmare
1536 5870 1849 5938 studemus,
1893 5880 1943 5926 ct

2050 5775 2238 5830 ϐαιοῦν
2275 5777 2353 5839 εἰς
2383 5777 2475 5831 τὸν
2517 5777 2615 5846 τῆς
2661 5776 2919 5844 ἀληθείας
2943 5774 3038 5827 καὶ
3064 5773 3155 5826 τοῦ
3183 5771 3342 5845 ὀρθοῦ
3368 5772 3636 5841 δόγματος

2048 5869 2207 5939 λόγον
2230 5869 2681 5942 προθυμούμεθαο
2723 5870 2798 5940 πῆ
2823 5869 2867 5923 δ’
2905 5862 2985 5932 οἷς
3022 5867 3161 5922 κατὰ
3195 5866 3485 5935 πρόσωπον
3514 5863 3637 5934 ὁμιο
