4092 6624
486 461 582 525 559

1323 454 1758 517 REFUTATIO
1801 453 2187 513 EPISTOLxE
2232 453 2464 513 REGIS
2500 453 2889 512 ARt‘dENI/li.

3622 453 3724 516 50

481 573 603 637 λετν,
640 570 714 632 ῶς
747 568 930 640 πόρρω
957 586 1056 620 που
1085 568 1395 634 διεστῶτες,
1433 569 1889 641 ἐξαδυνατουμεν,
1920 573 2044 622 τού·
2075 614 2084 637 γ

2175 577 2210 622 ιι
2243 567 2412 623 verbo
2455 566 2715 622 extrlccm
2750 566 3008 620 universo
3042 565 3240 634 populo
3275 575 3519 638 accepto,
3555 579 3610 623 et
3641 587 3726 624 re-

481 681 595 727 τους
618 663 704 718 διὰ
736 663 1075 733 γραμμάτων
1113 662 1491 733 ἐπιστηρίζειν
1516 662 1892 734 σπουδάζομεν
1911 679 1923 692 ο
1950 665 2042 718 καὶ

480 757 657 821 ἁπλῶς
679 758 871 821 εἰπεῖν,
907 757 1080 810 πάντα
1105 755 1195 809 τὸν
1225 755 1538 826 περιούσιον
1561 757 1708 822 λαὸν,
1740 759 1832 810 καὶ
1855 758 1916 810 τὸ
1949 756 2043 825 βα-

483 850 668 904 σίλειον
692 849 984 920 ἱεράτευμα
1004 847 1351 919 χρηματίσαν
1375 848 1606 919 Κυρίου,
1641 851 1731 902 καὶ
1757 849 2045 918 δεομένους

479 944 736 1011 ὡφελείας
773 945 868 1014 τῆς
915 942 1244 1014 κρείττονος,
1281 943 1356 1006 ὼς
1386 938 1499 996 οἷόν
1541 960 1624 1008 τε,
1657 943 1870 1012 ὁδηγεῖν
1900 944 2046 1012 ἡμᾶς

479 1035 800 1103 ἐπάναγκες.
857 1036 1017 1088 Τουτὶ
1070 1036 1181 1106 γάρ
1221 1037 1379 1105 χρέος
1430 1036 1824 1105 ἀφωσιωμένον
1858 1036 2047 1105 ἀρχιε-

483 1125 660 1195 ρεῦσιν
689 1124 773 1178 ἀεὶ
796 1126 1120 1196 καθέστηκε.
1151 1126 1336 1199 Ταύτῃ
1364 1142 1448 1179 τοι
1477 1125 1714 1178 διαθέσει
1744 1123 1923 1196 ψυχῆς
1953 1126 2049 1180 καὶ

480 1216 613 1284 πρὸς
649 1216 746 1288 τὴν
777 1215 1026 1270 εύκλειαν
1072 1219 1168 1271 τοῦ
1226 1217 1608 1288 πεποθημένου
1630 1217 1798 1288 ἡμῶν
1829 1217 2050 1280 τέκνου,

479 1311 568 1361 καὶ
596 1309 810 1378 χρονίας
833 1311 964 1382 ημῖν
1001 1311 1222 1379 ἀγάπης
1263 1310 1400 1381 πρὸς
1429 1309 1591 1363 αὑτὸν
1619 1308 2050 1378 καθισταμένης,

479 1401 568 1454 καὶ
594 1401 878 1467 πλείστων,
909 1403 983 1466 ῶς
1006 1403 1171 1466 εἰκὸς,
1214 1403 1348 1472 πρὸς
1394 1403 1454 1455 τὸ
1491 1402 1723 1474 γράφειν
1756 1403 1889 1472 ἡμῖν
1925 1417 2053 1454 συν-

479 1493 778 1556 ωθούντων,
823 1494 968 1558 ἔδοξε
1020 1493 1218 1563 μᾶλλον
1250 1493 1338 1546 διὰ
1385 1492 1466 1556 τδ,
1515 1495 1615 1546 ούκ
1657 1489 1754 1546 οἷδ’
1784 1493 1955 1556 ὅπως,
1990 1492 2056 1543 ἐκ

480 1587 673 1639 πολλοῦ
705 1589 894 1656 χρόνου
922 1588 978 1640 ἐν
1007 1590 1116 1650 τοῖς
1146 1589 1241 1658 τῆς
1274 1585 1565 1657 Ἀρμενίας
1596 1587 1829 1658 κλίμασι
1852 1586 2057 1656 δόγμα-

476 1693 564 1740 τος
587 1678 686 1730 οὐκ
707 1676 865 1748 ὀρθοῦ
891 1678 1273 1749 ἐπεισρυέντος
1299 1681 1392 1732 καὶ
1423 1679 1848 1749 ἐπισκήψαντος,
1884 1673 2058 1746 Σεϐή-

481 1783 573 1834 ρου
598 1765 761 1832 τινὸς,
789 1770 950 1839 φημὶ,
977 1769 1329 1839 αἱρεσιάρχου
1361 1768 1454 1822 καὶ
1483 1770 1608 1832 τοὺς
1639 1769 1816 1821 ἐκεῖσε
1848 1767 2060 1829 πάντας

477 1857 995 1931 καταλυμηναμένου
1045 1861 1180 1931 πρὸς
1236 1861 1296 1913 τὸ
1344 1861 1580 1932 γράφειν
1604 1857 2056 1930 παρορμηθῆναι.

2145 667 2234 736 gio
2269 665 2575 720 sacerdotio
2605 705 2620 730 ,
2657 664 2802 731 quod
2844 662 3021 718 fuerat
3058 662 3315 730 Domini,
3354 680 3564 720 necnon
3633 681 3730 736 po-

2147 759 2300 812 tioris
2330 757 2576 811 utilitatis
2598 755 2858 826 indigenti
2891 771 2988 824 pro
3028 755 3236 810 viribus
3257 756 3398 810 viam
3447 772 3730 812 common-

2149 859 2324 903 strare
2358 850 2725 905 necessarium
2746 858 2824 904 est
2853 867 2866 902 :
2897 851 2999 902 hoc
3023 851 3220 903 etenim
3258 866 3471 920 semper
3486 860 3568 905 cst
3607 868 3734 922 pro-

2151 942 2328 1010 prium
2377 942 2681 995 antistitum
2718 957 2916 995 munus
2947 950 3111 1010 atque
3160 941 3418 999 cilicium.
3446 943 3733 1012 Pr0pterea

2149 1038 2265 1083 tum
2299 1028 2650 1084 inclinatione
2669 1029 2958 1084 voluntatis
2987 1045 3090 1099 qua
3113 1030 3177 1084 ad
3194 1031 3421 1100 gloriam
3441 1033 3616 1087 nostri
3641 1033 3735 1088 de-

2152 1122 2532 1177 sideratissimi
2556 1122 2648 1176 lilii
2673 1122 3087 1192 propendemus,
3116 1133 3225 1178 tum
3257 1139 3440 1179 amore
3457 1125 3735 1194 diuturno,

2153 1229 2262 1285 quo
2282 1229 2406 1268 eum
2436 1215 2837 1284 prosequimur,
2874 1214 3149 1285 plerisque
3175 1217 3340 1270 etiam
3373 1217 3439 1271 ad
3472 1219 3732 1288 scriptio-

2155 1321 2278 1360 nem
2311 1305 2778 1374 compellentibus,
2819 1307 2994 1360 visum
3037 1317 3120 1362 est
3143 1309 3338 1374 satius,
3370 1321 3594 1380 propter
3639 1325 3740 1365 ne-

2157 1397 2272 1451 scin
2295 1412 2404 1468 qua
2446 1397 2656 1451 ratione
2675 1397 2844 1451 multo
2864 1397 2931 1451 ab
2947 1392 3070 1452 hinc
3091 1409 3328 1467 tempore
3353 1401 3407 1454 in
3429 1401 3741 1472 regionibus

2159 1492 2521 1545 Armcnornm
2558 1491 2752 1560 dogma
2791 1506 2897 1544 non
2936 1501 3144 1546 rectum
3171 1533 3185 1554 ,
3221 1492 3406 1548 Severi
3448 1494 3731 1563 cujusdam

2161 1583 2540 1637 ltzercsiarclue
2567 1581 2679 1652 jam
2729 1597 2824 1652 per
2867 1599 3058 1639 omnes
3114 1599 3206 1638 eas
3251 1595 3433 1654 partes
3478 1587 3730 1641 introdu-

2160 1679 2332 1737 ctum,
2375 1671 2517 1740 quod
2550 1673 2850 1727 desazriens
2896 1689 3088 1728 omnes
3121 1674 3190 1727 ibi
3236 1675 3543 1732 habitantes
3592 1692 3743 1731 sum-

2162 1779 2382 1835 mopere
2434 1764 2598 1828 lmdit,
2649 1765 2715 1818 ad
2761 1765 3111 1821 scribendum
3151 1767 3392 1820 animum
3440 1767 3741 1838 applicare,

2165 1858 2359 1914 utinde
2382 1867 2582 1914 nostra:
2611 1858 2854 1928 epistola:
2878 1858 3153 1929 plerisque
3171 1861 3745 1918 demonstratiouibus

479 1947 641 2001 Ὅθεν
662 1949 728 2019 δὴ
754 1949 850 2020 τῆς
881 1951 1151 2022 ἡμετέρας
1183 1951 1470 2021 ἐπιστολῆς
1491 1950 1714 2013 πολλαῖς
1738 1946 2054 2013 ἀποδείξεσι

2178 1950 2263 2012 tsi,
2284 1949 2483 2020 quibus
2522 1951 2846 2020 quantocius
2877 1965 2974 2005 vos
3010 1953 3073 2004 ad
3102 1951 3174 2017 id,
3208 1952 3355 2022 quod
3390 1968 3606 2022 tequum
3637 1962 3742 2021 est,

478 2037 834 2109 χρησάμενοι,
891 2040 950 2092 ἐν
980 2033 1067 2103 αἷς
1107 2039 1299 2094 Θᾶττον
1355 2041 1492 2111 πρὸς
1524 2041 1584 2093 τὸ
1622 2038 1742 2092 δέον
1782 2041 1877 2092 καὶ
1911 2041 2056 2109 ὑμᾶς

478 2129 868 2201 πεισθήσεσθαι
914 2131 1149 2194 ἐδόκουν.
1181 2135 1274 2186 καὶ
1303 2132 1718 2204 ἀναμυηθέντας
1756 2133 1819 2186 τὸ
1855 2129 2055 2202 ἀληθὲς

477 2223 577 2291 τῆς
603 2220 834 2292 ἀμώμου
863 2225 954 2276 καὶ
984 2225 1230 2294 καθαρᾶς
1262 2226 1496 2288 πίστεως
1537 2223 1633 2277 τοῦ
1657 2225 1794 2278 κατὰ
1821 2223 2056 2291 Χριστθιν

481 2317 787 2387 μυστηρίου
820 2317 937 2386 μεθ’
968 2318 1124 2388 ἡμῶν
1163 2319 1384 2388 στῆναι·
1412 2318 1507 2370 καὶ
1538 2317 1654 2386 ἅμα
1681 2318 1772 2371 τὸν
1792 2317 1888 2372 ἕνα
1919 2318 2056 2384 Χρι-

481 2409 610 2459 στὸν
637 2408 730 2462 καὶ
759 2409 980 2479 Κύριον,
1018 2413 1111 2464 καὶ
1141 2410 1273 2464 Θεὸν
1302 2409 1458 2480 ἡμῶν
1486 2410 1577 2463 τὶν
1606 2410 1672 2462 ἐκ
1704 2409 1796 2463 δύο
1821 2409 2055 2479 φύσεων,

479 2500 582 2553 καὶ
607 2502 664 2553 ἐν
689 2501 782 2555 δύο
817 2503 1031 2572 φύσεσι,
1056 2506 1150 2557 καὶ
1176 2503 1266 2556 δύο
1294 2503 1484 2573 φύσεις
1515 2502 1727 2573 ἔχοντα,
1763 2504 1862 2574 μιᾷ
1904 2502 1959 2556 δέ
1992 2505 2058 2574 τῇ

478 2590 786 2644 ὑποστάσει
813 2591 938 2645 ὄντα
968 2595 1174 2664 κυρίως
1202 2593 1446 2657 δοξάσαι.
1477 2593 1654 2662 Ὅπερ
1683 2591 1946 2646 ἀνέκαθεν
1968 2589 2061 2644 καὶ

480 2683 675 2754 σχεδὸν
704 2686 876 2739 εἰπεῖν
923 2687 956 2756 ἡ
1012 2685 1236 2756 ὑφήλιος
1266 2687 1438 2750 πᾶσα,
1476 2686 1570 2739 καὶ
1597 2686 1646 2737 οἱ
1685 2684 2062 2755 ἀρχιερατικοὶ

479 2777 652 2829 πέντε
675 2777 849 2847 θρόνοι
877 2777 975 2847 τῆς
1000 2777 1296 2848 καθολικῆς
1314 2778 1411 2831 καὶ
1430 2776 1792 2847 άπυττολικῆς
1831 2775 2064 2844 Ἐκκλη-

481 2867 616 2932 σίας
666 2867 728 2921 τὸ
770 2870 1024 2941 τηνικάδε
1080 2873 1138 2924 ἐν
1186 2873 1252 2942 τῇ
1307 2869 1694 2941 Χαλκηδονέων
1736 2867 2066 2939 μητροπόλει

483 2959 990 3029 συναθροισθέντες,
1039 2961 1133 3016 καὶ
1182 2962 1322 3016 κατὰ
1349 2961 1530 3016 πάντα
1562 2961 1754 3014 ὀπαδοὶ
1787 2963 1879 3014 καὶ
1934 2959 2068 3029 ὁμό-

482 3069 689 3122 φρονες
720 3056 842 3116 ταῖς
862 3052 1050 3124 πρώην
1079 3054 1462 3124 τρισὶνξὰγίαις
1499 3053 1737 3116 συνόδοις
1761 3053 2064 3123 γενόμενοι,

481 3145 631 3197 κατὰ
668 3145 833 3216 μηδὲν
869 3147 1308 3218 διαφωνήσαντες
1337 3146 1626 3209 συνοδικῶς
1648 3145 1853 3216 ὥρισάν
1885 3162 1944 3198 τε
1977 3148 2070 3199 καὶ

481 3238 805 3292 ἐθέσπισαν.
836 3237 1133 3311 Τοιγαροῦν
1154 3240 1340 3294 ἔκτοτε
1375 3241 1467 3293 καὶ
1502 3239 1662 3310 μέχρι
1702 3240 1802 3310 τῆς
1832 3240 2073 3310 σήμερον

2159 2043 2344 2096 reduci
2388 2042 2645 2097 existimo
2689 2061 2703 2096 :
2738 2051 2792 2098 et
2823 2044 2891 2098 de
2923 2059 3065 2098 novo
3135 2047 3417 2099 veritatem
3455 2044 3748 2117 inculpata:

2157 2133 2495 2202 sincer-aeque
2526 2132 2960 2188 tideiChristiani
2986 2135 3224 2205 mysterii
3257 2136 3432 2192 edocti
3473 2153 3578 2191 una
3615 2154 3741 2193 cum

2159 2225 2315 2280 nobis
2350 2225 2619 2290 sentiatis,
2658 2235 2713 2280 et
2747 2227 2909 2280 simul
2941 2243 3110 2282 unum
3161 2227 3441 2283 Christum
3477 2239 3530 2284 et
3563 2228 3750 2285 Domi-

2161 2331 2316 2380 num,
2350 2324 2402 2369 et
2434 2315 2602 2370 Deum
2640 2318 2910 2384 nostrum,
2948 2319 3040 2388 qui
3073 2333 3135 2372 ex
3179 2319 3401 2374 duabus
3433 2321 3666 2388 naturis,
3696 2330 3752 2376 et

2162 2409 2215 2462 in
2243 2409 2454 2464 duabus
2482 2411 2713 2472 naturis,
2738 2418 2792 2464 et
2833 2409 2969 2465 duas
3001 2422 3226 2466 naturas
3271 2411 3432 2467 habet
3473 2428 3598 2466 cum
3628 2415 3750 2468 uni—

2161 2514 2224 2554 ca
2254 2499 2552 2570 hypostasi,
2581 2501 2658 2555 uti
2679 2509 2781 2567 est,
2822 2502 3072 2568 teneatis,
3108 2503 3249 2570 quod
3270 2503 3337 2557 ab
3355 2503 3578 2573 antiquo
3604 2515 3748 2558 tem-

2163 2609 2318 2665 pore,
2367 2605 2419 2648 et
2444 2595 2575 2659 fere,
2593 2599 2650 2648 ut
2673 2594 2746 2648 ita
2766 2594 2969 2659 dicam,
2987 2594 3275 2648 nuit-ersus
3290 2601 3431 2649 terra
3443 2609 3560 2648 rum
3578 2593 3750 2659 orbis,

2167 2697 2218 2741 et
2255 2688 2498 2756 quinque
2515 2685 2890 2742 archieraticaa
2908 2686 3062 2741 sedes
3088 2686 3754 2756 catholicanctapostolica:

2165 2778 2425 2835 Ecclesia:
2451 2789 2566 2834 tum
2589 2779 2643 2833 in
2673 2778 3204 2834 Chalcedonensium
3237 2779 3523 2850 metmpnli
3551 2779 3752 2841 coacti,

2168 2873 2222 2926 in
2261 2874 2518 2928 omnibus
2569 2884 2855 2928 consortes
2903 2887 2966 2928 ac
3006 2873 3308 2928 concordes
3355 2911 3370 2937 ,
3406 2882 3458 2926 ct
3500 2889 3526 2924 a
3565 2871 3756 2942 primis

2170 2964 2349 3018 tribus
2383 2963 2608 3034 synodis
2659 2963 2885 3018 minime
2942 2964 2996 3017 in
3036 2963 3224 3033 aliquo
3262 2964 3640 3034 discrepantes
3685 2979 3756 3018 ex

2173 3055 2368 3125 synodi
2427 3056 2699 3110 sententia
2754 3055 3119 3109 decreverunt
3191 3063 3246 3109 et
3297 3054 3752 3109 determinarunt.

2173 3147 2519 3217 QUupropter
2550 3163 2616 3202 ex
2647 3162 2712 3202 eo
2741 3155 2985 3217 tempore
3015 3147 3080 3200 ad
3119 3149 3264 3201 hunc
3297 3145 3464 3212 diem,
3494 3147 3587 3215 qui
3613 3161 3759 3201 recte

2175 3243 2372 3311 pieque
2411 3255 2536 3296 cum
2572 3239 2841 3295 catholica
2868 3248 2922 3293 et
2949 3239 3255 3309 apostolica
3303 3239 3542 3294 Ecclesia
3577 3238 3760 3294 vivere

483 3330 545 3381 oi
583 3329 758 3400 ὀρθῶς
795 3332 888 3385 καὶ
920 3332 1158 3396 εὐσεϐῶς
1193 3333 1332 3402 μετὰ
1361 3332 1462 3400 τῆς
1495 3331 1790 3400 καθολικῆς
1822 3331 1915 3384 καὶ
1937 3331 2073 3382 ἀπο-

2179 3341 2457 3403 sutagunt,
2486 3333 2558 3388 ibi
2583 3339 2829 3388 coactam
2847 3331 3116 3403 synodum
3144 3341 3411 3396 sanctam,
3438 3339 3492 3386 et
3515 3345 3760 3386 mcume-

485 3421 750 3492 στολικῆς
815 3424 1138 3495 Ἐκκλησίας
1191 3424 1338 3495 βιοῦν
1389 3423 1689 3488 ἐθέλοντες,
1743 3420 1841 3493 τὴν
1894 3422 2072 3474 ἐκεῖσε

487 3515 959 3586 συγκροτηθεῖσαν
984 3518 1198 3572 σύνοδον
1225 3518 1385 3586 άγίαν
1414 3518 1510 3572 καὶ
1555 3515 1942 3587 οἱκουμενικὴν
1985 3529 2076 3568 τεο

485 3607 704 3677 τάρτην
732 3609 867 3679 πρὸς
889 3613 1009 3674 ταῖς
1030 3611 1217 3676 ἄλλαις
1254 3613 1431 3682 τρισὶν
1457 3610 1710 3681 ἀσμένως
1743 3606 2077 3679 ὑποδεχόμε-

484 3717 602 3764 νοι,
647 3699 938 3766 διαπαντὸς
981 3706 1219 3760 σέϐουσι.
1243 3706 1519 3774 Μενοῦνγε
1566 3704 1720 3769 ἐλπὶς
1758 3705 1888 3775 ἡμῖν
1911 3703 2072 3773 οὐχή

485 3791 732 3863 τυχοῦσα
762 3799 961 3867 παρῆν,
1014 3795 1159 3860 ὃπως
1215 3799 1279 3851 ἐκ
1311 3798 1409 3868 τῆς
1463 3798 1736 3868 ἡμετέρας
1780 3795 2071 3864 ἐπιστολῆς

490 3885 833 3952 πεισθέντες,
874 3888 956 3940 ὅτι
1003 3888 1232 3959 τάχιστα
1278 3892 1378 3960 τῆς
1423 3891 1666 3961 χείρονος
1719 3887 1878 3958 δόξης
1909 3900 2072 3957 μετα-

491 3979 747 4046 σταίητε,
803 3981 897 4033 καὶ
951 3981 1089 4050 πρὸς
1138 3979 1200 4035 τὸ
1233 3981 1540 4052 παρ’ἠμῶν
1561 3981 1721 4051 όρθὸν
1771 3979 1948 4049 δόγμα
1974 3980 2074 4048 τῆς

2179 3427 2353 3481 uicani
2381 3434 2656 3496 quartam,
2689 3438 2799 3496 pra:
2821 3425 2942 3479 aliis
2968 3425 3146 3481 tribus
3168 3424 3422 3479 lubenter
3451 3417 3758 3480 exosculati

2180 3532 2274 3588 per
2306 3519 2490 3572 omnia
2520 3525 2872 3573 venerantur.
2905 3516 3042 3589 Spes
3076 3519 3261 3588 itaque
3287 3525 3434 3572 certa
3461 3532 3558 3572 nos
3587 3524 3759 3583 tenet,

2180 3627 2280 3668 vos
2314 3621 2500 3667 nostra
2524 3611 2626 3666 hac
2680 3611 2909 3682 epistola
2979 3625 3296 3683 persuasus,
3349 3611 3561 3682 abjecta
3609 3610 3760 3664 omni

2178 3705 2525 3762 cunctatione
2551 3721 2581 3760 a
2600 3705 2834 3775 pessima
2850 3714 3028 3761 vestra
3057 3703 3329 3760 sententia
3353 3718 3686 3765 recessuros,
3707 3712 3764 3755 et

2179 3795 2246 3852 ad
2283 3805 2490 3852 rectum
2533 3795 2784 3852 veritatis
2819 3796 3038 3866 degma,
3074 3796 3218 3866 quod
3256 3811 3363 3851 nos
3414 3795 3758 3864 profitemur,

2182 3901 2377 3958 nempe
2406 3887 2461 3942 in
2489 3888 2797 3944 mconomia
2821 3883 3027 3943 Christi
3057 3885 3196 3941 duas
3226 3895 3473 3952 naturas,
3509 3897 3563 3942 et
3595 3902 3761 3942 unam

2183 3979 2521 4050 hypostasim
2557 3994 2701 4046 esse,
2734 3977 2880 4033 facili
2915 3978 3141 4048 negotio.
3164 3977 3492 4046 relapsuros.

488 4068 758 4141 ἀληθείας
789 4071 1243 4143 πρεσϐευόμενον,
1277 4074 1444 4143 ἤγουν
1464 4069 1527 4124 τὸ
1566 4070 1812 4137 δοξάζειν
1849 4068 1944 4123 δύο
1966 4070 2158 4139 φύσεις
2185 4072 2281 4123 καὶ
2331 4069 2461 4140 μίαν
2512 4067 2807 4122 ὑπόστασιν
2862 4068 2954 4120 ἐπὶ⁵
3003 4068 3102 4136 τῆς
3143 4065 3454 4135 οἰκονομίας
3502 4063 3764 4138 Χριστοῦ,

493 4168 757 4239 εὐμαρῶς
791 4169 1165 4238 μεταπέσοιτε.

575 4260 641 4332 β’.
673 4261 826 4315 Ἐπεὶ
856 4261 949 4316 οὖν
975 4262 1035 4315 τὸ
1091 4260 1443 4331 ἐλπιζόμενον
1500 4259 1633 4329 ἡμῖν
1673 4258 1750 4321 είς
1775 4257 1947 4328 πέρας
1977 4258 2076 4309 οὐκ

499 4354 827 4423 ἐκϐέϐηκεν,
859 4353 993 4408 ἀλλὰ
1017 4355 1109 4407 καὶ
1140 4354 1269 4424 πρὺς
1288 4353 1357 4406 τὰ
1381 4351 1664 4422 γραφέντα
1694 4349 2074 4418 ἐδυσχέρανας·

501 4445 602 4497 καὶ
634 4445 692 4496 ού
725 4444 882 4514 μόνον
911 4446 1082 4507 τουτί,
1123 4443 1258 4498 ἀλλὰ
1312 4444 1407 4496 καὶ
1443 4443 1716 4494 ἀντειπεῖν
1767 4439 1864 4492 καὶ
1895 4439 2080 4509 ἀντιρο

397 4597 408 4608 ⁸
507 4538 770 4608 ῥητικοὺς
799 4539 928 4607 ἡμῖν
952 4537 1142 4605 λόγους
1167 4536 1375 4608 γράψαι
1407 4532 1726 4604 ἐπειράθης,
1759 4529 1950 4585 τούτου
1978 4532 2081 4602 χά-

2253 4255 2308 4308 il.
2350 4253 2484 4307 Cum
2519 4267 2670 4324 ergo,
2709 4254 2852 4323 quod
2882 4269 2982 4308 nos
3028 4252 3403 4322 sperabamus,
3445 4251 3604 4307 linem
3655 4268 3765 4307 non

2188 4346 2461 4408 habuerit,
2500 4345 2610 4397 imo
2646 4343 2865 4413 scriptis
2927 4345 3089 4398 etiam
3146 4343 3352 4398 nostris
3408 4339 3766 4412 exasperatus

2191 4447 2304 4492 tum
2325 4445 2376 4490 ct
2403 4445 2593 4490 contra
2625 4434 2796 4500 ire,et
2821 4435 3192 4489 rcfutatoriam
3219 4448 3436 4503 qucque
3455 4435 3764 4488 orationem

2193 4528 2431 4582 scribere
2467 4535 2696 4580 conatus
2724 4540 2806 4592 es,
2828 4521 2948 4579 ideo
2977 4521 3160 4579 divino
3190 4524 3306 4578 zelo
3343 4523 3622 4590 succensi,
3651 4523 3765 4578 cri-

507 4594 596 4702 ριν
626 4594 899 4701 πυρῶθὲκ
940 4594 1035 4700 τῷ.
1069 4594 1398 4700 θετίιέζήλῳ,
1449 4594 1547 4681 καί
1720 4622 1819 4695 τῆς
1871 4594 2082 4694 σιωπῆς

2191 4635 2313 4674 men
2342 4619 2542 4674 silentii
2592 4629 2645 4672 et
2675 4618 3079 4672 accusationem
3106 4616 3449 4687 elTugieutes,
3502 4624 3557 4670 te
3586 4616 3768 4687 negle-

510 4723 860 4792 ὑφορώμενος
911 4721 1102 4791 δίκην,
1148 4721 1256 4774 οὐδ’
1316 4719 1563 4776 ἐνταυθοῖ
1617 4717 1956 4787 άτημέλητόν
2019 4732 2079 4768 σε

508 4815 605 4867 καὶ
637 4813 1010 4882 ἀθεράπευτον
1041 4811 1358 4865 καταλιπεῖν
1401 4809 1680 4882 ᾠήθημεν.
1727 4809 1819 4861 Διὸ
1850 4809 1948 4862 ὅσα
1984 4807 2081 4876 μὲν

511 4909 569 4958 ὲν
602 4904 680 4974 τῷ
715 4903 1002 4975 γράμματί
1032 4920 1122 4957 σου
1149 4904 1241 4956 ἐπὶ
1289 4902 1507 4972 διαϐολῇ
1529 4899 1629 4970 τῆς
1650 4899 1922 4970 ἡμετέρας
1951 4897 2082 4966 άλη-

511 4994 666 5060 θινῆς
714 4994 995 5063 ὁμολογίας
1039 4993 1358 5063 ἐμφέρεται,
1415 4992 1509 5044 καὶ
1537 4989 1664 5054 ἄξια
1702 4990 1884 5051 ποσῶς
1922 4988 2082 5055 λόγου

513 5085 664 5150 ὄντα,
691 5085 862 5138 ταῦτα
885 5087 963 5146 είς
1016 5085 1176 5153 μέσον
1204 5084 1526 5151 ἀγαγόντες,
1561 5081 1863 5150 ἀνατρέψαι
1888 5094 2085 5149 πειρα-

517 5177 741 5249 σόμεθα.
764 5177 1049 5248 Τοιγάρτοι
1081 5177 1272 5247 μικρὸν
1299 5175 1435 5246 μετὰ
1471 5175 1532 5227 τὸ
1560 5174 1844 5244 προοίμιον
1869 5172 1967 5241 τῆς
1991 5171 2088 5239 σῆς

519 5271 806 5341 ἐπιστολῆς
834 5271 995 5322 οἱονεὶ
1025 5270 1364 5337 ἐπισφίγγων
1394 5269 1488 5321 καὶ
1517 5264 1849 5317 ἐπισυνδέων
1877 5262 1972 5332 τὴν
1994 5263 2090 5331 τῆς

519 5365 738 5435 ἀγάπης
770 5365 959 5434 κτῆσιν
984 5363 1122 5434 μετὰ
1140 5364 1239 5432 τὴν
1265 5365 1344 5426 είς
1374 5363 1502 5430 μίαν
1525 5357 1813 5430 ὁμολογίαν
1836 5357 1931 5425 τῆς
1960 5359 2092 5428 άλη-

524 5457 676 5527 θινῆς
708 5458 802 5511 καὶ
835 5459 1135 5528 ἀμωμήτου
1165 5455 1420 5517 πίστεως,
1457 5451 1772 5514 σπουδάζων
1809 5450 1934 5512 τοὺς
1962 5451 2092 5518 ὁμο-

525 5551 758 5620 τρόπους
788 5552 844 5602 ἐν
870 5550 1004 5620 οἴκῳ
1027 5549 1233 5618 Κυρίου
1258 5545 1584 5618 φωτίζεσθαι
1619 5558 1677 5597 τε
1709 5547 1802 5597 καὶ
1833 5541 2094 5612 καταρτί-

529 5643 716 5707 ζεσθαι
737 5660 752 5674 ο
809 5642 876 5696 El
907 5643 1002 5696 καί
1047 5659 1205 5708 τινες
1242 5639 1592 5707 ἀπέδρασαν
1622 5638 1691 5690 ἐκ
1737 5638 1958 5702 ταύτης
1986 5633 2098 5701 τῆς

527 5733 724 5804 καλῆς
771 5734 869 5788 καὶ
911 5733 1092 5803 ὀρθῆς
1146 5732 1484 5802 ὁμολογίας,
1534 5726 1607 5798 ἧς
1651 5727 2001 5795 παρέδωκαν
2046 5729 2099 5778 οἱ

526 5828 678 5896 ἅγιοι
708 5828 1056 5891 ἀπόστολοι,
1095 5827 1191 5878 καὶ
1227 5823 1624 5892 κατώρθωσαν
1651 5823 1709 5874 ul
1759 5819 1917 5887 ἅγιαι
1948 5817 2102 5884 τρεῖς

529 5915 800 5982 σύνοδοι,
827 5917 919 5969 καὶ
956 5917 1019 5971 τὰ
1049 5916 1193 5983 ἑξῆς,
1219 5915 1572 5987 ἁριδηλότατα
1619 5913 1746 5981 ἡμῖν
1780 5910 1866 5963 διὰ
1898 5909 2102 5961 τούτων

2189 4725 2338 4769 ctum
2371 4721 2421 4766 et
2454 4713 2760 4766 ineuratum
2783 4712 3034 4766 deserere
3057 4721 3234 4780 operm
3255 4710 3490 4780 pretium
3514 4725 3632 4764 esse
3663 4724 3766 4760 non
3819 4749 3822 4752 .

2190 4805 2468 4861 duximus.
2497 4802 2678 4870 Quare
2699 4818 3037 4873 quaecunque
3075 4802 3129 4856 in
3154 4803 3383 4872 epistola
3413 4811 3503 4855 tua
3526 4812 3765 4855 nostram

2191 4911 2376 4950 veram
2411 4895 2801 4964 professionem
2842 4889 3209 4948 calumniatus
3255 4892 3552 4955 atlexuisti,
3586 4892 3769 4959 aliquo

2195 4999 2378 5043 tamen
2403 4987 2563 5040 modo
2589 5001 2697 5039 non
2731 4983 2950 5053 indigna
2982 4982 3418 5037 consideratione
3446 4982 3498 5034 lu
3531 4980 3768 5033 medium

2196 5079 2514 5140 aﬂerentes,
2574 5077 2896 5145 redarguere
2969 5074 3310 5126 conabimur.
3366 5072 3525 5137 Atqui
3608 5075 3771 5141 paulo

2197 5181 2321 5242 post
2375 5180 2481 5224 tua:
2519 5167 2760 5238 epistola:
2803 5167 3154 5236 prooemium,
3192 5166 3346 5234 quasi
3380 5164 3689 5232 astringens
3721 5176 3776 5217 et

2199 5266 2426 5332 alligans
2458 5272 2702 5314 mutuam
2731 5259 3025 5313 amicitiam
3056 5273 3177 5310 cum
3209 5272 3312 5310 una
3339 5270 3479 5310 verte
3504 5266 3560 5309 et
3587 5256 3778 5307 imma-

2201 5357 2398 5410 culata:
2430 5352 2550 5406 lidei
2582 5350 2946 5422 professione,
2991 5349 3326 5418 studensqnc
3360 5357 3419 5402 ut
3455 5349 3530 5402 lui
3569 5348 3777 5401 similes

2204 5449 2256 5502 in
2290 5447 2452 5501 domo
2473 5445 2685 5499 Domini
2718 5443 3095 5497 illutniuentur
3127 5453 3180 5496 et
3226 5444 3570 5496 instruantur
3597 5459 3610 5493 :
3641 5439 3779 5492 Licet

2205 5538 2464 5602 nonnulli,
2512 5537 2612 5604 ais,
2645 5552 2708 5590 ea;
2741 5537 2904 5604 proba
2939 5535 3036 5587 hac
3068 5545 3308 5604 rectaque
3344 5534 3667 5603 professione
3704 5548 3782 5585 re—

2206 5630 2473 5692 cesserint,
2496 5645 2653 5698 quam
2685 5628 2854 5680 sancti
2878 5627 3102 5693 apostoli
3128 5625 3480 5689 tradiderunt,
3510 5632 3560 5678 cl
3589 5634 3784 5677 sancta:

2210 5733 2311 5773 tres
2351 5720 2539 5788 synodi
2588 5718 2936 5786 perferet-unt,
2969 5725 3100 5777 elc.,
3136 5715 3580 5770 manifestissime
3629 5714 3772 5767 nobi‘

2211 5828 2304 5881 per
2333 5814 2444 5864 haec
2477 5821 2621 5864 tuam
2657 5811 2969 5879 opinionem
3025 5810 3296 5872 indicasti,
3329 5809 3584 5862 laudibus
3614 5804 3787 5859 estul-

2212 5905 2326 5957 lens
2354 5913 2404 5958 ct
2444 5904 2632 5959 beatos
2665 5921 2760 5961 eos
2790 5904 3137 5969 existima-ts,
3199 5903 3394 5972 quibus
3426 5915 3552 5955 cum
3602 5889 3788 5952 divino
