3994 6634
264 403 364 469 591

1527 392 1573 462 Ν
1584 403 1817 464 ΙΟΕΤίΕ
1852 405 2251 464 ΒΥΖᾹΝἸῚΝΙ

3412 414 3520 481 592

254 534 437 573 amore
467 531 604 571 vera:
634 518 750 571 ﬁdei
778 514 1046 587 professio
1079 532 1183 571 una
1206 526 1308 571 est.
1346 516 1410 571 At
1434 533 1683 587 quaenam
1707 520 1811 573 ha-r

1929 520 2192 590 ἑνέφηνας
2216 521 2313 593 τὴν
2342 522 2569 576 σεαυτοῦ
2591 522 2747 587 δόξαν
2776 524 3185 595 ἀποσεμνύνων,
3213 528 3305 581 καὶ
3339 546 3518 598 μακα-

252 614 415 669 fucrit
451 611 732 666 verissima
776 608 1064 680 professio,
1116 624 1277 679 quam
1308 610 1537 678 apostoli
1587 611 1826 665 tradide-

253 714 399 771 runt,
440 713 496 759 et
530 715 641 759 tres
667 714 867 758 sanetae
914 703 1104 774 synodi
1146 703 1654 767 constabilivcrunt,
1702 705 1827 759 licet

251 798 417 867 aliqui
452 814 518 852 ex
564 797 666 852 hac
714 807 859 851 recta
895 797 997 850 lide
1036 796 1371 859 rebellarint,
1407 797 1632 851 omnino
1678 798 1827 852 dices

250 898 421 949 tuam,
448 904 569 957 quae
598 888 758 942 unius
789 896 997 941 naturze
1027 901 1195 940 unum
1231 886 1509 941 Christum
1557 900 1611 940 et
1641 885 1823 952 gDeum

252 992 496 1035 nostrum
530 998 595 1035 ex
645 981 875 1035 diversis
911 981 1121 1033 naturis
1170 989 1291 1049 post
1323 980 1581 1034 unionem
1616 980 1823 1035 fartum

252 1074 548 1140 profitetur,
580 1083 633 1127 ct
664 1091 724 1127 ex
752 1073 966 1127 duabus
1008 1074 1218 1129 naturis
1245 1084 1299 1127 et
1323 1076 1459 1129 duas
1484 1084 1709 1128 naturas
1731 1076 1825 1127 ha-

250 1168 373 1221 beie
403 1168 454 1220 in
490 1185 595 1221 una
624 1169 897 1237 hypnstasi
928 1179 1207 1238 pernegat.
1237 1169 1393 1223 Hune
1426 1170 1570 1222 enim
1597 1183 1823 1237 compo-

248 1261 464 1315 sitionis
496 1262 717 1314 modum
758 1262 808 1314 in
857 1262 1025 1315 divini
1061 1261 1222 1317 Verbi
1257 1263 1459 1316 unione
1488 1278 1613 1316 cum
1658 1277 1824 1316 carne

248 1354 449 1406 factum
507 1353 675 1407 fuisse
715 1354 889 1422 palam
924 1354 1063 1409 infra
1097 1355 1393 1409 declamas.
1428 1354 1540 1408 lleu
1573 1371 1685 1408 rem
1721 1357 1823 1407 mi-

246 1462 359 1497 ram
384 1447 396 1499 !
425 1444 669 1510 Quanam
698 1456 753 1499 tu
789 1446 995 1500 ratione
1025 1456 1191 1501 testes
1227 1447 1474 1501 oculatus
1528 1456 1581 1500 et
1609 1446 1820 1500 divinos

244 1538 488 1592 veritatis
511 1553 808 1607 prmconcs,
834 1554 1046 1593 necnon
1086 1548 1305 1593 sanctos
1323 1554 1385 1593 ac
1412 1537 1646 1593 deiferos
1676 1539 1821 1592 viros

243 1628 363 1681 aliis
404 1637 569 1698 atque
612 1630 737 1685 aliis
770 1632 1109 1701 temporibus
1149 1631 1216 1684 ad
1250 1630 1489 1701 synodos
1528 1644 1822 1698 congrega-

245 1732 330 1776 tos
382 1722 598 1776 tandem
660 1723 849 1792 culpas
899 1733 954 1777 et
1006 1722 1337 1777 contumelia
1391 1722 1636 1775 oneras?
1685 1719 1819 1785 Quis

240 1815 387 1869 enim
413 1832 476 1870 ex
506 1815 595 1879 iis,
630 1816 723 1884 qui
751 1831 835 1870 res
858 1815 1192 1885 dijudicandi
1225 1813 1417 1884 peritia
1448 1814 1669 1883 pollent,
1704 1822 1818 1866 tra-

1940 616 2153 685 ριστοϋς
2186 610 2323 668 εἶναι
2354 617 2620 686 οἰόμενος,
2655 612 2736 681 οἷς
2778 619 2844 672 ἂν
2882 621 3019 689 μετὰ
3043 622 3139 691 τῆς
3166 622 3352 676 ἐνθέου
3380 626 3519 693 ἁγά⁹

1936 724 2044 777 πης
2080 708 2172 759 καὶ
2201 710 2233 773 ἡ
2267 708 2363 777 τῆς
2400 709 2635 779 ἀληθοῦς
2667 710 2904 775 πίστεως
2952 714 3212 784 ὁμολογία
3246 715 3344 785 μία
3375 718 3514 786 πάρ⁴

1934 815 2072 853 εστι.
2130 801 2226 864 Τίς
2279 801 2335 854 δὲ
2387 801 2595 872 αὑτηὴ
2652 803 2992 874 ἀληθεστάτη
3046 806 3325 877 ὁμολογία,
3371 808 3438 878 ἢν
3468 808 3520 860 οὶ

1932 892 2218 945 ἀπόστολοι
2266 894 2611 965 παρέδωκαν,
2643 896 2736 949 καὶ
2778 898 2835 950 αἱ
2890 897 3044 965 ἅγιαι
3108 902 3257 968 τρεῖς
3312 900 3519 953 σύνοδοι

1932 984 2323 1057 κατώρθωσαν,
2377 988 2424 1039 εί
2455 989 2548 1040 καί
2572 1005 2718 1050 τινες
2764 988 2829 1041 ὲκ
2855 990 3063 1059 ταύτης
3092 992 3192 1060 τῆς
3226 991 3392 1063 όρθῆς
3426 993 3519 1045 πί-

1933 1095 2103 1141 στεως
2157 1079 2643 1150 ἁπεδυσπέτησαν;
2679 1082 2900 1145 Πάντως
2948 1084 3089 1153 ἐρεῖς
3134 1086 3233 1151 τὴν
3264 1084 3514 1147 σεαυτοῦ,

1930 1172 2051 1241 ἦτις
2084 1172 2211 1239 μιᾶς
2242 1170 2457 1239 φύσεως
2479 1173 2569 1225 τὸν
2596 1172 2692 1226 ’ἐνα
2714 1173 2947 1245 Χριστὸν
2980 1174 3072 1225 καὶ
3109 1173 3241 1227 Θεὸν
3270 1175 3429 1245 ἡμῶν
3452 1177 3515 1227 ἐκ

1928 1261 2203 1329 διαφόρων
2253 1261 2468 1328 φύσεων
2534 1263 2670 1331 μετά
2704 1263 2803 1333 τὴν
2845 1263 3044 1316 ἕνωσιν
3078 1263 3516 1317 ἀποτελεσθέντα

1928 1353 2199 1421 ὁμολογεῖ,
2227 1355 2317 1404 καὶ
2348 1356 2411 1405 ἐκ
2440 1352 2533 1405 δύο
2560 1354 2795 1422 φύσεων,
2833 1356 2927 1408 καὶ
2955 1355 3048 1407 δύο
3084 1356 3276 1423 φύσεις
3321 1356 3514 1425 ἔχοντα

1928 1444 1985 1494 ὲν
2016 1444 2115 1513 μιᾷ
2172 1443 2468 1496 ὑποστάσει
2518 1444 2645 1497 ὄντα
2687 1446 2952 1515 ἀρνεῖται.
3015 1446 3218 1499 Τοῦτον
3257 1447 3362 1517 γὰρ
3421 1448 3515 1499 τὸν

1926 1536 2129 1605 τρόπον
2157 1536 2255 1604 τῆς
2309 1536 2612 1599 συνθέσεως
2659 1537 3016 1608 παρακατιὼν
3056 1540 3112 1590 ὲν
3136 1542 3201 1609 τῇ
3236 1538 3330 1591 τοῦ
3366 1540 3510 1592 θείου

1926 1626 2102 1693 Λόγου
2136 1626 2267 1697 πρὸς
2304 1627 2480 1697 σάρκα
2515 1627 2706 1681 ὲνώσει
2741 1630 3071 1699 γεγενῆσθαι
3122 1631 3308 1700 σαφῶς
3330 1631 3515 1697 διαγο-

1929 1718 2127 1787 ρεύεις.
2157 1718 2331 1771 Βαϐαὶ
2352 1719 2446 1771 τοῦ
2473 1719 2778 1789 θαύματοςί
2810 1722 2929 1785 Πῶς
2957 1724 3037 1785 εἰς
3068 1723 3195 1784 τοὺς
3235 1724 3513 1786 αὐτόπτας

1927 1810 2017 1862 καὶ
2040 1810 2219 1874 θείους
2249 1812 2496 1881 κήρυκας
2517 1814 2613 1882 τῆς,
2644 1813 2920 1882 ἀληθείας,
2954 1812 3088 1867 ἀλλά
3131 1814 3237 1885 μὴν
3265 1816 3358 1867 καὶ
3386 1815 3513 1878 τοὺς

241 1910 407 1960 ditam
442 1923 584 1969 esse,
622 1917 717 1961 aut
745 1908 1127 1962 confirmatam
1160 1909 1302 1963 dicet
1333 1908 1475 1978 apud
1514 1907 1672 1962 Verbi
1715 1909 1811 1961 mi-

1922 1903 2063 1955 κατὰ
2094 1904 2387 1974 διαφόρους
2445 1904 2674 1973 χρόνους
2710 1905 3006 1969 συνοδικῶς
3065 1907 3511 1976 συνειλεγμένους

242 2000 466 2063 nistros,
499 2010 593 2054 aut
616 1999 804 2055 Patres
840 2001 1077 2065 divinos,
1116 2016 1279 2072 quam
1307 2010 1364 2055 tu
1394 2001 1664 2070 proﬁteris
1696 2017 1821 2055 sen-
1850 2066 1857 2069 ς

242 2093 486 2157 tentiam,
523 2108 643 2163 qua:
677 2103 905 2157 asserat,
948 2093 1225 2149 Christum
1259 2094 1419 2149 unius
1466 2103 1670 2147 natura:
1698 2103 1822 2162 post

232 2176 497 2239 unionem
526 2202 669 2251 esse,
699 2196 755 2241 et
778 2202 845 2241 ex
870 2187 1077 2241 duabus
1110 2187 1367 2241 unionem
1404 2185 1731 2246 confectam,
1763 2187 1816 2240 in

236 2276 449 2333 duabus
483 2294 632 2344 vero,
671 2279 925 2334 autduas
956 2294 1077 2335 esse
1118 2288 1343 2334 naturas
1386 2288 1509 2348 post
1557 2279 1815 2332 unionem

236 2366 553 2422 inﬁcietur?
583 2366 873 2437 Propterea
910 2370 1132 2425 accedat
1160 2370 1412 2439 princeps
1442 2370 1816 2438 apostolorum

236 2456 430 2512 Petrus
454 2474 552 2528 per
572 2475 728 2512 suam
761 2459 1187 2523 confessionem,
1215 2468 1265 2513 te
1283 2476 1405 2530 qua!
1426 2460 1609 2513 dixisti
1625 2473 1815 2513 emen-

236 2552 395 2603 titum
423 2566 543 2605 esse
568 2551 859 2606 manifesto
883 2553 1138 2627 evincens
1154 2562 1226 2618 et,
1252 2567 1350 2622 per
1370 2568 1493 2607 eum
1525 2552 1814 2607 universus

236 2642 611 2711 apostolorum
659 2652 858 2698 orntus.
909 2642 1120 2697 Etenim
1149 2645 1399 2700 Christus
1446 2642 1709 2699 Dominus
1756 2652 1812 2698 et

238 2734 380 2790 Deus
407 2745 589 2789 noster
618 2737 754 2790 dixit
794 2738 1168 2805 apostolorum
1205 2737 1439 2807 principi
1491 2737 1649 2791 Petro
1681 2753 1696 2789 :
1734 2734 1811 2789 Tu

232 2846 287 2882 es
320 2828 532 2895 Petrus,
565 2840 613 2883 et
638 2847 795 2898 super
821 2832 955 2885 lianc
981 2842 1186 2899 petram
1213 2832 1487 2900 aedificabo
1516 2830 1809 2885 Ecclesium

235 2938 424 2986 meam,
476 2932 526 2976 et
564 2932 729 2990 porta:
780 2922 938 2991 inferi
997 2938 1099 2975 non
1148 2922 1505 2992 prwvalcbunt
1558 2924 1808 2976 adversus

232 3030 347 3068 eam
381 3014 419 3067 ¹.
451 3012 573 3068 llaec
602 3029 765 3083 porro
798 3014 1059 3069 Dominus
1091 3014 1251 3070 Petro
1280 3014 1509 3081 dixerat,
1542 3030 1666 3070 cum
1700 3013 1809 3069 Do-

234 3108 381 3160 mino
452 3107 806 3175 semetipsum
873 3107 1149 3162 hominem
1212 3108 1552 3177 nuncupanti
1610 3108 1809 3167 Petrus

232 3198 586 3258 enuntiasset,
638 3194 717 3249 Tu
751 3214 803 3250 es
845 3196 1086 3252 Christus
1124 3196 1300 3251 Filius
1330 3196 1430 3252 Dei
1458 3199 1558 3252 vivi
1588 3199 1630 3251 ².
1666 3200 1803 3253 Tum

1925 1993 2111 2061 ἁγίους
2141 1996 2233 2047 καὶ
2281 1995 2575 2066 θεοφόρους
2627 1998 2825 2065 ἄνδρας
2872 1997 3125 2052 τοσοῦτον
3155 2000 3395 2069 ἐπιχέεις
3416 2000 3510 2051 τὸν

1923 2087 2153 2156 μῶμον;
2187 2087 2282 2150 Τίς
2312 2090 2422 2160 γὰρ
2446 2089 2555 2141 τῶν
2586 2089 2754 2157 ὑγιῶς
2806 2093 3013 2161 κρίνειν
3051 2091 3291 2157 εἰδότων,
3324 2109 3505 2161 παρα-

1918 2167 2187 2243 δεδόσθαι,
2218 2180 2249 2251 ἢ
2275 2178 2626 2249 βεϐαιοῦσθαι
2657 2183 2851 2253 φήσειε
2883 2183 3034 2253 παρὰ
3057 2185 3170 2246 τοῖς
3202 2184 3507 2253 ὑπηρέταις

1918 2271 2013 2324 τοῦ
2060 2270 2241 2339 λόγου,
2277 2274 2309 2343 ἢ
2361 2276 2474 2337 τοῖς
2509 2275 2674 2338 θείοις
2707 2274 2955 2344 Πατράσι
2988 2275 3088 2345 τὴν
3125 2276 3324 2328 οὑτωσὶ⁵
3356 2276 3505 2347 παρά

1921 2364 2016 2417 σοῦ
2046 2366 2493 2438 πρεσϐευομένην
2509 2367 2689 2434 δόξαν,
2706 2369 2805 2438 τὴν
2824 2369 3137 2437 φάσκουσαν
3161 2369 3250 2421 τὸν
3271 2370 3505 2439 Χριστὸν

1919 2459 2050 2527 μιᾶς
2079 2458 2293 2527 φύσεως
2321 2459 2459 2529 μετά
2490 2460 2589 2531 τὴν
2613 2461 2807 2514 ἕνωσιν
2838 2457 3000 2526 εἶναι,
3043 2464 3136 2515 καὶ
3185 2464 3249 2514 ὲκ
3286 2462 3379 2515 δύο
3406 2463 3503 2530 μὲν

1915 2549 2369 2605 ἀποτελεσθεῖσαν
2395 2551 2495 2621 τὴν
2522 2552 2738 2617 ἕνωσιν,
2775 2554 2834 2604 ἐν
2863 2553 2956 2606 δύο
2982 2553 3059 2619 δὲ,
3092 2554 3124 2622 ἢ
3152 2553 3244 2606 δύο
3274 2550 3415 2605 εἶναι
3441 2554 3503 2605 τὸ

1914 2642 2085 2717 φύσει,
2096 2644 2233 2711 μετὰ
2256 2644 2354 2714 τὴν
2375 2644 2569 2696 ἕνωσιν
2584 2644 3061 2715 ἀπαγορεύουσαν;
3088 2645 3178 2698 Διὸ
3194 2645 3504 2714 εἰσαχθήτω

1912 2740 1939 2791 6
1969 2740 2261 2806 κορυφαῖος
2305 2736 2414 2790 τῶν
2453 2737 2766 2791 ἀποστόλων
2814 2737 3041 2807 Πέτρος,
3065 2738 3153 2790 διὰ
3180 2737 3278 2806 τῆς
3307 2735 3501 2790 ἑαυτοῦ

1910 2829 2202 2899 ὁμολογίας
2244 2830 2685 2901 ψευδηγοροῦντά
2710 2847 2769 2883 σε
2786 2830 3067 2893 δεικνύων,
3094 2830 3185 2882 καὶ
3202 2830 3269 2882 δι’
3292 2829 3500 2881 ἐκείνου

1910 2920 2054 2984 ἄπας
2084 2924 2112 2974 6
2134 2921 2242 2973 τῶν
2267 2922 2584 2976 ἀποστόλων
2620 2922 2897 2991 σύλλογος.
2933 2922 3044 2974 Καὶ
3067 2922 3174 2991 γὰρ
3206 2921 3442 2991 Χριστὸς
3469 2922 3498 2972 ό

1912 3013 2113 3082 Κύριος
2138 3014 2228 3065 καὶ
2261 3014 2394 3077 Θεὸς
2424 3014 2581 3085 ἡμῶν
2602 3014 2680 3084 τῷ
2713 3014 2823 3067 τῶν
2848 3014 3166 3067 ἀποστόλων
3194 3014 3295 3082 ἔφη
3332 3029 3496 3083 κορυο

1910 3100 2055 3171 φαίῳ
2088 3102 2316 3170 Πέτρῳ·
2373 3103 2457 3155 Σὺ
2511 3103 2570 3155 εἷ
2628 3102 2871 3170 Πέτρος,
2935 3102 3034 3156 καὶ
3074 3103 3170 3155 ἐπὶ
3212 3104 3397 3170 ταύτῃ
3424 3100 3498 3169 τῇ

1909 3194 2094 3261 πέτρᾳ
2112 3194 2487 3263 οἰκοδομήσω
2498 3213 2617 3265 μου
2642 3196 2755 3262 τὴν
2784 3196 3173 3262 Ἐκκλησίαν,
3196 3195 3290 3247 καὶ
3310 3196 3496 3248 πύλαι

231 3302 361 3339 vero
390 3288 442 3340 in
468 3288 686 3342 Christo
714 3288 949 3365 Domino
971 3298 1021 3343 ct
1052 3289 1161 3345 Deo
1184 3299 1375 3345 nostro
1396 3290 1511 3345 hazc
1534 3291 1641 3346 duo
1664 3291 1807 3345 dicta

1914 3285 2060 3352 ᾅδου
2082 3288 2154 3339 οὐ
2172 3288 2661 3356 κατισχύσουσιν
2686 3286 2897 3355 αὐτῆς.
2930 3287 3129 3340 Τοῦτον
3146 3286 3200 3339 δὲ
3222 3286 3311 3339 τὸν
3338 3286 3495 3354 λόγον

231 3377 484 3447 copulata
519 3390 666 3441 sunt,
703 3379 1199 3451 conﬁrmatumque
1231 3390 1334 3445 est,
1370 3390 1426 3436 et
1454 3382 1624 3436 Deum
1665 3396 1807 3447 esse,

230 3478 284 3523 et
318 3468 614 3523 hominem.
646 3469 701 3524 Si
732 3471 916 3541 itaque
951 3472 1125 3526 ambte
1155 3473 1237 3526 hae
1274 3471 1494 3527 deitatis
1535 3483 1589 3526 et
1618 3473 1809 3526 Imma-

232 3559 421 3613 uitatis
478 3559 744 3626 rationes,
794 3575 916 3615 eum
975 3560 1229 3617 Christus
1272 3562 1538 3617 Dominus
1570 3572 1624 3617 et
1667 3562 1810 3619 Deus

231 3657 420 3703 noster
453 3663 599 3702 unus
630 3649 878 3716 exsistat,
914 3665 1036 3720 posr
1064 3651 1529 3721 ipsius‘unionem
1558 3651 1624 3706 de
1643 3667 1708 3707 eo
1724 3652 1811 3706 di-

231 3750 453 3806 cuntur,
486 3748 539 3795 et
566 3756 707 3797 unus
739 3752 793 3795 et
818 3742 955 3797 idem
979 3752 1063 3799 est
1094 3744 1458 3814 sempiternus
1486 3744 1656 3801 Filius
1684 3754 1810 3801 ante

230 3834 414 3888 omnia
446 3835 642 3889 srecula
692 3849 722 3889 a
766 3833 924 3890 Patre
965 3837 1080 3892 sine
1123 3847 1365 3909 tempore
1405 3850 1461 3894 et
1508 3841 1809 3897 mutatione

230 3936 553 3997 prognatus,
577 3930 670 3998 qui
713 3936 797 3984 est
846 3945 949 3983 una
1000 3930 1361 3986 sanctissimae
1387 3931 1670 3989 Trinitatis
1709 3933 1807 4005 hy-

232 4020 489 4089 postasis,
507 4018 651 4075 Deus
671 4019 819 4075 Patri
843 4021 1141 4077 secundum
1166 4024 1527 4079 aeternitatem
1551 4025 1802 4094 aequalis,

228 4120 512 4182 paternam
536 4114 829 4169 essentiam
860 4122 915 4169 et
939 4124 1189 4170 naturam
1232 4117 1289 4171 in
1324 4132 1383 4171 se
1410 4128 1671 4188 perpetuo
1702 4118 1803 4174 ha-

227 4204 496 4269 bens,sed
518 4207 607 4277 qui
625 4208 885 4262 extremis
908 4208 1241 4279 temporibus
1282 4224 1347 4264 ex
1372 4209 1576 4280 Spiritu
1610 4218 1804 4267 sancto

225 4297 460 4353 etMaria
487 4298 705 4372 Virgine
725 4315 945 4355 carnem
967 4310 1023 4356 et
1066 4300 1456 4357 humanitatem
1478 4304 1799 4373 assumpsit,

226 4390 316 4445 hic
345 4400 581 4446 aeternus
616 4390 786 4447 Filius
830 4392 949 4448 sine
980 4392 1089 4447 ulla
1120 4394 1422 4449 mutatione
1447 4394 1643 4463 factus
1683 4406 1803 4450 tan-

225 4497 387 4553 quam
419 4498 561 4538 uuus
597 4498 665 4538 ex
696 4483 1033 4551 hominibus,
1063 4500 1158 4554 per
1187 4485 1369 4541 omnia
1401 4500 1513 4556 pm
1541 4501 1651 4542 uno
1685 4502 1803 4556 pec-

225 4584 371 4641 cato,
424 4585 634 4642 nostra,
676 4591 843 4646 quam
887 4576 1003 4646 ipse
1045 4592 1153 4632 non
1189 4578 1444 4644 habebat,
1475 4588 1668 4634 natura
1707 4594 1801 4635 ae-

1910 3378 1938 3429 6
1973 3376 2175 3446 Κύριος
2221 3377 2324 3446 ἔφη
2375 3378 2455 3448 τῷ
2512 3379 2724 3449 Πέτρῳ,
2782 3379 2945 3447 ἡνίκα
2979 3379 3113 3447 πρὸς
3138 3379 3226 3431 τὸν
3267 3376 3492 3450 Κύριον,

1912 3468 2099 3521 ἑαυτὸν
2128 3468 2254 3522 Υίδν
2311 3469 2603 3540 ἀνθρώπου
2655 3471 2984 3541 κεκληκότα,
3022 3474 3228 3542 Πέτρος
3263 3472 3453 3541 εἴρηκε
3476 3484 3492 3501 ο

1910 3559 1993 3612 Σὺ
2024 3556 2083 3614 εἴ
2105 3563 2137 3614 ό
2181 3563 2438 3630 Χριστὸς
2492 3565 2525 3616 ὀ
2578 3563 2713 3630 Υἱὸς
2772 3563 2880 3617 τοῦ
2921 3563 3070 3617 Θεοῦ
3104 3563 3209 3616 τοῦ
3249 3562 3483 3629 ζῶντος.

1909 3653 2019 3705 Καὶ
2047 3654 2391 3724 συνήχθησαν
2448 3656 2540 3708 ἐπὶ
2572 3656 2809 3729 Χριστοῦ
2842 3657 2935 3711 τοῦ
2983 3656 3187 3727 Κυρίου
3216 3657 3311 3709 καὶ
3354 3655 3491 3710 Θεοῦ

1906 3749 2063 3819 ἡμῶν
2113 3750 2411 3821 ἀμφότεροι
2439 3751 2487 3803 οἱ
2520 3750 2690 3819 λόγοι,
2727 3753 2820 3806 καὶ
2855 3752 3221 3817 πεπίστωται,
3275 3752 3357 3805 ὅτι
3395 3754 3491 3806 καὶ

1907 3842 2038 3905 Θεὸς
2063 3843 2158 3896 καὶ
2180 3842 2467 3915 ἄνθρωπός
2500 3846 2667 3901 ἐστιν.
2700 3846 2762 3898 Ei
2790 3845 2885 3899 οῦν
2908 3820 3208 3916 ἀμφότεροι
3232 3848 3282 3899 οί
3314 3846 3485 3914 λόγοι,

1906 3934 2006 4005 τῆς
2028 3936 2302 4006 θεότητος,
2336 3938 2502 4006 φημὶ,
2533 3936 2628 3989 καὶ
2669 3937 2770 4008 τῆς
2794 3937 3213 4009 ἀνθρωπότητος
3236 3939 3330 3992 τοῦ
3364 3940 3487 4001 ἐνὸς

1906 4026 2058 4092 δντος
2094 4027 2331 4099 Χριστοῦ
2356 4028 2451 4082 καὶ
2482 4028 2689 4098 Κυρίου
2724 4030 2819 4083 καὶ
2844 4029 2978 4083 Θεοῦ
3008 4030 3185 4100 ἡμῶν,
3226 4031 3362 4100 μετά
3388 4030 3487 4102 τὴν

1904 4120 2100 4173 ἕνωσιν
2150 4120 2314 4173 αὑτοῦ
2356 4118 2813 4189 κατηγοροῦνται,
2876 4121 2970 4173 καὶ
2998 4116 3079 4184 εἷς
3123 4124 3219 4175 καὶ
3268 4123 3296 4174 6
3324 4124 3486 4187 αὑτός

1904 4212 2053 4264 ἐστιν
2104 4212 2133 4263 ό
2161 4211 2328 4272 ἀΐδιος
2364 4210 2512 4275 Υἱὸς,
2545 4211 2574 4263 6
2629 4211 2735 4281 πρὸ
2785 4212 3004 4265 πάντων
3028 4212 3137 4265 τῶν
3169 4213 3380 4267 αἰώνων
3422 4215 3485 4267 ἐκ

1902 4300 1999 4353 τοῦ
2030 4302 2240 4371 Πατρὸς
2284 4301 2531 4372 ἀχρόνως
2562 4303 2657 4355 καὶ⁵
2703 4303 2931 4368 ἀπαθῶς
2979 4308 3396 4377 γεγεννημένος,
3427 4308 3487 4370 ὃς

1904 4392 2052 4444 ἐστιν
2080 4391 2376 4456 ὑπόστασις
2424 4392 2526 4462 μία
2577 4393 2675 4462 τῆς
2706 4394 2869 4462 ἁγίας
2892 4394 3144 4464 Τριὰδος,
3180 4395 3313 4458 Θεὸς
3373 4396 3485 4458 ίσος

1903 4480 1981 4551 τῷ
2019 4482 2191 4552 Πατρὶ
2222 4484 2361 4537 κατὰ
2384 4484 2483 4553 τὴν
2512 4484 2808 4555 ἀῖδιότητα,
2852 4485 2949 4557 τὴν
2978 4486 3252 4557 πατρικὴν
3298 4486 3485 4539 οὐσίαν

1904 4574 2001 4626 καὶ
2026 4572 2187 4642 φύσιν
2213 4573 2397 4636 ἀῖδίως
2430 4575 2487 4627 ὲν
2515 4575 2696 4646 ἑαυτῷ
2721 4576 2881 4646 ἔχων,
2914 4577 3002 4630 ἐπ’
3034 4577 3277 4646 ἐσχάτων
3298 4577 3354 4629 δὲ
3376 4578 3486 4629 τῶν

225 4674 406 4738 cepta,
459 4670 513 4720 in
567 4682 634 4723 eo
661 4644 868 4735 divina,
895 4644 1057 4739 quam
1105 4668 1174 4725 ab
1215 4678 1418 4726 aeterno
1464 4672 1795 4741 possidebat,

1914 4662 2129 4734 ἡμερῶν
2166 4664 2232 4716 ὲκ
2260 4664 2573 4734 Πνεύματος
2604 4644 2879 4732 ἁγίουήκαὶ
2909 4644 3129 4738 Μαρίας
3156 4667 3253 4737 τῆς
3283 4666 3487 4735 Παρθέι

224 4769 597 4830 permanente,
636 4760 986 4817 manifestum
1016 4770 1118 4828 est,
1151 4760 1206 4816 in
1240 4762 1450 4819 duabus
1477 4764 1709 4830 naturis,
1742 4773 1799 4819 et

224 4854 361 4907 duas
387 4862 611 4906 naturas
635 4852 935 4923 possidere,
954 4854 1045 4924 qui
1072 4869 1212 4909 unus
1238 4863 1320 4909 est
1343 4855 1618 4925 hypostasi
1640 4854 1798 4911 Chri-

226 4949 344 4997 stus
374 4950 499 5012 post
527 4943 805 5007 unionem,
842 4945 889 4999 si
915 4943 1073 4999 modo
1106 4946 1552 5015 compellationes
1581 4944 1723 4999 Deus
1745 4954 1801 5000 et

223 5044 377 5093 homo
408 5046 635 5094 naturas
666 5037 929 5103 indicant,
972 5046 1232 5109 tanquam
1270 5053 1390 5109 qua:
1418 5037 1485 5093 de
1503 5037 1689 5092 multis
1714 5036 1799 5091 di-

221 5144 445 5187 cuntur.
518 5131 893 5187 Confessionis
958 5130 1140 5202 itaque
1200 5130 1267 5185 de
1316 5130 1534 5185 Christo
1606 5144 1797 5183 verum

222 5221 488 5292 dogmain
516 5220 861 5276 Chalcedone
880 5220 1162 5275 celebrata:
1202 5218 1401 5274 divinae
1425 5217 1620 5288 synodi
1671 5231 1800 5271 san-

221 5324 433 5368 ctorum
452 5297 675 5367 Patrum
707 5311 953 5367 definitio
978 5320 1118 5366 recte
1140 5307 1689 5373 decernit,Christum
1708 5306 1802 5360 de-

222 5406 543 5470 terminans,
585 5419 751 5459 unam
806 5418 926 5459 esse
966 5418 1032 5458 ex
1076 5413 1265 5457 sancta
1316 5400 1583 5455 Trinitate
1635 5399 1794 5467 hypo-

220 5499 412 5553 stasim
442 5498 578 5552 duas
627 5506 853 5551 naturas
886 5495 1200 5562 habentem,
1245 5502 1497 5549 naturam
1555 5490 1795 5545 divinam

218 5604 269 5647 et
303 5600 553 5645 naturam
581 5592 899 5645 humanam.

1903 4773 1995 4811 νου
2047 4757 2374 4825 σαρκωθεὶς,
2435 4760 2527 4811 καὶ
2561 4758 3011 4830 ὲνανθρωπήσας,
3062 4752 3218 4823 οὗτος
3255 4762 3283 4813 6
3314 4760 3484 4823 ἀΐδιος

1905 4848 2033 4913 Υίδς
2054 4848 2343 4918 ἀτρέπτως
2374 4850 2465 4903 καὶ⁵
2490 4850 2885 4917 ἀναλλοιώτως,
2919 4853 3014 4907 καὶ
3036 4851 3273 4922 γεγονὼς
3307 4854 3381 4916 ὡς
3402 4847 3483 4914 εἷς

1904 4940 2012 4994 τῶν
2042 4939 2347 5011 ἀνθρώπων
2380 4944 2522 4998 κατὰ
2548 4943 2745 5010 πάντα,
2786 4947 2957 5016 χωρὶς
2989 4946 3285 5017 ἁμαρτίας,
3310 4961 3481 5014 προσ-

1901 5030 2139 5103 ειληφὼς
2160 5032 2257 5101 τὴν
2284 5033 2579 5103 ἡμετέραν,
2613 5037 2682 5108 ἥν
2715 5037 2815 5090 οὑκ
2841 5032 2976 5107 εἶχε,
3021 5038 3205 5106 φύσιν,
3243 5053 3481 5106 μεμενη-

1901 5124 2059 5187 κυίας
2111 5124 2260 5195 αὐτῷ
2313 5126 2413 5196 τῆς
2441 5127 2611 5195 θείας,
2642 5130 2711 5199 ἦν
2748 5130 2937 5194 ἀῐδίως
2966 5132 3207 5201 προεῖχε,
3242 5129 3478 5197 φύσεωςο

1902 5216 2155 5286 φανερόν,
2186 5217 2268 5270 ότι
2298 5220 2355 5271 ὲν
2382 5218 2474 5271 δύο
2498 5219 2692 5288 φύσεσι
2720 5222 2814 5274 καὶ
2836 5221 2930 5274 δύο
2953 5220 3144 5289 φύσεις
3174 5220 3313 5289 ἔχων
3334 5220 3483 5271 ἐστὶν

1905 5309 1933 5361 6
1961 5303 2042 5371 εἷς
2066 5312 2131 5380 τῇ
2162 5310 2455 5365 ὑποστάσει
2484 5313 2717 5384 Χριστὸς
2742 5314 2883 5383 μετὰ
2914 5314 3013 5384 τὴν
3060 5314 3255 5367 ἕνωσιν
3275 5330 3288 5343 ’
3324 5314 3483 5383 εἴπερ

1905 5399 1966 5451 τὸ
1998 5402 2140 5466 Θεὲς
2166 5401 2336 5473 ὄνομα
2357 5403 2452 5456 καὶ
2476 5404 2789 5472 ἄνθρωπος
2815 5404 3033 5473 φύσεών
3053 5407 3159 5458 είσι
3184 5404 3478 5472 δηλωτικὰ.

1904 5492 1976 5555 ὡς
2007 5493 2148 5546 κατὰ
2166 5495 2375 5547 πολλῶν
2393 5496 2689 5567 φερόμενα.
2708 5497 2915 5550 Οὐκοῦν
2934 5498 2996 5550 τὸ
3024 5498 3121 5567 τῆς
3148 5498 3227 5559 είς
3250 5490 3482 5566 Χριστὸν

1905 5585 2196 5654 ὁμολογίας
2224 5586 2318 5638 τοῦ
2362 5586 2688 5641 Ἀποστόλου
2744 5588 2996 5660 ἀληθινὸν
3022 5589 3198 5657 δόγμα
3243 5590 3271 5641 6
3291 5588 3390 5657 τῆς
3421 5588 3479 5638 ἐν

218 5682 522 5753 Χαλκηδόνι
549 5682 1063 5755 συγκεκροτημένης
1084 5681 1233 5742 θείας
1253 5681 1468 5735 συνόδου
1490 5678 1599 5733 τῶν
1627 5677 1798 5747 ἁγίων
1836 5676 2096 5746 Πατέρων
2142 5678 2267 5748 ὅρος
2320 5678 2625 5751 ὀρθοτομεῖ,
2685 5680 2775 5734 τὸν
2821 5681 3056 5750 Χριστόν
3108 5678 3305 5750 ὁρίζων
3350 5678 3481 5749 μίαν

221 5775 519 5829 ὑπόστασιν
571 5776 635 5828 ὲκ
680 5776 779 5846 τῆς
816 5777 975 5844 ἁγίας
1031 5776 1257 5843 Τριάδοέ
1285 5770 1445 5841 εἶναι,
1478 5773 1571 5827 δύο
1607 5773 1796 5841 φύσεις
1824 5771 2034 5841 ἔχοντα,
2079 5773 2240 5840 φύσιν
2261 5775 2410 5827 θείαν
2442 5776 2533 5829 καὶ
2557 5775 2718 5846 φύσιν
2748 5774 3118 5847 ἀνθρωπίνην.

291 5887 307 5918 ι
336 5884 526 5943 Matth.
571 5901 683 5953 xw,
720 5886 805 5941 l8.
880 5890 899 5917 ³
930 5887 1063 5943 Ibid.
1091 5887 1176 5940 16.
