3994 6614
388 414 492 478 593

1234 415 1668 477 REFUTATIO
1706 415 2090 477 EPISTOLE
2126 415 2356 481 REGIS
2396 417 2781 481 ΑΠΜΕΝΙΕ.

3541 411 3645 489 soi

456 523 518 592 γ’,
545 522 654 575 Καὶ
682 522 848 591 σαφὲς
882 523 1071 576 τούτου
1123 526 1493 596 παράδειγμα,
1528 530 1574 579 εί
1607 527 1780 590 θέλεις
1836 542 1962 579 συν-

2135 527 2187 580 5.
2221 525 2283 578 Ει
2313 527 2630 595 pratelarum
2689 527 2918 598 hujusce
2963 531 3038 585 rei
3098 533 3431 603 exemplum,
3485 535 3643 592 dunt-

387 616 534 686 ορᾷν,
565 609 666 667 ὦδε
696 630 708 642 °
736 615 1155 684 Προκείσθωσαν
1181 616 1273 669 οὑν
1297 618 1540 686 χρύσινοι
1579 621 1727 689 τρεῖς
1749 659 1762 682 ,
1808 620 1837 672 6
1881 616 1960 681 εἷς

386 706 677 778 ὲμὸληθεῖς
710 709 862 777 πυρὶ,
897 709 992 761 κοιλ⁵
1016 709 1289 777 πυριυθεὶς
1320 711 1536 777 ἐγένετο
1565 711 1694 782 πῦρ,
1725 729 1962 781 μεμενη-

385 799 494 864 κὼς
524 801 744 870 χρυσὸς,
777 787 886 865 οἷος
931 797 1018 872 ἦν.
1073 803 1144 856 Σὺ
1182 799 1274 856 οὖν
1307 805 1356 856 εί
1388 803 1536 873 θείης
1577 807 1634 858 ὲν
1663 805 1819 876 μέρει
1863 806 1962 876 μὲν

383 893 504 956 τοὺς
533 893 724 956 ἄλλους
750 894 843 946 δύο
872 895 1184 965 χρυσίνους,
1225 896 1283 948 ἐν
1325 897 1480 966 μέρει
1521 897 1576 950 δὲ
1605 898 1834 963 πολλοὺς
1864 899 1961 952 ἄν·

383 986 588 1057 θρακας
620 988 899 1058 πυρίνους,
932 984 1050 1042 εἶτα
1081 988 1170 1042 τὸν
1203 989 1460 1059 χρύσινον
1485 989 1576 1042 τὸν
1616 990 1955 1061 πυρωθέντα,

381 1077 606 1148 καὶπῦρ
638 1080 930 1148 γενόμενον
980 1081 1184 1150 μεταξὺ
1225 1081 1332 1134 τῶν
1362 1081 1538 1136 ἀλλων
1563 1081 1658 1136 δύο
1691 1085 1961 1154 χρυσίνων

379 1170 598 1223 καὶτῶν
635 1171 944 1241 ἀνθράκων,
974 1173 1065 1226 τὸν
1093 1173 1348 1242 διάμεσον
1374 1173 1469 1227 ἐὰν
1510 1175 1679 1246 θεάσῃ
1706 1175 1960 1246 χρὺσινον

377 1261 570 1332 ἔχοντα
592 1263 691 1334 τήν
722 1281 779 1316 τε
808 1263 972 1334 φύσιν
992 1266 1100 1318 τῶν
1123 1265 1297 1320 ἄλλων
1318 1265 1412 1320 δύο
1435 1267 1704 1338 χρυσίνων
1724 1267 1957 1333 τελείαν,

375 1358 653 1412 τουτέστιν
698 1358 828 1411 ὄντα
879 1360 1102 1429 χρυσδν,
1153 1359 1229 1422 ὡς
1254 1363 1366 1413 τοῖν
1398 1361 1542 1414 δυοῖν
1595 1359 1825 1412 ἐκείνοιν
1848 1362 1960 1413 τοῖν

376 1450 649 1520 χρυσίνοιν
679 1451 958 1521 ἑκάτερον,
984 1451 1078 1506 καὶ
1103 1453 1216 1505 τῶν
1245 1452 1535 1522 ἀνθράκων
1567 1452 1750 1521 φύσιν,
1772 1451 1960 1522 ἐπειδὴ

377 1542 488 1613 πῦρ
527 1545 698 1607 ἐστιν,
753 1543 942 1615 ὥσπερ
997 1546 1104 1598 τῶν
1136 1545 1313 1599 ἄλλων
1344 1545 1634 1614 ἀνθράκων
1685 1545 1958 1607 ἔκαστοςο

376 1635 464 1688 τον
499 1635 663 1688 αὑτδν
695 1635 758 1705 δὴ
789 1636 987 1706 τρόπον
1013 1639 1040 1689 6
1070 1636 1239 1700 ἀΐδιος
1294 1636 1422 1698 Υίος
1452 1637 1510 1703 ἐξ
1537 1635 1769 1707 οὐρανοῦ
1795 1653 1962 1689 κατα-

375 1726 495 1792 ϐὰς,
533 1729 630 1798 οὑχ
671 1729 970 1782 ὑπόστασιν
1026 1728 1084 1793 ἐξ
1135 1729 1314 1799 ἡμῶν,
1362 1729 1497 1783 ἀλλὰ
1551 1730 1650 1800 τὴν
1685 1730 1962 1800 ἡμετέραν

373 1818 536 1885 φύσιν
567 1819 748 1882 ἔλαϐε,
789 1821 881 1874 καὶ
905 1821 1128 1889 γέγονεν
1151 1824 1227 1885 ὡς
1257 1819 1338 1888 εἷς
1369 1824 1426 1889 ἐξ
1455 1822 1634 1894 ἡμῶν,
1656 1823 1732 1886 ὡς
1759 1825 1786 1877 6
1817 1823 1960 1885 θεῖος

370 1912 668 1976 ἀπίστολος
705 1913 916 1976 Παῦλος
947 1914 1116 1982 λέγει,
1146 1914 1544 1982 πεπειρᾶσθαι
1578 1913 1729 1968 κατὰ
1761 1913 1960 1970 πάντα

370 2005 506 2059 καθ’
537 2005 830 2073 ἡμετέραν
855 2009 1168 2075 ὁμοιότητα
1196 2007 1377 2076 χωρίς
1420 2008 1728 2076 ἁμαρτίας.
1766 2007 1959 2060 Τοίνυν

368 2092 463 2148 οὖν
501 2098 531 2149 ό
563 2097 733 2159 ἀΐδιος
787 2097 914 2159 Υἱὸς
943 2096 1056 2166 ἔχει
1089 2098 1190 2168 τήν
1218 2115 1278 2150 τε
1326 2097 1421 2150 τοῦ
1475 2097 1688 2170 Πατρός
1735 2097 1831 2151 καὶ
1863 2097 1956 2151 τοῦ

369 2187 528 2250 ἁγίου
555 2189 598 2242 Π
609 2188 694 2240 vati
704 2206 892 2257 ματος,
921 2189 989 2260 ἣν
1010 2190 1097 2244 ἀεὶ
1115 2192 1336 2260 προεῖχε
1359 2189 1544 2258 φύσιν,
1562 2189 1660 2259 τὴν
1681 2191 1958 2262 ἡμετέραν

368 2275 720 2349 ἀνθρωπίνην
781 2280 944 2348 φύσιν
987 2283 1124 2349 μετά
1156 2281 1251 2334 καί⁹
1300 2279 1397 2350 τὴν
1430 2279 1623 2334 ἑαυτοῦ
1657 2281 1955 2352 σάρκωσιν,

370 2371 469 2435 μία
501 2371 764 2442 ὑπάρχων
795 2372 858 2424 ἐκ
879 2375 976 2442 τῆς
1009 2372 1170 2440 ἁγίας
1213 2372 1447 2443 Τριάδος
1480 2371 1802 2438 ὑπόστασις,
1858 2374 1958 2443 τῆς

365 2465 532 2531 ἁγίας
590 2465 818 2534 Τριάδος
863 2465 1186 2536 προσθήκην
1212 2466 1312 2520 οὑκ
1364 2465 1776 2536 εἰσδεξαμένης.
1811 2466 1873 2519 Ei
1901 2466 1958 2520 δὲ

365 2555 526 2609 τοῦτο
558 2558 791 2628 φανερὸν
844 2557 938 2610 καὶ¹
990 2559 1104 2619 τοῖς
1136 2558 1306 2629 μικρὰ
1356 2557 1676 2628 δυναμένοις
1727 2560 1958 2630 συνορᾷν

365 2648 538 2713 ἐστιν,
563 2649 644 2702 ὅτι
681 2649 780 2720 τὴν
812 2649 1041 2703 σεαυτοῦ
1082 2649 1258 2715 δόξαν,
1297 2651 1396 2720 τὴν
1420 2653 1550 2722 περὶ
1582 2653 1711 2722 μιᾶς
1741 2653 1958 2720 φύσεως

365 2743 458 2796 τοῦ
495 2744 762 2813 Χριστοῦ,
785 2743 909 2797 οὔτε
937 2744 1047 2797 τῶν
1073 2745 1386 2800 ἀποστόλων
1406 2749 1434 2800 6
1453 2747 1614 2818 χορὸς
1645 2747 1957 2820 παραδέδω-

366 2853 484 2902 κεν,
523 2835 650 2890 οὔτε
679 2837 788 2907 μὴν
811 2839 865 2889 αἱ
893 2836 1047 2904 ἆγιαι
1084 2839 1235 2908 τρεῖς
1285 2837 1514 2902 σύνοδοι,
1560 2839 1618 2891 αἱ
1675 2839 1818 2894 κατά
1847 2839 1959 2892 δια-

365 2929 574 2999 φόρους
602 2930 828 3000 καιροὺς
861 2928 991 2999 παρ’
1016 2930 1256 2982 εὑσεῦὦν
1281 2930 1544 3000 βασιλέων
1571 2931 1798 3002 προνοίᾳ
1821 2931 1956 2984 Θεοῦ

367 3023 870 3092 συναθροισθεῖσαι,
905 3016 994 3084 αἶς
1023 3023 1114 3075 καὶ
1136 3023 1300 3086 αὑτὸς
1329 3022 1416 3076 διὰ
1443 3023 1539 3076 τοῦ
1577 3023 1669 3076 σοῦ
1692 3023 1957 3094 γράμμα-

363 3134 454 3180 τος
482 3115 892 3187 συνομολογεῖς.
928 3117 1022 3169 καὶ
1053 3115 1316 3188 ἀποδέχῃ,
1353 3116 1474 3169 ἐπεὶ
1505 3117 1826 3187 καθαιρέσει
1857 3115 1958 3185 μὲν

1989 1866 2035 1925 Β

2067 620 2226 673 tuodo
2249 619 2299 672 id
2335 635 2440 673 non
2475 636 2693 686 renuas,
2722 622 2816 676 tibi
2847 622 3060 678 habeto.
3085 624 3206 680 Sim
3237 627 3388 680 aurei
3431 627 3644 682 nummi

2064 721 2172 766 tres
2203 730 2215 766 :
2257 729 2398 766 unus
2430 713 2484 766 in
2517 712 2694 783 ignem
2727 714 3008 784 conjectus
3038 728 3090 772 et
3123 718 3326 788 ignitus
3357 719 3534 775 factus
3562 728 3646 776 est

2065 803 2227 872 ignis,
2259 821 2546 859 remanens
2566 805 2616 859 id
2649 806 2792 876 quod
2819 807 2969 876 prius
2991 819 3108 863 erat
3137 825 3350 863 aurum.
3377 809 3457 863 Tu
3486 825 3648 880 porro

2064 897 2108 950 si
2173 899 2484 967 seposueris
2541 900 2680 957 alios
2731 902 2872 958 duos
2903 919 3160 959 nummos
3207 919 3406 961 aureos
3445 907 3498 959 in
3537 921 3645 960 una

2064 998 2236 1058 parte,
2265 999 2319 1044 et
2363 1004 2428 1044 ex
2465 991 2570 1044 alia
2603 993 2803 1049 multos
2839 996 3109 1051 carbones
3146 996 3366 1068 ignitos,
3405 1006 3646 1067 postmo-

2062 1081 2192 1134 dum
2253 1081 2481 1150 ignitum
2515 1084 2664 1138 illum
2706 1101 2958 1148 aureum,
2985 1095 3038 1140 et
3086 1087 3264 1158 ignem
3291 1089 3403 1158 jam
3442 1089 3646 1144 factum

2065 1173 2208 1228 inter
2239 1175 2376 1230 alios
2405 1177 2544 1232 duos
2587 1194 2786 1234 aureos
2815 1191 2868 1235 et
2895 1182 3164 1237 carbones
3193 1183 3480 1252 coniicias,
3532 1200 3647 1237 ine-

2062 1261 2212 1317 dium
2234 1279 2517 1318 nutnmum
2549 1281 2773 1321 aureum
2804 1268 3099 1323 intueberis
3128 1279 3378 1324 naturam
3411 1271 3648 1325 aliorum

2062 1352 2295 1408 duorum
2355 1371 2644 1411 aureorum
2709 1358 2995 1414 habentem
3033 1360 3350 1428 perfectam,
3384 1371 3648 1432 tanquam

2063 1445 2156 1516 qni
2205 1461 2397 1501 aurum
2429 1458 2532 1512 est,
2574 1449 3036 1519 quemadmodum
3066 1461 3122 1505 et
3168 1452 3284 1506 duo-
3320 1453 3408 1507 alii
3471 1454 3644 1520 aurei,

2063 1539 2362 1594 carbonum
2392 1555 2614 1610 quoque
2646 1552 2924 1607 naturam,
2955 1543 3173 1614 quando
3201 1545 3342 1616 ignis
3375 1555 3478 1609 est.
3509 1547 3654 1602 sient

2063 1641 2117 1687 et
2169 1649 2236 1688 ex
2287 1633 2410 1688 aliis
2449 1635 2780 1690 carbonibus
2833 1636 3083 1706 quilibet.
3126 1636 3244 1690 Non
3292 1638 3396 1692 alia
3438 1639 3648 1692 ratione

2064 1725 2430 1796 sempiternus
2466 1725 2635 1783 Filius
2669 1728 2735 1782 de
2758 1729 2900 1783 cmlo
2929 1729 3267 1784 descendens
3294 1745 3398 1785 non
3433 1745 3462 1783 a
3491 1731 3649 1786 nobis

2069 1816 2426 1886 hypostasim,
2465 1821 2556 1875 sed
2583 1830 2828 1874 naturam
2857 1822 3089 1890 accepit,
3122 1833 3171 1876 et
3206 1821 3382 1877 factus
3415 1833 3495 1877 est
3522 1836 3647 1877 tan-

2063 1925 2226 1978 quam
2261 1926 2402 1966 unus
2425 1926 2490 1966 ex
2531 1911 2712 1968 nobis.
2751 1912 2815 1967 Et
2848 1914 3066 1968 divinus
3115 1915 3318 1970 Paulus
3362 1915 3645 1985 apostolus

2063 2002 2694 2068 asseverat,’tentatum
2749 2007 2912 2075 fuisse
2981 2022 3072 2075 per
3126 2009 3307 2061 omnia
3360 2008 3647 2062 scentulum

2063 2102 2298 2147 nostram
2323 2094 2725 2150 similitudinem
2760 2098 2952 2168 absque
2984 2108 3197 2167 peccato
3228 2100 3268 2152 ³.
3305 2099 3473 2169 Igitur
3507 2115 3648 2155 sem-

2061 2187 2309 2257 piternus
2371 2187 2544 2244 Filius
2595 2190 2756 2245 habet
2815 2189 2994 2247 Patris
3042 2201 3096 2247 et
3151 2193 3391 2263 Spiritus
3446 2195 3644 2254 sancti.

2061 2297 2238 2352 quam
2253 2298 2464 2352 semper
2485 2292 2642 2340 antea
2671 2285 3006 2354 possederat,
3027 2295 3300 2348 naturam,
3321 2292 3377 2340 et
3405 2294 3652 2338 nostram

2063 2375 2379 2440 humanam,
2407 2385 2528 2444 post
2561 2392 2715 2432 suam
2744 2377 3180 2432 incarnationem
3205 2418 3220 2441 ,
3251 2393 3375 2432 cum
3419 2377 3490 2432 sit
3540 2393 3646 2432 una

2061 2476 2264 2522 sancta:
2305 2467 2588 2526 Trinitatis
2633 2471 2962 2541 hypostasis,
2994 2471 3143 2525 nullo
3187 2480 3388 2525 sancite
3434 2469 3653 2524 Triadis

2061 2559 2452 2616 adtlitamento.
2481 2562 2535 2615 id
2586 2562 2630 2616 si
2680 2563 2752 2617 ita
2785 2571 2889 2625 est,
2937 2561 3286 2616 manifestum
3337 2562 3404 2615 sit
3430 2560 3518 2625 iis,
3553 2563 3646 2630 qui

2061 2651 2258 2722 pusilla
2283 2651 2444 2706 etiam
2468 2668 2664 2721 capere
2701 2661 2952 2723 possunt,
2999 2662 3148 2707 tuam
3189 2652 3256 2707 de
3304 2668 3411 2706 una
3443 2651 3656 2707 Christi

2063 2753 2259 2799 natura
2299 2744 2644 2809 sententiam,
2684 2759 2860 2814 neque
2890 2743 3263 2815 apostolorum
3295 2751 3518 2809 emtum,
3551 2758 3649 2796 ne-

2060 2851 2164 2906 que
2195 2846 2306 2892 tres
2329 2847 2549 2893 sanctas
2583 2836 2823 2909 synodos
2847 2835 3082 2891 diversis
3118 2836 3458 2905 temporibus
3484 2851 3511 2888 a
3543 2834 3655 2904 piis

2062 2927 2488 2996 imperatoribus
2510 2927 2694 2982 divina
2727 2925 3073 2981 Providentia
3103 2936 3481 2996 congregatas,
3511 2939 3652 2994 quas

2060 3029 2114 3074 et
2143 3019 2257 3089 ipse
2285 3036 2380 3090 per
2405 3029 2551 3075 tuam
2587 3020 2872 3089 epistolam
2906 3020 3123 3089 recipis,
3157 3029 3210 3074 et
3250 3019 3439 3074 eodem
3488 3027 3650 3089 atque

2062 3128 2164 3167 nos
2228 3111 2412 3166 animo
2474 3112 2864 3180 voluntateque
2920 3111 3156 3180 probas,
3208 3108 3518 3162 tradidisse.
3569 3111 3648 3161 Ad

364 3213 463 3283 τῆς
515 3210 613 3264 τοῦ
685 3212 919 3279 Ἀρείου,
982 3211 1076 3264 καὶ
1116 3210 1478 3273 Μακεδονίου,
1535 3210 1631 3264 καὶ
1663 3208 1959 3280 Νεστορίου

2063 3203 2388 3260 refellendas
2431 3202 2684 3273 equidem
2716 3201 2853 3267 Arii,
2880 3200 3178 3257 Macedonii
3207 3209 3260 3254 et
3288 3199 3520 3255 Nestorii
3555 3215 3648 3253 ve-

367 3305 694 3370 κακοδοξίας
719 3305 934 3375 πρῶτον
961 3304 1170 3357 σύνοδοι
1219 3302 1722 3373 συναγηγερμέναι,
1771 3303 1825 3355 ai.
1861 3301 1958 3370 μὲν

366 3398 639 3468 πρότεραι
689 3396 782 3449 δύο
827 3397 926 3467 τὴν
990 3397 1083 3449 ἐπὶ
1157 3395 1407 3466 θεολογίᾳ
1453 3395 1618 3466 ὀρθὴν
1670 3383 1960 3464 ὁμολογίαν

365 3489 687 3561 ὲτράνωσάν
712 3507 771 3542 τε
807 3489 902 3542 καὶ
928 3488 1246 3551 ὲθέσπισαν,
1293 3487 1388 3541 τοῦ
1429 3489 1710 3558 ὁμολογεῖν
1744 3488 1960 3560 ἀληθῶς

365 3581 455 3634 τὸν
484 3580 662 3634 ἀΐδιον
694 3581 821 3633 Υἱὸν
851 3581 946 3634 καὶ
976 3581 1148 3648 Λόγον
1181 3578 1276 3632 τοῦ
1300 3580 1435 3632 Θεοῦ
1472 3581 1566 3632 καὶ
1608 3581 1840 3650 Πατρδς,
1867 3583 1960 3633 καὶ

364 3674 426 3728 τὸ
454 3672 689 3744 Πνεῦμα
718 3672 778 3725 τὸ
801 3673 957 3739 ἆγιον
992 3671 1256 3742 ὀμοοὺσια
1277 3672 1355 3740 τῷ
1384 3673 1558 3742 Πατρὶ
1595 3673 1688 3725 καὶ
1719 3673 1958 3743 όμοφυῆ,

366 3765 461 3820 καὶ
491 3766 597 3835 τῆς
614 3765 786 3833 αὑτῆς
814 3765 906 3818 καὶ
937 3765 1067 3834 μιᾶς
1087 3763 1365 3834 θεότητος,
1396 3765 1658 3829 ίσοκλεῶς
1682 3764 1757 3835 τῷ
1786 3765 1960 3834 lia-cpi.

365 3855 456 3911 τὸν
487 3857 626 3910 Υίδν
679 3854 773 3909 καὶ
824 3854 886 3908 τὸ
945 3855 1100 3922 ᾶγιον
1164 3855 1394 3924 Πνεῦμα
1430 3856 1701 3926 μετέχειν,
1738 3857 1831 3909 καὶ
1865 3857 1962 3909 ἕνα

364 3949 501 4002 Θεὸν
532 3947 603 4000 τὰ
632 3947 757 4018 τρία
807 3945 1072 4012 δοξάζειν,
1106 3947 1209 4000 κᾶν
1262 3947 1389 4018 τρία
1439 3950 1554 4011 ταῖς
1598 3948 1826 4017 ἰδιότησι
1862 3965 1960 4000 πι-

368 4041 652 4111 στεύηται,
669 4039 765 4093 καλ⁵
787 4039 1082 4110 μηδέτερον
1103 4043 1184 4104 είς
1206 4042 1413 4111 κτίσμα
1435 4041 1641 4094 τούτων
1675 4041 1957 4109 κατάγειν.

410 4127 541 4190 ῦται
564 4132 620 4185 δὲ
648 4131 779 4202 περὶ
805 4133 933 4202 μιᾶς
957 4131 1170 4200 φύσεως
1199 4132 1294 4186 τοῦ
1321 4133 1463 4186 κατὰ
1487 4133 1723 4204 Χριστὸν
1757 4150 1964 4203 μυστη-

371 4226 486 4298 ρίου
509 4223 768 4294 οὐδαμῶς
796 4224 1092 4278 ὲθέσπισάν
1120 4242 1179 4278 τε
1205 4225 1302 4278 καὶ
1329 4225 1556 4296 ὥρισαν.
1602 4225 1665 4279 Ἦ
1689 4225 1746 4278 δὲ
1769 4225 1960 4296 πρώτη

371 4316 468 4387 μὲν
495 4318 556 4370 ὲν
577 4314 813 4385 Ἐφέσῳ,
830 4315 989 4386 τρίτη
1012 4314 1070 4368 δὲ
1098 4315 1235 4385 πρὸς
1261 4317 1382 4378 ταῖς
1425 4314 1579 4369 δυσὶν
1607 4315 1962 4386 οίκουμενικὴ

369 4409 501 4478 ἁγία
525 4407 768 4473 σύνοδος,
795 4407 939 4479 αὕτη
963 4407 1063 4478 μὲν
1087 4407 1188 4477 τὴν
1204 4407 1300 4460 τοῦ
1327 4408 1624 4476 Νεστορίου
1645 4406 1962 4473 κακοδοξίαν

371 4499 813 4573 θριαμϐεύσασα,
843 4500 964 4569 ἥτις
993 4501 1086 4553 τὸν
1118 4501 1212 4553 ἕνα
1239 4501 1474 4571 Χριστὸν
1498 4502 1590 4553 καὶ
1630 4500 1834 4572 Κύριον
1867 4501 1961 4556 καὶ

370 4593 504 4647 Θεὸν
535 4591 694 4662 ἡμῶν
743 4594 822 4656 είς
874 4593 968 4646 δύο
997 4593 1148 4656 υἱοὺς
1192 4594 1289 4646 καὶ
1320 4592 1414 4652 δύο
1443 4593 1710 4664 πρόσωπα
1733 4612 1961 4649 κατατε-

373 4689 494 4756 μεῖν
524 4685 815 4756 ὲτόλμησε,
842 4685 934 4739 καὶ
961 4685 1062 4757 τὴν
1097 4685 1376 4754 πάναγνον
1404 4686 1497 4739 καὶ
1542 4686 1706 4754 ἁγίαν
1747 4687 1960 4757 Παρθέ-

371 4796 464 4831 νον
495 4778 790 4832 Θεοτόκον
832 4777 1019 4832 καλεῖν
1070 4778 1613 4850 ἀπηρυθριασμένως
1668 4780 1696 4832 6
1728 4779 1962 4843 δείλαιος

372 4870 472 4924 οὑκ
501 4868 678 4939 ἠξίου,
735 4869 936 4941 μᾶλλον
970 4870 1068 4940 μὲν
1118 4867 1212 4924 οὖν
1239 4873 1668 4940 Χριστοτόκον,
1699 4871 1775 4934 ὡς
1807 4870 1963 4941 ψιλὸν

373 4960 664 5031 ἄνθρωπον
687 4963 1050 5033 γεννήσασαν.
1078 4963 1187 5026 Τὰς
1217 4964 1326 5034 γὰρ
1357 4964 1451 5018 δύο
1473 4965 1665 5034 φύσεις
1687 4964 1780 5018 τοῦ
1831 4965 1962 5034 Ἐμ-

379 5050 648 5123 μανουὴλ,
665 5051 723 5118 ἐξ
748 5045 822 5106 ὧν
841 5053 934 5106 καὶ
961 5053 1020 5106 ὲν
1047 5047 1136 5116 αἷς
1154 5055 1182 5107 6
1211 5054 1445 5125 Χριστὸς
1468 5055 1771 5127 ὲθεωρεῖτο,
1788 5056 1956 5125 ἤγουν

374 5141 477 5212 τὴν
494 5141 745 5212 Θεότητα,
769 5145 930 5213 φημὶ,
967 5144 1061 5199 καὶ
1080 5145 1180 5216 τὴν
1199 5145 1612 5215 ἀνθρωπότητα,
1644 5145 1748 5200 ἀνὰ
1791 5146 1956 5216 μέρος

377 5233 572 5300 τιθεὶς,
605 5235 700 5288 καὶ
735 5237 1116 5298 ίδιοσυστάτως
1144 5238 1350 5300 ταύτας
1401 5237 1700 5308 ὁμολογῶν,
1733 5240 1826 5312 κα).
1855 5238 1961 5308 φύ-

325 5347 347 5374 .-
380 5341 464 5378 σιν
483 5325 814 5396 ἀπρόσωπον
856 5328 932 5399 μὴ
984 5327 1243 5395 δοξάζων,
1287 5331 1382 5382 καὶ
1419 5329 1506 5384 διὰ
1526 5331 1683 5384 τοῦτο
1704 5330 1830 5384 ὅσαι
1865 5331 1963 5400 μὲν

378 5417 441 5470 ai.
455 5417 668 5486 φύσεις,
694 5420 930 5474 τοσαῦτα
955 5421 1050 5474 καὶ
1082 5422 1151 5475 τὰ
1179 5421 1446 5492 πρόσωπα
1477 5423 1840 5491 συνεισάγων,
1869 5422 1964 5476 καὶ

383 5509 639 5579 σχετικὴν
667 5510 859 5564 ἕνωσιν
881 5512 976 5566 τοῦ
1001 5511 1136 5566 Θεοῦ
1173 5514 1348 5582 Λόγου
1383 5515 1519 5585 πρὸς
1544 5514 1636 5569 τὸν
1651 5516 1716 5568 ὲκ
1739 5513 1959 5583 Μαρίας

382 5595 711 5671 γεννηθέντα
733 5603 1021 5673 ὡμολόγει.
1051 5606 1344 5678 Τοιγάρτοι
1381 5606 1572 5660 τοῦτον
1630 5605 1958 5677 ἀναθεματί-

385 5707 544 5759 casa,
577 5692 831 5749 ὲθέσπισέ
867 5712 926 5750 τε
963 5697 1057 5750 καὶ
1103 5698 1350 5770 ἐκύρωσε
1380 5697 1479 5770 τὴν
1509 5699 1630 5754 καθ’
1661 5699 1959 5752 ὑπόστασιν

494 5874 513 5903 ³
545 5871 710 5930 Hebr.
741 5892 813 5942 tv,
853 5876 944 5929 l5.

1986 4555 2039 4614 D

2063 3312 2230 3352 sanas
2247 3296 2534 3366 opiniones
2569 3295 2672 3350 illa:
2707 3304 2914 3351 coactae
2948 3303 3102 3358 sunt,
3139 3293 3329 3364 primae
3359 3295 3480 3348 duze
3519 3308 3652 3362 pro-

2062 3387 2356 3445 fessionem
2387 3388 2454 3444 de
2478 3388 2586 3444 Deo
2613 3399 2817 3443 rectam
2861 3397 3270 3458 exposuerunt,
3311 3395 3364 3440 et
3390 3385 3650 3440 decreve~

2063 3492 2208 3546 runt,
2238 3491 2298 3536 ut
2323 3497 2514 3537 omnes
2562 3496 2688 3537 vere
2719 3481 3074 3552 proﬁtentur,
3127 3479 3520 3549 sempiternum
3559 3476 3651 3532 Fi-

2062 3573 2193 3628 lium
2229 3583 2282 3629 et
2307 3572 2546 3628 Verbum
2573 3571 2667 3628 Dei
2713 3581 2769 3628 et
2795 3572 2994 3638 Patris,
3031 3587 3242 3626 necnon
3297 3579 3352 3626 et
3399 3580 3646 3626 sanctum

2065 3668 2328 3737 Spiritum
2392 3667 2633 3736 ejusdem
2683 3665 2937 3721 essentia:
2983 3673 3302 3733 naturaeque
3351 3679 3475 3717 esse
3522 3677 3665 3716 cninw

2062 3762 2245 3828 Patre,
2271 3772 2324 3816 et
2375 3761 2620 3816 eamdem
2652 3769 2892 3815 etunam
2937 3758 3276 3813 divinitatem
3311 3757 3505 3826 aequali
3535 3757 3650 3826 glo-

2063 3857 2142 3912 ria
2179 3871 2302 3912 cum
2347 3839 2506 3911 Patre
2537 3855 2736 3909 Filium
2790 3863 2846 3910 et
2890 3853 3154 3922 Spiritum
3197 3858 3448 3906 sanctum
3480 3851 3648 3920 parti-

2062 3949 2265 4018 cipare,
2293 3957 2347 4001 et
2378 3963 2546 4002 unum
2575 3945 2744 3998 Deum
2787 3945 2891 3999 tria
2923 3943 3038 3997 hate
3068 3943 3338 4006 confiteri,
3381 3940 3505 3994 licet
3531 3954 3651 4009 pro-

2063 4041 2387 4112 prietatibus
2418 4040 2521 4094 tria
2552 4053 2676 4094 esse
2728 4038 3042 4100 credantur,
3070 4045 3125 4089 et
3153 4050 3216 4088 ex
3273 4034 3360 4087 his
3392 4042 3646 4087 neutrum

2063 4135 2128 4188 ad
2163 4142 2445 4187 creaturas
2467 4129 2701 4185 deferre.
2738 4127 2805 4182 Et
2834 4129 2916 4182 ha:
2943 4129 3010 4180 de
3036 4141 3145 4180 una
3177 4133 3371 4179 natura
3407 4125 3664 4195 mysterii-

2063 4227 2362 4280 secundum
2389 4224 2667 4278 Christum
2694 4221 2827 4276 nihil
2853 4219 3225 4284 sanciveruut,
3271 4227 3363 4271 aut
3393 4217 3649 4272 delinive-

2065 4328 2211 4371 runt.
2264 4315 2446 4369 Prima
2507 4324 2687 4368 autem
2753 4309 3047 4382 Ephesina,
3102 4309 3196 4364 sed
3253 4309 3409 4363 tertia
3458 4307 3648 4361 ordine

2065 4407 2402 4464 munuenica
2439 4414 2629 4462 sancta
2659 4404 2921 4476 synodus,
2953 4401 3190 4457 Nestorii
3224 4400 3415 4456 haeresi
3457 4398 3645 4454 debel-

2067 4503 2211 4564 lata,
2257 4501 2348 4569 qui
2383 4515 2551 4553 unum
2609 4498 2884 4552 Christum
2917 4505 2970 4550 et
3024 4493 3314 4548 Dominum
3371 4501 3425 4546 et
3478 4489 3644 4542 Deum

2066 4603 2314 4649 nostrum
2359 4593 2412 4645 iu
2461 4591 2601 4646 duos
2636 4589 2797 4654 ﬁlios,
2840 4595 2895 4642 et
2924 4585 3063 4644 duas
3116 4598 3381 4656 personas
3408 4581 3649 4636 dividere

2064 4701 2274 4749 ausus,
2324 4681 2893 4737 immaculatissimam
2951 4688 3312 4748 sanctamque
3368 4674 3646 4746 Virginem

2061 4779 2302 4834 vocitare
2337 4776 2622 4845 Deiparam
2657 4771 3024 4827 inverecunde
3058 4769 3224 4824 nimis
3253 4768 3416 4822 miser
3458 4781 3648 4820 renue-

2061 4871 2171 4933 bat,
2208 4870 2300 4924 sed
2334 4868 2514 4938 potius
2547 4866 2963 4934 Christiparam,
2989 4873 3273 4931 tanquam,
3307 4875 3430 4929 quae
3448 4871 3644 4928 purum

2061 4962 2337 5017 hominem
2364 4960 2642 5030 genuisset
2675 4975 2687 5010 :
2723 4970 2959 5024 namque
2992 4956 3128 5007 duas
3154 4950 3528 5006 Emmanuclis
3551 4963 3648 5002 na—

2065 5064 2239 5117 turas,
2262 5069 2324 5106 ex
2375 5051 2574 5121 quibus
2603 5049 2731 5103 etin
2767 5046 2967 5116 quibus
2997 5044 3276 5098 Christum
3309 5039 3640 5108 contempla-

2065 5159 2210 5206 mur,
2234 5140 2485 5196 deitatem
2516 5150 2708 5206 nempe
2730 5144 2785 5188 et
2829 5132 3216 5187 humanitatem
3245 5144 3340 5198 per
3368 5144 3426 5182 se
3457 5142 3620 5180 unam

2063 5248 2339 5309 quamque
2373 5242 2656 5300 separans,
2687 5233 2741 5280 et
2762 5239 2917 5294 atque
2954 5237 3018 5276 ac
3042 5222 3086 5275 si
3118 5221 3336 5291 propria
3369 5217 3648 5289 hypostasi

2063 5329 2428 5386 subsisterent
2460 5332 2801 5380 asseverans,
2833 5326 2886 5370 et
2908 5315 3114 5381 absque
3140 5326 3370 5382 persona
3397 5319 3645 5363 naturam

2065 5419 2271 5476 nullam
2295 5427 2618 5486 agnoscens,
2649 5420 2704 5465 et
2752 5419 3035 5478 propterea
3073 5414 3149 5457 tot
3196 5417 3476 5473 personas,
3513 5411 3648 5471 quot

2065 5520 2222 5569 erant
2253 5517 2479 5568 naturai.
2513 5503 2888 5564 introducens,
2919 5497 3220 5552 secundum
3272 5495 3646 5550 habitudinem

2069 5603 2328 5661 unionem
2353 5599 2444 5654 Dei
2470 5597 2631 5654 Verbi
2664 5594 2732 5650 ad
2762 5609 2908 5655 cum,
2937 5589 3029 5659 qui
3059 5603 3122 5644 ex
3160 5585 3327 5642 Maria
3352 5594 3646 5658 prognatus

2070 5705 2209 5764 erat,
2240 5693 2541 5758 asserebat,
2573 5688 2822 5747 eumdem
2858 5685 3203 5742 anathemate
3261 5682 3427 5748 feriit,
3453 5681 3641 5736 decre-
