3994 6628
301 405 408 472 595

1568 423 1860 485 ΝΙΕΕΤέΕ
1899 428 2304 492 ΒΥΖΛΝΤΙΝΙ

3457 437 3560 501 596

298 525 487 595 vitque
541 537 594 583 et
651 531 934 586 constituit
987 533 1244 587 unionem
1297 534 1644 589 essentialcm
1687 547 1741 591 et
1791 554 1878 592 se-

1983 545 2076 596 καὶ
2099 543 2333 614 οὑσιώδη
2391 546 2586 600 ἕνωσιν
2615 547 2721 601 τῶν
2759 545 2852 600 δύο
2889 549 3126 617 φύσεων,
3161 551 3258 620 τῆς
3285 551 3559 624 θεότητος.

299 618 538 674 cundum
595 619 924 690 hypostasim
980 623 1210 677 duarum
1256 633 1613 686 naturarum.
1665 628 1884 683 deitatis

302 709 509 766 scilicet
542 719 594 768 et
623 713 996 776 humanitatis.
1053 717 1104 768 in
1139 731 1247 770 uno
1279 717 1517 781 Christo,
1549 735 1654 772 una
1687 737 1879 790 nempe

303 801 581 872 hyposlasi
614 805 913 860 observari.
967 806 1127 861 Nullo
1159 809 1341 879 itaque
1383 812 1544 865 modo
1574 824 1758 868 sancta
1792 831 1881 886 sy-

302 894 501 961 nodus,
525 897 722 965 vesani,
739 898 970 953 Nestorii
997 899 1330 968 opinionem,
1357 917 1478 971 qua!
1506 903 1641 958 duas
1658 906 1710 958 in
1733 906 1884 960 Chri-

302 993 388 1040 sto
429 1000 688 1052 personas
709 988 1007 1052 astrnehat,
1042 992 1433 1058 condemnans,
1457 1011 1618 1048 unam
1648 999 1698 1050 in
1724 997 1882 1052 Chri-

302 1084 390 1132 sto
451 1088 700 1136 naturam.
763 1096 985 1148 prorsus
1035 1086 1384 1139 asserendam
1440 1103 1560 1142 esse
1615 1089 1877 1144 decernit.

302 1166 515 1224 Etenim
549 1185 724 1242 neque
753 1172 923 1240 prima
953 1186 1140 1229 Sancta
1165 1180 1424 1247 synodus,
1447 1195 1568 1250 quae
1591 1190 1700 1236 tres
1730 1191 1885 1237 natu-

304 1275 397 1322 ras.
425 1260 481 1316 in
507 1261 726 1326 divinis,
757 1280 880 1333 quae
909 1275 1023 1321 erat
1054 1268 1169 1322 Arii
1196 1271 1404 1339 opinio,
1446 1273 1686 1337 sustulit,
1717 1276 1886 1342 proti-

303 1367 410 1412 nus
469 1361 525 1409 et
585 1354 813 1411 triadem
880 1356 1240 1427 hypostaseon
1314 1362 1618 1432 denegavit.
1686 1365 1774 1418 Sic
1832 1375 1884 1419 et

305 1441 580 1511 Ephesina
611 1447 766 1500 tertia
816 1450 1057 1518 synodus
1107 1451 1174 1506 de
1220 1453 1434 1508 duabus
1492 1457 1877 1526 hypnstasihus

304 1537 985 1597 sentcntiamanathemate
1007 1543 1225 1606 feriens.
1248 1562 1354 1599 non
1379 1548 1560 1602 statim
1581 1556 1633 1600 et
1659 1557 1881 1603 natura-

307 1642 428 1682 rum
461 1629 829 1688 diversitatem
863 1636 1261 1693 condemnavit.
1302 1639 1561 1704 Quinimo
1613 1640 1677 1693 ad
1712 1641 1883 1694 stabi-

305 1717 538 1776 liendam
573 1723 873 1779 secundum
911 1727 1242 1796 Iiypostasim
1272 1738 1325 1783 et
1346 1730 1688 1785 essentiaIc-m
1725 1732 1882 1784 unio-

305 1826 429 1866 nem
471 1823 792 1870 naturarum
834 1819 998 1873 unius
1035 1819 1261 1885 Chrisri,
1289 1821 1508 1876 deitatis
1547 1831 1598 1876 et
1633 1824 1884 1877 humani-

1985 635 2148 703 λέγω,
2183 637 2276 689 καὶ
2341 637 2436 706 τῆς
2469 637 2890 709 ἀνθρωπότητος
2943 640 3001 691 ἐν
3057 639 3134 710 τῷ
3189 641 3269 693 ἐν).
3318 642 3561 714 Χριστῷ,

1985 731 2150 799 ἤγουν
2171 733 2235 800 τῇ
2272 732 2370 802 μιᾷ
2408 733 2704 786 ὑποστάσει
2731 731 3076 804 θεωρεῖσθαι.
3112 734 3378 805 Οὑδαμῶς
3409 735 3499 788 οὖν
3523 736 3557 806 ἡ

1983 825 2284 896 ἀναιροῦσα
2307 827 2434 893 ἁγία
2463 827 2676 891 σύνοδος
2705 829 2765 880 τὸ
2797 827 2890 880 τοῦ
2925 827 3327 898 ματαιόφρονος
3350 829 3552 882 Νεστο·

1986 918 2102 989 ρίου
2130 917 2403 988 φρόνημα,
2421 918 2481 970 τὸ
2501 919 2723 983 δοξάζον
2762 921 2852 972 ἐπὶ
2876 918 3112 988 Χριστοῦ
3137 919 3230 972 δύο
3260 919 3554 989 πρόσωπα,

1986 1010 2294 1072 συνεισάγει
2345 1009 2642 1076 ἐξάπαντος
2694 1011 2753 1064 τὸ
2806 1011 2936 1080 μίαν
2991 1011 3152 1080 φύσιν
3183 1012 3274 1065 ἐπὶ
3323 1012 3561 1083 Χριστοῦ

1982 1103 2284 1171 ὁμολογεῖν.
2318 1103 2554 1174 Καὶγάρ
2585 1104 2674 1154 ἐπὶ
2704 1103 2803 1171 τῆς
2834 1102 3134 1170 θεολογίας,
3189 1104 3286 1174 οὑχ
3335 1106 3364 1172 ἡ
3406 1106 3561 1155 ἀναι-

1989 1195 2154 1262 ροῦσα
2182 1195 2376 1267 πρώτη
2409 1195 2540 1264 ἁγία
2573 1195 2788 1259 σύνοδος
2811 1195 2870 1248 τδ
2897 1196 3115 1266 τρισσὸν
3139 1196 3239 1266 τῆς
3271 1195 3562 1266 ὁμολογίας

1981 1287 2091 1339 τῶν
2123 1287 2340 1354 φύσεων
2392 1289 2454 1340 τὸ
2505 1288 2600 1341 τοῦ
2645 1289 2861 1360 Ἀρείου
2915 1289 3193 1358 φρόνημα,
3230 1288 3329 1358 ἤδη
3382 1288 3565 1340 καὶτὸ

1983 1379 2204 1449 τρισσὸν
2251 1379 2348 1448 τῆς
2412 1378 2763 1443 ὑποστάσεως
2820 1381 3032 1453 ἀνῄρει.
3099 1379 3284 1443 Οὕτως
3314 1382 3467 1449 καὶὴ
3507 1383 3565 1432 ἐν

1996 1473 2205 1541 Ἐφέσῳ
2234 1473 2360 1541 ἁγία
2391 1473 2547 1544 τρίτη
2585 1473 2800 1536 σύνοδος
2833 1472 3280 1542 ἀναθεματίσασα
3313 1473 3372 1524 τὸ
3391 1473 3565 1525 διττῖιν

1982 1565 2090 1617 τῶν
2121 1564 2470 1618 ὑποστάσεων
2501 1565 2776 1636 φρόνημα,
2821 1566 2922 1619 οὑκ
2970 1566 3071 1637 ῆίη
3103 1565 3197 1618 καὶ¹
3244 1564 3304 1617 τὸ
3331 1563 3437 1617 τῶν
3464 1563 3565 1632 φύ-

1985 1675 2123 1709 σεων
2150 1657 2404 1728 διάφορον
2428 1657 2628 1711 ἀνεῖλε.
2662 1657 2942 1726 Μενοῦνγε
2970 1657 3105 1727 πρὸς
3139 1655 3428 1727 βεϐαίωσιν
3463 1656 3563 1725 τῆς

1983 1752 2106 1804 καθ’
2134 1752 2428 1804 ὑπόστασιν
2463 1752 2556 1804 καὶ
2582 1751 2879 1814 οὑσιώδους
2911 1749 3157 1814 ἑνὼσεως
3201 1747 3312 1802 τῶν
3347 1747 3566 1817 φύσεων

1982 1843 2078 1897 τοῦ
2119 1842 2238 1905 ἐνὸς
2270 1845 2532 1915 Χριστοῦ,
2567 1845 2710 1914 φημὶ
2730 1843 2785 1895 δὲ
2813 1843 2910 1912 τῆς
2943 1841 3196 1912 θεότητος
3231 1841 3326 1896 καὶ
3350 1841 3563 1912 ἀνθρω-

308 1903 453 1967 tatis,
479 1904 716 1962 hominis
742 1910 1048 1980 exemplum
1081 1914 1508 1983 nsurpavit,'qui
1555 1930 1617 1968 ex
1659 1916 1878 1970 duabus

1987 1903 2244 2008 πότητος,
2270 1903 2363 1992 κάὶ
2386 1939 2479 1993 τόν
2509 1903 2944 2010 τιναηὰνθρωπον
2977 1903 3374 2008 ὑποδείγματος
3398 1903 3565 2008 χάριν

307 1995 540 2062 naturis,
600 2014 863 2070 corporea
918 2012 1082 2072 atque
1141 2004 1454 2074 incorporea
1495 2007 1787 2071 conﬂatus,
1829 2009 1884 2060 in

306 2088 520 2144 duabus
550 2093 758 2146 naturis
781 2095 1180 2162 consideratur,
1216 2098 1340 2153 licet
1398 2115 1502 2152 una
1545 2108 1753 2153 tantum
1790 2100 1885 2170 hy-

304 2184 540 2250 postasis
570 2185 639 2239 sit
668 2187 980 2257 quicunque
1010 2190 1191 2244 homo.
1220 2191 1284 2244 Et
1309 2193 1560 2262 quamvis
1579 2194 1882 2263 exemplum

305 2274 370 2330 de
406 2275 626 2333 homine
657 2280 973 2348 particulari
1020 2298 1126 2337 non
1158 2284 1211 2337 in
1251 2284 1506 2338 omnibus
1547 2285 1885 2340 assimilatnr
1959 2301 1970 2309 '

306 2366 494 2420 unioni
521 2366 757 2435 Christi,
809 2386 875 2424 eo
911 2381 1090 2427 tamen
1141 2374 1486 2430 solummodo
1515 2375 1582 2430 ad
1636 2377 1882 2430 insanam

303 2451 540 2512 Nestorii
581 2459 890 2527 opinionem
929 2463 1278 2520 refellendam
1313 2481 1411 2520 usa
1433 2477 1537 2529 est,
1577 2468 1665 2536 qui
1707 2468 1882 2538 palam

305 2542 610 2601 allirmabat
641 2549 844 2605 nullam
869 2566 991 2608 esse
1018 2555 1226 2624 absque
1259 2556 1476 2626 propria
1513 2573 1744 2626 persona
1789 2576 1884 2613 na-

305 2644 511 2702 turam,
538 2638 767 2707 fierique
813 2657 920 2696 non
965 2658 1145 2712 posse,
1179 2655 1239 2700 ut
1279 2647 1400 2702 diue
1441 2658 1650 2704 naturae
1685 2666 1883 2705 secun-

305 2725 434 2780 dum
471 2727 800 2798 hypostasim
830 2739 884 2787 et
916 2734 1461 2793 essentialilernnitze
1497 2738 1548 2793 in
1573 2757 1679 2794 una
1713 2741 1881 2813 hypo-

305 2818 437 2876 Stasi
472 2819 853 2887 observentur.
897 2840 1020 2894 quur:
1069 2842 1178 2881 non
1226 2827 1464 2884 inferant
1491 2840 1545 2886 et
1575 2835 1708 2887 duas
1758 2848 1881 2902 per-

305 2925 490 2974 sonas,
523 2913 670 2980 quod
724 2915 978 2972 unionem
1039 2921 1358 2986 scheticam,
1410 2925 1528 2978 sive
1578 2927 1879 2982 secundum

305 3001 704 3068 habitudinem.
757 3007 940 3073 efﬁcit,
989 3011 1223 3082 ideoque
1277 3014 1419 3070 duos
1463 3015 1603 3073 ﬁlios
1642 3031 1695 3072 ct
1741 3018 1882 3074 duos

301 3097 552 3156 Christos
579 3101 744 3156 miser
769 3102 1185 3172 depraedieahat.
1231 3107 1384 3163 lianc
1435 3109 1627 3166 falsam
1663 3113 1879 3181 opinio-

302 3204 426 3246 nem
460 3190 746 3258 dirimens,
792 3194 1028 3252 hominis
1057 3200 1367 3268 exemplum
1423 3206 1728 3272 usurpavit.
1769 3203 1882 3259 lmo

301 3283 588 3354 plerosque
615 3286 850 3344 deiferos
885 3289 1076 3346 Patres
1122 3293 1178 3347 in
1231 3306 1421 3350 sancta
1461 3299 1614 3352 tertia
1671 3299 1881 3370 synodo

300 3375 572 3446 Ephesina
595 3379 754 3438 divus
782 3382 1023 3453 Cyrillns
1057 3385 1110 3440 in
1155 3389 1395 3442 medium
1426 3390 1676 3455 adduxit,
1709 3393 1882 3447 stabi-

300 3469 438 3528 liens
461 3472 760 3528 secundum
797 3475 1129 3544 hypostasim
1184 3481 1441 3536 unionem
1481 3484 1531 3536 in
1569 3500 1674 3537 una
1709 3486 1880 3556 hypo-

300 3563 456 3624 stasi.
487 3564 579 3631 qui
615 3574 699 3620 est
726 3565 980 3624 Christus
1009 3569 1064 3624 in
1094 3569 1326 3626 diversis
1384 3575 1596 3628 naturis
1643 3577 1879 3644 agnitus.

299 3652 455 3718 Quod
491 3668 621 3708 vero
654 3654 708 3708 in
745 3654 978 3712 diversis
1011 3660 1217 3714 naturis
1261 3664 1596 3730 agnoscitur,
1655 3669 1882 3721 omnino

301 3744 356 3798 in
395 3745 501 3802 illis
521 3755 622 3808 est,
660 3746 714 3801 in
742 3748 944 3816 quibus
965 3752 1302 3821 agnoscitur.
1328 3756 1465 3810 Cum
1497 3757 1679 3826 itaque
1708 3761 1882 3816 ora'io

298 3837 757 3896 demonstraverit
777 3841 842 3896 de
877 3859 983 3898 una
1014 3843 1216 3900 Christi
1244 3857 1436 3903 natura
1458 3851 1878 3916 confessionem,

299 3940 477 3995 neque
508 3929 576 3982 ab
613 3931 874 3999 apostolis
895 3931 1063 3991 fuisse
1085 3945 1376 4001 assertam,
1397 3954 1574 4006 neque
1603 3955 1633 3995 a
1670 3943 1879 3999 sanctis

299 4018 474 4078 tribus
502 4023 726 4092 synodis
756 4025 1185 4093 constabilitam,
1227 4029 1431 4086 frustra
1461 4032 1596 4088 falsa
1619 4033 1880 4092 fabularis

296 4115 613 4181 enuntians,
647 4132 768 4174 eam
813 4134 843 4174 a
896 4123 1104 4179 sanctis
1151 4125 1414 4193 apostolis
1443 4127 1721 4193 traditam,
1755 4139 1807 4182 et
1848 4146 1878 4182 a

299 4207 500 4262 sanctis
533 4199 709 4264 tribus
773 4213 998 4282 synodis
1062 4213 1234 4272 fuisse
1276 4217 1699 4274 conﬁrmatam:
1750 4235 1876 4275 nam

297 4301 474 4356 oratio
506 4304 686 4368 potius
717 4315 1034 4365 naturarum
1065 4308 1438 4366 diversitatem
1470 4315 1524 4367 in
1580 4331 1690 4369 uno
1718 4315 1876 4370 Chri-

298 4399 385 4447 sto
414 4397 842 4462 reprmsentavit.
895 4400 1032 4455 Illud
1089 4411 1270 4456 autem
1335 4421 1552 4460 rursum
1609 4422 1875 4475 asserere,

297 4486 399 4539 cui
446 4489 690 4542 nonnulli
723 4505 787 4542 ex
827 4491 925 4544 hac
976 4495 1236 4548 sententia
1291 4512 1486 4567 nempe
1538 4499 1872 4566 amr-mante,

297 4576 464 4632 unius
493 4593 618 4633 esse
648 4590 855 4640 naturae
873 4583 1150 4638 Christum
1182 4597 1306 4655 post
1331 4588 1606 4654 unionem,
1632 4593 1875 4663 transfu-

297 4677 501 4736 gerunt,
535 4669 600 4724 ad
636 4685 731 4725 eos
761 4672 986 4739 scilicet,
1037 4677 1129 4745 qui
1167 4677 1306 4734 duas
1338 4690 1559 4737 naturas
1592 4684 1871 4741 Christum

299 4760 501 4815 habere
523 4773 641 4831 post
663 4763 920 4819 unionem
953 4768 1298 4838 proﬁtentur,
1325 4789 1590 4841 quosnam
1615 4777 1874 4846 ignoran-

297 4852 386 4908 tiae
412 4855 672 4910 terminos
718 4871 826 4912 non
858 4863 1196 4930 exsuperat?
1223 4863 1358 4930 Quis
1386 4867 1528 4920 cnim
1576 4885 1682 4924 non
1724 4871 1875 4926 novit

295 4954 504 5010 partem
526 4961 556 5001 a
588 4956 723 5014 toto,
749 4951 932 5007 minus
957 4967 985 5006 a
1021 4955 1333 5012 multesimo
1355 4958 1654 5017 decedere?
1675 4962 1737 5016 Et
1767 4980 1875 5019 non

296 5047 506 5091 contra.
537 5037 882 5110 QuaprOpter
905 5043 997 5112 qui
1027 5055 1222 5101 vestrae
1253 5058 1380 5104 sunt
1396 5053 1697 5120 sententiae,
1730 5054 1775 5108 si
1804 5057 1872 5109 ad

295 5141 411 5191 eos,
443 5128 537 5196 qui
587 5141 789 5186 nostra:
819 5143 964 5202 sunt,
1023 5150 1431 5209 comparentur,
1466 5143 1749 5199 minimam
1790 5156 1876 5200 at-

294 5233 401 5287 que
435 5218 674 5275 intimam
703 5235 910 5292 partem
932 5242 1203 5300 occupare
1227 5235 1652 5303 compcrientur.
1690 5236 1872 5303 Quare

294 5309 550 5368 indecore
569 5313 686 5403 agis
712 5315 900 5372 dicens
945 5335 1048 5376 nos
1077 5337 1143 5377 ex
1185 5339 1362 5379 vestra
1412 5329 1677 5382 sententia
1713 5329 1872 5385 aufu-

294 5399 455 5467 gisse.
482 5399 654 5468 Quin,
679 5415 736 5460 ut
765 5409 947 5476 potius
981 5426 1170 5471 verum
1221 5415 1430 5483 dicam,
1481 5433 1580 5474 vos
1630 5433 1660 5474 a
1709 5422 1866 5478 nobis

295 5489 630 5550 decessistis.

363 5691 417 5746 ι.
461 5691 610 5748 Infra
641 5696 800 5752 etiam
840 5700 891 5754 in
922 5701 1148 5771 cpistola
1181 5712 1270 5759 tua
1305 5706 1498 5764 nolens
1537 5720 1779 5766 sanctam
1813 5721 1867 5768 et

293 5786 654 5844 universalem
684 5794 948 5863 synodum
975 5797 1277 5864 admittere,
1297 5817 1456 5871 quam
1484 5820 1582 5860 nos
1614 5805 1756 5861 inter
1785 5823 1868 5863 rc-

289 5873 472 5946 liquas
523 5880 662 5938 alias
708 5897 926 5943 sanctas
978 5897 1086 5946 tres
1144 5893 1379 5961 synodos
1413 5910 1860 5969 annumeramus,

1989 2033 2372 2105 προσείληφεν,
2436 2032 2495 2098 δς
2530 2034 2593 2086 ἐκ
2623 2031 2716 2087 δύο
2753 2033 2849 2103 μὲν
2880 2031 3118 2100 φύσεων,
3180 2030 3434 2101 σώματός
3480 2047 3561 2096 τε,

1988 2124 2150 2196 φημὶ,
2199 2125 2293 2178 καὶ
2334 2125 2648 2195 ἀσωμάτου,
2703 2125 2802 2196 τὴν
2855 2123 3103 2178 σύνθεσιν
3133 2121 3353 2194 ἔσχηκε,
3387 2123 3480 2176 καὶ
3507 2124 3565 2174 ἐν

1984 2213 2078 2267 δύο
2125 2214 2321 2284 φύσεσι
2367 2215 2674 2285 θεωρεῖται,
2719 2214 2816 2286 μία
2870 2232 2954 2278 τις
3010 2214 3311 2277 ὑπόστασις
3361 2209 3566 2267 οὖσα.ὀ

1986 2306 2304 2361 καθέκαστα
2333 2305 2641 2379 ἄνθρωπος.
2683 2307 2792 2361 Καὶ
2813 2309 2874 2360 οὐ
2900 2306 3040 2360 κατά
3075 2307 3252 2361 πάντα
3287 2303 3566 2375 ἐξομοιού-

1990 2415 2150 2468 μενον
2185 2399 2245 2451 τὸ
2283 2399 2638 2470 παράδειγμα
2669 2400 2762 2454 τοῦ
2799 2417 2944 2465 τινος
2975 2399 3267 2471 ἀνθρώπου
3303 2399 3438 2469 πρὸς
3463 2397 3565 2468 τὴν

1986 2490 2128 2544 κατὰ
2184 2491 2418 2561 Χριστδν
2449 2490 2665 2557 ἕνωσιν,
2709 2492 2847 2546 ἀλλά
2911 2493 3073 2564 μόνον
3131 2493 3268 2563 πρὸς
3323 2490 3418 2563 τὴν
3466 2490 3563 2544 τοῦ

1986 2583 2283 2654 Νεστορίου
2312 2584 2603 2638 κακόνοιαν
2639 2586 3057 2656 ἁποτεινομένη,
3093 2584 3151 2649 ὃς
3183 2582 3391 2656 τρανῶς
3426 2581 3562 2651 εφα-

1988 2693 2108 2741 σκε,
2141 2675 2214 2748 μὴ
2241 2672 2380 2728 εἶναι
2429 2677 2591 2745 φύσιν
2639 2679 2809 2748 χωρὶς
2865 2677 3065 2730 οἰκείου
3121 2677 3435 2748 προσώπου,
3466 2673 3563 2727 καὶ

1985 2768 2250 2822 ἀδύνατόν
2277 2770 2425 2822 ἐστιν
2461 2769 2588 2822 ἰδεῖν
2617 2769 2710 2824 δύο
2749 2769 2940 2841 φύσεις
2973 2767 3096 2822 καθ’
3125 2768 3443 2830 ὑπόστασιν,
3462 2765 3560 2819 καὶ

1987 2859 2261 2924 οὑσιωδῶς
2305 2859 2593 2930 ἡνωμένας
2642 2862 2700 2913 ὲν
2739 2861 2837 2932 μιᾷ
2890 2860 3205 2921 ὑποστάσει,
3239 2856 3312 2929 μὴ
3345 2873 3561 2910 συνεισ-
3605 2859 3608 2862 ’

1987 2950 2227 3019 αγούσας
2253 2951 2344 3005 καὶ
2374 2951 2468 3005 δύο
2493 2952 2782 3022 πρόσωπα,
2815 2953 2948 3022 ὅπερ
2974 2953 3115 3005 ποιεῖ
3140 2949 3395 3021 σχετικὴν
3424 2948 3561 3001 ἔνω-

1989 3059 2091 3100 σιν.
2131 3043 2223 3095 καὶ
2269 3044 2356 3097 διὰ
2403 3043 2562 3097 τοῦτο
2615 3027 2706 3097 δύο
2734 3044 2904 3108 υἱοὺς,
2945 3044 3040 3096 καὶ
3073 3043 3167 3096 δύο
3213 3043 3501 3114 Χριστοὺς,
3535 3041 3564 3094 ὑ

1984 3135 2214 3198 δείλαιος
2239 3137 2528 3209 ἐκήρυττε.
2561 3137 2742 3209 Ταύτῃ
2772 3155 2851 3190 τοι
2877 3137 2975 3192 τήν
3005 3136 3172 3209 ψευδῆ
3221 3135 3377 3201 δόξαν
3406 3137 3560 3188 ἀναι-

1912 3269 1951 3324 C
1988 3227 2158 3297 ροῦσα
2206 3229 2284 3299 τῷ
2318 3246 2462 3293 τινος
2509 3229 2799 3302 ἀνθρώπου
2829 3231 3236 3324 παραδείγματι
3266 3230 3557 3324 ἐχρησατο.

2001 3321 2158 3374 Ἀλλά
2203 3323 2298 3376 καὶ
2329 3322 2558 3386 πολλοὺς
2606 3322 2713 3378 τῶν
2749 3323 3024 3393 θεοφόρων
3066 3322 3325 3395 Πατέρων
3355 3321 3432 3384 είς
3460 3320 3562 3390 τὴν

1986 3416 2106 3469 κατ’
2143 3416 2378 3484 Ἔφεσον
2405 3415 2568 3485 ἁγίαν
2597 3415 2789 3488 τρίτην
2835 3417 3053 3471 σύνοδον
3096 3415 3502 3487 προκεκόμικεν
3533 3415 3562 3468 ὁ

1986 3509 2042 3559 ὲν
2089 3507 2264 3576 ἁγίοις
2321 3507 2608 3578 Κύριλλος“,
2660 3507 2926 3561 συνιστῶν
2963 3507 3062 3579 τὴν
3113 3507 3233 3561 καθ’
3258 3507 3563 3560 ὑπόστασιν

1985 3599 2179 3652 ἕνωσιν
2219 3601 2275 3652 ὲν
2328 3601 2427 3670 μιᾷ
2475 3600 2791 3666 ὑποστάσει,
2846 3601 2904 3664 ὃς
2972 3603 3118 3653 ἐστιν
3157 3602 3184 3654 ὁ
3218 3600 3450 3671 Χριστὸς
3504 3600 3565 3652 ἐν

1983 3690 2262 3762 διαφόροις
2310 3691 2506 3758 φύσεσι
2561 3693 2985 3763 γνωριζόμενος.
3022 3693 3096 3744 Τὸ
3123 3691 3166 3744 δ’
3203 3693 3260 3745 ὲν
3283 3691 3564 3763 διαφόροις

1987 3784 2182 3849 φύσεσι
2215 3781 2620 3853 γνωριζόμενον
2655 3783 2872 3847 πάντως
2913 3784 3007 3836 καὶ
3039 3783 3096 3835 ὲν
3119 3781 3355 3845 ἐκείναις
3391 3783 3560 3852 ἐστὶν,

1984 3877 2042 3928 ἐν
2068 3869 2267 3938 αἶςκαὶ
2283 3873 2630 3946 γνωρίζεται.
2665 3875 2822 3928 Ἐπεὶ
2847 3871 2939 3928 οὖν
2961 3875 2988 3928 ὁ
3012 3873 3168 3943 λόγος
3193 3873 3559 3945 παρέστησεν,

1983 3965 2064 4017 ὃτι
2102 3963 2200 4035 τὴν
2231 3963 2360 4035 περὶ
2388 3965 2520 4034 μιᾶς
2571 3963 2786 4030 φύσεως
2834 3961 2929 4016 τοῦ
2983 3961 3220 4034 Χριστοῦ
3248 3957 3561 4032 ὁμολογίαν,

1982 4052 2106 4107 οὕτε
2151 4071 2234 4117 τις
2283 4054 2392 4106 τῶν
2421 4054 2738 4107 ἀποστόλων
2771 4053 3013 4124 εἴρηκεν,
3058 4050 3181 4105 οὕτε
3229 4051 3334 4122 μὴν
3366 4051 3431 4104 ὲκ
3449 4050 3563 4103 τῶν

1983 4146 2154 4214 ἁγίων
2177 4146 2344 4216 τριῶν
2375 4145 2606 4199 συνόδων
2639 4144 2965 4215 ἐϐεϐαιώθη,
2989 4143 3185 4214 Μάτην
3225 4142 3564 4212 ψευδοεπεῖς,

1982 4239 2178 4307 λέγων,
2235 4241 2428 4308 ὅτιπερ
2473 4238 2538 4290 ἐκ
2577 4237 2684 4290 τῶν
2716 4237 2885 4304 ἁγίων
2911 4233 3224 4289 ἀποστόλων
3262 4234 3558 4306 παρεδόθη,

1982 4335 2046 4386 ἐκ
2096 4332 2154 4386 δὲ
2180 4332 2286 4385 τῶν
2313 4332 2484 4399 ἁγίων
2510 4331 2678 4402 τριῶν
2711 4329 2942 4383 συνόδων
2971 4327 3276 4398 ἐϐεϐαιώθη
3296 4345 3310 4362 ·
3344 4330 3372 4381 ὸ
3403 4327 3562 4395 λόγος

1981 4425 2090 4496 γάρ
2123 4423 2322 4496 μᾶλλον
2355 4423 2464 4476 τῶν
2493 4421 2708 4492 φύσεων
2738 4422 2798 4476 τὸ
2825 4422 3080 4494 διάφορον
3106 4423 3164 4476 ὲν
3193 4421 3272 4492 τῷ
3313 4421 3392 4474 ἐνὶ
3424 4422 3561 4492 Χρι-

1983 4516 2093 4588 στῷ
2125 4517 2454 4587 παρέστησε.
2488 4516 2562 4569 Τὸ
2587 4515 2643 4568 δὲ
2675 4514 2838 4569 πάλιν
2865 4515 3168 4586 εἰρηκέναι,
3191 4515 3242 4568 εί
3278 4513 3379 4568 καί
3402 4529 3561 4579 τινες

1910 4611 1955 4667 D
1984 4611 2052 4665 ἐκ
2078 4611 2300 4677 ταύτης
2325 4611 2514 4682 (ήγουν
2543 4610 2640 4680 τῆς
2668 4609 2848 4678 δόξης,
2873 4608 2971 4680 τῆς
3006 4608 3272 4678 λεγούσης
3296 4610 3422 4678 μιᾶς
3455 4608 3560 4676 φύ-

1985 4720 2122 4766 σεως
2140 4698 2277 4755 εἶναι
2294 4702 2385 4756 τὸν
2409 4702 2642 4774 Χριστὸν
2667 4702 2806 4773 μετά
2827 4700 2927 4774 τὴν
2945 4700 3164 4771 ἕνωσιν)
3184 4701 3555 4770 ἀπέδρασαν,

1983 4794 2058 4858 ὡς
2084 4793 2243 4866 δῆθεν
2265 4794 2390 4858 τοὺς
2410 4793 2502 4846 δύο
2535 4791 2727 4863 φύσεις
2746 4792 2836 4846 τὸν
2863 4793 3098 4865 Χριστὸν
3126 4793 3270 4864 ἔχειν
3298 4793 3436 4864 μετά
3458 4796 3558 4865 τὴν

1986 4887 2179 4942 ἕνωσιν
2200 4885 2615 4957 ὁμολογοῦντας,
2643 4885 2702 4950 ἐξ
2731 4885 2910 4940 αὑτῶν
2933 4885 3380 4956 ἀποδεδρακέναι,
3399 4888 3558 4956 ποίας

1985 4981 2227 5053 ἀμαθίας
2253 4980 2555 5050 ἀνάμεστον
2583 4979 2681 5031 οὐκ
2708 4978 2773 5032 ἂν
2793 4977 2877 5049 εἴη
2899 4995 2916 5042 ;
2937 4978 3032 5042 Τίς
3062 4979 3170 5048 γὰρ
3201 4979 3264 5032 οὑ
3297 4979 3556 5045 σύνοιδεν,

1985 5075 2065 5128 ὄτι
2093 5073 2154 5127 τὸ
2191 5073 2358 5144 μέρος
2395 5073 2459 5124 ὲκ
2490 5069 2582 5124 τοῦ
2610 5069 2755 5136 ὅλου,
2786 5069 2846 5122 τὸ
2879 5069 3157 5137 ὀλιγοστὸν
3193 5070 3258 5123 ἐκ
3299 5071 3394 5124 τοῦ
3429 5072 3556 5125 πολι

1984 5166 2176 5221 λοστοῦ
2203 5165 2444 5235 ἀποδρᾷν
2473 5163 2696 5216 εἴωθεν·
2733 5162 2793 5214 οὑ
2833 5162 2938 5232 μὴν
2969 5161 3240 5232 ἔμπαλιν;
3275 5165 3363 5215 Διὸ
3388 5165 3436 5217 οἱ
3461 5165 3554 5234 τῆς

1984 5256 2254 5327 ὑμετέρας
2278 5253 2436 5324 δόξης
2467 5251 2604 5322 πρὸς
2625 5251 2750 5313 τοὺς
2783 5249 2882 5319 τὴν
2920 5251 3194 5322 ἡμετέραν
3224 5253 3555 5322 πρεσϐεύον-

1979 5365 2079 5411 τας
2123 5349 2171 5400 εἱ
2203 5345 2623 5418 παραϐληθεῖεν,
2668 5343 2730 5398 sb
2758 5343 3033 5410 ὀλιγοστὸν
3062 5343 3127 5397 ἂν
3153 5346 3247 5413 καὶ
3276 5345 3556 5416 ἐλάχιστον

1982 5441 2171 5512 μόριον
2202 5439 2416 5512 ἔχοντες
2453 5443 2691 5509 φανεῖεν.
2745 5441 2908 5495 Ὥστε
2936 5443 2997 5495 οὑ
3027 5443 3107 5496 δεῖ
3157 5441 3556 5510 ἀποφαίνεσθαί

1981 5551 2059 5600 σε,
2093 5534 2240 5605 ἡμᾶς
2269 5533 2688 5605 ἀποδεδρακέναι
2715 5535 2778 5588 ὲκ
2801 5535 2899 5604 τῆς
2923 5535 3192 5607 ὑμετέρας
3214 5535 3389 5606 δόξης,
3419 5535 3555 5592 ἀλλὰ

1985 5625 2184 5697 μᾶλλον
2215 5625 2443 5697 τάληθὲς
2473 5627 2666 5690 εἰπεῖν,
2705 5627 2843 5696 ὑμᾶς
2881 5627 2938 5696 ἐξ
2969 5627 3146 5698 ἡμῶν.

2049 5717 2111 5774 δ’.
2144 5719 2507 5790 Παρακατιὼν
2538 5721 2594 5775 δὲ
2623 5723 2678 5775 ἐν
2715 5722 2792 5793 τῷ
2823 5723 3112 5793 γράμματί
3141 5739 3254 5788 σου,
3293 5723 3383 5774 καὶ
3411 5721 3549 5776 ἀπο·

1976 5811 2254 5867 δυσπετῶν
2295 5814 2430 5884 πρὸς
2480 5816 2576 5882 τὴν
2607 5815 2879 5885 ἀποδοχὴν
2909 5816 3003 5884 τῆς
3044 5816 3204 5882 ἁγίας
3244 5814 3336 5867 καὶ
3371 5817 3551 5868 οἰκον-ο

1981 5901 2206 5973 μενικῆς
2241 5905 2504 5976 τετάρτης
2530 5906 2770 5974 συνόδου,
2797 5905 2883 5960 διὰ
2914 5905 2972 5960 τὸ
3019 5907 3163 5975 ἡμᾶς
3195 5904 3546 5976 συναρίθμιον
