3994 6614
366 413 468 480 597

1206 412 1639 473 REFUTATIO
1665 412 2046 475 EPISTOL/E
2084 417 2316 480 REGIS
2356 421 2749 483 ARMENIZE'.

3501 423 3608 487 598

365 523 588 593 ποιῆσαι
621 521 700 591 τῷ
727 518 946 591 ἀριθμῷ
987 519 1095 573 τῶν
1131 519 1335 575 λοιπῶν
1396 523 1564 593 ἁγίων
1604 526 1770 595 τριῶν
1801 544 1929 581 συν·
1961 532 1976 587 Α

2061 531 2190 598 μισεί
2211 547 2277 586 ex
2304 532 2610 587 rationabili
2637 547 2802 589 causa
2832 545 2951 589 eam
2985 547 3207 604 respuas
3235 533 3427 590 similia
3471 537 3611 592 seri-

365 613 521 676 όδων,
560 613 654 664 καὶ
677 610 864 680 ὥσπερ
901 608 961 677 ἐξ
984 610 1206 678 εὐλόγου
1225 612 1399 676 αἰτίας
1424 613 1626 686 ταύτην
1648 616 1937 671 ἀπαναινό-

369 720 548 774 μενος,
607 703 786 756 τοιάδε
833 703 1099 773 γράφεις⁶
1138 699 1280 757 Οἶδα
1320 705 1454 774 μὲν,
1505 705 1593 760 ὅτι
1635 708 1747 761 οὐκ
1805 708 1938 764 ἐστι

369 795 772 865 κεκρυμμένος
825 797 912 862 εὶς
969 795 1124 866 ὑμᾶς
1167 799 1199 851 ό
1233 799 1450 869 τρόπος
1491 797 1602 868 τῆς
1655 800 1939 870 τετάρτης

368 889 654 954 συνόδου,
686 889 775 943 ὅτι
800 891 870 944 ἐν
897 889 978 955 τῷ
1005 891 1296 961 γράμματι
1334 891 1522 961 αὐτῆς
1560 893 1597 962 ἡ
1634 893 1938 964 ἁγιωσύνῃ

367 998 484 1037 σου
514 982 784 1052 ἐμνήσθη
831 985 1057 1052 ταύτην
1094 984 1209 1052 τὴν
1249 984 1535 1051 σύνοδον,
1584 987 1682 1042 καὶ
1726 986 1941 1053 ἔταξεν

365 1075 562 1142 αὐτὴν
575 1076 726 1145 μετὰ
757 1073 875 1130 τῶν
905 1076 1134 1130 λοιπῶν
1161 1077 1338 1147 τριῶν
1374 1079 1673 1147 συνόδων,
1709 1080 1806 1136 καὶ
1852 1081 1942 1136 θέ-

367 1171 459 1222 λει
492 1167 592 1222 καὶ
621 1167 780 1237 ἡμᾶς
822 1169 1052 1236 ταύτην
1079 1168 1381 1240 δέχεσθαι,
1410 1169 1490 1241 ἣν
1515 1173 1627 1227 οὐκ
1656 1173 1941 1239 ἐδέξαντο

369 1261 424 1313 οι
454 1259 923 1328 Πατέρεςῄμῶν,
953 1260 1091 1314 οὔτε
1124 1263 1180 1315 oi
1207 1260 1563 1319 διδάσκαλοι
1595 1264 1781 1334 ἡμῶν,
1814 1264 1942 1318 ecu-

371 1352 654 1422 στάμενοι
695 1355 806 1422 τὴν
839 1356 1211 1424 κενοφωνίαν
1237 1354 1424 1423 αὐτῆς
1460 1357 1528 1411 ἐκ
1565 1357 1684 1411 τῶν
1713 1357 1944 1413 λοιπῶν

371 1443 547 1514 τριῶν
571 1445 868 1512 συνόδων,
907 1447 1029 1501 τῶν
1070 1446 1576 1518 διαγνωσθέντων,
1623 1450 1720 1503 καὶ
1765 1468 1946 1518 ampu-

374 1537 608 1600 ξάντων
631 1539 751 1602 ὅλῳ
778 1538 858 1604 τῷ
892 1541 1100 1609 κόσμῳ
1129 1540 1238 1596 τὸν
1261 1541 1368 1596 ἕνα
1387 1542 1646 1610 Χριστὸν
1673 1543 1771 1596 καὶ
1807 1543 1946 1596 Υὶόν

373 1629 470 1681 καὶ
505 1630 741 1697 Κύριον,
798 1631 1092 1687 ἐνωθέντα
1132 1633 1200 1686 ἐκ
1229 1632 1336 1686 δύο
1368 1634 1631 1702 φύσεων,
1677 1634 1946 1703 ἀσυγχύ-

374 1739 506 1788 τως,
556 1724 652 1776 καὶ
697 1724 1016 1793 ἀτρέπτως,
1053 1725 1152 1780 καὶ
1203 1726 1570 1794 ἀχωρίστως,
1614 1726 1723 1796 τῆς
1757 1725 1947 1796 αὐτῆς

2041 622 2125 678 bis
2160 641 2174 677 :
2218 622 2314 678 Sat
2356 625 2473 680 novi
2505 626 2646 694 apud
2673 642 2758 680 vos
2788 641 2890 680 non
2934 643 3047 681 esse
3094 627 3146 681 in
3176 629 3382 682 occulto
3407 637 3611 698 quarta!

2039 715 2224 784 synodi
2258 716 2490 786 modum,
2522 718 2675 788 cujus
2699 719 2954 774 sanctitas
3000 727 3092 772 tua
3115 719 3171 772 in
3207 719 3433 788 epistola
3466 737 3612 774 men-

2041 807 2232 862 tionem
2257 808 2488 878 induxit,
2508 827 2725 880 eamque
2754 827 2859 867 una
2893 826 3010 866 cum
3039 812 3159 867 aliis
3207 811 3374 865 tribus
3399 814 3611 882 synodis

2040 900 2314 958 collocavit
2342 917 2361 956 :
2401 904 2643 974 cupitque
2695 921 2787 959 nos
2821 921 2935 958 eam
2970 906 3230 974 recipere,
3259 921 3419 976 quam
3451 921 3614 976 neque

2040 991 2252 1056 Patres,
2276 1011 2433 1064 neque
2455 996 2694 1053 doctores
2719 997 2883 1051 nostri
2913 1006 3236 1067 receperunt,
3255 997 3474 1052 scientes
3497 1013 3614 1052 eam

2041 1085 2163 1140 aliis
2200 1088 2365 1142 tribus
2395 1090 2632 1160 synodis,
2665 1106 2784 1159 qua:
2820 1090 3260 1156 determinaruut,
3297 1099 3346 1144 et
3373 1091 3614 1146 universo

2045 1185 2306 1232 terrarum
2329 1181 2444 1235 orbi
2469 1188 2893 1252 promulgarunt,
2921 1198 3085 1236 unum
3140 1182 3410 1236 Christum
3434 1192 3484 1237 et
3512 1181 3614 1236 Fi-

2043 1269 2174 1322 lium
2225 1279 2273 1323 et
2307 1269 2591 1325 Dominum
2632 1272 2838 1325 unitum
2866 1287 2929 1325 ca:
2952 1270 3154 1325 duabus
3187 1273 3395 1327 naturis
3432 1271 3616 1326 incon-

2046 1360 2181 1429 fuse,
2230 1361 2631 1417 immutabiliter
2705 1373 2754 1417 et
2825 1362 3270 1430 inseparabiliter,
3315 1362 3512 1416 absona
3555 1377 3620 1414 ac

2045 1450 2249 1505 diversa
2280 1451 2563 1515 censuisse,
2584 1467 2702 1505 cum
2737 1462 2940 1506 asserat
2969 1452 3104 1504 duas
3139 1461 3359 1506 naturas
3396 1451 3617 1513 divisas,

2045 1550 2095 1593 et
2118 1542 2529 1609 operationes,et
2551 1541 2870 1609 voluntates,
2904 1541 3150 1596 Nestorio
3183 1543 3306 1612 ipsi,
3341 1542 3475 1595 duas
3501 1559 3620 1610 per-

2046 1651 2202 1690 sonas
2229 1637 2276 1689 si
2314 1637 2570 1706 excipias,
2607 1638 2966 1700 consentiens;
2995 1635 3086 1691 ille
3100 1637 3236 1690 enim
3267 1636 3462 1704 fatetur
3482 1637 3618 1689 duas

2047 1745 2317 1798 personas,
2352 1730 2585 1799 synodus
2621 1746 2802 1794 unam,
2867 1731 3043 1800 sicque
3092 1728 3402 1783 orthodozis
3439 1729 3620 1798 {urunt

372 1814 643 1870 συνόδου
670 1817 757 1881 εις
779 1816 888 1871 δύο
911 1818 1128 1886 φύσεις
1154 1819 1601 1889 κεχωρισμένας
1621 1821 1942 1891 λεγούσης,

2061 1823 2250 1877 faciens
2299 1822 2450 1891 quasi
2497 1838 2601 1875 non
2651 1823 2943 1876 consentiat
3001 1819 3271 1876 Nestorio.
3321 1820 3624 1875 Admiratio

373 1904 470 1958 καὶ
502 1907 822 1975 ἐνεργείας,
867 1909 964 1962 καὶ
1024 1912 1325 1979 θελήσεις,
1369 1911 1819 1982 όμοφωνήσασα
1868 1912 1950 1980 τῷ

373 1998 692 2065 Νεστορίῳ,
746 1999 912 2068 πλὴν
947 2003 1033 2066 εὶς
1084 2002 1154 2056 τὰ
1202 2003 1312 2057 δύο
1355 2004 1676 2072 πρόσωπα·
1713 2005 1948 2060 ἐκείνου

370 2087 486 2157 μὲν
520 2089 807 2158 λέγοντος
832 2091 943 2146 δύο
985 2095 1295 2163 πρόσωπα,
1340 2095 1530 2164 αὐτῆς
1559 2096 1629 2149 δὲ
1673 2096 1949 2161 δοξαζού-

372 2196 494 2247 σης
519 2181 608 2248 ἓν,
650 2183 748 2237 καὶ
802 2185 900 2239 διὰ
927 2186 1102 2240 τοῦτο
1151 2187 1294 2252 τοὺς
1326 2187 1685 2255 όρθοδόξους
1729 2188 1948 2258 χλευά·

373 2291 560 2340 σασα,
595 2277 683 2331 ὅτι
718 2279 788 2332 οὐ
816 2280 1131 2349 συμφωνεῖ
1163 2280 1240 2346 τῷ
1283 2281 1602 2350 Νεστορίῳ.
1639 2280 1949 2350 Θαυμάζειν

379 2385 472 2436 μοι
533 2367 713 2423 ἔπεισι
753 2370 977 2424 τοιαῦτα
1017 2373 1317 2442 γράφοντός
1357 2390 1450 2426 σου
1477 2391 1490 2404 '
1526 2372 1647 2426 οὑδὲ
1683 2373 1790 2443 γάρ
1826 2391 1950 2425 συν·

377 2460 537 2531 ἧκαςς
569 2461 645 2526 ὦς
675 2463 738 2532 γέ
776 2481 865 2534 μοι
913 2463 1060 2517 δοκεῖ
1106 2467 1170 2518 ὲκ
1215 2465 1322 2518 τῶν
1355 2465 1463 2518 σῶν
1514 2467 1797 2538 ῥημάτων,
1846 2467 1948 2536 τῆς

380 2553 541 2619 ἁγίας
582 2554 852 2624 τετάρτης
910 2555 1128 2608 συνόδου
1185 2557 1245 2609 τό
1288 2574 1349 2609 τε
1399 2556 1642 2626 βούλημα
1705 2558 1796 2610 καὶ
1852 2557 1954 2628 τὴν

382 2647 786 2717 πραγματείαν.
817 2649 1068 2719 Οὑδαμοῦ
1099 2649 1204 2720 γάρ
1235 2650 1483 2718 φαίνεται
1518 2649 1793 2720 ἡτοιαύτη
1821 2651 1954 2718 ἁγία

384 2736 618 2802 σύνοδος,
653 2737 744 2789 δύο
774 2737 963 2805 φύσεις
1002 2741 1411 2811 κεχωρισμένας
1459 2741 1837 2803 ίδιοσυστάτιυς
1866 2737 1955 2792 οὑ-

385 2845 505 2893 σας,
534 2831 628 2881 καὶ
654 2829 774 2882 καθ’
799 2831 995 2894 ἑαυτάς
1022 2832 1124 2885 ἀνά
1161 2833 1325 2902 μέρος
1353 2833 1705 2902 ὑπαρχούσας
1738 2833 1829 2884 ἐπὶ
1859 2830 1953 2884 τοῦ

384 2921 526 2972 κατά
569 2919 800 2991 Χριστὸν
840 2924 1138 2993 μυστηρίου
1187 2924 1505 2989 δοξάζουσα,
1550 2927 1597 2978 εἰ
1637 2926 1728 2978 καὶ
1755 2924 1956 2986 ἀδίκως

386 3013 514 3082 παρ’
545 3013 698 3084 ὑμῶν
736 3018 1168 3085 συκοφαντεῖται,
1204 3018 1404 3086 μᾶλλον
1446 3019 1542 3088 μὲν
1569 3018 1662 3072 οὖν
1696 3019 1793 3082 τὰς
1825 3019 1956 3090 παρ’

385 3104 620 3175 ἑκάτερα
653 3105 750 3175 τῆς
778 3108 1092 3178 μεσότητος,
1137 3110 1300 3180 ἤγουν
1330 3110 1428 3180 τῆς
1467 3111 1747 3180 ἀληθείας,
1777 3111 1956 3178 δόξας.

2049 1930 2182 1970 sane
2206 1930 2292 1970 me
2315 1922 2479 1980 tenet,
2535 1925 2586 1969 te
2626 1913 2824 1969 similia
2864 1914 3120 1971 scribere.
3149 1911 3336 1984 Neque
3363 1913 3506 1967 enim
3536 1913 3623 1967 in-

2049 2007 2267 2077 telligis,
2295 2017 2354 2061 ut
2376 2007 2490 2077 ipse
2512 2021 2576 2061 ex
2602 2007 2710 2063 tuis
2723 2005 2901 2061 verbis
2919 2005 3173 2076 conjicio,
3199 2014 3402 2061 sanctte
3416 2013 3625 2075 quarta:

2049 2100 2238 2172 synodi
2269 2116 2443 2171 neque
2469 2100 2828 2170 propositum,
2859 2113 3036 2168 neque
3064 2113 3308 2169 scopum.
3343 2098 3629 2168 Siquidem

2051 2201 2237 2249 sancta
2274 2193 2387 2247 haec
2409 2191 2649 2263 synodus
2694 2191 2830 2246 duas
2866 2200 3090 2246 naturas
3118 2205 3184 2245 ex
3231 2205 3290 2246 se
3321 2189 3629 2248 sobsisteno

2052 2292 2134 2340 tes
2199 2285 2597 2354 separatimque
2640 2283 2964 2339 exsistentes
3009 2282 3062 2338 in
3114 2282 3313 2338 Christi
3368 2283 3632 2353 mysterio

2052 2391 2330 2446 nunquam
2364 2373 2555 2438 tenuit,
2591 2373 2716 2428 licet
2738 2388 2836 2428 vos
2871 2372 3016 2426 illam
3048 2386 3154 2425 non
3189 2370 3308 2426 sine
3337 2369 3628 2426 calumnia:

2053 2467 2350 2538 ignominia
2381 2467 2773 2533 criminamini,
2809 2465 3058 2536 quiuimo
3089 2464 3232 2518 inter
3250 2473 3492 2518 extrema
3520 2477 3629 2514 lue-

2053 2561 2202 2614 dium
2233 2559 2474 2614 veritatis
2503 2557 2773 2613 duntaxat
2817 2571 3073 2626 sequens,
3106 2570 3392 2610 excessum
3432 2565 3484 2610 et
3527 2555 3626 2611 de—

2056 2653 2278 2716 fectum,
2317 2667 2438 2722 qua:
2490 2660 2619 2706 sunt
2671 2665 2701 2706 e
2763 2648 2944 2704 medio
2993 2648 3344 2715 diverticula,
3398 2647 3630 2716 ideoque

2057 2745 2192 2798 l‘alsa
2240 2743 2581 2813 abjudicans,
2620 2743 2856 2796 medium
2893 2741 3072 2795 locum
3126 2748 3484 2809 occupantem
3511 2755 3631 2794 sen-

2056 2835 2279 2890 tentiam
2317 2835 2528 2890 veritati
2561 2834 2804 2888 innixam
2838 2833 3227 2889 constabilivit.
3261 2831 3631 2898 Quemadmo-

2057 2927 2186 2982 dum
2223 2927 2369 2981 enim
2415 2927 2468 2980 in
2535 2926 2738 2980 divinis
2795 2925 3032 2980 medium
3081 2925 3286 2979 obtinet
3321 2940 3505 2980 verum
3541 2939 3633 2978 ca-

2059 3021 2271 3075 tholicae
2295 3028 2350 3074 et
2401 3019 2711 3087 apostolica:
2746 3016 3000 3072 Ecclesiae
3020 3017 3238 3088 dogma,
3275 3015 3347 3070 ita
3375 3030 3637 3071 excessus

2061 3121 2115 3170 et
2141 3111 2382 3166 defectus
2422 3111 2640 3165 falsum.
2683 3107 2786 3175 Qui
2818 3125 3076 3180 namque,
3104 3117 3325 3179 propter
3376 3107 3632 3178 hyposla-

387 3199 529 3267 φημὶ
557 3199 621 3269 δὴ
677 3198 765 3252 τὸν
805 3199 1141 3272 πλεονασμὸν
1168 3203 1263 3255 καὶ
1307 3203 1402 3274 τὴν
1432 3202 1656 3270 ἔνδειαν,
1689 3205 1957 3274 ἐκτροπάς

2062 3219 2191 3257 seon
2223 3202 2448 3256 triadem
2479 3216 2544 3255 ac
2563 3200 2954 3266 diversitatem,
2987 3209 3308 3254 naturarum
3340 3199 3466 3253 item
3500 3200 3631 3252 tria-

387 3289 550 3350 οὑσας
585 3291 684 3361 τῆς
734 3292 1048 3364 μεσότητος,
1088 3294 1182 3347 καὶ
1221 3294 1307 3348 διὰ
1353 3295 1509 3348 τοῦτο
1537 3296 1750 3365 ψευδεῖς
1795 3296 1959 3360 οὔσας

388 3380 841 3453 ἐξοστρακίσασα,
869 3385 965 3456 τὴν
997 3387 1169 3458 μέσην
1206 3387 1358 3452 τάξιν
1386 3388 1611 3458 ἔχουσαν
1630 3389 1808 3454 δόξαν,
1832 3390 1963 3462 ἀλη-

391 3474 542 3536 θείας
591 3476 854 3546 ἐχομένην
897 3479 1182 3548 ἐκράτυνε.
1230 3481 1336 3532 Καὶ
1373 3481 1481 3552 γάρ
1516 3481 1704 3552 ῶσπερ
1735 3482 1826 3535 ἐπὶ
1867 3482 1963 3552 τῆς

393 3566 668 3634 θεολογίας
692 3570 725 3636 ἠ
761 3570 993 3640 μεσότης
1020 3571 1266 3641 φαίνεται
1301 3573 1496 3642 ἔχουσα
1525 3574 1754 3644 τάληθὲς
1792 3574 1966 3646 δόγμα

394 3656 494 3725 τῆς
537 3658 832 3729 καθολικῆς
887 3662 977 3713 καὶ
1019 3663 1381 3734 ἀποστολικῆς
1438 3666 1788 3738 Ἐκκλησία-ς,
1834 3669 1861 3720 ὁ
1908 3668 1966 3721 δὲ

397 3749 733 3818 πλεονασμὸς
767 3751 861 3803 καὶ
898 3754 930 3823 ἡ
961 3753 1135 3806 ἔνδεια
1178 3755 1238 3807 τὸ
1276 3755 1465 3825 ψεῦδος
1498 3758 1584 3826 (ὃς
1621 3759 1730 3831 γάρ
1782 3759 1869 3814 διὰ
1908 3761 1968 3815 τὸ

395 3841 614 3911 τρισσὸν
646 3842 745 3911 τῆς
782 3843 1133 3908 ὑποστάσεως
1163 3847 1256 3899 καὶ
1282 3847 1558 3920 διάφορον,
1591 3853 1684 3905 καὶ
1726 3853 1786 3904 τὸ
1814 3871 1970 3925 τρισ-

309 4002 313 4005 .
399 3934 488 3986 σὺν
540 3922 648 3988 τῶν
688 3934 901 4004 φύσεων
949 3938 1212 4006 δοξάσειε,
1265 3943 1351 3994 να)⁸
1402 3943 1508 4012 μὴν
1550 3945 1644 3996 καὶ
1690 3945 1749 4006 ὃς
1792 3944 1880 3998 διά
1909 3947 1970 3999 τὺ

399 4027 597 4081 ἐνιαῖον
625 4028 724 4097 τῆς
771 4029 1006 4097 φύσεως,
1051 4033 1142 4084 καὶ
1176 4031 1237 4085 τὸ
1278 4034 1565 4101 μοναδικδν
1604 4036 1701 4105 τῆς
1731 4037 1969 4091 ὑποστά-

403 4136 538 4183 σεως
583 4121 946 4188 συνεισφέροι,
977 4122 1119 4192 τάχα
1165 4141 1254 4192 μοι
1306 4124 1453 4177 δοκεῖ
1486 4125 1581 4178 καὶ
1607 4129 1672 4197 τῇ
1720 4127 1968 4198 ἀληθείᾳ,

401 4215 465 4283 τῇ
501 4211 642 4266 κατὰ
675 4213 1011 4285 πλεονασμὸν
1057 4216 1152 4268 καὶ
1182 4216 1391 4269 ἔνδειαν
1419 4217 1546 4288 δόξῃ
1599 4218 1970 4286 νενοσηκέναι.

405 4302 581 4374 Ὅπερ
619 4302 886 4357 πέπονθεν
914 4306 1133 4376 Ἀρειός
1167 4323 1226 4357 τε
1269 4305 1363 4357 καὶ
1397 4306 1682 4370 Σαδέλλιος
1716 4309 1743 4361 ὁ
1784 4306 1972 4372 Λίϐυς,

405 4395 472 4449 τά
512 4398 576 4448 ὲκ
601 4395 891 4467 διαμέτρου
935 4396 1101 4457 κακά,
1146 4396 1242 4450 καὶ
1277 4398 1512 4467 όμότιμα
1559 4396 1656 4466 τὴν
1697 4397 1971 4452 ἀσέϐειαν.

419 4488 481 4541 Ἦ
529 4487 716 4557 δὲ-τῆς
765 4489 1020 4559 ἀληθείας
1054 4490 1170 4550 ὁδός
1221 4489 1356 4559 μέση
1407 4506 1489 4552 τις
1540 4484 1693 4553 οὖσα,
1726 4489 1819 4543 καὶ
1882 4491 1975 4544 τοῦ

411 4581 507 4650 μὲν
535 4581 596 4634 τὸ
631 4581 852 4650 τρισσδν
897 4582 1005 4635 τῶν
1055 4585 1290 4651 φύσεων,
1322 4581 1414 4635 τοῦ
1456 4581 1511 4634 δὲ
1555 4582 1614 4635 τὸ
1648 4584 1974 4654 συγχυτικδν

410 4675 499 4726 καὶ
539 4673 826 4742 ροναδικὸν
872 4677 971 4744 τῆς
1006 4674 1352 4737 ὑποστάσεως
1399 4674 1850 4745 ὲξηστρακίσασα,
1881 4675 1976 4728 ἕνα,

329 4801 338 4811 .
409 4763 578 4827 Θεὸν,
631 4764 799 4835 ἤγουν
854 4765 983 4835 μίαν
1036 4765 1225 4819 οὑσίαν
1279 4767 1372 4819 καὶ
1440 4767 1636 4835 φύσιν,
1698 4767 1791 4820 xa‘t
1831 4770 1980 4836 τρεῖς

411 4857 733 4921 ὑποστάσεις
788 4858 1104 4927 όμοουσίους
1149 4860 1240 4913 ἐπὶ
1284 4860 1381 4930 τῆς
1437 4859 1715 4931 θεολογίας
1767 4861 1980 4933 τρανῶς

412 4947 795 5017 ἁνακηρύττει.
846 4949 1022 5020 Ὅπερ
1066 4950 1302 5017 εὐσεϐῶς
1363 4953 1397 5023 ἡ
1441 4952 1571 5021 ἁγία
1637 4954 1732 5006 καὶ
1798 4955 1980 5006 οἰκου-

417 5040 608 5111 μενικὴ
671 5040 863 5113 πρώτη
918 5043 1134 5107 σύνοδος
1182 5045 1435 5098 ὲθέσπισέ
1490 5063 1550 5098 τε
1610 5047 1703 5100 καὶ
1764 5047 1979 5117 ὥρισε)-

416 5132 502 5184 τδν
535 5133 697 5185 αὑτὸν
749 5133 813 5204 δὴ
867 5135 1066 5206 τρόπον
1107 5137 1199 5190 καὶ
1248 5137 1337 5188 ἐπὶ
1368 5137 1468 5207 τῆς
1509 5138 1670 5206 ἁγίας
1718 5139 1985 5208 τετάρτης

418 5225 634 5276 συνόδου
684 5225 907 5298 θεωρεῖν
937 5228 1133 5282 ἔνεστι.
1172 5229 1279 5281 Τοῦ
1314 5230 1421 5302 γὰρ
1460 5231 1755 5302 Νεστορίου
1803 5231 1890 5284 διά
1926 5231 1986 5284 τὸ

416 5314 596 5367 δισσὸν
622 5317 717 5385 τῆς
747 5319 1035 5387 ὁμολογίας
1061 5321 1169 5373 τῶν
1196 5320 1429 5386 φύσεων,
1466 5322 1562 5374 καὶ
1599 5322 1658 5374 τὸ
1685 5322 1864 5374 δισσὸν
1888 5323 1986 5392 τῆς

417 5405 765 5472 ὑποστάσεως
793 5411 1121 5478 εἰσάγοντος,
1153 5413 1247 5464 καὶ
1281 5413 1368 5465 διὰ
1397 5413 1555 5466 τοῦτο
1591 5413 1684 5466 δύο
1717 5414 1864 5477 υἱοὺς
1895 5415 1987 5467 ἐπὶ

419 5498 514 5566 τῆς
539 5501 849 5571 οἰκονομίας
879 5503 1214 5568 δοξάζοντος,
1238 5504 1330 5557 τοῦ
1352 5523 1414 5574 γε
1443 5507 1549 5576 μὴν
1579 5507 1868 5576 Εὑτυχοῦς,
1896 5507 1990 5561 καὶ

422 5588 735 5660 Διοσκόρου,
767 5591 860 5643 καὶ
891 5592 1130 5662 Σεδήρου
1162 5594 1256 5645 καὶ
1297 5595 1393 5664 τῆς
1425 5595 1562 5664 ἀμφ’
1589 5596 1749 5648 αὑτὸν
1783 5613 1991 5665 συμμο-

424 5680 565 5749 ρίας,
596 5682 682 5736 διὰ
711 5683 772 5736 τὸ
803 5685 1001 5736 ἑνιαῖον
1030 5685 1128 5753 τῆς
1163 5685 1531 5751 ὑποστάσεως,
1565 5686 1658 5738 καὶ
1678 5686 1737 5738 τὸ
1777 5686 1991 5756 μοναδι-

424 5771 516 5826 nov
542 5772 642 5842 τῆς
685 5769 898 5844 φύσεως
931 5775 1212 5844 λέγοντος⁸
1253 5777 1484 5847 φανερὸν
1523 5777 1806 5848 δήπουθεν,
1843 5779 1924 5830 ὅτι
1965 5778 1993 5830 ὁ

425 5865 525 5933 μὲν
552 5870 616 5938 τῇ
667 5867 808 5922 κατὰ
859 5869 1192 5939 πλεονασμὸν
1222 5869 1408 5938 ψευδεῖ
1445 5869 1568 5942 δόξῃ
1622 5871 1930 5943 νενόσηκεν,
1965 5873 1991 5923 ὁ

2055 3294 2176 3349 dem
2211 3293 2566 3363 persenserit,
2596 3291 2678 3347 vel
2719 3299 2942 3361 propter
2971 3300 3177 3345 natura:
3218 3291 3478 3346 unitatem
3519 3291 3632 3344 sin-

2053 3387 2237 3457 gulare
2267 3386 2427 3440 etiam
2474 3385 2827 3454 hypostaseos
2880 3383 3266 3442 introduxerit.
3300 3382 3454 3436 meis
3496 3381 3630 3434 mihi

2053 3477 2265 3538 videtur
2291 3493 2319 3531 a
2345 3477 2593 3531 veritatis
2627 3476 2888 3545 opinione
2938 3476 2990 3530 in
3036 3490 3121 3541 ea,
3153 3490 3274 3545 qua:
3309 3489 3374 3530 ex
3404 3487 3638 3529 excessu

2053 3580 2107 3626 et
2136 3571 2350 3626 defectu
2378 3569 2735 3639 consequitur
2755 3607 2771 3633 ,
2823 3568 3062 3624 falsitate
3094 3568 3330 3638 graviter
3359 3566 3633 3620 aberrare.

2055 3663 2208 3730 Quod
2241 3662 2479 3733 perpessi
2510 3670 2638 3716 sunt
2679 3660 2844 3716 Arius
2899 3671 2954 3716 et
3001 3659 3128 3715 Afer
3175 3658 3468 3725 Sabellius,
3495 3657 3634 3711 mala

2054 3772 2119 3812 ex
2143 3755 2408 3809 diametro
2457 3768 2516 3808 se
2553 3752 2788 3808 invicem
2825 3751 3193 3816 adversantia,
3235 3751 3424 3822 juncta
3455 3758 3641 3804 tamen

2059 3849 2351 3918 impietate.
2377 3847 2480 3902 Sed
2517 3847 2760 3902 veritatis
2790 3846 2873 3900 via
2906 3845 3104 3908 media,
3139 3856 3192 3899 et
3230 3842 3394 3913 hujus
3424 3842 3645 3911 quidem

2059 3939 2232 3994 triade
2287 3948 2629 4002 naturarum,
2681 3938 2828 3992 illius
2871 3935 3104 3992 confuso
3164 3951 3229 3990 ac
3283 3935 3642 4005 hyposnascos

2060 4033 2325 4100 singulari
2367 4030 2709 4102 proscriptis,
2758 4045 2928 4084 unum
2968 4028 3161 4090 Deum,
3217 4043 3380 4080 unam
3435 4027 3644 4082 scilicet

2058 4122 2374 4184 essentiam,
2403 4129 2458 4174 et
2481 4128 2753 4183 naturam,
2777 4127 2830 4173 et
2879 4131 2988 4172 tres
3031 4117 3274 4188 ejusdem
3301 4127 3513 4171 natura:
3541 4117 3641 4188 hy-

2060 4223 2305 4285 postascs
2331 4213 2383 4268 in
2412 4211 2613 4266 divinis
2648 4212 2826 4281 palam
2855 4210 3204 4281 depraadicat,
3237 4210 3380 4279 quod
3407 4209 3494 4278 pie
3515 4223 3644 4262 san-

2059 4313 2147 4360 cta
2197 4315 2249 4358 et
2289 4302 2623 4358 tecmueuiea
2669 4301 2846 4372 prima
2889 4300 3125 4373 synodus
3174 4299 3413 4354 decrevit
3464 4309 3519 4354 et
3551 4298 3647 4353 dc-

2064 4396 2391 4473 ierminavit.
2430 4393 2606 4450 Simili
2659 4395 2869 4450 ratione
2898 4403 2953 4449 et
2980 4394 3048 4450 de
3093 4400 3280 4448 sancta
3311 4401 3504 4462 quarta
3559 4407 3649 4462 sy-

2063 4491 2206 4545 nodo
2234 4488 2730 4559 philosophandum
2784 4496 2887 4543 est.
2933 4484 3392 4557 Namﬁcstorio,
3431 4496 3651 4554 propter

2079 4581 2348 4650 geminam
2374 4588 2645 4642 naturam,
2679 4578 2948 4650 genuinam
2984 4576 3150 4631 etiam
3200 4575 3532 4647 hypostasim
3571 4575 3652 4628 in-

2083 4669 2424 4733 troducente,
2474 4668 2703 4738 ideoque
2735 4667 2874 4722 duos
2907 4667 3046 4723 filios
3082 4667 3136 4722 iu
3167 4666 3472 4730 meonomja
3508 4681 3653 4720 asse-

2082 4773 2234 4819 rente
2263 4780 2277 4818 :
2303 4761 2548 4834 Eutyche
2584 4775 2712 4817 vero
2733 4775 2795 4815 ac
2839 4760 3114 4826 Dioscoro,
3158 4773 3371 4815 necnon
3425 4757 3652 4823 Severo,

2082 4857 2313 4928 aliisque
2343 4857 2584 4927 ejusdem
2605 4853 2869 4909 doctrina:
2895 4853 3263 4914 consortibus,
3293 4859 3514 4920 propter
3534 4850 3654 4903 uui-

2086 4962 2253 5006 tatem
2286 4949 2612 5021 hypostasis,
2659 4947 2935 5018 singulare
2972 4959 3188 5016 quoque
3243 4956 3452 4997 naturae
3482 4943 3656 4995 l'aten-

2086 5045 2250 5109 tibus,
2285 5041 2631 5097 manifestum
2677 5049 2784 5104 est,
2845 5039 2992 5092 hunc
3041 5037 3254 5105 quidem
3305 5051 3370 5089 ex
3404 5049 3654 5096 excessu,

2086 5139 2220 5191 alios
2249 5151 2312 5189 ex
2344 5133 2554 5188 defectu
2599 5131 2738 5184 mala
2768 5128 3022 5198 Opinione
3061 5126 3359 5180 laborasse.
3389 5122 3493 5176 Sed
3525 5122 3658 5176 deli-

2088 5227 2220 5280 nitio
2241 5233 2443 5279 sancta:
2476 5218 2936 5276 Chalcedonensis
2966 5215 3154 5286 synodi
3187 5213 3420 5269 mediam
3453 5213 3657 5268 verita-

2089 5319 2157 5371 tis
2203 5316 2344 5369 viam
2373 5315 2636 5382 ingressa,
2665 5319 3019 5376 sanctamque
3046 5315 3100 5359 et
3127 5303 3524 5361 (acumenicam
3546 5302 3660 5372 pri-

2090 5422 2233 5460 mam
2265 5405 2527 5476 synodum
2552 5412 2756 5465 secuta,
2790 5414 2911 5468 quae
2967 5397 3197 5451 mediam
3228 5394 3472 5450 veritatis
3515 5393 3659 5447 viam

2090 5495 2473 5558 constabilivit,
2505 5492 2737 5548 absurda
2765 5505 2932 5560 penes
2961 5498 3222 5552 extrema,
3254 5485 3450 5555 duplex
3469 5500 3664 5554 nempe

2093 5592 2468 5661 hypostaseos,
2530 5585 2672 5654 quod
2705 5584 2842 5637 duos
2879 5582 3018 5636 ﬁlios
3048 5579 3178 5634 facit
3227 5589 3279 5632 et
3310 5583 3447 5632 duos
3500 5576 3664 5630 Chri-

2092 5693 2224 5746 stos,
2258 5680 2399 5751 quod
2438 5688 2519 5733 est
2569 5692 2664 5747 per
2685 5691 2990 5740 excessum,
3028 5675 3137 5728 imo
3166 5682 3219 5727 et
3244 5670 3538 5736 defectum,
3572 5669 3666 5737 qui

2094 5786 2314 5845 propior
2343 5771 2614 5841 singulare
2641 5767 2966 5839 hypostasis,
2998 5761 3206 5818 natura:
3240 5776 3457 5832 quoque
3491 5762 3668 5815 unita-

2099 5877 2204 5922 tem
2245 5865 2481 5928 exhibet,
2512 5860 2809 5929 corrigens,
2835 5857 3077 5914 veritatis
3099 5857 3260 5925 viam,
3281 5870 3401 5925 qua:
3427 5853 3662 5908 medium
