3994 6628
388 437 493 501 599

1649 432 1942 499 ΝΙίἸΕΤεΕ
1982 437 2385 506 ΕΥΖᾹΝΤΙΝΙ

3543 442 3656 508 600

384 560 618 622 occupat
641 549 1010 616 conﬁrmavit,
1061 556 1116 607 et
1146 552 1324 619 palam
1356 552 1648 608 conﬁtetur
1672 552 1726 606 in
1760 553 1926 607 union

2035 602 2037 609 ι
2066 551 2122 604 δὲ
2146 559 2210 628 τῇ
2240 558 2360 612 κατ’
2389 559 2613 613 ἔνδειαν.
2640 558 2704 612 Ἥ
2725 558 2781 612 δὲ
2808 555 2907 629 τῆς
2937 560 2996 612 ἐν
3016 556 3317 628 Χαλκηδόνι
3335 557 3496 626 ἁγίας
3529 575 3652 611 συνο

385 651 585 706 Christi
626 649 926 705 secundum
958 649 1316 721 hypostasim,
1348 652 1485 705 duas
1515 659 1740 704 naturas
1765 663 1966 704 convc-

385 744 533 801 nisse
560 747 792 816 partium
829 745 1004 802 locum
1030 745 1083 799 in
1131 761 1242 801 uno
1263 745 1480 801 Christo
1516 743 1877 810 continentes,
1909 755 1964 800 et

385 851 548 890 unam
577 835 910 908 hypostasim
935 850 948 890 :
976 834 1196 906 quando
1214 835 1450 891 medium
1481 835 1686 904 aliquid
1718 836 1964 890 obtineat

381 943 506 984 cum
547 928 807 984 extremis
831 941 1142 992 commune,
1177 935 1232 984 et
1261 928 1314 983 in
1345 927 1530 1000 aliquo
1551 928 1786 994 diﬂ‘erat,
1819 938 1872 983 et
1908 930 1957 982 in

379 1019 580 1089 quibus
610 1035 734 1074 cum
753 1033 978 1075 excessu
1013 1020 1376 1086 disconvenit,
1423 1036 1548 1077 cum
1579 1021 1791 1077 defectu
1823 1037 1955 1076 oon-

2069 648 2190 702 όδου
2229 650 2555 722 θεσμοθεσία
2595 652 2769 722 μέσην
2799 652 2919 706 ὁδὸν
2949 653 3047 722 τῆς
3076 651 3333 723 ἀληθείας
3361 651 3648 720 βαδίσασα,

2068 745 2164 796 καὶ
2194 744 2546 816 μιμησαμένη
2579 745 2678 815 τὴν
2705 744 2868 813 ἁγίαν
2891 746 2984 796 καὶ
3011 743 3396 814 οίκουμενικὴν
3421 743 3649 814 πρώτην

2069 834 2307 899 σύνοδον,
2356 837 2478 908 ἥτις
2528 836 2626 908 τὴν
2679 837 2849 908 μέσην
2903 836 3021 890 ὁδὸν
3073 837 3170 905 τῆς
3219 835 3478 907 ἀληθείας
3527 835 3650 888 ἐσε-

2066 928 2291 993 6αίωσε,
2322 929 2416 982 καὶ
2439 929 2580 1001 αὑτὴ
2616 930 2686 983 τὰ
2717 929 2844 1001 παρ’
2875 925 3114 1000 ἑκάτερα
3150 926 3348 993 ἄτοπα,
3373 927 3436 982 τὸ
3465 928 3648 982 δισσὸν

2063 1021 2173 1076 τῶν
2198 1022 2571 1090 ὑποστάσεων,
2600 1025 2737 1096 ὅπερ
2763 1027 2909 1078 ποιεῖ
2950 1023 3044 1078 δύο
3086 1025 3236 1087 υἱοὺς
3267 1022 3364 1077 καὶ
3399 1022 3494 1076 δύο
3527 1040 3648 1092 χριη

377 1111 601 1178 cordat;
634 1111 686 1166 in
721 1112 922 1183 quibus
961 1123 1140 1168 autem
1172 1131 1201 1169 a
1249 1113 1462 1170 defectu
1501 1115 1796 1181 discordat,
1835 1131 1929 1172 cun

2065 1118 2244 1183 στοὺς,
2273 1117 2302 1171 ὃ
2345 1119 2461 1171 ἐστι
2509 1119 2650 1172 κατὰ
2679 1118 3038 1190 πλεονασμὸν,
3089 1117 3224 1174 ἀλλὰ
3255 1117 3364 1188 μὴν
3402 1117 3494 1170 καὶ⁸
3546 1115 3647 1187 τὴν

373 1216 603 1259 excessu
627 1203 902 1258 convenit.
939 1201 1185 1276 Exempli
1217 1222 1378 1262 causa
1407 1225 1419 1262 :
1456 1207 1711 1263 Ecclesia:
1748 1209 1955 1279 Opinio,

372 1305 498 1362 qua:
517 1290 586 1347 ab
612 1293 762 1365 Aria;
787 1294 1088 1349 secundum
1135 1304 1360 1351 naturas
1392 1295 1664 1362 dissentit,
1691 1313 1814 1352 cum
1853 1297 1953 1352 Sa-

371 1384 536 1440 bellio
565 1401 729 1440 unam
766 1396 1014 1441 naturam
1035 1398 1310 1444 aéserente
1340 1390 1646 1456 consentit;
1679 1406 1799 1461 qua:
1829 1406 1953 1445 cum

373 1474 612 1532 Sabelliu
640 1487 845 1549 pugnat
898 1481 1200 1534 secundum
1259 1481 1536 1550 singulare
1576 1493 1629 1536 et
1659 1481 1951 1538 confusum

369 1568 696 1641 hypostasis,
726 1588 833 1628 non
873 1573 1130 1628 abhorret
1151 1573 1220 1628 ab
1239 1573 1370 1628 Ario
1392 1575 1690 1630 secundum
1725 1576 1951 1631 triadem
2007 1645 2010 1652 ι

368 1663 755 1734 hypostascon.
798 1666 890 1720 Sic
919 1667 1086 1721 etiam
1144 1667 1562 1722 discurrendum
1602 1679 1686 1723 est
1716 1669 1770 1722 in
1799 1684 1951 1723 teco-

367 1759 548 1812 nomia
579 1759 647 1814 de
677 1758 850 1814 media
885 1761 994 1825 \ia,
1028 1759 1276 1816 veritatis
1312 1776 1505 1830 nempe
1539 1763 1863 1816 sententiam
1895 1763 1948 1817 in

363 1849 548 1917 aliquo
577 1864 700 1904 cum
725 1852 982 1906 extremis
1011 1853 1362 1918 concordare,
1411 1853 1464 1907 in
1495 1853 1679 1922 aliquo
1709 1854 1945 1917 diﬂ‘erre,

362 1938 491 1994 etin
528 1937 924 2011 quibusditlcrt
954 1943 1021 1996 ab
1051 1959 1300 2011 excessu,
1325 1961 1446 2000 cum
1481 1946 1692 2002 defectu
1720 1963 1950 2003 concor-

361 2029 516 2097 dare,
558 2033 612 2087 in
644 2034 844 2104 quibus
887 2051 916 2090 a
945 2034 1180 2098 defectu,
1244 2053 1368 2093 cum
1419 2053 1670 2094 excessu.
1730 2039 1812 2095 Sit
1850 2056 1948 2111 pro

359 2127 631 2197 exemplo.
664 2127 942 2183 Punautur
974 2129 1285 2200 opiniones,
1317 2131 1577 2198 Nestorii,
1615 2132 1863 2203 inquam.
1894 2142 1948 2189 et

358 2215 699 2289 Eutychetis,
741 2231 795 2276 et
825 2221 1031 2286 Severi,
1063 2239 1294 2294 quarum
1341 2226 1512 2280 altera
1549 2225 1689 2282 duas
1721 2239 1946 2284 naturas

355 2319 412 2365 et
439 2311 578 2367 duas
609 2328 874 2381 personas
920 2314 1119 2370 fatetur
1141 2356 1158 2381 ,
1188 2317 1355 2371 altera
1387 2334 1552 2372 unam
1603 2330 1854 2375 naturam
1891 2331 1946 2377 et

356 2416 522 2460 unam
553 2405 891 2478 hypostasim
921 2407 1136 2464 asserit.
1180 2406 1523 2465 Manifestum
1551 2412 1691 2468 it-ter
1732 2429 1827 2470 eas
1859 2429 1946 2469 sc-

354 2499 592 2554 cundum
612 2515 897 2556 excessum
916 2509 1078 2572 atque
1101 2502 1370 2558 defectum
1390 2505 1617 2559 nimium
1653 2506 1938 2574 interesse,

353 2589 626 2662 siquidem
667 2610 854 2648 earum
891 2594 1204 2665 longissime
1230 2596 1444 2652 diversa
1483 2598 1621 2652 ratio
1642 2607 1744 2661 est,
1778 2601 1941 2656 nihil-

350 2698 460 2752 que
485 2691 588 2746 est,
611 2699 719 2754 quo
751 2693 965 2750 natura,
998 2686 1080 2739 vel
1104 2686 1408 2756 hypostasis
1438 2687 1576 2742 inter
1603 2704 1660 2743 se
1696 2705 1942 2746 comatu-

351 2775 555 2831 nicent.
581 2776 761 2844 Quare
787 2787 1100 2832 assumatur
1149 2795 1211 2832 ea
1262 2779 1470 2849 opinio,
1525 2798 1645 2850 qua:
1693 2783 1935 2839 medium

350 2868 597 2926 veritatis
629 2881 888 2941 occupat;
921 2888 983 2927 ea
1013 2875 1237 2928 omnino
1290 2875 1344 2929 in
1380 2876 1564 2943 aliquo
1599 2892 1722 2930 cum
1753 2891 1930 2934 extre-

348 2961 455 3019 mis
481 2964 774 3020 convenire
804 2966 982 3024 debet.
1021 2975 1073 3022 et
1115 2967 1167 3021 in
1218 2969 1400 3039 aliquo
1437 2971 1766 3042 discrepare.
1799 2988 1850 3030 ct
1880 2977 1932 3032 in

347 3055 549 3126 quibus
576 3057 644 3111 ab
667 3073 896 3113 excessu
915 3058 1284 3124 disconvenit,
1309 3078 1430 3116 cum
1460 3063 1675 3120 defeetu
1701 3082 1933 3122 consen-

344 3151 469 3218 tire,
501 3151 777 3222 inquibus
805 3151 1038 3208 defectui
1064 3169 1168 3208 non
1205 3157 1523 3223 concordat,
1553 3175 1676 3213 cum
1702 3177 1929 3217 excessu

2062 1209 2295 1276 ἔνδειαν,
2326 1211 2463 1280 ὅπερ
2487 1210 2576 1265 διὰ
2604 1210 2665 1264 τὸ
2696 1212 2896 1265 ἑνιαῖον
2925 1211 3024 1282 τῆς
3065 1211 3417 1274 ὑποστάσεως
3443 1211 3513 1281 τῇ
3541 1210 3646 1278 φύ-

2061 1319 2144 1354 σει
2188 1304 2250 1356 τὸ
2288 1304 2576 1373 μοναδικδν
2631 1305 2837 1370 δίδωσι,
2869 1304 2968 1375 τὴν
3012 1304 3184 1374 μέσην
3229 1302 3382 1369 τάξιν
3413 1301 3645 1371 ἔχουσαν

2058 1393 2176 1448 ὁδὸν
2222 1393 2481 1465 ἀληθείας
2525 1395 2812 1466 ἐκράτυνε,
2861 1395 2956 1448 καὶ
2995 1392 3360 1465 ἀνακηρύττει
3405 1392 3500 1445 ἐπὶ
3543 1392 3644 1462 τῆς

2058 1484 2180 1538 καθ’
2213 1484 2512 1539 ὑπόστασιν
2539 1484 2785 1549 ένὼσεως
2818 1484 2912 1538 τοῦ
2961 1483 3196 1554 Χριστοῦ
3223 1483 3315 1536 δύο
3343 1481 3536 1551 φύσεις
3575 1480 3642 1534 τά

2058 1577 2402 1644 συνελθόντα,
2438 1579 2620 1650 μερῶν
2647 1577 2801 1643 τάξιν
2829 1578 3020 1646 ἔχοντα
3053 1578 3111 1629 ἐν
3143 1575 3220 1648 τῷ
3268 1577 3346 1628 ἑνὶ
3394 1573 3640 1646 Χριστῷ,

2057 1671 2189 1740 μίαν
2214 1670 2270 1722 δὲ
2308 1669 2407 1741 τὴν
2449 1669 2768 1724 ὑπόστασιν.
2815 1669 3035 1738 Ἐπειδὴ
3079 1669 3112 1738 ἡ
3156 1667 3389 1738 μεσότης
3442 1667 3534 1719 ἐπί
3587 1683 3641 1718 τι

2054 1765 2303 1816 κοινωνεῖ
2326 1764 2438 1826 τοῖς
2462 1761 2676 1832 ἄκροις,
2709 1761 2802 1816 καὶ
2840 1761 2931 1814 ἐπί
2961 1779 3013 1814 τι
3042 1761 3313 1831 διαφέρει,
3345 1758 3441 1812 καὶ
3475 1761 3533 1812 ὲν
3557 1752 3641 1820 οἷς

2052 1854 2468 1926 διαφέρεταιτῷ
2498 1854 2844 1926 πλεονασμῷ,
2882 1857 3130 1908 κοινωνεῖ
3155 1857 3218 1924 τῇ
3243 1853 3440 1923 ἐνδείᾳ,
3469 1853 3526 1904 ἐν
3557 1846 3638 1911 οἷς

2050 1947 2106 2000 δὲ
2154 1947 2473 2018 διαφέρεται
2517 1950 2582 2018 τῇ
2620 1948 2821 2017 ἐνδείᾳ,
2864 1949 3113 2001 κοινωνεί
3159 1945 3235 2015 τῷ
3286 1942 3633 2014 πλεονασμῷ.

2051 2034 2177 2092 Οἷόν
2203 2038 2254 2092 τί
2277 2056 2447 2110 φημι·
2484 2039 2556 2091 Τὸ
2588 2041 2687 2110 τῆς
2726 2037 3050 2108 Ἐκκλησίας
3079 2038 3360 2108 φρόνημα,
3381 2035 3636 2104 διαφερό-

2052 2148 2214 2201 μενον
2246 2131 2323 2200 τῷ
2353 2129 2446 2184 τοῦ
2489 2130 2698 2202 Ἀρείου
2739 2130 2880 2184 κατὰ
2909 2129 3007 2192 τάς
3046 2130 3258 2198 φύσεις,
3291 2129 3535 2181 κοινωνεῖ
3555 2125 3635 2195 τῷ

2048 2221 2363 2291 Σαϐελλίου,
2392 2222 2470 2294 τῷ
2514 2224 2643 2292 μῖαν
2688 2222 2853 2292 φύσιν
2891 2221 3171 2288 δοξάζειν·
3204 2220 3297 2274 τοῦ
3327 2220 3383 2273 δὲ
3420 2221 3484 2288 δὴ
3521 2219 3631 2271 Σα-

2047 2313 2261 2368 ϐελλίου
2289 2315 2684 2387 διαφερόμενον
2715 2317 2857 2370 κατὰ
2891 2317 2952 2369 τὸ
2995 2315 3281 2384 μοναδικὸν
3307 2313 3402 2367 καὶ
3434 2331 3634 2384 συγχυ-

2044 2407 2196 2460 τικὸν
2233 2408 2332 2478 τῆς
2381 2407 2759 2472 ὑποστάσεως,
2808 2410 3113 2480 συμφρονεῖ
3155 2407 3234 2478 τῷ
3279 2407 3372 2460 τοῦ
3417 2405 3629 2474 Ἀρείου

2045 2500 2186 2554 κατὰ
2239 2501 2301 2554 τὸ
2355 2500 2579 2572 τρισσὸν
2618 2501 2726 2555 τῶν
2785 2502 3158 2556 ὑποστάσεων.
3204 2500 3394 2564 Οὕτως
3452 2498 3630 2552 ἔνεστι

2044 2597 2267 2648 σκοπεῖν
2326 2594 2420 2649 καὶ
2445 2595 2538 2648 ἐπὶ
2571 2594 2672 2665 τῆς
2701 2595 3014 2666 οἰκονομίας
3051 2595 3148 2666 τὴν
3186 2595 3358 2665 μέσην
3389 2594 3507 2647 ίδὺν
3529 2593 3630 2663 τῆς

2040 2687 2301 2758 ἀληθείας
2345 2687 2524 2754 δόξαν,
2564 2689 2658 2742 ἐπί
2698 2707 2748 2741 τι
2796 2691 3074 2742 κοινωνεῖν
3123 2690 3218 2742 καὶ
3270 2687 3628 2758 διαφέρεσθαι

2040 2784 2152 2844 τοῖς
2188 2781 2378 2854 ἄκροις
2400 2798 2414 2812 ⁸
2467 2783 2561 2835 καὶ
2592 2776 2758 2846 ἐνῖοίς
2792 2781 3109 2851 διαφέρεται
3151 2781 3228 2852 τῷ
3277 2779 3625 2849 πλεονασμῷ,

2039 2877 2290 2926 κοινωνεῖ
2321 2875 2386 2944 τῇ
2425 2875 2624 2946 ἐνδείᾳ,
2665 2877 2723 2928 ὲν
2755 2869 2836 2937 οἷς
2873 2874 2929 2926 δὲ
2969 2873 3285 2946 διαφέρεται
3315 2876 3380 2944 τῇ
3424 2873 3621 2942 ἐνδείᾳ,

2037 2969 2287 3019 κοινωνεῖ
2307 2966 2383 3036 τῷ
2411 2966 2756 3037 πλεονασμῷ.
2778 2962 2902 3019 Οἴόν
2929 2984 2981 3020 τι
3001 2966 3145 3034 λέγω
3165 2983 3178 2994 ·
3200 2963 3626 3036 Προκείσθωσαν

2035 3057 2208 3122 δόξαι,
2244 3056 2335 3110 τοῦ
2371 3058 2690 3128 Νεστορίου,
2724 3058 2892 3129 φημὶ,
2933 3059 3025 3110 καὶ
3059 3058 3352 3126 Εὐτυχοῦς,
3395 3057 3488 3108 καὶ
3522 3057 3620 3106 Σε-

2037 3148 2207 3220 ϐήρου
2231 3150 2305 3220 ,ἡ
2341 3150 2438 3219 μὲν
2477 3148 2571 3203 δύο
2616 3149 2806 3218 φύσεις
2843 3151 2939 3202 καὶ
2970 3149 3063 3202 δύο
3117 3149 3382 3220 πρόσωπα
3412 3148 3618 3213 κηρίτ-

343 3243 621 3314 conjungi.
657 3241 806 3300 Talis
841 3254 927 3301 est
970 3257 1171 3301 sanctze
1214 3259 1424 3319 quarta:
1476 3252 1667 3322 synodi
1710 3264 1928 3309 st-nten-

2035 3259 2227 3306 τουσα,
2263 3242 2297 3311 ἡ
2339 3241 2394 3294 δὲ
2451 3242 2582 3312 μίαν
2617 3241 2782 3311 φύσιν
2821 3243 2916 3295 καὶ
2961 3241 3088 3311 μίαν
3123 3240 3423 3293 ὑπόστασιν
3468 3239 3622 3302 δοξά-

342 3335 437 3396 tia,
480 3335 532 3389 in
564 3334 784 3391 Christo
821 3336 958 3392 duas
1009 3347 1236 3395 naturas
1289 3348 1340 3395 et
1373 3359 1536 3396 unam
1591 3344 1924 3415 ltypustasint

340 3426 668 3488 .muntians,
703 3443 822 3496 quae
872 3443 902 3482 a
958 3425 1211 3484 Nestorio
1248 3434 1549 3489 secundum
1586 3436 1922 3507 hypostasim

339 3515 671 3573 dissentiens
697 3518 808 3588 (ille
835 3517 979 3573 enim
1019 3522 1178 3587 duas,
1220 3523 1336 3578 hsce
1378 3542 1540 3579 unam
1589 3529 1920 3600 prolitctttr),

337 3625 462 3664 eum
518 3607 762 3680 Eutyche
801 3623 962 3679 atque
993 3612 1197 3669 Severo
1224 3620 1517 3682 consentit,
1564 3621 1708 3689 quod
1736 3632 1787 3676 et
1821 3623 1920 3691 ipsi

339 3713 504 3752 unam
561 3698 892 3770 hypostasim
933 3701 1282 3761 conﬁtentur.
1337 3706 1441 3762 Sed
1495 3726 1712 3767 rursum
1748 3729 1776 3767 a
1807 3715 1923 3767 Dio-

336 3804 518 3854 scoro,
555 3800 610 3846 et
644 3789 904 3863 Eutyche,
946 3807 1000 3849 et
1030 3795 1234 3853 Severo
1272 3799 1688 3859 disconveniens
1724 3821 1920 3862 secun-

333 3887 465 3940 dum
497 3897 745 3940 naturam
773 3925 791 3954 ,
833 3887 979 3958 quod
1016 3887 1092 3946 illi
1124 3907 1286 3946 unam
1323 3903 1573 3951 naturam
1607 3898 1659 3952 in
1692 3915 1915 3955 (cenno-

335 3975 444 4032 tnia
491 3988 762 4044 asseram,
817 3981 906 4034 illa
939 3979 1099 4049 duas,
1145 3999 1252 4037 non
1289 3985 1520 4042 dissidet
1566 4002 1598 4042 a
1643 3987 1914 4057 Nestorio,

332 4067 428 4140 qui
458 4069 593 4127 duas
625 4073 1010 4129 tantummodo
1062 4085 1285 4133 naturas
1329 4077 1380 4132 iu
1442 4078 1660 4137 Christo
1711 4085 1911 4154 posuit.

331 4162 614 4235 Nemoque
651 4180 716 4220 ex
760 4181 826 4222 eo
862 4167 1007 4235 quod
1062 4167 1114 4222 in
1151 4169 1335 4234 aliquo
1379 4172 1502 4242 quis
1547 4178 1913 4233 communicat

331 4273 454 4310 ι-ιιιῐι
492 4257 618 4321 alio,
643 4257 867 4312 omnino
896 4275 1018 4313 cum
1068 4275 1134 4314 eo
1180 4263 1588 4319 communicare
1632 4267 1908 4335 opinetur,

329 4359 384 4406 et
413 4360 668 4420 tanquam
697 4367 800 4404 una
826 4353 1148 4407 sentientem
1179 4370 1325 4418 cum,
1353 4357 1444 4424 qui
1488 4357 1542 4412 in
1579 4359 1762 4430 aliquo
1787 4377 1909 4416 cum

328 4443 588 4514 quopiam
647 4445 831 4506 sentit.
866 4443 917 4498 in
949 4445 1140 4500 eodem
1203 4446 1420 4509 habeat.
1469 4459 1631 4519 atque
1669 4469 1911 4508 exsecre-

329 4545 444 4600 tur;
483 4531 924 4604 quarnloquidem
957 4543 1010 4588 et
1054 4551 1179 4588 vera
1216 4535 1473 4593 Ecclesiae
1522 4541 1728 4610 opinio,
1764 4545 1906 4614 quod

2036 3335 2226 3397 ζουσα.
2271 3334 2509 3404 Φανερδν
2560 3335 2642 3387 δτι
2692 3333 2832 3386 κατὰ
2877 3331 3220 3402 πλεονασμὸν
3267 3330 3361 3383 καὶ
3411 3331 3620 3382 ἔνδειαν

2033 3425 2248 3478 ἔσονται
2284 3425 2694 3494 άντικείμεναιο
2727 3427 2886 3496 εῖπερ
2920 3426 2986 3479 τὰ
3017 3425 3217 3479 οὑτωσὶ
3254 3427 3430 3494 πάντη
3465 3423 3616 3476 ἀντί-

2033 3537 2264 3582 κεινται,
2295 3519 2386 3571 καὶ
2419 3518 2678 3589 οὐδεμίαν
2711 3519 3002 3572 κοινωνίαν
3047 3519 3264 3588 φύσεως
3320 3517 3350 3588 ἢ
3381 3517 3616 3570 ὑποστά-

2032 3629 2169 3676 σεως
2193 3614 2327 3684 πρὸς
2357 3612 2594 3685 ἀλλήλας
2639 3612 2956 3681 κέκτηνται.
2985 3611 3193 3666 Οὐκοῦν
3240 3612 3499 3680 ληφθήτω
3531 3627 3618 3674 τις

2028 3705 2240 3776 δόξα,ή
2291 3705 2353 3758 τὸ
2387 3706 2552 3776 μέσον
2588 3706 2690 3776 τῆς
2735 3705 2993 3776 ἀληθείας
3041 3703 3239 3774 ἔχουσα
3269 3720 3282 3732 ·
3331 3702 3473 3773 αῦτη
3521 3699 3614 3756 οὖν

2025 3801 2119 3854 ἐπί
2153 3819 2204 3854 τι
2237 3803 2349 3864 τοῖς
2380 3801 2570 3870 ἄκροις
2602 3800 2950 3870 ὲποφείλεται
2982 3801 3280 3862 κοινωνεῖν,
3312 3800 3406 3852 καὶ
3439 3797 3532 3850 ἐπί
3559 3815 3612 3850 τι

2023 3894 2324 3966 διαφέρειν,
2354 3892 2447 3947 καὶ
2469 3893 2527 3945 ὲν
2555 3887 2634 3956 οἷς
2660 3893 2978 3964 διαφέρεται
3009 3892 3086 3963 τῷ
3119 3890 3466 3960 πλεονασμῷ,
3497 3908 3613 3942 κοι-
3659 3902 3666 3914 ⁸

2024 3991 2214 4041 νωνεῖν
2241 3990 2306 4058 τῇ
2338 3987 2537 4058 ἐνδείᾳ,
2567 3987 2627 4039 ἐν
2653 3983 2734 4049 οἷς
2755 3987 2809 4040 δὲ
2829 3987 3144 4054 διαφέρεται
3173 3988 3237 4056 τῇ
3269 3985 3467 4053 ἐνδείᾳ,
3494 4001 3611 4034 κοι-

2023 4081 2212 4133 νωνεῖν
2257 4077 2332 4150 τῷ
2388 4077 2734 4149 πλεονασμῷ.
2763 4079 3002 4149 Τοιαύτη
3041 4080 3126 4142 τίς
3173 4080 3288 4131 ἐστι
3320 4077 3412 4130 καὶ
3444 4078 3477 4147 ἡ
3511 4077 3608 4146 τῆς

2023 4173 2185 4242 ἁγίας
2237 4175 2510 4242 τετάρτης
2555 4173 2774 4226 συνόδου
2830 4173 2924 4226 ἐπὶ
2969 4173 3232 4245 Χριστοῦ,
3275 4172 3366 4225 δύο
3413 4170 3608 4240 φύσεις

2020 4269 2115 4320 καὶ
2151 4267 2280 4336 μίαν
2313 4267 2612 4320 ὑπόστασιν
2659 4265 3027 4336 κηρύττουσα,
3077 4265 3200 4335 ἥτις
3236 4263 3604 4334 διαφερομένῃ

2018 4359 2098 4431 τῷ
2133 4359 2416 4430 Νεστορίῳ
2468 4359 2610 4412 κατὰ
2645 4359 2742 4430 τὴν
2772 4358 3073 4412 ὑπόστασιν
3107 4358 3206 4427 (ὅτι
3242 4359 3269 4410 ὁ
3297 4357 3393 4426 μὲν
3424 4355 3538 4418 δύο,
3567 4358 3601 4426 η

2017 4452 2074 4506 δὲ
2101 4452 2236 4521 μίαν
2270 4450 2580 4522 κηρύττει),
2602 4453 2850 4504 κοινωνεῖ
2877 4449 2954 4520 τῷ
2982 4451 3210 4518 Εὑτυχεῖ
3239 4449 3329 4501 καὶ
3354 4443 3601 4517 Σεϐήρῳ,

2017 4544 2162 4598 κατὰ
2192 4545 2249 4598 τὸ
2292 4545 2421 4615 μίαν
2457 4546 2751 4598 ὑπόστασιν
2786 4544 3067 4614 ὁμολογεῖν
3098 4543 3194 4596 καὶ⁸
3227 4541 3446 4605 αὑτούς.
3490 4541 3602 4594 Πά-

329 4626 380 4680 ia
417 4626 602 4696 aliquo
633 4641 757 4679 cum
781 4627 1042 4682 extremis
1068 4629 1533 4698 concordat,Ario
1556 4643 1606 4688 et
1648 4635 1906 4703 Sabellio,

2035 4657 2098 4691 .ιν
2127 4638 2172 4691 δ’
2196 4637 2266 4693 αὖ
2290 4639 2660 4710 διαφερομένη
2685 4639 2760 4706 τῷ
2778 4639 3074 4708 Διοσκόρῳ,
3101 4639 3192 4690 καὶ
3223 4637 3470 4704 Εὑτυχεί,
3506 4635 3602 4688 καὶ

329 4730 388 4773 ιιι
431 4718 608 4773 oratio
639 4719 1033 4787 comprobavit,
1082 4722 1480 4790 proscribetur.
1519 4725 1584 4781 Et
1622 4729 1746 4799 quis
1779 4740 1902 4785 tan-

325 4825 436 4867 tam
479 4811 875 4876 blasphemiam
906 4813 1046 4868 l'crrc
1075 4817 1308 4884 poterit?
1343 4815 1467 4872 Pari
1501 4821 1712 4877 ratione
1743 4833 1797 4879 et
1836 4825 1902 4880 de

322 4914 511 4958 sancta
545 4915 738 4973 quarta
785 4904 994 4974 synodo
1046 4906 1130 4975 pie
1185 4907 1568 4965 disserendum
1622 4925 1724 4968 cst.
1768 4916 1904 4981 Quia

320 4996 597 5052 consentit
629 4995 681 5049 in
739 4995 923 5065 aquuo
962 5011 1086 5050 cum
1132 4994 1403 5064 Nestorio,
1460 5001 1651 5057 ideone
1705 5014 1755 5058 ct.
1796 5021 1904 5060 una

319 5107 444 5145 cum
477 5106 542 5144 eo
575 5089 780 5144 sentire
807 5088 1097 5145 dicemus?
1126 5095 1332 5161 Apage.
1383 5092 1522 5154 Haec
1583 5096 1767 5166 itaque
1809 5114 1902 5168 sy-

321 5181 496 5236 nodus
555 5183 655 5236 hoc
682 5180 844 5235 modo
883 5180 1115 5236 mediam
1167 5184 1414 5240 veritatis
1464 5186 1604 5241 viam
1646 5189 1907 5260 cvulgans

318 5293 423 5332 non
479 5285 566 5332 est
606 5277 858 5347 improbo
897 5278 1164 5342 consilio,
1215 5288 1270 5334 et
1316 5295 1530 5335 summa
1567 5281 1907 5354 ignoratione

317 5370 724 5434 calumnianda,
763 5369 1252 5442 abjudicandaque,
1287 5373 1380 5428 sed
1417 5376 1597 5444 potius
1628 5376 1718 5431 ιιιιί
1753 5379 1905 5448 prius

317 5474 524 5520 rectum
553 5465 726 5534 ipsius
767 5464 962 5535 dogma
1001 5465 1286 5535 amplexus
1337 5467 1526 5534 fueris,
1581 5473 1907 5528 exosculan-

317 5557 416 5619 da,
465 5557 993 5628 annumerandaque
1039 5573 1162 5612 cum
1208 5558 1333 5614 aliis
1363 5563 1570 5618 sanctis
1601 5565 1779 5620 tribus
1809 5581 1905 5637 sy-

317 5643 496 5705 nodis,
525 5645 692 5714 quod,
722 5653 778 5698 ιιι
803 5646 982 5700 oratio
1012 5644 1578 5711 demoustravit,nihil
1628 5669 1737 5722 pra:
1783 5655 1905 5710 aliis

317 5739 524 5795 sanctis
547 5740 720 5796 tribus
750 5741 973 5812 synodis
993 5740 1306 5812 innovavitf;
1337 5745 1606 5814 quinimo,
1640 5748 1684 5802 si
1717 5765 1903 5805 verum

317 5831 478 5888 fateri
527 5834 804 5900 volumus,
870 5834 1058 5890 cadent
1115 5850 1360 5907 prorsus,
1404 5855 1669 5912 atqueque
1719 5843 1902 5898 omnia

2019 4731 2243 4802 Σεὸήρῳ
2268 4729 2414 4783 κατὰ
2440 4730 2542 4800 τὴν
2581 4730 2744 4799 φύσιν
2777 4732 2878 4800 (ὅτι
2911 4733 2958 4783 οἱ
2997 4730 3096 4798 μὲν
3146 4730 3273 4800 μίαν
3316 4729 3476 4796 φύσιν
3507 4728 3600 4782 ἐπὶ
3672 4789 3685 4799 _

2015 4825 2116 4895 τῆς
2145 4823 2462 4894 οἰκονομίας
2491 4823 2874 4894 κηρύττουσιν,
2909 4825 2942 4893 ἡ
2973 4824 3026 4877 δὲ
3070 4824 3210 4890 δύο),
3243 4827 3492 4878 κοινωνεῖ
3523 4824 3599 4894 τῷ

2016 4917 2318 4987 Νεστορίῳ,
2359 4916 2500 4968 κατὰ
2529 4915 2590 4968 τὸ
2621 4914 2719 4976 τὰς
2761 4915 2854 4968 δύο
2892 4915 2986 4968 καὶ
3029 4916 3188 4985 μόνον
3217 4915 3406 4984 φύσεις
3435 4916 3595 4982 δοξά-

2017 5009 2132 5075 ζειν
2161 5011 2252 5064 ἐπὶ
2287 5009 2547 5082 Χριστοῦ.
2578 5009 2686 5063 Καὶ
2721 5009 2784 5062 οὑ
2815 5009 2895 5062 δεῖ
2924 5011 2987 5062 ἐκ
3009 5008 3102 5062 τοῦ
3145 5009 3286 5062 κατά
3314 5028 3364 5062 τι
3399 5027 3594 5062 κοινωο

2015 5106 2147 5170 νεῖν,
2203 5105 2298 5158 καὶ
2353 5103 2415 5157 τὸ
2457 5103 2644 5166 ἁπλῶς
2673 5106 2952 5156 κοινωνεῖν
3002 5101 3334 5170 λογίζεσθαι,
3383 5103 3476 5156 καὶ
3523 5104 3595 5165 ὡς

2014 5197 2290 5267 ὁμόφρονα
2338 5196 2428 5250 τὸν
2485 5195 2628 5250 κατά
2675 5213 2728 5248 τι
2778 5192 3142 5247 κοινωνοῦντα
3195 5211 3333 5258 τινι,
3398 5195 3594 5247 ταυτὸν

2013 5288 2208 5356 ἐκείνῳ
2261 5287 2574 5356 λογίζεσθαι
2613 5285 2705 5339 καὶ
2764 5283 3154 5354 μυσάττεσθαι.
3194 5285 3348 5337 Ἐπεὶ
3390 5285 3484 5337 καὶ
3535 5284 3596 5336 τὸ

2011 5380 2210 5451 ἀληθὲς
2234 5381 2489 5452 φρόνημα
2508 5379 2610 5448 τῆς
2648 5377 2996 5447 Ἐκκλησίας,
3023 5376 3156 5430 διότι
3187 5377 3282 5428 ὲπί
3309 5395 3357 5429 τι
3397 5394 3595 5429 κοινω-

2009 5475 2092 5525 νεῖ
2118 5475 2227 5536 τοῖς
2255 5473 2466 5543 ἄκροις,
2511 5471 2729 5542 Ἀρείῳ,
2759 5471 2922 5540 φημὶ,
2953 5468 3048 5520 καὶ
3079 5467 3373 5538 Σαδελλίῳ,
3408 5468 3594 5531 καθὼς

2009 5566 2036 5618 ὁ
2074 5564 2232 5630 λόγος
2281 5565 2644 5636 παρέστησεν,
2675 5561 3216 5632 άποκηρυχθήσεται.
3251 5561 3356 5612 Καὶ
3393 5560 3480 5623 τίς
3525 5558 3592 5616 ἂν

2011 5657 2208 5729 ὑποίσῃ
2230 5655 2289 5709 τὸ
2323 5655 2672 5726 βλάσφημονς
2703 5654 2917 5708 Οὑτωσὶ
2960 5652 3052 5705 καὶ
3092 5651 3185 5704 ἐπὶ
3219 5651 3316 5720 τῆς
3349 5651 3408 5704 ἐν
3439 5650 3589 5704 Χαλ-

2010 5750 2192 5822 κηδόνι
2242 5750 2402 5817 ἁγίας
2453 5749 2722 5819 τετάρτης
2783 5745 3002 5801 συνόδου
3059 5742 3301 5807 εὐσεϐῶς
3357 5745 3589 5814 συνορᾷν

2010 5845 2216 5900 ἔνεστι·
2250 5844 2382 5898 διότι
2410 5845 2657 5897 κοινωνεῖ
2685 5841 2778 5895 ἐπί
2803 5859 2853 5895 τι
2897 5838 2976 5910 τῷ
3000 5839 3298 5910 Νεστορίῳ,
3329 5837 3429 5908 ἥδη
3455 5839 3587 5906 ὀμο-
