  <div class='ocr_page' id='page_1' title='image "/cluster/home/n/w/nwhite01/storage/ocr_20150623/105/hvd.32044013678347/310.png"; bbox 0 0 3994 6602; ppageno 0'>
   <div class='ocr_carea' id='block_1_1' title="bbox 261 373 3521 478">
    <p class='ocr_par' dir='ltr' id='par_1_1' title="bbox 261 373 3521 478">
     <span class='ocr_line' id='line_1_1' title="bbox 261 373 3521 478; baseline 0.006 -19"><span class='ocrx_word' id='word_1_1' title='bbox 261 393 354 459; x_wconf 81' lang='grc' dir='ltr'><strong>σοι</strong></span> <span class='ocrx_word' id='word_1_2' title='bbox 1099 398 1533 462; x_wconf 76' lang='lat' dir='ltr'><strong>REFUTATIO</strong></span> <span class='ocrx_word' id='word_1_3' title='bbox 1571 402 1955 466; x_wconf 56' lang='lat' dir='ltr'><strong>EPISTOLJE</strong></span> <span class='ocrx_word' id='word_1_4' title='bbox 1986 407 2214 467; x_wconf 83' lang='lat' dir='ltr'><strong>REGIS</strong></span> <span class='ocrx_word' id='word_1_5' title='bbox 2245 407 2638 470; x_wconf 75' lang='lat' dir='ltr'><strong>ARMENLE.</strong></span> <span class='ocrx_word' id='word_1_6' title='bbox 3395 373 3521 478; x_wconf 65' lang='lat' dir='ltr'><strong>tos</strong></span> 
     </span>
    </p>
   </div>
   <div class='ocr_carea' id='block_1_2' title="bbox 258 510 1840 599">
    <p class='ocr_par' dir='ltr' id='par_1_2' title="bbox 258 510 1833 590">
     <span class='ocr_line' id='line_1_2' title="bbox 258 510 1833 590; baseline 0.008 -28"><span class='ocrx_word' id='word_1_7' title='bbox 258 511 470 580; x_wconf 75' lang='grc' dir='ltr'>φρονεῖν</span> <span class='ocrx_word' id='word_1_8' title='bbox 529 510 807 584; x_wconf 79' lang='grc' dir='ltr'>δὼσομενς</span> <span class='ocrx_word' id='word_1_9' title='bbox 866 513 1164 584; x_wconf 82' lang='grc' dir='ltr'>Ούμενουν.</span> <span class='ocrx_word' id='word_1_10' title='bbox 1225 516 1434 570; x_wconf 84' lang='grc' dir='ltr'>Οὐκοῦν</span> <span class='ocrx_word' id='word_1_11' title='bbox 1481 518 1581 590; x_wconf 78' lang='grc' dir='ltr'>τὴν</span> <span class='ocrx_word' id='word_1_12' title='bbox 1632 521 1833 575; x_wconf 82' lang='grc' dir='ltr'>οὑτωσὶ</span> 
     </span>
    </p>
   </div>
   <div class='ocr_carea' id='block_1_3' title="bbox 1945 510 3527 599">
    <p class='ocr_par' dir='ltr' id='par_1_3' title="bbox 1945 524 3527 599">
     <span class='ocr_line' id='line_1_3' title="bbox 1945 524 3527 599; baseline 0.004 -20"><span class='ocrx_word' id='word_1_13' title='bbox 1945 524 2168 587; x_wconf 77' lang='lat' dir='ltr'><strong>studuit,</strong></span> <span class='ocrx_word' id='word_1_14' title='bbox 2187 534 2239 577; x_wconf 90' lang='lat' dir='ltr'><strong>et</strong></span> <span class='ocrx_word' id='word_1_15' title='bbox 2266 525 2612 579; x_wconf 77' lang='lat' dir='ltr'><strong>concorditer</strong></span> <span class='ocrx_word' id='word_1_16' title='bbox 2631 525 2798 578; x_wconf 88' lang='lat' dir='ltr'><strong>voluit</strong></span> <span class='ocrx_word' id='word_1_17' title='bbox 2821 541 2940 580; x_wconf 90' lang='lat' dir='ltr'><strong>cum</strong></span> <span class='ocrx_word' id='word_1_18' title='bbox 2970 526 3096 593; x_wconf 83' lang='lat' dir='ltr'><strong>illis,</strong></span> <span class='ocrx_word' id='word_1_19' title='bbox 3120 536 3376 598; x_wconf 85' lang='lat' dir='ltr'><strong>tanquam</strong></span> <span class='ocrx_word' id='word_1_20' title='bbox 3401 545 3527 599; x_wconf 68' lang='lat' dir='ltr'><strong>quae</strong></span> 
     </span>
    </p>
   </div>
   <div class='ocr_carea' id='block_1_4' title="bbox 256 600 1840 682">
    <p class='ocr_par' dir='ltr' id='par_1_4' title="bbox 256 600 1832 682">
     <span class='ocr_line' id='line_1_4' title="bbox 256 600 1832 682; baseline 0.008 -29"><span class='ocrx_word' id='word_1_21' title='bbox 256 601 414 667; x_wconf 90' lang='grc' dir='ltr'>ἁγίαν</span> <span class='ocrx_word' id='word_1_22' title='bbox 461 600 702 668; x_wconf 83' lang='grc' dir='ltr'><strong>σύνοδον,</strong></span> <span class='ocrx_word' id='word_1_23' title='bbox 736 603 834 674; x_wconf 86' lang='grc' dir='ltr'>τὴν</span> <span class='ocrx_word' id='word_1_24' title='bbox 869 604 1041 676; x_wconf 81' lang='grc' dir='ltr'>μέσην</span> <span class='ocrx_word' id='word_1_25' title='bbox 1085 607 1203 660; x_wconf 77' lang='grc' dir='ltr'>ὁδὸν</span> <span class='ocrx_word' id='word_1_26' title='bbox 1232 608 1330 678; x_wconf 85' lang='grc' dir='ltr'>τῆς</span> <span class='ocrx_word' id='word_1_27' title='bbox 1358 608 1618 680; x_wconf 78' lang='grc' dir='ltr'><strong>ἀληθείας</strong></span> <span class='ocrx_word' id='word_1_28' title='bbox 1657 612 1832 682; x_wconf 83' lang='grc' dir='ltr'>κηρύ-</span> 
     </span>
    </p>
   </div>
   <div class='ocr_carea' id='block_1_5' title="bbox 1945 600 2848 682">
    <p class='ocr_par' dir='ltr' id='par_1_5' title="bbox 1945 617 2848 672">
     <span class='ocr_line' id='line_1_5' title="bbox 1945 617 2848 672; baseline 0.002 -4"><span class='ocrx_word' id='word_1_29' title='bbox 1945 617 2174 670; x_wconf 89' lang='lat' dir='ltr'><strong>mediam</strong></span> <span class='ocrx_word' id='word_1_30' title='bbox 2204 617 2446 672; x_wconf 92' lang='lat' dir='ltr'><strong>veritatis</strong></span> <span class='ocrx_word' id='word_1_31' title='bbox 2475 619 2614 671; x_wconf 78' lang='lat' dir='ltr'><strong>viam</strong></span> <span class='ocrx_word' id='word_1_32' title='bbox 2647 619 2848 672; x_wconf 78' lang='lat' dir='ltr'><strong>inierit.</strong></span> 
     </span>
    </p>
   </div>
   <div class='ocr_carea' id='block_1_6' title="bbox 253 694 3529 783">
    <p class='ocr_par' dir='ltr' id='par_1_6' title="bbox 253 694 3529 783">
     <span class='ocr_line' id='line_1_6' title="bbox 253 694 3529 783; baseline 0.006 -37"><span class='ocrx_word' id='word_1_33' title='bbox 253 694 441 760; x_wconf 78' lang='grc' dir='ltr'>ξασαν,</span> <span class='ocrx_word' id='word_1_34' title='bbox 471 697 528 749; x_wconf 84' lang='grc' dir='ltr'><strong>ού</strong></span> <span class='ocrx_word' id='word_1_35' title='bbox 567 698 648 750; x_wconf 87' lang='grc' dir='ltr'><strong>δεῖ</strong></span> <span class='ocrx_word' id='word_1_36' title='bbox 689 700 1018 772; x_wconf 78' lang='grc' dir='ltr'>κακοϐουλίᾳ</span> <span class='ocrx_word' id='word_1_37' title='bbox 1053 703 1146 755; x_wconf 79' lang='grc' dir='ltr'>καὶ</span> <span class='ocrx_word' id='word_1_38' title='bbox 1185 703 1422 775; x_wconf 74' lang='grc' dir='ltr'>ἁμαθεία</span> <span class='ocrx_word' id='word_1_39' title='bbox 1475 709 1828 774; x_wconf 81' lang='grc' dir='ltr'><strong>συκοφαντεῖν</strong></span> <span class='ocrx_word' id='word_1_40' title='bbox 1890 709 1983 764; x_wconf 76' lang='grc' dir='ltr'>καὶ</span> <span class='ocrx_word' id='word_1_41' title='bbox 2031 710 2479 780; x_wconf 87' lang='grc' dir='ltr'>ἀποπέμπεσθαι,</span> <span class='ocrx_word' id='word_1_42' title='bbox 2525 712 2662 766; x_wconf 83' lang='grc' dir='ltr'>ἀλλὰ</span> <span class='ocrx_word' id='word_1_43' title='bbox 2713 713 2913 783; x_wconf 82' lang='grc' dir='ltr'>μᾶλλον</span> <span class='ocrx_word' id='word_1_44' title='bbox 2960 713 3018 766; x_wconf 75' lang='grc' dir='ltr'>τὸ</span> <span class='ocrx_word' id='word_1_45' title='bbox 3098 712 3303 781; x_wconf 78' lang='grc' dir='ltr'>ταύτης</span> <span class='ocrx_word' id='word_1_46' title='bbox 3369 711 3529 782; x_wconf 57' lang='grc' dir='ltr'>ὀρθὸν</span> 
     </span>
    </p>
   </div>
   <div class='ocr_carea' id='block_1_7' title="bbox 250 789 3530 881">
    <p class='ocr_par' dir='ltr' id='par_1_7' title="bbox 250 789 3530 881">
     <span class='ocr_line' id='line_1_7' title="bbox 250 789 3530 881; baseline 0.005 -38"><span class='ocrx_word' id='word_1_47' title='bbox 250 789 425 861; x_wconf 78' lang='grc' dir='ltr'>δόγμα</span> <span class='ocrx_word' id='word_1_48' title='bbox 481 794 910 864; x_wconf 79' lang='grc' dir='ltr'>ὁμολογήσαντα,</span> <span class='ocrx_word' id='word_1_49' title='bbox 962 798 1344 868; x_wconf 82' lang='grc' dir='ltr'>ἀποδέχεσθαι,</span> <span class='ocrx_word' id='word_1_50' title='bbox 1397 803 1492 856; x_wconf 77' lang='grc' dir='ltr'>καὶ</span> <span class='ocrx_word' id='word_1_51' title='bbox 1543 805 1682 873; x_wconf 87' lang='grc' dir='ltr'><strong>μετὰ</strong></span> <span class='ocrx_word' id='word_1_52' title='bbox 1750 805 1858 858; x_wconf 89' lang='grc' dir='ltr'><strong>τῶν</strong></span> <span class='ocrx_word' id='word_1_53' title='bbox 1931 805 2135 861; x_wconf 82' lang='grc' dir='ltr'>λοιπῶν</span> <span class='ocrx_word' id='word_1_54' title='bbox 2205 809 2373 877; x_wconf 89' lang='grc' dir='ltr'>ἁγίων</span> <span class='ocrx_word' id='word_1_55' title='bbox 2425 809 2592 881; x_wconf 82' lang='grc' dir='ltr'>τριῶν</span> <span class='ocrx_word' id='word_1_56' title='bbox 2660 810 2891 862; x_wconf 71' lang='grc' dir='ltr'>συνύδων</span> <span class='ocrx_word' id='word_1_57' title='bbox 2942 807 3318 879; x_wconf 68' lang='grc' dir='ltr'><strong>καταριθμεῖν.</strong></span> <span class='ocrx_word' id='word_1_58' title='bbox 3375 807 3463 858; x_wconf 75' lang='grc' dir='ltr'><strong>Διὸ</strong></span> <span class='ocrx_word' id='word_1_59' title='bbox 3501 806 3530 858; x_wconf 91' lang='grc' dir='ltr'>ὁ</span> 
     </span>
    </p>
   </div>
   <div class='ocr_carea' id='block_1_8' title="bbox 250 883 3532 974">
    <p class='ocr_par' dir='ltr' id='par_1_8' title="bbox 250 883 3532 974">
     <span class='ocr_line' id='line_1_8' title="bbox 250 883 3532 974; baseline 0.004 -37"><span class='ocrx_word' id='word_1_60' title='bbox 250 883 407 952; x_wconf 74' lang='grc' dir='ltr'>λόγος</span> <span class='ocrx_word' id='word_1_61' title='bbox 461 886 628 951; x_wconf 74' lang='grc' dir='ltr'>ἔδειξε</span> <span class='ocrx_word' id='word_1_62' title='bbox 684 889 955 960; x_wconf 86' lang='grc' dir='ltr'>μηδεμίαν</span> <span class='ocrx_word' id='word_1_63' title='bbox 1015 893 1352 960; x_wconf 78' lang='grc' dir='ltr'>κενοφωνίαν</span> <span class='ocrx_word' id='word_1_64' title='bbox 1382 896 1708 963; x_wconf 75' lang='grc' dir='ltr'>εἰσάγουσαν</span> <span class='ocrx_word' id='word_1_65' title='bbox 1763 898 1862 969; x_wconf 79' lang='grc' dir='ltr'>τὴν</span> <span class='ocrx_word' id='word_1_66' title='bbox 1918 899 2080 966; x_wconf 84' lang='grc' dir='ltr'>ἁγίαν</span> <span class='ocrx_word' id='word_1_67' title='bbox 2142 901 2410 973; x_wconf 83' lang='grc' dir='ltr'><strong>τετάρτην</strong></span> <span class='ocrx_word' id='word_1_68' title='bbox 2465 902 2680 956; x_wconf 85' lang='grc' dir='ltr'>σύνοδον</span> <span class='ocrx_word' id='word_1_69' title='bbox 2730 903 2865 974; x_wconf 77' lang='grc' dir='ltr'>πρὸς</span> <span class='ocrx_word' id='word_1_70' title='bbox 2920 905 3039 964; x_wconf 85' lang='grc' dir='ltr'>ταῖς</span> <span class='ocrx_word' id='word_1_71' title='bbox 3090 899 3304 963; x_wconf 87' lang='grc' dir='ltr'>λοιπαῖς</span> <span class='ocrx_word' id='word_1_72' title='bbox 3346 899 3532 966; x_wconf 85' lang='grc' dir='ltr'>ἁγίαις</span> 
     </span>
    </p>
   </div>
   <div class='ocr_carea' id='block_1_9' title="bbox 248 981 3532 1068">
    <p class='ocr_par' dir='ltr' id='par_1_9' title="bbox 248 981 3532 1068">
     <span class='ocr_line' id='line_1_9' title="bbox 248 981 3532 1068; baseline 0.004 -36"><span class='ocrx_word' id='word_1_73' title='bbox 248 981 397 1050; x_wconf 78' lang='grc' dir='ltr'>τρισὶ</span> <span class='ocrx_word' id='word_1_74' title='bbox 453 982 712 1045; x_wconf 78' lang='grc' dir='ltr'>συνόδοις,</span> <span class='ocrx_word' id='word_1_75' title='bbox 771 984 970 1054; x_wconf 81' lang='grc' dir='ltr'>μᾶλλον</span> <span class='ocrx_word' id='word_1_76' title='bbox 1003 985 1082 1050; x_wconf 79' lang='grc' dir='ltr'>δὲ,</span> <span class='ocrx_word' id='word_1_77' title='bbox 1114 988 1163 1040; x_wconf 89' lang='grc' dir='ltr'><strong>εί</strong></span> <span class='ocrx_word' id='word_1_78' title='bbox 1213 990 1318 1060; x_wconf 79' lang='grc' dir='ltr'><strong>χρὴ</strong></span> <span class='ocrx_word' id='word_1_79' title='bbox 1350 989 1583 1061; x_wconf 81' lang='grc' dir='ltr'>τάληθὲς</span> <span class='ocrx_word' id='word_1_80' title='bbox 1630 993 1828 1058; x_wconf 80' lang='grc' dir='ltr'>εἰπεῖν,</span> <span class='ocrx_word' id='word_1_81' title='bbox 1867 993 2132 1067; x_wconf 82' lang='grc' dir='ltr'><strong>μεγίστην</strong></span> <span class='ocrx_word' id='word_1_82' title='bbox 2154 998 2475 1067; x_wconf 81' lang='grc' dir='ltr'>συμφωνίαν</span> <span class='ocrx_word' id='word_1_83' title='bbox 2503 997 2591 1051; x_wconf 80' lang='grc' dir='ltr'><strong>διὰ</strong></span> <span class='ocrx_word' id='word_1_84' title='bbox 2611 997 2670 1051; x_wconf 79' lang='grc' dir='ltr'>τὸ</span> <span class='ocrx_word' id='word_1_85' title='bbox 2693 999 2784 1051; x_wconf 75' lang='grc' dir='ltr'>καὶ</span> <span class='ocrx_word' id='word_1_86' title='bbox 2815 997 2985 1068; x_wconf 75' lang='grc' dir='ltr'>αὐτὴν</span> <span class='ocrx_word' id='word_1_87' title='bbox 3041 995 3140 1068; x_wconf 79' lang='grc' dir='ltr'><strong>τὴν</strong></span> <span class='ocrx_word' id='word_1_88' title='bbox 3173 995 3344 1067; x_wconf 82' lang='grc' dir='ltr'>μέσην</span> <span class='ocrx_word' id='word_1_89' title='bbox 3411 995 3532 1048; x_wconf 69' lang='grc' dir='ltr'><strong>ὁδὸ)</strong></span> 
     </span>
    </p>
   </div>
   <div class='ocr_carea' id='block_1_10' title="bbox 247 1075 1370 1154">
    <p class='ocr_par' dir='ltr' id='par_1_10' title="bbox 247 1075 1370 1154">
     <span class='ocr_line' id='line_1_10' title="bbox 247 1075 1370 1154; baseline 0.01 -28"><span class='ocrx_word' id='word_1_90' title='bbox 247 1075 348 1146; x_wconf 78' lang='grc' dir='ltr'>τῆς</span> <span class='ocrx_word' id='word_1_91' title='bbox 373 1077 634 1145; x_wconf 79' lang='grc' dir='ltr'>ἀληθείας</span> <span class='ocrx_word' id='word_1_92' title='bbox 656 1079 892 1148; x_wconf 84' lang='grc' dir='ltr'>βαδίσαι,</span> <span class='ocrx_word' id='word_1_93' title='bbox 924 1080 1112 1154; x_wconf 88' lang='grc' dir='ltr'>ῶσπερ</span> <span class='ocrx_word' id='word_1_94' title='bbox 1143 1084 1370 1138; x_wconf 79' lang='grc' dir='ltr'>ἐκεῖναι.</span> 
     </span>
    </p>
   </div>
   <div class='ocr_carea' id='block_1_11' title="bbox 319 1166 1840 1251">
    <p class='ocr_par' dir='ltr' id='par_1_11' title="bbox 319 1166 1830 1250">
     <span class='ocr_line' id='line_1_11' title="bbox 319 1166 1830 1250; baseline 0.009 -30"><span class='ocrx_word' id='word_1_95' title='bbox 319 1166 392 1224; x_wconf 84' lang='grc' dir='ltr'><strong>ε’.’</strong></span> <span class='ocrx_word' id='word_1_96' title='bbox 419 1169 637 1222; x_wconf 84' lang='grc' dir='ltr'>Ἐνεστι</span> <span class='ocrx_word' id='word_1_97' title='bbox 663 1171 721 1224; x_wconf 86' lang='grc' dir='ltr'>δὲ</span> <span class='ocrx_word' id='word_1_98' title='bbox 765 1176 989 1226; x_wconf 87' lang='grc' dir='ltr'>σκοπεῖν</span> <span class='ocrx_word' id='word_1_99' title='bbox 1019 1175 1114 1228; x_wconf 82' lang='grc' dir='ltr'>καὶ</span> <span class='ocrx_word' id='word_1_100' title='bbox 1151 1174 1210 1241; x_wconf 78' lang='grc' dir='ltr'>ἐξ</span> <span class='ocrx_word' id='word_1_101' title='bbox 1243 1177 1416 1245; x_wconf 76' lang='grc' dir='ltr'>αὐτῆς</span> <span class='ocrx_word' id='word_1_102' title='bbox 1457 1179 1556 1250; x_wconf 85' lang='grc' dir='ltr'>τῆς</span> <span class='ocrx_word' id='word_1_103' title='bbox 1587 1180 1830 1244; x_wconf 86' lang='grc' dir='ltr'>συνόδου,</span> 
     </span>
    </p>
   </div>
   <div class='ocr_carea' id='block_1_12' title="bbox 1945 1166 3526 1251">
    <p class='ocr_par' dir='ltr' id='par_1_12' title="bbox 2014 1178 3526 1251">
     <span class='ocr_line' id='line_1_12' title="bbox 2014 1178 3526 1251; baseline -0.003 -15"><span class='ocrx_word' id='word_1_104' title='bbox 2014 1181 2068 1236; x_wconf 82' lang='lat'><strong>5.</strong></span> <span class='ocrx_word' id='word_1_105' title='bbox 2093 1178 2398 1236; x_wconf 85' lang='lat' dir='ltr'><strong>Possumus</strong></span> <span class='ocrx_word' id='word_1_106' title='bbox 2438 1181 2601 1236; x_wconf 90' lang='lat' dir='ltr'><strong>etiam</strong></span> <span class='ocrx_word' id='word_1_107' title='bbox 2663 1197 2728 1236; x_wconf 84' lang='lat' dir='ltr'><strong>ex</strong></span> <span class='ocrx_word' id='word_1_108' title='bbox 2762 1181 2950 1236; x_wconf 88' lang='lat' dir='ltr'><strong>eadem</strong></span> <span class='ocrx_word' id='word_1_109' title='bbox 3003 1179 3211 1251; x_wconf 81' lang='lat' dir='ltr'><strong>synodo</strong></span> <span class='ocrx_word' id='word_1_110' title='bbox 3245 1178 3526 1247; x_wconf 65' lang='lat' dir='ltr'><strong>colligere.</strong></span> 
     </span>
    </p>
   </div>
   <div class='ocr_carea' id='block_1_13' title="bbox 247 1257 1830 1345">
    <p class='ocr_par' dir='ltr' id='par_1_13' title="bbox 247 1257 1830 1345">
     <span class='ocr_line' id='line_1_13' title="bbox 247 1257 1830 1345; baseline 0.008 -31"><span class='ocrx_word' id='word_1_111' title='bbox 247 1261 298 1314; x_wconf 88' lang='grc' dir='ltr'><strong>τί</strong></span> <span class='ocrx_word' id='word_1_112' title='bbox 330 1261 442 1334; x_wconf 77' lang='grc' dir='ltr'><strong>ἄρα</strong></span> <span class='ocrx_word' id='word_1_113' title='bbox 479 1263 729 1334; x_wconf 84' lang='grc' dir='ltr'>βούλεται</span> <span class='ocrx_word' id='word_1_114' title='bbox 779 1257 1070 1337; x_wconf 76' lang='grc' dir='ltr'><strong>κηρύττειν</strong></span> <span class='ocrx_word' id='word_1_115' title='bbox 1114 1270 1206 1323; x_wconf 82' lang='grc' dir='ltr'><strong>ἐπὶ</strong></span> <span class='ocrx_word' id='word_1_116' title='bbox 1251 1271 1512 1341; x_wconf 80' lang='grc' dir='ltr'>Χριστοῦ.</span> <span class='ocrx_word' id='word_1_117' title='bbox 1557 1272 1830 1345; x_wconf 84' lang='grc' dir='ltr'>Ἐπομένη</span> 
     </span>
    </p>
   </div>
   <div class='ocr_carea' id='block_1_14' title="bbox 248 1355 1829 1434">
    <p class='ocr_par' dir='ltr' id='par_1_14' title="bbox 248 1355 1829 1434">
     <span class='ocr_line' id='line_1_14' title="bbox 248 1355 1829 1434; baseline 0.008 -27"><span class='ocrx_word' id='word_1_118' title='bbox 248 1355 378 1424; x_wconf 76' lang='grc' dir='ltr'>γὰρ,</span> <span class='ocrx_word' id='word_1_119' title='bbox 436 1357 512 1420; x_wconf 80' lang='grc' dir='ltr'>ὡς</span> <span class='ocrx_word' id='word_1_120' title='bbox 559 1357 696 1429; x_wconf 86' lang='grc' dir='ltr'>αύτή</span> <span class='ocrx_word' id='word_1_121' title='bbox 732 1375 886 1428; x_wconf 80' lang='grc' dir='ltr'>φησι,</span> <span class='ocrx_word' id='word_1_122' title='bbox 943 1362 1056 1426; x_wconf 88' lang='grc' dir='ltr'>τοῖς</span> <span class='ocrx_word' id='word_1_123' title='bbox 1097 1362 1363 1434; x_wconf 84' lang='grc' dir='ltr'>Πατρὰσι,</span> <span class='ocrx_word' id='word_1_124' title='bbox 1390 1365 1533 1419; x_wconf 85' lang='grc' dir='ltr'><strong>κατὰ</strong></span> <span class='ocrx_word' id='word_1_125' title='bbox 1556 1364 1698 1430; x_wconf 78' lang='grc' dir='ltr'>λέξιν</span> <span class='ocrx_word' id='word_1_126' title='bbox 1727 1359 1829 1420; x_wconf 72' lang='grc' dir='ltr'><strong>ὧδε</strong></span> 
     </span>
    </p>
   </div>
   <div class='ocr_carea' id='block_1_15' title="bbox 249 1446 1830 1527">
    <p class='ocr_par' dir='ltr' id='par_1_15' title="bbox 249 1446 1830 1527">
     <span class='ocr_line' id='line_1_15' title="bbox 249 1446 1830 1527; baseline 0.008 -28"><span class='ocrx_word' id='word_1_127' title='bbox 249 1446 483 1514; x_wconf 77' lang='grc' dir='ltr'>φὰσκειο</span> <span class='ocrx_word' id='word_1_128' title='bbox 519 1448 655 1503; x_wconf 85' lang='grc' dir='ltr'><strong>Ἕνα</strong></span> <span class='ocrx_word' id='word_1_129' title='bbox 704 1449 799 1503; x_wconf 71' lang='grc' dir='ltr'><strong>καί⁵</strong></span> <span class='ocrx_word' id='word_1_130' title='bbox 844 1449 935 1503; x_wconf 85' lang='grc' dir='ltr'>τὸν</span> <span class='ocrx_word' id='word_1_131' title='bbox 969 1451 1132 1505; x_wconf 88' lang='grc' dir='ltr'>αύτόν</span> <span class='ocrx_word' id='word_1_132' title='bbox 1175 1454 1381 1525; x_wconf 84' lang='grc' dir='ltr'>Κύριον</span> <span class='ocrx_word' id='word_1_133' title='bbox 1425 1457 1582 1527; x_wconf 84' lang='grc' dir='ltr'>ἡμῶν</span> <span class='ocrx_word' id='word_1_134' title='bbox 1616 1458 1830 1527; x_wconf 81' lang='grc' dir='ltr'>Ἰησοῦν</span> 
     </span>
    </p>
   </div>
   <div class='ocr_carea' id='block_1_16' title="bbox 248 1541 1831 1620">
    <p class='ocr_par' dir='ltr' id='par_1_16' title="bbox 248 1541 1831 1620">
     <span class='ocr_line' id='line_1_16' title="bbox 248 1541 1831 1620; baseline 0.007 -27"><span class='ocrx_word' id='word_1_135' title='bbox 248 1541 491 1611; x_wconf 79' lang='grc' dir='ltr'>Χριστὸν</span> <span class='ocrx_word' id='word_1_136' title='bbox 551 1541 859 1612; x_wconf 82' lang='grc' dir='ltr'>συμφώνως</span> <span class='ocrx_word' id='word_1_137' title='bbox 884 1543 1167 1614; x_wconf 76' lang='grc' dir='ltr'>ὁμολογεῖν</span> <span class='ocrx_word' id='word_1_138' title='bbox 1217 1547 1528 1601; x_wconf 80' lang='grc' dir='ltr'>ἐκδιδάσκει</span> <span class='ocrx_word' id='word_1_139' title='bbox 1554 1565 1568 1579; x_wconf 77' lang='grc' dir='ltr'><strong>ο</strong></span> <span class='ocrx_word' id='word_1_140' title='bbox 1611 1550 1699 1603; x_wconf 83' lang='grc' dir='ltr'>διὰ</span> <span class='ocrx_word' id='word_1_141' title='bbox 1733 1551 1831 1620; x_wconf 85' lang='grc' dir='ltr'>μὲν</span> 
     </span>
    </p>
   </div>
   <div class='ocr_carea' id='block_1_17' title="bbox 243 1632 1837 1712">
    <p class='ocr_par' dir='ltr' id='par_1_17' title="bbox 243 1632 1837 1712">
     <span class='ocr_line' id='line_1_17' title="bbox 243 1632 1837 1712; baseline 0.006 -26"><span class='ocrx_word' id='word_1_142' title='bbox 243 1632 340 1686; x_wconf 84' lang='grc' dir='ltr'><strong>τοῦ</strong></span> <span class='ocrx_word' id='word_1_143' title='bbox 369 1634 708 1703; x_wconf 71' lang='grc' dir='ltr'>συμφώνως</span> <span class='ocrx_word' id='word_1_144' title='bbox 735 1636 951 1707; x_wconf 79' lang='grc' dir='ltr'>ἐκείνην</span> <span class='ocrx_word' id='word_1_145' title='bbox 994 1635 1094 1709; x_wconf 78' lang='grc' dir='ltr'><strong>τὴν</strong></span> <span class='ocrx_word' id='word_1_146' title='bbox 1139 1638 1375 1709; x_wconf 76' lang='grc' dir='ltr'>ὑποψίαν</span> <span class='ocrx_word' id='word_1_147' title='bbox 1429 1644 1837 1712; x_wconf 85' lang='grc' dir='ltr'>προῦποτεμνο-</span> 
     </span>
    </p>
   </div>
   <div class='ocr_carea' id='block_1_18' title="bbox 247 1724 1832 1804">
    <p class='ocr_par' dir='ltr' id='par_1_18' title="bbox 247 1724 1832 1804">
     <span class='ocr_line' id='line_1_18' title="bbox 247 1724 1832 1804; baseline 0.006 -27"><span class='ocrx_word' id='word_1_148' title='bbox 247 1724 409 1796; x_wconf 87' lang='grc' dir='ltr'>μένη,</span> <span class='ocrx_word' id='word_1_149' title='bbox 441 1726 540 1797; x_wconf 82' lang='grc' dir='ltr'>τὴν</span> <span class='ocrx_word' id='word_1_150' title='bbox 575 1727 676 1780; x_wconf 81' lang='grc' dir='ltr'>οὐκ</span> <span class='ocrx_word' id='word_1_151' title='bbox 701 1728 765 1781; x_wconf 81' lang='grc' dir='ltr'>ἐκ</span> <span class='ocrx_word' id='word_1_152' title='bbox 809 1729 1022 1781; x_wconf 83' lang='grc' dir='ltr'>πάντων</span> <span class='ocrx_word' id='word_1_153' title='bbox 1053 1730 1306 1800; x_wconf 74' lang='grc' dir='ltr'>οἰομένην</span> <span class='ocrx_word' id='word_1_154' title='bbox 1338 1731 1445 1785; x_wconf 90' lang='grc' dir='ltr'><strong>τῶν</strong></span> <span class='ocrx_word' id='word_1_155' title='bbox 1487 1749 1832 1804; x_wconf 87' lang='grc' dir='ltr'>συναγηγερ-</span> 
     </span>
    </p>
   </div>
   <div class='ocr_carea' id='block_1_19' title="bbox 246 1818 1832 1896">
    <p class='ocr_par' dir='ltr' id='par_1_19' title="bbox 246 1818 1832 1896">
     <span class='ocr_line' id='line_1_19' title="bbox 246 1818 1832 1896; baseline 0.006 -27"><span class='ocrx_word' id='word_1_156' title='bbox 246 1818 428 1888; x_wconf 87' lang='grc' dir='ltr'>μένων</span> <span class='ocrx_word' id='word_1_157' title='bbox 465 1819 780 1872; x_wconf 74' lang='grc' dir='ltr'>ἐπισκόπων</span> <span class='ocrx_word' id='word_1_158' title='bbox 819 1821 876 1872; x_wconf 83' lang='grc' dir='ltr'>ὲν</span> <span class='ocrx_word' id='word_1_159' title='bbox 908 1820 1042 1891; x_wconf 87' lang='grc' dir='ltr'>αύτῇ</span> <span class='ocrx_word' id='word_1_160' title='bbox 1074 1821 1174 1893; x_wconf 79' lang='grc' dir='ltr'>τὴν</span> <span class='ocrx_word' id='word_1_161' title='bbox 1217 1823 1587 1896; x_wconf 79' lang='grc' dir='ltr'>ὑποκειμένην</span> <span class='ocrx_word' id='word_1_162' title='bbox 1617 1825 1832 1878; x_wconf 77' lang='grc' dir='ltr'>ἔκθεσιν</span> 
     </span>
    </p>
   </div>
   <div class='ocr_carea' id='block_1_20' title="bbox 243 1907 1827 1986">
    <p class='ocr_par' dir='ltr' id='par_1_20' title="bbox 243 1907 1827 1986">
     <span class='ocr_line' id='line_1_20' title="bbox 243 1907 1827 1986; baseline 0.006 -25"><span class='ocrx_word' id='word_1_163' title='bbox 243 1909 553 1977; x_wconf 87' lang='grc' dir='ltr'>γεγονέναι,</span> <span class='ocrx_word' id='word_1_164' title='bbox 586 1911 703 1963; x_wconf 83' lang='grc' dir='ltr'>ἀλλ’</span> <span class='ocrx_word' id='word_1_165' title='bbox 744 1910 804 1976; x_wconf 80' lang='grc' dir='ltr'>ἐξ</span> <span class='ocrx_word' id='word_1_166' title='bbox 832 1912 1009 1976; x_wconf 86' lang='grc' dir='ltr'>ὲνίων,</span> <span class='ocrx_word' id='word_1_167' title='bbox 1049 1907 1132 1976; x_wconf 76' lang='grc' dir='ltr'>οἷς</span> <span class='ocrx_word' id='word_1_168' title='bbox 1171 1915 1264 1967; x_wconf 79' lang='grc' dir='ltr'>καὶ</span> <span class='ocrx_word' id='word_1_169' title='bbox 1299 1916 1484 1986; x_wconf 85' lang='grc' dir='ltr'>μόνοις</span> <span class='ocrx_word' id='word_1_170' title='bbox 1531 1915 1729 1986; x_wconf 80' lang='grc' dir='ltr'>ἀρέσαι</span> <span class='ocrx_word' id='word_1_171' title='bbox 1755 1920 1827 1972; x_wconf 67' lang='grc' dir='ltr'>τὰ</span> 
     </span>
    </p>
   </div>
   <div class='ocr_carea' id='block_1_21' title="bbox 242 2002 1828 2078">
    <p class='ocr_par' dir='ltr' id='par_1_21' title="bbox 242 2002 1828 2078">
     <span class='ocr_line' id='line_1_21' title="bbox 242 2002 1828 2078; baseline 0.005 -24"><span class='ocrx_word' id='word_1_172' title='bbox 242 2002 538 2071; x_wconf 68' lang='grc' dir='ltr'>εἰρημένα.</span> <span class='ocrx_word' id='word_1_173' title='bbox 585 2003 740 2056; x_wconf 78' lang='grc' dir='ltr'>Μετὰ</span> <span class='ocrx_word' id='word_1_174' title='bbox 788 2003 844 2056; x_wconf 85' lang='grc' dir='ltr'>δὲ</span> <span class='ocrx_word' id='word_1_175' title='bbox 900 2003 1058 2058; x_wconf 79' lang='grc' dir='ltr'>τοῦτο</span> <span class='ocrx_word' id='word_1_176' title='bbox 1110 2004 1300 2078; x_wconf 86' lang='grc' dir='ltr'>ὥσπερ</span> <span class='ocrx_word' id='word_1_177' title='bbox 1353 2009 1828 2076; x_wconf 86' lang='grc' dir='ltr'>συνεκτικωτὰτην</span> 
     </span>
    </p>
   </div>
   <div class='ocr_carea' id='block_1_22' title="bbox 243 2093 1827 2172">
    <p class='ocr_par' dir='ltr' id='par_1_22' title="bbox 243 2093 1827 2172">
     <span class='ocr_line' id='line_1_22' title="bbox 243 2093 1827 2172; baseline 0.005 -26"><span class='ocrx_word' id='word_1_178' title='bbox 243 2093 459 2167; x_wconf 77' lang='grc' dir='ltr'>πλάνην</span> <span class='ocrx_word' id='word_1_179' title='bbox 493 2095 784 2167; x_wconf 80' lang='grc' dir='ltr'>ὲξιωμένη,</span> <span class='ocrx_word' id='word_1_180' title='bbox 835 2096 978 2165; x_wconf 85' lang='grc' dir='ltr'>λέγω</span> <span class='ocrx_word' id='word_1_181' title='bbox 1021 2096 1085 2168; x_wconf 83' lang='grc' dir='ltr'>δὴ</span> <span class='ocrx_word' id='word_1_182' title='bbox 1115 2098 1210 2170; x_wconf 85' lang='grc' dir='ltr'>τὴν</span> <span class='ocrx_word' id='word_1_183' title='bbox 1256 2098 1361 2169; x_wconf 84' lang='grc' dir='ltr'>τῆς</span> <span class='ocrx_word' id='word_1_184' title='bbox 1396 2099 1490 2153; x_wconf 79' lang='grc' dir='ltr'><strong>τοῦ</strong></span> <span class='ocrx_word' id='word_1_185' title='bbox 1530 2100 1827 2172; x_wconf 83' lang='grc' dir='ltr'>Νεστορίου</span> 
     </span>
    </p>
   </div>
   <div class='ocr_carea' id='block_1_23' title="bbox 241 2185 1830 2266">
    <p class='ocr_par' dir='ltr' id='par_1_23' title="bbox 241 2185 1830 2266">
     <span class='ocr_line' id='line_1_23' title="bbox 241 2185 1830 2266; baseline 0.006 -28"><span class='ocrx_word' id='word_1_186' title='bbox 241 2185 570 2249; x_wconf 88' lang='grc' dir='ltr'>δυσσεϐείας</span> <span class='ocrx_word' id='word_1_187' title='bbox 621 2186 916 2258; x_wconf 86' lang='grc' dir='ltr'>διαίρεσιν,</span> <span class='ocrx_word' id='word_1_188' title='bbox 967 2189 1407 2263; x_wconf 84' lang='grc' dir='ltr'>ὲπεισαγομένην</span> <span class='ocrx_word' id='word_1_189' title='bbox 1456 2195 1521 2263; x_wconf 82' lang='grc' dir='ltr'>τῇ</span> <span class='ocrx_word' id='word_1_190' title='bbox 1575 2193 1830 2266; x_wconf 83' lang='grc' dir='ltr'>ἁχρὰντῳ</span> 
     </span>
    </p>
   </div>
   <div class='ocr_carea' id='block_1_24' title="bbox 244 2278 1830 2356">
    <p class='ocr_par' dir='ltr' id='par_1_24' title="bbox 244 2278 1830 2356">
     <span class='ocr_line' id='line_1_24' title="bbox 244 2278 1830 2356; baseline 0.006 -26"><span class='ocrx_word' id='word_1_191' title='bbox 244 2278 559 2350; x_wconf 84' lang='grc' dir='ltr'>οἰκονομίᾳ.</span> <span class='ocrx_word' id='word_1_192' title='bbox 618 2279 710 2333; x_wconf 82' lang='grc' dir='ltr'><strong>Διὸ</strong></span> <span class='ocrx_word' id='word_1_193' title='bbox 747 2281 932 2349; x_wconf 91' lang='grc' dir='ltr'>λέγει,</span> <span class='ocrx_word' id='word_1_194' title='bbox 967 2281 1062 2335; x_wconf 80' lang='grc' dir='ltr'>ἕνα</span> <span class='ocrx_word' id='word_1_195' title='bbox 1107 2283 1203 2336; x_wconf 79' lang='grc' dir='ltr'>καὶ</span> <span class='ocrx_word' id='word_1_196' title='bbox 1231 2284 1321 2337; x_wconf 80' lang='grc' dir='ltr'>τὸν</span> <span class='ocrx_word' id='word_1_197' title='bbox 1352 2285 1513 2338; x_wconf 83' lang='grc' dir='ltr'>αὐτὸν</span> <span class='ocrx_word' id='word_1_198' title='bbox 1546 2285 1830 2356; x_wconf 84' lang='grc' dir='ltr'>ὁμολογεῖν</span> 
     </span>
    </p>
   </div>
   <div class='ocr_carea' id='block_1_25' title="bbox 241 2359 1828 2449">
    <p class='ocr_par' dir='ltr' id='par_1_25' title="bbox 241 2359 1828 2449">
     <span class='ocr_line' id='line_1_25' title="bbox 241 2359 1828 2449; baseline 0.006 -27"><span class='ocrx_word' id='word_1_199' title='bbox 241 2371 378 2424; x_wconf 76' lang='grc' dir='ltr'>Υίδν</span> <span class='ocrx_word' id='word_1_200' title='bbox 401 2373 493 2425; x_wconf 84' lang='grc' dir='ltr'>τὸν</span> <span class='ocrx_word' id='word_1_201' title='bbox 521 2359 725 2444; x_wconf 80' lang='grc' dir='ltr'>Κύρίον</span> <span class='ocrx_word' id='word_1_202' title='bbox 751 2373 910 2443; x_wconf 80' lang='grc' dir='ltr'>ἡμῶν</span> <span class='ocrx_word' id='word_1_203' title='bbox 949 2375 1154 2444; x_wconf 77' lang='grc' dir='ltr'>Ἰησοῦν</span> <span class='ocrx_word' id='word_1_204' title='bbox 1188 2376 1426 2447; x_wconf 84' lang='grc' dir='ltr'>Χριστόν</span> <span class='ocrx_word' id='word_1_205' title='bbox 1446 2391 1459 2407; x_wconf 80' lang='grc'><strong>⁸</strong></span> <span class='ocrx_word' id='word_1_206' title='bbox 1491 2377 1579 2432; x_wconf 74' lang='grc' dir='ltr'><strong>διὰ</strong></span> <span class='ocrx_word' id='word_1_207' title='bbox 1609 2379 1708 2449; x_wconf 85' lang='grc' dir='ltr'>τῆς</span> <span class='ocrx_word' id='word_1_208' title='bbox 1734 2379 1828 2432; x_wconf 83' lang='grc' dir='ltr'>τοῦ</span> 
     </span>
    </p>
   </div>
   <div class='ocr_carea' id='block_1_26' title="bbox 241 2464 1832 2542">
    <p class='ocr_par' dir='ltr' id='par_1_26' title="bbox 241 2464 1832 2542">
     <span class='ocr_line' id='line_1_26' title="bbox 241 2464 1832 2542; baseline 0.005 -26"><span class='ocrx_word' id='word_1_209' title='bbox 241 2465 370 2526; x_wconf 77' lang='grc' dir='ltr'>ἐνὸς</span> <span class='ocrx_word' id='word_1_210' title='bbox 399 2465 493 2518; x_wconf 75' lang='grc' dir='ltr'>καὶ</span> <span class='ocrx_word' id='word_1_211' title='bbox 532 2464 626 2518; x_wconf 82' lang='grc' dir='ltr'>τοῦ</span> <span class='ocrx_word' id='word_1_212' title='bbox 660 2466 823 2520; x_wconf 80' lang='grc' dir='ltr'>αὐτοῦ</span> <span class='ocrx_word' id='word_1_213' title='bbox 854 2468 1248 2539; x_wconf 82' lang='grc' dir='ltr'>προσηγορίας,</span> <span class='ocrx_word' id='word_1_214' title='bbox 1279 2471 1573 2541; x_wconf 70' lang='grc' dir='ltr'>πρόρριζον</span> <span class='ocrx_word' id='word_1_215' title='bbox 1601 2471 1699 2542; x_wconf 84' lang='grc' dir='ltr'><strong>τὴν</strong></span> <span class='ocrx_word' id='word_1_216' title='bbox 1731 2473 1832 2542; x_wconf 77' lang='grc' dir='ltr'>τῆς</span> 
     </span>
    </p>
   </div>
   <div class='ocr_carea' id='block_1_27' title="bbox 240 2559 1832 2637">
    <p class='ocr_par' dir='ltr' id='par_1_27' title="bbox 240 2559 1832 2637">
     <span class='ocr_line' id='line_1_27' title="bbox 240 2559 1832 2637; baseline 0.004 -25"><span class='ocrx_word' id='word_1_217' title='bbox 240 2559 569 2630; x_wconf 82' lang='grc' dir='ltr'>διαιρέσεως</span> <span class='ocrx_word' id='word_1_218' title='bbox 599 2560 889 2630; x_wconf 77' lang='grc' dir='ltr'>ἐξαίρουσα</span> <span class='ocrx_word' id='word_1_219' title='bbox 927 2561 1083 2626; x_wconf 81' lang='grc' dir='ltr'>δόξαν</span> <span class='ocrx_word' id='word_1_220' title='bbox 1105 2579 1117 2591; x_wconf 88' lang='grc'><strong>·</strong></span> <span class='ocrx_word' id='word_1_221' title='bbox 1151 2563 1245 2616; x_wconf 67' lang='grc' dir='ltr'>καὶ</span> <span class='ocrx_word' id='word_1_222' title='bbox 1281 2564 1480 2633; x_wconf 80' lang='grc' dir='ltr'>μᾶλλον</span> <span class='ocrx_word' id='word_1_223' title='bbox 1501 2564 1587 2618; x_wconf 78' lang='grc' dir='ltr'>διὰ</span> <span class='ocrx_word' id='word_1_224' title='bbox 1612 2567 1709 2635; x_wconf 79' lang='grc' dir='ltr'>τῆς</span> <span class='ocrx_word' id='word_1_225' title='bbox 1733 2567 1832 2637; x_wconf 75' lang='grc' dir='ltr'><strong>ἀρ-</strong></span> 
     </span>
    </p>
   </div>
   <div class='ocr_carea' id='block_1_28' title="bbox 241 2653 1832 2728">
    <p class='ocr_par' dir='ltr' id='par_1_28' title="bbox 241 2653 1832 2728">
     <span class='ocr_line' id='line_1_28' title="bbox 241 2653 1832 2728; baseline 0.003 -22"><span class='ocrx_word' id='word_1_226' title='bbox 241 2656 473 2726; x_wconf 79' lang='grc' dir='ltr'>ρενικῆς</span> <span class='ocrx_word' id='word_1_227' title='bbox 531 2657 835 2727; x_wconf 81' lang='grc' dir='ltr'>προφορᾶς.</span> <span class='ocrx_word' id='word_1_228' title='bbox 873 2656 1027 2710; x_wconf 83' lang='grc' dir='ltr'><strong>Ἕνα</strong></span> <span class='ocrx_word' id='word_1_229' title='bbox 1083 2657 1190 2728; x_wconf 73' lang='grc' dir='ltr'><strong>γὰρ</strong></span> <span class='ocrx_word' id='word_1_230' title='bbox 1215 2653 1390 2722; x_wconf 78' lang='grc' dir='ltr'>εἶπεν,</span> <span class='ocrx_word' id='word_1_231' title='bbox 1439 2657 1536 2728; x_wconf 75' lang='grc' dir='ltr'><strong>οὐχ</strong></span> <span class='ocrx_word' id='word_1_232' title='bbox 1586 2657 1682 2711; x_wconf 81' lang='grc' dir='ltr'><strong>ἓν·</strong></span> <span class='ocrx_word' id='word_1_233' title='bbox 1738 2657 1832 2711; x_wconf 74' lang='grc' dir='ltr'>καὶ</span> 
     </span>
    </p>
   </div>
   <div class='ocr_carea' id='block_1_29' title="bbox 239 2748 1831 2821">
    <p class='ocr_par' dir='ltr' id='par_1_29' title="bbox 239 2748 1831 2821">
     <span class='ocr_line' id='line_1_29' title="bbox 239 2748 1831 2821; baseline 0.003 -19"><span class='ocrx_word' id='word_1_234' title='bbox 239 2750 424 2821; x_wconf 80' lang='grc' dir='ltr'>ταύτῃ</span> <span class='ocrx_word' id='word_1_235' title='bbox 476 2748 574 2820; x_wconf 84' lang='grc' dir='ltr'>τὴν</span> <span class='ocrx_word' id='word_1_236' title='bbox 619 2749 748 2821; x_wconf 82' lang='grc' dir='ltr'>ὅλην</span> <span class='ocrx_word' id='word_1_237' title='bbox 782 2749 1028 2803; x_wconf 83' lang='grc' dir='ltr'>σύνθεσιν</span> <span class='ocrx_word' id='word_1_238' title='bbox 1084 2752 1574 2820; x_wconf 86' lang='grc' dir='ltr'>ἀποσημαίνουσα,</span> <span class='ocrx_word' id='word_1_239' title='bbox 1623 2752 1719 2805; x_wconf 72' lang='grc' dir='ltr'><strong>καὶ</strong></span> <span class='ocrx_word' id='word_1_240' title='bbox 1770 2754 1831 2806; x_wconf 83' lang='grc' dir='ltr'>οὐ</span> 
     </span>
    </p>
   </div>
   <div class='ocr_carea' id='block_1_30' title="bbox 241 2839 1834 2916">
    <p class='ocr_par' dir='ltr' id='par_1_30' title="bbox 241 2839 1834 2916">
     <span class='ocr_line' id='line_1_30' title="bbox 241 2839 1834 2916; baseline 0.001 -19"><span class='ocrx_word' id='word_1_241' title='bbox 241 2843 391 2897; x_wconf 82' lang='grc' dir='ltr'>κατὰ</span> <span class='ocrx_word' id='word_1_242' title='bbox 417 2844 582 2913; x_wconf 80' lang='grc' dir='ltr'>μέρος</span> <span class='ocrx_word' id='word_1_243' title='bbox 601 2843 790 2913; x_wconf 81' lang='grc' dir='ltr'>αὐτῆς,</span> <span class='ocrx_word' id='word_1_244' title='bbox 815 2844 949 2911; x_wconf 82' lang='grc' dir='ltr'>ὅπερ</span> <span class='ocrx_word' id='word_1_245' title='bbox 978 2844 1124 2902; x_wconf 76' lang='grc' dir='ltr'>εἰκὸς</span> <span class='ocrx_word' id='word_1_246' title='bbox 1151 2839 1218 2915; x_wconf 77' lang='grc' dir='ltr'>ἦν</span> <span class='ocrx_word' id='word_1_247' title='bbox 1244 2845 1340 2914; x_wconf 78' lang='grc' dir='ltr'>τὴν</span> <span class='ocrx_word' id='word_1_248' title='bbox 1369 2847 1534 2916; x_wconf 83' lang='grc' dir='ltr'>ἄλλην</span> <span class='ocrx_word' id='word_1_249' title='bbox 1563 2847 1834 2900; x_wconf 80' lang='grc' dir='ltr'>ἐνδείκνυ-</span> 
     </span>
    </p>
   </div>
   <div class='ocr_carea' id='block_1_31' title="bbox 243 2937 1834 3010">
    <p class='ocr_par' dir='ltr' id='par_1_31' title="bbox 243 2937 1834 3010">
     <span class='ocr_line' id='line_1_31' title="bbox 243 2937 1834 3010; baseline 0 -20"><span class='ocrx_word' id='word_1_250' title='bbox 243 2939 374 2992; x_wconf 88' lang='grc' dir='ltr'>σθαι</span> <span class='ocrx_word' id='word_1_251' title='bbox 410 2939 714 3010; x_wconf 76' lang='grc' dir='ltr'>προφορὰν,</span> <span class='ocrx_word' id='word_1_252' title='bbox 747 2939 852 2992; x_wconf 77' lang='grc' dir='ltr'>κάν</span> <span class='ocrx_word' id='word_1_253' title='bbox 885 2937 1060 3008; x_wconf 84' lang='grc' dir='ltr'>τούτῳ</span> <span class='ocrx_word' id='word_1_254' title='bbox 1095 2939 1406 3009; x_wconf 83' lang='grc' dir='ltr'>μιμουμένη</span> <span class='ocrx_word' id='word_1_255' title='bbox 1449 2939 1539 2992; x_wconf 77' lang='grc' dir='ltr'>τὸν</span> <span class='ocrx_word' id='word_1_256' title='bbox 1569 2939 1627 2992; x_wconf 82' lang='grc' dir='ltr'>ἐν</span> <span class='ocrx_word' id='word_1_257' title='bbox 1660 2939 1834 3006; x_wconf 83' lang='grc' dir='ltr'>ἁγίοις</span> 
     </span>
    </p>
   </div>
   <div class='ocr_carea' id='block_1_32' title="bbox 241 3030 1832 3103">
    <p class='ocr_par' dir='ltr' id='par_1_32' title="bbox 241 3030 1832 3103">
     <span class='ocr_line' id='line_1_32' title="bbox 241 3030 1832 3103; baseline -0.001 -19"><span class='ocrx_word' id='word_1_258' title='bbox 241 3032 581 3103; x_wconf 71' lang='grc' dir='ltr'>Γρηγόριον*</span> <span class='ocrx_word' id='word_1_259' title='bbox 606 3030 693 3084; x_wconf 77' lang='grc' dir='ltr'><strong>διὰ</strong></span> <span class='ocrx_word' id='word_1_260' title='bbox 727 3031 827 3100; x_wconf 86' lang='grc' dir='ltr'>μὲν</span> <span class='ocrx_word' id='word_1_261' title='bbox 850 3031 966 3093; x_wconf 83' lang='grc' dir='ltr'>τοῦ,</span> <span class='ocrx_word' id='word_1_262' title='bbox 1009 3031 1204 3097; x_wconf 75' lang='grc' dir='ltr'>ἄλλος</span> <span class='ocrx_word' id='word_1_263' title='bbox 1245 3030 1342 3085; x_wconf 81' lang='grc' dir='ltr'><strong>καί</strong></span> <span class='ocrx_word' id='word_1_264' title='bbox 1373 3031 1586 3098; x_wconf 79' lang='grc' dir='ltr'>ἄλλος,</span> <span class='ocrx_word' id='word_1_265' title='bbox 1622 3033 1682 3084; x_wconf 80' lang='grc' dir='ltr'><strong>τὸ</strong></span> <span class='ocrx_word' id='word_1_266' title='bbox 1710 3032 1832 3084; x_wconf 84' lang='grc' dir='ltr'>ὅλον</span> 
     </span>
    </p>
   </div>
   <div class='ocr_carea' id='block_1_33' title="bbox 247 3123 1830 3194">
    <p class='ocr_par' dir='ltr' id='par_1_33' title="bbox 247 3123 1830 3194">
     <span class='ocr_line' id='line_1_33' title="bbox 247 3123 1830 3194; baseline 0.001 -18"><span class='ocrx_word' id='word_1_267' title='bbox 247 3123 611 3193; x_wconf 82' lang='grc' dir='ltr'>σημαίνουσα,</span> <span class='ocrx_word' id='word_1_268' title='bbox 647 3123 733 3176; x_wconf 73' lang='grc' dir='ltr'><strong>διὰ</strong></span> <span class='ocrx_word' id='word_1_269' title='bbox 784 3123 839 3176; x_wconf 83' lang='grc' dir='ltr'>δὲ</span> <span class='ocrx_word' id='word_1_270' title='bbox 881 3123 998 3188; x_wconf 81' lang='grc' dir='ltr'>τοῦ,</span> <span class='ocrx_word' id='word_1_271' title='bbox 1025 3124 1177 3177; x_wconf 70' lang='grc' dir='ltr'>ἄλλο</span> <span class='ocrx_word' id='word_1_272' title='bbox 1215 3123 1312 3176; x_wconf 80' lang='grc' dir='ltr'>καὶ</span> <span class='ocrx_word' id='word_1_273' title='bbox 1359 3123 1534 3185; x_wconf 78' lang='grc' dir='ltr'>ἄλλο,</span> <span class='ocrx_word' id='word_1_274' title='bbox 1568 3124 1635 3176; x_wconf 86' lang='grc' dir='ltr'>τὰ</span> <span class='ocrx_word' id='word_1_275' title='bbox 1666 3123 1830 3194; x_wconf 87' lang='grc' dir='ltr'>μέρη.</span> 
     </span>
    </p>
   </div>
   <div class='ocr_carea' id='block_1_34' title="bbox 1940 1273 3528 1344">
    <p class='ocr_par' dir='ltr' id='par_1_34' title="bbox 1940 1273 3528 1344">
     <span class='ocr_line' id='line_1_34' title="bbox 1940 1273 3528 1344; baseline -0.003 -16"><span class='ocrx_word' id='word_1_276' title='bbox 1940 1274 2070 1343; x_wconf 87' lang='lat' dir='ltr'><strong>quid</strong></span> <span class='ocrx_word' id='word_1_277' title='bbox 2099 1273 2212 1343; x_wconf 88' lang='lat' dir='ltr'><strong>ipsa</strong></span> <span class='ocrx_word' id='word_1_278' title='bbox 2247 1275 2313 1328; x_wconf 90' lang='lat' dir='ltr'><strong>de</strong></span> <span class='ocrx_word' id='word_1_279' title='bbox 2336 1273 2557 1328; x_wconf 85' lang='lat' dir='ltr'><strong>Christo</strong></span> <span class='ocrx_word' id='word_1_280' title='bbox 2589 1275 2930 1344; x_wconf 82' lang='lat' dir='ltr'><strong>proﬁteatur.</strong></span> <span class='ocrx_word' id='word_1_281' title='bbox 2981 1273 3199 1327; x_wconf 78' lang='lat' dir='ltr'><strong>Patrum</strong></span> <span class='ocrx_word' id='word_1_282' title='bbox 3231 1274 3369 1326; x_wconf 83' lang='lat' dir='ltr'><strong>enim</strong></span> <span class='ocrx_word' id='word_1_283' title='bbox 3392 1273 3528 1325; x_wconf 83' lang='lat' dir='ltr'><strong>iusi-</strong></span> 
     </span>
    </p>
   </div>
   <div class='ocr_carea' id='block_1_35' title="bbox 1937 1365 3524 1436">
    <p class='ocr_par' dir='ltr' id='par_1_35' title="bbox 1937 1365 3524 1436">
     <span class='ocr_line' id='line_1_35' title="bbox 1937 1365 3524 1436; baseline 0 -17"><span class='ocrx_word' id='word_1_284' title='bbox 1937 1374 2079 1419; x_wconf 83' lang='lat' dir='ltr'><strong>steus</strong></span> <span class='ocrx_word' id='word_1_285' title='bbox 2129 1365 2379 1435; x_wconf 81' lang='lat' dir='ltr'><strong>vestigiis,</strong></span> <span class='ocrx_word' id='word_1_286' title='bbox 2455 1375 2514 1420; x_wconf 92' lang='lat' dir='ltr'><strong>ut</strong></span> <span class='ocrx_word' id='word_1_287' title='bbox 2544 1366 2660 1436; x_wconf 89' lang='lat' dir='ltr'><strong>ipsa</strong></span> <span class='ocrx_word' id='word_1_288' title='bbox 2699 1367 2762 1421; x_wconf 88' lang='lat' dir='ltr'><strong>ad</strong></span> <span class='ocrx_word' id='word_1_289' title='bbox 2799 1367 3022 1420; x_wconf 80' lang='lat' dir='ltr'><strong>verbum</strong></span> <span class='ocrx_word' id='word_1_290' title='bbox 3058 1366 3242 1430; x_wconf 83' lang='lat' dir='ltr'><strong>refert,</strong></span> <span class='ocrx_word' id='word_1_291' title='bbox 3272 1384 3434 1420; x_wconf 84' lang='lat' dir='ltr'><strong>unum</strong></span> <span class='ocrx_word' id='word_1_292' title='bbox 3475 1376 3524 1420; x_wconf 81' lang='lat' dir='ltr'><strong>ct</strong></span> 
     </span>
    </p>
   </div>
   <div class='ocr_carea' id='block_1_36' title="bbox 1937 1457 3522 1514">
    <p class='ocr_par' dir='ltr' id='par_1_36' title="bbox 1937 1457 3522 1514">
     <span class='ocr_line' id='line_1_36' title="bbox 1937 1457 3522 1514; baseline -0.001 -1"><span class='ocrx_word' id='word_1_293' title='bbox 1937 1459 2172 1513; x_wconf 82' lang='lat' dir='ltr'><strong>eumdem</strong></span> <span class='ocrx_word' id='word_1_294' title='bbox 2201 1457 2485 1512; x_wconf 84' lang='lat' dir='ltr'><strong>Dominum</strong></span> <span class='ocrx_word' id='word_1_295' title='bbox 2511 1469 2749 1512; x_wconf 70' lang='lat' dir='ltr'><strong>uas-trum</strong></span> <span class='ocrx_word' id='word_1_296' title='bbox 2784 1459 2967 1513; x_wconf 83' lang='lat' dir='ltr'><strong>Jesum</strong></span> <span class='ocrx_word' id='word_1_297' title='bbox 3000 1459 3272 1514; x_wconf 82' lang='lat' dir='ltr'><strong>Christum</strong></span> <span class='ocrx_word' id='word_1_298' title='bbox 3303 1477 3522 1512; x_wconf 83' lang='lat' dir='ltr'><strong>concor-</strong></span> 
     </span>
    </p>
   </div>
   <div class='ocr_carea' id='block_1_37' title="bbox 1938 1551 3527 1624">
    <p class='ocr_par' dir='ltr' id='par_1_37' title="bbox 1938 1551 3527 1624">
     <span class='ocr_line' id='line_1_37' title="bbox 1938 1551 3527 1624; baseline 0 -20"><span class='ocrx_word' id='word_1_299' title='bbox 1938 1552 2075 1604; x_wconf 80' lang='lat' dir='ltr'><strong>diter</strong></span> <span class='ocrx_word' id='word_1_300' title='bbox 2094 1551 2352 1620; x_wconf 83' lang='lat' dir='ltr'><strong>conﬁteri,</strong></span> <span class='ocrx_word' id='word_1_301' title='bbox 2390 1568 2488 1608; x_wconf 89' lang='lat' dir='ltr'><strong>nos</strong></span> <span class='ocrx_word' id='word_1_302' title='bbox 2513 1553 2704 1607; x_wconf 71' lang='lat' dir='ltr'><strong>edoct-t</strong></span> <span class='ocrx_word' id='word_1_303' title='bbox 2734 1573 2745 1608; x_wconf 91' lang='lat'><strong>:</strong></span> <span class='ocrx_word' id='word_1_304' title='bbox 2797 1570 2891 1624; x_wconf 89' lang='lat' dir='ltr'><strong>per</strong></span> <span class='ocrx_word' id='word_1_305' title='bbox 2925 1555 3148 1607; x_wconf 86' lang='lat' dir='ltr'><strong>verbum</strong></span> <span class='ocrx_word' id='word_1_306' title='bbox 3193 1554 3527 1606; x_wconf 68' lang='lat' dir='ltr'><strong>concorditer</strong></span> 
     </span>
    </p>
   </div>
   <div class='ocr_carea' id='block_1_38' title="bbox 1937 1643 3523 1714">
    <p class='ocr_par' dir='ltr' id='par_1_38' title="bbox 1937 1643 3523 1714">
     <span class='ocr_line' id='line_1_38' title="bbox 1937 1643 3523 1714; baseline 0.001 -17"><span class='ocrx_word' id='word_1_307' title='bbox 1937 1643 2307 1713; x_wconf 72' lang='lat' dir='ltr'><strong>suapicionem</strong></span> <span class='ocrx_word' id='word_1_308' title='bbox 2341 1644 2486 1697; x_wconf 91' lang='lat' dir='ltr'><strong>illam</strong></span> <span class='ocrx_word' id='word_1_309' title='bbox 2543 1645 2763 1711; x_wconf 84' lang='lat' dir='ltr'><strong>tollens,</strong></span> <span class='ocrx_word' id='word_1_310' title='bbox 2816 1661 2924 1714; x_wconf 89' lang='lat' dir='ltr'><strong>qua</strong></span> <span class='ocrx_word' id='word_1_311' title='bbox 2959 1645 3378 1700; x_wconf 81' lang='lat' dir='ltr'><strong>existimabatur</strong></span> <span class='ocrx_word' id='word_1_312' title='bbox 3413 1660 3523 1698; x_wconf 89' lang='lat' dir='ltr'><strong>non</strong></span> 
     </span>
    </p>
   </div>
   <div class='ocr_carea' id='block_1_39' title="bbox 1937 1735 3522 1808">
    <p class='ocr_par' dir='ltr' id='par_1_39' title="bbox 1937 1735 3522 1808">
     <span class='ocr_line' id='line_1_39' title="bbox 1937 1735 3522 1808; baseline 0 -18"><span class='ocrx_word' id='word_1_313' title='bbox 1937 1735 2006 1790; x_wconf 87' lang='lat' dir='ltr'><strong>ab</strong></span> <span class='ocrx_word' id='word_1_314' title='bbox 2057 1736 2313 1790; x_wconf 91' lang='lat' dir='ltr'><strong>omnibus</strong></span> <span class='ocrx_word' id='word_1_315' title='bbox 2367 1737 2638 1808; x_wconf 82' lang='lat' dir='ltr'><strong>episcopis</strong></span> <span class='ocrx_word' id='word_1_316' title='bbox 2696 1738 2886 1793; x_wconf 85' lang='lat' dir='ltr'><strong>eodem</strong></span> <span class='ocrx_word' id='word_1_317' title='bbox 2937 1739 3144 1792; x_wconf 81' lang='lat' dir='ltr'><strong>coactis</strong></span> <span class='ocrx_word' id='word_1_318' title='bbox 3173 1738 3522 1808; x_wconf 75' lang='lat' dir='ltr'><strong>prteposilam</strong></span> 
     </span>
    </p>
   </div>
   <div class='ocr_carea' id='block_1_40' title="bbox 1941 1825 3523 1899">
    <p class='ocr_par' dir='ltr' id='par_1_40' title="bbox 1941 1825 3523 1899">
     <span class='ocr_line' id='line_1_40' title="bbox 1941 1825 3523 1899; baseline 0.004 -21"><span class='ocrx_word' id='word_1_319' title='bbox 1941 1825 2061 1880; x_wconf 86' lang='lat' dir='ltr'><strong>lidei</strong></span> <span class='ocrx_word' id='word_1_320' title='bbox 2114 1828 2512 1897; x_wconf 84' lang='lat' dir='ltr'><strong>expositionem</strong></span> <span class='ocrx_word' id='word_1_321' title='bbox 2574 1830 2962 1897; x_wconf 84' lang='lat' dir='ltr'><strong>compositam,</strong></span> <span class='ocrx_word' id='word_1_322' title='bbox 3021 1830 3115 1884; x_wconf 89' lang='lat' dir='ltr'><strong>sed</strong></span> <span class='ocrx_word' id='word_1_323' title='bbox 3145 1829 3523 1899; x_wconf 84' lang='lat' dir='ltr'><strong>abaliquibns</strong></span> 
     </span>
    </p>
   </div>
   <div class='ocr_carea' id='block_1_41' title="bbox 1940 1922 3519 1992">
    <p class='ocr_par' dir='ltr' id='par_1_41' title="bbox 1940 1922 3519 1992">
     <span class='ocr_line' id='line_1_41' title="bbox 1940 1922 3519 1992; baseline 0.001 -18"><span class='ocrx_word' id='word_1_324' title='bbox 1940 1922 2338 1986; x_wconf 85' lang='lat' dir='ltr'><strong>tantummodo,</strong></span> <span class='ocrx_word' id='word_1_325' title='bbox 2404 1922 2606 1991; x_wconf 84' lang='lat' dir='ltr'><strong>quibus</strong></span> <span class='ocrx_word' id='word_1_326' title='bbox 2665 1938 2724 1976; x_wconf 89' lang='lat' dir='ltr'><strong>ea</strong></span> <span class='ocrx_word' id='word_1_327' title='bbox 2787 1922 2930 1977; x_wconf 89' lang='lat' dir='ltr'><strong>dicta</strong></span> <span class='ocrx_word' id='word_1_328' title='bbox 2987 1922 3039 1976; x_wconf 90' lang='lat' dir='ltr'><strong>in</strong></span> <span class='ocrx_word' id='word_1_329' title='bbox 3071 1923 3282 1992; x_wconf 71' lang='lat' dir='ltr'><strong>integro</strong></span> <span class='ocrx_word' id='word_1_330' title='bbox 3349 1922 3519 1976; x_wconf 80' lang='lat' dir='ltr'><strong>fuere.</strong></span> 
     </span>
    </p>
   </div>
   <div class='ocr_carea' id='block_1_42' title="bbox 1936 2013 3522 2084">
    <p class='ocr_par' dir='ltr' id='par_1_42' title="bbox 1936 2013 3522 2084">
     <span class='ocr_line' id='line_1_42' title="bbox 1936 2013 3522 2084; baseline -0.001 -16"><span class='ocrx_word' id='word_1_331' title='bbox 1936 2013 2292 2068; x_wconf 88' lang='lat' dir='ltr'><strong>Posttnodum</strong></span> <span class='ocrx_word' id='word_1_332' title='bbox 2319 2015 2480 2068; x_wconf 78' lang='lat' dir='ltr'><strong>veluti</strong></span> <span class='ocrx_word' id='word_1_333' title='bbox 2519 2015 2803 2084; x_wconf 78' lang='lat' dir='ltr'><strong>primario,</strong></span> <span class='ocrx_word' id='word_1_334' title='bbox 2851 2024 2905 2069; x_wconf 91' lang='lat' dir='ltr'><strong>et</strong></span> <span class='ocrx_word' id='word_1_335' title='bbox 2960 2015 3199 2084; x_wconf 88' lang='lat' dir='ltr'><strong>reliquos</strong></span> <span class='ocrx_word' id='word_1_336' title='bbox 3223 2013 3522 2070; x_wconf 85' lang='lat' dir='ltr'><strong>continenti</strong></span> 
     </span>
    </p>
   </div>
   <div class='ocr_carea' id='block_1_43' title="bbox 1936 2105 3522 2176">
    <p class='ocr_par' dir='ltr' id='par_1_43' title="bbox 1936 2105 3522 2176">
     <span class='ocr_line' id='line_1_43' title="bbox 1936 2105 3522 2176; baseline -0.001 -16"><span class='ocrx_word' id='word_1_337' title='bbox 1936 2108 2133 2171; x_wconf 76' lang='lat' dir='ltr'><strong>erreti,</strong></span> <span class='ocrx_word' id='word_1_338' title='bbox 2159 2106 2308 2176; x_wconf 83' lang='lat' dir='ltr'><strong>impii</strong></span> <span class='ocrx_word' id='word_1_339' title='bbox 2327 2107 2592 2160; x_wconf 73' lang='lat' dir='ltr'><strong>duntaxat</strong></span> <span class='ocrx_word' id='word_1_340' title='bbox 2614 2105 2848 2160; x_wconf 67' lang='lat' dir='ltr'><strong>Nestorii</strong></span> <span class='ocrx_word' id='word_1_341' title='bbox 2875 2107 3153 2173; x_wconf 82' lang='lat' dir='ltr'><strong>divisioni,</strong></span> <span class='ocrx_word' id='word_1_342' title='bbox 3173 2108 3225 2160; x_wconf 91' lang='lat' dir='ltr'><strong>in</strong></span> <span class='ocrx_word' id='word_1_343' title='bbox 3255 2108 3522 2160; x_wconf 87' lang='lat' dir='ltr'><strong>immacu-</strong></span> 
     </span>
    </p>
   </div>
   <div class='ocr_carea' id='block_1_44' title="bbox 1936 2197 3518 2256">
    <p class='ocr_par' dir='ltr' id='par_1_44' title="bbox 1936 2197 3518 2256">
     <span class='ocr_line' id='line_1_44' title="bbox 1936 2197 3518 2256; baseline 0 -5"><span class='ocrx_word' id='word_1_344' title='bbox 1936 2197 2099 2251; x_wconf 83' lang='lat' dir='ltr'><strong>latatn</strong></span> <span class='ocrx_word' id='word_1_345' title='bbox 2135 2198 2493 2252; x_wconf 73' lang='lat' dir='ltr'><strong>meonomiam</strong></span> <span class='ocrx_word' id='word_1_346' title='bbox 2525 2198 2738 2252; x_wconf 86' lang='lat' dir='ltr'><strong>intruso</strong></span> <span class='ocrx_word' id='word_1_347' title='bbox 2761 2199 3028 2252; x_wconf 87' lang='lat' dir='ltr'><strong>medicina</strong></span> <span class='ocrx_word' id='word_1_348' title='bbox 3057 2198 3375 2256; x_wconf 82' lang='lat' dir='ltr'><strong>admovens,</strong></span> <span class='ocrx_word' id='word_1_349' title='bbox 3401 2197 3476 2250; x_wconf 86' lang='lat' dir='ltr'><strong>ait</strong></span> <span class='ocrx_word' id='word_1_350' title='bbox 3503 2214 3518 2251; x_wconf 90' lang='lat'><strong>:</strong></span> 
     </span>
    </p>
   </div>
   <div class='ocr_carea' id='block_1_45' title="bbox 1944 2287 3522 2358">
    <p class='ocr_par' dir='ltr' id='par_1_45' title="bbox 1944 2287 3522 2358">
     <span class='ocr_line' id='line_1_45' title="bbox 1944 2287 3522 2358; baseline -0.001 -15"><span class='ocrx_word' id='word_1_351' title='bbox 1944 2288 2116 2343; x_wconf 72' lang='lat' dir='ltr'><strong>Unum</strong></span> <span class='ocrx_word' id='word_1_352' title='bbox 2143 2299 2189 2342; x_wconf 89' lang='lat' dir='ltr'><strong>et</strong></span> <span class='ocrx_word' id='word_1_353' title='bbox 2209 2289 2444 2342; x_wconf 85' lang='lat' dir='ltr'><strong>eumdem</strong></span> <span class='ocrx_word' id='word_1_354' title='bbox 2466 2288 2709 2358; x_wconf 85' lang='lat' dir='ltr'><strong>conﬁteri</strong></span> <span class='ocrx_word' id='word_1_355' title='bbox 2746 2287 2945 2341; x_wconf 76' lang='lat' dir='ltr'><strong>Filium</strong></span> <span class='ocrx_word' id='word_1_356' title='bbox 2975 2288 3256 2346; x_wconf 86' lang='lat' dir='ltr'><strong>Dominum</strong></span> <span class='ocrx_word' id='word_1_357' title='bbox 3280 2297 3522 2341; x_wconf 80' lang='lat' dir='ltr'><strong>nostrum</strong></span> 
     </span>
    </p>
   </div>
   <div class='ocr_carea' id='block_1_46' title="bbox 1936 2380 3523 2452">
    <p class='ocr_par' dir='ltr' id='par_1_46' title="bbox 1936 2380 3523 2452">
     <span class='ocr_line' id='line_1_46' title="bbox 1936 2380 3523 2452; baseline 0.001 -18"><span class='ocrx_word' id='word_1_358' title='bbox 1936 2380 2120 2434; x_wconf 71' lang='lat' dir='ltr'><strong>Iesum</strong></span> <span class='ocrx_word' id='word_1_359' title='bbox 2179 2381 2449 2434; x_wconf 81' lang='lat' dir='ltr'><strong>Christum</strong></span> <span class='ocrx_word' id='word_1_360' title='bbox 2473 2419 2488 2442; x_wconf 90' lang='lat'><strong>,</strong></span> <span class='ocrx_word' id='word_1_361' title='bbox 2523 2382 2680 2435; x_wconf 84' lang='lat' dir='ltr'><strong>unius</strong></span> <span class='ocrx_word' id='word_1_362' title='bbox 2724 2381 3074 2452; x_wconf 80' lang='lat' dir='ltr'><strong>ejustlemque‘</strong></span> <span class='ocrx_word' id='word_1_363' title='bbox 3106 2381 3523 2451; x_wconf 80' lang='lat' dir='ltr'><strong>compellatione</strong></span> 
     </span>
    </p>
   </div>
   <div class='ocr_carea' id='block_1_47' title="bbox 1940 2471 3524 2542">
    <p class='ocr_par' dir='ltr' id='par_1_47' title="bbox 1940 2471 3524 2542">
     <span class='ocr_line' id='line_1_47' title="bbox 1940 2471 3524 2542; baseline -0.002 -16"><span class='ocrx_word' id='word_1_364' title='bbox 1940 2471 2188 2527; x_wconf 80' lang='lat' dir='ltr'><strong>funditus</strong></span> <span class='ocrx_word' id='word_1_365' title='bbox 2220 2471 2508 2527; x_wconf 85' lang='lat' dir='ltr'><strong>divisionis</strong></span> <span class='ocrx_word' id='word_1_366' title='bbox 2533 2472 2846 2542; x_wconf 86' lang='lat' dir='ltr'><strong>opinionem</strong></span> <span class='ocrx_word' id='word_1_367' title='bbox 2880 2483 3155 2536; x_wconf 83' lang='lat' dir='ltr'><strong>evertens,</strong></span> <span class='ocrx_word' id='word_1_368' title='bbox 3208 2487 3262 2526; x_wconf 89' lang='lat' dir='ltr'><strong>et</strong></span> <span class='ocrx_word' id='word_1_369' title='bbox 3299 2473 3524 2540; x_wconf 86' lang='lat' dir='ltr'><strong>potissi-</strong></span> 
     </span>
    </p>
   </div>
   <div class='ocr_carea' id='block_1_48' title="bbox 1941 2565 3522 2635">
    <p class='ocr_par' dir='ltr' id='par_1_48' title="bbox 1941 2565 3522 2635">
     <span class='ocr_line' id='line_1_48' title="bbox 1941 2565 3522 2635; baseline -0.001 -16"><span class='ocrx_word' id='word_1_370' title='bbox 1941 2581 2087 2619; x_wconf 91' lang='lat' dir='ltr'><strong>mum</strong></span> <span class='ocrx_word' id='word_1_371' title='bbox 2130 2565 2430 2620; x_wconf 87' lang='lat' dir='ltr'><strong>masculine</strong></span> <span class='ocrx_word' id='word_1_372' title='bbox 2483 2567 2846 2635; x_wconf 87' lang='lat' dir='ltr'><strong>pronuntians</strong></span> <span class='ocrx_word' id='word_1_373' title='bbox 2882 2583 2895 2620; x_wconf 89' lang='lat'>:</span> <span class='ocrx_word' id='word_1_374' title='bbox 2927 2583 3063 2618; x_wconf 79' lang='lat' dir='ltr'><strong>unus</strong></span> <span class='ocrx_word' id='word_1_375' title='bbox 3096 2565 3240 2619; x_wconf 89' lang='lat' dir='ltr'><strong>enim</strong></span> <span class='ocrx_word' id='word_1_376' title='bbox 3275 2565 3348 2618; x_wconf 90' lang='lat' dir='ltr'><strong>illi</strong></span> <span class='ocrx_word' id='word_1_377' title='bbox 3383 2565 3522 2619; x_wconf 87' lang='lat' dir='ltr'><strong>dici-</strong></span> 
     </span>
    </p>
   </div>
   <div class='ocr_carea' id='block_1_49' title="bbox 1940 2657 3522 2727">
    <p class='ocr_par' dir='ltr' id='par_1_49' title="bbox 1940 2657 3522 2727">
     <span class='ocr_line' id='line_1_49' title="bbox 1940 2657 3522 2727; baseline -0.003 -15"><span class='ocrx_word' id='word_1_378' title='bbox 1940 2667 2050 2723; x_wconf 85' lang='lat' dir='ltr'><strong>tur,</strong></span> <span class='ocrx_word' id='word_1_379' title='bbox 2079 2674 2185 2711; x_wconf 88' lang='lat' dir='ltr'><strong>non</strong></span> <span class='ocrx_word' id='word_1_380' title='bbox 2219 2675 2404 2718; x_wconf 81' lang='lat' dir='ltr'><strong>unum,</strong></span> <span class='ocrx_word' id='word_1_381' title='bbox 2440 2665 2606 2727; x_wconf 90' lang='lat' dir='ltr'><strong>atque</strong></span> <span class='ocrx_word' id='word_1_382' title='bbox 2639 2658 2949 2712; x_wconf 74' lang='lat' dir='ltr'><strong>universam</strong></span> <span class='ocrx_word' id='word_1_383' title='bbox 2972 2657 3522 2726; x_wconf 81' lang='lat' dir='ltr'><strong>compositionetn,et</strong></span> 
     </span>
    </p>
   </div>
   <div class='ocr_carea' id='block_1_50' title="bbox 1940 2749 3524 2820">
    <p class='ocr_par' dir='ltr' id='par_1_50' title="bbox 1940 2749 3524 2820">
     <span class='ocr_line' id='line_1_50' title="bbox 1940 2749 3524 2820; baseline 0 -18"><span class='ocrx_word' id='word_1_384' title='bbox 1940 2766 2047 2803; x_wconf 89' lang='lat' dir='ltr'><strong>non</strong></span> <span class='ocrx_word' id='word_1_385' title='bbox 2084 2758 2291 2819; x_wconf 85' lang='lat' dir='ltr'><strong>partem</strong></span> <span class='ocrx_word' id='word_1_386' title='bbox 2328 2750 2499 2820; x_wconf 85' lang='lat' dir='ltr'><strong>ipsius</strong></span> <span class='ocrx_word' id='word_1_387' title='bbox 2530 2750 2970 2820; x_wconf 84' lang='lat' dir='ltr'><strong>exprimit,qnod</strong></span> <span class='ocrx_word' id='word_1_388' title='bbox 2998 2749 3264 2804; x_wconf 82' lang='lat' dir='ltr'><strong>insinuari</strong></span> <span class='ocrx_word' id='word_1_389' title='bbox 3300 2763 3524 2802; x_wconf 87' lang='lat' dir='ltr'><strong>necesse</strong></span> 
     </span>
    </p>
   </div>
   <div class='ocr_carea' id='block_1_51' title="bbox 1940 2839 3522 2913">
    <p class='ocr_par' dir='ltr' id='par_1_51' title="bbox 1940 2839 3522 2913">
     <span class='ocr_line' id='line_1_51' title="bbox 1940 2839 3522 2913; baseline -0.001 -17"><span class='ocrx_word' id='word_1_390' title='bbox 1940 2852 2081 2907; x_wconf 90' lang='lat' dir='ltr'><strong>erat,</strong></span> <span class='ocrx_word' id='word_1_391' title='bbox 2106 2843 2149 2896; x_wconf 90' lang='lat' dir='ltr'><strong>si</strong></span> <span class='ocrx_word' id='word_1_392' title='bbox 2185 2843 2340 2896; x_wconf 85' lang='lat' dir='ltr'><strong>aliter</strong></span> <span class='ocrx_word' id='word_1_393' title='bbox 2366 2843 2690 2908; x_wconf 74' lang='lat' dir='ltr'><strong>extulisset;</strong></span> <span class='ocrx_word' id='word_1_394' title='bbox 2724 2843 2778 2896; x_wconf 95' lang='lat' dir='ltr'><strong>in</strong></span> <span class='ocrx_word' id='word_1_395' title='bbox 2811 2843 2916 2898; x_wconf 89' lang='lat' dir='ltr'><strong>hoc</strong></span> <span class='ocrx_word' id='word_1_396' title='bbox 2939 2842 3360 2913; x_wconf 70' lang='lat' dir='ltr'><strong>quoqueldirum</strong></span> <span class='ocrx_word' id='word_1_397' title='bbox 3385 2839 3522 2895; x_wconf 85' lang='lat' dir='ltr'><strong>Gre-</strong></span> 
     </span>
    </p>
   </div>
   <div class='ocr_carea' id='block_1_52' title="bbox 1941 2919 3524 3005">
    <p class='ocr_par' dir='ltr' id='par_1_52' title="bbox 1941 2919 3524 3005">
     <span class='ocr_line' id='line_1_52' title="bbox 1941 2919 3524 3005; baseline -0.001 -21"><span class='ocrx_word' id='word_1_398' title='bbox 1941 2935 2152 3005; x_wconf 80' lang='lat' dir='ltr'><strong>gorium</strong></span> <span class='ocrx_word' id='word_1_399' title='bbox 2181 2943 2387 2997; x_wconf 90' lang='lat' dir='ltr'><strong>secuta,</strong></span> <span class='ocrx_word' id='word_1_400' title='bbox 2418 2951 2515 3004; x_wconf 90' lang='lat' dir='ltr'><strong>per</strong></span> <span class='ocrx_word' id='word_1_401' title='bbox 2544 2935 2697 2998; x_wconf 91' lang='lat' dir='ltr'><strong>illud,</strong></span> <span class='ocrx_word' id='word_1_402' title='bbox 2732 2934 2872 2989; x_wconf 78' lang='lat' dir='ltr'><strong>alius</strong></span> <span class='ocrx_word' id='word_1_403' title='bbox 2902 2944 2951 2990; x_wconf 82' lang='lat' dir='ltr'><strong>et</strong></span> <span class='ocrx_word' id='word_1_404' title='bbox 2981 2935 3143 3000; x_wconf 81' lang='lat' dir='ltr'><strong>alius,</strong></span> <span class='ocrx_word' id='word_1_405' title='bbox 3178 2919 3373 2993; x_wconf 83' lang='lat' dir='ltr'><strong>totum,</strong></span> <span class='ocrx_word' id='word_1_406' title='bbox 3426 2948 3524 3002; x_wconf 81' lang='lat' dir='ltr'><strong>per</strong></span> 
     </span>
    </p>
   </div>
   <div class='ocr_carea' id='block_1_53' title="bbox 1941 3020 3524 3094">
    <p class='ocr_par' dir='ltr' id='par_1_53' title="bbox 1941 3020 3524 3094">
     <span class='ocr_line' id='line_1_53' title="bbox 1941 3020 3524 3094; baseline -0.003 -16"><span class='ocrx_word' id='word_1_407' title='bbox 1941 3024 2096 3088; x_wconf 92' lang='lat' dir='ltr'><strong>illud,</strong></span> <span class='ocrx_word' id='word_1_408' title='bbox 2134 3025 2282 3077; x_wconf 85' lang='lat' dir='ltr'><strong>aliud</strong></span> <span class='ocrx_word' id='word_1_409' title='bbox 2306 3034 2354 3078; x_wconf 86' lang='lat' dir='ltr'><strong>et</strong></span> <span class='ocrx_word' id='word_1_410' title='bbox 2377 3024 2547 3084; x_wconf 85' lang='lat' dir='ltr'><strong>aliud,</strong></span> <span class='ocrx_word' id='word_1_411' title='bbox 2579 3034 2760 3094; x_wconf 85' lang='lat' dir='ltr'><strong>partes</strong></span> <span class='ocrx_word' id='word_1_412' title='bbox 2797 3025 3077 3079; x_wconf 80' lang='lat' dir='ltr'><strong>indicavit.</strong></span> <span class='ocrx_word' id='word_1_413' title='bbox 3116 3023 3311 3078; x_wconf 88' lang='lat' dir='ltr'><strong>Postea</strong></span> <span class='ocrx_word' id='word_1_414' title='bbox 3335 3020 3524 3075; x_wconf 88' lang='lat' dir='ltr'><strong>adver-</strong></span> 
     </span>
    </p>
   </div>
   <div class='ocr_carea' id='block_1_54' title="bbox 1942 3116 3522 3187">
    <p class='ocr_par' dir='ltr' id='par_1_54' title="bbox 1942 3116 3522 3187">
     <span class='ocr_line' id='line_1_54' title="bbox 1942 3116 3522 3187; baseline -0.003 -15"><span class='ocrx_word' id='word_1_415' title='bbox 1942 3133 2016 3172; x_wconf 70' lang='lat' dir='ltr'><strong>sm</strong></span> <span class='ocrx_word' id='word_1_416' title='bbox 2056 3132 2231 3186; x_wconf 75' lang='lat' dir='ltr'><strong>prava:</strong></span> <span class='ocrx_word' id='word_1_417' title='bbox 2273 3116 2548 3186; x_wconf 91' lang='lat' dir='ltr'><strong>opinionis</strong></span> <span class='ocrx_word' id='word_1_418' title='bbox 2579 3117 2920 3187; x_wconf 80' lang='lat' dir='ltr'><strong>suSpieiones</strong></span> <span class='ocrx_word' id='word_1_419' title='bbox 2981 3117 3118 3172; x_wconf 92' lang='lat' dir='ltr'><strong>tollit</strong></span> <span class='ocrx_word' id='word_1_420' title='bbox 3165 3116 3373 3179; x_wconf 87' lang='lat' dir='ltr'><strong>dicens,</strong></span> <span class='ocrx_word' id='word_1_421' title='bbox 3403 3131 3522 3182; x_wconf 83' lang='lat' dir='ltr'><strong>per-</strong></span> 
     </span>
    </p>
   </div>
   <div class='ocr_carea' id='block_1_55' title="bbox 243 3207 1840 3295">
    <p class='ocr_par' dir='ltr' id='par_1_55' title="bbox 243 3216 1833 3287">
     <span class='ocr_line' id='line_1_55' title="bbox 243 3216 1833 3287; baseline -0.003 -15"><span class='ocrx_word' id='word_1_422' title='bbox 243 3217 406 3272; x_wconf 78' lang='grc' dir='ltr'>Μετὰ</span> <span class='ocrx_word' id='word_1_423' title='bbox 452 3216 626 3270; x_wconf 79' lang='grc' dir='ltr'>ταῦτα</span> <span class='ocrx_word' id='word_1_424' title='bbox 673 3216 731 3269; x_wconf 81' lang='grc' dir='ltr'>δὲ</span> <span class='ocrx_word' id='word_1_425' title='bbox 757 3216 857 3286; x_wconf 86' lang='grc' dir='ltr'>τῆς</span> <span class='ocrx_word' id='word_1_426' title='bbox 905 3217 968 3268; x_wconf 80' lang='grc' dir='ltr'>ἐκ</span> <span class='ocrx_word' id='word_1_427' title='bbox 1009 3217 1102 3268; x_wconf 82' lang='grc' dir='ltr'>τοῦ</span> <span class='ocrx_word' id='word_1_428' title='bbox 1151 3216 1394 3268; x_wconf 83' lang='grc' dir='ltr'>ἐναντίου</span> <span class='ocrx_word' id='word_1_429' title='bbox 1422 3216 1632 3287; x_wconf 84' lang='grc' dir='ltr'>φαύλης</span> <span class='ocrx_word' id='word_1_430' title='bbox 1675 3216 1833 3284; x_wconf 76' lang='grc' dir='ltr'>δόξης</span> 
     </span>
    </p>
   </div>
   <div class='ocr_carea' id='block_1_56' title="bbox 1945 3207 3523 3295">
    <p class='ocr_par' dir='ltr' id='par_1_56' title="bbox 1945 3207 3523 3279">
     <span class='ocr_line' id='line_1_56' title="bbox 1945 3207 3523 3279; baseline -0.002 -17"><span class='ocrx_word' id='word_1_431' title='bbox 1945 3210 2138 3279; x_wconf 77' lang='lat' dir='ltr'><strong>fectum</strong></span> <span class='ocrx_word' id='word_1_432' title='bbox 2194 3209 2366 3278; x_wconf 84' lang='lat' dir='ltr'><strong>ipsum</strong></span> <span class='ocrx_word' id='word_1_433' title='bbox 2418 3210 2473 3262; x_wconf 85' lang='lat' dir='ltr'><strong>iu</strong></span> <span class='ocrx_word' id='word_1_434' title='bbox 2508 3209 2723 3274; x_wconf 82' lang='lat' dir='ltr'><strong>deitate,</strong></span> <span class='ocrx_word' id='word_1_435' title='bbox 2761 3218 2810 3263; x_wconf 84' lang='lat' dir='ltr'><strong>et</strong></span> <span class='ocrx_word' id='word_1_436' title='bbox 2860 3209 3150 3278; x_wconf 79' lang='lat' dir='ltr'><strong>perfectum</strong></span> <span class='ocrx_word' id='word_1_437' title='bbox 3183 3208 3422 3262; x_wconf 83' lang='lat' dir='ltr'><strong>eumdem</strong></span> <span class='ocrx_word' id='word_1_438' title='bbox 3467 3207 3523 3260; x_wconf 77' lang='lat' dir='ltr'><strong>in</strong></span> 
     </span>
    </p>
   </div>
   <div class='ocr_carea' id='block_1_57' title="bbox 244 3308 1832 3379">
    <p class='ocr_par' dir='ltr' id='par_1_57' title="bbox 244 3308 1832 3379">
     <span class='ocr_line' id='line_1_57' title="bbox 244 3308 1832 3379; baseline 0 -16"><span class='ocrx_word' id='word_1_439' title='bbox 244 3310 525 3372; x_wconf 78' lang='grc' dir='ltr'>ὑπονοίας,</span> <span class='ocrx_word' id='word_1_440' title='bbox 552 3310 707 3379; x_wconf 69' lang='grc' dir='ltr'>φησὶ,</span> <span class='ocrx_word' id='word_1_441' title='bbox 737 3310 971 3362; x_wconf 72' lang='grc' dir='ltr'>Τέλειον</span> <span class='ocrx_word' id='word_1_442' title='bbox 993 3308 1100 3362; x_wconf 78' lang='grc' dir='ltr'><strong>τὸν</strong></span> <span class='ocrx_word' id='word_1_443' title='bbox 1127 3309 1318 3363; x_wconf 83' lang='grc' dir='ltr'><strong>αὑτὸν</strong></span> <span class='ocrx_word' id='word_1_444' title='bbox 1355 3309 1424 3362; x_wconf 81' lang='grc' dir='ltr'><strong>ἐν</strong></span> <span class='ocrx_word' id='word_1_445' title='bbox 1453 3309 1711 3376; x_wconf 81' lang='grc' dir='ltr'>θεότητι,</span> <span class='ocrx_word' id='word_1_446' title='bbox 1735 3309 1832 3363; x_wconf 78' lang='grc' dir='ltr'><strong>καί</strong></span> 
     </span>
    </p>
   </div>
   <div class='ocr_carea' id='block_1_58' title="bbox 244 3396 1831 3472">
    <p class='ocr_par' dir='ltr' id='par_1_58' title="bbox 244 3396 1831 3472">
     <span class='ocr_line' id='line_1_58' title="bbox 244 3396 1831 3472; baseline -0.003 -15"><span class='ocrx_word' id='word_1_447' title='bbox 244 3403 486 3458; x_wconf 76' lang='grc' dir='ltr'>τέλειον</span> <span class='ocrx_word' id='word_1_448' title='bbox 518 3404 625 3456; x_wconf 71' lang='grc' dir='ltr'><strong>τὸν</strong></span> <span class='ocrx_word' id='word_1_449' title='bbox 649 3402 836 3457; x_wconf 78' lang='grc' dir='ltr'>αὐτὸν</span> <span class='ocrx_word' id='word_1_450' title='bbox 863 3402 934 3456; x_wconf 76' lang='grc' dir='ltr'><strong>ἐν</strong></span> <span class='ocrx_word' id='word_1_451' title='bbox 963 3402 1395 3470; x_wconf 79' lang='grc' dir='ltr'>ἀνθρωπότητι,</span> <span class='ocrx_word' id='word_1_452' title='bbox 1425 3401 1630 3472; x_wconf 76' lang='grc' dir='ltr'>ἕτερον,</span> <span class='ocrx_word' id='word_1_453' title='bbox 1656 3396 1831 3470; x_wconf 75' lang='grc' dir='ltr'>οἶμαι,</span> 
     </span>
    </p>
   </div>
   <div class='ocr_carea' id='block_1_59' title="bbox 245 3493 1836 3569">
    <p class='ocr_par' dir='ltr' id='par_1_59' title="bbox 245 3493 1836 3569">
     <span class='ocr_line' id='line_1_59' title="bbox 245 3493 1836 3569; baseline -0.003 -17"><span class='ocrx_word' id='word_1_454' title='bbox 245 3499 488 3568; x_wconf 81' lang='grc' dir='ltr'>λέγουσα</span> <span class='ocrx_word' id='word_1_455' title='bbox 517 3497 690 3564; x_wconf 73' lang='grc' dir='ltr'>οὐδὲν,</span> <span class='ocrx_word' id='word_1_456' title='bbox 727 3499 776 3550; x_wconf 84' lang='grc' dir='ltr'><strong>εί</strong></span> <span class='ocrx_word' id='word_1_457' title='bbox 815 3497 888 3568; x_wconf 87' lang='grc' dir='ltr'>μή</span> <span class='ocrx_word' id='word_1_458' title='bbox 922 3514 975 3550; x_wconf 90' lang='grc' dir='ltr'><strong>τι</strong></span> <span class='ocrx_word' id='word_1_459' title='bbox 1009 3496 1206 3569; x_wconf 83' lang='grc' dir='ltr'>νομίσῃ</span> <span class='ocrx_word' id='word_1_460' title='bbox 1236 3513 1318 3558; x_wconf 84' lang='grc' dir='ltr'><strong>τις</strong></span> <span class='ocrx_word' id='word_1_461' title='bbox 1347 3495 1436 3549; x_wconf 81' lang='grc' dir='ltr'><strong>διὰ</strong></span> <span class='ocrx_word' id='word_1_462' title='bbox 1463 3496 1562 3566; x_wconf 80' lang='grc' dir='ltr'>τῆς</span> <span class='ocrx_word' id='word_1_463' title='bbox 1593 3493 1685 3548; x_wconf 79' lang='grc' dir='ltr'><strong>τοῦ</strong></span> <span class='ocrx_word' id='word_1_464' title='bbox 1718 3494 1836 3558; x_wconf 77' lang='grc' dir='ltr'>ἐνὸς</span> 
     </span>
    </p>
   </div>
   <div class='ocr_carea' id='block_1_60' title="bbox 248 3588 1836 3664">
    <p class='ocr_par' dir='ltr' id='par_1_60' title="bbox 248 3588 1836 3664">
     <span class='ocr_line' id='line_1_60' title="bbox 248 3588 1836 3664; baseline -0.003 -17"><span class='ocrx_word' id='word_1_465' title='bbox 248 3592 658 3664; x_wconf 80' lang='grc' dir='ltr'>προσηγορίας,</span> <span class='ocrx_word' id='word_1_466' title='bbox 712 3592 745 3662; x_wconf 85' lang='grc' dir='ltr'>ἢ</span> <span class='ocrx_word' id='word_1_467' title='bbox 805 3591 1018 3662; x_wconf 83' lang='grc' dir='ltr'>γυμνὴν</span> <span class='ocrx_word' id='word_1_468' title='bbox 1069 3590 1416 3662; x_wconf 81' lang='grc' dir='ltr'>ἀνθρωπίνης</span> <span class='ocrx_word' id='word_1_469' title='bbox 1468 3589 1685 3660; x_wconf 84' lang='grc' dir='ltr'>φύσεως</span> <span class='ocrx_word' id='word_1_470' title='bbox 1737 3588 1836 3659; x_wconf 80' lang='grc' dir='ltr'>τὴν</span> 
     </span>
    </p>
   </div>
   <div class='ocr_carea' id='block_1_61' title="bbox 252 3682 1832 3758">
    <p class='ocr_par' dir='ltr' id='par_1_61' title="bbox 252 3682 1832 3758">
     <span class='ocr_line' id='line_1_61' title="bbox 252 3682 1832 3758; baseline -0.003 -17"><span class='ocrx_word' id='word_1_471' title='bbox 252 3687 489 3758; x_wconf 85' lang='grc' dir='ltr'>θεότητα</span> <span class='ocrx_word' id='word_1_472' title='bbox 530 3684 816 3756; x_wconf 84' lang='grc' dir='ltr'>πληρῶσαι</span> <span class='ocrx_word' id='word_1_473' title='bbox 853 3682 951 3755; x_wconf 83' lang='grc' dir='ltr'><strong>τὴν</strong></span> <span class='ocrx_word' id='word_1_474' title='bbox 994 3684 1392 3755; x_wconf 84' lang='grc' dir='ltr'>οἰκονομίαν,ἣ</span> <span class='ocrx_word' id='word_1_475' title='bbox 1441 3684 1649 3755; x_wconf 84' lang='grc' dir='ltr'>τροπὴν</span> <span class='ocrx_word' id='word_1_476' title='bbox 1695 3684 1832 3736; x_wconf 64' lang='grc' dir='ltr'>ύπου</span> 
     </span>
    </p>
   </div>
   <div class='ocr_carea' id='block_1_62' title="bbox 256 3775 1838 3850">
    <p class='ocr_par' dir='ltr' id='par_1_62' title="bbox 256 3775 1838 3850">
     <span class='ocr_line' id='line_1_62' title="bbox 256 3775 1838 3850; baseline -0.001 -18"><span class='ocrx_word' id='word_1_477' title='bbox 256 3780 522 3850; x_wconf 78' lang='grc' dir='ltr'>μείνασαν</span> <span class='ocrx_word' id='word_1_478' title='bbox 566 3779 644 3841; x_wconf 90' lang='grc' dir='ltr'><strong>εἰς</strong></span> <span class='ocrx_word' id='word_1_479' title='bbox 673 3776 963 3843; x_wconf 84' lang='grc' dir='ltr'>ἀνθρώπου</span> <span class='ocrx_word' id='word_1_480' title='bbox 993 3777 1176 3844; x_wconf 78' lang='grc' dir='ltr'>φύσιν,</span> <span class='ocrx_word' id='word_1_481' title='bbox 1213 3775 1350 3830; x_wconf 86' lang='grc' dir='ltr'>ἁλλὰ</span> <span class='ocrx_word' id='word_1_482' title='bbox 1393 3775 1598 3830; x_wconf 86' lang='grc' dir='ltr'>τέλειον</span> <span class='ocrx_word' id='word_1_483' title='bbox 1622 3776 1713 3830; x_wconf 76' lang='grc' dir='ltr'>τὸν</span> <span class='ocrx_word' id='word_1_484' title='bbox 1739 3781 1838 3831; x_wconf 82' lang='grc' dir='ltr'>αύ-</span> 
     </span>
    </p>
   </div>
   <div class='ocr_carea' id='block_1_63' title="bbox 251 3868 1836 3942">
    <p class='ocr_par' dir='ltr' id='par_1_63' title="bbox 251 3868 1836 3942">
     <span class='ocr_line' id='line_1_63' title="bbox 251 3868 1836 3942; baseline -0.006 -14"><span class='ocrx_word' id='word_1_485' title='bbox 251 3875 345 3928; x_wconf 78' lang='grc' dir='ltr'><strong>τδν</strong></span> <span class='ocrx_word' id='word_1_486' title='bbox 391 3873 514 3926; x_wconf 80' lang='grc' dir='ltr'>κατ’</span> <span class='ocrx_word' id='word_1_487' title='bbox 543 3872 708 3942; x_wconf 69' lang='grc' dir='ltr'>ἄμφω</span> <span class='ocrx_word' id='word_1_488' title='bbox 755 3871 1089 3941; x_wconf 80' lang='grc' dir='ltr'>ὑπάρχοντα,</span> <span class='ocrx_word' id='word_1_489' title='bbox 1123 3870 1224 3941; x_wconf 78' lang='grc' dir='ltr'>τήν</span> <span class='ocrx_word' id='word_1_490' title='bbox 1267 3887 1324 3921; x_wconf 89' lang='grc' dir='ltr'><strong>τε</strong></span> <span class='ocrx_word' id='word_1_491' title='bbox 1368 3868 1614 3940; x_wconf 74' lang='grc' dir='ltr'>θεότητα.</span> <span class='ocrx_word' id='word_1_492' title='bbox 1669 3869 1836 3939; x_wconf 65' lang='grc' dir='ltr'>φημὶ,</span> 
     </span>
    </p>
   </div>
   <div class='ocr_carea' id='block_1_64' title="bbox 255 3960 1840 4038">
    <p class='ocr_par' dir='ltr' id='par_1_64' title="bbox 255 3960 1840 4038">
     <span class='ocr_line' id='line_1_64' title="bbox 255 3960 1840 4038; baseline -0.014 -14"><span class='ocrx_word' id='word_1_493' title='bbox 255 3968 352 4024; x_wconf 70' lang='grc' dir='ltr'><strong>καὶ</strong></span> <span class='ocrx_word' id='word_1_494' title='bbox 382 3967 483 4038; x_wconf 84' lang='grc' dir='ltr'>τὴν</span> <span class='ocrx_word' id='word_1_495' title='bbox 524 3962 942 4034; x_wconf 84' lang='grc' dir='ltr'>ἁνθρωπότητα,</span> <span class='ocrx_word' id='word_1_496' title='bbox 991 3961 1066 4026; x_wconf 81' lang='grc' dir='ltr'>ὠς</span> <span class='ocrx_word' id='word_1_497' title='bbox 1091 3961 1209 4016; x_wconf 82' lang='grc' dir='ltr'>ὅλον</span> <span class='ocrx_word' id='word_1_498' title='bbox 1254 3962 1311 4014; x_wconf 81' lang='grc' dir='ltr'>ὲν</span> <span class='ocrx_word' id='word_1_499' title='bbox 1339 3962 1450 4023; x_wconf 87' lang='grc' dir='ltr'>τοῖς</span> <span class='ocrx_word' id='word_1_500' title='bbox 1491 3960 1711 4023; x_wconf 82' lang='grc' dir='ltr'>οἰκείοις</span> <span class='ocrx_word' id='word_1_501' title='bbox 1743 3961 1840 4029; x_wconf 76' lang='grc' dir='ltr'>μέ-</span> 
     </span>
    </p>
   </div>
   <div class='ocr_carea' id='block_1_65' title="bbox 258 4052 1840 4133">
    <p class='ocr_par' dir='ltr' id='par_1_65' title="bbox 258 4052 1840 4133">
     <span class='ocr_line' id='line_1_65' title="bbox 258 4052 1840 4133; baseline -0.006 -19"><span class='ocrx_word' id='word_1_502' title='bbox 258 4078 379 4133; x_wconf 87' lang='grc' dir='ltr'>ρεσι</span> <span class='ocrx_word' id='word_1_503' title='bbox 409 4058 813 4128; x_wconf 80' lang='grc' dir='ltr'>γνωριζόμενον</span> <span class='ocrx_word' id='word_1_504' title='bbox 846 4055 977 4108; x_wconf 79' lang='grc' dir='ltr'>Θεὸν</span> <span class='ocrx_word' id='word_1_505' title='bbox 1000 4053 1234 4125; x_wconf 84' lang='grc' dir='ltr'>ἀληθῶς,</span> <span class='ocrx_word' id='word_1_506' title='bbox 1267 4054 1360 4106; x_wconf 77' lang='grc' dir='ltr'><strong>καὶ</strong></span> <span class='ocrx_word' id='word_1_507' title='bbox 1391 4052 1676 4124; x_wconf 78' lang='grc' dir='ltr'>ἄνθρωπον</span> <span class='ocrx_word' id='word_1_508' title='bbox 1707 4053 1840 4122; x_wconf 81' lang='grc' dir='ltr'>ἀλη-</span> 
     </span>
    </p>
   </div>
   <div class='ocr_carea' id='block_1_66' title="bbox 257 4143 1840 4218">
    <p class='ocr_par' dir='ltr' id='par_1_66' title="bbox 257 4143 1840 4218">
     <span class='ocr_line' id='line_1_66' title="bbox 257 4143 1840 4218; baseline -0.007 -12"><span class='ocrx_word' id='word_1_509' title='bbox 257 4153 390 4218; x_wconf 89' lang='grc' dir='ltr'>θῶς,</span> <span class='ocrx_word' id='word_1_510' title='bbox 423 4151 514 4204; x_wconf 78' lang='grc' dir='ltr'><strong>τὸν</strong></span> <span class='ocrx_word' id='word_1_511' title='bbox 538 4152 601 4203; x_wconf 81' lang='grc' dir='ltr'>ὲκ</span> <span class='ocrx_word' id='word_1_512' title='bbox 644 4148 824 4218; x_wconf 72' lang='grc' dir='ltr'>ψυχῆς</span> <span class='ocrx_word' id='word_1_513' title='bbox 873 4145 1100 4215; x_wconf 81' lang='grc' dir='ltr'>λογικῆς</span> <span class='ocrx_word' id='word_1_514' title='bbox 1144 4145 1238 4198; x_wconf 73' lang='grc' dir='ltr'>καὶ</span> <span class='ocrx_word' id='word_1_515' title='bbox 1283 4144 1566 4214; x_wconf 85' lang='grc' dir='ltr'>σώματος·</span> <span class='ocrx_word' id='word_1_516' title='bbox 1611 4143 1705 4196; x_wconf 74' lang='grc' dir='ltr'>καὶ</span> <span class='ocrx_word' id='word_1_517' title='bbox 1741 4144 1840 4213; x_wconf 83' lang='grc' dir='ltr'><strong>οὐχ</strong></span> 
     </span>
    </p>
   </div>
   <div class='ocr_carea' id='block_1_67' title="bbox 259 4231 1842 4311">
    <p class='ocr_par' dir='ltr' id='par_1_67' title="bbox 259 4231 1842 4311">
     <span class='ocr_line' id='line_1_67' title="bbox 259 4231 1842 4311; baseline -0.006 -16"><span class='ocrx_word' id='word_1_518' title='bbox 259 4242 447 4304; x_wconf 87' lang='grc' dir='ltr'>ἁπλῶς</span> <span class='ocrx_word' id='word_1_519' title='bbox 472 4240 536 4311; x_wconf 81' lang='grc' dir='ltr'>δὴ</span> <span class='ocrx_word' id='word_1_520' title='bbox 566 4240 720 4302; x_wconf 84' lang='grc' dir='ltr'>Θεὸν,</span> <span class='ocrx_word' id='word_1_521' title='bbox 749 4240 779 4310; x_wconf 87' lang='grc' dir='ltr'>ἢ</span> <span class='ocrx_word' id='word_1_522' title='bbox 806 4238 1115 4308; x_wconf 85' lang='grc' dir='ltr'>ἄνθρωπον,</span> <span class='ocrx_word' id='word_1_523' title='bbox 1151 4236 1266 4289; x_wconf 88' lang='grc' dir='ltr'>ἀλλ’</span> <span class='ocrx_word' id='word_1_524' title='bbox 1305 4231 1588 4306; x_wconf 62' lang='grc' dir='ltr'>ὁμοούσὶον</span> <span class='ocrx_word' id='word_1_525' title='bbox 1616 4235 1694 4305; x_wconf 84' lang='grc' dir='ltr'>τῷ</span> <span class='ocrx_word' id='word_1_526' title='bbox 1730 4235 1842 4287; x_wconf 87' lang='grc' dir='ltr'>Πα-</span> 
     </span>
    </p>
   </div>
   <div class='ocr_carea' id='block_1_68' title="bbox 257 4326 1842 4406">
    <p class='ocr_par' dir='ltr' id='par_1_68' title="bbox 257 4326 1842 4406">
     <span class='ocr_line' id='line_1_68' title="bbox 257 4326 1842 4406; baseline -0.005 -19"><span class='ocrx_word' id='word_1_527' title='bbox 257 4334 351 4406; x_wconf 71' lang='grc' dir='ltr'>τρὶ</span> <span class='ocrx_word' id='word_1_528' title='bbox 382 4333 524 4386; x_wconf 83' lang='grc' dir='ltr'><strong>κατὰ</strong></span> <span class='ocrx_word' id='word_1_529' title='bbox 545 4331 644 4403; x_wconf 81' lang='grc' dir='ltr'>τὴν</span> <span class='ocrx_word' id='word_1_530' title='bbox 678 4332 929 4401; x_wconf 85' lang='grc' dir='ltr'>θεότητα,</span> <span class='ocrx_word' id='word_1_531' title='bbox 965 4329 1059 4383; x_wconf 70' lang='grc' dir='ltr'>καὶ</span> <span class='ocrx_word' id='word_1_532' title='bbox 1090 4331 1226 4399; x_wconf 82' lang='grc' dir='ltr'>ἡμῖν</span> <span class='ocrx_word' id='word_1_533' title='bbox 1267 4329 1407 4382; x_wconf 86' lang='grc' dir='ltr'><strong>κατὰ</strong></span> <span class='ocrx_word' id='word_1_534' title='bbox 1431 4329 1529 4399; x_wconf 79' lang='grc' dir='ltr'>τὴν</span> <span class='ocrx_word' id='word_1_535' title='bbox 1558 4326 1842 4398; x_wconf 77' lang='grc' dir='ltr'>ἀνθρωπό-</span> 
     </span>
    </p>
   </div>
   <div class='ocr_carea' id='block_1_69' title="bbox 261 4418 1842 4498">
    <p class='ocr_par' dir='ltr' id='par_1_69' title="bbox 261 4418 1842 4498">
     <span class='ocr_line' id='line_1_69' title="bbox 261 4418 1842 4498; baseline -0.008 -16"><span class='ocrx_word' id='word_1_536' title='bbox 261 4445 399 4498; x_wconf 84' lang='grc' dir='ltr'>τητα</span> <span class='ocrx_word' id='word_1_537' title='bbox 427 4426 521 4479; x_wconf 82' lang='grc' dir='ltr'>τὸν</span> <span class='ocrx_word' id='word_1_538' title='bbox 549 4425 732 4478; x_wconf 84' lang='grc' dir='ltr'>αὐτόν.</span> <span class='ocrx_word' id='word_1_539' title='bbox 765 4423 874 4476; x_wconf 77' lang='grc' dir='ltr'><strong>Καὶ</strong></span> <span class='ocrx_word' id='word_1_540' title='bbox 899 4425 1010 4485; x_wconf 88' lang='grc' dir='ltr'>τοῖς</span> <span class='ocrx_word' id='word_1_541' title='bbox 1037 4421 1136 4491; x_wconf 84' lang='grc' dir='ltr'>μὲν</span> <span class='ocrx_word' id='word_1_542' title='bbox 1163 4419 1336 4491; x_wconf 84' lang='grc' dir='ltr'>ὀρθῶς</span> <span class='ocrx_word' id='word_1_543' title='bbox 1367 4418 1694 4489; x_wconf 85' lang='grc' dir='ltr'>προσέχουσι</span> <span class='ocrx_word' id='word_1_544' title='bbox 1731 4420 1842 4481; x_wconf 88' lang='grc' dir='ltr'>τοῖς</span> 
     </span>
    </p>
   </div>
   <div class='ocr_carea' id='block_1_70' title="bbox 264 4509 1844 4589">
    <p class='ocr_par' dir='ltr' id='par_1_70' title="bbox 264 4509 1844 4589">
     <span class='ocr_line' id='line_1_70' title="bbox 264 4509 1844 4589; baseline -0.006 -16"><span class='ocrx_word' id='word_1_545' title='bbox 264 4518 596 4589; x_wconf 79' lang='grc' dir='ltr'>εἰρημένοις,</span> <span class='ocrx_word' id='word_1_546' title='bbox 626 4517 776 4570; x_wconf 70' lang='grc' dir='ltr'>οὐδὲν</span> <span class='ocrx_word' id='word_1_547' title='bbox 816 4515 894 4568; x_wconf 81' lang='grc' dir='ltr'>ἔτι</span> <span class='ocrx_word' id='word_1_548' title='bbox 927 4511 995 4586; x_wconf 84' lang='grc' dir='ltr'>ἦν</span> <span class='ocrx_word' id='word_1_549' title='bbox 1037 4515 1118 4577; x_wconf 86' lang='grc' dir='ltr'><strong>είς</strong></span> <span class='ocrx_word' id='word_1_550' title='bbox 1157 4512 1414 4584; x_wconf 76' lang='grc' dir='ltr'>ἐξήγησιν</span> <span class='ocrx_word' id='word_1_551' title='bbox 1452 4509 1844 4581; x_wconf 84' lang='grc' dir='ltr'>ὑπολελειμμέ-</span> 
     </span>
    </p>
   </div>
   <div class='ocr_carea' id='block_1_71' title="bbox 1937 3299 3521 3369">
    <p class='ocr_par' dir='ltr' id='par_1_71' title="bbox 1937 3299 3521 3369">
     <span class='ocr_line' id='line_1_71' title="bbox 1937 3299 3521 3369; baseline -0.003 -12"><span class='ocrx_word' id='word_1_552' title='bbox 1937 3305 2271 3358; x_wconf 81' lang='lat' dir='ltr'><strong>humanitate</strong></span> <span class='ocrx_word' id='word_1_553' title='bbox 2308 3322 2324 3357; x_wconf 92' lang='lat'><strong><em>:</em></strong></span> <span class='ocrx_word' id='word_1_554' title='bbox 2364 3302 2743 3356; x_wconf 86' lang='lat' dir='ltr'><strong>tantummodo</strong></span> <span class='ocrx_word' id='word_1_555' title='bbox 2782 3315 3056 3365; x_wconf 89' lang='lat' dir='ltr'><strong>asserens,</strong></span> <span class='ocrx_word' id='word_1_556' title='bbox 3089 3300 3196 3354; x_wconf 86' lang='lat' dir='ltr'><strong>nisi</strong></span> <span class='ocrx_word' id='word_1_557' title='bbox 3251 3299 3521 3369; x_wconf 85' lang='lat' dir='ltr'><strong>quispiam</strong></span> 
     </span>
    </p>
   </div>
   <div class='ocr_carea' id='block_1_72' title="bbox 1937 3391 3522 3463">
    <p class='ocr_par' dir='ltr' id='par_1_72' title="bbox 1937 3391 3522 3463">
     <span class='ocr_line' id='line_1_72' title="bbox 1937 3391 3522 3463; baseline -0.005 -13"><span class='ocrx_word' id='word_1_558' title='bbox 1937 3394 2335 3450; x_wconf 78' lang='lat' dir='ltr'><strong>existimaverit</strong></span> <span class='ocrx_word' id='word_1_559' title='bbox 2370 3409 2462 3463; x_wconf 91' lang='lat' dir='ltr'><strong>per</strong></span> <span class='ocrx_word' id='word_1_560' title='bbox 2495 3393 2656 3448; x_wconf 91' lang='lat' dir='ltr'><strong>unius</strong></span> <span class='ocrx_word' id='word_1_561' title='bbox 2682 3393 3121 3463; x_wconf 85' lang='lat' dir='ltr'><strong>appellationem,</strong></span> <span class='ocrx_word' id='word_1_562' title='bbox 3158 3403 3253 3445; x_wconf 89' lang='lat' dir='ltr'><strong>aut</strong></span> <span class='ocrx_word' id='word_1_563' title='bbox 3284 3391 3522 3446; x_wconf 86' lang='lat' dir='ltr'><strong>humana</strong></span> 
     </span>
    </p>
   </div>
   <div class='ocr_carea' id='block_1_73' title="bbox 1938 3481 3524 3549">
    <p class='ocr_par' dir='ltr' id='par_1_73' title="bbox 1938 3481 3524 3549">
     <span class='ocr_line' id='line_1_73' title="bbox 1938 3481 3524 3549; baseline -0.004 -8"><span class='ocrx_word' id='word_1_564' title='bbox 1938 3497 2133 3542; x_wconf 88' lang='lat' dir='ltr'><strong>natura</strong></span> <span class='ocrx_word' id='word_1_565' title='bbox 2184 3487 2512 3542; x_wconf 88' lang='lat' dir='ltr'><strong>denmlatam</strong></span> <span class='ocrx_word' id='word_1_566' title='bbox 2574 3486 2868 3549; x_wconf 87' lang='lat' dir='ltr'><strong>deitatem,</strong></span> <span class='ocrx_word' id='word_1_567' title='bbox 2927 3484 3291 3540; x_wconf 80' lang='lat' dir='ltr'><strong>(econontiam</strong></span> <span class='ocrx_word' id='word_1_568' title='bbox 3347 3481 3524 3535; x_wconf 86' lang='lat' dir='ltr'><strong>adim-</strong></span> 
     </span>
    </p>
   </div>
   <div class='ocr_carea' id='block_1_74' title="bbox 1938 3577 3528 3650">
    <p class='ocr_par' dir='ltr' id='par_1_74' title="bbox 1938 3577 3528 3650">
     <span class='ocr_line' id='line_1_74' title="bbox 1938 3577 3528 3650; baseline -0.004 -16"><span class='ocrx_word' id='word_1_569' title='bbox 1938 3581 2136 3650; x_wconf 83' lang='lat' dir='ltr'><strong>plesse,</strong></span> <span class='ocrx_word' id='word_1_570' title='bbox 2169 3590 2262 3635; x_wconf 87' lang='lat' dir='ltr'><strong>aut</strong></span> <span class='ocrx_word' id='word_1_571' title='bbox 2294 3579 2651 3634; x_wconf 89' lang='lat' dir='ltr'><strong>mutationem</strong></span> <span class='ocrx_word' id='word_1_572' title='bbox 2696 3593 2912 3648; x_wconf 85' lang='lat' dir='ltr'><strong>passam</strong></span> <span class='ocrx_word' id='word_1_573' title='bbox 2950 3577 3006 3631; x_wconf 91' lang='lat' dir='ltr'><strong>in</strong></span> <span class='ocrx_word' id='word_1_574' title='bbox 3064 3577 3302 3630; x_wconf 89' lang='lat' dir='ltr'><strong>humana</strong></span> <span class='ocrx_word' id='word_1_575' title='bbox 3334 3581 3528 3628; x_wconf 84' lang='lat' dir='ltr'><strong>natura</strong></span> 
     </span>
    </p>
   </div>
   <div class='ocr_carea' id='block_1_75' title="bbox 1938 3667 3524 3745">
    <p class='ocr_par' dir='ltr' id='par_1_75' title="bbox 1938 3667 3524 3745">
     <span class='ocr_line' id='line_1_75' title="bbox 1938 3667 3524 3745; baseline -0.003 -16"><span class='ocrx_word' id='word_1_576' title='bbox 1938 3673 2240 3745; x_wconf 81' lang='lat' dir='ltr'><strong>perfectum</strong></span> <span class='ocrx_word' id='word_1_577' title='bbox 2271 3673 2526 3728; x_wconf 88' lang='lat' dir='ltr'><strong>eumdem</strong></span> <span class='ocrx_word' id='word_1_578' title='bbox 2559 3672 2864 3727; x_wconf 83' lang='lat' dir='ltr'><strong>secundum</strong></span> <span class='ocrx_word' id='word_1_579' title='bbox 2893 3679 3125 3740; x_wconf 87' lang='lat' dir='ltr'><strong>utraque</strong></span> <span class='ocrx_word' id='word_1_580' title='bbox 3148 3667 3524 3724; x_wconf 83' lang='lat' dir='ltr'><strong>exsistentem.</strong></span> 
     </span>
    </p>
   </div>
   <div class='ocr_carea' id='block_1_76' title="bbox 1938 3756 3528 3834">
    <p class='ocr_par' dir='ltr' id='par_1_76' title="bbox 1938 3756 3528 3834">
     <span class='ocr_line' id='line_1_76' title="bbox 1938 3756 3528 3834; baseline -0.007 -14"><span class='ocrx_word' id='word_1_581' title='bbox 1938 3765 2227 3830; x_wconf 88' lang='lat' dir='ltr'><strong>deitatem,</strong></span> <span class='ocrx_word' id='word_1_582' title='bbox 2262 3763 2511 3834; x_wconf 88' lang='lat' dir='ltr'><strong>inquam,</strong></span> <span class='ocrx_word' id='word_1_583' title='bbox 2557 3770 2610 3816; x_wconf 90' lang='lat' dir='ltr'><strong>et</strong></span> <span class='ocrx_word' id='word_1_584' title='bbox 2655 3761 3074 3820; x_wconf 88' lang='lat' dir='ltr'><strong>humanitatem.</strong></span> <span class='ocrx_word' id='word_1_585' title='bbox 3133 3768 3392 3828; x_wconf 88' lang='lat' dir='ltr'><strong>tanquam</strong></span> <span class='ocrx_word' id='word_1_586' title='bbox 3436 3756 3528 3821; x_wconf 85' lang='lat' dir='ltr'><strong>qui</strong></span> 
     </span>
    </p>
   </div>
   <div class='ocr_carea' id='block_1_77' title="bbox 1941 3848 3528 3924">
    <p class='ocr_par' dir='ltr' id='par_1_77' title="bbox 1941 3848 3528 3924">
     <span class='ocr_line' id='line_1_77' title="bbox 1941 3848 3528 3924; baseline -0.008 -12"><span class='ocrx_word' id='word_1_587' title='bbox 1941 3867 2089 3912; x_wconf 87' lang='lat' dir='ltr'><strong>totus</strong></span> <span class='ocrx_word' id='word_1_588' title='bbox 2122 3871 2185 3910; x_wconf 90' lang='lat' dir='ltr'><strong>ac</strong></span> <span class='ocrx_word' id='word_1_589' title='bbox 2231 3855 2507 3924; x_wconf 82' lang='lat' dir='ltr'><strong>perfectus</strong></span> <span class='ocrx_word' id='word_1_590' title='bbox 2541 3854 2593 3907; x_wconf 91' lang='lat' dir='ltr'><strong>in</strong></span> <span class='ocrx_word' id='word_1_591' title='bbox 2626 3853 2862 3923; x_wconf 86' lang='lat' dir='ltr'><strong>propriis</strong></span> <span class='ocrx_word' id='word_1_592' title='bbox 2904 3851 3156 3922; x_wconf 88' lang='lat' dir='ltr'><strong>partibus</strong></span> <span class='ocrx_word' id='word_1_593' title='bbox 3192 3848 3528 3919; x_wconf 74' lang='lat' dir='ltr'><strong>agnosceba-</strong></span> 
     </span>
    </p>
   </div>
   <div class='ocr_carea' id='block_1_78' title="bbox 1941 3942 3520 4014">
    <p class='ocr_par' dir='ltr' id='par_1_78' title="bbox 1941 3942 3520 4014">
     <span class='ocr_line' id='line_1_78' title="bbox 1941 3942 3520 4014; baseline -0.009 -8"><span class='ocrx_word' id='word_1_594' title='bbox 1941 3959 2052 4013; x_wconf 88' lang='lat' dir='ltr'><strong>tur,</strong></span> <span class='ocrx_word' id='word_1_595' title='bbox 2079 3964 2203 4004; x_wconf 91' lang='lat' dir='ltr'><strong>vere</strong></span> <span class='ocrx_word' id='word_1_596' title='bbox 2237 3950 2426 4014; x_wconf 90' lang='lat' dir='ltr'><strong>Deum,</strong></span> <span class='ocrx_word' id='word_1_597' title='bbox 2454 3955 2507 4000; x_wconf 86' lang='lat' dir='ltr'><strong>et</strong></span> <span class='ocrx_word' id='word_1_598' title='bbox 2533 3961 2658 4000; x_wconf 84' lang='lat' dir='ltr'><strong>vere</strong></span> <span class='ocrx_word' id='word_1_599' title='bbox 2688 3962 2753 4000; x_wconf 82' lang='lat' dir='ltr'><strong>ex</strong></span> <span class='ocrx_word' id='word_1_600' title='bbox 2777 3944 2964 4004; x_wconf 90' lang='lat' dir='ltr'><strong>animo</strong></span> <span class='ocrx_word' id='word_1_601' title='bbox 2991 3942 3220 3998; x_wconf 87' lang='lat' dir='ltr'><strong>rationis</strong></span> <span class='ocrx_word' id='word_1_602' title='bbox 3245 3947 3520 4008; x_wconf 89' lang='lat' dir='ltr'><strong>compote,</strong></span> 
     </span>
    </p>
   </div>
   <div class='ocr_carea' id='block_1_79' title="bbox 1940 4031 3529 4112">
    <p class='ocr_par' dir='ltr' id='par_1_79' title="bbox 1940 4031 3529 4112">
     <span class='ocr_line' id='line_1_79' title="bbox 1940 4031 3529 4112; baseline -0.009 -12"><span class='ocrx_word' id='word_1_603' title='bbox 1940 4054 1993 4100; x_wconf 89' lang='lat' dir='ltr'><strong>et</strong></span> <span class='ocrx_word' id='word_1_604' title='bbox 2025 4057 2252 4112; x_wconf 89' lang='lat' dir='ltr'><strong>corpore</strong></span> <span class='ocrx_word' id='word_1_605' title='bbox 2302 4040 2600 4100; x_wconf 88' lang='lat' dir='ltr'><strong>hominem,</strong></span> <span class='ocrx_word' id='word_1_606' title='bbox 2637 4052 2814 4106; x_wconf 87' lang='lat' dir='ltr'><strong>neque</strong></span> <span class='ocrx_word' id='word_1_607' title='bbox 2844 4035 3161 4104; x_wconf 77' lang='lat' dir='ltr'><strong>simpliciter</strong></span> <span class='ocrx_word' id='word_1_608' title='bbox 3208 4031 3396 4092; x_wconf 88' lang='lat' dir='ltr'><strong>Deum,</strong></span> <span class='ocrx_word' id='word_1_609' title='bbox 3431 4041 3529 4086; x_wconf 88' lang='lat' dir='ltr'><strong>aut</strong></span> 
     </span>
    </p>
   </div>
   <div class='ocr_carea' id='block_1_80' title="bbox 1945 4123 3531 4197">
    <p class='ocr_par' dir='ltr' id='par_1_80' title="bbox 1945 4123 3531 4197">
     <span class='ocr_line' id='line_1_80' title="bbox 1945 4123 3531 4197; baseline -0.009 -6"><span class='ocrx_word' id='word_1_610' title='bbox 1945 4135 2246 4197; x_wconf 88' lang='lat' dir='ltr'><strong>hominem,</strong></span> <span class='ocrx_word' id='word_1_611' title='bbox 2279 4133 2374 4188; x_wconf 90' lang='lat' dir='ltr'><strong>sed</strong></span> <span class='ocrx_word' id='word_1_612' title='bbox 2415 4131 2576 4186; x_wconf 91' lang='lat' dir='ltr'><strong>unius</strong></span> <span class='ocrx_word' id='word_1_613' title='bbox 2614 4143 2737 4184; x_wconf 89' lang='lat' dir='ltr'><strong>cum</strong></span> <span class='ocrx_word' id='word_1_614' title='bbox 2767 4127 2925 4183; x_wconf 86' lang='lat' dir='ltr'><strong>Patre</strong></span> <span class='ocrx_word' id='word_1_615' title='bbox 2953 4125 3201 4182; x_wconf 61' lang='lat' dir='ltr'><strong>essentia:</strong></span> <span class='ocrx_word' id='word_1_616' title='bbox 3225 4123 3531 4181; x_wconf 87' lang='lat' dir='ltr'><strong>secundum</strong></span> 
     </span>
    </p>
   </div>
   <div class='ocr_carea' id='block_1_81' title="bbox 1943 4217 3534 4291">
    <p class='ocr_par' dir='ltr' id='par_1_81' title="bbox 1943 4217 3534 4291">
     <span class='ocr_line' id='line_1_81' title="bbox 1943 4217 3534 4291; baseline -0.008 -8"><span class='ocrx_word' id='word_1_617' title='bbox 1943 4228 2238 4291; x_wconf 87' lang='lat' dir='ltr'><strong>deitatem,</strong></span> <span class='ocrx_word' id='word_1_618' title='bbox 2286 4234 2340 4280; x_wconf 90' lang='lat' dir='ltr'><strong>et</strong></span> <span class='ocrx_word' id='word_1_619' title='bbox 2378 4223 2536 4278; x_wconf 90' lang='lat' dir='ltr'><strong>nobis</strong></span> <span class='ocrx_word' id='word_1_620' title='bbox 2563 4222 2815 4278; x_wconf 89' lang='lat' dir='ltr'><strong>eumdem</strong></span> <span class='ocrx_word' id='word_1_621' title='bbox 2855 4218 3159 4276; x_wconf 90' lang='lat' dir='ltr'><strong>secundum</strong></span> <span class='ocrx_word' id='word_1_622' title='bbox 3219 4217 3534 4272; x_wconf 85' lang='lat' dir='ltr'><strong>humanita-</strong></span> 
     </span>
    </p>
   </div>
   <div class='ocr_carea' id='block_1_82' title="bbox 1945 4309 3527 4388">
    <p class='ocr_par' dir='ltr' id='par_1_82' title="bbox 1945 4309 3527 4388">
     <span class='ocr_line' id='line_1_82' title="bbox 1945 4309 3527 4388; baseline -0.008 -13"><span class='ocrx_word' id='word_1_623' title='bbox 1945 4331 2086 4387; x_wconf 76' lang='lat' dir='ltr'><strong>tem;</strong></span> <span class='ocrx_word' id='word_1_624' title='bbox 2121 4328 2178 4372; x_wconf 94' lang='lat' dir='ltr'><strong>ut</strong></span> <span class='ocrx_word' id='word_1_625' title='bbox 2209 4317 2300 4388; x_wconf 90' lang='lat' dir='ltr'><strong>qui</strong></span> <span class='ocrx_word' id='word_1_626' title='bbox 2355 4326 2500 4372; x_wconf 87' lang='lat' dir='ltr'><strong>recta</strong></span> <span class='ocrx_word' id='word_1_627' title='bbox 2539 4325 2723 4371; x_wconf 87' lang='lat' dir='ltr'><strong>mente</strong></span> <span class='ocrx_word' id='word_1_628' title='bbox 2781 4313 2942 4369; x_wconf 90' lang='lat' dir='ltr'><strong>dictis</strong></span> <span class='ocrx_word' id='word_1_629' title='bbox 2966 4311 3210 4365; x_wconf 88' lang='lat' dir='ltr'><strong>animum</strong></span> <span class='ocrx_word' id='word_1_630' title='bbox 3271 4309 3527 4378; x_wconf 86' lang='lat' dir='ltr'><strong>applicat,</strong></span> 
     </span>
    </p>
   </div>
   <div class='ocr_carea' id='block_1_83' title="bbox 1948 4404 3535 4484">
    <p class='ocr_par' dir='ltr' id='par_1_83' title="bbox 1948 4404 3535 4484">
     <span class='ocr_line' id='line_1_83' title="bbox 1948 4404 3535 4484; baseline -0.006 -15"><span class='ocrx_word' id='word_1_631' title='bbox 1948 4413 2087 4470; x_wconf 91' lang='lat' dir='ltr'><strong>nihil</strong></span> <span class='ocrx_word' id='word_1_632' title='bbox 2119 4422 2378 4484; x_wconf 84' lang='lat' dir='ltr'><strong>praeterea</strong></span> <span class='ocrx_word' id='word_1_633' title='bbox 2410 4411 2475 4466; x_wconf 89' lang='lat' dir='ltr'><strong>ad</strong></span> <span class='ocrx_word' id='word_1_634' title='bbox 2498 4409 2789 4481; x_wconf 82' lang='lat' dir='ltr'><strong>perlectam</strong></span> <span class='ocrx_word' id='word_1_635' title='bbox 2818 4407 3180 4462; x_wconf 73' lang='lat' dir='ltr'><strong>immaculata:</strong></span> <span class='ocrx_word' id='word_1_636' title='bbox 3210 4404 3535 4460; x_wconf 74' lang='lat' dir='ltr'><strong>(economire</strong></span> 
     </span>
    </p>
   </div>
   <div class='ocr_carea' id='block_1_84' title="bbox 1948 4499 3535 4577">
    <p class='ocr_par' dir='ltr' id='par_1_84' title="bbox 1948 4499 3535 4577">
     <span class='ocr_line' id='line_1_84' title="bbox 1948 4499 3535 4577; baseline -0.006 -16"><span class='ocrx_word' id='word_1_637' title='bbox 1948 4506 2346 4577; x_wconf 78' lang='lat' dir='ltr'><strong>expositionem</strong></span> <span class='ocrx_word' id='word_1_638' title='bbox 2376 4519 2406 4558; x_wconf 89' lang='lat' dir='ltr'><strong>a</strong></span> <span class='ocrx_word' id='word_1_639' title='bbox 2434 4502 2644 4574; x_wconf 87' lang='lat' dir='ltr'><strong>synodo</strong></span> <span class='ocrx_word' id='word_1_640' title='bbox 2668 4500 2961 4556; x_wconf 89' lang='lat' dir='ltr'><strong>desideret.</strong></span> <span class='ocrx_word' id='word_1_641' title='bbox 2999 4499 3132 4566; x_wconf 65' lang='lat' dir='ltr'><strong>Quae</strong></span> <span class='ocrx_word' id='word_1_642' title='bbox 3154 4501 3296 4554; x_wconf 87' lang='lat' dir='ltr'><strong>ultra</strong></span> <span class='ocrx_word' id='word_1_643' title='bbox 3325 4512 3535 4567; x_wconf 64' lang='lat' dir='ltr'><strong>praeco-</strong></span> 
     </span>
    </p>
   </div>
   <div class='ocr_carea' id='block_1_85' title="bbox 264 4592 1840 4685">
    <p class='ocr_par' dir='ltr' id='par_1_85' title="bbox 264 4606 1840 4685">
     <span class='ocr_line' id='line_1_85' title="bbox 264 4606 1840 4685; baseline -0.008 -16"><span class='ocrx_word' id='word_1_644' title='bbox 264 4634 353 4670; x_wconf 90' lang='grc' dir='ltr'><strong>νον</strong></span> <span class='ocrx_word' id='word_1_645' title='bbox 385 4617 483 4685; x_wconf 79' lang='grc' dir='ltr'>τῆς</span> <span class='ocrx_word' id='word_1_646' title='bbox 515 4610 782 4684; x_wconf 77' lang='grc' dir='ltr'>ἁχρὰντου</span> <span class='ocrx_word' id='word_1_647' title='bbox 818 4609 1128 4679; x_wconf 85' lang='grc' dir='ltr'>οἰκονομίας</span> <span class='ocrx_word' id='word_1_648' title='bbox 1155 4610 1222 4677; x_wconf 79' lang='grc' dir='ltr'>τῇ</span> <span class='ocrx_word' id='word_1_649' title='bbox 1253 4607 1473 4676; x_wconf 81' lang='grc' dir='ltr'>συνόδῳ,</span> <span class='ocrx_word' id='word_1_650' title='bbox 1511 4606 1633 4675; x_wconf 72' lang='grc' dir='ltr'>ἥτις</span> <span class='ocrx_word' id='word_1_651' title='bbox 1672 4606 1765 4658; x_wconf 75' lang='grc' dir='ltr'><strong>καὶ</strong></span> <span class='ocrx_word' id='word_1_652' title='bbox 1790 4607 1840 4658; x_wconf 74' lang='grc' dir='ltr'><strong>τὲ</strong></span> 
     </span>
    </p>
   </div>
   <div class='ocr_carea' id='block_1_86' title="bbox 1945 4592 3537 4685">
    <p class='ocr_par' dir='ltr' id='par_1_86' title="bbox 1955 4592 3537 4670">
     <span class='ocr_line' id='line_1_86' title="bbox 1955 4592 3537 4670; baseline -0.004 -18"><span class='ocrx_word' id='word_1_653' title='bbox 1955 4613 2222 4670; x_wconf 85' lang='lat' dir='ltr'><strong>gnoscens</strong></span> <span class='ocrx_word' id='word_1_654' title='bbox 2285 4595 2579 4651; x_wconf 88' lang='lat' dir='ltr'><strong>nonnullos</strong></span> <span class='ocrx_word' id='word_1_655' title='bbox 2636 4608 2736 4649; x_wconf 89' lang='lat' dir='ltr'><strong>nec</strong></span> <span class='ocrx_word' id='word_1_656' title='bbox 2768 4593 3036 4664; x_wconf 89' lang='lat' dir='ltr'><strong>passioni,</strong></span> <span class='ocrx_word' id='word_1_657' title='bbox 3094 4609 3196 4650; x_wconf 89' lang='lat' dir='ltr'><strong>nec</strong></span> <span class='ocrx_word' id='word_1_658' title='bbox 3225 4592 3407 4656; x_wconf 90' lang='lat' dir='ltr'><strong>morti,</strong></span> <span class='ocrx_word' id='word_1_659' title='bbox 3433 4605 3537 4647; x_wconf 89' lang='lat' dir='ltr'><strong>nec</strong></span> 
     </span>
    </p>
   </div>
   <div class='ocr_carea' id='block_1_87' title="bbox 270 4699 1852 4779">
    <p class='ocr_par' dir='ltr' id='par_1_87' title="bbox 270 4699 1852 4779">
     <span class='ocr_line' id='line_1_87' title="bbox 270 4699 1852 4779; baseline -0.005 -19"><span class='ocrx_word' id='word_1_660' title='bbox 270 4707 464 4779; x_wconf 86' lang='grc' dir='ltr'>μέλλον</span> <span class='ocrx_word' id='word_1_661' title='bbox 515 4703 945 4776; x_wconf 82' lang='grc' dir='ltr'>προῦπιδομένη,</span> <span class='ocrx_word' id='word_1_662' title='bbox 977 4701 1120 4768; x_wconf 90' lang='grc' dir='ltr'>λέγω</span> <span class='ocrx_word' id='word_1_663' title='bbox 1159 4701 1223 4772; x_wconf 84' lang='grc' dir='ltr'>δὴ</span> <span class='ocrx_word' id='word_1_664' title='bbox 1265 4700 1325 4753; x_wconf 77' lang='grc' dir='ltr'><strong>τὸ</strong></span> <span class='ocrx_word' id='word_1_665' title='bbox 1352 4699 1558 4763; x_wconf 85' lang='grc' dir='ltr'>ἀπαθὲς</span> <span class='ocrx_word' id='word_1_666' title='bbox 1597 4699 1691 4753; x_wconf 74' lang='grc' dir='ltr'><strong>καί⁴</strong></span> <span class='ocrx_word' id='word_1_667' title='bbox 1719 4699 1852 4752; x_wconf 82' lang='grc' dir='ltr'><strong>ἀθά-</strong></span> 
     </span>
    </p>
   </div>
   <div class='ocr_carea' id='block_1_88' title="bbox 267 4786 1853 4862">
    <p class='ocr_par' dir='ltr' id='par_1_88' title="bbox 267 4786 1853 4862">
     <span class='ocr_line' id='line_1_88' title="bbox 267 4786 1853 4862; baseline -0.008 -9"><span class='ocrx_word' id='word_1_668' title='bbox 267 4816 427 4853; x_wconf 78' lang='grc' dir='ltr'>νατον</span> <span class='ocrx_word' id='word_1_669' title='bbox 457 4795 631 4858; x_wconf 74' lang='grc' dir='ltr'>ἐνίους</span> <span class='ocrx_word' id='word_1_670' title='bbox 663 4795 755 4848; x_wconf 78' lang='grc' dir='ltr'>καὶ</span> <span class='ocrx_word' id='word_1_671' title='bbox 780 4793 1054 4862; x_wconf 63' lang='grc' dir='ltr'>ἄφθαρτον</span> <span class='ocrx_word' id='word_1_672' title='bbox 1085 4793 1148 4845; x_wconf 80' lang='grc' dir='ltr'>ὲκ</span> <span class='ocrx_word' id='word_1_673' title='bbox 1170 4790 1390 4860; x_wconf 83' lang='grc' dir='ltr'>πρώτης</span> <span class='ocrx_word' id='word_1_674' title='bbox 1425 4787 1759 4857; x_wconf 73' lang='grc' dir='ltr'>συλλήψεως.</span> <span class='ocrx_word' id='word_1_675' title='bbox 1793 4786 1853 4840; x_wconf 81' lang='grc' dir='ltr'><strong>τὸ</strong></span> 
     </span>
    </p>
   </div>
   <div class='ocr_carea' id='block_1_89' title="bbox 270 4877 1854 4952">
    <p class='ocr_par' dir='ltr' id='par_1_89' title="bbox 270 4877 1854 4952">
     <span class='ocr_line' id='line_1_89' title="bbox 270 4877 1854 4952; baseline -0.006 -14"><span class='ocrx_word' id='word_1_676' title='bbox 270 4885 412 4938; x_wconf 89' lang='grc' dir='ltr'>θεῖον</span> <span class='ocrx_word' id='word_1_677' title='bbox 453 4885 628 4936; x_wconf 76' lang='grc' dir='ltr'>ἐκεῖνο</span> <span class='ocrx_word' id='word_1_678' title='bbox 656 4882 754 4936; x_wconf 79' lang='grc' dir='ltr'>καὶ</span> <span class='ocrx_word' id='word_1_679' title='bbox 782 4881 1050 4952; x_wconf 82' lang='grc' dir='ltr'>ἄχραντον</span> <span class='ocrx_word' id='word_1_680' title='bbox 1088 4878 1181 4932; x_wconf 78' lang='grc' dir='ltr'>τοῦ</span> <span class='ocrx_word' id='word_1_681' title='bbox 1221 4879 1427 4948; x_wconf 86' lang='grc' dir='ltr'>Κυρίου</span> <span class='ocrx_word' id='word_1_682' title='bbox 1462 4877 1618 4948; x_wconf 85' lang='grc' dir='ltr'>σῶμα</span> <span class='ocrx_word' id='word_1_683' title='bbox 1647 4877 1854 4946; x_wconf 79' lang='grc' dir='ltr'>τολμᾷν</span> 
     </span>
    </p>
   </div>
   <div class='ocr_carea' id='block_1_90' title="bbox 268 4964 1853 5044">
    <p class='ocr_par' dir='ltr' id='par_1_90' title="bbox 268 4964 1853 5044">
     <span class='ocr_line' id='line_1_90' title="bbox 268 4964 1853 5044; baseline -0.008 -16"><span class='ocrx_word' id='word_1_684' title='bbox 268 4974 573 5044; x_wconf 80' lang='grc' dir='ltr'>ὁμολογεῖν,</span> <span class='ocrx_word' id='word_1_685' title='bbox 609 4972 703 5025; x_wconf 80' lang='grc' dir='ltr'>καὶ</span> <span class='ocrx_word' id='word_1_686' title='bbox 739 4970 912 5041; x_wconf 78' lang='grc' dir='ltr'>ταύτῃ</span> <span class='ocrx_word' id='word_1_687' title='bbox 955 4969 1284 5038; x_wconf 85' lang='grc' dir='ltr'>ἀνατρέπειν</span> <span class='ocrx_word' id='word_1_688' title='bbox 1332 4967 1431 5037; x_wconf 79' lang='grc' dir='ltr'>τὴν</span> <span class='ocrx_word' id='word_1_689' title='bbox 1479 4965 1606 5034; x_wconf 84' lang='grc' dir='ltr'>ὃλην</span> <span class='ocrx_word' id='word_1_690' title='bbox 1645 4964 1853 5016; x_wconf 84' lang='grc' dir='ltr'>οἰκονο-</span> 
     </span>
    </p>
   </div>
   <div class='ocr_carea' id='block_1_91' title="bbox 272 5056 1854 5138">
    <p class='ocr_par' dir='ltr' id='par_1_91' title="bbox 272 5056 1854 5138">
     <span class='ocr_line' id='line_1_91' title="bbox 272 5056 1854 5138; baseline -0.007 -19"><span class='ocrx_word' id='word_1_691' title='bbox 272 5067 422 5138; x_wconf 84' lang='grc' dir='ltr'>μίαν,</span> <span class='ocrx_word' id='word_1_692' title='bbox 445 5065 628 5132; x_wconf 82' lang='grc' dir='ltr'>λέγει’</span> <span class='ocrx_word' id='word_1_693' title='bbox 666 5062 828 5121; x_wconf 84' lang='grc' dir='ltr'><strong>Κατὰ</strong></span> <span class='ocrx_word' id='word_1_694' title='bbox 854 5061 1050 5115; x_wconf 81' lang='grc' dir='ltr'>πάντα</span> <span class='ocrx_word' id='word_1_695' title='bbox 1069 5060 1276 5129; x_wconf 81' lang='grc' dir='ltr'>ὅμοιον</span> <span class='ocrx_word' id='word_1_696' title='bbox 1303 5058 1446 5128; x_wconf 80' lang='grc' dir='ltr'><strong>ἡμῖν</strong></span> <span class='ocrx_word' id='word_1_697' title='bbox 1472 5056 1648 5127; x_wconf 77' lang='grc' dir='ltr'>χωρίς</span> <span class='ocrx_word' id='word_1_698' title='bbox 1671 5057 1854 5126; x_wconf 78' lang='grc' dir='ltr'>ἀμαρ-</span> 
     </span>
    </p>
   </div>
   <div class='ocr_carea' id='block_1_92' title="bbox 271 5153 1855 5230">
    <p class='ocr_par' dir='ltr' id='par_1_92' title="bbox 271 5153 1855 5230">
     <span class='ocr_line' id='line_1_92' title="bbox 271 5153 1855 5230; baseline -0.006 -16"><span class='ocrx_word' id='word_1_699' title='bbox 271 5165 422 5227; x_wconf 74' lang='grc' dir='ltr'>τίας.</span> <span class='ocrx_word' id='word_1_700' title='bbox 454 5161 633 5230; x_wconf 81' lang='grc' dir='ltr'>Ὅπερ</span> <span class='ocrx_word' id='word_1_701' title='bbox 677 5161 774 5229; x_wconf 80' lang='grc' dir='ltr'>τῆς</span> <span class='ocrx_word' id='word_1_702' title='bbox 823 5159 919 5228; x_wconf 78' lang='grc' dir='ltr'>μὲν</span> <span class='ocrx_word' id='word_1_703' title='bbox 949 5157 1106 5224; x_wconf 84' lang='grc' dir='ltr'>ἁγίας</span> <span class='ocrx_word' id='word_1_704' title='bbox 1137 5157 1252 5209; x_wconf 71' lang='grc' dir='ltr'>ἐστὶ</span> <span class='ocrx_word' id='word_1_705' title='bbox 1292 5155 1537 5226; x_wconf 80' lang='grc' dir='ltr'>Γραφῆς,</span> <span class='ocrx_word' id='word_1_706' title='bbox 1580 5153 1855 5217; x_wconf 80' lang='grc' dir='ltr'>εὐκαίρως</span> 
     </span>
    </p>
   </div>
   <div class='ocr_carea' id='block_1_93' title="bbox 273 5244 1857 5322">
    <p class='ocr_par' dir='ltr' id='par_1_93' title="bbox 273 5244 1857 5322">
     <span class='ocr_line' id='line_1_93' title="bbox 273 5244 1857 5322; baseline -0.006 -16"><span class='ocrx_word' id='word_1_707' title='bbox 273 5254 327 5306; x_wconf 77' lang='grc' dir='ltr'>δὲ</span> <span class='ocrx_word' id='word_1_708' title='bbox 380 5252 632 5322; x_wconf 87' lang='grc' dir='ltr'>κείμενον</span> <span class='ocrx_word' id='word_1_709' title='bbox 663 5249 918 5313; x_wconf 75' lang='grc' dir='ltr'>ἐνταῦθα,</span> <span class='ocrx_word' id='word_1_710' title='bbox 967 5247 1310 5317; x_wconf 78' lang='grc' dir='ltr'>ἐπιστομίζει</span> <span class='ocrx_word' id='word_1_711' title='bbox 1360 5248 1486 5310; x_wconf 77' lang='grc' dir='ltr'>τοὺς</span> <span class='ocrx_word' id='word_1_712' title='bbox 1521 5246 1588 5299; x_wconf 85' lang='grc' dir='ltr'><strong>τὰ</strong></span> <span class='ocrx_word' id='word_1_713' title='bbox 1634 5244 1857 5298; x_wconf 83' lang='grc' dir='ltr'>τοιαῦτα.</span> 
     </span>
    </p>
   </div>
   <div class='ocr_carea' id='block_1_94' title="bbox 281 5337 1856 5416">
    <p class='ocr_par' dir='ltr' id='par_1_94' title="bbox 281 5337 1856 5416">
     <span class='ocr_line' id='line_1_94' title="bbox 281 5337 1856 5416; baseline -0.006 -17"><span class='ocrx_word' id='word_1_714' title='bbox 281 5345 627 5416; x_wconf 64' lang='grc' dir='ltr'>ρρονοῦντας.</span> <span class='ocrx_word' id='word_1_715' title='bbox 663 5345 726 5396; x_wconf 82' lang='grc' dir='ltr'><strong>Εἰ</strong></span> <span class='ocrx_word' id='word_1_716' title='bbox 750 5344 857 5414; x_wconf 80' lang='grc' dir='ltr'><strong>γὰρ</strong></span> <span class='ocrx_word' id='word_1_717' title='bbox 884 5343 1006 5396; x_wconf 75' lang='grc' dir='ltr'>οὔτε</span> <span class='ocrx_word' id='word_1_718' title='bbox 1035 5341 1203 5405; x_wconf 79' lang='grc' dir='ltr'>πάθος</span> <span class='ocrx_word' id='word_1_719' title='bbox 1233 5339 1504 5408; x_wconf 81' lang='grc' dir='ltr'>σώματος,</span> <span class='ocrx_word' id='word_1_720' title='bbox 1536 5337 1657 5392; x_wconf 70' lang='grc' dir='ltr'>οὔτε</span> <span class='ocrx_word' id='word_1_721' title='bbox 1690 5337 1856 5390; x_wconf 81' lang='grc' dir='ltr'>θάνα-</span> 
     </span>
    </p>
   </div>
   <div class='ocr_carea' id='block_1_95' title="bbox 280 5429 1856 5506">
    <p class='ocr_par' dir='ltr' id='par_1_95' title="bbox 280 5429 1856 5506">
     <span class='ocr_line' id='line_1_95' title="bbox 280 5429 1856 5506; baseline -0.006 -16"><span class='ocrx_word' id='word_1_722' title='bbox 280 5455 386 5500; x_wconf 80' lang='grc' dir='ltr'>τος,</span> <span class='ocrx_word' id='word_1_723' title='bbox 408 5435 532 5490; x_wconf 77' lang='grc' dir='ltr'>οὕτε</span> <span class='ocrx_word' id='word_1_724' title='bbox 564 5435 667 5506; x_wconf 81' lang='grc' dir='ltr'>μὴν</span> <span class='ocrx_word' id='word_1_725' title='bbox 691 5436 954 5500; x_wconf 79' lang='grc' dir='ltr'>διάλυσις,</span> <span class='ocrx_word' id='word_1_726' title='bbox 985 5435 1050 5506; x_wconf 78' lang='grc' dir='ltr'>ἦν</span> <span class='ocrx_word' id='word_1_727' title='bbox 1079 5434 1143 5503; x_wconf 85' lang='grc' dir='ltr'>δὴ</span> <span class='ocrx_word' id='word_1_728' title='bbox 1177 5432 1382 5503; x_wconf 81' lang='grc' dir='ltr'>φθορὰν</span> <span class='ocrx_word' id='word_1_729' title='bbox 1420 5431 1566 5493; x_wconf 89' lang='grc' dir='ltr'>ἰδίως</span> <span class='ocrx_word' id='word_1_730' title='bbox 1597 5429 1856 5499; x_wconf 77' lang='grc' dir='ltr'>ἀξιοῦμεν</span> 
     </span>
    </p>
   </div>
   <div class='ocr_carea' id='block_1_96' title="bbox 279 5520 1860 5599">
    <p class='ocr_par' dir='ltr' id='par_1_96' title="bbox 279 5520 1860 5599">
     <span class='ocr_line' id='line_1_96' title="bbox 279 5520 1860 5599; baseline -0.006 -15"><span class='ocrx_word' id='word_1_731' title='bbox 279 5529 583 5587; x_wconf 84' lang='grc' dir='ltr'>καλεῖσθαι.</span> <span class='ocrx_word' id='word_1_732' title='bbox 616 5528 881 5599; x_wconf 85' lang='grc' dir='ltr'>ἁμαρτία·</span> <span class='ocrx_word' id='word_1_733' title='bbox 914 5528 1082 5596; x_wconf 72' lang='grc' dir='ltr'>χωρὶς</span> <span class='ocrx_word' id='word_1_734' title='bbox 1119 5526 1175 5578; x_wconf 78' lang='grc' dir='ltr'>δὲ</span> <span class='ocrx_word' id='word_1_735' title='bbox 1204 5526 1369 5594; x_wconf 70' lang='grc' dir='ltr'>μόνης</span> <span class='ocrx_word' id='word_1_736' title='bbox 1405 5521 1678 5593; x_wconf 87' lang='grc' dir='ltr'>ἁμαρτίας</span> <span class='ocrx_word' id='word_1_737' title='bbox 1717 5520 1860 5576; x_wconf 83' lang='grc' dir='ltr'><strong>κατὰ</strong></span> 
     </span>
    </p>
   </div>
   <div class='ocr_carea' id='block_1_97' title="bbox 281 5614 1860 5690">
    <p class='ocr_par' dir='ltr' id='par_1_97' title="bbox 281 5614 1860 5690">
     <span class='ocr_line' id='line_1_97' title="bbox 281 5614 1860 5690; baseline -0.004 -16"><span class='ocrx_word' id='word_1_738' title='bbox 281 5623 457 5676; x_wconf 66' lang='grc' dir='ltr'>πάντα</span> <span class='ocrx_word' id='word_1_739' title='bbox 476 5621 542 5674; x_wconf 74' lang='grc' dir='ltr'>τὰ</span> <span class='ocrx_word' id='word_1_740' title='bbox 559 5620 692 5676; x_wconf 83' lang='grc' dir='ltr'>ἄλλα</span> <span class='ocrx_word' id='word_1_741' title='bbox 708 5621 806 5690; x_wconf 82' lang='grc' dir='ltr'>τῆς</span> <span class='ocrx_word' id='word_1_742' title='bbox 823 5620 991 5689; x_wconf 81' lang='grc' dir='ltr'>αὐτῆς</span> <span class='ocrx_word' id='word_1_743' title='bbox 1007 5619 1138 5688; x_wconf 81' lang='grc' dir='ltr'>ἡμῖν</span> <span class='ocrx_word' id='word_1_744' title='bbox 1162 5615 1373 5686; x_wconf 76' lang='grc' dir='ltr'>φύσεώς</span> <span class='ocrx_word' id='word_1_745' title='bbox 1393 5617 1507 5668; x_wconf 81' lang='grc' dir='ltr'>ἐστι</span> <span class='ocrx_word' id='word_1_746' title='bbox 1528 5615 1584 5666; x_wconf 80' lang='grc' dir='ltr'><strong>τὸ</strong></span> <span class='ocrx_word' id='word_1_747' title='bbox 1597 5614 1860 5684; x_wconf 86' lang='grc' dir='ltr'>ἄχραντον</span> 
     </span>
    </p>
   </div>
   <div class='ocr_carea' id='block_1_98' title="bbox 283 5707 1861 5782">
    <p class='ocr_par' dir='ltr' id='par_1_98' title="bbox 283 5707 1861 5782">
     <span class='ocr_line' id='line_1_98' title="bbox 283 5707 1861 5782; baseline -0.008 -13"><span class='ocrx_word' id='word_1_748' title='bbox 283 5717 456 5769; x_wconf 70' lang='grc' dir='ltr'>ἐκεῖνο</span> <span class='ocrx_word' id='word_1_749' title='bbox 490 5714 586 5768; x_wconf 77' lang='grc' dir='ltr'>καὶ</span> <span class='ocrx_word' id='word_1_750' title='bbox 609 5713 875 5782; x_wconf 88' lang='grc' dir='ltr'>πανὰγιον</span> <span class='ocrx_word' id='word_1_751' title='bbox 907 5712 1066 5782; x_wconf 88' lang='grc' dir='ltr'>σῶμα</span> <span class='ocrx_word' id='word_1_752' title='bbox 1088 5727 1099 5740; x_wconf 88' lang='grc'><strong>·</strong></span> <span class='ocrx_word' id='word_1_753' title='bbox 1145 5709 1365 5779; x_wconf 75' lang='grc' dir='ltr'>εὔδηλον</span> <span class='ocrx_word' id='word_1_754' title='bbox 1396 5709 1477 5761; x_wconf 82' lang='grc' dir='ltr'>ὃτι</span> <span class='ocrx_word' id='word_1_755' title='bbox 1505 5708 1531 5760; x_wconf 86' lang='grc' dir='ltr'>ὁ</span> <span class='ocrx_word' id='word_1_756' title='bbox 1564 5707 1861 5775; x_wconf 76' lang='grc' dir='ltr'>εὐδοκήσας</span> 
     </span>
    </p>
   </div>
   <div class='ocr_carea' id='block_1_99' title="bbox 284 5799 1861 5879">
    <p class='ocr_par' dir='ltr' id='par_1_99' title="bbox 284 5799 1861 5879">
     <span class='ocr_line' id='line_1_99' title="bbox 284 5799 1861 5879; baseline -0.004 -19"><span class='ocrx_word' id='word_1_757' title='bbox 284 5809 411 5872; x_wconf 79' lang='grc' dir='ltr'>Θεὸς</span> <span class='ocrx_word' id='word_1_758' title='bbox 438 5809 538 5879; x_wconf 81' lang='grc' dir='ltr'>τὴν</span> <span class='ocrx_word' id='word_1_759' title='bbox 573 5807 848 5878; x_wconf 74' lang='grc' dir='ltr'>ἡμετέραν</span> <span class='ocrx_word' id='word_1_760' title='bbox 890 5804 1161 5876; x_wconf 83' lang='grc' dir='ltr'>πτωχείαν</span> <span class='ocrx_word' id='word_1_761' title='bbox 1205 5803 1410 5864; x_wconf 88' lang='grc' dir='ltr'>λαϐεῖν,</span> <span class='ocrx_word' id='word_1_762' title='bbox 1440 5799 1697 5869; x_wconf 84' lang='grc' dir='ltr'>τοιαύτην</span> <span class='ocrx_word' id='word_1_763' title='bbox 1741 5799 1861 5854; x_wconf 78' lang='grc' dir='ltr'>ἔλα-</span> 
     </span>
    </p>
   </div>
   <div class='ocr_carea' id='block_1_100' title="bbox 283 5889 1860 5971">
    <p class='ocr_par' dir='ltr' id='par_1_100' title="bbox 283 5889 1860 5971">
     <span class='ocr_line' id='line_1_100' title="bbox 283 5889 1860 5971; baseline -0.006 -19"><span class='ocrx_word' id='word_1_764' title='bbox 283 5899 395 5966; x_wconf 86' lang='grc' dir='ltr'>ϐεν,</span> <span class='ocrx_word' id='word_1_765' title='bbox 443 5899 514 5971; x_wconf 74' lang='grc' dir='ltr'>ἦν</span> <span class='ocrx_word' id='word_1_766' title='bbox 558 5899 648 5953; x_wconf 72' lang='grc' dir='ltr'>καὶ</span> <span class='ocrx_word' id='word_1_767' title='bbox 700 5898 972 5968; x_wconf 81' lang='grc' dir='ltr'>πτωχείαν</span> <span class='ocrx_word' id='word_1_768' title='bbox 1022 5891 1593 5956; x_wconf 81' lang='grc' dir='ltr'>καλεῖσθαιδικαίως,</span> <span class='ocrx_word' id='word_1_769' title='bbox 1649 5889 1860 5944; x_wconf 74' lang='grc' dir='ltr'>ἅπαντα</span> 
     </span>
    </p>
   </div>
   <div class='ocr_carea' id='block_1_101' title="bbox 1956 4687 3536 4760">
    <p class='ocr_par' dir='ltr' id='par_1_101' title="bbox 1956 4687 3536 4760">
     <span class='ocr_line' id='line_1_101' title="bbox 1956 4687 3536 4760; baseline -0.004 -14"><span class='ocrx_word' id='word_1_770' title='bbox 1956 4688 2297 4760; x_wconf 89' lang='lat' dir='ltr'><strong>corruptioni</strong></span> <span class='ocrx_word' id='word_1_771' title='bbox 2344 4689 2642 4743; x_wconf 75' lang='lat' dir='ltr'><strong>obnoxium</strong></span> <span class='ocrx_word' id='word_1_772' title='bbox 2677 4687 2746 4741; x_wconf 89' lang='lat' dir='ltr'><strong>ab</strong></span> <span class='ocrx_word' id='word_1_773' title='bbox 2778 4687 2893 4756; x_wconf 80' lang='lat' dir='ltr'><strong>ipsa</strong></span> <span class='ocrx_word' id='word_1_774' title='bbox 2930 4687 3104 4756; x_wconf 86' lang='lat' dir='ltr'><strong>prima</strong></span> <span class='ocrx_word' id='word_1_775' title='bbox 3155 4687 3536 4752; x_wconf 87' lang='lat' dir='ltr'><strong>conceptione.</strong></span> 
     </span>
    </p>
   </div>
   <div class='ocr_carea' id='block_1_102' title="bbox 1956 4778 3535 4836">
    <p class='ocr_par' dir='ltr' id='par_1_102' title="bbox 1956 4778 3535 4836">
     <span class='ocr_line' id='line_1_102' title="bbox 1956 4778 3535 4836; baseline -0.002 0"><span class='ocrx_word' id='word_1_776' title='bbox 1956 4782 2200 4836; x_wconf 91' lang='lat' dir='ltr'><strong>divinum</strong></span> <span class='ocrx_word' id='word_1_777' title='bbox 2260 4780 2394 4834; x_wconf 91' lang='lat' dir='ltr'><strong>illud</strong></span> <span class='ocrx_word' id='word_1_778' title='bbox 2464 4788 2520 4834; x_wconf 91' lang='lat' dir='ltr'><strong>et</strong></span> <span class='ocrx_word' id='word_1_779' title='bbox 2572 4778 2737 4834; x_wconf 92' lang='lat' dir='ltr'><strong>nullis</strong></span> <span class='ocrx_word' id='word_1_780' title='bbox 2797 4779 3052 4834; x_wconf 88' lang='lat' dir='ltr'><strong>sordibus</strong></span> <span class='ocrx_word' id='word_1_781' title='bbox 3102 4779 3535 4834; x_wconf 90' lang='lat' dir='ltr'><strong>contaminatum</strong></span> 
     </span>
    </p>
   </div>
   <div class='ocr_carea' id='block_1_103' title="bbox 1956 4870 3535 4942">
    <p class='ocr_par' dir='ltr' id='par_1_103' title="bbox 1956 4870 3535 4942">
     <span class='ocr_line' id='line_1_103' title="bbox 1956 4870 3535 4942; baseline -0.001 -16"><span class='ocrx_word' id='word_1_782' title='bbox 1956 4873 2172 4928; x_wconf 91' lang='lat' dir='ltr'><strong>Domini</strong></span> <span class='ocrx_word' id='word_1_783' title='bbox 2209 4888 2411 4942; x_wconf 91' lang='lat' dir='ltr'><strong>corpus</strong></span> <span class='ocrx_word' id='word_1_784' title='bbox 2445 4880 2714 4936; x_wconf 87' lang='lat' dir='ltr'><strong>astruere,</strong></span> <span class='ocrx_word' id='word_1_785' title='bbox 2760 4870 2948 4940; x_wconf 87' lang='lat' dir='ltr'><strong>sicque</strong></span> <span class='ocrx_word' id='word_1_786' title='bbox 2976 4879 3144 4926; x_wconf 88' lang='lat' dir='ltr'><strong>totam</strong></span> <span class='ocrx_word' id='word_1_787' title='bbox 3171 4873 3535 4926; x_wconf 55' lang='lat' dir='ltr'><strong>oeconomiam</strong></span> 
     </span>
    </p>
   </div>
   <div class='ocr_carea' id='block_1_104' title="bbox 1955 4963 3536 5033">
    <p class='ocr_par' dir='ltr' id='par_1_104' title="bbox 1955 4963 3536 5033">
     <span class='ocr_line' id='line_1_104' title="bbox 1955 4963 3536 5033; baseline -0.004 -11"><span class='ocrx_word' id='word_1_788' title='bbox 1955 4976 2199 5022; x_wconf 74' lang='lat' dir='ltr'><strong>evertere</strong></span> <span class='ocrx_word' id='word_1_789' title='bbox 2230 4980 2465 5020; x_wconf 85' lang='lat' dir='ltr'><strong>ausuros</strong></span> <span class='ocrx_word' id='word_1_790' title='bbox 2493 4964 2756 5029; x_wconf 85' lang='lat' dir='ltr'><strong>annectit,</strong></span> <span class='ocrx_word' id='word_1_791' title='bbox 2783 4981 2874 5033; x_wconf 81' lang='lat' dir='ltr'><strong>per</strong></span> <span class='ocrx_word' id='word_1_792' title='bbox 2912 4963 3088 5016; x_wconf 86' lang='lat' dir='ltr'><strong>omnia</strong></span> <span class='ocrx_word' id='word_1_793' title='bbox 3124 4964 3272 5017; x_wconf 83' lang='lat' dir='ltr'><strong>nobis</strong></span> <span class='ocrx_word' id='word_1_794' title='bbox 3310 4965 3536 5017; x_wconf 78' lang='lat' dir='ltr'><strong>similent</strong></span> 
     </span>
    </p>
   </div>
   <div class='ocr_carea' id='block_1_105' title="bbox 1957 5055 3538 5127">
    <p class='ocr_par' dir='ltr' id='par_1_105' title="bbox 1957 5055 3538 5127">
     <span class='ocr_line' id='line_1_105' title="bbox 1957 5055 3538 5127; baseline -0.001 -17"><span class='ocrx_word' id='word_1_795' title='bbox 1957 5059 2150 5127; x_wconf 84' lang='lat' dir='ltr'><strong>absque</strong></span> <span class='ocrx_word' id='word_1_796' title='bbox 2175 5066 2410 5126; x_wconf 83' lang='lat' dir='ltr'><strong>peccato.</strong></span> <span class='ocrx_word' id='word_1_797' title='bbox 2445 5055 2599 5121; x_wconf 83' lang='lat' dir='ltr'><strong>Quod</strong></span> <span class='ocrx_word' id='word_1_798' title='bbox 2625 5071 2797 5111; x_wconf 71' lang='lat' dir='ltr'><strong>sacra:</strong></span> <span class='ocrx_word' id='word_1_799' title='bbox 2821 5055 3118 5124; x_wconf 70' lang='lat' dir='ltr'><strong>Scripturae</strong></span> <span class='ocrx_word' id='word_1_800' title='bbox 3142 5064 3248 5121; x_wconf 78' lang='lat' dir='ltr'><strong>est,</strong></span> <span class='ocrx_word' id='word_1_801' title='bbox 3274 5065 3538 5125; x_wconf 90' lang='lat' dir='ltr'><strong>opportu-</strong></span> 
     </span>
    </p>
   </div>
   <div class='ocr_carea' id='block_1_106' title="bbox 1959 5148 3537 5218">
    <p class='ocr_par' dir='ltr' id='par_1_106' title="bbox 1959 5148 3537 5218">
     <span class='ocr_line' id='line_1_106' title="bbox 1959 5148 3537 5218; baseline -0.001 -16"><span class='ocrx_word' id='word_1_802' title='bbox 1959 5165 2134 5218; x_wconf 86' lang='lat' dir='ltr'><strong>neque</strong></span> <span class='ocrx_word' id='word_1_803' title='bbox 2168 5149 2257 5204; x_wconf 89' lang='lat' dir='ltr'><strong>hic</strong></span> <span class='ocrx_word' id='word_1_804' title='bbox 2299 5149 2609 5218; x_wconf 90' lang='lat' dir='ltr'><strong>appositum</strong></span> <span class='ocrx_word' id='word_1_805' title='bbox 2643 5148 2843 5202; x_wconf 89' lang='lat' dir='ltr'><strong>similia</strong></span> <span class='ocrx_word' id='word_1_806' title='bbox 2893 5148 3246 5202; x_wconf 89' lang='lat' dir='ltr'><strong>sentientium</strong></span> <span class='ocrx_word' id='word_1_807' title='bbox 3279 5148 3537 5202; x_wconf 82' lang='lat' dir='ltr'><strong>ellrenem</strong></span> 
     </span>
    </p>
   </div>
   <div class='ocr_carea' id='block_1_107' title="bbox 1957 5241 3540 5311">
    <p class='ocr_par' dir='ltr' id='par_1_107' title="bbox 1957 5241 3540 5311">
     <span class='ocr_line' id='line_1_107' title="bbox 1957 5241 3540 5311; baseline -0.001 -15"><span class='ocrx_word' id='word_1_808' title='bbox 1957 5241 2363 5296; x_wconf 88' lang='lat' dir='ltr'><strong>contumaciam</strong></span> <span class='ocrx_word' id='word_1_809' title='bbox 2419 5241 2688 5310; x_wconf 89' lang='lat' dir='ltr'><strong>reprimit.</strong></span> <span class='ocrx_word' id='word_1_810' title='bbox 2740 5241 2953 5297; x_wconf 87' lang='lat' dir='ltr'><strong>Etenim</strong></span> <span class='ocrx_word' id='word_1_811' title='bbox 3012 5243 3058 5298; x_wconf 84' lang='lat' dir='ltr'><strong>si</strong></span> <span class='ocrx_word' id='word_1_812' title='bbox 3116 5259 3294 5311; x_wconf 78' lang='lat' dir='ltr'><strong>neque</strong></span> <span class='ocrx_word' id='word_1_813' title='bbox 3355 5243 3540 5311; x_wconf 89' lang='lat' dir='ltr'><strong>passio</strong></span> 
     </span>
    </p>
   </div>
   <div class='ocr_carea' id='block_1_108' title="bbox 1957 5332 3540 5404">
    <p class='ocr_par' dir='ltr' id='par_1_108' title="bbox 1957 5332 3540 5404">
     <span class='ocr_line' id='line_1_108' title="bbox 1957 5332 3540 5404; baseline -0.001 -18"><span class='ocrx_word' id='word_1_814' title='bbox 1957 5332 2227 5402; x_wconf 88' lang='lat' dir='ltr'><strong>corporis,</strong></span> <span class='ocrx_word' id='word_1_815' title='bbox 2256 5349 2434 5404; x_wconf 87' lang='lat' dir='ltr'><strong>neque</strong></span> <span class='ocrx_word' id='word_1_816' title='bbox 2464 5349 2634 5400; x_wconf 91' lang='lat' dir='ltr'><strong>mors,</strong></span> <span class='ocrx_word' id='word_1_817' title='bbox 2659 5349 2835 5403; x_wconf 81' lang='lat' dir='ltr'><strong>neque</strong></span> <span class='ocrx_word' id='word_1_818' title='bbox 2863 5335 3175 5400; x_wconf 91' lang='lat' dir='ltr'><strong>dissolutio,</strong></span> <span class='ocrx_word' id='word_1_819' title='bbox 3214 5351 3378 5404; x_wconf 90' lang='lat' dir='ltr'><strong>quam</strong></span> <span class='ocrx_word' id='word_1_820' title='bbox 3415 5350 3540 5403; x_wconf 80' lang='lat' dir='ltr'><strong>pro-</strong></span> 
     </span>
    </p>
   </div>
   <div class='ocr_carea' id='block_1_109' title="bbox 1959 5425 3537 5500">
    <p class='ocr_par' dir='ltr' id='par_1_109' title="bbox 1959 5425 3537 5500">
     <span class='ocr_line' id='line_1_109' title="bbox 1959 5425 3537 5500; baseline 0.002 -22"><span class='ocrx_word' id='word_1_821' title='bbox 1959 5425 2076 5495; x_wconf 87' lang='lat' dir='ltr'><strong>prie</strong></span> <span class='ocrx_word' id='word_1_822' title='bbox 2095 5428 2501 5495; x_wconf 82' lang='lat' dir='ltr'><strong>corruptionem</strong></span> <span class='ocrx_word' id='word_1_823' title='bbox 2527 5428 2802 5498; x_wconf 86' lang='lat' dir='ltr'><strong>appellare</strong></span> <span class='ocrx_word' id='word_1_824' title='bbox 2825 5431 3228 5493; x_wconf 74' lang='lat' dir='ltr'><strong>consuevimus,</strong></span> <span class='ocrx_word' id='word_1_825' title='bbox 3259 5438 3537 5500; x_wconf 84' lang='lat' dir='ltr'><strong>peccatum</strong></span> 
     </span>
    </p>
   </div>
   <div class='ocr_carea' id='block_1_110' title="bbox 1959 5519 3539 5598">
    <p class='ocr_par' dir='ltr' id='par_1_110' title="bbox 1959 5519 3539 5598">
     <span class='ocr_line' id='line_1_110' title="bbox 1959 5519 3539 5598; baseline 0.001 -25"><span class='ocrx_word' id='word_1_826' title='bbox 1959 5527 2065 5598; x_wconf 70' lang='lat' dir='ltr'><strong>est,</strong></span> <span class='ocrx_word' id='word_1_827' title='bbox 2114 5519 2321 5590; x_wconf 84' lang='lat' dir='ltr'><strong>absque</strong></span> <span class='ocrx_word' id='word_1_828' title='bbox 2371 5536 2501 5576; x_wconf 88' lang='lat' dir='ltr'><strong>vero</strong></span> <span class='ocrx_word' id='word_1_829' title='bbox 2557 5521 2674 5576; x_wconf 93' lang='lat' dir='ltr'><strong>solo</strong></span> <span class='ocrx_word' id='word_1_830' title='bbox 2710 5531 2931 5591; x_wconf 87' lang='lat' dir='ltr'><strong>peccato</strong></span> <span class='ocrx_word' id='word_1_831' title='bbox 2964 5539 3059 5593; x_wconf 86' lang='lat' dir='ltr'><strong>per</strong></span> <span class='ocrx_word' id='word_1_832' title='bbox 3115 5524 3322 5594; x_wconf 84' lang='lat' dir='ltr'><strong>reliqua</strong></span> <span class='ocrx_word' id='word_1_833' title='bbox 3355 5523 3539 5578; x_wconf 89' lang='lat' dir='ltr'><strong>omnia</strong></span> 
     </span>
    </p>
   </div>
   <div class='ocr_carea' id='block_1_111' title="bbox 1960 5613 3539 5687">
    <p class='ocr_par' dir='ltr' id='par_1_111' title="bbox 1960 5613 3539 5687">
     <span class='ocr_line' id='line_1_111' title="bbox 1960 5613 3539 5687; baseline 0.001 -19"><span class='ocrx_word' id='word_1_834' title='bbox 1960 5613 2206 5684; x_wconf 80' lang='lat' dir='ltr'><strong>ejusdem</strong></span> <span class='ocrx_word' id='word_1_835' title='bbox 2256 5629 2377 5668; x_wconf 91' lang='lat' dir='ltr'><strong>cum</strong></span> <span class='ocrx_word' id='word_1_836' title='bbox 2411 5615 2566 5669; x_wconf 91' lang='lat' dir='ltr'><strong>nobis</strong></span> <span class='ocrx_word' id='word_1_837' title='bbox 2592 5625 2802 5670; x_wconf 65' lang='lat' dir='ltr'><strong>naturae</strong></span> <span class='ocrx_word' id='word_1_838' title='bbox 2829 5623 2956 5682; x_wconf 89' lang='lat' dir='ltr'><strong>&#39;est,</strong></span> <span class='ocrx_word' id='word_1_839' title='bbox 3011 5617 3369 5687; x_wconf 91' lang='lat' dir='ltr'><strong>purissimum</strong></span> <span class='ocrx_word' id='word_1_840' title='bbox 3408 5617 3539 5670; x_wconf 90' lang='lat' dir='ltr'><strong>illud</strong></span> 
     </span>
    </p>
   </div>
   <div class='ocr_carea' id='block_1_112' title="bbox 1962 5703 3538 5776">
    <p class='ocr_par' dir='ltr' id='par_1_112' title="bbox 1962 5703 3538 5776">
     <span class='ocr_line' id='line_1_112' title="bbox 1962 5703 3538 5776; baseline 0 -17"><span class='ocrx_word' id='word_1_841' title='bbox 1962 5714 2017 5759; x_wconf 90' lang='lat' dir='ltr'><strong>et</strong></span> <span class='ocrx_word' id='word_1_842' title='bbox 2061 5703 2468 5759; x_wconf 87' lang='lat' dir='ltr'><strong>sanctissimum</strong></span> <span class='ocrx_word' id='word_1_843' title='bbox 2524 5720 2747 5776; x_wconf 90' lang='lat' dir='ltr'><strong>corpus,</strong></span> <span class='ocrx_word' id='word_1_844' title='bbox 2802 5707 3150 5763; x_wconf 86' lang='lat' dir='ltr'><strong>manifestum</strong></span> <span class='ocrx_word' id='word_1_845' title='bbox 3211 5707 3310 5773; x_wconf 82' lang='lat' dir='ltr'><strong>lit,</strong></span> <span class='ocrx_word' id='word_1_846' title='bbox 3347 5708 3538 5772; x_wconf 83' lang='lat' dir='ltr'><strong>Deum,</strong></span> 
     </span>
    </p>
   </div>
   <div class='ocr_carea' id='block_1_113' title="bbox 1965 5793 3539 5870">
    <p class='ocr_par' dir='ltr' id='par_1_113' title="bbox 1965 5793 3539 5870">
     <span class='ocr_line' id='line_1_113' title="bbox 1965 5793 3539 5870; baseline 0.003 -22"><span class='ocrx_word' id='word_1_847' title='bbox 1965 5793 2051 5848; x_wconf 88' lang='lat' dir='ltr'><strong>cui</strong></span> <span class='ocrx_word' id='word_1_848' title='bbox 2082 5802 2327 5848; x_wconf 89' lang='lat' dir='ltr'><strong>nostram</strong></span> <span class='ocrx_word' id='word_1_849' title='bbox 2352 5795 2668 5865; x_wconf 87' lang='lat' dir='ltr'><strong>pauperiem</strong></span> <span class='ocrx_word' id='word_1_850' title='bbox 2697 5812 2978 5856; x_wconf 89' lang='lat' dir='ltr'><strong>assumere</strong></span> <span class='ocrx_word' id='word_1_851' title='bbox 3004 5799 3354 5870; x_wconf 90' lang='lat' dir='ltr'><strong>complacuit,</strong></span> <span class='ocrx_word' id='word_1_852' title='bbox 3377 5797 3539 5854; x_wconf 87' lang='lat' dir='ltr'><strong>talem</strong></span> 
     </span>
    </p>
   </div>
   <div class='ocr_carea' id='block_1_114' title="bbox 1966 5891 3537 5967">
    <p class='ocr_par' dir='ltr' id='par_1_114' title="bbox 1966 5891 3537 5967">
     <span class='ocr_line' id='line_1_114' title="bbox 1966 5891 3537 5967; baseline 0.001 -21"><span class='ocrx_word' id='word_1_853' title='bbox 1966 5891 2353 5962; x_wconf 88' lang='lat' dir='ltr'><strong>assumpsisse,</strong></span> <span class='ocrx_word' id='word_1_854' title='bbox 2396 5908 2561 5964; x_wconf 88' lang='lat' dir='ltr'><strong>quam</strong></span> <span class='ocrx_word' id='word_1_855' title='bbox 2615 5910 2723 5951; x_wconf 90' lang='lat' dir='ltr'><strong>non</strong></span> <span class='ocrx_word' id='word_1_856' title='bbox 2755 5896 2896 5953; x_wconf 87' lang='lat' dir='ltr'><strong>male</strong></span> <span class='ocrx_word' id='word_1_857' title='bbox 2926 5911 3028 5954; x_wconf 90' lang='lat' dir='ltr'><strong>nos</strong></span> <span class='ocrx_word' id='word_1_858' title='bbox 3057 5895 3368 5967; x_wconf 87' lang='lat' dir='ltr'><strong>pauperiem</strong></span> <span class='ocrx_word' id='word_1_859' title='bbox 3400 5907 3537 5949; x_wconf 83' lang='lat' dir='ltr'><strong>nun-</strong></span> 
     </span>
    </p>
   </div>
  </div>
