4012 6488
493 282 600 345 503
1753 278 2044 341 ΝΙΟΕΤίΕ

2114 277 2450 341 LYZANTIN
2460 278 2482 335 l
3610 287 3698 348 6M

495 389 839 461 eupabimus,
892 389 1146 445 omnibus
1192 391 1393 446 nostris
1419 391 1758 446 naturalibus
1795 392 2065 460 passioni-

2116 391 2394 464 \§§0ucav
2446 390 2514 443 τὰ
2545 387 2746 457 φυσικὰ
2783 386 2927 455 πάθη
2978 383 3134 455 ἡμῶν
3186 385 3275 438 καὶ
3319 388 3583 460 ἰδιώματα.
3616 400 3700 450 Δια

496 487 596 540 bus
653 496 814 553 atque
842 485 1262 554 proprietatibus
1304 487 1620 540 obnoxiam.
1668 485 2067 556 Proptereaque

2168 482 2326 537 τοῦτό
2368 500 2451 535 τοι.
2510 482 2647 550 ἔφη’
2680 479 2840 535 Κατὰ
2888 478 3085 532 πάντα
3134 478 3336 547 ὅμοιον
3382 482 3518 551 ἡμῖν
3548 488 3705 553 χωρὶς

497 578 653 641 dixit,
688 577 786 631 Per
813 578 987 631 omnia
1013 577 1234 630 similem
1264 578 1409 631 nobis
1441 578 1631 645 absque
1656 588 1886 645 peccato.
1926 576 2067 631 Rur-

2168 575 2478 643 ἁμαρτίας.
2529 573 2693 628 Πάλιν
2737 572 2781 627 δ’
2813 568 2880 625 αὖ
2911 572 2992 624 ὅτι
3021 572 3131 631 τοῖς
3152 570 3259 623 ἀπὸ
3294 571 3572 644 Νεπορεου
3590 578 3704 630 Θεο-

505 682 600 720 sus
658 682 786 720 vero
817 683 939 722 eum
990 665 1327 722 Nestorianis
1356 683 1460 719 non
1518 668 1751 735 placeret
1788 667 2067 736 De’param

2168 666 2323 728 τόκος
2356 666 2455 718 οὐκ
2477 664 2649 717 ἐδόκει
2687 665 2719 733 ἠ
2748 664 3014 732 ἄχραντος
3065 657 3204 713 εἶναι
3246 661 3527 733 Παρθένος,
3560 682 3709 733 προσ.

496 773 619 812 esse
650 758 1051 811 innnaculatam
1081 755 1376 826 Virginem,
1396 757 1637 811 subdidit
1669 775 1681 811 :
1708 760 1839 812 Ante
1871 748 2071 812 su'cula

2172 756 2336 827 έθηκε
2357 771 2371 785 ·
2430 756 2540 810 Τὸν
2572 756 2686 822 πρὸ
2719 755 2947 808 αἰώνων
2983 754 3052 806 ἐκ
3120 752 3225 805 τοῦ
3264 754 3486 820 Πατρός
3515 774 3708 825 γεννη-

500 863 565 900 ea:
594 847 752 901 Patre
806 850 1067 918 genitum,
1122 850 1398 915 postremis
1438 865 1554 904 vero
1594 850 1775 903 diebus
1834 851 2071 904 eumdem

2174 850 2373 915 θέντα,
2404 849 2495 902 ἐπ’
2524 848 2797 917 ἐσχάτων
2827 847 2895 900 δὲ
2924 845 3041 899 τῶν
3063 843 3297 914 ἡμερῶν
3324 846 3427 898 τὸν
3454 849 3627 901 αὑτὸν
3646 852 3709 906 δι’

499 951 708 1007 propter
753 956 845 993 nos
882 950 931 992 et
984 950 1218 993 nostram
1262 941 1488 995 salutem
1531 957 1595 995 ea:
1635 940 1813 995 Maria
1861 941 2073 1013 Virgine

2174 939 2330 1011 ἡμᾶς
2365 940 2461 994 καὶ
2511 939 2609 993 διὰ
2636 939 2748 1008 τὴν
2771 938 3063 1006 ἡμετέραν
3089 936 3385 1003 σωτηρίαν
3409 938 3475 991 ἐκ
3506 941 3711 1009 Μαρίας

500 1041 549 1084 et
612 1032 839 1100 Deipara
878 1042 1191 1103 prognatum
1228 1035 1515 1088 secundum
1566 1035 1969 1089 humanitatem.
2008 1034 2074 1088 Ει

2175 1033 2285 1102 τῆς
2310 1032 2613 1101 Παρθένου
2638 1031 2738 1085 καὶ
2766 1030 3055 1085 Θεοτόκου
3075 1028 3432 1098 γεννηθέντα
3454 1031 3591 1083 κατὰ
3616 1032 3713 1099 τὴν

501 1137 677 1191 pauca
703 1122 814 1177 haec
841 1139 904 1177 ex
933 1132 1123 1193 quarta
1157 1125 1389 1195 synodo,
1414 1141 1480 1181 ne
1502 1126 1795 1195 prolixiora
1828 1126 2071 1191 atl‘eram,

2174 1122 2623 1191 ἁνθρωπότητα.
2659 1121 2770 1174 Καὶ
2801 1119 2972 1174 ταῦτα
3000 1120 3100 1190 μὲν
3138 1118 3293 1186 ὀλίγα
3326 1120 3388 1173 ἐκ
3418 1121 3512 1188 τῆς
3538 1125 3713 1194 τετάρ-

502 1215 637 1270 satis
666 1215 797 1271 sint.
829 1214 1038 1270 Poterit
1073 1233 1201 1271 vero
1226 1217 1452 1288 quilibet
1486 1218 1657 1272 multo
1686 1219 1863 1288 plura,
1903 1219 1948 1271 si
1982 1234 2078 1274 vo-

2176 1231 2274 1283 της
2311 1213 2527 1268 συνόδου
2576 1213 2662 1267 διὰ
2703 1213 2765 1266 τὸ
2801 1211 2974 1283 μῆκος
3013 1209 3106 1263 τοῦ
3159 1211 3351 1277 λόγου’
3402 1212 3521 1263 ἐπεὶ
3561 1214 3715 1269 ἔνεστι

502 1306 688 1368 luerit,
714 1322 779 1359 ex
807 1321 869 1361 ea
899 1308 1179 1377 colligere,
1210 1309 1411 1377 quibus
1442 1308 1716 1362 constabit
1750 1312 2073 1377 compertis-

2178 1307 2401 1359 πλεῖστα
2427 1306 2545 1369 ὅσα,
2577 1306 2630 1358 εῐ
2649 1322 2732 1369 τις
2764 1304 3033 1375 βούλεται,
3077 1303 3136 1369 ἐξ
3174 1302 3341 1372 αὐτῆς
3363 1304 3716 1372 ἀναλέγεσθαι,

507 1398 665 1465 sime,
699 1400 844 1453 nulla
876 1400 927 1453 in
963 1416 1020 1455 re
1048 1416 1077 1453 a
1132 1402 1306 1457 tribus
1364 1401 1570 1457 sanctis
1597 1382 1818 1473 synodis
1866 1402 2075 1456 discre-

2178 1402 2234 1452 ὲν
2265 1393 2345 1461 οἷς
2368 1398 2671 1470 τρανότατα
2713 1397 2961 1466 φαίνεται
3003 1399 3124 1461 ταῖς
3178 1396 3357 1465 τρισὶν
3390 1398 3565 1464 ἁγίαις
3610 1417 3720 1453 συν·

505 1508 687 1561 passe,
723 1494 815 1547 sed
861 1493 914 1546 in
948 1495 1203 1550 omnibus
1247 1497 1591 1562 concordem,
1623 1496 1872 1551 eumdem
1905 1511 2074 1551 unum

2179 1491 2319 1554 όδοις
2372 1490 2511 1544 κατὰ
2543 1490 2706 1561 μηδὲν
2748 1488 3155 1560 διαφωνήσασα,
3212 1488 3327 1541 ἀλλ’
3372 1490 3561 1554 ὀπαδὸς
3599 1494 3723 1546 κατὰ

506 1584 805 1649 Christum,
830 1593 883 1641 et
902 1585 1209 1648 Dominum,
1231 1597 1283 1641 et
1314 1588 1480 1643 Deum
1506 1596 1751 1643 nostrum
1774 1587 2077 1657 professam

2180 1583 2357 1637 πάντα
2386 1581 2673 1652 γενομένη,
2704 1580 2793 1634 τὸν
2822 1581 2986 1635 αὑτὸν
3023 1580 3119 1633 ἕνα
3145 1581 3381 1649 Χριστὸν
3415 1580 3505 1633 καὶ
3543 1582 3724 1652 Κύριον

511 1692 574 1731 cx
606 1676 837 1741 duabus,
873 1686 929 1732 et
971 1678 1026 1731 in
1058 1677 1271 1733 duabus
1324 1678 1553 1742 naturis,
1590 1686 1645 1732 et
1690 1678 1824 1732 duas
1857 1686 2081 1733 naturas

2181 1675 2275 1727 καὶ
2299 1672 2430 1725 Θεὸν
2462 1672 2619 1744 ἡμῶν
2650 1671 2930 1744 κηρύττει,
2956 1672 3021 1725 ὲκ
3048 1672 3141 1725 δύο
3170 1672 3405 1740 φύσεων,
3434 1671 3523 1724 καὶ
3549 1674 3603 1725 ὲν
3625 1673 3722 1737 δύο,

510 1777 635 1836 post
690 1770 967 1833 unionem,
998 1779 1239 1822 extrema
1278 1783 1307 1820 a
1350 1768 1525 1823 medio
1566 1768 1744 1836 inepta
1774 1768 2076 1822 absurdita-

2139 1767 2154 1819 ι
2184 1766 2279 1818 καὶ
2315 1765 2408 1819 δύο
2442 1766 2632 1834 φύσεις
2667 1760 2807 1819 εἶναι
2831 1765 2972 1835 μετὰ
3004 1764 3100 1834 τὴν
3123 1766 3339 1829 ἕνωσιν,
3372 1765 3462 1817 καὶ
3493 1765 3583 1828 τὰς
3608 1769 3723 1837 παρ’

512 1870 720 1929 tesque,
752 1875 1091 1930 qnzeeunque
1122 1861 1225 1914 illze
1257 1860 1479 1923 fuerint,
1520 1861 1705 1930 procul
1730 1861 2077 1926 amandasse,

2184 1856 2421 1926 ἑκάτερα
2454 1857 2553 1925 τῆς
2606 1856 2900 1926 μεσότητος
2944 1856 3194 1918 ἀτοπίας,
3225 1856 3351 1908 ὅσαι
3398 1856 3462 1910 ἂν
3492 1856 3581 1910 καὶ
3612 1854 3723 1922 εἷεν,

509 1953 894 2023 mansisseque
953 1954 1005 2007 in
1041 1954 1286 2008 veritatis
1328 1955 1506 2008 medio
1539 1956 1748 2007 lirmam
1804 1963 1967 2022 atque
2000 1953 2080 2007 in-

2182 1947 2579 2018 ὲξοστρακίζει,
2616 1948 2711 2001 καὶ
2746 1949 2896 2019 μένει.
2928 1948 3122 2019 βεϐαία
3144 1950 3236 2002 καὶ
3267 1948 3649 2018 ἀμετακίνητος
3677 1954 3728 2004 ἐν

509 2058 859 2098 concussam.
918 2043 1011 2098 llis
1042 2059 1071 2098 a
1097 2051 1291 2114 quarta
1324 2054 1515 2099 sancta
1549 2046 1758 2115 synodo
1790 2045 2082 2115 ipsissimis

2181 2042 2249 2110 τῇ
2283 2042 2381 2109 τῆς
2420 2026 2678 2108 ἀληθείας
2729 2038 3008 2109 μεσότητι.
3051 2040 3235 2093 Ταῦτα
3273 2040 3421 2109 παρὰ
3462 2040 3557 2110 τῆς
3587 2043 3729 2109 ἁγίας

509 2135 691 2190 verbis
722 2136 970 2202 sancitis,
1012 2139 1312 2193 enuntiatis
1371 2148 1423 2193 et
1451 2139 1804 2209 promulgatis
1834 2139 1899 2193 de
1923 2139 2083 2193 Chri-

2183 2133 2448 2202 τετάρτης
2508 2132 2726 2185 συνόδου
2778 2132 2966 2195 αὑταῖς
3024 2132 3233 2198 λέξεσιν
3293 2133 3592 2204 ὁρισθέντα,
3650 2136 3732 2189 καὶ

511 2224 580 2281 sti
609 2228 889 2292 mvsterio,
926 2227 1205 2297 quisnam,
1237 2229 1533 2283 dummodo
1556 2245 1663 2283 non
1696 2230 1901 2286 delirus
1926 2240 2009 2285 est
2031 2240 2085 2285 et

2185 2223 2586 2293 ὲκφωνηΟέντα,
2627 2224 2721 2277 καὶ
2754 2224 3093 2293 κηρυχθέντα
3128 2227 3260 2295 περὶ
3305 2224 3398 2277 τοῦ
3435 2227 3569 2280 κατὰ
3612 2228 3730 2296 Χρι-

509 2326 691 2373 mente
724 2330 934 2388 captus,
996 2321 1327 2376 asseverabit
1389 2331 1636 2390 quartam
1679 2322 1945 2393 synodum
1978 2338 2082 2379 una

2187 2315 2309 2367 στὸν
2337 2314 2659 2384 μυστηρίου,
2690 2314 2771 2377 τίς
2798 2317 2943 2367 ἐστιν
2971 2315 3049 2379 ὃς,
3083 2315 3178 2368 καὶ
3216 2315 3391 2383 ὑγιεῖς
3429 2314 3523 2379 τὰς
3553 2318 3731 2386 φρένας

512 2425 636 2464 cum
660 2409 913 2466 Nestorio
931 2414 1153 2477 sentire,
1173 2413 1318 2467 illius
1340 2413 1472 2467 lalsa
1497 2414 1753 2485 Opinione
1777 2415 2086 2484 deceptam?

2186 2406 2344 2476 ἔχων,
2386 2407 2599 2477 φήσειε,
2630 2406 2726 2477 τὴν
2771 2407 3039 2478 τετάρτην
3075 2406 3296 2460 σύνοδον
3331 2410 3643 2478 συμφρονεῖν
3667 2407 3732 2477 τῷ

514 2501 647 2554 Illud
692 2503 873 2569 potius
905 2506 1325 2559 asscverandum
1384 2515 1490 2573 est,
1525 2507 1593 2562 ab
1623 2506 1809 2560 eadem
1855 2508 2084 2562 anathe-

2185 2498 2486 2567 Νεστορίῳ,
2532 2498 2626 2552 καὶ
2652 2502 2716 2570 τῇ
2764 2498 2858 2551 ἀπ’
2892 2497 3054 2552 αὑτοῦ
3110 2498 3403 2570 κακοδοξίᾳ
3447 2500 3730 2565 συναπὰγεα

514 2601 659 2647 male
682 2593 837 2658 ictos,
866 2604 919 2649 et
951 2594 1289 2662 Dioscorum,
1336 2606 1389 2651 et
1439 2597 1769 2664 Nestorium,
1808 2608 1861 2654 et
1918 2600 2084 2672 Euty—

2188 2590 2345 2657 cOat;
2381 2590 2581 2661 μᾶλλον
2614 2590 2712 2660 μὲν
2740 2585 2833 2643 οὖν
2862 2590 2966 2643 ὑπὸ
2994 2590 3196 2661 ταύτης
3226 2590 3329 2659 τῆς
3376 2590 3586 2643 συνόδου
3618 2590 3732 2642 ἁνα-

518 2682 696 2749 chem,
727 2700 789 2738 ex
829 2685 1097 2741 diametro
1123 2702 1242 2742 sese
1282 2687 1649 2756 adversantia,
1686 2690 1779 2746 sed
1810 2690 2088 2762 impietate

2188 2685 2583 2755 Οεματισοέντα
2620 2686 2712 2739 τόν
2754 2704 2810 2739 τε
2847 2686 3156 2757 Διόσκορον,
3190 2689 3290 2740 καὶ
3322 2686 3625 2757 Νεστόριον,
3655 2689 3737 2740 καὶ

519 2774 658 2829 mala
683 2776 856 2845 paria.

2188 2777 2455 2847 Εὐτυχέα,
2509 2778 2579 2833 τὰ
2624 2780 2687 2832 ἐκ
2728 2778 3020 2850 διαμέτρου
3073 2778 3219 2833 κακά
3259 2781 3354 2833 καὶ
3396 2779 3624 2849 ὁμότιμα
3653 2781 3740 2849 τὴν

2190 2869 2347 2921 ἁσέὃε
2362 2886 2466 2922 ιαν.

588 2958 641 3013 6.
675 2957 904 3024 Quando
934 2975 1063 3015 vero
1111 2969 1163 3016 te
1210 2960 1407 3031 duplex
1447 2971 1766 3019 naturarum
1798 2964 2003 3030 turbat,
2037 2974 2092 3021 et

2263 2959 2334 3021 ς’.
2367 2962 2426 3013 Εἰ
2457 2960 2513 3013 δέ
2547 2978 2604 3014 σε
2624 2961 2685 3014 τὸ
2708 2961 2888 3015 δισσὸν
2912 2961 3019 3015 τῶν
3050 2962 3267 3031 φύσεων
3303 2962 3632 3032 ὲκταράττει,
3658 2962 3739 3014 καὶ

516 3050 730 3104 numeri
790 3051 965 3107 dualis
1016 3053 1324 3107 enuntiatio
1384 3056 1567 3109 statim
1603 3055 1698 3110 tibi
1733 3072 1915 3110 rerum
1953 3057 2091 3111 divi-

2191 3052 2225 3122 ἡ
2252 3052 2349 3121 τῆς
2378 3052 2565 3116 δυάδος
2593 3053 2687 3106 τοῦ
2726 3053 2961 3123 ἀριθμοῦ
3005 3053 3321 3123 ὲκφώνησις
3360 3053 3657 3123 παραυτίκα
3689 3053 3742 3105 τὸ

515 3141 722 3193 sionem
755 3142 1016 3211 suggerit,
1054 3144 1406 3213 opinarisque
1431 3160 1647 3200 omnem
1681 3162 1966 3201 numerum
1996 3163 2091 3217 per

2156 3126 2161 3181 ί
2192 3143 2517 3215 διῃρημένον
2542 3145 2649 3197 τῶν
2676 3122 3017 3215 πραγμάτων
3048 3122 3341 3215 ὑποτίθησί
3389 3122 3447 3199 σε
3478 3148 3628 3209 νοεῖν,
3659 3144 3740 3197 καὶ

518 3244 640 3285 sese
687 3231 1046 3288 subsistentes
1107 3234 1372 3300 indicare,
1413 3236 1662 3307 ignavius
1696 3238 1883 3308 potius
1924 3256 2087 3310 quam

2191 3237 2403 3309 λογίζῃ,
2426 3238 2506 3291 ὅτι
2544 3240 2651 3301 πᾶς
2680 3238 2907 3309 ἀριθμὸς
2956 3236 3064 3291 τῶν
3099 3238 3482 3292 ἰδιοσυστάτων
3512 3239 3742 3307 πραγμά-

519 3322 836 3390 prudenter,
896 3324 1344 3393 determinemus,
1406 3329 1500 3385 sed
1545 3328 1805 3399 breviter,
1854 3346 2093 3401 quonam

2191 3346 2298 3381 των
2332 3329 2447 3382 ἐστὶ
2486 3328 2800 3398 δηλωτικὺς,
2843 3328 3234 3399 ἀμαθαίνοντὸς
3263 3331 3378 3382 ἐστι
3421 3328 3588 3389 τοῦτο,
3620 3329 3743 3396 ἢπερ

516 3412 680 3466 modo
717 3414 783 3467 de
817 3414 1029 3471 binario
1068 3426 1122 3470 et
1151 3418 1362 3487 reliquo
1388 3422 1535 3474 omni
1566 3437 1793 3476 numero
1821 3423 2092 3493 exquisita

2194 3422 2414 3485 εἰδότος.
2463 3420 2672 3475 Οὐκοῦν
2717 3421 3079 3492 διορισώμεθα
3120 3421 3207 3473 διὰ
3240 3420 3508 3491 βραχέων,
3539 3419 3646 3483 πῶς
3676 3419 3744 3473 δεῖ

516 3504 757 3573 cognitio
790 3506 974 3561 haberi
1026 3510 1215 3577 possit.
1246 3510 1517 3566 Numerus
1557 3514 1845 3583 dupliciter
1871 3515 2090 3580 dicitur,

2195 3513 2324 3583 περὶ
2350 3512 2535 3575 δυάδος
2575 3514 2668 3565 καὶ
2706 3511 2797 3564 τοῦ
2839 3511 3026 3565 λοιποῦ
3054 3511 3255 3575 παντὸς
3299 3509 3532 3582 ἀριθμοῦ
3564 3508 3743 3577 ἀκριϐῆ

518 3595 659 3650 alius
688 3597 1029 3666 simpliciter,
1053 3612 1107 3654 et
1139 3617 1233 3670 per
1281 3618 1340 3657 se
1363 3603 1511 3660 solus
1539 3624 1550 3658 :
1579 3606 1720 3660 alius
1751 3606 1803 3659 in
1832 3607 2094 3662 relatione

2195 3605 2400 3658 ἔννοιαν
2432 3604 2596 3675 ἔχειν.
2632 3605 2691 3657 '0
2721 3604 2829 3675 γὰρ
2861 3603 3091 3676 ἀριθμὸς
3125 3603 3321 3666 διττῶς
3348 3602 3583 3671 λέγεται,
3610 3602 3634 3652 ὁ
3662 3599 3745 3669 μέν

517 3696 571 3740 et
604 3689 767 3745 rebus
790 3691 1187 3758 consideratur,
1222 3696 1680 3764 quemadmodum
1729 3700 1912 3753 album
1949 3699 2095 3753 albe-

2195 3714 2276 3762 τις
2306 3698 2487 3759 ἁπλῶς
2520 3699 2615 3751 καὶ
2648 3696 3004 3770 καθ’-ἐαυτδν,
3032 3697 3060 3749 ὁ
3090 3695 3146 3748 δὲ
3185 3696 3246 3747 ἐν
3274 3693 3457 3764 σχέσει
3503 3693 3592 3746 καὶ
3623 3691 3748 3760 πρά·

518 3778 702 3833 dinem
757 3789 808 3835 et
836 3782 1087 3839 albedine
1122 3787 1405 3854 pranlitum
1433 3797 1606 3843 notat.
1644 3788 1845 3843 Natura
1876 3789 2092 3843 numeri

2197 3805 2368 3857 γματι
2414 3786 2810 3857 θεωρούμενος,
2853 3785 3042 3856 ὥσπερ
3077 3784 3295 3849 λευκὸν,
3346 3784 3381 3855 ἦ
3418 3801 3473 3836 τε
3512 3782 3748 3849 λευκότης

519 3886 615 3939 per
640 3887 699 3927 se
735 3889 906 3943 neque
941 3876 1257 3946 coniungit,
1290 3894 1464 3949 neque
1497 3880 1713 3946 dividit,
1746 3897 1919 3950 neque
1949 3882 2093 3937 enim

2196 3881 2289 3932 καὶ
2346 3879 2407 3931 τὸ
2451 3877 2899 3948 λελευκασμένον.
2959 3877 3105 3947 Αὐτὴ
3150 3876 3337 3930 τοίνυν
3379 3876 3412 3947 ἡ
3469 3874 3622 3944 φύσις
3670 3872 3749 3925 τοῦ

520 3962 683 4017 habet
710 3979 798 4020 res
831 3966 933 4019 sibi
966 3967 1241 4037 subiectas
1276 3987 1289 4023 :
1319 3985 1441 4023 nam
1477 3985 1738 4026 numerus
1769 3971 1883 4040 ipse
1910 3987 2007 4041 per
2036 3986 2096 4026 se

2195 3969 2429 4040 ἀριθμοῦ
2458 3968 2578 4024 καθ’
2615 3970 2813 4038 ἑαυτὴν
2838 3967 2958 4022 οὗτε
2983 3968 3267 4028 συνάπτει.
3301 3965 3424 4019 οὗτε
3452 3966 3666 4034 διαιρεῖο
3696 3962 3750 4014 οὐ

517 4067 698 4123 neque
725 4055 963 4123 copulat,
989 4071 1164 4126 neque
1199 4066 1435 4127 separat,
1463 4059 1555 4113 sed
1588 4067 1882 4129 utrumque
1899 4060 2098 4115 admit-

2196 4062 2305 4129 γάρ
2334 4059 2447 4129 ἔχει
2481 4060 2817 4129 ὑποκείμενα
2846 4059 3168 4131 πράγματα.
3212 4058 3326 4111 Καὶ
3349 4055 3457 4125 γὰρ
3489 4058 3515 4107 ὁ
3543 4052 3751 4134 ἀριθμὸς

454 4222 457 4225 ὗ
518 4147 713 4211 tit,tali
737 4147 815 4202 vel
833 4147 925 4202 tali
972 4159 1239 4217 respectu,
1267 4151 1428 4206 veluti
1458 4152 1797 4217 binarius,et
1813 4163 2035 4219 qualern

2198 4154 2358 4217 αὐτὸς
2388 4152 2510 4207 καθ’
2535 4151 2745 4217 ἑαυτὸν,
2775 4149 2897 4204 οὔτε
2932 4149 3215 4213 συνάπτει,
3250 4146 3377 4201 οὔτε
3410 4147 3621 4215 διαιρεῖ,
3650 4143 3748 4199 ἀλλ’

515 4238 631 4292 rius
650 4254 927 4303 numerus,
953 4240 995 4293 si
1021 4242 1255 4297 unitates
1272 4243 1553 4312 respicias,
1582 4259 1647 4298 ex
1668 4244 1865 4313 quibus
1881 4258 2099 4313 compo-

2197 4246 2485 4316 ἀμφότερα
2519 4244 2729 4314 δέχεται
2758 4245 2823 4313 τῇ
2857 4243 2984 4313 ποιᾷ
3017 4242 3220 4312 σχέσει.
3248 4234 3425 4309 οἴονή
3448 4239 3595 4302 δυὰς,
3622 4236 3750 4305 καὶὴ

520 4330 688 4391 nitur,
710 4331 760 4383 in
782 4346 875 4386 eas
893 4333 1182 4400 dividitur;
1208 4334 1252 4388 si
1277 4334 1536 4388 unitatem
1569 4335 1759 4389 horum
1796 4336 2015 4404 qumris,
2033 4350 2097 4388 ex

2197 4338 2415 4409 τετρὰς,
2440 4338 2487 4389 εἰ
2509 4336 2605 4407 μὲν
2621 4335 2717 4399 τὰς
2738 4335 2968 4406 μονάδας
2989 4334 3235 4403 Θεωρεῖς,
3254 4333 3314 4399 ἐξ
3333 4326 3408 4386 ὧν
3425 4331 3750 4399 συνέστηκεν,

520 4421 588 4475 iis
605 4423 949 4490 componitur
968 4442 981 4477 :
997 4424 1105 4478 duo
1121 4425 1385 4492 etenimﬁet
1406 4425 1536 4486 duo,
1552 4427 1595 4481 si
1618 4427 1688 4480 ita
1708 4426 1949 4488 fuerit,in
1966 4442 2098 4495 qua-

2168 4488 2174 4518 '
2200 4431 2278 4492 εἰς
2295 4428 2495 4492 ταύτας
2516 4429 2822 4495 διαιρεῖται’
2845 4427 2894 4479 εἰ
2915 4426 2970 4479 δὲ
2993 4425 3089 4494 τὴν
3120 4426 3323 4495 μονάδα
3344 4424 3549 4478 τούτων
3572 4421 3752 4490 ζητεῖς,

2203 4524 2213 4533 ι
2358 4520 2369 4533 ο
2623 4521 2634 4533 ο
2909 4518 2931 4533 μ
2948 4518 2960 4532 ο
3077 4517 3089 4533 ς
3245 4518 3258 4533 ε
3296 4517 3319 4533 θ
3337 4517 3349 4530 ο
3465 4517 3476 4530 ι
3546 4514 3558 4528 ι
3603 4529 3640 4533 __
3686 4510 3752 4533 -2-

521 4524 649 4568 tuor
667 4517 799 4579 abit,
823 4526 1056 4584 qualuor
1074 4534 1201 4571 vero
1225 4518 1275 4571 in
1293 4518 1403 4573 duo
1432 4529 1485 4574 et
1500 4520 1607 4574 duo
1625 4520 1901 4574 dividitur.
1920 4518 2097 4585 Quare

2168 4510 2172 4518 ’
2199 4524 2262 4574 ἐκ
2282 4520 2484 4574 τούτων
2510 4521 2837 4573 συνάπτεται
2857 4533 2871 4547 ·
2905 4518 2996 4570 δύο
3031 4517 3138 4588 γὰρ
3174 4518 3269 4570 καὶ
3293 4517 3407 4577 δύο,
3431 4517 3478 4568 εἰ
3500 4514 3663 4582 τύχοι,
3684 4510 3752 4570 εἰς

520 4606 864 4660 γει-ἰεδίιηιιιιι
890 4607 1052 4661 fuerit
1076 4619 1320 4663 naturam
1342 4614 1550 4665 numeri
1573 4612 1705 4666 nihil
1726 4611 2095 4681 praescriptum

2197 4613 2439 4683 τέσσαρα
2459 4613 2806 4676 συνάπτεται,
2822 4610 2887 4663 τὰ
2909 4609 2964 4662 δὲ
2989 4608 3229 4679 τέσσαρα
3245 4610 3324 4670 εἰς
3339 4608 3432 4660 δύο
3464 4607 3551 4659 καὶ
3572 4603 3658 4656 δύο
3683 4600 3752 4652 δι-

524 4695 745 4759 habere,
780 4712 955 4766 neque
978 4714 1305 4766 separatum,
1327 4716 1500 4770 neque
1526 4702 1761 4762 unitum.
1799 4700 1891 4756 sed
1919 4701 1971 4754 in
2014 4717 2098 4755 rc-

2199 4707 2450 4775 αιρεῖται.
2478 4703 2642 4756 Ὥστε
2667 4702 2865 4763 παντὸς
2897 4700 3260 4770 ἀληοέστερον
3291 4700 3469 4752 εἰπεῖν
3496 4697 3591 4764 τὴν
3613 4692 3754 4762 φύσιν

522 4802 644 4841 rum
679 4790 960 4858 complexu
992 4802 1045 4845 et
1068 4794 1459 4863 compositione
1476 4796 1679 4850 subire.
1703 4794 1896 4850 Inscite
1918 4796 2099 4863 itaque

2199 4796 2291 4850 τοῦ
2321 4795 2551 4865 ἀριθμοῦ
2578 4796 2743 4867 μηδὲν
2763 4794 3142 4867 ἀφωρισμένον
3165 4792 3332 4863 ἔχειν,
3363 4791 3499 4861 μήτε
3526 4789 3585 4842 τὸ
3606 4803 3756 4855 κεχω-

522 4883 595 4934 im
603 4881 876 4951 probeque
892 4883 1338 4941 determinaveris
1355 4895 1602 4940 naturam
1620 4887 1828 4941 numeri
1848 4900 2100 4941 necessa-

2204 4888 2475 4959 ρισμένον,
2512 4888 2646 4957 μήτε
2680 4886 2739 4939 τὸ
2774 4886 3073 4955 ἡνωμένον,
3108 4887 3163 4938 ἐν
3195 4885 3250 4937 δὲ
3284 4887 3353 4955 τῇ
3382 4883 3490 4938 τῶν
3522 4876 3756 4951 πραγμά-

522 4972 605 5024 rio
636 4988 816 5026 rerum
835 4974 1159 5030 divisionem
1184 4979 1466 5047 subsequi,
1491 4987 1544 5031 et
1567 4993 1672 5031 non
1700 4993 1880 5033 rerum
1911 4977 2096 5043 uniter,

2200 4998 2304 5033 των
2363 4979 2629 5049 ἐπι-πλοκῇ
2710 4979 2803 5033 καὶ
2889 4978 3134 5031 συνθέσει
3193 4977 3356 5029 τοῦτο
3429 4972 3754 5043 ὑφίστασθαι.

523 5071 618 5116 aut
648 5064 838 5120 divisae
879 5077 1087 5122 natum
1124 5085 1439 5133 numerum,
1472 5080 1529 5124 ut
1558 5080 1688 5138 quot
1719 5062 1837 5125 sint~
1858 5069 2100 5138 subjecta

2214 5072 2443 5139 Ἀμαοὲς
2491 5068 2585 5124 οῦν
2620 5074 2681 5124 τὸ
2714 5074 2779 5142 τῇ
2833 5070 2991 5140 φύσει
3047 5069 3141 5123 τοῦ
3183 5067 3420 5139 ἀριθμοῦ
3468 5064 3754 5132 ἀναγκαῖως

524 5155 890 5223 innotescant,
937 5160 1152 5228 signum
1203 5172 1464 5229 statuere,
1501 5178 1624 5217 eum
1685 5164 1787 5217 alia
1848 5163 2006 5227 ratio,
2047 5171 2102 5218 et

2200 5166 2297 5235 τὴν
2340 5165 2601 5235 διαίρεσιν
2645 5164 2752 5218 τῶν
2787 5164 3128 5235 πραγμάτιον
3174 5162 3407 5214 ἕπεσθαι
3446 5156 3754 5227 νομοθετεῖν,

525 5262 633 5300 non
689 5264 951 5306 numerus
1010 5268 1072 5306 ea
1123 5254 1433 5308 subdividat
1479 5264 1530 5307 et
1581 5255 1815 5323 copulet.
1859 5254 2101 5321 Namque

2201 5257 2336 5309 ἀλλὰ
2364 5257 2517 5327 μὴτῇ
2540 5257 2647 5312 τῶν
2672 5259 3008 5328 πραγμάτων
3032 5256 3286 5326 ἡνωμένῃ
3310 5271 3396 5322 γε.
3418 5252 3451 5323 ἢ
3475 5247 3755 5319 διῃρημένη

525 5340 711 5394 decem
750 5341 906 5397 ulnas
953 5343 1082 5414 ligni
1120 5346 1388 5413 continui,
1423 5347 1469 5402 si
1505 5348 1575 5400 ita
1610 5346 1794 5409 fuerit,
1843 5346 2099 5411 dicimus,

2203 5347 2385 5415 φύσει,
2417 5348 2508 5400 τὸν
2536 5347 2770 5416 ἀριθμὸν
2798 5350 3023 5416 σημεῖον
3054 5348 3327 5399 ποιεῖσθαι
3357 5346 3451 5400 τοῦ
3481 5343 3639 5399 ποσοῦ
3663 5340 3755 5393 τῶν

526 5445 633 5486 non
682 5448 911 5487 nuntero
960 5437 1261 5492 dividentes
1312 5440 1589 5505 unionem,
1634 5456 1755 5509 (μιίε
1806 5440 1860 5493 in
1916 5441 2098 5493 decem

2205 5440 2600 5508 énoxetpéwov,
2623 5439 2781 5492 ἄλλον
2818 5439 2978 5507 λύγου
3011 5441 3103 5491 καὶ
3124 5440 3184 5491 ού
3222 5440 3314 5491 τοῦ
3342 5437 3577 5509 ἀριθμοῦ
3601 5432 3753 5487 ταῦτα

525 5520 775 5577 ulnarum
806 5525 950 5594 ligno
972 5538 1091 5591 est;
1122 5544 1465 5597 rursumque
1493 5530 1679 5584 decem
1716 5530 1927 5585 modios
1971 5530 2099 5584 dum

2202 5528 2533 5597 διαιροῦντος
2576 5532 2666 5583 καὶ
2703 5531 3082 5592 συνάπτοντος.
3143 5530 3251 5583 Καὶ
3290 5530 3400 5601 γὰρ
3428 5530 3558 5582 δέκα
3587 5528 3756 5595 πήχεις

527 5612 781 5681 dicimus,
819 5619 1024 5674 divisos
1069 5635 1163 5675 eos
1210 5622 1576 5689 agnoscimus.
1605 5622 1676 5676 Ita
1723 5638 1808 5676 res
1845 5620 1902 5676 se
1942 5622 2103 5676 habet

2204 5621 2434 5692 λέγομεν
2463 5622 2560 5675 τοῦ
2598 5623 2872 5692 συνεχοῦς,
2908 5624 2954 5675 εἰ
3003 5622 3177 5692 τύχοι,
3221 5621 3403 5687 ξύλου,
3440 5621 3500 5673 οὐ
3542 5617 3754 5672 συνδιαι-

528 5714 578 5757 et
616 5707 775 5764 rebus
809 5710 861 5764 in
888 5712 1026 5768 aliis.
1057 5713 1109 5768 Si
1140 5730 1396 5769 numerus
1421 5714 1485 5767 de
1510 5714 1719 5768 naturis
1753 5714 2095 5783 przrdiretur.

2208 5712 2423 5782 ροῦντες
2453 5714 2528 5783 τῷ
2558 5715 2776 5785 ἀριθμῶ
2808 5716 2896 5768 καὶ
2930 5715 3025 5786 τὴν
3056 5715 3280 5784 ἑνότητα
3308 5713 3408 5783 τὴν
3439 5714 3496 5765 ἐν
3526 5709 3599 5780 τῷ
3621 5708 3756 5762 δέῃ’
