3994 6596
232 382 342 446 605

1074 376 1508 440 REFUTATIO
1541 378 1924 440 EPISTULA?
1952 381 2180 442 REGIS
2221 382 2612 446 ARMENIIE.

3389 391 3498 456 606

229 495 392 563 πήχει
444 488 604 560 ξύλῳ.
656 487 750 543 καὶ
787 487 947 542 πάλιν
999 487 1130 542 δέκα
1173 490 1386 558 μοδίους
1439 489 1712 558 λέγοντες,
1752 490 1812 542 ὲν

1931 507 2026 545 ton
2062 508 2251 548 earum
2286 495 2648 564 quantitatem
2683 495 3086 561 antecedenter,
3119 496 3214 552 sed
3247 507 3494 555 naturam

229 585 494 658 διαιρέσει
539 581 763 646 τούτους
796 582 1161 651 ἐπιστάμεθα.
1210 583 1395 646 Οῦτως
1443 578 1535 636 οῦν
1586 583 1680 636 καὶ
1723 583 1817 636 ἐπὶ

228 679 340 732 τῶν
369 676 575 748 ἐτέρων
605 675 718 744 ἔχει
747 674 1119 745 πραγμάτων
1154 675 1202 729 εί
1251 674 1352 746 μὲν
1387 675 1415 728 ὁ
1453 674 1684 746 ἀριθμὸς
1713 674 1814 740 φύ-

227 787 380 824 σεσιν
420 767 788 839 έπεφημισθῇ,
820 769 880 823 οὑ
928 768 989 820 τὸ
1021 767 1186 823 ποσὸν
1237 767 1418 822 αὐτῶν
1463 769 1816 844 προηγουμέ-

227 879 359 925 νως.
390 861 526 916 ἀλλά
563 861 625 914 τὸ
678 861 990 930 ὲτερογενὲς
1039 860 1389 930 παρίστησιν.
1435 862 1633 915 Ἵππου
1683 863 1814 933 γὰρ,

227 955 327 1008 κα)⁸
354 953 672 1024 ἀνθρώπου,
705 952 801 1007 καὶ
832 952 951 1024 βοὸς
980 955 1128 1026 τρεῖς
1155 953 1402 1022 λέγοντες
1434 953 1646 1024 φύσεις,
1673 955 1734 1008 0-3
1756 955 1817 1008 τὸ

225 1047 562 1117 διῃρημένον
601 1047 780 1102 αὑτῶν
819 1045 960 1100 κατὰ
1006 1045 1066 1104 τὸ
1106 1047 1293 1114 ποσὸν,
1327 1046 1464 1102 ἀλλὰ
1492 1046 1554 1101 τὸ
1604 1048 1816 1118 παρηλο

226 1139 504 1209 λαγμένον
547 1138 689 1194 κατὰ
722 1138 784 1192 τὸ
827 1135 968 1202 εἶδος
1003 1139 1342 1210 σημαίνομεν
1368 1158 1381 1172 ·
1415 1141 1564 1211 τρεῖς
1613 1141 1670 1194 δὲ
1721 1141 1816 1196 ἁν-

229 1232 508 1303 θρωπους,
551 1233 600 1288 εἰ
630 1231 805 1302 τύχοι,
838 1232 1068 1302 Πέτρον,
1097 1232 1194 1286 καὶ
1224 1231 1456 1296 Παῦλον,
1488 1235 1585 1288 καὶ
1633 1234 1813 1290 Ἰωάνα

227 1345 332 1398 νην
374 1326 436 1382 τὸ
480 1326 813 1396 διῃρημένον
839 1325 1016 1380 αὐτῶν
1054 1326 1277 1400 μᾶλλον,
1321 1326 1416 1380 καὶ
1443 1327 1524 1380 ὅτι
1554 1327 1722 1390 τόσοι,
1757 1327 1820 1384 οὐ

225 1418 466 1476 τοιοῦτοι
514 1419 593 1481 δὲ,
622 1417 999 1490 παριστῶμεν.
1041 1416 1199 1472 Οὑτω
1246 1419 1339 1472 καὶ
1365 1419 1456 1472 ἐπὶ
1486 1419 1584 1485 τῆς
1619 1420 1823 1474 οἱκονου

230 1510 368 1582 μίας
401 1511 492 1564 δύο
521 1509 769 1577 λέγοντες
798 1509 896 1574 τὰς
944 1508 1156 1579 φύσεις,
1191 1509 1252 1566 τὸ
1287 1509 1582 1580 ἑτεροειδὲς
1616 1499 1821 1577 αὑτῶν,

228 1603 296 1654 οὑ
335 1602 397 1655 τὸ
453 1601 859 1672 κεχωρισμένον
887 1601 1181 1671 δηλοῦμεν,
1237 1601 1590 1666 ἐκϐάλλοντες
1632 1602 1689 1658 δὲ
1721 1603 1821 1655 αὑ-

227 1694 369 1757 τῶν,
401 1695 449 1746 si
481 1693 573 1746 καὶ
622 1693 697 1763 μὴ
733 1688 844 1746 εἷεν
885 1693 1261 1762 ὲνυπόστατοι,
1305 1694 1397 1747 τὸν
1443 1693 1552 1748 τῶν
1585 1695 1822 1751 ὑποστάς

231 1803 379 1846 σεων
432 1785 686 1856 ἀριθμὸν,
735 1785 795 1842 εῦ
843 1787 988 1856 μάλα
1045 1785 1266 1852 εἰδότες,
1300 1786 1381 1842 ὃτι
1429 1786 1535 1840 οὐδ’
1577 1786 1668 1840 ἐπὶ
1712 1785 1825 1840 τῶν

230 1879 540 1936 ὑποστάσει
587 1880 681 1933 καὶ
713 1879 872 1952 οὐσίᾳ
907 1881 1355 1952 κεχωρισμένων,
1394 1876 1505 1935 οἷον
1541 1881 1696 1935 τοῦδε
1728 1881 1820 1934 τοῦ

231 1972 435 2033 ἵππου.
464 1972 557 2028 καὶ
581 1970 733 2025 τοῦδε
761 1971 854 2025 τοῦ
883 1972 1003 2045 βοὸς
1031 1975 1063 2042 ὴ
1091 1972 1273 2041 φύσις,
1299 1973 1358 2026 οὐ
1386 1975 1445 2026 τι
1473 1973 1818 2046 διῃρημένον,

231 2064 375 2121 ἀλλὰ
407 2065 467 2119 τὸ
491 2063 767 2134 διάφορον,
804 2062 994 2136 ὥσπερ
1022 2064 1117 2118 καὶ
1149 2065 1183 2136 ἡ
1215 2064 1514 2130 ὑπόστασις
1537 2065 1597 2118 τὸ
1630 2065 1823 2137 διῃρη-

236 2155 428 2225 μένον,
467 2155 678 2226 ῆπουγε
729 2155 823 2208 ἐπὶ
857 2154 966 2208 τῶν
1013 2155 1088 2228 μὴ
1125 2156 1244 2209 καθ’
1276 2155 1442 2211 ἑαυτά
1490 2157 1825 2226 ὲμφαινομέυ

230 2263 370 2311 νων,
405 2245 541 2300 ἀλλὰ
590 2247 708 2318 ἅμα.
758 2264 817 2301 τε
859 2248 950 2303 καὶ
995 2247 1051 2301 ἐν
1096 2247 1346 2318 ἀλλήλοις
1379 2248 1549 2306 ὅντων
1604 2249 1704 2320 μὲν
1734 2251 1826 2304 καὶ

231 2338 564 2408 γινομένων,
617 2340 650 2409 ἡ
699 2339 880 2410 φύσις,
911 2340 971 2394 0'3
1011 2339 1074 2394 τὸ
1121 2341 1550 2414 κεχωρισμένον,
1594 2342 1731 2395 ἀλλὰ
1766 2341 1825 2396 τὸ

230 2431 498 2502 διάφορον
540 2429 791 2502 δηλώσει,
839 2434 947 2488 εἴτε
995 2433 1088 2487 ἐπὶ
1122 2433 1420 2503 θεολογίας,
1451 2433 1562 2487 εἴτε
1608 2435 1701 2486 ἐπὶ
1726 2434 1826 2504 τῆς

231 2526 579 2596 οἰκονομίας,
610 2527 720 2580 εἴτε
752 2526 845 2580 ἐπὶ
873 2528 1072 2594 παντὸς
1117 2530 1459 2602 πράγματος.
1488 2529 1594 2584 Καὶ
1627 2528 1826 2595 ἄλλως,

230 2620 324 2672 ὅτι
363 2620 414 2670 εί
459 2619 554 2672 καὶ
591 2618 934 2692 ἀριθμοῦμεν
971 2619 1069 2684 τὰς
1097 2620 1189 2674 τοῦ
1218 2619 1454 2693 Χριστοῦ
1487 2619 1578 2674 δύο
1615 2619 1825 2690 φύσεις,

232 2710 336 2764 δύο
366 2711 572 2772 ταύτας
613 2710 882 2778 λέγοντες,
915 2712 1015 2768 οὑκ
1047 2712 1338 2786 εἰσάγομεν
1361 2713 1648 2784 διαίρεσιν,
1674 2715 1826 2781 svsp-

231 2803 370 2876 γεῐᾳ
396 2801 507 2855 τῶν
546 2801 759 2871 φύσεων
787 2803 880 2860 καὶ
916 2803 1025 2858 τῶν
1067 2804 1363 2876 ἰδιοτήτων.
1407 2805 1520 2870 Πᾶς
1551 2804 1662 2875 γάρ
1699 2806 1828 2875 ἀριο

235 2893 389 2963 θμδς
429 2894 537 2948 τῶν
568 2895 934 2966 διαφερόντων
961 2895 1080 2950 ὲστί
1102 2912 1115 2927 ·
1147 2882 1251 2950 καὶ⁸
1265 2878 1525 2952 ἀδύνατον
1569 2898 1828 2968 ἀριθμεῖ-

237 2987 373 3040 σθαι
397 2989 465 3041 τὰ
489 2989 628 3042 κατὰ
648 2989 816 3060 μηδὲν
840 2988 1184 3060 διαφέροντα,
1211 2988 1334 3042 καθ’
1364 2989 1392 3041 ὃ
1411 2989 1468 3043 δὲ
1487 2990 1825 3061 διαφέρουσι,

234 3084 389 3138 κατὰ
420 3083 577 3137 τοῦτο
606 3084 702 3139 καὶ
723 3084 1111 3156 ἀριθμοῦνται·
1141 3083 1251 3139 οἷον
1276 3087 1304 3138 ὁ
1331 3085 1554 3156 Πέτρος,
1580 3085 1612 3156 ἦ
1639 3087 1664 3137 ὁ
1688 3085 1830 3137 Παῦε

233 3177 358 3240 λος,
391 3178 513 3230 καθ’
546 3176 572 3229 ὃ
609 3176 707 3247 μὲν
731 3178 993 3247 ἧνωνται,
1033 3177 1133 3232 οὐκ
1157 3177 1424 3249 ἁριθμοῦν
1437 3195 1548 3232 ταιο
1573 3177 1652 3249 τῷ
1686 3177 1830 3247 λόγῳ
1858 3212 1900 3272 C

235 3269 356 3339 γὰρ
389 3269 486 3338 τῆς
520 3269 705 3333 οὑσῖας
761 3271 1049 3340 ἡνωμένοι,
1099 3269 1193 3324 δύο
1234 3269 1428 3339 φύσεις
1470 3271 1530 3324 οὑ
1575 3270 1828 3324 δύνανται

238 3358 529 3426 λέγεσθαι,
572 3359 694 3413 καθ’
727 3360 1024 3414 ὑπόστασιν
1066 3361 1124 3415 δὲ
1167 3361 1537 3432 διαφέροντες,
1577 3362 1669 3415 δύο
1701 3363 1830 3414 ὑπο-

243 3451 477 3514 στάσεις
511 3451 780 3518 λέγονται.
808 3454 972 3506 Ὥστε
1001 3455 1028 3506 ὁ
1055 3453 1290 3524 ἀριθμὸς
1325 3452 1830 3523 tibv'dzagvspévrmv

239 3544 387 3609 ἐστὶ,
420 3543 516 3598 καὶ
547 3536 592 3612 ᾧ
614 3543 798 3616 τρόπῳ
823 3543 1140 3614 διαφέρουσι
1172 3546 1241 3597 τὰ
1281 3544 1632 3616 διαφέροντα,
1657 3545 1831 3614 τούτῳ

243 3634 328 3705 τῷ
373 3635 561 3707 τρόπῳ
613 3635 708 3687 καὶ
751 3634 1135 3707 ἀριθμοῦνται.
1165 3636 1443 3688 ’Ἡνωνται
1497 3636 1596 3705 μὲν
1645 3637 1700 3687 αἱ
1736 3635 1830 3688 τοῦ

241 3725 457 3796 Κυρίου
489 3725 678 3796 φύσεις
700 3726 1021 3798 ἀσυγχῦτως
1043 3726 1168 3781 καθ’
1195 3727 1517 3792 ὑπόστασιν,
1549 3726 1830 3798 διῄρηνται

241 3819 304 3872 δὲ
337 3818 664 3889 ἅδιαιρέτως
687 3819 830 3890 λόγῳ
863 3822 960 3873 καὶ
989 3820 1176 3890 τρόπῳ
1199 3820 1298 3889 τῆς
1327 3819 1608 3891 διαφορᾶς.
1641 3820 1750 3876 Καὶ
1786 3811 1827 3886 ᾧ

249 3912 352 3982 μὲν
385 3911 572 3985 τρόπῳ
600 3911 858 3983 ἥνωνται,
900 3913 1001 3965 οὐκ
1037 3911 1428 3984 ἀριθμοῦνται’
1472 3912 1532 3964 οὑ
1557 3911 1665 3982 γάρ
1711 3910 1831 3964 καθ’

248 4003 554 4057 ὑπόστασιν
579 4002 672 4056 δύο
711 4005 889 4076 φαμὲν
919 3999 1059 4058 εἷναι
1092 4005 1189 4067 τὰς
1232 4003 1423 4073 φύσεις
1449 4001 1542 4055 τοῦ
1570 4002 1827 4073 Χριστοῦ.

248 4090 322 4169 ⁷ῼ
343 4097 402 4150 δὲ
429 4097 613 4167 τρόπῳ
633 4097 955 4168 άδιαιρέτως
989 4096 1292 4167 διῄρηνται,
1324 4095 1684 4167 ἀριθμοῦνται
1705 4111 1718 4125 °
1742 4095 1835 4149 δύο

250 4192 360 4262 γάρ
386 4193 524 4243 εἰσιν
555 4192 610 4245 αἱ
643 4190 834 4262 φύσεις
863 4189 956 4244 τοῦ
982 4189 1218 4259 Χριστοῦ
1244 4189 1389 4259 λόγῳ
1410 4187 1506 4241 καὶ
1531 4187 1717 4258 τρόπῳ
1736 4189 1834 4257 τῆς

251 4284 544 4354 διαφορᾶς,
568 4283 841 4354 ἡνωμέναι
879 4283 976 4353 μὲν
1011 4281 1132 4335 καθ’
1164 4281 1484 4344 ὑπόστασιν,
1525 4280 1617 4332 καὶ
1654 4278 1752 4350 τὴν
1779 4281 1836 4332 ἐν

251 4374 516 4444 ἀλλήλαις
542 4373 918 4444 ⁸ιιεριχώρησιν
946 4373 1189 4444 ἔχουσαι,
1235 4369 1553 4441 ἀσυγχὺτως
1576 4371 1836 4441 ἥνωνται,

253 4466 354 4534 τὴν
387 4466 593 4518 οἰκείαν
628 4466 832 4536 ἑκάστη
864 4465 1101 4535 φυσικὴν
1143 4464 1407 4533 διαφοράν
1444 4460 1833 4526 διασώζουσαι.

1917 582 2190 638 diversam
2221 588 2481 656 impuriat
2506 586 2664 656 :equi
2693 587 2838 642 enim
2877 597 2930 642 ct
2964 589 3226 654 hominis,
3259 601 3313 645 et
3343 592 3498 648 bovis

1917 682 2025 728 tres
2059 685 2279 730 naturas
2296 686 2624 740 asserentes,
2645 693 2751 732 non
2781 693 2968 732 eorum
3003 681 3300 736 secundum
3327 699 3502 752 quan-

1915 765 2123 820 titatem
2182 765 2529 834 divisionem,
2569 769 2663 824 sed
2710 769 3020 840 seiunctum
3083 787 3148 827 ac
3185 784 3497 843 separatum

1916 856 1970 910 in
2001 858 2179 926 specie
2207 858 2580 929 signiﬁcamus
2608 879 2620 915 :
2652 871 2763 917 tres
2793 879 2920 918 vero
2956 863 3206 920 homines
3231 866 3497 934 dicentes,

1917 949 1962 1003 si
1994 948 2219 1017 fuerint,
2257 950 2497 1021 Petrum,
2532 962 2587 1008 ct
2632 953 2885 1022 Paulum,
2914 966 2968 1010 et
2995 955 3284 1022 Joannem,
3309 975 3500 1014 eorum

1917 1041 2096 1110 potius
2123 1042 2470 1109 divisionem,
2496 1054 2551 1099 et
2592 1053 2669 1100 tot
2696 1061 2791 1101 eos
2824 1062 2964 1114 esse,
2997 1063 3103 1103 non
3139 1049 3276 1106 tales
3305 1059 3498 1105 osten-

1917 1138 2124 1196 dimus.
2149 1137 2240 1193 Sic
2265 1148 2320 1195 et
2364 1141 2420 1195 in
2450 1142 2758 1198 oeconomia
2795 1142 2932 1198 duas
2979 1154 3244 1213 ponentes
3275 1155 3504 1200 naturas

1918 1229 2187 1288 diversam
2227 1231 2541 1286 earumdem
2606 1233 2871 1298 formam,
2926 1252 3030 1289 non
3101 1237 3502 1304 separatione-ni

1918 1322 2296 1394 exprimimus,
2325 1339 2391 1378 ex
2423 1308 2561 1394 ipsis
2588 1325 2892 1394 ejicientes.
2932 1328 3069 1385 licet.
3089 1328 3299 1400 absque
3332 1329 3503 1400 hypo-

1921 1416 2051 1470 stasi
2092 1430 2201 1470 non
2245 1423 2448 1479 essent,
2486 1415 2849 1488 hypostaseon
2914 1436 3238 1486 numerum,
3277 1423 3504 1492 pulchre

1920 1505 2180 1562 callentes
2244 1507 2298 1562 in
2359 1507 2640 1578 hypostasi
2683 1519 2736 1565 et
2777 1512 3018 1566 essentia
3067 1512 3292 1578 divisis,
3343 1515 3505 1582 hujus

1921 1599 2128 1654 scilicet
2150 1599 2296 1668 equi.
2329 1609 2384 1654 et
2420 1599 2584 1670 hujus
2625 1601 2780 1656 bovis
2805 1598 3058 1658 naturam
3095 1620 3200 1659 non
3245 1607 3503 1671 divisum,

1922 1690 2015 1745 sed
2069 1691 2368 1756 diversum,
2404 1693 2865 1760 quemadmodum
2918 1704 2973 1749 et
3015 1695 3329 1766 hypostasis
3369 1700 3507 1752 divi-

1924 1790 2142 1848 snm,et
2177 1783 2348 1837 multo
2401 1783 2575 1854 magis
2607 1784 2657 1837 in
2686 1784 2774 1852 iis,
2803 1802 2925 1856 quae
2955 1802 3022 1842 ex
3053 1803 3172 1844 sese
3207 1805 3312 1844 non
3342 1805 3508 1860 appa-

1927 1884 2067 1938 rent,
2102 1875 2196 1929 sed
2228 1884 2356 1930 sunt
2386 1875 2570 1941 simul,
2602 1893 2884 1948 unumque
2937 1880 3028 1933 alii
3064 1881 3238 1946 inest‘,
3264 1892 3312 1938 et
3349 1884 3504 1948 ﬁunt,

1927 1976 2177 2021 naturam
2221 1983 2325 2022 non
2374 1970 2795 2038 separationem,
2829 1971 2921 2026 sed
2966 1973 3335 2028 diversitatem
3368 1975 3509 2030 indi-

1926 2071 2192 2124 caturam,
2220 2068 2336 2116 tum
2370 2063 2422 2116 in
2458 2063 2678 2127 divinis,
2709 2073 2821 2120 tum
2858 2063 2912 2119 in
2948 2067 3279 2133 (Bconomia,
3305 2077 3419 2121 tum
3452 2068 3506 2121 in

1926 2167 2251 2225 quacunque
2276 2153 2382 2208 alia
2411 2170 2488 2208 re.
2519 2155 2674 2222 Item,
2704 2155 2832 2212 licet
2861 2171 2960 2212 nos
2997 2174 3352 2217 numeremus
3372 2162 3508 2215 duas

1925 2245 2126 2304 Christi
2161 2258 2410 2310 naturas,
2445 2248 2581 2306 duas
2626 2248 2749 2304 illas
2776 2249 3040 2316 dicentes,
3073 2267 3179 2306 non
3219 2253 3341 2306 ideo
3379 2263 3506 2307 actu

1929 2340 2244 2397 inducimus
2278 2341 2600 2399 divisionem
2636 2349 2960 2399 naturarum
3015 2355 3067 2399 et
3094 2346 3505 2414 proprietatum.

1927 2429 2117 2487 (tumis
2150 2432 2295 2486 enim
2355 2447 2618 2490 numerus
2670 2447 2864 2490 eorum
2916 2444 3018 2498 est,
3048 2449 3172 2503 quae
3219 2433 3504 2496 dim-runt.

1929 2524 2226 2594 ncqnitque
2279 2525 2417 2590 lieri,
2451 2535 2510 2580 ut
2549 2542 2779 2582 numero
2819 2527 3361 2596 comprehendantur
3412 2543 3508 2593 ea,

1929 2631 2048 2684 quae
2085 2631 2177 2686 per
2203 2617 2385 2670 omnia
2423 2618 2523 2672 sibi
2568 2618 2765 2674 similia
2796 2628 2944 2681 sunt.
2982 2634 3170 2673 verum
3209 2619 3509 2672 secundum

1931 2709 2009 2773 id,
2025 2724 2135 2780 quo
2154 2708 2435 2775 ditIerunt,
2455 2725 2682 2767 numero
2707 2710 3096 2780 subjiciuntur,
3119 2709 3285 2766 veluti
3317 2709 3512 2764 Petrus

1929 2806 2012 2861 vel
2045 2806 2243 2864 Paulus
2295 2805 2599 2864 secundum
2664 2805 2742 2871 id,
2773 2821 2886 2875 quo
2925 2805 3332 2876 conjungnntnr
3356 2845 3370 2868 ,
3405 2819 3511 2857 non

1931 2899 2136 2954 cadunt
2191 2898 2296 2954 sub
2333 2914 2561 2955 numero
2598 2917 2612 2954 :
2646 2899 2854 2954 ratione
2894 2899 3037 2955 enim
3088 2898 3340 2953 essentia:
3378 2898 3511 2950 uniti

1931 3007 2036 3045 non
2055 3001 2284 3061 possunt
2306 2990 2425 3046 duae
2449 3000 2658 3046 natum
2677 2992 2784 3046 dici
2809 3009 2821 3045 :
2845 2992 2937 3048 sed
2963 2991 3240 3061 hypostasi
3261 2988 3515 3043 diﬂ'crcn-

1932 3091 2046 3142 tes.
2092 3083 2214 3138 dum
2269 3081 2590 3152 hypostases
2629 3083 2907 3148 dicuntur,
2963 3083 3097 3136 adeo
3137 3091 3196 3135 ut
3247 3096 3514 3135 numems

1931 3171 2300 3229 differentium
2341 3173 2509 3237 sit,et
2540 3175 2722 3238 modo,
2759 3187 2870 3243 quo
2904 3171 3511 3234 diﬂ‘eruntdiﬂ‘erentia,

1931 3268 2120 3324 eodem
2155 3276 2210 3322 et
2236 3275 2614 3321 numerentur.
2655 3265 2868 3321 Junctae
2893 3275 3022 3320 sunt
3050 3263 3269 3321 Domini
3307 3273 3515 3318 natura:

1933 3361 2218 3422 inconiuse
2254 3362 2554 3416 secundum
2608 3359 2965 3430 hypostasim.
2990 3358 3182 3415 divisa:
3215 3373 3349 3412 vero
3387 3367 3516 3412 sunt

1935 3453 2164 3512 indivise
2195 3454 2406 3508 ratione
2453 3457 2724 3521 modoque
2745 3450 3065 3506 diﬂerentim
3089 3469 3104 3517 ;
3125 3465 3233 3521 quo
3253 3451 3519 3505 uninntur

1934 3546 2093 3599 modo
2121 3561 2228 3598 non
2260 3553 2620 3598 numerantur
2658 3563 2673 3599 :
2717 3559 2823 3598 non
2855 3544 3003 3598 enim
3033 3543 3170 3598 duas
3212 3542 3514 3598 secundum

1932 3637 2271 3706 hypostasim
2296 3635 2532 3690 dicimus
2570 3650 2692 3690 esse
2717 3634 2919 3691 Christi
2949 3644 3174 3690 naturas
3203 3651 3215 3686 :
3241 3648 3350 3704 quo
3382 3648 3513 3687 vero

1934 3729 2092 3782 modo
2121 3727 2353 3783 indivise
2381 3737 2728 3796 separantur,
2753 3737 3144 3783 numerantur:
3171 3726 3292 3781 duae
3316 3725 3518 3780 etenim

1933 3829 2058 3874 Sunt
2094 3818 2298 3875 Christi
2353 3827 2562 3875 naturae
2608 3819 2822 3872 ratione
2880 3817 3148 3886 modoque
3177 3815 3518 3882 diﬂ'ercntize,

1932 3911 2138 3981 juncta:
2160 3910 2378 3976 quidem
2410 3909 2710 3964 secundum
2744 3907 3103 3980 hypostasim,
3139 3917 3191 3961 et
3227 3921 3349 3960 sese
3379 3906 3520 3959 invi-

1936 4019 2053 4058 cem
2118 4011 2463 4070 penetrantes
2496 4000 2781 4056 inconfuse
2829 4001 3117 4064 uniuntur,
3161 4007 3214 4052 et
3241 3997 3516 4066 propriam

1936 4091 2162 4159 singula:
2215 4088 2515 4143 naturalem
2559 4087 2924 4141 diﬂ'erentiam
2971 4094 3318 4141 conservant.
3363 4083 3521 4137 Modo

1937 4181 2123 4250 itaque
2155 4179 2470 4238 diﬂ'crentize
2493 4179 2874 4234 tantummodo
2899 4194 2927 4232 a
2955 4178 3111 4232 nobis
3137 4186 3518 4236 numerantur,

1938 4289 2046 4332 non
2086 4273 2402 4327 diiiduntur
2465 4282 2586 4327 actu
2646 4281 2700 4326 et
2761 4271 3102 4335 exsisteutia,
3167 4278 3225 4326 ut
3277 4269 3391 4339 ipse
3424 4267 3523 4320 tibi

1937 4363 2117 4434 ﬁngis.
2153 4362 2324 4421 Aliter
2364 4363 2528 4417 etiam
2564 4361 2632 4418 de
2671 4362 2774 4418 hoc
2809 4361 2999 4416 eodem
3051 4360 3520 4430 philosophantur.

1937 4455 2056 4510 Non
2073 4456 2252 4512 omnis
2275 4471 2538 4512 numerus
2567 4471 2653 4512 res
2673 4471 2765 4527 per
2799 4471 2860 4510 se
2895 4454 3258 4510 subsistentes
3283 4451 3482 4508 indicat
3506 4469 3524 4505 :

255 4561 344 4629 Τῷ
365 4559 552 4630 τρόπῳ
573 4559 860 4630 τοιγαροῦν
880 4561 977 4630 τῆς
998 4559 1258 4632 διαφορᾶς
1280 4558 1375 4612 καὶ
1399 4558 1556 4628 μόνον
1577 4555 1836 4627 ἀριθμούς

1943 4550 2105 4621 idque
2165 4547 2514 4604 manifestum
2573 4549 2677 4603 erit
2715 4564 2780 4606 ex
2827 4546 3202 4617 sequentibus.
3247 4543 3524 4612 Quidquid

259 4667 419 4720 μεναι
454 4650 542 4719 ὑφ’
574 4649 749 4721 ήμῶν,
777 4651 838 4704 οὑ
878 4649 1210 4722 διαιροῦνται
1243 4651 1495 4722 ἐνεργείᾳ
1536 4651 1632 4706 καὶ
1661 4649 1838 4719 ὑπάρ-

255 4745 357 4812 ξει,
387 4745 482 4798 καὶ
507 4745 581 4807 ὡς
612 4746 676 4798 σὺ
711 4744 979 4807 ὑπονοεῖς,
1023 4745 1134 4798 Καὶ
1165 4744 1341 4807 ἄλλως
1377 4745 1457 4807 εἰς
1486 4742 1546 4797 τὸ
1575 4742 1732 4808 αὐτὸ,
1757 4743 1839 4797 ὅτι

254 4837 380 4907 οὐχὶ
414 4838 522 4900 πᾶς
550 4835 781 4907 ἀριθμὸς
805 4836 912 4892 τῶν
947 4836 1326 4890 ίδιοσυστάτων
1357 4837 1698 4908 πραγμάτων
1720 4815 1841 4892 ἔστι

256 4928 555 4998 δηλωτικός
579 4946 594 4961 ο
625 4930 719 4982 καὶ
749 4928 908 4982 τοῦτο
938 4929 1094 4999 δῆλον
1133 4927 1404 4982 ἐντεῦθεν.
1432 4929 1500 4982 Εἴ
1525 4945 1577 4980 τι
1611 4927 1709 4997 μὲν
1733 4929 1842 4998 γὰρ

261 5019 629 5074 ἰδιοσὺστατόν
659 5022 797 5078 ἐστι,
822 5018 980 5071 τοῦτο
1005 5020 1222 5082 πάντως
1251 5021 1308 5072 ὲν
1331 5019 1552 5090 ἀριθμῷ
1584 5019 1840 5088 τυγχάνει

258 5112 348 5163 δν·
390 5113 453 5165 οὑ
486 5114 594 5166 πᾶν
629 5112 686 5166 δὲ
716 5112 776 5164 τὸ
806 5114 864 5166 ἐν
894 5111 1111 5182 ἀριθμῷ
1152 5111 1441 5184 τυγχάνον,
1475 5110 1842 5165 ἰδιοσὺστατον

262 5203 328 5254 ἂν
365 5203 474 5270 εἴη.
510 5203 593 5256 Τὰ
648 5202 778 5271 γοῦν
814 5205 872 5257 ἰν
913 5207 1024 5266 τοῖς
1077 5202 1376 5268 συνθέτοις,
1410 5203 1498 5256 ἵνα
1546 5202 1620 5272 μὴ
1676 5201 1844 5256 πολλὰ

260 5293 426 5361 λέγω,
461 5294 577 5358 ἐνὸς
603 5295 732 5348 ὄντα
764 5293 1224 5366 συμπληρωτικὰ,
1257 5293 1351 5346 καὶ
1385 5293 1528 5346 κατὰ
1557 5293 1685 5364 μίαν
1713 5309 1844 5358 συγ-

261 5385 495 5454 κείμενα
549 5385 648 5456 τὴν
687 5390 988 5456 συνέχειαν,
1025 5388 1172 5455 ὅμως
1215 5383 1355 5436 αὐτὰ
1389 5385 1486 5453 μὲν
1520 5383 1602 5452 ἐφ’
1637 5381 1843 5436 ἑαυτῶν

267 5475 402 5530 [δίαν
434 5474 670 5548 ὓπαρξιν
698 5478 798 5530 οὑκ
843 5477 991 5547 ἔχει*
1027 5477 1145 5540 ένὸς
1174 5476 1230 5529 δὲ
1279 5474 1717 5546 συμπληρωτικὰ
1751 5490 1844 5541 γε·

263 5567 464 5638 νόμενα
490 5569 546 5620 ὲν
569 5568 646 5638 τῷ
669 5568 912 5639 συλλόγῳ
932 5569 1030 5638 τὴν
1059 5569 1266 5622 οἰκείαν
1294 5567 1525 5640 ὓπαρξιν
1552 5567 1845 5620 ἐπιδείκνυ-

263 5675 374 5714 ται.
415 5661 624 5731 Ὠσπερ
670 5661 861 5730 ἀμέλει
899 5662 959 5714 τὸ
982 5662 1142 5727 ζῶον,
1175 5662 1236 5714 τὸ
1278 5660 1518 5729 λογικὸν,
1542 5659 1603 5712 τὸ
1632 5657 1844 5728 θνητὸν,

264 5751 324 5804 0'3
361 5751 468 5822 μὴν
520 5751 602 5808 ἔτι
649 5770 712 5822 γε
751 5754 845 5808 καὶ
879 5755 1000 5807 καθ’
1058 5755 1194 5807 αὑτὰ
1239 5754 1551 5824 ὑπάρχοντα
1609 5751 1802 5818 ὁρᾶται
1829 5785 1850 5812 ,ι

266 5840 382 5894 ἀλλ’
416 5844 474 5898 ἐν
509 5844 587 5912 τῷ
612 5844 716 5914 ὅλῳ
744 5862 806 5912 γε
833 5845 909 5915 τῷ
939 5835 1228 5916 ἀνθρώπῳ,
1259 5847 1420 5915 φημὶ,
1457 5843 1598 5913 ταψῆ
1639 5842 1734 5911 τὴν
1767 5845 1843 5893 οἱ·

1941 4648 2090 4704 cnim
2141 4661 2238 4716 per
2284 4660 2343 4702 se
2399 4645 2674 4710 subsistit,
2703 4645 2755 4700 id
2803 4644 3030 4703 omnino
3062 4651 3115 4696 et
3146 4641 3250 4696 sub
3296 4653 3526 4696 numero

1941 4749 2046 4805 est,
2083 4756 2189 4794 non
2225 4748 2405 4796 autem
2443 4753 2604 4794 omne
2653 4737 2797 4808 quod
2845 4737 2949 4792 sub
2983 4749 3213 4790 numero
3259 4741 3363 4798 est,
3396 4733 3524 4786 item

1942 4847 2036 4902 per
2070 4847 2128 4888 se
2155 4831 2459 4888 subsistere
2504 4829 2732 4884 dicetur.
2773 4828 2904 4894 Quae
2938 4843 3071 4897 ergo
3112 4827 3164 4879 in
3203 4823 3530 4893 compositis

1944 4933 2092 4987 sunt,
2132 4938 2199 4978 ne
2268 4922 2518 4990 pluribus
2561 4937 2672 4976 rem
2727 4936 2907 4990 agam,
2953 4935 3077 4973 cum
3147 4932 3316 4971 unum
3376 4930 3528 4969 com-

1943 5012 2154 5082 pleant,
2191 5020 2245 5065 et
2301 5027 2407 5065 una
2446 5011 2809 5066 continuitate
2875 5016 3160 5065 constent.
3198 5022 3262 5059 ex
3321 5013 3526 5059 semet-

1945 5103 2079 5170 ipsis
2153 5101 2509 5158 nihilominus
2561 5101 2835 5170 propriam
2889 5096 3265 5153 exsistcntiam
3318 5095 3523 5148 nullam

1946 5195 2168 5259 habent,
2201 5195 2296 5250 sed
2351 5209 2519 5248 unum
2578 5191 2708 5247 dum
2763 5191 3106 5246 constituunt
3172 5188 3224 5242 in
3288 5186 3527 5240 coitione

1948 5289 2217 5357 propriam
2245 5285 2620 5340 exsistentiam
2645 5281 3101 5341 commonstrant,
3161 5279 3524 5348 quemadmo-

1946 5383 2073 5437 dum
2127 5383 2329 5436 animal
2380 5379 2611 5434 rationis
2658 5391 2904 5445 compos,
2947 5374 3176 5428 mortale
3210 5387 3356 5450 :nou
3389 5385 3528 5439 prte-

1949 5483 2093 5528 terca
2128 5488 2258 5527 vero
2299 5481 2353 5527 et
2405 5486 2500 5540 per
2542 5483 2663 5525 sese
2714 5466 3033 5524 exsistcntia
3087 5460 3524 5530 conspiciuntur.

1948 5563 2040 5620 scd
2090 5563 2143 5616 in
2214 5571 2325 5616 toto
2370 5561 2586 5614 homine
2654 5567 2894 5627 apertam
2959 5564 3341 5625 patentenique
3402 5565 3528 5619 pro-

1948 5653 2121 5723 priam
2166 5652 2250 5708 sui
2293 5648 3110 5706 cxsistentiamostendunt:et
3146 5642 3358 5698 ratione
3411 5655 3528 5695 mo-

1949 5746 2126 5814 duque
2175 5742 2491 5798 dilfercntim
2545 5750 2856 5803 numerata,
2903 5736 3228 5792 divisionem
3287 5731 3528 5789 hominis

1950 5852 2055 5892 non
2093 5835 2421 5905 intpmlanl;
2453 5845 2632 5903 partes
2671 5832 2815 5889 enim
2859 5831 3106 5887 dicentur
3138 5824 3400 5888 hominis,
3432 5822 3525 5878 scd
