3994 6624
427 402 530 467 6οἹ

1706 398 1998 461 ΝΙΟΕΤλΕ
2043 401 2443 464 BYZANTINI

3573 374 3675 472 cui

428 530 539 567 non
589 527 683 582 per
711 527 829 567 sese
866 510 1241 567 exsistentiam
1284 510 1578 565 habebunt.
1611 509 1787 574 Quare
1832 512 1999 563 mam-

2113 515 2268 565 κείαν
2308 512 2546 582 ὕπαρξιν
2571 513 2969 577 ἐπιδείκνυται,
3005 514 3099 568 καὶ
3133 516 3513 587 ἀριθμούμενα
3552 516 3695 589 λόγῳ

427 604 628 660 festum
664 606 756 670 lit,
786 622 889 659 non
936 620 1152 658 omnem
1201 616 1488 658 numerum
1528 617 1617 657 res
1654 618 1748 671 per
1784 618 1842 657 se
1870 604 2005 657 sub-

426 700 684 753 sistentes
719 699 979 753 indicare.

2118 604 2212 656 καὶ
2253 605 2442 675 τρόπῳ
2476 605 2574 674 τῆς
2620 604 2903 676 διαφορᾶς,
2940 605 3207 677 διαίρεσιν
3253 606 3348 660 τοῦ
3407 608 3696 680 ἀνθρώπου

2111 696 2210 749 οὑκ
2241 697 2546 763 εἰσάγουσι.
2583 697 2739 767 Μέρη
2774 697 2873 767 μὲν
2900 697 3007 768 γάρ
3044 699 3258 769 ρηοεῐεν
3288 699 3604 770 ἀνθρώπου,
3636 702 3696 755 οὑ

424 791 595 859 δήπου
631 791 730 859 μὲν
778 790 869 842 καὶ
900 790 1020 843 καθ’
1048 790 1218 845 ἐαυτὰ
1256 791 1354 863 τὴν
1388 791 1621 864 ὓπαρξιν
1666 792 1798 865 ἔχει.
1837 793 1999 845 Ὥστε
2041 789 2222 859 δῆλον,
2252 792 2333 844 ὅτι
2361 793 2422 845 οὑ
2445 794 2551 855 πᾶς
2578 792 2809 863 ἀριθμὸς
2830 792 2938 845 τῶν
3002 793 3387 847 ίδιοσυστάτων
3449 796 3701 867 πραγμά.

423 906 533 942 των
564 888 678 941 ἐστὶ
706 888 1021 959 δηλωτικός.

500 980 553 1031 7.
586 980 723 1033 Cum
758 991 940 1033 autem
974 989 1235 1048 praeterea
1296 989 1524 1051 propter
1549 981 1874 1037 divisionem
1909 997 2010 1037 na-

425 1082 667 1126 turarum
692 1082 745 1127 et
773 1073 1187 1141 proprietatum,
1236 1085 1483 1128 sanctam
1535 1086 1588 1129 et
1618 1076 2010 1130 meumeniram

423 1172 677 1230 quartam
704 1163 973 1232 synodum
999 1162 1291 1218 criminose
1320 1164 1700 1229 calumniaris,
1729 1166 1887 1235 quasi
1917 1165 2009 1221 illa

425 1252 663 1321 probans
696 1252 834 1308 duas
886 1263 1111 1309 naturas
1156 1264 1210 1309 et
1246 1255 1604 1325 proprietates
1658 1266 2002 1319 naturarum,

425 1344 759 1400 omnimodis
793 1362 916 1400 cum
944 1346 1198 1401 Nestorio
1233 1349 1541 1412 conveniat,
1571 1359 1891 1403 naturarum
1922 1348 2007 1402 di-

423 1439 689 1494 visionem
716 1440 1087 1507 iutroducens,
1112 1452 1504 1513 proptereaque
1537 1458 1642 1496 non
1678 1457 1800 1498 esse
1864 1444 2007 1499 hanc

423 1531 691 1601 synodum
728 1548 756 1585 a
794 1532 951 1587 nobis
1005 1533 1391 1602 recipiendam,
1442 1548 1539 1588 nos
1584 1535 2000 1603 respondentes,

425 1636 480 1680 et
505 1627 792 1683 divisionis
843 1629 1299 1701 proprietatisque
1334 1632 1597 1687 rationem
1624 1632 1999 1702 explanantcs,

421 1715 655 1771 dicimus
701 1716 904 1774 Christi
958 1728 1203 1779 naturas.
1261 1720 1514 1775 deitatem
1561 1737 1754 1792 nempe
1805 1732 1858 1777 et
1906 1723 2001 1777 hu-

423 1810 766 1876 manitatem,
804 1827 867 1865 ex
923 1813 1123 1883 quibus
1152 1822 1205 1868 et
1240 1814 1290 1867 in
1324 1814 1525 1884 quibus
1555 1816 1776 1870 unicum
1829 1818 1993 1885 hypo-

2192 978 2256 1043 ζ’.
2303 975 2523 1048 Ἐπειδὴ
2567 974 2623 1029 δὲ
2670 974 2763 1029 καὶ
2798 974 2926 1047 περὶ
2975 975 3293 1047 διαιρέσεως
3337 975 3446 1029 τῶν
3481 976 3694 1047 φύσεων

2120 1071 2214 1123 καὶ
2258 1069 2366 1122 τῶν
2401 1068 2681 1140 ίδιοτήτων
2705 1067 2896 1139 μῶμον
2930 1068 3172 1137 συνῆψας
3207 1071 3273 1139 τῇ
3319 1069 3449 1141 ἁγία
3484 1070 3580 1123 καλ⁵
3618 1073 3698 1123 οἰ-

2118 1165 2423 1234 κουμενικῇ
2475 1164 2714 1235 τετάρτῃ
2771 1161 2997 1232 συνόδῳ,
3031 1163 3105 1225 ὼς
3137 1160 3298 1232 δῆθεν
3332 1162 3568 1231 λέγουσα
3604 1162 3696 1217 δύο

2116 1255 2309 1325 φύσεις
2358 1254 2451 1308 καὶ
2494 1255 2766 1326 ἰδιότητας
2806 1255 2916 1308 τῶν
2950 1254 3192 1324 φύσεων,
3232 1254 3533 1320 ἐξάπαντος
3561 1273 3695 1326 συμ-

2114 1350 2283 1417 φωνεῖ
2303 1345 2381 1418 τῷ
2404 1344 2697 1418 Νεστορίῳ,
2721 1346 2982 1418 διαίρεσιν
3002 1346 3110 1400 τῶν
3134 1346 3348 1416 φύσεων
3369 1349 3692 1417 ἐμποιοῦσα,

2112 1438 2208 1491 καὶ
2242 1438 2329 1491 διά
2361 1437 2519 1491 τοῦτο
2564 1439 2663 1490 οὑκ
2691 1438 2835 1491 ἐστιν
2863 1437 3168 1492 άποδεκτέα
3207 1438 3344 1509 αῦτη
3400 1441 3433 1510 ὴ
3481 1438 3693 1503 σύνοδος

2112 1531 2243 1601 παρ’
2294 1529 2476 1602 ἡμῶν,
2512 1528 3085 1601 ὑπεραπολογούμενοι
3108 1527 3221 1597 οὑν,
3251 1532 3344 1585 καὶ
3372 1532 3695 1601 διασαφοῦν-

2106 1640 2193 1686 τες
2226 1622 2318 1675 τὸν
2352 1623 2481 1692 περὶ
2524 1621 2844 1693 διαιρέσεως
2893 1623 2989 1677 καὶ
3062 1623 3323 1693 ἰδιότητος
3368 1624 3549 1693 λόγον,
3590 1642 3693 1694 φα-

2108 1719 2227 1788 μὲν,
2278 1716 2378 1781 τὰς
2406 1717 2597 1787 φύσεις
2640 1717 2735 1770 τοῦ
2780 1716 3041 1788 Χριστοῦ,
3077 1718 3248 1788 ἦγοὺν
3278 1718 3422 1789 φημὶ
3448 1718 3548 1790 τὴν
3576 1718 3694 1771 θεός-

2101 1827 2239 1881 τητα
2285 1809 2378 1862 καὶ
2411 1811 2511 1879 τὴν
2545 1809 2963 1880 ἀνθρωπότητα,
3003 1808 3064 1875 ἐξ
3121 1802 3197 1863 ὧν
3223 1811 3317 1863 xui.
3350 1812 3408 1863 ἐν
3434 1804 3523 1875 αἷς
3558 1810 3585 1863 ὁ
3612 1805 3693 1873 εἷς

424 1908 638 1956 staseos
672 1901 837 1955 veluti
874 1910 1049 1956 totum
1093 1904 1552 1973 contemplamur,
1585 1904 1629 1959 si
1677 1904 1799 1973 quis
1840 1904 1998 1959 intel-

2107 1878 2206 1973 της
2236 1878 2589 1965 ὑποστάσεως
2635 1878 2711 1965 ῶς
2754 1878 2874 1965 ὅλος
2925 1900 3319 1971 ἐνθεωρεῖται,
3370 1903 3419 1954 εί
3466 1901 3567 1972 μὲν
3625 1904 3691 1972 τῇ

422 1990 564 2046 lectu
595 2002 647 2047 et
699 1994 930 2059 ratione,
958 1995 1343 2064 proprietates,
1375 1995 1620 2066 inquam,
1646 2012 1767 2051 cum
1789 1998 2002 2053 naturis

421 2080 691 2147 diviserit,
721 2098 829 2137 non
864 2098 994 2137 vero
1044 2086 1366 2139 exsistentia
1400 2096 1453 2140 et
1502 2096 1648 2151 actu,
1700 2102 1876 2157 neque
1908 2089 2003 2142 ab-

420 2170 608 2236 surde,
656 2187 833 2243 neque
884 2173 1154 2230 inerudite
1202 2174 1422 2243 fecerit;
1477 2176 1580 2232 hoc
1621 2178 1790 2243 enim,
1843 2188 1901 2234 ιιι
1927 2178 2000 2234 ita

421 2263 620 2329 dicam,
647 2280 839 2321 omnes
866 2266 1058 2325 Patres
1100 2281 1285 2339 aperte
1315 2270 1576 2327 clamant.
1618 2271 1759 2327 Audi
1792 2273 2001 2341 Grego-

420 2353 561 2408 rium
589 2347 925 2427 Tlfeologum
958 2360 1228 2415 dicentem
1263 2379 1276 2416 :
1312 2361 1444 2415 Cum
1476 2373 1685 2417 natura:
1713 2365 1996 2435 cogitatio-

422 2446 577 2501 nibus
624 2460 962 2519 separantur,
1018 2453 1426 2507 subdividuntur
1471 2464 1521 2508 et
1553 2457 1791 2520 nomina,
1839 2459 1997 2527 quasi

426 2537 652 2606 diceret,
694 2543 838 2612 quod
873 2544 1199 2613 cogitatione
1240 2547 1509 2602 asseritur
1539 2549 1599 2603 ﬁt
1634 2549 1700 2603 ad
1745 2549 1998 2605 dill‘eren-

419 2631 550 2684 tiam
581 2631 889 2699 divisionis,
922 2651 1045 2705 qua
1086 2646 1214 2691 actu
1276 2648 1329 2694 et
1376 2640 1695 2696 exsistcntia
1728 2652 1829 2707 est,
1852 2659 1993 2711 eam,

420 2740 587 2794 quam
623 2726 942 2796 longissime
982 2729 1305 2798 abjicientes
1345 2740 1469 2787 artu
1501 2734 1721 2803 quidem
1769 2745 1995 2793 naturas

418 2831 543 2872 esse
579 2827 633 2871 et
661 2818 767 2873 dici
800 2820 1040 2886 tradunt,
1073 2822 1267 2878 barum
1292 2840 1420 2879 vero
1446 2825 1771 2882 divisionem
1797 2828 1997 2897 cogita-

422 2908 570 2963 tione
588 2921 923 2980 acceperunt
956 2932 969 2966 :
1006 2928 1125 2983 quae
1151 2914 1314 2971 rebus
1344 2915 1477 2985 ipsis
1506 2916 1681 2972 divisa
1708 2931 1815 2972 non
1842 2927 1990 2981 sunt,

420 3003 679 3065 tanquam
716 2998 885 3054 divisa
923 3001 1133 3058 ratione
1162 3016 1535 3075 supponentes
1559 3017 1777 3077 propter
1801 3008 1995 3063 immu-

420 3083 635 3138 tabilem
673 3087 985 3155 unitorum,
1024 3092 1189 3146 etiam
1236 3104 1356 3163 post
1408 3096 1689 3162 unionem,
1736 3098 1993 3152 diil'eren-

417 3177 546 3230 tiam
583 3187 637 3232 ct
675 3184 1101 3251 proprietatem;
1154 3196 1209 3240 ιιι
1236 3186 1348 3256 jam
1408 3190 1614 3243 clarum
1647 3191 1739 3258 sit,
1784 3186 1887 3245 dici
1925 3190 1992 3245 de

417 3271 631 3327 naturis
663 3284 715 3327 et
747 3277 1171 3346 proprietatibus
1202 3279 1551 3347 divisionem,
1585 3299 1706 3352 quze
1728 3300 1792 3337 rx
1833 3285 1993 3338 intel-

414 3361 557 3416 lectu
583 3374 685 3429 est,
717 3382 893 3435 neque
923 3368 975 3421 in
1023 3384 1299 3439 quoquam
1337 3388 1367 3425 a
1412 3388 1540 3427 vero
1599 3377 1995 3444 aberrabimus,

416 3451 545 3506 licet
574 3453 641 3507 de
693 3470 756 3508 ea
786 3466 973 3510 sancta
1004 3467 1057 3511 et
1104 3460 1447 3516 mcumenica
1507 3473 1702 3531 quarta
1758 3468 1997 3535 synodus

418 3542 555 3596 nihil
578 3543 841 3610 tradidit;
877 3548 1238 3605 nihilominus
1267 3567 1369 3606 nos
1392 3553 1627 3609 dicimus
1655 3572 1667 3606 ε
1698 3572 1820 3609 eum
1851 3558 1997 3611 enim

416 3632 779 3703 integritatem
809 3638 1112 3709 hypostasis
1132 3643 1330 3699 Christi
1350 3648 1808 3715 contemplamur,
1827 3659 1997 3704 totum

421 3726 608 3780 animo
642 3729 936 3798 agitamus,
968 3734 1185 3801 quando
1211 3745 1381 3790 totum
1412 3753 1478 3792 ex
1510 3741 1758 3808 partibus
1794 3740 1997 3796 conﬂa-

421 3825 532 3880 tur,
562 3831 617 3873 ct
656 3821 708 3873 in
760 3822 1002 3891 partibus
1035 3826 1435 3893 consideratur,
1497 3840 1551 3883 et
1606 3840 1718 3886 tum
1781 3834 2000 3902 potissi-

422 3925 571 3963 mum
629 3927 751 3966 cum
816 3930 880 3967 cx
930 3914 1289 3973 dissimilibus
1346 3923 1714 3991 componitur,
1768 3928 2000 3982 servatis

420 4017 617 4071 nempe
674 4004 963 4061 iucoul'use
1015 4010 1262 4077 partibus
1322 4012 1373 4065 in
1415 4014 1635 4080 unione,
1692 4018 1909 4086 quando
1946 4028 2001 4073 et

416 4102 633 4161 partes,
688 4113 811 4166 quae
870 4098 925 4152 in
976 4109 1088 4155 toto
1136 4112 1291 4168 sunt,
1348 4106 1512 4161 totius
1561 4118 1901 4177 reputantur,
1950 4120 2002 4165 et

420 4187 778 4254 proprietates
845 4192 1083 4260 partium
1141 4194 1805 4265 totiusorcputabuntur,
1879 4201 2003 4257 licet

418 4279 653 4346 partium
688 4285 904 4352 propria
936 4300 1117 4340 sermo
1139 4288 1469 4357 cogitatione
1493 4291 1743 4347 dividens
1764 4294 1997 4363 judicat.

424 4370 591 4427 Verbi
628 4378 802 4443 gratia
833 4394 846 4430 :
884 4376 1048 4434 Visus
1090 4383 1143 4435 in
1177 4384 1441 4447 sensorio,
1477 4386 1636 4441 oculo
1663 4403 1857 4455 nempe
1886 4388 2025 4443 ﬁeri‘

419 4467 582 4533 solet,
611 4469 692 4524 sic
724 4471 885 4525 etiam
926 4474 1230 4531 ambulatio
1257 4477 1309 4531 in
1337 4479 1616 4544 cruribus,
1646 4482 1738 4535 sed
1764 4498 1873 4536 non
1918 4484 2002 4537 di-

2105 1992 2323 2063 ἐπινοίᾳ
2375 2009 2460 2054 τις
2502 1990 2596 2044 καὶ
2629 1991 2707 2059 τῷ
2739 1990 2884 2061 λόγῳ
2920 1990 3021 2053 τὰς
3057 1990 3328 2059 ίδιότητας
3390 1989 3531 2060 μετὰ
3583 1990 3694 2043 τῶν

2104 2083 2320 2152 φύσεων
2352 2083 2571 2155 διαιρεῖ,
2608 2083 2705 2136 καλ⁵
2754 2082 2853 2153 οὑχ
2885 2082 3115 2153 ὑπάρξει
3160 2082 3254 2136 καὶ
3287 2082 3560 2153 ἐνεργείᾳ,
3590 2083 3692 2136 οὑκ

2102 2174 2209 2239 ἔξω
2246 2175 2340 2228 τοῦ
2386 2175 2594 2238 είκότος
2639 2175 2911 2244 ποιήσειε⁶
2938 2173 3096 2227 τοῦτο
3144 2174 3254 2245 γὰρ
3294 2175 3485 2244 σχεδὸν
3517 2175 3703 2227 εἰπεῖν

2102 2264 2304 2327 πάντες
2350 2266 2402 2318 οἱ
2441 2264 2687 2335 Πατέρες
2742 2263 3042 2335 διαρρήδην
3078 2263 3405 2335 κεκράγασι.
3438 2263 3549 2317 Καὶ
3582 2265 3692 2334 γὰρ

2100 2357 2404 2429 Γρηγορίου
2433 2356 2527 2410 τοῦ
2558 2356 2821 2425 Θεολόγου
2870 2356 3102 2410 ἄκουσον
3156 2357 3429 2425 λέγοντοςο
3479 2354 3699 2411 Ἠνίκαι

2098 2454 2210 2524 τὰρ
2233 2456 2292 2508 al
2313 2456 2531 2523 φύσεις
2554 2455 2888 2508 διίστανται
2915 2453 3043 2519 ταῖς
3069 2453 3381 2519 ἐπινοίαις,
3413 2454 3692 2506 συνδιαιο

2090 2549 2340 2617 ροῦνται
2368 2548 2462 2601 καὶ
2497 2548 2568 2601 τὰ
2589 2549 2868 2617 ὀνόματα,
2901 2548 2976 2610 ὡς
3005 2541 3145 2599 εἶναι
3183 2548 3336 2617 τὸξτῇ
3362 2546 3578 2616 ἐπινοίᾳ
3602 2545 3689 2598 λε-

2097 2642 2348 2712 γόμενον,
2382 2645 2518 2713 πρὸς
2552 2641 2959 2711 άντιδιαστολὴν
3004 2644 3102 2711 τῆς
3134 2640 3254 2693 κατ’
3290 2641 3575 2709 ἐνέργειαν
3594 2640 3693 2693 καὶ

2099 2734 2334 2807 ὓπαρξιν
2384 2735 2723 2806 διαιρέσεως,
2772 2737 2838 2807 ἢν
2864 2736 2939 2799 ὡς
2972 2735 3318 2807 πορρωτάτω
3351 2733 3688 2801 ἀποπεμψά-

2098 2842 2248 2896 μενοι
2278 2828 2342 2895 τῇ
2396 2825 2495 2895 μὲν
2534 2823 2784 2895 ἐνεργείᾳ
2814 2824 2911 2885 τὰς
2940 2823 3130 2891 φύσεις
3180 2817 3322 2874 εἶναί
3354 2837 3413 2873 τε
3458 2820 3554 2871 καὶ
3588 2835 3692 2871 κα-

2094 2918 2304 2971 λεῖσθαί
2348 2935 2501 2987 φασι,
2528 2916 2626 2988 τὴν
2680 2917 2735 2970 δὲ
2769 2915 2971 2968 τούτων
3011 2914 3273 2983 διαίρεσιν
3302 2912 3424 2965 κατ’
3446 2912 3694 2964 ἐπίνοιαν

2094 3011 2323 3079 ἔλαϐον,
2354 3012 2424 3064 τὰ
2490 3010 2566 3081 μὴ
2630 3008 2931 3080 διῃρημένα
2981 3008 3092 3069 τοῖς
3139 3006 3459 3075 πράγμασιν
3508 3002 3583 3065 ὡς
3615 3002 3692 3054 δι-

2095 3104 2353 3178 ῃρημένα
2387 3101 2463 3173 τῷ
2521 3102 2662 3171 λόγῳ
2718 3098 3116 3168 ὑποτιθέμενοι,
3174 3096 3262 3149 διὰ
3295 3096 3392 3166 τὴν
3422 3095 3692 3166 ἄτρεπτον

2094 3195 2203 3248 τῶν
2238 3192 2669 3257 ἐνωΟέντων,καὶ
2703 3192 2837 3263 μετὰ
2871 3190 2968 3261 τὴν
2988 3190 3201 3255 ἕνωσιν,
3222 3188 3483 3259 διαφοράν
3500 3205 3557 3239 τε
3596 3205 3693 3244 και

2106 3287 2535 3356 ίδιότητα.’Ὢστε
2554 3285 2712 3354 δῆλόν
2736 3286 2850 3338 ἐστι
2877 3282 3056 3351 λέγειν
3079 3281 3171 3334 ἐπὶ
3220 3280 3327 3333 τῶν
3354 3279 3569 3347 φύσεων
3597 3279 3693 3332 καὶ

2097 3379 2207 3433 τῶν
2232 3380 2508 3447 ίδιοτήτων
2527 3377 2807 3447 διαίρεσιν,
2832 3374 2927 3446 τὴν
2950 3376 3069 3428 κατ’
3092 3374 3333 3426 ἐπίνοιαν
3361 3372 3686 3440 λεγομένην,

2101 3472 2198 3525 καὶ
2250 3471 2403 3524 οὐδὲν
2433 3470 2527 3523 τοῦ
2586 3470 2793 3533 εἰκότος
2824 3467 3294 3539 ἀποσφαλοίμεοα,
3328 3468 3375 3519 εί
3416 3470 3510 3519 καὶ
3564 3467 3695 3535 περὶ

2098 3563 2302 3633 ταύτης
2332 3564 2364 3632 ἡ
2391 3562 2520 3631 ἁγία
2540 3562 2630 3615 καὶ
2656 3561 3006 3631 οίκουμενικὴ
3029 3561 3264 3631 τετάρτη
3297 3559 3510 3621 σύνοδος
3534 3558 3690 3612 οὑδέν

2100 3655 2434 3725 ἐξεφώνησε,
2469 3655 2608 3725 πλὴν
2640 3650 2733 3707 οῦν
2784 3656 2947 3725 ἡμεῖς
2967 3654 3216 3723 λέγομεν.
3240 3655 3407 3706 Ὅταν
3454 3652 3567 3721 γὰρ
3609 3653 3691 3714 εἰς

2099 3750 2197 3819 τὴν
2217 3749 2446 3819 ὁλότητα
2472 3748 2569 3816 τῆς
2586 3746 2785 3818 κατάζΧ
2795 3746 2974 3818 ριστὸν
2997 3745 3343 3807 ὑποστάσεως
3365 3744 3691 3813 ἀποϐλέψω-

2103 3856 2226 3910 μεν,
2271 3838 2332 3892 τὸ
2381 3838 2502 3891 ὅλον
2532 3837 2995 3905 άνασκοποῦντες,
3026 3837 3212 3908 ἐπειδὴ
3254 3837 3312 3889 τὸ
3349 3836 3470 3889 ὅλον
3500 3836 3564 3887 ἐκ
3593 3852 3691 3904 με-

2106 3931 2215 4003 ρῶν
2272 3930 2581 3999 σύγκειται,
2627 3930 2721 3982 καὶ
2756 3931 2816 3982 ἐν
2850 3931 2960 3992 τοῖς
2999 3928 3190 3999 μέρεσι
3239 3928 3549 3997 Θεωρεῖται,
3596 3928 3691 3980 καὶ

2105 4023 2344 4094 μάλιστα
2374 4024 2505 4077 ὅταν
2554 4021 2612 4086 ἐξ
2656 4020 3071 4091 ἁνομοιομερῶν
3126 4021 3409 4088 σύγκειται
3454 4021 3514 4071 τὸ
3544 4019 3689 4078 ὅλον,

2104 4114 2430 4185 σωζομένων
2477 4114 2722 4181 δηλονότι
2784 4111 3105 4182 ἀσυγχύτως
3138 4111 3247 4164 τῶν
3292 4110 3475 4182 μερῶν
3525 4113 3585 4164 ἐν
3622 4114 3687 4181 τῇ

2104 4206 2313 4267 ἐνώσει,
2346 4206 2533 4275 ἐπειδὴ
2571 4206 2639 4258 τὰ
2673 4205 2811 4277 μέρη
2840 4206 2897 4256 ἐν
2922 4204 3000 4274 τῷ
3030 4203 3136 4273 ὅλῳ
3186 4203 3566 4273 ἐνυπάρχοντα
3595 4201 3690 4254 τοῦ

2104 4300 2230 4353 ὅλου
2290 4298 2621 4368 λογίζονται,
2659 4298 2753 4351 κοιλ⁵
2791 4296 2860 4349 τὰ
2908 4296 3173 4365 ἰδιώματα
3229 4295 3338 4346 τῶν
3379 4292 3566 4366 μερῶν
3596 4293 3693 4346 τοῦ

2103 4390 2227 4445 ὅλου
2255 4389 2693 4459 λογισθήσονται,
2729 4388 2778 4440 εἰ
2824 4386 2917 4440 καί¹
2952 4387 3059 4439 τῶν
3087 4385 3269 4455 μερῶν
3296 4385 3372 4446 ὼς
3408 4384 3515 4436 ίδια
3546 4376 3688 4434 εἶναι

2104 4486 2132 4536 ὁ
2158 4484 2311 4550 λόγος
2341 4486 2405 4552 τῇ
2436 4481 2649 4552 ἐπινοίᾳ
2676 4480 2905 4548 διαιρῶν
2944 4478 3137 4548 κρίνει·
3168 4472 3279 4531 οἷόν
3333 4477 3385 4530 τί
3416 4492 3582 4546 φημι·
3625 4474 3686 4527 Ἥ

418 4560 596 4643 cimus
628 4574 722 4617 aut
748 4568 971 4620 oculum
1004 4569 1213 4634 videre,
1242 4581 1337 4626 aut
1363 4588 1525 4627 crura
1549 4573 1867 4641 ambulare;
1902 4576 1994 4631 sed

2105 4576 2290 4647 ὅρασις
2324 4577 2381 4627 ἐν
2416 4573 2494 4643 τῷ
2530 4572 2895 4642 αἰσθητηρίῳ,
2929 4571 3097 4640 ἤγουν
3145 4567 3222 4638 τῷ
3248 4567 3537 4637 ὀφθαλμῷ,
3587 4565 3687 4618 πέ-

422 4649 607 4717 Ιιοιιιο,
639 4655 731 4723 qui
762 4671 825 4709 ea
863 4667 1123 4728 tanquam
1150 4670 1333 4727 partes
1358 4662 1619 4732 possidet,
1652 4665 1837 4720 videre
1865 4668 1999 4722 dici-

420 4754 511 4798 tur
555 4754 611 4799 et
644 4748 943 4803 ambulare.
988 4751 1187 4807 Eodem
1236 4754 1397 4809 modo
1451 4764 1505 4809 ct
1545 4755 1612 4810 de
1657 4756 1861 4812 Christi
1896 4758 1999 4829 hy-

419 4840 655 4907 postasi:
679 4857 913 4911 namque
949 4843 1014 4897 ad
1040 4846 1403 4915 integritatem
1436 4847 1579 4903 illius
1603 4849 1801 4903 mentis
1824 4850 1997 4903 aciem

420 4934 645 5003 ligentes
676 4933 908 4990 dicimus
935 4935 1187 5005 Ejusdem
1216 4942 1377 4994 unius
1404 4951 1606 4996 sancta:
1636 4940 1852 4997 Triadis
1878 4941 1998 4995 Filii

419 5024 514 5079 Dei
540 5036 668 5081 sunt
696 5036 750 5081 et
785 5045 873 5083 res
896 5030 1215 5086 mirabiliter
1237 5042 1421 5101 gestae,
1456 5043 1509 5087 et
1533 5034 1840 5103 passiones.
1879 5034 1996 5089 Etsi

419 5118 719 5171 secundum
751 5120 912 5173 aliam
946 5130 1150 5190 partem
1190 5124 1471 5192 passiones
1512 5124 1678 5187 subit,
1735 5124 1992 5178 Immani-

419 5219 583 5262 tatem
607 5210 838 5275 scilicet,
863 5214 1163 5267 secundum
1193 5215 1354 5268 aliam
1393 5216 1528 5269 mira
1560 5216 1744 5278 eilicit,
1774 5227 1831 5271 ut
1861 5219 2001 5287 ejus-

417 5303 540 5357 dem
578 5317 787 5359 natnrm
848 5300 973 5361 cum
1026 5307 1137 5362 Deo
1174 5316 1229 5363 et
1278 5308 1454 5374 Patre,
1513 5320 1567 5363 et
1631 5310 1832 5379 Spiritu
1892 5321 1996 5366 est.

420 5394 634 5452 Rursus
657 5408 859 5467 partes,
897 5414 957 5453 es
989 5401 1188 5467 quibus
1234 5411 1403 5455 totum
1444 5403 1814 5467 constituitur,
1869 5420 2001 5459 cou-

420 5490 651 5543 servatis
686 5490 793 5545 illis
824 5491 1112 5547 inconfose
1147 5494 1199 5546 in
1236 5495 1438 5547 unione
1469 5495 1903 5555 considerantes,
1940 5504 1993 5550 rt

420 5581 782 5637 dill'crcntiam
811 5585 865 5638 in
898 5586 1099 5640 unione
1138 5585 1498 5651 invenientes,
1537 5588 1626 5640 ubi
1672 5604 1799 5639 vero
1847 5589 2000 5642 did-'-

422 5677 621 5741 rcntia,
659 5678 857 5732 ibidem
896 5680 1121 5732 omnino
1143 5687 1196 5733 et
1224 5695 1487 5735 numerus
1512 5681 1896 5745 introducitur,
1926 5693 2004 5736 tot

423 5768 658 5825 dicimus
676 5784 856 5838 partes
874 5789 1013 5837 esse,
1041 5773 1251 5828 ratione
1270 5773 1632 5836 discriminis,
1659 5791 1758 5828 nec
1783 5792 1811 5827 a
1835 5791 2001 5842 svopo

427 5863 764 5920 aberramus.
820 5866 1270 5935 Quandoquidem
1305 5867 1434 5923 ttnio
1464 5877 1545 5921 est
1605 5884 1816 5932 eorum,
1880 5885 1998 5937 quae

2102 4682 2241 4735 φυκε
2273 4663 2542 4732 γίνεσθαι,
2592 4661 2855 4724 ὡσαύτως
2896 4660 2951 4713 δὲ
3006 4658 3096 4711 καὶ
3136 4661 3168 4729 ή
3213 4658 3418 4727 βάδισις
3469 4660 3525 4710 ἐν
3573 4660 3686 4720 τοῖς

2103 4757 2373 4809 σκέλεσιν
2409 4755 2524 4808 ἀλλ’
2556 4756 2616 4806 οὑ
2652 4754 2902 4823 λέγομεν,
2933 4754 3013 4805 ὅτι
3054 4751 3082 4802 ὁ
3112 4750 3385 4820 ὀφθαλμὸς
3407 4751 3528 4819 ὁρᾷ,
3558 4750 3590 4819 ἦ
3620 4748 3688 4801 τὰ

2104 4847 2269 4918 σκέλη
2304 4847 2533 4918 βαδίζει,
2552 4847 2667 4899 ἀλλ’
2698 4846 2984 4915 ἄνθρωπος
3009 4844 3037 4895 ὁ
3064 4843 3237 4896 ταῦτα
3266 4842 3403 4912 έχων
3435 4842 3511 4903 ὡς
3544 4842 3684 4911 μέρη

2100 4941 2320 5008 λέγεται
2353 4940 2573 5010 βλέπειν
2622 4939 2715 4991 καὶ
2775 4937 3031 5007 βαδίζειν.
3068 4935 3279 4987 Οὑτωσὶ
3326 4934 3420 4986 καὶ
3454 4932 3549 4984 ἐπὶ¹
3587 4933 3686 5001 τῆς

2103 5033 2454 5095 ὑποστάσεως
2475 5030 2568 5085 τοῦ
2596 5029 2858 5101 Χριστοῦ.
2894 5030 3063 5082 Ὅταν
3094 5027 3197 5096 γὰρ
3216 5025 3294 5087 εἰς
3326 5025 3424 5094 τὴν
3454 5022 3684 5091 ὁλότητα

2102 5127 2270 5195 αὐτῆς
2286 5125 2597 5194 βλέπωμεν,
2625 5122 2877 5191 λέγομεν,
2912 5117 3084 5170 Αὑτοῦ
3111 5116 3203 5168 τοῦ
3236 5115 3353 5178 ἐνὸς
3386 5115 3483 5182 τῆς
3520 5113 3684 5180 ἁγίας

2104 5218 2353 5288 Τριάδος,
2401 5216 2652 5270 τουτέστι
2702 5213 2797 5267 τοῦ
2847 5210 2977 5265 Υίοῦ
3022 5208 3116 5262 τοῦ
3158 5206 3318 5269 Θεοῦ,
3361 5206 3467 5258 sic!
3509 5206 3579 5257 τά
3624 5220 3683 5257 τε

2103 5310 2380 5381 θαύματα,
2419 5309 2515 5362 καὶ
2546 5308 2613 5360 τά
2664 5306 2838 5375 πάοη,
2876 5305 2923 5355 εί
2976 5302 3067 5355 καὶ
3118 5300 3235 5355 κατ’
3268 5300 3395 5353 ἄλλο
3425 5299 3592 5368 μέρος
3617 5297 3685 5350 τά

2104 5404 2252 5473 πάθη
2285 5403 2604 5473 ἀναδέχεται
2640 5400 2781 5454 κατὰ
2820 5400 2881 5450 τὸ
2923 5395 3286 5464 ἀνθρώπινον,
3322 5392 3442 5444 κατ’
3474 5391 3605 5443 ἄλλο
3630 5390 3686 5442 δὲ

2102 5497 2171 5549 τὰ
2223 5496 2426 5564 σημεῖα
2479 5494 2643 5555 ποιεῖ,
2676 5490 2752 5553 ὼς
2806 5486 3121 5557 ὁμοούσιος,
3153 5482 3395 5553 δηλονότι
3443 5480 3522 5550 τῷ
3566 5480 3686 5549 Θεῷ

2104 5589 2199 5641 καὶ
2231 5587 2427 5657 Πατρὶ,
2473 5586 2567 5638 καὶ
2594 5584 2674 5655 τῷ
2702 5581 3005 5651 Πνεύματι.
3037 5578 3205 5630 ’Ὅταν
3235 5575 3280 5627 δ’
3324 5572 3391 5627 αὖ
3423 5572 3585 5625 πάλιν
3607 5573 3685 5633 είς

2104 5681 2171 5733 τὰ
2213 5680 2378 5749 μέρη,
2412 5677 2471 5741 ἐξ
2513 5669 2588 5730 ὧν
2622 5674 2683 5729 τὸ
2732 5675 2849 5727 ὅλον
2878 5672 3181 5739 σύγκειται,
3225 5664 3547 5735 σωζομένων
3584 5664 3651 5715 αὑ

2104 5772 2215 5825 τῶν
2243 5771 2485 5842 δηλονότι
2536 5768 2859 5839 ἀσυγχύτως
2907 5768 2964 5819 ἐν
3004 5765 3070 5834 τῇ
3120 5762 3309 5817 ἐνὼσει
3365 5756 3685 5824 σκοπῶμεν,

2108 5866 2200 5920 καὶ
2244 5868 2347 5946 τῆς
2386 5863 2649 5933 διαφορᾶς
2680 5863 2736 5914 ἐν
2768 5863 2831 5930 τῇ
2862 5856 3073 5926 ἐνώσει,
3103 5848 3497 5923 εὑρισκομένης
3529 5845 3685 5917 (ὅπου
