3994 6600
234 404 351 469 609

1148 406 1582 468 REFUTATIO
1610 405 1994 470 EPISTOL/E
2025 408 2255 469 REGIS
2289 410 2683 471 ARMENI/E.

3405 423 3514 491 610

230 519 291 572 δὲ
338 514 592 591 διαφορὰ,
632 514 751 571 ἐκεῖ
780 518 1001 581 πάντως
1036 518 1127 573 καὶ
1159 520 1187 572 ό
1230 519 1463 591 ἀριθμὸς
1510 519 1827 589 συνεισάγε-

1935 522 2000 575 ad
2027 523 2235 593 aliquid
2262 534 2392 578 sunt
2422 542 2437 579 :
2470 527 2601 580 unio
2630 526 2776 582 enim
2801 541 3016 595 eorum,
3056 547 3175 601 qua!
3218 534 3513 607 runiuntur,

234 616 387 686 ται)’
414 616 659 686 δηλονότι
700 616 833 671 τόσα
867 618 1099 689 λέγομεν
1150 618 1220 671 τὰ
1254 617 1398 688 μέρη
1446 617 1714 689 ὑπάρχειν
1749 617 1828 688 τῷ

234 707 387 779 λόγῳ
426 710 528 778 τῆς
572 708 861 779 διαφορᾶς,
908 709 1004 764 καὶ
1048 709 1199 763 οὐδὲν
1233 709 1563 780 σφάλλομεν.
1608 708 1828 778 Ἐπειδὴ

236 803 274 871 ἡ
314 801 416 871 μὲν
446 801 639 865 ἓνωσις
666 801 777 855 τῶν
812 802 949 873 πρός
997 802 1050 855 τί
1094 803 1232 856 ἐστι.
1265 800 1377 855 Καὶ
1421 801 1529 873 γὰρ
1564 802 1597 873 ἡ
1636 801 1829 864 ἕνωσις

239 895 559 964 ὲνουμένων
614 896 760 947 ἐστὶν
815 895 1044 959 ἐνωσις,
1094 894 1187 947 καὶ
1231 894 1300 947 τὰ
1333 894 1598 964 ἐνούμενα
1637 892 1831 947 ὲνώσει

238 986 509 1039 ἐνοῦνται·
543 986 804 1049 ὡσαύτως
835 986 892 1040 δὲ
927 987 1020 1040 καὶ
1056 986 1117 1038 τὸ
1144 986 1300 1052 ὅλον,
1345 985 1528 1056 μερῶν
1560 985 1701 1049 ὅλον,
1735 985 1831 1039 καὶ

236 1082 308 1133 τὰ
349 1081 489 1151 μέρη
517 1080 640 1133 ὅλου
699 1081 861 1150 μέρη.
917 1080 998 1133 Τὰ
1052 1080 1109 1133 δὲ
1152 1079 1286 1149 πρός
1338 1097 1413 1143 τι,
1469 1079 1562 1133 ἐὰν
1602 1078 1830 1148 θάτερον

242 1174 501 1244 ἐνεργείᾳ
544 1167 612 1246 ᾖ,
660 1173 848 1225 καὶτὸ
905 1172 1091 1245 ἕτερον
1140 1172 1383 1243 δηλονότι
1444 1169 1503 1237 ἐξ
1560 1172 1828 1241 ἀνάγκης.

252 1266 412 1317 Ἐπεὶ
445 1264 537 1318 οὑν
564 1266 597 1336 ἡ
623 1264 763 1318 κατὰ
802 1265 1036 1336 Χριστὸν
1065 1264 1255 1335 ὁλότης
1280 1264 1373 1317 καὶ
1405 1264 1650 1335 ήένωσις
1677 1265 1831 1332 ἐνερ-

238 1358 370 1427 γείᾳ.
402 1358 660 1426 πρόσεστι
710 1357 802 1410 καὶ
834 1357 904 1410 τὰ
935 1357 1075 1426 μέρη
1106 1357 1365 1427 ἐνεργείᾳ
1386 1356 1622 1419 ἔσονται,
1664 1355 1760 1407 καὶ
1791 1356 1823 1425 ἡ

235 1449 447 1501 τούτων
502 1448 757 1517 διαφορά.
806 1449 870 1501 Εἰ
921 1448 978 1501 δὲ
1025 1446 1185 1501 τοῦτο
1226 1447 1447 1518 ἀληθὲς,
1497 1445 1686 1518 ὥσπερ
1738 1444 1832 1499 οὖν

235 1544 335 1595 καὶ
365 1542 582 1612 ἀληθὲς,
624 1543 652 1594 ὁ
692 1541 766 1612 μὴ
800 1540 1076 1612 ὁμολογῶν
1100 1542 1169 1593 τὰ
1195 1541 1337 1612 μέρη
1378 1540 1513 1593 τόσα
1546 1535 1705 1607 εἶναι,
1741 1540 1834 1609 δη-

234 1635 417 1687 λονότι
445 1635 563 1687 οὑδὲ
609 1634 669 1687 τὸ
696 1634 816 1688 ὅλον
859 1634 1085 1704 φήσειεν
1132 1626 1199 1687 ἂν
1229 1629 1391 1697 εἶναι,
1424 1633 1560 1686 ἀλλὰ
1589 1632 1697 1686 τῶν
1733 1649 1831 1703 με-

238 1729 353 1796 ρῶν
401 1730 499 1798 τῆς
541 1728 807 1797 διαφορᾶς
839 1726 1261 1797 ἀναιρουμένης,
1292 1726 1385 1779 καὶ
1429 1725 1490 1778 τὸ
1533 1727 1655 1779 ὅλον
1701 1726 1834 1795 φθα-

237 1823 493 1893 ρήσεται.
526 1821 636 1873 Καὶ
668 1818 748 1883 τίς
778 1818 844 1872 ἂν
876 1820 939 1872 οὑ
972 1820 1193 1890 συνήσει
1226 1818 1286 1871 τὸ
1324 1818 1559 1884 ἄτοπον;
1590 1816 1831 1888 Φανερδν

234 1918 368 1983 ἄρα,
398 1916 482 1966 ὅτι
530 1916 645 1967 ὅσοι
680 1912 779 1982 τὴν
829 1911 959 1981 μίαν
1008 1912 1310 1964 ὑπόστασιν
1343 1910 1439 1963 τοῦ
1471 1908 1711 1980 Χριστοῦ
1748 1909 1825 1972 ὡς

1931 614 2061 666 uuio
2079 623 2182 681 est,
2202 620 2388 685 etquae
2403 618 2691 685 uniuntur,
2715 621 2915 677 unione
2931 623 3211 679 uniuntur.
3235 626 3324 681 Sic
3346 631 3511 684 etiam

1910 713 2100 759 totum
2124 707 2361 775 partium
2391 716 2561 762 totum
2595 716 2699 775 est,
2727 721 2779 765 et
2809 720 2991 780 partes
3017 713 3182 768 totius
3206 725 3404 784 partes.
3439 718 3517 774 Ea

1928 812 2090 867 porro
2114 814 2236 868 qua:
2266 800 2332 854 ad
2368 801 2573 871 aliquid
2599 812 2748 868 sunt,
2786 806 2829 859 si
2864 821 3034 860 unum
3066 823 3128 861 cx
3158 808 3224 863 iis
3247 818 3369 863 actu
3406 816 3516 875 est,

1931 904 2155 943 necesse
2175 902 2277 957 est,
2312 901 2364 945 et
2389 893 2619 948 alterum
2643 909 2782 949 esse.
2811 896 2947 951 Cum
2993 898 3174 968 itaque
3194 900 3401 957 Christi
3432 900 3518 956 in-

1931 982 2154 1053 tegritas
2212 992 2267 1037 et
2311 985 2442 1039 unio
2488 996 2612 1040 actu
2647 997 2750 1053 est,
2783 999 2946 1044 erunt
2979 998 3034 1045 et
3078 1001 3260 1062 partes
3293 995 3519 1049 omnino

1929 1084 2077 1137 actu,
2109 1082 2162 1128 et
2185 1089 2376 1130 eorum
2401 1077 2714 1131 discrimen.
2754 1079 2864 1135 Hoc
2900 1082 2945 1137 si
2976 1098 3164 1139 verum
3187 1096 3289 1149 est,
3325 1103 3520 1156 quem-

1928 1166 2222 1221 admodum
2270 1182 2458 1222 verum
2524 1178 2627 1233 est,
2698 1173 2788 1241 qui
2834 1189 2941 1228 non
2998 1176 3288 1233 conﬁtetur
3338 1189 3519 1249 partes

1932 1266 2012 1312 tot
2040 1274 2181 1323 esse,
2217 1274 2397 1329 neque
2425 1268 2598 1315 totum
2639 1260 2906 1319 fatebitur
2936 1282 3078 1331 esse,
3126 1270 3219 1324 sed
3275 1271 3511 1340 partium

1932 1349 2237 1414 diﬂerentia
2270 1352 2506 1421 sublata,
2540 1362 2711 1408 totum
2736 1371 2957 1426 quoque
2985 1361 3248 1416 destruet.
3291 1364 3353 1417 Et
3385 1365 3515 1433 quis

1910 1442 2235 1498 absurdum
2298 1445 2376 1500 rei
2425 1447 2784 1519 ineptumque
2813 1466 2921 1506 non
2955 1454 3172 1521 capiet?
3206 1454 3361 1511 Patet
3411 1458 3517 1513 ita-

1932 1551 2037 1605 que
2059 1553 2175 1602 eos,
2200 1538 2294 1608 qui
2326 1554 2493 1594 unam
2521 1540 2727 1597 Christi
2754 1543 3114 1613 hypostasim,
3141 1549 3306 1602 veluti
3339 1558 3514 1605 totum

1932 1632 2205 1702 quoddam
2251 1650 2317 1688 ex
2388 1636 2590 1691 deitate
2644 1646 2698 1692 et
2753 1637 3092 1694 humanitate
3153 1645 3515 1711 compositum

1909 1726 2283 1795 proﬁtentur,
2322 1738 2504 1797 partes
2537 1730 2674 1786 duas
2703 1732 2914 1788 scilicet
2940 1744 3164 1791 naturas
3196 1738 3514 1792 necessario

1933 1816 2202 1883 fassuros,
2239 1818 2364 1873 licet
2392 1835 2487 1876 vos
2512 1822 2565 1876 id
2601 1823 2877 1878 abnuatis.
2928 1824 3082 1889 Quod
3133 1837 3320 1881 sancta
3353 1827 3519 1882 Chal—

1931 1908 2254 1963 cedoncnsis
2294 1913 2534 1981 synodus
2564 1913 2740 1983 palam
2777 1916 3162 1986 promulgavit.

232 2012 360 2064 ὅλον
395 2027 449 2060 τι
480 2010 545 2061 ἐκ
587 2007 840 2076 θεότητος
889 2007 981 2060 καὶ⁵
1017 2005 1456 2077 Ιὰνορωπότητος
1525 2003 1889 2074 συγκειμένην
1922 2002 2269 2074 ὁμολογοῦσι.
2316 2006 2408 2059 καὶ
2454 2006 2524 2060 τὰ
2568 2007 2709 2079 μέρη
2760 2009 2853 2062 δύο
2890 2009 3080 2078 φύσεις
3129 2011 3335 2068 εἴποιεν
3360 2014 3426 2068 ἂν
3455 2017 3517 2083 ἐξ

233 2105 506 2173 ἀνάγκης,
540 2102 643 2156 κᾶν
679 2102 839 2173 ὑμεῖς
876 2100 951 2174 μὴ
1006 2100 1293 2172 βούλησθε,
1342 2101 1477 2170 ὅπερ
1510 2100 1543 2170 ἡ
1588 2101 1646 2151 ἐν
1685 2097 1990 2169 Χαλκηδόνι
2024 2098 2153 2165 ἁγία
2199 2099 2421 2163 σύνοδος
2454 2102 2670 2170 τρανῶς
2704 2100 3035 2185 ἐξεφώνησε.

308 2197 380 2271 η’.
412 2198 485 2250 Τὸ
513 2197 570 2250 δὲ
607 2197 768 2250 πάλιν
809 2196 1115 2265 λέγειν,ὂτι
1153 2196 1221 2250 Ἠ
1267 2193 1515 2263 τετάρτη
1557 2192 1822 2258 σύνοδος

1995 2193 2053 2248 8.
2084 2192 2353 2248 Prmterea
2401 2194 2537 2247 illud
2598 2197 2749 2261 item,
2810 2207 3052 2266 quartam
3106 2200 3365 2267 synodum
3408 2218 3514 2255 una

231 2289 555 2359 συμφωνεῖ
578 2289 656 2355 τῷ
682 2289 1007 2356 Νεστορίῳ,
1040 2288 1129 2342 ὅτι
1161 2286 1271 2342 δύο
1294 2288 1514 2357 φύσεις
1536 2286 1829 2352 λέγουσα,

234 2384 516 2448 κάκεῖνος
551 2382 835 2447 ὡσαύτως
862 2381 971 2435 δύο
997 2381 1215 2450 φύσεις
1242 2380 1437 2449 λέγων
1456 2418 1470 2441 ,
1510 2375 1832 2446 ὁμοφρονεῐ

234 2478 319 2542 τῷ
376 2475 701 2542 Νεστορίῳ.
759 2472 936 2542 Πλὴν
980 2471 1368 2540 διαφέρονται
1428 2472 1518 2536 εὶς
1587 2471 1661 2522 τὰ
1714 2467 1826 2521 δύο

235 2567 554 2634 πρόσωπα,
593 2564 831 2617 ἐκείνου
864 2561 989 2632 ’μὲν
1038 2563 1328 2631 λέγοντος
1373 2561 1484 2615 δύο
1512 2560 1827 2629 πρόσωπα,

234 2655 432 2723 αὐτῆς
476 2654 544 2707 δὲ
579 2652 951 2720 δοξαζούσης
995 2652 1099 2707 ἐν*
1148 2653 1248 2707 καὶ
1297 2652 1395 2707 διὰ
1452 2652 1630 2706 τοῦτο
1686 2650 1831 2717 τοὺς

236 2746 609 2815 όρθοδόξους
646 2744 1032 2816 χλευάσασα,
1095 2744 1185 2798 ὅτι
1248 2745 1320 2799 οὐ
1369 2743 1712 2813 συμφρονεῖ
1750 2744 1830 2808 τῷ

235 2839 577 2906 Νεστορίῳ,
636 2836 862 2890 αὐτόθεν
923 2836 1314 2907 φανερωτάτην
1363 2836 1480 2906 ἔχει
1542 2837 1642 2906 τὴν
1706 2838 1830 2890 ἐπι-

238 2930 408 3000 ληψιν
469 2932 536 2982 ἐκ
611 2926 707 2981 τοῦ
783 2945 877 2981 σου
948 2928 1146 2996 λόγου,
1217 2928 1300 2981 ὅτι
1373 2929 1475 2997 οὑχ
1537 2929 1833 2998 ὁμοφρονεί

241 3027 323 3096 τῷ
386 3024 701 3095 Νεστορίῳ,
760 3021 944 3085 καθὼς
994 3022 1311 3092 ψευδοεπῶν
1360 3026 1713 3092 κατηγορεῖς.
1765 3021 1830 3075 Ei

218 3120 355 3190 ,γὰρ
401 3120 431 3170 ὁ
462 3119 559 3187 μὲν
606 3118 698 3171 δύο
747 3118 1015 3188 πρόσωπα
1059 3115 1293 3182 δοξάζει,
1328 3115 1570 3185 δηλονότι
1605 3115 1831 3179 καὶτὰς

236 3212 335 3264 δύο
358 3210 549 3280 φύσεις
589 3208 1005 3279 κεχωρισμένας
1054 3197 1458 3270 ἰδιοσυστάτους
1490 3205 1655 3270 οὑσας
1693 3208 1827 3276 ὁμου

238 3287 409 3372 λογεῖ,
442 3302 530 3356 διά
566 3320 648 3355 τοι
674 3301 833 3354 τοῦτο
860 3302 955 3354 καὶ
974 3300 1073 3372 τὴν
1106 3300 1302 3353 ἕνωσιν
1335 3298 1541 3353 τούτων
1572 3298 1829 3369 σχετικὴν

238 3396 411 3465 λέγει.
460 3396 525 3446 Ἦ
554 3394 609 3447 δὲ
638 3394 771 3462 ἁγία
800 3392 1039 3471 σύνοδος,
1072 3392 1147 3455 ὡς
1180 3393 1245 3445 σὺ
1280 3393 1406 3464 φὴς,
1443 3391 1503 3444 ἓν
1537 3391 1828 3459 πρόσωπον

240 3488 334 3539 καὶ
380 3484 512 3556 μίαν
544 3483 843 3537 ὑπόστασιν
894 3481 1251 3547 θεσπίζουσα,
1302 3480 1538 3551 φανερὸν
1586 3481 1671 3533 ὅτι
1727 3480 1827 3541 τὰς

1935 2301 2056 2338 cum
2107 2282 2358 2339 Nestorio
2391 2288 2604 2349 sentire,
2640 2288 2780 2357 quod
2813 2288 2947 2342 duas
2975 2304 3198 2344 naturas
3229 2292 3466 2360 fatentur
3495 2309 3514 2346 :

1929 2377 2177 2431 similiter
2204 2379 2367 2431 etiam
2416 2395 2537 2431 cum
2581 2380 2828 2434 Nestorio
2857 2383 3177 2435 concordare
3218 2385 3516 2455 quicunque

1933 2468 2069 2522 duas
2124 2480 2350 2525 naturus
2402 2471 2603 2540 fatetur
2634 2488 2653 2527 .'
2684 2474 2738 2527 in
2770 2492 2829 2529 eo
2865 2480 3229 2531 tantummodo
3277 2480 3513 2548 differre,

1928 2564 2066 2631 quod
2095 2563 2184 2616 ille
2209 2563 2363 2629 duas,
2401 2565 2636 2633 synodus
2671 2583 2832 2619 unum
2863 2579 3072 2622 tantum
3114 2587 3394 2639 personam
3430 2584 3509 2625 te—

1930 2662 2074 2715 neat,
2109 2663 2159 2707 et
2197 2669 2288 2721 per
2316 2653 2370 2706 id
2406 2654 2588 2722 fucum
2620 2656 2929 2709 orthodoxis
2965 2657 3171 2727 fecisse,
3205 2658 3427 2726 jactans
3455 2675 3510 2712 se

1930 2759 1963 2796 α
1998 2741 2252 2797 Nestorio
2281 2744 2584 2809 dissentire,
2615 2758 2680 2798 ex
2736 2754 2827 2798 tua
2877 2746 3050 2814 ipsius
3086 2746 3334 2799 oratione
3363 2761 3519 2814 aper-

1931 2837 2142 2891 tissime
2178 2836 2443 2891 refellitur
2465 2876 2480 2903 ,
2514 2838 3013 2907 comprobaturque
3052 2853 3171 2892 eam
3202 2853 3230 2890 a
3263 2835 3518 2891 Nestorio

1932 2929 2263 2997 discrepare,
2305 2929 2406 2983 etsi
2446 2930 2562 2998 ipse
2610 2929 2750 2983 falso
2777 2944 2895 2983 eam
2937 2928 3270 2984 Cl'irnittat'is.
3304 2928 3514 2981 Etenim

1929 3019 2239 3075 Nestorium
2272 3021 2411 3075 duas
2456 3030 2682 3075 naturas
2729 3021 3131 3075 existimantem
3192 3020 3369 3089 palam
3432 3029 3516 3073 est

1931 3114 2069 3167 duas
2100 3123 2326 3167 naturas
2351 3112 2600 3167 diversas
2649 3130 2744 3182 per
2794 3128 2852 3167 se
2904 3113 3268 3168 subsistentes
3313 3112 3512 3167 fateri:

1930 3205 2163 3274 ideoque
2193 3219 2383 3258 eorum
2446 3205 2704 3257 unionem
2771 3205 3072 3258 secundum
3137 3205 3513 3258 habitudinem

1932 3306 2112 3352 vocat.
2155 3297 2351 3351 Sancta
2412 3313 2540 3351 vero
2570 3299 2833 3368 synodus,
2872 3309 2925 3352 ut
2960 3309 3013 3352 tu
3053 3300 3153 3363 ais,
3191 3313 3352 3352 unam
3388 3313 3512 3367 pcr—

1930 3406 2122 3447 sonam
2158 3402 2212 3445 et
2270 3406 2434 3444 unam
2474 3391 2811 3461 hypostasim
2856 3392 3129 3456 sanciens,
3185 3392 3323 3445 duas
3356 3401 3517 3445 natu-

1936 3497 2028 3535 ras
2058 3482 2110 3534 in
2172 3497 2279 3535 una
2331 3496 2562 3551 persona
2611 3497 2705 3551 per
2759 3483 3056 3535 essmtiam
3107 3492 3161 3535 et
3215 3483 3518 3536 secundum

238 3579 433 3646 φύσεις
456 3578 515 3629 ἐν
563 3574 640 3646 τῷ
670 3575 750 3628 ἐνὶ
779 3573 1059 3645 προσώπῳ
1097 3574 1370 3638 οὐσιωδῶς
1404 3574 1499 3627 καὶ
1541 3571 1663 3627 καθ’
1695 3572 1830 3625 ὑπό-

1939 3576 2272 3645 hypostasim
2330 3576 2531 3637 unitas,
2573 3586 2632 3627 ut
2679 3575 2794 3642 ipse
2830 3576 2959 3628 mihi
2994 3577 3322 3645 persuadeo,
3360 3592 3511 3630 assc—

240 3687 433 3724 στασιν
458 3668 743 3740 ἡνωμένας
766 3669 902 3739 φαίη
929 3669 1015 3723 ἄν’
1052 3668 1110 3721 οὑ
1136 3667 1243 3738 γὰρ
1267 3668 1332 3722 ἂν
1363 3668 1536 3731 ἄλλως
1569 3666 1825 3736 ἐγχωρεῖ,

237 3762 332 3815 δύο
365 3761 557 3831 φύσεις
594 3760 777 3829 λέγειν
807 3762 863 3813 ἐν
898 3759 979 3813 ἐνὶ
1015 3758 1292 3829 προσώπῳ
1339 3760 1570 3830 καιμιᾷ
1598 3763 1664 3829 τῇ
1697 3760 1829 3813 ὑπο-

240 3857 453 3918 στάσει,
498 3854 546 3906 εῑ
586 3852 661 3924 μὴ
712 3851 837 3905 καθ’
875 3851 1174 3906 ὑπόστασιν
1214 3852 1308 3905 καὶ
1350 3850 1625 3913 ούσιωδῶς
1657 3851 1830 3921 ἦνων-

238 3966 348 4003 ται.
403 3948 467 4001 Εἰ
514 3946 570 3999 δὲ
604 3945 782 4011 τοῦτο,
822 3946 1054 4018 φανερὸν
1078 3945 1346 3999 δέδεικται
1383 3946 1449 3998 ἐκ
1482 3944 1577 3998 τοῦ
1610 3943 1705 3997 σοῦ
1737 3944 1827 3998 λό-

238 4058 360 4110 γου,
410 4041 492 4093 ὅτι
524 4040 583 4093 οὑ
625 4039 1041 4109 κεχωρισμένας
1074 4038 1173 4101 τὰς
1200 4038 1390 4108 φύσεις
1420 4038 1514 4092 καὶ
1542 4037 1642 4100 τὰς
1675 4037 1828 4107 ἐνερ-

239 4134 395 4203 γείας
450 4134 545 4186 ἐπὶ
590 4132 830 4203 Χριστοῦ
883 4132 1093 4204 λέγειὴ
1138 4132 1272 4201 ἁγία
1317 4133 1413 4186 καὶ
1463 4129 1825 4201 οἰκουμενικὴ

244 4227 483 4298 τετάρτη
539 4225 796 4292 σύνοδος,
850 4224 965 4299 ἀλλ’
998 4226 1286 4297 ήνωμένας
1341 4223 1465 4278 καθ’
1503 4223 1823 4277 ὑπόστασιν.

220 4319 356 4389 ,Καὶ
385 4318 564 4382 ἄλλως
611 4318 673 4371 τὸ
698 4317 852 4371 αὑτό·
914 4318 976 4371 Εἰ
1016 4317 1103 4370 διὰ
1154 4317 1253 4387 τὴν
1280 4316 1474 4369 ἕνωσιν
1503 4314 1599 4368 καὶ
1634 4316 1824 4386 μόνην,

243 4411 391 4478 λέγω
432 4410 496 4481 δὴ
539 4410 638 4481 τὴν
690 4410 811 4464 καθ’
855 4409 1153 4463 ὑπόστασιν
1179 4449 1193 4473 ,
1249 4408 1299 4461 οἱ
1340 4408 1439 4477 τῆς
1500 4406 1827 4477 Ἐκκλησίας

242 4501 497 4572 τρόφιμοι
536 4501 889 4573 διαφέρονται
914 4498 994 4571 τῷ
1036 4500 1340 4568 Νεστορίῳ,
1374 4496 1559 4562 καθὼς
1590 4503 1688 4552 καὶ
1713 4499 1741 4551 ὁ
1767 4500 1825 4552 ὲν

241 4596 423 4663 ἁγίοις
455 4592 722 4664 Κύριλλος
753 4593 972 4662 φάσκει,
1004 4594 1098 4647 καὶ
1138 4593 1199 4645 οὑ
1220 4592 1309 4645 διὰ
1337 4589 1437 4654 τὰς
1465 4590 1559 4645 δύο
1609 4589 1823 4660 φύσεις,

244 4687 308 4739 σὺ
353 4685 412 4738 δὲ
450 4684 611 4749 αὐτὸς
660 4685 815 4755 ἔφης,
871 4685 954 4737 ὅτι
1010 4684 1045 4755 ἡ
1099 4683 1318 4746 σύνοδος
1378 4681 1699 4753 διαφέρεται
1747 4681 1825 4753 τῷ

222 4776 527 4847 Νεστορίῳ
556 4776 697 4830 κατὰ
724 4776 783 4828 τὸ
817 4775 876 4830 ἓν
915 4776 1227 4844 πρόσωπον,
1275 4774 1371 4828 καὶ
1423 4774 1491 4828 τὰ
1532 4772 1655 4837 δύο,
1686 4774 1823 4844 ὅπερ

240 4872 389 4921 ποιεῖ
427 4868 487 4920 τὸ
525 4867 621 4937 μὲν
659 4866 737 4933 ἓν,
768 4867 880 4920 τῶν
916 4866 1132 4937 φύσεων
1165 4866 1262 4936 τὴν
1295 4866 1510 4932 ἕνωσιν,
1544 4866 1613 4919 τὰ
1638 4865 1695 4919 δὲ
1727 4864 1824 4918 δύο

239 4961 339 5031 τὴν
369 4959 659 5030 διαίρεσιν·
693 4958 927 5030 φανερὸν
972 4960 1054 5011 ὅτι
1088 4957 1229 5011 κατὰ
1256 4957 1317 5011 τὸ
1343 4957 1503 5029 ὀρθὸν
1548 4958 1649 5028 τῆς
1693 4956 1819 5009 Ἐκ-

243 5052 477 5122 κλησιας
518 5050 836 5122 διαφέρεται
867 5052 900 5122 ἡ
943 5049 1162 5113 σύνοδος
1195 5050 1274 5120 τῷ
1325 5049 1630 5120 Νεστορίῳ.
1665 5049 1728 5102 Εἰ
1763 5048 1821 5101 δὲ

239 5143 420 5206 τοῦτο,
472 5142 714 5213 δηλονότι
745 5142 867 5195 οὑδέ
919 5144 1218 5213 συμφωνεῖ.
1256 5141 1479 5205 ’Δδίκως
1521 5141 1629 5212 ἄρα
1670 5141 1821 5212 παρὰ

242 5234 337 5287 σοῦ
370 5238 813 5303 συκοφαντεῖται.
852 5235 963 5287 Καὶ
995 5235 1076 5289 ὅτι
1111 5233 1268 5287 τοῦτο
1298 5233 1518 5305 ἀληθὲς,
1551 5233 1825 5304 Κυρίλλου

242 5328 477 5379 ἄκουσον
501 5326 638 5396 πρὸς
674 5326 929 5397 Εὑλόγιον
957 5326 1023 5380 δι’
1054 5325 1345 5394 ἐπιστολῆς
1373 5326 1564 5388 αὑταῖς
1592 5324 1822 5389 λὲξεσιν’

255 5418 794 5487 Ἑπιλαμόἁνονται
811 5436 969 5485 τινες
986 5420 1095 5487 τῆς
1107 5418 1418 5483 ἐκθέσεως,
1437 5414 1517 5485 ἢν
1529 5417 1819 5485 πεποίην-

242 5528 335 5564 ται
357 5514 409 5565 οι
451 5512 817 5565 Ἀνατολικοι
837 5528 851 5542 ·
889 5514 989 5565 καί
1020 5527 1205 5581 φασι·
1247 5508 1350 5564 Διὰ
1378 5510 1435 5563 τί
1460 5509 1570 5564 δύο
1603 5510 1818 5579 φύσεις

242 5604 651 5672 ὀνομαζόντων
692 5603 913 5667 αὐτῶν,
955 5604 1250 5674 ἠνέσχετο
1305 5602 1404 5657 καὶ
1439 5603 1742 5671 ἐπῄνεσεν
1787 5606 1820 5659 ὀ

242 5694 349 5762 τῆς
384 5696 841 5765 Ἀλεξανδρείας
856 5713 875 5762 ;
895 5699 958 5750 Οἱ
985 5695 1051 5749 δὲ
1077 5698 1149 5750 τὰ
1173 5697 1499 5765 Νεστορίου
1521 5694 1817 5764 φρονοῦν-

226 5804 336 5853 ,τες
388 5789 645 5858 λέγουσι
690 5790 971 5845 κάκεῖνον
1014 5790 1168 5844 οὕτω
1199 5788 1463 5859 φρονεῖν,
1511 5786 1815 5857 συναρπά-

244 5878 439 5951 ζοντες
468 5883 613 5950 τοὺς
644 5885 754 5939 οὐκ
787 5884 1018 5950 εἰδότας
1049 5884 1114 5939 τὸ
1137 5882 1396 5953 ἀκριϐές.
1431 5880 1555 5951 Χρὴ
1595 5878 1664 5933 δὲ
1693 5879 1817 5945 τοῖς

1934 3679 2189 3722 veratura
2221 3676 2301 3722 est
2330 3687 2341 3721 :
2374 3683 2550 3736 neque
2579 3667 2723 3722 enim
2762 3668 2877 3722 ﬁeri
2931 3677 3111 3738 potest
3178 3669 3315 3724 duas
3346 3677 3513 3722 natu-

1934 3777 2024 3816 ras
2058 3762 2110 3814 in
2146 3777 2252 3815 una
2280 3776 2518 3830 persona
2583 3769 2639 3816 et
2674 3776 2782 3815 una
2821 3762 3101 3832 bypostasi
3147 3762 3352 3828 dicere,
3407 3761 3514 3815 nisi

1931 3869 2009 3908 eae
2067 3855 2366 3908 secundum
2411 3853 2745 3925 hypostasim
2790 3866 2844 3908 et
2877 3854 3171 3909 essentiam
3226 3854 3509 3907 uniantur.

1931 3947 2084 4013 Quod
2116 3946 2160 4000 si
2197 3947 2245 3999 id
2282 3948 2483 4000 nemini
2511 3946 2738 4000 dubium
2771 3954 2873 4006 est,
2905 3960 2971 3999 ex
3021 3956 3108 3998 tua
3162 3944 3334 4013 ipsius
3395 3959 3515 3997 ora-

1932 4041 2080 4095 tione
2103 4041 2531 4102 demonstratur,
2566 4052 2673 4090 non
2694 4045 2979 4104 separatas
3028 4046 3251 4089 naturas
3278 4045 3330 4088 et
3355 4045 3511 4089 actus

1932 4134 1985 4188 in
2010 4133 2230 4186 Christo
2256 4133 2437 4185 dicere
2459 4137 2704 4183 sanetam
2748 4139 2803 4181 et
2832 4127 3224 4181 (ecumeuicam
3257 4136 3508 4195 quartam

1930 4223 2222 4296 synodum,
2273 4220 2368 4275 sed
2417 4219 2601 4273 unitas
2629 4218 2929 4272 secundum
2994 4217 3352 4288 hypostasim.
3389 4217 3508 4271 Alia

1929 4316 2092 4371 etiam
2114 4313 2328 4367 ratione
2353 4312 2405 4365 id
2426 4311 2565 4366 idem
2594 4312 2878 4381 probatur.
2912 4308 2967 4364 Si
2996 4318 3216 4379 propter
3244 4309 3504 4363 unionem

1930 4406 2128 4472 solam,
2151 4420 2270 4459 eam
2305 4404 2590 4470 duntaxat,
2623 4418 2747 4472 qua:
2807 4401 3110 4456 secundum
3163 4401 3501 4472 hypostasim

1927 4507 2030 4564 est,
2056 4508 2109 4553 et
2139 4513 2247 4553 non
2280 4508 2499 4568 propter
2534 4497 2670 4551 duas
2698 4504 2927 4550 naturas
2978 4493 3236 4549 Ecclesia:
3291 4495 3500 4547 alumni

1928 4608 2054 4649 cum
2089 4590 2342 4646 Nestorio
2372 4591 2726 4652 altercamur,
2779 4598 2840 4643 ut
2884 4596 3110 4643 sanctus
3148 4585 3383 4657 Cyrillus
3418 4600 3506 4639 re-

1902 4686 2054 4751 ‘fert,
2090 4694 2146 4739 tu
2175 4698 2394 4754 quoque
2435 4683 2554 4752 ipse
2616 4680 2898 4736 aﬂirmasti
2955 4678 3225 4751 synodum
3262 4677 3329 4732 de
3378 4692 3505 4747 pcr-

1900 4791 2063 4833 vsona
2098 4775 2255 4830 unica
2297 4784 2351 4828 et
2410 4773 2536 4827 bina
2591 4788 2714 4827 cum
2773 4771 3026 4826 Nestorio
3086 4771 3233 4825 litem
3285 4770 3504 4832 habere,

1928 4883 2159 4939 quarum
2195 4882 2299 4921 una
2345 4866 2603 4920 unionem
2638 4877 2958 4919 naturarum
3014 4862 3196 4929 ellicit,
3229 4862 3337 4914 duo
3368 4860 3506 4914 diri-

1930 4964 2164 5025 sionem,
2191 4961 2369 5031 palam
2392 4968 2497 5034 est,
2533 4959 2833 5013 secundum
2866 4966 3065 5012 rectam
3094 4953 3354 5008 Ecclesiae
3381 4967 3511 5006 sen-

1928 5054 2153 5109 tentiam
2189 5051 2456 5123 synodum
2505 5046 2759 5103 Nestorio
2792 5044 3092 5111 adversari,
3125 5057 3302 5112 eoque
3358 5048 3510 5109 patet

1926 5144 2337 5201 evidentissime
2366 5140 2613 5196 eamdem
2639 5154 2763 5193 cum
2800 5152 2865 5191 eo
2895 5151 3004 5190 non
3041 5133 3355 5189 convenire.
3396 5130 3503 5185 lm—

1928 5237 2127 5292 merilo
2162 5237 2346 5305 itaque
2379 5236 2475 5287 abs
2510 5240 2562 5286 te
2591 5239 2646 5285 et
2701 5227 3042 5284 calumniose
3103 5222 3503 5295 proscinditur.

1926 5330 2043 5385 Hoc
2064 5344 2227 5399 porro
2256 5342 2443 5381 verum
2476 5339 2599 5379 esse
2653 5321 2780 5376 audi
2816 5336 2846 5375 a
2899 5317 3105 5389 Cyrillo
3152 5314 3381 5386 epistola
3435 5314 3505 5367 ad

1928 5421 2216 5491 Eulogium
2265 5420 2352 5474 his
2390 5418 2579 5477 iisdem
2637 5414 2820 5471 verbis
2849 5414 3155 5482 loquentem
3187 5427 3200 5462 :
3236 5408 3501 5461 Accusant

1927 5512 2175 5569 nonnulli
2231 5511 2631 5579 expositionem,
2695 5524 2855 5578 quam
2892 5503 3195 5562 Orientales
3244 5504 3500 5570 fecerunt,

1927 5607 2199 5674 aiuntque,
2235 5602 2409 5668 Quam
2435 5603 2497 5655 ob
2530 5616 2748 5655 causam
2787 5601 2921 5653 duas
2962 5606 3182 5651 naturas
3214 5594 3324 5648 illis
3355 5609 3503 5647 asse-

1928 5696 2165 5752 rentibus
2189 5694 2467 5756 sustinuit,
2518 5708 2890 5762 assensumque
2928 5690 3153 5760 prwbuit
3187 5685 3505 5742 Alexandri-

1925 5789 2075 5845 nus?
2111 5788 2217 5852 Qui
2257 5802 2374 5839 vero
2411 5785 2722 5839 Nestorium
2745 5793 3054 5852 sequuntur,
3112 5780 3351 5842 tradunt,
3383 5792 3503 5830 eum

1925 5883 2020 5936 hoc
2054 5880 2189 5935 idem
2217 5887 2407 5945 tenere,
2438 5895 2547 5943 eos,
2578 5878 2667 5947 qui
2715 5893 2820 5930 rem
2850 5890 3044 5930 meram
3075 5890 3177 5928 non
3226 5878 3500 5933 noverunt,
