3994 6628
551 446 650 513 611

1815 443 2109 504 ΝΙΩΕΤΑΕ
2146 442 2547 502 BYZANTINI

3694 443 3800 508 612

551 556 816 625 rapientes
840 553 893 608 in
932 553 1175 624 fraudem
1203 569 1220 608 :
1252 554 1710 625 reprehensoribus
1748 569 1868 608 vero
1901 570 2118 622 respon-

2243 551 2640 622 ιεμφομένοις,
2685 551 2884 605 ἐκεῖνα
2919 551 3143 622 λέγειν,
3183 553 3273 608 ὅτι
3321 556 3393 608 οὐ
3442 553 3664 617 πάντα,
3691 558 3804 610 ὅσα

551 645 782 699 dandum
803 653 900 707 est,
924 642 1045 698 Non
1064 645 1238 698 omnia
1268 660 1584 715 qua'cunque
1601 645 1835 699 Itwretici
1867 647 2114 712 tradunt,

555 736 806 806 fugienda
841 736 1156 806 vitandaque
1195 746 1318 790 sunt
1357 752 1375 790 :
1416 736 1589 790 multa
1631 738 1769 790 enim
1814 738 1915 805 ipsi
1951 737 2120 807 proﬁ-

547 839 752 893 tentur,
788 845 903 896 qua:
932 838 980 882 et
1009 845 1100 882 nos
1131 830 1464 898 proﬁtemur,
1504 829 1946 899 quemadmodum
1994 830 2123 882 dum

554 923 736 974 dicunt
766 922 954 974 Ariani
991 922 1054 974 de
1081 921 1260 986 Patre,
1297 919 1519 975 Creator
1536 929 1615 974 est
1653 920 1910 982 omnium.
1932 929 1981 974 et
2015 919 2122 973 Do-

556 1012 754 1064 minus.
796 1009 934 1062 Nam
975 1021 1255 1079 propterea
1280 1025 1374 1063 nos
1403 1014 1501 1064 lia:
1539 1024 1682 1064 voces
1724 1009 1988 1063 declinare
2030 1009 2124 1062 de-

557 1102 734 1156 bemus
765 1101 791 1154 ?
849 1099 939 1156 Sic
978 1111 1026 1155 et
1077 1102 1139 1156 de
1171 1101 1442 1166 Nestorio,
1476 1103 1598 1155 licet
1622 1101 1802 1154 tradat
1843 1101 1978 1155 duas
2035 1113 2127 1154 tta-

551 1205 724 1258 turas,
744 1193 1025 1247 discrimen
1054 1194 1230 1246 carnis
1258 1203 1308 1247 et
1327 1194 1420 1247 Dei
1447 1192 1597 1247 Verbi
1622 1194 1842 1246 innitens
1862 1208 1880 1257 ;
1903 1211 2124 1264 namque

557 1286 669 1338 alia
702 1297 776 1338 est
827 1283 980 1339 Verbi
1050 1299 1266 1349 natura,
1317 1287 1429 1340 alia
1473 1288 1688 1351 carnis;
1744 1295 1799 1339 at
1841 1302 1944 1340 non
2000 1288 2123 1341 item

537 1381 806 1433 unionem
849 1380 1123 1432 nobiscum
1171 1381 1360 1448 probat
1407 1393 1426 1432 :
1485 1396 1579 1432 nos
1623 1380 1811 1433 etenim
1866 1381 2122 1446 unientes,

555 1485 719 1523 unum
755 1470 918 1525 Deum
950 1473 1210 1538 novimus,
1235 1486 1508 1541 unumque
1536 1470 1701 1524 Deum
1731 1471 1970 1525 eumdem
2000 1489 2122 1542 pro-

556 1559 789 1627 ﬁtemur.
849 1559 916 1614 Et
962 1561 1150 1630 paucis
1203 1560 1542 1630 iuterjectis:
1587 1559 1765 1626 Quare
1813 1570 2126 1615 naturarum

557 1651 844 1706 discrimen
877 1666 1178 1721 agnoscere,
1211 1665 1315 1730 non
1341 1661 1419 1704 est
1453 1649 1722 1705 Christum
1746 1666 1910 1705 unum
1937 1652 1991 1706 in
2020 1653 2126 1708 duo

561 1741 910 1798 subdividere.
946 1745 1014 1798 Et
1051 1743 1120 1798 ad
1152 1742 1461 1798 Nestorium
1506 1743 1595 1799 hic
1637 1759 1831 1799 rursus
1886 1746 2078 1800 scribit
2109 1762 2123 1800 :

562 1832 646 1888 Ne
673 1835 876 1888 dividas
901 1845 1145 1899 naturas,
1179 1843 1303 1904 post
1330 1834 1588 1892 unionem
1631 1836 1857 1903 scilicet,
1914 1837 2122 1892 aliena-

562 1925 723 1992 tione,
752 1941 855 1979 non
889 1926 1276 1980 numeratione.

635 2191 689 2245 9.
733 2190 868 2246 Cum
933 2201 1115 2248 autem
1179 2193 1515 2252 incusaveris
1571 2206 1818 2252 sanctam
1878 2207 2130 2268 quartam

568 2283 834 2354 synodum
873 2291 1130 2354 tanquam
1167 2301 1254 2340 res
1279 2302 1447 2343 novas
1485 2289 1858 2355 inducentem,
1899 2292 2133 2362 ideoque

561 2391 672 2432 una
729 2391 854 2433 cum
897 2375 1150 2434 Nestorio
1175 2379 1550 2436 sentientem:
1605 2399 1784 2453 neque
1830 2393 2040 2440 tantum
2079 2385 2132 2440 id

559 2467 865 2532 atlirmasti,
901 2469 993 2524 sed
1031 2471 1206 2524 sancti
1236 2471 1440 2528 Leonis
1466 2469 1743 2544 pontiﬁcis
1777 2491 1843 2531 ex
1877 2478 2132 2546 epistola,

563 2574 669 2628 qua
726 2569 918 2629 quarta
983 2561 1222 2631 synodus
1297 2567 1641 2622 constabilita
1693 2577 1818 2635 est,
1871 2585 1970 2624 nec
2025 2586 2132 2625 non

564 2651 807 2720 ejusdem
837 2653 1030 2721 synodi
1053 2653 1284 2709 Nestorii
1309 2656 1469 2712 dictis
1497 2659 1785 2715 uniformia
1805 2663 2131 2731 produxisti,

566 2754 625 2796 ut
655 2743 776 2798 inde
807 2744 1033 2813 colligas
1070 2746 1342 2816 pontiﬁcis
1365 2748 1566 2806 Leonis
1613 2754 1922 2822 epistolam,
1967 2771 2136 2825 quar-

567 2841 787 2904 tamque
840 2834 1016 2904 ipsam
1077 2839 1350 2908 synodum
1388 2857 1495 2896 non
1557 2843 1832 2899 absimilia
1885 2844 2137 2902 Nestorio

569 2925 850 2991 statuisse,
906 2941 1006 2996 age
1057 2927 1171 2985 haec
1223 2932 1412 2986 eadem
1454 2933 1508 2988 in
1558 2936 1796 2990 medium
1859 2941 2137 3008 proposita

569 3017 992 3087 perpendamus,
1029 3033 1118 3084 an,
1153 3032 1208 3076 ut
1240 3025 1355 3093 ipse
1402 3026 1506 3088 ais,
1563 3031 1854 3094 sententia,
1891 3029 2139 3087 Nestorio

569 3109 870 3164 eonformia
897 3113 1269 3184 alloquuntur,
1301 3131 1369 3170 an
1403 3133 1585 3176 secus.
1621 3121 1986 3178 Auctoritates
2017 3141 2138 3180 ver-

569 3201 802 3259 holeuus
851 3207 924 3260 ita
990 3223 1050 3263 se
1093 3209 1310 3264 habent.
1371 3209 1572 3268 Scribit
1620 3213 1903 3272 Nestorius
1963 3219 2139 3288 primo

569 3297 833 3352 orationis
858 3314 972 3355 suae
999 3303 1366 3371 praeceptoria:
1386 3305 1561 3372 capite
1593 3324 1605 3360 :
1639 3306 1757 3377 Ipse
1786 3310 2139 3367 immutabile:

571 3387 706 3440 duas
732 3401 952 3444 naturas
985 3391 1079 3445 Dei
1107 3393 1374 3462 proﬁteor,
1397 3394 1565 3449 Deum
1595 3414 1770 3452 verum
1788 3400 1977 3470 deiDco
2003 3420 2138 3468 vero,

569 3489 614 3530 et
641 3478 906 3535 hominem
953 3484 1245 3554 perfectum
1282 3502 1348 3540 ea:
1382 3489 1494 3556 [ilio
1541 3489 1714 3544 David
1762 3502 1812 3546 et
1848 3492 2138 3551 Abraham.

576 3566 780 3623 Scribit
804 3571 929 3626 item
961 3575 1014 3628 in
1039 3591 1135 3629 sua
1159 3578 1382 3648 epistola
1417 3581 1521 3635 hoc
1551 3581 1714 3637 modo
1745 3601 1760 3638 :
1817 3583 1982 3639 Deum
2034 3589 2144 3655 ipse

573 3665 844 3732 proﬁteor,
889 3683 1110 3739 namque
1142 3672 1396 3740 scriptum
1434 3684 1512 3728 est
1553 3691 1572 3730 :
1615 3675 1682 3730 In
1713 3679 1971 3749 principio
2014 3681 2144 3736 Ver-

577 3755 720 3819 bum,
753 3756 1013 3812 hominem
1048 3777 1249 3831 quoque
1276 3765 1548 3834 proﬁteor,
1589 3769 1726 3837 quod
1767 3768 1986 3825 Verbum
2019 3791 2144 3829 caro

577 3844 782 3913 factum
811 3859 914 3914 est,
945 3859 995 3903 et
1027 3853 1285 3910 habitavit
1318 3858 1369 3908 in
1398 3857 1568 3913 nobis.
1609 3859 1751 3916 Ante
1773 3862 1880 3917 alia
1904 3862 2142 3920 Nestorii

576 3938 739 3992 \erba
815 3943 1212 4009 examinmnus,
1277 3959 1491 4004 rectene
1538 3965 1605 4004 an
1658 3968 1817 4010 secus
1861 3958 2141 4012 enuntiata

578 4029 704 4084 sint.
737 4028 980 4102 Namque
1009 4033 1151 4089 Duas
1178 4035 1329 4091 Verbi
1361 4049 1582 4095 naturas
1607 4041 1843 4098 absolute
1869 4046 2144 4115 proﬁteor,

575 4120 779 4184 dicere,
837 4139 1012 4194 neque
1082 4139 1206 4195 post
1253 4129 1686 4187 incarnationem
1757 4136 2142 4205 determinare,

576 4212 721 4266 haud
778 4223 924 4270 recte
953 4216 1158 4271 dictum
1218 4235 1339 4275 esse
1395 4221 1629 4278 videtur.
1695 4225 2143 4299 Quandoquidem

573 4304 944 4372 sempiternus
1009 4305 1182 4363 Filius
1236 4320 1289 4365 et
1339 4310 1576 4369 Verbum
1625 4314 1717 4372 Dei
1769 4329 1896 4375 ante
1924 4336 2144 4378 carnem

575 4409 915 4467 assumptam
976 4402 1138 4457 unius
1184 4411 1415 4470 naturae,
1471 4408 1670 4464 divina:
1698 4413 1927 4477 scilicet,
1977 4416 2147 4471 solius

575 4497 694 4540 erat
721 4505 733 4541 :
761 4499 882 4557 post
937 4490 1398 4561 incarnationem,
1447 4508 1502 4553 et
1540 4512 1786 4558 nostram
1829 4511 2141 4578 assumpsit.

2220 644 2518 712 λέγουσιν
2545 647 2598 696 οἱ
2636 645 2944 712 αἰρετικοὶ,
2975 647 3222 715 φεύγειν
3264 645 3363 699 καὶ
3393 647 3804 714 παραιτεῖσθαι

2221 737 2358 806 χρὴ.
2383 737 2593 790 Πολλὰ
2606 738 2715 807 γὰρ
2737 740 3162 809 ὁμολογοῦσιν,
3177 733 3262 792 ὧν
3282 739 3380 792 καὶ
3404 739 3571 808 ἡμεῖς
3597 745 3806 810 ὁμολο-

2221 829 2466 897 τοῦμεν,
2498 823 2628 882 οἶον
2675 830 2820 884 ὅταν
2856 831 3118 901 λέγωσιν
3150 834 3205 886 οι
3245 832 3518 900 Ἆρειανοὶ
3548 835 3654 886 τὸν
3689 837 3807 887 Πα-

2222 920 2383 988 τέρα,
2414 924 2784 994 Δημιουργός
2809 924 2939 977 ἐστι
2967 924 3088 978 τῶν
3118 925 3280 996 ὅλων
3309 925 3403 978 καὶ
3451 927 3681 992 Κύριος.
3711 927 3807 994 Μὴ

2222 1013 2320 1067 διὰ
2343 1015 2520 1068 τοῦτο
2550 1018 2799 1084 φεύγειν
2827 1015 2977 1085 ἡμᾶς
3016 1017 3355 1071 ἀκόλουθον
3391 1018 3496 1084 τὰς
3535 1020 3810 1084 τοιαύτας

2225 1109 2582 1176 όμολογίας;
2617 1109 2812 1174 Οὕτως
2849 1109 2947 1162 καὶ
2994 1110 3092 1162 ἐπὶ
3126 1112 3475 1178 Νεστορίου,
3511 1110 3626 1164 κᾶν
3659 1111 3809 1178 λέγῃ

2225 1199 2335 1254 δύο
2372 1202 2588 1269 φύσεις
2619 1201 2732 1268 τὴν
2757 1200 3049 1270 διαφορὰν
3088 1203 3402 1269 σημαίνων
3446 1202 3554 1266 τῆς
3583 1203 3811 1270 σαρκὸς

2225 1295 2322 1346 καὶ
2351 1294 2456 1348 τοῦ
2489 1294 2636 1348 Θεοῦ
2661 1296 2858 1362 Λόγου
2889 1294 3083 1362 (ἑτέρα
3113 1296 3222 1362 γὰρ
3258 1295 3295 1362 ἡ
3334 1295 3438 1348 τοῦ
3469 1296 3664 1364 Λόγου
3697 1297 3810 1364 φύ-

2226 1405 2346 1454 σις,
2388 1388 2482 1440 καὶ
2515 1387 2685 1457 ἑτέρα
2717 1387 2754 1454 ἠ
2805 1383 2908 1456 τῆς
2951 1388 3226 1454 σαρκὸς),
3257 1389 3396 1442 ἀλλ’
3423 1390 3534 1443 οὐκ
3563 1391 3650 1444 ἔτι
3697 1391 3812 1459 τὴν

2225 1481 2447 1534 ἕνωσιν
2471 1479 2755 1549 ὁμολογεῖ
2760 1479 3082 1548 μεθ’ἡμῶν.
3099 1479 3290 1548 Ἡμεῖς
3318 1479 3426 1549 γὰρ
3450 1480 3807 1548 ἑνώσαντες,

2237 1573 2344 1627 ἕνα
2375 1573 2523 1626 Θεὸν
2549 1572 2816 1640 οἴδαμεν,
2847 1572 2955 1625 ἕνα
2986 1574 3205 1640 Κύριον
3242 1573 3349 1626 τὸν
3380 1572 3570 1625 αὑτὸν
3601 1575 3814 1639 ὁμολο-

2227 1664 2470 1733 γοῦμεν.
2516 1662 2626 1715 Καὶ
2670 1660 2810 1731 μετὰ
2854 1660 3080 1731 βραχέα·
3117 1660 3356 1714 Οὐκοῦν
3388 1663 3459 1714 οὺ
3486 1660 3555 1714 τὸ
3585 1661 3812 1715 ειδέναι

2228 1753 2346 1806 τῶν
2371 1754 2617 1822 φύσεων
2644 1751 2756 1819 τὴν
2781 1751 3074 1822 διαφορὰν
3093 1751 3271 1821 όρᾷν,
3306 1753 3608 1822 διατεμεῖν
3639 1755 3814 1808 ἐστιν

2230 1847 2318 1912 εις
2352 1845 2462 1899 δύο
2500 1844 2609 1898 τὸν
2663 1844 2771 1897 ἕνα
2826 1845 3105 1913 Χριστόν.
3155 1845 3265 1898 Καὶ
3320 1845 3457 1917 πρὸς
3516 1847 3814 1917 Νεστόριον

2233 1938 2394 2000 αὐτὸς
2427 1935 2591 1990 πάλιν
2635 1936 2810 2005 λέγει’
2858 1934 3092 1990 Παῦσαι
3125 1933 3376 2005 διαιρεῖν
3420 1936 3528 2003 τὰς
3573 1938 3812 2005 φύσεις,

2235 2022 2376 2099 μετὰ
2411 2028 2510 2098 τὴν
2547 2028 2742 2081 ἕνωσιν
2793 2028 3016 2100 δηλαδὴ,
3051 2027 3126 2098 τῇ
3171 2026 3652 2097 ἀπαλλοτριώσει
3683 2070 3699 2096 ,
3741 2031 3814 2084 οὐ

2231 2120 2307 2190 τῇ
2336 2121 2759 2191 ἀπαριθμήσει.

2305 2213 2371 2269 θ’.
2411 2214 2628 2284 Ἐπειδὴ
2674 2213 2730 2267 δὲ
2777 2213 3030 2281 ἔσκωψας
3057 2214 3154 2284 τὴν
3196 2211 3356 2282 ἁγίαν
3381 2213 3650 2284 τετάρτην
3681 2216 3813 2269 σύν-

2232 2305 2368 2371 οδον,
2400 2305 2476 2368 ὡς
2500 2306 2865 2374 καινοφωνίαν
2901 2309 3226 2375 ποιήσασαν,
3257 2306 3350 2359 καὶ
3383 2305 3471 2360 διὰ
3495 2306 3656 2360 τοῦτο
3679 2310 3815 2378 ὁμο-

2235 2397 2536 2469 φρονοῦσαν
2571 2396 2649 2468 τῷ
2686 2397 2966 2469 Νεστορίῳ
2992 2412 3009 2430 ⁶
3043 2398 3142 2468 οὐχ
3175 2398 3360 2461 ἁπλῶς
3407 2400 3464 2452 δὲ
3495 2399 3654 2454 τοῦτο
3706 2403 3818 2454 άπ-

2234 2490 2438 2560 εφήνω,
2490 2488 2625 2542 ἀλλὰ
2683 2489 2778 2542 καὶ
2828 2491 3050 2561 χρήσεις
3092 2489 3185 2543 τοῦ
3234 2507 3294 2543 τε
3350 2493 3408 2544 ὲν
3439 2491 3617 2557 ἁγίοις
3659 2493 3818 2548 πὰπα

2235 2585 2464 2646 Λέοντος
2489 2583 2553 2635 ὲκ
2576 2583 2674 2652 τῆς
2698 2582 3011 2654 ἐπιστολῆς,
3039 2583 3107 2636 δι’
3133 2580 3200 2656 ἦς
3242 2583 3492 2655 ἐκυρώθη
3518 2587 3552 2657 ή
3578 2588 3817 2658 τετάρτη

2239 2674 2479 2741 σύνοδος,
2512 2677 2606 2728 καὶ
2649 2674 2853 2745 ταύτης
2882 2676 2982 2746 τῆς
3019 2676 3235 2729 συνόδου
3284 2679 3421 2747 πρὸς
3467 2677 3537 2731 τὰ
3575 2677 3668 2732 τοῦ
3716 2681 3821 2733 Νε-

2238 2768 2454 2837 στορίου
2517 2769 2890 2839 ὁμοιοτρόπως
2951 2768 3182 2837 ἐχούσας
3237 2771 3693 2840 προκεκόμικας,
3745 2773 3820 2835 ὡς

2238 2861 2486 2915 ἐντεῦθεν
2519 2862 2786 2930 συνάγων,
2831 2863 2914 2915 ὅτι
2954 2862 2988 2932 ἥ
3029 2879 3088 2914 τε
3117 2863 3212 2916 τοῦ
3248 2866 3404 2919 πάπσ.
3450 2867 3674 2926 Λέοντος
3708 2867 3824 2920 ὲπι-

2241 2955 2424 3025 στολὴ,
2457 2957 2611 3026 καὶὴ
2646 2957 2880 3028 τετάρτη
2917 2957 3134 3020 σύνοδος
3178 2959 3279 3027 τῆς
3319 2961 3488 3030 αὐτῆς
3530 2962 3824 3030 ὁμολογίας

2239 3049 2356 3100 ἐστὶ
2385 3047 2480 3100 τοῦ
2513 3047 2828 3118 Νεστορίου·
2874 3050 3006 3120 φέρε
3044 3049 3129 3119 δὴ,
3166 3053 3262 3105 καὶ
3316 3055 3484 3116 αὑτὰς
3529 3055 3608 3117 εἰς
3655 3056 3823 3123 μέσον

2241 3135 2426 3202 θέντες
2445 3181 2459 3205 ,
2489 3139 2939 3210 ἐπισκεψώμεθα,
2968 3145 3017 3196 εξ
3051 3144 3224 3207 οὕτως
3259 3144 3471 3214 συνῳδὰ
3501 3145 3580 3214 τῷ
3614 3146 3824 3198 Νεστο-

2247 3230 2344 3302 ρίῳ
2376 3231 2514 3286 κατὰ
2539 3232 2780 3286 διάνοιαν
2807 3233 3154 3302 φθέγγονται,
3185 3238 3299 3304 εἴγε
3332 3237 3427 3289 καὶ
3461 3237 3556 3306 μή.
3594 3237 3824 3306 Ἔχουσι

2245 3320 2302 3375 δὲ
2361 3324 2419 3376 αι
2466 3324 2695 3394 χρήσεις
2738 3327 2878 3378 κατὰ
2908 3324 3052 3392 λέξιν
3091 3320 3217 3380 ὦδε.
3269 3328 3475 3398 Γράφει
3525 3327 3826 3398 Νεστόριος

2244 3415 2325 3476 εἰς
2374 3413 2437 3467 τὸ
2485 3415 2704 3484 πρῶτον
2737 3417 3034 3487 κεφάλαιον
3073 3419 3168 3471 τοῦ
3221 3419 3607 3474 διδασκαλικοῦ
3651 3423 3826 3474 αὑτοῦ

2245 3505 2409 3574 λόγου
2441 3507 2634 3572 οὕτως·
2677 3507 2828 3579 Ἐγὼ
2853 3510 3269 3576 ἀδιαλλάκτως
3312 3514 3418 3579 τὰς
3450 3512 3560 3566 δύο
3603 3515 3828 3582 φύσεις

2244 3595 2352 3652 τοῦ
2427 3598 2575 3654 Θεοῦ
2625 3602 2926 3671 ὁμολογῶ,
2985 3602 3134 3655 Θεὸν
3191 3603 3486 3669 ἀληθινὸν
3531 3605 3600 3658 ἐκ
3673 3605 3827 3659 Θεοῦ

2244 3688 2556 3756 ἀληθινοῦ,
2595 3691 2693 3744 καὶ
2740 3689 3054 3760 ἄνθρωπον
3082 3692 3316 3747 τέλειον
3356 3694 3425 3759 ἐξ
3450 3693 3586 3749 υἱοῦ
3640 3695 3830 3750 Δαυῒϐ

2246 3780 2347 3832 καὶ
2402 3780 2667 3850 Ἀϐραάμ.
2709 3783 2914 3852 Γράφει
2954 3784 3010 3838 δὲ
3054 3787 3112 3838 ὲν
3158 3789 3222 3856 τῇ
3256 3788 3512 3860 ἐπιστολῇ
3537 3789 3704 3842 αὑτοῦ
3739 3788 3827 3844 οῦ·

2244 3886 2374 3935 τωςσ
2409 3872 2558 3927 Θεὸν
2590 3875 2862 3944 ὁμολογῶ
2890 3877 3039 3931 κατὰ
3070 3877 3156 3943 τὸ,
3207 3879 3304 3932 Ἐν
3335 3879 3491 3947 ἀρχῇ
3522 3883 3554 3934 ό
3590 3882 3790 3950 Λόγος
3811 3900 3825 3916 ·

2246 3965 2560 4035 ἄνθρωπον
2604 3969 2895 4038 ὁμολογῶ,
2927 3963 3034 4024 ὅτι
3060 3971 3114 4023 '0
3154 3974 3345 4042 Λόγος
3372 3973 3527 4041 σὰρξ
3563 3973 3826 4044 ἐγένετο,

2246 4059 2348 4112 ναι
2399 4059 2759 4124 ἐσκήνωσεν
2791 4062 2862 4115 ἐν
2901 4065 3064 4133 ἡμῖν.
3122 4065 3509 4119 Ἐπισκεπτέον
3559 4067 3827 4138 πρότερον

2248 4149 2346 4222 τὴν
2373 4151 2571 4221 χρῆσιν
2600 4151 2918 4225 Νεστορίου,
2955 4157 3005 4208 εἰ
3032 4156 3344 4227 ὀρθοτὸμως
3383 4157 3519 4228 ἔχει,
3548 4158 3581 4230 ἢ
3621 4159 3705 4214 οῦ.
3755 4161 3828 4212 Τὸ

2252 4240 2350 4310 μὲν
2365 4236 2458 4294 οὖν
2479 4242 2679 4309 λέγειν,
2705 4245 2786 4296 ὅτι
2805 4245 2921 4298 Δύο
2937 4247 3152 4314 φύσεις
3170 4246 3277 4300 τοῦ
3296 4249 3492 4318 Λόγου
3509 4249 3830 4316 ἀπολύτως

2249 4333 2540 4402 ὁμολογῶ,
2569 4335 2664 4388 καὶ
2696 4334 2772 4407 μὴ
2808 4335 3144 4407 διορίσασθαι
3189 4339 3329 4408 μετὰ
3375 4340 3473 4410 τὴν
3525 4341 3826 4412 σάρκωσιν,

2249 4421 2349 4474 οὐκ
2377 4422 2551 4492 ὀρθῶς
2575 4426 2826 4494 εἰρῆσθαι
2860 4427 3025 4482 δοκεῖ.
3077 4427 3296 4501 Ἐπειδὴ
3324 4432 3351 4484 ὁ
3373 4431 3540 4492 ἀΐδιος
3573 4432 3701 4496 Υἱὸς
3736 4434 3831 4486 καὶ

2251 4511 2424 4579 Λόγος
2452 4513 2545 4567 τοῦ
2575 4516 2708 4569 Θεοῦ
2745 4518 2852 4588 πρὸ
2882 4519 2978 4590 τῆς
3013 4521 3277 4593 ἐνσάρκου
3319 4523 3630 4590 οἰκονομίας
3694 4527 3828 4593 μιᾶς

580 4574 695 4629 Non
729 4577 911 4633 decuit
940 4579 1117 4650 ipsum
1153 4583 1401 4642 absolute
1429 4587 1630 4656 dicere,
1673 4591 1845 4662 Verbi,
1895 4574 2136 4655 nonvde-

2253 4574 2471 4670 φύσεως
2493 4607 2591 4675 τῆς
2627 4574 2820 4678 θεῖκῆς
2861 4574 3030 4681 posvi];
3058 4574 3159 4682 ἦν,⁸
3179 4613 3402 4684 μετὰδὲ
3429 4574 3528 4684 τὴν
3557 4574 3832 4686 ἐνανθρῶῖ-

583 4668 965 4724 terminantem
997 4682 1118 4740 post
1145 4674 1600 4747 lnearnationem,
1642 4684 1724 4738 vel
1755 4686 2144 4744 humanitatem

583 4770 946 4830 assumptam.
1004 4763 1063 4818 Si
1115 4781 1308 4824 rursus
1335 4770 1473 4827 duas
1518 4773 1707 4832 dicens
1753 4778 2143 4848 immutabiles,

585 4857 704 4916 post
726 4866 944 4906 carnem
999 4868 1332 4928 assumptam
1381 4861 1704 4932 intelligeret
1739 4884 1751 4920 :
1786 4868 1830 4922 si
1893 4872 2144 4925 unionem

585 4941 877 4998 aliirmaret
899 4960 1006 5000 non
1038 4951 1336 5004 secundum
1363 4953 1753 5019 habitudinem.
1769 4959 1862 5013 sed
1893 4960 2146 5029 hyposta-

589 5034 748 5088 ticam
813 5047 867 5092 et
926 5041 1270 5098 essentialem
1332 5046 1384 5099 in
1445 5062 1590 5112 uno,
1654 5066 1848 5119 nempe
1906 5054 2145 5123 Christo,

587 5129 947 5195 considerari,
971 5143 1024 5186 et
1054 5135 1304 5189 eumdem
1342 5153 1509 5192 unum
1549 5139 1853 5207 Christum,
1883 5155 1935 5198 et
1971 5146 2149 5201 Domi-

587 5237 740 5286 num,
771 5231 824 5275 et
857 5222 1026 5277 Deum
1066 5225 1292 5294 diceret,
1323 5228 1492 5283 Deum
1525 5247 1713 5286 verum
1762 5235 1828 5288 de
1864 5233 1970 5290 Deo
1994 5252 2144 5305 vero,

583 5323 637 5366 et
671 5313 945 5369 hominem
977 5319 1223 5372 eumdem
1282 5321 1606 5389 perfectam,
1639 5325 1800 5378 veluti
1850 5342 1917 5380 ex
1975 5329 2149 5382 homi-

583 5421 650 5457 ne
689 5404 949 5485 perl‘ecto,
985 5407 1224 5479 Virgine,
1256 5422 1306 5465 ct
1328 5410 1523 5467 Filium
1553 5413 1718 5470 David
1765 5427 1817 5471 et
1849 5418 2146 5486 Abraham,

584 5506 643 5549 ut
667 5497 850 5551 divina
883 5508 1151 5555 testantur
1189 5503 1426 5572 eloquia,
1461 5523 1648 5562 verum
1689 5511 1952 5582 attingere
2000 5515 2149 5570 vide-

583 5598 731 5642 retur
764 5606 777 5642 :
804 5607 926 5645 cum
964 5609 1090 5648 vero
1121 5596 1257 5652 duas
1289 5597 1448 5654 Verbi
1494 5612 1719 5658 naturas
1753 5619 2024 5670 asserens,
2057 5622 2149 5662 eas

584 5681 766 5734 unitas
796 5697 918 5737 esse
952 5700 1056 5738 non
1097 5692 1395 5744 secundum
1430 5693 1761 5763 hypostasim
1789 5697 1840 5750 in
1874 5712 1982 5751 uno
2017 5697 2149 5751 Ver-

586 5770 676 5834 bo,
714 5773 782 5832 in_
804 5790 911 5827 una
945 5778 1154 5832 scilicet
1178 5780 1380 5836 Christi
1413 5785 1712 5855 hypostasi,
1745 5789 1838 5842 sed
1873 5803 1966 5856 per
2011 5790 2148 5843 rela-

587 5861 785 5918 tionem
821 5875 873 5920 et
925 5871 1277 5939 respectivam
1354 5876 1632 5943 unionem,
1667 5881 1781 5934 sive
1810 5880 2145 5950 dignitatem,

2256 4707 2424 4761 πησιν
2471 4695 2842 4763 προσελάϐετο
2876 4701 2970 4752 καὶ
3010 4701 3110 4772 τὴν
3141 4702 3435 4774 ἡμετέραν,
3461 4704 3559 4756 οὐκ
3589 4703 3697 4756 ἔδει
3731 4705 3830 4758 αῦ-

2253 4781 2344 4834 τὸν
2371 4783 2650 4849 ἁπολύτως
2679 4788 2876 4853 εἰπεῖν,
2923 4791 3029 4844 τοῦ
3069 4793 3284 4860 Λόγου,
3331 4793 3404 4863 μὴ
3442 4795 3830 4863 προσδιορισά-

2258 4891 2416 4942 μενον
2449 4877 2586 4944 μετὰ
2618 4879 2715 4947 τὴν
2747 4881 3044 4951 σάρκωσιν,
3075 4883 3190 4954 ἦτοι
3223 4882 3660 4955 ἐνανθρώπησιν.
3693 4886 3758 4938 Εἰ
3784 4885 3831 4958 δ’

2255 4962 2322 5019 αὖ
2354 4968 2516 5021 πάλιν
2556 4969 2648 5023 δύο
2698 4972 2872 5041 λέγων
2907 4975 3317 5040 ἀδιαλλάκτους,
3363 4978 3456 5030 καὶ
3494 4978 3631 5030 νοῶν
3685 4978 3832 5048 μετὰ

2254 5058 2354 5129 τὴν
2383 5060 2817 5133 ὲνανθρώπησιν,
2854 5067 2904 5118 εἰ
2942 5067 3040 5134 μὲν
3076 5069 3175 5138 τὴν
3214 5069 3407 5121 ἕνωσιν
3448 5068 3738 5138 ὡμολόγει,
3770 5071 3832 5124 οὐ

2257 5155 2512 5223 σχετικήν
2537 5172 2700 5226 φημι,
2729 5156 2860 5210 ἀλλὰ
2889 5157 2989 5228 τὴν
3019 5159 3140 5211 καθ’
3177 5159 3475 5213 ὑπόστασιν
3503 5162 3598 5215 καὶ
3627 5163 3832 5215 οὐσιὼο

2255 5241 2340 5308 δη,
2376 5244 2542 5313 ἤγουν
2588 5249 2646 5299 ὲν
2698 5248 2775 5317 τῷ
2813 5250 2896 5301 ἑνὶ
2941 5250 3160 5320 Χριστῷ
3203 5252 3544 5322 θεωρεῖσθαι,
3601 5257 3696 5307 καὶ
3739 5256 3834 5308 τὸν

2256 5332 2418 5386 αὐτὸν
2479 5335 2573 5390 ἕνα
2629 5339 2863 5408 Χριστὸν
2898 5341 2991 5393 καὶ
3049 5341 3251 5411 Κύριον
3297 5343 3390 5396 καὶ
3448 5344 3580 5398 Θεὸν
3633 5345 3788 5413 ἔλεγε
3815 5387 3830 5410 ,

2257 5426 2389 5479 Θεὸν
2418 5428 2671 5497 ἀληθινὸν
2702 5433 2766 5484 ὲκ
2809 5433 2944 5486 Θεοῦ
2973 5434 3251 5505 ἀληθινοῦ,
3292 5438 3386 5490 καὶ
3424 5437 3708 5506 ἄνθρωπον
3741 5441 3835 5492 τὸν

2258 5520 2424 5573 αὐτὸν
2475 5525 2894 5593 χρηματίσαντα
2939 5529 3146 5582 τέλειον
3184 5530 3257 5592 ὡς
3302 5530 3360 5594 ἐξ
3395 5530 3682 5601 ἀνθρώπου
3732 5535 3834 5603 τῆς

2258 5611 2536 5682 Παρθένου
2571 5617 2667 5670 καὶ
2718 5619 2832 5672 υἱὸν
2888 5619 3054 5674 Δαυῒδ
3088 5622 3183 5674 καὶ
3243 5623 3494 5694 ’Λϐραὰμ
3543 5625 3831 5692 γεγονότα,

2258 5703 2399 5756 καθὰ
2429 5705 2496 5757 τὰ
2517 5707 2687 5774 Λόγια
2715 5717 3000 5782 μαρτυρεῖ,
3032 5715 3171 5783 τάχα
3205 5716 3270 5768 ἂν
3303 5717 3452 5780 ἐντὸς
3475 5713 3543 5786 ἦν
3575 5717 3671 5781 τῆς
3695 5716 3832 5786 άλη-

2260 5791 2430 5856 θείας.
2492 5795 2646 5849 Ἐπεὶ
2690 5800 2746 5852 δὲ
2803 5801 2895 5854 δύο
2937 5805 3124 5869 φύσεις
3173 5805 3452 5874 ὁμολογῶν
3490 5804 3583 5856 τοῦ
3618 5805 3831 5869 Λόγου,

2257 5886 2461 5950 ταύτας
2515 5890 2574 5941 οὐ
2630 5894 2751 5944 καθ’
2781 5894 3078 5952 ὑπόστασιν
3126 5898 3367 5968 ἡνῶσθαι
3421 5899 3605 5966 ἔλεγεν
3648 5899 3704 5949 ἐν
3753 5896 3834 5966 τῷ
