3994 6596
275 410 380 476 613

1163 404 1599 467 REFUTATIO
1636 403 2018 464 EPISTOI.:E
2063 404 2289 465 REGIS
2327 404 2716 468 ARMENLE.

3445 405 3547 469 614

273 525 357 577 ἐνὶ
386 520 570 589 Λόγῳ,
598 519 766 589 ἤγουν
809 517 867 570 ἐν
905 519 972 587 τῇ
1012 517 1112 588 μιᾷ
1152 516 1448 570 ὑποστάσει
1481 516 1742 587 Χριστοῦ,
1771 517 1861 570 ἁλ-

1969 526 2057 570 aut
2086 517 2364 586 proprium
2403 516 2717 579 consilium,
2748 525 2842 570 aut
2870 515 3262 583 beneplacitum
3285 515 3546 573 fateretur

271 616 343 669 λὰ
382 613 526 667 κατὰ
570 609 857 681 ἀναφορὰν
891 611 986 663 καὶ
1034 609 1289 680 σχετικὴν
1320 610 1536 673 ἕνωσιν,
1567 611 1685 680 ἤτοι
1718 609 1862 662 κατὰ

273 708 521 774 ἀξίωμα,
551 705 586 775 ἢ
615 702 1042 768 ταυτοϐουλίαν,
1098 703 1132 772 ἢ
1184 703 1436 757 εὐδοκίαν
1488 703 1675 773 ἔλεγεν
1721 700 1859 757 εἶναι

271 798 371 852 τοῦ
406 799 580 865 Λόγου
626 796 764 867 πρὸς
795 795 895 866 τὴν
939 795 1140 864 σάρκα,
1174 795 1266 848 καὶ
1318 796 1422 850 ἀνὰ
1471 797 1636 868 μέρος
1687 795 1863 850 ταῦτα

274 890 451 946 ποιῶν
479 890 670 960 ἕτερον
719 884 858 942 εἶναι
903 887 996 942 τὸν
1047 888 1220 956 Λόγον
1258 888 1488 957 ἔφασκε,
1545 889 1636 943 καὶ
1677 889 1863 959 ἕτερον

276 982 370 1034 τὸν
419 983 485 1034 ὲκ
535 979 776 1052 Μαρίας,
809 979 904 1032 καὶ
934 979 1295 1049 προσωπικὴν
1331 979 1522 1032 ἕνωσιν
1560 979 1764 1046 λέγων,
1801 979 1862 1032 οὑ

273 1078 340 1130 τὸ
369 1076 757 1146 ταυτιζόμενον
803 1076 870 1143 τῇ
924 1073 1218 1126 ὑποστάσει
1250 1073 1562 1142 πρόσωπον,
1593 1074 1730 1142 ὅπερ
1771 1072 1865 1125 ἐπὶ

275 1165 378 1222 τοῦ
405 1168 750 1221 καθέκαστον
783 1166 1066 1237 ἁρμόττει,
1099 1166 1213 1219 ἀλλ’
1243 1166 1446 1236 ἑτέρως
1498 1165 1641 1220 κατὰ
1681 1165 1742 1218 τὸ
1788 1166 1866 1217 οξ-

278 1264 426 1316 κεῖον
457 1260 708 1331 βούλημα
753 1256 1006 1323 ἐδόξαζεν
1072 1252 1208 1328 (οἷον
1263 1257 1340 1321 ὡς
1389 1259 1520 1312 ὅταν
1547 1276 1633 1322 τις
1680 1260 1743 1313 τὸ
1771 1259 1864 1312 τοῦ

277 1355 469 1424 ἑτέρου
531 1351 899 1421 ὑποδυόμενος
974 1351 1268 1422 πρόσωπον
1295 1389 1311 1415 ,
1361 1352 1477 1406 ἀντ’
1516 1352 1683 1406 αὑτοῦ
1737 1355 1865 1415 τοῦς

278 1445 422 1515 ὑπὲρ
450 1443 613 1498 αὑτοῦ
640 1444 863 1512 ποιῆται
892 1443 1107 1512 λόγους,
1123 1444 1205 1514 -ἠν
1233 1444 1296 1497 οὑ
1327 1443 1409 1496 δεῖ
1436 1444 1642 1515 κυρίως
1671 1445 1865 1499 ἕνωσιν

277 1539 554 1608 ἡγεῖσθαι,
603 1537 742 1592 ἀλλὰ
781 1537 1040 1608 σχετικὴν
1081 1536 1276 1590 ἕνωσιν
1322 1536 1385 1589 τὸ
1436 1536 1578 1593 ὅλον.
1625 1538 1866 1592 Καλοῦσι

276 1632 390 1702 γάρ
442 1649 589 1694 τινες
635 1631 906 1701 πρόσωπα
952 1631 1052 1700 τήν
1104 1646 1268 1683 τινων
1325 1629 1509 1699 σχέσιν
1543 1629 1681 1698 πρὸς
1707 1629 1868 1701 ἀλλή-

275 1723 425 1786 λους.
465 1723 581 1776 Οὐκ
626 1724 812 1791 ἀγνοεῖ
842 1721 900 1774 δὲ
945 1723 978 1793 η
1022 1720 1286 1791 συνήθεια
1325 1720 1522 1774 τούτου
1556 1719 1653 1774 τοῦ
1698 1738 1864 1792 προσ-

276 1815 431 1868 ώπου
475 1815 539 1867 τὸ
574 1814 996 1885 σημαινόμενον.
1039 1813 1286 1884 Λέγομεν
1311 1812 1421 1884 γὰρ
1469 1812 1560 1866 τὸν
1603 1813 1863 1883 ἄρχοντα,

1967 624 2087 663 esse
2120 609 2279 665 Verbi
2309 610 2373 665 ad
2409 625 2652 674 carnem,
2685 618 2739 664 et
2760 625 2854 662 eas
2879 611 3219 680 postmodum
3249 613 3544 667 secundum

1967 711 2148 771 partes
2210 702 2456 757 dividens
2481 741 2495 766 ,
2551 702 2697 756 aliud
2739 717 2861 756 esse
2882 700 3118 757 Verbum
3154 703 3465 782 aliirmaret,
3492 716 3548 760 et

1969 795 2138 859 aliud,
2185 797 2329 866 quod
2387 811 2454 851 ex
2512 795 2680 850 Maria
2716 805 2870 851 ortus
2913 811 3045 864 suos
3099 808 3442 868 agnosceret,
3491 811 3548 854 et

1970 890 2315 958 personalem
2378 889 2641 943 unionem
2693 888 2994 944 decantatis
3071 904 3180 945 non
3227 905 3546 961 personam,

1969 995 2092 1050 qua:
2134 996 2244 1035 una
2299 995 2423 1034 cum
2456 980 2740 1050 hypostasi
2774 989 2880 1046 est,
2915 992 2967 1035 et
2988 981 3218 1051 singulis
3269 984 3545 1048 convenit,

1971 1072 2068 1126 sed
2126 1071 2235 1126 alio
2286 1073 2470 1134 modo,
2499 1081 2558 1125 ut
2609 1071 2684 1126 illi
2719 1071 3023 1136 videbatur,
3060 1074 3351 1144 conlingat.
3382 1072 3548 1129 Verbi

1971 1166 2169 1234 gratia,
2205 1163 2370 1219 veluti
2397 1181 2519 1220 eum
2555 1166 2680 1235 quis
2707 1166 2934 1221 alterius
2958 1181 3248 1235 personam
3289 1168 3544 1235 induens,

1973 1257 2092 1312 loco
2143 1257 2286 1313 illius
2330 1267 2384 1312 et
2444 1272 2543 1328 pro
2601 1257 2791 1313 eodem
2847 1273 3157 1327 sermonem
3205 1260 3387 1326 habet,
3423 1275 3546 1329 quae

1972 1351 2192 1421 proprie
2217 1351 2345 1405 unio
2372 1351 2616 1406 vocanda
2642 1359 2877 1417 nonest,
2905 1352 3000 1407 sed
3040 1368 3191 1407 mera
3245 1353 3546 1423 respectiva

1973 1443 2138 1509 unio;
2169 1442 2445 1512 appellant
2473 1443 2619 1497 enim
2658 1442 2904 1497 nonnulli
2930 1458 3193 1512 personas
3236 1445 3546 1515 aliquorum

1973 1536 2115 1591 inter
2161 1553 2219 1592 se
2280 1548 2584 1608 respectum
2633 1553 2728 1593 seu
2775 1538 3114 1603 relationem,
3154 1552 3254 1592 nec
3287 1554 3419 1594 usus
3478 1537 3549 1592 ab

1973 1629 2136 1699 hujus
2161 1643 2409 1699 persona:
2424 1630 2734 1700 signiﬁcatu
2771 1629 3068 1684 abhorret:
3103 1629 3340 1685 dicimus
3389 1644 3546 1683 nam-

1972 1735 2080 1790 que
2107 1720 2406 1790 principem
2432 1721 2576 1790 regis
2605 1720 2878 1775 sustinere
2909 1734 3202 1789 personam
3241 1737 3256 1772 :
3287 1734 3414 1774 cum
3462 1719 3549 1774 in-

1974 1828 2140 1884 quam
2170 1813 2271 1868 hac
2298 1814 2510 1868 ratione
2554 1810 2839 1866 Nestorius
2874 1812 3213 1881 personalem
3269 1811 3548 1883 promere.

277 1907 372 1960 τοῦ
404 1905 676 1976 βασιλέως
734 1906 953 1976 ἐπέχειν
997 1907 1061 1960 τὸ
1114 1906 1432 1976 πρόσωπον,
1466 1905 1610 1960 κατὰ
1640 1899 1800 1960 τοῦτο
1837 1907 1865 1957 ὁ

1969 1912 2058 1959 tur
2112 1906 2393 1970 unionem,
2446 1914 2734 1975 propterea
2787 1904 2910 1974 jure
2940 1905 3138 1958 merito
3200 1904 3547 1959 anathemate

278 1999 577 2070 Νεστόριος
606 1999 706 2069 τὴν
731 1999 1091 2068 προσωπικὴν
1122 1997 1455 2068 ἐπρέσϐευεν
1492 1995 1735 2067 ἒνωσιν)·
1772 1996 1863 2051 διά

279 2109 362 2144 τοι
405 2089 567 2144 τοῦτο
598 2089 824 2154 δικαίως
861 2089 940 2161 τῷ
985 2091 1294 2160 ἁναθέματι
1361 2088 1860 2159 καθυποῦέϐληται.

289 2183 350 2238 '0
389 2184 448 2238 δὲ
483 2183 550 2252 δὴ
576 2182 764 2247 πάπας
805 2182 977 2247 Λέων,
1018 2181 1211 2254 ἐπειδὴ
1241 2182 1332 2236 τὸν
1367 2181 1530 2236 αὑτὸν
1579 2181 1679 2236 ἕνα
1729 2183 1864 2252 Χρι-

282 2276 406 2329 στὸν
438 2276 534 2329 καὶ
563 2275 768 2346 Κύριον
808 2275 902 2329 καὶ
949 2273 1085 2328 Θεὸν
1123 2273 1281 2344 ἡμῶν
1315 2275 1374 2330 ὲν
1422 2264 1523 2344 μιᾷ
1565 2273 1864 2328 ὑποστάσει

277 2369 410 2422 δντα
446 2367 738 2439 ὡμολόγει,
787 2367 878 2421 τὸν
925 2369 1021 2420 καὶ
1065 2365 1198 2420 Θεὸν
1240 2366 1364 2420 ὄντα
1410 2367 1506 2421 καὶ
1555 2366 1863 2437 ἄνθρωπον,

279 2461 414 2513 Θεὸν
452 2461 549 2531 μὲν
573 2459 648 2524 ὡς
678 2458 972 2524 συναϊδιον,
1019 2458 1115 2510 καὶ
1145 2456 1391 2528 άχρόνως
1419 2458 1483 2510 ὲκ
1519 2456 1614 2510 τοῦ
1654 2457 1868 2528 [ἰατρὸς

281 2553 508 2622 φυέντα,
533 2553 627 2606 καὶ
656 2551 941 2622 ὀμοούσιον
970 2549 1046 2621 τῷ
1077 2568 1139 2604 τε
1176 2549 1296 2620 Θεῷ
1323 2551 1420 2602 καὶ
1446 2549 1646 2622 Πατρὶ,
1674 2549 1867 2620 καὶτῷ

282 2642 566 2712 Πνεὺματι
617 2643 693 2713 τῷ
724 2644 888 2715 ἁγίῳ,
933 2643 1024 2696 ἐπ’
1079 2643 1326 2712 ἐσχάτων
1370 2643 1427 2696 δὲ
1478 2642 1585 2696 τῶν
1641 2642 1867 2714 ἡμερῶν

280 2735 370 2790 διὰ
412 2736 511 2808 τὴν
557 2737 833 2808 ἡμετέραν
881 2736 1166 2808 σωτηρίαν
1207 2736 1390 2809 σάρκα
1429 2730 1718 2806 γεγονότα,
1747 2736 1868 2808 ἦτοι

283 2827 812 2900 ὲνανθρωπήσαντα,
859 2829 955 2881 καὶ
1026 2827 1361 2897 γεννηθέντα
1418 2829 1483 2881 ὲκ
1550 2827 1870 2898 Πνεὺματος

282 2920 442 2988 ἁγίου
485 2920 584 2974 καὶ
615 2919 838 2991 Μαρίας
868 2906 968 2988 τῆς
993 2917 1297 2990 Παρθένου,
1332 2916 1516 2983 καθὼς
1557 2919 1591 2987 ἡ
1622 2917 1870 2987 θεολόγος

284 3012 504 3079 γλῶττα
545 3014 824 3081 ὲκφωνεῖ,
867 3012 963 3064 καὶ
1006 3010 1076 3064 τὰ
1126 3011 1290 3065 λοιπὰ
1345 3012 1517 3080 Λόγια
1566 3013 1867 3083 μαρτυρεῖ,

289 3104 390 3156 καὶ
441 3103 501 3157 αἱ
547 3103 657 3157 τῶν
705 3102 1020 3156 ἀποστόλων
1059 3101 1237 3172 φωναὶ
1283 3101 1642 3170 ὑφηγοῦνται,
1686 3106 1781 3156 καί⁸
1813 3103 1870 3155 αἱ

284 3194 395 3247 τῶν
425 3194 700 3264 θεοσόφων
734 3192 992 3266 Πατέρων
1044 3193 1385 3248 διδασκαλίαι
1440 3196 1732 3264 τρανοῦσιο
1767 3212 1868 3264 φα-

286 3286 464 3359 νερὸν,
501 3288 586 3341 ὅτι
625 3288 653 3340 ὁ
691 3287 880 3350 πάπας
916 3287 1068 3341 Λέων
1101 3286 1240 3357 μετὰ
1266 3290 1366 3358 τῆς
1408 3287 1668 3358 ἀληθείας
1699 3289 1864 3359 ἓστη-

285 3397 371 3445 κε,
404 3380 500 3434 καὶ
532 3377 592 3434 οὑ
629 3381 910 3450 συμφωνεί
936 3379 1015 3449 τῷ
1049 3380 1356 3452 Νεστορίῳ,
1386 3381 1498 3435 Καὶ
1532 3381 1696 3435 πάλιν
1726 3381 1866 3452 γρά-

286 3489 376 3540 φει
424 3473 742 3543 Νεστὸριος,
794 3473 876 3526 ὅτι
917 3474 1064 3542 Οὐχὶ
1103 3476 1136 3527 ὁ
1187 3475 1380 3543 Λόγος
1425 3472 1532 3528 τοῦ
1585 3474 1734 3529 Θεοῦ
1767 3473 1866 3528 διὰ

286 3565 502 3634 χειρῶν
549 3564 772 3634 Ἰωσὴφ
793 3563 950 3633 ῥάκη
973 3565 1248 3632 ἐνεδύθη,
1278 3566 1440 3620 ἀλλὰ
1466 3565 1533 3620 τὸ
1563 3565 1736 3636 σῶμα
1755 3567 1865 3622 τοῦ

289 3658 532 3725 Κυρίου.
582 3656 790 3726 Γράφει
823 3657 998 3722 Λέων,
1046 3657 1130 3710 ὅτι
1173 3658 1232 3710 τὸ
1267 3657 1366 3729 μὲν
1399 3658 1612 3728 ἔλαμπε
1638 3659 1726 3713 διὰ
1753 3661 1864 3714 τῶν

288 3751 555 3821 σημείων,
591 3751 650 3804 τὸ
696 3748 755 3803 δὲ
803 3751 1084 3806 ὑπέπιπτε
1129 3753 1244 3815 τοῖς
1292 3752 1632 3824 παθήμασιν.
1676 3755 1866 3825 Ἐναρ-

285 3841 528 3912 γέστατα
555 3841 646 3897 διὰ
685 3843 847 3914 τῆσδε
887 3843 989 3915 τῆς
1054 3845 1304 3916 χρήσεως
1343 3845 1370 3897 ό
1425 3845 1524 3916 μὲν
1572 3846 1866 3916 Νεστόριος

287 3935 446 3989 ἄλλον
477 3936 623 3987 ποιεῖ
645 3935 736 3988 τὸν
773 3935 907 3988 θεὸν
937 3935 1132 4003 Λόγον,
1165 3936 1258 3990 καὶ
1289 3935 1448 3990 ἄλλον
1490 3935 1581 3990 τὸν
1633 3939 1697 3990 ὲκ
1744 3937 1865 3990 Μα-

287 4025 433 4095 ρέας,
486 4019 531 4092 ᾧ
570 4025 665 4078 καὶ
704 4025 886 4087 ίδικῶς
931 4025 1223 4097 πρόσωπον
1257 4027 1386 4080 ἴδιον
1423 4027 1722 4098 ὁμολογῶν,
1764 4029 1867 4098 Ἰη-

237 4189 242 4194 .
289 4118 416 4171 σοῦν
445 4117 651 4172 ἐκάλει.
694 4117 840 4170 Ἔδει
870 4117 978 4190 γὰρ
1002 4117 1186 4187 αὑτὸν,
1215 4118 1371 4188 εἴπερ
1401 4117 1714 4189 όρθοτόμως
1744 4117 1862 4171 ἔλε-

286 4227 410 4279 γεν,
442 4210 615 4276 οὕτως
642 4212 837 4265 εἰπεῖν’
866 4211 1003 4282 Οὐχὶ
1031 4213 1060 4266 ό
1099 4212 1270 4281 Λόγος
1298 4210 1392 4264 τοῦ
1419 4209 1576 4274 Θεοῦ,
1605 4210 1741 4264 καθὸ
1769 4211 1866 4264 Λό-

286 4318 407 4369 γος,
434 4301 818 4372 ἀκατάληπτος
859 4306 954 4357 καὶ
1002 4302 1415 4380 άπερίγραπτος
1452 4303 1553 4381 καὶ
1598 4302 1865 4366 συναῖδιος

287 4393 368 4464 τῷ
401 4394 573 4462 Πατρὶ
617 4391 713 4458 ὢν,
746 4393 888 4464 ῥάκη
955 4393 1184 4464 ἐνεδόθη
1234 4393 1339 4447 ὑπὸ
1370 4392 1572 4465 χειρῶν
1641 4393 1862 4464 Ἰωσὴφ,

288 4485 463 4555 ἀλλ’ἢ
500 4485 634 4539 καθὸ
667 4487 755 4540 διὰ
793 4488 892 4554 τὴν
934 4485 1213 4558 ἡμετέραν
1261 4485 1540 4556 σωτηρίαν
1577 4484 1865 4556 ἄνθρωπος

1965 1998 2109 2054 ictus
2144 2011 2248 2056 est.
2273 2002 2341 2053 At
2364 1999 2476 2054 Leo
2506 1999 2746 2070 pontifex
2780 2000 3032 2054 eumdem
3063 2016 3232 2054 unum
3257 1999 3539 2055 Christum

1964 2099 2018 2144 et
2048 2088 2362 2156 Dominum,
2418 2100 2473 2145 et
2504 2091 2670 2144 Deum
2729 2099 2976 2146 nostrum
3030 2091 3082 2145 in
3131 2108 3236 2147 una
3268 2093 3546 2164 hypostasi

1963 2198 2085 2239 esse
2125 2182 2422 2248 afﬁrmans,
2482 2182 2652 2238 Deum
2703 2184 2866 2239 simul
2923 2191 2977 2239 et
3029 2185 3332 2250 hominem,
3371 2186 3540 2241 Deum

1967 2283 2296 2329 maternum
2331 2273 2501 2340 Patri,
2554 2284 2608 2330 et
2640 2275 2848 2345 absque
2907 2285 3150 2344 tempore
3197 2291 3226 2330 a
3255 2275 3413 2332 Patre
3448 2294 3544 2348 ge-

1969 2369 2247 2431 nitum,et
2309 2367 2556 2439 ejusdem
2591 2383 2715 2424 cum
2761 2368 2874 2424 Deo
2926 2378 2981 2423 et
3027 2371 3210 2434 Patre,
3245 2379 3299 2425 et
3335 2368 3542 2440 Spiritu

1969 2468 2160 2516 saneto
2227 2460 2515 2528 essentize;
2568 2461 2862 2532 postremis
2909 2476 3038 2517 vero
3096 2462 3291 2518 diebus
3323 2471 3546 2532 proptrr

1969 2562 2220 2610 nostram
2267 2553 2498 2608 salutem
2541 2569 2763 2609 carnem
2811 2552 3038 2620 factum,
3086 2556 3201 2608 sive
3241 2554 3542 2620 hominem,

1969 2653 2294 2716 prognatum
2328 2659 2394 2698 ex
2451 2641 2658 2714 Spiritu
2724 2653 2932 2709 sancto,
2963 2654 3019 2699 et
3082 2643 3249 2698 Maria
3299 2643 3541 2714 Virgine,

1971 2735 2432 2805 quemadmodum
2468 2735 2647 2789 divina
2707 2743 2949 2791 tractans
2985 2736 3166 2805 lingua
3190 2736 3460 2798 enuntiat,
3490 2745 3545 2790 et

1971 2827 2178 2897 reliqua
2202 2827 2417 2896 eloquia
2453 2835 2744 2893 testantur,
2776 2837 2830 2881 et
2857 2842 3018 2882 voces
3049 2828 3423 2897 apostolorum
3447 2828 3546 2881 do-

1971 2931 2117 2985 cent,
2149 2928 2204 2975 et
2228 2920 2413 2974 divina
2436 2919 2702 2988 sapientia
2752 2920 3104 2988 przeditorum
3132 2919 3356 2974 Patrum
3408 2919 3545 2973 doc-a

1974 3013 2115 3067 trina
2151 3022 2571 3076 commonstrat,
2601 3010 2984 3065 manislcstnm
3021 3021 3104 3065 est
3147 3009 3382 3066 Leonem
3404 3026 3543 3081 pon-

1975 3105 2171 3160 tiﬁcem
2204 3121 2233 3160 a
2263 3115 2493 3159 veritate
2522 3115 2688 3166 stare,
2713 3114 2767 3159 et
2826 3121 2950 3158 arum
2973 3103 3226 3159 Nestorio
3267 3119 3376 3158 non
3413 3119 3546 3158 con-

1974 3197 2227 3252 cordare.
2288 3189 2529 3250 Rursum
2563 3198 2756 3251 scribit
2801 3194 3134 3250 Nestorius:
3172 3194 3398 3249 Verbum
3445 3195 3544 3250 Dei

1969 3305 2060 3358 per
2077 3303 2262 3341 manus
2283 3287 2497 3357 Iosephi
2511 3289 2697 3357 pannis
2721 3290 2974 3342 amictum
2995 3305 3097 3342 non
3117 3299 3214 3354 est,
3237 3289 3326 3344 sed
3352 3305 3542 3358 corpus

1972 3380 2212 3446 Domini,
2269 3379 2382 3434 Leo
2440 3391 2645 3444 autem,
2707 3380 2812 3436 hoc
2872 3381 3090 3451 quidem
3138 3383 3545 3452 resplenduisse

1970 3473 2266 3538 miraculis,
2298 3473 2428 3526 illud
2457 3487 2585 3527 vero
2609 3473 2958 3543 passionibus
2983 3473 3285 3529 obnoxium
3341 3475 3538 3530 fuisse.

1966 3563 2319 3633 Apertissime
2349 3581 2443 3634 per
2482 3565 2595 3620 hmc
2635 3565 2798 3620 verba
2843 3563 3130 3621 Ncstorius
3157 3565 3322 3621 alium
3371 3565 3542 3620 Deum

1972 3657 2207 3711 Verbum
2255 3657 2558 3722 constituit,
2615 3665 2668 3712 et
2693 3658 2859 3711 alium
2889 3673 2955 3712 ex
2988 3657 3155 3712 Maria
3183 3647 3536 3729 prognatum,

1969 3748 2056 3803 cui
2087 3757 2148 3808 et
2181 3749 2532 3818 singulariter
2575 3751 2848 3819 propriam
2884 3766 3170 3820 personam
3199 3753 3542 3808 constituens

1965 3839 2148 3895 Jcsutu
2171 3841 2553 3911 nuncupabat:
2582 3841 2984 3909 debebatenim,
3005 3843 3051 3898 si
3078 3843 3202 3914 quid
3232 3843 3319 3898 ille
3337 3852 3542 3898 rectum

1966 3931 2270 4000 exprimere
2284 3932 2516 3999 volebat,
2535 3933 2854 4000 hachatione
2865 3935 3174 4002 enuntiare;
3196 3934 3428 3990 Verbum
3451 3933 3543 3990 Dei

1966 4038 2073 4092 qua
2105 4020 2338 4076 Verbum
2362 4034 2444 4078 est
2463 4025 3009 4092 incomprehensibile
3036 4033 3090 4080 et
3128 4026 3542 4083 incircumscri-

1968 4121 2117 4182 ptum
2143 4121 2196 4166 et
2243 4113 2388 4168 Patri
2434 4123 2761 4167 coazternurn
2789 4153 2804 4178 ,
2836 4115 3030 4183 pannis
3064 4130 3173 4171 non
3199 4126 3281 4172 est
3306 4117 3543 4174 circum-

1971 4203 2251 4269 vestitum,
2271 4218 2364 4269 per
2383 4218 2580 4259 manus
2597 4199 2844 4275 Iosephi,
2872 4222 2979 4276 qua
3022 4222 3149 4263 vero
3179 4220 3396 4279 pr0pter
3442 4225 3542 4264 no~

1967 4304 2134 4349 stram
2156 4295 2385 4349 salutem
2402 4295 2563 4351 homo
2579 4294 2754 4351 factus
2770 4306 2853 4353 est
2874 4313 2965 4368 per
2982 4300 3165 4354 omnia
3181 4299 3334 4355 nobis
3347 4301 3542 4356 similis

1968 4387 2175 4457 absque
2235 4396 2477 4457 peccato,
2524 4399 2578 4442 et
2607 4387 2806 4456 infans,
2853 4391 3049 4459 pannis
3096 4406 3192 4461 per
3213 4406 3409 4448 manus
3445 4390 3542 4447 Jo-

1968 4479 2122 4550 sephi
2139 4480 2428 4536 obvolutus
2442 4490 2544 4536 est.
2576 4479 2728 4548 Quod
2754 4496 2878 4536 cum
2905 4498 3012 4536 non
3037 4483 3205 4550 dicat,
3251 4485 3539 4540 manifesto

286 4578 504 4646 γέγονε,
540 4577 683 4632 κατὰ
729 4577 912 4632 πάντα
942 4579 1129 4649 ὅμοιος
1172 4578 1306 4648 ημῖν
1351 4575 1521 4649 χωρὶς
1566 4578 1862 4650 ἁμαρτίας,

1969 4573 2239 4628 evincitur
2282 4571 2609 4628 divisionem
2668 4575 2830 4629 unius
2859 4573 3059 4630 Christi
3092 4576 3400 4648 hypOstasis
3460 4578 3542 4630 in-

287 4671 383 4725 xa‘t
422 4670 728 4741 νηπιάσας,
787 4669 1006 4740 ὲνεδύθη
1055 4671 1196 4740 ῥάκη
1249 4668 1352 4723 ὑπὸ
1401 4669 1599 4740 χειρῶν
1640 4667 1860 4742 Ἰωσήφ.

287 4763 476 4828 Οὕτως
519 4763 576 4817 δὲ
613 4763 689 4834 μὴ
721 4761 911 4828 εἰπὼν,
952 4762 1186 4833 φανερὸν
1238 4761 1318 4814 ὅτι
1363 4760 1629 4832 διαίρεσιν
1668 4759 1766 4832 τὴν
1802 4760 1863 4813 οὑ

286 4855 610 4927 πρέπουσαν
666 4856 963 4927 ἐποιήσατο
1016 4855 1117 4924 τῆς
1195 4855 1322 4923 μιᾶς
1374 4854 1723 4916 ὑποστάσεως
1770 4851 1864 4905 τοῦ

284 4949 548 5018 Χριστοῦ,
585 4951 664 5012 είς
706 4949 798 5003 δύο
833 4950 1100 5020 πρόσωπα
1144 4948 1348 5018 ταύτην
1389 4946 1571 5017 τεμών
1596 4962 1610 4976 ο
1644 4946 1732 5000 διά
1777 4963 1860 4999 τοι

285 5041 447 5096 τοῦτο
498 5041 800 5114 ἀναθέματι
827 5042 1053 5104 δικαίως
1082 5039 1582 5108 καθυποίΣέὁληται.
1623 5039 1681 5091 Ὀ
1710 5036 1768 5090 δὲ
1799 5037 1864 5106 δὴ

284 5136 466 5198 Λέων,
501 5137 583 5189 ὅτι
621 5136 682 5188 τὸ
719 5137 818 5206 μὲν
852 5135 1066 5205 ἔλαμπε
1109 5133 1196 5188 διὰ
1235 5131 1342 5185 τῶν
1396 5132 1676 5202 σημείων,
1709 5132 1770 5183 τὸ
1806 5130 1864 5182 δὲ

287 5229 565 5282 ὑπέπιπτε
611 5229 724 5291 τοῖς
782 5228 1122 5298 παθήμασιν,
1163 5225 1224 5278 οὑ
1258 5223 1350 5276 δύο
1406 5225 1571 5294 φησιν
1618 5223 1734 5285 ὅλα,
1775 5221 1864 5274 ἵνα

285 5323 381 5374 καὶ
413 5321 679 5392 διαίρεσιν
719 5320 827 5374 τῶν
858 5320 1073 5390 φύσεων
1103 5317 1296 5394 είσάξῃ
1324 5316 1706 5378 ίδιοσυστάτως
1733 5315 1864 5367 θεω-

287 5411 550 5482 ρούμενα,
580 5411 677 5464 καὶ
707 5411 797 5464 διὰ
829 5411 987 5464 τοῦτο
1031 5408 1124 5463 δύο
1159 5407 1425 5479 πρόσωπα
1457 5405 1551 5459 καὶ
1605 5403 1698 5457 δύο
1734 5404 1865 5456 ὑπο-

285 5505 530 5571 στάσεις,
564 5503 700 5559 sua
752 5503 845 5558 δύο
892 5503 1009 5566 ἐνὸς
1057 5503 1181 5555 ὅλου
1223 5497 1676 5570 συμπληρωτικὰ.
1728 5495 1863 5550 Οὐδὲ

284 5597 396 5669 γάρ
421 5594 673 5662 sine.va
703 5595 824 5666 μὲν,
855 5595 951 5648 καὶ
981 5597 1010 5648 ό
1035 5593 1110 5648 δέ·
1143 5592 1267 5647 οὐδὲ
1303 5590 1419 5663 (καὶ
1442 5590 1529 5643 ἵνα
1563 5607 1616 5642 τι
1647 5604 1862 5658 συγχω·

287 5692 458 5761 ρὴσας
491 5690 667 5760 εἴπῃ),
687 5688 748 5742 τὸ
778 5689 898 5758 μξν,
933 5685 1117 5750 ἅπλῶς
1160 5687 1287 5740 ἄνευ
1315 5682 1652 5756 προσθήκης,
1682 5681 1776 5734 καὶ
1804 5680 1864 5733 τὸ

283 5783 364 5836 δέ.
397 5782 560 5836 Ἀλλὰ
589 5782 643 5835 τί
682 5798 845 5853 φησι;
877 5781 950 5834 Τὸ
987 5780 1084 5851 μὲν
1117 5779 1304 5843 αὑτοῦ,
1341 5777 1520 5832 καὶτὸ
1552 5776 1632 5840 δὲ,
1678 5775 1864 5846 δηλον-

284 5878 368 5930 ότι
395 5877 562 5932 αὑτοῦ
593 5877 686 5930 διά
733 5894 877 5938 τινος
919 5877 1011 5928 τοῦ
1056 5875 1179 5929 ὅλου
1215 5873 1370 5943 φησι,
1403 5872 1460 5926 τὸ
1498 5871 1599 5942 μὲν
1625 5870 1687 5924 τὸ
1725 5888 1862 5940 συμ-

1974 4665 2182 4729 tulisse,
2225 4680 2345 4720 eam
2390 4665 2444 4719 in
2503 4664 2639 4720 duas
2685 4681 2953 4735 personas
3000 4666 3376 4732 subdividcns,
3411 4681 3540 4736 pro-

1970 4768 2264 4829 ptereaque
2282 4757 2402 4828 jure
2426 4760 2620 4812 merito
2648 4759 2994 4813 anathemate
3021 4759 3279 4814 subactus
3301 4771 3402 4814 est.
3430 4757 3541 4814 Leo

1970 4862 2154 4906 autem
2215 4852 2319 4906 hoc
2354 4850 2634 4906 miraculis
2666 4851 3088 4920 reSplenduisse,
3124 4850 3269 4904 aliud
3299 4851 3543 4919 discipli-

1969 4945 2055 4998 nis
2082 4943 2358 4999 addictum
2388 4942 2582 5009 fuisse,
2608 4943 2816 5009 dicens,
2875 4957 2984 4997 non
3024 4943 3134 4996 duo
3177 4942 3354 5011 inquit
3401 4943 3537 4995 inte-

1969 5052 2062 5107 gra
2097 5052 2190 5106 per
2220 5051 2280 5091 se
2317 5036 2693 5100 subsistentia,
2729 5045 2786 5088 ut
2817 5044 2866 5090 et
2925 5035 3254 5090 divisionem
3319 5043 3526 5087 natura-

1966 5144 2089 5182 runt
2121 5126 2351 5192 afferat,
2381 5135 2776 5196 proptereaque
2809 5127 2945 5181 duas
2967 5141 3268 5196 personas;
3301 5135 3354 5179 et
3402 5126 3538 5178 duas

1969 5222 2329 5291 hypostases:
2368 5219 2462 5275 scd
2490 5219 2598 5274 duo
2626 5219 2789 5273 unius
2813 5219 3008 5287 integri
3039 5218 3363 5287 completiva
3390 5233 3405 5284 ;
3441 5231 3535 5270 ne-

1967 5328 2073 5383 que
2118 5313 2262 5368 enim
2291 5312 2451 5378 dixit,
2478 5311 2566 5365 hic
2596 5321 2649 5366 et
2672 5311 2782 5376 ille,
2813 5326 2990 5380 neque
3013 5320 3071 5364 ut
3119 5310 3323 5380 aliquid
3369 5308 3534 5363 etiam

1965 5406 2289 5460 concederet
2339 5405 2441 5460 hoc
2473 5404 2792 5487 simpliciter
2823 5404 3031 5474 absque
3066 5403 3269 5469 addito,
3303 5410 3356 5456 et
3409 5402 3534 5456 hoc.

1967 5494 2165 5551 Verum
2198 5497 2300 5561 sic,
2325 5496 2425 5552 hoc
2458 5497 2678 5567 quidem
2709 5496 2876 5560 illius,
2911 5507 2965 5550 et
2994 5497 3098 5552 hoc
3125 5511 3274 5562 vero,
3303 5495 3406 5549 hoc
3453 5504 3539 5549 est
3641 5527 3660 5545 .

1965 5590 2110 5646 illius
2129 5589 2195 5644 de
2227 5589 2415 5658 aliquo
2445 5589 2652 5660 integro
2691 5603 2997 5644 sermonem
3034 5587 3261 5654 habens,
3294 5587 3397 5642 hoc
3418 5587 3546 5657 (ιη’-

1967 5685 2089 5740 dem
2132 5685 2207 5739 ait
2265 5684 2674 5754 completivum,
2727 5684 2855 5738 etin
2890 5682 3336 5753 compositionem
3367 5680 3540 5752 ipsius

1968 5785 2308 5847 assumptum
2339 5776 2649 5846 resplendet
2673 5775 2975 5840 miraculis,
3011 5777 3114 5831 hoc
3174 5788 3328 5838 vero,
3382 5771 3540 5828 simi-

1966 5869 2088 5923 liter
2131 5879 2182 5925 et
2215 5869 2392 5940 ipsum
2430 5869 2596 5926 totius
2655 5867 3061 5939 comj'ilctivum,
3095 5868 3146 5922 in
3185 5865 3549 5937 compositio-
