3994 6624
465 417 578 486 MS
1183 476 1188 481 .
1755 418 2051 482 NICETgE
2088 417 2501 481 BYZANTINI
3640 418 3752 484 616

466 548 590 588 nem
652 531 798 588 illius
843 541 1132 603 acceptum
1190 533 1546 604 passionibus
1596 531 1898 587 obnoxium
1958 540 2042 588 est

2176 530 2544 604 πληρωτικὸν,
2594 529 2688 583 καὶ
2736 530 2818 594 εἰς
2854 527 2951 600 τὴν
2992 529 3244 585 σύνθεσιν
3294 532 3460 586 αὑτοῦ
3502 533 3753 604 παραλη-

468 626 545 680 Ea
603 627 920 696 quicunque
982 628 1062 682 sic
1124 627 1403 697 intelligit,
1447 624 1907 697 quemadmodum
1943 633 2045 680 ett

2180 625 2306 696 φθέν
2334 625 2632 694 διαλάμπει
2658 625 2770 687 τοῖς
2794 622 3058 694 θαύμασι.
3089 624 3150 678 τὸ
3185 626 3240 680 δὲ
3267 627 3470 697 ὁμοίως
3501 628 3593 679 καὶ
3622 625 3757 680 αὑτὸ

463 729 658 785 sancto
679 719 929 789 pontilice
947 719 1128 775 Leone
1145 729 1505 789 exponuntur,
1535 718 1580 774 is
1599 718 1732 772 nihil
1753 733 1929 787 neque
1949 717 2037 772 ine

2177 716 2635 788 συμπληρωτικὸν
2666 715 2727 769 ὃν
2759 715 2853 770 τοῦ
2879 716 3002 770 ὅλου
3049 718 3108 771 ἐν
3138 720 3203 790 τῇ
3253 717 3504 772 συνθέσει
3541 718 3754 772 ἐκείνου

468 820 619 875 ptum
651 824 829 878 neque
848 809 1223 879 blasphemum
1251 808 1646 880 pronuntiabit.
1667 809 1905 863 Rursum
1928 806 2045 862 scri'

2174 809 2774 881 παραλαμϐανόμενον,
2838 809 3139 865 ὑποπίπτει
3189 812 3302 874 τοῖς
3361 809 3582 865 πάθεσι.
3634 811 3751 864 Καὶ

467 901 544 955 bit
567 899 876 956 Nestorius:
903 901 970 954 Et
1004 901 1224 955 Verbum
1249 920 1371 955 caro
1390 903 1704 973 factumest,
1740 912 1787 955 et
1815 898 2044 954 habitari

2180 901 2343 965 οὑτως
2382 900 2613 967 νοοῦντι,
2643 901 2834 973 ὥσπερ
2856 901 2949 955 οῦν
2981 903 3075 956 καὶ
3111 903 3352 974 εἴρηται,
3384 904 3534 973 παρὰ
3564 902 3662 956 τοῦ
3697 904 3757 957 ἐν

468 984 524 1048 in
554 995 724 1048 nobis.
749 994 854 1048 Leo
886 1010 1050 1049 vero:
1089 994 1370 1065 Sapientia
1393 996 1677 1066 wdiﬁcavit
1708 995 1811 1049 sibi
1831 999 2040 1049 domum

2178 991 2346 1059 ᾰγίοις
2387 992 2547 1046 nam
2583 992 2834 1059 Λέοντος,
2855 991 3009 1046 οὐδὲν
3038 993 3260 1060 ἄτοπον,
3286 993 3406 1046 οὑδέ
3432 992 3755 1065 βλάσφημον

469 1104 592 1140 nam
635 1087 856 1142 Verbum
904 1105 1029 1143 caro
1061 1093 1263 1159 factum
1322 1101 1422 1155 est,
1449 1102 1497 1143 et
1525 1090 1779 1144 habitavit
1809 1088 1863 1142 in
1894 1087 2040 1141 nobis

2180 1084 2498 1153 Ξιπαντὴσει.
2530 1085 2640 1138 Καὶ
2669 1085 2834 1139 πάλιν
2857 1086 3063 1157 γράφει
3094 1086 3411 1156 Νεστόριοςο
3458 1087 3522 1140 '0
3561 1088 3757 1157 Λόγος

445 1179 579 1234 .Has
604 1194 767 1235 voces
798 1196 976 1251 neque
1002 1181 1208 1252 impius
1238 1182 1528 1238 Nestorius
1557 1197 1620 1237 ex
1647 1181 1884 1252 propriis
1915 1189 2022 1235 altu

2177 1179 2324 1248 σὰρξ
2353 1177 2612 1249 ἐγένετο,
2663 1179 3167 1252 καίοέσκήνωσεν
3227 1182 3300 1234 ἐν
3347 1180 3513 1251 ἡμῖν.
3547 1182 3754 1253 Γράφει

469 1274 548 1337 lit,
579 1289 754 1344 neque
783 1273 897 1344 ipse
918 1273 1031 1330 Leo
1081 1276 1332 1332 εΙοειιιιιε
1362 1286 1468 1340 εει,
1498 1276 1589 1330 sed
1623 1290 1689 1328 ex
1717 1274 1915 1328 divinis
1951 1273 2046 1327 Litt

2175 1272 2342 1338 Λέων,
2373 1273 2454 1325 ὅτι
2494 1273 2557 1328 Ἠ
2578 1274 2766 1342 Σοφία
2789 1273 3179 1343 ᾠκοδόμησεν
3202 1274 3388 1344 ἑαυτῇ
3417 1276 3617 1330 οἷκον·
3649 1277 3752 1330 καὶ

468 1365 602 1420 teris
633 1366 970 1429 haurientes,
997 1367 1050 1421 in
1073 1368 1290 1438 propria
1311 1366 1704 1422 commentaria
1731 1366 2034 1420 retulerunt

2175 1365 2276 1435 γὰρ
2311 1369 2342 1419 o'
2368 1367 2560 1435 Λόγος
2597 1365 2757 1435 σὰρξ
2805 1366 3061 1436 ἐγένετο.
3116 1369 3213 1422 καὶ
3274 1369 3634 1439 ἐσκήνωσεν
3681 1369 3752 1424 ἐν

468 1456 864 1514 Verumtamen
896 1457 1184 1515 Nestorius
1216 1471 1409 1516 contra
1444 1461 1735 1515 consilium
1789 1460 2045 1515 ecclesia-

2173 1456 2327 1526 ἡμῖν.
2351 1455 2565 1518 Ταύτας
2606 1455 2705 1518 τὰς
2739 1457 2967 1528 χρήσεις
2999 1457 3125 1512 οὔτε
3155 1460 3451 1531 Νεστόριος
3489 1464 3518 1515 6
3550 1462 3750 1532 ἐναγὴς

468 1552 689 1616 sticum,
719 1563 771 1608 et
801 1568 866 1606 ex
904 1569 1002 1608 sua
1043 1555 1335 1624 depravata
1373 1564 1558 1608 mente
1593 1555 1764 1609 verba
1822 1570 2045 1624 evange-

2169 1549 2374 1603 οἴκοθεν
2409 1549 2762 1621 προεϐάλετο,
2811 1549 2935 1604 οὔτε
2996 1551 3102 1624 μὴν
3150 1555 3178 1606 6
3229 1553 3382 1608 Λέων
3423 1555 3746 1627 ἐφθέγξατο,

468 1646 572 1700 lica
611 1648 848 1716 sumpsit
881 1665 894 1701 :
960 1663 1216 1716 namque,
1265 1647 1490 1701 Verbum
1545 1663 1669 1700 caro
1706 1649 1911 1716 factum
1951 1659 2045 1713 est,

2174 1642 2276 1695 sar
2307 1643 2372 1695 ἐκ
2419 1642 2517 1712 τῆς
2556 1641 2707 1705 θείας
2761 1642 2987 1714 Γραφῆς
3030 1642 3307 1709 λαϐόντες,
3352 1649 3464 1710 τοῖς
3524 1647 3751 1712 οἰκείοις

474 1755 692 1795 sensum
723 1741 866 1794 hunc
893 1741 1040 1810 pium
1067 1740 1276 1794 obtinet
1311 1758 1324 1794 :
1359 1739 1500 1793 Idem
1523 1739 1767 1794 divinum
1796 1740 2051 1804 Verbum,

2168 1735 2596 1804 συγγράμμασιν
2634 1733 2919 1804 ἐνέθηκαν.
2968 1735 3111 1788 Ἀλλ’
3145 1738 3172 1789 ὁ
3217 1737 3315 1808 μὲν
3345 1738 3639 1810 Νεστόριος
3683 1741 3745 1793 οὑ

477 1849 644 1886 unum
664 1849 726 1885 ex
748 1842 934 1887 sancta
961 1832 1157 1887 Triade
1178 1835 1453 1904 hypnstasi
1481 1850 1602 1888 cum
1638 1833 1931 1889 mansisset
1954 1833 2054 1887 im-

2173 1830 2303 1882 κατὰ
2349 1827 2598 1898 βούλημα
2662 1827 3126 1898 ἐκκλησιαστικὸν
3166 1829 3228 1882 τὸ
3261 1830 3618 1900 εὑαγγελικὸν
3650 1834 3750 1904 ῥη-

476 1924 735 1980 mutabile
785 1925 1184 1993 inmotumque
1252 1925 1395 1994 quod
1452 1937 1591 1988 erat,
1651 1924 1792 1978 Deus
1823 1923 2053 1989 scilicet,

2172 1921 2252 1972 τὸν
2287 1887 2593 2007 ἐΙξείληῷέν,
2635 1920 2771 1974 ἀλλὰ
2799 1887 2940 1974 κατά
2961 1921 3052 1974 τὸν
3083 1921 3278 1976 ἑαυτοῦ
3315 1887 3749 1995 διεστραμμένον

473 2018 773 2087 assumpsit
808 2031 1030 2072 carnem
1061 2018 1359 2070 animatam
1419 2019 1602 2070 anima
1642 2016 1871 2070 rationis
1902 2031 2050 2070 com-

2170 2013 2305 2068 νοῦν.
2339 2014 2413 2066 Τὸ
2450 2014 2580 2085 γὰρ,
2628 2011 2690 2066 '0
2720 2013 2914 2084 Λόγος
2961 2013 3118 2083 σὰρξ
3169 2014 3441 2086 ἐγένετο,
3489 2009 3747 2089 τοιαύτην

470 2120 598 2182 pote
646 2120 700 2164 et
747 2111 1114 2175 intellectuali,
1143 2121 1196 2164 et
1225 2111 1365 2164 hanc
1388 2110 1584 2162 divina:
1619 2119 1824 2163 natura:
1856 2109 1909 2162 in
1932 2122 2047 2179 pro-

2171 2105 2273 2176 ἔχει
2304 2105 2503 2176 εὑσεϐἦ
2537 2105 2794 2160 διάνοιαν·
2827 2107 2910 2162 ὅτι
2951 2106 3114 2170 ori-:6;
3143 2107 3171 2160 6
3208 2107 3354 2172 θεῖος
3381 2108 3576 2179 Λόγος,
3604 2111 3633 2164 6
3668 2104 3748 2174 εἷς

471 2205 587 2275 pria
643 2204 943 2276 hypostasi,
986 2203 1205 2258 deitatis
1245 2218 1463 2271 nempe,
1496 2202 1692 2267 univit,
1751 2202 2048 2257 secundum

2171 2202 2225 2269 τῇ
2251 2200 2549 2253 ὑποστάσει
2570 2199 2671 2269 τῆς
2692 2199 2852 2269 ἁγίας
2879 2199 3133 2270 Τριάδυς,
3176 2201 3367 2270 μείνας
3389 2200 3748 2265 ἀναλλοίωτος

474 2299 769 2353 essentiam
813 2307 868 2353 et
915 2297 1251 2368 hypostasim
1317 2298 1520 2351 unione
1575 2295 1786 2362 effecta,
1851 2303 1911 2350 ut
1949 2310 2051 2350 una

2170 2291 2256 2344 καὶ
2294 2290 2582 2362 ἄτρεπτος,
2622 2291 2758 2362 ὅπερ
2799 2286 2869 2362 ἦν
2892 2331 2906 2356 ,
2947 2290 3079 2355 Θεὸς
3115 2291 3381 2362 δηλονότι,
3413 2292 3747 2364 προσείληφε

471 2391 785 2462 hypostasis
819 2393 935 2461 ipse
966 2399 1089 2461 post
1113 2389 1568 2450 incarnationem.
1609 2392 1689 2443 vel
1717 2399 2048 2458 assumptum

2170 2386 2342 2457 σάρκα
2407 2384 2766 2457 ἐψυχωμένην
2808 2384 2953 2456 ψυχῇ
3017 2384 3209 2457 λογικῇ
3269 2388 3366 2439 και⁵
3411 2388 3599 2458 νοερᾷο
3652 2389 3747 2440 καὶ

473 2480 753 2535 hominem
816 2480 1133 2535 crederetur
1171 2479 1323 2533 nullo
1393 2479 1768 2533 additamento
1807 2495 2050 2548 personae

2174 2481 2364 2553 ταύτην
2416 2482 2596 2552 ἤνωσε
2626 2483 2692 2552 τῇ
2727 2480 2847 2552 θεία
2885 2481 3044 2549 φύσει
3092 2481 3150 2532 ἐν
3179 2483 3244 2552 τῇ
3280 2481 3461 2554 οίκείᾳ
3501 2482 3751 2537 ὑποστά-

479 2586 642 2630 aucta
679 2583 870 2630 sancta
913 2573 1206 2643 Trinitate,
1241 2575 1287 2628 is
1317 2589 1445 2628 cum
1486 2589 1648 2628 carne
1693 2574 2055 2643 comprehen-

2163 2593 2268 2643 σει,
2295 2576 2538 2647 δηλονότι
2569 2575 2667 2646 τῆς
2708 2574 2983 2644 θεότητος,
3035 2573 3269 2646 οὑσιὼδη
3322 2576 3419 2630 καὶ
3459 2577 3583 2630 καθ’
3616 2577 3740 2630 ὑπόο

472 2665 642 2729 ditur,
673 2676 858 2721 etest.
910 2663 1023 2720 [loc
1079 2681 1243 2720 sensu
1272 2665 1476 2720 dictum
1535 2667 1905 2734 evangelicum
1963 2681 2049 2720 ex-

2171 2684 2350 2720 στασιν
2387 2667 2484 2737 τὴν
2509 2666 2706 2719 ἕνωσιν
2753 2665 3156 2736 ἐργασάμενος,
3184 2665 3258 2728 ὠς
3294 2666 3421 2736 μίαν
3448 2665 3748 2720 ὑπόστασιν

473 2756 674 2826 quisita
710 2757 1035 2826 sinceraque
1070 2755 1326 2812 Ecclesia:
1355 2757 1746 2811 commcntmio
1779 2759 2050 2828 interpre-

2169 2760 2320 2814 αὑτὸν
2368 2759 2500 2813 ὄντα
2563 2757 2920 2812 πιστεύεσθαι
2967 2759 3060 2812 καὶ
3106 2759 3244 2829 μετὰ
3289 2758 3388 2831 τὴν
3447 2759 3746 2830 σάρκωσιν,

471 2855 638 2900 tatur.
663 2845 743 2901 Ad
772 2846 904 2902 illud
937 2862 1062 2902 vero
1088 2888 1105 2914 ,
1141 2847 1394 2900 habitavit
1428 2847 1482 2900 in
1519 2847 1688 2914 nobis,
1713 2857 1859 2902 recte
1879 2848 2048 2902 Theo-

2172 2855 2276 2925 ῇτοι
2327 2853 2759 2923 ἐνανθρὼπησιν,
2804 2853 2904 2923 τῆς
2951 2853 3112 2921 ἁγίας
3155 2853 3381 2924 Τριάεος
3429 2853 3749 2924 προσθήκην

473 2937 632 3010 iogus
700 2941 881 2994 statim
926 2939 1216 3010 subjunxit
1256 2949 1358 2996 :ut
1405 2940 1535 3006 duo,
1570 2957 1690 3010 qua:
1750 2941 2050 3011 significan-

2171 2949 2257 3001 ibx
2279 2946 2667 3018 εἰσδεξαμένης
2696 2946 3016 3018 προσώπου,
3042 2948 3133 3002 καὶ
3162 2947 3304 3018 μετὰ
3336 2947 3538 3018 σαρκὸς
3573 2950 3748 3001 νοοῖτο

475 3041 583 3098 tur,
619 3032 924 3104 intelligens
951 3033 1313 3098 habitantem,
1361 3041 1414 3088 et
1445 3034 1496 3088 in
1533 3049 1641 3103 quo
1672 3033 1938 3088 habitatio
1971 3034 2051 3099 lit,

2169 3040 2252 3092 καὶ
2286 3037 2423 3091 ἔστι.
2454 3036 2641 3108 Ταύτῃ
2672 3040 2738 3108 τῇ
2775 3037 2954 3110 ἐννοίᾳ
3001 3037 3062 3091 τὸ
3110 3037 3465 3108 εὑαγγελικὸν
3509 3037 3676 3109 ῥητὸν
3713 3040 3746 3109 ἡ

473 3126 654 3196 ipsum
709 3129 762 3180 in
818 3143 1040 3182 carnem
1077 3127 1422 3182 imimitatum
1475 3144 1584 3182 non
1650 3127 1820 3184 fuisse
1873 3139 2050 3185 mente

2171 3131 2258 3202 τῆς
2297 3129 2626 3200 Ἐκκλησίας
2671 3129 2909 3202 ἀκριϐὴς
2939 3129 3192 3202 διάληψις
3230 3129 3526 3201 ἐξηγεῖται.
3565 3129 3640 3182 Τὸ
3669 3129 3748 3196 δὲ,

471 3219 776 3291 concipias,
811 3220 905 3276 sed
939 3220 1120 3290 potius
1144 3220 1198 3273 in
1231 3236 1396 3274 carne
1432 3220 1791 3285 inhabitasse,
1838 3235 1902 3275 ac
1933 3231 2048 3276 tan-

2173 3224 2518 3291 ἐσκήνωσεν
2556 3223 2626 3278 ἐν
2676 3222 2841 3290 ἡμῖν,
2893 3223 3073 3288 καλῶς
3111 3239 3175 3292 γε
3211 3222 3383 3276 ποιῶν
3428 3225 3456 3276 6
3485 3222 3750 3292 Θεολόγος

473 3329 636 3384 quam
669 3314 890 3384 proprio
921 3331 1078 3368 usum
1129 3328 1381 3383 corpore,
1407 3314 1550 3382 quod
1575 3329 1640 3368 ex
1707 3321 1894 3370 sancta
1929 3312 2050 3369 Vir-

2171 3317 2328 3380 εὑθὺς
2366 3316 2683 3386 ἐπήγαγεν,
2726 3314 2814 3367 ἵνα
2855 3313 2950 3367 δύο
2991 3315 3191 3386 νοήσας
3241 3313 3310 3367 τὰ
3351 3315 3748 3385 σημαινόμενα,

473 3404 597 3472 ginc
629 3405 957 3474 principium
979 3405 1190 3470 habuit,
1223 3405 1446 3474 templo.

2176 3412 2250 3464 τόν
2281 3429 2340 3464 τε
2369 3409 2695 3482 σκηνοῦντα,
2729 3408 2826 3462 καὶ
2860 3408 2921 3461 τὸ
2967 3410 3023 3461 ἐν
3057 3400 3101 3477 ᾧ
3142 3409 3175 3477 ἡ
3229 3407 3522 3478 σκήνωσις,
3563 3409 3639 3479 μὴ
3670 3407 3753 3473 εἱς

474 3497 653 3568 σάρκα
700 3498 1128 3568 περιτετράφθαι
1183 3500 1381 3570 νοήσῃς
1439 3497 1622 3565 αὑτὸν,
1683 3501 1963 3574 σκηνῶσαι
2011 3504 2067 3559 δὲ
2107 3507 2311 3578 μᾶλλον
2365 3507 2424 3561 ἐν
2455 3504 2621 3578 σαρκὶ
2666 3504 2741 3568 ὡς
2778 3502 2892 3574 ίδίῳ
2931 3501 3421 3574 προσχρησάμενον
3493 3499 3730 3572 σώματι,

469 3589 549 3658 τῷ
584 3589 648 3639 ἐκ
688 3589 787 3657 τῆς
817 3588 978 3657 ἁγίας
1019 3589 1295 3659 Παρθένου
1324 3589 1457 3659 ναῷ.

458 3750 464 3756 _
543 3680 630 3736 10.
662 3681 798 3734 Cum
833 3696 996 3750 porro
1013 3680 1079 3735 de
1107 3681 1200 3735 Dei
1226 3680 1384 3736 Verbi
1423 3683 1757 3741 habitatione
1793 3685 1848 3740 in
1892 3702 2035 3743 carni

2245 3695 2295 3743 ι’.
2337 3685 2559 3757 Ἐπειδὴ
2588 3683 2647 3738 δὲ
2681 3683 2809 3754 περὶ
2841 3682 3186 3749 σκηνώσεως,
3224 3680 3341 3752 ἦτοι
3377 3683 3753 3752 κατοικήσεως

470 3775 919 3845 proprialocutus
937 3775 1007 3830 sit
1040 3775 1404 3845 Evangelista,
1428 3777 1905 3834 determinandum
1949 3789 2047 3848 est,

2175 3777 2259 3830 τοῦ
2282 3775 2418 3828 Θεοῦ
2458 3774 2636 3843 Λόγου
2663 3773 2801 3843 πρὸς
2843 3773 2941 3842 τὴν
2988 3777 3186 3826 ἑαυτου
3230 3772 3414 3844 σάρκα
3445 3771 3648 3845 ἐρρέθη
3674 3773 3752 3842 τῷ

471 3876 605 3935 quot
668 3866 845 3920 modis
875 3865 1074 3920 dicitur
1102 3864 1244 3921 Deus
1266 3866 1319 3920 in
1351 3867 1509 3922 nobis
1540 3868 1850 3925 inhabitare
1879 3887 1894 3924 :
1961 3887 2048 3928 vo-

2176 3867 2546 3939 εὑαγγελιστῇ,
2573 3866 2873 3938 διοριστέον
2904 3867 3047 3919 κατᾶ
3076 3869 3276 3929 πόσους
3293 3874 3532 3938 τρόπους
3558 3867 3586 3920 6
3617 3865 3753 3929 Θεὸς

471 3969 672 4013 cantur
733 3957 1003 4027 siquidem
1063 3967 1118 4013 ει
1169 3959 1345 4013 sancti
1381 3961 1645 4030 templum
1703 3962 1819 4030 Dei,
1854 3963 1910 4018 in
1944 3978 2048 4034 quo

2176 3963 2383 4031 λέγεται
2413 3961 2644 4014 ἐνοικεῖν
2683 3961 2741 4012 ἐν
2767 3961 2921 4030 ἡμῖν.
2956 3959 3223 4028 Λέγονται
3262 3959 3372 4029 γὰρ
3398 3960 3492 4012 καὶ
3529 3961 3578 4014 οἱ
3607 3959 3753 4029 ἅγιοι

472 4051 613 4106 Dens
668 4051 907 4106 habitat:
936 4051 1029 4106 sed
1094 4051 1146 4105 in
1188 4052 1294 4107 illis
1343 4053 1560 4108 actione
1608 4055 1854 4110 habitare
1895 4057 2049 4127 probi

2176 4055 2288 4119 tab;
2341 4053 2501 4119 Θεοῦ,
2547 4055 2606 4107 ἐν
2635 4046 2679 4122 ᾧ
2713 4053 2742 4105 ὀ
2779 4051 2911 4116 Θεὸς
2965 4055 3233 4118 κατοικεῖ,
3281 4051 3399 4107 ἀλλ’
3449 4054 3508 4106 ἐν
3543 4053 3753 4117 τούτοις

474 4151 726 4211 recteque
749 4141 973 4194 dixeris.
1009 4139 1245 4195 Vocatur
1313 4142 1439 4195 item
1480 4151 1534 4196 et
1586 4141 1749 4214 Virgo
1793 4144 2051 4215 templum

2176 4147 2283 4203 ιατ’
2316 4147 2598 4218 ἐνέργειαν
2625 4147 2852 4217 φήσειεν
2899 4143 2965 4199 ἂν
3017 4145 3046 4198 6
3095 4145 3254 4216 ὀρθὸς
3289 4145 3444 4214 λόγος
3474 4145 3753 4216 εἰρῆσθαι.

473 4233 604 4287 Dei:
636 4234 689 4288 in
715 4232 833 4302 ipsa
868 4233 1066 4288 etenim
1101 4231 1246 4288 Deus
1278 4232 1520 4289 Verbum
1573 4237 1812 4292 essentia
1855 4237 2050 4293 habita-

2178 4241 2398 4311 Λέγεται
2453 4239 2510 4294 δὲ
2562 4238 2728 4292 πάλιν
2777 4238 2876 4292 καὶ
2917 4239 2950 4310 ἠ
2991 4238 3269 4309 Παρθένος
3298 4238 3426 4300 ναὸς
3465 4237 3625 4292 Θεοῦ.
3667 4238 3755 4290 Ἑν

473 4327 568 4388 vit,
604 4325 750 4394 quod
779 4323 902 4394 plus
945 4323 1112 4379 habet
1139 4333 1193 4380 et
1221 4324 1338 4379 sine
1367 4328 1777 4396 comparatione
1800 4328 2050 4384 eximium

2178 4334 2336 4406 ταύτῃ
2373 4333 2482 4406 γὰρ
2509 4335 2536 4387 6
2568 4332 2702 4396 Θεὸς
2728 4332 2903 4400 Λόγος
2933 4331 3208 4395 οὑσιωδῶς
3243 4329 3581 4402 κατῴκησεν,
3617 4331 3755 4400 ὅπερ

475 4433 588 4485 pra:
619 4415 744 4470 aliis
775 4415 984 4470 sanctis
1015 4433 1031 4483 ;
1068 4415 1125 4470 in
1192 4417 1414 4486 pr0pria
1442 4433 1575 4472 vero
1610 4433 1797 4483 carne,
1844 4435 1951 4490 qua
1997 4431 2052 4476 nt

2178 4424 2324 4478 πλέον
2350 4425 2467 4478 ἐστὶ
2495 4422 2606 4476 τῶν
2655 4422 2858 4476 λοιπῶν
2907 4423 3099 4492 ἁγίων,
3138 4423 3233 4476 καὶ
3284 4423 3664 4493 ἀσυγκρίτωςι
3699 4425 3755 4476 ἐν

477 4508 699 4576 proprio
726 4522 862 4562 usus
896 4516 980 4561 est
1002 4521 1232 4576 corpore
1259 4522 1322 4560 ex
1355 4516 1542 4562 sancta
1574 4506 1796 4580 Virgine
1857 4514 2054 4581 templo

2178 4517 2221 4571 ςε
2251 4517 2319 4586 τῇ
2355 4515 2535 4586 οἰκεία
2569 4517 2754 4586 σαρκὶ,
2852 4515 2928 4578 ὼς
2959 4513 3147 4586 οἰκείῳ
3199 4516 3623 4586 προσεχρήσατο
3655 4513 3755 4566 σώ-

476 4599 784 4654 secundnm
835 4599 1130 4652 essentiam
1161 4605 1214 4651 et
1265 4597 1604 4668 hypostasim
1631 4600 1707 4655 illi
1742 4600 1884 4657 Deus
1922 4600 2053 4658 Ver-

2180 4608 2415 4679 ματι,τῷ
2451 4611 2516 4662 ἐκ
2541 4609 2638 4676 τῆς
2671 4609 2834 4677 ἁγίας
2873 4607 3150 4678 Παρθένου
3184 4607 3320 4678 ναῷ,
3354 4606 3629 4671 οὑσιωδῶς
3663 4607 3757 4661 καὶ

477 4693 608 4748 bum
631 4693 863 4757 unitum,
897 4691 1146 4744 habitare
1175 4691 1396 4745 dicitur.
1416 4691 1481 4745 Et
1505 4693 1619 4746 haec
1641 4693 1860 4764 quidem
1881 4694 2054 4747 Eccle-

2181 4702 2296 4755 καθ’
2324 4701 2624 4755 ὑπόστασιν
2652 4700 2874 4764 ὲνωθεὶς
2931 4700 3080 4772 αὑτῷ
3133 4701 3161 4752 6
3204 4699 3338 4763 Θεὸς
3373 4699 3547 4767 Λόγος
3573 4716 3758 4752 κατοι-

477 4788 573 4841 sia:
598 4786 681 4856 pia
709 4773 975 4840 sententia
999 4793 1101 4838 est.
1136 4782 1241 4838 Sed
1266 4783 1549 4838 Nestorius
1587 4800 1839 4854 perverse
1865 4785 2054 4840 dictun‘

2179 4795 2290 4846 κεῖν
2317 4793 2375 4846 ἐν
2402 4792 2552 4863 αὑτῷ
2583 4792 2822 4860 λέγεται.
2858 4793 2966 4845 Καὶ
3016 4792 3192 4864 ταύτῃ
3242 4791 3341 4861 μὲν
3383 4791 3481 4861 τῆς
3527 4790 3756 4860 Ἐκκλη-

482 4878 720 4949 accepit;
739 4893 993 4947 namque,
1023 4874 1381 4931 Verbumcaro
1399 4878 1598 4948 factum
1614 4886 1713 4942 est,
1734 4876 2059 4931 familiarita-

2183 4885 2294 4950 σίας
2327 4884 2386 4938 τὸ
2421 4884 2645 4948 εὐσεϐὲς
2683 4884 3036 4956 φρόνημα.”0
3060 4885 3117 4938 δὲ
3142 4883 3437 4954 Νεστόριος
3464 4883 3760 4955 διεστραμ-

481 4983 535 5029 ιε
569 4982 621 5027 et
639 4972 899 5027 relatione
916 4971 1216 5040 dignitatis,
1239 4980 1333 5023 aut
1353 4971 1602 5036 consilio,
1621 4979 1713 5023 aut
1736 4970 2058 5039 heneplacitc

2178 4981 2354 5052 μένως
2378 4982 2438 5035 τὸ
2457 4981 2641 5050 ρητὸν.
2695 4981 2770 5034 Τὸ
2801 4980 2932 5053 γάρ,
2967 4979 3032 5033 '0
3074 4979 3266 5048 Λόγος
3303 4975 3460 5044 σὰρξ
3493 4974 3755 5044 ἐγένετο,

479 5066 685 5121 factum
721 5064 896 5120 fuisse
951 5064 1131 5119 dixit:
1173 5079 1299 5117 cum
1356 5061 1497 5118 duos
1529 5063 1832 5119 constituat
1877 5063 2056 5118 Filios.

2178 5075 2228 5127 ἐν
2257 5075 2587 5138 οἱκειὼσεως
2618 5074 2783 5145 λόγῳ,
2815 5073 2911 5127 καὶ
2939 5072 3079 5126 κατά
3117 5069 3401 5140 ἀναφοράν
3424 5065 3755 5138 ἀξιώματος,

479 5163 711 5217 alterum
757 5160 925 5213 Deum
962 5157 1224 5220 Verbum,
1256 5170 1308 5213 et
1338 5161 1565 5214 alterum
1595 5158 1929 5228 singularem
1969 5159 2056 5213 ho-

2180 5167 2205 5236 ἢ
2237 5166 2649 5230 ταυτοϐουλίαν,
2682 5165 2715 5237 ἢ
2770 5165 3019 5220 εὐδοκίαν
3051 5163 3211 5217 τοῦτο
3252 5161 3379 5231 ἔφη.
3418 5159 3643 5228 Ἐπειδὴ
3665 5157 3757 5211 δύο

480 5257 682 5311 minem
744 5271 807 5309 ex
853 5254 1059 5320 Maria;
1102 5255 1182 5308 sic
1238 5263 1293 5308 et
1327 5253 1479 5318 illud,
1511 5253 1769 5305 habitavit
1796 5252 1851 5304 in
1898 5253 2057 5317 nobis,

2180 5261 2317 5314 ποιεῖ
2346 5260 2516 5326 υἱοὺς,
2551 5259 2710 5314 ἄλλον
2732 5258 2823 5312 τὸν
2846 5257 2977 5311 Θεὸν
3012 5257 3205 5326 Λόγον,
3232 5255 3329 5308 καὶ
3354 5253 3514 5308 ἄλλον
3543 5251 3757 5322 ἄνθρω-

481 5347 828 5416 operatione,
900 5355 997 5400 aut
1048 5345 1391 5415 beneplacito
1445 5342 1778 5414 exponebat,
1812 5359 1982 5412 quare
2019 5353 2058 5397 et

2177 5369 2274 5404 πον
2307 5351 2508 5414 ίδικὸν,
2551 5351 2644 5404 τὸν
2684 5353 2748 5404 ἐκ
2806 5350 3066 5420 Μαρίαςο
3131 5347 3393 5410 ὡσαύτως
3436 5345 3493 5399 δὲ
3540 5345 3635 5398 καὶ
3675 5344 3754 5407 τὸ,

480 5457 678 5511 purum
733 5439 1012 5494 hominem
1045 5438 1367 5492 enuntiahat
1413 5435 1598 5491 Jesum
1636 5445 2057 5506 :prOptereaqut

2181 5443 2527 5509 ἐσκήνωσεν
2565 5443 2634 5497 ἐν
2673 5442 2841 5512 ἡμῖν,
2889 5443 3012 5496 κατ’
3065 5441 3370 5512 ἐνέργειαν,
3425 5438 3458 5508 ἢ
3507 5436 3758 5490 εὐδοκίαν

476 5532 599 5600 jure
632 5530 830 5585 merito
860 5530 1212 5584 anathemate
1253 5529 1394 5585 ictus
1435 5538 1538 5584 est.
1580 5526 1690 5583 Leo
1710 5543 1836 5582 vero
1863 5527 2046 5582 dicens

2180 5536 2446 5605 ἔφασκεν·
2503 5537 2627 5590 ὅθεν
2690 5538 2784 5590 καὶ
2829 5535 2984 5606 ψιλὸν
3036 5535 3325 5603 ἄνθρωπον
3366 5529 3757 5600 ὡμολόγειτὸν

482 5621 759 5693 Sapientia
779 5623 1065 5692 wdiﬁcavit
1111 5623 1212 5676 sibi
1237 5622 1452 5675 domum
1479 5641 1497 5676 :
1523 5637 1644 5674 nam
1682 5619 1905 5675 Verbum
1943 5638 2059 5675 cara

2184 5625 2392 5694 Ἰησοῦν
2413 5644 2426 5656 ·
2450 5626 2540 5679 διά
2556 5643 2635 5678 τοι
2667 5625 2822 5678 τοῦτο
2836 5624 3060 5687 δικαίως
3092 5624 3168 5694 τῷ
3197 5621 3501 5691 ἀναθέματι
3519 5620 3755 5673 καθυπο-

484 5716 690 5784 [actum
720 5725 818 5780 est,
851 5727 900 5771 et
943 5715 1204 5770 habitavit
1242 5716 1297 5768 in
1329 5715 1502 5780 nobis,
1537 5715 1624 5784 pie
1650 5715 1980 5786 intelligens,
2017 5724 2061 5769 et

2180 5717 2453 5787 ϐέϐληται.
2493 5718 2551 5771 '0
2591 5718 2648 5771 δέ
2687 5717 2749 5786 δὴ
2773 5717 2927 5770 Λέων
2955 5717 3151 5784 λέγων,
3191 5716 3272 5768 ὅτι
3315 5713 3583 5781 Ἠσοφία
3609 5711 3757 5776 ᾠκο-

483 5809 554 5864 ad
576 5810 836 5866 Ecclesiae
865 5821 1123 5876 mentem,
1155 5821 1213 5863 ut
1254 5818 1412 5863 antea
1444 5808 1866 5872 declaravimus,
1897 5824 2001 5862 non
2037 5825 2060 5861 ιι

2183 5815 2439 5882 δόμησεν
2495 5809 2682 5878 ἑαυτῇ
2748 5805 2958 5863 οἴκον’
3009 5807 3104 5861 καί
3135 5805 3244 5876 γὰρ
3277 5807 3309 5860 ὀ
3359 5805 3553 5874 Λόγος
3599 5802 3760 5869 σὰρξ

481 5917 742 5976 perverso
796 5904 1036 5963 Nestorii
1094 5903 1370 5962 intellectu
1417 5902 1724 5974 abripitur,
1781 5912 2058 5983 propterea

2182 5907 2426 5976 ἐγένετο,
2492 5905 2588 5958 καὶ
2643 5903 3000 5972 t-amirwc'er
3044 5901 3112 5955 ἐν
3151 5899 3314 5968 filii”,
3347 5894 3759 5966 εὐσεδοφρόνως
