3994 6600
316 461 416 525 617

1167 451 1609 516 REFUTATIO
1650 450 2036 513 EPISTOL/E
2078 451 2307 512 REGIS
2337 449 2732 511 ARMENME.

3468 446 3578 512 618

319 578 513 645 νοήσας
542 571 686 627 κατὰ
751 571 814 626 τὸ
848 569 1099 643 βούλημα
1128 572 1191 625 τὸ
1224 560 1707 642 ἐκκλησιαστικὸν,
1746 569 1775 623 δ
1804 569 1898 623 καὶ

2005 582 2177 639 neque
2209 568 2264 622 in
2288 568 2440 623 hisce
2463 582 2591 622 cum
2620 579 2689 620 co
2717 563 3017 620 consentit.
3052 562 3259 619 Scribit
3294 561 3595 621 Nestorins

315 668 624 738 φθάσαντες
656 667 910 737 είπομεν,
959 666 1023 720 οὐ
1083 664 1463 732 συναπάγεται
1491 666 1557 735 τῇ
1601 663 1900 737 διεστραμ-

318 762 455 836 μένη
486 759 786 833 νοήσειτοῦ
814 759 1115 831 Νεστορίου
1142 775 1156 790 ·
1192 758 1282 814 διά
1309 776 1393 813 τοι
1424 756 1583 811 τοῦτο
1610 756 1731 811 οῦδὲ
1762 774 1904 828 συμ-

314 857 503 927 φρονεί
523 853 679 925 αύτῷ
709 855 767 907 ὲν
792 852 1028 917 τούτοις.
1070 852 1280 924 Γράφει
1323 850 1644 921 Νεστόριος,
1676 848 1776 913 τὰς
1804 847 1898 902 δύο

315 946 507 1016 φύσεις
563 944 657 998 τοῦ
709 943 949 1015 Χριστοῦ
997 942 1269 1014 χωρίζων,
1300 942 1385 996 ὅτι
1426 941 1619 1010 Διπλῆ
1661 942 1831 996 ἐστιν
1861 941 1900 1009 ἠ

310 1039 496 1109 φύσις
527 1041 615 1103 εὶς
637 1036 710 1091 ἓν
729 1037 978 1107 ἀξίωμα.
1002 1036 1215 1108 Γράφει
1256 1034 1410 1089 Λέων
1430 1050 1445 1066 ο
1483 1034 1555 1089 Τὸ
1594 1034 1901 1102 πεινῆσαι,

312 1130 411 1183 καί
444 1128 725 1199 διψῆσαι,
782 1127 885 1183 καί
936 1127 1247 1192 κοπιάσαι,
1289 1126 1689 1195 ἀνθρώπινον,
1722 1126 1789 1180 τὸ
1836 1125 1906 1180 δὲ

311 1223 381 1278 ἐκ
409 1222 592 1277 πέντε
624 1222 818 1292 ἄρτων
858 1222 1086 1291 ἄνδρας
1127 1221 1667 1291 πεντακισχιλίους
1690 1218 1905 1289 χορτά-

310 1331 439 1382 σαι,
500 1315 601 1370 καί
647 1314 714 1369 τὸ
751 1314 910 1385 ὕδωρ
957 1315 1023 1368 τὸ
1055 1312 1168 1376 ζῶν
1192 1315 1559 1383 χαρίσασθαι
1605 1311 1681 1382 τῇ
1714 1316 1908 1383 Σαμα-

308 1407 542 1475 ρείτιδι,
576 1405 756 1461 τοῦτο
785 1407 1086 1474 θεότητος.
1138 1403 1279 1459 Ἀλλ’
1325 1408 1354 1460 ὁ
1400 1405 1501 1476 μὲν
1528 1405 1822 1476 Νεστόριος
1845 1406 1906 1459 οὐ

310 1499 402 1552 διὰ
438 1500 499 1552 τὸ
541 1501 741 1563 εἰπεῖν,
792 1496 987 1567 Διπλῆ
1021 1499 1195 1552 ἐστιν
1229 1498 1268 1566 ἠ
1298 1498 1507 1567 φύσις,
1545 1498 1645 1569 ἤδη
1669 1498 1907 1553 κατακέο

312 1607 502 1662 κριται
536 1607 551 1621 ’
577 1590 820 1644 πλεῖστοι
844 1590 955 1659 γὰρ
983 1590 1119 1653 ὅσοι,
1163 1589 1364 1660 μᾶλλον
1392 1589 1449 1643 δὲ
1486 1589 1689 1653 πάντες
1717 1589 1767 1642 οἱ
1788 1588 1909 1643 θεο-

311 1682 474 1752 φόροι
504 1681 749 1753 Πατέρες
774 1680 927 1736 τουτὶ
981 1679 1362 1753 διατρανοῦσιν
1389 1681 1486 1734 ἐπὶ
1535 1679 1800 1752 Χριστοῦ,
1826 1682 1909 1736 ὅτι

307 1772 539 1838 διπλοῦς
570 1770 660 1845 ἦν.
697 1775 810 1829 Καὶ
836 1774 1071 1828 ἄκουσον
1101 1772 1196 1827 τοῦ
1225 1774 1285 1828 ὲν
1311 1772 1564 1846 θεολογίᾳ
1601 1774 1908 1847 Γρηγορίου

308 1866 565 1934 λέγοντος
588 1882 604 1898 ·
628 1865 898 1941 Διπλοῦς
919 1864 1021 1935 ἦν,
1046 1866 1179 1920 ἐπεί
1202 1864 1301 1920 καί
1329 1866 1639 1932 ἐκοπίασε,
1670 1866 1769 1921 καί
1784 1866 1908 1921 ἐδί-

2010 663 2146 718 duas
2178 662 2232 717 in
2253 661 2472 718 Christo
2496 669 2724 717 naturas
2745 673 3035 731 separans:
3070 659 3277 729 Duplex
3301 670 3378 715 est
3401 672 3598 716 natura

2008 757 2063 811 in
2099 772 2207 811 una
2231 734 2511 826 dignilale.
2548 753 2751 810 Scribit
2780 752 2923 808 Leo:
2950 751 3183 824 Cumque
3200 753 3361 823 fame,
3402 756 3512 819 siti,
3545 763 3598 808 et

2012 849 2279 904 laboribus
2301 849 2644 919 depugnasse,
2669 850 2958 902 humanum
2987 857 3096 903 est:
3115 847 3342 919 quinque
3354 864 3472 903 vero
3498 866 3601 918 pa-

2011 940 2186 1008 nibus,
2219 941 2446 1011 quinque
2471 941 2742 995 hominum
2762 940 2935 994 millia
2958 950 3317 1007 exsaturasse,
3341 950 3390 995 et
3407 958 3601 1012 aquam

2010 1035 2183 1089 vivam
2203 1034 2564 1090 Samaritame
2582 1033 2870 1105 elargitum
2901 1034 3089 1104 fuisse,
3109 1035 3206 1090 hoc
3241 1052 3359 1091 vero
3380 1036 3600 1090 deitatis

2009 1138 2110 1183 est.
2133 1126 2198 1183 Et
2214 1126 2496 1183 Nestorius
2522 1127 2764 1198 quidem,
2785 1144 2892 1182 non
2933 1129 3078 1200 quod
3103 1128 3354 1183 dixerat:
3392 1127 3602 1197 Duplex

2012 1229 2090 1275 est
2143 1230 2361 1285 natura,
2425 1219 2550 1276 ideo
2597 1220 3002 1278 condemnatus
3031 1233 3115 1277 est
3156 1238 3329 1278 :cum
3376 1222 3599 1293 plurimi
3704 1290 3713 1295 ,

2013 1313 2176 1369 etiam
2201 1329 2269 1369 es
2292 1312 2503 1371 sanctis
2533 1313 2793 1372 Palribus
2817 1314 2924 1373 hoc
2944 1314 3091 1372 idem
3116 1316 3184 1372 de
3203 1316 3422 1371 Christo
3442 1331 3599 1373 asse-

2015 1416 2299 1472 verarunt,
2372 1406 2645 1477 duplicem
2721 1423 2865 1465 esse.
2920 1409 3063 1465 Audi
3117 1409 3168 1465 in
3223 1409 3425 1465 divinis
3478 1426 3602 1481 per-

2018 1501 2318 1556 tractandis
2367 1503 2644 1571 egregium
2675 1501 3025 1575 Gregorium.
3071 1501 3281 1573 Duplex:
3318 1514 3455 1571 erat,
3482 1506 3597 1573 ait;

2015 1608 2140 1647 nam
2161 1600 2211 1646 et
2242 1591 2528 1659 laboravit,
2558 1603 2608 1647 et
2633 1594 2829 1661 sitit-it,
2850 1594 3224 1667 aliaque,qua:
3253 1612 3319 1651 ea:
3342 1596 3455 1669 lege
3490 1616 3604 1653 cor-

2011 1683 2159 1751 poris
2188 1683 2484 1750 tenebatur,
2518 1700 2796 1755 perpessus
2822 1697 2921 1742 est.
2957 1686 3065 1743 Sed
3105 1688 3250 1758 quod
3283 1690 3519 1755 addidit,
3546 1694 3601 1745 in

2016 1790 2123 1829 una
2152 1776 2432 1847 dignitate,
2462 1787 2651 1848 aperte
2671 1778 2877 1835 divisas
2904 1788 3130 1836 naturas
3153 1781 3404 1848 innuens,
3437 1793 3490 1840 et
3510 1801 3604 1854 per

2017 1880 2076 1921 se
2094 1865 2461 1922 subsistentes
2493 1867 2809 1933 enuntians,
2837 1876 2895 1925 et
2927 1872 3308 1939 respectivam,
3336 1888 3481 1940 eam,
3515 1875 3602 1928 in—

309 1960 504 2025 ψησε,
527 1958 627 2012 καὶ
650 1957 769 2012 ὅσα
795 1960 964 2027 νόμῳ
990 1958 1270 2029 σώματος
1293 1954 1373 2029 ἦν
1390 1975 1405 1991 ο
1428 1958 1544 2013 ἀλλ’
1568 1960 1652 2013 ὅτι
1681 1960 1913 2031 ἐπήνεγ-

2018 1973 2210 2029 quam,
2244 1974 2409 2030 quam
2460 1960 2763 2017 secundum
2818 1961 3103 2032 dignitatis
3154 1965 3476 2022 relationem
3530 1969 3599 2022 ad

310 2066 433 2115 κεν,
465 2053 553 2116 εις
578 2050 651 2105 ἐν
685 2050 939 2121 ἀξίωμα,
980 2050 1226 2123 ἐναργῶς
1268 2050 1553 2121 ὕποδηλῶν
1583 2051 1683 2115 τὰς
1712 2051 1906 2121 φύσεις

310 2141 755 2213 κεχωρισμένας,
786 2144 879 2197 καὶ
908 2142 1313 2209 ίδιοσυστάτους
1360 2143 1551 2212 ποιῶν,
1592 2145 1687 2199 καὶ
1724 2162 1906 2216 σχετι-

309 2232 441 2305 κὴν,
473 2234 619 2305 λέγω
676 2234 743 2307 δὴ
791 2235 891 2309 τὴν
921 2236 1063 2291 κατὰ
1109 2236 1395 2309 ἀναφορὰν
1418 2236 1732 2308 ἀξιώματος
1762 2238 1901 2311 πρὸς

308 2325 407 2380 τὸν
432 2326 577 2381 θεῖον
628 2328 804 2397 Λόγον
858 2327 959 2399 τὴν
1005 2328 1355 2400 ἀνθρωπίνην
1395 2328 1558 2398 φύσιν
1586 2329 1685 2401 τὴν
1710 2330 1907 2386 ἕνωσιν

311 2418 653 2491 κεκτῆσθαι·
720 2419 813 2475 διά
866 2437 950 2475 τοι
977 2419 1138 2475 τοῦτο
1176 2422 1271 2475 καὶ
1297 2421 1629 2495 ἀπόϐλητος.
1667 2424 1725 2475 Ὀ
1752 2424 1809 2476 δὲ
1838 2424 1905 2496 δὴ

310 2511 468 2566 Δίων
498 2511 797 2583 ὀρθοδόξως
850 2512 913 2566 τὸ
956 2512 1057 2584 μὲν
1084 2511 1331 2583 διψῆσαι,
1365 2514 1459 2567 καὶ
1498 2514 1780 2584 πεινῆσαι,
1809 2515 1906 2568 καὶ

312 2604 575 2659 κοπιάσαι
595 2603 687 2657 τὸν
716 2604 954 2677 Χριστὸν
978 2605 1121 2661 κατά
1138 2605 1201 2658 τὸ
1225 2603 1568 2676 ἀνθρώπινον
1600 2605 1814 2677 εἴρηκε,
1842 2605 1906 2659 τὸ

310 2695 369 2750 δὲ
432 2696 927 2769 θαυματουργῆσαι
970 2697 1112 2753 κατά
1160 2698 1222 2752 τὸ
1271 2698 1453 2753 θεῖκδν
1482 2699 1649 2771 μέρος
1665 2698 1903 2765 ἐξέθετο.

312 2788 501 2863 Ταύτῃ
546 2793 611 2862 τῇ
650 2790 832 2862 ἐννοίᾳ
879 2792 914 2863 ἡ
972 2789 1236 2863 καθολικὴ
1283 2791 1583 2863 Ἐκκλησία
1639 2792 1735 2846 ἐπὶ
1778 2792 1906 2863 Χρι-

309 2882 439 2937 στοῦ
466 2886 605 2938 νοεῖν
635 2885 784 2955 ἡμᾶς
833 2883 1166 2950 ἐκδιδάσκει,
1200 2884 1268 2938 τὰ
1304 2884 1404 2955 μὲν
1449 2884 1686 2939 ταπεινά
1716 2887 1782 2957 τῇ
1810 2886 1905 2939 ἀν-

308 2973 624 3047 θρωπότητι
672 2976 1089 3047 προσάπτουσα,
1135 2975 1206 3031 τὰ
1239 2976 1299 3030 δὲ
1342 2974 1524 3048 ὑψηλὰ
1560 2978 1626 3048 τῇ
1662 2974 1901 3047 θεότητι.

310 3066 559 3137 Εὐσεϐὴς
589 3067 696 3138 ἄρα
740 3069 772 3121 ὁ
815 3068 969 3122 Λέων
1001 3068 1404 3135 ἀποδέδεικται,
1443 3069 1538 3123 καὶ
1570 3069 1633 3123 οὐ
1674 3086 1903 3140 συμφω-

308 3157 417 3212 νῶν
432 3158 510 3229 τῷ
537 3158 838 3232 Νεστορίῳ,
867 3159 971 3214 κᾶν
999 3161 1201 3227 ἀδίκως
1232 3163 1386 3234 παρὰ
1428 3161 1523 3215 σοῦ
1557 3161 1900 3232 συκοφαντῆ-

310 3262 423 3307 ται.
460 3250 523 3303 Ei
554 3249 613 3304 δὲ
670 3251 850 3315 τοῦτο,
915 3251 1097 3325 μάτην
1154 3252 1469 3327 προφασίζῃ
1506 3254 1811 3326 προφάσεις
1841 3255 1900 3307 ὲν

2010 2052 2257 2107 divinum
2285 2052 2523 2109 Verbum
2552 2055 2791 2110 humana
2834 2066 3029 2112 natura
3067 2060 3321 2113 unionem
3356 2061 3604 2130 possedit

2006 2144 2372 2212 conﬁrmans;
2392 2155 2789 2218 proptereaque
2818 2149 3158 2219 proscriptus
3196 2160 3299 2206 est.
3336 2150 3446 2208 Leo
3473 2169 3602 2210 vero

2013 2236 2152 2292 satis
2181 2237 2289 2307 pie,
2344 2248 2400 2293 et
2440 2253 2567 2295 cum
2620 2248 2767 2295 recte
2814 2240 3201 2308 sentientibus,
3244 2258 3373 2298 eum
3432 2245 3600 2312 latine,

2007 2323 2122 2391 siti,
2151 2334 2206 2380 et
2234 2326 2516 2384 laboribus
2539 2326 2884 2399 depugnasse
2912 2330 3194 2388 Christum
3230 2334 3469 2395 humana
3496 2352 3598 2392 na-

2010 2425 2129 2471 tura
2163 2419 2421 2485 asseruit,
2450 2428 2508 2475 at
2538 2422 2805 2477 miracula
2855 2422 3101 2479 ell'ecisse
3128 2425 3195 2480 de
3228 2426 3413 2483 divina
3448 2439 3602 2499 parte

2009 2509 2399 2581 interpretatus
2447 2520 2553 2567 est.
2603 2511 2816 2569 Similia
2878 2516 3151 2572 catholica
3228 2518 3476 2577 Ecclesia
3529 2523 3600 2579 de

2006 2603 2231 2658 Christo
2262 2620 2362 2660 nos
2416 2604 2597 2667 docet,
2641 2606 2871 2662 humilia
2918 2608 3249 2664 humanitati
3287 2613 3598 2678 ascribens,

2007 2696 2266 2752 sublimia
2301 2697 2491 2752 deitati
2522 2698 2829 2755 vindicans.
2883 2700 2981 2756 Pie
3023 2700 3208 2772 itaque
3252 2700 3362 2759 Leo
3411 2705 3597 2770 sentit,

2008 2789 2087 2843 uti
2118 2789 2556 2846 demonstratum
2579 2801 2688 2856 est,
2720 2808 2821 2848 nec
2847 2807 2974 2848 cum
3027 2792 3281 2851 Nestorio
3321 2790 3599 2859 convenit,

2006 2882 2133 2937 licet
2164 2897 2193 2936 a
2228 2892 2279 2937 te
2308 2883 2586 2940 immerito
2613 2884 2681 2939 de
2697 2899 2765 2941 eo
2795 2886 3175 2944 insimuletur.
3208 2888 3265 2945 ω
3306 2891 3356 2946 si
3388 2891 3462 2946 ita
3490 2904 3599 2960 est,

2004 2974 2208 3029 frustra
2238 2984 2533 3043 prseteritos
2568 2977 2823 3046 prtetexis
2864 2977 2920 3032 in
2969 2980 3236 3048 peccatis,
3268 2990 3325 3036 et
3348 2993 3598 3037 sanctam

2002 3075 2255 3136 quartam
2307 3066 2576 3136 synodum
2634 3067 2923 3138 ipsiusque
2957 3069 3188 3140 probam
3235 3072 3597 3128 assertionem

2004 3172 2112 3211 non
2146 3158 2369 3227 recipis,
2408 3173 2574 3227 quam
2611 3158 2703 3213 illa
2745 3158 2815 3214 de
2862 3161 3175 3216 oeconomia
3210 3161 3418 3217 Christi
3454 3180 3596 3234 pra:-

2004 3250 2229 3320 scripsit
2261 3269 2275 3305 :
2312 3266 2487 3331 neque
2513 3252 2659 3305 enim
2710 3267 2879 3306 unum
2911 3251 3191 3308 Christum
3234 3254 3287 3308 in
3318 3256 3429 3310 duo
3456 3258 3599 3312 divi-

309 3339 637 3414 ἀμαρτίαις,
695 3344 790 3399 καὶ
842 3323 943 3400 οὐκ
1001 3323 1245 3420 (inoblita
1276 3323 1381 3417 τὴν
1408 3323 1573 3414 ἀᾶιαψ
1628 3348 1901 3419 τετάρτην

2005 3341 2104 3405 dit,
2136 3349 2190 3394 et
2230 3355 2259 3394 a
2289 3340 2395 3394 Deo
2419 3325 2821 3410 separationem
2871 3341 3191 3408 introducit,
3237 3354 3295 3399 ut
3328 3354 3380 3399 tn
3409 3358 3598 3417 aperte

307 3433 556 3500 σύνοδον,
581 3436 678 3491 καὶ
703 3436 764 3491 τὸ
791 3438 922 3510 παρ’
949 3440 1120 3510 αὐτῆς
1162 3438 1323 3510 ὀρθὸν
1347 3439 1545 3510 δόγμα,
1586 3440 1647 3493 τὸ
1675 3439 1771 3493 ἐπὶ
1800 3440 1903 3511 τῆς

306 3524 627 3597 οίκονομίας
657 3528 895 3598 Χριστοῦ
910 3528 1151 3599 όρισθέν.
1179 3529 1258 3584 Ob
1275 3530 1385 3601 γὰρ
1414 3530 1505 3585 τὸν
1536 3530 1632 3585 ἕνα
1660 3532 1899 3604 Χριστὸν

310 3618 395 3683 είς
422 3618 518 3672 δύο
542 3618 762 3689 διαιρεῖ,
788 3622 883 3676 καὶ
904 3623 1187 3693 χωρισμὸν
1219 3624 1327 3677 ἀπὸ
1367 3623 1505 3678 Θεοῦ
1543 3618 1787 3695 ἐμποιεῖ,
1824 3626 1903 3691 ῶς

310 3708 378 3763 σὺ
424 3712 677 3784 φανερῶς
700 3712 984 3787 διαψεύδῃ,
1025 3714 1227 3785 μᾶλλον
1255 3715 1357 3787 μὲν
1381 3711 1476 3771 οὖν
1518 3717 1654 3781 ἑνοῖ,
1682 3718 1778 3772 καὶ
1803 3717 1903 3789 βα-

311 3800 518 3866 σιλείας
548 3803 796 3875 οὐρανῶν
848 3807 1112 3877 πρόξενον
1138 3805 1234 3861 τόν
1254 3807 1461 3879 ταύτην
1482 3808 1734 3879 ἀσμένως
1754 3810 1893 3863 ἁπο-

2005 3434 2287 3499 mentiris;
2321 3434 2571 3504 quinimo
2597 3434 2779 3505 potius
2828 3435 2968 3499 unit,
3024 3435 3402 3507 hospitemque
3445 3442 3594 3510 regni

2004 3528 2290 3592 caelorum,
2340 3527 2434 3598 qui
2508 3542 2629 3582 eam
2714 3526 2946 3583 libenter
3021 3531 3390 3599 amplectitur,
3457 3549 3595 3588 eou-

2004 3620 2216 3687 stituit;
2241 3622 2287 3675 si
2329 3630 2385 3676 et
2408 3621 2527 3691 ipsa
2554 3630 2704 3676 recte
2757 3621 3002 3677 sentiens
3030 3637 3155 3676 cum
3188 3626 3395 3679 sanctis
3415 3626 3595 3685 tribus

2003 3715 2230 3787 synodis
2268 3714 2532 3781 decrevit,
2577 3714 2857 3786 probeque
2893 3714 3099 3772 Christi
3139 3719 3457 3790 mysterium
3490 3736 3593 3789 pu-

2002 3807 2246 3862 blieavit.

308 3893 603 3966 δεχόμενον
632 3896 976 3969 καθίστησιν,
1012 3900 1172 3971 εἴπερ
1218 3902 1311 3955 καὶ
1342 3901 1513 3973 αὐτὴν
1582 3902 1934 3973 όρθοφρόνως
1974 3900 2117 3970 μετὰ
2176 3900 2287 3953 τῶν
2358 3899 2532 3967 ἁγίων
2585 3901 2758 3973 τριῶν
2807 3900 3039 3955 συνόδων
3096 3900 3422 3973 ἐδογμάτισε
3500 3907 3594 3959 καὶ

308 3992 588 4063 ἑτράνωσε
619 3993 801 4059 καλῶς
821 3995 884 4049 τὸ
914 3996 1055 4050 κατά
1078 3997 1313 4068 Χριστὸν
1351 4002 1676 4071 μυστήριον.

378 4083 470 4139 ια’.
506 4086 659 4140 Ἐπεὶ
710 4087 768 4141 δὲ
816 4088 879 4142 οὐ
933 4090 1093 4161 μόνον
1141 4093 1207 4145 ὲκ
1225 4090 1329 4162 τῆς
1376 4093 1736 4164 παραθέσεως
1784 4092 1894 4147 τῶν

310 4180 559 4251 χρήσεων
608 4179 705 4234 τοῦ
763 4184 1164 4254 ματαιόφρονος
1211 4185 1535 4258 Νεστορίου,
1586 4186 1681 4241 καὶ
1721 4187 1813 4240 τοῦ
1839 4188 1895 4240 ὲν

307 4273 485 4339 ἁγίοις
515 4272 675 4326 πάπα
704 4275 931 4338 Λέοντος
983 4277 1283 4348 ἐπειράθης
1303 4277 1577 4331 διαϐαλεῖν
1605 4281 1704 4350 τὴν
1732 4280 1896 4348 ἁγίαν

305 4366 572 4437 τετάρτην
599 4366 834 4430 σύνοδον,
856 4370 903 4420 εἰ
922 4368 1017 4421 καὶ
1033 4371 1060 4422 ό
1075 4369 1233 4437 λόγος
1258 4386 1351 4423 σου
1374 4370 1597 4439 γέγονεν
1631 4372 1891 4435 ἀπίθανος

304 4462 398 4513 καί
413 4456 517 4513 άσύ
528 4458 751 4530 μσατος,
782 4460 946 4530 ἀλλ’ἢ
968 4462 1061 4515 καὶ
1083 4461 1141 4529 ἐξ
1165 4462 1333 4531 αὐτῆς
1351 4463 1449 4533 τῆς
1476 4464 1698 4517 συνόδου
1713 4482 1891 4535 παρα-

305 4552 653 4620 κεκομμένας
692 4550 874 4606 λαὸὼν
905 4553 1115 4624 ῥήσεις,
1145 4552 1225 4605 έτι
1248 4569 1310 4620 γε
1346 4552 1452 4624 μὴν
1484 4554 1695 4607 καὶτοῦ
1728 4554 1885 4622 ἁγίου

2073 4086 2164 4139 Η.
2196 4082 2429 4150 Quando
2480 4095 2610 4135 vero
2650 4094 2756 4133 non
2788 4086 3002 4133 tantum
3045 4096 3125 4141 ~est
3176 4083 3591 4151 comparatione

2002 4179 2281 4234 dictorum
2324 4173 2685 4229 amentissimi
2721 4171 2989 4235 Nestorii,
3017 4182 3071 4226 et
3103 4176 3277 4227 sancti
3314 4175 3585 4243 pontiﬁcis

2002 4268 2204 4323 Leonis
2236 4276 2468 4321 conatus
2499 4279 2559 4318 es
2595 4272 2841 4316 sanctam
2869 4272 3121 4330 quartam
3154 4268 3423 4334 synodum
3473 4270 3581 4320 cri-

2003 4360 2225 4426 minari,
2252 4356 2505 4429 quamvis
2534 4354 2586 4409 id
2617 4369 2795 4424 neque
2828 4355 3224 4425 probabilibus,
3246 4373 3423 4427 neque
3448 4374 3585 4414 con-

2001 4453 2355 4509 cludentibns
2412 4449 2721 4519 rationibus
2755 4447 2954 4516 egeris,
2994 4449 3087 4504 sed
3118 4465 3184 4504 ex
3212 4450 3383 4520 ipsius
3418 4452 3582 4507 etiam

2003 4543 2201 4616 synodi
2232 4541 2575 4598 obtruncatis
2641 4554 2707 4593 ac
2750 4536 2959 4592 mutilis
2989 4538 3237 4604 assertis,
3291 4554 3502 4594 necnon
3534 4552 3587 4592 «ιι

304 4641 599 4712 Κυρί).λου,
630 4642 718 4696 διὰ
769 4646 871 4714 τῆς
924 4644 1286 4711 παραθέσεως
1315 4644 1413 4715 τὴν
1451 4646 1754 4716 διαφωνίαν
1795 4648 1885 4699 ὲν-

2005 4639 2172 4694 sancti
2242 4634 2429 4707 Cyrilli
2493 4634 2725 4689 invicem
2793 4632 3125 4700 comparatis
3184 4628 3597 4687 dissensione-nd

300 4733 583 4799 δείξασθαι
611 4734 791 4804 βούλει
815 4751 831 4766 ο
860 4736 991 4808 φέρε
1020 4735 1107 4807 δὴ,
1146 4735 1243 4790 καὶ
1274 4736 1477 4802 ταύτας
1504 4736 1663 4801 αὖθις
1691 4739 1770 4801 είς
1796 4738 1892 4809 μέ-

304 4842 396 4879 σον
428 4826 636 4891 θέντες,
698 4826 761 4880 τὸ
811 4826 1104 4898 σύμφωνον
1146 4828 1248 4899 τῆς
1310 4846 1368 4882 τε
1404 4829 1623 4883 συνόδου
1674 4831 1769 4883 καὶ
1794 4830 1889 4883 τοῦ

303 4919 463 4989 ἁγίου
497 4920 767 4989 Κυρίλλου
801 4923 1115 4991 σαφέστατα
1154 4923 1619 4995 παραστήσωμεν.
1661 4923 1812 4993 Ἐχει
1856 4924 1890 4993 ἡ

303 5012 521 5075 σύνοδος
544 5012 687 5065 κατὰ
708 5012 853 5079 λέξιν
885 5007 1009 5079 ὦδε,
1043 5014 1117 5077 ὠς
1161 5015 1224 5068 σὺ
1269 5014 1626 5077 ἐπέστειλας·
1670 5013 1892 5083 Γράφει

298 5105 338 5173 ἠ
384 5104 652 5171 σύνοδοι,-
684 5105 795 5173 τῆς
824 5106 1243 5173 Χαλκηδόνος,
1286 5108 1376 5160 ὅτι
1431 5109 1545 5161 οὐκ
1583 5108 1891 5175 ἠλλοίωσε

298 5197 419 5251 τῶν
447 5198 692 5267 φύσεων
729 5201 844 5266 τὴν
864 5198 1161 5268 διαφορὰν
1179 5198 1275 5253 διὰ
1304 5199 1415 5267 τῆς
1439 5200 1731 5265 ἐνώσεως,
1749 5201 1889 5255 ἀλλ’

297 5289 571 5359 ἐφύλαξε
598 5290 665 5342 τὸ
699 5289 854 5344 ίδιον
882 5289 993 5359 τῆς
1021 5289 1283 5343 ἑκάστου
1308 5290 1566 5358 φύσεως.
1603 5292 1829 5359 Γράφει
1856 5295 1889 5346 ό

296 5381 465 5451 ἅγιος
494 5382 792 5450 Κύριλλος
844 5383 914 5437 ἐν
938 5382 1010 5451 τῇ
1039 5382 1237 5451 πρώτῃ
1284 5381 1579 5451 ἐπιστολῇ
1625 5382 1699 5451 τῇ
1738 5384 1890 5451 πρὸς

298 5475 652 5528 Σούκενσον
676 5490 690 5506 ·
723 5476 877 5529 Ἕνα
902 5477 1161 5545 λέγομεν
1190 5475 1347 5540 Υίόν,
1391 5475 1472 5540 ὠς
1498 5476 1593 5530 καί
1622 5478 1676 5529 ol
1705 5476 1889 5530 Πατέ-

290 5584 398 5637 ρες
423 5568 766 5636 ἐλάλησαν,
780 5571 932 5640 μίαν
952 5572 1143 5640 φύσιν
1154 5570 1259 5624 τοῦ
1278 5570 1426 5624 Θεοῦ
1443 5571 1639 5641 Λόγου
1661 5586 1886 5638 σεσαρ-

297 5661 597 5731 κωμένην.
634 5663 824 5715 Ποίαν
843 5657 957 5717 οὖν
977 5665 1301 5717 κοινωνίαν
1323 5663 1445 5732 ἔχει
1463 5663 1501 5731 ἠ
1518 5660 1629 5732 τῆς
1650 5665 1886 5733 Χαλκη-

298 5751 480 5819 δόνος
531 5753 795 5819 σύνοδος
839 5755 989 5823 μετὰ
1028 5754 1135 5808 τοῦ
1162 5754 1338 5824 ἁγίου
1377 5755 1724 5823 Κυρίλλους
1756 5756 1885 5810 Ὀτι

296 5844 534 5912 ἐκεῖνος
562 5845 675 5914 μὲν
694 5850 843 5915 μίαν
870 5848 1060 5915 φύσιν
1087 5846 1319 5914 ἐνώσας
1347 5848 1415 5903 ἐκ
1454 5848 1583 5915 δύο,
1617 5848 1887 5917 ἐλάλησε

298 5940 447 5993 κατὰ
477 5938 592 6007 τὴν
646 5940 824 6007 ἁγίαν
879 5941 1147 5994 σύνοδον
1177 5943 1289 6012 τὴν
1340 5943 1409 5997 ἐν
1454 5940 1713 6012 Ἐφέσᾳν
1742 5943 1779 6011 ἠ
1818 5942 1885 5995 δὲ

506 6036 549 6097 Ρ
565 6052 789 6097 nam.
840 6035 936 6097 Gn
981 6036 1105 6096 CV.

1999 4732 2293 4787 ostendere
2324 4727 2631 4792 contendis,
2675 4740 2775 4796 age
2828 4723 2966 4795 ipsis
3015 4726 3069 4779 in
3112 4724 3352 4779 medium
3386 4724 3583 4794 positi..-

1994 4834 2048 4880 et
2073 4823 2420 4886 examinatis,
2461 4819 2656 4892 synodi
2715 4819 3000 4885 sanctique
3032 4817 3219 4889 Cyrilli
3258 4824 3578 4877 consensio-

1998 4934 2119 4972 nem
2174 4932 2338 4986 quam
2391 4911 2832 4983 mmpertissime
2905 4912 3348 4980 comprobemus.
3400 4912 3576 4968 Verba

1996 5012 2113 5082 ipsa
2144 5008 2336 5081 synodi
2373 5016 2541 5071 sunt,
2575 5015 2631 5058 ut
2668 5007 2781 5074 ipse
2828 5004 3035 5072 scripto
3085 5012 3180 5057 tuo
3207 5003 3526 5073 signiﬁcasti
3564 5024 3575 5056 :

1998 5103 2196 5158 Scribit
2251 5097 2689 5154 Chalcedonensis
2752 5093 2987 5163 synodus
3021 5110 3040 5147 :
3096 5094 3220 5147 Non
3278 5096 3578 5150 immuluvit

1997 5206 2313 5250 naturarum
2354 5191 2712 5261 di/ferentiam
2748 5205 2841 5259 per
2869 5188 3137 5251 unionem,
3186 5188 3278 5243 sed
3304 5191 3575 5259 proprium

1997 5288 2411 5358 uniuscujusque
2459 5295 2667 5337 natura?
2710 5282 3055 5336 conservavit.
3110 5280 3305 5336 Scribit
3357 5294 3576 5336 sanctus

1994 5383 2231 5453 Cyrillus
2252 5381 2423 5445 prima
2447 5380 2515 5431 ad
2530 5376 2820 5432 Sucensum
2840 5374 3067 5446 epistola
3096 5390 3115 5429 :
3143 5373 3316 5429 Unum
3346 5375 3578 5429 dicimus

1994 5473 2217 5540 Filium,
2269 5470 2709 5543 quemadmodum
2739 5479 2789 5524 et
2827 5468 3017 5523 Patres
3041 5468 3205 5523 locuti
3239 5478 3382 5531 sunt,
3412 5484 3572 5522 unum

1993 5577 2243 5620 naturam
2287 5566 2379 5619 Dei
2419 5563 2573 5618 Verbi
2596 5564 2948 5616 incantatam.
2976 5560 3117 5627 Quid
3148 5563 3327 5632 itaque
3353 5561 3573 5617 Chalce-

1991 5661 2208 5715 doueusi
2226 5658 2425 5728 synodo
2442 5672 2562 5710 cum
2576 5665 2758 5711 sancto
2775 5654 2975 5724 Cyrillo
3006 5670 3279 5708 commune
3323 5662 3401 5707 est
3417 5655 3444 5707 .9
3473 5654 3575 5709 Ille

1990 5770 2149 5807 uuam
2196 5761 2442 5805 naturam
2469 5750 2654 5803 unicus
2691 5762 2756 5802 ex
2793 5746 2997 5800 duabus
3021 5745 3304 5800 secundum
3330 5758 3573 5801 sanctum

1990 5848 2250 5919 synodum
2286 5844 2609 5915 Ephesiuam
2642 5843 2849 5896 locutus
2883 5850 3001 5904 est;
3038 5849 3094 5894 at
3127 5839 3570 5896 Chalcedonensis

1989 5942 2221 6010 synodus
2259 5954 2323 5994 ea‘
2347 5938 2553 5992 duabus
2589 5936 2796 5990 naturis
2825 5934 3086 6005 separatis
3118 5933 3567 5998 enuntiaritJlis,

3091 6030 3170 6091 20
