3994 6610
401 453 509 524 619

1658 451 1952 515 NICET/E
1984 448 2359 513 ΒΥΖΑΝΤΙΝ
2363 453 2390 512 Ι

3555 459 3664 527 620

398 578 463 624 ut
503 565 597 623 tibi
635 565 853 632 videris,
890 572 1139 620 sanctum
1188 563 1453 635 Cyrillum
1486 578 1515 618 a
1542 561 1971 619 Chalcedonensi

2080 564 2189 634 τῆς
2222 565 2607 633 Χαλκηδόνος
2639 565 2924 631 σύνοδος,
2953 567 3024 622 be
3067 566 3178 623 δύο
3192 570 3439 639 φύσεων
3478 590 3662 645 κεχω-

396 660 613 733 synodo
643 660 973 729 discrepare,
999 668 1051 713 et
1074 658 1290 713 diversa
1320 658 1388 712 ab
1417 672 1479 711 ea
1505 666 1689 711 tenere
1723 658 1924 726 probas
1956 673 1969 709 :

398 757 549 826 quod
584 752 870 808 existimas
919 766 1041 806 eum
1108 765 1268 804 unam
1310 749 1614 805 asseruisse
1651 748 1811 804 Verbi
1876 764 1975 804 na-

397 855 579 899 turam
614 854 737 915 post
775 857 995 897 carnem
1019 851 1381 911 assumptam,
1403 843 1613 912 synodo
1644 842 1782 895 duas
1813 850 1974 894 natu-

399 952 491 992 ras
519 948 640 1007 post
671 937 925 991 unionem
975 937 1327 990 acclamante.
1366 934 1495 998 Sed,
1535 946 1593 988 ut
1623 949 1784 990 verba
1836 933 1974 987 infe-

400 1040 551 1094 runt,
587 1030 687 1083 hoc
711 1030 858 1082 dicto
903 1029 1075 1097 magis
1105 1042 1168 1080 ae
1200 1027 1372 1098 magis
1417 1036 1618 1081 sanetae
1646 1038 1855 1096 quarta:
1884 1041 1974 1095 sy-

399 1121 804 1192 nodoCyrilius
859 1120 1152 1182 consentit,
1217 1131 1429 1174 tantum
1459 1119 1634 1183 abest,
1683 1128 1740 1173 ut
1785 1112 1853 1173 ab
1909 1135 1972 1173 ea

398 1216 681 1272 dissideat.
721 1215 1173 1284 Quandoquidem
1232 1213 1513 1269 Nestorius
1566 1212 1749 1267 statim
1809 1224 1973 1281 atque

400 1308 670 1379 quispiam
715 1307 853 1362 duas
888 1308 955 1360 de
989 1306 1209 1361 Christo
1241 1319 1467 1360 naturas
1505 1306 1865 1368 enuntiasset,
1889 1305 1973 1357 di-

398 1412 546 1456 etum
582 1399 634 1453 in
664 1400 946 1469 proprium
972 1414 1194 1453 sensum
1216 1397 1483 1463 trahebat,
1507 1397 1974 1462 ennciiulebatque

406 1492 544 1546 duas
607 1504 870 1561 personas
900 1508 913 1543 :
948 1492 1227 1544 asserebat
1276 1490 1542 1559 siquidem
1604 1488 1807 1540 nullam
1854 1502 1975 1541 esse

398 1596 650 1639 naturam
683 1584 890 1653 absque
919 1597 1169 1654 persona,
1205 1582 1422 1653 propria
1451 1595 1663 1651 nempe.
1691 1578 1863 1647 llujus
1890 1578 1974 1632 in-

394 1675 541 1746 genii
588 1673 1001 1744 perversitatem
1060 1672 1366 1743 praevidens
1422 1679 1649 1726 sanctus
1704 1668 1967 1739 Cyriilos,

395 1784 560 1823 unam
610 1768 749 1822 dixit
788 1765 944 1821 Verbi
982 1775 1270 1829 naturam,
1326 1777 1556 1832 eamque
1606 1762 1971 1827 incarnatam,

396 1876 505 1914 non
531 1860 583 1913 id
613 1860 866 1923 innueus,
906 1857 1141 1912 Verbum
1175 1869 1300 1912 eum
1342 1870 1507 1911 carne
1529 1855 1741 1909 unitum
1775 1869 1975 1909 secun-

394 1953 526 2006 dum
603 1952 938 2023 liypostasim
1001 1960 1174 2004 totum
1232 1963 1398 2003 unam
1457 1958 1708 2001 naturam
1769 1944 1973 1999 factum
2008 1938 2050 1993 Β

397 2045 605 2108 fuisse;
651 2045 697 2098 si
755 2042 900 2097 enim
964 2041 1017 2097 id
1075 2041 1311 2095 innitens
1358 2041 1430 2094 ita
1483 2038 1699 2093 locutus
1756 2035 1973 2103 fuisset,

394 2134 858 2206 quemadmodum
903 2148 1002 2188 vos
1031 2131 1381 2195 contenditis,
1442 2130 1575 2199 ipse,
1597 2129 1698 2182 sibi
1734 2127 1836 2197 ipsi
1883 2128 1977 2180 ait-

394 2243 553 2284 versa
614 2238 780 2297 atque
803 2224 1078 2279 contraria
1109 2225 1536 2294 pronuntiasset,
1560 2219 1647 2273 bic
1697 2217 1972 2288 inquiens,

392 2336 560 2376 unam
599 2334 722 2375 esse
756 2328 1010 2373 naturam
1046 2318 1136 2371 Dei
1155 2314 1315 2370 Verbi
1349 2324 1472 2383 post
1506 2311 1971 2372 incarnationem,

392 2415 499 2469 hoc
530 2424 633 2479 est,
667 2412 920 2467 deitatem
956 2420 1009 2465 et
1042 2409 1435 2463 humanitatem
1467 2408 1519 2460 in
1581 2420 1748 2459 unum
1784 2404 1974 2457 ambas

276 2540 293 2553 κ
393 2516 635 2570 coactas,
665 2520 831 2559 unam
889 2503 1134 2559 eﬂccisse
1184 2510 1459 2567 naturam,
1508 2508 1567 2553 ut
1615 2514 1711 2553 vos
1770 2497 1972 2560 dicitis,

395 2600 760 2671 compositam
794 2614 808 2651 :
845 2597 975 2651 alibi
1006 2604 1137 2651 vero
1166 2610 1273 2650 non
1314 2602 1524 2649 tantum
1560 2593 1613 2646 in
1640 2591 1877 2647 secunda
1907 2589 1972 2642 ad

400 2692 708 2747 Sucensum
739 2689 992 2760 epistola,
1050 2690 1146 2743 sed
1208 2686 1344 2751 lere,
1380 2694 1437 2740 ut
1487 2685 1562 2738 ita
1603 2682 1803 2746 dicam,
1838 2679 1975 2735 locis

398 2785 681 2850 omnibus,
717 2783 773 2838 in
824 2780 1026 2852 quibus
1068 2778 1138 2834 de
1168 2777 1475 2835 oeconomia
1506 2774 1820 2843 Christique
1851 2785 1969 2841 my-

402 2876 576 2933 sterio
612 2876 742 2946 agit,
768 2871 1199 2944 deprrheuditur
1228 2873 1282 2926 in
1312 2870 1520 2926 duabus
1565 2867 1779 2924 naturis
1810 2864 1972 2921 Chri-

391 2979 563 3033 stum,
592 2975 648 3021 et
676 2968 814 3020 duas
843 2980 965 3018 esse
1018 2974 1242 3018 naturas
1294 2971 1416 3031 post
1467 2960 1747 3023 unionem,
1795 2958 1971 3028 palam

391 3068 690 3130 aperteque
716 3058 895 3113 dicere
931 3072 944 3108 :
977 3070 1155 3125 neque
1206 3055 1257 3109 id
1289 3056 1491 3117 solum,
1536 3052 1633 3108 sed
1684 3051 1805 3105 aliis
1842 3063 1975 3120 quo-

394 3168 503 3224 que
534 3150 791 3207 Patribus
824 3149 1225 3210 adversabitur,
1269 3145 1414 3217 quod
1465 3161 1598 3200 sane
1633 3144 1829 3198 falsum
1891 3150 1974 3198 est

396 3252 662 3313 tantoque
691 3243 812 3296 viro
835 3239 1119 3311 iniurium.
1151 3235 1287 3293 Fere
1316 3236 1460 3292 enim
1494 3249 1687 3289 omnes
1716 3234 1860 3288 clare
1883 3232 1971 3286 iu-

396 3346 588 3394 tonant
645 3336 945 3396 Chrismm,
1006 3332 1108 3386 hoc
1168 3339 1273 3394 est,
1316 3344 1483 3383 unam
1533 3325 1869 3398 hypostasim
1914 3324 1969 3377 in

396 3431 609 3488 duabus
639 3429 874 3489 naturis,
893 3437 945 3481 ct
970 3428 1107 3481 duas
1132 3437 1356 3479 naturas
1379 3438 1503 3477 esse
1530 3429 1652 3491 post
1674 3422 1968 3474 unionem:

397 3523 447 3579 si
482 3520 571 3575 ille
600 3520 742 3573 Deus
765 3527 819 3570 et
848 3519 1011 3570 homo
1068 3516 1210 3569 idem
1254 3511 1528 3583 perfectus
1560 3518 1643 3564 est
1667 3518 1789 3577 post
1816 3506 1971 3561 unio-

399 3625 550 3668 nem.
605 3609 714 3664 Sed
746 3608 923 3663 obiter
974 3616 1171 3671 totum,
1203 3605 1508 3664 Christum,
1560 3614 1754 3670 nempe
1805 3611 1969 3652 unam

398 3714 651 3761 naturam
686 3701 851 3756 Verbi
902 3700 1243 3755 incarnatsm
1302 3694 1555 3760 tradens,
1596 3708 1662 3748 ex
1723 3690 1973 3761 partibus

400 3809 575 3855 totum
630 3793 993 3865 signiﬁcavit:
1030 3807 1135 3845 una
1172 3789 1440 3860 siquidem
1475 3797 1667 3839 natura
1696 3783 1850 3839 Verbi
1881 3797 1974 3837 ea-

398 3894 522 3947 dem
558 3898 667 3953 est,
698 3896 865 3955 atque
893 3883 1010 3950 Dei,
1038 3891 1093 3937 et
1122 3881 1322 3947 Patris,
1362 3889 1415 3934 et
1451 3877 1689 3948 Spiritus
1751 3874 1924 3930 sancti
1955 3890 1971 3941 ;

400 3998 525 4039 cum
553 3993 683 4035 vero
716 3977 1027 4032 annectitur
1056 3975 1360 4036 incantata,
1389 3970 1531 4040 quod
1562 3974 1715 4021 notat
1735 3966 1976 4019 animata

398 4070 582 4124 anima
617 4067 847 4121 rationis
873 4073 1143 4134 compote,
1177 4072 1233 4117 et
1286 4057 1657 4123 intellectuaii,
1692 4065 1751 4112 ut
1776 4066 1832 4111 et
1860 4055 1976 4125 ipse

397 4157 552 4219 dicit,
583 4154 813 4211 omnino
845 4162 1090 4208 nostram
1121 4159 1377 4205 naturam
1436 4142 1665 4212 iudicat,
1695 4146 1842 4217 quod
1883 4161 1976 4200 ex-

398 4248 606 4319 primit,
643 4247 782 4302 duas
834 4244 1038 4299 Christi
1076 4254 1300 4298 naturas
1332 4256 1475 4305 esse,
1530 4240 1772 4294 divinam
1813 4248 1977 4308 atque

400 4342 697 4395 humanam
732 4356 745 4393 :
781 4339 884 4392 boc
916 4339 961 4392 si
993 4338 1064 4391 ita
1097 4347 1202 4400 est,
1238 4334 1585 4389 manifestum
1614 4333 1673 4387 iit
1720 4348 1845 4388 eum
1880 4348 1977 4401 po~

400 4435 510 4488 tius
555 4443 759 4489 sancta:
809 4439 1021 4501 quartae
1057 4429 1268 4499 synodo
1321 4425 1673 4489 conformari,
1730 4424 1871 4478 duas
1922 4430 1977 4477 et

399 4528 573 4596 ipsam
635 4525 814 4580 obiter
862 4521 1262 4594 signiﬁcantem
1301 4530 1526 4573 naturas
1558 4518 1760 4572 habere
1804 4532 1972 4572 unum

2069 654 2377 725 ρισιιένων
2397 655 2723 725 ἐλάλησεν.
2768 658 3032 713 Ἐνταῦθα
3059 661 3161 731 μὲν
3185 661 3363 727 δοκεῖς
3388 670 3664 739 παριστᾷν

2078 748 2431 818 ἀσύμφωνον,
2460 749 2555 802 καὶ
2590 748 2920 819 ἁνομόλογον
2950 752 3044 807 τὸν
3082 754 3140 807 ἐν
3169 754 3348 823 ἁγίοις
3392 756 3663 829 Κύριλλον

2079 840 2217 912 πρὸς
2245 842 2345 910 τὴν
2408 841 2627 895 σύνοδον
2676 843 2774 913 τὴν
2800 844 2858 897 ὲν
2886 844 3212 916 Χαλκηδόνι,
3244 847 3333 901 διὰ
3369 848 3431 901 τὸ
3451 850 3662 906 οἴεσθαί

2078 949 2159 997 σε,
2198 933 2327 1003 μίαν
2356 933 2519 987 αὐτὸν
2539 935 2822 1005 εἰρηκέναι
2851 936 2945 989 τοῦ
2971 938 3146 1006 Λόγου
3196 939 3362 1007 φύσιν
3394 942 3532 1011 μετά
3561 944 3661 1014 τὴν

2079 1026 2379 1097 σάρκωσιν,
2407 1029 2506 1097 τῆς
2535 1028 2765 1105 συνόδου*
2796 1028 2889 1082 δύο
2926 1030 3119 1099 φύσεις
3149 1032 3290 1103 μετά
3333 1035 3433 1105 τὴν
3463 1034 3661 1090 ἕνωσιν

2050 1115 2499 1187 .ὲκφωνησάσης.
2550 1116 2710 1182 Ἀλλ’,
2737 1117 2813 1182 ὡς
2841 1120 2869 1171 6
2895 1119 3051 1189 λόγος
3089 1122 3411 1193 παρίστησι,
3446 1124 3664 1195 σύμφω-

2076 1224 2165 1270 νος
2186 1207 2337 1261 ἔσται
2362 1209 2562 1279 μᾶλλον
2602 1211 2631 1263 6
2682 1210 2950 1282 Κύριλλος
2981 1212 3072 1267 διὰ
3102 1214 3265 1285 τῆσδε
3292 1216 3390 1286 τῆς
3411 1218 3660 1287 χρήσεως

2076 1302 2140 1371 τῇ
2173 1300 2304 1371 ἁγίᾳ
2326 1302 2563 1373 τετάρτῃ
2596 1303 2833 1375 συνόδῳ..
2854 1306 3000 1377 ἥπερ
3044 1305 3395 1376 ἀσύμφωνος.
3439 1308 3660 1379 Ἐπειδὴ

2074 1392 2103 1444 ό
2136 1394 2235 1461 μὲν
2259 1394 2578 1464 Νεστόριος,
2612 1396 2777 1467 ἡνίκα
2814 1397 2881 1451 ἂν
2914 1397 3007 1451 δύο
3046 1398 3239 1469 φύσεις
3272 1399 3425 1468 ἐλεγέ
3445 1418 3528 1464 τις
3566 1402 3661 1454 ἐπὶ

2074 1486 2336 1557 Χριστοῦ,
2373 1489 2631 1559 παραυτά
2679 1491 2993 1562 συνήρπαζε
3034 1492 3133 1564 τὴν
3168 1493 3352 1563 φωνὴν
3379 1495 3457 1557 εἰς
3483 1492 3544 1546 τὸ
3578 1494 3661 1545 oi-

2075 1582 2222 1634 κεῖον
2270 1580 2539 1651 βούλημα,
2594 1583 2691 1636 καὶ
2749 1584 2949 1654 συνῆγε
3007 1583 3102 1638 δύο
3139 1585 3429 1656 πρόσωπα.
3463 1584 3659 1652 Ἔλεγε

2074 1670 2185 1741 γάρ
2208 1688 2220 1702 ·
2257 1673 2371 1726 Οὐκ
2398 1672 2515 1727 ἔστι
2558 1675 2719 1742 φύσις
2773 1677 3125 1747 ἀπρόσωπος,
3177 1678 3348 1748 ἡγουν
3387 1678 3557 1748 χωρὶς
3580 1680 3660 1731 oi-

2075 1767 2227 1818 κιίου
2261 1767 2578 1837 προσώπου.
2612 1768 2819 1823 Τούτου
2863 1770 2957 1824 οὗν
3000 1770 3099 1841 τὴν
3127 1770 3459 1840 δυστροπίαν
3521 1788 3658 1839 προ-

2076 1858 2220 1928 ορῶν
2247 1862 2276 1914 ό
2329 1863 2394 1915 ἐν
2424 1864 2602 1931 ἁγίοις
2667 1864 2959 1934 Κύριλὶος,
2992 1865 3122 1935 μίαν
3162 1864 3323 1934 φύσιν
3356 1863 3449 1917 τοῦ
3481 1865 3659 1933 Λόγου

2078 1951 2292 2023 εἴρηκε,
2360 1953 2456 2006 καὶ
2507 1954 2713 2026 ταύτην
2777 1954 3019 2025 δηλονότι
3078 1956 3539 2026 σεσαρκωμένην,
3592 1956 3657 2008 οῦ

2070 2045 2237 2097 ’τοῦτο
2288 2045 2487 2114 λέγων,
2546 2048 2627 2100 δτι
2675 2047 2703 2101 6
2742 2048 2915 2115 Λόγος
2960 2047 3098 2118 μετά
3137 2047 3338 2117 σαρκὸς
3380 2048 3659 2116 ἡνωμένος

2078 2138 2201 2191 καθ’
2229 2139 2552 2204 ὑπόστασιν,
2612 2139 2675 2192 τὸ
2720 2140 2841 2193 ὅλον
2873 2139 2974 2209 μία
3020 2138 3182 2210 φύσις
3209 2143 3420 2209 γέγονε.
3456 2140 3518 2191 Et
3546 2139 3658 2209 γὰρ

2076 2231 2250 2293 οὕτως
2304 2232 2500 2285 ἐννοῶν
2552 2233 2795 2303 εἴρηκεν,
2846 2235 2922 2297 ὡς
2976 2234 3135 2304 ὑμεῖς
3188 2251 3357 2303 φατε,
3410 2235 3550 2305 τάχα
3591 2235 3661 2289 ἂν

2075 2324 2406 2393 ἀσύμφωνος
2457 2326 2552 2379 καὶ
2597 2326 3001 2395 διαμαχόμενος
3050 2326 3213 2391 αὐτὸς
3259 2327 3439 2397 ἑαυτῷ
3477 2328 3657 2391 ἔσται,

2076 2407 2176 2467 ὧδε
2241 2413 2339 2484 μὲν
2380 2413 2551 2477 οὕτως
2604 2415 2781 2483 λέγων
2835 2415 2964 2486 μίαν
3008 2410 3149 2469 εἶναι
3180 2415 3343 2485 φύσιν
3380 2415 3475 2470 τοῦ
3519 2416 3658 2472 Θεοῦ

2076 2507 2249 2573 Λόγου
2295 2507 2431 2577 μετά
2462 2509 2561 2578 τὴν
2614 2509 2917 2578 σάρκωσιν,
2952 2510 3121 2579 ἤγουν
3154 2510 3254 2579 τὴν
3289 2509 3519 2580 θεότητα
3563 2513 3658 2563 καὶ

2074 2598 2173 2667 τὴν
2197 2598 2294 2650 ἀνθ
2304 2599 2593 2668 ρωπότητα
2616 2599 2977 2665 συνελθούσας
3001 2600 3317 2672 ἀμφοτέρας
3332 2601 3658 2654 ἀποτελέσαι

2077 2690 2207 2758 μίαν
2233 2690 2393 2759 φύσιν
2422 2691 2544 2744 καθ’
2578 2693 2721 2763 ὑμᾶς
2766 2692 3047 2746 σύνθετον.
3085 2673 3376 2762 Ἀλὶῖαχόστ
3408 2692 3464 2746 δὲ
3490 2692 3657 2756 αὐτὸς

2074 2781 2280 2844 ἐκεῖνος
2323 2782 2387 2835 ού
2441 2783 2602 2852 μόνον
2648 2786 2704 2837 ὲν
2755 2788 2820 2855 τῇ
2869 2785 3097 2857 δευτέρᾳ
3132 2784 3388 2856 ἐπιστολῇ
3423 2788 3487 2856 τῇ
3518 2784 3657 2855 πρὸς

2075 2866 2391 2934 Σούκενσον,
2428 2870 2562 2923 ἀλλὰ
2611 2872 2707 2926 καὶ
2769 2873 2954 2943 σχεδὸν
3010 2876 3187 2928 εἰπεῖν
3239 2878 3297 2928 ἐν
3340 2870 3423 2938 οἷς
3454 2876 3656 2947 διείλη-

2076 2975 2207 3011 πται
2257 2962 2386 3030 περὶ
2432 2962 2529 3031 τῆς
2568 2965 2902 3033 οἰκονομίας,
2956 2967 3051 3020 καὶ
3104 2965 3199 3020 τοῦ
3250 2969 3391 3021 κατά
3420 2968 3659 3038 Χριστὸν

2078 3053 2379 3122 μυστηρίου
2416 3055 2664 3121 φαίνεται
2710 3057 2894 3121 πάλιν,
2929 3059 2985 3110 ὲν
3028 3057 3121 3111 δύο
3165 3057 3359 3126 φύσεσι
3388 3060 3479 3111 τὸν
3516 3060 3656 3130 Χρι-

2077 3143 2222 3207 στὸν,
2256 3145 2349 3197 καὶ
2387 3144 2481 3197 δύο
2510 3146 2701 3214 φύσεις
2731 3144 2869 3202 εἶναι
2897 3149 3038 3219 μετὰ
3061 3150 3158 3219 τὴν
3197 3152 3413 3215 ἕνωσιν,
3440 3151 3657 3222 τρανῶς

2073 3234 2425 3304 διαγορεύων.
2462 3238 2571 3291 Καὶ
2601 3238 2661 3293 οὐ
2684 3238 2843 3310 μόνον
2858 3242 3028 3305 τουτὶ,
3055 3224 3189 3295 ἀλλά
3218 3242 3312 3295 καὶ
3338 3243 3448 3304 τοϊς
3475 3242 3659 3307 ἄλλοις

2072 3325 2225 3380 ἔσται
2254 3329 2529 3400 Πατράσιν
2558 3331 2828 3395 ὲναντίος.·
2860 3332 2996 3404 ὅπερ
3024 3335 3142 3387 ἐστὶ
3169 3334 3347 3403 λέγειν
3377 3334 3570 3404 ψευδές
3596 3351 3660 3389 τι

2073 3418 2167 3472 καὶ
2186 3419 2486 3491 δύσφημον.
2522 3423 2712 3491 Σχεδὸν
2731 3423 2788 3476 δὲ
2818 3425 2989 3477 εἰπεῖν
3006 3426 3204 3487 πάντες
3235 3425 3528 3497 διαρρήδην
3561 3441 3659 3477 κε-

2074 3511 2363 3580 κράγασιν,
2394 3514 2473 3567 ὅτι
2500 3516 2527 3567 ό
2545 3515 2794 3586 Χριστὸς,
2816 3516 2983 3586 ἤγουν
3004 3518 3033 3585 ὴ
3051 3516 3145 3587 μία
3162 3516 3456 3579 ὑπόστασις
3473 3519 3533 3570 ἑν
3564 3516 3661 3570 δύο

2074 3602 2289 3673 φύσεσι,
2343 3607 2437 3659 καὶ
2479 3606 2573 3661 δύο
2603 3606 2790 3675 φύσεις
2810 3610 2926 3663 ἐστὶ
2957 3611 3093 3681 μετὰ
3109 3610 3209 3681 τὴν
3236 3609 3429 3663 ἒνωσιν
3453 3626 3468 3641 ·
3498 3610 3659 3679 εἴπερ

2075 3695 2207 3759 Θεὸς
2250 3696 2343 3750 καὶ
2392 3698 2677 3768 ἄνθρωπος
2711 3699 2739 3751 6
2773 3699 2933 3762 αὐτὸς
2980 3700 3185 3762 τέλειός
3229 3702 3343 3753 ἐστι
3386 3699 3526 3771 μετά
3557 3700 3659 3771 τὴν

2074 3794 2288 3848 ἕνωσιν.
2330 3790 2470 3844 Ἀλλ’
2494 3792 2558 3844 ὲκ
2575 3791 2825 3862 περιόδου
2853 3792 2915 3845 τὸ
2937 3792 3077 3858 ὅλον,
3109 3794 3275 3864 ἤγουν
3304 3793 3396 3846 τὸν
3420 3794 3658 3864 Χριστὸν

2078 3885 2209 3957 μίαν
2234 3882 2396 3953 φύσιν
2426 3883 2521 3937 τοῦ
2559 3883 2736 3953 Λόγου
2770 3884 3196 3955 σεσαρκωμένην
3226 3884 3419 3948 εἰπὼν,
3454 3887 3519 3939 ἐκ
3547 3887 3656 3941 τῶν

2078 3972 2259 4046 μερῶν
2305 3973 2368 4026 τὸ
2427 3972 2547 4027 ὅλον
2592 3972 2875 4044 ἐνέφηνεν.
2936 3974 3000 4027 Ἡ
3049 3974 3156 4045 γὰρ
3199 3973 3299 4045 μία
3342 3974 3504 4045 φύσις
3562 3976 3655 4030 τοῦ

2074 4066 2250 4135 Λόγου
2299 4066 2333 4135 ἡ
2390 4064 2527 4135 αύτή
2582 4064 2697 4117 ἐστι
2730 4063 2823 4117 τοῦ
2863 4062 2998 4117 Θεοῦ
3048 4064 3145 4119 καὶ
3176 4064 3410 4137 Πατρὸς,
3440 4066 3533 4131 καὶ
3562 4065 3656 4119 τοῦ

2076 4157 2233 4226 ἁγίου
2259 4154 2595 4224 Πνεύματος,
2618 4153 3018 4225 προσκειμένου
3048 4153 3104 4207 δὲ
3132 4155 3213 4207 ὅτι
3239 4172 3294 4207 σε
3306 4156 3653 4227 σαρκωμένη,

2075 4249 2212 4319 ὅπερ
2237 4246 2384 4319 δηλοῖ
2412 4246 2735 4317 ὲψυχωμένη
2768 4247 2909 4316 ψυχῇ
2935 4244 3125 4317 λογικῇ
3153 4263 3211 4300 τε
3246 4248 3338 4301 καὶ
3373 4250 3558 4317 νοερᾷ,
3583 4248 3655 4312 ὡς

2077 4340 2171 4395 καὶ
2199 4340 2357 4402 αὐτὸς
2384 4340 2553 4407 λέγει,
2585 4339 2800 4399 πάντως
2831 4338 2928 4407 τὴν
2968 4337 3089 4390 καθ’
3111 4338 3259 4407 ἡμᾶς
3295 4336 3457 4406 φύσιν
3477 4337 3653 4408 δηλοίο

2074 4436 2213 4505 ὅπερ
2238 4432 2511 4502 ἐμφαίνει,
2544 4432 2711 4502 ἤγουν
2742 4430 2838 4483 τοῦ
2892 4429 3129 4501 Χριστοῦ
3162 4429 3255 4484 δύο
3283 4430 3472 4501 φύσεις
3494 4427 3656 4496 εἶναι,

2077 4527 2228 4580 θείαν
2256 4543 2313 4578 τε
2353 4525 2447 4577 καὶ
2503 4523 2871 4595 ἀνθρωπίνην.
2925 4524 2987 4576 Et
3012 4524 3069 4576 δὲ
3099 4523 3277 4589 τοῦτο,
3313 4523 3544 4595 φανερὸν
3574 4523 3657 4577 ὅτι

400 4614 1023 4688 Ιιγροεισείὒιηίειιιηι,
1080 4623 1136 4667 et
1183 4611 1500 4677 Dominum,
1566 4623 1619 4666 et
1652 4609 1822 4665 Deum
1874 4626 1973 4664 no-

2086 4619 2286 4690 μᾶλλον
2322 4621 2603 4688 συμφωνεῖ
2626 4620 2691 4688 τῇ
2740 4617 2872 4688 ἀγίᾳ
2918 4616 3154 4688 τετάρτῃ
3190 4617 3414 4686 συνόδῳ,
3440 4615 3533 4669 δύο
3562 4615 3659 4669 καὶ

399 4721 599 4767 strum.
656 4709 795 4763 Audi
842 4706 1197 4762 nihilominus
1245 4705 1374 4776 quid
1420 4703 1579 4761 divus
1623 4705 1861 4775 Cyrillus
1898 4718 1978 4759 se-

400 4803 580 4858 cunda
630 4800 697 4856 ad
752 4800 1060 4855 Suceusum
1122 4797 1347 4867 epistola
1392 4799 1571 4851 tradat
1618 4795 1975 4866 respondens,

400 4893 549 4965 quod
606 4893 823 4948 dixerat
879 4906 1043 4945 unam
1082 4888 1244 4944 Verbi
1304 4900 1555 4943 naturam
1616 4889 1977 4943 incarnatam.

402 4989 463 5045 Si
502 5003 663 5042 unam
709 4987 939 5040 dicentes
994 4982 1146 5038 Verbi
1177 4992 1428 5038 naturam
1476 4983 1843 5045 tacuissemus,
1874 4997 1976 5034 non

402 5083 732 5138 adnectentes
761 5081 1098 5133 incarnatam
1119 5116 1133 5137 ,
1163 5077 1315 5148 quasi
1340 5079 1642 5132 manantia:
1670 5076 1977 5147 mysterium

402 5176 786 5239 adulterantes,
825 5181 962 5228 esset
1000 5172 1229 5240 fortasse
1274 5172 1402 5237 ipsis
1438 5170 1608 5223 oratio
1649 5185 1755 5223 non
1788 5168 1978 5237 absque

400 5265 896 5329 vcrosimilitudine,
959 5280 1076 5317 cum
1131 5263 1332 5333 ﬁngant
1374 5277 1428 5317 se
1476 5262 1840 5335 interrogare:
1879 5258 1978 5313 Ubi

400 5369 479 5415 est
508 5359 800 5429 perfectum
837 5358 893 5411 in
918 5356 1293 5411 humanitate?
1316 5364 1407 5409 aut
1434 5354 1693 5424 quomodo
1725 5354 1977 5407 subsistat

380 5452 691 5507 secundum
728 5466 823 5504 nos
855 5451 1124 5506 essentia?
1166 5447 1299 5504 Cum
1334 5463 1452 5502 vero
1484 5456 1533 5500 et
1565 5449 1619 5499 in
1648 5446 1980 5499 humanitate

400 5542 673 5612 perfectio,
711 5554 760 5595 et
792 5551 986 5595 nostra:
1013 5550 1219 5594 natum
1247 5539 1504 5594 iudicatio
1538 5538 1846 5592 introducta
1878 5547 1976 5599 est,

401 5632 542 5703 quod
595 5636 841 5687 dicamus
894 5635 1261 5699 incantatam,
1300 5633 1574 5703 quiescant
1629 5632 1979 5686 arundiiwunt

397 5725 673 5783 calamum
705 5730 807 5783 sibi
853 5733 921 5783 ad
971 5730 1373 5784 incumbendum
1420 5738 1792 5799 supponentes.
1842 5726 1980 5782 Ecce

401 5822 515 5891 jam
549 5823 837 5878 considera
907 5823 1245 5879 incarnatam
1295 5823 1362 5878 ad
1411 5835 1653 5879 nostram
1684 5820 1976 5876 essentiam

380 5912 866 5973 .manilestaudam
912 5916 1216 5985 appositam
1252 5915 1459 5981 fuisse,
1514 5916 1792 5971 doctorem
1824 5927 1978 5968 asse-

2081 4712 2243 4776 αύτὸς
2291 4710 2380 4764 διὰ
2430 4710 2681 4781 περιόδου
2719 4712 2966 4779 ἐμφήνας
3021 4709 3212 4778 φύσεις
3259 4710 3402 4778 ἒχειν
3437 4708 3529 4761 τὸν
3561 4708 3659 4762 ἕνα

2080 4806 2145 4875 τῇ
2202 4801 2501 4857 ὑποστάσει
2552 4801 2681 4854 ὅντα
2724 4800 2983 4871 Χριστὸν,
3014 4801 3107 4854 καὶ
3132 4799 3360 4872 Κύριον,
3389 4801 3482 4853 καὶ
3524 4799 3660 4853 Θεὸν

2080 4894 2258 4965 ἡμῶν.
2299 4892 2446 4963 Πλὴν
2494 4891 2586 4945 οῦν
2642 4892 2875 4945 ἄκουσον
2904 4891 2957 4945 τί
2996 4909 3163 4961 φησιν
3189 4893 3217 4944 ό
3244 4892 3301 4944 ἐν
3329 4891 3507 4961 ἁγίοις
3541 4890 3658 4943 Κύ-

2082 4988 2261 5059 ριλ).ος
2291 4988 2350 5039 ἐν
2403 4989 2469 5057 τῇ
2530 4986 2760 5056 δευτέρᾳ
2794 4986 3053 5057 ἐπιστολῇ
3096 4988 3160 5055 τῇ
3198 4984 3334 5056 πρὸς
3365 4984 3657 5037 Σούκενσον

2082 5078 2683 5153 ὐπεραπολογούμενος,
2731 5078 2820 5131 διὰ
2870 5078 2928 5131 τὸ
2974 5080 3148 5131 εἰπεῖν
3199 5078 3326 5148 μίαν
3371 5075 3534 5146 φύσιν
3563 5074 3655 5129 τοῦ

2080 5175 2254 5244 Λόγου
2286 5171 2716 5245 σεσαρκωμένην
2742 5186 2759 5203 ·
2786 5170 2853 5225 Ei
2890 5169 3009 5240 μὲν
3056 5171 3201 5238 μίαν
3237 5169 3512 5234 εἰπόντες
3550 5165 3657 5223 τοῦ

2080 5268 2275 5337 Λόγου
2306 5266 2496 5337 φύσιν
2524 5264 2952 5332 σεσιγύκαμεν,
2983 5263 3095 5316 οὐκ
3118 5261 3546 5331 ἐπενεγκόντες
3568 5259 3655 5325 τὸ,

2079 5358 2571 5427 σεσαρκωμένην,
2607 5356 2747 5411 ἀλλ’
2772 5349 2904 5408 οἷον
2924 5354 3040 5417 ἔξω
3068 5352 3329 5419 τιθέντες
3359 5350 3476 5419 τὴν
3504 5352 3658 5402 οἱκο-

2078 5451 2315 5520 νομίαν,
2329 5446 2408 5520 ἦν
2430 5448 2632 5514 αὐτοῖς
2647 5447 2799 5516 τάχα
2824 5462 2941 5499 που
2962 5447 3073 5499 οὐκ
3090 5444 3384 5510 ἀπίθανος
3401 5444 3433 5497 ό
3454 5442 3656 5510 λόγος,

2079 5538 2622 5610 προσποιουμένοις
2657 5536 2903 5606 ἐρωτᾷν·-
2940 5535 3065 5590 Ποῦ
3097 5534 3162 5589 τὸ
3195 5533 3430 5589 τέλειον
3459 5532 3531 5585 ἐν
3558 5531 3659 5587 dr-

2081 5633 2431 5701 θρωπότητι,
2456 5628 2494 5697 ἢ
2531 5626 2655 5693 πῶς
2684 5625 3082 5695 ὑφέστηκενή
3106 5623 3234 5678 καθ’
3255 5619 3415 5691 ἡμᾶς
3442 5619 3622 5674 οὐσία
3636 5630 3657 5682 ;

2094 5723 2259 5779 Ἐπεὶ
2302 5722 2371 5776 δὲ
2428 5720 2529 5774 καὶ
2585 5720 2623 5788 ἡ
2666 5720 2736 5773 ἐν
2772 5719 3183 5787 ἀνθρωπότητι
3210 5714 3533 5781 τελειότης,
3562 5709 3659 5764 καὶ

2080 5815 2192 5885 τῆς
2222 5815 2351 5870 καθ’
2380 5810 2540 5883 ἡμᾶς
2567 5812 2782 5878 οὐσίας
2811 5812 2849 5879 ἡ
2887 5810 3154 5877 δήλωσις
3210 5806 3659 5874 εἰσκεκόμισται

2080 5912 2181 5967 διὰ
2236 5908 2344 5964 τοῦ
2403 5906 2604 5975 λέγειν
2650 5904 3137 5975 σεσαρκωμένην,
3200 5896 3659 5956 παυσάσθωσαν
