  <div class='ocr_page' id='page_1' title='image "/cluster/home/n/w/nwhite01/storage/ocr_20150623/105/hvd.32044013678347/320.png"; bbox 0 0 3994 6604; ppageno 0'>
   <div class='ocr_carea' id='block_1_1' title="bbox 278 473 372 580">
    <p class='ocr_par' dir='ltr' id='par_1_1' title="bbox 278 473 372 580">
     <span class='ocr_line' id='line_1_1' title="bbox 278 473 372 580; baseline 0 0"><span class='ocrx_word' id='word_1_1' title='bbox 278 473 372 580; x_wconf 68' lang='lat'><strong><em>691</em></strong></span> 
     </span>
    </p>
   </div>
   <div class='ocr_carea' id='block_1_2' title="bbox 1122 469 2681 560">
    <p class='ocr_par' dir='ltr' id='par_1_2' title="bbox 1122 469 2681 560">
     <span class='ocr_line' id='line_1_2' title="bbox 1122 469 2681 560; baseline -0.006 0"><span class='ocrx_word' id='word_1_2' title='bbox 1122 491 1560 560; x_wconf 83' lang='lat' dir='ltr'><strong><em>REFUTATIO</em></strong></span> <span class='ocrx_word' id='word_1_3' title='bbox 1595 490 1978 553; x_wconf 62' lang='lat' dir='ltr'><strong><em>amarem</em></strong></span> <span class='ocrx_word' id='word_1_4' title='bbox 2015 469 2681 551; x_wconf 71' lang='lat' dir='ltr'><strong><em>necis-&#39;ARMENI/e;</em></strong></span> 
     </span>
    </p>
   </div>
   <div class='ocr_carea' id='block_1_3' title="bbox 3433 482 3544 557">
    <p class='ocr_par' dir='ltr' id='par_1_3' title="bbox 3433 482 3544 557">
     <span class='ocr_line' id='line_1_3' title="bbox 3433 482 3544 557; baseline 0.009 -1"><span class='ocrx_word' id='word_1_5' title='bbox 3433 482 3544 557; x_wconf 63' lang='grc'><strong><em>629</em></strong></span> 
     </span>
    </p>
   </div>
   <div class='ocr_carea' id='block_1_4' title="bbox 268 611 1883 704">
    <p class='ocr_par' dir='ltr' id='par_1_4' title="bbox 268 613 1883 704">
     <span class='ocr_line' id='line_1_4' title="bbox 268 613 1883 704; baseline -0.015 -15"><span class='ocrx_word' id='word_1_6' title='bbox 268 631 610 704; x_wconf 70' lang='grc' dir='ltr'>καλαμίνην</span> <span class='ocrx_word' id='word_1_7' title='bbox 639 626 864 698; x_wconf 75' lang='grc' dir='ltr'>ῥάϐδον</span> <span class='ocrx_word' id='word_1_8' title='bbox 883 623 1121 688; x_wconf 84' lang='grc' dir='ltr'><strong><em>ἑαυτοῖς</em></strong></span> <span class='ocrx_word' id='word_1_9' title='bbox 1151 613 1847 688; x_wconf 73' lang='grc' dir='ltr'><strong><em>ὑποστηρι’σαντες.ἰδοῦ</em></strong></span> <span class='ocrx_word' id='word_1_10' title='bbox 1879 664 1883 674; x_wconf 19' lang='grc' dir='ltr'><strong><em>γ</em></strong></span> 
     </span>
    </p>
   </div>
   <div class='ocr_carea' id='block_1_5' title="bbox 1970 611 3544 704">
    <p class='ocr_par' dir='ltr' id='par_1_5' title="bbox 1970 611 3544 680">
     <span class='ocr_line' id='line_1_5' title="bbox 1970 611 3544 680; baseline 0.005 -16"><span class='ocrx_word' id='word_1_11' title='bbox 1970 620 2199 679; x_wconf 54' lang='lat' dir='ltr'><strong><em>ventem;</em></strong></span> <span class='ocrx_word' id='word_1_12' title='bbox 2233 623 2292 667; x_wconf 88' lang='lat' dir='ltr'><strong><em>ut</em></strong></span> <span class='ocrx_word' id='word_1_13' title='bbox 2323 613 2394 668; x_wconf 87' lang='lat' dir='ltr'><strong><em>sit</em></strong></span> <span class='ocrx_word' id='word_1_14' title='bbox 2421 629 2524 668; x_wconf 90' lang='lat' dir='ltr'><strong><em>una</em></strong></span> <span class='ocrx_word' id='word_1_15' title='bbox 2551 611 2715 667; x_wconf 78' lang='lat' dir='ltr'><strong><em>Verbi</em></strong></span> <span class='ocrx_word' id='word_1_16' title='bbox 2750 621 2967 680; x_wconf 90' lang='lat' dir='ltr'><strong><em>natura,</em></strong></span> <span class='ocrx_word' id='word_1_17' title='bbox 2992 623 3046 670; x_wconf 86' lang='lat' dir='ltr'><strong><em>et</em></strong></span> <span class='ocrx_word' id='word_1_18' title='bbox 3116 622 3316 672; x_wconf 66' lang='lat' dir='ltr'><strong><em>nostra:</em></strong></span> <span class='ocrx_word' id='word_1_19' title='bbox 3351 631 3544 672; x_wconf 63' lang='lat' dir='ltr'><strong><em>essen‘</em></strong></span> 
     </span>
    </p>
   </div>
   <div class='ocr_carea' id='block_1_6' title="bbox 269 705 1861 790">
    <p class='ocr_par' dir='ltr' id='par_1_6' title="bbox 269 705 1861 790">
     <span class='ocr_line' id='line_1_6' title="bbox 269 705 1861 790; baseline -0.013 -13"><span class='ocrx_word' id='word_1_20' title='bbox 269 721 549 778; x_wconf 78' lang='grc' dir='ltr'>σκόπειτὸ</span> <span class='ocrx_word' id='word_1_21' title='bbox 575 716 1003 790; x_wconf 80' lang='grc' dir='ltr'>σεσαρκωμὲνην</span> <span class='ocrx_word' id='word_1_22' title='bbox 1043 715 1122 778; x_wconf 84' lang='grc' dir='ltr'>εἰς</span> <span class='ocrx_word' id='word_1_23' title='bbox 1154 712 1387 783; x_wconf 79' lang='grc' dir='ltr'><strong><em>δήλωσιν</em></strong></span> <span class='ocrx_word' id='word_1_24' title='bbox 1425 708 1525 778; x_wconf 81' lang='grc' dir='ltr'>τῆς</span> <span class='ocrx_word' id='word_1_25' title='bbox 1558 709 1680 761; x_wconf 80' lang='grc' dir='ltr'>καθ’</span> <span class='ocrx_word' id='word_1_26' title='bbox 1704 705 1861 778; x_wconf 74' lang='grc' dir='ltr'>ἡμᾶς</span> 
     </span>
    </p>
   </div>
   <div class='ocr_carea' id='block_1_7' title="bbox 266 799 1858 886">
    <p class='ocr_par' dir='ltr' id='par_1_7' title="bbox 266 799 1858 886">
     <span class='ocr_line' id='line_1_7' title="bbox 266 799 1858 886; baseline -0.012 -15"><span class='ocrx_word' id='word_1_27' title='bbox 266 816 453 878; x_wconf 65' lang='grc' dir='ltr'>οὐσίας</span> <span class='ocrx_word' id='word_1_28' title='bbox 513 810 927 886; x_wconf 82' lang='grc' dir='ltr'>είσκεκομίσθαι</span> <span class='ocrx_word' id='word_1_29' title='bbox 974 808 1203 877; x_wconf 75' lang='grc' dir='ltr'>λέγοντα</span> <span class='ocrx_word' id='word_1_30' title='bbox 1243 806 1336 859; x_wconf 85' lang='grc' dir='ltr'><strong><em>τὸν</em></strong></span> <span class='ocrx_word' id='word_1_31' title='bbox 1382 803 1723 866; x_wconf 79' lang='grc' dir='ltr'>διδάσκαλον,</span> <span class='ocrx_word' id='word_1_32' title='bbox 1776 799 1858 862; x_wconf 83' lang='grc' dir='ltr'><strong><em>ὡς’</em></strong></span> 
     </span>
    </p>
   </div>
   <div class='ocr_carea' id='block_1_8' title="bbox 267 893 1854 979">
    <p class='ocr_par' dir='ltr' id='par_1_8' title="bbox 267 893 1854 979">
     <span class='ocr_line' id='line_1_8' title="bbox 267 893 1854 979; baseline -0.011 -16"><span class='ocrx_word' id='word_1_33' title='bbox 267 905 403 963; x_wconf 79' lang='grc' dir='ltr'>εἶναι</span> <span class='ocrx_word' id='word_1_34' title='bbox 439 907 536 979; x_wconf 77' lang='grc' dir='ltr'><strong><em>τὴν</em></strong></span> <span class='ocrx_word' id='word_1_35' title='bbox 568 906 694 977; x_wconf 85' lang='grc' dir='ltr'>μίαν</span> <span class='ocrx_word' id='word_1_36' title='bbox 725 902 817 962; x_wconf 78' lang='grc' dir='ltr'><em>τοῦ</em></span> <span class='ocrx_word' id='word_1_37' title='bbox 858 903 1032 971; x_wconf 84' lang='grc' dir='ltr'>Λόγου</span> <span class='ocrx_word' id='word_1_38' title='bbox 1081 901 1244 970; x_wconf 74' lang='grc' dir='ltr'>φύσιν</span> <span class='ocrx_word' id='word_1_39' title='bbox 1288 898 1384 952; x_wconf 72' lang='grc' dir='ltr'>καὶ</span> <span class='ocrx_word' id='word_1_40' title='bbox 1432 896 1532 966; x_wconf 81' lang='grc' dir='ltr'>τῆς</span> <span class='ocrx_word' id='word_1_41' title='bbox 1562 893 1854 963; x_wconf 75' lang='grc' dir='ltr'>καθ’ὴμᾶς</span> 
     </span>
    </p>
   </div>
   <div class='ocr_carea' id='block_1_9' title="bbox 1956 702 3543 780">
    <p class='ocr_par' dir='ltr' id='par_1_9' title="bbox 1956 702 3543 780">
     <span class='ocr_line' id='line_1_9' title="bbox 1956 702 3543 780; baseline 0.003 -22"><span class='ocrx_word' id='word_1_42' title='bbox 1956 702 2047 758; x_wconf 69' lang='lat' dir='ltr'><strong><em>tia:</em></strong></span> <span class='ocrx_word' id='word_1_43' title='bbox 2075 705 2446 780; x_wconf 81' lang='lat' dir='ltr'><strong><em>manifestatio</em></strong></span> <span class='ocrx_word' id='word_1_44' title='bbox 2491 719 2591 776; x_wconf 87' lang='lat' dir='ltr'><strong><em>per</em></strong></span> <span class='ocrx_word' id='word_1_45' title='bbox 2657 704 2788 760; x_wconf 90' lang='lat' dir='ltr'><strong><em>illud</em></strong></span> <span class='ocrx_word' id='word_1_46' title='bbox 2830 704 3193 772; x_wconf 87' lang='lat' dir='ltr'><strong><em>incarnatam,</em></strong></span> <span class='ocrx_word' id='word_1_47' title='bbox 3227 707 3373 778; x_wconf 86' lang='lat' dir='ltr'><strong><em>quod</em></strong></span> <span class='ocrx_word' id='word_1_48' title='bbox 3407 707 3543 762; x_wconf 88' lang='lat' dir='ltr'><strong><em>duas</em></strong></span> 
     </span>
    </p>
   </div>
   <div class='ocr_carea' id='block_1_10' title="bbox 1954 795 3547 872">
    <p class='ocr_par' dir='ltr' id='par_1_10' title="bbox 1954 795 3547 872">
     <span class='ocr_line' id='line_1_10' title="bbox 1954 795 3547 872; baseline 0.002 -20"><span class='ocrx_word' id='word_1_49' title='bbox 1954 807 2202 864; x_wconf 89' lang='lat' dir='ltr'><strong><em>naturas,</em></strong></span> <span class='ocrx_word' id='word_1_50' title='bbox 2234 798 2454 854; x_wconf 84' lang='lat' dir='ltr'><strong><em>deitatis</em></strong></span> <span class='ocrx_word' id='word_1_51' title='bbox 2498 797 2664 872; x_wconf 81' lang='lat' dir='ltr'><strong><em>atque</em></strong></span> <span class='ocrx_word' id='word_1_52' title='bbox 2707 799 3090 865; x_wconf 77' lang='lat' dir='ltr'><strong><em>humanitatis,</em></strong></span> <span class='ocrx_word' id='word_1_53' title='bbox 3123 801 3443 857; x_wconf 67' lang='lat' dir='ltr'><strong><em>constituat.</em></strong></span> <span class='ocrx_word' id='word_1_54' title='bbox 3480 795 3547 856; x_wconf 84' lang='lat' dir='ltr'><strong><em>Et</em></strong></span> 
     </span>
    </p>
   </div>
   <div class='ocr_carea' id='block_1_11' title="bbox 1954 888 3545 964">
    <p class='ocr_par' dir='ltr' id='par_1_11' title="bbox 1954 888 3545 964">
     <span class='ocr_line' id='line_1_11' title="bbox 1954 888 3545 964; baseline 0.003 -20"><span class='ocrx_word' id='word_1_55' title='bbox 1954 892 2145 961; x_wconf 85' lang='lat' dir='ltr'><strong><em>paucis</em></strong></span> <span class='ocrx_word' id='word_1_56' title='bbox 2193 891 2500 961; x_wconf 74' lang='lat' dir='ltr'><strong><em>interiectis</em></strong></span> <span class='ocrx_word' id='word_1_57' title='bbox 2544 893 2599 947; x_wconf 89' lang='lat' dir='ltr'><strong><em>in</em></strong></span> <span class='ocrx_word' id='word_1_58' title='bbox 2655 892 2844 949; x_wconf 89' lang='lat' dir='ltr'><strong><em>eadem</em></strong></span> <span class='ocrx_word' id='word_1_59' title='bbox 2901 894 3131 964; x_wconf 84' lang='lat' dir='ltr'><strong><em>epistola</em></strong></span> <span class='ocrx_word' id='word_1_60' title='bbox 3190 888 3545 950; x_wconf 80' lang='lat' dir='ltr'><strong><em>:Rectissime</em></strong></span> 
     </span>
    </p>
   </div>
   <div class='ocr_carea' id='block_1_12' title="bbox 223 980 1883 1074">
    <p class='ocr_par' dir='ltr' id='par_1_12' title="bbox 223 986 1854 1074">
     <span class='ocr_line' id='line_1_12' title="bbox 223 986 1854 1074; baseline -0.012 -16"><span class='ocrx_word' id='word_1_61' title='bbox 223 997 236 1041; x_wconf 53' lang='grc' dir='ltr'><strong>ἱ</strong></span> <span class='ocrx_word' id='word_1_62' title='bbox 266 1003 454 1068; x_wconf 76' lang='grc' dir='ltr'>οὐσίας</span> <span class='ocrx_word' id='word_1_63' title='bbox 484 1002 580 1074; x_wconf 84' lang='grc' dir='ltr'>τὴν</span> <span class='ocrx_word' id='word_1_64' title='bbox 607 999 862 1072; x_wconf 80' lang='grc' dir='ltr'><strong><em>δήλωσιν,</em></strong></span> <span class='ocrx_word' id='word_1_65' title='bbox 895 996 984 1051; x_wconf 74' lang='grc' dir='ltr'>διὰ</span> <span class='ocrx_word' id='word_1_66' title='bbox 1038 995 1122 1061; x_wconf 73' lang='grc' dir='ltr'>τὸ,</span> <span class='ocrx_word' id='word_1_67' title='bbox 1162 991 1607 1063; x_wconf 82' lang='grc' dir='ltr'>σεσαρκωμένην,</span> <span class='ocrx_word' id='word_1_68' title='bbox 1635 988 1726 1040; x_wconf 80' lang='grc' dir='ltr'>δύο</span> <span class='ocrx_word' id='word_1_69' title='bbox 1749 986 1854 1055; x_wconf 81' lang='grc' dir='ltr'><strong><em>φύ-</em></strong></span> 
     </span>
    </p>
   </div>
   <div class='ocr_carea' id='block_1_13' title="bbox 1970 980 3539 1074">
    <p class='ocr_par' dir='ltr' id='par_1_13' title="bbox 1970 980 3539 1058">
     <span class='ocr_line' id='line_1_13' title="bbox 1970 980 3539 1058; baseline 0.001 -20"><span class='ocrx_word' id='word_1_70' title='bbox 1970 980 2098 1049; x_wconf 65' lang='lat' dir='ltr'><strong><em>Lvero,</em></strong></span> <span class='ocrx_word' id='word_1_71' title='bbox 2139 994 2187 1038; x_wconf 85' lang='lat' dir='ltr'><strong><em>et</em></strong></span> <span class='ocrx_word' id='word_1_72' title='bbox 2231 985 2363 1039; x_wconf 84' lang='lat' dir='ltr'><strong><em>satis</em></strong></span> <span class='ocrx_word' id='word_1_73' title='bbox 2391 986 2520 1040; x_wconf 88' lang='lat' dir='ltr'><strong><em>scite</em></strong></span> <span class='ocrx_word' id='word_1_74' title='bbox 2558 993 2651 1040; x_wconf 85' lang='lat' dir='ltr'><strong><em>tua</em></strong></span> <span class='ocrx_word' id='word_1_75' title='bbox 2709 987 2961 1057; x_wconf 79' lang='lat' dir='ltr'><strong><em>perfectio</em></strong></span> <span class='ocrx_word' id='word_1_76' title='bbox 2991 986 3248 1042; x_wconf 83' lang='lat' dir='ltr'><strong><em>salutaris</em></strong></span> <span class='ocrx_word' id='word_1_77' title='bbox 3273 988 3539 1058; x_wconf 74' lang='lat' dir='ltr'><strong><em>passionis</em></strong></span> 
     </span>
    </p>
   </div>
   <div class='ocr_carea' id='block_1_14' title="bbox 270 1078 1852 1164">
    <p class='ocr_par' dir='ltr' id='par_1_14' title="bbox 270 1078 1852 1164">
     <span class='ocr_line' id='line_1_14' title="bbox 270 1078 1852 1164; baseline -0.011 -15"><span class='ocrx_word' id='word_1_78' title='bbox 270 1113 408 1149; x_wconf 86' lang='grc' dir='ltr'>σεων</span> <span class='ocrx_word' id='word_1_79' title='bbox 467 1093 720 1164; x_wconf 81' lang='grc' dir='ltr'><strong><em>θεότητος</em></strong></span> <span class='ocrx_word' id='word_1_80' title='bbox 790 1093 885 1147; x_wconf 75' lang='grc' dir='ltr'>καὶ</span> <span class='ocrx_word' id='word_1_81' title='bbox 947 1087 1370 1161; x_wconf 79' lang='grc' dir='ltr'>ἀνθρωπότητος</span> <span class='ocrx_word' id='word_1_82' title='bbox 1421 1078 1852 1156; x_wconf 85' lang='grc' dir='ltr'>παραστατικόν.</span> 
     </span>
    </p>
   </div>
   <div class='ocr_carea' id='block_1_15' title="bbox 270 1171 1858 1262">
    <p class='ocr_par' dir='ltr' id='par_1_15' title="bbox 270 1171 1858 1262">
     <span class='ocr_line' id='line_1_15' title="bbox 270 1171 1858 1262; baseline -0.013 -18"><span class='ocrx_word' id='word_1_83' title='bbox 270 1191 376 1244; x_wconf 73' lang='grc' dir='ltr'><strong><em>Καὶ</em></strong></span> <span class='ocrx_word' id='word_1_84' title='bbox 405 1188 522 1262; x_wconf 83' lang='grc' dir='ltr'>μετ’</span> <span class='ocrx_word' id='word_1_85' title='bbox 559 1188 716 1257; x_wconf 78' lang='grc' dir='ltr'>ὀλίγα</span> <span class='ocrx_word' id='word_1_86' title='bbox 743 1186 802 1239; x_wconf 79' lang='grc' dir='ltr'>ὲν</span> <span class='ocrx_word' id='word_1_87' title='bbox 831 1187 896 1258; x_wconf 82' lang='grc' dir='ltr'>τῇ</span> <span class='ocrx_word' id='word_1_88' title='bbox 923 1184 1062 1254; x_wconf 83' lang='grc' dir='ltr'>αὐτῇ</span> <span class='ocrx_word' id='word_1_89' title='bbox 1099 1180 1357 1248; x_wconf 73' lang='grc' dir='ltr'><strong><em>ἐπιστολῇ</em></strong></span> <span class='ocrx_word' id='word_1_90' title='bbox 1383 1194 1394 1206; x_wconf 91' lang='grc'><strong>·</strong></span> <span class='ocrx_word' id='word_1_91' title='bbox 1439 1175 1750 1244; x_wconf 81' lang='grc' dir='ltr'>Ὀρθότατα</span> <span class='ocrx_word' id='word_1_92' title='bbox 1788 1171 1858 1262; x_wconf 62' lang='grc' dir='ltr'>δὲ</span> 
     </span>
    </p>
   </div>
   <div class='ocr_carea' id='block_1_16' title="bbox 270 1261 1857 1344">
    <p class='ocr_par' dir='ltr' id='par_1_16' title="bbox 270 1261 1857 1344">
     <span class='ocr_line' id='line_1_16' title="bbox 270 1261 1857 1344; baseline -0.011 -9"><span class='ocrx_word' id='word_1_93' title='bbox 270 1280 367 1336; x_wconf 75' lang='grc' dir='ltr'>καὶ</span> <span class='ocrx_word' id='word_1_94' title='bbox 406 1261 569 1334; x_wconf 81' lang='grc' dir='ltr'><em>πάνυ</em></span> <span class='ocrx_word' id='word_1_95' title='bbox 601 1277 875 1343; x_wconf 77' lang='grc' dir='ltr'><strong><em>συνετῶς</em></strong></span> <span class='ocrx_word' id='word_1_96' title='bbox 900 1275 939 1344; x_wconf 78' lang='grc' dir='ltr'>ἡ</span> <span class='ocrx_word' id='word_1_97' title='bbox 969 1275 1052 1341; x_wconf 79' lang='grc' dir='ltr'><strong><em>σὴ</em></strong></span> <span class='ocrx_word' id='word_1_98' title='bbox 1107 1270 1410 1337; x_wconf 81' lang='grc' dir='ltr'>τελειότης</span> <span class='ocrx_word' id='word_1_99' title='bbox 1435 1267 1545 1321; x_wconf 79' lang='grc' dir='ltr'><strong><em>τὸν</em></strong></span> <span class='ocrx_word' id='word_1_100' title='bbox 1585 1264 1719 1333; x_wconf 79' lang='grc' dir='ltr'>περὶ</span> <span class='ocrx_word' id='word_1_101' title='bbox 1750 1261 1857 1317; x_wconf 85' lang='grc' dir='ltr'>τοῦ</span> 
     </span>
    </p>
   </div>
   <div class='ocr_carea' id='block_1_17' title="bbox 268 1357 1861 1440">
    <p class='ocr_par' dir='ltr' id='par_1_17' title="bbox 268 1357 1861 1440">
     <span class='ocr_line' id='line_1_17' title="bbox 268 1357 1861 1440; baseline -0.011 -13"><span class='ocrx_word' id='word_1_102' title='bbox 268 1373 570 1440; x_wconf 76' lang='grc' dir='ltr'><strong><em>σωτηρίου</em></strong></span> <span class='ocrx_word' id='word_1_103' title='bbox 623 1369 852 1437; x_wconf 82' lang='grc' dir='ltr'><strong><em>πάθους</em></strong></span> <span class='ocrx_word' id='word_1_104' title='bbox 899 1368 1192 1422; x_wconf 83' lang='grc' dir='ltr'><strong><em>ἐκτίθεται</em></strong></span> <span class='ocrx_word' id='word_1_105' title='bbox 1255 1364 1463 1434; x_wconf 71' lang='grc' dir='ltr'>λόγον,</span> <span class='ocrx_word' id='word_1_106' title='bbox 1528 1360 1640 1418; x_wconf 79' lang='grc' dir='ltr'><strong><em>οὐκ</em></strong></span> <span class='ocrx_word' id='word_1_107' title='bbox 1672 1357 1861 1412; x_wconf 85' lang='grc' dir='ltr'>αὐτὸν</span> 
     </span>
    </p>
   </div>
   <div class='ocr_carea' id='block_1_18' title="bbox 265 1449 1860 1536">
    <p class='ocr_par' dir='ltr' id='par_1_18' title="bbox 265 1449 1860 1536">
     <span class='ocr_line' id='line_1_18' title="bbox 265 1449 1860 1536; baseline -0.01 -17"><span class='ocrx_word' id='word_1_108' title='bbox 265 1463 566 1536; x_wconf 71' lang='grc' dir='ltr'>μονογενῆ</span> <span class='ocrx_word' id='word_1_109' title='bbox 629 1464 765 1517; x_wconf 76' lang='grc' dir='ltr'><strong><em>Υίὸν</em></strong></span> <span class='ocrx_word' id='word_1_110' title='bbox 807 1459 914 1516; x_wconf 88' lang='grc' dir='ltr'>τοῦ</span> <span class='ocrx_word' id='word_1_111' title='bbox 960 1459 1130 1525; x_wconf 84' lang='grc' dir='ltr'><strong><em>Θεοῦ,</em></strong></span> <span class='ocrx_word' id='word_1_112' title='bbox 1161 1456 1308 1511; x_wconf 80' lang='grc' dir='ltr'>καθὸ</span> <span class='ocrx_word' id='word_1_113' title='bbox 1361 1453 1579 1509; x_wconf 81' lang='grc' dir='ltr'><strong><em>νοεῖται</em></strong></span> <span class='ocrx_word' id='word_1_114' title='bbox 1605 1451 1701 1506; x_wconf 76' lang='grc' dir='ltr'><strong><em>καί</em></strong></span> <span class='ocrx_word' id='word_1_115' title='bbox 1727 1449 1860 1505; x_wconf 79' lang='grc' dir='ltr'><strong><em>ἐστι</em></strong></span> 
     </span>
    </p>
   </div>
   <div class='ocr_carea' id='block_1_19' title="bbox 274 1543 1860 1624">
    <p class='ocr_par' dir='ltr' id='par_1_19' title="bbox 274 1543 1860 1624">
     <span class='ocr_line' id='line_1_19' title="bbox 274 1543 1860 1624; baseline -0.011 -14"><span class='ocrx_word' id='word_1_116' title='bbox 274 1557 446 1624; x_wconf 77' lang='grc' dir='ltr'><em>Θεὸς,</em></span> <span class='ocrx_word' id='word_1_117' title='bbox 490 1553 703 1608; x_wconf 79' lang='grc' dir='ltr'><em>παθεῖν</em></span> <span class='ocrx_word' id='word_1_118' title='bbox 745 1555 832 1619; x_wconf 87' lang='grc' dir='ltr'>είς</span> <span class='ocrx_word' id='word_1_119' title='bbox 863 1550 1023 1606; x_wconf 81' lang='grc' dir='ltr'>ίδίιιν</span> <span class='ocrx_word' id='word_1_120' title='bbox 1053 1550 1243 1620; x_wconf 60' lang='grc' dir='ltr'><em>φύσιν</em></span> <span class='ocrx_word' id='word_1_121' title='bbox 1287 1545 1360 1600; x_wconf 86' lang='grc' dir='ltr'>τὰ</span> <span class='ocrx_word' id='word_1_122' title='bbox 1384 1546 1659 1614; x_wconf 79' lang='grc' dir='ltr'>σώματος</span> <span class='ocrx_word' id='word_1_123' title='bbox 1686 1543 1860 1613; x_wconf 63' lang='lat' dir='ltr'><strong><em>laxu-</em></strong></span> 
     </span>
    </p>
   </div>
   <div class='ocr_carea' id='block_1_20' title="bbox 271 1631 1870 1720">
    <p class='ocr_par' dir='ltr' id='par_1_20' title="bbox 271 1631 1870 1720">
     <span class='ocr_line' id='line_1_20' title="bbox 271 1631 1870 1720; baseline -0.01 -17"><span class='ocrx_word' id='word_1_124' title='bbox 271 1649 574 1720; x_wconf 80' lang='grc' dir='ltr'><strong><em>ριζομέν-η,</em></strong></span> <span class='ocrx_word' id='word_1_125' title='bbox 614 1646 830 1703; x_wconf 76' lang='grc' dir='ltr'>παθεῖν</span> <span class='ocrx_word' id='word_1_126' title='bbox 854 1644 923 1699; x_wconf 76' lang='grc' dir='ltr'>δὲ</span> <span class='ocrx_word' id='word_1_127' title='bbox 953 1641 1198 1715; x_wconf 75' lang='grc' dir='ltr'><em>μᾶλλον</em></span> <span class='ocrx_word' id='word_1_128' title='bbox 1231 1640 1305 1710; x_wconf 83' lang='grc' dir='ltr'><em>τῆ</em></span> <span class='ocrx_word' id='word_1_129' title='bbox 1339 1631 1516 1710; x_wconf 75' lang='grc' dir='ltr'><strong><em>χοτκῇ</em></strong></span> <span class='ocrx_word' id='word_1_130' title='bbox 1539 1635 1739 1708; x_wconf 70' lang='grc' dir='ltr'><strong><em>φύσει.</em></strong></span> <span class='ocrx_word' id='word_1_131' title='bbox 1768 1632 1870 1688; x_wconf 82' lang='grc' dir='ltr'><strong><em>Δεῖ</em></strong></span> 
     </span>
    </p>
   </div>
   <div class='ocr_carea' id='block_1_21' title="bbox 273 1727 1862 1816">
    <p class='ocr_par' dir='ltr' id='par_1_21' title="bbox 273 1727 1862 1816">
     <span class='ocr_line' id='line_1_21' title="bbox 273 1727 1862 1816; baseline -0.009 -21"><span class='ocrx_word' id='word_1_132' title='bbox 273 1741 386 1810; x_wconf 74' lang='grc' dir='ltr'>γὰρ</span> <span class='ocrx_word' id='word_1_133' title='bbox 445 1739 688 1816; x_wconf 76' lang='grc' dir='ltr'>πάντως</span> <span class='ocrx_word' id='word_1_134' title='bbox 734 1738 1037 1809; x_wconf 71' lang='grc' dir='ltr'>ἀμφότερα</span> <span class='ocrx_word' id='word_1_135' title='bbox 1089 1733 1377 1795; x_wconf 70' lang='grc' dir='ltr'><strong><em>σώζεσθαι</em></strong></span> <span class='ocrx_word' id='word_1_136' title='bbox 1422 1732 1492 1784; x_wconf 86' lang='grc' dir='ltr'><strong><em>ἐν</em></strong></span> <span class='ocrx_word' id='word_1_137' title='bbox 1534 1727 1614 1795; x_wconf 83' lang='grc' dir='ltr'>τῷ</span> <span class='ocrx_word' id='word_1_138' title='bbox 1644 1727 1737 1783; x_wconf 74' lang='grc' dir='ltr'><strong><em>ἐνί</em></strong></span> <span class='ocrx_word' id='word_1_139' title='bbox 1762 1727 1862 1780; x_wconf 82' lang='grc' dir='ltr'>καὶ</span> 
     </span>
    </p>
   </div>
   <div class='ocr_carea' id='block_1_22' title="bbox 275 1817 1908 1899">
    <p class='ocr_par' dir='ltr' id='par_1_22' title="bbox 275 1817 1908 1899">
     <span class='ocr_line' id='line_1_22' title="bbox 275 1817 1908 1899; baseline -0.009 -12"><span class='ocrx_word' id='word_1_140' title='bbox 275 1832 426 1891; x_wconf 82' lang='grc' dir='ltr'>κατὰ</span> <span class='ocrx_word' id='word_1_141' title='bbox 473 1831 764 1899; x_wconf 70' lang='grc' dir='ltr'><strong><em>ἀλήθειαν</em></strong></span> <span class='ocrx_word' id='word_1_142' title='bbox 794 1829 924 1896; x_wconf 82' lang='grc' dir='ltr'>Υίῷ,</span> <span class='ocrx_word' id='word_1_143' title='bbox 956 1828 1023 1883; x_wconf 83' lang='grc' dir='ltr'>τὸ</span> <span class='ocrx_word' id='word_1_144' title='bbox 1063 1827 1150 1898; x_wconf 76' lang='grc' dir='ltr'>μὴ</span> <span class='ocrx_word' id='word_1_145' title='bbox 1207 1825 1472 1896; x_wconf 79' lang='grc' dir='ltr'><strong><em>πάσχειν</em></strong></span> <span class='ocrx_word' id='word_1_146' title='bbox 1502 1820 1731 1888; x_wconf 83' lang='grc' dir='ltr'>θετκῶς,</span> <span class='ocrx_word' id='word_1_147' title='bbox 1764 1817 1863 1874; x_wconf 81' lang='grc' dir='ltr'>καὶ</span> <span class='ocrx_word' id='word_1_148' title='bbox 1905 1875 1908 1878; x_wconf 6' lang='grc' dir='ltr'>ς</span> 
     </span>
    </p>
   </div>
   <div class='ocr_carea' id='block_1_23' title="bbox 275 1913 1862 1995">
    <p class='ocr_par' dir='ltr' id='par_1_23' title="bbox 275 1913 1862 1995">
     <span class='ocr_line' id='line_1_23' title="bbox 275 1913 1862 1995; baseline -0.008 -14"><span class='ocrx_word' id='word_1_149' title='bbox 275 1926 342 1981; x_wconf 77' lang='grc' dir='ltr'>τὸ</span> <span class='ocrx_word' id='word_1_150' title='bbox 389 1925 678 1995; x_wconf 74' lang='grc' dir='ltr'><strong><em>λέγεσθαι</em></strong></span> <span class='ocrx_word' id='word_1_151' title='bbox 733 1923 946 1978; x_wconf 79' lang='grc' dir='ltr'><strong><em>παθεῖν</em></strong></span> <span class='ocrx_word' id='word_1_152' title='bbox 996 1921 1418 1990; x_wconf 52' lang='grc' dir='ltr'>ἀνθρωπίνως*</span> <span class='ocrx_word' id='word_1_153' title='bbox 1468 1917 1506 1986; x_wconf 72' lang='grc' dir='ltr'><strong>ἡ</strong></span> <span class='ocrx_word' id='word_1_154' title='bbox 1539 1914 1726 1973; x_wconf 84' lang='grc' dir='ltr'>αὐτοῦ</span> <span class='ocrx_word' id='word_1_155' title='bbox 1750 1913 1862 1987; x_wconf 74' lang='grc' dir='ltr'>γὰρ</span> 
     </span>
    </p>
   </div>
   <div class='ocr_carea' id='block_1_24' title="bbox 1958 1073 3546 1149">
    <p class='ocr_par' dir='ltr' id='par_1_24' title="bbox 1958 1073 3546 1149">
     <span class='ocr_line' id='line_1_24' title="bbox 1958 1073 3546 1149; baseline 0.003 -22"><span class='ocrx_word' id='word_1_156' title='bbox 1958 1075 2218 1128; x_wconf 87' lang='lat' dir='ltr'><strong><em>rationem</em></strong></span> <span class='ocrx_word' id='word_1_157' title='bbox 2249 1077 2486 1143; x_wconf 72' lang='lat' dir='ltr'><strong><em>exponit,</em></strong></span> <span class='ocrx_word' id='word_1_158' title='bbox 2521 1093 2626 1130; x_wconf 85' lang='lat' dir='ltr'><strong><em>non</em></strong></span> <span class='ocrx_word' id='word_1_159' title='bbox 2654 1077 2826 1147; x_wconf 85' lang='lat' dir='ltr'><strong><em>ipsum</em></strong></span> <span class='ocrx_word' id='word_1_160' title='bbox 2860 1078 3187 1149; x_wconf 89' lang='lat' dir='ltr'><strong><em>uniqenitum</em></strong></span> <span class='ocrx_word' id='word_1_161' title='bbox 3217 1079 3314 1133; x_wconf 87' lang='lat' dir='ltr'><strong><em>Dei-</em></strong></span> <span class='ocrx_word' id='word_1_162' title='bbox 3342 1073 3546 1133; x_wconf 79' lang='lat' dir='ltr'><strong><em>Filium</em></strong></span> 
     </span>
    </p>
   </div>
   <div class='ocr_carea' id='block_1_25' title="bbox 1960 1167 3548 1242">
    <p class='ocr_par' dir='ltr' id='par_1_25' title="bbox 1960 1167 3548 1242">
     <span class='ocr_line' id='line_1_25' title="bbox 1960 1167 3548 1242; baseline 0.003 -23"><span class='ocrx_word' id='word_1_163' title='bbox 1960 1167 2249 1220; x_wconf 84' lang='lat' dir='ltr'><strong><em>secundum</em></strong></span> <span class='ocrx_word' id='word_1_164' title='bbox 2313 1167 2455 1238; x_wconf 85' lang='lat' dir='ltr'><strong><em>quod</em></strong></span> <span class='ocrx_word' id='word_1_165' title='bbox 2522 1169 2844 1242; x_wconf 67' lang='lat' dir='ltr'><strong><em>intelligitur</em></strong></span> <span class='ocrx_word' id='word_1_166' title='bbox 2896 1179 2945 1225; x_wconf 88' lang='lat' dir='ltr'><strong><em>et</em></strong></span> <span class='ocrx_word' id='word_1_167' title='bbox 2995 1181 3072 1226; x_wconf 86' lang='lat' dir='ltr'><strong><em>est</em></strong></span> <span class='ocrx_word' id='word_1_168' title='bbox 3123 1171 3286 1235; x_wconf 85' lang='lat' dir='ltr'><strong><em>Deus,</em></strong></span> <span class='ocrx_word' id='word_1_169' title='bbox 3331 1167 3548 1240; x_wconf 76' lang='lat' dir='ltr'><strong><em>passum</em></strong></span> 
     </span>
    </p>
   </div>
   <div class='ocr_carea' id='block_1_26' title="bbox 1961 1256 3544 1328">
    <p class='ocr_par' dir='ltr' id='par_1_26' title="bbox 1961 1256 3544 1328">
     <span class='ocr_line' id='line_1_26' title="bbox 1961 1256 3544 1328; baseline 0.004 -19"><span class='ocrx_word' id='word_1_170' title='bbox 1961 1256 2126 1326; x_wconf 78' lang='lat' dir='ltr'><strong><em>fuisse</em></strong></span> <span class='ocrx_word' id='word_1_171' title='bbox 2148 1257 2202 1309; x_wconf 80' lang='lat' dir='ltr'><strong><em>in</em></strong></span> <span class='ocrx_word' id='word_1_172' title='bbox 2233 1259 2455 1328; x_wconf 87' lang='lat' dir='ltr'><strong><em>propria</em></strong></span> <span class='ocrx_word' id='word_1_173' title='bbox 2485 1270 2704 1324; x_wconf 86' lang='lat' dir='ltr'><strong><em>natura,</em></strong></span> <span class='ocrx_word' id='word_1_174' title='bbox 2741 1264 2830 1314; x_wconf 78' lang='lat' dir='ltr'><strong><em>sed</em></strong></span> <span class='ocrx_word' id='word_1_175' title='bbox 2865 1263 2919 1315; x_wconf 84' lang='lat' dir='ltr'><strong><em>in</em></strong></span> <span class='ocrx_word' id='word_1_176' title='bbox 2951 1272 3159 1317; x_wconf 89' lang='lat' dir='ltr'><strong><em>terrena</em></strong></span> <span class='ocrx_word' id='word_1_177' title='bbox 3207 1263 3544 1316; x_wconf 81' lang='lat' dir='ltr'><strong><em>contendens.</em></strong></span> 
     </span>
    </p>
   </div>
   <div class='ocr_carea' id='block_1_27' title="bbox 1964 1337 3545 1422">
    <p class='ocr_par' dir='ltr' id='par_1_27' title="bbox 1964 1337 3545 1422">
     <span class='ocr_line' id='line_1_27' title="bbox 1964 1337 3545 1422; baseline 0.001 -18"><span class='ocrx_word' id='word_1_178' title='bbox 1964 1337 2354 1404; x_wconf 36' lang='lat' dir='ltr'><strong><em>Omnino—enim</em></strong></span> <span class='ocrx_word' id='word_1_179' title='bbox 2385 1359 2609 1422; x_wconf 85' lang='lat' dir='ltr'><strong><em>utraque</em></strong></span> <span class='ocrx_word' id='word_1_180' title='bbox 2663 1354 3027 1409; x_wconf 82' lang='lat' dir='ltr'><strong><em>conservanda</em></strong></span> <span class='ocrx_word' id='word_1_181' title='bbox 3074 1363 3199 1408; x_wconf 82' lang='lat' dir='ltr'><strong><em>sunt</em></strong></span> <span class='ocrx_word' id='word_1_182' title='bbox 3247 1358 3298 1408; x_wconf 87' lang='lat' dir='ltr'><strong><em>in</em></strong></span> <span class='ocrx_word' id='word_1_183' title='bbox 3348 1370 3452 1408; x_wconf 85' lang='lat' dir='ltr'><strong><em>uno</em></strong></span> <span class='ocrx_word' id='word_1_184' title='bbox 3491 1361 3545 1409; x_wconf 84' lang='lat' dir='ltr'><strong><em>et</em></strong></span> 
     </span>
    </p>
   </div>
   <div class='ocr_carea' id='block_1_28' title="bbox 1961 1439 3549 1520">
    <p class='ocr_par' dir='ltr' id='par_1_28' title="bbox 1961 1439 3549 1520">
     <span class='ocr_line' id='line_1_28' title="bbox 1961 1439 3549 1520; baseline 0.003 -25"><span class='ocrx_word' id='word_1_185' title='bbox 1961 1458 2074 1496; x_wconf 84' lang='lat' dir='ltr'><strong><em>vere</em></strong></span> <span class='ocrx_word' id='word_1_186' title='bbox 2104 1439 2270 1509; x_wconf 82' lang='lat' dir='ltr'><strong><em>Filio,</em></strong></span> <span class='ocrx_word' id='word_1_187' title='bbox 2324 1460 2423 1498; x_wconf 83' lang='lat' dir='ltr'><strong><em>non</em></strong></span> <span class='ocrx_word' id='word_1_188' title='bbox 2459 1443 2572 1513; x_wconf 85' lang='lat' dir='ltr'><strong><em>pati</em></strong></span> <span class='ocrx_word' id='word_1_189' title='bbox 2629 1445 2915 1499; x_wconf 88' lang='lat' dir='ltr'><strong><em>secundum</em></strong></span> <span class='ocrx_word' id='word_1_190' title='bbox 2950 1447 3300 1511; x_wconf 73' lang='lat' dir='ltr'><strong><em>divinitatem,</em></strong></span> <span class='ocrx_word' id='word_1_191' title='bbox 3355 1462 3404 1501; x_wconf 85' lang='lat' dir='ltr'><strong><em>et</em></strong></span> <span class='ocrx_word' id='word_1_192' title='bbox 3430 1447 3549 1520; x_wconf 81' lang='lat' dir='ltr'><strong><em>pati</em></strong></span> 
     </span>
    </p>
   </div>
   <div class='ocr_carea' id='block_1_29' title="bbox 1961 1535 3543 1608">
    <p class='ocr_par' dir='ltr' id='par_1_29' title="bbox 1961 1535 3543 1608">
     <span class='ocr_line' id='line_1_29' title="bbox 1961 1535 3543 1608; baseline 0.001 -20"><span class='ocrx_word' id='word_1_193' title='bbox 1961 1535 2252 1589; x_wconf 83' lang='lat' dir='ltr'><strong><em>secundum</em></strong></span> <span class='ocrx_word' id='word_1_194' title='bbox 2289 1535 2720 1594; x_wconf 83' lang='lat' dir='ltr'><strong><em>humanitatem:</em></strong></span> <span class='ocrx_word' id='word_1_195' title='bbox 2755 1537 2902 1592; x_wconf 85' lang='lat' dir='ltr'><strong><em>illius</em></strong></span> <span class='ocrx_word' id='word_1_196' title='bbox 2926 1538 3063 1592; x_wconf 87' lang='lat' dir='ltr'><strong><em>enim</em></strong></span> <span class='ocrx_word' id='word_1_197' title='bbox 3105 1554 3229 1592; x_wconf 85' lang='lat' dir='ltr'><strong><em>caro</em></strong></span> <span class='ocrx_word' id='word_1_198' title='bbox 3252 1555 3412 1608; x_wconf 82' lang='lat' dir='ltr'><strong><em>passa</em></strong></span> <span class='ocrx_word' id='word_1_199' title='bbox 3445 1551 3543 1592; x_wconf 84' lang='lat' dir='ltr'><strong><em>est.</em></strong></span> 
     </span>
    </p>
   </div>
   <div class='ocr_carea' id='block_1_30' title="bbox 1963 1625 3550 1696">
    <p class='ocr_par' dir='ltr' id='par_1_30' title="bbox 1963 1625 3550 1696">
     <span class='ocr_line' id='line_1_30' title="bbox 1963 1625 3550 1696; baseline 0.003 -16"><span class='ocrx_word' id='word_1_200' title='bbox 1963 1625 2228 1682; x_wconf 83' lang='lat' dir='ltr'><strong><em>Naturam</em></strong></span> <span class='ocrx_word' id='word_1_201' title='bbox 2259 1628 2524 1696; x_wconf 80' lang='lat' dir='ltr'><strong><em>divinam,</em></strong></span> <span class='ocrx_word' id='word_1_202' title='bbox 2556 1639 2616 1684; x_wconf 88' lang='lat' dir='ltr'><strong><em>ut</em></strong></span> <span class='ocrx_word' id='word_1_203' title='bbox 2647 1630 2818 1694; x_wconf 80' lang='lat' dir='ltr'><strong><em>vides,</em></strong></span> <span class='ocrx_word' id='word_1_204' title='bbox 2843 1630 2983 1685; x_wconf 83' lang='lat' dir='ltr'><strong><em>dixit</em></strong></span> <span class='ocrx_word' id='word_1_205' title='bbox 3006 1639 3058 1686; x_wconf 89' lang='lat' dir='ltr'><strong><em>et</em></strong></span> <span class='ocrx_word' id='word_1_206' title='bbox 3086 1640 3338 1686; x_wconf 88' lang='lat' dir='ltr'><strong><em>naturam</em></strong></span> <span class='ocrx_word' id='word_1_207' title='bbox 3373 1640 3550 1686; x_wconf 88' lang='lat' dir='ltr'><strong><em>terre-</em></strong></span> 
     </span>
    </p>
   </div>
   <div class='ocr_carea' id='block_1_31' title="bbox 1965 1703 3548 1792">
    <p class='ocr_par' dir='ltr' id='par_1_31' title="bbox 1965 1703 3548 1792">
     <span class='ocr_line' id='line_1_31' title="bbox 1965 1703 3548 1792; baseline 0.003 -17"><span class='ocrx_word' id='word_1_208' title='bbox 1965 1735 2091 1775; x_wconf 90' lang='lat' dir='ltr'><strong><em>nam</em></strong></span> <span class='ocrx_word' id='word_1_209' title='bbox 2143 1721 2195 1775; x_wconf 90' lang='lat' dir='ltr'><strong><em>iu</em></strong></span> <span class='ocrx_word' id='word_1_210' title='bbox 2232 1723 2343 1776; x_wconf 88' lang='lat' dir='ltr'><strong><em>uno</em></strong></span> <span class='ocrx_word' id='word_1_211' title='bbox 2394 1721 2613 1778; x_wconf 80' lang='lat' dir='ltr'><strong><em>Christo</em></strong></span> <span class='ocrx_word' id='word_1_212' title='bbox 2653 1722 2973 1778; x_wconf 78' lang='lat' dir='ltr'><strong><em>conservari</em></strong></span> <span class='ocrx_word' id='word_1_213' title='bbox 3017 1703 3182 1778; x_wconf 72' lang='lat' dir='ltr'><strong><em>etiam</em></strong></span> <span class='ocrx_word' id='word_1_214' title='bbox 3222 1731 3342 1792; x_wconf 89' lang='lat' dir='ltr'><strong><em>post</em></strong></span> <span class='ocrx_word' id='word_1_215' title='bbox 3387 1708 3548 1780; x_wconf 67' lang='lat' dir='ltr'><strong><em>rinio-</em></strong></span> 
     </span>
    </p>
   </div>
   <div class='ocr_carea' id='block_1_32' title="bbox 1967 1812 3549 1890">
    <p class='ocr_par' dir='ltr' id='par_1_32' title="bbox 1967 1812 3549 1890">
     <span class='ocr_line' id='line_1_32' title="bbox 1967 1812 3549 1890; baseline 0.003 -24"><span class='ocrx_word' id='word_1_216' title='bbox 1967 1829 2112 1890; x_wconf 88' lang='lat' dir='ltr'><strong><em>nem,</em></strong></span> <span class='ocrx_word' id='word_1_217' title='bbox 2143 1812 2272 1868; x_wconf 88' lang='lat' dir='ltr'><strong><em>licet</em></strong></span> <span class='ocrx_word' id='word_1_218' title='bbox 2323 1820 2380 1866; x_wconf 92' lang='lat' dir='ltr'><strong><em>tu</em></strong></span> <span class='ocrx_word' id='word_1_219' title='bbox 2415 1812 2466 1868; x_wconf 89' lang='lat' dir='ltr'><strong><em>id</em></strong></span> <span class='ocrx_word' id='word_1_220' title='bbox 2501 1828 2643 1884; x_wconf 65' lang='lat' dir='ltr'><strong><em>a‘gre</em></strong></span> <span class='ocrx_word' id='word_1_221' title='bbox 2681 1813 2847 1881; x_wconf 78' lang='lat' dir='ltr'><strong><em>feras,</em></strong></span> <span class='ocrx_word' id='word_1_222' title='bbox 2884 1828 3058 1884; x_wconf 86' lang='lat' dir='ltr'><strong><em>neque</em></strong></span> <span class='ocrx_word' id='word_1_223' title='bbox 3085 1814 3356 1869; x_wconf 84' lang='lat' dir='ltr'><strong><em>concedas</em></strong></span> <span class='ocrx_word' id='word_1_224' title='bbox 3389 1825 3549 1870; x_wconf 59' lang='lat' dir='ltr'><strong><em>natus</em></strong></span> 
     </span>
    </p>
   </div>
   <div class='ocr_carea' id='block_1_33' title="bbox 1968 1903 3549 1962">
    <p class='ocr_par' dir='ltr' id='par_1_33' title="bbox 1968 1903 3549 1962">
     <span class='ocr_line' id='line_1_33' title="bbox 1968 1903 3549 1962; baseline 0.003 -4"><span class='ocrx_word' id='word_1_225' title='bbox 1968 1919 2082 1958; x_wconf 85' lang='lat' dir='ltr'><strong><em>ram</em></strong></span> <span class='ocrx_word' id='word_1_226' title='bbox 2113 1903 2354 1960; x_wconf 78' lang='lat' dir='ltr'><strong><em>divinam</em></strong></span> <span class='ocrx_word' id='word_1_227' title='bbox 2403 1914 2458 1960; x_wconf 90' lang='lat' dir='ltr'><strong><em>et</em></strong></span> <span class='ocrx_word' id='word_1_228' title='bbox 2481 1915 2731 1961; x_wconf 87' lang='lat' dir='ltr'><strong><em>naturam</em></strong></span> <span class='ocrx_word' id='word_1_229' title='bbox 2767 1915 3035 1961; x_wconf 86' lang='lat' dir='ltr'><strong><em>terrenam</em></strong></span> <span class='ocrx_word' id='word_1_230' title='bbox 3067 1904 3205 1960; x_wconf 86' lang='lat' dir='ltr'><strong><em>duas</em></strong></span> <span class='ocrx_word' id='word_1_231' title='bbox 3232 1922 3354 1962; x_wconf 85' lang='lat' dir='ltr'><strong><em>esse</em></strong></span> <span class='ocrx_word' id='word_1_232' title='bbox 3385 1921 3549 1962; x_wconf 82' lang='lat' dir='ltr'><strong><em>natu-</em></strong></span> 
     </span>
    </p>
   </div>
   <div class='ocr_carea' id='block_1_34' title="bbox 276 1978 1883 2084">
    <p class='ocr_par' dir='ltr' id='par_1_34' title="bbox 276 2004 1862 2084">
     <span class='ocr_line' id='line_1_34' title="bbox 276 2004 1862 2084; baseline -0.008 -12"><span class='ocrx_word' id='word_1_233' title='bbox 276 2019 548 2072; x_wconf 80' lang='grc' dir='ltr'><em>πέπονθε</em></span> <span class='ocrx_word' id='word_1_234' title='bbox 605 2014 784 2084; x_wconf 76' lang='grc' dir='ltr'>σάρξ.</span> <span class='ocrx_word' id='word_1_235' title='bbox 813 2014 1013 2068; x_wconf 85' lang='grc' dir='ltr'>Σκόπει</span> <span class='ocrx_word' id='word_1_236' title='bbox 1059 2013 1177 2077; x_wconf 85' lang='grc' dir='ltr'>πῶς</span> <span class='ocrx_word' id='word_1_237' title='bbox 1207 2009 1368 2080; x_wconf 79' lang='grc' dir='ltr'>φύσιν</span> <span class='ocrx_word' id='word_1_238' title='bbox 1402 2009 1550 2063; x_wconf 80' lang='grc' dir='ltr'>Θείαν</span> <span class='ocrx_word' id='word_1_239' title='bbox 1598 2004 1719 2062; x_wconf 74' lang='grc' dir='ltr'>εἶπε</span> <span class='ocrx_word' id='word_1_240' title='bbox 1769 2007 1862 2060; x_wconf 80' lang='grc' dir='ltr'><strong><em>καὶ</em></strong></span> 
     </span>
    </p>
   </div>
   <div class='ocr_carea' id='block_1_35' title="bbox 1970 1978 3549 2084">
    <p class='ocr_par' dir='ltr' id='par_1_35' title="bbox 1970 1995 3549 2070">
     <span class='ocr_line' id='line_1_35' title="bbox 1970 1995 3549 2070; baseline 0.003 -20"><span class='ocrx_word' id='word_1_241' title='bbox 1970 2009 2076 2051; x_wconf 85' lang='lat' dir='ltr'><strong><em>ras.</em></strong></span> <span class='ocrx_word' id='word_1_242' title='bbox 2114 1995 2175 2050; x_wconf 77' lang='lat' dir='ltr'><strong><em>Et</em></strong></span> <span class='ocrx_word' id='word_1_243' title='bbox 2206 2011 2425 2051; x_wconf 89' lang='lat' dir='ltr'><strong><em>rursum</em></strong></span> <span class='ocrx_word' id='word_1_244' title='bbox 2467 1997 2574 2052; x_wconf 88' lang='lat' dir='ltr'><strong><em>alio</em></strong></span> <span class='ocrx_word' id='word_1_245' title='bbox 2606 1997 2662 2052; x_wconf 92' lang='lat' dir='ltr'><strong><em>in</em></strong></span> <span class='ocrx_word' id='word_1_246' title='bbox 2697 1997 2837 2062; x_wconf 91' lang='lat' dir='ltr'><strong><em>loco,</em></strong></span> <span class='ocrx_word' id='word_1_247' title='bbox 2871 1996 2996 2052; x_wconf 90' lang='lat' dir='ltr'><strong><em>audi</em></strong></span> <span class='ocrx_word' id='word_1_248' title='bbox 3024 1996 3283 2070; x_wconf 85' lang='lat' dir='ltr'><strong><em>Cyrillum</em></strong></span> <span class='ocrx_word' id='word_1_249' title='bbox 3313 2013 3380 2054; x_wconf 82' lang='lat' dir='ltr'><strong><em>ex</em></strong></span> <span class='ocrx_word' id='word_1_250' title='bbox 3418 2013 3549 2054; x_wconf 59' lang='lat' dir='ltr'><strong><em>nrae</em></strong></span> 
     </span>
    </p>
   </div>
   <div class='ocr_carea' id='block_1_36' title="bbox 278 2096 1866 2181">
    <p class='ocr_par' dir='ltr' id='par_1_36' title="bbox 278 2096 1866 2181">
     <span class='ocr_line' id='line_1_36' title="bbox 278 2096 1866 2181; baseline -0.009 -16"><span class='ocrx_word' id='word_1_251' title='bbox 278 2100 440 2179; x_wconf 68' lang='grc' dir='ltr'>φύσιν</span> <span class='ocrx_word' id='word_1_252' title='bbox 473 2110 664 2181; x_wconf 79' lang='grc' dir='ltr'>χοῖκὴν</span> <span class='ocrx_word' id='word_1_253' title='bbox 703 2109 760 2161; x_wconf 84' lang='grc' dir='ltr'>ὲν</span> <span class='ocrx_word' id='word_1_254' title='bbox 808 2107 886 2178; x_wconf 85' lang='grc' dir='ltr'>τῷ</span> <span class='ocrx_word' id='word_1_255' title='bbox 923 2105 1006 2160; x_wconf 75' lang='grc' dir='ltr'>ἐνὶ</span> <span class='ocrx_word' id='word_1_256' title='bbox 1036 2102 1256 2178; x_wconf 80' lang='grc' dir='ltr'>Χριστῷ</span> <span class='ocrx_word' id='word_1_257' title='bbox 1298 2100 1571 2165; x_wconf 76' lang='grc' dir='ltr'>σώζεσθαι</span> <span class='ocrx_word' id='word_1_258' title='bbox 1599 2098 1694 2153; x_wconf 71' lang='grc' dir='ltr'><strong><em>καὶ</em></strong></span> <span class='ocrx_word' id='word_1_259' title='bbox 1726 2096 1866 2168; x_wconf 84' lang='grc' dir='ltr'>μετὰ</span> 
     </span>
    </p>
   </div>
   <div class='ocr_carea' id='block_1_37' title="bbox 276 2188 1867 2274">
    <p class='ocr_par' dir='ltr' id='par_1_37' title="bbox 276 2188 1867 2274">
     <span class='ocr_line' id='line_1_37' title="bbox 276 2188 1867 2274; baseline -0.009 -19"><span class='ocrx_word' id='word_1_260' title='bbox 276 2203 374 2274; x_wconf 71' lang='grc' dir='ltr'>τὴν</span> <span class='ocrx_word' id='word_1_261' title='bbox 396 2201 613 2265; x_wconf 74' lang='grc' dir='ltr'>ἕνωσιν,</span> <span class='ocrx_word' id='word_1_262' title='bbox 646 2199 750 2253; x_wconf 74' lang='grc' dir='ltr'><strong><em>κᾶν</em></strong></span> <span class='ocrx_word' id='word_1_263' title='bbox 780 2198 844 2252; x_wconf 74' lang='grc' dir='ltr'><strong><em>σὺ</em></strong></span> <span class='ocrx_word' id='word_1_264' title='bbox 875 2197 1212 2268; x_wconf 80' lang='grc' dir='ltr'>ἁγανακτῇς,</span> <span class='ocrx_word' id='word_1_265' title='bbox 1239 2194 1332 2249; x_wconf 61' lang='grc' dir='ltr'><strong><em>καὶ⁸</em></strong></span> <span class='ocrx_word' id='word_1_266' title='bbox 1357 2193 1416 2247; x_wconf 83' lang='grc' dir='ltr'>οὐ</span> <span class='ocrx_word' id='word_1_267' title='bbox 1451 2193 1742 2262; x_wconf 75' lang='grc' dir='ltr'><strong><em>συγχωρῇς</em></strong></span> <span class='ocrx_word' id='word_1_268' title='bbox 1769 2188 1867 2260; x_wconf 78' lang='grc' dir='ltr'><strong><em>φύ-</em></strong></span> 
     </span>
    </p>
   </div>
   <div class='ocr_carea' id='block_1_38' title="bbox 281 2275 1865 2362">
    <p class='ocr_par' dir='ltr' id='par_1_38' title="bbox 281 2275 1865 2362">
     <span class='ocr_line' id='line_1_38' title="bbox 281 2275 1865 2362; baseline -0.009 -13"><span class='ocrx_word' id='word_1_269' title='bbox 281 2313 369 2349; x_wconf 87' lang='grc' dir='ltr'><strong><em>σιν</em></strong></span> <span class='ocrx_word' id='word_1_270' title='bbox 434 2293 587 2348; x_wconf 78' lang='grc' dir='ltr'>θείαν</span> <span class='ocrx_word' id='word_1_271' title='bbox 639 2291 732 2346; x_wconf 72' lang='grc' dir='ltr'>καὶ</span> <span class='ocrx_word' id='word_1_272' title='bbox 807 2290 971 2360; x_wconf 81' lang='grc' dir='ltr'>φύσιν</span> <span class='ocrx_word' id='word_1_273' title='bbox 1030 2289 1220 2362; x_wconf 84' lang='grc' dir='ltr'>χοῖκὴν</span> <span class='ocrx_word' id='word_1_274' title='bbox 1291 2285 1384 2339; x_wconf 82' lang='grc' dir='ltr'>δύο</span> <span class='ocrx_word' id='word_1_275' title='bbox 1451 2283 1643 2354; x_wconf 80' lang='grc' dir='ltr'>φύσεις</span> <span class='ocrx_word' id='word_1_276' title='bbox 1707 2275 1865 2334; x_wconf 82' lang='grc' dir='ltr'>εῖναι.</span> 
     </span>
    </p>
   </div>
   <div class='ocr_carea' id='block_1_39' title="bbox 278 2372 1862 2456">
    <p class='ocr_par' dir='ltr' id='par_1_39' title="bbox 278 2372 1862 2456">
     <span class='ocr_line' id='line_1_39' title="bbox 278 2372 1862 2456; baseline -0.013 -10"><span class='ocrx_word' id='word_1_277' title='bbox 278 2391 391 2446; x_wconf 73' lang='grc' dir='ltr'>Καὶ</span> <span class='ocrx_word' id='word_1_278' title='bbox 429 2387 590 2444; x_wconf 88' lang='grc' dir='ltr'>πάλιν</span> <span class='ocrx_word' id='word_1_279' title='bbox 641 2384 874 2456; x_wconf 80' lang='grc' dir='ltr'>ἀλλαχοῦ</span> <span class='ocrx_word' id='word_1_280' title='bbox 927 2381 1159 2438; x_wconf 82' lang='grc' dir='ltr'>ἄκουσον</span> <span class='ocrx_word' id='word_1_281' title='bbox 1193 2376 1460 2450; x_wconf 82' lang='grc' dir='ltr'>Κυρίλλου</span> <span class='ocrx_word' id='word_1_282' title='bbox 1506 2376 1571 2428; x_wconf 84' lang='grc' dir='ltr'>ὲκ</span> <span class='ocrx_word' id='word_1_283' title='bbox 1600 2372 1694 2426; x_wconf 84' lang='grc' dir='ltr'><em>τοῦ</em></span> <span class='ocrx_word' id='word_1_284' title='bbox 1728 2372 1862 2441; x_wconf 71' lang='grc' dir='ltr'>περὶ</span> 
     </span>
    </p>
   </div>
   <div class='ocr_carea' id='block_1_40' title="bbox 279 2466 1869 2554">
    <p class='ocr_par' dir='ltr' id='par_1_40' title="bbox 279 2466 1869 2554">
     <span class='ocr_line' id='line_1_40' title="bbox 279 2466 1869 2554; baseline -0.013 -18"><span class='ocrx_word' id='word_1_285' title='bbox 279 2482 511 2554; x_wconf 86' lang='grc' dir='ltr'>Τριάδος</span> <span class='ocrx_word' id='word_1_286' title='bbox 535 2480 696 2549; x_wconf 85' lang='grc' dir='ltr'>λόγου</span> <span class='ocrx_word' id='word_1_287' title='bbox 723 2494 735 2508; x_wconf 86' lang='grc'><em>’</em></span> <span class='ocrx_word' id='word_1_288' title='bbox 780 2475 988 2532; x_wconf 84' lang='grc' dir='ltr'>Διττόν</span> <span class='ocrx_word' id='word_1_289' title='bbox 1039 2474 1148 2528; x_wconf 72' lang='grc' dir='ltr'><strong><em>τόν</em></strong></span> <span class='ocrx_word' id='word_1_290' title='bbox 1200 2471 1292 2542; x_wconf 72' lang='grc' dir='ltr'><strong><em>ἐφ’</em></strong></span> <span class='ocrx_word' id='word_1_291' title='bbox 1333 2466 1444 2535; x_wconf 84' lang='grc' dir='ltr'><strong><em>Υίῷ</em></strong></span> <span class='ocrx_word' id='word_1_292' title='bbox 1466 2467 1656 2535; x_wconf 73' lang='grc' dir='ltr'>λόγον</span> <span class='ocrx_word' id='word_1_293' title='bbox 1693 2467 1725 2519; x_wconf 83' lang='grc' dir='ltr'><strong><em>ό</em></strong></span> <span class='ocrx_word' id='word_1_294' title='bbox 1763 2478 1869 2517; x_wconf 87' lang='grc' dir='ltr'><strong><em>σο-</em></strong></span> 
     </span>
    </p>
   </div>
   <div class='ocr_carea' id='block_1_41' title="bbox 259 2557 1871 2646">
    <p class='ocr_par' dir='ltr' id='par_1_41' title="bbox 259 2557 1871 2646">
     <span class='ocr_line' id='line_1_41' title="bbox 259 2557 1871 2646; baseline -0.011 -16"><span class='ocrx_word' id='word_1_295' title='bbox 259 2560 548 2646; x_wconf 58' lang='grc' dir='ltr'>φώτατος</span> <span class='ocrx_word' id='word_1_296' title='bbox 582 2571 839 2639; x_wconf 76' lang='grc' dir='ltr'><em>Παῦλος,</em></span> <span class='ocrx_word' id='word_1_297' title='bbox 869 2568 1109 2639; x_wconf 74' lang='grc' dir='ltr'><em>μᾶλλον</em></span> <span class='ocrx_word' id='word_1_298' title='bbox 1133 2566 1202 2620; x_wconf 81' lang='grc' dir='ltr'>δὲ</span> <span class='ocrx_word' id='word_1_299' title='bbox 1221 2565 1466 2636; x_wconf 79' lang='grc' dir='ltr'><strong><em>σύμπας</em></strong></span> <span class='ocrx_word' id='word_1_300' title='bbox 1495 2563 1526 2615; x_wconf 86' lang='grc' dir='ltr'><em>ὁ</em></span> <span class='ocrx_word' id='word_1_301' title='bbox 1543 2557 1662 2614; x_wconf 83' lang='grc' dir='ltr'>τῶν</span> <span class='ocrx_word' id='word_1_302' title='bbox 1687 2558 1871 2628; x_wconf 79' lang='grc' dir='ltr'>ἁγίων</span> 
     </span>
    </p>
   </div>
   <div class='ocr_carea' id='block_1_42' title="bbox 273 2649 1869 2738">
    <p class='ocr_par' dir='ltr' id='par_1_42' title="bbox 273 2649 1869 2738">
     <span class='ocr_line' id='line_1_42' title="bbox 273 2649 1869 2738; baseline -0.012 -16"><span class='ocrx_word' id='word_1_303' title='bbox 273 2661 463 2736; x_wconf 73' lang='grc' dir='ltr'><strong><em>’χορὸς</em></strong></span> <span class='ocrx_word' id='word_1_304' title='bbox 522 2663 824 2738; x_wconf 71' lang='grc' dir='ltr'>ἐγνώκασι</span> <span class='ocrx_word' id='word_1_305' title='bbox 883 2680 948 2717; x_wconf 86' lang='grc' dir='ltr'>τε</span> <span class='ocrx_word' id='word_1_306' title='bbox 1025 2659 1123 2715; x_wconf 78' lang='grc' dir='ltr'>καὶ</span> <span class='ocrx_word' id='word_1_307' title='bbox 1163 2652 1590 2727; x_wconf 53' lang='grc' dir='ltr'>εἷσκομίζουσι,</span> <span class='ocrx_word' id='word_1_308' title='bbox 1619 2650 1772 2723; x_wconf 84' lang='grc' dir='ltr'>μετὰ</span> <span class='ocrx_word' id='word_1_309' title='bbox 1803 2649 1869 2704; x_wconf 88' lang='grc' dir='ltr'>τὸ</span> 
     </span>
    </p>
   </div>
   <div class='ocr_carea' id='block_1_43' title="bbox 281 2745 1875 2829">
    <p class='ocr_par' dir='ltr' id='par_1_43' title="bbox 281 2745 1875 2829">
     <span class='ocr_line' id='line_1_43' title="bbox 281 2745 1875 2829; baseline -0.011 -14"><span class='ocrx_word' id='word_1_310' title='bbox 281 2747 578 2829; x_wconf 55' lang='lat' dir='ltr'><strong><em>emam-iu</em></strong></span> <span class='ocrx_word' id='word_1_311' title='bbox 617 2759 820 2829; x_wconf 80' lang='grc' dir='ltr'>σαρκί.</span> <span class='ocrx_word' id='word_1_312' title='bbox 839 2751 989 2827; x_wconf 75' lang='grc' dir='ltr'>Ἀρά</span> <span class='ocrx_word' id='word_1_313' title='bbox 1025 2770 1090 2824; x_wconf 87' lang='grc' dir='ltr'><strong><em>γε</em></strong></span> <span class='ocrx_word' id='word_1_314' title='bbox 1121 2753 1214 2806; x_wconf 81' lang='grc' dir='ltr'><strong><em>τὸν</em></strong></span> <span class='ocrx_word' id='word_1_315' title='bbox 1241 2749 1417 2804; x_wconf 78' lang='grc' dir='ltr'>διττὸν</span> <span class='ocrx_word' id='word_1_316' title='bbox 1448 2748 1536 2818; x_wconf 75' lang='grc' dir='ltr'><strong><em>ἐφ’</em></strong></span> <span class='ocrx_word' id='word_1_317' title='bbox 1562 2745 1678 2818; x_wconf 84' lang='grc' dir='ltr'><strong><em>Υίῷ</em></strong></span> <span class='ocrx_word' id='word_1_318' title='bbox 1713 2745 1875 2814; x_wconf 89' lang='grc' dir='ltr'>λόγον</span> 
     </span>
    </p>
   </div>
   <div class='ocr_carea' id='block_1_44' title="bbox 283 2837 1872 2923">
    <p class='ocr_par' dir='ltr' id='par_1_44' title="bbox 283 2837 1872 2923">
     <span class='ocr_line' id='line_1_44' title="bbox 283 2837 1872 2923; baseline -0.01 -15"><span class='ocrx_word' id='word_1_319' title='bbox 283 2854 426 2910; x_wconf 79' lang='grc' dir='ltr'>κατὰ</span> <span class='ocrx_word' id='word_1_320' title='bbox 455 2854 554 2923; x_wconf 78' lang='grc' dir='ltr'>τὴν</span> <span class='ocrx_word' id='word_1_321' title='bbox 587 2852 887 2905; x_wconf 78' lang='grc' dir='ltr'><strong><em>ὑπόστασιν</em></strong></span> <span class='ocrx_word' id='word_1_322' title='bbox 931 2847 1038 2920; x_wconf 76' lang='grc' dir='ltr'>φὴς</span> <span class='ocrx_word' id='word_1_323' title='bbox 1076 2844 1380 2916; x_wconf 79' lang='grc' dir='ltr'><strong><em>εἰρηκέναι,</em></strong></span> <span class='ocrx_word' id='word_1_324' title='bbox 1405 2841 1440 2914; x_wconf 83' lang='grc' dir='ltr'><strong>ἦ</strong></span> <span class='ocrx_word' id='word_1_325' title='bbox 1470 2840 1616 2896; x_wconf 80' lang='grc' dir='ltr'>κατὰ</span> <span class='ocrx_word' id='word_1_326' title='bbox 1643 2837 1742 2912; x_wconf 76' lang='grc' dir='ltr'>τὴν</span> <span class='ocrx_word' id='word_1_327' title='bbox 1770 2837 1872 2908; x_wconf 83' lang='grc' dir='ltr'><strong><em>φύ-</em></strong></span> 
     </span>
    </p>
   </div>
   <div class='ocr_carea' id='block_1_45' title="bbox 284 2931 1874 3015">
    <p class='ocr_par' dir='ltr' id='par_1_45' title="bbox 284 2931 1874 3015">
     <span class='ocr_line' id='line_1_45' title="bbox 284 2931 1874 3015; baseline -0.011 -15"><span class='ocrx_word' id='word_1_328' title='bbox 284 2963 405 3014; x_wconf 85' lang='grc' dir='ltr'>σιν;</span> <span class='ocrx_word' id='word_1_329' title='bbox 442 2946 507 3000; x_wconf 79' lang='lat' dir='ltr'><strong><em>Ei</em></strong></span> <span class='ocrx_word' id='word_1_330' title='bbox 543 2945 641 3015; x_wconf 79' lang='grc' dir='ltr'>μὲν</span> <span class='ocrx_word' id='word_1_331' title='bbox 670 2943 812 2998; x_wconf 76' lang='grc' dir='ltr'>κατὰ</span> <span class='ocrx_word' id='word_1_332' title='bbox 843 2939 940 3013; x_wconf 77' lang='grc' dir='ltr'>τὴν</span> <span class='ocrx_word' id='word_1_333' title='bbox 974 2940 1297 3002; x_wconf 79' lang='grc' dir='ltr'><strong><em>ὑπόστασιν,</em></strong></span> <span class='ocrx_word' id='word_1_334' title='bbox 1325 2934 1436 2989; x_wconf 74' lang='grc' dir='ltr'>ἰδοὺ</span> <span class='ocrx_word' id='word_1_335' title='bbox 1474 2932 1537 2987; x_wconf 87' lang='grc' dir='ltr'>τό</span> <span class='ocrx_word' id='word_1_336' title='bbox 1554 2931 1648 2986; x_wconf 79' lang='grc' dir='ltr'><em>τοῦ</em></span> <span class='ocrx_word' id='word_1_337' title='bbox 1672 2931 1874 2984; x_wconf 69' lang='lat' dir='ltr'><strong><em>Necno-</em></strong></span> 
     </span>
    </p>
   </div>
   <div class='ocr_carea' id='block_1_46' title="bbox 288 3021 1872 3111">
    <p class='ocr_par' dir='ltr' id='par_1_46' title="bbox 288 3021 1872 3111">
     <span class='ocr_line' id='line_1_46' title="bbox 288 3021 1872 3111; baseline -0.013 -18"><span class='ocrx_word' id='word_1_338' title='bbox 288 3040 406 3111; x_wconf 82' lang='grc' dir='ltr'><em>ρίου</em></span> <span class='ocrx_word' id='word_1_339' title='bbox 441 3039 719 3111; x_wconf 80' lang='grc' dir='ltr'>φρόνημα,</span> <span class='ocrx_word' id='word_1_340' title='bbox 765 3038 904 3106; x_wconf 80' lang='grc' dir='ltr'>ὅπερ</span> <span class='ocrx_word' id='word_1_341' title='bbox 957 3032 1105 3086; x_wconf 71' lang='grc' dir='ltr'>ἐστὶν</span> <span class='ocrx_word' id='word_1_342' title='bbox 1162 3027 1382 3093; x_wconf 77' lang='grc' dir='ltr'><strong><em>ἀσεὸἐς.</em></strong></span> <span class='ocrx_word' id='word_1_343' title='bbox 1407 3025 1469 3081; x_wconf 81' lang='lat' dir='ltr'><strong><em>Ei</em></strong></span> <span class='ocrx_word' id='word_1_344' title='bbox 1509 3024 1567 3080; x_wconf 78' lang='grc' dir='ltr'>δὲ</span> <span class='ocrx_word' id='word_1_345' title='bbox 1605 3022 1748 3078; x_wconf 81' lang='grc' dir='ltr'>κατὰ</span> <span class='ocrx_word' id='word_1_346' title='bbox 1773 3021 1872 3093; x_wconf 86' lang='grc' dir='ltr'><strong><em>τὴν</em></strong></span> 
     </span>
    </p>
   </div>
   <div class='ocr_carea' id='block_1_47' title="bbox 289 3111 1870 3200">
    <p class='ocr_par' dir='ltr' id='par_1_47' title="bbox 289 3111 1870 3200">
     <span class='ocr_line' id='line_1_47' title="bbox 289 3111 1870 3200; baseline -0.011 -15"><span class='ocrx_word' id='word_1_347' title='bbox 289 3131 478 3200; x_wconf 74' lang='grc' dir='ltr'>φύσιν,</span> <span class='ocrx_word' id='word_1_348' title='bbox 519 3131 799 3200; x_wconf 76' lang='grc' dir='ltr'><strong><em>σύμφημι,</em></strong></span> <span class='ocrx_word' id='word_1_349' title='bbox 835 3129 916 3182; x_wconf 83' lang='grc' dir='ltr'>ὅτι</span> <span class='ocrx_word' id='word_1_350' title='bbox 943 3126 1038 3180; x_wconf 76' lang='grc' dir='ltr'><strong><em>καὶ</em></strong></span> <span class='ocrx_word' id='word_1_351' title='bbox 1067 3121 1334 3195; x_wconf 80' lang='grc' dir='ltr'>Κύριλλος</span> <span class='ocrx_word' id='word_1_352' title='bbox 1360 3111 1465 3175; x_wconf 78' lang='grc' dir='ltr'>ὦδε</span> <span class='ocrx_word' id='word_1_353' title='bbox 1501 3115 1787 3188; x_wconf 64' lang='grc' dir='ltr'>συμφωνεῖ</span> <span class='ocrx_word' id='word_1_354' title='bbox 1804 3115 1870 3185; x_wconf 81' lang='grc' dir='ltr'>τῇ</span> 
     </span>
    </p>
   </div>
   <div class='ocr_carea' id='block_1_48' title="bbox 289 3203 1877 3292">
    <p class='ocr_par' dir='ltr' id='par_1_48' title="bbox 289 3203 1877 3292">
     <span class='ocr_line' id='line_1_48' title="bbox 289 3203 1877 3292; baseline -0.013 -16"><span class='ocrx_word' id='word_1_355' title='bbox 289 3222 422 3292; x_wconf 61' lang='grc' dir='ltr'>ἁγία</span> <span class='ocrx_word' id='word_1_356' title='bbox 466 3220 705 3291; x_wconf 76' lang='grc' dir='ltr'><strong><em>τετάρτῃ</em></strong></span> <span class='ocrx_word' id='word_1_357' title='bbox 764 3216 991 3287; x_wconf 84' lang='grc' dir='ltr'>συνόδῳ,</span> <span class='ocrx_word' id='word_1_358' title='bbox 1039 3214 1132 3268; x_wconf 84' lang='grc' dir='ltr'><strong><em>δύο</em></strong></span> <span class='ocrx_word' id='word_1_359' title='bbox 1167 3212 1359 3282; x_wconf 84' lang='grc' dir='ltr'>φύσεις</span> <span class='ocrx_word' id='word_1_360' title='bbox 1392 3209 1485 3263; x_wconf 72' lang='grc' dir='ltr'><strong><em>ἐπὶ</em></strong></span> <span class='ocrx_word' id='word_1_361' title='bbox 1535 3203 1773 3278; x_wconf 82' lang='grc' dir='ltr'><strong><em>Χριστοῦ</em></strong></span> <span class='ocrx_word' id='word_1_362' title='bbox 1799 3206 1877 3257; x_wconf 76' lang='grc' dir='ltr'>εί-</span> 
     </span>
    </p>
   </div>
   <div class='ocr_carea' id='block_1_49' title="bbox 290 3296 1874 3384">
    <p class='ocr_par' dir='ltr' id='par_1_49' title="bbox 290 3296 1874 3384">
     <span class='ocr_line' id='line_1_49' title="bbox 290 3296 1874 3384; baseline -0.011 -17"><span class='ocrx_word' id='word_1_363' title='bbox 290 3314 490 3384; x_wconf 83' lang='grc' dir='ltr'><strong><em>πούσῃ.</em></strong></span> <span class='ocrx_word' id='word_1_364' title='bbox 523 3312 633 3376; x_wconf 81' lang='grc' dir='ltr'><strong><em>Καὶ</em></strong></span> <span class='ocrx_word' id='word_1_365' title='bbox 671 3309 860 3382; x_wconf 87' lang='grc' dir='ltr'>σχεδὸν</span> <span class='ocrx_word' id='word_1_366' title='bbox 889 3311 947 3363; x_wconf 81' lang='grc' dir='ltr'>ὲν</span> <span class='ocrx_word' id='word_1_367' title='bbox 977 3307 1112 3361; x_wconf 84' lang='grc' dir='ltr'>πᾶσι</span> <span class='ocrx_word' id='word_1_368' title='bbox 1136 3306 1250 3369; x_wconf 84' lang='grc' dir='ltr'>τοῖς</span> <span class='ocrx_word' id='word_1_369' title='bbox 1279 3302 1374 3356; x_wconf 80' lang='grc' dir='ltr'>τοῦ</span> <span class='ocrx_word' id='word_1_370' title='bbox 1397 3299 1554 3370; x_wconf 80' lang='grc' dir='ltr'>ἁγίου</span> <span class='ocrx_word' id='word_1_371' title='bbox 1588 3296 1874 3367; x_wconf 87' lang='grc' dir='ltr'>συγγράμ-</span> 
     </span>
    </p>
   </div>
   <div class='ocr_carea' id='block_1_50' title="bbox 289 3391 1870 3481">
    <p class='ocr_par' dir='ltr' id='par_1_50' title="bbox 289 3391 1870 3481">
     <span class='ocr_line' id='line_1_50' title="bbox 289 3391 1870 3481; baseline -0.013 -20"><span class='ocrx_word' id='word_1_372' title='bbox 289 3408 453 3481; x_wconf 77' lang='grc' dir='ltr'>μασιν</span> <span class='ocrx_word' id='word_1_373' title='bbox 505 3401 657 3474; x_wconf 75' lang='grc' dir='ltr'>εὖροι</span> <span class='ocrx_word' id='word_1_374' title='bbox 710 3403 776 3458; x_wconf 75' lang='grc' dir='ltr'>ἂν</span> <span class='ocrx_word' id='word_1_375' title='bbox 833 3419 917 3465; x_wconf 86' lang='grc' dir='ltr'><strong><em>τις</em></strong></span> <span class='ocrx_word' id='word_1_376' title='bbox 968 3401 1152 3469; x_wconf 77' lang='grc' dir='ltr'>αὑτὸν,</span> <span class='ocrx_word' id='word_1_377' title='bbox 1216 3394 1438 3450; x_wconf 79' lang='grc' dir='ltr'><strong><em>διπλοῦν</em></strong></span> <span class='ocrx_word' id='word_1_378' title='bbox 1485 3392 1716 3461; x_wconf 84' lang='grc' dir='ltr'>λέγοντα</span> <span class='ocrx_word' id='word_1_379' title='bbox 1778 3391 1870 3442; x_wconf 79' lang='grc' dir='ltr'><strong><em>τὸν</em></strong></span> 
     </span>
    </p>
   </div>
   <div class='ocr_carea' id='block_1_51' title="bbox 289 3484 1872 3569">
    <p class='ocr_par' dir='ltr' id='par_1_51' title="bbox 289 3484 1872 3569">
     <span class='ocr_line' id='line_1_51' title="bbox 289 3484 1872 3569; baseline -0.009 -19"><span class='ocrx_word' id='word_1_380' title='bbox 289 3497 524 3568; x_wconf 76' lang='grc' dir='ltr'>Χριστὸν</span> <span class='ocrx_word' id='word_1_381' title='bbox 582 3496 723 3569; x_wconf 74' lang='grc' dir='ltr'>μετὰ</span> <span class='ocrx_word' id='word_1_382' title='bbox 769 3494 868 3566; x_wconf 81' lang='grc' dir='ltr'>τὴν</span> <span class='ocrx_word' id='word_1_383' title='bbox 915 3493 1110 3547; x_wconf 75' lang='grc' dir='ltr'>ἕνωσιν</span> <span class='ocrx_word' id='word_1_384' title='bbox 1160 3489 1303 3546; x_wconf 80' lang='grc' dir='ltr'>κατὰ</span> <span class='ocrx_word' id='word_1_385' title='bbox 1357 3487 1542 3559; x_wconf 77' lang='grc' dir='ltr'>φύσιν.</span> <span class='ocrx_word' id='word_1_386' title='bbox 1591 3485 1736 3556; x_wconf 82' lang='grc' dir='ltr'>Πλὴν</span> <span class='ocrx_word' id='word_1_387' title='bbox 1759 3484 1872 3536; x_wconf 83' lang='grc' dir='ltr'>εἱσ-</span> 
     </span>
    </p>
   </div>
   <div class='ocr_carea' id='block_1_52' title="bbox 288 3573 1874 3658">
    <p class='ocr_par' dir='ltr' id='par_1_52' title="bbox 288 3573 1874 3658">
     <span class='ocr_line' id='line_1_52' title="bbox 288 3573 1874 3658; baseline -0.008 -18"><span class='ocrx_word' id='word_1_388' title='bbox 288 3586 509 3658; x_wconf 75' lang='grc' dir='ltr'>αχῦήτω</span> <span class='ocrx_word' id='word_1_389' title='bbox 538 3585 692 3652; x_wconf 75' lang='grc' dir='ltr'>αὖθις</span> <span class='ocrx_word' id='word_1_390' title='bbox 712 3584 1013 3656; x_wconf 85' lang='grc' dir='ltr'>Γρηγόριος</span> <span class='ocrx_word' id='word_1_391' title='bbox 1034 3585 1062 3636; x_wconf 86' lang='grc' dir='ltr'>ὁ</span> <span class='ocrx_word' id='word_1_392' title='bbox 1092 3581 1184 3637; x_wconf 72' lang='grc' dir='ltr'><strong><em>ἐπὶ</em></strong></span> <span class='ocrx_word' id='word_1_393' title='bbox 1194 3582 1262 3654; x_wconf 78' lang='grc' dir='ltr'>τῇ</span> <span class='ocrx_word' id='word_1_394' title='bbox 1286 3577 1534 3650; x_wconf 77' lang='grc' dir='ltr'>θεολογίᾳ</span> <span class='ocrx_word' id='word_1_395' title='bbox 1547 3592 1614 3629; x_wconf 86' lang='grc' dir='ltr'><strong><em>πε</em></strong></span> <span class='ocrx_word' id='word_1_396' title='bbox 1623 3573 1874 3646; x_wconf 72' lang='grc' dir='ltr'>ριϐόητος</span> 
     </span>
    </p>
   </div>
   <div class='ocr_carea' id='block_1_53' title="bbox 289 3668 1874 3750">
    <p class='ocr_par' dir='ltr' id='par_1_53' title="bbox 289 3668 1874 3750">
     <span class='ocr_line' id='line_1_53' title="bbox 289 3668 1874 3750; baseline -0.006 -20"><span class='ocrx_word' id='word_1_397' title='bbox 289 3680 346 3730; x_wconf 77' lang='grc' dir='ltr'>ἐν</span> <span class='ocrx_word' id='word_1_398' title='bbox 375 3677 456 3750; x_wconf 82' lang='grc' dir='ltr'>τῷ</span> <span class='ocrx_word' id='word_1_399' title='bbox 478 3679 607 3747; x_wconf 73' lang='grc' dir='ltr'>περὶ</span> <span class='ocrx_word' id='word_1_400' title='bbox 630 3677 761 3730; x_wconf 85' lang='grc' dir='ltr'><strong><em>Υἱοῦ</em></strong></span> <span class='ocrx_word' id='word_1_401' title='bbox 788 3676 931 3746; x_wconf 87' lang='grc' dir='ltr'>λόγῳ</span> <span class='ocrx_word' id='word_1_402' title='bbox 966 3674 1176 3746; x_wconf 75' lang='grc' dir='ltr'>συνῳδὰ</span> <span class='ocrx_word' id='word_1_403' title='bbox 1216 3675 1282 3744; x_wconf 82' lang='grc' dir='ltr'>τῇ</span> <span class='ocrx_word' id='word_1_404' title='bbox 1323 3670 1456 3741; x_wconf 74' lang='grc' dir='ltr'>ἁγίᾳ</span> <span class='ocrx_word' id='word_1_405' title='bbox 1482 3668 1718 3740; x_wconf 79' lang='grc' dir='ltr'>τετάρτῃ</span> <span class='ocrx_word' id='word_1_406' title='bbox 1751 3683 1874 3720; x_wconf 83' lang='grc' dir='ltr'>συν-</span> 
     </span>
    </p>
   </div>
   <div class='ocr_carea' id='block_1_54' title="bbox 289 3759 1870 3842">
    <p class='ocr_par' dir='ltr' id='par_1_54' title="bbox 289 3759 1870 3842">
     <span class='ocr_line' id='line_1_54' title="bbox 289 3759 1870 3842; baseline -0.009 -17"><span class='ocrx_word' id='word_1_407' title='bbox 289 3770 392 3842; x_wconf 83' lang='grc' dir='ltr'>όδῳ</span> <span class='ocrx_word' id='word_1_408' title='bbox 420 3769 654 3840; x_wconf 77' lang='grc' dir='ltr'>φάσκων</span> <span class='ocrx_word' id='word_1_409' title='bbox 687 3783 702 3797; x_wconf 76' lang='grc'><strong><em>⁸</em></strong></span> <span class='ocrx_word' id='word_1_410' title='bbox 739 3769 880 3836; x_wconf 86' lang='grc' dir='ltr'><strong><em>Θεὸς</em></strong></span> <span class='ocrx_word' id='word_1_411' title='bbox 902 3766 954 3820; x_wconf 83' lang='grc' dir='ltr'>δ’</span> <span class='ocrx_word' id='word_1_412' title='bbox 985 3766 1062 3821; x_wconf 84' lang='grc' dir='ltr'><strong><em>ἂν</em></strong></span> <span class='ocrx_word' id='word_1_413' title='bbox 1083 3764 1339 3834; x_wconf 74' lang='grc' dir='ltr'>λέγοιτο,</span> <span class='ocrx_word' id='word_1_414' title='bbox 1383 3764 1454 3816; x_wconf 82' lang='grc' dir='ltr'><strong><em>οὐ</em></strong></span> <span class='ocrx_word' id='word_1_415' title='bbox 1505 3759 1610 3815; x_wconf 80' lang='grc' dir='ltr'>τοῦ</span> <span class='ocrx_word' id='word_1_416' title='bbox 1651 3760 1870 3828; x_wconf 77' lang='grc' dir='ltr'>Λόγου,</span> 
     </span>
    </p>
   </div>
   <div class='ocr_carea' id='block_1_55' title="bbox 290 3850 1872 3931">
    <p class='ocr_par' dir='ltr' id='par_1_55' title="bbox 290 3850 1872 3931">
     <span class='ocr_line' id='line_1_55' title="bbox 290 3850 1872 3931; baseline -0.008 -15"><span class='ocrx_word' id='word_1_417' title='bbox 290 3862 394 3918; x_wconf 79' lang='grc' dir='ltr'><em>τοῦ</em></span> <span class='ocrx_word' id='word_1_418' title='bbox 425 3860 727 3931; x_wconf 72' lang='grc' dir='ltr'>ὁρωμένου</span> <span class='ocrx_word' id='word_1_419' title='bbox 749 3859 836 3914; x_wconf 79' lang='grc' dir='ltr'><strong><em>δέ.</em></strong></span> <span class='ocrx_word' id='word_1_420' title='bbox 865 3859 994 3926; x_wconf 85' lang='grc' dir='ltr'><strong><em>Πῶς</em></strong></span> <span class='ocrx_word' id='word_1_421' title='bbox 1016 3857 1124 3928; x_wconf 79' lang='grc' dir='ltr'>γὰρ</span> <span class='ocrx_word' id='word_1_422' title='bbox 1137 3855 1212 3911; x_wconf 87' lang='grc' dir='ltr'><strong><em>ἂν</em></strong></span> <span class='ocrx_word' id='word_1_423' title='bbox 1234 3856 1327 3923; x_wconf 81' lang='grc' dir='ltr'><strong><em>εἴη</em></strong></span> <span class='ocrx_word' id='word_1_424' title='bbox 1351 3855 1460 3909; x_wconf 78' lang='grc' dir='ltr'>τοῦ</span> <span class='ocrx_word' id='word_1_425' title='bbox 1488 3853 1700 3926; x_wconf 77' lang='grc' dir='ltr'><em>κυρίως</em></span> <span class='ocrx_word' id='word_1_426' title='bbox 1723 3850 1872 3904; x_wconf 84' lang='grc' dir='ltr'><em>Θεοῦ</em></span> 
     </span>
    </p>
   </div>
   <div class='ocr_carea' id='block_1_56' title="bbox 293 3948 1872 4024">
    <p class='ocr_par' dir='ltr' id='par_1_56' title="bbox 293 3948 1872 4024">
     <span class='ocr_line' id='line_1_56' title="bbox 293 3948 1872 4024; baseline -0.005 -14"><span class='ocrx_word' id='word_1_427' title='bbox 293 3956 458 4021; x_wconf 82' lang='grc' dir='ltr'><em>Θεὸς,</em></span> <span class='ocrx_word' id='word_1_428' title='bbox 512 3953 717 4022; x_wconf 84' lang='grc' dir='ltr'><em>ὥσπερ</em></span> <span class='ocrx_word' id='word_1_429' title='bbox 754 3953 849 4008; x_wconf 78' lang='grc' dir='ltr'><strong><em>καί</em></strong></span> <span class='ocrx_word' id='word_1_430' title='bbox 893 3952 1118 4024; x_wconf 74' lang='grc' dir='ltr'>Πατὴρ,</span> <span class='ocrx_word' id='word_1_431' title='bbox 1160 3952 1232 4005; x_wconf 84' lang='grc' dir='ltr'><strong><em>οὐ</em></strong></span> <span class='ocrx_word' id='word_1_432' title='bbox 1283 3949 1388 4005; x_wconf 85' lang='grc' dir='ltr'>τοῦ</span> <span class='ocrx_word' id='word_1_433' title='bbox 1418 3948 1737 4018; x_wconf 79' lang='grc' dir='ltr'>ὁρωμένου,</span> <span class='ocrx_word' id='word_1_434' title='bbox 1764 3948 1872 4003; x_wconf 86' lang='grc' dir='ltr'><em>τοῦ</em></span> 
     </span>
    </p>
   </div>
   <div class='ocr_carea' id='block_1_57' title="bbox 289 4037 1866 4117">
    <p class='ocr_par' dir='ltr' id='par_1_57' title="bbox 289 4037 1866 4117">
     <span class='ocr_line' id='line_1_57' title="bbox 289 4037 1866 4117; baseline -0.006 -16"><span class='ocrx_word' id='word_1_435' title='bbox 289 4049 487 4117; x_wconf 75' lang='grc' dir='ltr'>Λόγου</span> <span class='ocrx_word' id='word_1_436' title='bbox 518 4045 589 4098; x_wconf 84' lang='grc' dir='ltr'>δέ</span> <span class='ocrx_word' id='word_1_437' title='bbox 605 4061 623 4109; x_wconf 88' lang='grc'><strong><em>;</em></strong></span> <span class='ocrx_word' id='word_1_438' title='bbox 655 4043 888 4113; x_wconf 82' lang='grc' dir='ltr'>Καὶγὰρ</span> <span class='ocrx_word' id='word_1_439' title='bbox 919 4037 998 4114; x_wconf 83' lang='grc' dir='ltr'><strong><em>ἦν</em></strong></span> <span class='ocrx_word' id='word_1_440' title='bbox 1026 4040 1306 4108; x_wconf 76' lang='grc' dir='ltr'><strong><em>διπλοῦς,</em></strong></span> <span class='ocrx_word' id='word_1_441' title='bbox 1340 4039 1496 4094; x_wconf 84' lang='grc' dir='ltr'>ὥστε</span> <span class='ocrx_word' id='word_1_442' title='bbox 1514 4038 1582 4093; x_wconf 77' lang='grc' dir='ltr'>τὸ</span> <span class='ocrx_word' id='word_1_443' title='bbox 1602 4037 1720 4108; x_wconf 80' lang='grc' dir='ltr'><strong><em>μὲν</em></strong></span> <span class='ocrx_word' id='word_1_444' title='bbox 1757 4055 1866 4093; x_wconf 73' lang='lat' dir='ltr'><strong><em>xv-</em></strong></span> 
     </span>
    </p>
   </div>
   <div class='ocr_carea' id='block_1_58' title="bbox 283 4129 1873 4206">
    <p class='ocr_par' dir='ltr' id='par_1_58' title="bbox 283 4129 1873 4206">
     <span class='ocr_line' id='line_1_58' title="bbox 283 4129 1873 4206; baseline -0.006 -15"><span class='ocrx_word' id='word_1_445' title='bbox 283 4140 427 4205; x_wconf 87' lang='grc' dir='ltr'>ρι’ως</span> <span class='ocrx_word' id='word_1_446' title='bbox 447 4136 542 4194; x_wconf 86' lang='grc' dir='ltr'><strong><em>ἐπ’</em></strong></span> <span class='ocrx_word' id='word_1_447' title='bbox 564 4135 807 4206; x_wconf 74' lang='grc' dir='ltr'>ἀμφοῖν,</span> <span class='ocrx_word' id='word_1_448' title='bbox 833 4133 897 4192; x_wconf 88' lang='grc' dir='ltr'>τὸ</span> <span class='ocrx_word' id='word_1_449' title='bbox 933 4133 1001 4187; x_wconf 78' lang='grc' dir='ltr'>δὲ</span> <span class='ocrx_word' id='word_1_450' title='bbox 1029 4135 1100 4188; x_wconf 87' lang='grc' dir='ltr'><strong><em>οὐ</em></strong></span> <span class='ocrx_word' id='word_1_451' title='bbox 1151 4133 1389 4202; x_wconf 66' lang='grc' dir='ltr'>κυρίως.</span> <span class='ocrx_word' id='word_1_452' title='bbox 1425 4130 1532 4185; x_wconf 75' lang='grc' dir='ltr'><em>Τοῦ</em></span> <span class='ocrx_word' id='word_1_453' title='bbox 1589 4129 1757 4183; x_wconf 85' lang='grc' dir='ltr'>αὑτοῦ</span> <span class='ocrx_word' id='word_1_454' title='bbox 1808 4131 1873 4183; x_wconf 73' lang='grc' dir='ltr'>ἐκ</span> 
     </span>
    </p>
   </div>
   <div class='ocr_carea' id='block_1_59' title="bbox 290 4223 1873 4294">
    <p class='ocr_par' dir='ltr' id='par_1_59' title="bbox 290 4223 1873 4294">
     <span class='ocr_line' id='line_1_59' title="bbox 290 4223 1873 4294; baseline -0.004 -11"><span class='ocrx_word' id='word_1_455' title='bbox 290 4232 385 4284; x_wconf 79' lang='grc' dir='ltr'><em>τοῦ</em></span> <span class='ocrx_word' id='word_1_456' title='bbox 417 4231 499 4294; x_wconf 88' lang='grc' dir='ltr'><strong><em>είς</em></strong></span> <span class='ocrx_word' id='word_1_457' title='bbox 529 4231 599 4283; x_wconf 83' lang='grc' dir='ltr'>τὰ</span> <span class='ocrx_word' id='word_1_458' title='bbox 622 4228 879 4284; x_wconf 78' lang='grc' dir='ltr'>Γενέθλια</span> <span class='ocrx_word' id='word_1_459' title='bbox 901 4243 913 4255; x_wconf 86' lang='lat'><strong>&#39;</strong></span> <span class='ocrx_word' id='word_1_460' title='bbox 954 4226 1292 4292; x_wconf 78' lang='grc' dir='ltr'><em>Ἀπεστάλη</em></span> <span class='ocrx_word' id='word_1_461' title='bbox 1328 4223 1600 4294; x_wconf 76' lang='grc' dir='ltr'>μὲνγὰρ,</span> <span class='ocrx_word' id='word_1_462' title='bbox 1624 4223 1760 4278; x_wconf 70' lang='grc' dir='ltr'><strong><em>ἀλλ’</em></strong></span> <span class='ocrx_word' id='word_1_463' title='bbox 1791 4223 1873 4289; x_wconf 89' lang='grc' dir='ltr'><strong><em>ὠς</em></strong></span> 
     </span>
    </p>
   </div>
   <div class='ocr_carea' id='block_1_60' title="bbox 291 4313 1872 4392">
    <p class='ocr_par' dir='ltr' id='par_1_60' title="bbox 291 4313 1872 4392">
     <span class='ocr_line' id='line_1_60' title="bbox 291 4313 1872 4392; baseline -0.006 -16"><span class='ocrx_word' id='word_1_464' title='bbox 291 4323 602 4392; x_wconf 80' lang='grc' dir='ltr'>ἅνθρωπος</span> <span class='ocrx_word' id='word_1_465' title='bbox 632 4338 646 4352; x_wconf 92' lang='grc'><strong>·</strong></span> <span class='ocrx_word' id='word_1_466' title='bbox 701 4318 956 4385; x_wconf 76' lang='grc' dir='ltr'><strong><em>διπλοῦς</em></strong></span> <span class='ocrx_word' id='word_1_467' title='bbox 1008 4317 1119 4387; x_wconf 71' lang='grc' dir='ltr'>γὰρ</span> <span class='ocrx_word' id='word_1_468' title='bbox 1150 4317 1249 4385; x_wconf 73' lang='grc' dir='ltr'><strong><em>ἦν.</em></strong></span> <span class='ocrx_word' id='word_1_469' title='bbox 1285 4313 1608 4385; x_wconf 79' lang='grc' dir='ltr'>Είσαχθῆτω</span> <span class='ocrx_word' id='word_1_470' title='bbox 1647 4314 1742 4368; x_wconf 84' lang='grc' dir='ltr'>καὶ</span> <span class='ocrx_word' id='word_1_471' title='bbox 1777 4314 1872 4368; x_wconf 84' lang='grc' dir='ltr'><em>τοῦ</em></span> 
     </span>
    </p>
   </div>
   <div class='ocr_carea' id='block_1_61' title="bbox 307 4406 1873 4484">
    <p class='ocr_par' dir='ltr' id='par_1_61' title="bbox 307 4406 1873 4484">
     <span class='ocr_line' id='line_1_61' title="bbox 307 4406 1873 4484; baseline -0.005 -16"><span class='ocrx_word' id='word_1_472' title='bbox 307 4413 638 4484; x_wconf 81' lang='grc' dir='ltr'>’Λμϐροσίου</span> <span class='ocrx_word' id='word_1_473' title='bbox 683 4409 1029 4465; x_wconf 85' lang='grc' dir='ltr'>Μεδιολάνων</span> <span class='ocrx_word' id='word_1_474' title='bbox 1064 4407 1366 4460; x_wconf 74' lang='grc' dir='ltr'><strong><em>ἐπισκόπου</em></strong></span> <span class='ocrx_word' id='word_1_475' title='bbox 1396 4407 1531 4477; x_wconf 83' lang='grc' dir='ltr'>πρὸς</span> <span class='ocrx_word' id='word_1_476' title='bbox 1576 4406 1873 4478; x_wconf 74' lang='grc' dir='ltr'>Γρατιανδν</span> 
     </span>
    </p>
   </div>
   <div class='ocr_carea' id='block_1_62' title="bbox 298 4497 1870 4576">
    <p class='ocr_par' dir='ltr' id='par_1_62' title="bbox 298 4497 1870 4576">
     <span class='ocr_line' id='line_1_62' title="bbox 298 4497 1870 4576; baseline -0.006 -17"><span class='ocrx_word' id='word_1_477' title='bbox 298 4506 546 4576; x_wconf 81' lang='grc' dir='ltr'>βασιλέα,</span> <span class='ocrx_word' id='word_1_478' title='bbox 596 4504 788 4575; x_wconf 79' lang='grc' dir='ltr'>ἥντινα</span> <span class='ocrx_word' id='word_1_479' title='bbox 850 4502 1049 4575; x_wconf 79' lang='grc' dir='ltr'>χρῆσιν</span> <span class='ocrx_word' id='word_1_480' title='bbox 1099 4501 1382 4572; x_wconf 81' lang='grc' dir='ltr'><strong><em>προήγαγε</em></strong></span> <span class='ocrx_word' id='word_1_481' title='bbox 1424 4497 1689 4570; x_wconf 80' lang='grc' dir='ltr'>Κύριλλος</span> <span class='ocrx_word' id='word_1_482' title='bbox 1719 4501 1777 4551; x_wconf 79' lang='grc' dir='ltr'>ἐν</span> <span class='ocrx_word' id='word_1_483' title='bbox 1806 4501 1870 4569; x_wconf 81' lang='grc' dir='ltr'>τῇ</span> 
     </span>
    </p>
   </div>
   <div class='ocr_carea' id='block_1_63' title="bbox 296 4591 1873 4668">
    <p class='ocr_par' dir='ltr' id='par_1_63' title="bbox 296 4591 1873 4668">
     <span class='ocr_line' id='line_1_63' title="bbox 296 4591 1873 4668; baseline -0.004 -16"><span class='ocrx_word' id='word_1_484' title='bbox 296 4599 415 4653; x_wconf 81' lang='grc' dir='ltr'>κατ’</span> <span class='ocrx_word' id='word_1_485' title='bbox 449 4599 683 4668; x_wconf 81' lang='grc' dir='ltr'>Ἔφεσον</span> <span class='ocrx_word' id='word_1_486' title='bbox 713 4596 914 4666; x_wconf 81' lang='grc' dir='ltr'>συνόδῳ</span> <span class='ocrx_word' id='word_1_487' title='bbox 942 4595 1085 4648; x_wconf 79' lang='grc' dir='ltr'>κατὰ</span> <span class='ocrx_word' id='word_1_488' title='bbox 1128 4593 1425 4661; x_wconf 86' lang='grc' dir='ltr'>Νεστορίου</span> <span class='ocrx_word' id='word_1_489' title='bbox 1449 4608 1463 4623; x_wconf 76' lang='grc' dir='ltr'><strong>ο</strong></span> <span class='ocrx_word' id='word_1_490' title='bbox 1505 4591 1873 4663; x_wconf 78' lang='grc' dir='ltr'><em>Φυλάξωμεν</em></span> 
     </span>
    </p>
   </div>
   <div class='ocr_carea' id='block_1_64' title="bbox 1969 2085 3545 2157">
    <p class='ocr_par' dir='ltr' id='par_1_64' title="bbox 1969 2085 3545 2157">
     <span class='ocr_line' id='line_1_64' title="bbox 1969 2085 3545 2157; baseline 0.001 -16"><span class='ocrx_word' id='word_1_491' title='bbox 1969 2087 2120 2144; x_wconf 89' lang='lat' dir='ltr'><strong><em>tione</em></strong></span> <span class='ocrx_word' id='word_1_492' title='bbox 2179 2088 2244 2143; x_wconf 91' lang='lat' dir='ltr'><strong><em>de</em></strong></span> <span class='ocrx_word' id='word_1_493' title='bbox 2301 2085 2616 2145; x_wconf 89' lang='lat' dir='ltr'><strong><em>Trinitate:</em></strong></span> <span class='ocrx_word' id='word_1_494' title='bbox 2658 2087 2932 2157; x_wconf 86' lang='lat' dir='ltr'><strong><em>Duplicem</em></strong></span> <span class='ocrx_word' id='word_1_495' title='bbox 2987 2089 3053 2144; x_wconf 79' lang='lat' dir='ltr'><strong><em>de</em></strong></span> <span class='ocrx_word' id='word_1_496' title='bbox 3094 2088 3240 2142; x_wconf 88' lang='lat' dir='ltr'><strong><em>Filio</em></strong></span> <span class='ocrx_word' id='word_1_497' title='bbox 3281 2090 3545 2144; x_wconf 83' lang='lat' dir='ltr'><strong><em>rationem</em></strong></span> 
     </span>
    </p>
   </div>
   <div class='ocr_carea' id='block_1_65' title="bbox 1966 2177 3550 2248">
    <p class='ocr_par' dir='ltr' id='par_1_65' title="bbox 1966 2177 3550 2248">
     <span class='ocr_line' id='line_1_65' title="bbox 1966 2177 3550 2248; baseline -0.001 -16"><span class='ocrx_word' id='word_1_498' title='bbox 1966 2177 2392 2248; x_wconf 78' lang='lat' dir='ltr'><strong><em>sapientissimus</em></strong></span> <span class='ocrx_word' id='word_1_499' title='bbox 2452 2177 2682 2245; x_wconf 83' lang='lat' dir='ltr'><strong><em>Paulus,</em></strong></span> <span class='ocrx_word' id='word_1_500' title='bbox 2741 2179 2848 2231; x_wconf 88' lang='lat' dir='ltr'><strong><em>imo</em></strong></span> <span class='ocrx_word' id='word_1_501' title='bbox 2909 2179 3183 2233; x_wconf 72' lang='lat' dir='ltr'><strong><em>universus</em></strong></span> <span class='ocrx_word' id='word_1_502' title='bbox 3243 2187 3550 2232; x_wconf 84' lang='lat' dir='ltr'><strong><em>sanctorum</em></strong></span> 
     </span>
    </p>
   </div>
   <div class='ocr_carea' id='block_1_66' title="bbox 1967 2271 3551 2342">
    <p class='ocr_par' dir='ltr' id='par_1_66' title="bbox 1967 2271 3551 2342">
     <span class='ocr_line' id='line_1_66' title="bbox 1967 2271 3551 2342; baseline 0.001 -17"><span class='ocrx_word' id='word_1_503' title='bbox 1967 2281 2128 2326; x_wconf 59' lang='lat' dir='ltr'><strong><em>cattus</em></strong></span> <span class='ocrx_word' id='word_1_504' title='bbox 2184 2281 2508 2342; x_wconf 84' lang='lat' dir='ltr'><strong><em>agnoverunt</em></strong></span> <span class='ocrx_word' id='word_1_505' title='bbox 2573 2279 2622 2326; x_wconf 87' lang='lat' dir='ltr'><strong><em>et</em></strong></span> <span class='ocrx_word' id='word_1_506' title='bbox 2678 2271 2896 2325; x_wconf 86' lang='lat' dir='ltr'><strong><em>tradunt</em></strong></span> <span class='ocrx_word' id='word_1_507' title='bbox 2953 2279 3070 2340; x_wconf 84' lang='lat' dir='ltr'><strong><em>post</em></strong></span> <span class='ocrx_word' id='word_1_508' title='bbox 3132 2271 3375 2326; x_wconf 87' lang='lat' dir='ltr'><strong><em>unionem</em></strong></span> <span class='ocrx_word' id='word_1_509' title='bbox 3431 2287 3551 2326; x_wconf 89' lang='lat' dir='ltr'><strong><em>cum</em></strong></span> 
     </span>
    </p>
   </div>
   <div class='ocr_carea' id='block_1_67' title="bbox 1967 2363 3547 2434">
    <p class='ocr_par' dir='ltr' id='par_1_67' title="bbox 1967 2363 3547 2434">
     <span class='ocr_line' id='line_1_67' title="bbox 1967 2363 3547 2434; baseline 0.001 -16"><span class='ocrx_word' id='word_1_510' title='bbox 1967 2380 2144 2419; x_wconf 87' lang='lat' dir='ltr'><strong><em>carne.</em></strong></span> <span class='ocrx_word' id='word_1_511' title='bbox 2165 2363 2518 2434; x_wconf 85' lang='lat' dir='ltr'><strong><em>Dupliccmne</em></strong></span> <span class='ocrx_word' id='word_1_512' title='bbox 2552 2363 2644 2420; x_wconf 92' lang='lat' dir='ltr'><strong><em>ille</em></strong></span> <span class='ocrx_word' id='word_1_513' title='bbox 2673 2363 2739 2420; x_wconf 89' lang='lat' dir='ltr'><strong><em>de</em></strong></span> <span class='ocrx_word' id='word_1_514' title='bbox 2760 2363 2898 2420; x_wconf 87' lang='lat' dir='ltr'><strong><em>Filio</em></strong></span> <span class='ocrx_word' id='word_1_515' title='bbox 2934 2364 3202 2420; x_wconf 87' lang='lat' dir='ltr'><strong><em>rationem</em></strong></span> <span class='ocrx_word' id='word_1_516' title='bbox 3238 2366 3547 2421; x_wconf 86' lang='lat' dir='ltr'><strong><em>secundum</em></strong></span> 
     </span>
    </p>
   </div>
   <div class='ocr_carea' id='block_1_68' title="bbox 1969 2455 3548 2528">
    <p class='ocr_par' dir='ltr' id='par_1_68' title="bbox 1969 2455 3548 2528">
     <span class='ocr_line' id='line_1_68' title="bbox 1969 2455 3548 2528; baseline 0.003 -18"><span class='ocrx_word' id='word_1_517' title='bbox 1969 2455 2311 2526; x_wconf 87' lang='lat' dir='ltr'><strong><em>hypostasim</em></strong></span> <span class='ocrx_word' id='word_1_518' title='bbox 2345 2456 2550 2528; x_wconf 89' lang='lat' dir='ltr'><strong><em>posuit,</em></strong></span> <span class='ocrx_word' id='word_1_519' title='bbox 2585 2471 2654 2512; x_wconf 91' lang='lat' dir='ltr'><strong><em>an</em></strong></span> <span class='ocrx_word' id='word_1_520' title='bbox 2695 2456 2997 2512; x_wconf 89' lang='lat' dir='ltr'><strong><em>secundum</em></strong></span> <span class='ocrx_word' id='word_1_521' title='bbox 3031 2457 3316 2512; x_wconf 80' lang='lat' dir='ltr'><strong><em>naturam?</em></strong></span> <span class='ocrx_word' id='word_1_522' title='bbox 3370 2457 3427 2514; x_wconf 90' lang='lat' dir='ltr'><strong><em>Si</em></strong></span> <span class='ocrx_word' id='word_1_523' title='bbox 3459 2472 3548 2514; x_wconf 40' lang='lat' dir='ltr'><strong><em>set</em></strong></span> 
     </span>
    </p>
   </div>
   <div class='ocr_carea' id='block_1_69' title="bbox 1969 2545 3553 2617">
    <p class='ocr_par' dir='ltr' id='par_1_69' title="bbox 1969 2545 3553 2617">
     <span class='ocr_line' id='line_1_69' title="bbox 1969 2545 3553 2617; baseline 0.003 -18"><span class='ocrx_word' id='word_1_524' title='bbox 1969 2545 2210 2600; x_wconf 90' lang='lat' dir='ltr'><strong><em>cundum</em></strong></span> <span class='ocrx_word' id='word_1_525' title='bbox 2231 2546 2592 2616; x_wconf 86' lang='lat' dir='ltr'><strong><em>hypostasim,</em></strong></span> <span class='ocrx_word' id='word_1_526' title='bbox 2625 2545 2859 2602; x_wconf 83' lang='lat' dir='ltr'><strong><em>Nestorii</em></strong></span> <span class='ocrx_word' id='word_1_527' title='bbox 2885 2546 3138 2602; x_wconf 59' lang='lat' dir='ltr'><strong><em>haeresim</em></strong></span> <span class='ocrx_word' id='word_1_528' title='bbox 3165 2548 3371 2611; x_wconf 90' lang='lat' dir='ltr'><strong><em>llrmas,</em></strong></span> <span class='ocrx_word' id='word_1_529' title='bbox 3406 2547 3553 2617; x_wconf 80' lang='lat' dir='ltr'><strong><em>quod</em></strong></span> 
     </span>
    </p>
   </div>
   <div class='ocr_carea' id='block_1_70' title="bbox 1971 2637 3553 2708">
    <p class='ocr_par' dir='ltr' id='par_1_70' title="bbox 1971 2637 3553 2708">
     <span class='ocr_line' id='line_1_70' title="bbox 1971 2637 3553 2708; baseline 0.003 -17"><span class='ocrx_word' id='word_1_530' title='bbox 1971 2637 2199 2708; x_wconf 89' lang='lat' dir='ltr'><strong><em>impium</em></strong></span> <span class='ocrx_word' id='word_1_531' title='bbox 2233 2647 2357 2706; x_wconf 87' lang='lat' dir='ltr'><strong><em>est;</em></strong></span> <span class='ocrx_word' id='word_1_532' title='bbox 2417 2639 2464 2694; x_wconf 93' lang='lat' dir='ltr'><strong><em>si</em></strong></span> <span class='ocrx_word' id='word_1_533' title='bbox 2513 2639 2814 2695; x_wconf 89' lang='lat' dir='ltr'><strong><em>secundum</em></strong></span> <span class='ocrx_word' id='word_1_534' title='bbox 2857 2647 3129 2705; x_wconf 84' lang='lat' dir='ltr'><strong><em>naturam,</em></strong></span> <span class='ocrx_word' id='word_1_535' title='bbox 3191 2649 3246 2695; x_wconf 89' lang='lat' dir='ltr'><strong><em>et</em></strong></span> <span class='ocrx_word' id='word_1_536' title='bbox 3304 2648 3434 2695; x_wconf 90' lang='lat' dir='ltr'><strong><em>tunc</em></strong></span> <span class='ocrx_word' id='word_1_537' title='bbox 3465 2640 3553 2696; x_wconf 83' lang='lat' dir='ltr'><strong><em>aio</em></strong></span> 
     </span>
    </p>
   </div>
   <div class='ocr_carea' id='block_1_71' title="bbox 1970 2729 3555 2806">
    <p class='ocr_par' dir='ltr' id='par_1_71' title="bbox 1970 2729 3555 2806">
     <span class='ocr_line' id='line_1_71' title="bbox 1970 2729 3555 2806; baseline 0.003 -22"><span class='ocrx_word' id='word_1_538' title='bbox 1970 2729 2234 2802; x_wconf 72' lang='lat' dir='ltr'><strong><em>Cyrillum</em></strong></span> <span class='ocrx_word' id='word_1_539' title='bbox 2267 2733 2429 2786; x_wconf 83' lang='lat' dir='ltr'><strong><em>etiam</em></strong></span> <span class='ocrx_word' id='word_1_540' title='bbox 2464 2732 2568 2786; x_wconf 91' lang='lat' dir='ltr'><strong><em>hoc</em></strong></span> <span class='ocrx_word' id='word_1_541' title='bbox 2597 2731 2721 2786; x_wconf 89' lang='lat' dir='ltr'><strong><em>loco</em></strong></span> <span class='ocrx_word' id='word_1_542' title='bbox 2756 2748 2880 2786; x_wconf 91' lang='lat' dir='ltr'><strong><em>cum</em></strong></span> <span class='ocrx_word' id='word_1_543' title='bbox 2910 2741 3098 2787; x_wconf 90' lang='lat' dir='ltr'><strong><em>sancta</em></strong></span> <span class='ocrx_word' id='word_1_544' title='bbox 3127 2743 3322 2803; x_wconf 86' lang='lat' dir='ltr'><strong><em>quarta</em></strong></span> <span class='ocrx_word' id='word_1_545' title='bbox 3348 2733 3555 2806; x_wconf 84' lang='lat' dir='ltr'><strong><em>synodo</em></strong></span> 
     </span>
    </p>
   </div>
   <div class='ocr_carea' id='block_1_72' title="bbox 1971 2822 3556 2893">
    <p class='ocr_par' dir='ltr' id='par_1_72' title="bbox 1971 2822 3556 2893">
     <span class='ocr_line' id='line_1_72' title="bbox 1971 2822 3556 2893; baseline 0.001 -14"><span class='ocrx_word' id='word_1_546' title='bbox 1971 2822 2326 2889; x_wconf 88' lang='lat' dir='ltr'><strong><em>concordare,</em></strong></span> <span class='ocrx_word' id='word_1_547' title='bbox 2357 2838 2480 2893; x_wconf 75' lang='lat' dir='ltr'><strong><em>qua:</em></strong></span> <span class='ocrx_word' id='word_1_548' title='bbox 2505 2823 2644 2879; x_wconf 87' lang='lat' dir='ltr'><strong><em>duas</em></strong></span> <span class='ocrx_word' id='word_1_549' title='bbox 2672 2823 2726 2878; x_wconf 94' lang='lat' dir='ltr'><strong><em>in</em></strong></span> <span class='ocrx_word' id='word_1_550' title='bbox 2779 2823 2997 2880; x_wconf 88' lang='lat' dir='ltr'><strong><em>Christo</em></strong></span> <span class='ocrx_word' id='word_1_551' title='bbox 3027 2835 3251 2880; x_wconf 87' lang='lat' dir='ltr'><strong><em>naturas</em></strong></span> <span class='ocrx_word' id='word_1_552' title='bbox 3279 2825 3470 2891; x_wconf 74' lang='lat' dir='ltr'><strong><em>edixit,</em></strong></span> <span class='ocrx_word' id='word_1_553' title='bbox 3501 2834 3556 2881; x_wconf 90' lang='lat' dir='ltr'><strong><em>et</em></strong></span> 
     </span>
    </p>
   </div>
   <div class='ocr_carea' id='block_1_73' title="bbox 1974 2915 3555 2972">
    <p class='ocr_par' dir='ltr' id='par_1_73' title="bbox 1974 2915 3555 2972">
     <span class='ocr_line' id='line_1_73' title="bbox 1974 2915 3555 2972; baseline 0.001 -1"><span class='ocrx_word' id='word_1_554' title='bbox 1974 2915 2089 2972; x_wconf 84' lang='lat' dir='ltr'><strong><em>fere</em></strong></span> <span class='ocrx_word' id='word_1_555' title='bbox 2114 2917 2365 2972; x_wconf 89' lang='lat' dir='ltr'><strong><em>eumdem</em></strong></span> <span class='ocrx_word' id='word_1_556' title='bbox 2426 2915 2481 2971; x_wconf 89' lang='lat' dir='ltr'><strong><em>in</em></strong></span> <span class='ocrx_word' id='word_1_557' title='bbox 2507 2916 2764 2972; x_wconf 86' lang='lat' dir='ltr'><strong><em>omnibus</em></strong></span> <span class='ocrx_word' id='word_1_558' title='bbox 2794 2915 2912 2972; x_wconf 90' lang='lat' dir='ltr'><strong><em>suis</em></strong></span> <span class='ocrx_word' id='word_1_559' title='bbox 2935 2917 3348 2972; x_wconf 85' lang='lat' dir='ltr'><strong><em>commentariis</em></strong></span> <span class='ocrx_word' id='word_1_560' title='bbox 3377 2915 3555 2972; x_wconf 76' lang='lat' dir='ltr'><strong><em>otien-</em></strong></span> 
     </span>
    </p>
   </div>
   <div class='ocr_carea' id='block_1_74' title="bbox 1975 3007 3555 3080">
    <p class='ocr_par' dir='ltr' id='par_1_74' title="bbox 1975 3007 3555 3080">
     <span class='ocr_line' id='line_1_74' title="bbox 1975 3007 3555 3080; baseline -0.001 -16"><span class='ocrx_word' id='word_1_561' title='bbox 1975 3009 2093 3076; x_wconf 90' lang='lat' dir='ltr'><strong><em>des,</em></strong></span> <span class='ocrx_word' id='word_1_562' title='bbox 2137 3009 2410 3080; x_wconf 88' lang='lat' dir='ltr'><strong><em>duplicem</em></strong></span> <span class='ocrx_word' id='word_1_563' title='bbox 2460 3007 2741 3064; x_wconf 87' lang='lat' dir='ltr'><strong><em>Christum</em></strong></span> <span class='ocrx_word' id='word_1_564' title='bbox 2777 3018 3108 3064; x_wconf 87' lang='lat' dir='ltr'><strong><em>asserentem</em></strong></span> <span class='ocrx_word' id='word_1_565' title='bbox 3141 3017 3262 3080; x_wconf 92' lang='lat' dir='ltr'><strong><em>post</em></strong></span> <span class='ocrx_word' id='word_1_566' title='bbox 3293 3007 3555 3063; x_wconf 89' lang='lat' dir='ltr'><strong><em>unionem</em></strong></span> 
     </span>
    </p>
   </div>
   <div class='ocr_carea' id='block_1_75' title="bbox 1975 3101 3556 3158">
    <p class='ocr_par' dir='ltr' id='par_1_75' title="bbox 1975 3101 3556 3158">
     <span class='ocr_line' id='line_1_75' title="bbox 1975 3101 3556 3158; baseline -0.001 0"><span class='ocrx_word' id='word_1_567' title='bbox 1975 3102 2274 3158; x_wconf 87' lang='lat' dir='ltr'><strong><em>secundum</em></strong></span> <span class='ocrx_word' id='word_1_568' title='bbox 2334 3111 2612 3157; x_wconf 87' lang='lat' dir='ltr'><strong><em>naturam.</em></strong></span> <span class='ocrx_word' id='word_1_569' title='bbox 2657 3101 2897 3158; x_wconf 87' lang='lat' dir='ltr'><strong><em>Accedat</em></strong></span> <span class='ocrx_word' id='word_1_570' title='bbox 2943 3101 3304 3158; x_wconf 87' lang='lat' dir='ltr'><strong><em>nihilominus</em></strong></span> <span class='ocrx_word' id='word_1_571' title='bbox 3360 3115 3556 3156; x_wconf 83' lang='lat' dir='ltr'><strong><em>rursus</em></strong></span> 
     </span>
    </p>
   </div>
   <div class='ocr_carea' id='block_1_76' title="bbox 1976 3194 3558 3267">
    <p class='ocr_par' dir='ltr' id='par_1_76' title="bbox 1976 3194 3558 3267">
     <span class='ocr_line' id='line_1_76' title="bbox 1976 3194 3558 3267; baseline -0.001 -15"><span class='ocrx_word' id='word_1_572' title='bbox 1976 3195 2272 3267; x_wconf 82' lang='lat' dir='ltr'><strong><em>Gregorius</em></strong></span> <span class='ocrx_word' id='word_1_573' title='bbox 2303 3196 2356 3251; x_wconf 91' lang='lat' dir='ltr'><strong><em>in</em></strong></span> <span class='ocrx_word' id='word_1_574' title='bbox 2384 3197 2551 3252; x_wconf 86' lang='lat' dir='ltr'><strong><em>rebus</em></strong></span> <span class='ocrx_word' id='word_1_575' title='bbox 2581 3195 2906 3266; x_wconf 83' lang='lat' dir='ltr'><strong><em>theologicis</em></strong></span> <span class='ocrx_word' id='word_1_576' title='bbox 2961 3195 3262 3250; x_wconf 79' lang='lat' dir='ltr'><strong><em>tractandis</em></strong></span> <span class='ocrx_word' id='word_1_577' title='bbox 3320 3194 3558 3266; x_wconf 87' lang='lat' dir='ltr'><strong><em>percele-</em></strong></span> 
     </span>
    </p>
   </div>
   <div class='ocr_carea' id='block_1_77' title="bbox 1979 3285 3554 3359">
    <p class='ocr_par' dir='ltr' id='par_1_77' title="bbox 1979 3285 3554 3359">
     <span class='ocr_line' id='line_1_77' title="bbox 1979 3285 3554 3359; baseline 0.001 -17"><span class='ocrx_word' id='word_1_578' title='bbox 1979 3288 2116 3352; x_wconf 74' lang='lat' dir='ltr'><strong><em>bris,</em></strong></span> <span class='ocrx_word' id='word_1_579' title='bbox 2149 3289 2402 3343; x_wconf 84' lang='lat' dir='ltr'><strong><em>oratione</em></strong></span> <span class='ocrx_word' id='word_1_580' title='bbox 2428 3287 2494 3342; x_wconf 89' lang='lat' dir='ltr'><strong><em>de</em></strong></span> <span class='ocrx_word' id='word_1_581' title='bbox 2521 3285 2685 3352; x_wconf 87' lang='lat' dir='ltr'><strong><em>Filio,</em></strong></span> <span class='ocrx_word' id='word_1_582' title='bbox 2712 3297 2916 3344; x_wconf 73' lang='lat' dir='ltr'><strong><em>sanctae</em></strong></span> <span class='ocrx_word' id='word_1_583' title='bbox 2952 3296 3162 3359; x_wconf 66' lang='lat' dir='ltr'><strong><em>quartae</em></strong></span> <span class='ocrx_word' id='word_1_584' title='bbox 3192 3289 3400 3359; x_wconf 88' lang='lat' dir='ltr'><strong><em>synodo</em></strong></span> <span class='ocrx_word' id='word_1_585' title='bbox 3421 3303 3554 3344; x_wconf 87' lang='lat' dir='ltr'><strong><em>con-</em></strong></span> 
     </span>
    </p>
   </div>
   <div class='ocr_carea' id='block_1_78' title="bbox 1977 3377 3552 3449">
    <p class='ocr_par' dir='ltr' id='par_1_78' title="bbox 1977 3377 3552 3449">
     <span class='ocr_line' id='line_1_78' title="bbox 1977 3377 3552 3449; baseline 0.002 -15"><span class='ocrx_word' id='word_1_586' title='bbox 1977 3378 2172 3435; x_wconf 80' lang='lat' dir='ltr'><strong><em>formia</em></strong></span> <span class='ocrx_word' id='word_1_587' title='bbox 2225 3381 2472 3436; x_wconf 85' lang='lat' dir='ltr'><strong><em>scribens</em></strong></span> <span class='ocrx_word' id='word_1_588' title='bbox 2501 3399 2514 3434; x_wconf 89' lang='lat'><strong>:</strong></span> <span class='ocrx_word' id='word_1_589' title='bbox 2544 3380 2684 3436; x_wconf 85' lang='lat' dir='ltr'><strong><em>Deus</em></strong></span> <span class='ocrx_word' id='word_1_590' title='bbox 2731 3397 2849 3436; x_wconf 81' lang='lat' dir='ltr'><strong><em>vero</em></strong></span> <span class='ocrx_word' id='word_1_591' title='bbox 2879 3381 3082 3436; x_wconf 78' lang='lat' dir='ltr'><strong><em>dicetur</em></strong></span> <span class='ocrx_word' id='word_1_592' title='bbox 3113 3399 3216 3436; x_wconf 86' lang='lat' dir='ltr'><strong><em>non</em></strong></span> <span class='ocrx_word' id='word_1_593' title='bbox 3258 3379 3433 3449; x_wconf 83' lang='lat' dir='ltr'><strong><em>Verbi,</em></strong></span> <span class='ocrx_word' id='word_1_594' title='bbox 3461 3377 3552 3437; x_wconf 79' lang='lat' dir='ltr'><strong><em>sed</em></strong></span> 
     </span>
    </p>
   </div>
   <div class='ocr_carea' id='block_1_79' title="bbox 1975 3471 3555 3546">
    <p class='ocr_par' dir='ltr' id='par_1_79' title="bbox 1975 3471 3555 3546">
     <span class='ocr_line' id='line_1_79' title="bbox 1975 3471 3555 3546; baseline 0.003 -20"><span class='ocrx_word' id='word_1_595' title='bbox 1975 3471 2144 3537; x_wconf 86' lang='lat' dir='ltr'><strong><em>illius,</em></strong></span> <span class='ocrx_word' id='word_1_596' title='bbox 2189 3473 2278 3543; x_wconf 85' lang='lat' dir='ltr'><strong><em>qui</em></strong></span> <span class='ocrx_word' id='word_1_597' title='bbox 2321 3473 2688 3544; x_wconf 77' lang='lat' dir='ltr'><strong><em>conspicitur:</em></strong></span> <span class='ocrx_word' id='word_1_598' title='bbox 2727 3491 2833 3544; x_wconf 85' lang='lat' dir='ltr'><strong><em>qua</em></strong></span> <span class='ocrx_word' id='word_1_599' title='bbox 2874 3475 3008 3529; x_wconf 85' lang='lat' dir='ltr'><strong><em>enim</em></strong></span> <span class='ocrx_word' id='word_1_600' title='bbox 3060 3475 3268 3530; x_wconf 85' lang='lat' dir='ltr'><strong><em>ratione</em></strong></span> <span class='ocrx_word' id='word_1_601' title='bbox 3301 3474 3397 3530; x_wconf 85' lang='lat' dir='ltr'><strong><em>Dei</em></strong></span> <span class='ocrx_word' id='word_1_602' title='bbox 3430 3493 3555 3546; x_wconf 81' lang='lat' dir='ltr'><strong><em>pro-</em></strong></span> 
     </span>
    </p>
   </div>
   <div class='ocr_carea' id='block_1_80' title="bbox 1975 3564 3553 3638">
    <p class='ocr_par' dir='ltr' id='par_1_80' title="bbox 1975 3564 3553 3638">
     <span class='ocr_line' id='line_1_80' title="bbox 1975 3564 3553 3638; baseline 0.001 -19"><span class='ocrx_word' id='word_1_603' title='bbox 1975 3565 2087 3638; x_wconf 87' lang='lat' dir='ltr'><strong><em>prie</em></strong></span> <span class='ocrx_word' id='word_1_604' title='bbox 2118 3564 2259 3619; x_wconf 85' lang='lat' dir='ltr'><strong><em>Deus</em></strong></span> <span class='ocrx_word' id='word_1_605' title='bbox 2291 3566 2470 3637; x_wconf 76' lang='lat' dir='ltr'><strong><em>fuerit,</em></strong></span> <span class='ocrx_word' id='word_1_606' title='bbox 2494 3567 2937 3638; x_wconf 85' lang='lat' dir='ltr'><strong><em>quemadmodum</em></strong></span> <span class='ocrx_word' id='word_1_607' title='bbox 2969 3577 3018 3622; x_wconf 90' lang='lat' dir='ltr'><strong><em>et</em></strong></span> <span class='ocrx_word' id='word_1_608' title='bbox 3055 3566 3240 3632; x_wconf 85' lang='lat' dir='ltr'><strong><em>Pater,</em></strong></span> <span class='ocrx_word' id='word_1_609' title='bbox 3277 3584 3378 3622; x_wconf 86' lang='lat' dir='ltr'><strong><em>non</em></strong></span> <span class='ocrx_word' id='word_1_610' title='bbox 3405 3567 3553 3623; x_wconf 83' lang='lat' dir='ltr'><strong><em>illius</em></strong></span> 
     </span>
    </p>
   </div>
   <div class='ocr_carea' id='block_1_81' title="bbox 1973 3655 3552 3729">
    <p class='ocr_par' dir='ltr' id='par_1_81' title="bbox 1973 3655 3552 3729">
     <span class='ocr_line' id='line_1_81' title="bbox 1973 3655 3552 3729; baseline 0 -19"><span class='ocrx_word' id='word_1_611' title='bbox 1973 3657 2064 3727; x_wconf 87' lang='lat' dir='ltr'><strong><em>qui</em></strong></span> <span class='ocrx_word' id='word_1_612' title='bbox 2092 3657 2438 3726; x_wconf 85' lang='lat' dir='ltr'><strong><em>conspicitur,</em></strong></span> <span class='ocrx_word' id='word_1_613' title='bbox 2468 3657 2560 3713; x_wconf 84' lang='lat' dir='ltr'><strong><em>sed</em></strong></span> <span class='ocrx_word' id='word_1_614' title='bbox 2606 3655 2805 3712; x_wconf 82' lang='lat' dir='ltr'><strong><em>Verbi?</em></strong></span> <span class='ocrx_word' id='word_1_615' title='bbox 2835 3673 3060 3729; x_wconf 85' lang='lat' dir='ltr'><strong><em>namque</em></strong></span> <span class='ocrx_word' id='word_1_616' title='bbox 3100 3667 3215 3712; x_wconf 81' lang='lat' dir='ltr'><strong><em>crat</em></strong></span> <span class='ocrx_word' id='word_1_617' title='bbox 3240 3657 3458 3727; x_wconf 74' lang='lat' dir='ltr'><strong><em>duplex,</em></strong></span> <span class='ocrx_word' id='word_1_618' title='bbox 3493 3667 3552 3711; x_wconf 89' lang='lat' dir='ltr'><strong><em>ut</em></strong></span> 
     </span>
    </p>
   </div>
   <div class='ocr_carea' id='block_1_82' title="bbox 1974 3737 3551 3820">
    <p class='ocr_par' dir='ltr' id='par_1_82' title="bbox 1974 3737 3551 3820">
     <span class='ocr_line' id='line_1_82' title="bbox 1974 3737 3551 3820; baseline 0.001 -19"><span class='ocrx_word' id='word_1_619' title='bbox 1974 3750 2072 3804; x_wconf 82' lang='lat' dir='ltr'><strong><em>hoc</em></strong></span> <span class='ocrx_word' id='word_1_620' title='bbox 2118 3748 2329 3820; x_wconf 83' lang='lat' dir='ltr'><strong><em>quidem</em></strong></span> <span class='ocrx_word' id='word_1_621' title='bbox 2353 3749 2565 3818; x_wconf 82' lang='lat' dir='ltr'><strong><em>proprie</em></strong></span> <span class='ocrx_word' id='word_1_622' title='bbox 2605 3749 2668 3803; x_wconf 88' lang='lat' dir='ltr'><strong><em>de</em></strong></span> <span class='ocrx_word' id='word_1_623' title='bbox 2707 3737 2984 3815; x_wconf 75' lang='lat' dir='ltr'><strong><em>ambobus,</em></strong></span> <span class='ocrx_word' id='word_1_624' title='bbox 3021 3748 3118 3802; x_wconf 84' lang='lat' dir='ltr'><strong><em>hoc</em></strong></span> <span class='ocrx_word' id='word_1_625' title='bbox 3154 3765 3272 3803; x_wconf 84' lang='lat' dir='ltr'><strong><em>vero</em></strong></span> <span class='ocrx_word' id='word_1_626' title='bbox 3298 3765 3402 3802; x_wconf 85' lang='lat' dir='ltr'><strong><em>non</em></strong></span> <span class='ocrx_word' id='word_1_627' title='bbox 3427 3765 3551 3818; x_wconf 85' lang='lat' dir='ltr'><strong><em>pro-</em></strong></span> 
     </span>
    </p>
   </div>
   <div class='ocr_carea' id='block_1_83' title="bbox 1971 3840 3553 3911">
    <p class='ocr_par' dir='ltr' id='par_1_83' title="bbox 1971 3840 3553 3911">
     <span class='ocr_line' id='line_1_83' title="bbox 1971 3840 3553 3911; baseline 0.001 -17"><span class='ocrx_word' id='word_1_628' title='bbox 1971 3843 2102 3911; x_wconf 73' lang='lat' dir='ltr'><strong><em>prie.</em></strong></span> <span class='ocrx_word' id='word_1_629' title='bbox 2120 3841 2376 3911; x_wconf 86' lang='lat' dir='ltr'><strong><em>Ejusdem</em></strong></span> <span class='ocrx_word' id='word_1_630' title='bbox 2406 3840 2459 3894; x_wconf 92' lang='lat' dir='ltr'><strong><em>in</em></strong></span> <span class='ocrx_word' id='word_1_631' title='bbox 2498 3840 2701 3896; x_wconf 90' lang='lat' dir='ltr'><strong><em>Christi</em></strong></span> <span class='ocrx_word' id='word_1_632' title='bbox 2724 3840 2867 3896; x_wconf 90' lang='lat' dir='ltr'><strong><em>diem</em></strong></span> <span class='ocrx_word' id='word_1_633' title='bbox 2899 3842 3166 3895; x_wconf 87' lang='lat' dir='ltr'><strong><em>natalem:</em></strong></span> <span class='ocrx_word' id='word_1_634' title='bbox 3200 3840 3394 3894; x_wconf 79' lang='lat' dir='ltr'><strong><em>Missus</em></strong></span> <span class='ocrx_word' id='word_1_635' title='bbox 3414 3841 3553 3895; x_wconf 83' lang='lat' dir='ltr'><strong><em>enim</em></strong></span> 
     </span>
    </p>
   </div>
   <div class='ocr_carea' id='block_1_84' title="bbox 1972 3921 3554 4003">
    <p class='ocr_par' dir='ltr' id='par_1_84' title="bbox 1972 3921 3554 4003">
     <span class='ocr_line' id='line_1_84' title="bbox 1972 3921 3554 4003; baseline 0.002 -16"><span class='ocrx_word' id='word_1_636' title='bbox 1972 3942 2072 4000; x_wconf 87' lang='lat' dir='ltr'><strong><em>est,</em></strong></span> <span class='ocrx_word' id='word_1_637' title='bbox 2105 3933 2195 3988; x_wconf 80' lang='lat' dir='ltr'><strong><em>sed</em></strong></span> <span class='ocrx_word' id='word_1_638' title='bbox 2226 3942 2284 3986; x_wconf 82' lang='lat' dir='ltr'><strong><em>ut</em></strong></span> <span class='ocrx_word' id='word_1_639' title='bbox 2312 3933 2488 3996; x_wconf 79' lang='lat' dir='ltr'><strong><em>homo,</em></strong></span> <span class='ocrx_word' id='word_1_640' title='bbox 2526 3931 2720 4000; x_wconf 76' lang='lat' dir='ltr'><strong><em>duplex</em></strong></span> <span class='ocrx_word' id='word_1_641' title='bbox 2776 3933 2915 3986; x_wconf 81' lang='lat' dir='ltr'><strong><em>enim</em></strong></span> <span class='ocrx_word' id='word_1_642' title='bbox 2959 3921 3099 3986; x_wconf 83' lang='lat' dir='ltr'><strong><em>erat.</em></strong></span> <span class='ocrx_word' id='word_1_643' title='bbox 3152 3933 3389 3986; x_wconf 81' lang='lat' dir='ltr'><strong><em>Accedat</em></strong></span> <span class='ocrx_word' id='word_1_644' title='bbox 3411 3949 3554 4003; x_wconf 87' lang='lat' dir='ltr'><strong><em>quo-</em></strong></span> 
     </span>
    </p>
   </div>
   <div class='ocr_carea' id='block_1_85' title="bbox 1973 4022 3552 4097">
    <p class='ocr_par' dir='ltr' id='par_1_85' title="bbox 1973 4022 3552 4097">
     <span class='ocr_line' id='line_1_85' title="bbox 1973 4022 3552 4097; baseline 0.001 -19"><span class='ocrx_word' id='word_1_645' title='bbox 1973 4041 2078 4097; x_wconf 83' lang='lat' dir='ltr'><strong><em>que</em></strong></span> <span class='ocrx_word' id='word_1_646' title='bbox 2107 4025 2434 4080; x_wconf 82' lang='lat' dir='ltr'><strong><em>Ambrosius</em></strong></span> <span class='ocrx_word' id='word_1_647' title='bbox 2467 4022 2891 4077; x_wconf 81' lang='lat' dir='ltr'><strong><em>Mediolauensis</em></strong></span> <span class='ocrx_word' id='word_1_648' title='bbox 2920 4025 3211 4093; x_wconf 80' lang='lat' dir='ltr'><strong><em>episcopus</em></strong></span> <span class='ocrx_word' id='word_1_649' title='bbox 3236 4026 3303 4078; x_wconf 90' lang='lat' dir='ltr'><strong><em>ad</em></strong></span> <span class='ocrx_word' id='word_1_650' title='bbox 3336 4022 3552 4080; x_wconf 83' lang='lat' dir='ltr'><strong><em>Gratia-</em></strong></span> 
     </span>
    </p>
   </div>
   <div class='ocr_carea' id='block_1_86' title="bbox 1975 4115 3545 4188">
    <p class='ocr_par' dir='ltr' id='par_1_86' title="bbox 1975 4115 3545 4188">
     <span class='ocr_line' id='line_1_86' title="bbox 1975 4115 3545 4188; baseline 0.001 -15"><span class='ocrx_word' id='word_1_651' title='bbox 1975 4134 2105 4174; x_wconf 91' lang='lat' dir='ltr'><strong><em>num</em></strong></span> <span class='ocrx_word' id='word_1_652' title='bbox 2140 4119 2548 4188; x_wconf 87' lang='lat' dir='ltr'><strong><em>impcratorem,</em></strong></span> <span class='ocrx_word' id='word_1_653' title='bbox 2596 4115 2757 4186; x_wconf 83' lang='lat' dir='ltr'><strong><em>cujus</em></strong></span> <span class='ocrx_word' id='word_1_654' title='bbox 2797 4118 2960 4171; x_wconf 85' lang='lat' dir='ltr'><strong><em>verba</em></strong></span> <span class='ocrx_word' id='word_1_655' title='bbox 2993 4116 3226 4188; x_wconf 88' lang='lat' dir='ltr'><strong><em>Cyrillus</em></strong></span> <span class='ocrx_word' id='word_1_656' title='bbox 3273 4118 3326 4172; x_wconf 91' lang='lat' dir='ltr'><strong><em>in</em></strong></span> <span class='ocrx_word' id='word_1_657' title='bbox 3371 4117 3545 4188; x_wconf 88' lang='lat' dir='ltr'><strong><em>Ephe-</em></strong></span> 
     </span>
    </p>
   </div>
   <div class='ocr_carea' id='block_1_87' title="bbox 1975 4208 3550 4282">
    <p class='ocr_par' dir='ltr' id='par_1_87' title="bbox 1975 4208 3550 4282">
     <span class='ocr_line' id='line_1_87' title="bbox 1975 4208 3550 4282; baseline -0.001 -15"><span class='ocrx_word' id='word_1_658' title='bbox 1975 4213 2096 4268; x_wconf 87' lang='lat' dir='ltr'><strong><em>sina</em></strong></span> <span class='ocrx_word' id='word_1_659' title='bbox 2130 4211 2338 4282; x_wconf 83' lang='lat' dir='ltr'><strong><em>synodo</em></strong></span> <span class='ocrx_word' id='word_1_660' title='bbox 2366 4210 2629 4265; x_wconf 84' lang='lat' dir='ltr'><strong><em>adversus</em></strong></span> <span class='ocrx_word' id='word_1_661' title='bbox 2655 4208 2967 4266; x_wconf 89' lang='lat' dir='ltr'><strong><em>Nestorium</em></strong></span> <span class='ocrx_word' id='word_1_662' title='bbox 2998 4211 3289 4279; x_wconf 78' lang='lat' dir='ltr'><strong><em>produxit:</em></strong></span> <span class='ocrx_word' id='word_1_663' title='bbox 3323 4211 3550 4266; x_wconf 85' lang='lat' dir='ltr'><strong><em>Conser-</em></strong></span> 
     </span>
    </p>
   </div>
   <div class='ocr_carea' id='block_1_88' title="bbox 1973 4303 3552 4359">
    <p class='ocr_par' dir='ltr' id='par_1_88' title="bbox 1973 4303 3552 4359">
     <span class='ocr_line' id='line_1_88' title="bbox 1973 4303 3552 4359; baseline 0 0"><span class='ocrx_word' id='word_1_664' title='bbox 1973 4320 2149 4359; x_wconf 80' lang='lat' dir='ltr'><strong><em>uemus</em></strong></span> <span class='ocrx_word' id='word_1_665' title='bbox 2202 4304 2416 4357; x_wconf 82' lang='lat' dir='ltr'><strong><em>deitatis</em></strong></span> <span class='ocrx_word' id='word_1_666' title='bbox 2464 4312 2512 4357; x_wconf 85' lang='lat' dir='ltr'><strong><em>et</em></strong></span> <span class='ocrx_word' id='word_1_667' title='bbox 2573 4304 2752 4358; x_wconf 86' lang='lat' dir='ltr'><strong><em>carnis</em></strong></span> <span class='ocrx_word' id='word_1_668' title='bbox 2797 4303 3122 4357; x_wconf 86' lang='lat' dir='ltr'><strong><em>discrimen:</em></strong></span> <span class='ocrx_word' id='word_1_669' title='bbox 3164 4321 3297 4358; x_wconf 88' lang='lat' dir='ltr'><strong><em>unus</em></strong></span> <span class='ocrx_word' id='word_1_670' title='bbox 3329 4307 3467 4359; x_wconf 85' lang='lat' dir='ltr'><strong><em>enim</em></strong></span> <span class='ocrx_word' id='word_1_671' title='bbox 3499 4308 3552 4359; x_wconf 87' lang='lat' dir='ltr'><strong><em>in</em></strong></span> 
     </span>
    </p>
   </div>
   <div class='ocr_carea' id='block_1_89' title="bbox 1973 4394 3550 4468">
    <p class='ocr_par' dir='ltr' id='par_1_89' title="bbox 1973 4394 3550 4468">
     <span class='ocr_line' id='line_1_89' title="bbox 1973 4394 3550 4468; baseline -0.001 -14"><span class='ocrx_word' id='word_1_672' title='bbox 1973 4410 2196 4468; x_wconf 85' lang='lat' dir='ltr'><strong><em>utraque</em></strong></span> <span class='ocrx_word' id='word_1_673' title='bbox 2227 4399 2464 4462; x_wconf 83' lang='lat' dir='ltr'><strong><em>loquitur</em></strong></span> <span class='ocrx_word' id='word_1_674' title='bbox 2503 4394 2603 4450; x_wconf 86' lang='lat' dir='ltr'><strong><em>Dei</em></strong></span> <span class='ocrx_word' id='word_1_675' title='bbox 2635 4396 2831 4462; x_wconf 83' lang='lat' dir='ltr'><strong><em>Filius,</em></strong></span> <span class='ocrx_word' id='word_1_676' title='bbox 2865 4414 2979 4450; x_wconf 85' lang='lat' dir='ltr'><strong><em>cum</em></strong></span> <span class='ocrx_word' id='word_1_677' title='bbox 3018 4397 3067 4451; x_wconf 88' lang='lat' dir='ltr'><strong><em>in</em></strong></span> <span class='ocrx_word' id='word_1_678' title='bbox 3100 4413 3160 4452; x_wconf 87' lang='lat' dir='ltr'><strong><em>eo</em></strong></span> <span class='ocrx_word' id='word_1_679' title='bbox 3195 4409 3420 4468; x_wconf 81' lang='lat' dir='ltr'><strong><em>utraque</em></strong></span> <span class='ocrx_word' id='word_1_680' title='bbox 3453 4415 3550 4452; x_wconf 83' lang='lat' dir='ltr'><strong><em>na-</em></strong></span> 
     </span>
    </p>
   </div>
   <div class='ocr_carea' id='block_1_90' title="bbox 1976 4478 3551 4562">
    <p class='ocr_par' dir='ltr' id='par_1_90' title="bbox 1976 4478 3551 4562">
     <span class='ocr_line' id='line_1_90' title="bbox 1976 4478 3551 4562; baseline -0.001 -17"><span class='ocrx_word' id='word_1_681' title='bbox 1976 4478 2207 4546; x_wconf 16' lang='lat' dir='ltr'><strong><em>tura-sit.</em></strong></span> <span class='ocrx_word' id='word_1_682' title='bbox 2246 4492 2313 4545; x_wconf 82' lang='lat' dir='ltr'><strong><em>Et</em></strong></span> <span class='ocrx_word' id='word_1_683' title='bbox 2336 4491 2450 4546; x_wconf 63' lang='lat' dir='ltr'><strong><em>haec</em></strong></span> <span class='ocrx_word' id='word_1_684' title='bbox 2477 4491 2696 4562; x_wconf 88' lang='lat' dir='ltr'><strong><em>quidem</em></strong></span> <span class='ocrx_word' id='word_1_685' title='bbox 2726 4489 2860 4546; x_wconf 90' lang='lat' dir='ltr'><strong><em>satis</em></strong></span> <span class='ocrx_word' id='word_1_686' title='bbox 2892 4488 3098 4544; x_wconf 83' lang='lat' dir='ltr'><strong><em>fuerint</em></strong></span> <span class='ocrx_word' id='word_1_687' title='bbox 3123 4490 3186 4544; x_wconf 89' lang='lat' dir='ltr'><strong><em>ad</em></strong></span> <span class='ocrx_word' id='word_1_688' title='bbox 3212 4489 3551 4559; x_wconf 81' lang='lat' dir='ltr'><strong><em>probandam</em></strong></span> 
     </span>
    </p>
   </div>
   <div class='ocr_carea' id='block_1_91' title="bbox 1975 4580 3551 4652">
    <p class='ocr_par' dir='ltr' id='par_1_91' title="bbox 1975 4580 3551 4652">
     <span class='ocr_line' id='line_1_91' title="bbox 1975 4580 3551 4652; baseline -0.002 -15"><span class='ocrx_word' id='word_1_689' title='bbox 1975 4583 2392 4638; x_wconf 89' lang='lat' dir='ltr'><strong><em>consensionem</em></strong></span> <span class='ocrx_word' id='word_1_690' title='bbox 2426 4590 2634 4636; x_wconf 66' lang='lat' dir='ltr'><strong><em>sanctae</em></strong></span> <span class='ocrx_word' id='word_1_691' title='bbox 2664 4590 2870 4651; x_wconf 65' lang='lat' dir='ltr'><strong><em>quartae</em></strong></span> <span class='ocrx_word' id='word_1_692' title='bbox 2928 4581 3122 4651; x_wconf 78' lang='lat' dir='ltr'><strong><em>synodi</em></strong></span> <span class='ocrx_word' id='word_1_693' title='bbox 3169 4596 3293 4635; x_wconf 91' lang='lat' dir='ltr'><strong><em>cum</em></strong></span> <span class='ocrx_word' id='word_1_694' title='bbox 3324 4580 3551 4652; x_wconf 84' lang='lat' dir='ltr'><strong><em>Cyrillo,</em></strong></span> 
     </span>
    </p>
   </div>
   <div class='ocr_carea' id='block_1_92' title="bbox 290 4671 1883 4763">
    <p class='ocr_par' dir='ltr' id='par_1_92' title="bbox 290 4683 1873 4760">
     <span class='ocr_line' id='line_1_92' title="bbox 290 4683 1873 4760; baseline -0.004 -16"><span class='ocrx_word' id='word_1_695' title='bbox 290 4692 406 4760; x_wconf 78' lang='grc' dir='ltr'><strong><em>τὴν</em></strong></span> <span class='ocrx_word' id='word_1_696' title='bbox 434 4688 726 4759; x_wconf 67' lang='grc' dir='ltr'>διαφορὰν</span> <span class='ocrx_word' id='word_1_697' title='bbox 751 4687 862 4754; x_wconf 82' lang='grc' dir='ltr'><strong><em>τῆς</em></strong></span> <span class='ocrx_word' id='word_1_698' title='bbox 908 4686 1186 4754; x_wconf 79' lang='grc' dir='ltr'><strong><em>θεότητος</em></strong></span> <span class='ocrx_word' id='word_1_699' title='bbox 1219 4684 1316 4738; x_wconf 80' lang='grc' dir='ltr'>καὶ</span> <span class='ocrx_word' id='word_1_700' title='bbox 1355 4683 1464 4753; x_wconf 82' lang='grc' dir='ltr'><strong><em>τῆς</em></strong></span> <span class='ocrx_word' id='word_1_701' title='bbox 1501 4686 1725 4752; x_wconf 84' lang='grc' dir='ltr'>σαρκός</span> <span class='ocrx_word' id='word_1_702' title='bbox 1747 4703 1759 4716; x_wconf 82' lang='grc'><strong>·</strong></span> <span class='ocrx_word' id='word_1_703' title='bbox 1787 4685 1873 4750; x_wconf 83' lang='grc' dir='ltr'><strong><em>εἷς</em></strong></span> 
     </span>
    </p>
   </div>
   <div class='ocr_carea' id='block_1_93' title="bbox 1970 4671 3549 4763">
    <p class='ocr_par' dir='ltr' id='par_1_93' title="bbox 1974 4671 3549 4744">
     <span class='ocr_line' id='line_1_93' title="bbox 1974 4671 3549 4744; baseline -0.003 -11"><span class='ocrx_word' id='word_1_704' title='bbox 1974 4688 2029 4733; x_wconf 89' lang='lat' dir='ltr'><strong><em>et</em></strong></span> <span class='ocrx_word' id='word_1_705' title='bbox 2077 4677 2200 4732; x_wconf 85' lang='lat' dir='ltr'><strong><em>aliis</em></strong></span> <span class='ocrx_word' id='word_1_706' title='bbox 2254 4675 2539 4739; x_wconf 86' lang='lat' dir='ltr'><strong><em>Patribus,</em></strong></span> <span class='ocrx_word' id='word_1_707' title='bbox 2600 4689 2810 4729; x_wconf 84' lang='lat' dir='ltr'><strong><em>necnon</em></strong></span> <span class='ocrx_word' id='word_1_708' title='bbox 2867 4682 2920 4728; x_wconf 86' lang='lat' dir='ltr'><strong><em>et</em></strong></span> <span class='ocrx_word' id='word_1_709' title='bbox 2983 4674 3193 4744; x_wconf 89' lang='lat' dir='ltr'><strong><em>synodo</em></strong></span> <span class='ocrx_word' id='word_1_710' title='bbox 3251 4671 3549 4744; x_wconf 83' lang='lat' dir='ltr'><strong><em>Ephesina.</em></strong></span> 
     </span>
    </p>
   </div>
   <div class='ocr_carea' id='block_1_94' title="bbox 271 4775 1868 4853">
    <p class='ocr_par' dir='ltr' id='par_1_94' title="bbox 271 4775 1868 4853">
     <span class='ocr_line' id='line_1_94' title="bbox 271 4775 1868 4853; baseline -0.004 -17"><span class='ocrx_word' id='word_1_711' title='bbox 271 4786 402 4853; x_wconf 66' lang='grc' dir='ltr'>ιγὰρ</span> <span class='ocrx_word' id='word_1_712' title='bbox 438 4782 508 4834; x_wconf 86' lang='grc' dir='ltr'><strong><em>ἐν</em></strong></span> <span class='ocrx_word' id='word_1_713' title='bbox 533 4779 783 4847; x_wconf 77' lang='grc' dir='ltr'>ἑκατέρᾳ</span> <span class='ocrx_word' id='word_1_714' title='bbox 815 4779 993 4832; x_wconf 74' lang='grc' dir='ltr'>λαλεῖ</span> <span class='ocrx_word' id='word_1_715' title='bbox 1041 4780 1074 4831; x_wconf 82' lang='grc' dir='ltr'><em>ὁ</em></span> <span class='ocrx_word' id='word_1_716' title='bbox 1133 4777 1240 4831; x_wconf 85' lang='grc' dir='ltr'>τοῦ</span> <span class='ocrx_word' id='word_1_717' title='bbox 1272 4775 1422 4831; x_wconf 87' lang='grc' dir='ltr'><em>Θεοῦ</em></span> <span class='ocrx_word' id='word_1_718' title='bbox 1465 4778 1627 4843; x_wconf 79' lang='grc' dir='ltr'><strong><em>Υἱός·</em></strong></span> <span class='ocrx_word' id='word_1_719' title='bbox 1657 4776 1868 4846; x_wconf 79' lang='grc' dir='ltr'>ἐπειδὴ</span> 
     </span>
    </p>
   </div>
   <div class='ocr_carea' id='block_1_95' title="bbox 289 4869 1872 4939">
    <p class='ocr_par' dir='ltr' id='par_1_95' title="bbox 289 4869 1872 4939">
     <span class='ocr_line' id='line_1_95' title="bbox 289 4869 1872 4939; baseline -0.004 -11"><span class='ocrx_word' id='word_1_720' title='bbox 289 4878 360 4928; x_wconf 78' lang='grc' dir='ltr'><strong><em>ἐν</em></strong></span> <span class='ocrx_word' id='word_1_721' title='bbox 404 4871 566 4938; x_wconf 78' lang='grc' dir='ltr'>αὐτῷ</span> <span class='ocrx_word' id='word_1_722' title='bbox 615 4871 862 4939; x_wconf 80' lang='grc' dir='ltr'>ἑκατέρα</span> <span class='ocrx_word' id='word_1_723' title='bbox 909 4870 1097 4939; x_wconf 65' lang='grc' dir='ltr'><em>φύσις</em></span> <span class='ocrx_word' id='word_1_724' title='bbox 1154 4869 1348 4924; x_wconf 80' lang='grc' dir='ltr'>ἐστίν.</span> <span class='ocrx_word' id='word_1_725' title='bbox 1414 4869 1596 4922; x_wconf 88' lang='grc' dir='ltr'>Ἱκανά</span> <span class='ocrx_word' id='word_1_726' title='bbox 1644 4870 1742 4938; x_wconf 85' lang='grc' dir='ltr'><strong><em>μὲν</em></strong></span> <span class='ocrx_word' id='word_1_727' title='bbox 1779 4870 1872 4922; x_wconf 74' lang='grc' dir='ltr'><strong><em>καὶ</em></strong></span> 
     </span>
    </p>
   </div>
   <div class='ocr_carea' id='block_1_96' title="bbox 289 4961 1871 5036">
    <p class='ocr_par' dir='ltr' id='par_1_96' title="bbox 289 4961 1871 5036">
     <span class='ocr_line' id='line_1_96' title="bbox 289 4961 1871 5036; baseline -0.006 -16"><span class='ocrx_word' id='word_1_728' title='bbox 289 4969 465 5022; x_wconf 82' lang='grc' dir='ltr'>ταῦτα</span> <span class='ocrx_word' id='word_1_729' title='bbox 483 4968 832 5036; x_wconf 81' lang='grc' dir='ltr'>παραστῆσαι</span> <span class='ocrx_word' id='word_1_730' title='bbox 850 4964 949 5034; x_wconf 78' lang='grc' dir='ltr'>τὴν</span> <span class='ocrx_word' id='word_1_731' title='bbox 967 4962 1285 5033; x_wconf 66' lang='grc' dir='ltr'>συμφωνίαν</span> <span class='ocrx_word' id='word_1_732' title='bbox 1307 4962 1404 5032; x_wconf 83' lang='grc' dir='ltr'>τῆς</span> <span class='ocrx_word' id='word_1_733' title='bbox 1415 4962 1578 5030; x_wconf 85' lang='grc' dir='ltr'>ἁγίας</span> <span class='ocrx_word' id='word_1_734' title='bbox 1604 4961 1871 5033; x_wconf 77' lang='grc' dir='ltr'>τετάρτης</span> 
     </span>
    </p>
   </div>
   <div class='ocr_carea' id='block_1_97' title="bbox 292 5054 1867 5131">
    <p class='ocr_par' dir='ltr' id='par_1_97' title="bbox 292 5054 1867 5131">
     <span class='ocr_line' id='line_1_97' title="bbox 292 5054 1867 5131; baseline -0.005 -17"><span class='ocrx_word' id='word_1_735' title='bbox 292 5061 514 5115; x_wconf 82' lang='grc' dir='ltr'>συνόδου</span> <span class='ocrx_word' id='word_1_736' title='bbox 545 5058 682 5131; x_wconf 80' lang='grc' dir='ltr'>μετὰ</span> <span class='ocrx_word' id='word_1_737' title='bbox 730 5056 1001 5130; x_wconf 81' lang='grc' dir='ltr'>Κυρίλλου</span> <span class='ocrx_word' id='word_1_738' title='bbox 1057 5057 1151 5108; x_wconf 76' lang='grc' dir='ltr'><strong><em>καὶ</em></strong></span> <span class='ocrx_word' id='word_1_739' title='bbox 1203 5054 1309 5107; x_wconf 83' lang='grc' dir='ltr'><strong><em>τῶν</em></strong></span> <span class='ocrx_word' id='word_1_740' title='bbox 1339 5054 1540 5107; x_wconf 83' lang='grc' dir='ltr'>λοιπῶν</span> <span class='ocrx_word' id='word_1_741' title='bbox 1589 5055 1867 5126; x_wconf 79' lang='grc' dir='ltr'>Πατέρων,</span> 
     </span>
    </p>
   </div>
   <div class='ocr_carea' id='block_1_98' title="bbox 290 5151 1869 5226">
    <p class='ocr_par' dir='ltr' id='par_1_98' title="bbox 290 5151 1869 5226">
     <span class='ocr_line' id='line_1_98' title="bbox 290 5151 1869 5226; baseline -0.004 -15"><span class='ocrx_word' id='word_1_742' title='bbox 290 5157 388 5211; x_wconf 72' lang='grc' dir='ltr'>καὶ</span> <span class='ocrx_word' id='word_1_743' title='bbox 435 5156 538 5226; x_wconf 77' lang='grc' dir='ltr'>τῆς</span> <span class='ocrx_word' id='word_1_744' title='bbox 588 5157 644 5209; x_wconf 83' lang='grc' dir='ltr'>ὲν</span> <span class='ocrx_word' id='word_1_745' title='bbox 707 5153 922 5224; x_wconf 79' lang='grc' dir='ltr'>Ἐφέσῳ</span> <span class='ocrx_word' id='word_1_746' title='bbox 963 5153 1204 5206; x_wconf 77' lang='grc' dir='ltr'>συνόδου.</span> <span class='ocrx_word' id='word_1_747' title='bbox 1253 5152 1361 5206; x_wconf 68' lang='grc' dir='ltr'><strong><em>Καὶ</em></strong></span> <span class='ocrx_word' id='word_1_748' title='bbox 1402 5152 1451 5204; x_wconf 85' lang='grc' dir='ltr'><strong><em>εί</em></strong></span> <span class='ocrx_word' id='word_1_749' title='bbox 1495 5153 1684 5223; x_wconf 82' lang='grc' dir='ltr'>μήτις</span> <span class='ocrx_word' id='word_1_750' title='bbox 1713 5151 1869 5218; x_wconf 80' lang='grc' dir='ltr'>λόγου</span> 
     </span>
    </p>
   </div>
   <div class='ocr_carea' id='block_1_99' title="bbox 268 5242 1872 5322">
    <p class='ocr_par' dir='ltr' id='par_1_99' title="bbox 289 5242 1872 5315">
     <span class='ocr_line' id='line_1_99' title="bbox 289 5242 1872 5315; baseline -0.004 -12"><span class='ocrx_word' id='word_1_751' title='bbox 289 5250 512 5313; x_wconf 73' lang='grc' dir='ltr'>ἔκτεισις</span> <span class='ocrx_word' id='word_1_752' title='bbox 538 5245 824 5310; x_wconf 84' lang='grc' dir='ltr'>διεκώλυε,</span> <span class='ocrx_word' id='word_1_753' title='bbox 853 5245 992 5315; x_wconf 72' lang='grc' dir='ltr'>τάχα</span> <span class='ocrx_word' id='word_1_754' title='bbox 1022 5244 1087 5298; x_wconf 79' lang='grc' dir='ltr'>ἂν</span> <span class='ocrx_word' id='word_1_755' title='bbox 1113 5242 1336 5308; x_wconf 87' lang='grc' dir='ltr'>πολλαῖς</span> <span class='ocrx_word' id='word_1_756' title='bbox 1368 5245 1461 5296; x_wconf 74' lang='grc' dir='ltr'>καὶ</span> <span class='ocrx_word' id='word_1_757' title='bbox 1493 5243 1679 5314; x_wconf 81' lang='grc' dir='ltr'>σχεδὸν</span> <span class='ocrx_word' id='word_1_758' title='bbox 1699 5245 1872 5296; x_wconf 82' lang='grc' dir='ltr'>εἰπεῖν</span> 
     </span>
    </p>
   </div>
   <div class='ocr_carea' id='block_1_100' title="bbox 281 5334 1873 5415">
    <p class='ocr_par' dir='ltr' id='par_1_100' title="bbox 281 5334 1873 5415">
     <span class='ocr_line' id='line_1_100' title="bbox 281 5334 1873 5415; baseline -0.006 -18"><span class='ocrx_word' id='word_1_759' title='bbox 281 5336 543 5415; x_wconf 62' lang='grc' dir='ltr'>’ἀπείροις</span> <span class='ocrx_word' id='word_1_760' title='bbox 593 5341 948 5414; x_wconf 83' lang='grc' dir='ltr'>μαρτυρίαις,</span> <span class='ocrx_word' id='word_1_761' title='bbox 1005 5337 1070 5392; x_wconf 67' lang='grc' dir='ltr'>ἐκ</span> <span class='ocrx_word' id='word_1_762' title='bbox 1101 5355 1160 5391; x_wconf 87' lang='grc' dir='ltr'><strong><em>τε</em></strong></span> <span class='ocrx_word' id='word_1_763' title='bbox 1200 5334 1496 5407; x_wconf 79' lang='grc' dir='ltr'>Γραφικῶν</span> <span class='ocrx_word' id='word_1_764' title='bbox 1525 5335 1743 5403; x_wconf 89' lang='grc' dir='ltr'>λογίων,</span> <span class='ocrx_word' id='word_1_765' title='bbox 1782 5337 1873 5388; x_wconf 77' lang='grc' dir='ltr'><strong><em>καὶ</em></strong></span> 
     </span>
    </p>
   </div>
   <div class='ocr_carea' id='block_1_101' title="bbox 293 5428 1872 5506">
    <p class='ocr_par' dir='ltr' id='par_1_101' title="bbox 293 5428 1872 5506">
     <span class='ocr_line' id='line_1_101' title="bbox 293 5428 1872 5506; baseline -0.006 -16"><span class='ocrx_word' id='word_1_766' title='bbox 293 5434 587 5506; x_wconf 80' lang='grc' dir='ltr'>Ιιατρικῶν</span> <span class='ocrx_word' id='word_1_767' title='bbox 646 5431 1120 5503; x_wconf 80' lang='grc' dir='ltr'>συγγραμμάτων,</span> <span class='ocrx_word' id='word_1_768' title='bbox 1182 5429 1278 5482; x_wconf 68' lang='grc' dir='ltr'><strong><em>καὶ</em></strong></span> <span class='ocrx_word' id='word_1_769' title='bbox 1325 5428 1708 5499; x_wconf 81' lang='grc' dir='ltr'>συλλογισμοῖς</span> <span class='ocrx_word' id='word_1_770' title='bbox 1735 5430 1872 5483; x_wconf 79' lang='grc' dir='ltr'><strong><em>ἀπο-</em></strong></span> 
     </span>
    </p>
   </div>
   <div class='ocr_carea' id='block_1_102' title="bbox 290 5519 1874 5598">
    <p class='ocr_par' dir='ltr' id='par_1_102' title="bbox 290 5519 1874 5598">
     <span class='ocr_line' id='line_1_102' title="bbox 290 5519 1874 5598; baseline -0.006 -16"><span class='ocrx_word' id='word_1_771' title='bbox 290 5529 584 5586; x_wconf 80' lang='grc' dir='ltr'>δεικτικοῖς</span> <span class='ocrx_word' id='word_1_772' title='bbox 610 5525 974 5598; x_wconf 80' lang='grc' dir='ltr'>χρησάμενοι,</span> <span class='ocrx_word' id='word_1_773' title='bbox 1011 5522 1288 5594; x_wconf 81' lang='grc' dir='ltr'>παριστᾷν</span> <span class='ocrx_word' id='word_1_774' title='bbox 1336 5522 1552 5591; x_wconf 72' lang='grc' dir='ltr'>εἴχομεν</span> <span class='ocrx_word' id='word_1_775' title='bbox 1584 5520 1680 5588; x_wconf 78' lang='grc' dir='ltr'><strong><em>τῆς</em></strong></span> <span class='ocrx_word' id='word_1_776' title='bbox 1711 5519 1874 5590; x_wconf 83' lang='grc' dir='ltr'>ἁγίας</span> 
     </span>
    </p>
   </div>
   <div class='ocr_carea' id='block_1_103' title="bbox 294 5612 1873 5692">
    <p class='ocr_par' dir='ltr' id='par_1_103' title="bbox 294 5612 1873 5692">
     <span class='ocr_line' id='line_1_103' title="bbox 294 5612 1873 5692; baseline -0.006 -19"><span class='ocrx_word' id='word_1_777' title='bbox 294 5621 564 5692; x_wconf 85' lang='grc' dir='ltr'>τετάρτης</span> <span class='ocrx_word' id='word_1_778' title='bbox 603 5614 823 5672; x_wconf 67' lang='grc' dir='ltr'>συνόδου</span> <span class='ocrx_word' id='word_1_779' title='bbox 873 5616 975 5689; x_wconf 81' lang='grc' dir='ltr'>τὴν</span> <span class='ocrx_word' id='word_1_780' title='bbox 1017 5613 1340 5686; x_wconf 82' lang='grc' dir='ltr'>συμφωνίαν</span> <span class='ocrx_word' id='word_1_781' title='bbox 1373 5613 1510 5684; x_wconf 82' lang='grc' dir='ltr'>πρὸς</span> <span class='ocrx_word' id='word_1_782' title='bbox 1541 5614 1658 5677; x_wconf 82' lang='grc' dir='ltr'>ταῖς</span> <span class='ocrx_word' id='word_1_783' title='bbox 1685 5612 1873 5676; x_wconf 79' lang='grc' dir='ltr'>ἄλλαις</span> 
     </span>
    </p>
   </div>
   <div class='ocr_carea' id='block_1_104' title="bbox 293 5702 1869 5783">
    <p class='ocr_par' dir='ltr' id='par_1_104' title="bbox 293 5702 1869 5783">
     <span class='ocr_line' id='line_1_104' title="bbox 293 5702 1869 5783; baseline -0.004 -19"><span class='ocrx_word' id='word_1_784' title='bbox 293 5713 471 5783; x_wconf 77' lang='grc' dir='ltr'>τρισὶν</span> <span class='ocrx_word' id='word_1_785' title='bbox 521 5710 705 5780; x_wconf 85' lang='grc' dir='ltr'>ἁγίαις</span> <span class='ocrx_word' id='word_1_786' title='bbox 749 5707 1009 5770; x_wconf 76' lang='grc' dir='ltr'>συνόδοις,</span> <span class='ocrx_word' id='word_1_787' title='bbox 1061 5705 1156 5759; x_wconf 75' lang='grc' dir='ltr'>καὶ</span> <span class='ocrx_word' id='word_1_788' title='bbox 1205 5704 1341 5776; x_wconf 72' lang='grc' dir='ltr'>πρὸς</span> <span class='ocrx_word' id='word_1_789' title='bbox 1383 5704 1551 5774; x_wconf 71' lang='grc' dir='ltr'>αὐτὴν</span> <span class='ocrx_word' id='word_1_790' title='bbox 1590 5702 1869 5775; x_wconf 75' lang='grc' dir='ltr'>ἀλήθειαν.</span> 
     </span>
    </p>
   </div>
   <div class='ocr_carea' id='block_1_105' title="bbox 306 5793 1871 5871">
    <p class='ocr_par' dir='ltr' id='par_1_105' title="bbox 306 5793 1871 5871">
     <span class='ocr_line' id='line_1_105' title="bbox 306 5793 1871 5871; baseline -0.008 -14"><span class='ocrx_word' id='word_1_791' title='bbox 306 5805 458 5857; x_wconf 76' lang='grc' dir='ltr'><strong><em>Ἐπεὶ</em></strong></span> <span class='ocrx_word' id='word_1_792' title='bbox 491 5799 584 5857; x_wconf 73' lang='grc' dir='ltr'><strong><em>οὖν</em></strong></span> <span class='ocrx_word' id='word_1_793' title='bbox 617 5805 645 5858; x_wconf 85' lang='grc' dir='ltr'><strong><em>ό</em></strong></span> <span class='ocrx_word' id='word_1_794' title='bbox 672 5802 830 5871; x_wconf 83' lang='grc' dir='ltr'>λόγος</span> <span class='ocrx_word' id='word_1_795' title='bbox 859 5797 1102 5870; x_wconf 72' lang='grc' dir='ltr'>ὲοναργῶς</span> <span class='ocrx_word' id='word_1_796' title='bbox 1143 5793 1293 5850; x_wconf 72' lang='grc' dir='ltr'>τουτὶ</span> <span class='ocrx_word' id='word_1_797' title='bbox 1324 5796 1692 5866; x_wconf 73' lang='grc' dir='ltr'>παρέστησεν,</span> <span class='ocrx_word' id='word_1_798' title='bbox 1733 5793 1871 5846; x_wconf 81' lang='grc' dir='ltr'>ἀπό-</span> 
     </span>
    </p>
   </div>
   <div class='ocr_carea' id='block_1_106' title="bbox 295 5885 1872 5966">
    <p class='ocr_par' dir='ltr' id='par_1_106' title="bbox 295 5885 1872 5966">
     <span class='ocr_line' id='line_1_106' title="bbox 295 5885 1872 5966; baseline -0.006 -19"><span class='ocrx_word' id='word_1_799' title='bbox 295 5893 450 5966; x_wconf 82' lang='grc' dir='ltr'>στηοι</span> <span class='ocrx_word' id='word_1_800' title='bbox 466 5893 560 5948; x_wconf 78' lang='grc' dir='ltr'><em>τοῦ</em></span> <span class='ocrx_word' id='word_1_801' title='bbox 582 5894 859 5964; x_wconf 82' lang='grc' dir='ltr'>διασύρειν</span> <span class='ocrx_word' id='word_1_802' title='bbox 879 5892 977 5962; x_wconf 75' lang='grc' dir='ltr'><strong><em>τὴν</em></strong></span> <span class='ocrx_word' id='word_1_803' title='bbox 993 5890 1151 5959; x_wconf 83' lang='grc' dir='ltr'>ἁγίαν</span> <span class='ocrx_word' id='word_1_804' title='bbox 1170 5889 1436 5958; x_wconf 76' lang='grc' dir='ltr'>τετάρτην</span> <span class='ocrx_word' id='word_1_805' title='bbox 1461 5885 1696 5951; x_wconf 82' lang='grc' dir='ltr'>σύνοδον,</span> <span class='ocrx_word' id='word_1_806' title='bbox 1715 5886 1872 5956; x_wconf 81' lang='grc' dir='ltr'>εἴπερ</span> 
     </span>
    </p>
   </div>
   <div class='ocr_carea' id='block_1_107' title="bbox 295 5977 1872 6056">
    <p class='ocr_par' dir='ltr' id='par_1_107' title="bbox 295 5977 1872 6056">
     <span class='ocr_line' id='line_1_107' title="bbox 295 5977 1872 6056; baseline -0.006 -16"><span class='ocrx_word' id='word_1_807' title='bbox 295 5985 390 6056; x_wconf 79' lang='grc' dir='ltr'>τὴν</span> <span class='ocrx_word' id='word_1_808' title='bbox 437 5984 631 6039; x_wconf 76' lang='grc' dir='ltr'>ἑαυτοῦ</span> <span class='ocrx_word' id='word_1_809' title='bbox 691 5983 902 6056; x_wconf 75' lang='grc' dir='ltr'>ἐπισπᾷ</span> <span class='ocrx_word' id='word_1_810' title='bbox 933 5979 1228 6053; x_wconf 78' lang='grc' dir='ltr'>σωτηρίαν,</span> <span class='ocrx_word' id='word_1_811' title='bbox 1269 5979 1362 6033; x_wconf 66' lang='grc' dir='ltr'>καὶ</span> <span class='ocrx_word' id='word_1_812' title='bbox 1383 5978 1508 6043; x_wconf 81' lang='grc' dir='ltr'>τοὺς</span> <span class='ocrx_word' id='word_1_813' title='bbox 1539 5977 1660 6032; x_wconf 86' lang='grc' dir='ltr'>κατ’</span> <span class='ocrx_word' id='word_1_814' title='bbox 1696 5979 1872 6030; x_wconf 79' lang='grc' dir='ltr'>ἐκεῖνο</span> 
     </span>
    </p>
   </div>
   <div class='ocr_carea' id='block_1_108' title="bbox 1976 4767 3554 4838">
    <p class='ocr_par' dir='ltr' id='par_1_108' title="bbox 1976 4767 3554 4838">
     <span class='ocr_line' id='line_1_108' title="bbox 1976 4767 3554 4838; baseline -0.001 -13"><span class='ocrx_word' id='word_1_815' title='bbox 1976 4769 2131 4838; x_wconf 86' lang='lat' dir='ltr'><strong><em>Quod</em></strong></span> <span class='ocrx_word' id='word_1_816' title='bbox 2176 4769 2222 4824; x_wconf 88' lang='lat' dir='ltr'><strong><em>si</em></strong></span> <span class='ocrx_word' id='word_1_817' title='bbox 2259 4769 2536 4824; x_wconf 81' lang='lat' dir='ltr'><strong><em>sermonis</em></strong></span> <span class='ocrx_word' id='word_1_818' title='bbox 2568 4767 2857 4838; x_wconf 80' lang='lat' dir='ltr'><strong><em>prolixitas</em></strong></span> <span class='ocrx_word' id='word_1_819' title='bbox 2889 4782 2996 4822; x_wconf 89' lang='lat' dir='ltr'><strong><em>non</em></strong></span> <span class='ocrx_word' id='word_1_820' title='bbox 3046 4767 3377 4837; x_wconf 81' lang='lat' dir='ltr'><strong><em>prohiberet,</em></strong></span> <span class='ocrx_word' id='word_1_821' title='bbox 3413 4767 3554 4824; x_wconf 85' lang='lat' dir='ltr'><strong><em>forte</em></strong></span> 
     </span>
    </p>
   </div>
   <div class='ocr_carea' id='block_1_109' title="bbox 1972 4861 3546 4936">
    <p class='ocr_par' dir='ltr' id='par_1_109' title="bbox 1972 4861 3546 4936">
     <span class='ocr_line' id='line_1_109' title="bbox 1972 4861 3546 4936; baseline -0.001 -18"><span class='ocrx_word' id='word_1_822' title='bbox 1972 4864 2270 4936; x_wconf 88' lang='lat' dir='ltr'><strong><em>plerisque,</em></strong></span> <span class='ocrx_word' id='word_1_823' title='bbox 2296 4873 2347 4918; x_wconf 91' lang='lat' dir='ltr'><strong><em>et</em></strong></span> <span class='ocrx_word' id='word_1_824' title='bbox 2375 4862 2487 4918; x_wconf 82' lang='lat' dir='ltr'><strong><em>fere</em></strong></span> <span class='ocrx_word' id='word_1_825' title='bbox 2521 4862 2848 4926; x_wconf 89' lang='lat' dir='ltr'><strong><em>innumeris,</em></strong></span> <span class='ocrx_word' id='word_1_826' title='bbox 2878 4869 2936 4915; x_wconf 91' lang='lat' dir='ltr'><strong><em>ut</em></strong></span> <span class='ocrx_word' id='word_1_827' title='bbox 2968 4861 3040 4916; x_wconf 89' lang='lat' dir='ltr'><strong><em>ita</em></strong></span> <span class='ocrx_word' id='word_1_828' title='bbox 3072 4861 3275 4925; x_wconf 89' lang='lat' dir='ltr'><strong><em>dicam,</em></strong></span> <span class='ocrx_word' id='word_1_829' title='bbox 3305 4861 3546 4917; x_wconf 83' lang='lat' dir='ltr'><strong><em>testimo-</em></strong></span> 
     </span>
    </p>
   </div>
   <div class='ocr_carea' id='block_1_110' title="bbox 1973 4951 3548 5024">
    <p class='ocr_par' dir='ltr' id='par_1_110' title="bbox 1973 4951 3548 5024">
     <span class='ocr_line' id='line_1_110' title="bbox 1973 4951 3548 5024; baseline -0.001 -14"><span class='ocrx_word' id='word_1_830' title='bbox 1973 4957 2080 5012; x_wconf 92' lang='lat' dir='ltr'><strong><em>niis</em></strong></span> <span class='ocrx_word' id='word_1_831' title='bbox 2101 4972 2165 5010; x_wconf 79' lang='lat' dir='ltr'><strong><em>ex</em></strong></span> <span class='ocrx_word' id='word_1_832' title='bbox 2196 4956 2397 5011; x_wconf 85' lang='lat' dir='ltr'><strong><em>divinis</em></strong></span> <span class='ocrx_word' id='word_1_833' title='bbox 2432 4955 2700 5023; x_wconf 82' lang='lat' dir='ltr'><strong><em>Eloquiis,</em></strong></span> <span class='ocrx_word' id='word_1_834' title='bbox 2732 4961 2780 5007; x_wconf 88' lang='lat' dir='ltr'><strong><em>et</em></strong></span> <span class='ocrx_word' id='word_1_835' title='bbox 2821 4951 3042 5007; x_wconf 83' lang='lat' dir='ltr'><strong><em>Patrum</em></strong></span> <span class='ocrx_word' id='word_1_836' title='bbox 3066 4952 3323 5022; x_wconf 89' lang='lat' dir='ltr'><strong><em>operibus</em></strong></span> <span class='ocrx_word' id='word_1_837' title='bbox 3346 4955 3548 5024; x_wconf 82' lang='lat' dir='ltr'><strong><em>petitis,</em></strong></span> 
     </span>
    </p>
   </div>
   <div class='ocr_carea' id='block_1_111' title="bbox 1974 5044 3542 5117">
    <p class='ocr_par' dir='ltr' id='par_1_111' title="bbox 1974 5044 3542 5117">
     <span class='ocr_line' id='line_1_111' title="bbox 1974 5044 3542 5117; baseline -0.003 -14"><span class='ocrx_word' id='word_1_838' title='bbox 1974 5064 2185 5103; x_wconf 89' lang='lat' dir='ltr'><strong><em>necnon</em></strong></span> <span class='ocrx_word' id='word_1_839' title='bbox 2223 5047 2562 5117; x_wconf 81' lang='lat' dir='ltr'><strong><em>gravissimis</em></strong></span> <span class='ocrx_word' id='word_1_840' title='bbox 2612 5060 2675 5098; x_wconf 90' lang='lat' dir='ltr'><strong><em>ac</em></strong></span> <span class='ocrx_word' id='word_1_841' title='bbox 2729 5044 3061 5098; x_wconf 81' lang='lat' dir='ltr'><strong><em>lirmissimis</em></strong></span> <span class='ocrx_word' id='word_1_842' title='bbox 3116 5046 3542 5114; x_wconf 45' lang='lat' dir='ltr'><strong><em>argumentatio-</em></strong></span> 
     </span>
    </p>
   </div>
   <div class='ocr_carea' id='block_1_112' title="bbox 1975 5137 3546 5208">
    <p class='ocr_par' dir='ltr' id='par_1_112' title="bbox 1975 5137 3546 5208">
     <span class='ocr_line' id='line_1_112' title="bbox 1975 5137 3546 5208; baseline -0.004 -11"><span class='ocrx_word' id='word_1_843' title='bbox 1975 5143 2136 5197; x_wconf 90' lang='lat' dir='ltr'><strong><em>nibus</em></strong></span> <span class='ocrx_word' id='word_1_844' title='bbox 2162 5142 2215 5195; x_wconf 91' lang='lat' dir='ltr'><strong><em>in</em></strong></span> <span class='ocrx_word' id='word_1_845' title='bbox 2247 5141 2484 5196; x_wconf 86' lang='lat' dir='ltr'><strong><em>medium</em></strong></span> <span class='ocrx_word' id='word_1_846' title='bbox 2512 5139 2690 5193; x_wconf 85' lang='lat' dir='ltr'><strong><em>allatis</em></strong></span> <span class='ocrx_word' id='word_1_847' title='bbox 2725 5148 2928 5192; x_wconf 71' lang='lat' dir='ltr'><strong><em>sancta:</em></strong></span> <span class='ocrx_word' id='word_1_848' title='bbox 2961 5146 3170 5208; x_wconf 75' lang='lat' dir='ltr'><strong><em>quarta:</em></strong></span> <span class='ocrx_word' id='word_1_849' title='bbox 3201 5137 3391 5208; x_wconf 87' lang='lat' dir='ltr'><strong><em>synodi</em></strong></span> <span class='ocrx_word' id='word_1_850' title='bbox 3423 5153 3546 5192; x_wconf 89' lang='lat' dir='ltr'><strong><em>cum</em></strong></span> 
     </span>
    </p>
   </div>
   <div class='ocr_carea' id='block_1_113' title="bbox 1974 5229 3549 5304">
    <p class='ocr_par' dir='ltr' id='par_1_113' title="bbox 1974 5229 3549 5304">
     <span class='ocr_line' id='line_1_113' title="bbox 1974 5229 3549 5304; baseline -0.004 -14"><span class='ocrx_word' id='word_1_851' title='bbox 1974 5237 2096 5290; x_wconf 88' lang='lat' dir='ltr'><strong><em>aliis</em></strong></span> <span class='ocrx_word' id='word_1_852' title='bbox 2126 5235 2300 5290; x_wconf 85' lang='lat' dir='ltr'><strong><em>tribus</em></strong></span> <span class='ocrx_word' id='word_1_853' title='bbox 2325 5243 2378 5288; x_wconf 89' lang='lat' dir='ltr'><strong><em>et</em></strong></span> <span class='ocrx_word' id='word_1_854' title='bbox 2419 5235 2533 5304; x_wconf 88' lang='lat' dir='ltr'><strong><em>ipsa</em></strong></span> <span class='ocrx_word' id='word_1_855' title='bbox 2563 5232 2789 5286; x_wconf 85' lang='lat' dir='ltr'><strong><em>veritate</em></strong></span> <span class='ocrx_word' id='word_1_856' title='bbox 2830 5229 3182 5286; x_wconf 72' lang='lat' dir='ltr'><strong><em>concordiam</em></strong></span> <span class='ocrx_word' id='word_1_857' title='bbox 3220 5231 3549 5299; x_wconf 81' lang='lat' dir='ltr'><strong><em>comproba-</em></strong></span> 
     </span>
    </p>
   </div>
   <div class='ocr_carea' id='block_1_114' title="bbox 1976 5322 3546 5395">
    <p class='ocr_par' dir='ltr' id='par_1_114' title="bbox 1976 5322 3546 5395">
     <span class='ocr_line' id='line_1_114' title="bbox 1976 5322 3546 5395; baseline -0.007 -11"><span class='ocrx_word' id='word_1_858' title='bbox 1976 5344 2187 5395; x_wconf 82' lang='lat' dir='ltr'><strong><em>remus;</em></strong></span> <span class='ocrx_word' id='word_1_859' title='bbox 2216 5328 2309 5381; x_wconf 77' lang='lat' dir='ltr'><strong><em>sed</em></strong></span> <span class='ocrx_word' id='word_1_860' title='bbox 2342 5342 2464 5380; x_wconf 85' lang='lat' dir='ltr'><strong><em>cum</em></strong></span> <span class='ocrx_word' id='word_1_861' title='bbox 2513 5325 2688 5380; x_wconf 83' lang='lat' dir='ltr'><strong><em>oratio</em></strong></span> <span class='ocrx_word' id='word_1_862' title='bbox 2725 5333 2911 5394; x_wconf 88' lang='lat' dir='ltr'><strong><em>aperte</em></strong></span> <span class='ocrx_word' id='word_1_863' title='bbox 2958 5322 3010 5378; x_wconf 90' lang='lat' dir='ltr'><strong><em>id</em></strong></span> <span class='ocrx_word' id='word_1_864' title='bbox 3063 5322 3546 5388; x_wconf 79' lang='lat' dir='ltr'><strong><em>demnnstravcrit,</em></strong></span> 
     </span>
    </p>
   </div>
   <div class='ocr_carea' id='block_1_115' title="bbox 1977 5400 3546 5490">
    <p class='ocr_par' dir='ltr' id='par_1_115' title="bbox 1977 5400 3546 5490">
     <span class='ocr_line' id='line_1_115' title="bbox 1977 5400 3546 5490; baseline -0.005 -13"><span class='ocrx_word' id='word_1_865' title='bbox 1977 5425 2137 5477; x_wconf 85' lang='lat' dir='ltr'><strong><em>linem</em></strong></span> <span class='ocrx_word' id='word_1_866' title='bbox 2189 5423 2396 5490; x_wconf 86' lang='lat' dir='ltr'><strong><em>ponito,</em></strong></span> <span class='ocrx_word' id='word_1_867' title='bbox 2437 5429 2681 5475; x_wconf 87' lang='lat' dir='ltr'><strong><em>sanctam</em></strong></span> <span class='ocrx_word' id='word_1_868' title='bbox 2746 5427 2998 5488; x_wconf 88' lang='lat' dir='ltr'><strong><em>quartam</em></strong></span> <span class='ocrx_word' id='word_1_869' title='bbox 3043 5400 3316 5488; x_wconf 82' lang='lat' dir='ltr'><strong><em>synodum</em></strong></span> <span class='ocrx_word' id='word_1_870' title='bbox 3364 5417 3546 5471; x_wconf 53' lang='lat' dir='ltr'><strong><em>convio</em></strong></span> 
     </span>
    </p>
   </div>
   <div class='ocr_carea' id='block_1_116' title="bbox 1970 5505 3547 5578">
    <p class='ocr_par' dir='ltr' id='par_1_116' title="bbox 1970 5505 3547 5578">
     <span class='ocr_line' id='line_1_116' title="bbox 1970 5505 3547 5578; baseline -0.006 -8"><span class='ocrx_word' id='word_1_871' title='bbox 1970 5516 2180 5578; x_wconf 87' lang='lat' dir='ltr'><strong><em>ciandi,</em></strong></span> <span class='ocrx_word' id='word_1_872' title='bbox 2238 5513 2283 5568; x_wconf 89' lang='lat' dir='ltr'><strong><em>si</em></strong></span> <span class='ocrx_word' id='word_1_873' title='bbox 2325 5522 2432 5567; x_wconf 69' lang='lat' dir='ltr'><strong><em>tua:</em></strong></span> <span class='ocrx_word' id='word_1_874' title='bbox 2463 5521 2517 5567; x_wconf 87' lang='lat' dir='ltr'><strong><em>te</em></strong></span> <span class='ocrx_word' id='word_1_875' title='bbox 2572 5512 2768 5575; x_wconf 83' lang='lat' dir='ltr'><strong><em>salutis</em></strong></span> <span class='ocrx_word' id='word_1_876' title='bbox 2814 5509 3054 5566; x_wconf 90' lang='lat' dir='ltr'><strong><em>studium</em></strong></span> <span class='ocrx_word' id='word_1_877' title='bbox 3091 5516 3259 5574; x_wconf 83' lang='lat' dir='ltr'><strong><em>tenet,</em></strong></span> <span class='ocrx_word' id='word_1_878' title='bbox 3310 5523 3407 5562; x_wconf 89' lang='lat' dir='ltr'><strong><em>nec</em></strong></span> <span class='ocrx_word' id='word_1_879' title='bbox 3451 5505 3547 5562; x_wconf 80' lang='lat' dir='ltr'><strong><em>eos</em></strong></span> 
     </span>
    </p>
   </div>
   <div class='ocr_carea' id='block_1_117' title="bbox 1974 5591 3550 5673">
    <p class='ocr_par' dir='ltr' id='par_1_117' title="bbox 1974 5591 3550 5673">
     <span class='ocr_line' id='line_1_117' title="bbox 1974 5591 3550 5673; baseline -0.005 -10"><span class='ocrx_word' id='word_1_880' title='bbox 1974 5608 2268 5670; x_wconf 83' lang='lat' dir='ltr'><strong><em>aversaris,</em></strong></span> <span class='ocrx_word' id='word_1_881' title='bbox 2324 5591 2418 5673; x_wconf 85' lang='lat' dir='ltr'><strong><em>qui</em></strong></span> <span class='ocrx_word' id='word_1_882' title='bbox 2462 5618 2528 5658; x_wconf 93' lang='lat' dir='ltr'><strong><em>eo</em></strong></span> <span class='ocrx_word' id='word_1_883' title='bbox 2581 5602 2846 5671; x_wconf 89' lang='lat' dir='ltr'><strong><em>temporis</em></strong></span> <span class='ocrx_word' id='word_1_884' title='bbox 2896 5600 3179 5654; x_wconf 88' lang='lat' dir='ltr'><strong><em>hominum</em></strong></span> <span class='ocrx_word' id='word_1_885' title='bbox 3240 5595 3550 5667; x_wconf 80' lang='lat' dir='ltr'><strong><em>frequentia</em></strong></span> 
     </span>
    </p>
   </div>
   <div class='ocr_carea' id='block_1_118' title="bbox 1975 5676 3546 5768">
    <p class='ocr_par' dir='ltr' id='par_1_118' title="bbox 1975 5676 3546 5768">
     <span class='ocr_line' id='line_1_118' title="bbox 1975 5676 3546 5768; baseline -0.007 -14"><span class='ocrx_word' id='word_1_886' title='bbox 1975 5697 2329 5768; x_wconf 90' lang='lat' dir='ltr'><strong><em>conspicuam</em></strong></span> <span class='ocrx_word' id='word_1_887' title='bbox 2356 5695 2500 5750; x_wconf 90' lang='lat' dir='ltr'><strong><em>illam</em></strong></span> <span class='ocrx_word' id='word_1_888' title='bbox 2530 5693 2800 5765; x_wconf 90' lang='lat' dir='ltr'><strong><em>synodum</em></strong></span> <span class='ocrx_word' id='word_1_889' title='bbox 2837 5691 2956 5762; x_wconf 83' lang='lat' dir='ltr'><strong><em>cogi</em></strong></span> <span class='ocrx_word' id='word_1_890' title='bbox 2986 5689 3368 5753; x_wconf 86' lang='lat' dir='ltr'><strong><em>decreverunt,</em></strong></span> <span class='ocrx_word' id='word_1_891' title='bbox 3391 5695 3446 5742; x_wconf 89' lang='lat' dir='ltr'><strong><em>et</em></strong></span> <span class='ocrx_word' id='word_1_892' title='bbox 3468 5676 3546 5743; x_wconf 34' lang='lat' dir='ltr'><strong><em>le.-</em></strong></span> 
     </span>
    </p>
   </div>
   <div class='ocr_carea' id='block_1_119' title="bbox 1973 5780 3544 5864">
    <p class='ocr_par' dir='ltr' id='par_1_119' title="bbox 1973 5780 3544 5864">
     <span class='ocr_line' id='line_1_119' title="bbox 1973 5780 3544 5864; baseline -0.008 -19"><span class='ocrx_word' id='word_1_893' title='bbox 1973 5792 2182 5864; x_wconf 79' lang='lat' dir='ltr'><strong><em>gitime,</em></strong></span> <span class='ocrx_word' id='word_1_894' title='bbox 2216 5802 2555 5858; x_wconf 66' lang='lat' dir='ltr'><strong><em>quaecunque</em></strong></span> <span class='ocrx_word' id='word_1_895' title='bbox 2596 5785 2648 5839; x_wconf 92' lang='lat' dir='ltr'><strong><em>in</em></strong></span> <span class='ocrx_word' id='word_1_896' title='bbox 2683 5799 2747 5839; x_wconf 89' lang='lat' dir='ltr'><strong><em>ea</em></strong></span> <span class='ocrx_word' id='word_1_897' title='bbox 2789 5793 2909 5838; x_wconf 89' lang='lat' dir='ltr'><strong><em>acta</em></strong></span> <span class='ocrx_word' id='word_1_898' title='bbox 2938 5791 3102 5847; x_wconf 89' lang='lat' dir='ltr'><strong><em>sunt,</em></strong></span> <span class='ocrx_word' id='word_1_899' title='bbox 3129 5782 3351 5836; x_wconf 89' lang='lat' dir='ltr'><strong><em>decreto</em></strong></span> <span class='ocrx_word' id='word_1_900' title='bbox 3379 5780 3544 5834; x_wconf 84' lang='lat' dir='ltr'><strong><em>etiam</em></strong></span> 
     </span>
    </p>
   </div>
   <div class='ocr_carea' id='block_1_120' title="bbox 1975 5869 3544 5945">
    <p class='ocr_par' dir='ltr' id='par_1_120' title="bbox 1975 5869 3544 5945">
     <span class='ocr_line' id='line_1_120' title="bbox 1975 5869 3544 5945; baseline -0.009 -4"><span class='ocrx_word' id='word_1_901' title='bbox 1975 5899 2075 5941; x_wconf 84' lang='lat' dir='ltr'><strong><em>Suo</em></strong></span> <span class='ocrx_word' id='word_1_902' title='bbox 2106 5883 2503 5942; x_wconf 85' lang='lat' dir='ltr'><strong><em>slahilivcrunl,</em></strong></span> <span class='ocrx_word' id='word_1_903' title='bbox 2539 5877 2896 5943; x_wconf 80' lang='lat' dir='ltr'><strong><em>Marcianum,</em></strong></span> <span class='ocrx_word' id='word_1_904' title='bbox 2953 5875 3196 5945; x_wconf 84' lang='lat' dir='ltr'><strong><em>inquam,</em></strong></span> <span class='ocrx_word' id='word_1_905' title='bbox 3230 5887 3284 5931; x_wconf 90' lang='lat' dir='ltr'><strong><em>et</em></strong></span> <span class='ocrx_word' id='word_1_906' title='bbox 3309 5869 3544 5928; x_wconf 76' lang='lat' dir='ltr'><strong><em>Pulcth</em></strong></span> 
     </span>
    </p>
   </div>
   <div class='ocr_carea' id='block_1_121' title="bbox 1976 5959 3541 6045">
    <p class='ocr_par' dir='ltr' id='par_1_121' title="bbox 1976 5959 3541 6045">
     <span class='ocr_line' id='line_1_121' title="bbox 1976 5959 3541 6045; baseline -0.009 -13"><span class='ocrx_word' id='word_1_907' title='bbox 1976 5977 2148 6043; x_wconf 86' lang='lat' dir='ltr'><strong><em>riam,</em></strong></span> <span class='ocrx_word' id='word_1_908' title='bbox 2201 5974 2294 6045; x_wconf 89' lang='lat' dir='ltr'><strong><em>qui</em></strong></span> <span class='ocrx_word' id='word_1_909' title='bbox 2344 5985 2692 6042; x_wconf 83' lang='lat' dir='ltr'><strong><em>summopere</em></strong></span> <span class='ocrx_word' id='word_1_910' title='bbox 2747 5969 3087 6040; x_wconf 72' lang='lat' dir='ltr'><strong><em>maiestatem</em></strong></span> <span class='ocrx_word' id='word_1_911' title='bbox 3137 5959 3541 6039; x_wconf 80' lang='lat' dir='ltr'><strong><em>imperatoria-tu</em></strong></span> 
     </span>
    </p>
   </div>
  </div>
