3994 6622
389 496 498 562 6‘23

1658 481 1955 545 Nisam
1980 482 2389 569 BvZAN'rtNI

3547 478 3660 546 62$

392 617 553 665 recta:
600 604 722 660 fidei
764 602 1021 660 sensibus
1058 610 1369 670 cmteraque
1421 595 1557 654 recti
1586 596 1800 654 ordinis
1841 611 1973 651 con-

2092 596 2288 669 καιροῦ
2356 594 2459 668 τὴν
2516 594 2847 667 πολύανδρον
2912 592 3127 666 ἐκείνην
3186 593 3667 666 συναθροισθεῖσαν

392 699 703 759 servatione
759 696 1219 755 condecorarunt.
1265 690 1443 747 Tanto
1488 690 1635 746 enim
1680 686 1972 746 Pulclteria

398 788 962 853 immaculatissimam
989 784 1276 854 Deiparam
1310 780 1536 837 Mariam
1554 824 1570 849 ,
1598 779 1824 835 Matrem
1849 794 1971 835 eam

393 882 610 939 Domini
641 878 876 935 ﬁdeliter
914 875 1275 945 compellans,
1313 883 1369 929 et
1396 873 1488 929 Dei
1530 872 1874 944 genitricem,
1918 878 1976 925 et

394 974 599 1046 ingenti
628 973 733 1028 llde
764 984 1051 1034 venerans,
1082 969 1233 1022 cultu
1261 965 1716 1037 prosequebatur,
1743 972 1800 1018 ut
1827 972 1976 1017 tem—

395 1067 580 1137 pla,ct
617 1062 967 1135 p0tissimunt
1000 1058 1054 1112 in
1094 1058 1279 1129 regina
1308 1057 1411 1113 hac
1446 1056 1663 1111 urbium
1692 1054 1796 1110 sub
1831 1054 1976 1108 illius

396 1159 640 1223 nomine,
669 1172 835 1227 quam
866 1154 1130 1215 maxima,
1174 1149 1843 1223 pulcherrima,omnique
1884 1162 1976 1202 or-

397 1263 529 1307 natu
562 1250 883 1320 conspicua,
916 1245 1153 1316 singulis
1176 1242 1503 1314 c0gnomine
1531 1257 1599 1298 ex
1628 1240 1769 1304 loco,
1790 1240 1844 1293 in
1868 1252 1976 1308 quo

394 1358 673 1403 exstructa
724 1354 877 1409 sunt,
910 1343 1109 1406 indito,
1141 1338 1565 1396 exmdilicaverit
1599 1352 1695 1409 per
1720 1352 1786 1392 ea
1812 1336 1960 1389 iulen

396 1456 514 1497 sam
550 1439 675 1495 ﬁdei
714 1439 766 1493 in
798 1433 1393 1497 immaculatissituam,
1426 1439 1482 1486 et
1532 1429 1819 1500 Deiparam
1864 1424 1971 1480 Mar

397 1535 538 1588 riam
576 1529 878 1586 voluntatis
914 1527 1329 1583 inclinationem
1359 1538 1473 1579 sua:
1506 1521 1765 1578 omnibus
1792 1530 1974 1574 osten-

396 1627 553 1682 dens.
605 1624 900 1694 Propterea
953 1620 1201 1690 improbe
1254 1633 1397 1684 eam,
1448 1630 1550 1672 nec
1601 1614 1678 1669 uti
1727 1628 1825 1683 par
1858 1620 1980 1675 est,

398 1716 557 1789 quasi
584 1731 711 1771 cum
758 1713 1010 1769 Nestorio
1052 1709 1297 1777 sentiret,
1330 1707 1643 1769 insimulas,
1679 1703 1979 1759 dummodo

398 1820 451 1865 et
472 1809 588 1880 ipse
617 1807 902 1876 Deiparam
936 1803 1150 1858 Domini
1182 1800 1408 1856 Matrem
1440 1812 1733 1872 agnoscas.

2076 691 2297 745 σύνοδον
2340 688 2583 761 βασιλεῖς
2638 687 2950 761 ὁρίσαντας,
2975 689 3071 741 καὶ
3112 687 3357 759 ἐννόμως
3386 688 3567 744 πάντα
3594 692 3667 743 τά

2075 782 2133 837 ὲν
2180 783 2317 854 αὐτῇ
2375 782 2689 855 πραχθέντα
2741 780 3126 847 κελεύσαντας,
3169 782 3491 853 Μαρκιανόν
3522 799 3667 853 φημι

2078 876 2173 928 καὶ
2203 874 2561 945 Πουλχερίαν,
2593 873 2645 927 οἳ
2682 873 2935 945 μεγάλως
2979 871 3076 944 τὴν
3109 872 3383 944 βασίλειον
3411 873 3666 939 έξουσίαν

2079 965 2363 1039 όρθοδοξία
2394 967 2534 1037 μετὰ
2564 966 2661 1021 καὶ
2694 966 2797 1037 τῆς
2828 966 3021 1038 λοιπῆς
3045 962 3300 1032 εὐταξίας
3328 966 3669 1039 ἐκόσμησαν.

2080 1058 2347 1113 Τοσοῦτον
2392 1058 2501 1131 γάρ
2557 1057 2759 1131 περιῆν
2796 1058 2857 1112 τὸ
2895 1056 3057 1122 σέϐας
3098 1060 3164 1131 τῇ
3204 1058 3509 1131 Πουλχερίᾳ
3534 1060 3673 1131 πρὸς

2080 1148 2179 1221 τὴν
2212 1150 2486 1219 πάναγνον
2520 1151 2616 1204 καὶ
2661 1149 2923 1206 Θεοτόκον
2954 1151 3196 1223 Μαρίαν,
3226 1156 3442 1225 μητέρα
3480 1170 3541 1207 τε
3573 1152 3671 1206 τοῦ

2081 1237 2291 1310 Κυρίου
2346 1239 2555 1312 ταύτην
2599 1240 2805 1305 πιστῶς
2848 1241 3206 1316 ἀποκαλούσῃ
3252 1243 3348 1297 καῖ⁵
3389 1242 3672 1306 Θεοτόκον,

2083 1332 2176 1385 καὶ
2213 1333 2351 1401 μετά
2382 1332 2623 1398 πίστεως
2667 1334 2870 1407 πολλῆς
2911 1335 3119 1407 ταύτην
3153 1334 3445 1409 σεϐομένη,
3476 1336 3554 1400 ὡς
3578 1338 3673 1390 καὶ

2082 1424 2245 1486 ναοὺς
2279 1424 2401 1477 κατ’
2423 1424 2699 1495 ἐξαίρετον
2748 1427 2806 1479 ὲν
2860 1428 2927 1496 τῇ
2968 1425 3330 1499 βασιλευούσῃ
3381 1422 3535 1481 πόλει
3582 1429 3671 1479 ἐπ’

2078 1511 2312 1582 ὀνόματι
2336 1513 2435 1585 τῆς
2463 1514 2807 1588 Θεομήτορος
2855 1515 3148 1586 μεγίστους
3182 1516 3277 1569 καὶ
3321 1516 3674 1587 περικαλλεῖς

2088 1604 2187 1658 καὶ
2235 1606 2748 1679 κατηγλαῖσμένους
2779 1606 3091 1679 δείμασθαι,
3135 1608 3235 1680 τὴν
3259 1609 3581 1680 ἐπωνυμίαν
3610 1610 3675 1661 ἐκ

2080 1695 2188 1749 τῶν
2222 1696 2405 1753 τόπων
2439 1700 2691 1768 ἕκαστον,
2723 1703 2781 1755 ὲν
2829 1694 2874 1770 ᾧ
2901 1700 3273 1773 ᾠκοδόμηντο,
3320 1702 3579 1769 λαϐόντα,
3605 1702 3674 1757 δι’

2087 1789 2270 1843 αὑτῶν
2299 1792 2360 1844 τὸ
2394 1792 2597 1863 θερμὸν
2630 1794 2730 1864 τῆς
2790 1793 3030 1856 πίστεως
3055 1794 3225 1867 αὐτῆς
3260 1796 3371 1866 -τῆς
3404 1796 3541 1867 πρὸς
3572 1795 3677 1867 τὴν

396 1901 672 1970 πάναγνον
702 1898 797 1952 καὶ
826 1896 1086 1950 Θεοτόκον
1112 1894 1334 1965 Μαρίαν
1362 1894 1529 1946 πᾶσιν
1563 1886 1974 1958 ὲνδεικνυμένη.
2016 1881 2117 1937 Διά
2142 1899 2226 1935 τοι
2257 1882 2436 1948 τοῦτο,
2461 1884 2583 1938 οὑδὲ
2638 1884 2715 1949 ὡς
2762 1885 2832 1939 τά
2877 1884 3171 1957 Νεστορίου
3238 1884 3541 1958 φρονοῦσαν
3597 1886 3682 1939 δεῖ

399 2014 460 2051 σε
491 1994 662 2066 αὑτὴν
696 1991 995 2063 διασύρειν,
1034 1991 1147 2058 είγε
1174 1990 1268 2043 καὶ
1296 1988 1459 2051 αὑτὸς
1489 1984 1750 2039 Θεοτόκον
1782 1978 2066 2054 ὁμολογεῖς
2088 1977 2188 2048 τὴν
2216 1976 2310 2031 τοῦ
2334 1978 2541 2049 Κυρίου
2562 1979 2815 2051 Μητέρα.

474 2089 559 2143 12.
580 2085 715 2141 lllud
730 2099 949 2155 quoque
976 2082 1029 2137 in
1048 2082 1276 2153 epistola
1296 2091 1400 2136 tua:
1422 2077 1890 2151 magnanimitatis
1909 2075 1988 2127 in-

2171 2068 2259 2141 ιβ’.
2305 2072 2623 2143 Ἐνεφέρετο
2646 2071 2703 2126 δὲ
2737 2072 2830 2125 καὶ
2855 2072 3012 2126 τοῦτο
3050 2073 3111 2126 έν
3155 2070 3235 2142 τῷ
3262 2070 3553 2142 γράμματι
3576 2069 3681 2140 τῆς

398 2180 684 2237 serebatur
715 2196 729 2233 :
758 2176 932 2232 Multa
977 2192 1246 2246 possemus
1281 2172 1581 2229 testimonia
1609 2171 1673 2226 de
1712 2186 1795 2237 ea,
1821 2183 1982 2239 quant

398 2290 488 2329 nos
507 2272 817 2337 statuimus,
835 2287 943 2324 una
958 2285 1138 2339 nempe
1154 2267 1351 2322 Christi
1375 2276 1570 2320 natura
1582 2274 1701 2336 post
1727 2264 1977 2317 unionem

396 2364 653 2418 sententia
668 2361 978 2433 producere,
997 2374 1088 2412 nec
1114 2359 1179 2412 ab
1194 2373 1255 2411 ea
1278 2356 1453 2411 aliena
1472 2356 1525 2409 in
1552 2354 1786 2408 medium
1811 2352 1982 2423 affer-

398 2470 492 2511 re:
523 2463 881 2509 verumtamen
910 2466 1027 2505 cum
1049 2450 1105 2501 in
1127 2459 1231 2503 tuae
1266 2447 1568 2502 sanctitatis
1604 2446 1803 2515 scripto
1832 2443 1983 2498 nulla

400 2552 624 2603 inessent
655 2547 954 2599 divinorum
996 2540 1223 2595 Patrum
1256 2539 1581 2605 testimonia,
1608 2553 1773 2610 neque
1803 2554 1896 2592 nos
1921 2552 1984 2590 ea

402 2639 789 2709 recvllegimus.
822 2635 931 2691 Nos
962 2634 1321 2689 nihilominus
1350 2641 1455 2687 tua:
1485 2631 1671 2703 gloria:
1694 2629 1986 2686 consulen-

402 2744 505 2799 tes,
537 2746 683 2786 nunc
713 2745 810 2801 pro
827 2730 893 2785 iis
923 2729 996 2783 ita
1018 2727 1370 2783 enuntiamus
1394 2743 1407 2780 :
1430 2724 1585 2780 Haud
1614 2724 1768 2780 decet
1794 2732 1868 2787 te,
1902 2730 1988 2776 ut-

404 2836 624 2892 cunque
661 2828 715 2876 et
750 2830 812 2875 ut
832 2818 1049 2875 occasio
1090 2816 1294 2884 tulerit,
1331 2818 1397 2871 de
1437 2815 1542 2870 ﬁde
1562 2822 1616 2870 et
1639 2812 1986 2884 dogmatibus

405 2912 720 2969 testimonia
746 2909 970 2966 Patrum
1000 2908 1317 2980 recolligere
1338 2924 1357 2961 ε
1392 2906 1473 2961 sic
1506 2905 1654 2961 enim
1688 2915 1742 2959 et
1773 2902 1987 2958 divinos

405 3008 530 3063 illos
556 3004 747 3061 Patres
803 3004 857 3058 in
886 3003 1090 3058 crimen
1124 3000 1395 3065 adduces,
1429 3008 1483 3054 et
1526 2998 1622 3053 tibi
1664 3004 1872 3053 sartam
1910 3005 1995 3050 te-

404 3108 550 3153 ctam
567 3095 687 3152 fidei
707 3094 970 3150 rationem
991 3107 1101 3148 non
1122 3090 1498 3147 conservabis.
1528 3087 1694 3144 Multa
1718 3086 1990 3158 siquidem

403 3188 661 3245 Patribus
695 3187 812 3243 sive
863 3200 962 3256 per
1014 3185 1417 3254 metaphoram,
1458 3181 1577 3237 sive
1626 3195 1725 3252 per
1751 3178 1996 3250 aequivo-

404 3283 700 3348 cntionem,
724 3281 839 3337 sive
858 3294 956 3350 per
977 3276 1417 3339 conversionem,
1454 3274 1571 3331 sive
1594 3273 1702 3329 alio
1728 3272 1991 3344 quopiam

2092 2165 2192 2235 σῆς
2223 2164 2600 2234 μεγαλονοίας,
2650 2165 2734 2219 ὅτι
2787 2164 3033 2230 Πολλὰς
3068 2164 3311 2234 εῖχομεν
3350 2166 3683 2233 μαρτυρίας

2090 2257 2223 2327 περὶ
2250 2256 2364 2327 τῆς
2390 2258 2527 2327 παρ’
2569 2258 2715 2329 ἡμῖν
2765 2257 3282 2329 δογματιζομένης,
3327 2256 3522 2327 ἤγουν
3568 2255 3682 2325 τῆς

2085 2350 2228 2420 μιᾶς
2255 2351 2496 2419 φύσεως
2527 2351 2639 2407 τοῦ
2669 2351 2931 2420 Χριστοῦ
2963 2350 3116 2420 μετὰ
3142 2350 3256 2418 τὴν
3283 2349 3507 2403 ἕνωσιν
3534 2352 3681 2418 ὀμοσ-

2088 2444 2301 2512 λογιάς
2340 2445 2667 2515 παριστᾷν,
2720 2445 2817 2498 καί
2860 2443 3061 2498 πολλὰ
3108 2435 3214 2498 τοῦ
3253 2442 3476 2513 λέγειν,
3517 2442 3681 2497 ἀλλὰ

2087 2536 2184 2590 διὰ
2216 2538 2280 2591 τὸ
2312 2537 2468 2607 μηδὲ
2500 2539 2571 2592 ὲν
2600 2537 2679 2605 τῷ
2730 2538 3022 2609 γράμματι
3069 2536 3183 2608 τῆς
3234 2536 3356 2606 σῆς
3417 2536 3679 2607 ἁγιωσύ-

2086 2648 2200 2698 νης
2230 2628 2347 2684 τῶν
2363 2633 2667 2701 θεοφόρων
2681 2629 2914 2699 ἀνδρῶν
2935 2632 3007 2685 οὐ
3027 2629 3288 2700 περιεῖχε
3316 2630 3676 2700 μαρτυρίας,

2088 2720 2232 2777 οὐδὲ
2289 2722 2465 2793 ἡμεῖς
2511 2723 2950 2795 ἐνεγράψαμεν.
2976 2722 3119 2793 Πλὴν
3151 2720 3244 2775 οὖν
3276 2720 3680 2784 διευθετοῦντες

2087 2816 2185 2887 τὴν
2220 2814 2317 2888 σὴν
2349 2814 2623 2881 εὔκλειαν,
2651 2818 2746 2870 καὶ
2774 2817 2831 2870 ὲν
2857 2816 3069 2879 τούτοις
3086 2814 3255 2870 τανῦν
3282 2814 3535 2884 λέγομεν·
3562 2812 3677 2884 Οὐχ

2088 2908 2300 2976 ἁπλῶς,
2329 2908 2426 2963 καὶ
2475 2908 2550 2973 ὡς
2581 2908 2760 2979 ἔτυχε,
2812 2908 2895 2961 δεῖ
2936 2924 2997 2960 σε
3050 2906 3359 2979 μαρτυρίας
3407 2906 3675 2977 Πατέρων

2092 3002 2223 3073 περὶ
2258 3001 2493 3066 πίστεως
2523 3001 2620 3055 καὶ
2647 3000 2934 3071 δογμάτων
2969 2998 3358 3069 ἀναλέγεσθαι.
3400 2998 3557 3053 Ἐπεὶ
3582 2998 3681 3052 καὶ

2091 3094 2217 3159 τοὺς
2245 3094 2425 3157 θείους
2448 3093 2699 3165 Πατέρας
2738 3093 3049 3164 ἐγκλήματι
3110 3090 3539 3164 περιγράψειας,
3582 3092 3680 3145 καὶ

2094 3185 2153 3239 σὲ
2184 3184 2345 3256 ἀσινῆ
2374 3186 2454 3249 εὶς
2479 3187 2569 3239 τὸν
2608 3187 2706 3255 τῆς
2735 3185 2971 3248 πίστεως
2993 3185 3150 3254 λόγον
3170 3186 3231 3238 ού
3261 3184 3676 3255 διατηρήσειας.

2098 3274 2272 3329 [Ιολλά
2299 3274 2407 3345 γὰρ
2436 3276 2549 3339 τοῖς
2574 3276 2821 3346 Πατράσι
2845 3276 2982 3346 πρὸς
2999 3274 3361 3345 κατάχρησιν,
3386 3273 3506 3345 ἦτοι
3529 3273 3677 3328 κατά

399 3376 574 3433 modo
616 3372 899 3430 vocabulis
943 3369 1296 3427 abutentibus
1343 3367 1615 3425 excidisse
1648 3365 1988 3437 comperien-

2101 3366 2436 3438 μεταφορὰν,
2496 3366 2530 3438 ἦ
2578 3366 2919 3438 ὁμωνυμίαν,
2948 3366 2982 3438 ἢ
3016 3364 3404 3437 ἀντιστροφὴν,
3434 3364 3468 3435 ἢ
3500 3364 3680 3428 άλλως

408 3478 517 3523 tur.
548 3464 829 3532 Quinimo,
858 3471 914 3517 et
939 3463 1136 3517 divinae
1162 3460 1400 3524 Litterae,
1423 3468 1478 3513 et
1504 3473 1640 3514 usus
1664 3457 1739 3514 ita
1764 3458 1991 3512 nomina

408 3565 771 3630 pertractant.
812 3553 879 3609 Et
910 3553 1220 3623 conspicito
1254 3551 1389 3607 mihi
1417 3551 1595 3622 ipsum
1632 3550 1852 3605 beatqu
1889 3546 1994 3619 Cy-

408 3650 591 3705 rillum
630 3649 951 3719 bypostases
998 3652 1341 3699 naturarum.
1378 3650 1433 3697 et
1472 3650 1702 3696 naturas
1732 3639 1991 3711 hyposta-

409 3761 541 3801 seon
572 3744 694 3799 loco
724 3743 1108 3812 accipientem.
1140 3738 1315 3805 Quale
1359 3738 1490 3792 illud
1520 3746 1605 3792 est
1633 3753 1647 3791 ι
1672 3734 1731 3791 Si
1762 3735 1879 3806 quis
1907 3734 1992 3788 di-

408 3837 536 3891 vidit
563 3835 889 3906 Ityp0stases.
913 3831 1263 3901 Rursumque
1297 3830 1551 3885 ideunnet
1578 3829 1711 3884 dicit
1745 3848 1759 3883 :
1797 3826 1986 3882 Incon-

410 3927 547 3997 fusa:
592 3932 993 3995 permanserunt
1041 3928 1273 3985 natum,
1311 3920 1616 3990 Iiypostases
1652 3934 1853 3987 nempe.
1882 3917 1994 3971 bla-

410 4032 551 4088 guus
573 4016 739 4070 etiam
770 4012 1126 4077 Athanasius,
1150 4020 1205 4067 et
1237 4025 1501 4082 personas
1529 4010 1582 4065 in
1613 4008 1833 4065 Christo
1856 4009 1995 4066 duas

409 4122 533 4162 esse
561 4106 856 4168 contendit,
887 4120 1009 4174 qua:
1057 4104 1161 4159 nisi
1190 4104 1315 4173 quis
1358 4112 1589 4167 asserat,
1632 4102 1777 4157 dicta
1808 4116 1926 4157 esse
1963 4117 1995 4155 a

409 4198 662 4255 Patribus
684 4238 699 4264 ,
737 4199 815 4254 sic
852 4196 1134 4252 vocabulis
1162 4195 1532 4261 abutentibus,
1568 4193 1787 4250 eosdem
1820 4194 1996 4248 haere-

411 4306 538 4348 seos
566 4301 691 4345 nota
728 4288 1041 4354 inlamabit,
1083 4295 1138 4343 et
1165 4302 1230 4343 ex
1264 4288 1332 4342 iis
1361 4286 1706 4342 orationibus
1746 4285 1995 4341 testimo-

412 4387 503 4442 nia
547 4399 847 4455 congcreus
889 4382 995 4437 sibi
1054 4380 1155 4450 ipsi
1207 4390 1260 4435 et
1325 4380 1449 4435 aliis
1500 4380 1739 4433 maxima
1795 4378 1998 4433 incom-

413 4481 573 4536 moda
607 4477 967 4548 comparabit.
1002 4477 1391 4531 Verumlauu-n
1436 4476 1593 4530 dicta:
1615 4475 1994 4541 auctoritates,

413 4574 461 4630 si
491 4574 578 4627 cui
609 4570 661 4625 id
700 4572 753 4625 in
785 4570 971 4624 animo
996 4568 1181 4634 luerit,
1216 4584 1281 4622 es
1323 4569 1521 4623 divinis
1580 4566 1833 4622 Pati-ibus
1872 4567 1998 4621 seli-

414 4664 603 4737 genda:
651 4672 803 4726 sunt,
847 4676 972 4717 cum
1015 4661 1091 4716 illi
1142 4662 1207 4716 de
1256 4662 1417 4717 rebus
1450 4662 1773 4727 decernunt,
1821 4670 1874 4716 et
1903 4660 1997 4714 de-

414 4757 751 4821 terminant,
808 4754 1195 4826 propriamque
1261 4756 1585 4809 sententiam
1675 4754 1994 4819 declarant,

414 4849 576 4920 quale
608 4849 775 4902 fuerit
803 4849 867 4903 tle
893 4856 1087 4901 natura
1132 4856 1183 4900 et
1246 4846 1523 4916 hypostasi
1557 4862 1589 4900 a
1621 4861 1817 4915 magno
1848 4844 2000 4899 Basi-

415 4944 493 4998 lio
523 4943 824 5007 decretum,
858 4940 951 5010 qui
1002 4939 1143 4995 inter
1172 4954 1235 4994 ea
1268 4939 1563 4994 discrimen
1617 4940 1840 5008 apponit
1887 4953 1996 4993 non

416 5034 588 5101 aliud,
626 5048 790 5105 quam
859 5048 970 5102 quo
1012 5031 1317 5087 universale
1364 5041 1416 5085 et
1454 5031 1729 5102 singulare
1771 5030 1910 5086 inter
1940 5046 2000 5087 se

415 5128 679 5186 dill‘erunt
713 5145 727 5182 :
759 5126 842 5181 vel
874 5142 985 5197 quo
1013 5124 1144 5197 ipsi,
1188 5125 1312 5180 licet
1347 5126 1400 5178 in
1437 5124 1563 5181 aliis
1590 5123 1841 5195 plurimis
1868 5138 2000 5193 ope-

415 5222 569 5277 ribus
623 5221 949 5284 abutuntur,
1010 5218 1063 5272 in
1122 5216 1232 5271 alio
1287 5226 1470 5272 tamen
1500 5229 1685 5287 opere,
1718 5215 1850 5287 quid
1898 5217 1998 5286 ipsi

415 5314 679 5380 sentiant,
732 5320 788 5368 et
820 5326 1114 5382 quamnam
1150 5308 1254 5379 ipsi
1302 5311 1373 5365 ob
1406 5326 1627 5365 causam
1656 5309 1815 5365 abusi
1847 5317 1997 5375 sunt,

416 5406 722 5478 explanant
749 5420 763 5459 :
794 5404 878 5458 vel
900 5418 987 5468 ea,
1025 5401 1081 5456 in
1114 5402 1315 5471 quibus
1351 5403 1591 5473 plerique
1618 5403 1840 5459 Patrum
1874 5417 2001 5459 con-

416 5498 671 5563 cordant,
703 5495 785 5552 vel
808 5510 929 5567 qua:
950 5494 1200 5566 synodali
1224 5495 1443 5551 decreto
1472 5496 1684 5551 ﬁrmata
1714 5505 1861 5560 sunt,
1891 5512 1999 5551 non

415 5601 600 5648 autem
631 5605 716 5657 ea,
751 5604 873 5660 quae
914 5588 1017 5661 ipsi
1060 5588 1207 5644 aliud
1246 5598 1473 5659 agentes
1512 5590 1717 5660 scripto
1754 5588 1998 5645 tradide-

418 5689 569 5745 runt,
626 5680 681 5735 in
730 5678 933 5751 quibus
980 5678 1183 5749 stcpius
1232 5678 1589 5748 exponendis,
1634 5678 1765 5735 dum
1798 5679 1997 5750 aliquis

419 5772 785 5844 negligentiae
818 5787 879 5828 se
908 5771 1069 5842 gerit,
1093 5770 1426 5826 dictionibus
1467 5770 1713 5825 abutitur
1744 5785 1773 5825 a
1800 5772 1998 5828 vestris

420 5865 844 5938 cogitationibus
879 5867 945 5919 ad
996 5868 1101 5920 hoc
1139 5863 1317 5935 ipsum
1362 5863 1681 5931 distractus,
1719 5865 1803 5919 \el
1852 5866 1997 5935 quod

417 5954 789 6029 nptitudinum
827 5954 1031 6011 nullam
1062 5954 1277 6011 habens
1324 5954 1375 6011 in
1424 5964 1716 6027 promptu,
1758 5957 1840 6014 vel
1869 5973 1993 6017 cum

2024 4712 2167 4772 1):

2095 3476 2213 3523 πως
2240 3457 2388 3513 ἔστιν
2420 3458 2600 3531 εὑρεῖν
2625 3457 2907 3526 λέγοντας,
2930 3459 3025 3512 καὶ
3046 3458 3108 3512 οὑ
3137 3458 3300 3529 μόνον
3330 3457 3506 3521 τουτὶ,
3540 3456 3682 3510 ἀλλὰ

2094 3553 2189 3609 καὶ
2216 3553 2273 3608 αἱ
2300 3552 2443 3607 θεῖαι
2495 3551 2714 3623 Γραφαὶ
2766 3550 2861 3607 καὶ
2890 3553 2924 3622 ἡ
2958 3550 3217 3623 συνήθεια
3255 3550 3428 3615 οὕτως
3460 3551 3530 3603 τά
3559 3549 3681 3603 ὀνό-

2096 3664 2242 3719 ματα
2294 3646 2760 3718 μεταχειρίζεται.
2806 3646 2916 3700 Καὶ
2967 3645 3066 3699 θέα
3106 3661 3195 3715 μοι
3245 3645 3341 3698 καὶ
3390 3643 3556 3699 αὑτὸν
3586 3642 3683 3696 τὸν

2096 3738 2369 3810 μακάριον
2416 3737 2685 3809 Κύριλλον
2746 3736 2850 3801 τὰς
2897 3735 3224 3799 ὑποστάσεις
3256 3736 3377 3790 ἀντὶ
3424 3733 3535 3789 τῶν
3578 3735 3684 3803 φύ-

2096 3848 2259 3896 σεων,
2286 3830 2501 3894 καὶτὰς
2530 3829 2723 3900 φύσεις
2750 3830 2873 3883 ἀντὶ
2937 3829 3047 3883 τῶν
3082 3828 3436 3883 ὑποστάσεων
3468 3828 3678 3899 ἔκλαμ-

2095 3921 2348 3976 6άνοντα.
2368 3918 2493 3975 Οἷόν
2518 3938 2681 3992 φημι·
2708 3921 2782 3975 El
2808 3939 2900 3988 τις
2922 3919 3142 3989 διαιρεῖ
3157 3920 3261 3987 τὰς
3284 3917 3677 3986 ὑποστάσεις.

2095 4017 2205 4070 Καὶ
2237 4015 2398 4069 πάλιν
2423 4016 2451 4068 ό
2478 4013 2639 4077 αὑτὸς
2672 4014 2841 4083 λέγει·
2891 4013 3239 4083 Ἃσύγχυτοι
3263 4010 3685 4083 μεμενήκασιν

2094 4111 2154 4161 al
2169 4107 2405 4178 φύσεις,
2430 4105 2622 4177 ἤγουν
2652 4106 3046 4172 ὑποστάσεις.
3084 4106 3154 4159 '0
3184 4123 3243 4159 τε
3309 4104 3484 4176 μέγας
3518 4102 3682 4157 Ἀθα-

2096 4202 2281 4265 νάσιος
2319 4201 2415 4255 καὶ¹
2458 4200 2727 4271 πρόσωπα
2758 4200 2849 4253 ἐπὶ
2888 4198 3127 4270 Χριστοῦ
3157 4198 3252 4253 δύο
3292 4195 3433 4252 εἶναι
3463 4196 3679 4269 διισχυ-

2099 4294 2332 4367 ρίζεται,
2362 4294 2410 4347 εί
2442 4294 2515 4364 μή
2570 4309 2654 4357 τις
2699 4291 2857 4345 τοῦτο
2884 4292 3052 4358 εἴποι,
3100 4291 3181 4346 ὅτι
3226 4289 3685 4362 καταχρηστικῶς

2096 4391 2207 4452 τοῖς
2234 4368 2510 4459 Πατράσιν
2542 4385 2772 4457 ἐρρήθη,
2794 4383 2991 4448 αὑτούς
3018 4402 3075 4438 τε
3112 4383 3332 4448 τούτους
3372 4383 3685 4455 αίρετικοὺς

2097 4482 2423 4551 άποιρήσειε,
2474 4480 2569 4535 καὶ
2626 4482 2691 4534 ὲκ
2734 4479 2903 4534 τῶνδε
2952 4479 3061 4533 τῶν
3081 4480 3257 4549 λόγων
3282 4476 3684 4549 ἀναλεγόμενος

2098 4575 2344 4645 χρήσεις,
2382 4574 2572 4627 ἑαυτόν
2626 4591 2687 4627 τε
2740 4576 2833 4627 καὶ
2862 4573 3055 4637 ἄλλους
3096 4552 3349 4643 μεγάλως
3400 4570 3679 4641 βλάψειεν.

2112 4665 2271 4718 Ἀλλά
2316 4667 2420 4738 χρὴ
2457 4666 2553 4729 τάς
2590 4666 2845 4729 τοιαύτας
2882 4665 3126 4737 χρήσεις,
3168 4665 3303 4729 εἴτις
3346 4664 3589 4734 βούλοιτο
3617 4664 3681 4715 ὲκ

2100 4755 2207 4813 τῶν
2236 4759 2395 4813 θείων
2427 4758 2685 4828 Πατέρων
2718 4757 3096 4827 ἀναλέγεσθαι,
3124 4754 3234 4811 οἷον
3259 4754 3682 4828 νομοθετοῦντας

2101 4848 2228 4919 περί
2252 4866 2413 4902 τινων
2436 4849 2801 4919 πραγμάτων,
2830 4848 2924 4902 καὶ
2938 4847 3325 4919 όροθετοῦντας
3354 4845 3684 4919 εὑρισκομέ-

2100 4958 2246 5005 νους,
2280 4940 2373 4994 καὶ
2405 4939 2502 5011 τὴν
2530 4938 2739 4993 οἰκείαν
2771 4938 2999 5012 γνώμην
3021 4938 3527 5003 ἁνακαλύπτοντας.
3555 4932 3684 4993 Οἷόν

2100 5031 2301 5086 ὲστιτδ
2340 5031 2470 5101 περὶ
2520 5030 2707 5094 οὐσίας
2757 5031 2851 5084 καὶ
2904 5032 3254 5095 ὑποστάσεως
3310 5029 3481 5101 ὄνομα
3530 5029 3685 5101 παρά

2101 5123 2361 5177 Βασλείου
2393 5122 2484 5176 τοῦ
2522 5124 2663 5177 πάνυ
2695 5122 2876 5175 λαϐὼν
2918 5123 3213 5195 διάκρισιν,
3246 5123 3449 5193 ταύτην
3488 5123 3684 5194 ἔχοντα

2100 5217 2196 5286 τὴν
2225 5215 2487 5284 διαφοράν
2540 5215 2674 5285 πρὸς
2708 5213 2934 5285 ἄλληλα,
2988 5214 3056 5286 ἢν
3090 5214 3204 5285 έχει
3233 5214 3293 5268 τὸ
3338 5214 3519 5268 κοινὸν
3546 5214 3684 5284 πρὸς

2099 5308 2160 5360 τὸ
2212 5308 2571 5369 καθέκαστον,
2602 5306 2636 5377 ἢ
2697 5306 2789 5359 καὶ
2822 5306 3023 5369 αὑτοὺς
3063 5304 3591 5377 καταχρησαμένους
3622 5306 3683 5357 ἑν

2100 5402 2281 5466 ἄλλοις
2348 5402 2432 5455 ὄτι
2488 5401 2761 5465 πλείστοις
2812 5400 2994 5454 αὑτῶν
3043 5400 3437 5472 συγγράμμασι
3495 5399 3683 5453 διασα-

2101 5494 2337 5564 φοῦντας
2391 5494 2618 5566 κυρίως,
2675 5493 3133 5565 ὅπερὰλλαχόσε
3181 5488 3678 5563 κατεχρήσαντο,ἢ

2103 5591 2198 5643 καὶ
2225 5589 2284 5642 ὲν
2308 5583 2388 5653 οἷς
2421 5590 2702 5660 σύμφωνοι
2738 5589 2788 5642 οἱ
2833 5587 3074 5643 πλεῖστοι
3096 5586 3207 5641 τῶν
3239 5585 3503 5657 Ιιατέρων
3522 5586 3687 5655 γεγό-

2101 5680 2330 5753 νασιν,ἧ
2357 5681 2450 5734 καὶ
2481 5680 2770 5743 συνοδικῶς
2792 5680 3068 5753 ὲκυρὼοη,
3094 5678 3229 5733 ἀλλὰ
3251 5678 3328 5750 μὴ
3351 5677 3432 5750 τῷ
3452 5676 3682 5749 ὶξοδικῷ

2097 5773 2264 5844 λόγῳ,
2326 5767 2371 5842 ᾧ
2431 5772 2690 5837 πολλάκις
2720 5774 2784 5829 άν
2813 5790 2895 5837 τις
2928 5772 3070 5826 κατὰ
3121 5771 3220 5844 τὴν
3254 5770 3554 5842 ἑρμηνείαν
3586 5768 3682 5822 καὶ

2098 5867 2462 5937 ἀμελέστερον
2485 5866 2827 5937 διακείμενος
2880 5867 3281 5939 καταχρήσοιτο
3316 5863 3549 5932 λέξεσιν,
3575 5862 3682 5915 ὑπὸ

2100 5959 2381 6031 ὑμετέρων
2418 5959 2704 6030 νοημάτων
2731 5961 2866 6033 πρός
2896 5959 3053 6016 τοῦτο
3100 5959 3387 6030 ἀγόμενος,
3419 5956 3455 6029 ἢ
3484 5955 3575 6010 καὶ
3600 5954 3685 6027 μὴ
