4012 6488
1109 348 1554 414 ΒΕΡΙΙΤᾹΤῘΟ
1590 339 1977 415 EPISTOLB
2021 349 2259 415 REGIS
2296 350 2695 414 ARMENL‘E.

3425 354 3532 419 626

254 462 554 535 πρόχειρον
583 461 724 534 ἔχων
767 460 870 534 τὴν
903 459 1343 535 ζπιτηδειὸτητα,
1386 462 1424 535 ἢ
1461 462 1557 519 καί
1591 480 1703 519 τισι
1733 464 1878 526 τῶν,

1968 463 2068 520 iliis
2096 462 2367 534 opposita,
2394 461 2755 518 sentientibus
2790 461 3100 528 decertans,
3135 461 3273 517 alias
3304 476 3533 535 quoque

252 553 580 622 ἑτεροδόξων
594 554 1137 622 ἀντικαθιστάμενος,
1152 556 1247 610 καὶ
1268 556 1390 611 κατ’
1404 555 1571 623 ἀλλας
1588 557 1645 611 δὲ
1664 574 1845 630 παρα-

254 646 450 714 φάσεις
500 649 600 718 τῆς
641 646 751 700 τῶν
800 647 1078 719 ὀνομάτων
1123 647 1412 719 ἀκριϐείας
1446 648 1522 721 μὴ
1546 650 1845 720 φροντίσοι,

257 738 320 793 ού
348 738 434 793 δεῖ
482 742 549 793 ὲκ
608 739 866 794 τοιούτων
917 742 1146 813 χρήσεις
1196 742 1579 812 ἀναλέγεσθαι,
1620 743 1734 798 ἀλλ’
1771 746 1849 809 ὡς

258 829 458 884 avom
485 830 718 901 ἔφαμεν.
736 830 907 886 Τοῦτο
932 832 991 887 δὲ
1016 833 1112 888 καὶ
1137 833 1203 888 σὺ
1228 833 1418 902 ποιῶν,
1449 834 1549 889 οὐκ
1567 834 1634 890 ἂν
1665 835 1847 905 εὕροις

255 924 611 996 παραστῆσαι
629 925 852 995 χρήσεις
871 926 1207 991 συνιστώσας
1227 927 1289 981 τὸ
1317 929 1446 999 περὶ
1477 929 1607 1001 μιᾶς
1631 928 1847 1000 φύσεως

254 1015 351 1069 τοῦ
381 1015 623 1080 Χριστοῦ
653 1015 805 1087 παρά
848 1017 944 1071 σοῦ
973 1017 1452 1091 ὼγματιζὸμενον.

330 1104 400 1173 ιγ’
406 1146 420 1161 .
446 1106 813 1177 Παρακατιὼν
833 1106 891 1161 δὲ
912 1108 971 1161 ὲν
986 1107 1064 1177 τῷ
1089 1109 1381 1180 γράμματι
1415 1127 1533 1179 σου,
1561 1111 1660 1166 καὶ
1680 1112 1847 1168 οἱονεὶ

254 1195 565 1267 ἀχθόμενος
600 1197 738 1269 πρὸς
771 1198 939 1268 ἡμᾶς,
971 1198 1110 1252 διότι
1137 1199 1521 1272 γεγράφαμεν,
1557 1202 1641 1257 ὅτι
1668 1204 1718 1256 ol
1756 1203 1846 1257 λέ-

255 1302 450 1355 γοντες
488 1285 619 1356 μίαν
649 1285 814 1356 φύσιν
864 1288 945 1351 είς
992 1288 1229 1356 Χριστὸν
1258 1289 1681 1361 Εὐτυχιανισταί
1711 1292 1843 1361 είσι,

254 1378 355 1432 καὶ
388 1378 468 1449 τῷ
500 1379 650 1449 αὐτῷ
676 1378 978 1450 ἀναθέματι
1008 1381 1099 1434 καὶ
1135 1382 1367 1452 κρίματι
1401 1383 1844 1438 καθυποϐἀλλον-

1949 555 2023 611 ob
2047 570 2245 612 causas
2274 555 2557 610 nominum
2600 562 2915 610 accuratam
2944 554 3399 626 signiﬁcationem
3434 571 3535 611 ue-.

1950 649 2140 722 glexit.
2197 649 2278 704 Ex
2341 648 2613 705 similibus
2664 649 2976 704 testimonia
3030 650 3372 720 congerenda
3423 665 3534 704 non

1949 751 2100 806 sunt,
2133 740 2254 806 sed,
2285 751 2344 795 nt
2376 756 2542 813 supra
2573 741 2836 796 diximus.
2864 741 2920 796 Id
2952 752 3006 797 tu
3025 757 3246 813 quoque
3278 742 3367 797 ubi
3397 741 3537 796 fecc~

1949 832 2048 897 ris,
2086 832 2232 888 nulla
2268 834 2577 903 comperies
2623 834 2933 890 testimonia
2961 836 3218 900 Patrum,
3254 850 3378 905 qua:
3407 850 3536 889 seu-

1949 926 2354 1015 tcntiamltuam
2400 925 2469 982 de
2516 941 2624 981 una
2671 927 2882 982 Christi
2914 939 3109 983 natura
3143 927 3527 999 comprobent.

2020 1105 2107 1163 l5.
2138 1104 2198 1162 In
2240 1107 2471 1177 epistola
2524 1123 2659 1163 vero
2704 1117 2797 1163 tua
2853 1126 3206 1181 progressus,
3239 1112 3410 1166 veluti
3453 1111 3537 1166 iu-

1946 1196 2205 1268 dignatus
2250 1197 2590 1269 molesteque
2650 1199 2855 1263 ferens,
2891 1204 3045 1271 quod
3093 1218 3194 1259 nos
3245 1203 3540 1273 scripserio

1949 1304 2093 1357 mus,
2124 1297 2432 1347 asserentes
2492 1304 2657 1345 unam
2707 1291 2761 1345 in
2793 1292 3016 1348 Christo
3065 1302 3320 1349 naturam
3374 1295 3541 1365 Euty-

1947 1380 2176 1436 cbianos
2198 1396 2340 1443 esse,
2365 1380 2671 1452 eodemque
2695 1383 3041 1439 anathemate
3082 1386 3371 1455 acjudicio
3398 1387 3533 1441 sub-

254 1486 372 1536 ται,
400 1470 584 1526 τοιάδε
628 1473 893 1541 γράφεις·
942 1472 1052 1525 Καὶ
1093 1472 1372 1542 λέγομεν,
1408 1473 1695 1542 δέσποτα,
1733 1480 1844 1532 οὐκ

1971 1473 2065 1537 ini;
2119 1473 2231 1527 haec
2251 1473 2453 1528 scribis
2502 1474 2620 1528 :Et
2679 1475 2928 1542 dicimus,
2977 1476 3208 1542 domine,
3251 1478 3303 1531 in
3358 1478 3452 1531 hoc
3493 1487 3542 1530 te

255 1561 537 1630 ἐποιήσω
561 1563 634 1617 ἐν
659 1565 851 1632 τούτῳ
886 1563 1118 1619 εὐθεῖαν
1150 1566 1376 1634 κρίσιν,
1413 1566 1497 1620 διὸ
1529 1569 1619 1622 καὶ
1652 1571 1847 1639 πειρᾶ-

259 1669 357 1706 σαι
387 1652 487 1706 τοῦ
520 1652 799 1724 Εὐτυχοῦς
826 1652 924 1726 τὴν
946 1653 1105 1719 δόξαν
1140 1655 1472 1718 ἐκτίθεσθαι,
1519 1656 1845 1729 διασαφηνί-

254 1742 376 1807 ζειν
406 1759 495 1810 τε,
516 1743 602 1797 ότι
647 1744 910 1815 ἀνάχυσιν
937 1746 1032 1799 καὶ
1059 1746 1363 1815 ἀνάκρασιν
1394 1746 1608 1813 δοξάζει
1636 1750 1730 1802 ἐπὶ
1748 1751 1846 1819 τῆς

1950 1582 2056 1619 non
2122 1574 2259 1621 recte
2307 1566 2578 1637 judicium
2647 1568 2877 1632 tulisse;
2926 1568 3160 1640 ideoque
3221 1569 3545 1641 Eutychetis

1948 1658 2260 1726 opinionem
2312 1673 2589 1728 exponere
2675 1660 2916 1723 conaris.
2977 1660 3368 1730 declarareque
3415 1674 3541 1714 eum

1951 1748 2340 1806 confusionem
2374 1753 2972 1821 commutationemque
3015 1752 3073 1805 in
3100 1750 3410 1807 teconomia
3443 1766 3544 1819 po-

253 1835 603 1906 οίκονομίας,
640 1836 739 1892 καὶ
770 1838 835 1890 ἐκ
877 1836 988 1891 τῶν
1025 1837 1198 1906 ἁγίων
1242 1838 1338 1893 καὶ
1370 1839 1659 1910 ἀχράντων
1689 1841 1853 1910 αἱμά-

1968 1854 2109 1905 nere,
2142 1840 2386 1910 nihilque
2415 1857 2480 1895 ex
2528 1841 2895 1897 immaculatis
2958 1842 3281 1910 sanctisque
3318 1840 3545 1910 sangui-

250 1943 365 1980 των
401 1927 574 1997 μηδὲν
603 1927 695 1981 τὸν
719 1928 852 1982 Θεὸν
880 1928 1053 1998 Λόγον
1081 1930 1487 2000 προσλαϐέσθαι
1517 1932 1687 2002 λέγει,
1723 1935 1852 1987 ἐαυ-

251 2020 348 2073 τὺν
372 2020 433 2074 δὶ
467 2022 823 2094 παραστῆσαι
847 2021 923 2093 μὴ
947 2018 1089 2078 εἶναι
1118 2026 1469 2095 συγχυτικδν,
1495 2029 1589 2080 καὶ
1616 2028 1852 2099 ἑτέρωσε

250 2111 555 2177 δοξάζοντα
611 2113 743 2183 μίαν
788 2113 953 2184 φύσιν
1002 2116 1095 2169 ἐπὶ
1137 2116 1397 2187 Χριστοῦ,
1428 2116 1497 2171 δι’
1519 2117 1653 2172 αὐτὸ
1670 2117 1850 2185 τοῦτο,

254 2204 396 2274 μηδὲ
420 2203 499 2275 τῷ
523 2204 675 2275 αύτῷ
702 2204 1005 2277 ἀναθέματι
1066 2207 1293 2271 δικαίως
1320 2207 1848 2267 καθυποϐάλλεσθαι.

266 2294 417 2348 Ἀλλ’
474 2297 528 2350 εί
567 2296 668 2367 μὲν
697 2298 727 2352 ὁ
770 2296 928 2366 λόγος
959 2299 988 2352 ὁ
1016 2298 1109 2363 σδς
1152 2299 1216 2353 τὸ
1243 2300 1503 2371 διάφορον
1542 2301 1639 2372 τῆς
1671 2301 1851 2371 δόξης,

254 2389 405 2457 φημὶ
430 2387 499 2460 δὴ
526 2388 621 2443 τοῦ
643 2390 917 2461 Εύτυχοῦς
943 2392 1037 2445 καὶ
1060 2391 1161 2462 τῆς
1189 2393 1288 2462 σῆς
1311 2393 1629 2463 ὁμολογίας,
1662 2394 1853 2465 βούλε-

254 2498 348 2537 ται
380 2483 685 2554 παριστᾷν,
708 2482 785 2548 ὡς
815 2484 1067 2538 ὲντεῦθεν
1095 2484 1233 2554 μηδὲ
1258 2485 1341 2555 τῷ
1367 2486 1519 2556 αὐτῷ
1549 2487 1854 2557 ἀναθέματι

258 2573 703 2643 συναπάγεσθαι,
725 2576 755 2630 ὁ
776 2576 911 2645 γοῦν
943 2576 1213 2648 ἡμέτερος
1239 2578 1396 2647 λόγος
1408 2579 1505 2649 τῆς
1526 2580 1853 2646 ἀποδείξεως

256 2664 412 2719 οὕτω
442 2666 680 2735 λέγοντά
708 2685 769 2722 σε
824 2669 956 2739 μίαν
1006 2670 1168 2739 φύσιν
1197 2673 1291 2725 ἐπὶ
1315 2673 1414 2744 τῆς
1442 2671 1690 2738 ἑνώσεως
1715 2676 1855 2747 Χρι-

259 2758 419 2826 στοῦ,
471 2760 581 2813 κάν
612 2760 688 2831 μὴ
739 2761 807 2815 ἔκ
858 2761 1082 2832 πρώτης
1137 2762 1312 2828 οὕτως
1363 2763 1515 2836 εὖροι
1541 2766 1854 2833 δοξάζοντα,

259 2850 382 2906 ἀλλ’
435 2852 496 2919 ἑξ
565 2848 643 2907 ὧν
700 2853 906 2923 λέγεις,
954 2854 1252 2920 ὶξάπαντος
1292 2858 1373 2921 εἰς
1401 2858 1494 2911 τὸν
1529 2859 1628 2928 τῆς
1657 2859 1857 2930 ἀναχύ⁴

262 2959 410 3008 σεως
434 2944 641 3015 τρόπον
665 2946 941 3017 περιάξει,
983 2948 1077 3001 καὶ
1101 2946 1262 3003 τοῦτό
1298 2966 1380 3003 σοι
1400 2950 1558 3021 δῆλον
1581 2952 1853 3008 ἐντεῦθεν.

260 3034 436 3104 Τρεῖς
487 3036 674 3092 τοίνυν
713 3038 771 3091 αἱ
820 3038 1086 3094 ἀνωτάτω
1118 3039 1269 3105 δόξαι
1316 3043 1447 3114 περὶ
1486 3044 1584 3114 τῆς
1609 3044 1856 3110 ἐνώσεως

261 3123 374 3178 τῶν
408 3126 473 3179 ὲν
498 3125 728 3202 ξίριστῷ
778 3127 997 3198 φύσεων
1042 3130 1480 3201 κατεϐλήθησαν,
1530 3134 1857 3209 διαιρετικὴ,

1962 1930 2143 1985 nibus‘
2178 1929 2348 1986 Deum
2396 1931 2635 1987 Verbum
2680 1932 3066 2002 assumpsisse,
3100 1942 3151 1989 te
3180 1933 3359 2004 ipsum
3397 1946 3541 1987 vero

1960 2024 2194 2095 probare
2263 2039 2372 2079 non
2420 2024 2768 2081 introducere
2813 2022 3219 2088 confusionem,
3260 2034 3314 2081 et
3364 2022 3537 2084 alibi;

1962 2131 2131 2171 uuam
2152 2124 2403 2171 naturam
2427 2116 2784 2170 aﬂlrmantem
2813 2116 2867 2168 in
2894 2114 3137 2180 Christo,
3159 2130 3268 2171 nou
3289 2126 3545 2185 propter-

1960 2220 2023 2262 ea
2064 2205 2398 2263 anathemati
2440 2206 2633 2262 merito
2680 2204 2900 2276 subjici.
2961 2204 3028 2261 Et
3054 2206 3181 2262 licet
3209 2221 3390 2263 sermo
3418 2213 3548 2259 tuus

1960 2299 2240 2371 opinionis
2280 2298 2635 2371 Eutychiauae
2688 2309 2905 2369 tuaeque
2940 2299 3310 2356 confessionis
3348 2297 3549 2354 discri-

1963 2408 2085 2447 men
2145 2392 2416 2448 extricare
2468 2391 2707 2458 nitatur,
2764 2400 2824 2447 ut
2895 2392 3023 2448 inde
3077 2391 3153 2447 ab
3198 2392 3552 2447 anathemate

1963 2494 2157 2539 contra
2197 2484 2497 2556 Eutycbem
2545 2484 2660 2539 lato
2691 2484 2954 2539 immunis
3000 2482 3418 2546 essevvideanis,
3448 2499 3552 2537 nn-

1963 2591 2092 2635 sme
2128 2590 2313 2634 tamen
2338 2578 2833 2633 demonstrationis
2864 2576 3007 2633 ratio
3031 2585 3083 2632 te
3101 2590 3265 2631 uuam
3292 2584 3548 2631 naturam

1963 2670 2017 2725 in
2041 2671 2242 2725 unione
2266 2669 2471 2725 Christi
2498 2680 2857 2735 asscrentem,
2871 2670 2971 2724 etsi
2997 2669 3116 2739 ipso
3132 2667 3310 2739 primo
3329 2678 3553 2738 aspectu

1965 2770 2018 2818 te
2044 2763 2119 2817 ita
2148 2762 2398 2818 confiteri
2449 2779 2556 2819 non
2590 2761 3208 2833 compererit,.omuino
3248 2760 3301 2814 in
3350 2759 3549 2817 confu-

1963 2856 2137 2912 sionis
2164 2856 2388 2911 modum
2418 2856 2689 2911 adducet:
2713 2854 2861 2925 quod
2893 2854 2990 2909 tibi
3019 2854 3167 2909 hisce
3186 2851 3546 2912 manifestum

1963 2946 2149 3003 fuerit.
2201 2946 2335 3004 Tres
2376 2962 2509 3018 ergo
2565 2962 2834 3017 supremae
2881 2947 3176 3016 opiniones
3231 2946 3299 3001 de
3352 2946 3557 3002 unione

1965 3047 2288 3095 naturarum
2319 3039 2390 3093 in.
2409 3038 2629 3095 Christo
2659 3047 2940 3108 concepta:
2968 3045 3120 3098 sunt,
3148 3037 3403 3103 divisiva,
3422 3051 3555 3092 cono

1965 3132 2167 3199 Μήνα,
2216 3142 2274 3189 et
2312 3149 2435 3203 quas
2463 3132 2680 3203 proprie
2709 3131 3019 3202 appellatur
3040 3130 3249 3185 unitiva
3278 3146 3291 3182 :
3317 3145 3553 3200 quarqu

264 3216 601 3287 συγχυτικὴ.
643 3218 739 3272 καὶ
768 3221 802 3291 ὴ
847 3219 1053 3291 κυρίως
1074 3222 1308 3293 ἑνωτικὴ
1339 3221 1630 3296 λεγομένη.
1665 3227 1731 3280 Ai
1757 3228 1857 3298 μὲν

1968 3224 2083 3280 duae
2137 3224 2207 3280 ab
2262 3224 2533 3280 hereticis
2592 3223 2753 3295 quasi
2802 3222 2914 3292 joci
2999 3222 3218 3277 ridiculi
3263 3221 3557 3277 divendita!

267 3302 369 3361 οὖν
412 3306 513 3361 δύο
544 3310 735 3363 παισὶν
778 3312 1071 3382 αίρετικῶν
1120 3313 1479 3385 ὲπαίχθησαν,
1539 3318 1635 3371 καὶ
1676 3319 1867 3384 παιζέ-

269 3399 520 3455 σθωσαν.
554 3400 753 3466 Καλῶς
787 3403 898 3475 γάρ
931 3404 1223 3475 προλαϐὼν
1248 3406 1447 3471 αὐτοὺς
1479 3409 1508 3461 ὁ
1538 3409 1680 3473 θεῖος
1713 3411 1867 3484 Γρη-

267 3492 457 3565 γόριος
504 3495 910 3566 ὲστηλίτευσεν.
935 3498 1011 3551 Ἥ
1044 3515 1102 3552 τε
1147 3498 1258 3569 γὰρ
1288 3500 1594 3573 διαιρετικὴ
1642 3504 1869 3575 σχετική

267 3600 356 3649 τις
376 3580 542 3651 οὖσα,
560 3586 657 3640 καὶ
682 3586 819 3657 μηδὲ
841 3587 945 3658 τὴν
967 3588 1141 3660 ἀρχὴν
1161 3591 1256 3654 τάς
1275 3590 1470 3659 φύσεις
1494 3593 1868 3661 συνάπτουσα,

269 3675 669 3746 κεχωρισμένα
694 3677 830 3748 πρὸς
861 3676 1065 3748 ἀλληλα
1094 3680 1421 3735 καταλείπει
1448 3683 1517 3736 τὰ
1544 3684 1870 3754 πράγματα,

272 3769 411 3840 μηδὲ
433 3770 538 3822 ὅσα
568 3769 676 3823 ἴδια
704 3770 916 3836 τούτοις
938 3770 1175 3838 διδοῦσα,
1209 3774 1242 3846 ἢ
1267 3775 1628 3830 ἀναδιδοῦσα.
1660 3778 1747 3841 Ὠς
1778 3780 1868 3832 ὲν-

268 3861 470 3916 τεῦθεν
481 3860 582 3916 δύο
597 3861 788 3931 φύσεις
813 3864 990 3935 πάντη
1014 3867 1290 3938 χωριστὰς
1312 3865 1557 3939 ἀλλήλων
1571 3868 1874 3940 ὁρίζεσθαι,

277 3955 420 4024 πλὴν
443 3955 576 4008 ὅσον
611 3953 759 4025 ἀξίᾳ,
786 3956 880 4010 καὶ
903 3956 1123 4028 γνώμῃ,
1147 3960 1243 4012 καὶ
1269 3960 1629 4031 ταυτοϐουλίᾳ
1651 3961 1743 4014 τὸν
1766 3962 1875 4015 τῶν

276 4048 500 4114 φύσεων
524 4048 810 4119 χωρισμὸν
834 4049 1117 4117 φενακίζει
1140 4050 1266 4111 τοὺς
1283 4050 1547 4121 ἄφρονας.
1572 4051 1809 4123 Τοιαύτη
1840 4053 1874 4123 ὴ

270 4137 371 4192 τοῦ
390 4137 642 4209 ματαιόφ
652 4155 803 4209 ρονος
819 4138 1116 4209 Νεστορίου
1134 4139 1285 4207 δόξα,
1305 4142 1338 4210 ἡ
1359 4140 1414 4194 δὲ
1434 4141 1571 4195 κατά
1584 4141 1877 4212 διάμετρον

279 4230 495 4302 ταύτης
530 4233 628 4286 καὶ
660 4231 963 4303 συγχυτικὴ
995 4233 1222 4286 πλεῖστα
1246 4234 1600 4302 ἀφανίζουσα,
1624 4235 1719 4290 καὶ
1746 4253 1876 4305 συγ-

272 4321 505 4394 χέουσα,
522 4322 585 4377 ἓν
605 4341 660 4376 τι
676 4324 909 4395 πρᾶγμα
935 4324 1089 4377 νόθον
1102 4325 1436 4378 ἀναπλάττει
1469 4340 1529 4378 τε
1553 4327 1647 4379 καὶ
1668 4327 1875 4396 φαντά-

273 4413 458 4479 ζεται,
483 4416 544 4467 ὲν
567 4414 677 4468 οὐδ’
693 4417 941 4487 ὁποτέρῳ
961 4415 1069 4470 τῶν
1088 4418 1381 4488 ὴνωμένων
1395 4416 1655 4488 καθαρῶς
1670 4418 1730 4472 τὸ
1743 4418 1876 4473 ἴδιον

1971 3324 2105 3371 sunt
2132 3323 2187 3370 et
2214 3314 2609 3370 divenduntur.
2658 3312 2837 3368 Probe
2868 3312 3015 3368 enim
3042 3327 3141 3367 eos
3170 3326 3559 3382 praeoccupans

1972 3407 2194 3463 divinus
2224 3407 2551 3477 .Gregorius
2608 3405 2892 3461 infamavit
2939 3420 3230 3474 :namque
3277 3404 3556 3465 divisiva».

1973 3513 2101 3554 cum
2141 3499 2365 3555 relativa
2408 3499 2514 3565 sit,
2560 3509 2614 3555 et
2664 3514 2840 3568 neque
2887 3497 2941 3551 in
2985 3497 3104 3567 ipso
3136 3496 3295 3550 initio
3330 3505 3559 3551 naturas

1974 3591 2298 3662 coniungat,
2333 3600 2617 3662 separatas
2665 3591 2805 3646 inter
2849 3604 2908 3645 se
2940 3604 3028 3643 res
3074 3588 3357 3658 relinquit,
3380 3604 3559 3657 neque

1974 3682 2085 3737 illis
2147 3684 2503 3749 communia,
2555 3698 2733 3753 neque
2793 3682 3091 3751 peculiaria
3149 3680 3411 3746 exhibet,
3465 3689 3561 3747 aut

1976 3772 2174 3837 reddit,
2205 3780 2266 3827 ut
2302 3773 2427 3828 inde
2448 3773 2568 3828 duae
2600 3783 2807 3826 natura:
2844 3770 3070 3825 omnino
3129 3786 3186 3824 a.
3208 3769 3409 3840 seipsis
3451 3770 3561 3824 dis-

1976 3866 2189 3936 pertita:
2244 3867 2670 3929 constituantur,
2696 3873 2752 3919 et
2804 3864 2919 3918 lucc
2963 3863 3347 3919 tantummodo
3381 3862 3561 3931 digni.-

1978 3968 2110 4022 tate,
2143 3971 2198 4013 et
2231 3959 2524 4026 opinione,
2557 3968 2611 4013 ct
2663 3957 2899 4012 consilio
2927 3966 3156 4011 naturas
3196 3955 3442 4010 dividens
3472 3954 3560 4009 fu.

1976 4066 2100 4105 cum
2152 4049 2539 4120 insipientibus
2582 4050 2732 4115 facit,
2804 4060 2999 4118 estque
3057 4047 3245 4102 stolidi
3302 4046 3558 4102 Nestorii.

1978 4141 2113 4208 Qua:
2136 4155 2266 4195 vero
2304 4141 2380 4196 illi
2406 4157 2471 4196 ex
2492 4141 2764 4196 diametro
2789 4141 3102 4210 opponitur,
3124 4140 3276 4209 plura
3297 4140 3560 4194 dirimens

1975 4241 2031 4289 et
2057 4230 2429 4298 confundens,
2457 4232 2709 4302 Spurium
2758 4232 2946 4289 nescio
2995 4231 3127 4302 quid
3170 4230 3273 4288 sibi
3311 4230 3484 4300 fingit,
3508 4240 3564 4285 ct

1978 4326 2370 4397 imaginatione
2423 4327 2846 4397 complectitur,
2911 4326 2996 4381 in~
3028 4334 3219 4380 neutra
3278 4324 3559 4378 uuitorum

1977 4430 2134 4491 parte
2168 4435 2301 4490 pure
2327 4420 2609 4491 proprium
2640 4422 3003 4484 conservans,
3030 4418 3125 4473 sed
3155 4417 3270 4473 hoc
3290 4416 3423 4470 illud
3455 4424 3559 4480 est,

272 4504 672 4569 ἀποσώζουσα,
707 4505 845 4559 ἀλλά
892 4505 1052 4561 τοῦτο
1105 4508 1301 4569 ὲκείνο,
1332 4509 1553 4560 κάκεῖνο
1572 4508 1749 4571 τοῦτο,
1782 4508 1876 4562 καὶ

1980 4521 2036 4568 et
2062 4511 2193 4567 illud
2224 4511 2330 4566 hoc
2360 4528 2374 4566 :
2405 4504 2640 4581 ideoque
2667 4525 2845 4580 neque
2888 4510 3012 4574 hoc,
3049 4525 3223 4579 neque
3259 4507 3389 4563 illud
3425 4524 3561 4562 con-

270 4597 366 4651 διά
385 4596 565 4650 τοῦτο
580 4597 706 4651 οὐδὲ
737 4597 918 4664 τοῦτο,
941 4599 1061 4652 οὐδὲ
1088 4601 1264 4654 έκεῖνο
1287 4600 1667 4671 συγχωροῦσα.
1698 4602 1871 4656 Νὸθον

273 4690 392 4761 γάρ
421 4689 579 4745 ἆπαν
619 4689 682 4742 τὸ
727 4690 791 4743 ὲκ
827 4690 928 4760 τῆς
969 4690 1285 4761 συγχύσεως
1311 4692 1688 4760 ἀναφαίνεται,
1720 4693 1872 4747 οὐδὲν

269 4784 407 4854 ἕχον
444 4782 720 4854 καθαρὸν,
756 4784 879 4838 οὐδὲ
912 4785 971 4837 ὲν
999 4787 1066 4857 τῇ
1098 4785 1311 4856 μονίμῳ
1364 4785 1648 4856 ἱδρυμένον
1679 4786 1873 4841 ἑαυτοῦ

273 4875 544 4945 ἰδιότητι.
579 4876 644 4928 Ἦ
670 4876 725 4928 δὲ
754 4875 959 4929 τούτων
991 4877 1134 4947 μέση
1166 4877 1470 4947 ἀσύγχυτός
1496 4894 1555 4930 τε
1583 4878 1675 4930 καὶ
1703 4877 1877 4930 ἀδιαι-

267 4984 447 5042 ρετος
470 4966 673 5031 ἓνωσις
705 4960 814 5021 οἶδε
850 4966 950 5037 μὲν
972 4967 1042 5020 τά
1063 4965 1332 5037 ὁραθέντα
1356 4966 1661 5032 ἀνελλιπῶς
1688 4966 1877 5037 ἔχοντα

267 5061 431 5116 κατά
462 5060 568 5131 τὴν
621 5060 804 5114 αὐτῶν
856 5060 1096 5131 ἰδιότητα
1127 5059 1217 5114 διὰ
1258 5058 1324 5114 τδ
1355 5060 1648 5132 ἄτρεπτον,
1682 5060 1877 5123 κοινῶς

156 5194 165 5198 τ
265 5155 337 5210 δὲ
390 5154 576 5208 ταῦτα
634 5154 731 5207 καὶ
759 5153 876 5216 ἑνὸς
899 5148 1038 5208 εἶναι
1075 5155 1222 5208 ποιεῖ
1246 5152 1313 5208 δι’
1352 5153 1528 5225 αὐτήν
1567 5170 1632 5223 γε
1660 5153 1760 5224 τὴν
1790 5154 1880 5207 ού-

268 5247 465 5318 σιὼδη
494 5247 719 5312 ἕνωσιν,
741 5246 817 5310 ὡς
840 5247 890 5299 εί
924 5248 1021 5301 καὶ
1048 5246 1118 5301 τά
1144 5248 1241 5317 μὲν
1270 5246 1477 5318 κυρίως
1497 5247 1605 5301 ίδια
1626 5245 1877 5317 θατέρου.

271 5340 458 5398 κοινὰ
493 5338 592 5395 τοῦ
623 5340 770 5405 ὅλου,
829 5341 897 5394 τά
926 5340 985 5394 δὲ
1034 5340 1130 5394 τοῦ
1160 5340 1283 5395 ὅλου
1312 5339 1488 5403 κοινά,
1524 5339 1751 5411 θατέρου
1774 5339 1881 5393 ῐδια

267 5439 378 5494 διὰ
406 5438 513 5509 τὴν
545 5439 607 5491 ὲν
632 5436 851 5507 θατέρῳ
909 5435 1004 5490 τοῦ
1046 5435 1213 5490 αὐτοῦ
1261 5433 1572 5504 ἀσύγχυτον
1619 5432 1880 5503 ἰδιότητα.

269 5532 361 5586 ῦύ
390 5530 512 5601 γὰρ
546 5527 614 5584 ἂν
643 5528 913 5592 ἀντίδοσις
939 5528 1048 5583 τῶν
1105 5528 1412 5599 ἰδιωμάτων
1459 5526 1697 5595 ἐγένετο,
1724 5527 1774 5579 εί
1806 5525 1883 5597 μὴ

269 5626 340 5677 ὲν
380 5621 643 5693 ἑκατέρῳ
666 5621 884 5693 ἔμεινεν
914 5622 974 5675 ὲν
998 5624 1063 5693 τῇ
1099 5621 1343 5692 ένὼσειή
1376 5619 1573 5690 ἰδιότης
1604 5618 1881 5688 ἀκίνητος.

276 5717 496 5773 Ἔστιν
547 5711 644 5769 οὖν
691 5716 726 5787 ὴ
771 5715 999 5786 τοιαύτη
1034 5715 1229 5779 ἓνωσις
1257 5712 1366 5768 τῶν
1416 5715 1517 5784 μὲν
1550 5713 1725 5783 πάντη
1747 5713 1887 5766 διαι-

275 5809 480 5885 ρετῶν
505 5808 833 5882 ινικωτέρα,
884 5808 1001 5866 τῶν
1033 5808 1097 5864 δὲ
1145 5808 1322 5879 πάντη
1358 5805 1701 5877 συγχυτικῶν
1731 5804 1887 5860 πλου-

1973 4605 2221 4661 cedens:
2254 4602 2401 4674 quod
2437 4603 2591 4657 enim
2626 4618 2695 4658 ex
2733 4600 3062 4658 confusione
3088 4602 3280 4664 oritur,
3312 4599 3559 4669 spuriqu

1974 4707 2081 4765 est,
2115 4696 2250 4752 nihil
2284 4711 2483 4767 purum
2514 4696 2828 4757 continens,
2872 4695 2927 4748 in
2960 4693 3080 4764 ipsa
3125 4693 3211 4748 sui
3234 4692 3414 4747 stabili
3442 4707 3565 4759 prn-

1975 4788 2205 4859 prietate
2252 4788 2479 4842 minime
2527 4786 2766 4841 ﬁrmum.
2803 4787 3010 4840 Harum
3046 4783 3224 4838 media
3273 4783 3563 4838 inconfnsa

1976 4889 2031 4934 ct
2063 4878 2301 4935 indivisa
2337 4878 2472 4935 unio
2503 4877 2754 4950 agnoscit
2793 4874 3047 4945 equidem
3074 4880 3368 4942 conspecta
3420 4872 3562 4926 into-
3592 4924 3593 4927 η

1978 4987 2073 5043 gra
2101 4986 2224 5027 esse
2254 4981 2474 5041 propter
2505 4986 2636 5025 suas
2673 4967 3056 5039 proprietates,
3106 4981 3230 5035 quae
3263 4966 3564 5018 immutata:

1979 5081 2085 5120 non
2127 5071 2280 5120 sunt.
2329 5062 2707 5119 Communiter
2752 5068 2935 5114 autem
2983 5058 3119 5120 haec,
3147 5068 3206 5111 et
3240 5058 3401 5110 unius
3444 5072 3566 5109 esse
3606 5132 3611 5137 ‘

1978 5156 2183 5211 ﬁnietur
2249 5167 2471 5226 propter
2524 5152 2875 5209 csseutialem
2935 5150 3564 5218 uuioucmrctprnpria

1983 5248 2170 5313 unius,
2196 5249 2370 5303 totius
2395 5245 2740 5303 communia:
2770 5262 2895 5315 quas
2930 5260 3061 5299 vero
3096 5245 3271 5297 totius
3314 5257 3565 5296 commu-

1983 5340 2094 5405 nia,
2114 5340 2348 5395 alterius
2362 5354 2584 5410 quoque
2614 5337 3098 5408 propriaaprnpter
3132 5337 3277 5390 illius
3328 5335 3382 5387 in
3408 5342 3563 5388 .utro-

1983 5434 2483 5503 que,inconfusam-
2542 5432 2952 5503 proprietatem.
2986 5429 3173 5501 Neque
3226 5428 3371 5482 enim
3438 5442 3567 5496 pro—

1986 5526 2277 5597 prietatum
2364 5534 2556 5581 mutua
2618 5527 2994 5595 compensatio
3058 5525 3207 5577 fieret
3241 5562 3257 5585 ,
3320 5518 3427 5574 nisi
3514 5517 3569 5570 in

1985 5628 2220 5689 utroque
2259 5626 2589 5684 remaneret,
2624 5618 2911 5672 in-unione
2961 5614 3265 5686 proprietas
3318 5613 3565 5695 immota.

1988 5710 2086 5767 Est
2118 5712 2303 5783 itaque
2356 5711 2553 5767 similis
2606 5711 2738 5766 unio
2771 5724 2988 5774 eorum,
3022 5723 3143 5779 qua:
3184 5706 3400 5777 penitus
3429 5701 3579 5757 divis-1

1989 5802 2218 5871 duntur,
2254 5801 2431 5875 magis
2475 5800 2704 5868 unitiva,
2738 5815 2957 5870 eorum,
2985 5813 3109 5871 qua:
3152 5810 3386 5869 prorsus
3433 5808 3583 5850 corr
