4012 6488
495 324 603 394 627

1758 327 2501 395 NICETEBYZANTINI
2562 332 2571 337 ’
2772 332 2777 333 ί

492 441 795 498 funduntur
831 441 1171 512 ailluentior;
1219 450 1280 499 ut
1315 456 1495 514 neque
1523 442 1751 498 omnino
1780 442 1922 498 idem
1951 457 2080 497 esse

2188 444 2450 515 σιω-τέρα,
2505 442 2584 509 ὡς
2614 443 2776 516 "pirus
2832 438 3018 514 ἀάστη
3062 438 3266 496 τάυτδν
3312 442 3452 501 εἶναι
3480 453 3642 506 ποιεῖν
3674 456 3735 512 τὰ

491 537 659 593 faciat
688 538 853 593 simul
897 539 1078 605 unita,
1116 552 1297 608 neque
1339 552 1571 609 prorsus
1605 536 1775 592 aliud.
1808 536 1866 591 Si
1903 537 2088 605 itaque

490 630 631 685 nihil
655 630 879 686 omnino
917 630 1083 695 idem,
1115 645 1293 700 neque
1317 643 1381 685 ex
1420 628 1684 684 omnibus
1732 629 1902 693 aliud,
1941 628 2085 697 quod

490 740 557 779 et
592 724 793 780 unione
826 726 1026 788 oritur,
1062 734 1163 788 est,
1227 725 1583 792 quaerendum
1636 724 1860 778 ubinam
1919 722 2085 789 idem,

496 817 588 873 ubi
652 832 782 871 vero
842 816 989 869 aliud
1039 816 1290 871 veritatis
1325 830 1517 871 norma
1580 816 1898 887 cognoscit,
1938 814 2084 869 idem

493 908 714 977 quidem
766 908 1065 962 secundum
1115 907 1489 977 hypostasim,
1543 906 1689 962 aliud
1714 922 1842 962 vero
1884 921 2084 961 secun-

489 1001 619 1056 dum
654 1008 901 1053 naturam
935 999 1236 1069 ;opposito
1302 1014 1540 1069 namque
1595 999 1779 1065 modo,
1827 1014 1994 1069 quam
2033 998 2085 1052 in

490 1089 779 1153 Trinitate,
819 1100 878 1146 ut
926 1091 1150 1148 divinus
1206 1090 1376 1147 refert
1430 1092 1753 1162 Gregorius,
1782 1106 1847 1148 se
1903 1092 2086 1146 habet.

488 1183 645 1250 Quod
674 1184 719 1238 si
750 1184 801 1239 id
834 1183 1171 1242 adversariis
1206 1200 1313 1240 non
1348 1186 1638 1256 probatur,
1664 1184 1809 1255 quod
1832 1183 2090 1254 sequitur

489 1275 593 1348 ipsi
619 1276 973 1332 concludant.
1020 1277 1263 1333 Omnino
1309 1278 1510 1334 etenim
1577 1278 1929 1350 sihypostasi
1972 1288 2086 1333 non

492 1374 645 1425 esset
671 1369 837 1436 idem,
874 1385 1004 1442 ergo
1045 1379 1263 1433 natura.
1296 1370 1623 1433 concedent,
1666 1379 1722 1426 et
1769 1370 1815 1425 si
1850 1369 1954 1425 hoc
1981 1383 2087 1424 una

488 1464 740 1524 omnino.
774 1472 831 1519 et
860 1464 1052 1519 eadem
1090 1463 1254 1518 fuerit
1300 1464 1441 1519 ratio
1470 1463 1718 1527 deitatis,
1746 1471 1803 1517 et
1834 1462 2089 1517 Immani-

488 1558 622 1611 tatis
650 1571 745 1625 per
778 1555 1078 1623 unionem;
1112 1558 1217 1611 etsi
1250 1554 1302 1611 id
1353 1557 1493 1613 idem
1546 1550 1711 1611 fuerit
1743 1555 1874 1609 unio
1906 1562 1963 1609 et
1993 1570 2089 1609 ua-

488 1656 652 1701 tura:
690 1647 830 1701 idem
879 1647 1027 1702 enim
1075 1649 1142 1702 de
1188 1647 1439 1717 utrisque
1482 1646 1841 1718 praedicatur.
1885 1645 2077 1712 Quem-

488 1736 784 1792 admodum
811 1736 956 1793 enim
1028 1751 1264 1807 quorum
1301 1747 1496 1793 natura
1530 1752 1636 1791 una
1667 1746 1769 1802 est,
1804 1736 2002 1792 horum
2034 1744 2088 1791 et

2189 534 2464 590 ἑνωθέντα
2496 535 2776 608 eamme,
2830 536 2972 607 μήτε
3020 534 3205 607 πάντη
3229 534 3437 607 ἕτερον.
3481 540 3541 596 El
3578 546 3739 601 τοίνυν

2195 629 2333 699 μηδὲ
2361 629 2541 699 πάντη
2572 630 2793 693 ταυτὸν,
2826 628 2963 699 μηδὲ
3002 627 3063 694 ἐξ
3105 628 3245 682 ὅλων
3273 629 3457 701 ἕτερον
3493 634 3550 687 τὸ
3571 637 3631 691 ἐκ
3651 638 3739 708 τῆς

2186 721 2435 787 ἑνώσεως
2464 722 2776 791 ἀποφαίνει,
2828 720 3112 793 ζητητέον,
3170 721 3248 791 ντῆ
3300 722 3397 792 μὲν
3432 727 3641 794 ταυτὸν,
3670 730 3741 800 πῆ

2187 815 2245 869 δὲ
2275 815 2462 887 ἕτερον
2482 816 2511 870 6
2534 815 2640 886 ’τῆς
2664 813 2921 886 ἀληθείας
2952 813 3113 882 λόγος
3157 808 3284 869 οἵδε.
3324 814 3397 869 Τδ
3440 817 3535 887 μὲν
3565 822 3742 877 ταυτὸν

2188 908 2333 961 κατά
2376 908 2491 985 τὴν
2525 908 2853 971 ὑπόστασιν.
2883 907 2947 961 τὸ
2976 906 3032 960 δὲ
3064 907 3251 976 ἕτερον
3287 908 3433 962 κατὰ
3460 909 3557 981 τὴν
3579 912 3743 981 φύσιν.

2192 1000 2472 1071 Ἔμπαλιν
2488 1000 2595 1071 γὰρ
2626 999 2661 1071 ἦ
2697 998 2792 1053 ἐπὶ
2819 998 2920 1070 τῆς
2940 998 3170 1071 Τριάδος
3190 999 3302 1070 ἔχει
3331 1002 3472 1056 κατὰ
3503 1002 3590 1057 τὸν
3616 1004 3746 1060 θεῖον

2190 1094 2515 1168 Γρηγόριον.
2542 1096 2607 1150 El
2634 1096 2692 1149 δὲ
2724 1092 2884 1149 τοῦτο
2928 1095 3045 1157 τοῖς
3070 1092 3339 1156 ἐναντίοις
3360 1092 3747 1166 ἀπαράϐατον,
3774 1136 3777 1137 ν

2186 1186 2249 1241 τὸ
2276 1185 2406 1258 ἑξῆς
2434 1186 2591 1241 αὐτοὶ
2621 1186 3027 1255 συναγέτωσαν.
3060 1182 3289 1245 Πάντως
3310 1181 3421 1255 γὰρ
3448 1185 3496 1237 ει
3525 1186 3598 1257 μὴ
3630 1186 3749 1241 ὑπο.

2190 1276 2379 1333 στάσει
2417 1278 2478 1333 τὸ
2506 1277 2728 1341 ταυτὸν,
2758 1277 2869 1347 ἄρα
2914 1275 3077 1344 φύσει
3106 1273 3399 1330 δώσουσιν.
3424 1276 3488 1329 Εἰ
3509 1276 3565 1330 δὲ
3588 1277 3750 1343 τοῦτο,

2187 1366 2270 1436 εἷς
2295 1371 2468 1443 δήπου
2494 1370 2591 1426 καὶ
2619 1372 2648 1425 6
2681 1369 2846 1433 αὐτὸς
2876 1369 3027 1423 ἔσται
3054 1366 3209 1435 λόγος
3251 1366 3506 1437 θεότητος
3532 1370 3625 1422 καὶ
3666 1371 3753 1424 ἀν-

2188 1464 2545 1536 θρωπότητος
2576 1462 2667 1517 διὰ
2703 1463 2803 1532 τὴν
2853 1452 3071 1516 ἕνωσιν.
3114 1458 3226 1514 καὶ
3276 1460 3328 1513 εἰ
3360 1460 3541 1527 τοῦτο,
3574 1462 3757 1517 ταυτόν

2187 1555 2337 1608 ἐστιν
2364 1553 2561 1617 ἒνωσίς
2608 1568 2669 1607 τε
2698 1554 2798 1607 καὶ
2846 1553 3027 1622 φύσις.
3056 1552 3255 1605 Κοινὸν
3294 1551 3406 1623 γὰρ
3446 1553 3508 1605 τὸ
3549 1554 3634 1606 ἐπ’
3659 1555 3758 1623 ἀμ·

2188 1648 2309 1715 φοῖν
2340 1646 2723 1717 κατηγόρημα.
2766 1645 2979 1717 ’Ὠσπερ
3002 1644 3111 1715 γὰρ
3131 1639 3205 1701 ὧν
3234 1644 3269 1715 ἡ
3302 1647 3467 1713 φύσις
3500 1644 3617 1714 μία,
3649 1646 3761 1703 τού-

2188 1754 2298 1792 των
2329 1741 2424 1793 καὶ
2471 1739 2501 1792 6
2527 1738 2688 1808 λόγος
2734 1739 2763 1793 6
2804 1738 2989 1802 αὐτὸς,
3018 1738 3193 1802 οὕτως
3230 1737 3477 1809 ἀνάγκη.
3497 1738 3606 1800 ,καὶ
3631 1730 3700 1793 ῶν
3727 1739 3757 1809 ἡ

489 1829 637 1885 ratio
659 1829 849 1884 eadem
880 1846 895 1884 :
924 1828 1010 1885 sic
1035 1830 1351 1886 necessario
1382 1831 1668 1901 sequitur;
1696 1842 1932 1900 quorum
1955 1828 2082 1883 uuio

2184 1831 2389 1896 ξνωσις
2421 1832 2539 1903 ἅμα
2575 1832 2672 1886 καὶ
2704 1832 2763 1885 ὲν
2793 1830 3001 1901 ταυτῷ,
3033 1829 3245 1884 τούτων
3294 1829 3424 1884 κατ’
3448 1830 3652 1894 αὐτοὺς
3678 1831 3763 1884 καὶ

489 1920 680 1986 simul,
713 1929 768 1977 et
793 1921 849 1976 in
882 1921 1095 1986 eodem,
1132 1934 1324 1976 eorum
1375 1921 1675 1981 secundum
1719 1920 1873 1991 ipsos
1902 1930 1953 1974 et
1982 1934 2086 1973 na-

488 2021 672 2069 turam
724 2022 846 2071 esse
893 2028 1270 2070 communem.
1306 2015 1449 2085 Ergo
1482 2026 1538 2070 et
1567 2016 1909 2092 oppositum,
1940 2030 2083 2086 quo-

488 2123 614 2186 rum
648 2116 843 2163 natura
874 2118 1005 2173 una,
1040 2108 1239 2164 horum
1280 2108 1609 2180 hypostases
1643 2109 1909 2176 diversae;
1960 2122 2084 2164 cum

486 2206 619 2253 Vero
668 2210 836 2253 unam
890 2208 1145 2253 naturam
1205 2214 1313 2253 una
1358 2215 1592 2270 persona
1641 2200 2083 2265 circumscribat,

486 2287 619 2354 quid
654 2285 779 2343 inde
800 2284 1119 2358 colligitur?
1150 2303 1316 2344 unam
1351 2304 1474 2345 esse
1508 2298 1764 2345 naturam
1792 2289 1994 2350 carnis.
2024 2301 2080 2345 et

486 2379 733 2445 deitatis,
788 2381 1025 2451 ideoque
1084 2380 1471 2437 confusionem
1524 2382 1899 2454 :hypostases
1953 2394 2084 2437 vero

488 2473 653 2527 duas.
683 2470 846 2539 Quod
885 2473 929 2528 si
984 2484 1165 2543 neque
1217 2482 1434 2543 natura,
1470 2490 1648 2545 neque
1683 2475 1986 2547 hypostasi,
2029 2478 2085 2530 et

489 2572 725 2622 numero
764 2576 936 2622 unum
981 2567 1208 2632 habent,
1238 2583 1362 2639 qum
1406 2578 1804 2634 cenvenerunt,
1856 2568 2081 2624 ubinam

490 2654 660 2715 fuerit
691 2672 795 2731 per
824 2660 1083 2717 unionem
1124 2662 1408 2718 ‘unit‘orum
1452 2662 1741 2718 identita‘s?
1779 2660 1935 2728 Quod
1959 2662 2003 2717 si
2028 2670 2085 2717 et

490 2761 709 2819 natura,
740 2763 797 2809 et
822 2753 1105 2826 hypostasi
1155 2768 1328 2810 unum
1384 2755 1614 2811 invicem
1672 2766 1821 2819 sunt,
1856 2756 2081 2811 ubinam

490 2845 957 2902 immutabilitatis
994 2856 1051 2903 et
1108 2842 1514 2904 inconfusionis
1555 2848 1695 2903 ratio
1729 2848 1917 2902 unioni
1951 2863 2082 2904 con-

483 2938 837 2993 servabitur?
890 2939 1179 3010 Colligitur
1226 2941 1396 3009 igitur
1439 2940 1775 2997 omnimodis
1812 2940 2082 2996 adversus

484 3043 609 3093 eos,
639 3030 733 3100 qui
768 3030 961 3085 dicunt
996 3048 1160 3087 unam
1214 3033 1267 3086 in
1317 3032 1538 3089 Christo
1568 3044 1845 3098 naturam,
1886 3032 2082 3090 confu-

486 3120 662 3177 sionis
708 3121 824 3192 ipse
870 3122 1084 3188 modus.
1120 3124 1250 3177 licet
1287 3124 1388 3193 ipsi
1421 3125 1473 3179 id
1504 3134 1761 3181 renuant.
1793 3124 1913 3179 Alia
1940 3138 2077 3194 quo-
2112 3138 2155 3197 ε

483 3227 597 3285 que
622 3214 837 3270 ratione
884 3215 989 3271 hoc
1026 3215 1169 3270 idem
1210 3217 1495 3286 probatur,
1538 3226 1848 3273 asserentes
1873 3216 2081 3271 scilicet

482 3314 658 3361 'unam
696 3306 750 3361 in
780 3307 1007 3363 Christo
1044 3318 1297 3362 naturam
1359 3308 1412 3362 in
1466 3308 1819 3365 confusionis
1854 3312 2075 3364 modum

486 3398 751 3454 incidere.
786 3397 1195 3470 Interrogamus
1235 3401 1421 3471 itaque
1454 3416 1548 3457 vos
1594 3419 1607 3455 :
1650 3401 1785 3468 Quae
1816 3401 1868 3455 in
1905 3418 2075 3457 unum

482 3498 869 3547 convenerunt
917 3488 1207 3546 inconfusa
1262 3492 1316 3546 in
1359 3493 1582 3558 unione,
1617 3505 1993 3563 agnoscuntur
2047 3502 2074 3548 a

492 3582 668 3647 \obis,
701 3582 788 3637 vel
821 3582 965 3637 non?
1010 3583 1248 3640 Omnino
1288 3585 1549 3641 asseretis
1603 3585 1931 3651 iuconl’usa,
1968 3587 2076 3643 nisi

486 3688 619 3731 eum
656 3672 1018 3746 Eutychianis
1049 3675 1255 3731 sentire
1290 3675 1470 3732 velitis
1510 3693 1522 3729 :
1565 3691 1688 3747 qua:
1716 3692 1847 3733 vero
1880 3693 2080 3733 conve—

488 3767 887 3835 nerunt,etiam
917 3766 1221 3822 secundum
1234 3782 1329 3823 vos
1356 3767 1465 3823 duo
1491 3780 1644 3835 sunt,
1670 3768 1851 3825 ‘deita‘s
1884 3784 2077 3839 nempe

481 3869 547 3916 ‘et
593 3860 905 3919 humanitas
933 3877 949 3922 ξ
976 3875 1081 3931 qua
1114 3876 1242 3915 vero
1281 3861 1510 3927 ratione,
1541 3877 1664 3932 qua:
1693 3859 1922 3918 confusa
1962 3874 2073 3917 non

484 3960 620 4009 sunt
656 3952 712 4007 in
746 3951 951 4007 unione
987 3952 1132 4019 duo,
1161 3952 1327 4007 etiam
1371 3962 1497 4024 post
1538 3954 1794 4009 unionem
1827 3954 1935 4010 duo
1966 3969 2073 4010 non

484 4045 831 4116 agnoscitis?
861 4043 928 4100 Et
956 4044 1003 4102 si
1034 4045 1357 4116 agnoscit's,
1389 4062 1560 4117 quare
1587 4047 1637 4101 id
1666 4062 1777 4101 non
1804 4045 2079 4102 fatemini?

481 4147 547 4195 'et
568 4140 612 4196 si
636 4137 905 4204 fatemini,
931 4153 1102 4210 quare
1116 4151 1180 4194 ea
1198 4138 1469 4195 abnuistis
1499 4155 1812 4207 numerare,
1839 4152 2075 4211 quorum

486 4242 707 4293 natura:
741 4229 1130 4301 proprietatem
1172 4228 1523 4286 iucoufusam
1565 4231 1733 4285 etiam
1764 4241 1887 4299 post
1920 4231 2077 4286 unio-

424 4377 436 4387 ,
484 4332 616 4378 rtem
638 4321 829 4379 scitis?
856 4321 1008 4386 Quod
1029 4321 1168 4376 enim
1192 4323 1613 4391 couﬁtentur,ait
1638 4322 1797 4379 divus
1816 4322 2075 4389 Basilius,

484 4416 724 4485 idipsum
756 4424 803 4470 et
839 4424 1136 4468 numerent.
1173 4414 1327 4481 Quod
1368 4417 1414 4471 si
1447 4432 1552 4472 non
1583 4417 1905 4481 numeratis,
1930 4425 2077 4486 patet

496 4478 593 4563 vos
640 4508 771 4563 illud
832 4522 943 4561 non
976 4478 1226 4561 conﬁteri
1266 4526 1279 4562 :
1316 4508 1462 4577 quod
1510 4508 1557 4564 si
1586 4525 1693 4564 non
1737 4478 2074 4566 confitemini
2102 4478 2156 4540 D

495 4615 676 4670 neque
725 4599 1022 4672 agnoscitis
1044 4642 1059 4665 ,
1093 4609 1147 4655 et
1176 4601 1220 4656 si
1257 4616 1365 4655 non
1397 4602 1715 4671 agnoscitis,
1757 4619 1865 4657 non
1896 4602 2079 4657 dicitis

496 4694 607 4752 duo
647 4708 791 4759 esse,
823 4708 942 4765 quin
976 4703 1349 4748 convenerunt
1386 4710 1399 4747 :
1434 4695 1621 4765 sicque
1649 4695 1761 4765 jam
1790 4695 2081 4750 immutata

497 4795 584 4842 est
609 4798 824 4849 eorum,
854 4801 975 4855 qum
1006 4795 1404 4852 convenerunt,
1448 4802 1555 4841 una
1584 4798 1779 4842 natura
1813 4788 1863 4841 in
1892 4787 2079 4842 aliam.

494 4877 613 4934 Hoc
639 4877 780 4934 idem
818 4879 923 4934 alia
960 4878 1203 4933 ratione.
1239 4875 1504 4935 Universa
1558 4878 1844 4949 integritas
1888 4880 1969 4932 vel
2013 4895 2080 4933 ex

494 4969 745 5041 partibus
777 4968 1053 5023 similibus
1089 4968 1507 5028 consistentiam
1541 4967 1723 5033 habet,
1756 4968 1838 5023 rei
1862 4983 1930 5025 ex
1962 4968 2078 5024 dis-

496 5060 793 5119 similibus.
826 5060 881 5116 Si
908 5076 973 5117 ex
1005 5059 1302 5125 similibus,
1340 5059 1568 5117 omnino
1601 5060 1706 5116 hoc
1746 5061 1937 5116 eodem
1975 5070 2078 5126 est,

496 5162 550 5209 et
587 5152 951 5225 incomposita
991 5169 1004 5204 :
1042 5150 1094 5209 si
1121 5168 1186 5206 ex
1210 5151 1576 5208 dissimilibus
1621 5158 1676 5205 ct
1721 5151 1954 5207 diversis
1986 5166 2082 5205 na-

488 5247 637 5303 turis
681 5246 968 5319 consistit,
1025 5245 1251 5300 omnino
1298 5245 1600 5316 composita
1632 5254 1756 5300 est:
1788 5246 1831 5300 si
1868 5261 1991 5316 quae
2015 5258 2082 5300 ex

496 5339 730 5396 diversis
767 5338 986 5394 naturis
1042 5337 1384 5405 conflantur,
1415 5337 1717 5407 composita
1750 5349 1898 5394 sunt.
1943 5338 2080 5394 Cum

501 5433 685 5503 itaque
734 5431 944 5489 Christi
996 5433 1283 5503 integritas
1317 5448 1383 5487 ex
1423 5431 1673 5501 partibus
1696 5420 2080 5499 dissimilibus,

480 5515 879 5582 'dill'erentibus
909 5525 1122 5582 scilicet
1154 5525 1366 5579 naturis
1394 5525 1477 5580 sui
1511 5526 1964 5597 compositionem
1995 5526 2085 5579 ha-

498 5617 608 5685 bet,
640 5618 858 5675 deitatis
887 5627 1070 5674 mente
1124 5619 1606 5690 humanitatisque,
1643 5630 1696 5676 et
1723 5621 1835 5675 haec
1870 5620 2082 5676 diversa

499 5709 553 5764 in
585 5709 788 5771 unione
819 5720 1228 5773 remanserunt,
1262 5711 1315 5765 in
1345 5712 1544 5781 quibus
1594 5727 1725 5767 vero
1771 5712 2081 5770 dilfcreutia

497 5811 603 5872 est,
651 5802 878 5865 omnino
929 5803 1035 5872 ibi,
1078 5814 1132 5867 et
1170 5803 1417 5869 biuarius
1461 5804 1527 5865 ad
1580 5805 1775 5870 minus
1810 5820 2078 5869 numerus

2188 1922 2288 1993 τὴν
2326 1922 2493 1992 φύσιν
2522 1916 2662 1977 εἶναι
2690 1923 2897 1993 κοινήν.
2937 1921 3149 1976 Οὐκοῦν
3182 1920 3283 1976 καὶ
3314 1920 3381 1975 τὸ
3412 1921 3665 1992 ἔμπαλιν,
3697 1914 3764 1973 ὧν

2189 2015 2223 2086 ἡ
2250 2014 2418 2083 φύσις
2451 2014 2570 2086 pla,
2597 2014 2809 2070 τούτων
2854 2014 3182 2077 ὑποστάσεις
3237 2013 3516 2083 διάφοροι.
3545 2014 3696 2066 Ἐπεὶ
3713 2012 3766 2065 δὲ

2188 2106 2323 2178 μίαν
2369 2107 2531 2176 φύσιν
2578 2105 2637 2161 ἓν
2684 2108 2979 2179 πρόσωπον
3018 2105 3386 2178 περιγράφει,
3426 2105 3676 2160 ἐντεῦθεν
3720 2103 3767 2157 τί

2190 2200 2520 2269 συνάγεται;
2565 2199 2694 2270 μίαν
2718 2198 2819 2269 μὲν
2852 2194 2991 2254 εἶναι
3032 2198 3198 2269 φύσιν
3236 2197 3447 2270 σαρκὸς
3475 2198 3570 2250 καὶ⁸
3596 2196 3771 2266 θεότη-

2186 2310 2298 2357 τος,
2341 2293 2436 2345 καὶ
2466 2292 2558 2346 διὰ
2603 2291 2765 2346 τοῦτο
2790 2293 3077 2363 ἀνᾶχυσις,
3116 2290 3466 2353 ὑποστάσεις
3494 2290 3552 2343 δὲ
3577 2290 3686 2343 δύο.
3716 2288 3770 2340 Ei

2186 2384 2243 2437 δὲ
2292 2384 2431 2454 μήτε
2480 2384 2643 2455 φύσει
2690 2385 2829 2455 μήτε
2880 2382 3178 2439 ὗποστὰσει
3225 2382 3327 2438 καὶ
3388 2381 3612 2453 ἀριθμῷ
3640 2381 3696 2435 τὸ
3720 2380 3771 2434 ἓν

2186 2475 2362 2547 ἔχοιεν
2408 2476 2475 2531 τὰ
2531 2475 2880 2543 συνελθόντα,
2911 2476 3018 2529 ποῦ
3063 2476 3097 2546 ἡ
3125 2474 3220 2529 διὰ
3262 2473 3369 2545 τῆς
3396 2474 3649 2537 ἐνώσεως
3673 2473 3770 2525 τῶν

2188 2571 2502 2625 ἑνωθέντων
2530 2570 2830 2638 ταυτότης;
2862 2570 2925 2623 El
2950 2568 3003 2622 δὲ
3026 2570 3120 2621 καὶ
3151 2567 3343 2637 φύσει,
3368 2568 3465 2620 καὶ
3495 2567 3773 2620 ὑποστάσει

2184 2666 2247 2720 τὸ
2303 2664 2362 2719 ἓν
2427 2663 2681 2735 ἀλλήλοις
2728 2657 2856 2727 εἶσὶ,
2921 2661 3026 2716 ποῦ
3053 2664 3080 2716 6
3109 2662 3216 2733 τῆς
3256 2661 3531 2733 ἀτρεψεας
3561 2661 3651 2714 καὶ
3686 2657 3773 2712 to?)

2185 2755 2494 2827 ἀσυγχύτου
2552 2755 2710 2824 λόγος
2752 2757 2820 2825 τῇ
2881 2750 3075 2808 ἑνώσει
3121 2753 3776 2823 σωθήσεται;Συνῆκται

2189 2850 2297 2923 ἄρα
2324 2844 2629 2917 ὲξάπαντος
2653 2850 2766 2911 τοῖς
2785 2847 3036 2914 λέγουσιν
3048 2848 3141 2900 ἐπὶ
3162 2844 3422 2915 Χριστοῦ
3450 2847 3581 2917 μίαν
3608 2846 3777 2915 φύσιν,

2187 2943 2285 2997 καὶ
2310 2945 2337 2996 6
2363 2942 2463 3013 τῆς
2484 2938 2798 3011 ἀναχύσεως
2815 2940 3040 3010 τρόπος,
3055 2939 3162 2994 κᾶν
3188 2939 3356 2993 αὐτοὶ
3388 2939 3467 3011 μὴ
3494 2938 3777 3009 βούλοιντο.

2185 3038 2297 3093 Καὶ
2327 3036 2502 3099 ἄλλως
2554 3035 2634 3097 εἰς
2667 3033 2726 3088 τδ
2765 3034 2915 3097 αὐτὸ,
2953 3032 3036 3087 ότι
3069 3034 3117 3087 οἱ
3159 3033 3303 3101 μίαν
3347 3032 3515 3103 φύσιν
3547 3031 3783 3101 λέγοντες

2185 3131 2280 3184 ἐπὶ
2312 3126 2552 3201 Χριστοῦ
2584 3126 2671 3191 εἰς
2726 3126 2820 3180 τὸν
2872 3124 2975 3195 τῆς
3026 3121 3369 3195 συγχύσεως
3389 3122 3602 3194 τρόπον
3628 3122 3783 3195 ἐμ.πί-

2184 3236 2433 3273 πτουσιν.
2497 3217 2836 3289 Ἐρωτητέον
2868 3211 2965 3269 οὖν
3018 3215 3193 3284 ὑμᾶς,
3256 3214 3511 3284 Πότερον
3559 3214 3685 3285 ὑμῖν
3724 3208 3786 3265 τὰ

2184 3312 2510 3367 συνελθόντα
2564 3310 2852 3379 ἀσύγχυτα
2908 3308 2972 3363 ὲν
3014 3310 3081 3379 τῇ
3113 3307 3326 3363 ὲνώσει
3366 3300 3785 3377 γινώσκεται,ἢ

2182 3405 2279 3473 οὖς
2307 3405 2530 3469 Πάντως
2591 3403 2767 3473 ἐρεῖτε
2805 3398 3109 3471 ἀσύγχυτα,
3146 3400 3334 3472 εἴπερ
3370 3400 3448 3473 μὴ
3478 3397 3789 3469 Εὑτυχιανεο

2182 3490 2294 3562 ζειν
2320 3496 2554 3550 ἐθέλετε.
2582 3495 2690 3547 Δύο
2743 3492 2801 3546 δὲ
2854 3491 2925 3545 τὰ
2972 3490 3320 3546 συνελθόντα
3353 3493 3454 3545 καὶ
3502 3490 3627 3546 καθ’
3659 3490 3790 3561 ὑμᾶς

2174 3591 2311 3652 reici.
2342 3588 2577 3658 θεότητά
2610 3603 2753 3658 φημι
2784 3585 2880 3641 καὶ
2912 3585 3358 3658 ἀνθρωπότητα.
3392 3584 3519 3639 Τίνι
3570 3585 3626 3638 δὲ
3663 3584 3792 3651 λόγῳ

2179 3680 2248 3735 τὰ
2299 3679 2374 3752 μὴ
2430 3678 2766 3751 συγχυθέντα
2824 3681 2886 3733 ὲν
2914 3682 2982 3751 τῇ
3003 3677 3207 3733 ἐνώσει
3250 3678 3375 3745 δύο,
3408 3676 3515 3732 καὶ
3552 3675 3687 3749 μετὰ
3704 3674 3793 3746 τὴν

2179 3775 2374 3829 ἕνωσιν
2397 3774 2459 3829 οὗ
2488 3773 2582 3827 δύο
2610 3773 2941 3842 γνωρίζετες
2994 3773 3057 3827 El
3089 3771 3153 3825 δὲ
3186 3772 3293 3827 καὶ
3325 3772 3656 3843 γνωρῖξετε,
3688 3769 3796 3832 πῶς

2170 3868 2280 3939 ὀὐχ
2299 3867 2645 3937 όμολογεῖτε;
2680 3866 2743 3920 El
2772 3865 2827 3920 δὲ
2870 3865 2965 3919 καὶ
2994 3860 3355 3935 όμοληογεῐτε,
3392 3864 3517 3927 πῶς
3543 3861 3789 3942 ἀριθμεῖν

2178 3958 2355 4014 ταῦτα
2380 3956 2759 4031 παραιτεῖσθε,
2786 3951 2862 4011 ὧν
2879 3957 2977 4029 τὴν
2992 3956 3091 4027 τῆς
3108 3956 3352 4026 φύσεως
3378 3958 3626 4027 ἰδιότητα
3645 3955 3800 4022 ἀσύγσ

2179 4069 2341 4123 χυτον
2369 4051 2464 4106 καὶ
2497 4051 2635 4121 μετὰ
2656 4049 2756 4123 τὴν
2790 4048 2985 4105 ἕνωσιν
3010 4049 3372 4117 ὲπίστασθες
3412 4050 3489 4105 '0
3523 4046 3635 4120 γὰρ
3676 4050 3801 4118 ὀμο-

2179 4142 2455 4213 λογοῦσι,
2471 4141 2636 4213 φησὶν
2657 4143 2685 4195 6
2702 4142 2844 4205 θεῖος
2866 4140 3177 4205 Βασίλειος.
3202 4141 3400 4198 τοῦτο
3422 4141 3527 4196 καὶ
3552 4137 3802 4209 ἀριθμεῖς

2179 4253 2405 4291 τωσαγ.
2427 4235 2490 4289 Εἰ
2506 4233 2563 4289 δὲ
2584 4234 2684 4289 οὐκ
2706 4234 3012 4304 ἀριθμεῖτε,
3031 4233 3207 4303 δῆλον
3239 4235 3332 4290 δτι
3353 4235 3459 4306 οὐχ
3472 4233 3799 4305 ὁμολογεῖτε.

2178 4331 2244 4384 Εἰ
2266 4329 2320 4385 δὲ
2349 4330 2448 4400 οὐχ
2481 4328 2813 4400 ὁμολογεῖτε,
2836 4327 2955 4385 οὐδὲ
2980 4328 3325 4398 γνωρίζετε.
3350 4331 3420 4384 Ei
3441 4330 3501 4383 δὲ
3533 4329 3595 4383 οὐ
3615 4323 3804 4396 rvmpi.

2183 4422 2326 4489 ζετε,
2350 4421 2408 4476 οὐ
2436 4421 2529 4476 δύο
2546 4421 2615 4475 τὰ
2646 4419 2964 4474 συνελθόντα
2982 4418 3205 4488 λέγετε.
3230 4422 3351 4475 Καὶ
3376 4420 3559 4484 οὕτως
3580 4415 3804 4490 μεταϐέ-

2183 4513 2375 4586 ϐληται
2405 4512 2568 4585 ἡτῶν
2592 4512 2954 4565 συνελθόντων
2986 4512 3154 4580 φύσις
3186 4513 3415 4585 θατέρα
3449 4515 3545 4567 ἐπὶ
3558 4514 3803 4581 θατέραν.

2182 4609 2292 4663 Καὶ
2326 4608 2501 4672 ἄλλως
2529 4606 2610 4672 εἰς
2646 4607 2707 4660 τὸ
2730 4605 2880 4661 αὐτόο
2900 4606 2962 4659 Ἡ
2989 4606 3145 4659 πᾶσα
3176 4607 3389 4679 ἐλάτης
3423 4607 3459 4679 ἦ
3479 4607 3540 4671 ἐξ
3567 4607 3807 4675 ἀνομοιοφ

2185 4701 2365 4773 μερῶν
2390 4700 2486 4772 τὴν
2518 4700 2777 4753 σύστασιν
2808 4698 3053 4768 εἴληφεν,
3094 4699 3131 4771 ἢ
3168 4699 3236 4765 ἐξ
3281 4700 3652 4772 ὁμοιομερῶν
3673 4716 3688 4730 ·
3722 4696 3809 4751 καὶ

2182 4794 2230 4847 εξ
2263 4792 2359 4863 μὲν
2383 4792 2442 4858 ἐξ
2473 4789 2819 4863 ὁμοιομερῶν
2846 4791 3064 4854 πάντως
3086 4792 3224 4845 κατ’
3244 4792 3414 4860 αὐτὸ,
3437 4790 3700 4846 τουτέστι
3723 4788 3811 4841 καὶ

2181 4885 2472 4950 ἀσύνθετός
2496 4886 2662 4951 ἐστιν,
2698 4886 2745 4938 εἰ
2774 4883 2827 4937 δὲ
2855 4885 2912 4951 ἐξ
2943 4885 3258 4954 ἀνομοιομε
3272 4886 3392 4958 ρῶν
3426 4888 3528 4941 καὶ
3549 4884 3813 4955 διαφόρων

2184 4980 2400 5049 φύσεων
2428 4978 2745 5048 συνέστηκε,
2774 4977 2992 5039 πάντως
3026 4974 3311 5041 σύνθετος
3336 4978 3528 5043 ἔσται,
3562 4978 3721 5045 εἴπερ
3751 4974 3814 5026 τὰ

2184 5072 2248 5124 ἐκ
2282 5070 2552 5140 διαφόρων
2582 5068 2798 5139 φύσεων
2832 5067 3184 5137 συγκείμενα
3220 5069 3501 5125 σύνθετα.
3552 5066 3707 5123 Ἐπεὶ
3730 5065 3814 5120 οὖν

2188 5168 2216 5236 ἡ
2242 5165 2382 5218 κατὰ
2411 5163 2645 5235 Χριστὸν
2672 5160 2861 5233 ὁλότης
2902 5161 2962 5228 ἐξ
3000 5161 3481 5237 ἀνομοιομερῶν,
3510 5163 3684 5236 ἤγουν
3705 5160 3814 5213 δια-

2170 5258 2460 5329 φερόντων
2518 5255 2733 5325 φύσεων
2794 5255 2887 5328 τὴν
2927 5252 3187 5309 σύνθεσιν
3236 5255 3487 5329 ἔσχηκε,
3547 5256 3816 5324 θεότητος,

2190 5350 2357 5419 φημἐ,
2395 5348 2492 5402 καὶ
2521 5348 2961 5420 ἀνθρωπότητος,
2999 5343 3190 5401 ταῦτα
3245 5347 3311 5401 δὲ
3360 5349 3615 5420 διάφορα
3652 5345 3745 5401 καὶ
3765 5345 3817 5396 ὲν

2188 5443 2251 5511 τῇ
2307 5439 2499 5494 ὲνὼσει
2551 5442 2945 5511 μεμενήκασιν,
2986 5439 3043 5492 ὲν
3067 5434 3163 5503 οἷς
3200 5439 3265 5494 δὲ
3296 5442 3577 5514 διάφορα,
3607 5440 3818 5500 πάντως

2187 5533 2305 5586 ἐκεῖ
2326 5532 2417 5586 καὶ
2446 5536 2473 5587 6
2499 5533 2600 5603 τῆς
2647 5530 2838 5593 δυάδος
2864 5528 3103 5601 ἀριθμὸς
3150 5530 3560 5605 τούλάχιστον
3592 5532 3815 5597 συνάγε-

2186 5641 2295 5678 ται.
2325 5624 2388 5678 Εἰ
2447 5623 2505 5677 δὲ
2557 5621 2738 5687 τοῦτο,
2790 5620 3033 5691 δηλονότι
3075 5620 3189 5673 καὶ
3228 5623 3508 5695 ἀριθμεῖ.
3556 5624 3620 5677 Εἰ
3654 5618 3820 5676 δὲκαὶ

2187 5715 2310 5769 καθ’
2338 5715 2481 5785 ὑμᾶς
2508 5714 2645 5785 ἐντῇ
2682 5713 2873 5767 ἐνώσει
2919 5709 3013 5764 τοῦ
3059 5709 3201 5765 ὅλου
3227 5715 3267 5785 ἡ
3306 5715 3562 5787 διαφορὰ
3592 5714 3699 5768 τῶν
3728 5727 3819 5783 pb

2192 5806 2300 5883 ρῶν
2338 5807 2437 5861 οὐκ
2470 5807 2804 5880 ἀριθμεῖται,
2833 5805 2991 5881 δῆλον
3013 5804 3101 5858 ὅτι
3132 5806 3272 5872 οὐδὲ
3315 5808 3499 5865 ἔστιν.
3522 5812 3595 5866 Εἰ
3630 5808 3689 5863 δὲ
3725 5806 3818 5869 οὐκ
