3994 6594
321 396 430 463 629

321 508 460 574 εστι,
487 504 662 576 saw
685 504 769 560 ὅτι
800 506 1132 581 συγκέχυται
1175 511 1247 566 τὰ
1304 512 1470 584 μέρη,
1502 515 1562 568 ὲν
1589 512 1672 578 οἷς
1691 518 1725 586 ὴ
1774 516 1888 569 δια-

320 598 462 671 φορὰ
506 598 607 670 οὐχ
652 598 899 672 εὓρηται.
926 601 1164 673 Φανερὸν
1200 603 1334 676 ἄρα,
1373 609 1487 671 τοῖς
1517 606 1735 675 λέγουσι
1761 609 1892 680 μίαν

323 689 578 745 σύνθετον
607 691 702 747 ἐπὶ
745 693 981 765 Χριστοῦ
1036 694 1200 763 φύσιν
1242 697 1556 766 συνάγεται.
1592 698 1653 752 τὸ
1694 716 1893 766 συγκε-

301 780 527 852 ’χύσθαι
550 782 730 850 λέγειν
782 782 880 847 τὰς
912 783 1126 854 φύσεις,
1174 786 1276 842 κᾶν
1323 786 1398 859 μὴ
1452 787 1745 857 βούλοιντο.
1787 789 1896 843 Καὶ

321 873 497 930 ταῦτα
531 875 631 945 μὲν
659 879 719 931 ἐν
747 877 980 942 τούτοις.

320 967 667 1023 concluditur
717 978 1028 1026 asserentes
1076 985 1240 1026 unam
1284 970 1337 1026 in
1388 971 1611 1028 Christo
1655 984 1908 1029 naturam

322 1056 453 1111 licet
484 1058 589 1128 ipsi
620 1067 839 1129 negent.
876 1060 939 1115 Et
969 1060 1085 1117 haec
1113 1062 1332 1132 quidem
1370 1062 1445 1119 ita
1475 1078 1540 1119 se
1568 1064 1791 1120 habent.

328 1200 331 1203 .
399 1152 481 1208 ιδ’.
521 1153 740 1224 Ἐπειδὴ
780 1153 839 1208 δὲ
871 1154 933 1208 τὸ
979 1155 1306 1225 συγχυτικὸν
1326 1146 1429 1209 ’τοῦ
1488 1156 1764 1229 Εὐτυχοῦς
1811 1156 1900 1212 διὰ

322 1246 425 1315 τῆς
473 1245 744 1310 ἐκθέσεως
777 1247 834 1300 ὲν
872 1245 954 1317 τῷ
1000 1248 1291 1319 γράμματι
1346 1265 1443 1303 σου
1495 1249 1903 1320 μυσαττόμενος

327 1337 612 1403 ἀπεσείου,
643 1339 744 1409 τὴν
772 1340 829 1394 δὲ
854 1340 1062 1395 οξκείαν
1093 1341 1386 1411 ὁμολογίαν
1416 1342 1485 1396 δι’
1510 1343 1709 1412 ὀλίγων
1749 1343 1905 1396 ἐπει-

326 1430 500 1501 ράθης
527 1429 802 1495 ικθίοθαι,
828 1430 907 1495 ὡς
944 1431 1196 1487 ἐντεῦθεν
1233 1434 1653 1502 ἀκατάγνωστος
1686 1433 1908 1504 δειχθῆ-

324 1537 435 1585 vat,
463 1520 557 1574 καὶ
582 1520 757 1579 δοκῶν
787 1520 848 1577 τὸ
872 1521 1033 1592 ὀρθὸν
1060 1522 1237 1593 δόγμα
1257 1524 1358 1594 τῆς
1404 1525 1731 1594 Ἑκκλησίας
1773 1541 1909 1595 πρε-

322 1611 563 1677 σϐεύειν,
602 1610 683 1666 διδ
712 1614 805 1667 καὶ
830 1613 1066 1683 γράφεις
1094 1608 1214 1668 1:65-
1234 1615 1462 1684 Ἀρτίως
1501 1616 1569 1669 δὲ
1589 1616 1664 1670 δι’
1700 1614 1911 1671 ἁπλῶν

322 1703 525 1771 λόγων
555 1702 909 1773 λαλήσομεν
930 1704 1045 1772 τὴν
1075 1706 1371 1775 ἡμετέραν
1394 1707 1741 1776 ὁμολογίαν,
1760 1702 1910 1759 διότι

322 1793 584 1866 λέγομεν
603 1796 751 1865 μίαν
770 1797 962 1865 φύσιν
989 1799 1075 1863 είς
1124 1799 1402 1867 Χριστὸν,
1436 1799 1582 1868 ὅπερ
1612 1799 1765 1855 πᾶσι
1794 1816 1907 1868 φα-

1167 400 1602 463 REFUTATIO
1642 402 2025 469 EPISTOLIE
2067 405 2298 466 REGIS
2334 405 2724 465 ARMENIE.

3465 397 3575 462 630

1918 548 1963 605 Α
1992 518 2307 587 colligitur;
2343 518 2506 588 idque
2533 518 2578 573 si
2599 527 2704 581 est,
2734 513 3082 570 manifestum
3113 527 3335 583 quoque
3363 520 3443 567 est
3475 529 3576 568 nuo

2001 609 2222 664 merari.
2259 608 2413 675 Quod
2438 610 2493 664 si
2520 625 2619 678 per
2657 622 2755 664 vos
2786 607 2840 661 in
2870 606 3071 661 unione
3114 606 3302 672 totius,
3338 604 3574 674 partium

2002 702 2303 757 differentia
2335 717 2442 758 non
2472 710 2810 764 numeratur,
2848 700 3025 770 palam
3061 708 3161 754 est
3230 714 3406 769 neque
3432 713 3576 755 esse.

2003 795 2160 862 Quod
2192 795 2236 849 si
2270 810 2378 852 non
2406 807 2513 859 est,
2546 794 2751 850 clarum
2800 803 2878 850 est
2910 791 3169 848 confusas
3209 806 3332 847 esse
3370 799 3577 861 partes,

2004 886 2058 941 in
2099 887 2300 957 quibus
2332 886 2631 943 differentia
2665 904 2771 943 non
2804 886 3091 958 reperitur.
3122 885 3375 941 Pateuter
3398 885 3583 952 itaque

1967 979 2326 1047 compositam
2360 976 2929 1045 allirmare,conlusas
2947 977 3114 1034 etiam
3135 985 3360 1032 naturas
3381 973 3578 1035 fuisse.
3643 1045 3647 1051 η

2075 1163 2165 1219 ιι.
2207 1163 2345 1219 Cum
2375 1179 2504 1220 vero
2535 1162 2910 1221 confusionem
2939 1160 3256 1234 Eutychetis
3281 1176 3377 1231 per
3409 1175 3583 1230 expo-

2007 1255 2259 1313 sitionem
2301 1258 2357 1312 iu
2386 1266 2479 1312 tua
2516 1256 2748 1324 epistola
2811 1263 3135 1312 exsecratus
3160 1253 3400 1323 rejicias,
3430 1260 3586 1307 tuam

1984 1347 2408 1404 ’conl‘essionem
2446 1348 2638 1417 paucis
2678 1360 2952 1416 exponere
3001 1345 3245 1409 conaris,
3298 1351 3356 1397 ut
3398 1358 3588 1412 repre-

2011 1441 2327 1497 hensionem
2351 1440 2579 1512 effugias
2607 1448 2866 1509 tanquam
2890 1437 2986 1507 qui
3012 1436 3182 1493 videri
3204 1436 3359 1505 cupis
3380 1444 3588 1490 rectum

2012 1532 2269 1588 Ecclesiae
2294 1532 2493 1601 dogma
2529 1530 2769 1601 proﬁteri
2790 1569 2805 1593 ,
2837 1529 3036 1589 scribis
3062 1529 3168 1584 hoc
3196 1526 3394 1583 modo:
3434 1525 3601 1580 Nam:

2012 1637 2190 1681 autem
2220 1626 2450 1695 simplici
2479 1625 2719 1680 oratione
2741 1633 2980 1678 nostram
2999 1622 3381 1694 professionem
3423 1636 3593 1687 enunj-

2012 1720 2225 1784 tiemus,
2270 1734 2433 1788 quare
2484 1718 2725 1770 dicamus
2777 1731 2937 1772 unam
2969 1716 3023 1768 in
3074 1713 3285 1770 Christo
3323 1721 3597 1778 naturam,

2014 1809 2157 1880 quod
2195 1810 2436 1865 omnibus
2474 1808 2656 1879 palam
2707 1817 2950 1878 est.qute
3000 1823 3107 1863 una
3148 1814 3344 1861 natura
3392 1804 3597 1863 duobus

324 1888 506 1956 νερόν
552 1888 743 1945 ἐστιν.
776 1891 938 1957 "Huc
968 1892 1077 1960 μία
1130 1892 1318 1961 φύσις
1356 1894 1443 1958 είς
1482 1892 1593 1946 δύο
1649 1892 1910 1963 τρόπους

2026 1868 2189 1954 modis
2211 1868 2501 1964 intellecta,
2537 1908 2587 1952 et
2639 1868 2861 1965 scripta,
2908 1896 3075 1949 altera
3097 1902 3179 1951 est
3230 1893 3474 1962 simplex,
3515 1893 3601 1945 in-

322 1978 553 2039 νοεῒταί
579 1996 644 2033 τε
672 1979 769 2033 καὶ
798 1981 1057 2050 λέγεται,
1090 1980 1202 2051 τῆς
1220 1982 1339 2051 μὲν
1374 1983 1578 2051 ἁπλῆς
1621 1984 1721 2039 καί
1753 1986 1911 2039 ἀσω-

2026 2009 2288 2064 ιογρονεα,
2324 2002 2374 2046 et
2405 1993 2519 2048 sine
2545 1990 2849 2058 harmonia,
2890 1997 2950 2043 ut
2986 1987 3217 2043 Michael
3266 1995 3316 2041 et
3365 1984 3617 2047 Gabriel,

318 2068 522 2139 μὰτου
554 2069 652 2127 καὶ
670 2070 853 2139 χωρὶς
885 2072 1192 2143 ἁρμονίας,
1233 2073 1424 2144 ἤγουν
1474 2075 1719 2147 Μιχαὴλ
1741 2118 1756 2143 ,
1812 2078 1913 2132 καὶ

2026 2085 2189 2140 altera
2217 2100 2336 2139 cum
2367 2084 2670 2146 harmonia,
2711 2091 2773 2136 ut
2808 2080 2979 2135 Adam
3007 2087 3057 2135 et
3090 2078 3229 2134 Noe.
3258 2076 3359 2133 His
3387 2077 3601 2131 duobus

324 2161 619 2231 Γαϐριὴλ,
640 2160 751 2230 τῆς
776 2161 846 2217 δὲ
866 2164 1016 2233 μετὰ
1030 2163 1139 2233 τῆς
1164 2166 1473 2235 ἁρμονίας,
1500 2165 1702 2236 ὥσπερ
1742 2167 1913 2238 Ἀδὰμ

2026 2171 2196 2227 modis
2252 2170 2491 2241 rejectis,
2552 2178 2812 2240 tanquam
2872 2167 2971 2238 qui
3033 2164 3456 2224 unioniCbristi
3492 2178 3601 2218 non

320 2252 435 2305 καί
478 2250 623 2307 Νῶε.
660 2253 769 2315 Οὓς
789 2254 883 2327 δύο
936 2256 1171 2328 τρόπους
1228 2259 1770 2330 ἀποσκευασάμενος,
1836 2261 1913 2332 μὴ

2026 2250 2456 2326 conformantur,
2493 2269 2548 2317 et
2584 2260 2826 2330 primum
2861 2257 3085 2329 quidem
3115 2256 3407 2327 simplicis,
3428 2265 3484 2310 et
3516 2254 3604 2309 in-

326 2344 697 2413 ὲφαρμόττειν
730 2346 824 2401 ἐπὶ
851 2348 949 2417 τῆς
980 2351 1120 2404 κατὰ
1147 2350 1382 2421 Χριστὸν
1414 2350 1661 2415 ἑνώσεως
1689 2351 1783 2405 τὸν
1812 2352 1915 2423 μὲν

2026 2366 2296 2420 corporeae
2318 2350 2482 2407 unius
2508 2358 2739 2418 naturae,
2761 2348 2908 2421 quod
2938 2363 3046 2404 non
3076 2347 3353 2402 hominem
3388 2359 3604 2400 assum-

332 2434 624 2504 πρότερον,
645 2435 811 2506 ἤγουν
833 2437 931 2507 τῆς
965 2438 1142 2508 ἁπλῆς
1172 2440 1264 2494 καὶ
1306 2440 1600 2510 ἀσωμάτου
1642 2440 1776 2509 μιᾶς
1816 2438 1918 2509 φύ-

2026 2445 2198 2517 pserit
2213 2445 2498 2512 Dominus,
2515 2443 2609 2501 sed
2632 2443 2814 2500 nudus
2841 2442 2914 2499 sit
2937 2442 3146 2511 absque
3176 2437 3555 2495 incarnatione
3580 2452 3597 2504 ;

330 2540 478 2588 σεως
522 2524 611 2578 διὰ
662 2526 724 2579 τὸ
757 2527 1096 2599 συμϐαίνειν,
1156 2531 1231 2603 μὴ
1288 2531 1776 2604 ὲνηνθρωπηκέναι
1826 2531 1918 2586 τὸν

2026 2538 2249 2593 alterum
2284 2553 2415 2594 vero
2447 2553 2644 2608 nempe
2687 2535 3094 2601 euarmonium,
3126 2532 3272 2605 quod
3298 2530 3600 2587 secundum

328 2614 565 2684 Κύριον,
597 2616 733 2671 ἀλλὰ
763 2619 969 2690 γυμνὸν
1000 2615 1140 2675 εἶναι
1171 2622 1294 2692 δίχα
1337 2622 1691 2693 σαρκώσεως,
1735 2623 1828 2678 τὸν
1870 2622 1919 2677 δ’

322 2701 408 2761 αὖ
438 2706 709 2778 δεύτερον,
739 2709 908 2780 ἤγουν
936 2711 1027 2766 τὸν
1052 2712 1394 2784 ἐναρμόνιον,
1430 2716 1526 2769 καὶ
1558 2716 1678 2769 κατ’
1712 2716 1919 2770 ἐκεῖνον

2026 2725 2239 2781 tertiqu
2268 2725 2558 2794 quemdam
2592 2722 2815 2778 modum
2858 2719 3122 2791 supponis
3168 2718 3335 2774 unius
3377 2730 3608 2784 compo-

2020 2631 2173 2687 illum
2238 2630 2492 2687 Christus
2553 2646 2661 2686 non
2720 2629 2793 2686 sit
2839 2630 3003 2695 Deus,
3052 2626 3150 2683 sed
3203 2641 3375 2697 purus
3415 2624 3607 2687 homo,
3711 2638 3716 2643 η

316 2799 419 2870 ,μὴ
449 2795 589 2852 εἶναι
620 2800 711 2854 τὸν
740 2801 996 2872 Χριστὸν,
1048 2802 1367 2875 Θεὸν,ηάλλὰ
1411 2804 1570 2875 ψιλὸν
1608 2804 1919 2877 ἄνθρωπον,

331 2888 523 2962 τρίτον
545 2891 666 2944 τινὰ
697 2891 977 2959 ὑποτιθεὶς
1007 2893 1206 2965 τρόπον
1238 2896 1367 2965 μιᾶς
1414 2895 1672 2951 συνθέτου
1706 2896 1921 2967 φύσεως

330 2980 490 3045 ὄντα,
523 2981 582 3036 ὃν
608 2982 704 3036 καὶ
726 2983 819 3036 ἐπὶ
842 2984 1081 3055 Χριστοῦ
1119 2986 1495 3057 ὁμοιοτρόπως
1533 2988 1680 3060 ἔχειν
1727 2989 1921 3060 ὁμολοέ

318 3076 478 3144 γεῖς.
500 3074 592 3129 Διὸ
621 3075 717 3129 καὶ
742 3077 1262 3147 παραδειγματικῶς
1292 3078 1383 3133 τὸν
1407 3080 1693 3152 ἄνθρωπον
1720 3079 1920 3145 λαὸὼν,

316 3166 728 3238 ,ὑποτιθέμενος
760 3169 992 3241 γράφεις
1043 3162 1145 3224 ὧδε
1174 3187 1187 3201 ⁸
1224 3170 1333 3224 Καὶ
1374 3173 1599 3241 γίνεται
1641 3175 1674 3227 ό
1704 3173 1924 3241 ἅνθρω-

333 3273 457 3327 πος
492 3260 888 3333 παράδειγμα,
922 3263 1120 3331 καθὼς
1148 3265 1247 3318 καὶ
1277 3266 1334 3319 οὶ
1386 3263 1645 3333 Πατέρες
1694 3265 1923 3332 ἐλάλη-

332 3366 468 3408 σαν
494 3353 591 3407 καί
618 3352 984 3425 διήγγειλαν,
1024 3355 1081 3408 τί
1103 3355 1235 3409 ἐστι
1264 3355 1373 3417 τοῦ
1403 3354 1698 3425 σώματος,
1737 3355 1837 3409 καί
1869 3355 1926 3408 τί

333 3443 475 3499 ἐστι
500 3443 611 3514 τῆς
644 3443 874 3514 ψυχῆς.
927 3445 1087 3501 Ἀλλ’
1131 3448 1164 3499 ὀ
1213 3447 1526 3516 ἅνθρωπος
1579 3448 1651 3503 οὐ
1690 3448 1928 3517 λέγεται

334 3535 455 3591 δύο
482 3537 699 3606 φύσεις
733 3537 917 3606 ἔχειν.
944 3533 1109 3591 Εί’δὲ
1132 3538 1488 3593 ἀνθίσταται
1510 3556 1599 3604 τις
1633 3539 1731 3593 καὶ
1760 3538 1927 3608 λέγει

337 3628 455 3683 δύο
476 3629 694 3698 φύσεις
726 3629 823 3683 ἐπὶ
857 3628 1185 3697 ἀνθρώπου,
1222 3629 1443 3683 λοιπὸν
1471 3629 1569 3684 καὶ
1612 3632 1646 3684 ό
1676 3629 1929 3698 Χριστὸς

340 3718 504 3787 τρεῖς
529 3720 744 3790 φύσεις
796 3719 945 3791 ἔχει,
992 3722 1103 3775 δύο
1136 3720 1244 3789 τῆς
1295 3722 1774 3791 ἁνθρωπότητος,
1830 3720 1927 3775 καὶ

318 3810 490 3880 ,μίαν
535 3808 646 3880 τῆς
692 3812 993 3880 θεότητος.
1052 3813 1289 3881 Ἀρτίως
1330 3808 1445 3868 οὖν
1486 3814 1557 3868 ἐκ
1598 3814 1717 3868 τῶν
1753 3812 1931 3883 τριῶν

320 3904 583 3970 τρόπων
605 3903 851 3968 τούτων,
874 3904 1052 3958 ποῖον
1070 3905 1420 3974 ἐπαίρεσθαι
1445 3906 1695 3974 εἴπομεν
1720 3906 1788 3958 ἐκ
1813 3904 1932 3958 τῶν

339 3993 688 4063 λεγομένων
704 3994 930 4049 τούτων
943 3997 1222 4064 φύσεωη
1250 3999 1319 4050 Ei
1344 3996 1462 4065 μὲν
1488 3997 1553 4051 τὸ
1587 3996 1778 4066 σῶμα,
1816 3998 1930 4051 Εὑ-

340 4086 780 4158 τυχιανίζομεν,
812 4090 865 4141 εί
896 4086 964 4141 δὲ
996 4087 1107 4156 τὴν
1128 4088 1513 4156 ἀνθρωπίνην
1535 4086 1747 4156 ψυχὴν
1774 4086 1933 4156 γινό-

336 4184 500 4249 μεθα
548 4180 630 4248 ὡς
691 4183 723 4235 ό
784 4180 1210 4248 Ἀπολινὰριος,
1264 4181 1318 4233 εί
1363 4178 1433 4232 δὲ
1492 4179 1607 4247 τὴν
1662 4179 1928 4245 θεότητα,

346 4271 705 4340 ὁμοιούμεοα
736 4271 861 4337 τοῖς
905 4270 1215 4336 Ἰουδαίοις
1257 4269 1532 4339 λέγουσι,
1588 4269 1672 4323 Σὺ
1710 4269 1934 4339 ἄνθρω-

346 4376 466 4428 πος
519 4359 623 4428 ὢν,
658 4360 792 4428 πῶς
845 4360 1034 4427 ποιεῖς
1064 4361 1284 4416 ἑαυτὸν
1306 4362 1505 4428 ﬂeor;
1559 4362 1790 4431 Ἀρτίως
1823 4360 1936 4416 οὖν

342 4452 623 4524 φανερῶς
644 4454 923 4526 λέγομεν,
950 4453 1038 4507 ὅτι
1062 4456 1175 4524 μία
1200 4455 1388 4524 φύσις
1412 4456 1510 4518 ἐπὶ
1534 4454 1934 4524 τῆςὲνώονεως

2020 2818 2140 2874 sita)
2171 2829 2398 2881 naturae,
2430 2832 2593 2887 quem
2633 2817 2686 2871 in
2718 2815 2936 2873 Christo
2967 2812 3114 2868 haud
3140 2810 3460 2869 dissimilem
3485 2822 3609 2864 esse

2022 2909 2231 2966 fateris.
2278 2910 2460 2975 Quare
2502 2907 2724 2963 homine
2777 2908 2832 2962 in
2884 2904 3194 2973 exemplum
3229 2900 3490 2964 adduclo,
3532 2898 3612 2952 ita

2025 3016 2338 3070 supponens
2376 2999 2618 3057 scribis:
2658 2998 2853 3068 Estque
2902 2995 3391 3064 homoexemplum,
3425 3007 3609 3062 quem-

2027 3090 2311 3146 admodum
2338 3089 2528 3145 Patres
2577 3090 2741 3145 locuti
2782 3098 2905 3143 sunt
2943 3132 2960 3156 ,
2995 3099 3042 3142 et
3074 3086 3441 3156 divulgarunt,
3485 3083 3613 3154 quid

2027 3180 2284 3248 corporis,
2312 3180 2513 3249 etquid
2553 3180 2747 3233 anima:
2780 3187 2879 3231 est.
2916 3176 3283 3230 Verumtamen
3320 3172 3473 3226 homo
3509 3187 3633 3225 non“

2017 3272 2224 3325 dicitur
2240 3271 2375 3324 duas
2409 3280 2631 3324 naturas
2663 3269 2851 3323 habere
2878 3285 2897 3323 :
2928 3269 2975 3321 si
3024 3266 3140 3336 quis
3179 3280 3298 3318 vero
3332 3272 3514 3318 contra
3555 3278 3641 3315 se"

2027 3374 2279 3435 opponat,
2306 3363 2597 3433 prodatque
2630 3362 2764 3415 duas
2797 3369 3020 3414 naturas
3042 3359 3094 3411 in
3117 3357 3347 3423 homine,
3376 3370 3614 3421 sequere-

2014 3467 2115 3510 tur
2139 3454 2405 3510 Christum
2433 3463 2537 3508 tres
2568 3462 2791 3507 naturas
2828 3452 3040 3517 habere,
3065 3450 3199 3504 duas
3238 3446 3614 3509 humanitatis,

2024 3553 2075 3597 et
2104 3559 2265 3596 unant
2313 3542 2633 3597 divinitatis.
2688 3540 2846 3595 Nunc
2893 3542 3073 3611 itaque
3116 3537 3197 3592 liis
3236 3537 3407 3591 tribus
3444 3535 3647 3588 modis»

2014 3637 2307 3701 concessis,
2331 3651 2616 3706 quemnam
2646 3649 2712 3688 ea:
2739 3632 2819 3686 Itis
2852 3632 3060 3686 naturis
3090 3628 3445 3697 assumpsisse
3475 3626 3619 3681 dice-

2026 3727 2189 3780 mus?
2222 3724 2282 3781 Si
2334 3742 2545 3795 corpus,
2582 3723 2871 3794 Eutychen:
2904 3741 2923 3789 ;
2952 3722 2999 3777 si
3033 3722 3325 3775 humanam
3356 3719 3616 3781 animam,

2030 3820 2424 3891 Apollinarium
2453 3833 2730 3889 sequemur
2754 3832 2773 3871 :
2806 3818 2853 3871 si
2880 3817 3156 3879 deitatem,
3188 3813 3389 3868 similes
3417 3812 3623 3866 erimus

2029 3910 2236 3967 Judteis
2269 3910 2560 3965 dicentibus
2581 3924 2600 3962 :
2626 3909 2703 3963 Tu
2737 3924 2857 3962 cum
2885 3908 3040 3961 homo
3073 3907 3169 3968 sis,
3226 3904 3364 3973 facis
3428 3912 3617 3956 temet-

2032 4000 2201 4068 ipsum
2216 3998 2401 4053 Deum.
2425 3997 2601 4062 Quare
2623 3996 2799 4063 palam
2814 3995 3150 4048 enuntiamus
3174 4007 3333 4044 unam
3369 4000 3617 4042 naturam

2032 4091 2090 4143 in
2110 4091 2301 4143 unione
2324 4087 2552 4141 duarum
2580 4084 3081 4153 imperturbatarum
3108 4088 3444 4133 naturarum.
3478 4078 3617 4131 Cou-

2034 4182 2222 4254 fugisti
2282 4180 2449 4235 veluti
2493 4180 2560 4235 ad
2590 4192 2774 4233 arcem
2828 4174 3337 4246 inexpugnabilem,
3382 4172 3615 4242 exempli

2034 4272 2208 4342 gratia
2258 4278 2366 4326 tuae
2395 4268 3069 4340 professionishominem
3121 4281 3432 4323 assumens.
3463 4264 3647 4331 Qua-v

2035 4372 2256 4435 propter
2284 4379 2408 4420 cum
2467 4365 2523 4421 in
2574 4373 2809 4419 mentem
2862 4361 3146 4418 induxeris
3190 4349 3361 4423 tuam,
3394 4359 3615 4413 modum

2035 4457 2314 4513 declarare
2347 4456 2509 4511 unius
2552 4467 2768 4515 naturae
2816 4454 3121 4511 secundum
3153 4467 3319 4523 quam
3357 4450 3618 4506 Christus

344 4547 461 4602 δύο
480 4547 797 4617 ἁτιιριὶχων
832 4547 1096 4616 φύσεων.
1138 4546 1434 4619 Ἐλήλυθας
1461 4548 1534 4611 ὡς
1564 4549 1658 4601 ἐπί
1690 4566 1742 4602 τι
1768 4547 1934 4620 φρού-

2038 4552 2202 4607 unius
2219 4559 2428 4607 natura:
2458 4566 2583 4606 esse
2610 4560 2733 4621 post
2751 4550 3007 4603 unionem
3028 4555 3132 4603 ate
3161 4546 3447 4610 asseritur,
3467 4555 3627 4599 ante--

348 4656 470 4711 ριον
496 4638 959 4709 ἀκαταγῶνιστον,
986 4641 1434 4711 παραδείγματος
1484 4642 1645 4712 χάριν
1685 4642 1781 4713 τῆς
1832 4642 1932 4711 σῆς

344 4731 641 4801 ὁμολογίας
669 4733 761 4785 τὸν
789 4730 1071 4803 ἄνθρωπον
1091 4734 1294 4792 λαϐὼν.
1331 4734 1631 4805 Τοιγαροῦν
1655 4735 1841 4805 ἐπειδὴ
1857 4734 1935 4788 δι-

346 4823 584 4889 σλογίσω
598 4823 688 4876 τὸν
709 4825 907 4894 τρόπον
927 4826 1220 4896 σαφηνίσαι
1240 4827 1339 4898 τῆς
1357 4823 1931 4901 μιᾶςίφύσεωςάκαθΊ

347 4913 421 4983 ἣν
438 4914 466 4965 ὁ
494 4914 729 4984 Χριστὸς
751 4917 878 4986 μιᾶς
896 4912 1034 4971 εἶναι
1048 4917 1262 4987 φύσεως
1291 4918 1430 4987 μετὰ
1456 4918 1552 4990 τὴν
1572 4919 1764 4973 ἕνωσιν
1784 4918 1934 4989 παρὰ

328 5004 452 5056 σοῦ
480 5004 859 5076 ὁμολογεῖται,
897 5008 1025 5079 πρὶν
1055 5008 1088 5076 ἢ
1147 5009 1255 5062 τῶν
1305 5007 1709 5081 ἀντιρρητιχῶν
1758 5010 1933 5079 λόγων

350 5097 464 5151 τῶν
492 5097 628 5169 πρὸς
662 5098 723 5152 σὲ
757 5100 1100 5172 ὲφαψόμεθα,
1144 5101 1511 5174 διορισώμεθα
1545 5106 1674 5176 περὶ
1719 5105 1935 5174 φύσεως

349 5192 453 5247 καὶ
502 5191 713 5258 οὐσίας,
755 5192 1103 5258 ὐποστάσεὼς
1128 5210 1212 5260 τε,
1257 5196 1425 5265 φημὶ,
1476 5195 1572 5251 καὶ
1619 5196 1934 5267 προσώπου,

351 5284 452 5337 καὶ
490 5284 874 5352 ὐποστατικοῦ,
910 5286 1030 5349 πῶς
1069 5286 1119 5340 οἱ
1165 5285 1260 5339 τοῦ
1292 5286 1412 5339 καθ’
1455 5289 1602 5359 ἡμᾶς
1635 5287 1933 5361 μυστηρίου

351 5375 690 5461 διδάσκαλοι.
722 5376 820 5431 καὶ
845 5377 896 5430 οἱ
930 5376 1034 5443 ἔξω
1052 5378 1149 5430 τοῦ
1187 5378 1307 5431 καθ’
1334 5379 1481 5449 ἡμᾶς
1511 5379 1668 5448 λόγου
1692 5381 1852 5434 ταυτὶ
1870 5379 1936 5451 δὴ

352 5471 422 5522 τὰ
454 5468 697 5539 ὀνόματα
726 5468 1087 5542 διακρίνουσι,
1124 5471 1220 5525 καὶ
1259 5471 1353 5523 ἐπὶ
1392 5472 1561 5525 ποίων
1605 5473 1943 5543 σημαινομέ-

354 5580 462 5614 νων
480 5560 793 5629 τάττουσιν,
820 5561 908 5617 ἴνα
927 5561 1001 5635 μὴ
1015 5559 1271 5635 σύγχυσις
1299 5564 1731 5634 δογματιζόντων
1756 5567 1937 5635 ἡμῶν,

357 5655 453 5708 καὶ
507 5655 682 5728 πλάνη
720 5655 882 5709 ποθὲν
929 5656 1166 5727 ἀναφυῇ.
1221 5658 1423 5722 Πάντες
1462 5658 1589 5728 γὰρ,
1640 5657 1826 5727 σχεδὸν
1858 5659 1937 5710 εἰ-

357 5748 503 5811 πεῖν,
534 5749 583 5801 οἱ
611 5748 710 5811 τὰς
758 5748 1002 5817 αἱρέσεις
1027 5748 1387 5819 κρατύναντες
1408 5791 1423 5815 ,
1447 5750 1607 5803 ταυτὶ
1636 5750 1701 5821 δὴ
1728 5750 1797 5803 τὰ
1820 5750 1939 5804 ὀνό-

364 5856 510 5909 ματα
537 5840 723 5906 κακῶς
752 5838 1204 5911 ἐκλαμϐάνοντες,
1238 5842 1332 5896 καὶ
1362 5841 1437 5911 ὡς
1462 5843 1522 5897 οὐ
1553 5842 1697 5899 κατὰ
1742 5844 1941 5914 φρόνη-

2036 4660 2198 4714 quam
2247 4644 2390 4698 dieta
2442 4652 2533 4697 tua
2567 4642 2771 4697 nostris
2804 4641 3110 4695 rationibus
3140 4640 3463 4701 refutemus,
3505 4645 3618 4690 ter-

2037 4737 2332 4804 minemus,
2365 4737 2496 4806 quid
2536 4746 2752 4801 natura,
2784 4745 2838 4791 et
2873 4735 3113 4791 essentia
3135 4774 3151 4799 ,
3188 4747 3399 4788 necnon
3450 4731 3620 4802 hypo-

2036 4830 2220 4891 stasis,
2277 4838 2331 4883 et
2386 4843 2643 4899 persona,
2706 4838 2760 4883 et
2804 4827 3206 4898 bypostaticum
3266 4823 3524 4890 inferant,
3568 4831 3649 4878 etc

2038 4938 2276 4992 quanam
2340 4923 2551 4978 ratione
2598 4921 2842 4992 mysterii
2898 4918 3199 4975 Christiani
3251 4915 3518 4986 magistri.
3565 4923 3647 4969 etv

2037 5013 2132 5082 qui
2160 5027 2189 5066 a
2218 5013 2424 5068 nostris
2456 5013 2617 5067 rebus
2647 5011 2812 5066 alieni
2843 5019 2990 5075 sunt,
3021 5010 3135 5064 haec
3162 5008 3387 5063 nomina
3410 5008 3620 5062 discer-

2038 5112 2193 5169 nunt,
2220 5114 2274 5161 et
2299 5104 2499 5174 quibus
2524 5103 2929 5173 signiﬁeatibus
2947 5102 3227 5172 adaptent,
3246 5117 3315 5156 ne
3338 5098 3629 5165 confusio,-

2038 5213 2161 5254 cIm
2206 5198 2473 5267 dogmata
2498 5205 2918 5268 pertractamus,
2974 5204 3031 5252 et
3069 5209 3226 5250 error
3256 5192 3510 5249 alicunde
3539 5191 3621 5246 ir-

2038 5299 2215 5361 repat.
2238 5289 2444 5347 Omnes
2481 5290 2627 5346 enim
2658 5288 2791 5355 fere,
2831 5298 2892 5345 ut
2921 5288 2997 5344 ita
3021 5285 3352 5357 ἀίσσω..ρυὶ
3381 5284 3645 5340 haereses-

2039 5384 2350 5450 tirmarunt,
2376 5384 2492 5439 haec
2525 5383 2640 5454 ipsa
2671 5381 2888 5437 nomina
2924 5396 3109 5453 prave,
3138 5394 3241 5437 nec
3282 5378 3349 5434 ad
3382 5387 3641 5432 mentem:

2038 5476 2298 5533 Ecclesiae
2324 5484 2658 5546 exponentes
2682 5491 2714 5530 a
2738 5475 2965 5531 veritate
2990 5474 3334 5530 aberrarunt.
3357 5470 3619 5528 Attamen

2039 5567 2334 5624 essentiam
2388 5576 2443 5623 et
2480 5575 2738 5623 naturam
2775 5567 2915 5622 idem
2960 5566 3120 5621 nobis
3161 5565 3390 5619 innuero
3418 5563 3624 5633 ubique

2039 5672 2093 5718 et
2118 5677 2289 5718 sacrae
2302 5662 2539 5729 Litterae,
2574 5672 2628 5718 et
2653 5662 3080 5718 sancta‘Nicaeua
3107 5660 3367 5732 synodus,
3391 5671 3641 5728 qumque-

2040 5771 2160 5810 eam
2184 5764 2371 5811 secuta
2402 5765 2485 5811 est
2514 5754 3144 5825 Constantinopolitana,
3175 5751 3450 5823 Ephesina
3490 5750 3633 5805 item

2044 5842 2220 5916 prima
2252 5843 2616 5915 tradiderunt,
2651 5844 2718 5902 de
2765 5842 3066 5912 communi,
3121 5850 3179 5898 et
3223 5837 3645 5908 uuiversalLee:
