4012 6488
458 362 556 428 63!

1714 358 2006 421 ΝΙΟΕΤιΕ
2046 359 2451 421 BYZANTINI

3597 365 3707 431 632

458 493 536 542 re,
569 492 688 547 qua:
737 474 804 530 de
862 475 1108 546 pluribus
1148 476 1370 541 dicitur,
1420 489 1517 546 per
1569 488 1706 543 quas
1734 472 2014 528 sanctissi«

2131 488 2208 540 μα
2255 472 2709 544 ἐκκλησιαστικὸν
2756 474 3170 545 ἀπεσφάλησαν.
3214 476 3491 550 Μενοῦνγε
3522 468 3715 537 οὑσίαν

456 587 605 624 mum
638 565 840 639 ubique
871 568 1055 623 ﬁdeles
1079 568 1386 639 symbolum
1417 566 1699 637 possident
1741 572 1796 620 et
1819 564 2024 627 fovent,

454 662 599 732 quod
631 662 789 716 nobis
822 675 982 714 unam
1021 668 1296 724 naturam,
1356 666 1410 713 et
1465 658 1759 713 essentiam
1789 656 2026 713 sanctis-

451 753 606 807 sima:
635 750 866 815 Triadis,
893 760 945 804 et
985 759 1094 804 tres
1124 765 1403 819 personas,
1433 759 1486 804 et
1522 750 1843 819 hypostases
1872 764 2026 803 com-

450 843 617 898 misit.
642 843 705 897 Et
725 843 777 897 hi
797 842 1013 911 quidem
1035 854 1286 895 naturam
1306 849 1358 895 et
1377 841 1669 897 essentiam
1689 856 1788 911 pro
1808 842 2023 907 eodem,

447 949 738 1004 personam
789 948 984 989 rursus
1020 942 1076 988 et
1113 932 1448 1004 hyposta-sim
1485 948 1582 1003 pro
1613 933 1826 998 eodem,
1850 933 1918 988 de
1941 933 2027 988 in-

446 1029 666 1083 dividua
733 1041 925 1096 nempe
991 1033 1046 1080 et
1114 1025 1378 1095 singulari
1442 1040 1502 1081 re
1569 1027 2020 1095 comprobarunt.

444 1120 657 1176 Forma:
691 1120 853 1175 etiam
911 1133 1108 1173 nomen
1158 1118 1409 1174 similiter
1456 1119 1525 1175 de
1556 1119 1791 1175 essentia
1846 1128 1902 1175 et
1930 1134 2024 1174 na-

444 1223 566 1269 tura
588 1214 775 1268 Patres
805 1218 1152 1281 acceperunt.
1196 1210 1601 1281 Proptercaque
1663 1226 1893 1282 magnus
1917 1210 2022 1265 Ba-

442 1304 597 1360 silius
623 1304 755 1359 illud
785 1322 798 1356 :
835 1302 902 1357 In
918 1304 1090 1373 [arma
1113 1303 1211 1357 Dei
1234 1320 1350 1358 cum
1373 1312 1535 1366 esset.
1555 1318 1852 1374 exponens,
1882 1303 2022 1358 idem

440 1397 691 1462 innuero,
729 1413 794 1454 ac
822 1397 876 1452 in
906 1397 1143 1453 essentia
1173 1397 1266 1453 Dei
1296 1411 1416 1453 esse
1441 1397 1673 1461 dicebat,
1708 1405 1763 1451 et
1788 1394 2020 1452 formam

438 1492 805 1561 assumpsisse
827 1490 969 1547 servi
1001 1490 1053 1545 in
1081 1490 1321 1547 essentia
1344 1490 1699 1546 humanitatis
1728 1481 2024 1545 Dominum'

437 1591 688 1638 nostrum
735 1597 856 1638 esse
911 1590 1083 1639 notat.
1136 1580 1544 1655 Hypostaticum
1590 1596 1721 1638 vero
1745 1580 2020 1636 diversum

434 1671 569 1743 quid
620 1672 689 1726 ab
748 1671 1027 1742 hypostasi
1087 1680 1341 1741 ponunt:
1377 1670 1700 1727 definientes
1740 1670 1884 1725 enim
1919 1671 2019 1743 hy-

435 1760 701 1831 postasim
726 1760 1019 1816 dixerunt:
1047 1759 1365 1832 Hypostasis
1391 1770 1475 1817 est
1508 1776 1633 1817 cum
1672 1761 2019 1832 proprietate,

434 1852 552 1907 sive
583 1852 1006 1923 proprietatibus
1034 1869 1130 1925 per
1151 1869 1211 1911 se
1248 1855 1575 1923 subsistens,
1606 1866 1660 1911 et
1688 1863 1860 1912 totum
1888 1855 2021 1926 quid

435 1946 738 2000 secundum
769 1960 827 2001 se
848 1946 1119 2002 exsistens
1158 1964 1171 2001 :
1207 1946 1609 2019 bypostaticum
1660 1964 1788 2005 vero
1814 1957 1899 2004 est
1935 1962 2027 2004 es-

435 2034 632 2102 sentia,
698 2052 822 2091 cum
877 2036 1158 2105 idiomate,
1218 2037 1333 2093 sive
1398 2038 1752 2095 idiomatibus
1793 2053 1902 2094 non
1931 2045 2026 2108 pel‘

348 2142 351 2145 '
432 2143 495 2185 se
544 2130 872 2197 subsistens,
926 2142 982 2186 et
1032 2130 1333 2187 secundum
1372 2146 1433 2188 se
1485 2140 1743 2203 tanquam
1801 2131 2061 2209 aliquod.

431 2230 604 2276 totum
628 2221 919 2289 exsistens,
969 2222 1064 2279 sed
1097 2224 1262 2279 latius
1311 2224 1548 2280 universi
1593 2239 1741 2295 pars.
1769 2223 1871 2293 Qui
1896 2239 2024 2280 vero

430 2322 584 2370 extra
608 2312 901 2370 Ecciesiam
956 2323 1106 2382 sunt,
1163 2325 1377 2371 natura:
1425 2330 1621 2372 nomen
1650 2332 1804 2388 aque
1831 2332 1896 2373 ac
1926 2316 2023 2372 Ec-

431 2406 595 2464 clesia
628 2409 696 2464 de
720 2408 1015 2464 universali
1042 2424 1100 2464 re
1125 2408 1412 2474 deﬁniunt,
1442 2409 1589 2465 aliud
1615 2425 1736 2466 esse
1769 2420 2019 2465 naturam
2060 2440 2063 2441 ν

430 2501 694 2569 dicentes,
728 2502 875 2558 aliud
906 2512 1158 2557 naturam
1194 2502 1436 2559 habere:
1463 2513 1517 2557 et
1566 2502 1765 2559 habere
1799 2502 2019 2574 quidem

429 2605 683 2651 naturam
712 2593 1011 2665 singularia
1050 2594 1263 2660 dicunt,
1288 2610 1410 2666 quas
1438 2609 1469 2651 a
1499 2594 1658 2650 nobis
1714 2594 2021 2666 hypostasis

429 2694 486 2742 et
523 2702 755 2756 persona
783 2694 1189 2757 nuncupantur,
1225 2689 1327 2743 hoc
1367 2702 1498 2744 vero
1540 2687 1683 2757 quod
1724 2703 1824 2742 nos
1848 2688 2019 2757 hypo-

429 2779 623 2841 stasim
656 2779 762 2857 ipsi
796 2780 1105 2851 subjectum
1135 2790 1354 2843 vocant.
1387 2788 1441 2835 et
1480 2780 1552 2835 oh
1590 2780 1693 2835 hoc
1721 2781 1882 2835 etiam
1916 2780 2016 2852 hy-

428 2872 672 2944 postasis
694 2872 1034 2939 nominatur,
1069 2888 1179 2928 non
1210 2882 1272 2928 ut
1300 2873 1523 2944 quidam
1565 2872 1830 2943 suspicati
1866 2880 2014 2940 sunt,

427 2964 576 3041 quod
615 2964 938 3035 simpliciter
990 2964 1353 3035 supponitur,
1409 2980 1609 3036 nempe
1666 2965 1898 3023 exsistit.
1922 2965 2016 3020 sed

425 3056 610 3133 potius
657 3055 804 3129 quod
866 3056 968 3112 sub
1014 3056 1122 3113 aiio
1170 3065 1313 3120 stet,
1369 3057 1472 3112 sub
1530 3066 1724 3111 natura
1782 3056 2013 3125 scilicet,

2130 564 2226 619 καὶ
2252 564 2415 634 φύσιν
2450 567 2648 622 ταυτὸν
2670 568 2801 640 ἡμῖν
2827 568 3023 639 δηλοῦν
3053 572 3334 643 πανταχοῦ
3363 575 3457 629 καὶ
3499 576 3532 643 ἡ
3575 577 3707 646 ἁγία

2126 653 2342 724 Γραφὴ,
2367 654 2458 709 καὶ
2483 656 2522 724 ἠ
2560 656 2702 710 κατὰ
2742 655 2975 711 Νίκαιαν
3010 658 3143 728 ἁγία
3182 659 3419 728 σύνοδος,
3452 664 3547 718 καὶ
3590 666 3713 735 μετ’

2127 747 2300 819 αὐτὴν
2332 751 2367 821 ἡ
2391 750 2450 804 ἐν
2472 751 3065 822 Κωνσταντινουπόλει,
3092 755 3188 810 καὶ
3217 758 3250 827 ἡ
3292 756 3484 830 πρώτη
3513 759 3627 813 τῶν
3650 762 3711 815 ὲν

2138 836 2350 911 Ἐφέσῳ
2388 840 2736 911 παρέδωκαν,
2780 843 2873 896 ἐπὶ
2910 842 3090 897 κοινοῦ
3145 845 3240 900 καὶ
3267 845 3579 913 καθολικοῦ,
3609 849 3709 904 καὶ

2126 930 2270 984 κατὰ
2299 930 2511 984 πολλῶν
2536 932 2837 1004 φερομένου
2861 935 3210 1005 πράγματος,
3271 939 3341 993 δι’
3372 932 3449 993 ὧν
3480 940 3544 994 τὸ
3572 958 3709 994 παν-

2128 1020 2287 1090 άγιον
2339 1022 2390 1075 οί
2422 1024 2700 1095 πανταχοῦ
2755 1028 2937 1080 πιστοὶ
2980 1027 3248 1097 σύμύολον
3288 1029 3473 1102 ἔχουσί
3517 1050 3578 1087 τε
3612 1033 3709 1087 καί¹

2125 1112 2499 1181 περιέπουσιν,
2536 1114 2674 1187 ὅπερ
2707 1115 2838 1186 μίαν
2860 1115 3027 1188 φύσιν
3074 1120 3165 1173 καὶ
3195 1121 3385 1176 οὐσίαν
3422 1123 3525 1195 τῆς
3562 1142 3707 1179 παν-

2123 1204 2287 1274 αγίας
2335 1205 2585 1277 Τριάδος,
2624 1209 2721 1263 καὶ
2753 1208 2882 1280 τρία
2937 1211 3206 1281 πρόσωπα
3254 1214 3350 1267 καὶ
3374 1214 3705 1280 ὑποστάσεις

2122 1297 2256 1368 ἡμῖν
2288 1298 2594 1367 παρέδωκε.
2619 1299 2786 1354 Φύσιν
2828 1301 2927 1372 μὶν
2944 1305 3039 1357 καὶ
3064 1304 3252 1358 οὐσίαν
3284 1307 3502 1375 ταυτὸν,
3528 1310 3705 1378 πρόσ-

2122 1404 2272 1442 ωπον
2297 1388 2343 1443 δ’
2366 1387 2435 1445 αῦ
2482 1389 2647 1445 πάλιν
2699 1392 2795 1446 καὶ
2821 1392 3121 1449 ὑπόστασιν
3148 1396 3367 1464 ταυτὸν,
3385 1397 3461 1461 ώς
3481 1399 3576 1453 ἐπὶ
3600 1399 3706 1453 ἰδι-

2122 1478 2225 1533 κοῦ
2248 1497 2310 1533 τε
2361 1480 2457 1535 καὶ
2480 1481 2797 1538 καθέκαστα
2827 1484 3152 1557 πράγματος
3185 1487 3617 1557 ὲκδιδάσκουσαι,
3646 1490 3709 1545 τὸ

2121 1570 2178 1625 δι
2209 1572 2275 1641 δὴ
2303 1572 2402 1644 τῆς
2435 1573 2652 1644 μορφῆς
2675 1573 2848 1645 ὄνομα
2878 1575 3143 1643 ὡσαύτως
3188 1580 3285 1633 καὶ
3320 1580 3453 1634 αὐτὸ
3480 1582 3573 1636 ἐπὶ
3613 1583 3709 1637 οὐ·

2123 1664 2245 1727 σίας
2275 1666 2369 1720 καὶ
2419 1664 2632 1735 φύσεως
2670 1668 2721 1721 οἱ
2768 1667 3013 1741 Πατέρες
3045 1670 3440 1744 παρειλήφασι.
3489 1674 3589 1729 Διά
3619 1690 3707 1729 τοι

2121 1754 2279 1809 τοῦτο
2301 1758 2329 1811 ό
2360 1758 2533 1829 μέγας
2555 1758 2834 1825 Βασίλειος
2858 1761 2938 1827 τὸ,
2986 1761 3088 1816 Ἐν
3113 1761 3316 1833 μορφῇ
3344 1763 3491 1819 Θεοῦ
3509 1764 3706 1833 ὑπάρ-

2125 1864 2269 1919 χων,
2301 1838 2642 1922 ἑρμηνεύων,
2673 1847 2790 1907 ἴσον
2830 1852 3090 1909 δύνασθαι
3137 1854 3239 1927 τῷ,
3294 1858 3355 1910 ἐν
3379 1849 3537 1928 οὐσίᾳ
3564 1857 3707 1911 Θεοῦ

2127 1942 2416 2013 ὑπάρχειν,
2449 1943 2624 2013 ἔλεγε.
2657 1946 2768 2000 Καὶ
2796 1945 2859 2001 τὸ
2889 1946 3103 2019 μορφὴν
3132 1946 3483 2019 ἀνειληφέναι
3511 1949 3705 2004 δούλου

2124 2032 2183 2088 ἐν
2205 2036 2270 2105 τῇ
2310 2033 2467 2107 οὐσίᾳ
2499 2035 2595 2107 τῆς
2627 2036 3049 2109 ἀνθρωπότητος
3073 2037 3166 2093 τὸν
3191 2038 3400 2111 Κύριον
3427 2039 3588 2111 ἡμῶν
3625 2036 3710 2095 εἷο

2124 2140 2213 2177 ναι
2246 2126 2524 2197 σημαίνει.
2556 2127 2631 2182 Τό
2656 2144 2719 2196 γε
2758 2127 2864 2200 μὴν
2889 2128 3250 2184 ὑποστατικδν
3267 2130 3523 2201 διάφορον
3548 2132 3707 2204 παρὰ

2121 2214 2223 2287 τὴν
2267 2216 2566 2271 ὑπόστασιν
2614 2217 2877 2274 τιθέασιν.
2925 2219 3264 2292 ὀριξόμενοι
3302 2221 3414 2292 γὰρ
3442 2221 3542 2293 τὴν
3566 2223 3709 2277 ὑπό-

2123 2325 2310 2363 στασιν
2343 2308 2549 2379 ἔφασαν
2570 2324 2587 2341 ⁸
2619 2310 2949 2377 Ύπόστασίς
2987 2314 3105 2367 ἐστι
3138 2314 3275 2385 μετὰ
3323 2313 3631 2386 ἰδιώματος,
3664 2315 3713 2389 ἦ

2122 2402 2216 2456 καὶ
2256 2401 2563 2473 ίδιωμάτων
2610 2404 2996 2469 ίδιοσυστάτως
3046 2404 3419 2478 θεωρουμένη,
3449 2408 3546 2462 καὶ
3576 2408 3705 2463 ὅλον

2118 2509 2173 2546 τι
2199 2492 2323 2547 καθ’
2352 2494 2554 2567 ἑαυτὴν
2582 2491 2737 2563 οὖσα,
2767 2496 3132 2553 ὑποστατικὺν
3155 2498 3200 2553 δ’
3244 2493 3314 2554 αὖ
3344 2500 3505 2556 πάλιν
3539 2501 3704 2556 οὐσία

2122 2586 2259 2658 μετὰ
2291 2586 2602 2658 ἰδιώματος,
2644 2589 2679 2661 ἢ
2712 2589 2807 2643 καὶ
2843 2590 3170 2662 ἰδιωμάτων,
3206 2593 3279 2663 μὴ
3319 2593 3706 2660 ίδιοσυστάτως

2120 2680 2215 2735 καὶ
2276 2681 2404 2735 καθ’
2433 2682 2593 2736 ἑαυτὸ
2613 2682 2688 2748 ὡς
2710 2682 2829 2738 ὅλον
2867 2701 2922 2739 τι
2954 2683 3222 2757 ὑπάρχον,
3255 2685 3372 2740 ἀλλ’
3399 2686 3524 2741 δλου
3551 2687 3706 2752 τινὸς

2117 2769 2255 2827 εῖναι
2290 2774 2476 2846 μέρος.
2511 2776 2573 2829 Oi
2595 2774 2652 2829 δὲ
2701 2775 2807 2841 ἔξω
2830 2774 2926 2831 τοῦ
2969 2776 3094 2831 καθ’
3120 2779 3271 2850 ἡμᾶς
3316 2778 3477 2848 λόγου
3510 2780 3572 2834 τὸ
3601 2780 3706 2852 μιν

2113 2866 2214 2937 τῆς
2246 2865 2460 2937 φύσεως
2487 2868 2677 2941 ὄνομα,
2702 2869 2904 2940 ὁμοίως
2931 2871 2996 2941 τῇ
3034 2869 3331 2943 Ἐκκλησία
3359 2871 3452 2925 ἐπὶ
3482 2871 3709 2926 καθολι-

2115 2958 2213 3011 κοῦ
2242 2976 2385 3025 τινος
2408 2960 2735 3031 πράγματος
2759 2960 3051 3032 ὁρίξονται,
3075 2961 3204 3017 ἄλλο
3238 2962 3338 3033 μὲν
3362 2960 3502 3017 εἶναι
3534 2964 3708 3033 φύσιν

2114 3050 2389 3120 λέγοντες,
2426 3055 2521 3105 καὶ
2549 3052 2677 3106 ἄλλο
2697 3052 2760 3106 τὸ
2798 3053 2946 3124 ἔχειν
2998 3054 3181 3124 φύσιν,
3216 3056 3311 3111 καὶ
3340 3056 3402 3110 τὸ
3432 3057 3532 3127 μὲν
3552 3056 3707 3127 ἔχειν

425 3159 687 3221 tanquam
720 3148 1049 3219 subjectum,
1100 3155 1155 3204 et
1207 3157 1459 3203 naturam
1514 3146 1878 3218 superjacere,
1910 3146 2013 3202 hoc

2117 3142 2280 3211 φύσιν
2305 3146 2366 3197 τὸ
2404 3142 2719 3199 καθικαστα
2761 3145 3033 3215 λέγουσιν,
3086 3148 3224 3219 ὅπερ
3251 3149 3385 3221 παρ’
3406 3149 3540 3221 ἡμῖν
3567 3149 3706 3204 ὑπό-

425 3254 510 3302 est
565 3243 1073 3316 supcrhypostasim
1122 3242 1334 3309 dicunt,
1380 3257 1543 3311 quam
1584 3251 1638 3295 et
1693 3239 2008 3295 deﬁniunt:

424 3330 631 3387 Natura
658 3339 743 3388 est
778 3331 1104 3402 principium
1153 3338 1361 3396 motus,
1421 3338 1475 3383 et
1505 3328 1706 3398 quietis
1748 3327 2010 3398 primum,

424 3431 480 3487 et
510 3424 807 3479 secundum
858 3423 1115 3494 seipsam.
1172 3423 1437 3479 Essentiae
1485 3430 1666 3476 autem
1719 3434 1915 3475 nomen
1944 3419 2013 3475 de

426 3512 706 3568 communi
740 3518 793 3565 et
823 3509 1111 3582 singulari,
1150 3510 1217 3565 de
1274 3508 1569 3564 universali
1606 3521 1801 3577 nempe
1837 3516 1893 3562 et
1925 3507 2010 3561 in-

425 3601 650 3659 dividuo
707 3602 1002 3672 accipiunt,
1051 3617 1192 3671 quos
1242 3608 1465 3656 secutus
1530 3597 1771 3654 Joannes
1813 3612 2014 3670 cogno-

426 3704 610 3750 mento
633 3693 968 3765 Philoponus
1004 3692 1267 3748 Tritheita
1305 3707 1425 3747 esse
1456 3691 1741 3747 evincitur.
1776 3688 2011 3746 Severus

424 3803 556 3844 vero
586 3789 837 3844 essentia?
863 3802 1059 3842 nomen
1088 3785 1299 3851 eodem,
1327 3800 1392 3841 ac
1431 3783 1673 3840 Ecclesia
1703 3784 2008 3855 signiﬁcatu

425 3877 645 3947 accipit,
673 3878 739 3931 de
768 3890 827 3931 re
886 3875 1185 3941 communi,
1238 3875 1335 3951 sed
1380 3883 1609 3939 naturae,
1637 3871 1911 3942 propriam
1951 3870 2008 3926 in

423 3983 491 4031 eo
536 3961 768 4026 secutus
813 3967 1148 4037 opinionem,
1206 3975 1261 4022 et
1312 3966 1380 4021 ab
1433 3966 1549 4036 ipsa
1614 3965 2010 4020 consuetudine

423 4070 775 4125 exterarum,
831 4058 1198 4130 Ecclesiaeque
1268 4057 1661 4129 intelligentia,
1729 4065 1784 4111 et
1839 4070 2006 4111 sensu

423 4153 745 4223 longissime
786 4150 1110 4215 abhorrens,
1156 4148 1433 4204 contrario
1478 4147 1716 4219 quodam
1750 4147 1915 4202 modo
1944 4145 2009 4200 de

424 4245 703 4310 communi
766 4254 821 4303 et
873 4243 1153 4300 individua
1198 4258 1291 4307 re,
1350 4239 1643 4296 universali
1693 4240 1898 4296 scilicet
1951 4238 2006 4293 in

423 4348 577 4408 parte
605 4336 833 4408 accepit,
862 4343 916 4390 et
939 4348 1284 4392 communem
1309 4341 1363 4389 et
1381 4332 1715 4387 individuam
1754 4338 2006 4385 naturam

423 4431 717 4491 enuntians
746 4428 936 4484 multis
968 4442 1088 4484 sese
1118 4426 1371 4482 absurdis
1410 4425 1699 4496 implicuit,
1737 4439 1859 4494 quae
1879 4438 2007 4492 pro-

2116 3252 2304 3299 στασις
2334 3237 2428 3289 καὶ
2458 3235 2749 3308 πρόσωπον
2772 3238 3017 3310 ετρηταιο
3049 3232 3215 3294 ταυτδ
3242 3241 3299 3295 δὲ
3323 3241 3495 3302 τουτὶ.
3526 3243 3704 3314 ἤγουν

2112 3325 2209 3397 τὴν
2235 3327 2551 3391 ὑπόστασιν,
2570 3328 2930 3399 ὑποκείμενον
2954 3326 3093 3384 εἷναί
3138 3348 3294 3402 φασι.
3318 3333 3419 3387 Διά
3440 3350 3521 3387 τοι
3539 3334 3708 3389 τοῦτο

2111 3418 2209 3472 καὶ⁸
2237 3419 2532 3485 ὑπόστασις
2564 3419 2783 3488 λέγεται
2836 3423 2956 3492 οὑχ,
2994 3422 3071 3485 ὥς
3107 3440 3253 3488 τινες
3288 3424 3579 3491 ὑπέλαϐον,
3610 3426 3707 3482 διὰ

2110 3511 2173 3563 τὸ
2192 3511 2377 3574 ἁπλῶς
2408 3511 2729 3580 ὑφεστᾶναι,
2777 3514 2946 3585 ἣγουν
2977 3515 3263 3587 ὑπάρχειν,
3321 3516 3458 3571 ἀλλὰ
3495 3518 3708 3588 μᾶλλον

2113 3603 2218 3657 ὑπό
2243 3620 2297 3657 τι
2326 3604 2569 3670 ἑστᾶναι,
2608 3606 2888 3660 τουτέστιν
2916 3607 3022 3661 ὑπὸ
3054 3608 3156 3678 τὴν
3186 3607 3350 3680 φύσιν
3369 3610 3446 3674 ώς
3475 3611 3706 3667 ὑποκεί-

2115 3713 2295 3766 μενον,
2328 3696 2426 3767 τὴν
2454 3696 2510 3750 δὲ
2541 3695 2703 3766 φύσιν
2725 3699 3133 3764 ἑνυποκεῖσθαι,
3166 3702 3414 3756 τουτέστι
3439 3703 3587 3758 κατά
3612 3721 3703 3757 τι·

2110 3801 2199 3849 νος
2227 3785 2576 3850 ὑποστάσεως
2609 3786 2887 3856 λέγεσθαι,
2939 3790 3007 3861 ἢν
3036 3791 3131 3844 καὶ
3161 3790 3473 3863 ὁριζόμενοι
3519 3811 3658 3864 φασι
3679 3809 3701 3828 ο

2109 3878 2274 3942 Φύσις
2301 3880 2450 3932 ἐστὶν
2473 3879 2615 3951 ἀρχὴ
2640 3881 2931 3951 κινήσεως,
2957 3883 3050 3936 καὶ
3082 3884 3318 3955 ἠρεμίας
3344 3886 3578 3957 πρώτως
3597 3889 3703 3943 καὶ

2111 3969 2235 4025 καθ’
2257 3970 2438 4026 ἑαυτό.
2463 3971 2537 4025 Τδ
2563 3971 2621 4025 δὲ
2645 3969 2708 4043 δὴ
2729 3972 2827 4043 τῆς
2857 3973 3045 4040 οὐσίας
3077 3975 3171 4029 ιπί
3197 3993 3257 4031 τι
3279 3976 3458 4031 κοινοῦ
3476 3979 3571 4033 καὶ
3600 3980 3704 4034 ιδι-

2112 4062 2234 4127 κοῦ,
2277 4063 2446 4134 ἧγουν
2496 4064 2727 4119 καθόλου
2755 4065 2851 4120 καὶ
2884 4066 2978 4120 ἐπὶ
3006 4064 3229 4140 μέρους,
3257 4063 3340 4133 οἷς
3379 4069 3637 4142 Ἰωάννης
3669 4074 3702 4127 ό

2110 4154 2340 4226 ἐπίκλην
2370 4156 2659 4221 Φιλόπονος
2685 4158 3183 4230 κατακολουθήσας,
3237 4161 3519 4234 τριθεττης
3557 4165 3697 4219 ανα-

2112 4245 2403 4302 δέδεικται.
2420 4248 2480 4302 Ὀ
2505 4247 2563 4301 δὲ
2590 4248 2654 4322 δὴ
2681 4250 2922 4322 Σεδῆρος
2944 4252 3005 4306 τὸ
3047 4253 3145 4323 μὲν
3176 4256 3276 4325 τῆς
3304 4255 3491 4320 οὑσίας
3519 4256 3698 4327 ὄνομα

2107 4338 2490 4409 ταυτοτρόπως
2543 4340 2610 4411 τῇ
2684 4340 2979 4416 Ἐκκλησία
3028 4344 3287 4415 ὀνομάζει
3345 4347 3441 4401 ἐπὶ
3495 4350 3688 4403 κοινοῦ

2110 4431 2435 4502 πράγματος
2465 4425 2626 4500 εἶναι,
2659 4433 2720 4487 τὸ
2761 4433 2818 4489 δὲ
2857 4435 2959 4506 τῆς
2999 4436 3218 4507 φύσεως
3253 4438 3601 4512 ίδιόρῥυθμος
3631 4443 3695 4496 ὲν

423 4522 623 4579 cedens
650 4520 826 4577 oratio
861 4535 967 4575 non
990 4520 1109 4576 sine
1140 4517 1695 4575 demonstrationibus
1725 4529 2009 4573 common-

2117 4519 2285 4591 τούτῳ
2335 4520 2645 4593 γενόμενος,
2676 4520 2800 4577 οὗτε
2839 4526 2905 4596 τῇ
2958 4524 3236 4598 συνηθείᾳ,
3264 4509 3529 4591 οὔτέήτοϊς
3558 4528 3689 4596 ἔξω,

423 4614 637 4671 strabit.

2107 4610 2233 4665 οὒτε
2265 4613 2373 4685 μὴν
2398 4615 2463 4685 τῇ
2491 4613 2790 4687 Ἐκκλησία
2810 4616 3247 4684 κατακολουθῶν,
3280 4619 3396 4673 ἀλλ’
3427 4621 3691 4685 ἐναντίως

424 4708 518 4762 ὲπί
550 4725 610 4762 τε
636 4706 815 4772 κοινοῦ
857 4706 952 4761 καὶ
984 4704 1150 4759 ίδικοῦ
1184 4704 1525 4777 πράγματος,
1563 4703 1731 4776 ἤγουν
1759 4701 1988 4758 καθόλου
2028 4703 2121 4756 ἐπὶ
2157 4703 2356 4775 μέρους
2377 4704 2595 4769 ὲδόξασε
2624 4720 2639 4735 ·
2676 4706 2769 4759 καὶ
2796 4708 2983 4777 κοινὴν
3010 4709 3103 4761 καὶ
3140 4708 3313 4779 ίδικὴν
3379 4709 3544 4779 φύσιν
3606 4712 3693 4767 εί-

422 4801 565 4865 πὼν,
624 4799 837 4864 πολλοῖς
890 4800 1112 4864 ἀτόποις
1170 4799 1613 4870 περιπέπτωκεν,
1654 4797 1749 4863 οὓς
1776 4798 1805 4851 ὁ
1834 4796 1991 4866 λόγος
2030 4794 2388 4870 παρακατιὼν
2418 4798 2537 4869 μετ’
2564 4800 2891 4865 ἀποδείξεως
2924 4802 3316 4874 παραστήσειε.

493 4897 584 4951 15.
627 4893 723 4950 llis
756 4910 785 4949 a
828 4893 985 4949 nobis
1026 4893 1127 4948 hac
1158 4893 1365 4949 ratione
1395 4891 1661 4961 expositis
1706 4906 1771 4946 ac
1801 4890 1999 4960 dijudi-

424 4987 581 5052 eatis,
606 4995 816 5056 tempus
837 4984 949 5055 jam
976 4992 1079 5048 est,
1107 4997 1170 5038 ea
1210 4997 1331 5053 qua:
1356 4991 1411 5036 tu
1443 4983 1761 5051 scripseras,
1790 4980 1997 5034 exarui-

420 5077 611 5144 n,andi.
642 5077 717 5131 Ea
742 5087 871 5134 sunt
908 5095 921 5131 :
965 5075 1030 5130 Et
1076 5077 1131 5130 in
1163 5075 1456 5144 exemplum
1495 5074 1647 5127 homo
1688 5072 1993 5139 adducitur,

420 5168 864 5240 quenadmodum
890 5166 1077 5221 Patres
1125 5166 1289 5220 locuti
1336 5174 1479 5231 sunt,
1523 5174 1993 5232 exposueruntque,

420 5256 548 5332 quid
578 5257 831 5327 corporis,
858 5266 907 5310 et
935 5255 1062 5326 quid
1087 5256 1313 5319 anima;
1337 5265 1692 5309 verumtamen
1729 5252 1882 5305 homo
1899 5268 2000 5306 non

421 5332 623 5402 dicitur
654 5349 790 5402 duas
821 5358 1040 5403 naturas
1070 5348 1295 5413 habere;
1325 5347 1373 5401 si
1400 5347 1517 5418 quis
1560 5362 1677 5400 vero
1723 5355 1906 5400 contra
1948 5361 2002 5398 se

422 5450 670 5508 opponat,
728 5439 1016 5510 prodatque
1054 5441 1189 5494 duas
1226 5450 1447 5493 naturas
1487 5440 1542 5492 in
1570 5439 1796 5500 homine,
1824 5453 2002 5506 seque-

421 5542 570 5585 retur
602 5531 870 5587 Christum
913 5543 1017 5586 tres
1070 5541 1292 5586 naturas
1336 5531 1542 5594 habere,
1581 5531 1717 5584 duas
1756 5530 2003 5582 Immani-

424 5623 548 5674 ratis
601 5632 650 5676 et
684 5640 845 5677 uuam
880 5624 1117 5686 deilalis,
1164 5633 1217 5679 et
1269 5630 1483 5677 caetero.
1536 5621 1612 5675 En
1662 5620 2007 5691 apertissime

422 5714 586 5768 unius
612 5717 925 5785 compositae
977 5725 1186 5772 natura:
1218 5715 1496 5770 Christum
1554 5729 1675 5770 esse
1730 5722 2002 5778 astruens,

427 5805 588 5868 idque
614 5810 845 5877 probare
876 5814 1205 5867 contendens
1231 5809 1535 5878 exemplum
1568 5806 1803 5863 hominis
1845 5820 2005 5863 usur-

2178 4896 2261 4943 ιε’.
2292 4889 2511 4945 Τούτων
2552 4893 2683 4962 ἡμῖν
2709 4888 2811 4947 ὧδέ
2850 4911 2927 4961 πη
2980 4894 3537 4967 διασαφηνισθέντων,
3592 4900 3688 4953 καὶ

2103 4979 2607 5051 διευκρινηθὲντων,
2667 4983 2857 5053 καιρὸς
2884 4982 2952 5038 τὰ
2978 4984 3128 5055 παρὰ
3160 4984 3255 5038 σοῦ
3281 4987 3563 5056 γραφέντα
3590 4989 3687 5042 καὶ

2102 5063 2201 5123 ὧδε
2236 5071 2658 5143 ἐπισκέψασθαι.
2700 5076 2852 5145 Ἔχει
2881 5076 2939 5129 δὲ
2975 5076 3177 5141 οὕτως’
3232 5077 3341 5133 Καί
3392 5080 3619 5149 γίνεται
3651 5084 3687 5137 ό

2104 5162 2412 5231 ἅνθρωπος
2462 5163 2866 5235 παράδειγμα,
2921 5168 3117 5234 καθὼς
3165 5171 3263 5223 καὶ
3313 5173 3372 5224 οἱ
3424 5172 3684 5241 Πατέρες

2103 5256 2420 5323 ἐλάλησαν
2440 5258 2536 5311 καί
2561 5257 2931 5329 διήγγειλμν,
2965 5260 3022 5313 τι
3067 5260 3202 5314 ἐστι
3228 5260 3334 5316 τοῦ
3381 5262 3679 5333 σώματος,

2103 5346 2203 5399 καὶ
2234 5347 2291 5399 τι
2312 5346 2443 5400 ἐστι
2474 5345 2586 5415 τῆς
2621 5346 2850 5416 ψυχῆς·
2886 5347 3026 5403 ἀλλ’
3069 5349 3102 5402 ό
3134 5348 3443 5419 ἄνθρωπος
3470 5355 3544 5408 οὐ
3577 5356 3683 5410 λέ-

2103 5452 2266 5506 rem:
2286 5438 2397 5492 δύο
2417 5439 2633 5507 φύσεις
2672 5439 2855 5508 ἔχειν.
2900 5441 2969 5493 El
2993 5439 3063 5493 δὲ
3092 5442 3188 5494 καὶ
3215 5442 3569 5499 ἀνθίσταται
3594 5464 3684 5513 τις

2112 5530 2211 5584 καί
2231 5528 2393 5599 λέγει
2418 5529 2528 5584 δύο
2555 5530 2770 5599 φύσεις
2799 5529 2897 5584 ἐπὶ
2914 5520 3253 5599 ἀνθρώπου,
3281 5535 3501 5588 λοιπὸν
3521 5538 3617 5590 καί
3648 5538 3681 5592 ὀ

2111 5622 2364 5689 Χριστὸς
2387 5621 2543 5690 τρεῖς
2594 5621 2744 5689 ἔχει,
2776 5620 2885 5676 δύο
2919 5621 3032 5690 τῆς
3077 5623 3535 5693 ἁνθρωπότητος
3584 5628 3680 5682 καί

2107 5712 2254 5781 μίαν
2284 5712 2394 5781 τῆς
2438 5714 2737 5780 θεότητος,
2777 5712 2870 5767 καὶ
2896 5714 2966 5768 τὰ
3004 5714 3147 5784 ἑξῆς.
3202 5715 3332 5769 Ἰδοὺ
3369 5718 3679 5786 σαφέστατα

2122 5805 2248 5874 μιᾶς
2284 5804 2537 5859 συνθέτου
2573 5804 2785 5875 φύσεως
2838 5806 2929 5861 τὸν
2960 5805 3191 5877 Χριστὸν
3241 5802 3381 5862 εἶναι
3427 5809 3679 5879 δογμαῖί-
