3994 6628
294 408 402 476 633

1179 411 1613 477 BEFUTATIO
1636 417 2019 482 EPISTOLE
2056 422 2287 513 RECIS
2316 421 2708 483 ARMENME.

3466 417 3577 485 ϐυ.

295 529 426 593 ζων,
468 525 567 580 καὶ
596 522 919 596 βουλόμενος
950 521 1111 579 τοῦτο
1138 530 1435 599 παριστᾷν,
1473 530 1566 585 τὸν
1594 531 1880 602 ἄνθρωπον

1989 537 2143 605 pasti.
2174 537 2642 605 Quemadmodum
2667 537 2813 593 enim
2833 536 2998 594 homo
3019 553 3085 592 ex
3109 536 3338 593 diversis
3360 539 3573 596 naturis

293 621 375 681 εῖς
404 615 759 688 παράδειγμα
786 617 1106 689 ἀπεχρήσωο
1149 617 1338 693 ὥσπερ
1363 623 1473 694 γὰρ
1513 625 1542 677 ό
1592 623 1878 697 ἄνθρωπος

292 710 357 764 ἐκ
381 708 657 781 διαφόρων
681 707 898 779 φύσεων
925 708 1309 781 συγκείμενος,
1341 715 1475 784 μιᾶς
1508 715 1625 769 ἐστι
1660 716 1878 784 φύσεως

294 801 556 857 συνθέτου
589 803 730 871 μετά
760 800 861 875 τὴν
888 801 1103 859 ἕνωσιν.
1135 805 1301 860 Τουτὶ
1324 806 1433 876 γὰρ
1462 808 1779 879 διήγγειλαν
1814 812 1876 866 τὸ

293 893 651 963 παράδειγμα
677 892 877 963 ὁμοίως
911 892 1056 963 ἔχειν
1078 895 1171 949 ἐπὶ
1194 895 1294 964 τῆς
1340 898 1589 964 ὲνώσεως
1621 900 1717 955 τοῦ
1744 903 1880 975 Χρι-

295 984 425 1039 στοῦ
454 986 504 1039 οἱ
530 985 794 1058 Πατέρες,
825 986 901 1050 ὡς
927 987 992 1042 σὺ
1017 988 1146 1060 φής.
1170 990 1282 1044 Καὶ
1297 989 1487 1062 ῶσπερ
1524 995 1790 1050 συνιστῶν
1817 998 1880 1051 τὸ

293 1076 671 1148 παράδειγμα,
701 1080 785 1133 ὃτι
819 1080 948 1150 μιᾶς
972 1081 1090 1134 ἐστι
1133 1082 1350 1151 φύσεως
1389 1086 1417 1138 ό
1438 1084 1726 1157 ἄνθρωπος
1777 1091 1879 1143 ὲπ-

294 1169 474 1237 άγεις.
508 1170 649 1223 Ἀλλ’
674 1171 703 1224 ὁ
728 1170 1015 1242 ἄνθρωπος
1042 1173 1104 1228 ού
1134 1175 1352 1245 λέγεται
1375 1176 1468 1232 δύο
1495 1178 1685 1249 φύσεις
1712 1180 1877 1254 ἔχειν.

178 1298 187 1305 ι
294 1261 357 1316 Εἰ
396 1262 453 1316 δὲ
478 1263 575 1317 καὶ
602 1263 922 1320 ἀνθίσταται
948 1284 1052 1331 τις,
1076 1269 1159 1323 ὃτι
1184 1268 1319 1340 ἔχει,
1355 1273 1665 1342 συνάγεται,
1685 1276 1766 1330 ὅτι
1785 1278 1882 1333 καλ⁵

294 1357 325 1410 ό
353 1358 594 1426 Χριστὸς
646 1360 796 1430 τρεῖς
829 1359 961 1430 ἔχει.
999 1362 1090 1416 Διὸ
1110 1362 1287 1428 δοκεῖς
1308 1365 1457 1436 ἡμᾶς
1504 1370 1632 1432 τοὺς
1692 1371 1784 1425 ἐπὶ
1812 1373 1880 1444 τῇ

298 1444 493 1497 ἑνώσει
525 1445 764 1516 Χριστοῦ
811 1447 1154 1517 δοξάζοντας,
1183 1451 1279 1506 δύο
1332 1450 1474 1508 εἶναι
1533 1455 1748 1525 φύσεις,
1801 1461 1884 1525 είς

298 1538 501 1593 ἄτοπον
532 1538 814 1611 προάγειν.
853 1541 1017 1594 Οὐδὲν
1047 1542 1216 1609 ξένον,
1256 1537 1300 1600 ὧ
1321 1545 1493 1615 φίλος,
1523 1549 1642 1613 ἐνὸς
1678 1551 1881 1606 ἀτόπου

299 1628 567 1695 δοθέντος,
599 1630 769 1703 μυρία
792 1630 1040 1703 ἕψεσθαι.
1070 1634 1135 1688 El
1167 1636 1267 1706 μὲν
1314 1638 1423 1711 γάρ
1453 1641 1603 1696 πᾶσα
1635 1642 1883 1710 σύνθεσις

302 1721 379 1791 μὴ
412 1723 476 1775 ὲκ
500 1721 609 1777 τῶν
640 1723 926 1795 προσεχῶς
957 1725 1320 1784 συντεθέντων
1348 1731 1718 1789 συντεθεῖσθαι
1764 1736 1882 1790 ἐλέ-

296 1829 450 1882 γετο,
501 1812 616 1867 ἀλλ’
654 1815 718 1870 ἐκ
758 1815 869 1870 τῶν
895 1815 1104 1889 πόρρω,
1150 1817 1294 1890 τάχα
1334 1821 1401 1875 ἂν
1445 1818 1559 1894 εἶχε
1591 1823 1777 1896 χώραν
1823 1827 1884 1881 τὸ

1980 630 2247 687 conﬂatus
2265 631 2427 688 unius
2451 642 2535 688 est
2560 640 2770 688 naturae
2785 632 3103 702 compositae
3135 641 3257 702 post
3290 631 3574 705 unionem,

1984 724 2092 780 hoc
2127 740 2260 780 vero
2287 724 2598 795 exemplum
2639 724 2947 781 docuerunt
2985 725 3243 781 similiter
3275 741 3333 781 se
3377 725 3579 781 habere

1980 816 2035 871 in
2067 817 2271 872 unione
2298 817 2500 875 Christi
2546 817 2754 883 Patres,
2794 825 2856 873 ut
2896 817 3013 887 ipse
3081 818 3271 873 tradis.
3329 816 3397 887 Et
3422 821 3580 887 quasi

1981 909 2346 979 comprobans
2372 911 2681 981 exemplum
2712 911 2876 967 unius
2901 926 3024 966 esse
3063 912 3273 966 natura:
3297 910 3579 967 hominem

1980 1003 2280 1059 concludis.
2344 1002 2730 1060 Verumtamen
2788 1005 2951 1060 homo
3020 1021 3129 1060 non
3184 1005 3386 1061 dicitur
3433 1005 3575 1062 duas

1982 1103 2211 1152 naturas
2242 1095 2478 1157 habere;
2503 1097 2650 1167 quod
2680 1096 2725 1152 si
2750 1098 2875 1168 quis
2906 1107 3092 1153 contra
3135 1097 3424 1153 contendet
3450 1110 3579 1152 eum

1984 1187 2207 1253 habere,
2236 1188 2494 1259 consequi
2545 1198 2599 1244 et
2629 1187 2909 1245 Christum
2966 1198 3075 1247 tres
3128 1190 3348 1251 habere,
3373 1188 3577 1245 videri:

1989 1296 2090 1337 nos
2117 1280 2170 1335 in
2196 1279 2399 1335 unione
2418 1281 2621 1336 Christi
2660 1281 2798 1337 duas
2827 1297 2947 1337 esse
2972 1292 3198 1337 naturas
3223 1280 3577 1337 aliirmantes.

1985 1372 2039 1427 in
2094 1373 2330 1429 absurda
2398 1372 2691 1444 ineptaque
2741 1389 2956 1444 rapere.
3010 1373 3096 1428 Nil
3156 1373 3357 1427 mirum
3397 1382 3500 1436 est,
3544 1385 3579 1427 ε

1985 1464 2183 1529 amice,
2223 1479 2332 1518 uno
2370 1463 2777 1520 inconvenienti
2845 1465 3009 1528 dato,
3063 1464 3350 1519 innumera
3383 1464 3581 1519 subse-

1985 1556 2098 1626 qui.
2151 1553 2363 1611 Etenim
2399 1554 2447 1612 εἰ
2503 1556 2684 1612 omnis
2729 1556 3054 1627 compositio
3090 1571 3196 1609 non
3236 1570 3300 1609 ex
3332 1555 3421 1619 iis,
3457 1569 3569 1624 qua

1984 1647 2329 1700 continenter
2355 1654 2795 1714 componuntur,
2850 1644 3102 1714 componi
3153 1643 3445 1705 diceretur,
3483 1646 3577 1697 sec‘.

1985 1751 2050 1792 cx
2077 1736 2433 1802 distantibus,
2460 1735 2598 1792 forte
2623 1736 2771 1807 quod
2796 1747 2982 1792 contra
3015 1750 3114 1790 nos
3158 1734 3356 1790 scribis
3398 1735 3571 1789 locum

1988 1826 2232 1883 haberet.
2264 1824 2418 1895 Quod
2453 1827 2500 1884 si
2530 1842 2710 1893 nemo,
2745 1826 2839 1898 qui
2893 1826 2973 1881 sal
3023 1825 3295 1880 habeatin
3337 1834 3581 1895 pectore,

300 1907 456 1977 παρὰ
489 1905 583 1960 σοῦ
616 1906 739 1961 καθ’
767 1908 925 1978 ἡμῶν
946 1910 1313 1982 γραφόμενον.
1331 1913 1391 1966 El
1411 1914 1457 1967 δ’
1485 1914 1661 1979 οὐδεὶς
1687 1916 1797 1970 τῶν
1828 1917 1888 1971 εὖ

1992 1923 2158 1988 dicet,
2183 1939 2249 1980 ex
2282 1923 2651 1985 distantibus.
2684 1921 2780 1978 sed
2834 1937 2900 1977 ex
2951 1920 3248 1985 continuis,
3294 1928 3348 1974 et
3386 1921 3583 1974 imme-

298 1998 645 2070 φρονούντων
697 2001 941 2072 φήσειεν,
1004 2003 1071 2057 ὲκ
1106 2003 1217 2058 τῶν
1248 2004 1460 2078 πόρρω,
1523 2007 1639 2062 ἀλλ’
1669 2011 1734 2064 ἐκ
1778 2010 1889 2064 τῶν

299 2089 596 2160 προσεχῶς
622 2089 716 2145 καὶ
740 2091 987 2162 ἀμέσως,
1014 2093 1109 2147 καὶ
1124 2095 1290 2149 οἱονεὶ
1321 2096 1525 2167 μερῶν,
1554 2098 1890 2171 ἢστοιχείων

294 2180 456 2247 τάξιν
490 2182 549 2235 ὲν
575 2180 653 2253 τῷ
687 2183 796 2255 ὅλῳ
847 2183 1081 2255 ἑχόντων
1110 2187 1484 2244 συντεθεῖσθαι
1512 2192 1574 2245 τὸ
1608 2193 1889 2247 συντεθει-

299 2273 470 2345 μὲνον
497 2274 739 2345 λέγεται,
771 2277 1066 2350 ἀνίσχυρον
1107 2281 1202 2335 καὶ
1237 2281 1469 2353 μάταιον
1495 2284 1557 2338 τὸ
1604 2286 1759 2359 παρά
1793 2287 1889 2341 σοῦ

296 2369 672 2440 γραφόμενον.
713 2370 868 2425 Ἐπεὶ
918 2371 1133 2446 ἀνάγκη
1184 2375 1327 2429 κατά
1356 2376 1416 2431 σὲ
1460 2377 1553 2432 τὸν
1603 2378 1891 2451 ἄνθρωπον
1927 2400 1937 2413 ·

296 2455 486 2526 λέγειν
544 2458 609 2511 ὲκ
656 2460 818 2514 πέντε
865 2460 1217 2533 τούλάχιστον
1268 2467 1590 2535 συγκεῖσθαι
1648 2469 1889 2539 φύσεων,

298 2548 369 2604 εκ
398 2568 457 2605 τε
483 2551 594 2606 τῶν
629 2553 912 2624 τεσσάρων
965 2558 1247 2629 στοιχείων
1305 2562 1401 2615 καὶ
1454 2562 1655 2634 ψυχῆς.
1702 2563 1892 2619 Ὠσαύ·

294 2651 413 2704 τως
439 2640 534 2694 καὶ
569 2638 662 2695 τὸν
683 2642 971 2715 ἧλεκτρον,
1012 2645 1086 2717 μὴ
1117 2648 1181 2701 ἐκ
1212 2648 1326 2717 δύο,
1353 2650 1523 2722 ἤγουν
1553 2653 1758 2725 χρυσοῦ
1796 2654 1891 2709 καὶ

296 2729 570 2804 ἀργύρου,
600 2733 715 2789 ἀλλ’
741 2737 807 2789 ὲκ
831 2736 1042 2792 πολλῶν
1062 2738 1343 2807 πλειόνων,
1360 2743 1583 2815 χρυσοῦ,
1609 2746 1777 2817 φημὶ,
1797 2746 1892 2801 καὶ

297 2822 570 2895 ἀργύρου,
597 2829 693 2882 καὶ
723 2830 1007 2901 τεσσάρων
1048 2831 1348 2904 στοιχείων,
1382 2836 1479 2890 καὶ
1504 2836 1614 2890 τῶν
1643 2836 1726 2891 ἔτι
1759 2840 1893 2911 πορν

300 2917 553 2989 ρωτέρω,
580 2919 682 2990 τῆς
710 2919 844 2992 ὕλης
882 2922 1029 2993 λέγω
1069 2926 1164 2977 καὶ⁹
1211 2923 1308 2979 τοῦ
1340 2925 1536 2991 εἴδους.
1573 2928 1648 2981 Οὐ
1681 2928 1791 3000 γὰρ
1819 2930 1888 2984 τά

303 3008 452 3081 μέρη
484 3010 593 3065 τῶν
625 3013 809 3083 μερῶν
842 3015 901 3068 ὲν
938 3015 1017 3087 τῷ
1056 3015 1239 3085 λέγειν
1273 3018 1338 3072 ἑκ
1386 3019 1570 3074 πόσων
1604 3019 1891 3089 σύγκειται

297 3101 420 3155 τόδε
446 3103 775 3176 σκοποῦμεν,
795 3106 932 3160 ἀλλά
960 3106 1028 3161 τὰ
1058 3111 1346 3180 προσεχῶς
1374 3112 1469 3165 καὶ
1503 3113 1725 3183 ἀμέσως
1749 3114 1890 3185 μέρη

298 3194 495 3260 αὒτοῦ,
525 3196 959 3267 χρηματίζοντα.
986 3200 1198 3256 Οὐκοῦν
1225 3201 1331 3256 κᾶν
1379 3203 1470 3258 τὸν
1503 3204 1790 3277 ἄνθρωπον
1817 3206 1893 3261 εῖ-

1989 2016 2154 2072 diatis
2223 2015 2391 2072 veluti
2464 2015 2752 2085 partibus,
2832 2023 2925 2069 aut
3005 2011 3289 2068 elementis
3354 2011 3409 2065 in
3462 2016 3580 2065 tot:

1989 2109 2231 2182 positum
2324 2108 2761 2179 occupantibus,
2840 2105 3095 2176 componi
3166 2102 3581 2173 compositum,

1995 2198 2153 2255 futile
2182 2207 2267 2254 est
2300 2197 2592 2268 inaneque,
2618 2196 2762 2268 quod
2786 2211 2815 2250 a
2845 2205 2896 2251 te
2934 2193 3137 2265 scripto
3167 2192 3425 2255 traditur,
3456 2206 3581 2247 cun;

1990 2306 2096 2363 per
2130 2300 2184 2346 te
2218 2304 2442 2347 necesse
2488 2299 2637 2346 esset
2669 2288 2850 2345 dicere
2893 2287 3170 2343 hominem
3202 2286 3270 2341 ad
3304 2285 3486 2339 minus
3511 2297 3583 2340 et

1994 2385 2241 2456 quinque
2296 2383 2511 2438 naturis
2545 2382 2816 2448 construi,
2849 2395 2915 2436 ex
2948 2389 3187 2451 quatuor
3214 2377 3497 2434 elementis
3528 2386 3583 2432 et

1990 2478 2195 2533 anima.
2221 2476 2483 2533 Similiter
2508 2484 2563 2531 et
2582 2475 2843 2531 electrum
2871 2488 2980 2529 non
3003 2488 3070 2529 ex
3093 2472 3326 2539 duobus,
3356 2485 3494 2526 auro
3526 2484 3582 2525 es

1992 2577 2217 2639 argento
2238 2607 2253 2633 ,
2286 2567 2382 2623 sed
2415 2567 2586 2622 multo
2611 2565 2883 2637 pluribus,
2915 2580 3054 2621 auro
3095 2578 3312 2634 nempe,
3330 2569 3579 2632 argento,

1991 2670 2047 2719 et
2080 2670 2318 2733 quatuor
2343 2659 2650 2727 elementis,
2681 2657 2916 2729 aliisque
2943 2658 3116 2714 multo
3136 2654 3581 2722 distentioribus,

1993 2753 2221 2809 materia
2255 2760 2310 2809 et
2367 2749 2567 2807 forma.
2596 2750 2718 2805 Non
2750 2749 2895 2805 enim
2936 2755 3121 2820 partes
3166 2747 3424 2819 partium,
3454 2761 3583 2801 cum

1992 2843 2358 2914 inquirimus,
2397 2857 2466 2896 ex
2498 2840 2702 2912 quibus
2748 2841 2873 2906 hoc,
2913 2838 2997 2894 vel
3036 2838 3166 2893 illud
3212 2836 3581 2906 componitur,

1993 2937 2430 3002 consideramus,
2464 2935 2558 2990 sed
2592 2933 2871 3005 proximas
2904 2931 3052 2988 illius
3093 2940 3257 3001 atque
3299 2926 3586 2984 immedia-

1993 3038 2097 3086 tas.
2122 3028 2304 3096 Quare
2329 3027 2456 3082 licet
2485 3025 2763 3081 hominem
2794 3024 3097 3079 dixerimus
3130 3020 3343 3077 duabus
3369 3018 3583 3074 naturis

1991 3130 2268 3186 constare,
2333 3123 2389 3172 et
2438 3116 2698 3171 deitatem
2758 3129 2924 3169 unam
2977 3127 3120 3179 esse,
3157 3126 3265 3166 non
3298 3107 3584 3166 concludi-

1993 3223 2081 3267 tur
2101 3208 2248 3279 quod
2275 3204 2611 3277 praetenditis
2639 3202 2927 3259 adversum
2956 3215 3058 3256 nos
3083 3218 3097 3254 :
3127 3215 3301 3271 neque
3326 3199 3469 3254 enim
3495 3197 3585 3253 hic

299 3305 501 3359 πίωμεν
536 3288 631 3343 δύο
668 3288 860 3360 φύσεις
910 3290 1079 3363 ἔχειν,
1130 3293 1227 3347 καὶ
1255 3292 1353 3367 τὴν
1388 3294 1618 3367 θεότητα
1649 3298 1778 3368 μίαν
1810 3293 1887 3351 εἵ-

1992 3301 2046 3355 ἰη
2076 3278 2309 3353 Domino
2326 3308 2532 3361 nostro,
2567 3294 2697 3349 Jesu
2724 3293 2946 3350 Christo
2975 3291 3207 3357 scilicet,
3240 3300 3421 3361 partes
3448 3303 3574 3360 par-

300 3398 415 3445 ναι,
434 3381 496 3435 ού
528 3382 821 3452 συνάγεται
842 3384 979 3457 ὅπερ
1004 3384 1259 3455 βούλεσθε
1293 3386 1416 3440 καθ’
1447 3387 1627 3458 ἡμῶν.
1674 3390 1748 3442 Ού
1779 3388 1888 3462 γάρ

302 3473 564 3542 δὀταῦθα,
611 3475 781 3546 ἦγουν
809 3476 904 3530 ἐπὶ
938 3477 1035 3531 τοῦ
1079 3479 1285 3549 Κυρίου
1316 3478 1478 3549 ἡμῶν
1526 3479 1702 3550 Ἰησοῦ
1750 3483 1888 3553 Χρι-

304 3565 435 3621 στοῦ
462 3567 533 3622 τὰ
579 3567 719 3640 μέρη
762 3568 872 3624 τῶν
903 3570 1085 3641 μερῶν
1112 3571 1194 3625 δεῖ
1236 3575 1479 3639 σκοπεῖν,
1514 3572 1632 3644 ἦτοι
1668 3574 1768 3645 τῆς
1792 3574 1888 3628 ἀν-

310 3659 667 3731 θρωπότητος
697 3662 759 3715 τὸ
786 3662 947 3733 σῶμα
986 3665 1082 3717 καὶ
1113 3663 1213 3735 τὴν
1229 3663 1429 3735 ψυχὴν,
1461 3663 1598 3719 ἀλλά
1627 3666 1696 3720 τὰ
1715 3684 1888 3740 προσ-

306 3753 451 3824 εχῶς
510 3752 605 3807 καὶ
636 3753 855 3825 ἀμέσως
900 3755 1249 3822 συντεθέντα,
1306 3756 1539 3828 θεότητά
1594 3775 1739 3829 φημι
1797 3758 1889 3813 καὶ

304 3844 723 3916 άνθρωπότητα.
753 3845 816 3898 Et
844 3845 952 3916 γὰρ
1000 3846 1098 3900 καὶ
1142 3845 1239 3900 δύο
1272 3846 1465 3916 φύσεις
1497 3847 1644 3919 ἔχειν
1674 3850 1765 3905 τδν
1791 3850 1888 3905 άν-

306 3936 526 4008 θρωπον
550 3937 710 4008 ἡμεῖς
744 3936 1017 4005 λέγοντες,
1053 3937 1176 3991 καθ’
1205 3937 1372 4009 ὑμᾶς,
1399 3942 1550 4010 τρεῖς
1584 3940 1775 4008 φύσεις
1796 3943 1889 3996 ἐπὶ

305 4029 544 4101 Χριστοῦ
568 4029 748 4099 λέγειν
779 4029 1337 4101 ἀναγκασθησόμεθα,
1370 4032 1467 4085 καὶ
1491 4031 1651 4103 ὑμεῖς
1685 4033 1794 4104 ἄρα
1823 4035 1888 4088 ὲκ

305 4125 398 4180 δύο
421 4126 634 4196 φύσεων
666 4124 759 4180 τὸν
780 4124 1065 4195 ἄνθρωπον
1092 4122 1365 4191 λέγοντες,
1394 4125 1443 4179 εί
1471 4125 1566 4180 καὶ
1595 4125 1671 4197 μὴ
1701 4126 1816 4189 δύο,
1851 4126 1886 4199 ἢ

306 4219 365 4272 ὲν
394 4217 509 4281 δύο,
546 4216 681 4271 ἀλλά
714 4216 840 4288 μίαν
870 4214 1032 4285 φύσιν
1055 4210 1197 4269 εἶναι
1234 4213 1506 4284 λέγοντες,
1533 4215 1651 4271 ἀλλ’
1684 4215 1777 4269 οὖν
1824 4215 1890 4270 ἐκ

302 4309 476 4381 τριῶν
509 4306 723 4379 φύσεων
755 4308 845 4363 τδν
876 4308 1110 4380 Χριστὸν
1138 4307 1540 4379 δογματίσοιτε.
1575 4308 1687 4363 Καὶ
1715 4307 1890 4373 οὔτως

302 4400 788 4474 περιτραπήσεσθε
818 4402 882 4456 ὲκ
904 4400 997 4455 τοῦ
1028 4400 1179 4472 ὑμῶν
1208 4401 1390 4469 λόγου.
1426 4400 1587 4456 Ἀλλά
1609 4399 1767 4455 τοῦτο
1789 4400 1892 4456 οὐκ

301 4493 478 4549 ιστιν.
511 4494 624 4548 Οὐκ
652 4494 760 4563 ἄρα
784 4495 877 4548 δύο
903 4493 1097 4563 φύσεις
1122 4493 1266 4564 ἔχειν
1299 4495 1466 4565 ἡμεῖς
1509 4492 1761 4563 λέγοντες
1797 4494 1890 4549 τὸν

302 4588 566 4659 Χριστὸν,
606 4587 707 4642 κᾶν
734 4588 828 4642 δύο
874 4587 1064 4659 φύσεις
1096 4586 1243 4658 ἔχειν
1271 4587 1366 4641 τὸν
1389 4587 1681 4660 ἄνθρωπον
1713 4587 1887 4658 λέγω-

306 4698 434 4753 μεν,
470 4679 530 4735 τὸ
575 4682 725 4751 τρεῖς
749 4678 871 4733 καθ’
894 4679 1052 4750 ἡμῶν
1078 4678 1389 4750 συναχθείη.
1425 4679 1538 4733 Καὶ
1580 4679 1758 4743 ἄλλως
1808 4680 1889 4744 είς

302 4772 369 4826 τὸ
396 4771 550 4825 αὑτό’
593 4771 653 4825 '0
682 4771 967 4841 ἄνθρωπος
1027 4770 1060 4841 ἢ
1107 4769 1341 4824 καθόλου
1375 4770 1546 4837 ἐστὶν,
1591 4769 1625 4842 ἦ
1662 4770 1756 4823 ἐπὶ
1788 4769 1887 4841 μέ·-

309 4880 458 4934 ρους,
491 4861 660 4933 ἤγουν
690 4863 718 4916 ὁ
746 4861 1082 4928 καθὲκαστα,
1110 4861 1226 4916 ἀλλ’
1254 4862 1338 4915 ὅτι
1389 4862 1487 4933 μὲν
1510 4862 1539 4916 ὁ
1574 4862 1889 4916 καθέκαστα

304 4955 374 5007 ἐκ
387 4952 482 5007 δύο
503 4953 715 5023 φύσεων
734 4953 1039 5020 σύγκειται,
1059 4952 1311 5023 σώματός
1336 4969 1415 5017 τε,
1446 4969 1519 5023 φη
1528 4951 1609 5022 μὶ,
1637 4952 1732 5005 καὶ
1751 4952 1890 5006 ἀσω-

308 5046 508 5114 μάτου,
540 5043 714 5109 οὐδεὶς
743 5043 854 5098 τῶν
886 5039 947 5098 εὖ
965 5043 1184 5099 εἰδότων
1212 5043 1422 5114 κρίνειν
1476 5044 1732 5112 ἀντερεῖ·
1765 5043 1887 5097 οὐδὲ

304 5138 419 5210 γὰρ
448 5136 511 5191 τὸ
540 5136 701 5208 σῶμα
724 5137 1011 5205 ἀθάνατον,
1064 5137 1203 5192 ἀλλά
1232 5137 1491 5208 φθαρτὸν,
1528 5136 1648 5190 οὐδὲ
1678 5137 1711 5206 ή
1738 5136 1885 5207 ψυχὴ

305 5227 498 5303 θνητὴ,
522 5228 640 5285 ἀλλ’
665 5229 951 5294 ἀθάνατος,
977 5229 1099 5284 οὐδὲ
1125 5229 1188 5283 τὸ
1220 5229 1382 5300 σῶμα¹
1416 5229 1669 5301 ἀόρατον,
1700 5228 1823 5282 οὐδὲ
1852 5230 1885 5300 η

303 5322 453 5392 ψυχὴ
494 5326 828 5394 σωματικοῖς
857 5322 1158 5394 ὀφθαλμοῖς
1189 5323 1524 5394 καθορᾶται·
1559 5322 1677 5377 ἀλλ’
1721 5324 1755 5394 ή
1789 5322 1887 5394 μὲν

303 5414 503 5485 λογικὴ
534 5415 629 5468 xal.
670 5415 856 5486 νοερὰ,
909 5415 1004 5469 καὶ
1053 5415 1365 5486 ἀσώματος,
1413 5414 1474 5468 τὸ
1518 5415 1576 5469 δὲ
1610 5417 1756 5486 παχὺ
1791 5415 1888 5469 καὶ⁵

303 5504 524 5575 ὁρατὸν,
567 5506 665 5559 καὶ
696 5506 887 5574 ἁπτὸν,
919 5506 981 5561 ού
1017 5508 1145 5578 μιᾶς
1175 5507 1232 5560 δὲ
1262 5506 1479 5576 φύσεως
1523 5506 1592 5560 τά
1622 5507 1886 5561 ἀντιδιαι-

308 5597 576 5668 ρούμεναο
618 5598 679 5651 ού
710 5600 840 5670 μιᾶς
882 5598 989 5671 ἄρα
1017 5600 1209 5664 οὐσίας
1236 5598 1381 5669 ψυχὴ
1416 5598 1508 5650 καὶ
1544 5598 1721 5669 σῶμα.
1775 5598 1886 5653 Καὶ

307 5688 483 5754 αὖθις⁵
512 5692 573 5744 Ei
601 5684 677 5745 ὧν
706 5693 756 5745 οί
800 5693 914 5765 ὅροι
940 5693 1208 5764 διάφοροι,
1244 5692 1449 5748 τούτων
1474 5692 1571 5749 καὶ
1608 5694 1664 5747 αἱ
1691 5692 1885 5763 φύσεις

307 5782 577 5854 διάφοροι,
623 5783 877 5856 διάφορος
909 5785 967 5839 δὲ
1003 5786 1097 5840 τοῦ
1159 5784 1411 5857 σώματος
1448 5789 1476 5842 ὁ
1530 5787 1688 5855 λόγος
1734 5786 1886 5856 παρὰ

308 5870 400 5925 τὸν
432 5874 531 5943 τῆς
561 5872 762 5946 ψυχῆς,
792 5874 1048 5947 διάφορος
1081 5876 1189 5949 ἄρα
1223 5879 1316 5932 καὶ
1340 5881 1373 5949 ἡ
1398 5878 1560 5949 φύσις
1590 5878 1688 5948 τῆς
1708 5877 1885 5947 ψυχῆς

1991 3394 2125 3448 tium
2171 3389 2516 3447 attendendze
2578 3397 2726 3454 sunt,
2775 3388 2856 3444 vel
2891 3385 3246 3442 humanitatis
3290 3399 3490 3454 corpus
3528 3391 3583 3437 et

1987 3485 2194 3550 animo,
2236 3483 2332 3540 sed
2374 3497 2498 3553 quae
2530 3479 2779 3552 proxime
2820 3479 3243 3548 immediateque
3291 3476 3580 3539 uniuntur,

1988 3577 2249 3633 divinitas
2285 3585 2451 3647 atque
2497 3575 2835 3631 humanitas.
2866 3574 2935 3631 Et
2965 3574 3012 3630 si
3043 3573 3180 3628 duas
3216 3578 3443 3626 naturas
3482 3568 3583 3623 ha-

1989 3668 2117 3723 bere
2162 3666 2438 3723 hominem
2480 3680 2581 3721 nos
2618 3673 2951 3732 asserentes,
2988 3673 3049 3720 ut
3084 3676 3179 3719 vos
3214 3660 3580 3724 contenditis,

1988 3769 2102 3818 tres
2149 3769 2378 3815 naturas
2418 3758 2474 3814 in
2511 3757 2732 3815 Christo
2767 3758 2948 3814 dicere
2994 3770 3332 3827 cogeremur,
3388 3760 3443 3808 et
3483 3765 3583 3806 vos

1990 3851 2154 3923 igitur
2185 3866 2255 3907 ex
2285 3850 2504 3907 duabus
2527 3850 2742 3906 naturis
2772 3849 3045 3904 hominem
3070 3845 3425 3910 allirmantes,
3455 3843 3585 3897 licet

1990 3959 2101 3999 non
2153 3943 2314 4009 duas,
2371 3957 2549 4012 neque
2599 3943 2652 3997 in
2702 3941 2938 4007 duabus,
2974 3938 3068 3995 sed
3114 3954 3277 3993 unam
3329 3944 3582 3991 naturam

1988 4050 2111 4092 esse
2156 4034 2421 4099 dicentes,
2462 4033 2823 4088 nihilominus
2863 4048 2929 4088 ex
2979 4032 3153 4086 tribus
3185 4028 3395 4084 naturis
3427 4026 3584 4082 Chri-

1988 4141 2135 4188 stum
2181 4144 2303 4185 esse
2344 4128 2617 4185 statuetis.
2665 4126 2867 4196 Sicque
2907 4141 3002 4195 per
3040 4124 3206 4179 verba
3243 4122 3349 4192 ipsi
3398 4130 3582 4176 vestra

1988 4221 2330 4279 refellemini.
2358 4219 2462 4277 Sed
2488 4220 2591 4275 hoc
2619 4234 2727 4274 non
2746 4229 2831 4276 est
2859 4237 2874 4285 ;
2903 4234 3010 4273 non
3043 4232 3174 4288 ergo
3198 4216 3337 4271 duas
3359 4221 3584 4268 naturas

1988 4313 2194 4369 habere
2221 4326 2323 4367 nos
2352 4309 2632 4367 Christum
2663 4316 2997 4372 asserentes,
3031 4306 3159 4361 licet
3184 4304 3320 4359 duas
3354 4311 3583 4357 naturas

1992 4404 2267 4459 hominem
2302 4400 2503 4456 habere
2537 4401 2787 4456 dicamus
2811 4439 2826 4465 ,
2875 4406 2988 4453 tres
3028 4396 3291 4451 adversus
3332 4409 3432 4446 nos
3472 4392 3586 4446 col-

1991 4495 2248 4565 ligentur.
2288 4492 2408 4546 Alia
2447 4503 2668 4562 quoque
2707 4487 2921 4543 ratione
2958 4487 3061 4542 hoc
3091 4485 3267 4553 ipsum
3296 4482 3581 4553 probatur.

1992 4586 2169 4643 Homo
2204 4593 2299 4641 aut
2326 4586 2381 4640 in
2411 4581 2708 4639 universali
2740 4589 2846 4647 est,
2878 4589 2974 4635 aut
3003 4579 3057 4633 in
3085 4586 3262 4647 parte,
3293 4574 3347 4628 in
3384 4569 3583 4626 indivi-

1997 4680 2104 4735 duo
2143 4692 2357 4748 nempe,
2387 4676 2482 4733 sed
2513 4673 2814 4740 hominem,
2846 4672 2940 4743 qui
2976 4671 3033 4726 in
3068 4667 3352 4725 individuo
3380 4672 3485 4730 est,
3513 4656 3621 4734 ex'_

1995 4773 2209 4829 duabus
2239 4769 2454 4826 naturis
2484 4766 2740 4824 constitui
2773 4763 3022 4835 corporis
3071 4770 3124 4816 et
3150 4760 3364 4821 animae,
3398 4768 3581 4817 nemo,

1995 4865 2089 4937 qui
2120 4863 2287 4935 probe
2318 4862 2386 4917 de
2415 4860 2580 4916 rebus
2610 4856 2878 4928 judicium
2914 4852 3061 4908 ferre
3091 4849 3265 4912 novit,
3300 4841 3583 4901 contrudi-

1994 4966 2080 5013 cet
2107 4974 2123 5024 ;
2160 4969 2336 5026 neque
2377 4954 2522 5009 enim
2552 4964 2753 5019 corpus
2782 4944 3095 5001 immortale
3125 4948 3228 5006 est,
3260 4938 3353 4995 sed
3390 4950 3583 4990 corru-

1995 5049 2166 5119 ptioni
2189 5045 2506 5107 obnoxium,
2539 5056 2720 5111 neque
2749 5037 2930 5092 anima
2954 5032 3220 5096 mortalis,
3241 5028 3334 5084 sed
3355 5027 3584 5081 immor-

1995 5140 2142 5205 talis,
2177 5151 2356 5208 neque
2387 5146 2589 5202 corpus
2632 5127 2930 5192 invisibile,
2968 5138 3143 5193 neque
3173 5119 3355 5175 anima
3387 5128 3585 5208 corpo-

1994 5233 2105 5288 reis
2132 5203 2324 5286 Vocul'is
2370 5223 2729 5295 conspicitur,
2788 5218 2883 5275 sed
2928 5216 3044 5272 hac
3085 5212 3307 5282 quidem
3357 5203 3585 5295 rationis

1993 5338 2219 5395 compos
2259 5331 2365 5385 est,
2399 5328 2446 5374 et
2496 5292 2897 5375 intellectualis,
2939 5316 2996 5364 et
3027 5307 3349 5373 incorporea
3392 5312 3407 5361 ;
3447 5292 3584 5349 illud

1994 5432 2262 5482 crassum,
2287 5411 2519 5478 visibile,
2554 5405 2812 5477 tangibile
2838 5421 2855 5471 ;
2886 5418 2994 5458 non
3029 5397 3194 5455 unius
3211 5406 3346 5449 vero
3375 5396 3587 5443 natura:

1962 5519 2119 5564 sunt
2169 5521 2290 5577 quae
2330 5513 2521 5559 contra
2565 5514 2686 5556 sese
2732 5495 2965 5552 invicem
3014 5492 3424 5577 opponuntur:
3473 5491 3588 5577 non

1994 5600 2158 5656 unius
2187 5566 2344 5666 ἐι-8ο
2389 5590 2641 5649 essentize
2668 5603 2893 5657 corpus,
2948 5593 3002 5639 et
3045 5579 3254 5634 anima.
3312 5571 3442 5627 item
3528 5566 3589 5621 Si

1992 5706 2224 5763 quorum
2273 5684 2614 5743 definitiones
2661 5681 2891 5736 diversae
2947 5682 3097 5737 sunt,
3155 5681 3347 5763 eorum
3424 5670 3592 5763 etiam

1996 5751 2204 5839 natura:
2242 5781 2488 5842 diversze,
2531 5775 2745 5831 diversa
2780 5786 2910 5827 vero
2940 5776 3026 5824 est
3061 5758 3318 5831 corporis
3354 5757 3493 5809 ratio
3522 5751 3596 5805 ab

1995 5892 2078 5940 ea,
2130 5888 2252 5943 quae
2296 5870 2491 5926 animae
2528 5875 2632 5932 cst,
2679 5862 2894 5921 diversa
2938 5858 3109 5933 igitur
3152 5849 3260 5909 erit
3308 5855 3360 5903 ct
3402 5849 3602 5905 natura
