3994 6644
448 374 562 445 ωδ
1336 392 1341 397 ’
1716 366 1842 425 NIC
1854 364 2009 423 ET/E
2048 364 2450 424 BYZANTINI
3606 359 3715 426 636

448 487 644 542 animm
675 498 703 537 a
736 488 929 537 natura
957 481 1222 552 corporis.
1256 478 1383 536 Haac
1410 489 1591 535 autem
1632 486 2026 533 conservantur

2147 477 2230 544 ςῆς
2252 474 2346 528 τοῦ
2375 475 2625 547 σώματος
2664 475 2900 545 φύσεως.
2929 474 3116 528 Ταῦτα
3154 474 3211 528 δὲ
3242 472 3502 541 σώζονται
3532 474 3591 526 ὲν
3635 474 3713 545 τῷ

446 582 503 633 ln
556 574 819 646 singulari
870 574 1092 629 homine
1147 571 1609 629 immutabiliter:
1658 570 1794 625 duas
1857 567 2025 638 igitur

2147 565 2444 620 ιαθέκαστα
2464 565 2736 637 ἀνθρώπῳ
2771 565 3165 637 ἀμεταϐλήτως
3190 582 3201 594 ·
3235 565 3327 620 δύο
3354 565 3461 638 γὰρ
3485 567 3595 636 ἄρα
3613 566 3715 636 φύ-

448 675 676 723 naturas
703 667 863 722 homo
885 665 1174 736 singularis
1194 668 1391 720 habere
1407 664 1636 719 dicetur.
1662 662 1852 716 Servat
1879 660 2024 714 enim

2147 674 2243 721 τεις
2268 658 2412 728 ἔχειν
2445 660 2471 712 6
2496 658 2813 713 καθέκαστα
2840 657 3125 730 ἄνθρωπος
3152 658 3497 729 λεχθήσεται.
3541 657 3714 723 Σώζει

450 768 743 827 utrumque
772 765 825 810 et
859 766 980 825 post
1013 755 1269 810 unionem
1303 753 1606 808 naturalem
1638 750 2025 821 proprietatem

2147 750 2236 819 rip
2257 750 2515 821 ἑκάτερον
2549 750 2644 805 καὶ
2669 751 2812 820 μετὰ
2835 751 2932 820 τὴν
2969 750 3164 805 ἕνωσιν
3187 752 3285 822 τὴν
3318 752 3553 822 φυσικὴν
3590 751 3715 806 ίδιό·

450 866 663 915 corum,
699 864 762 904 ex
806 850 1005 919 quibus
1044 857 1096 901 et
1142 846 1194 900 in
1237 845 1437 916 quibus
1476 844 1613 899 ratio
1666 842 2029 911 conspicitur.

2147 859 2285 914 τητα,
2331 842 2389 910 ἐξ
2420 836 2495 897 ὧν
2554 843 2648 897 xci.
2698 844 2755 896 ὲν
2788 839 2870 906 οἷς
2912 845 2939 897 6
2982 842 3137 912 λόγος
3187 840 3494 913 θεωρεῖται.
3554 844 3611 898 '0
3659 844 3718 897 δὲ

448 940 520 995 At
550 940 711 993 homo
746 940 796 991 iu
829 951 1044 1005 genere,
1072 936 1396 990 universalis
1421 950 1631 1004 nempe,
1655 944 1779 989 eum
1810 933 1930 1003 quis
1960 931 2027 986 ad

2147 932 2194 1005 ἰὴ
2213 934 2450 1003 γενικὸς,
2474 935 2643 1007 ἤγουν
2666 935 2895 989 καθόλου
2928 936 3024 991 ἄνθ
3035 953 3235 1007 ρωπος,
3270 937 3399 990 ὅταν
3431 954 3514 1000 τις
3540 938 3621 1000 είς
3648 938 3719 990 τά

449 1045 534 1095 ea,
566 1046 629 1085 ex
655 1030 855 1103 quibus
890 1030 1256 1098 componitur,
1288 1029 1529 1082 animum
1561 1016 1873 1091 adverterit,
1908 1025 2029 1079 ani-

2147 1025 2191 1091 ιξ
2213 1018 2287 1079 ὧν
2310 1028 2569 1100 συνετέθη
2592 1029 2873 1101 ἀποκοπῇ,
2910 1028 3055 1101 φημὶ
3092 1028 3156 1100 δὴ
3190 1028 3372 1100 ψυχήν
3392 1047 3452 1082 τε
3484 1031 3578 1083 καὶ
3610 1030 3720 1083 σῶ-

449 1139 616 1187 mam,
658 1124 901 1194 inquam,
940 1132 995 1177 et
1025 1138 1258 1193 corpus,
1291 1130 1346 1177 et
1376 1122 1491 1190 ipsa
1523 1121 1772 1192 generica
1815 1129 1867 1174 et
1905 1117 2032 1174 uni-

2147 1138 2230 1185 ια,
2262 1120 2358 1175 καὶ
2392 1121 2563 1176 ταῦτα
2618 1122 2813 1191 γενικά
2845 1122 2975 1177 ὄντα
3026 1123 3121 1177 καλ⁸
3167 1124 3422 1188 καθόλου,
3452 1124 3538 1178 ὅτι
3582 1124 3721 1195 μηδὲ

447 1214 681 1269 versalia
718 1228 928 1283 :ncque
947 1214 1089 1268 enim
1119 1214 1232 1269 lieri
1270 1222 1468 1283 potest,
1500 1227 1565 1267 ex
1597 1212 1808 1266 duobus
1836 1210 2031 1264 indivi-

2147 1214 2350 1267 ῑυνατὸν
2378 1215 2443 1269 ὲκ
2466 1214 2558 1269 δύο
2583 1214 2805 1285 ἀτόμων
2838 1216 2932 1270 καὶ
2969 1217 3211 1289 μερικῶν
3239 1218 3457 1283 γενικόν
3492 1235 3545 1271 τι
3576 1218 3719 1272 ἀπο-

449 1306 594 1370 duis,
636 1314 691 1360 et
731 1306 1154 1376 particularibus
1195 1305 1502 1360 universale
1534 1303 1753 1374 aliquod
1790 1318 2028 1371 unquam

2147 1306 2398 1364 :e).ei30a£
2431 1326 2580 1375 ποτε,
2610 1308 2704 1363 δύο
2745 1309 2936 1377 φύσεις
2969 1309 3112 1381 ἔχειν
3141 1310 3230 1363 τὸν
3256 1308 3484 1364 καθόλου
3506 1309 3721 1378 ἄνθρω-

450 1398 593 1465 gigni
614 1415 627 1451 :
649 1398 998 1452 duashabere
1017 1408 1236 1451 naturas
1266 1396 1538 1448 hominem
1563 1394 1920 1447 universalem
1945 1393 2031 1446 di-

450 1497 554 1550 Cet,
576 1505 698 1542 cum
721 1498 905 1558 postea
938 1490 990 1542 in
1024 1493 1195 1559 ipsam
1225 1489 1588 1556 integritatem
1624 1501 1689 1541 ex
1713 1486 1923 1539 duabus
1946 1501 2033 1539 es-

449 1582 707 1637 sentiisin
730 1583 1016 1637 universali
1038 1583 1277 1635 animum
1313 1581 1624 1644 intenderit,
1660 1594 1825 1631 unum
1853 1577 2032 1647 quod-

450 1673 574 1726 dant
606 1674 919 1743 genericum
959 1674 1230 1728 hominem
1276 1673 1388 1727 ﬁeri
1431 1671 1855 1740 contmnplatus,
1886 1669 2030 1739 quod

450 1766 621 1820 multa
674 1766 751 1820 illi
798 1766 1013 1821 subsint
1058 1765 1359 1829 individua,
1407 1765 1459 1818 in
1516 1764 1687 1817 nihilo
1727 1762 2028 1817 secundum

2132 1415 2232 1452 πον
2264 1400 2505 1468 φήσειεν.
2554 1401 2722 1454 ’Ὅταν
2757 1401 2814 1453 δὲ
2854 1402 2934 1464 είς
2983 1401 3155 1472 αὐτὴν
3186 1402 3286 1471 τὴν
3320 1402 3573 1473 όλότητα,
3620 1403 3722 1469 τὴν

2134 1490 2197 1541 ὲκ
2228 1490 2320 1543 δύο
2363 1490 2563 1545 οὐσιῶν
2605 1491 2838 1545 καθόλου
2881 1491 3462 1562 παραλαμϐανόμενον,
3514 1494 3595 1556 εἰς
3621 1492 3723 1562 τὴν

2133 1579 2323 1634 τούτου
2387 1582 2785 1653 συμπλήρωσιν
2837 1582 2895 1635 ἓν
2930 1601 2981 1636 τι
3029 1582 3246 1651 γενικὸν
3285 1582 3725 1650 ἀποτελούμενον

2133 1673 2225 1725 τὸν
2282 1672 2566 1744 ἄνθρωπον
2617 1674 2924 1744 ἀναθεωρῇ,
2979 1675 3069 1728 διά
3115 1675 3177 1728 τὸ
3239 1674 3408 1728 πολλά
3454 1672 3596 1727 εἶναι
3629 1674 3725 1727 ὑπ’

2135 1765 2299 1819 αὑτοῦ
2357 1765 2557 1836 ἄτομα,
2603 1767 2702 1839 τὴν
2755 1768 3169 1838 ἁπαραλλαξίαν
3236 1767 3379 1822 κατὰ
3428 1768 3510 1827 ,τὸ
3581 1764 3726 1831 εἶδος

450 1859 685 1926 speciem
719 1858 1048 1925 dilfercntia,
1073 1869 1126 1914 et
1148 1875 1301 1928 teque
1343 1859 1606 1912 rationem
1635 1857 1779 1910 illius
1810 1855 2032 1924 partici-

2147 1857 2350 1928 ἔχοντα,
2373 1824 2472 1913 καί
2492 1824 2584 1914 τὸν
2613 1824 2778 1914 αύτοῦ
2809 1824 2968 1930 λόγον
3005 1824 3201 1931 ἐπίσης
3226 1861 3550 1929 μετέχοντα,
3576 1824 3726 1915 eixé:

450 1950 655 2020 pantia,
682 1951 848 2019 probe
869 1952 1162 2007 essentiam
1208 1960 1261 2005 et
1290 1961 1538 2005 naturam
1562 1965 1725 2003 unam
1748 1949 2030 2003 hominem

452 2047 814 2102 universalem
838 2046 1118 2113 fatebitur,
1143 2027 1336 2102 etcum
1364 2047 1415 2101 in
1437 2045 1664 2100 alterius
1684 2044 2037 2115 compositio-

452 2152 576 2189 nem
616 2137 939 2201 assumitur,
974 2137 1137 2192 veluti
1173 2153 1366 2200 unum,
1400 2145 1453 2190 ct
1485 2151 1648 2190 unam
1688 2145 1961 2198 naturam,
1984 2142 2039 2188 et

450 2230 745 2284 essentiam
782 2230 1031 2300 accipiet.
1076 2229 1247 2300 Igitur
1268 2231 1635 2299 sempiternus
1690 2228 1881 2292 Filius,
1933 2226 2035 2281 Do-

454 2319 637 2375 minus
671 2330 727 2375 et
755 2320 899 2376 Deus
926 2327 1113 2376 noster
1133 2320 1302 2376 homo
1327 2321 1526 2387 factus,
1552 2321 1733 2375 nonin
1758 2320 2038 2374 individuo

452 2409 729 2466 hominem
760 2412 1127 2482 assumpsisse
1159 2412 1379 2473 dicitur,
1416 2428 1484 2467 ne
1513 2411 1828 2466 Nestoriaua
1862 2410 2038 2464 rabies

453 2501 691 2569 irrepat,
726 2503 820 2558 sed
863 2502 1247 2567 universalem,
1281 2519 1443 2573 quem
1502 2502 1719 2574 propria
1761 2501 2037 2575 bypostasi

453 2592 845 2660 individuavil;
872 2603 1151 2649 ostensum
1188 2602 1370 2648 autem
1404 2603 1485 2649 est
1520 2596 1663 2648 hunc
1701 2597 1864 2648 unius
1919 2609 2041 2648 esse

455 2693 685 2747 naturae.
708 2685 753 2740 si
777 2689 843 2740 ad
869 2688 1233 2758 integritatem
1266 2689 1667 2743 consideretur.
1694 2688 2038 2742 Manifestum

454 2775 643 2844 itaque
664 2787 749 2831 est
796 2776 1073 2833 Christum
1114 2794 1179 2833 ex
1220 2779 1435 2835 duabus
1476 2780 1706 2846 naturis,
1737 2794 1788 2835 et
1821 2781 1873 2833 in
1902 2780 2041 2835 dua-

457 2865 561 2920 bus
595 2868 826 2935 naturis,
864 2880 918 2923 et
954 2870 1090 2925 duas
1126 2884 1353 2927 naturas
1387 2873 1586 2927 habere
1617 2888 1712 2942 per
1745 2889 1843 2927 nos
1879 2871 2043 2927 meri-

458 2964 515 3012 to
539 2958 771 3029 iureque
822 2961 1129 3031 praadicari,
1165 2980 1342 3033 neque
1381 2965 1645 3033 ineptum,
1669 2973 1763 3018 aut
1791 2963 2043 3033 blasphe-

456 3066 608 3106 mum
645 3054 930 3124 consequi,
962 3055 1088 3109 licet
1118 3055 1396 3111 hominem
1430 3058 1565 3110 duas
1594 3055 1793 3110 habere
1817 3068 2041 3111 naturas

2136 1970 2244 2015 τως
2270 1952 2458 2007 οὐσίαν
2493 1954 2588 2009 καὶ
2634 1954 2800 2023 φύσιν
2848 1954 2981 2024 μίαν
3038 1953 3133 2007 τὸν
3175 1953 3405 2007 καθόλου
3436 1954 3732 2024 ἄνθρωπον

2136 2045 2510 2123 ὁμολογήσειε.
2543 2048 2654 2099 Καὶ
2694 2046 2854 2116 ἡνίκα
2902 2047 2969 2100 ἂν
3004 2046 3084 2109 είς
3122 2046 3283 2100 ἄλλου
3336 2046 3587 2100 σύνθεσιν
3622 2064 3727 2098 πα-

2140 2128 2580 2208 ραλαμόἀνηται,
2614 2139 2689 2200 ὡς
2720 2140 2778 2191 ἓν
2822 2157 2897 2203 τι,
2929 2138 3025 2193 καὶ
3064 2139 3162 2209 μία
3194 2139 3354 2207 φύσις
3375 2180 3391 2201 ,
3441 2140 3536 2191 καὶ
3567 2139 3729 2192 οὐσία

2138 2231 2651 2303 παραληφθήσεται.
2685 2231 2894 2285 Οὐκοῦν
2917 2235 2945 2285 6
2968 2232 3136 2295 ἀΐδιος
3162 2232 3314 2298 Υἱὸς,
3333 2235 3361 2285 6
3390 2232 3594 2304 Κύριος
3620 2235 3730 2294 ,καὶ

2139 2323 2270 2384 Θεὸς
2306 2323 2487 2393 ἡμῶν,
2543 2323 2832 2394 ἄνθρωπος
2862 2321 3124 2392 γεγονὼς,
3155 2325 3217 2377 οὐ
3270 2324 3362 2376 τὸν
3410 2325 3729 2377 καθέκαστα

2140 2412 2425 2491 ἄνθρωπον
2452 2414 2800 2481 ἀνειληφέναι
2846 2413 3083 2482 λέγεται,
3108 2413 3193 2466 ἵνα
3220 2414 3296 2484 μὴ
3325 2415 3356 2483 ἡ
3388 2413 3730 2483 Νεστοριανὴ

2140 2506 2307 2559 λύττα
2341 2507 2735 2577 συνεισφρήσῃ,
2768 2504 2883 2557 ἀλλ’
2917 2505 2949 2576 ἣ
2980 2505 3073 2557 τὸν
3104 2505 3353 2569 καθόλου,
3384 2506 3441 2558 ὃν
3472 2507 3567 2559 καί
3597 2505 3729 2575 ἠτό-

2134 2614 2323 2667 ρμωσεν
2364 2597 2421 2649 ὲν
2455 2599 2520 2667 τῇ
2553 2596 2660 2667 ίδία
2685 2596 3003 2650 ὑποστάσει.
3030 2595 3307 2649 Δέδεικται
3333 2596 3389 2648 δὲ
3417 2589 3575 2658 οὗτος
3599 2596 3731 2664 μιᾶς

2141 2684 2280 2741 εἶναι
2314 2686 2527 2756 φύσεως
2563 2685 2697 2757 πρὸς
2727 2684 2826 2756 τὴν
2864 2684 3091 2755 ὁλότητα
3123 2684 3516 2753 σκοπούμενος.
3555 2687 3728 2738 Φανε-

2145 2779 2236 2850 ρὸν
2272 2779 2379 2850 ἄρα
2405 2780 2488 2833 ὅτι
2511 2779 2537 2830 6
2570 2777 2803 2848 Χριστὸς
2837 2778 2900 2830 ὲκ
2924 2776 3017 2830 δύο
3042 2776 3276 2845 φύσεων,
3302 2778 3396 2831 καὶ
3419 2779 3476 2829 ὲν
3499 2778 3593 2831 δύο
3628 2779 3731 2847 φύψ

2145 2891 2285 2937 σεσι,
2319 2873 2413 2926 καὶ
2458 2870 2550 2924 δύο
2591 2869 2782 2940 φύσεις
2810 2869 2954 2940 ἔχειν
3000 2870 3129 2941 παρ’
3164 2870 3322 2940 ¹ἡμῶν
3350 2870 3730 2941 δοξαζόμενος,

2142 2963 2365 3026 δικαίως
2398 2960 2756 3029 κηρύττεται.
2809 2960 2919 3013 Kal.
2948 2959 3101 3012 οὐδὲν
3148 2960 3346 3015 ἄτοπον
3399 2960 3430 3030 ἢ
3482 2961 3730 3032 βλάσφη-

2154 3075 2253 3127 μον
2282 3057 2609 3127 ἀπαντήσει,
2642 3054 2748 3107 κᾶν
2777 3054 2866 3107 τὸν
2897 3052 3182 3125 ἄνθρωπον
3215 3053 3310 3106 δύο
3342 3053 3533 3121 φύσεις
3579 3055 3727 3124 ἔχειν

456 3144 752 3219 dicamus;
789 3162 913 3200 cum
954 3150 1159 3213 omnia,
1191 3164 1312 3216 qua:
1343 3158 1747 3216 componuntur
1769 3163 1837 3202 ex
1868 3148 2042 3202 conti-

2147 3150 2412 3221 λέγωμεν,
2468 3148 2657 3219 ἐπειδὴ
2721 3147 2900 3201 πάντα
2949 3146 3017 3200 τὰ
3066 3146 3450 3215 συντεθειμένα
3502 3149 3567 3200 ὲκ
3618 3148 3728 3201 τῶν

452 3238 579 3307 guis
620 3241 1075 3309 componentibus
1109 3242 1363 3310 componi
1416 3242 1691 3305 dicantur,
1733 3250 1786 3295 et
1822 3256 1929 3294 non
1975 3256 2040 3295 ex

459 3330 547 3390 lis,
574 3345 641 3383 ex
684 3332 884 3400 quibus
931 3334 1316 3401 componentia
1357 3331 1591 3386 conﬂata
1634 3342 1784 3386 sunt.
1817 3331 2041 3386 Frustra

452 3420 648 3489 igitur,
704 3422 833 3475 dum
892 3424 993 3492 ipsi
1055 3423 1335 3478 Christum
1379 3424 1514 3478 duas
1563 3424 1762 3479 habere
1820 3435 2043 3478 naturas

458 3522 511 3567 et
559 3512 832 3567 hominem
871 3516 1124 3569 similiter
1171 3518 1308 3572 duas
1349 3516 1601 3583 dicimus,
1647 3527 1757 3570 tres
1803 3530 1831 3569 a
1890 3516 2045 3571 vobis

456 3605 812 3675 colliguntur.
1777 3669 1785 3677 O

534 3697 620 3753 16.
660 3696 775 3752 lmo
801 3699 924 3753 licet
956 3700 1117 3755 homo
1150 3716 1216 3754 ex
1256 3700 1472 3756 duabus
1508 3700 1740 3765 naturis,
1771 3707 1826 3756 et
1856 3700 2042 3755 diver-

462 3790 559 3857 sis,
596 3800 651 3847 et
677 3793 958 3847 incool‘use
986 3794 1175 3857 unitis,
1206 3794 1367 3850 unius
1392 3802 1601 3849 natura:
1619 3794 1732 3859 fiat,
1758 3794 1900 3849 haud
1927 3794 2040 3848 fieri

466 3894 659 3953 petest,
688 3897 745 3939 ut
768 3887 882 3956 ipse
910 3887 1160 3943 Clnistus
1186 3889 1352 3943 unius
1380 3896 1587 3942 naturae
1626 3888 1720 3954 sit,
1744 3885 2042 3943 dummodo

459 3979 581 4048 ipse
608 3994 674 4034 ex
700 3981 934 4036 diversis
965 3982 1195 4045 naturis,
1243 3981 1449 4037 deitate
1476 3997 1677 4052 nempe
1712 3990 1767 4035 et
1796 3980 2049 4035 humaui-

463 4078 594 4137 tate,
621 4083 1012 4140 componatur:
1045 4074 1207 4144 idque
1235 4089 1301 4129 ex
1327 4074 1419 4127 hi-
1439 4074 1600 4129 fuerit
1618 4073 2046 4144 apertissimum.

465 4164 515 4224 1.
580 4165 856 4237 Quidquid
903 4182 968 4221 ex
1019 4168 1249 4222 diversis
1286 4167 1498 4228 naturis
1539 4166 1827 4231 conﬂatur,
1888 4166 2051 4221 unius

464 4270 674 4316 natum
719 4262 986 4327 cllicitur,
1036 4279 1160 4318 cum
1213 4262 1576 4332 compositum
1620 4263 2047 4332 compositorum

465 4370 642 4424 neque
671 4355 915 4420 nomina,
955 4371 1134 4425 neque
1173 4358 1417 4411 rationes
1445 4355 1706 4410 admittit.
1738 4354 2048 4425 Verbigra-

463 4448 563 4512 tia,
604 4448 769 4503 homo
816 4464 922 4502 una
965 4456 1157 4502 natura
1190 4447 1419 4503 eﬂicitur
1451 4447 1778 4517 composita,
1823 4449 2046 4518 quando

2147 3241 2430 3312 «9035161;
2461 3240 2602 3311 αύτά
2632 3239 2933 3293 συνθέντων
2991 3237 3311 3303 συγκεῖσθαι
3346 3239 3615 3307 λέγονται,
3636 3242 3728 3293 καὶ

2144 3336 2246 3388 οὐκ
2269 3332 2329 3397 ἐξ
2357 3325 2430 3386 ὧν
2461 3333 2643 3385 ἐκεῖνα
2675 3331 3037 3386 συντέθειται.
3069 3333 3262 3400 Μάτην
3293 3332 3424 3401 ἄρα,
3462 3332 3731 3399 λεγόντων

2146 3426 2302 3497 ἡμῶν
2338 3426 2429 3478 τὸν
2469 3424 2705 3493 Χριστὸν
2737 3422 2831 3475 δύο
2855 3423 3046 3492 φύσεις
3080 3422 3244 3490 ἔχειν,
3278 3424 3373 3476 καὶ
3399 3422 3489 3475 τὸν
3518 3422 3730 3492 ἄνθρω-

2143 3539 2245 3576 πον
2273 3521 2473 3591 ὁμοίως
2520 3520 2632 3585 δύο,
2666 3519 2726 3573 τὸ
2748 3520 2895 3590 τρεῖς
2924 3518 3044 3571 καθ’
3081 3517 3240 3588 ἡμῶν
3272 3518 3587 3586 συνάγεται.

2212 3701 2311 3767 ις’.
2342 3701 2619 3769 Μενοῦνγε
2673 3699 2775 3755 κᾶν
2832 3701 2860 3754 6
2916 3699 3203 3769 ἄνθρωπος
3247 3699 3339 3753 δύο
3380 3699 3599 3769 φύσεων
3636 3701 3731 3755 καὶ

2142 3797 2415 3867 διαφόρων
2466 3795 2565 3848 καὶ
2609 3793 2936 3865 ἀσυγχύτως
2990 3791 3286 3865 ἠνωμένων
3339 3795 3468 3862 μιᾶς
3514 3794 3735 3863 φύσεως

2143 3892 2499 3961 ἁποτελῆται,
2531 3889 2632 3944 οὐκ
2666 3889 2905 3960 ἐγχωρεῖ
2926 3888 3016 3941 τὸν
3065 3887 3303 3957 Χριστὸν
3332 3889 3471 3957 μιᾶς
3512 3887 3735 3957 φύσεως

2149 3983 2555 4051 ἀποτελεῖσθαι,
2609 3983 2780 4037 εἶκαὶ
2831 3981 2997 4043 αὐτὸς
3030 3980 3096 4034 ἐκ
3154 3980 3431 4051 διαφόρων
3490 3980 3731 4049 φύσεων,

2144 4074 2403 4145 Δθεότητός
2419 4092 2501 4138 τε,
2526 4074 2692 4145 φημὶ,
2736 4073 2826 4127 καὶ
2850 4071 3287 4145 ἀνθρωπότητος,
3316 4071 3646 4138 συντίθεται,
3671 4074 3735 4125 ὲκ

2149 4168 2318 4223 τῶνδε
2344 4168 2521 4238 δῆλον.
2561 4173 2632 4221 α’.
2660 4168 2776 4220 Πᾶν
2799 4166 2860 4220 τὸ
2885 4167 2948 4219 ὲκ
2977 4165 3253 4236 διαφόρων
3279 4166 3494 4233 φύσεων
3519 4165 3736 4231 συγκεί-

2153 4280 2314 4334 μενον
2346 4263 2477 4334 μιᾶς
2516 4260 2733 4330 φύσεως
2771 4257 3139 4323 ἀποτελεῖται,
3174 4258 3338 4326 ἡνίκα
3387 4258 3448 4310 τὸ
3480 4256 3736 4311 συντεθὲν

2147 4356 2257 4410 τῶν
2285 4353 2733 4425 συντεθειμένων,
2789 4351 2917 4405 οὔτε
2957 4351 3057 4417 τὰς
3090 4351 3409 4418 ὀνομασίας,
3464 4349 3592 4403 οὔτε
3629 4350 3742 4420 μὴν

2144 4450 2269 4512 τοὺς
2297 4448 2489 4515 λόγους
2522 4444 2726 4500 τούτων
2762 4445 3092 4515 ἐπιδέχεται,
3123 4437 3234 4497 οἷόν
3267 4461 3429 4513 φημι,
3462 4443 3491 4495 6
3520 4441 3737 4513 ἄνθρω-

424 4540 700 4610 -ςππιίυω
742 4541 964 4596 nomina
1007 4541 1223 4610 proprie
1254 4549 1308 4595 et
1351 4540 1590 4596 rationes
1614 4556 1720 4595 non
1769 4542 2043 4612 suscipit;

2153 4560 2251 4604 πος
2288 4542 2394 4612 μία
2420 4539 2582 4610 φύσις
2610 4538 2957 4593 ἀποτελεῖται
2986 4537 3262 4602 σύνθετος,
3296 4536 3486 4607 ἐπειδὴ
3514 4536 3627 4589 τῶν
3648 4554 3741 4606 με-

464 4633 800 4701 nequeenim
818 4632 1074 4697 dicimus,
1091 4633 1255 4689 homo
1268 4635 1485 4703 praprie
1502 4634 1680 4689 anima
1699 4634 1919 4699 dicitur,
1934 4635 2048 4690 sive

428 4768 429 4771 η
465 4739 685 4793 corpus,
719 4739 897 4794 neque
929 4726 1172 4781 rationes
1198 4740 1388 4781 eorum
1421 4727 1672 4796 suscipit,
1692 4727 2049 4783 licetdicatur

424 4842 429 4845 <
465 4819 706 4873 animam
734 4830 786 4874 et
811 4834 1008 4889 corpus
1050 4819 1268 4876 habere.
1302 4820 1369 4876 At
1402 4822 1655 4877 Christus
1692 4820 1834 4876 Deus
1869 4830 2049 4875 noster

458 4925 529 4966 ex
558 4911 757 4967 deitate
787 4921 860 4965 ,ει
887 4912 1221 4967 humanitate
1248 4914 1609 4983 compositus,
1661 4924 1715 4967 et
1746 4914 1967 4967 nomina
1998 4921 2052 4968 et

463 5006 710 5061 rationes
736 5006 972 5075 partium
1003 5005 1240 5060 admittit
1275 5023 1290 5072 ;
1321 5020 1557 5075 namque
1587 5005 1703 5075 ipse
1738 5014 1823 5059 est
1849 5013 2049 5059 natura

469 5098 610 5153 Deus
630 5109 684 5153 et
708 5098 893 5161 homo,
928 5098 1167 5153 rationes
1216 5114 1405 5155 eorum
1427 5097 1766 5168 suscipiens;
1800 5098 1914 5151 ﬁeri
1946 5097 2051 5151 ita-

465 5208 573 5261 que
598 5192 805 5261 nequit,
832 5200 893 5246 ut
920 5192 1034 5261 ipse
1060 5192 1225 5247 unius
1257 5203 1466 5245 natura:
1489 5190 1780 5246 elliciatur.
1812 5190 1866 5244 2.
1894 5187 2050 5255 Item,

463 5286 510 5342 Ο
536 5302 638 5341 nne
683 5286 828 5357 quod
876 5302 940 5339 ex
976 5286 1211 5340 diversis
1254 5285 1468 5339 naturis
1505 5283 1851 5354 componitur
1890 5283 2051 5339 unius

467 5388 681 5434 natura:
725 5380 1002 5441 eﬂectum,
1043 5379 1191 5433 aliud
1228 5391 1315 5434 est
1352 5378 1421 5433 ab
1457 5378 1545 5443 iis,
1576 5394 1640 5432 ex
1674 5377 1873 5447 quibus
1902 5392 2051 5432 com-

468 5476 712 5545 ponitur.
746 5475 811 5529 At
843 5474 1092 5530 Christus
1123 5474 1312 5529 eadem
1341 5482 1425 5528 est
1449 5512 1463 5534 ,
1504 5487 1570 5525 ex
1599 5471 1798 5541 quibus
1827 5484 2053 5540 compo-

474 5570 653 5634 nitur;
674 5568 817 5624 Deus
848 5569 995 5623 enim
1024 5568 1137 5637 ipse
1160 5576 1264 5631 est,
1292 5576 1346 5622 et
1378 5568 1573 5632 homo;
1605 5564 1861 5619 Christus
1887 5564 2053 5635 igitur

473 5676 581 5716 non
614 5674 696 5716 est
725 5663 889 5718 unius
911 5671 1122 5716 natura:
1146 5669 1267 5731 post
1293 5660 1572 5718 unionem.
1595 5661 1648 5713 5.
1668 5657 2056 5728 Cujuscunque

469 5751 616 5821 quod
646 5750 810 5807 unius
833 5762 1042 5807 natura:
1070 5757 1192 5821 post
1215 5750 1490 5815 unionem,
1519 5748 1634 5804 sive
1654 5763 1749 5818 per
1776 5748 2053 5803 confusio-

476 5856 626 5911 nem,
656 5842 774 5900 sive
797 5859 894 5913 per
924 5843 1185 5899 unionem
1222 5840 1569 5899 inconfusam
1598 5839 1849 5907 eiﬁcitur,
1889 5840 2054 5897 simul

2154 4633 2262 4703 ρῶν
2300 4633 2399 4695 τὰς
2445 4632 2744 4701 ὀνομασίας
2796 4629 3002 4699 κυρίως
3043 4628 3138 4681 καὶ
3205 4628 3334 4691 τοὺς
3387 4627 3584 4695 λόγους
3638 4628 3739 4681 οὐκ

2151 4727 2478 4797 ἐπιδέχεται.
2530 4726 2666 4781 Οὐδὲ
2705 4726 2815 4796 γὰρ
2868 4723 3016 4777 ἔστιν
3044 4724 3243 4785 εἰπεῖν,
3276 4722 3359 4774 ὅτι
3388 4724 3415 4775 6
3446 4722 3741 4795 ἄνθρωπος

2151 4819 2355 4890 κυρίως
2377 4818 2523 4889 ψυχή
2553 4836 2612 4871 τε
2642 4817 2879 4885 λέγεται,
2910 4816 2943 4885 ἢ
2978 4814 3162 4884 σῶμα,
3186 4811 3311 4866 οὔτε
3361 4812 3468 4883 μὴν
3496 4813 3629 4874 τοὺς
3653 4807 3761 4878 λόοξ

2150 4930 2282 4982 γους
2301 4912 2479 4967 αὐτῶν
2502 4911 2833 4981 ἐπιδέχεται,
2852 4909 2955 4963 κᾶν
2988 4908 3212 4978 λέγηται
3235 4906 3415 4977 ψυχὴν
3448 4906 3545 4960 καὶ
3576 4905 3737 4976 σῶμα

2150 5004 2315 5075 ἐχειν.
2353 5004 2411 5057 '0
2437 5004 2494 5056 δὲ
2531 5003 2596 5075 δὴ
2626 5001 2859 5073 Χριστὸς
2882 5003 2910 5053 6
2943 4998 3077 5062 Θεὸς
3108 4997 3264 5069 ἡμῶν
3295 4997 3738 5067 συντεθειμένος,

2152 5098 2216 5151 ἐκ
2243 5096 2518 5166 θεότητος,
2544 5096 2709 5166 φημὶ,
2735 5094 2830 5147 καὶ
2854 5091 2954 5147 ἀνθ
2965 5092 3294 5162 ρωπότητος,
3314 5089 3523 5153 καὶτὰς
3539 5089 3742 5158 ὀνομα-

2154 5191 2277 5255 σίας
2303 5191 2400 5244 καὶ
2426 5189 2554 5252 τοὺς
2598 5188 2793 5257 λόγους
2822 5185 2931 5238 τῶν
2972 5182 3156 5254 μερῶν
3175 5182 3523 5251 ἐπιδέχεται.
3561 5180 3623 5235 '0
3650 5179 3742 5233 αύ-

2151 5284 2244 5347 τδς
2263 5285 2373 5355 γάρ
2396 5284 2511 5336 ἐστι
2544 5282 2676 5346 Θεὸς
2697 5281 2793 5335 καὶ
2825 5277 3112 5349 ἄνθρωπος
3158 5275 3340 5344 φύσει,
3368 5274 3499 5336 τοὺς
3530 5272 3735 5339 λόγους

2153 5377 2334 5433 αὐτῶν
2364 5373 2768 5443 ἐπιδεχόμενος.
2802 5370 2916 5424 Οὐκ
2950 5368 3057 5438 ἄρα
3094 5368 3223 5436 μιᾶς
3250 5364 3466 5435 φύσεως
3517 5363 3730 5433 ἐνδέχεη

2153 5484 2249 5523 ται
2275 5467 2437 5522 αὐτὸν
2467 5462 2869 5520 ἀποτελεῖσθαι.
2929 5460 3039 5513 Καὶ
3082 5458 3278 5521 ἄλλως.
3316 5455 3383 5528 β’.
3417 5457 3533 5509 Πᾶν
3561 5455 3626 5508 τὸ
3674 5457 3738 5507 ὲκ

2154 5560 2426 5632 διαφόρων
2450 5557 2668 5625 φύσεων
2701 5552 2953 5608 σύνθετον
2997 5549 3434 5618 ἀποτελούμενον
3462 5549 3603 5617 μιᾶς
3635 5546 3739 5614 φύ-

2160 5672 2317 5718 σεως,
2349 5652 2534 5722 ἕτερόν
2565 5667 2615 5703 τι
2640 5648 2789 5717 παρὰ
2820 5646 2888 5700 τά
2918 5644 2976 5709 ἐξ
3001 5637 3076 5697 ὧν
3106 5642 3388 5711 συνετέθη.
3433 5641 3491 5693 '0
3518 5640 3576 5693 δὲ
3607 5640 3741 5709 Χρε-

2160 5748 2282 5810 στὸς
2320 5747 2387 5800 τὰ
2439 5742 2579 5797 αὐτὰ
2608 5741 2839 5810 γίνεται,
2895 5737 2953 5802 ἐξ
2982 5731 3058 5789 ὢν
3115 5733 3398 5803 συνετέθη.
3441 5731 3576 5794 Θεὸς
3630 5732 3740 5801 γάρ

2159 5842 2306 5893 ἐστιν
2332 5839 2361 5891 ὁ
2384 5835 2545 5899 αὐτὸς
2585 5834 2679 5889 καὶ
2707 5830 3013 5902 ἄνθρωπος.
3052 5828 3109 5881 '0
3132 5826 3367 5896 Χριστὸς
3390 5824 3498 5903 ἄρα
3523 5825 3583 5877 ού
3612 5825 3743 5896 μιᾶς
