3994 6594
376 385 500 449 '63?
1242 373 2082 443 REFUTATIOEPISTOL/E
2120 374 2363 437 REGIS
2388 375 2778 438 ARMENIE.
3523 378 3635 447 638

371 498 509 552 {ait
538 493 754 565 φύσεως
790 493 928 565 μετά
974 492 1074 563 τὴν
1124 492 1337 549 ἕνωσιν.
1395 498 1463 559 γ’.
1492 492 1557 545 Et
1603 492 1711 546 πᾶν
1741 489 1801 543 τὸ
1832 490 1948 560 μιᾶς

2064 499 2246 558 partes
2274 489 2596 556 subsistunt,
2629 490 2779 546 verbi
2813 489 3012 562 gratia,
3036 489 3205 547 homo
3229 490 3395 547 unius
3422 502 3630 549 natum

391 586 610 656 φύσεως
643 584 783 657 μετά
809 585 907 655 τὴν
945 584 1139 638 ἕνωσιν
1184 582 1636 653 ἀποτελούμενον,
1669 582 1780 635 εἴτε
1836 581 1956 635 κατ’

2061 583 2300 647 eﬂ‘ectus,
2335 593 2516 653 partes
2554 583 2717 639 simul
2760 582 3119 640 subsistentes
3160 581 3344 648 habet,
3380 583 3631 641 Christus

391 678 652 746 ἀνάχυσιν
683 676 1049 742 ἀποτελεῖται,
1086 673 1199 729 εἴτε
1229 672 1352 729 καθ’
1387 674 1584 727 ἕνωσιν
1629 674 1958 743 ἀσὺγχυτον,

2059 692 2189 731 vero
2229 693 2335 730 non
2384 663 2533 739 item.
2569 678 2663 732 sed
2698 677 3011 732 Dominicus
3064 677 3227 732 homo
3265 676 3319 731 in
3353 664 3632 748 hypostasi

394 769 775 823 συνυπόστατά
801 770 904 822 εἰσι
930 768 998 822 τά
1025 767 1216 822 τούτου
1250 769 1389 839 μέρη
1417 784 1430 799 ·
1460 764 1570 821 οἷόν
1595 783 1755 837 φημι·
1794 766 1852 819 '0
1866 767 1959 820 ἀν·-

2062 766 2223 821 Verbi
2264 766 2376 834 Dei,
2408 769 2580 821 aliena
2613 768 2887 839 hypostasi
2923 767 3186 832 substitit,
3222 778 3331 822 non
3365 760 3631 837 quemadé

394 862 613 932 ὑρωπος
632 860 1067 927 ἀποτελούμενος
1100 862 1228 930 μιᾶς
1268 860 1503 929 φύσεως,
1555 860 1623 912 τὰ
1652 860 1794 929 μέρη
1847 859 1957 929 ἔχει

2062 860 2282 912 modum
2316 859 2591 925 accidens,
2623 874 2790 929 apage
2825 877 2838 912 :
2882 859 3180 914 accidentia
3210 859 3356 913 enim
3400 857 3634 913 ubicun-

394 951 769 1005 συνυπόστατα
790 964 804 979 ·
836 951 864 1003 ὑ
890 949 947 1003 δὲ
982 949 1214 1020 Χριστὸς
1259 950 1355 1019 οὑχ
1397 948 1589 1013 οὕτως,
1622 949 1737 1002 ἀλλ’
1773 952 1800 1002 ὁ
1845 950 1958 1002 Κυ-

2060 968 2166 1021 que
2198 964 2452 1023 tanquam
2480 954 2532 1008 in
2564 953 2809 1022 subjecto
2839 963 2970 1007 sunt
2998 970 3014 1020 ;
3067 953 3377 1007 humanitas
3414 968 3543 1006 vero
3581 953 3634 1005 in

394 1043 581 1113 ριακὸς
605 1042 888 1113 ἄνθρωπος
916 1043 978 1095 ἐν
1010 1045 1075 1113 τῇ
1108 1042 1399 1095 ὑποστάσει
1449 1043 1544 1095 τοῦ
1601 1041 1737 1094 Θεοῦ
1784 1041 1955 1109 Λόγου

2059 1044 2188 1104 alio,
2220 1044 2294 1097 uti
2340 1045 2392 1098 in
2432 1045 2610 1107 Petro,
2642 1046 2724 1097 vel
2765 1044 2974 1099 Thoma
3021 1048 3237 1114 propria
3279 1044 3636 1099 subsistentia

280 1160 293 1168 ε
389 1133 598 1203 ὑπέστη
648 1132 1156 1203 ἑτεροῦποστάτως,
1200 1133 1296 1202 οὑχ
1344 1132 1419 1195 ὡς
1475 1133 1535 1185 τὸ
1588 1132 1857 1201 συμϐεϐηι

2060 1134 2396 1203 conspicitur
2431 1149 2579 1188 :non
2636 1135 2800 1204 igitur
2857 1134 3174 1190 Dominicus
3232 1136 3395 1188 homo
3440 1134 3493 1189 in
3543 1134 3636 1190 Dei

390 1225 573 1292 ἄπαγε
595 1237 610 1251 ·
645 1224 713 1277 τά
737 1224 845 1294 γάρ
875 1224 1261 1293 συμϐεϐηκότα
1306 1224 1583 1294 πανταχοῦ
1619 1224 1695 1287 ὠς
1722 1225 1779 1276 ἐν
1820 1224 1957 1276 ὑπο-

2067 1225 2223 1281 \'erhi
2252 1226 2527 1297 hypostasi
2564 1227 2823 1292 subSIitit,
2850 1235 2909 1280 ut
2936 1227 3210 1285 accidens.
3242 1229 3334 1281 sed
3366 1238 3424 1281 ut
3451 1242 3638 1283 essen-

392 1315 628 1385 κειμένῳ
661 1316 828 1378 ἐστὶν,
864 1317 897 1384 ἡ
926 1315 983 1367 δὲ
1016 1315 1080 1385 δὴ
1127 1315 1479 1385 ἀνθρωπότης
1526 1317 1609 1381 ὲν,
1635 1315 1812 1386 ἄλλῳ,
1848 1310 1959 1369 οἷόν

2061 1318 2133 1374 tia
2173 1334 2267 1388 per
2299 1319 2725 1386 assumptionem
2784 1319 3176 1387 proprietatum
3212 1360 3226 1384 ,
3266 1322 3635 1388 separantium

393 1426 556 1478 φημι,
589 1408 668 1477 τῷ
698 1408 907 1478 Πέτρῳ,
940 1408 972 1477 ἢ
1000 1408 1077 1478 τῷ
1106 1408 1274 1478 Θωμᾷ
1309 1409 1689 1471 ίδιοσυστάτως
1736 1409 1959 1477 θεωρεῖ-

2061 1406 2336 1461 Christum
2396 1422 2461 1459 ex
2519 1406 2643 1460 aliis
2667 1404 3023 1473 hypostatice,
3053 1415 3107 1459 et
3162 1421 3270 1459 non
3301 1405 3634 1473 hypostasis.

390 1518 501 1555 ται.
529 1501 644 1554 Οὑκ
681 1501 791 1569 ἄρα
822 1502 849 1553 ὁ
876 1501 1153 1569 Κυριακὺς
1181 1500 1462 1569 ἄνθρωπος
1494 1501 1552 1551 ἐν
1582 1501 1647 1569 τῇ
1686 1497 1781 1551 τοῦ
1822 1497 1956 1551 Θεοῦ

2061 1500 2114 1553 4.
2147 1499 2305 1560 Item,
2348 1498 2403 1551 Si
2438 1498 2489 1551 in
2563 1498 2835 1561 omnibus,
2876 1512 2997 1566 qum
3042 1512 3108 1551 ex
3166 1497 3397 1551 diversis
3432 1497 3638 1552 naturis

390 1590 562 1659 Λόγου
589 1589 880 1643 ὑποστάσει
906 1590 1111 1660 ὑπέστη
1143 1591 1217 1653 ὡς
1248 1589 1611 1660 συμϐεϐηκὸς,
1634 1589 1747 1642 ἀλλ’
1773 1590 1848 1651 ὡς
1867 1590 1959 1643 οὑ-

2061 1588 2361 1642 sccundum
2414 1588 2750 1665 hypostasim
2796 1588 3096 1656 composita
3141 1599 3288 1653 sunt,
3322 1604 3428 1641 non
3470 1590 3632 1643 simul

393 1683 484 1735 σία
515 1683 654 1751 μετά
684 1682 1037 1752 προσλήψεως
1090 1682 1417 1751 ἰδιωμάτων,
1460 1682 1567 1734 τῶν
1619 1680 1958 1751 χωριξόντων

2063 1680 2503 1743 subsistentibus,
2525 1680 2617 1734 sed
2655 1679 2884 1742 diverse,
2922 1681 3026 1733 hoc
3059 1687 3163 1742 est,
3213 1680 3316 1733 alia
3362 1681 3640 1751 hypostasi

390 1772 483 1825 τὸν
516 1772 747 1842 Χριστὸν
764 1773 831 1825 ἐκ
856 1773 965 1826 τῶν
993 1772 1194 1824 λοιπῶν
1220 1772 1596 1834 ὑποστατικῶς
1640 1771 1951 1841 γενόμενον.

2063 1768 2253 1831 unitis,
2300 1785 2407 1823 una
2456 1769 2760 1839 hypostasis
2802 1769 3054 1833 efﬁcitur,
3104 1785 3211 1823 non
3265 1786 3372 1825 una
3423 1781 3638 1835 natura,

390 1864 484 1917 καὶ
511 1863 609 1932 οὑχ
637 1864 952 1925 ὑπόστασις.
985 1863 1045 1916 δ’.
1079 1864 1220 1916 Ἔτι·
1260 1864 1319 1915 Εἰ
1370 1862 1465 1915 ἐπὶ
1490 1863 1705 1915 πάντων
1730 1862 1837 1915 τῶν
1891 1862 1956 1915 ἐκ

2065 1856 2402 1911 manifestum
2482 1866 2563 1911 est
2624 1857 2788 1911 Deum
2838 1857 3077 1913 Verbum
3132 1859 3384 1915 humanae
3434 1872 3642 1917 natura:

389 1950 661 2019 διαφόρων
686 1950 904 2016 φύσεων
936 1952 1361 2020 συντεθειμένων
1397 1952 1520 2006 καθ’
1553 1953 1850 2004 ὑπόστασιν
1879 1951 1953 2021 μὴ

2061 1948 2292 2012 unitum,
2347 1964 2453 2001 non
2494 1965 2616 2001 cum
2667 1949 2812 2003 illius
2857 1949 3233 2015 subsistentia,
3286 1952 3378 2005 sed
3414 1954 3638 2021 prapria

389 2041 828 2108 wwrroazatmg,
871 2042 986 2095 ἀλλ’
1019 2042 1242 2112 ἑτέρως,
1268 2043 1433 2111 ἤγουν
1483 2042 1957 2112 ἑτεροῡποστάτως

2061 2038 2405 2094 subsistentia
2457 2039 2851 2093 subsistentem
2894 2038 3059 2094 unius
3087 2048 3295 2095 natura:
3344 2058 3453 2096 non
3482 2042 3638 2101 cilici.

389 2130 709 2202 ήνωμένων.
742 2132 840 2203 μία
868 2132 1160 2195 ὑπόστασις
1186 2133 1544 2194 ἀποτελεῖται,
1574 2133 1694 2201 οὑχὶ
1726 2134 1824 2201 μία
1851 2132 1953 2199 φὺο

2065 2129 2110 2183 5.
2158 2128 2312 2194 Item,
2346 2128 2400 2182 Si
2440 2130 2825 2199 quodcunque,
2868 2130 3011 2200 quod
3038 2134 3445 2198 communiter,
3489 2145 3541 2189 et
3588 2136 3642 2189 in

389 2237 492 2288 σις,
525 2224 755 2293 φανερδν
780 2224 860 2276 ὅτι
895 2227 922 2276 ὁ
949 2223 1078 2285 Θεὸς
1094 2224 1264 2291 Λόγος
1298 2224 1518 2288 ἐνωθεὶς
1542 2228 1608 2294 τῇ
1638 2224 1954 2295 ἀνθρωπίνῃ

2064 2228 2245 2282 multis
2299 2228 2689 2291 consideratur,
2734 2244 2842 2281 non
2896 2229 2987 2281 uni
3031 2228 3228 2296 magis,
3269 2243 3433 2297 quam
3489 2227 3641 2282 alteri

387 2311 548 2380 φύσει
574 2312 651 2383 μὴ
681 2315 1114 2379 συνυποστάτως,
1142 2314 1257 2368 ἀλλ’
1282 2317 1339 2367 ὲν
1375 2315 1482 2385 ἰδίᾳ
1516 2315 1811 2369 ὑποστάσει
1836 2316 1958 2369 τοῦ·

2068 2316 2351 2380 inhaerens,
2380 2316 2472 2370 sed
2496 2331 2651 2385 aequa
2682 2316 2894 2370 ratione
2920 2316 3304 2385 cotnpletivum
3338 2332 3553 2381 eorum,
3572 2316 3645 2377 de

387 2419 482 2458 τον
531 2405 814 2473 ὑφεστῶτα
869 2405 1029 2476 ἔχων,
1063 2407 1124 2459 οὑ
1159 2407 1286 2475 μιᾶς
1322 2406 1536 2475 φύσεως
1592 2406 1954 2460 ἀποτελεῖται.

2066 2406 2256 2476 quibus
2298 2406 2517 2472 dicitur,
2558 2408 2797 2462 essentia
2840 2408 3154 2464 eorumdem
3198 2408 3643 2463 secundumEc-

388 2491 451 2548 ε’.
487 2495 605 2548 Ἔτι
624 2511 638 2525 ·
667 2496 730 2548 Εἰ
756 2498 863 2549 πᾶν
892 2496 919 2549 ὃ
949 2497 1140 2559 κοινῶς
1168 2498 1261 2550 καὶ
1294 2498 1353 2549 ἐν
1383 2497 1599 2561 πολλοῖς
1650 2498 1954 2566 θεωρεῖται,

2065 2498 2277 2553 clesiam
2316 2508 2401 2553 est
2425 2517 2437 2552 :
2474 2499 2653 2554 omnis
2680 2514 2807 2553 vero
2836 2499 3001 2553 homo
3028 2515 3091 2554 ex
3118 2500 3300 2553 anima
3330 2510 3384 2553 et
3410 2514 3642 2569 corpore

388 2586 450 2638 οὑ
475 2586 583 2639 τινὶ
607 2586 705 2657 μὲν
732 2588 917 2656 πλέον,
946 2590 1053 2642 τινὶ
1085 2589 1142 2643 δὲ
1176 2589 1394 2642 ἔλαττον
1420 2590 1681 2660 ὑπάρχον,
1710 2591 1827 2643 ἀλλ’
1873 2591 1957 2657 ἐξ·

2069 2589 2352 2653 ronﬂatur,
2380 2606 2481 2645 nec
2507 2590 2682 2645 differt
2708 2591 2871 2645 homo
2911 2591 2980 2645 ab
3012 2592 3255 2653 homine.
3282 2582 3389 2661 qua
3421 2606 3646 2661 corpore

392 2673 535 2747 ίσης,
571 2678 662 2733 καὶ
686 2680 1138 2751 συμπληρωτικὸν
1172 2681 1468 2749 γινόμενον,
1500 2683 1584 2749 ἐφ’
1617 2674 1692 2735 ὦν
1720 2681 1954 2750 λέγεται,

2070 2691 2113 2736 et
2149 2680 2336 2735 'anima
2367 2690 2602 2748 constat,
2638 2683 2936 2737 secundum
2968 2691 3175 2736 natura:
3200 2683 3419 2752 aliquod
3450 2682 3647 2737 discri-

389 2768 565 2833 οὑσία,
604 2770 828 2832 ἐκείνων
857 2772 995 2824 κατά
1040 2770 1137 2841 τὴν
1182 2772 1506 2839 Ἐκκλησίαν
1557 2770 1808 2839 λέγεται·
1848 2774 1875 2824 ό
1900 2772 1955 2824 δὲ

2067 2789 2205 2837 men,
2242 2774 2336 2828 sed
2383 2775 2793 2828 consistentiam
2838 2774 3089 2828 homines
3138 2774 3398 2829 habentes
3432 2790 3644 2838 omnes,

389 2860 454 2931 δὴ
480 2863 589 2925 πᾶς
617 2860 904 2931 ἄνθρωπος
932 2863 995 2916 ὲκ
1019 2861 1193 2933 ψυχῆς
1216 2863 1309 2915 καὶ
1351 2860 1600 2932 σώματός
1623 2863 1738 2914 ἐστι
1770 2879 1957 2915 συντε-

2071 2860 2164 2913 sub
2202 2875 2307 2913 una
2351 2876 2541 2915 omnes
2584 2861 2901 2917 deﬁnitione
2956 2862 3143 2927 relati,
3188 2864 3486 2917 secundum
3543 2864 3648 2918 hoc

392 2950 659 3020 θειμένος,
701 2952 796 3004 καὶ
828 2952 887 3004 οὑ
945 2952 1248 3006 διαλλάττει
1300 2951 1587 3022 ἄνθρωπος
1643 2950 1955 3022 ἀνθρώπου,

2069 2950 2225 3003 unius
2250 2961 2453 3007 natura:
2474 2953 2721 3007 dicentur
2744 2952 2841 3007 :de
2864 2953 3143 3023 hypostasi
3166 2969 3294 3007 vero
3312 2954 3511 3007 Christi
3538 2968 3646 3007 non

392 3041 625 3095 καθὸάκ
646 3043 827 3114 ψυχῆς
862 3044 955 3097 καὶ
1000 3042 1251 3115 σώματος
1287 3044 1591 3111 σύγκειται,
1646 3042 1788 3096 κατά
1838 3060 1959 3095 τινα

2072 3058 2358 3112 possumus
2404 3058 2652 3099 asserere
2700 3058 2861 3098 unam
2918 3052 3213 3108 naturam;
3269 3060 3391 3097 nam
3444 3055 3649 3097 ΙΙΩῐιΙΓὶΒ

393 3131 608 3201 φύσεως
634 3133 919 3204 διαφορὰν,
943 3133 1077 3189 ἀλλά
1099 3134 1197 3205 τὴν
1220 3135 1478 3187 σύστασιν
1513 3135 1731 3205 ἔχοντες
1760 3134 1958 3197 πάντες

2072 3134 2223 3187 etiam
2266 3144 2389 3202 post
2428 3136 2683 3187 unionem
2724 3145 3153 3200 conservantur,
3210 3151 3307 3190 nec
3354 3150 3649 3205 possumus

392 3223 669 3294 ἄνθρωποι
695 3225 785 3295 ὑφ’
806 3227 900 3280 ἕνα
925 3227 1163 3290 ἅπαντες
1187 3226 1416 3297 ὁρισμὸν
1446 3226 1791 3297 ἀναγόμενοι,
1818 3225 1961 3280 κατὰ

2075 3220 2405 3275 Christorum
2474 3224 2709 3290 speciem
2770 3223 3061 3278 invenire:
3125 3239 3301 3293 neque
3358 3223 3501 3277 enim
3552 3222 3652 3279 fuit

390 3314 552 3369 τοῦτο
580 3317 706 3386 μιᾶς
748 3317 971 3386 φύσεως
1006 3318 1246 3386 λέγεται·
1288 3318 1458 3371 ὲπὶδὲ
1486 3318 1584 3387 τῆς
1608 3317 1960 3380 ὑποστάσεως

2070 3312 2205 3366 alius
2230 3310 2478 3366 Christus
2498 3328 2560 3365 ex
2581 3308 2799 3375 deitate,
2828 3322 2882 3365 et
2907 3311 3268 3374 humanitate,
3303 3312 3445 3366 Deus
3505 3310 3647 3364 idem

392 3406 488 3460 τοῦ
518 3407 750 3478 Χριστοῦ
801 3410 862 3463 οὑ
892 3410 1070 3479 λέγειν
1105 3410 1381 3479 δυνάμεθα
1428 3410 1557 3479 μίαν
1589 3409 1749 3478 φύσιν
1774 3425 1788 3439 ·
1820 3410 1961 3463 αἵτε

2075 3412 2117 3457 3t
2157 3402 2363 3457 homo:
2397 3417 2503 3455 non
2549 3401 2712 3470 igitur
2759 3410 2877 3469 post
2931 3400 3188 3454 unionem
3237 3399 3401 3454 unius
3445 3407 3652 3453 natura:

390 3497 501 3567 γὰρ
531 3498 720 3567 φύσεις
755 3498 1035 3564 σώζονται,
1080 3500 1173 3553 καὶ
1214 3500 1351 3569 μετά
1380 3500 1477 3570 τὴν
1503 3498 1718 3557 ἕνωσιν.
1757 3498 1850 3552 καὶ
1879 3494 1955 3549 εῖ-

2072 3492 2314 3548 Christus
2352 3491 2601 3547 eﬂicitur.
2634 3490 2687 3545 6.
2718 3490 2872 3554 Item,
2917 3490 2973 3544 Si
3021 3506 3128 3544 non
3165 3490 3307 3545 idem
3342 3501 3445 3555 est,
3483 3504 3649 3543 unum

388 3588 476 3651 δος
505 3590 755 3657 Χριστῶν
782 3591 884 3644 οὑκ
911 3592 1058 3643 ἐστιν
1079 3591 1258 3662 εὑρεῖν
1276 3608 1290 3622 ·
1321 3591 1380 3644 οὑ
1413 3591 1522 3660 γὰρ
1560 3590 1772 3651 ἐγένετο
1801 3590 1961 3652 ἄλλος

2070 3587 2302 3642 hominis
2356 3586 2661 3641 secundum
2708 3586 2968 3655 speciem,
3028 3594 3080 3638 ct
3134 3599 3301 3639 unum
3348 3583 3647 3638 secundum

386 3678 623 3749 Χριστὸς
677 3681 742 3733 ἐκ
793 3680 1043 3751 θεότητος
1094 3681 1185 3734 xai.
1220 3679 1654 3750 ἀνθρωπότητος,
1718 3680 1848 3741 Θεός
1900 3695 1959 3732 τε

2075 3680 2353 3736 essentiam
2388 3677 2635 3747 corporis
2689 3688 2744 3732 et
2783 3679 2979 3731 animae
3011 3692 3025 3742 ;
3072 3691 3309 3746 namque
3347 3691 3515 3730 unum
3550 3676 3652 3727 ho-

389 3756 796 3844 καὶᾶνθρωπος
835 3774 863 3825 ὁ
896 3772 1091 3835 αὑτός·
1146 3772 1246 3825 οὑκ
1296 3772 1403 3841 ἄρα
1446 3770 1583 3840 μετά
1616 3771 1713 3840 τὴν
1765 3770 1959 3823 ἕνωσιν

2084 3771 2228 3825 ninis
2271 3769 2571 3824 secundum
2622 3768 2857 3838 speciem
2915 3767 2967 3821 in
3029 3767 3286 3821 omnibus
3318 3762 3656 3821 lhominibus

391 3866 521 3934 μιᾶς
554 3864 765 3941 φύσεως
791 3867 819 3918 ὁ
844 3864 1077 3935 Χριστὸς
1106 3864 1467 3917 ἀποτελεῖται.
1502 3860 1575 3926 ς’.
1615 3862 1760 3914 Ἔτι·
1809 3862 1870 3914 Εἰ
1898 3862 1958 3915 οὑ

2074 3862 2433 3933 equalitatem
2472 3869 2657 3914 servat
2689 3876 2702 3913 :
2746 3867 2799 3912 at
2835 3858 3137 3913 secundum
3166 3857 3456 3911 essentiam
3482 3870 3651 3917 unum

388 3953 583 4006 ταυτόν
620 3955 733 4006 ἐστι
757 3954 815 4006 τὸ
846 3954 963 4006 κατ’
994 3950 1133 4017 εἶδος
1158 3953 1252 4006 τοῦ
1271 3952 1555 4024 ἀνθρώπου
1592 3952 1669 4017 ἒν,
1703 3952 1796 4005 καὶ
1832 3970 1959 4005 κατε

2077 3955 2305 4025 :orporis
2353 3964 2407 4007 et
2450 3953 2667 4016 animae,
2712 3952 2887 4015 ipsum
2937 3963 3057 4003 esse
3110 3948 3425 4002 eorumdem
3476 3947 3654 4009 Izedit,

344 4098 354 4106 ,
387 4044 578 4099 ουσίαν
612 4044 793 4113 ψυχῆς
818 4044 910 4097 καὶ
948 4043 1199 4114 σώματος
1234 4043 1291 4096 ἓν
1320 4058 1333 4072 ·
1366 4042 1426 4095 τὸ
1474 4042 1573 4112 μὲν
1600 4043 1708 4111 γὰρ
1742 4042 1859 4094 κατ’
1883 4036 1921 4094 εἲ

2077 4046 2287 4112 penitus
2322 4045 2387 4099 ad
2419 4059 2525 4097 non
2580 4057 2698 4099 esse
2747 4042 3060 4095 deducens:
3091 4054 3265 4108 neque
3322 4038 3466 4091 enim
3514 4037 3654 4091 idem

386 4138 477 4201 60;
507 4137 602 4191 τοῦ
632 4136 921 4206 ἀνθρώπου
972 4137 1054 4201 ἓν,
1085 4137 1184 4208 τὴν
1214 4138 1271 4190 ὲν
1313 4137 1447 4190 πᾶσι
1496 4137 1608 4197 τοῖς
1653 4132 1961 4205 ἀνθρώποις

2079 4149 2145 4193 εει
2183 4138 2479 4193 secundum
2519 4135 2768 4190 essentia:
2804 4134 3066 4188 rationem
3099 4147 3299 4200 corpus
3327 4170 3340 4193 ,
3384 4140 3435 4185 et
3475 4129 3656 4183 incor-

385 4227 797 4300 ἀπαραλλαξίαν
848 4227 1200 4291 ἐνδείκνυται,
1244 4226 1306 4279 τὸ
1336 4225 1392 4279 δὲ
1420 4224 1539 4279 κατ’
1571 4225 1757 4277 οὐσίαν
1783 4222 1960 4293 ψυχῆς

2078 4243 2285 4283 ioreum
2332 4242 2478 4281 :non
2536 4234 2619 4281 est
2682 4225 2845 4294 igitur
2900 4238 3125 4278 necesse
3171 4238 3271 4276 nos
3321 4223 3376 4274 in
3434 4222 3655 4276 licinine

388 4322 486 4374 καὶ.
518 4319 764 4390 σώματος
794 4318 873 4387 ἓν,
927 4319 1060 4389 αὑτρ
1080 4318 1140 4372 τὸ
1168 4314 1307 4372 εἶναι
1338 4318 1498 4371 αὑτὸν
1521 4315 1841 4386 λυμαίνεται
1878 4317 1958 4378 είς

2075 4336 2227 4375 unam
2282 4330 2531 4374 naturam
2576 4326 2883 4374 asserentes
2936 4331 3042 4368 non
3095 4323 3316 4383 propter
3367 4312 3509 4366 idem
3562 4327 3652 4365 es-

2190 4413 2275 4422 ...
2452 4413 2483 4422 ..
2574 4411 2584 4422 .
2732 4408 2743 4419 .
2943 4416 2953 4422 .
3005 4420 3044 4422 γ-
3307 4402 3392 4422 μ.
3434 4409 3652 4422 μη.--

390 4411 729 4481 ἀνυπαρξίαν
760 4411 919 4465 αὑτὸν
943 4411 1180 4480 παντελῆ
1202 4412 1332 4477 ἀγον
1348 4425 1362 4440 ·
1382 4408 1442 4461 οὑ
1473 4408 1579 4478 γάρ
1603 4407 1793 4461 ταυτὸν
1821 4406 1962 4461 καδά

2078 4413 2308 4470 sentialis
2341 4411 2621 4482 qualitatis
2657 4408 2853 4463 anima:
2907 4416 2960 4460 et
2992 4404 3259 4474 corporis,
3302 4402 3393 4457 scd
3434 4409 3655 4471 pl'OpleI‘

389 4504 484 4557 τὸν
516 4505 616 4574 τῆς
636 4501 821 4565 οὐσίας
848 4502 1023 4570 λόγον,
1073 4501 1133 4554 τὸ
1183 4500 1342 4570 σῶμα
1369 4499 1447 4571 τῷ
1498 4499 1772 4569 ἀσωμάτῳ
1795 4513 1811 4529 ·
1863 4502 1964 4551 οῆι

2075 4504 2554 4561 lmmutabilitatem
2636 4498 3073 4560 individuorum,
3140 4510 3260 4564 qua:
3341 4491 3443 4547 sub
3528 4505 3652 4557 spe-

394 4595 610 4666 ἀνάγκη
644 4596 820 4648 τοίνυν
847 4594 938 4648 ἐπὶ
967 4594 1059 4647 τοῦ
1108 4593 1392 4664 ἀνθρώπου
1433 4591 1562 4662 μίαν
1594 4591 1756 4662 φύσιν
1781 4590 1963 4660 λέγον-

2076 4599 2144 4656 :ie
2225 4607 2361 4653 sunt
2436 4610 2598 4650 unam
2660 4594 2714 4647 in
2782 4590 2999 4645 Christo
3045 4599 3293 4641 naturam
3348 4582 3653 4647 aliirmare,

393 4701 514 4751 τας,
552 4686 614 4738 οὑ
637 4684 726 4739 διά
752 4685 813 4738 τὸ
839 4684 1029 4740 ταυτὸν
1075 4685 1172 4754 τῆς
1209 4682 1498 4746 οὑσιὼδους
1548 4682 1835 4752 ποιότητος
1859 4682 1962 4752 ψυ-

2067 4690 2163 4746 ubi
2251 4688 2457 4760 species
2548 4682 2883 4756 hypostasim
2982 4679 3125 4733 nulla
3209 4673 3644 4743 comprehendit.

391 4776 493 4844 Χῆς
521 4792 580 4827 τε
609 4775 703 4829 καὶ
734 4773 1001 4844 σώματος,
1043 4774 1175 4826 ἀλλά
1206 4774 1293 4828 διὰ
1324 4776 1385 4826 τὸ
1414 4772 1833 4843 ἀπαράλλακτον
1854 4773 1963 4826 τῶν

2078 4784 2125 4837 7.
2211 4780 2374 4843 Item,
2450 4778 2493 4833 si
2596 4774 2823 4838 omnia,
2909 4787 3030 4842 qua:
3116 4767 3508 4823 admirabiliter
3597 4771 3655 4816 et

394 4866 500 4920 ὑπὸ
524 4867 584 4920 τὸ
611 4861 747 4931 εἶδος
782 4866 1130 4937 ἀναγομένων
1155 4866 1390 4934 ἀτόμων,
1420 4866 1548 4935 μίαν
1580 4864 1674 4918 καὶ
1707 4866 1799 4919 ἐπὶ
1829 4867 1963 4935 Χρι-

2076 4888 2224 4942 supra
2268 4882 2513 4925 naturam
2546 4867 2706 4929 ﬁunt,
2749 4874 2999 4918 naturam
3034 4876 3141 4915 non
3173 4860 3446 4922 cilicium;
3480 4869 3653 4923 neque

395 4958 522 5011 στοῦ
547 4958 727 5026 λέγειν
775 4958 956 5026 φύσιν,
990 4956 1117 5010 ἔνθα
1165 4951 1301 5020 εἶδος
1335 4957 1678 5026 περιεκτικὸν
1719 4958 1958 5010 ὑποστά-

2069 4964 2204 5018 enim
2237 4961 2468 5016 dicimus
2518 4958 2634 5011 rubi
2678 4964 2929 5009 naturam
2955 4994 2968 5015 ,
3010 4950 3118 5020 igni
3166 4954 3646 5004 consuescentem,

392 5068 533 5114 σεως
570 5052 669 5104 οὑκ
719 5050 883 5104 ἐστιν.
925 5048 989 5115 ζ’.
1020 5051 1159 5103 Ἔτι·
1194 5050 1254 5102 Εἰ
1306 5050 1480 5104 πάντα
1528 5050 1598 5103 τά
1647 5051 1962 5121 παραδόξως

2074 5052 2293 5108 lammis
2342 5065 2445 5103 non
2522 5048 2701 5109 exuri,
2739 5060 2916 5114 neque
2961 5052 3213 5095 naturam
3265 5035 3509 5104 corporis
3548 5036 3651 5086 hu-

393 5140 487 5192 καὶ
513 5139 804 5211 ὑπερφυῶς
836 5139 1095 5209 γινόμενα
1123 5140 1183 5192 οὑ
1237 5139 1396 5209 φύσιν
1434 5140 1722 5193 ἀποτελεῖ·
1757 5140 1817 5192 οὑ
1852 5141 1959 5209 γάρ

2073 5146 2208 5200 mani
2234 5146 2287 5197 in
2326 5143 2446 5212 igne
2471 5138 2729 5201 irrorari,
2791 5137 2883 5192 sed
2934 5132 3273 5187 admirabilia
3337 5129 3457 5181 [nec
3505 5128 3650 5181 circa

394 5247 575 5301 φαμεν
605 5231 763 5301 βάτου
790 5231 951 5300 φύσιν
973 5231 1407 5301 προσομιλοῦσαν
1438 5234 1591 5302 πυρὶ,
1626 5231 1720 5284 καὶ
1753 5231 1828 5302 μὴ
1859 5250 1958 5287 κα-

2074 5252 2223 5292 tuam
2273 5232 2605 5305 hypostasim
2657 5232 2825 5293 liunt;
2875 5235 2930 5281 at
2979 5226 3115 5280 Deus
3185 5222 3418 5276 Verbum
3487 5232 3651 5285 super

392 5321 823 5391 ταιρλεγομὲνην,
853 5322 973 5375 οὑδὲ
1003 5320 1162 5389 φύσιν
1190 5320 1435 5390 σώματος
1476 5323 1811 5389 ἀνθρωπείου
1839 5324 1959 5393 δρο-

2072 5338 2308 5382 naturam
2352 5326 2601 5378 humana:
2631 5331 2839 5376 natura:
2882 5318 3068 5372 unitus
3120 5323 3221 5379 est,
3254 5319 3649 5381 proptereaque

398 5411 687 5481 σιζομένην
728 5414 785 5465 ὲν
837 5412 990 5481 πυρὶ,
1037 5411 1171 5464 ἀλλὰ
1218 5411 1493 5478 παράδοξα
1536 5412 1710 5465 ταῦτά
1779 5430 1957 5481 φαμεν

2071 5419 2207 5490 quod
2250 5417 2303 5471 in
2343 5432 2447 5470 una
2484 5411 2758 5485 hypostasi
2795 5410 3041 5469 eliicitur,
3100 5421 3206 5459 non
3256 5411 3449 5456 natura
3496 5412 3648 5490 com-

403 5502 531 5572 περὶ
570 5502 696 5569 μίαν
732 5503 1024 5557 ὑπόστασιν
1074 5503 1372 5575 γενόμενα·
1408 5506 1436 5555 ό
1484 5503 1540 5555 δὲ
1598 5504 1726 5567 Θελς
1788 5504 1957 5570 Λόγος

2069 5487 2237 5579 posita
2263 5508 2342 5570 lit,
2362 5506 2449 5559 sed
2466 5502 2789 5575 hypostasis.
2813 5501 2865 5553 8.
2890 5500 3042 5560 Item,
3064 5494 3217 5548 Nulla
3252 5487 3523 5579 natura.si
3543 5501 3646 5538 una

398 5593 686 5664 ὑπερφυῶς
708 5591 890 5665 ὴνώθη
924 5598 988 5666 τῇ
1021 5595 1338 5668 ἀνθρωπίνῃ
1367 5594 1554 5661 φύσει·
1586 5595 1673 5648 διά
1691 5612 1769 5647 τοι
1803 5593 1959 5646 τοῦτο

2068 5576 2165 5659 est,
2188 5592 2492 5650 contrarias
2513 5588 2829 5645 essentiales
2858 5582 3193 5639 differentias
3215 5576 3480 5637 admittit;
3510 5580 3645 5642 quo—

399 5662 579 5736 καὶ-ὲν
611 5687 708 5756 μιᾷ
730 5662 1027 5739 *ὑποστάσει
1054 5662 1148 5739 καλ
1176 5685 1237 5738 τὸ
1284 5662 1728 5753 ἀποτελούμενον,
1764 5683 1822 5735 εὑ
1856 5683 1957 5751 φύ-

2068 5682 2229 5739 modo
2254 5681 2395 5735 enim
2430 5677 2544 5732 fieri
2568 5683 2747 5748 potest
2788 5684 2847 5728 ut
2880 5671 3066 5725 eadem
3096 5678 3288 5721 natura
3345 5662 3642 5718 secundum

404 5790 484 5839 σις
512 5775 850 5832 ἀποτελεῖται
898 5776 1165 5844 σύνθετος,
1194 5776 1307 5831 ἀλλ’
1349 5775 1659 5840 ὑπόστασις.
1708 5781 1773 5847 η’.
1814 5775 1956 5828 Ἔτι·

2067 5775 2208 5831 idem
2237 5772 2305 5829 sit
2333 5777 2511 5825 creata
2541 5776 2594 5824 et
2633 5766 2892 5832 incrcata,
2940 5757 3182 5816 mortalis
3213 5765 3267 5813 et
3288 5752 3642 5811 immortalis.
