3994 6668
388 424 497 492 630

1656 420 1953 483 NICETE
1977 418 2406 490 .BYZANTINI

3557 408 3659 480 640

390 530 903 604 comprehensibilis
921 529 1590 601 etincomprebensihilis?
1606 531 1698 585 sed
1724 530 1972 585 Christus

2078 530 2139 582 ΕΞ
2164 529 2388 600 οὐδεμία
2415 527 2577 597 φύσις
2609 528 2706 599 μία
2733 528 2888 591 οὖσα,
2944 528 3053 581 τῶν
3090 527 3349 582 ἐναντίων
3385 526 3659 593 οὑσιωδῶν

390 626 444 682 id
469 627 663 681 habet:
681 625 934 683 Christus
954 624 1293 695 igitur_unius
1317 633 1524 679 natura:
1540 632 1641 688 est,
1666 623 1789 678 licet
1811 623 1972 677 homo

393 732 559 773 unius
588 726 794 771 natura:
811 717 900 772 sit.
922 716 977 772 9.
993 715 1147 779 Item,
1166 716 1223 769 Si
1248 714 1411 769 unius
1439 723 1648 768 naturae
1666 714 1970 769 secundum

393 823 493 864 vos
515 808 766 863 Christus
798 817 921 878 post
941 807 1195 862 unionem
1212 806 1545 869 est,omnino
1567 804 1858 859 dicendum
1891 813 1973 858 est

393 900 539 956 hanc
571 916 733 953 unam
769 908 1017 953 naturam
1047 913 1167 953 esse
1199 906 1294 952 aut
1330 897 1569 951 divinam
1607 896 1972 961 solummodo,

393 1000 490 1047 aut
530 992 822 1045 humanam
868 1000 1103 1056 tantum,
1162 998 1256 1044 aut
1292 990 1531 1044 divinam
1574 998 1629 1044 et
1678 990 1971 1043 humanam

394 1083 584 1148 simul,
614 1093 709 1137 aut
742 1098 918 1153 neque
947 1082 1213 1146 divinam,
1240 1099 1418 1153 neque
1457 1083 1771 1150 humanam,
1804 1082 1895 1137 sed
1927 1082 1974 1137 si

393 1182 480 1227 est
511 1189 617 1227 una
649 1174 763 1228 haec
800 1183 1019 1238 natura,
1052 1183 1263 1229 tantum
1298 1174 1502 1239 divina,
1530 1174 1783 1229 Christus
1812 1174 1975 1245 igitur

394 1261 539 1318 Deus
579 1263 704 1327 erit,
733 1272 787 1317 et
827 1279 937 1319 non
973 1264 1139 1317 homo
1172 1282 1185 1317 :
1230 1265 1274 1319 si
1324 1273 1408 1317 est
1450 1279 1557 1317 una
1610 1264 1726 1333 ipsa
1780 1273 1973 1317 natura

393 1353 579 1407 divina
638 1363 691 1408 et
745 1354 985 1409 humana
1037 1356 1235 1419 simul,
1308 1372 1485 1426 neque
1547 1354 1755 1418 Patris,
1799 1369 1974 1425 neque

395 1443 634 1513 Spiritus
708 1446 905 1511 saneti,
954 1461 1130 1516 neque
1176 1447 1457 1500 hominum
1515 1456 1707 1501 natura
1752 1458 1872 1509 est,
1921 1454 1975 1501 et

394 1536 654 1606 utrinque
697 1537 1049 1606 blasphemiae
1096 1537 1322 1605 crimen,
1351 1540 1443 1608 qui
1486 1540 1557 1591 ita
1606 1539 1974 1594 sentitincur-

393 1636 498 1693 ret,
539 1638 593 1682 et
634 1628 855 1682 robusta
909 1628 975 1685 de
1021 1639 1200 1685 mente
1238 1633 1414 1687 cadet.
1472 1631 1527 1686 Si
1566 1646 1694 1685 vero
1739 1639 1823 1685 est
1866 1645 1972 1684 una

395 1715 512 1771 haec
550 1726 747 1773 natura
788 1733 964 1788 neque
993 1719 1199 1787 divina,
1235 1736 1411 1791 neque
1434 1722 1697 1788 humana,
1722 1721 1973 1776 ChriStus

394 1808 565 1877 igitur
623 1825 801 1880 neque
849 1810 990 1868 Deus
1040 1822 1145 1877 est,
1189 1827 1364 1883 neque
1414 1814 1609 1879 homo;
1643 1830 1972 1884 quocunque

2077 620 2351 691 διαφορῶν
2378 620 2605 691 δεκτική
2631 620 2841 690 γίνεται
2860 637 2874 649 ·
2903 620 3020 684 πῶς
3043 621 3151 691 γάρ
3177 620 3403 673 δυνατὸν
3434 622 3535 690 τὴν
3565 619 3661 672 αὑ-

2077 711 2175 782 τὴν
2203 711 2365 782 φύσιν
2404 713 2546 766 κατά
2574 712 2765 766 ταυτὸν
2794 712 3019 783 κτιστήν
3067 708 3206 765 εῖναι
3257 712 3352 765 καὶ
3380 713 3657 773 ἀκτιστον,

2079 802 2279 874 θνητὴν
2303 805 2395 857 καὶ
2430 804 2716 870 ἀθάνατον,
2742 805 3097 876 καταληπτὴν
3117 804 3212 859 καὶ
3240 804 3658 874 άκατάληπτονς

2082 895 2112 947 ὁ
2157 895 2213 948 δὲ
2245 897 2480 967 Χριστὸς
2531 897 2687 951 τοῦτο
2719 896 2867 968 ἔχει·
2898 900 2927 951 ὁ
2956 898 3191 967 Χριστὸς
3229 898 3337 970 ἀρα
3385 899 3516 965 μιᾶς
3554 895 3659 964 φύ-

2082 1003 2221 1049 σεως
2272 987 2372 1041 οὑκ
2416 988 2584 1055 ἐστιν,
2622 990 2671 1042 εί
2720 991 2815 1043 καὶ
2868 991 2896 1043 ό
2940 989 3225 1060 ἄνθρωπος
3265 990 3398 1059 μιᾶς
3444 986 3663 1056 φύσεώς

2080 1078 2249 1133 ἐστιν.
2279 1077 2345 1133 θ’.
2381 1077 2525 1132 Ἔτι·
2565 1080 2626 1132 El
2664 1081 2792 1149 μιᾶς
2814 1080 3029 1149 φύσεως
3061 1079 3186 1133 καθ’
3206 1079 3353 1149 ὑμᾶς
3378 1080 3407 1131 ό
3426 1078 3663 1148 Χριστὸς

2084 1165 2221 1236 μετά
2254 1165 2354 1235 τήν
2377 1166 2572 1219 ἕνωσίν
2609 1170 2777 1233 ἐστιν,
2830 1169 3049 1232 πάντως
3096 1168 3287 1237 ἕψεται
3322 1166 3531 1237 ταὺτην
3562 1168 3662 1237 τὴν

2085 1255 2212 1326 μίαν
2237 1258 2409 1309 εἰπεῖν
2441 1257 2626 1326 φύσιν,
2654 1258 2688 1328 ἦ
2721 1258 2871 1311 θείαν
2904 1259 3084 1327 μόνον,
3120 1258 3154 1329 ἢ
3191 1258 3540 1329 ἀνθρωπίνην
3565 1261 3666 1327 μό·-

2079 1366 2189 1413 νον,
2244 1350 2278 1422 η
2325 1350 2477 1406 θείαν
2523 1354 2619 1406 καὶ
2669 1354 3016 1425 ἀνθρωπίνην
3054 1353 3194 1424 ἃμα,
3240 1354 3273 1427 ἦ
3318 1356 3457 1425 μήτε
3486 1353 3662 1420 θείαν,

2083 1445 2219 1513 μήτε
2250 1444 2619 1514 ἀνθρωπίνην.
2679 1445 2820 1497 Ἀλλ’
2860 1448 2907 1499 ει
2943 1446 3042 1516 μέν
3084 1447 3233 1500 ἔστιν
3276 1448 3310 1517 ή
3359 1448 3456 1517 μία
3498 1446 3667 1514 φύσις

2079 1533 2216 1603 αὓτη
2250 1534 2370 1588 θεία
2405 1536 2583 1605 μόνον,
2618 1539 2647 1590 ό
2672 1538 2904 1607 Χριστὸς
2933 1538 3042 1610 ἄρα
3066 1538 3197 1601 Θεὸς
3226 1538 3400 1600 ἔσται,
3434 1539 3531 1591 καὶ
3562 1539 3666 1590 οὐκ

2079 1625 2379 1696 ἄνθρωπος.
2414 1628 2477 1681 Ei
2506 1628 2562 1682 δέ
2592 1629 2737 1683 ἔστιν
2765 1632 2797 1700 ή
2833 1630 2930 1699 μία
2963 1629 3122 1699 φύσις
3154 1629 3293 1701 αὕτη
3336 1630 3456 1683 θεία
3482 1646 3543 1682 τε
3568 1630 3667 1683 καὶ

2078 1716 2394 1788 ἀνθρωπίνη
2438 1719 2574 1788 ἅμα,
2624 1720 2747 1772 οὔτε
2800 1720 2894 1773 τοῦ
2938 1721 3153 1791 Πατρὺς
3198 1719 3319 1774 οὔτε
3363 1720 3458 1774 τοῦ
3504 1721 3666 1787 ἁγίου

2080 1807 2218 1859 Πνεὺ
2228 1826 2411 1877 ματος,
2440 1808 2564 1863 οὔτε
2595 1808 2699 1880 μὴν
2729 1810 2839 1863 τῶν
2870 1810 3173 1881 ἀνθρώπων
3200 1812 3305 1882 ἄρα
3326 1812 3489 1880 φύσις
3521 1812 3661 1879 ἐστὶ,

396 1899 560 1969 igitur
587 1911 863 1957 vertamus
901 1903 1226 1967 orationem,
1266 1920 1525 1973 cogemur
1593 1904 1749 1960 fateri
1815 1904 1972 1960 Chri-

2082 1897 2173 1948 καὶ
2204 1898 2592 1968 ἀμφοτέρωθεν
2618 1897 2963 1968 βλασφημίας
2988 1900 3241 1969 ἔγκλημα
3266 1900 3343 1970 τῷ
3358 1901 3511 1955 τουτὶ
3532 1919 3665 1973 φρο-

396 1998 543 2046 stum
580 2007 745 2045 unam
777 2003 980 2048 sanctae
1009 1992 1289 2049 Trinitatis
1320 1996 1654 2066 hypostasim
1684 2012 1805 2053 esse
1838 1998 1977 2054 duas

397 2089 625 2137 naturas
664 2082 978 2147 habentem,
1012 2084 1250 2139 divinam
1293 2086 1500 2141 scilicet
1552 2096 1605 2142 et
1656 2088 1975 2155 humanam,

396 2168 629 2239 ideoque
662 2168 715 2222 in
745 2170 921 2239 ipsum
953 2169 1074 2225 dua:
1096 2171 1333 2227 rationes
1355 2188 1678 2238 convenere,
1699 2176 1886 2231 eodem
1911 2176 1978 2233 de

395 2266 455 2316 s‘e
472 2268 747 2316 asserente
780 2278 795 2315 :
829 2260 993 2326 Quem
1014 2280 1093 2317 me
1139 2265 1319 2318 dicunt
1342 2282 1451 2319 esse
1492 2264 1542 2319 F
1545 2266 1693 2320 ilium
1712 2268 1935 2323 hominis
1954 2270 1980 2323 1’

395 2360 451 2408 et
488 2350 650 2409 Petro
700 2354 1064 2425 respondente
1100 2355 1223 2412 :Tu
1249 2374 1304 2413 es
1350 2358 1594 2415 Christus
1659 2360 1829 2415 Filius
1884 2362 1976 2417 Dei

396 2443 521 2499 vivi.
570 2444 661 2500 10.
698 2445 857 2510 item,
892 2446 953 2502 Si
995 2449 1160 2506 unius
1196 2460 1278 2505 est
1310 2460 1522 2507 natura:
1561 2453 1812 2510 Christus
1856 2463 1977 2523 post

396 2535 676 2602 unionem,
720 2554 944 2595 necesse
991 2550 1076 2597 est
1128 2552 1403 2609 naturam,
1463 2546 1762 2600 secundum
1811 2563 1973 2617 quam

394 2625 653 2684 Christus
703 2638 786 2685 est
831 2633 996 2688 unius
1034 2643 1271 2699 naturas,
1314 2643 1409 2689 aut
1446 2651 1789 2692 communem
1830 2654 1973 2703 esse,

395 2720 494 2767 aut
534 2715 905 2786 singularem;
937 2720 983 2774 si
1031 2736 1379 2779 communem
1415 2740 1535 2782 esse
1572 2729 1974 2793 concesseritis,

392 2800 505 2871 jam
529 2804 643 2871 ipsa
670 2805 737 2861 de
770 2807 1017 2876 pluribus
1040 2810 1274 2876 dicetur,
1306 2815 1399 2869 sed
1444 2815 1581 2871 alios
1611 2816 1859 2872 Chrislos
1892 2834 1976 2873 re-

398 2893 602 2964 perire,
624 2907 720 2952 aut
758 2896 947 2967 fuisse,
979 2901 1047 2957 de
1079 2904 1278 2973 quibus
1303 2904 1417 2962 huic
1446 2909 1755 2963 communis
1783 2919 1975 2968 natura

395 2987 802 3056 praedicabitur,
835 2991 948 3047 ﬁeri
980 2994 1205 3051 omnino
1230 2997 1437 3068 nequit.
1469 2999 1526 3054 Si
1547 3000 1842 3070 singularis
1868 3012 1972 3069 est,

396 3076 539 3133 idem
570 3079 677 3135 erit
704 3097 830 3136 cum
869 3083 1146 3156 hypostasi
1177 3106 1191 3143 :
1228 3097 1282 3144 et
1311 3090 1356 3146 si
1388 3090 1441 3145 id
1468 3100 1571 3159 est,
1606 3107 1831 3151 necesse
1855 3108 1975 3150 om-

395 3169 526 3226 nino
556 3170 719 3228 l‘uerit
765 3177 1065 3232 secundum
1097 3194 1217 3246 vos,
1270 3178 1488 3238 Patrem
1516 3223 1529 3249 ,
1571 3193 1624 3240 et
1654 3182 1850 3239 Filium
1872 3226 1887 3250 ,
1919 3194 1973 3241 et

397 3260 663 3333 Spiritum
700 3277 949 3323 sanctum
998 3280 1107 3327 tres
1152 3274 1457 3343 peculiares
1496 3278 1770 3331 numerari
1817 3285 1976 3333 natu-

395 3370 506 3421 ras,
537 3364 593 3411 et
636 3365 749 3414 tres
789 3360 920 3416 deos
973 3361 1102 3430 dici,
1129 3373 1185 3419 et
1227 3374 1337 3420 tres
1382 3366 1631 3435 deitates,
1665 3372 1808 3439 quod
1859 3371 1978 3425 bla-

395 3445 679 3516 sphemias
713 3463 904 3507 omnes
934 3464 1227 3525 exsuperat
1253 3474 1264 3509 :
1291 3456 1400 3511 imo
1428 3467 1481 3513 et
1516 3461 1681 3516 totius
1705 3461 1978 3518 Christia-

394 3535 559 3591 nismi
587 3538 821 3607 ejuratio
853 3552 953 3607 est,
989 3560 1166 3615 neque
1203 3547 1348 3600 enim
1379 3564 1672 3617 possumus
1699 3553 1879 3609 dicere
1921 3554 1974 3608 in

393 3623 717 3678 universum
767 3636 1019 3683 naturam
1068 3631 1433 3702 hypostasim,
1488 3645 1583 3691 aut
1636 3638 1972 3710 hypostasim

393 3722 646 3768 naturam
674 3757 689 3783 ,
737 3732 805 3771 ne
834 3733 1025 3775 omnes
1064 3722 1363 3779 Christiani
1409 3740 1655 3783 asserere
1712 3740 1976 3801 c0gautur

393 3799 636 3868 Patrem,
671 3815 724 3862 et
768 3807 991 3873 Filium,
1019 3820 1074 3867 et
1102 3811 1365 3879 Spiritum
1400 3825 1651 3873 sanctum
1683 3799 1976 3876 tres'nalu-

393 3911 506 3962 ras,
546 3898 692 3967 quod
735 3910 818 3955 est
853 3910 962 3959 tres
1002 3904 1356 3976 hypostases;
1404 3910 1522 3965 sive
1549 3928 1711 3968 unam
1751 3917 1971 3972 eosdem

393 3985 594 4042 habere
630 3990 997 4061 hypostasim,
1025 4010 1089 4051 ea
1127 3998 1372 4065 ratione,
1406 4017 1514 4071 qua
1560 4020 1724 4061 unam
1773 4007 1973 4066 habent

394 4089 665 4146 naturam,
698 4098 820 4151 quae
849 4086 1010 4142 ambo
1039 4103 1070 4142 a
1108 4088 1212 4145 ﬁde
1235 4090 1548 4151 Christiana
1593 4096 1771 4153 aliena
1818 4111 1969 4157 sunt.

393 4166 481 4221 il.
514 4168 664 4237 Item,
697 4170 753 4227 Si
785 4174 948 4230 unius
980 4186 1189 4234 natura:
1227 4180 1527 4249 hominem,
1564 4186 1816 4259 illiusque
1846 4207 1972 4261 par-

394 4268 475 4314 tes
497 4262 682 4330 simul,
716 4282 839 4336 quae
871 4268 1025 4338 prius
1067 4286 1176 4327 non
1229 4284 1405 4343 erant,
1431 4278 1687 4347 produxit
1724 4281 1791 4338 ad
1824 4299 1974 4338 com-

395 4350 722 4448 plementum
760 4357 1025 4428 universi,
1058 4363 1283 4434 lierique
1326 4376 1527 4437 potest,
1554 4380 1615 4427 ut
1644 4378 1784 4444 fqute
1823 4378 1972 4448 ejus-

392 4441 513 4494 dem
540 4456 668 4501 sunt
740 4453 998 4521 temporis
1059 4470 1225 4510 unam
1282 4470 1532 4517 naturam
1607 4441 1969 4537 compositam

2083 1985 2261 2040 νοῦντι
2305 1989 2790 2059 προπριὸήσεται,
2836 1993 2932 2043 καὶ
2961 1992 3064 2060 τῆς
3102 1991 3423 2063 ἐρρωμένης
3465 1993 3665 2062 φρενὸς

2083 2078 2424 2149 ἑκστήσεται.
2456 2080 2518 2132 Ei
2548 2078 2604 2132 δέ
2634 2081 2784 2133 ἐστιν
2814 2082 2847 2151 ή
2879 2080 2973 2152 μία
3002 2065 3162 2150 φὺσις
3200 2082 3341 2153 αὕτη
3369 2082 3493 2136 οὔτε
3520 2084 3663 2149 θεία,

2082 2168 2203 2223 οὔτε
2249 2170 2583 2242 ἀνθρωπίνη,
2638 2173 2926 2244 ὀΧριστὸς
2980 2174 3091 2245 ἄρα
3146 2172 3269 2228 οὔτε
3307 2175 3440 2239 Θεός
3489 2178 3662 2242 ἐστιν,

2081 2260 2205 2315 οὔτε
2230 2262 2534 2333 ἄνθρωπος.
2567 2264 2741 2318 Ὅπου
2766 2266 3056 2336 τοιγαροῦν
3088 2267 3216 2331 τοὺς
3276 2267 3470 2337 λόγους
3500 2287 3664 2339 περι-

2084 2353 2408 2423 στρέψομεν,
2437 2356 2518 2418 είς
2549 2354 2609 2408 τὸ
2634 2354 2814 2425 λέγειν
2848 2356 3197 2426 ἀπαγόμεθα,
3232 2358 3315 2412 ὅτι
3362 2358 3391 2410 ό
3426 2359 3664 2430 Χριστὸς

2086 2443 2183 2511 μία
2215 2443 2513 2508 ὑπόστασις
2548 2445 2651 2513 τῆς
2684 2446 2847 2514 ἁγίας
2876 2447 3106 2516 Τριάδος
3142 2447 3297 2512 ἐστὶ,
3329 2447 3424 2501 δύο
3470 2450 3665 2519 φύσεις

2082 2536 2240 2605 ἔχων,
2294 2535 2455 2604 φύσιν
2488 2553 2547 2590 τε
2580 2535 2752 2602 θείαν,
2790 2539 2885 2591 καὶ
2928 2538 3092 2607 φύσιν
3132 2538 3507 2610 ἀνθρωπίνην.
3553 2542 3665 2595 Καὶ

2081 2628 2271 2680 τούτου
2301 2627 2459 2700 χάριν
2491 2628 2580 2681 ἐπ’
2608 2628 2757 2700 αὑτῷ
2791 2629 3051 2700 συνῆλθον
3077 2631 3379 2701 ἀμφότεροι
3427 2633 3476 2685 oi
3512 2632 3663 2701 λόγοι

2082 2717 2247 2771 αὑτοῦ
2271 2735 2331 2773 τε
2364 2720 2493 2790 περὶ
2526 2720 2724 2774 ἑαυτοῦ
2760 2721 3065 2791 εἰρηκότος,
3098 2722 3235 2777 Τίνα
3257 2740 3335 2791 με
3366 2722 3664 2793 λέγουσιν

2080 2805 2233 2864 εἶναι
2264 2810 2370 2865 τὸν
2424 2811 2562 2865 Υιὸν
2599 2806 2707 2867 τοῦ
2760 2812 3122 2882 ἀνθρώπους
3171 2815 3267 2868 καὶ
3321 2816 3418 2868 τοῦ
3452 2817 3664 2887 Πέτρου

2082 2902 2539 2973 ἀποκριναμένου,
2566 2904 2650 2959 Σὺ
2674 2900 2730 2959 ει
2756 2908 2790 2959 ό
2822 2906 3099 2974 Χριστὸς.
3143 2910 3178 2961 ό
3216 2906 3350 2974 Υιὸς
3373 2907 3480 2963 τοῦ
3513 2911 3663 2964 Θεοῦ

2080 2994 2186 3049 τοῦ
2212 2993 2445 3062 ζῶντος.
2485 2994 2537 3051 ι’.
2576 2998 2716 3051 Ἐτν
2751 2998 2812 3050 Ei
2849 2999 2978 3066 μιᾶς
3025 2997 3243 3067 φύσεώς
3284 3001 3433 3054 ἐστιν
3464 3001 3495 3053 ό
3524 3003 3664 3072 Χρι-

2082 3084 2207 3149 στὸς
2260 3086 2398 3156 μετά
2444 3087 2543 3157 τὴν
2576 3087 2799 3150 ἕνωσιν,
2831 3087 3048 3157 ἀνάγκη
3078 3088 3174 3158 τὴν
3204 3088 3389 3157 φύσιν,
3445 3091 3573 3144 καθ’
3593 3092 3662 3161 ἦν

2080 3175 2229 3230 ἐστιν
2255 3178 2284 3230 ό
2310 3177 2541 3247 Χριστὸς
2572 3180 2702 3250 μιᾶς
2724 3179 2960 3249 φύσεως,
2990 3178 3024 3249 ἦ
3083 3180 3268 3252 κοινὴν
3300 3175 3461 3244 εἶναι,
3499 3183 3533 3254 ἦ
3560 3183 3663 3236 16t-

2080 3266 2202 3337 κήν.
2230 3266 2341 3321 Καὶ
2372 3267 2421 3319 εί
2455 3267 2553 3338 μὲν
2603 3269 2789 3339 κοινὴν
2833 3268 3080 3334 εἰπόντες
3131 3269 3333 3339 δοίητε,
3371 3272 3664 3341 συμϐαίνει

2080 3358 2251 3431 αὐτὴν
2279 3358 2417 3413 κατά
2463 3358 2723 3414 πλειόνων
2772 3359 3053 3430 φέρεσθαι.
3102 3362 3299 3432 Εὑρεῖν
3355 3362 3414 3415 δὲ
3466 3362 3664 3427 ἄλλους

2079 3449 2366 3520 Χριστοὺς,
2402 3449 2738 3521 ἢγενέσθαι,
2773 3451 2897 3503 καθ’
2930 3445 3005 3505 ὧν
3042 3450 3182 3519 αὕτη
3215 3453 3248 3522 ή
3303 3454 3459 3522 κοινή
3498 3453 3664 3522 φύσις

2080 3539 2609 3611 κατηγορηθήσεται,
2658 3538 2769 3593 τῶν
2796 3539 3078 3594 ἀδυνάτων
3122 3541 3291 3596 ἐστίν.
3324 3533 3389 3597 ΕΞ
3421 3544 3479 3597 δὲ
3516 3545 3660 3615 ίδική

2078 3633 2216 3698 ἐστι,
2246 3631 2442 3684 ταυτὸν
2471 3631 2623 3685 ἔσται
2653 3635 2717 3703 τῇ
2738 3633 3052 3687 ὑποστάσει.
3082 3634 3142 3688 El
3160 3634 3228 3687 »δὲ
3245 3634 3422 3701 τοῦτο,
3442 3636 3661 3709 ἀνάγκη

2078 3724 2226 3776 πᾶσα
2255 3723 2377 3777 καθ’
2408 3724 2575 3792 ὑμᾶς,
2618 3722 2710 3777 τὸν
2738 3724 2977 3795 Πατέρα,
3014 3724 3106 3778 καὶ
3159 3726 3251 3778 τὸν
3279 3725 3432 3793 Υίὺν,
3470 3727 3567 3781 καὶ⁵
3602 3728 3664 3781 τὸ

2079 3813 2302 3883 Πνεῦμα
2326 3813 2387 3866 τδ
2416 3812 2591 3881 ἀγιον,
2622 3817 2771 3883 τρεῖς
2806 3814 3038 3885 μερικάς
3070 3815 3417 3885 ἀριθμεῖσθαι
3445 3816 3662 3884 φύσεις,

2078 3905 2171 3957 καὶ
2202 3904 2349 3974 τρεῖς
2380 3904 2752 3974 ὁμολογεῖσθαι
2777 3904 2957 3969 θεοὺς,
2994 3908 3090 3959 καὶ
3136 3908 3282 3975 τρεῖς
3320 3905 3605 3978 θεότητας,
3632 3908 3663 3962 ὅ

2077 3997 2141 4067 δὴ
2170 3994 2529 4066 βλασφημιῶν
2550 3996 2697 4049 ἐστιν
2723 3994 2949 4049 ἀπασῶν
2978 3995 3279 4068 ἀκροτάτη,
3307 3998 3510 4068 μᾶλλον
3562 4000 3663 4053 καὶ

2076 4088 2169 4141 τοῦ
2204 4086 2629 4158 Χριστιανισμοῦ
2669 4087 2870 4150 παντὸς
2892 4088 3147 4159 ἄρνησις.
3174 4089 3250 4143 Οὑ
3273 4088 3381 4159 γὰρ
3411 4089 3563 4143 ἔστιν
3586 4093 3662 4144 εί-

2077 4180 2198 4234 πεῖν
2231 4177 2459 4233 καθόλου
2492 4176 2769 4250 τὴνφύσιν
2800 4178 3118 4243 ὑπόστασιν,
3160 4179 3193 4250 ἢ
3228 4178 3328 4249 τὴν
3354 4180 3661 4235 ὑπόστασιν

2076 4270 2259 4341 φύσιν,
2290 4270 2377 4324 ἵνα
2406 4271 2480 4342 μὴ
2504 4271 2637 4325 πᾶσι
2662 4269 2776 4333 τοῖς
2815 4270 3165 4341 Χριστιανοῖς
3196 4272 3540 4341 συμϐήσεται
3568 4274 3661 4327 λέ-

2076 4379 2193 4432 γειν
2218 4361 2310 4415 τὸν
2342 4361 2582 4431 Πατέρα,
2630 4361 2726 4415 καὶ
2758 4360 2851 4415 τὸν
2880 4361 3041 4426 Υίὸν,
3086 4362 3181 4415 καὶ
3220 4362 3281 4416 τὸ
3323 4362 3553 4434 Πνεῦμα
3597 4366 3662 4419 τὸ

2075 4454 2229 4523 ἀγιον
2260 4455 2407 4526 τρεῖς
2432 4452 2645 4521 φύσεις,
2693 4452 2831 4524 ὅπερ
2882 4454 2998 4506 ἐστὶ
3032 4455 3179 4524 τρεῖς
3212 4452 3565 4521 ὑποστάσεις,
3624 4458 3657 4528 ἢ

391 4532 657 4601 elliciant,
719 4542 824 4595 tale
881 4544 1158 4601 decretum
1225 4558 1279 4605 et
1334 4551 1504 4623 legem
1580 4532 1884 4618 naturalem
1935 4578 1963 4618 a

2077 4547 2207 4613 μίαν
2235 4544 2433 4608 αὑτοὺς
2464 4543 2608 4613 ἔχειν
2632 4544 2948 4609 ὑπόστασιν,
2978 4545 3036 4598 ὃν
3078 4545 3282 4617 τρόπον
3317 4547 3447 4617 μίαν
3476 4548 3660 4618 ἔχουσι

391 4623 651 4682 Creatore
681 4631 1019 4700 accipientis,
1055 4647 1112 4691 ut
1137 4653 1202 4693 ex
1245 4641 1359 4713 lege
1405 4654 1617 4703 natura:
1666 4651 1864 4707 similia
1903 4669 1967 4708 cx

2077 4634 2268 4704 φύσιν·
2303 4634 2591 4706 ἀμφότερα
2628 4634 2685 4687 δὲ
2740 4634 2841 4704 τῆς
2873 4634 2983 4687 τῶν
3034 4636 3382 4706 Χριστιανῶν
3415 4638 3659 4702 πίστεως

391 4716 662 4775 similibus
702 4724 1005 4779 secundum
1055 4734 1459 4790 successionem
1508 4752 1886 4807 procreentur,
1915 4745 1969 4799 in

394 4808 626 4866 Domino
697 4829 827 4869 vero
871 4816 1149 4874 unitarum
1196 4832 1545 4894 naturarum,
1581 4830 1696 4886 haec
1747 4834 1966 4904 quidem

391 4901 511 4954 sine
556 4902 826 4974 principio
888 4915 972 4963 est
1019 4917 1071 4963 et
1114 4920 1240 4967 ante
1299 4929 1462 4972 omne
1513 4901 1969 4991 tempus,‘aitera

388 4988 716 5060 principium
763 4993 942 5061 habet,
999 5004 1054 5051 et
1102 4999 1204 5054 sub
1238 5009 1481 5073 tempore
1514 4988 1642 5073 est,
1670 5021 1844 5077 neque
1888 5010 1969 5065 l'a-

387 5090 489 5137 cta:
525 5094 654 5139 sunt
681 5086 893 5156 species
945 5088 1014 5145 ad
1053 5093 1505 5161 complementum
1541 5100 1815 5169 universi,
1844 5119 1967 5159 cum

388 5175 685 5231 cessaverit
724 5176 869 5233 Deus
901 5180 970 5234 ab
990 5184 1248 5251 operibus
1281 5187 1395 5241 suis
1443 5189 1531 5245 die
1574 5195 1837 5261 septimo;
1870 5210 1968 5249 ne-

387 5281 495 5335 que
549 5269 872 5324 naturaliter
916 5270 1247 5341 ﬂoruerunt,
1286 5286 1379 5332 aut
1420 5290 1629 5334 natura:
1681 5281 1779 5351 legi
1839 5284 1969 5338 sub-

387 5355 615 5425 duntur,
650 5368 762 5415 uta
791 5360 1012 5419 Christo
1062 5376 1411 5437 generentur,
1442 5381 1497 5425 et
1547 5373 1783 5441 speciem
1832 5388 1965 5429 con-

386 5450 615 5506 stituant
653 5451 1022 5524 Christurum,
1059 5460 1356 5516 multarum
1397 5462 1762 5532 hypostaseon
1800 5480 1965 5534 capa-

385 5557 526 5608 cem,
560 5545 653 5601 sed
692 5564 855 5602 unam
895 5549 1229 5622 hypostasim
1260 5553 1617 5624 compositam
1651 5570 1717 5609 ex
1752 5554 1963 5611 duabus

392 5635 625 5701 naturis,
687 5647 740 5694 et
788 5639 842 5694 in
893 5642 1108 5699 duabus
1164 5645 1394 5710 naturis,
1448 5654 1501 5700 ct
1552 5646 1689 5700 duas
1739 5655 1965 5703 naturas

364 5725 698 5796 habentem,
731 5747 1060 5805 quacunque
1108 5745 1301 5791 natura
1349 5747 1469 5806 post
1500 5736 1755 5792 unionem
1778 5778 1794 5802 ,
1835 5754 1963 5808 pro-

387 5818 558 5887 priam
592 5821 986 5897 deﬁnitionem,
1026 5837 1079 5884 et
1116 5828 1308 5901 legem,
1340 5837 1393 5885 et
1433 5837 1673 5884 mutuam
1705 5828 1960 5885 dill'ercm

2070 4726 2343 4796 ἀλλότρια.
2378 4724 2467 4780 ια’.
2502 4725 2647 4779 Ἔτισ
2686 4727 2748 4779 Εἰ
2804 4728 2933 4796 μιᾶς
2966 4726 3183 4795 φύσεως
3227 4729 3320 4782 τὸν
3362 4729 3658 4801 ἄνθρωπον

2069 4818 2197 4872 ὅντα
2212 4818 2279 4871 τά
2314 4817 2455 4888 μέρη
2486 4817 2603 4887 ἅμα
2628 4817 2692 4870 ὲκ
2716 4816 2812 4870 τοῦ
2849 4817 2925 4889 μὴ
2956 4818 3109 4882 ὄντος
3129 4821 3210 4883 είς
3241 4819 3303 4872 τὸ
3335 4815 3474 4875 εἶναι
3508 4840 3657 4891 παρ-

2070 4908 2293 4977 αγαγὼν
2344 4909 2545 4980 ἔσχηκε
2580 4908 2714 4980 πρὸς
2747 4910 3141 4979 συμπλήρωσιν
3173 4911 3266 4965 τοῦ
3306 4913 3531 4978 παντὸς,
3559 4915 3656 4967 καὶ

2068 5000 2291 5055 δυνατὸν
2315 5000 2382 5054 τὰ
2410 4999 2687 5070 όμόχρονα
2711 4998 2841 5069 μίαν
2871 4997 3033 5069 φύσιν
3055 5001 3339 5055 ἀποτελεῖν
3373 5001 3653 5070 σύνθετον,

2067 5093 2307 5148 τοιοῦτον
2331 5094 2455 5166 ὅρον
2483 5092 2579 5149 καὶ
2600 5092 2829 5162 φυσικὸν
2844 5093 3008 5165 νόμον
3030 5097 3181 5165 παρὰ
3196 5094 3290 5148 τοῦ
3303 5097 3654 5169 Δημιουργοῦ

2069 5186 2355 5257 δεχόμενα,
2413 5185 2555 5240 ὥστε
2583 5185 2799 5256 φύσεως
2848 5185 2997 5257 νόμῳ
3031 5187 3174 5241 κοιτά
3205 5187 3461 5257 διαδοχὴν
3486 5189 3653 5259 ὃμοια

2068 5276 2128 5340 ἐξ
2147 5275 2345 5345 ὁμοίων
2375 5275 2623 5344 γενέσθαι
2648 5294 2662 5308 ·
2695 5277 2786 5329 ἐπὶ
2816 5275 2872 5329 δὲ
2904 5276 2997 5328 τοῦ
3026 5276 3232 5346 Κυρίου
3290 5278 3402 5332 τῶν
3431 5280 3653 5335 ἑνωθει-

2069 5368 2177 5419 σῶν
2200 5366 2414 5434 φύσεων
2467 5368 2499 5436 ή
2550 5368 2649 5437 μὲν
2697 5368 2929 5438 ἀναρχός
2958 5369 3073 5421 ἐστι
3113 5368 3205 5421 καὶ
3240 5369 3491 5441 άχρονος,
3523 5375 3557 5443 ή
3595 5374 3654 5427 δὲ

2066 5458 2317 5529 ἠργμένη
2346 5458 2440 5512 καὶ
2466 5458 2569 5511 ὑπὸ
2591 5458 2803 5529 χρόνον,
2821 5461 2914 5512 καὶ
2941 5460 3003 5512 οὑ
3030 5460 3321 5530 γεγόνασιν
3342 5457 3484 5527 εἶδος
3513 5466 3652 5535 πρὸς

2068 5550 2461 5621 συμπλήρωσιν
2529 5549 2623 5603 τοῦ
2677 5549 2916 5614 παντός’
2953 5552 3078 5604 ἐπεὶ
3124 5552 3187 5605 οὑ
3241 5553 3597 5609 κατέπαυσεν
3622 5558 3654 5611 ό

2065 5642 2199 5706 Θεὸς
2248 5641 2356 5696 ἀπὸ
2387 5641 2497 5696 τῶν
2548 5640 2725 5713 ἔργων
2773 5640 2940 5696 αὑτοῦ
2982 5645 3046 5713 τῇ
3084 5643 3265 5715 ήμέρᾳ
3296 5646 3361 5715 τῇ
3417 5644 3646 5717 ἑϐδόμῃ,

2065 5734 2190 5789 οὔτε
2218 5734 2461 5803 φυσικῶς
2490 5734 2749 5805 ήνθησαν,
2780 5734 2818 5805 ἢ
2840 5734 2944 5788 ὑπὸ
2970 5734 3185 5803 φύσεως
3221 5736 3347 5808 ὅρον
3375 5737 3645 5799 τελοῦσιν,

2066 5825 2205 5881 ὥστε
2236 5825 2348 5881 ἀπὸ
2377 5825 2609 5895 Χριστοῦ
2639 5825 2949 5897 γεννᾶσθαι,
2972 5827 3065 5881 καὶ
3096 5823 3234 5891 εἶδος
3265 5827 3645 5883 ἀποτελεῖσθαι
