  <div class='ocr_page' id='page_1' title='image "/cluster/home/n/w/nwhite01/storage/ocr_20150623/105/hvd.32044013678347/330.png"; bbox 0 0 3994 6594; ppageno 0'>
   <div class='ocr_carea' id='block_1_1' title="bbox 305 437 409 502">
    <p class='ocr_par' dir='ltr' id='par_1_1' title="bbox 305 437 409 502">
     <span class='ocr_line' id='line_1_1' title="bbox 305 437 409 502; baseline 0 0"><span class='ocrx_word' id='word_1_1' title='bbox 305 437 409 502; x_wconf 69' lang='grc'><strong>641</strong></span> 
     </span>
    </p>
   </div>
   <div class='ocr_carea' id='block_1_2' title="bbox 1172 436 2719 502">
    <p class='ocr_par' dir='ltr' id='par_1_2' title="bbox 1172 436 2719 502">
     <span class='ocr_line' id='line_1_2' title="bbox 1172 436 2719 502; baseline 0.003 -4"><span class='ocrx_word' id='word_1_2' title='bbox 1172 437 1606 501; x_wconf 80' lang='lat' dir='ltr'><strong>REFUTATIO</strong></span> <span class='ocrx_word' id='word_1_3' title='bbox 1643 436 2029 499; x_wconf 75' lang='lat' dir='ltr'><strong>EPISTOL/E</strong></span> <span class='ocrx_word' id='word_1_4' title='bbox 2056 439 2287 501; x_wconf 83' lang='lat' dir='ltr'><strong>REGIS</strong></span> <span class='ocrx_word' id='word_1_5' title='bbox 2325 440 2719 502; x_wconf 75' lang='lat' dir='ltr'><strong>ARMENUE.</strong></span> 
     </span>
    </p>
   </div>
   <div class='ocr_carea' id='block_1_3' title="bbox 3451 408 3651 510">
    <p class='ocr_par' dir='ltr' id='par_1_3' title="bbox 3451 408 3651 510">
     <span class='ocr_line' id='line_1_3' title="bbox 3451 408 3651 510; baseline -0.005 0"><span class='ocrx_word' id='word_1_6' title='bbox 3451 444 3559 510; x_wconf 62' lang='grc' dir='ltr'>διε</span> <span class='ocrx_word' id='word_1_7' title='bbox 3644 408 3651 414; x_wconf 65' lang='grc'><em>’</em></span> 
     </span>
    </p>
   </div>
   <div class='ocr_carea' id='block_1_4' title="bbox 303 552 1912 635">
    <p class='ocr_par' dir='ltr' id='par_1_4' title="bbox 303 552 1892 629">
     <span class='ocr_line' id='line_1_4' title="bbox 303 552 1892 629; baseline -0.002 -17"><span class='ocrx_word' id='word_1_8' title='bbox 303 555 597 629; x_wconf 82' lang='grc' dir='ltr'>Χριστῶν,</span> <span class='ocrx_word' id='word_1_9' title='bbox 650 553 1000 628; x_wconf 79' lang='grc' dir='ltr'>περιεκτικδν</span> <span class='ocrx_word' id='word_1_10' title='bbox 1050 552 1263 609; x_wconf 81' lang='grc' dir='ltr'>πολλῶν</span> <span class='ocrx_word' id='word_1_11' title='bbox 1305 554 1701 622; x_wconf 82' lang='grc' dir='ltr'>ὑποστάσεων,</span> <span class='ocrx_word' id='word_1_12' title='bbox 1753 554 1892 610; x_wconf 82' lang='grc' dir='ltr'><strong>ἀλλά</strong></span> 
     </span>
    </p>
   </div>
   <div class='ocr_carea' id='block_1_5' title="bbox 2001 552 3586 635">
    <p class='ocr_par' dir='ltr' id='par_1_5' title="bbox 2001 555 3586 635">
     <span class='ocr_line' id='line_1_5' title="bbox 2001 555 3586 635; baseline 0.006 -25"><span class='ocrx_word' id='word_1_13' title='bbox 2001 555 2124 611; x_wconf 88' lang='lat' dir='ltr'><strong>tiam</strong></span> <span class='ocrx_word' id='word_1_14' title='bbox 2183 564 2567 613; x_wconf 87' lang='lat' dir='ltr'><strong>conservante.</strong></span> <span class='ocrx_word' id='word_1_15' title='bbox 2624 558 2713 614; x_wconf 73' lang='lat' dir='ltr'><strong>l2.</strong></span> <span class='ocrx_word' id='word_1_16' title='bbox 2768 557 2926 627; x_wconf 87' lang='lat' dir='ltr'><strong>Item,</strong></span> <span class='ocrx_word' id='word_1_17' title='bbox 2989 558 3046 615; x_wconf 89' lang='lat' dir='ltr'><strong>Si</strong></span> <span class='ocrx_word' id='word_1_18' title='bbox 3096 558 3327 618; x_wconf 67' lang='lat' dir='ltr'><strong>diversae</strong></span> <span class='ocrx_word' id='word_1_19' title='bbox 3384 563 3586 635; x_wconf 79' lang='lat' dir='ltr'><strong>speciei</strong></span> 
     </span>
    </p>
   </div>
   <div class='ocr_carea' id='block_1_6' title="bbox 306 646 1888 722">
    <p class='ocr_par' dir='ltr' id='par_1_6' title="bbox 306 646 1888 722">
     <span class='ocr_line' id='line_1_6' title="bbox 306 646 1888 722; baseline -0.001 -19"><span class='ocrx_word' id='word_1_20' title='bbox 306 651 438 722; x_wconf 86' lang='grc' dir='ltr'>μίαν</span> <span class='ocrx_word' id='word_1_21' title='bbox 466 648 766 704; x_wconf 71' lang='grc' dir='ltr'>ὑπόστασιν</span> <span class='ocrx_word' id='word_1_22' title='bbox 796 646 1072 713; x_wconf 88' lang='grc' dir='ltr'>σύνθετον,</span> <span class='ocrx_word' id='word_1_23' title='bbox 1096 648 1162 702; x_wconf 71' lang='grc' dir='ltr'><strong>ἐκ</strong></span> <span class='ocrx_word' id='word_1_24' title='bbox 1190 646 1286 702; x_wconf 90' lang='grc' dir='ltr'><strong>δύο</strong></span> <span class='ocrx_word' id='word_1_25' title='bbox 1314 647 1554 719; x_wconf 87' lang='grc' dir='ltr'>φύσεων,</span> <span class='ocrx_word' id='word_1_26' title='bbox 1588 648 1684 703; x_wconf 76' lang='grc' dir='ltr'><strong>καὶ</strong></span> <span class='ocrx_word' id='word_1_27' title='bbox 1713 651 1771 702; x_wconf 83' lang='grc' dir='ltr'>ὲν</span> <span class='ocrx_word' id='word_1_28' title='bbox 1794 648 1888 702; x_wconf 90' lang='grc' dir='ltr'><strong>δύο</strong></span> 
     </span>
    </p>
   </div>
   <div class='ocr_carea' id='block_1_7' title="bbox 302 738 1887 812">
    <p class='ocr_par' dir='ltr' id='par_1_7' title="bbox 302 738 1887 812">
     <span class='ocr_line' id='line_1_7' title="bbox 302 738 1887 812; baseline -0.001 -17"><span class='ocrx_word' id='word_1_29' title='bbox 302 742 556 811; x_wconf 81' lang='grc' dir='ltr'>φύσεσιν,</span> <span class='ocrx_word' id='word_1_30' title='bbox 594 739 809 793; x_wconf 73' lang='grc' dir='ltr'>καὶδύο</span> <span class='ocrx_word' id='word_1_31' title='bbox 840 738 1033 807; x_wconf 80' lang='grc' dir='ltr'>φύσεις</span> <span class='ocrx_word' id='word_1_32' title='bbox 1081 740 1332 812; x_wconf 75' lang='grc' dir='ltr'>ἔχουσαν,</span> <span class='ocrx_word' id='word_1_33' title='bbox 1375 740 1612 811; x_wconf 71' lang='grc' dir='ltr'>ἑκάστης</span> <span class='ocrx_word' id='word_1_34' title='bbox 1668 740 1887 809; x_wconf 84' lang='grc' dir='ltr'>φύσεως</span> 
     </span>
    </p>
   </div>
   <div class='ocr_carea' id='block_1_8' title="bbox 302 831 1890 904">
    <p class='ocr_par' dir='ltr' id='par_1_8' title="bbox 302 831 1890 904">
     <span class='ocr_line' id='line_1_8' title="bbox 302 831 1890 904; baseline -0.001 -16"><span class='ocrx_word' id='word_1_35' title='bbox 302 833 399 888; x_wconf 70' lang='grc' dir='ltr'><strong>καὶ</strong></span> <span class='ocrx_word' id='word_1_36' title='bbox 426 833 569 903; x_wconf 86' lang='grc' dir='ltr'><strong>μετά</strong></span> <span class='ocrx_word' id='word_1_37' title='bbox 616 831 714 902; x_wconf 79' lang='grc' dir='ltr'>τὴν</span> <span class='ocrx_word' id='word_1_38' title='bbox 745 831 940 886; x_wconf 74' lang='grc' dir='ltr'>ἕνωσιν</span> <span class='ocrx_word' id='word_1_39' title='bbox 990 831 1368 902; x_wconf 78' lang='grc' dir='ltr'><strong>φυλαττούσης</strong></span> <span class='ocrx_word' id='word_1_40' title='bbox 1414 832 1505 886; x_wconf 80' lang='grc' dir='ltr'>τὸν</span> <span class='ocrx_word' id='word_1_41' title='bbox 1536 835 1737 886; x_wconf 86' lang='grc' dir='ltr'>οίκείον</span> <span class='ocrx_word' id='word_1_42' title='bbox 1765 834 1890 904; x_wconf 86' lang='grc' dir='ltr'>ὃρον</span> 
     </span>
    </p>
   </div>
   <div class='ocr_carea' id='block_1_9' title="bbox 300 921 1888 994">
    <p class='ocr_par' dir='ltr' id='par_1_9' title="bbox 300 921 1888 994">
     <span class='ocr_line' id='line_1_9' title="bbox 300 921 1888 994; baseline 0.003 -19"><span class='ocrx_word' id='word_1_43' title='bbox 300 940 363 976; x_wconf 86' lang='grc' dir='ltr'><strong>τε</strong></span> <span class='ocrx_word' id='word_1_44' title='bbox 430 922 527 977; x_wconf 73' lang='grc' dir='ltr'><strong>καὶ</strong></span> <span class='ocrx_word' id='word_1_45' title='bbox 598 922 785 993; x_wconf 87' lang='grc' dir='ltr'>νόμον,</span> <span class='ocrx_word' id='word_1_46' title='bbox 850 922 945 975; x_wconf 82' lang='grc' dir='ltr'><strong>καὶ</strong></span> <span class='ocrx_word' id='word_1_47' title='bbox 1010 921 1110 993; x_wconf 82' lang='grc' dir='ltr'>τὴν</span> <span class='ocrx_word' id='word_1_48' title='bbox 1178 922 1314 992; x_wconf 75' lang='grc' dir='ltr'>πρὸς</span> <span class='ocrx_word' id='word_1_49' title='bbox 1363 921 1567 994; x_wconf 81' lang='grc' dir='ltr'>ἄλληλα</span> <span class='ocrx_word' id='word_1_50' title='bbox 1600 923 1888 993; x_wconf 84' lang='grc' dir='ltr'>διαφοράν.</span> 
     </span>
    </p>
   </div>
   <div class='ocr_carea' id='block_1_10' title="bbox 305 1014 1891 1088">
    <p class='ocr_par' dir='ltr' id='par_1_10' title="bbox 305 1014 1891 1088">
     <span class='ocr_line' id='line_1_10' title="bbox 305 1014 1891 1088; baseline 0.001 -19"><span class='ocrx_word' id='word_1_51' title='bbox 305 1014 394 1085; x_wconf 80' lang='grc' dir='ltr'><strong>ιβ’.</strong></span> <span class='ocrx_word' id='word_1_52' title='bbox 438 1016 580 1070; x_wconf 83' lang='grc' dir='ltr'>Ἔτι·</span> <span class='ocrx_word' id='word_1_53' title='bbox 608 1016 672 1069; x_wconf 78' lang='lat' dir='ltr'><strong>Et</strong></span> <span class='ocrx_word' id='word_1_54' title='bbox 701 1016 756 1069; x_wconf 86' lang='grc' dir='ltr'><strong>αί</strong></span> <span class='ocrx_word' id='word_1_55' title='bbox 784 1015 1103 1086; x_wconf 83' lang='grc' dir='ltr'>ὲτεροειδεϊς</span> <span class='ocrx_word' id='word_1_56' title='bbox 1143 1017 1471 1080; x_wconf 80' lang='grc' dir='ltr'><strong>ὑποστάσεις</strong></span> <span class='ocrx_word' id='word_1_57' title='bbox 1504 1017 1602 1088; x_wconf 89' lang='grc' dir='ltr'><strong>οὑχ</strong></span> <span class='ocrx_word' id='word_1_58' title='bbox 1659 1018 1891 1072; x_wconf 86' lang='grc' dir='ltr'>ὑποστα-</span> 
     </span>
    </p>
   </div>
   <div class='ocr_carea' id='block_1_11' title="bbox 302 1104 1893 1180">
    <p class='ocr_par' dir='ltr' id='par_1_11' title="bbox 302 1104 1893 1180">
     <span class='ocr_line' id='line_1_11' title="bbox 302 1104 1893 1180; baseline 0.003 -22"><span class='ocrx_word' id='word_1_59' title='bbox 302 1108 433 1177; x_wconf 83' lang='grc' dir='ltr'>τικῇ</span> <span class='ocrx_word' id='word_1_60' title='bbox 493 1104 877 1176; x_wconf 82' lang='grc' dir='ltr'>συγκρίνονται</span> <span class='ocrx_word' id='word_1_61' title='bbox 934 1105 967 1175; x_wconf 80' lang='grc' dir='ltr'><strong>ἢ</strong></span> <span class='ocrx_word' id='word_1_62' title='bbox 1020 1105 1387 1178; x_wconf 86' lang='grc' dir='ltr'>διακρίνονται</span> <span class='ocrx_word' id='word_1_63' title='bbox 1433 1107 1701 1180; x_wconf 75' lang='grc' dir='ltr'>διαφορᾷ,</span> <span class='ocrx_word' id='word_1_64' title='bbox 1754 1108 1893 1163; x_wconf 86' lang='grc' dir='ltr'><strong>ἀλλά</strong></span> 
     </span>
    </p>
   </div>
   <div class='ocr_carea' id='block_1_12' title="bbox 302 1198 1889 1273">
    <p class='ocr_par' dir='ltr' id='par_1_12' title="bbox 302 1198 1889 1273">
     <span class='ocr_line' id='line_1_12' title="bbox 302 1198 1889 1273; baseline 0.001 -21"><span class='ocrx_word' id='word_1_65' title='bbox 302 1201 537 1271; x_wconf 80' lang='grc' dir='ltr'><strong>φυσικῇ,</strong></span> <span class='ocrx_word' id='word_1_66' title='bbox 597 1198 692 1254; x_wconf 80' lang='grc' dir='ltr'><strong>καὶ</strong></span> <span class='ocrx_word' id='word_1_67' title='bbox 743 1199 800 1253; x_wconf 83' lang='grc' dir='ltr'><strong>αί</strong></span> <span class='ocrx_word' id='word_1_68' title='bbox 869 1200 1135 1269; x_wconf 79' lang='grc' dir='ltr'><strong>ὁμοειδεῖς</strong></span> <span class='ocrx_word' id='word_1_69' title='bbox 1193 1200 1521 1264; x_wconf 82' lang='grc' dir='ltr'>ὑποστάσεις</span> <span class='ocrx_word' id='word_1_70' title='bbox 1575 1200 1635 1254; x_wconf 89' lang='grc' dir='ltr'><strong>οὑ</strong></span> <span class='ocrx_word' id='word_1_71' title='bbox 1684 1204 1889 1273; x_wconf 77' lang='grc' dir='ltr'>φυσικῇ</span> 
     </span>
    </p>
   </div>
   <div class='ocr_carea' id='block_1_13' title="bbox 302 1290 1893 1365">
    <p class='ocr_par' dir='ltr' id='par_1_13' title="bbox 302 1290 1893 1365">
     <span class='ocr_line' id='line_1_13' title="bbox 302 1290 1893 1365; baseline 0.002 -22"><span class='ocrx_word' id='word_1_72' title='bbox 302 1291 692 1363; x_wconf 81' lang='grc' dir='ltr'>ουγκρίνονται</span> <span class='ocrx_word' id='word_1_73' title='bbox 721 1290 754 1362; x_wconf 79' lang='grc' dir='ltr'><strong>ἢ</strong></span> <span class='ocrx_word' id='word_1_74' title='bbox 787 1290 1179 1363; x_wconf 84' lang='grc' dir='ltr'>διακρίνονται,</span> <span class='ocrx_word' id='word_1_75' title='bbox 1235 1292 1351 1346; x_wconf 87' lang='grc' dir='ltr'>ἀλλ’</span> <span class='ocrx_word' id='word_1_76' title='bbox 1402 1292 1767 1365; x_wconf 77' lang='grc' dir='ltr'>ὑποστατικῇ,</span> <span class='ocrx_word' id='word_1_77' title='bbox 1797 1295 1893 1346; x_wconf 72' lang='grc' dir='ltr'>καὶ</span> 
     </span>
    </p>
   </div>
   <div class='ocr_carea' id='block_1_14' title="bbox 300 1382 1893 1457">
    <p class='ocr_par' dir='ltr' id='par_1_14' title="bbox 300 1382 1893 1457">
     <span class='ocr_line' id='line_1_14' title="bbox 300 1382 1893 1457; baseline 0.001 -21"><span class='ocrx_word' id='word_1_78' title='bbox 300 1383 494 1453; x_wconf 86' lang='grc' dir='ltr'>ῶσπερ</span> <span class='ocrx_word' id='word_1_79' title='bbox 520 1383 781 1437; x_wconf 87' lang='grc' dir='ltr'>ἀδύνατον</span> <span class='ocrx_word' id='word_1_80' title='bbox 809 1382 875 1436; x_wconf 87' lang='grc' dir='ltr'><strong>τά</strong></span> <span class='ocrx_word' id='word_1_81' title='bbox 909 1383 1245 1454; x_wconf 83' lang='grc' dir='ltr'>ὑποστατικῇ</span> <span class='ocrx_word' id='word_1_82' title='bbox 1300 1383 1534 1456; x_wconf 75' lang='grc' dir='ltr'>διαφορᾷ</span> <span class='ocrx_word' id='word_1_83' title='bbox 1569 1384 1893 1457; x_wconf 80' lang='grc' dir='ltr'>διαφέροντα</span> 
     </span>
    </p>
   </div>
   <div class='ocr_carea' id='block_1_15' title="bbox 304 1470 1889 1549">
    <p class='ocr_par' dir='ltr' id='par_1_15' title="bbox 304 1470 1889 1549">
     <span class='ocr_line' id='line_1_15' title="bbox 304 1470 1889 1549; baseline 0.003 -22"><span class='ocrx_word' id='word_1_84' title='bbox 304 1476 440 1545; x_wconf 78' lang='grc' dir='ltr'>μιᾶς</span> <span class='ocrx_word' id='word_1_85' title='bbox 469 1470 611 1527; x_wconf 81' lang='grc' dir='ltr'>εἶναι</span> <span class='ocrx_word' id='word_1_86' title='bbox 654 1474 1026 1539; x_wconf 81' lang='grc' dir='ltr'>ὑποστάσεως,</span> <span class='ocrx_word' id='word_1_87' title='bbox 1062 1474 1234 1540; x_wconf 82' lang='grc' dir='ltr'>οὑτως</span> <span class='ocrx_word' id='word_1_88' title='bbox 1291 1476 1555 1531; x_wconf 86' lang='grc' dir='ltr'>ἀδύνατον</span> <span class='ocrx_word' id='word_1_89' title='bbox 1584 1476 1653 1531; x_wconf 77' lang='grc' dir='ltr'><strong>τὰ</strong></span> <span class='ocrx_word' id='word_1_90' title='bbox 1683 1479 1889 1549; x_wconf 83' lang='grc' dir='ltr'>φυσικῇ</span> 
     </span>
    </p>
   </div>
   <div class='ocr_carea' id='block_1_16' title="bbox 299 1563 1892 1639">
    <p class='ocr_par' dir='ltr' id='par_1_16' title="bbox 299 1563 1892 1639">
     <span class='ocr_line' id='line_1_16' title="bbox 299 1563 1892 1639; baseline 0.001 -17"><span class='ocrx_word' id='word_1_91' title='bbox 299 1569 539 1639; x_wconf 78' lang='grc' dir='ltr'>διαφορᾷ</span> <span class='ocrx_word' id='word_1_92' title='bbox 565 1567 890 1638; x_wconf 80' lang='grc' dir='ltr'>διαφέροντα</span> <span class='ocrx_word' id='word_1_93' title='bbox 927 1569 1058 1639; x_wconf 79' lang='grc' dir='ltr'>μιᾶς</span> <span class='ocrx_word' id='word_1_94' title='bbox 1106 1563 1247 1622; x_wconf 74' lang='grc' dir='ltr'>εἶναι</span> <span class='ocrx_word' id='word_1_95' title='bbox 1299 1568 1516 1638; x_wconf 91' lang='grc' dir='ltr'>φύσεως</span> <span class='ocrx_word' id='word_1_96' title='bbox 1548 1586 1564 1601; x_wconf 87' lang='grc'><strong>·</strong></span> <span class='ocrx_word' id='word_1_97' title='bbox 1622 1572 1724 1624; x_wconf 86' lang='grc' dir='ltr'>οὑκ</span> <span class='ocrx_word' id='word_1_98' title='bbox 1780 1571 1892 1639; x_wconf 75' lang='grc' dir='ltr'>ἄρα</span> 
     </span>
    </p>
   </div>
   <div class='ocr_carea' id='block_1_17' title="bbox 299 1658 1892 1732">
    <p class='ocr_par' dir='ltr' id='par_1_17' title="bbox 299 1658 1892 1732">
     <span class='ocr_line' id='line_1_17' title="bbox 299 1658 1892 1732; baseline 0.002 -20"><span class='ocrx_word' id='word_1_99' title='bbox 299 1659 456 1715; x_wconf 76' lang='grc' dir='ltr'>ἔστιν</span> <span class='ocrx_word' id='word_1_100' title='bbox 484 1660 663 1713; x_wconf 80' lang='grc' dir='ltr'>είπετν</span> <span class='ocrx_word' id='word_1_101' title='bbox 689 1659 819 1729; x_wconf 90' lang='grc' dir='ltr'>μίαν</span> <span class='ocrx_word' id='word_1_102' title='bbox 849 1658 1009 1727; x_wconf 89' lang='grc' dir='ltr'>φύσιν</span> <span class='ocrx_word' id='word_1_103' title='bbox 1031 1659 1126 1712; x_wconf 72' lang='grc' dir='ltr'><strong>ἐπὶ</strong></span> <span class='ocrx_word' id='word_1_104' title='bbox 1154 1659 1249 1713; x_wconf 91' lang='grc' dir='ltr'><strong>τοῦ</strong></span> <span class='ocrx_word' id='word_1_105' title='bbox 1278 1660 1483 1731; x_wconf 82' lang='grc' dir='ltr'>Κυρίου</span> <span class='ocrx_word' id='word_1_106' title='bbox 1516 1661 1550 1731; x_wconf 79' lang='grc' dir='ltr'>ἡ</span> <span class='ocrx_word' id='word_1_107' title='bbox 1561 1660 1678 1730; x_wconf 89' lang='grc' dir='ltr'><strong>μῶν</strong></span> <span class='ocrx_word' id='word_1_108' title='bbox 1716 1660 1892 1732; x_wconf 86' lang='grc' dir='ltr'>Ἰησοῦ</span> 
     </span>
    </p>
   </div>
   <div class='ocr_carea' id='block_1_18' title="bbox 282 1744 1896 1822">
    <p class='ocr_par' dir='ltr' id='par_1_18' title="bbox 282 1744 1896 1822">
     <span class='ocr_line' id='line_1_18' title="bbox 282 1744 1896 1822; baseline 0.002 -19"><span class='ocrx_word' id='word_1_109' title='bbox 282 1748 568 1822; x_wconf 83' lang='grc' dir='ltr'>Χριστοῦ,</span> <span class='ocrx_word' id='word_1_110' title='bbox 627 1750 743 1805; x_wconf 85' lang='grc' dir='ltr'>ἀλλ’</span> <span class='ocrx_word' id='word_1_111' title='bbox 777 1752 841 1805; x_wconf 79' lang='grc' dir='ltr'><strong>ὲκ</strong></span> <span class='ocrx_word' id='word_1_112' title='bbox 868 1749 962 1804; x_wconf 90' lang='grc' dir='ltr'><strong>δύο</strong></span> <span class='ocrx_word' id='word_1_113' title='bbox 1000 1749 1217 1820; x_wconf 84' lang='grc' dir='ltr'>φύσεων</span> <span class='ocrx_word' id='word_1_114' title='bbox 1249 1751 1489 1818; x_wconf 83' lang='grc' dir='ltr'>τελείων,</span> <span class='ocrx_word' id='word_1_115' title='bbox 1521 1744 1672 1817; x_wconf 86' lang='grc' dir='ltr'>θείας</span> <span class='ocrx_word' id='word_1_116' title='bbox 1701 1770 1759 1806; x_wconf 93' lang='grc' dir='ltr'><strong>τε</strong></span> <span class='ocrx_word' id='word_1_117' title='bbox 1799 1753 1896 1807; x_wconf 75' lang='grc' dir='ltr'><strong>καὶ</strong></span> 
     </span>
    </p>
   </div>
   <div class='ocr_carea' id='block_1_19' title="bbox 1990 646 3588 724">
    <p class='ocr_par' dir='ltr' id='par_1_19' title="bbox 1990 646 3588 724">
     <span class='ocr_line' id='line_1_19' title="bbox 1990 646 3588 724; baseline 0.006 -22"><span class='ocrx_word' id='word_1_118' title='bbox 1990 646 2313 719; x_wconf 85' lang='lat' dir='ltr'><strong>hypostases</strong></span> <span class='ocrx_word' id='word_1_119' title='bbox 2376 664 2486 705; x_wconf 90' lang='lat' dir='ltr'><strong>non</strong></span> <span class='ocrx_word' id='word_1_120' title='bbox 2576 649 2919 721; x_wconf 76' lang='lat' dir='ltr'><strong>hypostatiea</strong></span> <span class='ocrx_word' id='word_1_121' title='bbox 2987 664 3374 724; x_wconf 76' lang='lat' dir='ltr'><strong>comparantur</strong></span> <span class='ocrx_word' id='word_1_122' title='bbox 3413 696 3430 724; x_wconf 94' lang='lat'><strong>,</strong></span> <span class='ocrx_word' id='word_1_123' title='bbox 3492 666 3588 712; x_wconf 86' lang='lat' dir='ltr'><strong>ant</strong></span> 
     </span>
    </p>
   </div>
   <div class='ocr_carea' id='block_1_20' title="bbox 1991 738 3575 818">
    <p class='ocr_par' dir='ltr' id='par_1_20' title="bbox 1991 738 3575 818">
     <span class='ocr_line' id='line_1_20' title="bbox 1991 738 3575 818; baseline 0.006 -25"><span class='ocrx_word' id='word_1_124' title='bbox 1991 738 2343 810; x_wconf 76' lang='lat' dir='ltr'><strong>disparantur</strong></span> <span class='ocrx_word' id='word_1_125' title='bbox 2398 740 2729 809; x_wconf 76' lang='lat' dir='ltr'><strong>differentia,</strong></span> <span class='ocrx_word' id='word_1_126' title='bbox 2773 744 2867 799; x_wconf 87' lang='lat' dir='ltr'><strong>sed</strong></span> <span class='ocrx_word' id='word_1_127' title='bbox 2909 746 3168 812; x_wconf 88' lang='lat' dir='ltr'><strong>naturali,</strong></span> <span class='ocrx_word' id='word_1_128' title='bbox 3224 756 3280 802; x_wconf 90' lang='lat' dir='ltr'><strong>et</strong></span> <span class='ocrx_word' id='word_1_129' title='bbox 3328 747 3575 818; x_wconf 82' lang='lat' dir='ltr'><strong>ejusdem</strong></span> 
     </span>
    </p>
   </div>
   <div class='ocr_carea' id='block_1_21' title="bbox 1990 832 3591 909">
    <p class='ocr_par' dir='ltr' id='par_1_21' title="bbox 1990 832 3591 909">
     <span class='ocr_line' id='line_1_21' title="bbox 1990 832 3591 909; baseline 0.006 -22"><span class='ocrx_word' id='word_1_130' title='bbox 1990 832 2190 902; x_wconf 82' lang='lat' dir='ltr'><strong>speciei</strong></span> <span class='ocrx_word' id='word_1_131' title='bbox 2225 833 2546 904; x_wconf 83' lang='lat' dir='ltr'><strong>hypostases</strong></span> <span class='ocrx_word' id='word_1_132' title='bbox 2586 850 2697 891; x_wconf 87' lang='lat' dir='ltr'><strong>non</strong></span> <span class='ocrx_word' id='word_1_133' title='bbox 2748 837 2983 891; x_wconf 75' lang='lat' dir='ltr'><strong>naturali</strong></span> <span class='ocrx_word' id='word_1_134' title='bbox 3022 848 3444 909; x_wconf 73' lang='lat' dir='ltr'><strong>comparantur,</strong></span> <span class='ocrx_word' id='word_1_135' title='bbox 3493 850 3591 896; x_wconf 91' lang='lat' dir='ltr'><strong>aut</strong></span> 
     </span>
    </p>
   </div>
   <div class='ocr_carea' id='block_1_22' title="bbox 1989 922 3581 1001">
    <p class='ocr_par' dir='ltr' id='par_1_22' title="bbox 1989 922 3581 1001">
     <span class='ocr_line' id='line_1_22' title="bbox 1989 922 3581 1001; baseline 0.003 -23"><span class='ocrx_word' id='word_1_136' title='bbox 1989 922 2344 994; x_wconf 79' lang='lat' dir='ltr'><strong>disparantur</strong></span> <span class='ocrx_word' id='word_1_137' title='bbox 2374 924 2714 994; x_wconf 71' lang='lat' dir='ltr'><strong>differentia,</strong></span> <span class='ocrx_word' id='word_1_138' title='bbox 2751 926 2847 983; x_wconf 89' lang='lat' dir='ltr'><strong>sed</strong></span> <span class='ocrx_word' id='word_1_139' title='bbox 2882 927 3241 999; x_wconf 88' lang='lat' dir='ltr'><strong>hypostatica,</strong></span> <span class='ocrx_word' id='word_1_140' title='bbox 3298 939 3353 984; x_wconf 89' lang='lat' dir='ltr'><strong>et</strong></span> <span class='ocrx_word' id='word_1_141' title='bbox 3387 946 3581 1001; x_wconf 90' lang='lat' dir='ltr'><strong>quem-</strong></span> 
     </span>
    </p>
   </div>
   <div class='ocr_carea' id='block_1_23' title="bbox 2000 1011 3590 1091">
    <p class='ocr_par' dir='ltr' id='par_1_23' title="bbox 2000 1011 3590 1091">
     <span class='ocr_line' id='line_1_23' title="bbox 2000 1011 3590 1091; baseline 0.003 -21"><span class='ocrx_word' id='word_1_142' title='bbox 2000 1015 2296 1070; x_wconf 83' lang='lat' dir='ltr'><strong>admodum</strong></span> <span class='ocrx_word' id='word_1_143' title='bbox 2363 1015 2480 1071; x_wconf 82' lang='lat' dir='ltr'><strong>ﬁeri</strong></span> <span class='ocrx_word' id='word_1_144' title='bbox 2536 1017 2746 1088; x_wconf 86' lang='lat' dir='ltr'><strong>nequit,</strong></span> <span class='ocrx_word' id='word_1_145' title='bbox 2774 1027 2834 1074; x_wconf 91' lang='lat' dir='ltr'><strong>ut</strong></span> <span class='ocrx_word' id='word_1_146' title='bbox 2887 1034 3011 1089; x_wconf 74' lang='lat' dir='ltr'><strong>qua:</strong></span> <span class='ocrx_word' id='word_1_147' title='bbox 3054 1019 3394 1091; x_wconf 83' lang='lat' dir='ltr'><strong>hypostatica</strong></span> <span class='ocrx_word' id='word_1_148' title='bbox 3434 1011 3590 1076; x_wconf 58' lang='lat' dir='ltr'><strong>dific:-</strong></span> 
     </span>
    </p>
   </div>
   <div class='ocr_carea' id='block_1_24' title="bbox 1992 1105 3589 1181">
    <p class='ocr_par' dir='ltr' id='par_1_24' title="bbox 1992 1105 3589 1181">
     <span class='ocr_line' id='line_1_24' title="bbox 1992 1105 3589 1181; baseline 0.003 -21"><span class='ocrx_word' id='word_1_149' title='bbox 1992 1106 2167 1161; x_wconf 91' lang='lat' dir='ltr'><strong>rentia</strong></span> <span class='ocrx_word' id='word_1_150' title='bbox 2212 1105 2688 1172; x_wconf 89' lang='lat' dir='ltr'><strong>discriminantur,</strong></span> <span class='ocrx_word' id='word_1_151' title='bbox 2736 1108 2903 1165; x_wconf 88' lang='lat' dir='ltr'><strong>unius</strong></span> <span class='ocrx_word' id='word_1_152' title='bbox 2946 1111 3062 1164; x_wconf 86' lang='lat' dir='ltr'><strong>sint</strong></span> <span class='ocrx_word' id='word_1_153' title='bbox 3110 1110 3423 1181; x_wconf 83' lang='lat' dir='ltr'><strong>hypostasis</strong></span> <span class='ocrx_word' id='word_1_154' title='bbox 3450 1150 3465 1175; x_wconf 94' lang='lat'><strong>,</strong></span> <span class='ocrx_word' id='word_1_155' title='bbox 3512 1112 3589 1164; x_wconf 89' lang='lat' dir='ltr'><strong>ita</strong></span> 
     </span>
    </p>
   </div>
   <div class='ocr_carea' id='block_1_25' title="bbox 1994 1195 3591 1267">
    <p class='ocr_par' dir='ltr' id='par_1_25' title="bbox 1994 1195 3591 1267">
     <span class='ocr_line' id='line_1_25' title="bbox 1994 1195 3591 1267; baseline 0.003 -18"><span class='ocrx_word' id='word_1_156' title='bbox 1994 1195 2111 1249; x_wconf 89' lang='lat' dir='ltr'><strong>fieri</strong></span> <span class='ocrx_word' id='word_1_157' title='bbox 2143 1196 2353 1266; x_wconf 88' lang='lat' dir='ltr'><strong>nequit,</strong></span> <span class='ocrx_word' id='word_1_158' title='bbox 2382 1205 2442 1251; x_wconf 94' lang='lat' dir='ltr'><strong>ut</strong></span> <span class='ocrx_word' id='word_1_159' title='bbox 2463 1213 2584 1267; x_wconf 82' lang='lat' dir='ltr'><strong>quae</strong></span> <span class='ocrx_word' id='word_1_160' title='bbox 2605 1198 2886 1253; x_wconf 89' lang='lat' dir='ltr'><strong>essentiali</strong></span> <span class='ocrx_word' id='word_1_161' title='bbox 2910 1198 3222 1254; x_wconf 66' lang='lat' dir='ltr'><strong>differentia</strong></span> <span class='ocrx_word' id='word_1_162' title='bbox 3253 1200 3591 1265; x_wconf 83' lang='lat' dir='ltr'><strong>dividuntur,</strong></span> 
     </span>
    </p>
   </div>
   <div class='ocr_carea' id='block_1_26' title="bbox 2000 1290 3594 1363">
    <p class='ocr_par' dir='ltr' id='par_1_26' title="bbox 2000 1290 3594 1363">
     <span class='ocr_line' id='line_1_26' title="bbox 2000 1290 3594 1363; baseline 0.003 -19"><span class='ocrx_word' id='word_1_163' title='bbox 2000 1290 2167 1344; x_wconf 91' lang='lat' dir='ltr'><strong>unius</strong></span> <span class='ocrx_word' id='word_1_164' title='bbox 2217 1290 2330 1345; x_wconf 91' lang='lat' dir='ltr'><strong>sint</strong></span> <span class='ocrx_word' id='word_1_165' title='bbox 2376 1300 2589 1345; x_wconf 77' lang='lat' dir='ltr'><strong>natura:</strong></span> <span class='ocrx_word' id='word_1_166' title='bbox 2631 1306 2782 1346; x_wconf 89' lang='lat' dir='ltr'><strong>:non</strong></span> <span class='ocrx_word' id='word_1_167' title='bbox 2830 1307 3125 1362; x_wconf 84' lang='lat' dir='ltr'><strong>possumus</strong></span> <span class='ocrx_word' id='word_1_168' title='bbox 3176 1292 3363 1363; x_wconf 87' lang='lat' dir='ltr'><strong>itaque</strong></span> <span class='ocrx_word' id='word_1_169' title='bbox 3407 1294 3594 1349; x_wconf 85' lang='lat' dir='ltr'><strong>dicere</strong></span> 
     </span>
    </p>
   </div>
   <div class='ocr_carea' id='block_1_27' title="bbox 1997 1385 3585 1452">
    <p class='ocr_par' dir='ltr' id='par_1_27' title="bbox 1997 1385 3585 1452">
     <span class='ocr_line' id='line_1_27' title="bbox 1997 1385 3585 1452; baseline 0.004 -15"><span class='ocrx_word' id='word_1_170' title='bbox 1997 1398 2165 1439; x_wconf 90' lang='lat' dir='ltr'><strong>unam</strong></span> <span class='ocrx_word' id='word_1_171' title='bbox 2215 1393 2470 1439; x_wconf 90' lang='lat' dir='ltr'><strong>naturam</strong></span> <span class='ocrx_word' id='word_1_172' title='bbox 2520 1385 2586 1440; x_wconf 90' lang='lat' dir='ltr'><strong>de</strong></span> <span class='ocrx_word' id='word_1_173' title='bbox 2640 1385 2869 1441; x_wconf 89' lang='lat' dir='ltr'><strong>Domino</strong></span> <span class='ocrx_word' id='word_1_174' title='bbox 2911 1395 3104 1442; x_wconf 85' lang='lat' dir='ltr'><strong>nostro</strong></span> <span class='ocrx_word' id='word_1_175' title='bbox 3149 1385 3276 1443; x_wconf 79' lang='lat' dir='ltr'><strong>Jesu</strong></span> <span class='ocrx_word' id='word_1_176' title='bbox 3333 1389 3585 1452; x_wconf 88' lang='lat' dir='ltr'><strong>Christo.</strong></span> 
     </span>
    </p>
   </div>
   <div class='ocr_carea' id='block_1_28' title="bbox 1995 1477 3592 1549">
    <p class='ocr_par' dir='ltr' id='par_1_28' title="bbox 1995 1477 3592 1549">
     <span class='ocr_line' id='line_1_28' title="bbox 1995 1477 3592 1549; baseline 0.002 -16"><span class='ocrx_word' id='word_1_177' title='bbox 1995 1478 2091 1533; x_wconf 90' lang='lat' dir='ltr'><strong>sed</strong></span> <span class='ocrx_word' id='word_1_178' title='bbox 2110 1493 2173 1531; x_wconf 79' lang='lat' dir='ltr'><strong>ex</strong></span> <span class='ocrx_word' id='word_1_179' title='bbox 2207 1477 2422 1532; x_wconf 87' lang='lat' dir='ltr'><strong>duabtts</strong></span> <span class='ocrx_word' id='word_1_180' title='bbox 2456 1478 2668 1533; x_wconf 91' lang='lat' dir='ltr'><strong>naturis</strong></span> <span class='ocrx_word' id='word_1_181' title='bbox 2712 1477 2995 1549; x_wconf 79' lang='lat' dir='ltr'><strong>perfectis,</strong></span> <span class='ocrx_word' id='word_1_182' title='bbox 3028 1478 3214 1535; x_wconf 89' lang='lat' dir='ltr'><strong>divina</strong></span> <span class='ocrx_word' id='word_1_183' title='bbox 3244 1490 3298 1535; x_wconf 88' lang='lat' dir='ltr'><strong>et</strong></span> <span class='ocrx_word' id='word_1_184' title='bbox 3328 1481 3592 1546; x_wconf 88' lang='lat' dir='ltr'><strong>humana,</strong></span> 
     </span>
    </p>
   </div>
   <div class='ocr_carea' id='block_1_29' title="bbox 1998 1567 3588 1643">
    <p class='ocr_par' dir='ltr' id='par_1_29' title="bbox 1998 1567 3588 1643">
     <span class='ocr_line' id='line_1_29' title="bbox 1998 1567 3588 1643; baseline 0.004 -20"><span class='ocrx_word' id='word_1_185' title='bbox 1998 1567 2200 1624; x_wconf 79' lang='lat' dir='ltr'><strong>factam</strong></span> <span class='ocrx_word' id='word_1_186' title='bbox 2237 1569 2411 1625; x_wconf 82' lang='lat' dir='ltr'><strong>fuisse</strong></span> <span class='ocrx_word' id='word_1_187' title='bbox 2456 1573 2713 1625; x_wconf 85' lang='lat' dir='ltr'><strong>unionem</strong></span> <span class='ocrx_word' id='word_1_188' title='bbox 2753 1571 3055 1626; x_wconf 88' lang='lat' dir='ltr'><strong>secundum</strong></span> <span class='ocrx_word' id='word_1_189' title='bbox 3097 1572 3434 1643; x_wconf 87' lang='lat' dir='ltr'><strong>hypostasim</strong></span> <span class='ocrx_word' id='word_1_190' title='bbox 3484 1576 3588 1629; x_wconf 90' lang='lat' dir='ltr'><strong>im-</strong></span> 
     </span>
    </p>
   </div>
   <div class='ocr_carea' id='block_1_30' title="bbox 1998 1662 3596 1730">
    <p class='ocr_par' dir='ltr' id='par_1_30' title="bbox 1998 1662 3596 1730">
     <span class='ocr_line' id='line_1_30' title="bbox 1998 1662 3596 1730; baseline 0.003 -13"><span class='ocrx_word' id='word_1_191' title='bbox 1998 1662 2359 1727; x_wconf 85' lang='lat' dir='ltr'><strong>mutabiliter,</strong></span> <span class='ocrx_word' id='word_1_192' title='bbox 2379 1673 2436 1717; x_wconf 92' lang='lat' dir='ltr'><strong>et</strong></span> <span class='ocrx_word' id='word_1_193' title='bbox 2469 1663 2777 1729; x_wconf 85' lang='lat' dir='ltr'><strong>inconfuse,</strong></span> <span class='ocrx_word' id='word_1_194' title='bbox 2801 1673 2855 1719; x_wconf 91' lang='lat' dir='ltr'><strong>et</strong></span> <span class='ocrx_word' id='word_1_195' title='bbox 2877 1663 3135 1730; x_wconf 82' lang='lat' dir='ltr'><strong>indivise,</strong></span> <span class='ocrx_word' id='word_1_196' title='bbox 3168 1674 3223 1720; x_wconf 90' lang='lat' dir='ltr'><strong>et</strong></span> <span class='ocrx_word' id='word_1_197' title='bbox 3250 1666 3596 1722; x_wconf 85' lang='lat' dir='ltr'><strong>continenter</strong></span> 
     </span>
    </p>
   </div>
   <div class='ocr_carea' id='block_1_31' title="bbox 1998 1746 3594 1826">
    <p class='ocr_par' dir='ltr' id='par_1_31' title="bbox 1998 1746 3594 1826">
     <span class='ocr_line' id='line_1_31' title="bbox 1998 1746 3594 1826; baseline 0.002 -20"><span class='ocrx_word' id='word_1_198' title='bbox 1998 1751 2056 1807; x_wconf 94' lang='lat' dir='ltr'><strong>in</strong></span> <span class='ocrx_word' id='word_1_199' title='bbox 2090 1751 2309 1805; x_wconf 87' lang='lat' dir='ltr'><strong>duabus</strong></span> <span class='ocrx_word' id='word_1_200' title='bbox 2342 1746 2557 1806; x_wconf 74' lang='lat' dir='ltr'><strong>naturis</strong></span> <span class='ocrx_word' id='word_1_201' title='bbox 2590 1751 2825 1821; x_wconf 79' lang='lat' dir='ltr'><strong>perfecte</strong></span> <span class='ocrx_word' id='word_1_202' title='bbox 2869 1750 3195 1809; x_wconf 90' lang='lat' dir='ltr'><strong>habentibus</strong></span> <span class='ocrx_word' id='word_1_203' title='bbox 3221 1768 3384 1809; x_wconf 90' lang='lat' dir='ltr'><strong>unam</strong></span> <span class='ocrx_word' id='word_1_204' title='bbox 3418 1754 3594 1826; x_wconf 84' lang='lat' dir='ltr'><strong>hypo-</strong></span> 
     </span>
    </p>
   </div>
   <div class='ocr_carea' id='block_1_32' title="bbox 297 1840 1912 1915">
    <p class='ocr_par' dir='ltr' id='par_1_32' title="bbox 297 1840 1893 1915">
     <span class='ocr_line' id='line_1_32' title="bbox 297 1840 1893 1915; baseline 0.004 -22"><span class='ocrx_word' id='word_1_205' title='bbox 297 1840 673 1913; x_wconf 79' lang='grc' dir='ltr'>ἀνθρωπίνης,</span> <span class='ocrx_word' id='word_1_206' title='bbox 703 1840 1030 1915; x_wconf 81' lang='grc' dir='ltr'>γεγενῆσθαι</span> <span class='ocrx_word' id='word_1_207' title='bbox 1062 1842 1162 1914; x_wconf 82' lang='grc' dir='ltr'>τὴν</span> <span class='ocrx_word' id='word_1_208' title='bbox 1186 1842 1306 1897; x_wconf 84' lang='grc' dir='ltr'>καθ’</span> <span class='ocrx_word' id='word_1_209' title='bbox 1335 1844 1635 1897; x_wconf 82' lang='grc' dir='ltr'>ὑπόστασιν</span> <span class='ocrx_word' id='word_1_210' title='bbox 1695 1845 1893 1900; x_wconf 76' lang='grc' dir='ltr'>ἕνωσιν</span> 
     </span>
    </p>
   </div>
   <div class='ocr_carea' id='block_1_33' title="bbox 2001 1840 3593 1915">
    <p class='ocr_par' dir='ltr' id='par_1_33' title="bbox 2001 1843 3593 1913">
     <span class='ocr_line' id='line_1_33' title="bbox 2001 1843 3593 1913; baseline 0.003 -15"><span class='ocrx_word' id='word_1_211' title='bbox 2001 1844 2190 1899; x_wconf 82' lang='lat' dir='ltr'><strong>stasim</strong></span> <span class='ocrx_word' id='word_1_212' title='bbox 2221 1843 2580 1913; x_wconf 87' lang='lat' dir='ltr'><strong>compositam</strong></span> <span class='ocrx_word' id='word_1_213' title='bbox 2620 1843 2742 1898; x_wconf 83' lang='lat' dir='ltr'><strong>Filii</strong></span> <span class='ocrx_word' id='word_1_214' title='bbox 2777 1843 2893 1910; x_wconf 87' lang='lat' dir='ltr'><strong>Dei,</strong></span> <span class='ocrx_word' id='word_1_215' title='bbox 2928 1853 2984 1900; x_wconf 93' lang='lat' dir='ltr'><strong>et</strong></span> <span class='ocrx_word' id='word_1_216' title='bbox 3010 1845 3304 1909; x_wconf 90' lang='lat' dir='ltr'><strong>incarnati,</strong></span> <span class='ocrx_word' id='word_1_217' title='bbox 3336 1848 3593 1902; x_wconf 90' lang='lat' dir='ltr'><strong>eamdem</strong></span> 
     </span>
    </p>
   </div>
   <div class='ocr_carea' id='block_1_34' title="bbox 297 1911 1912 2006">
    <p class='ocr_par' dir='ltr' id='par_1_34' title="bbox 297 1911 1892 2006">
     <span class='ocr_line' id='line_1_34' title="bbox 297 1911 1892 2006; baseline 0.004 -21"><span class='ocrx_word' id='word_1_218' title='bbox 297 1911 615 2004; x_wconf 65' lang='grc' dir='ltr'>ἀτρίπτως,</span> <span class='ocrx_word' id='word_1_219' title='bbox 665 1934 759 1988; x_wconf 76' lang='grc' dir='ltr'><strong>καὶ</strong></span> <span class='ocrx_word' id='word_1_220' title='bbox 810 1911 1155 2006; x_wconf 72' lang='grc' dir='ltr'>ἀσυγχύτως,</span> <span class='ocrx_word' id='word_1_221' title='bbox 1205 1935 1301 1989; x_wconf 64' lang='grc' dir='ltr'><strong>καὶ⁸</strong></span> <span class='ocrx_word' id='word_1_222' title='bbox 1362 1936 1761 2003; x_wconf 77' lang='grc' dir='ltr'>άναλλοιώτως,</span> <span class='ocrx_word' id='word_1_223' title='bbox 1794 1940 1892 1992; x_wconf 76' lang='grc' dir='ltr'><strong>καὶ</strong></span> 
     </span>
    </p>
   </div>
   <div class='ocr_carea' id='block_1_35' title="bbox 2001 1911 3594 2006">
    <p class='ocr_par' dir='ltr' id='par_1_35' title="bbox 2001 1911 3594 2004">
     <span class='ocr_line' id='line_1_35' title="bbox 2001 1911 3594 2004; baseline 0.003 -18"><span class='ocrx_word' id='word_1_224' title='bbox 2001 1911 2363 2004; x_wconf 45' lang='lat' dir='ltr'><strong>hypostasim—</strong></span> <span class='ocrx_word' id='word_1_225' title='bbox 2398 1942 2709 1989; x_wconf 88' lang='lat' dir='ltr'><strong>asserentes</strong></span> <span class='ocrx_word' id='word_1_226' title='bbox 2787 1933 3012 1991; x_wconf 87' lang='lat' dir='ltr'><strong>deitatis</strong></span> <span class='ocrx_word' id='word_1_227' title='bbox 3080 1945 3136 1991; x_wconf 91' lang='lat' dir='ltr'><strong>et</strong></span> <span class='ocrx_word' id='word_1_228' title='bbox 3209 1936 3594 2004; x_wconf 86' lang='lat' dir='ltr'><strong>humanitatis,</strong></span> 
     </span>
    </p>
   </div>
   <div class='ocr_carea' id='block_1_36' title="bbox 295 2024 1892 2098">
    <p class='ocr_par' dir='ltr' id='par_1_36' title="bbox 295 2024 1892 2098">
     <span class='ocr_line' id='line_1_36' title="bbox 295 2024 1892 2098; baseline 0.004 -21"><span class='ocrx_word' id='word_1_229' title='bbox 295 2024 647 2096; x_wconf 79' lang='grc' dir='ltr'>ἀδιαιρέτως,</span> <span class='ocrx_word' id='word_1_230' title='bbox 684 2026 777 2079; x_wconf 79' lang='grc' dir='ltr'><strong>καὶ</strong></span> <span class='ocrx_word' id='word_1_231' title='bbox 805 2026 1161 2090; x_wconf 87' lang='grc' dir='ltr'>άδιαστάτως,</span> <span class='ocrx_word' id='word_1_232' title='bbox 1190 2028 1249 2079; x_wconf 81' lang='grc' dir='ltr'>ὲν</span> <span class='ocrx_word' id='word_1_233' title='bbox 1284 2028 1407 2082; x_wconf 60' lang='grc' dir='ltr'><strong>δυσὶ⁸</strong></span> <span class='ocrx_word' id='word_1_234' title='bbox 1438 2028 1637 2098; x_wconf 85' lang='grc' dir='ltr'>φύσεσι</span> <span class='ocrx_word' id='word_1_235' title='bbox 1667 2029 1892 2095; x_wconf 85' lang='grc' dir='ltr'>τελείως</span> 
     </span>
    </p>
   </div>
   <div class='ocr_carea' id='block_1_37' title="bbox 297 2114 1892 2187">
    <p class='ocr_par' dir='ltr' id='par_1_37' title="bbox 297 2114 1892 2187">
     <span class='ocr_line' id='line_1_37' title="bbox 297 2114 1892 2187; baseline 0.004 -17"><span class='ocrx_word' id='word_1_236' title='bbox 297 2114 557 2186; x_wconf 75' lang='grc' dir='ltr'>ἐχούσαις</span> <span class='ocrx_word' id='word_1_237' title='bbox 604 2116 735 2187; x_wconf 89' lang='grc' dir='ltr'>μίαν</span> <span class='ocrx_word' id='word_1_238' title='bbox 776 2118 1075 2172; x_wconf 74' lang='grc' dir='ltr'>ὑπόστασιν</span> <span class='ocrx_word' id='word_1_239' title='bbox 1132 2118 1387 2173; x_wconf 90' lang='grc' dir='ltr'>σύνθετον</span> <span class='ocrx_word' id='word_1_240' title='bbox 1434 2120 1892 2176; x_wconf 81' lang='grc' dir='ltr'>ἀποτελεσθεῖσαν</span> 
     </span>
    </p>
   </div>
   <div class='ocr_carea' id='block_1_38' title="bbox 294 2209 1892 2286">
    <p class='ocr_par' dir='ltr' id='par_1_38' title="bbox 294 2209 1892 2286">
     <span class='ocr_line' id='line_1_38' title="bbox 294 2209 1892 2286; baseline 0.004 -24"><span class='ocrx_word' id='word_1_241' title='bbox 294 2209 697 2281; x_wconf 81' lang='grc' dir='ltr'>ὁμολογοῦντες</span> <span class='ocrx_word' id='word_1_242' title='bbox 718 2211 811 2265; x_wconf 91' lang='grc' dir='ltr'><strong>τοῦ</strong></span> <span class='ocrx_word' id='word_1_243' title='bbox 839 2210 968 2265; x_wconf 87' lang='grc' dir='ltr'>Υίοῦ</span> <span class='ocrx_word' id='word_1_244' title='bbox 998 2213 1091 2265; x_wconf 85' lang='grc' dir='ltr'><strong>τοῦ</strong></span> <span class='ocrx_word' id='word_1_245' title='bbox 1120 2211 1277 2277; x_wconf 75' lang='grc' dir='ltr'>θεοῦ,</span> <span class='ocrx_word' id='word_1_246' title='bbox 1306 2212 1401 2266; x_wconf 84' lang='grc' dir='ltr'><strong>καὶ</strong></span> <span class='ocrx_word' id='word_1_247' title='bbox 1444 2216 1892 2286; x_wconf 85' lang='grc' dir='ltr'>σεσαρκωμένου,</span> 
     </span>
    </p>
   </div>
   <div class='ocr_carea' id='block_1_39' title="bbox 295 2301 1895 2378">
    <p class='ocr_par' dir='ltr' id='par_1_39' title="bbox 295 2301 1895 2378">
     <span class='ocr_line' id='line_1_39' title="bbox 295 2301 1895 2378; baseline 0.004 -22"><span class='ocrx_word' id='word_1_248' title='bbox 295 2302 404 2373; x_wconf 79' lang='grc' dir='ltr'>τὴν</span> <span class='ocrx_word' id='word_1_249' title='bbox 433 2301 603 2374; x_wconf 66' lang='grc' dir='ltr'>αὐτὴν</span> <span class='ocrx_word' id='word_1_250' title='bbox 629 2302 926 2357; x_wconf 81' lang='grc' dir='ltr'>ὑπόστασιν</span> <span class='ocrx_word' id='word_1_251' title='bbox 978 2303 1231 2373; x_wconf 70' lang='grc' dir='ltr'>λέγοντες</span> <span class='ocrx_word' id='word_1_252' title='bbox 1262 2306 1362 2376; x_wconf 83' lang='grc' dir='ltr'>τῆς</span> <span class='ocrx_word' id='word_1_253' title='bbox 1392 2305 1641 2378; x_wconf 84' lang='grc' dir='ltr'>θεότητος</span> <span class='ocrx_word' id='word_1_254' title='bbox 1675 2309 1769 2361; x_wconf 72' lang='grc' dir='ltr'><strong>καὶ</strong></span> <span class='ocrx_word' id='word_1_255' title='bbox 1792 2309 1895 2378; x_wconf 84' lang='grc' dir='ltr'>τῆς</span> 
     </span>
    </p>
   </div>
   <div class='ocr_carea' id='block_1_40' title="bbox 297 2396 1895 2471">
    <p class='ocr_par' dir='ltr' id='par_1_40' title="bbox 297 2396 1895 2471">
     <span class='ocr_line' id='line_1_40' title="bbox 297 2396 1895 2471; baseline 0.002 -18"><span class='ocrx_word' id='word_1_256' title='bbox 297 2398 725 2469; x_wconf 78' lang='grc' dir='ltr'>ἁνθρωπότητος</span> <span class='ocrx_word' id='word_1_257' title='bbox 754 2396 945 2463; x_wconf 86' lang='grc' dir='ltr'>αὑτοῦ,</span> <span class='ocrx_word' id='word_1_258' title='bbox 996 2399 1097 2463; x_wconf 67' lang='grc' dir='ltr'>τὰς</span> <span class='ocrx_word' id='word_1_259' title='bbox 1130 2398 1227 2453; x_wconf 86' lang='grc' dir='ltr'><strong>δύο</strong></span> <span class='ocrx_word' id='word_1_260' title='bbox 1256 2399 1452 2468; x_wconf 84' lang='grc' dir='ltr'>φύσεις</span> <span class='ocrx_word' id='word_1_261' title='bbox 1498 2401 1895 2471; x_wconf 84' lang='grc' dir='ltr'>ὁμολογοῦντες</span> 
     </span>
    </p>
   </div>
   <div class='ocr_carea' id='block_1_41' title="bbox 299 2489 1896 2566">
    <p class='ocr_par' dir='ltr' id='par_1_41' title="bbox 299 2489 1896 2566">
     <span class='ocr_line' id='line_1_41' title="bbox 299 2489 1896 2566; baseline 0.003 -22"><span class='ocrx_word' id='word_1_262' title='bbox 299 2489 578 2556; x_wconf 75' lang='grc' dir='ltr'>σώζεσθαι</span> <span class='ocrx_word' id='word_1_263' title='bbox 607 2492 666 2544; x_wconf 83' lang='grc' dir='ltr'>ὲν</span> <span class='ocrx_word' id='word_1_264' title='bbox 694 2490 843 2561; x_wconf 87' lang='grc' dir='ltr'><strong>αὑτῷ</strong></span> <span class='ocrx_word' id='word_1_265' title='bbox 900 2490 1038 2561; x_wconf 83' lang='grc' dir='ltr'><strong>μετά</strong></span> <span class='ocrx_word' id='word_1_266' title='bbox 1066 2491 1165 2561; x_wconf 75' lang='grc' dir='ltr'>τὴν</span> <span class='ocrx_word' id='word_1_267' title='bbox 1220 2492 1414 2547; x_wconf 75' lang='grc' dir='ltr'>ἕνωσιν</span> <span class='ocrx_word' id='word_1_268' title='bbox 1434 2532 1450 2557; x_wconf 87' lang='grc'><strong>,</strong></span> <span class='ocrx_word' id='word_1_269' title='bbox 1506 2494 1608 2548; x_wconf 83' lang='grc' dir='ltr'><strong>οὑκ</strong></span> <span class='ocrx_word' id='word_1_270' title='bbox 1664 2495 1770 2566; x_wconf 72' lang='grc' dir='ltr'>ἰδίᾳ</span> <span class='ocrx_word' id='word_1_271' title='bbox 1800 2497 1896 2549; x_wconf 80' lang='grc' dir='ltr'><strong>καὶ</strong></span> 
     </span>
    </p>
   </div>
   <div class='ocr_carea' id='block_1_42' title="bbox 298 2581 1891 2660">
    <p class='ocr_par' dir='ltr' id='par_1_42' title="bbox 298 2581 1891 2660">
     <span class='ocr_line' id='line_1_42' title="bbox 298 2581 1891 2660; baseline 0.004 -24"><span class='ocrx_word' id='word_1_272' title='bbox 298 2582 415 2637; x_wconf 69' lang='grc' dir='ltr'>ἀνὰ</span> <span class='ocrx_word' id='word_1_273' title='bbox 445 2582 609 2653; x_wconf 66' lang='grc' dir='ltr'>μέρος</span> <span class='ocrx_word' id='word_1_274' title='bbox 635 2581 873 2647; x_wconf 77' lang='grc' dir='ltr'>τιθέντες</span> <span class='ocrx_word' id='word_1_275' title='bbox 896 2584 1153 2655; x_wconf 81' lang='grc' dir='ltr'>ἑκάστην,</span> <span class='ocrx_word' id='word_1_276' title='bbox 1172 2584 1286 2637; x_wconf 79' lang='grc' dir='ltr'>ἀλλ’</span> <span class='ocrx_word' id='word_1_277' title='bbox 1312 2586 1598 2657; x_wconf 81' lang='grc' dir='ltr'>ήνωμένας</span> <span class='ocrx_word' id='word_1_278' title='bbox 1626 2587 1891 2660; x_wconf 83' lang='grc' dir='ltr'>ἀλλήλαις</span> 
     </span>
    </p>
   </div>
   <div class='ocr_carea' id='block_1_43' title="bbox 300 2674 1895 2752">
    <p class='ocr_par' dir='ltr' id='par_1_43' title="bbox 300 2674 1895 2752">
     <span class='ocr_line' id='line_1_43' title="bbox 300 2674 1895 2752; baseline 0.008 -26"><span class='ocrx_word' id='word_1_279' title='bbox 300 2675 368 2728; x_wconf 79' lang='grc' dir='ltr'>ὲν</span> <span class='ocrx_word' id='word_1_280' title='bbox 421 2676 487 2744; x_wconf 78' lang='grc' dir='ltr'>τῇ</span> <span class='ocrx_word' id='word_1_281' title='bbox 540 2675 641 2746; x_wconf 76' lang='grc' dir='ltr'><strong>μιᾷ</strong></span> <span class='ocrx_word' id='word_1_282' title='bbox 699 2674 937 2746; x_wconf 79' lang='grc' dir='ltr'>συνθέτῳ</span> <span class='ocrx_word' id='word_1_283' title='bbox 981 2676 1310 2741; x_wconf 76' lang='grc' dir='ltr'>ὑποστάσει,</span> <span class='ocrx_word' id='word_1_284' title='bbox 1358 2679 1593 2752; x_wconf 84' lang='grc' dir='ltr'>οὑσιώδη</span> <span class='ocrx_word' id='word_1_285' title='bbox 1640 2680 1895 2752; x_wconf 80' lang='grc' dir='ltr'>λέγοντες</span> 
     </span>
    </p>
   </div>
   <div class='ocr_carea' id='block_1_44' title="bbox 299 2764 1897 2840">
    <p class='ocr_par' dir='ltr' id='par_1_44' title="bbox 299 2764 1897 2840">
     <span class='ocr_line' id='line_1_44' title="bbox 299 2764 1897 2840; baseline 0.008 -21"><span class='ocrx_word' id='word_1_286' title='bbox 299 2765 540 2832; x_wconf 70' lang='grc' dir='ltr'>ἕνωσιν,</span> <span class='ocrx_word' id='word_1_287' title='bbox 576 2764 808 2837; x_wconf 86' lang='grc' dir='ltr'>οὑσιώδη</span> <span class='ocrx_word' id='word_1_288' title='bbox 842 2768 920 2831; x_wconf 83' lang='grc' dir='ltr'>δὲ,</span> <span class='ocrx_word' id='word_1_289' title='bbox 962 2768 1060 2840; x_wconf 82' lang='grc' dir='ltr'><strong>οὑχ</strong></span> <span class='ocrx_word' id='word_1_290' title='bbox 1113 2769 1189 2834; x_wconf 85' lang='grc' dir='ltr'>ὡς</span> <span class='ocrx_word' id='word_1_291' title='bbox 1226 2769 1335 2825; x_wconf 84' lang='grc' dir='ltr'><strong>τῶν</strong></span> <span class='ocrx_word' id='word_1_292' title='bbox 1366 2770 1463 2826; x_wconf 86' lang='grc' dir='ltr'><strong>δύο</strong></span> <span class='ocrx_word' id='word_1_293' title='bbox 1497 2773 1714 2837; x_wconf 82' lang='grc' dir='ltr'>φύσεων</span> <span class='ocrx_word' id='word_1_294' title='bbox 1761 2777 1897 2831; x_wconf 85' lang='grc' dir='ltr'>ἀπο-</span> 
     </span>
    </p>
   </div>
   <div class='ocr_carea' id='block_1_45' title="bbox 300 2856 1896 2935">
    <p class='ocr_par' dir='ltr' id='par_1_45' title="bbox 300 2856 1896 2935">
     <span class='ocr_line' id='line_1_45' title="bbox 300 2856 1896 2935; baseline 0.008 -26"><span class='ocrx_word' id='word_1_295' title='bbox 300 2856 635 2921; x_wconf 79' lang='grc' dir='ltr'>τελεσασῶν,</span> <span class='ocrx_word' id='word_1_296' title='bbox 669 2858 798 2928; x_wconf 89' lang='grc' dir='ltr'>μίαν</span> <span class='ocrx_word' id='word_1_297' title='bbox 830 2857 1083 2913; x_wconf 89' lang='grc' dir='ltr'>σύνθετον</span> <span class='ocrx_word' id='word_1_298' title='bbox 1115 2860 1301 2930; x_wconf 87' lang='grc' dir='ltr'>φύσιν,</span> <span class='ocrx_word' id='word_1_299' title='bbox 1322 2862 1482 2917; x_wconf 88' lang='grc' dir='ltr'>τοῦτο</span> <span class='ocrx_word' id='word_1_300' title='bbox 1499 2865 1605 2935; x_wconf 88' lang='grc' dir='ltr'><strong>γάρ</strong></span> <span class='ocrx_word' id='word_1_301' title='bbox 1629 2865 1896 2922; x_wconf 72' lang='grc' dir='ltr'>δέδεικται</span> 
     </span>
    </p>
   </div>
   <div class='ocr_carea' id='block_1_46' title="bbox 303 2948 1897 3028">
    <p class='ocr_par' dir='ltr' id='par_1_46' title="bbox 303 2948 1897 3028">
     <span class='ocr_line' id='line_1_46' title="bbox 303 2948 1897 3028; baseline 0.008 -26"><span class='ocrx_word' id='word_1_302' title='bbox 303 2948 532 3013; x_wconf 80' lang='grc' dir='ltr'>πάντως</span> <span class='ocrx_word' id='word_1_303' title='bbox 587 2949 870 3015; x_wconf 88' lang='grc' dir='ltr'>ἀδύνατον,</span> <span class='ocrx_word' id='word_1_304' title='bbox 922 2950 1040 3007; x_wconf 81' lang='grc' dir='ltr'>ἀλλ’</span> <span class='ocrx_word' id='word_1_305' title='bbox 1102 2953 1409 3008; x_wconf 72' lang='grc' dir='ltr'>ἑνωθεισῶν</span> <span class='ocrx_word' id='word_1_306' title='bbox 1441 2956 1701 3028; x_wconf 80' lang='grc' dir='ltr'>ἀλλήλαις</span> <span class='ocrx_word' id='word_1_307' title='bbox 1754 2964 1897 3015; x_wconf 83' lang='grc' dir='ltr'><strong>κατά</strong></span> 
     </span>
    </p>
   </div>
   <div class='ocr_carea' id='block_1_47' title="bbox 303 3038 1894 3110">
    <p class='ocr_par' dir='ltr' id='par_1_47' title="bbox 303 3038 1894 3110">
     <span class='ocr_line' id='line_1_47' title="bbox 303 3038 1894 3110; baseline 0.005 -18"><span class='ocrx_word' id='word_1_308' title='bbox 303 3038 568 3108; x_wconf 77' lang='grc' dir='ltr'>ἀλήθειαν</span> <span class='ocrx_word' id='word_1_309' title='bbox 610 3041 690 3103; x_wconf 80' lang='grc' dir='ltr'><strong>εἰς</strong></span> <span class='ocrx_word' id='word_1_310' title='bbox 730 3038 859 3110; x_wconf 87' lang='grc' dir='ltr'>μίαν</span> <span class='ocrx_word' id='word_1_311' title='bbox 906 3039 1159 3095; x_wconf 90' lang='grc' dir='ltr'>σύνθετον</span> <span class='ocrx_word' id='word_1_312' title='bbox 1189 3042 1487 3097; x_wconf 87' lang='grc' dir='ltr'>ὑπόστασιν</span> <span class='ocrx_word' id='word_1_313' title='bbox 1514 3044 1607 3098; x_wconf 90' lang='grc' dir='ltr'><strong>τοῦ</strong></span> <span class='ocrx_word' id='word_1_314' title='bbox 1640 3044 1768 3098; x_wconf 81' lang='grc' dir='ltr'>Υἰοῦ</span> <span class='ocrx_word' id='word_1_315' title='bbox 1798 3045 1894 3101; x_wconf 89' lang='grc' dir='ltr'><strong>τοῦ</strong></span> 
     </span>
    </p>
   </div>
   <div class='ocr_carea' id='block_1_48' title="bbox 305 3132 1895 3213">
    <p class='ocr_par' dir='ltr' id='par_1_48' title="bbox 305 3132 1895 3213">
     <span class='ocr_line' id='line_1_48' title="bbox 305 3132 1895 3213; baseline 0.006 -27"><span class='ocrx_word' id='word_1_316' title='bbox 305 3132 450 3187; x_wconf 77' lang='grc' dir='ltr'>Θεοῦ</span> <span class='ocrx_word' id='word_1_317' title='bbox 475 3149 488 3162; x_wconf 84' lang='grc'><em>’</em></span> <span class='ocrx_word' id='word_1_318' title='bbox 524 3133 619 3187; x_wconf 82' lang='grc' dir='ltr'><strong>καὶ</strong></span> <span class='ocrx_word' id='word_1_319' title='bbox 650 3134 913 3199; x_wconf 76' lang='grc' dir='ltr'>σώζεσθαι</span> <span class='ocrx_word' id='word_1_320' title='bbox 965 3136 1145 3192; x_wconf 84' lang='grc' dir='ltr'>αὑτῶν</span> <span class='ocrx_word' id='word_1_321' title='bbox 1189 3137 1289 3209; x_wconf 80' lang='grc' dir='ltr'>τὴν</span> <span class='ocrx_word' id='word_1_322' title='bbox 1333 3137 1571 3210; x_wconf 83' lang='grc' dir='ltr'>οὑσιὼδη</span> <span class='ocrx_word' id='word_1_323' title='bbox 1626 3139 1895 3213; x_wconf 64' lang='grc' dir='ltr'>διαφορὰν</span> 
     </span>
    </p>
   </div>
   <div class='ocr_carea' id='block_1_49' title="bbox 1996 2025 3594 2101">
    <p class='ocr_par' dir='ltr' id='par_1_49' title="bbox 1996 2025 3594 2101">
     <span class='ocr_line' id='line_1_49' title="bbox 1996 2025 3594 2101; baseline 0.005 -22"><span class='ocrx_word' id='word_1_324' title='bbox 1996 2025 2172 2095; x_wconf 89' lang='lat' dir='ltr'><strong>ipsius</strong></span> <span class='ocrx_word' id='word_1_325' title='bbox 2195 2025 2331 2078; x_wconf 89' lang='lat' dir='ltr'><strong>duas</strong></span> <span class='ocrx_word' id='word_1_326' title='bbox 2356 2034 2582 2080; x_wconf 90' lang='lat' dir='ltr'><strong>naturas</strong></span> <span class='ocrx_word' id='word_1_327' title='bbox 2607 2026 2927 2082; x_wconf 88' lang='lat' dir='ltr'><strong>confitentes</strong></span> <span class='ocrx_word' id='word_1_328' title='bbox 2957 2026 3009 2080; x_wconf 91' lang='lat' dir='ltr'><strong>iu</strong></span> <span class='ocrx_word' id='word_1_329' title='bbox 3033 2042 3098 2082; x_wconf 91' lang='lat' dir='ltr'><strong>eo</strong></span> <span class='ocrx_word' id='word_1_330' title='bbox 3121 2031 3436 2085; x_wconf 86' lang='lat' dir='ltr'><strong>conservari</strong></span> <span class='ocrx_word' id='word_1_331' title='bbox 3464 2040 3594 2101; x_wconf 84' lang='lat' dir='ltr'><strong>post</strong></span> 
     </span>
    </p>
   </div>
   <div class='ocr_carea' id='block_1_50' title="bbox 1995 2117 3590 2193">
    <p class='ocr_par' dir='ltr' id='par_1_50' title="bbox 1995 2117 3590 2193">
     <span class='ocr_line' id='line_1_50' title="bbox 1995 2117 3590 2193; baseline 0.003 -21"><span class='ocrx_word' id='word_1_332' title='bbox 1995 2117 2278 2176; x_wconf 78' lang='lat' dir='ltr'><strong>unionem.</strong></span> <span class='ocrx_word' id='word_1_333' title='bbox 2296 2133 2403 2171; x_wconf 81' lang='lat' dir='ltr'><strong>non</strong></span> <span class='ocrx_word' id='word_1_334' title='bbox 2428 2127 2761 2187; x_wconf 85' lang='lat' dir='ltr'><strong>separatam,</strong></span> <span class='ocrx_word' id='word_1_335' title='bbox 2789 2128 2842 2172; x_wconf 91' lang='lat' dir='ltr'><strong>et</strong></span> <span class='ocrx_word' id='word_1_336' title='bbox 2864 2118 3094 2173; x_wconf 84' lang='lat' dir='ltr'><strong>divisam</strong></span> <span class='ocrx_word' id='word_1_337' title='bbox 3118 2135 3590 2193; x_wconf 86' lang='lat' dir='ltr'><strong>unamquamque,</strong></span> 
     </span>
    </p>
   </div>
   <div class='ocr_carea' id='block_1_51' title="bbox 1995 2210 3595 2286">
    <p class='ocr_par' dir='ltr' id='par_1_51' title="bbox 1995 2210 3595 2286">
     <span class='ocr_line' id='line_1_51' title="bbox 1995 2210 3595 2286; baseline 0.004 -21"><span class='ocrx_word' id='word_1_338' title='bbox 1995 2211 2089 2266; x_wconf 82' lang='lat' dir='ltr'><strong>sed</strong></span> <span class='ocrx_word' id='word_1_339' title='bbox 2143 2212 2286 2264; x_wconf 86' lang='lat' dir='ltr'><strong>inter</strong></span> <span class='ocrx_word' id='word_1_340' title='bbox 2316 2226 2437 2266; x_wconf 91' lang='lat' dir='ltr'><strong>sese</strong></span> <span class='ocrx_word' id='word_1_341' title='bbox 2469 2210 2652 2265; x_wconf 89' lang='lat' dir='ltr'><strong>unitas</strong></span> <span class='ocrx_word' id='word_1_342' title='bbox 2699 2212 2750 2264; x_wconf 90' lang='lat' dir='ltr'><strong>in</strong></span> <span class='ocrx_word' id='word_1_343' title='bbox 2794 2227 2901 2266; x_wconf 91' lang='lat' dir='ltr'><strong>una</strong></span> <span class='ocrx_word' id='word_1_344' title='bbox 2941 2213 3245 2283; x_wconf 71' lang='lat' dir='ltr'><strong>cimposita</strong></span> <span class='ocrx_word' id='word_1_345' title='bbox 3293 2215 3595 2286; x_wconf 86' lang='lat' dir='ltr'><strong>hypostasi,</strong></span> 
     </span>
    </p>
   </div>
   <div class='ocr_carea' id='block_1_52' title="bbox 1994 2302 3596 2371">
    <p class='ocr_par' dir='ltr' id='par_1_52' title="bbox 1994 2302 3596 2371">
     <span class='ocr_line' id='line_1_52' title="bbox 1994 2302 3596 2371; baseline 0.003 -13"><span class='ocrx_word' id='word_1_346' title='bbox 1994 2303 2334 2359; x_wconf 89' lang='lat' dir='ltr'><strong>essentialem</strong></span> <span class='ocrx_word' id='word_1_347' title='bbox 2353 2302 2682 2358; x_wconf 72' lang='lat' dir='ltr'><strong>afﬁrmantes</strong></span> <span class='ocrx_word' id='word_1_348' title='bbox 2728 2303 3009 2371; x_wconf 89' lang='lat' dir='ltr'><strong>unionem,</strong></span> <span class='ocrx_word' id='word_1_349' title='bbox 3035 2305 3382 2360; x_wconf 88' lang='lat' dir='ltr'><strong>essentialem</strong></span> <span class='ocrx_word' id='word_1_350' title='bbox 3413 2318 3596 2363; x_wconf 89' lang='lat' dir='ltr'><strong>autem</strong></span> 
     </span>
    </p>
   </div>
   <div class='ocr_carea' id='block_1_53' title="bbox 1996 2394 3596 2464">
    <p class='ocr_par' dir='ltr' id='par_1_53' title="bbox 1996 2394 3596 2464">
     <span class='ocr_line' id='line_1_53' title="bbox 1996 2394 3596 2464; baseline 0.003 -15"><span class='ocrx_word' id='word_1_351' title='bbox 1996 2410 2104 2450; x_wconf 91' lang='lat' dir='ltr'><strong>non</strong></span> <span class='ocrx_word' id='word_1_352' title='bbox 2159 2404 2416 2464; x_wconf 86' lang='lat' dir='ltr'><strong>tanquam</strong></span> <span class='ocrx_word' id='word_1_353' title='bbox 2475 2395 2692 2450; x_wconf 89' lang='lat' dir='ltr'><strong>duabus</strong></span> <span class='ocrx_word' id='word_1_354' title='bbox 2761 2396 2973 2452; x_wconf 89' lang='lat' dir='ltr'><strong>naturis</strong></span> <span class='ocrx_word' id='word_1_355' title='bbox 3024 2394 3384 2453; x_wconf 76' lang='lat' dir='ltr'><strong>efﬁcientibus</strong></span> <span class='ocrx_word' id='word_1_356' title='bbox 3428 2414 3596 2454; x_wconf 91' lang='lat' dir='ltr'><strong>unam</strong></span> 
     </span>
    </p>
   </div>
   <div class='ocr_carea' id='block_1_54' title="bbox 1994 2486 3587 2559">
    <p class='ocr_par' dir='ltr' id='par_1_54' title="bbox 1994 2486 3587 2559">
     <span class='ocr_line' id='line_1_54' title="bbox 1994 2486 3587 2559; baseline 0.004 -17"><span class='ocrx_word' id='word_1_357' title='bbox 1994 2486 2351 2557; x_wconf 88' lang='lat' dir='ltr'><strong>compositam</strong></span> <span class='ocrx_word' id='word_1_358' title='bbox 2422 2494 2674 2541; x_wconf 88' lang='lat' dir='ltr'><strong>naturam</strong></span> <span class='ocrx_word' id='word_1_359' title='bbox 2726 2503 2741 2541; x_wconf 92' lang='lat'><strong>:</strong></span> <span class='ocrx_word' id='word_1_360' title='bbox 2792 2486 2898 2542; x_wconf 90' lang='lat' dir='ltr'><strong>hoc</strong></span> <span class='ocrx_word' id='word_1_361' title='bbox 2945 2488 3091 2544; x_wconf 90' lang='lat' dir='ltr'><strong>enim</strong></span> <span class='ocrx_word' id='word_1_362' title='bbox 3168 2504 3395 2559; x_wconf 86' lang='lat' dir='ltr'><strong>prorsus</strong></span> <span class='ocrx_word' id='word_1_363' title='bbox 3468 2493 3587 2549; x_wconf 88' lang='lat' dir='ltr'><strong>fieri</strong></span> 
     </span>
    </p>
   </div>
   <div class='ocr_carea' id='block_1_55' title="bbox 1995 2578 3599 2649">
    <p class='ocr_par' dir='ltr' id='par_1_55' title="bbox 1995 2578 3599 2649">
     <span class='ocr_line' id='line_1_55' title="bbox 1995 2578 3599 2649; baseline 0.005 -16"><span class='ocrx_word' id='word_1_364' title='bbox 1995 2578 2204 2649; x_wconf 83' lang='lat' dir='ltr'><strong>nequit,</strong></span> <span class='ocrx_word' id='word_1_365' title='bbox 2266 2586 2323 2632; x_wconf 90' lang='lat' dir='ltr'><strong>ut</strong></span> <span class='ocrx_word' id='word_1_366' title='bbox 2393 2578 2911 2646; x_wconf 84' lang='lat' dir='ltr'><strong>demonstravimus,</strong></span> <span class='ocrx_word' id='word_1_367' title='bbox 2978 2580 3073 2636; x_wconf 91' lang='lat' dir='ltr'><strong>sed</strong></span> <span class='ocrx_word' id='word_1_368' title='bbox 3134 2582 3305 2639; x_wconf 88' lang='lat' dir='ltr'><strong>unitis</strong></span> <span class='ocrx_word' id='word_1_369' title='bbox 3363 2584 3599 2642; x_wconf 82' lang='lat' dir='ltr'><strong>invicem</strong></span> 
     </span>
    </p>
   </div>
   <div class='ocr_carea' id='block_1_56' title="bbox 1996 2649 3598 2745">
    <p class='ocr_par' dir='ltr' id='par_1_56' title="bbox 1996 2649 3598 2745">
     <span class='ocr_line' id='line_1_56' title="bbox 1996 2649 3598 2745; baseline 0.004 -20"><span class='ocrx_word' id='word_1_370' title='bbox 1996 2670 2299 2725; x_wconf 84' lang='lat' dir='ltr'><strong>secundum</strong></span> <span class='ocrx_word' id='word_1_371' title='bbox 2350 2649 2637 2725; x_wconf 77' lang='lat' dir='ltr'><strong>veritatem</strong></span> <span class='ocrx_word' id='word_1_372' title='bbox 2691 2670 2744 2725; x_wconf 92' lang='lat' dir='ltr'><strong>in</strong></span> <span class='ocrx_word' id='word_1_373' title='bbox 2798 2685 2905 2725; x_wconf 90' lang='lat' dir='ltr'><strong>una</strong></span> <span class='ocrx_word' id='word_1_374' title='bbox 2958 2672 3266 2742; x_wconf 84' lang='lat' dir='ltr'><strong>composita</strong></span> <span class='ocrx_word' id='word_1_375' title='bbox 3316 2673 3598 2745; x_wconf 78' lang='lat' dir='ltr'><strong>hypostasi</strong></span> 
     </span>
    </p>
   </div>
   <div class='ocr_carea' id='block_1_57' title="bbox 1997 2759 3598 2831">
    <p class='ocr_par' dir='ltr' id='par_1_57' title="bbox 1997 2759 3598 2831">
     <span class='ocr_line' id='line_1_57' title="bbox 1997 2759 3598 2831; baseline 0.006 -16"><span class='ocrx_word' id='word_1_376' title='bbox 1997 2759 2120 2816; x_wconf 88' lang='lat' dir='ltr'><strong>Filii</strong></span> <span class='ocrx_word' id='word_1_377' title='bbox 2159 2761 2277 2825; x_wconf 85' lang='lat' dir='ltr'><strong>Dei,</strong></span> <span class='ocrx_word' id='word_1_378' title='bbox 2308 2776 2609 2831; x_wconf 89' lang='lat' dir='ltr'><strong>earumque</strong></span> <span class='ocrx_word' id='word_1_379' title='bbox 2639 2763 2991 2819; x_wconf 86' lang='lat' dir='ltr'><strong>essentialem</strong></span> <span class='ocrx_word' id='word_1_380' title='bbox 3041 2763 3407 2821; x_wconf 70' lang='lat' dir='ltr'><strong>differentiam</strong></span> <span class='ocrx_word' id='word_1_381' title='bbox 3449 2784 3598 2824; x_wconf 89' lang='lat' dir='ltr'><strong>con—</strong></span> 
     </span>
    </p>
   </div>
   <div class='ocr_carea' id='block_1_58' title="bbox 2000 2854 3601 2915">
    <p class='ocr_par' dir='ltr' id='par_1_58' title="bbox 2000 2854 3601 2915">
     <span class='ocr_line' id='line_1_58' title="bbox 2000 2854 3601 2915; baseline 0.004 -6"><span class='ocrx_word' id='word_1_382' title='bbox 2000 2854 2211 2909; x_wconf 84' lang='lat' dir='ltr'><strong>servari</strong></span> <span class='ocrx_word' id='word_1_383' title='bbox 2252 2854 2599 2910; x_wconf 81' lang='lat' dir='ltr'><strong>decernimus</strong></span> <span class='ocrx_word' id='word_1_384' title='bbox 2631 2872 2644 2910; x_wconf 91' lang='lat'><strong>:</strong></span> <span class='ocrx_word' id='word_1_385' title='bbox 2678 2864 2922 2911; x_wconf 86' lang='lat' dir='ltr'><strong>creatum</strong></span> <span class='ocrx_word' id='word_1_386' title='bbox 2961 2856 3108 2912; x_wconf 92' lang='lat' dir='ltr'><strong>enim</strong></span> <span class='ocrx_word' id='word_1_387' title='bbox 3141 2860 3403 2914; x_wconf 88' lang='lat' dir='ltr'><strong>remansit</strong></span> <span class='ocrx_word' id='word_1_388' title='bbox 3444 2875 3601 2915; x_wconf 86' lang='lat' dir='ltr'><strong>erea-</strong></span> 
     </span>
    </p>
   </div>
   <div class='ocr_carea' id='block_1_59' title="bbox 1997 2943 3600 3019">
    <p class='ocr_par' dir='ltr' id='par_1_59' title="bbox 1997 2943 3600 3019">
     <span class='ocr_line' id='line_1_59' title="bbox 1997 2943 3600 3019; baseline 0.004 -21"><span class='ocrx_word' id='word_1_389' title='bbox 1997 2953 2134 3008; x_wconf 90' lang='lat' dir='ltr'><strong>tum,</strong></span> <span class='ocrx_word' id='word_1_390' title='bbox 2165 2953 2217 2998; x_wconf 93' lang='lat' dir='ltr'><strong>et</strong></span> <span class='ocrx_word' id='word_1_391' title='bbox 2247 2943 2571 3010; x_wconf 89' lang='lat' dir='ltr'><strong>increatum,</strong></span> <span class='ocrx_word' id='word_1_392' title='bbox 2608 2945 2914 3000; x_wconf 87' lang='lat' dir='ltr'><strong>increatum</strong></span> <span class='ocrx_word' id='word_1_393' title='bbox 2950 2962 2965 2999; x_wconf 92' lang='lat'><strong>:</strong></span> <span class='ocrx_word' id='word_1_394' title='bbox 3015 2946 3268 3001; x_wconf 90' lang='lat' dir='ltr'><strong>similiter</strong></span> <span class='ocrx_word' id='word_1_395' title='bbox 3295 2957 3348 3002; x_wconf 91' lang='lat' dir='ltr'><strong>et</strong></span> <span class='ocrx_word' id='word_1_396' title='bbox 3375 2949 3600 3019; x_wconf 66' lang='lat' dir='ltr'><strong>reliqua:</strong></span> 
     </span>
    </p>
   </div>
   <div class='ocr_carea' id='block_1_60' title="bbox 1996 3033 3600 3107">
    <p class='ocr_par' dir='ltr' id='par_1_60' title="bbox 1996 3033 3600 3107">
     <span class='ocr_line' id='line_1_60' title="bbox 1996 3033 3600 3107; baseline 0.003 -18"><span class='ocrx_word' id='word_1_397' title='bbox 1996 3035 2391 3107; x_wconf 87' lang='lat' dir='ltr'><strong>oppositiones.</strong></span> <span class='ocrx_word' id='word_1_398' title='bbox 2422 3034 2508 3089; x_wconf 79' lang='grc'><strong>15.</strong></span> <span class='ocrx_word' id='word_1_399' title='bbox 2528 3033 2683 3101; x_wconf 86' lang='lat' dir='ltr'><strong>Item,</strong></span> <span class='ocrx_word' id='word_1_400' title='bbox 2706 3034 2762 3089; x_wconf 89' lang='lat' dir='ltr'><strong>Si</strong></span> <span class='ocrx_word' id='word_1_401' title='bbox 2787 3035 2949 3090; x_wconf 89' lang='lat' dir='ltr'><strong>unius</strong></span> <span class='ocrx_word' id='word_1_402' title='bbox 2979 3045 3063 3090; x_wconf 91' lang='lat' dir='ltr'><strong>est</strong></span> <span class='ocrx_word' id='word_1_403' title='bbox 3088 3046 3297 3091; x_wconf 66' lang='lat' dir='ltr'><strong>natura:</strong></span> <span class='ocrx_word' id='word_1_404' title='bbox 3338 3036 3600 3094; x_wconf 88' lang='lat' dir='ltr'><strong>Christus</strong></span> 
     </span>
    </p>
   </div>
   <div class='ocr_carea' id='block_1_61' title="bbox 1998 3123 3602 3194">
    <p class='ocr_par' dir='ltr' id='par_1_61' title="bbox 1998 3123 3602 3194">
     <span class='ocr_line' id='line_1_61' title="bbox 1998 3123 3602 3194; baseline 0.004 -17"><span class='ocrx_word' id='word_1_405' title='bbox 1998 3135 2120 3194; x_wconf 89' lang='lat' dir='ltr'><strong>post</strong></span> <span class='ocrx_word' id='word_1_406' title='bbox 2142 3123 2615 3189; x_wconf 84' lang='lat' dir='ltr'><strong>unionem,dicite,</strong></span> <span class='ocrx_word' id='word_1_407' title='bbox 2635 3124 2825 3194; x_wconf 81' lang='lat' dir='ltr'><strong>cujus?</strong></span> <span class='ocrx_word' id='word_1_408' title='bbox 2848 3134 2903 3179; x_wconf 92' lang='lat' dir='ltr'><strong>et</strong></span> <span class='ocrx_word' id='word_1_409' title='bbox 2919 3126 3048 3193; x_wconf 90' lang='lat' dir='ltr'><strong>quid</strong></span> <span class='ocrx_word' id='word_1_410' title='bbox 3075 3125 3142 3181; x_wconf 90' lang='lat' dir='ltr'><strong>de</strong></span> <span class='ocrx_word' id='word_1_411' title='bbox 3156 3127 3259 3181; x_wconf 90' lang='lat' dir='ltr'><strong>alia</strong></span> <span class='ocrx_word' id='word_1_412' title='bbox 3282 3137 3463 3182; x_wconf 89' lang='lat' dir='ltr'><strong>actum</strong></span> <span class='ocrx_word' id='word_1_413' title='bbox 3486 3129 3602 3184; x_wconf 71' lang='lat' dir='ltr'><strong>est?</strong></span> 
     </span>
    </p>
   </div>
   <div class='ocr_carea' id='block_1_62' title="bbox 305 3216 1912 3315">
    <p class='ocr_par' dir='ltr' id='par_1_62' title="bbox 305 3224 1895 3301">
     <span class='ocr_line' id='line_1_62' title="bbox 305 3224 1895 3301; baseline 0.007 -22"><span class='ocrx_word' id='word_1_414' title='bbox 305 3224 641 3296; x_wconf 70' lang='grc' dir='ltr'>ὁριζόμιθαθ</span> <span class='ocrx_word' id='word_1_415' title='bbox 670 3226 731 3279; x_wconf 82' lang='grc' dir='ltr'>τὸ</span> <span class='ocrx_word' id='word_1_416' title='bbox 763 3225 873 3298; x_wconf 89' lang='grc' dir='ltr'><strong>γάρ</strong></span> <span class='ocrx_word' id='word_1_417' title='bbox 899 3228 1117 3281; x_wconf 81' lang='grc' dir='ltr'>κτιστὸν</span> <span class='ocrx_word' id='word_1_418' title='bbox 1148 3230 1425 3301; x_wconf 79' lang='grc' dir='ltr'>μεμένηκε</span> <span class='ocrx_word' id='word_1_419' title='bbox 1448 3234 1687 3300; x_wconf 75' lang='grc' dir='ltr'>κτιστὸν,</span> <span class='ocrx_word' id='word_1_420' title='bbox 1721 3236 1895 3290; x_wconf 78' lang='grc' dir='ltr'>καὶτὸ</span> 
     </span>
    </p>
   </div>
   <div class='ocr_carea' id='block_1_63' title="bbox 2001 3216 3600 3315">
    <p class='ocr_par' dir='ltr' id='par_1_63' title="bbox 2004 3216 3600 3289">
     <span class='ocr_line' id='line_1_63' title="bbox 2004 3216 3600 3289; baseline 0.004 -20"><span class='ocrx_word' id='word_1_421' title='bbox 2004 3216 2059 3270; x_wconf 82' lang='lat' dir='ltr'><strong>Si</strong></span> <span class='ocrx_word' id='word_1_422' title='bbox 2080 3218 2242 3270; x_wconf 86' lang='lat' dir='ltr'><strong>ambo</strong></span> <span class='ocrx_word' id='word_1_423' title='bbox 2258 3218 2553 3281; x_wconf 75' lang='lat' dir='ltr'><strong>exsistunt,</strong></span> <span class='ocrx_word' id='word_1_424' title='bbox 2578 3216 2857 3286; x_wconf 88' lang='lat' dir='ltr'><strong>quomodo</strong></span> <span class='ocrx_word' id='word_1_425' title='bbox 2881 3232 3014 3279; x_wconf 86' lang='lat' dir='ltr'><strong>uua,</strong></span> <span class='ocrx_word' id='word_1_426' title='bbox 3028 3216 3133 3272; x_wconf 87' lang='lat' dir='ltr'><strong>nisi</strong></span> <span class='ocrx_word' id='word_1_427' title='bbox 3147 3232 3213 3272; x_wconf 77' lang='lat' dir='ltr'><strong>ex</strong></span> <span class='ocrx_word' id='word_1_428' title='bbox 3228 3219 3474 3289; x_wconf 90' lang='lat' dir='ltr'><strong>utrisque</strong></span> <span class='ocrx_word' id='word_1_429' title='bbox 3490 3234 3600 3275; x_wconf 85' lang='lat' dir='ltr'><strong>una</strong></span> 
     </span>
    </p>
   </div>
   <div class='ocr_carea' id='block_1_64' title="bbox 305 3317 1905 3392">
    <p class='ocr_par' dir='ltr' id='par_1_64' title="bbox 305 3317 1905 3392">
     <span class='ocr_line' id='line_1_64' title="bbox 305 3317 1905 3392; baseline 0.006 -21"><span class='ocrx_word' id='word_1_430' title='bbox 305 3317 589 3384; x_wconf 73' lang='grc' dir='ltr'>ἄκτιστον,</span> <span class='ocrx_word' id='word_1_431' title='bbox 622 3317 911 3373; x_wconf 74' lang='grc' dir='ltr'>ἀκτιστονο</span> <span class='ocrx_word' id='word_1_432' title='bbox 942 3318 1206 3384; x_wconf 86' lang='grc' dir='ltr'>ὡσαύτως</span> <span class='ocrx_word' id='word_1_433' title='bbox 1245 3320 1310 3392; x_wconf 82' lang='grc' dir='ltr'>δὴ</span> <span class='ocrx_word' id='word_1_434' title='bbox 1356 3322 1451 3375; x_wconf 78' lang='grc' dir='ltr'><strong>καὶ</strong></span> <span class='ocrx_word' id='word_1_435' title='bbox 1484 3323 1542 3377; x_wconf 88' lang='grc' dir='ltr'><strong>αί</strong></span> <span class='ocrx_word' id='word_1_436' title='bbox 1588 3324 1773 3379; x_wconf 72' lang='grc' dir='ltr'>λοιπαὶ</span> <span class='ocrx_word' id='word_1_437' title='bbox 1809 3327 1905 3381; x_wconf 82' lang='grc' dir='ltr'>ἀν-</span> 
     </span>
    </p>
   </div>
   <div class='ocr_carea' id='block_1_65' title="bbox 306 3406 1901 3486">
    <p class='ocr_par' dir='ltr' id='par_1_65' title="bbox 306 3406 1901 3486">
     <span class='ocr_line' id='line_1_65' title="bbox 306 3406 1901 3486; baseline 0.007 -24"><span class='ocrx_word' id='word_1_438' title='bbox 306 3407 566 3473; x_wconf 79' lang='grc' dir='ltr'>τιθέσεις.</span> <span class='ocrx_word' id='word_1_439' title='bbox 600 3406 691 3478; x_wconf 83' lang='grc' dir='ltr'>ιγ’.</span> <span class='ocrx_word' id='word_1_440' title='bbox 731 3407 855 3464; x_wconf 85' lang='grc' dir='ltr'>Ἔτι</span> <span class='ocrx_word' id='word_1_441' title='bbox 874 3425 889 3440; x_wconf 73' lang='grc'><strong><em>⁸</em></strong></span> <span class='ocrx_word' id='word_1_442' title='bbox 914 3411 983 3465; x_wconf 87' lang='grc' dir='ltr'>Εί</span> <span class='ocrx_word' id='word_1_443' title='bbox 1013 3412 1143 3482; x_wconf 76' lang='grc' dir='ltr'>μιᾶς</span> <span class='ocrx_word' id='word_1_444' title='bbox 1171 3411 1386 3481; x_wconf 84' lang='grc' dir='ltr'>φύσεως</span> <span class='ocrx_word' id='word_1_445' title='bbox 1424 3414 1563 3484; x_wconf 89' lang='grc' dir='ltr'><strong>μετά</strong></span> <span class='ocrx_word' id='word_1_446' title='bbox 1580 3414 1677 3486; x_wconf 77' lang='grc' dir='ltr'>τὴν</span> <span class='ocrx_word' id='word_1_447' title='bbox 1704 3416 1901 3475; x_wconf 69' lang='grc' dir='ltr'>ἕνωσίν</span> 
     </span>
    </p>
   </div>
   <div class='ocr_carea' id='block_1_66' title="bbox 310 3500 1906 3581">
    <p class='ocr_par' dir='ltr' id='par_1_66' title="bbox 310 3500 1906 3581">
     <span class='ocr_line' id='line_1_66' title="bbox 310 3500 1906 3581; baseline 0.006 -29"><span class='ocrx_word' id='word_1_448' title='bbox 310 3500 467 3553; x_wconf 68' lang='grc' dir='ltr'>ἔστιν</span> <span class='ocrx_word' id='word_1_449' title='bbox 518 3500 547 3554; x_wconf 90' lang='grc' dir='ltr'><strong>ό</strong></span> <span class='ocrx_word' id='word_1_450' title='bbox 590 3500 846 3570; x_wconf 82' lang='grc' dir='ltr'>Χριστὸς,</span> <span class='ocrx_word' id='word_1_451' title='bbox 881 3500 1093 3568; x_wconf 78' lang='grc' dir='ltr'>εἴπατε,</span> <span class='ocrx_word' id='word_1_452' title='bbox 1144 3502 1335 3571; x_wconf 83' lang='grc' dir='ltr'>ποίας;</span> <span class='ocrx_word' id='word_1_453' title='bbox 1372 3505 1465 3557; x_wconf 80' lang='grc' dir='ltr'><strong>καὶ</strong></span> <span class='ocrx_word' id='word_1_454' title='bbox 1492 3503 1548 3558; x_wconf 88' lang='grc' dir='ltr'><strong>τί</strong></span> <span class='ocrx_word' id='word_1_455' title='bbox 1605 3506 1830 3575; x_wconf 80' lang='grc' dir='ltr'>γέγονεν</span> <span class='ocrx_word' id='word_1_456' title='bbox 1870 3510 1906 3581; x_wconf 72' lang='grc' dir='ltr'><strong>ἡ</strong></span> 
     </span>
    </p>
   </div>
   <div class='ocr_carea' id='block_1_67' title="bbox 309 3589 1906 3672">
    <p class='ocr_par' dir='ltr' id='par_1_67' title="bbox 309 3589 1906 3672">
     <span class='ocr_line' id='line_1_67' title="bbox 309 3589 1906 3672; baseline 0.008 -30"><span class='ocrx_word' id='word_1_457' title='bbox 309 3589 515 3660; x_wconf 56' lang='lat' dir='ltr'><strong>stipa;</strong></span> <span class='ocrx_word' id='word_1_458' title='bbox 553 3592 616 3644; x_wconf 84' lang='lat' dir='ltr'><strong>El</strong></span> <span class='ocrx_word' id='word_1_459' title='bbox 636 3591 692 3645; x_wconf 85' lang='grc' dir='ltr'>δὲ</span> <span class='ocrx_word' id='word_1_460' title='bbox 713 3591 1049 3665; x_wconf 86' lang='grc' dir='ltr'>ὑπάρχουσιν</span> <span class='ocrx_word' id='word_1_461' title='bbox 1078 3594 1412 3667; x_wconf 81' lang='grc' dir='ltr'>ἀμφότεραι,</span> <span class='ocrx_word' id='word_1_462' title='bbox 1436 3597 1552 3661; x_wconf 83' lang='grc' dir='ltr'><strong>πῶς</strong></span> <span class='ocrx_word' id='word_1_463' title='bbox 1579 3597 1712 3669; x_wconf 65' lang='lat' dir='ltr'><strong>pia;</strong></span> <span class='ocrx_word' id='word_1_464' title='bbox 1745 3602 1795 3653; x_wconf 83' lang='grc' dir='ltr'>εἰ</span> <span class='ocrx_word' id='word_1_465' title='bbox 1828 3600 1906 3672; x_wconf 80' lang='grc' dir='ltr'>μὴ</span> 
     </span>
    </p>
   </div>
   <div class='ocr_carea' id='block_1_68' title="bbox 310 3681 1901 3762">
    <p class='ocr_par' dir='ltr' id='par_1_68' title="bbox 310 3681 1901 3762">
     <span class='ocr_line' id='line_1_68' title="bbox 310 3681 1901 3762; baseline 0.008 -27"><span class='ocrx_word' id='word_1_466' title='bbox 310 3681 376 3748; x_wconf 72' lang='grc' dir='ltr'><strong>ἐξ</strong></span> <span class='ocrx_word' id='word_1_467' title='bbox 404 3683 732 3755; x_wconf 82' lang='grc' dir='ltr'>ἀμφοτέρων</span> <span class='ocrx_word' id='word_1_468' title='bbox 760 3684 859 3756; x_wconf 87' lang='grc' dir='ltr'><strong>μία</strong></span> <span class='ocrx_word' id='word_1_469' title='bbox 893 3685 1230 3758; x_wconf 76' lang='grc' dir='ltr'>ἀπετελέσθη</span> <span class='ocrx_word' id='word_1_470' title='bbox 1280 3686 1534 3754; x_wconf 78' lang='grc' dir='ltr'>σύνθετος</span> <span class='ocrx_word' id='word_1_471' title='bbox 1582 3690 1705 3744; x_wconf 78' lang='grc' dir='ltr'>καθ’</span> <span class='ocrx_word' id='word_1_472' title='bbox 1736 3692 1901 3762; x_wconf 75' lang='grc' dir='ltr'>ὑμᾶς.</span> 
     </span>
    </p>
   </div>
   <div class='ocr_carea' id='block_1_69' title="bbox 311 3774 1903 3854">
    <p class='ocr_par' dir='ltr' id='par_1_69' title="bbox 311 3774 1903 3854">
     <span class='ocr_line' id='line_1_69' title="bbox 311 3774 1903 3854; baseline 0.006 -27"><span class='ocrx_word' id='word_1_473' title='bbox 311 3775 450 3828; x_wconf 81' lang='grc' dir='ltr'>Είδὲ</span> <span class='ocrx_word' id='word_1_474' title='bbox 479 3774 656 3841; x_wconf 90' lang='grc' dir='ltr'>τοῦτο,</span> <span class='ocrx_word' id='word_1_475' title='bbox 696 3777 1327 3849; x_wconf 74' lang='grc' dir='ltr'>ἑτεριούσιοςόΧριστδς</span> <span class='ocrx_word' id='word_1_476' title='bbox 1355 3780 1449 3834; x_wconf 91' lang='grc' dir='ltr'><strong>τοῦ</strong></span> <span class='ocrx_word' id='word_1_477' title='bbox 1470 3782 1702 3854; x_wconf 78' lang='grc' dir='ltr'>Πατρδς,</span> <span class='ocrx_word' id='word_1_478' title='bbox 1737 3785 1903 3838; x_wconf 84' lang='grc' dir='ltr'>ἀσυν-</span> 
     </span>
    </p>
   </div>
   <div class='ocr_carea' id='block_1_70' title="bbox 312 3868 1900 3946">
    <p class='ocr_par' dir='ltr' id='par_1_70' title="bbox 312 3868 1900 3946">
     <span class='ocr_line' id='line_1_70' title="bbox 312 3868 1900 3946; baseline 0.006 -27"><span class='ocrx_word' id='word_1_479' title='bbox 312 3868 473 3920; x_wconf 84' lang='grc' dir='ltr'>θέτου</span> <span class='ocrx_word' id='word_1_480' title='bbox 507 3868 866 3939; x_wconf 80' lang='grc' dir='ltr'>ὑπάρχοντος,</span> <span class='ocrx_word' id='word_1_481' title='bbox 901 3869 1165 3934; x_wconf 84' lang='grc' dir='ltr'>ὡσαύτως</span> <span class='ocrx_word' id='word_1_482' title='bbox 1208 3870 1265 3924; x_wconf 72' lang='grc' dir='ltr'>δὲ</span> <span class='ocrx_word' id='word_1_483' title='bbox 1300 3872 1395 3926; x_wconf 73' lang='grc' dir='ltr'><strong>καὶ</strong></span> <span class='ocrx_word' id='word_1_484' title='bbox 1425 3873 1519 3926; x_wconf 93' lang='grc' dir='ltr'><strong>τοῦ</strong></span> <span class='ocrx_word' id='word_1_485' title='bbox 1561 3872 1900 3946; x_wconf 85' lang='grc' dir='ltr'>Πνεύματος,</span> 
     </span>
    </p>
   </div>
   <div class='ocr_carea' id='block_1_71' title="bbox 312 3959 1903 4036">
    <p class='ocr_par' dir='ltr' id='par_1_71' title="bbox 312 3959 1903 4036">
     <span class='ocr_line' id='line_1_71' title="bbox 312 3959 1903 4036; baseline 0.004 -23"><span class='ocrx_word' id='word_1_486' title='bbox 312 3960 453 4031; x_wconf 79' lang='grc' dir='ltr'>ὅπερ</span> <span class='ocrx_word' id='word_1_487' title='bbox 484 3961 599 4013; x_wconf 74' lang='grc' dir='ltr'>ἐστὶ</span> <span class='ocrx_word' id='word_1_488' title='bbox 636 3959 958 4031; x_wconf 85' lang='grc' dir='ltr'>βλάσφημον</span> <span class='ocrx_word' id='word_1_489' title='bbox 987 3961 1082 4015; x_wconf 80' lang='grc' dir='ltr'><strong>καὶ</strong></span> <span class='ocrx_word' id='word_1_490' title='bbox 1109 3962 1208 4032; x_wconf 81' lang='grc' dir='ltr'><strong>τῆς</strong></span> <span class='ocrx_word' id='word_1_491' title='bbox 1257 3963 1367 4016; x_wconf 92' lang='grc' dir='ltr'><strong>τῶν</strong></span> <span class='ocrx_word' id='word_1_492' title='bbox 1424 3965 1767 4035; x_wconf 82' lang='grc' dir='ltr'>Χριστιανῶν</span> <span class='ocrx_word' id='word_1_493' title='bbox 1802 3983 1903 4036; x_wconf 88' lang='grc' dir='ltr'>με-</span> 
     </span>
    </p>
   </div>
   <div class='ocr_carea' id='block_1_72' title="bbox 317 4050 1902 4126">
    <p class='ocr_par' dir='ltr' id='par_1_72' title="bbox 317 4050 1902 4126">
     <span class='ocr_line' id='line_1_72' title="bbox 317 4050 1902 4126; baseline 0.005 -23"><span class='ocrx_word' id='word_1_494' title='bbox 317 4050 466 4121; x_wconf 89' lang='grc' dir='ltr'>ρίδος</span> <span class='ocrx_word' id='word_1_495' title='bbox 493 4050 791 4123; x_wconf 83' lang='grc' dir='ltr'>ἀλλότριον.</span> <span class='ocrx_word' id='word_1_496' title='bbox 853 4052 933 4108; x_wconf 81' lang='grc' dir='ltr'>ιδ’.</span> <span class='ocrx_word' id='word_1_497' title='bbox 970 4054 1091 4107; x_wconf 85' lang='grc' dir='ltr'>Ἔτι</span> <span class='ocrx_word' id='word_1_498' title='bbox 1119 4068 1135 4085; x_wconf 85' lang='grc'>⁶</span> <span class='ocrx_word' id='word_1_499' title='bbox 1163 4054 1226 4106; x_wconf 82' lang='grc' dir='ltr'><strong>Εἰ</strong></span> <span class='ocrx_word' id='word_1_500' title='bbox 1261 4054 1289 4107; x_wconf 86' lang='grc' dir='ltr'><strong>ό</strong></span> <span class='ocrx_word' id='word_1_501' title='bbox 1314 4054 1598 4124; x_wconf 79' lang='grc' dir='ltr'>ἄνθρωπος</span> <span class='ocrx_word' id='word_1_502' title='bbox 1624 4058 1689 4110; x_wconf 82' lang='grc' dir='ltr'>ἐκ</span> <span class='ocrx_word' id='word_1_503' title='bbox 1717 4057 1902 4126; x_wconf 83' lang='grc' dir='ltr'>διαφό-</span> 
     </span>
    </p>
   </div>
   <div class='ocr_carea' id='block_1_73' title="bbox 317 4139 1901 4213">
    <p class='ocr_par' dir='ltr' id='par_1_73' title="bbox 317 4139 1901 4213">
     <span class='ocr_line' id='line_1_73' title="bbox 317 4139 1901 4213; baseline 0.004 -22"><span class='ocrx_word' id='word_1_504' title='bbox 317 4157 430 4211; x_wconf 88' lang='grc' dir='ltr'><strong>ρων</strong></span> <span class='ocrx_word' id='word_1_505' title='bbox 488 4139 705 4211; x_wconf 87' lang='grc' dir='ltr'>φύσεων</span> <span class='ocrx_word' id='word_1_506' title='bbox 739 4142 840 4211; x_wconf 85' lang='grc' dir='ltr'><strong>μία</strong></span> <span class='ocrx_word' id='word_1_507' title='bbox 888 4141 1050 4212; x_wconf 88' lang='grc' dir='ltr'>φύσις</span> <span class='ocrx_word' id='word_1_508' title='bbox 1097 4142 1352 4206; x_wconf 88' lang='grc' dir='ltr'>σύνθετος</span> <span class='ocrx_word' id='word_1_509' title='bbox 1406 4144 1773 4213; x_wconf 85' lang='grc' dir='ltr'>ἀποτελεῖται,</span> <span class='ocrx_word' id='word_1_510' title='bbox 1825 4147 1901 4210; x_wconf 85' lang='grc' dir='ltr'><strong>ῶς</strong></span> 
     </span>
    </p>
   </div>
   <div class='ocr_carea' id='block_1_74' title="bbox 313 4229 1899 4309">
    <p class='ocr_par' dir='ltr' id='par_1_74' title="bbox 313 4229 1899 4309">
     <span class='ocr_line' id='line_1_74' title="bbox 313 4229 1899 4309; baseline 0.003 -23"><span class='ocrx_word' id='word_1_511' title='bbox 313 4234 503 4305; x_wconf 77' lang='grc' dir='ltr'>ἕτερόν</span> <span class='ocrx_word' id='word_1_512' title='bbox 552 4250 607 4287; x_wconf 86' lang='grc' dir='ltr'><strong>τι</strong></span> <span class='ocrx_word' id='word_1_513' title='bbox 657 4237 806 4306; x_wconf 74' lang='grc' dir='ltr'>παρὰ</span> <span class='ocrx_word' id='word_1_514' title='bbox 834 4235 903 4289; x_wconf 83' lang='grc' dir='ltr'>τὰ</span> <span class='ocrx_word' id='word_1_515' title='bbox 932 4234 993 4301; x_wconf 75' lang='grc' dir='ltr'><strong>ἐξ</strong></span> <span class='ocrx_word' id='word_1_516' title='bbox 1049 4229 1123 4290; x_wconf 81' lang='grc' dir='ltr'>ὧν</span> <span class='ocrx_word' id='word_1_517' title='bbox 1157 4235 1415 4306; x_wconf 85' lang='grc' dir='ltr'>συνετέθη</span> <span class='ocrx_word' id='word_1_518' title='bbox 1462 4236 1773 4309; x_wconf 75' lang='grc' dir='ltr'>γενόμενος,</span> <span class='ocrx_word' id='word_1_519' title='bbox 1805 4238 1899 4290; x_wconf 75' lang='grc' dir='ltr'><strong>καὶ</strong></span> 
     </span>
    </p>
   </div>
   <div class='ocr_carea' id='block_1_75' title="bbox 312 4324 1901 4399">
    <p class='ocr_par' dir='ltr' id='par_1_75' title="bbox 312 4324 1901 4399">
     <span class='ocr_line' id='line_1_75' title="bbox 312 4324 1901 4399; baseline 0.003 -21"><span class='ocrx_word' id='word_1_520' title='bbox 312 4325 568 4395; x_wconf 80' lang='grc' dir='ltr'>οὐδαμῶς</span> <span class='ocrx_word' id='word_1_521' title='bbox 612 4324 736 4380; x_wconf 86' lang='grc' dir='ltr'>οὑτε</span> <span class='ocrx_word' id='word_1_522' title='bbox 765 4326 927 4391; x_wconf 76' lang='grc' dir='ltr'>αὑτὸς</span> <span class='ocrx_word' id='word_1_523' title='bbox 963 4326 1267 4397; x_wconf 89' lang='grc' dir='ltr'>όμοούσιος,</span> <span class='ocrx_word' id='word_1_524' title='bbox 1314 4326 1347 4397; x_wconf 78' lang='grc' dir='ltr'>ἢ</span> <span class='ocrx_word' id='word_1_525' title='bbox 1384 4327 1631 4398; x_wconf 81' lang='grc' dir='ltr'>ὀμοφυὴς</span> <span class='ocrx_word' id='word_1_526' title='bbox 1668 4328 1804 4399; x_wconf 83' lang='grc' dir='ltr'>πρὸς</span> <span class='ocrx_word' id='word_1_527' title='bbox 1830 4328 1901 4382; x_wconf 85' lang='grc' dir='ltr'>τὰ</span> 
     </span>
    </p>
   </div>
   <div class='ocr_carea' id='block_1_76' title="bbox 314 4410 1897 4491">
    <p class='ocr_par' dir='ltr' id='par_1_76' title="bbox 314 4410 1897 4491">
     <span class='ocr_line' id='line_1_76' title="bbox 314 4410 1897 4491; baseline 0.002 -22"><span class='ocrx_word' id='word_1_528' title='bbox 314 4416 377 4481; x_wconf 77' lang='grc' dir='ltr'><strong>ἐξ</strong></span> <span class='ocrx_word' id='word_1_529' title='bbox 406 4410 483 4470; x_wconf 81' lang='grc' dir='ltr'>ὧν</span> <span class='ocrx_word' id='word_1_530' title='bbox 536 4416 793 4489; x_wconf 85' lang='grc' dir='ltr'>συνετέθη</span> <span class='ocrx_word' id='word_1_531' title='bbox 833 4419 986 4490; x_wconf 87' lang='grc' dir='ltr'>παρά</span> <span class='ocrx_word' id='word_1_532' title='bbox 1032 4435 1178 4481; x_wconf 88' lang='grc' dir='ltr'>τινος</span> <span class='ocrx_word' id='word_1_533' title='bbox 1231 4418 1456 4491; x_wconf 77' lang='grc' dir='ltr'>ῥηθείηο</span> <span class='ocrx_word' id='word_1_534' title='bbox 1495 4419 1671 4489; x_wconf 72' lang='grc' dir='ltr'>ἕτεροι</span> <span class='ocrx_word' id='word_1_535' title='bbox 1707 4420 1813 4490; x_wconf 78' lang='grc' dir='ltr'><strong>γὰρ</strong></span> <span class='ocrx_word' id='word_1_536' title='bbox 1848 4422 1897 4473; x_wconf 89' lang='grc' dir='ltr'><strong>οί</strong></span> 
     </span>
    </p>
   </div>
   <div class='ocr_carea' id='block_1_77' title="bbox 314 4507 1898 4583">
    <p class='ocr_par' dir='ltr' id='par_1_77' title="bbox 314 4507 1898 4583">
     <span class='ocr_line' id='line_1_77' title="bbox 314 4507 1898 4583; baseline 0.003 -22"><span class='ocrx_word' id='word_1_537' title='bbox 314 4507 466 4576; x_wconf 87' lang='grc' dir='ltr'>λόγοι</span> <span class='ocrx_word' id='word_1_538' title='bbox 496 4508 662 4562; x_wconf 83' lang='grc' dir='ltr'>αὑτοῦ</span> <span class='ocrx_word' id='word_1_539' title='bbox 692 4526 748 4562; x_wconf 88' lang='grc' dir='ltr'><strong>τε</strong></span> <span class='ocrx_word' id='word_1_540' title='bbox 780 4510 1006 4563; x_wconf 73' lang='grc' dir='ltr'>καὶτῶν</span> <span class='ocrx_word' id='word_1_541' title='bbox 1049 4510 1253 4581; x_wconf 85' lang='grc' dir='ltr'>μερῶν,</span> <span class='ocrx_word' id='word_1_542' title='bbox 1285 4510 1407 4563; x_wconf 75' lang='grc' dir='ltr'>οὕτε</span> <span class='ocrx_word' id='word_1_543' title='bbox 1444 4510 1552 4582; x_wconf 84' lang='grc' dir='ltr'><strong>μὴν</strong></span> <span class='ocrx_word' id='word_1_544' title='bbox 1584 4513 1633 4564; x_wconf 78' lang='lat' dir='ltr'><strong>oi</strong></span> <span class='ocrx_word' id='word_1_545' title='bbox 1667 4512 1771 4565; x_wconf 80' lang='grc' dir='ltr'>ὑπὸ</span> <span class='ocrx_word' id='word_1_546' title='bbox 1800 4513 1898 4583; x_wconf 76' lang='grc' dir='ltr'>τὴν</span> 
     </span>
    </p>
   </div>
   <div class='ocr_carea' id='block_1_78' title="bbox 2008 3308 3596 3380">
    <p class='ocr_par' dir='ltr' id='par_1_78' title="bbox 2008 3308 3596 3380">
     <span class='ocr_line' id='line_1_78' title="bbox 2008 3308 3596 3380; baseline 0.002 -16"><span class='ocrx_word' id='word_1_547' title='bbox 2008 3308 2196 3364; x_wconf 67' lang='lat' dir='ltr'><strong>effecta</strong></span> <span class='ocrx_word' id='word_1_548' title='bbox 2250 3319 2356 3375; x_wconf 92' lang='lat' dir='ltr'><strong>est,</strong></span> <span class='ocrx_word' id='word_1_549' title='bbox 2412 3308 2711 3380; x_wconf 82' lang='lat' dir='ltr'><strong>composita</strong></span> <span class='ocrx_word' id='word_1_550' title='bbox 2747 3308 3045 3364; x_wconf 90' lang='lat' dir='ltr'><strong>secundum</strong></span> <span class='ocrx_word' id='word_1_551' title='bbox 3087 3309 3242 3366; x_wconf 74' lang='lat' dir='ltr'><strong>vos?</strong></span> <span class='ocrx_word' id='word_1_552' title='bbox 3283 3309 3341 3365; x_wconf 86' lang='lat' dir='ltr'><strong>id</strong></span> <span class='ocrx_word' id='word_1_553' title='bbox 3389 3310 3437 3367; x_wconf 87' lang='lat' dir='ltr'><strong>si</strong></span> <span class='ocrx_word' id='word_1_554' title='bbox 3491 3322 3596 3380; x_wconf 89' lang='lat' dir='ltr'><strong>est,</strong></span> 
     </span>
    </p>
   </div>
   <div class='ocr_carea' id='block_1_79' title="bbox 2008 3400 3601 3473">
    <p class='ocr_par' dir='ltr' id='par_1_79' title="bbox 2008 3400 3601 3473">
     <span class='ocr_line' id='line_1_79' title="bbox 2008 3400 3601 3473; baseline 0 -15"><span class='ocrx_word' id='word_1_555' title='bbox 2008 3403 2236 3458; x_wconf 88' lang='lat' dir='ltr'><strong>alterius</strong></span> <span class='ocrx_word' id='word_1_556' title='bbox 2297 3402 2553 3459; x_wconf 59' lang='lat' dir='ltr'><strong>essentia;</strong></span> <span class='ocrx_word' id='word_1_557' title='bbox 2620 3402 2727 3457; x_wconf 92' lang='lat' dir='ltr'><strong>erit</strong></span> <span class='ocrx_word' id='word_1_558' title='bbox 2779 3400 3036 3458; x_wconf 84' lang='lat' dir='ltr'><strong>Christus</strong></span> <span class='ocrx_word' id='word_1_559' title='bbox 3086 3419 3117 3457; x_wconf 89' lang='lat' dir='ltr'><strong>a</strong></span> <span class='ocrx_word' id='word_1_560' title='bbox 3152 3401 3336 3469; x_wconf 86' lang='lat' dir='ltr'><strong>Patre,</strong></span> <span class='ocrx_word' id='word_1_561' title='bbox 3367 3403 3461 3473; x_wconf 91' lang='lat' dir='ltr'><strong>qui</strong></span> <span class='ocrx_word' id='word_1_562' title='bbox 3511 3402 3601 3458; x_wconf 85' lang='lat' dir='ltr'><strong>in-</strong></span> 
     </span>
    </p>
   </div>
   <div class='ocr_carea' id='block_1_80' title="bbox 2007 3493 3601 3565">
    <p class='ocr_par' dir='ltr' id='par_1_80' title="bbox 2007 3493 3601 3565">
     <span class='ocr_line' id='line_1_80' title="bbox 2007 3493 3601 3565; baseline 0.002 -16"><span class='ocrx_word' id='word_1_563' title='bbox 2007 3494 2347 3565; x_wconf 87' lang='lat' dir='ltr'><strong>compositus</strong></span> <span class='ocrx_word' id='word_1_564' title='bbox 2381 3504 2463 3550; x_wconf 88' lang='lat' dir='ltr'><strong>est</strong></span> <span class='ocrx_word' id='word_1_565' title='bbox 2489 3512 2505 3561; x_wconf 89' lang='lat'><strong>;</strong></span> <span class='ocrx_word' id='word_1_566' title='bbox 2533 3494 2791 3551; x_wconf 89' lang='lat' dir='ltr'><strong>similiter</strong></span> <span class='ocrx_word' id='word_1_567' title='bbox 2822 3503 2878 3549; x_wconf 90' lang='lat' dir='ltr'><strong>et</strong></span> <span class='ocrx_word' id='word_1_568' title='bbox 2914 3509 2946 3549; x_wconf 89' lang='lat' dir='ltr'><strong>a</strong></span> <span class='ocrx_word' id='word_1_569' title='bbox 2991 3493 3201 3565; x_wconf 83' lang='lat' dir='ltr'><strong>Spiritu</strong></span> <span class='ocrx_word' id='word_1_570' title='bbox 3239 3504 3457 3550; x_wconf 91' lang='lat' dir='ltr'><strong>sancto.</strong></span> <span class='ocrx_word' id='word_1_571' title='bbox 3491 3495 3601 3552; x_wconf 87' lang='lat' dir='ltr'><strong>Sed</strong></span> 
     </span>
    </p>
   </div>
   <div class='ocr_carea' id='block_1_81' title="bbox 2007 3584 3587 3657">
    <p class='ocr_par' dir='ltr' id='par_1_81' title="bbox 2007 3584 3587 3657">
     <span class='ocr_line' id='line_1_81' title="bbox 2007 3584 3587 3657; baseline 0 -16"><span class='ocrx_word' id='word_1_572' title='bbox 2007 3586 2114 3642; x_wconf 89' lang='lat' dir='ltr'><strong>hoc</strong></span> <span class='ocrx_word' id='word_1_573' title='bbox 2163 3587 2545 3657; x_wconf 84' lang='lat' dir='ltr'><strong>blasphemqu</strong></span> <span class='ocrx_word' id='word_1_574' title='bbox 2601 3595 2704 3652; x_wconf 91' lang='lat' dir='ltr'><strong>est,</strong></span> <span class='ocrx_word' id='word_1_575' title='bbox 2752 3594 2807 3641; x_wconf 88' lang='lat' dir='ltr'><strong>et</strong></span> <span class='ocrx_word' id='word_1_576' title='bbox 2850 3600 2882 3640; x_wconf 91' lang='lat' dir='ltr'><strong>a</strong></span> <span class='ocrx_word' id='word_1_577' title='bbox 2928 3584 3243 3641; x_wconf 87' lang='lat' dir='ltr'><strong>Christiana</strong></span> <span class='ocrx_word' id='word_1_578' title='bbox 3318 3585 3587 3656; x_wconf 77' lang='lat' dir='ltr'><strong>religione</strong></span> 
     </span>
    </p>
   </div>
   <div class='ocr_carea' id='block_1_82' title="bbox 2005 3674 3598 3744">
    <p class='ocr_par' dir='ltr' id='par_1_82' title="bbox 2005 3674 3598 3744">
     <span class='ocr_line' id='line_1_82' title="bbox 2005 3674 3598 3744; baseline 0.001 -14"><span class='ocrx_word' id='word_1_579' title='bbox 2005 3676 2269 3731; x_wconf 86' lang='lat' dir='ltr'><strong>alienum.</strong></span> <span class='ocrx_word' id='word_1_580' title='bbox 2311 3678 2395 3731; x_wconf 77' lang='lat' dir='ltr'><strong>H.</strong></span> <span class='ocrx_word' id='word_1_581' title='bbox 2429 3675 2589 3744; x_wconf 88' lang='lat' dir='ltr'><strong>Item,</strong></span> <span class='ocrx_word' id='word_1_582' title='bbox 2624 3674 2682 3730; x_wconf 91' lang='lat' dir='ltr'><strong>Si</strong></span> <span class='ocrx_word' id='word_1_583' title='bbox 2716 3676 2878 3730; x_wconf 90' lang='lat' dir='ltr'><strong>homo</strong></span> <span class='ocrx_word' id='word_1_584' title='bbox 2907 3689 2973 3730; x_wconf 80' lang='lat' dir='ltr'><strong>ex</strong></span> <span class='ocrx_word' id='word_1_585' title='bbox 2997 3675 3209 3731; x_wconf 87' lang='lat' dir='ltr'><strong>duabus</strong></span> <span class='ocrx_word' id='word_1_586' title='bbox 3233 3676 3443 3732; x_wconf 90' lang='lat' dir='ltr'><strong>naturis</strong></span> <span class='ocrx_word' id='word_1_587' title='bbox 3484 3690 3598 3732; x_wconf 88' lang='lat' dir='ltr'><strong>una</strong></span> 
     </span>
    </p>
   </div>
   <div class='ocr_carea' id='block_1_83' title="bbox 2006 3768 3599 3840">
    <p class='ocr_par' dir='ltr' id='par_1_83' title="bbox 2006 3768 3599 3840">
     <span class='ocr_line' id='line_1_83' title="bbox 2006 3768 3599 3840; baseline -0.001 -15"><span class='ocrx_word' id='word_1_588' title='bbox 2006 3780 2203 3825; x_wconf 82' lang='lat' dir='ltr'><strong>natura</strong></span> <span class='ocrx_word' id='word_1_589' title='bbox 2257 3770 2563 3840; x_wconf 84' lang='lat' dir='ltr'><strong>composita</strong></span> <span class='ocrx_word' id='word_1_590' title='bbox 2611 3768 2865 3834; x_wconf 75' lang='lat' dir='ltr'><strong>efﬁcitur,</strong></span> <span class='ocrx_word' id='word_1_591' title='bbox 2923 3778 3180 3840; x_wconf 89' lang='lat' dir='ltr'><strong>tanquam</strong></span> <span class='ocrx_word' id='word_1_592' title='bbox 3232 3769 3379 3825; x_wconf 89' lang='lat' dir='ltr'><strong>aliud</strong></span> <span class='ocrx_word' id='word_1_593' title='bbox 3408 3770 3478 3825; x_wconf 90' lang='lat' dir='ltr'><strong>ab</strong></span> <span class='ocrx_word' id='word_1_594' title='bbox 3508 3769 3599 3833; x_wconf 89' lang='lat' dir='ltr'><strong>iis,</strong></span> 
     </span>
    </p>
   </div>
   <div class='ocr_carea' id='block_1_84' title="bbox 2005 3848 3598 3933">
    <p class='ocr_par' dir='ltr' id='par_1_84' title="bbox 2005 3848 3598 3933">
     <span class='ocr_line' id='line_1_84' title="bbox 2005 3848 3598 3933; baseline -0.001 -14"><span class='ocrx_word' id='word_1_595' title='bbox 2005 3879 2072 3920; x_wconf 80' lang='lat' dir='ltr'><strong>ex</strong></span> <span class='ocrx_word' id='word_1_596' title='bbox 2123 3864 2325 3933; x_wconf 88' lang='lat' dir='ltr'><strong>quibus</strong></span> <span class='ocrx_word' id='word_1_597' title='bbox 2393 3848 2743 3933; x_wconf 80' lang='lat' dir='ltr'><strong>componitur</strong></span> <span class='ocrx_word' id='word_1_598' title='bbox 2802 3860 2983 3918; x_wconf 81' lang='lat' dir='ltr'><strong>factus</strong></span> <span class='ocrx_word' id='word_1_599' title='bbox 3022 3880 3037 3919; x_wconf 87' lang='lat'><strong>:</strong></span> <span class='ocrx_word' id='word_1_600' title='bbox 3072 3862 3332 3932; x_wconf 90' lang='lat' dir='ltr'><strong>nullaque</strong></span> <span class='ocrx_word' id='word_1_601' title='bbox 3384 3862 3598 3917; x_wconf 84' lang='lat' dir='ltr'><strong>ratione</strong></span> 
     </span>
    </p>
   </div>
   <div class='ocr_carea' id='block_1_85' title="bbox 2002 3954 3599 4026">
    <p class='ocr_par' dir='ltr' id='par_1_85' title="bbox 2002 3954 3599 4026">
     <span class='ocr_line' id='line_1_85' title="bbox 2002 3954 3599 4026; baseline -0.001 -16"><span class='ocrx_word' id='word_1_602' title='bbox 2002 3956 2093 4011; x_wconf 89' lang='lat' dir='ltr'><strong>ille</strong></span> <span class='ocrx_word' id='word_1_603' title='bbox 2128 3971 2305 4026; x_wconf 89' lang='lat' dir='ltr'><strong>neque</strong></span> <span class='ocrx_word' id='word_1_604' title='bbox 2325 3955 2570 4025; x_wconf 87' lang='lat' dir='ltr'><strong>ejusdem</strong></span> <span class='ocrx_word' id='word_1_605' title='bbox 2604 3956 2881 4024; x_wconf 57' lang='lat' dir='ltr'><strong>essentia,</strong></span> <span class='ocrx_word' id='word_1_606' title='bbox 2909 3970 3085 4025; x_wconf 87' lang='lat' dir='ltr'><strong>neque</strong></span> <span class='ocrx_word' id='word_1_607' title='bbox 3114 3954 3355 4023; x_wconf 88' lang='lat' dir='ltr'><strong>ejusdem</strong></span> <span class='ocrx_word' id='word_1_608' title='bbox 3386 3964 3599 4009; x_wconf 74' lang='lat' dir='ltr'><strong>natura:</strong></span> 
     </span>
    </p>
   </div>
   <div class='ocr_carea' id='block_1_86' title="bbox 2002 4042 3594 4116">
    <p class='ocr_par' dir='ltr' id='par_1_86' title="bbox 2002 4042 3594 4116">
     <span class='ocr_line' id='line_1_86' title="bbox 2002 4042 3594 4116; baseline -0.001 -13"><span class='ocrx_word' id='word_1_609' title='bbox 2002 4064 2127 4104; x_wconf 90' lang='lat' dir='ltr'><strong>cum</strong></span> <span class='ocrx_word' id='word_1_610' title='bbox 2183 4048 2273 4111; x_wconf 90' lang='lat' dir='ltr'><strong>iis,</strong></span> <span class='ocrx_word' id='word_1_611' title='bbox 2314 4063 2381 4102; x_wconf 81' lang='lat' dir='ltr'><strong>ex</strong></span> <span class='ocrx_word' id='word_1_612' title='bbox 2432 4048 2635 4116; x_wconf 87' lang='lat' dir='ltr'><strong>quibus</strong></span> <span class='ocrx_word' id='word_1_613' title='bbox 2672 4042 2964 4111; x_wconf 80' lang='lat' dir='ltr'><strong>conﬂatur,</strong></span> <span class='ocrx_word' id='word_1_614' title='bbox 3019 4063 3140 4103; x_wconf 87' lang='lat' dir='ltr'><strong>esse</strong></span> <span class='ocrx_word' id='word_1_615' title='bbox 3187 4046 3594 4101; x_wconf 81' lang='lat' dir='ltr'><strong>aflirmabitur:</strong></span> 
     </span>
    </p>
   </div>
   <div class='ocr_carea' id='block_1_87' title="bbox 2001 4139 3592 4210">
    <p class='ocr_par' dir='ltr' id='par_1_87' title="bbox 2001 4139 3592 4210">
     <span class='ocr_line' id='line_1_87' title="bbox 2001 4139 3592 4210; baseline 0.001 -16"><span class='ocrx_word' id='word_1_616' title='bbox 2001 4141 2122 4195; x_wconf 79' lang='lat' dir='ltr'><strong>alia:</strong></span> <span class='ocrx_word' id='word_1_617' title='bbox 2163 4141 2309 4194; x_wconf 90' lang='lat' dir='ltr'><strong>enim</strong></span> <span class='ocrx_word' id='word_1_618' title='bbox 2360 4149 2493 4194; x_wconf 90' lang='lat' dir='ltr'><strong>sunt</strong></span> <span class='ocrx_word' id='word_1_619' title='bbox 2529 4140 2700 4209; x_wconf 89' lang='lat' dir='ltr'><strong>ipsius</strong></span> <span class='ocrx_word' id='word_1_620' title='bbox 2750 4139 3117 4205; x_wconf 80' lang='lat' dir='ltr'><strong>definitiones,</strong></span> <span class='ocrx_word' id='word_1_621' title='bbox 3145 4139 3265 4193; x_wconf 75' lang='lat' dir='ltr'><strong>alia:</strong></span> <span class='ocrx_word' id='word_1_622' title='bbox 3308 4140 3545 4210; x_wconf 89' lang='lat' dir='ltr'><strong>partium</strong></span> <span class='ocrx_word' id='word_1_623' title='bbox 3578 4159 3592 4195; x_wconf 91' lang='lat'><strong>:</strong></span> 
     </span>
    </p>
   </div>
   <div class='ocr_carea' id='block_1_88' title="bbox 2001 4230 3594 4302">
    <p class='ocr_par' dir='ltr' id='par_1_88' title="bbox 2001 4230 3594 4302">
     <span class='ocr_line' id='line_1_88' title="bbox 2001 4230 3594 4302; baseline -0.001 -15"><span class='ocrx_word' id='word_1_624' title='bbox 2001 4248 2177 4302; x_wconf 82' lang='lat' dir='ltr'><strong>neque</strong></span> <span class='ocrx_word' id='word_1_625' title='bbox 2208 4232 2396 4296; x_wconf 90' lang='lat' dir='ltr'><strong>etiam,</strong></span> <span class='ocrx_word' id='word_1_626' title='bbox 2427 4232 2519 4301; x_wconf 92' lang='lat' dir='ltr'><strong>qui</strong></span> <span class='ocrx_word' id='word_1_627' title='bbox 2560 4232 2808 4285; x_wconf 86' lang='lat' dir='ltr'><strong>eamdem</strong></span> <span class='ocrx_word' id='word_1_628' title='bbox 2842 4230 3081 4286; x_wconf 86' lang='lat' dir='ltr'><strong>hominis</strong></span> <span class='ocrx_word' id='word_1_629' title='bbox 3112 4240 3369 4286; x_wconf 86' lang='lat' dir='ltr'><strong>naturam</strong></span> <span class='ocrx_word' id='word_1_630' title='bbox 3418 4232 3471 4287; x_wconf 93' lang='lat' dir='ltr'><strong>iu</strong></span> <span class='ocrx_word' id='word_1_631' title='bbox 3507 4233 3594 4286; x_wconf 86' lang='lat' dir='ltr'><strong>in-</strong></span> 
     </span>
    </p>
   </div>
   <div class='ocr_carea' id='block_1_89' title="bbox 2000 4322 3592 4393">
    <p class='ocr_par' dir='ltr' id='par_1_89' title="bbox 2000 4322 3592 4393">
     <span class='ocr_line' id='line_1_89' title="bbox 2000 4322 3592 4393; baseline -0.001 -13"><span class='ocrx_word' id='word_1_632' title='bbox 2000 4324 2224 4380; x_wconf 89' lang='lat' dir='ltr'><strong>dividuo</strong></span> <span class='ocrx_word' id='word_1_633' title='bbox 2273 4323 2566 4393; x_wconf 84' lang='lat' dir='ltr'><strong>complent,</strong></span> <span class='ocrx_word' id='word_1_634' title='bbox 2627 4322 2874 4392; x_wconf 86' lang='lat' dir='ltr'><strong>ejusdem</strong></span> <span class='ocrx_word' id='word_1_635' title='bbox 2928 4330 3139 4377; x_wconf 69' lang='lat' dir='ltr'><strong>naturae</strong></span> <span class='ocrx_word' id='word_1_636' title='bbox 3190 4333 3284 4377; x_wconf 92' lang='lat' dir='ltr'><strong>aut</strong></span> <span class='ocrx_word' id='word_1_637' title='bbox 3334 4324 3592 4378; x_wconf 69' lang='lat' dir='ltr'><strong>essentia:</strong></span> 
     </span>
    </p>
   </div>
   <div class='ocr_carea' id='block_1_90' title="bbox 2000 4415 3593 4486">
    <p class='ocr_par' dir='ltr' id='par_1_90' title="bbox 2000 4415 3593 4486">
     <span class='ocr_line' id='line_1_90' title="bbox 2000 4415 3593 4486; baseline -0.001 -15"><span class='ocrx_word' id='word_1_638' title='bbox 2000 4425 2277 4471; x_wconf 88' lang='lat' dir='ltr'><strong>suntcum</strong></span> <span class='ocrx_word' id='word_1_639' title='bbox 2305 4415 2613 4479; x_wconf 89' lang='lat' dir='ltr'><strong>animabus,</strong></span> <span class='ocrx_word' id='word_1_640' title='bbox 2631 4430 2751 4486; x_wconf 75' lang='lat' dir='ltr'><strong>qua:</strong></span> <span class='ocrx_word' id='word_1_641' title='bbox 2777 4416 3054 4468; x_wconf 90' lang='lat' dir='ltr'><strong>communi</strong></span> <span class='ocrx_word' id='word_1_642' title='bbox 3098 4425 3308 4471; x_wconf 77' lang='lat' dir='ltr'><strong>natura:</strong></span> <span class='ocrx_word' id='word_1_643' title='bbox 3337 4416 3593 4481; x_wconf 80' lang='lat' dir='ltr'><strong>subsunt,</strong></span> 
     </span>
    </p>
   </div>
   <div class='ocr_carea' id='block_1_91' title="bbox 2006 4507 3587 4579">
    <p class='ocr_par' dir='ltr' id='par_1_91' title="bbox 2006 4507 3587 4579">
     <span class='ocr_line' id='line_1_91' title="bbox 2006 4507 3587 4579; baseline -0.001 -16"><span class='ocrx_word' id='word_1_644' title='bbox 2006 4524 2188 4579; x_wconf 88' lang='lat' dir='ltr'><strong>neque</strong></span> <span class='ocrx_word' id='word_1_645' title='bbox 2236 4524 2361 4564; x_wconf 91' lang='lat' dir='ltr'><strong>cum</strong></span> <span class='ocrx_word' id='word_1_646' title='bbox 2424 4508 2512 4574; x_wconf 91' lang='lat' dir='ltr'><strong>iis,</strong></span> <span class='ocrx_word' id='word_1_647' title='bbox 2551 4524 2672 4578; x_wconf 63' lang='lat' dir='ltr'><strong>quae</strong></span> <span class='ocrx_word' id='word_1_648' title='bbox 2706 4508 2982 4563; x_wconf 89' lang='lat' dir='ltr'><strong>communi</strong></span> <span class='ocrx_word' id='word_1_649' title='bbox 3016 4516 3226 4562; x_wconf 67' lang='lat' dir='ltr'><strong>natura:</strong></span> <span class='ocrx_word' id='word_1_650' title='bbox 3280 4507 3587 4576; x_wconf 89' lang='lat' dir='ltr'><strong>subjaceut,</strong></span> 
     </span>
    </p>
   </div>
   <div class='ocr_carea' id='block_1_92' title="bbox 315 4599 1912 4675">
    <p class='ocr_par' dir='ltr' id='par_1_92' title="bbox 315 4599 1903 4675">
     <span class='ocr_line' id='line_1_92' title="bbox 315 4599 1903 4675; baseline 0.004 -23"><span class='ocrx_word' id='word_1_651' title='bbox 315 4600 488 4671; x_wconf 77' lang='grc' dir='ltr'>αὑτὴν</span> <span class='ocrx_word' id='word_1_652' title='bbox 539 4600 703 4667; x_wconf 89' lang='grc' dir='ltr'>φύσιν</span> <span class='ocrx_word' id='word_1_653' title='bbox 765 4599 860 4654; x_wconf 87' lang='grc' dir='ltr'><strong>τοῦ</strong></span> <span class='ocrx_word' id='word_1_654' title='bbox 917 4600 1206 4675; x_wconf 84' lang='grc' dir='ltr'>ἀνθρώπου</span> <span class='ocrx_word' id='word_1_655' title='bbox 1262 4602 1541 4666; x_wconf 85' lang='grc' dir='ltr'>τελοῦντες</span> <span class='ocrx_word' id='word_1_656' title='bbox 1590 4603 1903 4659; x_wconf 83' lang='grc' dir='ltr'>καθέκαστα</span> 
     </span>
    </p>
   </div>
   <div class='ocr_carea' id='block_1_93' title="bbox 2001 4599 3588 4675">
    <p class='ocr_par' dir='ltr' id='par_1_93' title="bbox 2011 4599 3588 4673">
     <span class='ocr_line' id='line_1_93' title="bbox 2011 4599 3588 4673; baseline -0.002 -16"><span class='ocrx_word' id='word_1_657' title='bbox 2011 4602 2379 4673; x_wconf 88' lang='lat' dir='ltr'><strong>corporibus:</strong></span> <span class='ocrx_word' id='word_1_658' title='bbox 2423 4601 2517 4657; x_wconf 90' lang='lat' dir='ltr'><strong>sed</strong></span> <span class='ocrx_word' id='word_1_659' title='bbox 2589 4599 2842 4655; x_wconf 84' lang='lat' dir='ltr'><strong>Christus</strong></span> <span class='ocrx_word' id='word_1_660' title='bbox 2914 4615 3040 4654; x_wconf 90' lang='lat' dir='ltr'><strong>cum</strong></span> <span class='ocrx_word' id='word_1_661' title='bbox 3118 4615 3223 4654; x_wconf 87' lang='lat' dir='ltr'><strong>una</strong></span> <span class='ocrx_word' id='word_1_662' title='bbox 3278 4600 3588 4671; x_wconf 85' lang='lat' dir='ltr'><strong>hypostasis</strong></span> 
     </span>
    </p>
   </div>
   <div class='ocr_carea' id='block_1_94' title="bbox 316 4693 1902 4767">
    <p class='ocr_par' dir='ltr' id='par_1_94' title="bbox 316 4693 1902 4767">
     <span class='ocr_line' id='line_1_94' title="bbox 316 4693 1902 4767; baseline 0.005 -23"><span class='ocrx_word' id='word_1_663' title='bbox 316 4694 604 4762; x_wconf 86' lang='grc' dir='ltr'>ὁμοφυεῖς,</span> <span class='ocrx_word' id='word_1_664' title='bbox 636 4693 669 4764; x_wconf 80' lang='grc' dir='ltr'>ἢ</span> <span class='ocrx_word' id='word_1_665' title='bbox 698 4693 972 4765; x_wconf 87' lang='grc' dir='ltr'>όμοούσιοι</span> <span class='ocrx_word' id='word_1_666' title='bbox 1003 4695 1113 4749; x_wconf 88' lang='grc' dir='ltr'><strong>τῶν</strong></span> <span class='ocrx_word' id='word_1_667' title='bbox 1151 4695 1254 4748; x_wconf 80' lang='grc' dir='ltr'>ὑπὸ</span> <span class='ocrx_word' id='word_1_668' title='bbox 1277 4695 1377 4766; x_wconf 81' lang='grc' dir='ltr'>τὴν</span> <span class='ocrx_word' id='word_1_669' title='bbox 1406 4695 1592 4767; x_wconf 76' lang='grc' dir='ltr'>κοινὴν</span> <span class='ocrx_word' id='word_1_670' title='bbox 1623 4698 1785 4765; x_wconf 85' lang='grc' dir='ltr'>φύσιν</span> <span class='ocrx_word' id='word_1_671' title='bbox 1809 4715 1902 4752; x_wconf 81' lang='grc' dir='ltr'>τε·</span> 
     </span>
    </p>
   </div>
   <div class='ocr_carea' id='block_1_95' title="bbox 316 4785 1901 4862">
    <p class='ocr_par' dir='ltr' id='par_1_95' title="bbox 316 4785 1901 4862">
     <span class='ocr_line' id='line_1_95' title="bbox 316 4785 1901 4862; baseline 0.006 -25"><span class='ocrx_word' id='word_1_672' title='bbox 316 4785 557 4840; x_wconf 89' lang='grc' dir='ltr'>λούντων</span> <span class='ocrx_word' id='word_1_673' title='bbox 583 4787 792 4857; x_wconf 77' lang='grc' dir='ltr'>ψυχῶν,</span> <span class='ocrx_word' id='word_1_674' title='bbox 830 4786 954 4841; x_wconf 75' lang='grc' dir='ltr'>οὔτε</span> <span class='ocrx_word' id='word_1_675' title='bbox 978 4788 1085 4860; x_wconf 80' lang='grc' dir='ltr'>μὴν</span> <span class='ocrx_word' id='word_1_676' title='bbox 1106 4790 1215 4842; x_wconf 88' lang='grc' dir='ltr'><strong>τῶν</strong></span> <span class='ocrx_word' id='word_1_677' title='bbox 1255 4790 1359 4843; x_wconf 85' lang='grc' dir='ltr'>ὑπὸ</span> <span class='ocrx_word' id='word_1_678' title='bbox 1391 4790 1491 4862; x_wconf 77' lang='grc' dir='ltr'>τὴν</span> <span class='ocrx_word' id='word_1_679' title='bbox 1526 4791 1709 4862; x_wconf 76' lang='grc' dir='ltr'>κοινὴν</span> <span class='ocrx_word' id='word_1_680' title='bbox 1739 4792 1901 4862; x_wconf 87' lang='grc' dir='ltr'>φύσιν</span> 
     </span>
    </p>
   </div>
   <div class='ocr_carea' id='block_1_96' title="bbox 317 4878 1901 4955">
    <p class='ocr_par' dir='ltr' id='par_1_96' title="bbox 317 4878 1901 4955">
     <span class='ocr_line' id='line_1_96' title="bbox 317 4878 1901 4955; baseline 0.005 -24"><span class='ocrx_word' id='word_1_681' title='bbox 317 4878 619 4932; x_wconf 87' lang='grc' dir='ltr'>τελούντων</span> <span class='ocrx_word' id='word_1_682' title='bbox 654 4880 923 4950; x_wconf 91' lang='grc' dir='ltr'>σωμάτων</span> <span class='ocrx_word' id='word_1_683' title='bbox 953 4882 1096 4935; x_wconf 81' lang='grc' dir='ltr'>είσίν</span> <span class='ocrx_word' id='word_1_684' title='bbox 1121 4897 1137 4913; x_wconf 75' lang='grc'><strong><em>⁸</em></strong></span> <span class='ocrx_word' id='word_1_685' title='bbox 1166 4884 1194 4936; x_wconf 90' lang='grc' dir='ltr'><strong>ό</strong></span> <span class='ocrx_word' id='word_1_686' title='bbox 1224 4882 1279 4936; x_wconf 82' lang='grc' dir='ltr'>δὲ</span> <span class='ocrx_word' id='word_1_687' title='bbox 1305 4882 1370 4955; x_wconf 81' lang='grc' dir='ltr'>δὴ</span> <span class='ocrx_word' id='word_1_688' title='bbox 1409 4884 1663 4954; x_wconf 83' lang='grc' dir='ltr'>Χριστὸς,</span> <span class='ocrx_word' id='word_1_689' title='bbox 1699 4887 1798 4953; x_wconf 88' lang='grc' dir='ltr'><strong>μία</strong></span> <span class='ocrx_word' id='word_1_690' title='bbox 1817 4903 1901 4951; x_wconf 91' lang='grc' dir='ltr'><strong>τις</strong></span> 
     </span>
    </p>
   </div>
   <div class='ocr_carea' id='block_1_97' title="bbox 318 4966 1898 5045">
    <p class='ocr_par' dir='ltr' id='par_1_97' title="bbox 318 4966 1898 5045">
     <span class='ocr_line' id='line_1_97' title="bbox 318 4966 1898 5045; baseline 0.004 -22"><span class='ocrx_word' id='word_1_691' title='bbox 318 4966 455 5024; x_wconf 79' lang='grc' dir='ltr'>οὖσα</span> <span class='ocrx_word' id='word_1_692' title='bbox 483 4972 779 5036; x_wconf 85' lang='grc' dir='ltr'>ὑπόστασις</span> <span class='ocrx_word' id='word_1_693' title='bbox 808 4973 916 5027; x_wconf 90' lang='grc' dir='ltr'><strong>τῶν</strong></span> <span class='ocrx_word' id='word_1_694' title='bbox 946 4973 1052 5027; x_wconf 77' lang='grc' dir='ltr'>ὑπὸ</span> <span class='ocrx_word' id='word_1_695' title='bbox 1082 4974 1181 5044; x_wconf 83' lang='grc' dir='ltr'>τὴν</span> <span class='ocrx_word' id='word_1_696' title='bbox 1211 4974 1361 5029; x_wconf 83' lang='grc' dir='ltr'>θείαν</span> <span class='ocrx_word' id='word_1_697' title='bbox 1386 4975 1547 5045; x_wconf 90' lang='grc' dir='ltr'>φύσιν</span> <span class='ocrx_word' id='word_1_698' title='bbox 1577 4976 1898 5042; x_wconf 88' lang='grc' dir='ltr'>τελούντων,</span> 
     </span>
    </p>
   </div>
   <div class='ocr_carea' id='block_1_98' title="bbox 322 5063 1899 5139">
    <p class='ocr_par' dir='ltr' id='par_1_98' title="bbox 322 5063 1899 5139">
     <span class='ocr_line' id='line_1_98' title="bbox 322 5063 1899 5139; baseline 0.005 -24"><span class='ocrx_word' id='word_1_699' title='bbox 322 5063 536 5136; x_wconf 81' lang='grc' dir='ltr'>Πατρός</span> <span class='ocrx_word' id='word_1_700' title='bbox 560 5080 642 5129; x_wconf 89' lang='grc' dir='ltr'><strong>τε,</strong></span> <span class='ocrx_word' id='word_1_701' title='bbox 673 5065 841 5135; x_wconf 76' lang='grc' dir='ltr'>φημὶ,</span> <span class='ocrx_word' id='word_1_702' title='bbox 871 5065 967 5120; x_wconf 82' lang='grc' dir='ltr'><strong>καὶ</strong></span> <span class='ocrx_word' id='word_1_703' title='bbox 996 5066 1152 5134; x_wconf 84' lang='grc' dir='ltr'>ἁγίου</span> <span class='ocrx_word' id='word_1_704' title='bbox 1178 5068 1515 5139; x_wconf 87' lang='grc' dir='ltr'>Πνεύματος,</span> <span class='ocrx_word' id='word_1_705' title='bbox 1535 5069 1783 5139; x_wconf 82' lang='grc' dir='ltr'>όμοφυὴς</span> <span class='ocrx_word' id='word_1_706' title='bbox 1803 5067 1899 5123; x_wconf 80' lang='grc' dir='ltr'><strong>καὶ</strong></span> 
     </span>
    </p>
   </div>
   <div class='ocr_carea' id='block_1_99' title="bbox 320 5154 1904 5228">
    <p class='ocr_par' dir='ltr' id='par_1_99' title="bbox 320 5154 1904 5228">
     <span class='ocr_line' id='line_1_99' title="bbox 320 5154 1904 5228; baseline 0.003 -21"><span class='ocrx_word' id='word_1_707' title='bbox 320 5154 600 5224; x_wconf 85' lang='grc' dir='ltr'>όμοούσιός</span> <span class='ocrx_word' id='word_1_708' title='bbox 631 5157 748 5209; x_wconf 81' lang='grc' dir='ltr'>ὲστι</span> <span class='ocrx_word' id='word_1_709' title='bbox 776 5157 870 5211; x_wconf 80' lang='grc' dir='ltr'><strong>καὶ</strong></span> <span class='ocrx_word' id='word_1_710' title='bbox 902 5159 1105 5228; x_wconf 77' lang='grc' dir='ltr'>κυρίως</span> <span class='ocrx_word' id='word_1_711' title='bbox 1130 5157 1281 5224; x_wconf 78' lang='grc' dir='ltr'>Θεὸς,</span> <span class='ocrx_word' id='word_1_712' title='bbox 1314 5158 1410 5213; x_wconf 78' lang='grc' dir='ltr'><strong>καὶ</strong></span> <span class='ocrx_word' id='word_1_713' title='bbox 1443 5158 1602 5228; x_wconf 89' lang='grc' dir='ltr'>φύσει</span> <span class='ocrx_word' id='word_1_714' title='bbox 1636 5158 1765 5222; x_wconf 82' lang='grc' dir='ltr'>Θεός</span> <span class='ocrx_word' id='word_1_715' title='bbox 1783 5160 1904 5212; x_wconf 71' lang='grc' dir='ltr'>ἔστι</span> 
     </span>
    </p>
   </div>
   <div class='ocr_carea' id='block_1_100' title="bbox 325 5248 1905 5321">
    <p class='ocr_par' dir='ltr' id='par_1_100' title="bbox 325 5248 1905 5321">
     <span class='ocr_line' id='line_1_100' title="bbox 325 5248 1905 5321; baseline 0.001 -20"><span class='ocrx_word' id='word_1_716' title='bbox 325 5248 416 5301; x_wconf 77' lang='grc' dir='ltr'><strong>καὶ</strong></span> <span class='ocrx_word' id='word_1_717' title='bbox 430 5249 563 5319; x_wconf 80' lang='grc' dir='ltr'>ἡμῖν</span> <span class='ocrx_word' id='word_1_718' title='bbox 584 5251 677 5301; x_wconf 77' lang='grc' dir='ltr'><strong>καὶ</strong></span> <span class='ocrx_word' id='word_1_719' title='bbox 691 5252 756 5319; x_wconf 78' lang='grc' dir='ltr'><strong>τῇ</strong></span> <span class='ocrx_word' id='word_1_720' title='bbox 782 5250 965 5321; x_wconf 83' lang='grc' dir='ltr'>Μητρὶ</span> <span class='ocrx_word' id='word_1_721' title='bbox 990 5249 1271 5321; x_wconf 84' lang='grc' dir='ltr'>ὁμοούσιος</span> <span class='ocrx_word' id='word_1_722' title='bbox 1285 5251 1377 5305; x_wconf 80' lang='grc' dir='ltr'>καὶ</span> <span class='ocrx_word' id='word_1_723' title='bbox 1396 5252 1665 5321; x_wconf 75' lang='grc' dir='ltr'>όμοφυὴς.</span> <span class='ocrx_word' id='word_1_724' title='bbox 1706 5251 1783 5314; x_wconf 85' lang='grc' dir='ltr'>ὡς</span> <span class='ocrx_word' id='word_1_725' title='bbox 1807 5267 1905 5302; x_wconf 83' lang='grc' dir='ltr'><strong>κυ-</strong></span> 
     </span>
    </p>
   </div>
   <div class='ocr_carea' id='block_1_101' title="bbox 327 5337 1905 5414">
    <p class='ocr_par' dir='ltr' id='par_1_101' title="bbox 327 5337 1905 5414">
     <span class='ocr_line' id='line_1_101' title="bbox 327 5337 1905 5414; baseline 0.004 -23"><span class='ocrx_word' id='word_1_726' title='bbox 327 5339 454 5411; x_wconf 86' lang='grc' dir='ltr'>ρίως</span> <span class='ocrx_word' id='word_1_727' title='bbox 479 5339 783 5410; x_wconf 79' lang='grc' dir='ltr'>ἄνθρωπος,</span> <span class='ocrx_word' id='word_1_728' title='bbox 804 5340 901 5395; x_wconf 79' lang='grc' dir='ltr'><strong>καὶ</strong></span> <span class='ocrx_word' id='word_1_729' title='bbox 935 5340 1095 5410; x_wconf 89' lang='grc' dir='ltr'>φύσει</span> <span class='ocrx_word' id='word_1_730' title='bbox 1120 5339 1404 5412; x_wconf 80' lang='grc' dir='ltr'>ἄνθρωπος</span> <span class='ocrx_word' id='word_1_731' title='bbox 1432 5341 1533 5407; x_wconf 86' lang='grc' dir='ltr'><strong>ῶν,</strong></span> <span class='ocrx_word' id='word_1_732' title='bbox 1578 5342 1673 5395; x_wconf 67' lang='grc' dir='ltr'><strong>καὶ</strong></span> <span class='ocrx_word' id='word_1_733' title='bbox 1703 5337 1784 5407; x_wconf 77' lang='grc' dir='ltr'><strong>είς</strong></span> <span class='ocrx_word' id='word_1_734' title='bbox 1804 5344 1905 5414; x_wconf 80' lang='grc' dir='ltr'>τῆς</span> 
     </span>
    </p>
   </div>
   <div class='ocr_carea' id='block_1_102' title="bbox 326 5431 1911 5506">
    <p class='ocr_par' dir='ltr' id='par_1_102' title="bbox 326 5431 1911 5506">
     <span class='ocr_line' id='line_1_102' title="bbox 326 5431 1911 5506; baseline 0.003 -21"><span class='ocrx_word' id='word_1_735' title='bbox 326 5431 485 5500; x_wconf 82' lang='grc' dir='ltr'>ἁγίας</span> <span class='ocrx_word' id='word_1_736' title='bbox 508 5431 736 5503; x_wconf 83' lang='grc' dir='ltr'>Τριάδος</span> <span class='ocrx_word' id='word_1_737' title='bbox 758 5448 773 5464; x_wconf 90' lang='grc'><strong>·</strong></span> <span class='ocrx_word' id='word_1_738' title='bbox 812 5434 846 5504; x_wconf 83' lang='grc' dir='ltr'>ή</span> <span class='ocrx_word' id='word_1_739' title='bbox 864 5433 1003 5505; x_wconf 82' lang='grc' dir='ltr'>αὑτὴ</span> <span class='ocrx_word' id='word_1_740' title='bbox 1032 5437 1141 5505; x_wconf 83' lang='grc' dir='ltr'>γὰρ</span> <span class='ocrx_word' id='word_1_741' title='bbox 1158 5434 1454 5497; x_wconf 87' lang='grc' dir='ltr'>ὑπόστασις</span> <span class='ocrx_word' id='word_1_742' title='bbox 1474 5435 1599 5498; x_wconf 80' lang='grc' dir='ltr'>τοὺς</span> <span class='ocrx_word' id='word_1_743' title='bbox 1614 5435 1776 5506; x_wconf 85' lang='grc' dir='ltr'>ὅρους</span> <span class='ocrx_word' id='word_1_744' title='bbox 1802 5434 1911 5490; x_wconf 89' lang='grc' dir='ltr'><strong>τῶν</strong></span> 
     </span>
    </p>
   </div>
   <div class='ocr_carea' id='block_1_103' title="bbox 325 5522 1911 5598">
    <p class='ocr_par' dir='ltr' id='par_1_103' title="bbox 325 5522 1911 5598">
     <span class='ocr_line' id='line_1_103' title="bbox 325 5522 1911 5598; baseline 0.003 -22"><span class='ocrx_word' id='word_1_745' title='bbox 325 5522 419 5578; x_wconf 87' lang='grc' dir='ltr'><strong>δύο</strong></span> <span class='ocrx_word' id='word_1_746' title='bbox 443 5525 659 5594; x_wconf 85' lang='grc' dir='ltr'>φύσεων</span> <span class='ocrx_word' id='word_1_747' title='bbox 696 5525 1030 5596; x_wconf 76' lang='grc' dir='ltr'>ἐπιδέχεται,</span> <span class='ocrx_word' id='word_1_748' title='bbox 1085 5525 1182 5581; x_wconf 77' lang='grc' dir='ltr'><strong>καὶ</strong></span> <span class='ocrx_word' id='word_1_749' title='bbox 1209 5524 1268 5578; x_wconf 84' lang='grc' dir='ltr'>ὃν</span> <span class='ocrx_word' id='word_1_750' title='bbox 1297 5524 1362 5578; x_wconf 80' lang='grc' dir='ltr'><strong>ἀν</strong></span> <span class='ocrx_word' id='word_1_751' title='bbox 1389 5524 1547 5595; x_wconf 90' lang='grc' dir='ltr'>λόγον</span> <span class='ocrx_word' id='word_1_752' title='bbox 1589 5526 1776 5598; x_wconf 85' lang='grc' dir='ltr'>ἀποδῷ</span> <span class='ocrx_word' id='word_1_753' title='bbox 1825 5543 1911 5592; x_wconf 87' lang='grc' dir='ltr'><strong>τις</strong></span> 
     </span>
    </p>
   </div>
   <div class='ocr_carea' id='block_1_104' title="bbox 326 5613 1907 5688">
    <p class='ocr_par' dir='ltr' id='par_1_104' title="bbox 326 5613 1907 5688">
     <span class='ocr_line' id='line_1_104' title="bbox 326 5613 1907 5688; baseline 0.001 -21"><span class='ocrx_word' id='word_1_754' title='bbox 326 5613 423 5683; x_wconf 82' lang='grc' dir='ltr'>τῆς</span> <span class='ocrx_word' id='word_1_755' title='bbox 443 5613 719 5684; x_wconf 82' lang='grc' dir='ltr'>θεότητος,</span> <span class='ocrx_word' id='word_1_756' title='bbox 738 5616 829 5668; x_wconf 81' lang='grc' dir='ltr'>τὸν</span> <span class='ocrx_word' id='word_1_757' title='bbox 858 5615 1019 5670; x_wconf 80' lang='grc' dir='ltr'>αὑτὸν</span> <span class='ocrx_word' id='word_1_758' title='bbox 1042 5616 1265 5688; x_wconf 78' lang='grc' dir='ltr'>εὑρήσει</span> <span class='ocrx_word' id='word_1_759' title='bbox 1297 5614 1391 5669; x_wconf 57' lang='grc' dir='ltr'><strong>καὶ⁵</strong></span> <span class='ocrx_word' id='word_1_760' title='bbox 1407 5615 1501 5669; x_wconf 75' lang='grc' dir='ltr'><strong>ἐπὶ</strong></span> <span class='ocrx_word' id='word_1_761' title='bbox 1520 5614 1613 5669; x_wconf 90' lang='grc' dir='ltr'><strong>τοῦ</strong></span> <span class='ocrx_word' id='word_1_762' title='bbox 1644 5615 1907 5688; x_wconf 83' lang='grc' dir='ltr'>Χριστοῦ,</span> 
     </span>
    </p>
   </div>
   <div class='ocr_carea' id='block_1_105' title="bbox 328 5706 1909 5780">
    <p class='ocr_par' dir='ltr' id='par_1_105' title="bbox 328 5706 1909 5780">
     <span class='ocr_line' id='line_1_105' title="bbox 328 5706 1909 5780; baseline 0.002 -19"><span class='ocrx_word' id='word_1_763' title='bbox 328 5709 424 5761; x_wconf 73' lang='grc' dir='ltr'><strong>καὶ</strong></span> <span class='ocrx_word' id='word_1_764' title='bbox 444 5706 504 5762; x_wconf 80' lang='grc' dir='ltr'>ὃν</span> <span class='ocrx_word' id='word_1_765' title='bbox 529 5706 574 5761; x_wconf 79' lang='grc' dir='ltr'>δ’</span> <span class='ocrx_word' id='word_1_766' title='bbox 608 5708 676 5762; x_wconf 79' lang='grc' dir='ltr'>ἂν</span> <span class='ocrx_word' id='word_1_767' title='bbox 728 5707 911 5778; x_wconf 83' lang='grc' dir='ltr'>ἀποδῷ</span> <span class='ocrx_word' id='word_1_768' title='bbox 942 5708 1040 5779; x_wconf 80' lang='grc' dir='ltr'>τῆς</span> <span class='ocrx_word' id='word_1_769' title='bbox 1095 5707 1552 5780; x_wconf 82' lang='grc' dir='ltr'>ἀνθρωπότητος,</span> <span class='ocrx_word' id='word_1_770' title='bbox 1604 5708 1697 5763; x_wconf 86' lang='grc' dir='ltr'>τὸν</span> <span class='ocrx_word' id='word_1_771' title='bbox 1743 5709 1909 5764; x_wconf 78' lang='grc' dir='ltr'>αὑτὸν</span> 
     </span>
    </p>
   </div>
   <div class='ocr_carea' id='block_1_106' title="bbox 332 5799 1906 5874">
    <p class='ocr_par' dir='ltr' id='par_1_106' title="bbox 332 5799 1906 5874">
     <span class='ocr_line' id='line_1_106' title="bbox 332 5799 1906 5874; baseline 0.001 -21"><span class='ocrx_word' id='word_1_772' title='bbox 332 5799 553 5871; x_wconf 74' lang='grc' dir='ltr'>εὑρήσει</span> <span class='ocrx_word' id='word_1_773' title='bbox 584 5800 679 5855; x_wconf 73' lang='grc' dir='ltr'><strong>καὶ</strong></span> <span class='ocrx_word' id='word_1_774' title='bbox 712 5799 805 5853; x_wconf 69' lang='grc' dir='ltr'><strong>ἐπὶ</strong></span> <span class='ocrx_word' id='word_1_775' title='bbox 850 5799 944 5854; x_wconf 86' lang='grc' dir='ltr'><strong>τοῦ</strong></span> <span class='ocrx_word' id='word_1_776' title='bbox 973 5800 1210 5873; x_wconf 86' lang='grc' dir='ltr'>Χριστοῦ</span> <span class='ocrx_word' id='word_1_777' title='bbox 1249 5799 1560 5874; x_wconf 78' lang='grc' dir='ltr'>ἁρμόζοντα</span> <span class='ocrx_word' id='word_1_778' title='bbox 1586 5817 1602 5833; x_wconf 77' lang='grc' dir='ltr'><strong><em>ο</em></strong></span> <span class='ocrx_word' id='word_1_779' title='bbox 1658 5799 1800 5856; x_wconf 83' lang='grc' dir='ltr'>ὥστε</span> <span class='ocrx_word' id='word_1_780' title='bbox 1845 5800 1906 5867; x_wconf 69' lang='grc' dir='ltr'><strong>ἐξ</strong></span> 
     </span>
    </p>
   </div>
   <div class='ocr_carea' id='block_1_107' title="bbox 331 5888 1903 5967">
    <p class='ocr_par' dir='ltr' id='par_1_107' title="bbox 331 5888 1903 5967">
     <span class='ocr_line' id='line_1_107' title="bbox 331 5888 1903 5967; baseline 0.001 -20"><span class='ocrx_word' id='word_1_781' title='bbox 331 5893 576 5965; x_wconf 81' lang='grc' dir='ltr'>ἀνάγκης</span> <span class='ocrx_word' id='word_1_782' title='bbox 608 5893 923 5965; x_wconf 86' lang='grc' dir='ltr'>συνάγεται,</span> <span class='ocrx_word' id='word_1_783' title='bbox 989 5892 1066 5965; x_wconf 81' lang='grc' dir='ltr'>μὴ</span> <span class='ocrx_word' id='word_1_784' title='bbox 1095 5888 1238 5949; x_wconf 75' lang='grc' dir='ltr'>εἶναι</span> <span class='ocrx_word' id='word_1_785' title='bbox 1267 5894 1360 5950; x_wconf 76' lang='grc' dir='ltr'>τὸν</span> <span class='ocrx_word' id='word_1_786' title='bbox 1386 5894 1619 5967; x_wconf 65' lang='grc' dir='ltr'>Χριστὸν</span> <span class='ocrx_word' id='word_1_787' title='bbox 1643 5896 1773 5966; x_wconf 77' lang='grc' dir='ltr'>μιᾶς</span> <span class='ocrx_word' id='word_1_788' title='bbox 1799 5893 1903 5966; x_wconf 85' lang='grc' dir='ltr'>φύ-</span> 
     </span>
    </p>
   </div>
   <div class='ocr_carea' id='block_1_108' title="bbox 2012 4689 3589 4765">
    <p class='ocr_par' dir='ltr' id='par_1_108' title="bbox 2012 4689 3589 4765">
     <span class='ocr_line' id='line_1_108' title="bbox 2012 4689 3589 4765; baseline -0.004 -14"><span class='ocrx_word' id='word_1_789' title='bbox 2012 4694 2085 4752; x_wconf 89' lang='lat' dir='ltr'><strong>sit</strong></span> <span class='ocrx_word' id='word_1_790' title='bbox 2137 4709 2265 4750; x_wconf 88' lang='lat' dir='ltr'><strong>cum</strong></span> <span class='ocrx_word' id='word_1_791' title='bbox 2306 4694 2395 4759; x_wconf 90' lang='lat' dir='ltr'><strong>iis,</strong></span> <span class='ocrx_word' id='word_1_792' title='bbox 2434 4709 2557 4765; x_wconf 66' lang='lat' dir='ltr'><strong>qua:</strong></span> <span class='ocrx_word' id='word_1_793' title='bbox 2590 4692 2694 4748; x_wconf 89' lang='lat' dir='ltr'><strong>sub</strong></span> <span class='ocrx_word' id='word_1_794' title='bbox 2738 4692 2921 4747; x_wconf 83' lang='lat' dir='ltr'><strong>divina</strong></span> <span class='ocrx_word' id='word_1_795' title='bbox 2971 4700 3166 4746; x_wconf 90' lang='lat' dir='ltr'><strong>natura</strong></span> <span class='ocrx_word' id='word_1_796' title='bbox 3218 4702 3364 4759; x_wconf 90' lang='lat' dir='ltr'><strong>sunt,</strong></span> <span class='ocrx_word' id='word_1_797' title='bbox 3412 4689 3589 4746; x_wconf 84' lang='lat' dir='ltr'><strong>Patris</strong></span> 
     </span>
    </p>
   </div>
   <div class='ocr_carea' id='block_1_109' title="bbox 2008 4785 3597 4861">
    <p class='ocr_par' dir='ltr' id='par_1_109' title="bbox 2008 4785 3597 4861">
     <span class='ocr_line' id='line_1_109' title="bbox 2008 4785 3597 4861; baseline -0.003 -17"><span class='ocrx_word' id='word_1_798' title='bbox 2008 4803 2227 4861; x_wconf 87' lang='lat' dir='ltr'><strong>nempe,</strong></span> <span class='ocrx_word' id='word_1_799' title='bbox 2270 4797 2324 4843; x_wconf 91' lang='lat' dir='ltr'><strong>et</strong></span> <span class='ocrx_word' id='word_1_800' title='bbox 2358 4786 2599 4858; x_wconf 85' lang='lat' dir='ltr'><strong>Spiritus</strong></span> <span class='ocrx_word' id='word_1_801' title='bbox 2659 4786 2857 4851; x_wconf 80' lang='lat' dir='ltr'><strong>sancti,</strong></span> <span class='ocrx_word' id='word_1_802' title='bbox 2926 4785 3171 4855; x_wconf 86' lang='lat' dir='ltr'><strong>ejusdem</strong></span> <span class='ocrx_word' id='word_1_803' title='bbox 3234 4785 3486 4840; x_wconf 73' lang='lat' dir='ltr'><strong>essentia:</strong></span> <span class='ocrx_word' id='word_1_804' title='bbox 3540 4795 3597 4839; x_wconf 90' lang='lat' dir='ltr'><strong>et</strong></span> 
     </span>
    </p>
   </div>
   <div class='ocr_carea' id='block_1_110' title="bbox 2007 4876 3592 4945">
    <p class='ocr_par' dir='ltr' id='par_1_110' title="bbox 2007 4876 3592 4945">
     <span class='ocr_line' id='line_1_110' title="bbox 2007 4876 3592 4945; baseline -0.003 -11"><span class='ocrx_word' id='word_1_805' title='bbox 2007 4892 2218 4935; x_wconf 64' lang='lat' dir='ltr'><strong>natura:</strong></span> <span class='ocrx_word' id='word_1_806' title='bbox 2256 4891 2363 4944; x_wconf 87' lang='lat' dir='ltr'><strong>est,</strong></span> <span class='ocrx_word' id='word_1_807' title='bbox 2397 4888 2450 4933; x_wconf 88' lang='lat' dir='ltr'><strong>et</strong></span> <span class='ocrx_word' id='word_1_808' title='bbox 2479 4894 2603 4933; x_wconf 88' lang='lat' dir='ltr'><strong>vere</strong></span> <span class='ocrx_word' id='word_1_809' title='bbox 2637 4876 2802 4942; x_wconf 86' lang='lat' dir='ltr'><strong>Deus,</strong></span> <span class='ocrx_word' id='word_1_810' title='bbox 2834 4888 2887 4932; x_wconf 90' lang='lat' dir='ltr'><strong>et</strong></span> <span class='ocrx_word' id='word_1_811' title='bbox 2922 4888 3117 4931; x_wconf 88' lang='lat' dir='ltr'><strong>natura</strong></span> <span class='ocrx_word' id='word_1_812' title='bbox 3150 4877 3314 4943; x_wconf 92' lang='lat' dir='ltr'><strong>Deus,</strong></span> <span class='ocrx_word' id='word_1_813' title='bbox 3359 4886 3412 4930; x_wconf 93' lang='lat' dir='ltr'><strong>et</strong></span> <span class='ocrx_word' id='word_1_814' title='bbox 3440 4878 3592 4945; x_wconf 88' lang='lat' dir='ltr'><strong>ejus-</strong></span> 
     </span>
    </p>
   </div>
   <div class='ocr_carea' id='block_1_111' title="bbox 2006 4969 3591 5038">
    <p class='ocr_par' dir='ltr' id='par_1_111' title="bbox 2006 4969 3591 5038">
     <span class='ocr_line' id='line_1_111' title="bbox 2006 4969 3591 5038; baseline -0.003 -11"><span class='ocrx_word' id='word_1_815' title='bbox 2006 4973 2127 5027; x_wconf 91' lang='lat' dir='ltr'><strong>dem</strong></span> <span class='ocrx_word' id='word_1_816' title='bbox 2142 4971 2437 5027; x_wconf 87' lang='lat' dir='ltr'><strong>eumnobis</strong></span> <span class='ocrx_word' id='word_1_817' title='bbox 2461 4980 2513 5026; x_wconf 93' lang='lat' dir='ltr'><strong>et</strong></span> <span class='ocrx_word' id='word_1_818' title='bbox 2532 4969 2700 5025; x_wconf 83' lang='lat' dir='ltr'><strong>Matre</strong></span> <span class='ocrx_word' id='word_1_819' title='bbox 2723 4969 2976 5026; x_wconf 67' lang='lat' dir='ltr'><strong>essentia:</strong></span> <span class='ocrx_word' id='word_1_820' title='bbox 3002 4978 3055 5024; x_wconf 94' lang='lat' dir='ltr'><strong>et</strong></span> <span class='ocrx_word' id='word_1_821' title='bbox 3083 4979 3313 5032; x_wconf 69' lang='lat' dir='ltr'><strong>naturae,</strong></span> <span class='ocrx_word' id='word_1_822' title='bbox 3332 4979 3591 5038; x_wconf 89' lang='lat' dir='ltr'><strong>tanquam</strong></span> 
     </span>
    </p>
   </div>
   <div class='ocr_carea' id='block_1_112' title="bbox 2006 5060 3594 5134">
    <p class='ocr_par' dir='ltr' id='par_1_112' title="bbox 2006 5060 3594 5134">
     <span class='ocr_line' id='line_1_112' title="bbox 2006 5060 3594 5134; baseline -0.003 -16"><span class='ocrx_word' id='word_1_823' title='bbox 2006 5063 2099 5134; x_wconf 90' lang='lat' dir='ltr'><strong>qui</strong></span> <span class='ocrx_word' id='word_1_824' title='bbox 2159 5062 2378 5133; x_wconf 90' lang='lat' dir='ltr'><strong>proprie</strong></span> <span class='ocrx_word' id='word_1_825' title='bbox 2427 5061 2590 5115; x_wconf 89' lang='lat' dir='ltr'><strong>homo</strong></span> <span class='ocrx_word' id='word_1_826' title='bbox 2649 5070 2704 5115; x_wconf 89' lang='lat' dir='ltr'><strong>et</strong></span> <span class='ocrx_word' id='word_1_827' title='bbox 2734 5070 2930 5115; x_wconf 89' lang='lat' dir='ltr'><strong>natura</strong></span> <span class='ocrx_word' id='word_1_828' title='bbox 2964 5060 3129 5115; x_wconf 90' lang='lat' dir='ltr'><strong>homo</strong></span> <span class='ocrx_word' id='word_1_829' title='bbox 3189 5061 3279 5125; x_wconf 90' lang='lat' dir='ltr'><strong>sit,</strong></span> <span class='ocrx_word' id='word_1_830' title='bbox 3339 5074 3594 5128; x_wconf 80' lang='lat' dir='ltr'><strong>unusque</strong></span> 
     </span>
    </p>
   </div>
   <div class='ocr_carea' id='block_1_113' title="bbox 2008 5152 3593 5224">
    <p class='ocr_par' dir='ltr' id='par_1_113' title="bbox 2008 5152 3593 5224">
     <span class='ocr_line' id='line_1_113' title="bbox 2008 5152 3593 5224; baseline -0.002 -13"><span class='ocrx_word' id='word_1_831' title='bbox 2008 5171 2073 5211; x_wconf 81' lang='lat' dir='ltr'><strong>ex</strong></span> <span class='ocrx_word' id='word_1_832' title='bbox 2099 5166 2288 5213; x_wconf 87' lang='lat' dir='ltr'><strong>saneta</strong></span> <span class='ocrx_word' id='word_1_833' title='bbox 2322 5154 2523 5210; x_wconf 86' lang='lat' dir='ltr'><strong>Triade</strong></span> <span class='ocrx_word' id='word_1_834' title='bbox 2548 5171 2561 5209; x_wconf 90' lang='lat'><strong>:</strong></span> <span class='ocrx_word' id='word_1_835' title='bbox 2588 5154 2776 5209; x_wconf 90' lang='lat' dir='ltr'><strong>eadem</strong></span> <span class='ocrx_word' id='word_1_836' title='bbox 2799 5154 2945 5209; x_wconf 90' lang='lat' dir='ltr'><strong>enim</strong></span> <span class='ocrx_word' id='word_1_837' title='bbox 2976 5153 3284 5224; x_wconf 81' lang='lat' dir='ltr'><strong>hypostasis</strong></span> <span class='ocrx_word' id='word_1_838' title='bbox 3313 5152 3593 5208; x_wconf 87' lang='lat' dir='ltr'><strong>definitio-</strong></span> 
     </span>
    </p>
   </div>
   <div class='ocr_carea' id='block_1_114' title="bbox 2011 5242 3591 5316">
    <p class='ocr_par' dir='ltr' id='par_1_114' title="bbox 2011 5242 3591 5316">
     <span class='ocr_line' id='line_1_114' title="bbox 2011 5242 3591 5316; baseline -0.003 -13"><span class='ocrx_word' id='word_1_839' title='bbox 2011 5264 2110 5303; x_wconf 90' lang='lat' dir='ltr'><strong>nes</strong></span> <span class='ocrx_word' id='word_1_840' title='bbox 2126 5248 2357 5302; x_wconf 88' lang='lat' dir='ltr'><strong>duarum</strong></span> <span class='ocrx_word' id='word_1_841' title='bbox 2378 5258 2697 5301; x_wconf 90' lang='lat' dir='ltr'><strong>naturarum</strong></span> <span class='ocrx_word' id='word_1_842' title='bbox 2718 5245 2933 5316; x_wconf 89' lang='lat' dir='ltr'><strong>recipit,</strong></span> <span class='ocrx_word' id='word_1_843' title='bbox 2947 5253 3001 5300; x_wconf 91' lang='lat' dir='ltr'><strong>et</strong></span> <span class='ocrx_word' id='word_1_844' title='bbox 3016 5242 3409 5305; x_wconf 82' lang='lat' dir='ltr'><strong>definitionem,</strong></span> <span class='ocrx_word' id='word_1_845' title='bbox 3425 5258 3591 5313; x_wconf 89' lang='lat' dir='ltr'><strong>quam</strong></span> 
     </span>
    </p>
   </div>
   <div class='ocr_carea' id='block_1_115' title="bbox 2012 5334 3594 5412">
    <p class='ocr_par' dir='ltr' id='par_1_115' title="bbox 2012 5334 3594 5412">
     <span class='ocr_line' id='line_1_115' title="bbox 2012 5334 3594 5412; baseline -0.004 -16"><span class='ocrx_word' id='word_1_846' title='bbox 2012 5342 2282 5412; x_wconf 89' lang='lat' dir='ltr'><strong>quispiam</strong></span> <span class='ocrx_word' id='word_1_847' title='bbox 2334 5340 2525 5396; x_wconf 88' lang='lat' dir='ltr'><strong>deitati</strong></span> <span class='ocrx_word' id='word_1_848' title='bbox 2562 5339 2845 5403; x_wconf 90' lang='lat' dir='ltr'><strong>attribuet,</strong></span> <span class='ocrx_word' id='word_1_849' title='bbox 2892 5336 3143 5392; x_wconf 88' lang='lat' dir='ltr'><strong>eamdem</strong></span> <span class='ocrx_word' id='word_1_850' title='bbox 3173 5345 3227 5391; x_wconf 91' lang='lat' dir='ltr'><strong>et</strong></span> <span class='ocrx_word' id='word_1_851' title='bbox 3257 5336 3313 5390; x_wconf 91' lang='lat' dir='ltr'><strong>in</strong></span> <span class='ocrx_word' id='word_1_852' title='bbox 3370 5334 3594 5391; x_wconf 88' lang='lat' dir='ltr'><strong>Christo</strong></span> 
     </span>
    </p>
   </div>
   <div class='ocr_carea' id='block_1_116' title="bbox 2014 5428 3591 5505">
    <p class='ocr_par' dir='ltr' id='par_1_116' title="bbox 2014 5428 3591 5505">
     <span class='ocr_line' id='line_1_116' title="bbox 2014 5428 3591 5505; baseline -0.004 -16"><span class='ocrx_word' id='word_1_853' title='bbox 2014 5433 2337 5505; x_wconf 88' lang='lat' dir='ltr'><strong>comperiet,</strong></span> <span class='ocrx_word' id='word_1_854' title='bbox 2361 5441 2595 5503; x_wconf 90' lang='lat' dir='ltr'><strong>etquam</strong></span> <span class='ocrx_word' id='word_1_855' title='bbox 2620 5429 2944 5486; x_wconf 89' lang='lat' dir='ltr'><strong>humanitati</strong></span> <span class='ocrx_word' id='word_1_856' title='bbox 2977 5428 3309 5493; x_wconf 78' lang='lat' dir='ltr'><strong>exhibuerit,</strong></span> <span class='ocrx_word' id='word_1_857' title='bbox 3340 5430 3591 5483; x_wconf 89' lang='lat' dir='ltr'><strong>eamdem</strong></span> 
     </span>
    </p>
   </div>
   <div class='ocr_carea' id='block_1_117' title="bbox 2012 5520 3593 5582">
    <p class='ocr_par' dir='ltr' id='par_1_117' title="bbox 2012 5520 3593 5582">
     <span class='ocr_line' id='line_1_117' title="bbox 2012 5520 3593 5582; baseline -0.005 0"><span class='ocrx_word' id='word_1_858' title='bbox 2012 5536 2069 5582; x_wconf 92' lang='lat' dir='ltr'><strong>et</strong></span> <span class='ocrx_word' id='word_1_859' title='bbox 2097 5524 2317 5582; x_wconf 89' lang='lat' dir='ltr'><strong>Christo</strong></span> <span class='ocrx_word' id='word_1_860' title='bbox 2352 5524 2691 5581; x_wconf 77' lang='lat' dir='ltr'><strong>conformem</strong></span> <span class='ocrx_word' id='word_1_861' title='bbox 2720 5538 2844 5580; x_wconf 89' lang='lat' dir='ltr'><strong>esse</strong></span> <span class='ocrx_word' id='word_1_862' title='bbox 2874 5521 3150 5579; x_wconf 79' lang='lat' dir='ltr'><strong>oﬂ&#39;endet:</strong></span> <span class='ocrx_word' id='word_1_863' title='bbox 3176 5520 3308 5576; x_wconf 90' lang='lat' dir='ltr'><strong>hinc</strong></span> <span class='ocrx_word' id='word_1_864' title='bbox 3335 5534 3593 5575; x_wconf 82' lang='lat' dir='ltr'><strong>necessa-</strong></span> 
     </span>
    </p>
   </div>
   <div class='ocr_carea' id='block_1_118' title="bbox 2012 5613 3591 5687">
    <p class='ocr_par' dir='ltr' id='par_1_118' title="bbox 2012 5613 3591 5687">
     <span class='ocr_line' id='line_1_118' title="bbox 2012 5613 3591 5687; baseline -0.005 -13"><span class='ocrx_word' id='word_1_865' title='bbox 2012 5619 2097 5674; x_wconf 90' lang='lat' dir='ltr'><strong>rio</strong></span> <span class='ocrx_word' id='word_1_866' title='bbox 2155 5617 2432 5687; x_wconf 74' lang='lat' dir='ltr'><strong>colligitur</strong></span> <span class='ocrx_word' id='word_1_867' title='bbox 2515 5615 2792 5672; x_wconf 88' lang='lat' dir='ltr'><strong>Christum</strong></span> <span class='ocrx_word' id='word_1_868' title='bbox 2845 5629 2955 5670; x_wconf 90' lang='lat' dir='ltr'><strong>non</strong></span> <span class='ocrx_word' id='word_1_869' title='bbox 2997 5629 3121 5670; x_wconf 85' lang='lat' dir='ltr'><strong>esse</strong></span> <span class='ocrx_word' id='word_1_870' title='bbox 3152 5613 3315 5669; x_wconf 90' lang='lat' dir='ltr'><strong>unius</strong></span> <span class='ocrx_word' id='word_1_871' title='bbox 3361 5622 3591 5678; x_wconf 63' lang='lat' dir='ltr'><strong>natura,</strong></span> 
     </span>
    </p>
   </div>
   <div class='ocr_carea' id='block_1_119' title="bbox 2011 5706 3593 5776">
    <p class='ocr_par' dir='ltr' id='par_1_119' title="bbox 2011 5706 3593 5776">
     <span class='ocr_line' id='line_1_119' title="bbox 2011 5706 3593 5776; baseline -0.005 -9"><span class='ocrx_word' id='word_1_872' title='bbox 2011 5711 2107 5768; x_wconf 90' lang='lat' dir='ltr'><strong>sed</strong></span> <span class='ocrx_word' id='word_1_873' title='bbox 2166 5710 2307 5767; x_wconf 87' lang='lat' dir='ltr'><strong>duas</strong></span> <span class='ocrx_word' id='word_1_874' title='bbox 2361 5724 2484 5765; x_wconf 87' lang='lat' dir='ltr'><strong>esse</strong></span> <span class='ocrx_word' id='word_1_875' title='bbox 2520 5716 2750 5764; x_wconf 87' lang='lat' dir='ltr'><strong>naturas</strong></span> <span class='ocrx_word' id='word_1_876' title='bbox 2795 5708 2961 5764; x_wconf 90' lang='lat' dir='ltr'><strong>unius</strong></span> <span class='ocrx_word' id='word_1_877' title='bbox 3009 5706 3215 5761; x_wconf 84' lang='lat' dir='ltr'><strong>Christi</strong></span> <span class='ocrx_word' id='word_1_878' title='bbox 3273 5706 3593 5776; x_wconf 67' lang='lat' dir='ltr'><strong>compositae</strong></span> 
     </span>
    </p>
   </div>
   <div class='ocr_carea' id='block_1_120' title="bbox 2016 5794 3679 5874">
    <p class='ocr_par' dir='ltr' id='par_1_120' title="bbox 2016 5794 3679 5874">
     <span class='ocr_line' id='line_1_120' title="bbox 2016 5794 3679 5874; baseline -0.004 -16"><span class='ocrx_word' id='word_1_879' title='bbox 2016 5802 2352 5874; x_wconf 84' lang='lat' dir='ltr'><strong>hypostasis,</strong></span> <span class='ocrx_word' id='word_1_880' title='bbox 2403 5801 2531 5858; x_wconf 86' lang='lat' dir='ltr'><strong>licet</strong></span> <span class='ocrx_word' id='word_1_881' title='bbox 2587 5799 2751 5855; x_wconf 90' lang='lat' dir='ltr'><strong>unius</strong></span> <span class='ocrx_word' id='word_1_882' title='bbox 2816 5808 3025 5855; x_wconf 61' lang='lat' dir='ltr'><strong>natura</strong></span> <span class='ocrx_word' id='word_1_883' title='bbox 3081 5797 3246 5854; x_wconf 89' lang='lat' dir='ltr'><strong>homo</strong></span> <span class='ocrx_word' id='word_1_884' title='bbox 3301 5797 3395 5855; x_wconf 88' lang='lat' dir='ltr'><strong>sit.</strong></span> <span class='ocrx_word' id='word_1_885' title='bbox 3451 5796 3591 5853; x_wconf 90' lang='lat' dir='ltr'><strong>Cum</strong></span> <span class='ocrx_word' id='word_1_886' title='bbox 3674 5794 3679 5799; x_wconf 86' lang='grc'><strong>’</strong></span> 
     </span>
    </p>
   </div>
   <div class='ocr_carea' id='block_1_121' title="bbox 2013 5888 3561 5973">
    <p class='ocr_par' dir='ltr' id='par_1_121' title="bbox 2013 5888 3561 5973">
     <span class='ocr_line' id='line_1_121' title="bbox 2013 5888 3561 5973; baseline -0.003 -22"><span class='ocrx_word' id='word_1_887' title='bbox 2013 5894 2199 5967; x_wconf 87' lang='lat' dir='ltr'><strong>itaque</strong></span> <span class='ocrx_word' id='word_1_888' title='bbox 2238 5894 2419 5953; x_wconf 87' lang='lat' dir='ltr'><strong>oratio</strong></span> <span class='ocrx_word' id='word_1_889' title='bbox 2448 5909 2514 5953; x_wconf 81' lang='lat' dir='ltr'><strong>ex</strong></span> <span class='ocrx_word' id='word_1_890' title='bbox 2556 5892 2955 5973; x_wconf 76' lang='lat' dir='ltr'><strong>communibus</strong></span> <span class='ocrx_word' id='word_1_891' title='bbox 2997 5891 3319 5950; x_wconf 90' lang='lat' dir='ltr'><strong>notionibus</strong></span> <span class='ocrx_word' id='word_1_892' title='bbox 3362 5898 3417 5948; x_wconf 83' lang='lat' dir='ltr'><strong>et</strong></span> <span class='ocrx_word' id='word_1_893' title='bbox 3464 5888 3561 5961; x_wconf 81' lang='lat' dir='ltr'><strong>plu</strong></span> 
     </span>
    </p>
   </div>
  </div>
