3994 6630
420 614 579 657 TIBIIS

424 694 707 755 Christum
752 708 858 746 non
909 706 1031 747 esse
1078 691 1241 745 unius
1294 700 1506 744 natum
1539 700 1663 761 post
1716 692 1995 761 unionem,

419 802 597 857 neque
645 785 880 841 similem
944 800 1067 840 esse
1141 784 1595 853 compositionem
1657 785 1894 840 hominis
1945 796 1999 842 et

420 877 648 941 Christi,
697 893 822 931 eum
874 877 1038 930 homo
1096 877 1282 930 unitus
1328 891 1435 931 una
1490 876 1653 931 simul
1710 878 1995 944 subsistat,

416 970 669 1025 Christus
724 979 905 1023 autem
967 969 1074 1023 alio
1136 969 1294 1023 modo
1357 978 1683 1023 naturarum
1739 970 1995 1026 unionem

418 1062 635 1127 habeat,
661 1062 774 1130 jam
808 1068 953 1131 patet
978 1060 1203 1114 mentita
1258 1060 1503 1129 falsaque
1519 1076 1639 1115 esse
1667 1072 1847 1116 Vestra
1900 1063 1999 1117 do-

417 1166 619 1223 gmata,
656 1155 883 1225 ideoque
916 1155 985 1208 ab
1015 1154 1080 1209 iis
1109 1156 1497 1209 recedendum.

1691 477 1984 539 NICETAE
2013 478 2415 543 BYZANTINI

691 597 1033 653 naturalibus
1120 598 1457 669 argumentis
1548 600 1979 653 commonstrati

2109 620 2266 669 σεως,
2298 603 2414 657 ἀλλ’
2472 588 2637 675 ῆγδύο
2683 604 2870 674 φύσεις
2923 600 3061 659 εἶναι
3097 604 3197 676 τῆς
3248 608 3379 678 μιᾶς
3434 608 3686 664 συνθέτου

3582 488 3686 557 644

2105 696 2456 760 ὑποστάσεως
2488 696 2582 750 τοῦ
2613 697 2873 768 Χριστοῦ,
2909 699 2956 751 εί
2993 698 3087 753 καὶ
3135 701 3265 770 μιᾶς
3293 700 3508 769 φύσεώς
3541 704 3688 756 ἐστιν

2104 786 2133 838 ὁ
2164 784 2449 856 ἄνθρωπος
2470 802 2485 817 ο
2521 788 2641 840 ἐπεὶ
2663 782 2754 841 οῦν
2779 789 2805 841 ὁ
2831 787 2988 857 λόγος
3016 791 3080 843 ὲκ
3118 790 3314 843 κοινῶν
3350 791 3571 844 ἐννοιῶν
3595 796 3687 845 καὶ

2105 877 2351 947 φυσικῶν
2377 880 2823 950 ἐπιχειρημάτων
2868 881 2950 934 ὅτι
2995 882 3263 936 πλείστων
3320 884 3683 953 παρέστησεν,

2107 972 2181 1041 μὴ
2220 966 2361 1026 εἶναι
2391 971 2484 1026 τὸν
2536 974 2772 1045 Χριστὸν
2820 976 2948 1045 μιᾶς
3001 975 3216 1045 φύσεως
3256 976 3393 1047 μετὰ
3421 975 3519 1047 τὴν
3552 977 3686 1029 ἒνω-

2064 1123 2072 1131 ,
2105 1082 2210 1132 σιν,
2244 1066 2383 1137 μήτε
2419 1066 2525 1138 μὴν
2547 1068 2643 1139 τὴν
2676 1068 2767 1122 τοῦ
2799 1068 3087 1139 ἀνθρώπου
3116 1069 3366 1123 σύνθεσιν
3393 1070 3583 1138 ὁμοίαν
3609 1065 3687 1122 εἷ-

2105 1174 2193 1211 ναι
2214 1159 2313 1228 τῆς
2341 1159 2437 1213 τοῦ
2465 1160 2702 1231 Χριστοῦ
2734 1161 3058 1225 συνθέσεως,
3090 1162 3229 1215 κατὰ
3258 1162 3318 1215 τὸ
3348 1160 3685 1215 συνυποστά-

410 1265 517 1310 τως
540 1245 777 1317 ἡνῶσθαι
808 1245 897 1301 τὸν
927 1245 1233 1313 ἄνθρωπον,
1266 1246 1360 1297 τοῦ
1392 1245 1631 1316 Χριστοῦ
1664 1246 1865 1317 ἑτέρως
1887 1246 1997 1301 τῶν
2038 1246 2253 1317 φύσεων
2282 1250 2382 1322 τὴν
2408 1250 2602 1305 ἕνωσιν
2645 1250 2883 1327 ἔχοντος,
2919 1252 3153 1325 φανερὸν
3213 1253 3295 1306 ὅτι
3360 1250 3686 1324 διισφαλμέ-

412 1358 509 1411 νην
531 1338 821 1411 ὁμολογίαν
848 1337 1019 1407 ἔχετε,
1052 1332 1120 1408 ἧς
1149 1338 1453 1408 ἀποστῆναι
1482 1336 1679 1408 χρεών.

486 1433 578 1485 l7.
618 1431 851 1497 Quando
884 1447 1013 1486 vero
1042 1448 1164 1501 quze
1197 1432 1263 1484 de
1294 1417 1602 1485 meonomia
1650 1430 1856 1486 Christi
1906 1429 1992 1486 di-

416 1536 620 1580 cuntur
651 1525 831 1578 tribus
861 1523 1037 1578 modis
1065 1525 1118 1576 in
1151 1523 1353 1578 divinis
1383 1523 1604 1577 Litteris
1633 1524 1989 1593 digeruntur:

410 1618 660 1689 quaedam
736 1631 830 1685 per
885 1616 1284 1686 synecdochen,
1358 1630 1483 1669 cum
1534 1632 1563 1669 a
1608 1624 1759 1685 parte
1816 1626 1989 1669 totum

408 1712 750 1772 nominatur,
803 1717 882 1776 ut,
916 1708 1157 1764 Christus
1206 1723 1301 1777 pro
1339 1708 1489 1760 nobis
1540 1718 1780 1762 mortuus
1813 1719 1888 1762 est
1926 1709 1990 1762 δε

408 1818 647 1871 namque
678 1818 706 1855 a
742 1810 917 1872 parte,
944 1801 1285 1855 humanitate
1309 1815 1526 1870 nempe,
1561 1800 1665 1854 hoe
1695 1800 1990 1871 Apostolus

405 1895 732 1963 enuntiavit,
789 1896 913 1949 licet
974 1893 1179 1949 Christi
1238 1909 1437 1947 nomen
1494 1893 1685 1947 ambas
1759 1902 1985 1948 naturas

406 1981 608 2038 inferat
642 2001 657 2048 ;
691 1983 785 2038 sed
823 1983 937 2037 [HEC
976 1991 1062 2037 est.
1091 1981 1392 2053 Scriptura:
1421 1998 1590 2037 sacra:
1617 1983 1929 2052 preprielas
1964 2000 1977 2035 :

2171 1431 2255 1497 ιζ’.
2310 1431 2527 1500 Ἐπειδὴ
2554 1428 2608 1485 δὲ
2638 1431 2707 1485 τὰ
2738 1432 2829 1485 ἐπὶ
2859 1431 2959 1505 τῆς
2983 1431 3299 1502 οἰκονομίας
3326 1430 3421 1485 τοῦ
3445 1431 3685 1503 Χριστοῦ

2096 1524 2363 1595 λεγόμενα
2408 1526 2549 1578 κατὰ
2583 1528 2729 1596 τρεῖς
2765 1525 3003 1596 τρόπους
3038 1525 3190 1596 παρὰ
3223 1528 3291 1596 τῇ
3328 1526 3460 1597 ἁγίᾳ
3492 1527 3683 1597 Γραφῇ

2097 1617 2387 1671 λέλεκται·
2437 1619 2504 1671 τὰ
2556 1619 2654 1687 μὲν
2706 1618 2849 1690 λόγῳ
2894 1618 3258 1689 συνεκδοχῆς,
3304 1613 3415 1672 οἷον
3460 1620 3543 1683 τὸ,
3577 1620 3685 1672 ἀπὸ

2100 1708 2299 1779 μέρους
2325 1707 2384 1761 τὸ
2412 1708 2531 1761 ὅλον
2564 1708 2868 1778 ὀνομάζειν·
2904 1704 3018 1761 οἷόν
3049 1708 3165 1761 ἐστι
3185 1748 3199 1773 ,
3241 1709 3496 1776 Χριστὸς
3529 1708 3686 1776 ὑπὲρ

2096 1799 2263 1868 ἡμῶν
2283 1799 2603 1855 ἀπέθανεν
2638 1800 2746 1854 ἀπὸ
2780 1802 2887 1872 γὰρ
2932 1800 3134 1871 μέρους
3164 1801 3409 1867 δηλονότι
3446 1802 3545 1873 τῆς
3581 1802 3684 1855 ἁν-
3732 1848 3735 1849 ,

2094 1893 2441 1965 θρωπότητος
2480 1893 2557 1965 τῷ
2597 1893 2905 1964 Ἀποστόλῳ
2932 1893 3094 1948 τοῦτο
3123 1896 3339 1964 είρηται
3364 1934 3379 1959 ,
3415 1897 3464 1947 εί
3496 1896 3590 1948 καὶ
3618 1895 3684 1947 τὸ

2091 1985 2347 2053 Χριστὸς
2402 1985 2576 2055 ὄνομα
2628 1986 2736 2039 τῶν
2788 1986 2880 2039 δύο
2929 1985 3144 2055 φύσεων
3196 1987 3311 2038 ἐστι
3358 1987 3680 2056 δηλωτικόν⁸

406 2075 490 2129 vel
523 2084 712 2129 contra
742 2090 867 2130 cum
901 2090 930 2129 a
964 2083 1079 2129 toto
1111 2091 1260 2144 pars,
1292 2083 1350 2129 ut
1377 2076 1506 2132 illm]
1543 2075 1689 2146 apud
1722 2076 1979 2130 eumdem

2092 2076 2209 2131 ἀλλ’
2251 2077 2345 2131 οὑν
2388 2079 2786 2149 τοῦτοηίδίωμα
2823 2081 2921 2151 τῆς
2953 2079 3175 2150 Γραφῆς
3198 2095 3212 2109 ·
3249 2078 3281 2149 ἢ
3316 2079 3379 2133 τὸ
3416 2079 3681 2149 ἔμπαλιν,

402 2162 748 2239 Λμοειοιιιιιι,
784 2165 1020 2222 Interior
1052 2167 1229 2229 homo,
1285 2176 1334 2220 et
1387 2169 1619 2222 exterior
1658 2170 1679 2200 ⁸
1720 2186 1733 2222 :
1780 2182 1810 2221 a
1874 2176 1979 2222 toto

2092 2170 2202 2224 ἀπὸ
2245 2170 2343 2224 τοῦ
2393 2171 2516 2225 ὅλου
2550 2170 2609 2225 τὸ
2650 2172 2850 2242 μέρος,
2905 2165 3020 2225 οἶόν
3059 2173 3175 2224 ἐστι
3208 2171 3359 2242 παρὰ
3403 2173 3482 2242 τῷ
3526 2171 3682 2243 αὑτῷ
3750 2232 3759 2247 l

401 2262 573 2325 enim,
609 2262 829 2315 homine
863 2260 1092 2325 scilicet,
1149 2261 1389 2315 animam
1440 2272 1595 2315 notat
1628 2271 1682 2315 et
1737 2276 1941 2331 corpus
1972 2275 1987 2314 :

403 2352 654 2422 quaedam
692 2368 822 2407 vero
854 2368 952 2423 per
1010 2351 1450 2416 retributionem,
1492 2364 1714 2423 pr0pter
1746 2362 1987 2407 mutuam

402 2445 641 2514 partium
676 2444 1251 2510 circumvolutionem,
1286 2454 1340 2500 et
1388 2446 1690 2501 secundum
1729 2446 1986 2517 hyposta-

401 2535 529 2600 sim,
570 2545 626 2591 et
683 2536 1107 2591 inenarrabilem
1188 2537 1471 2602 unionem,
1532 2545 1587 2591 et
1638 2538 1783 2607 quod
1844 2553 1987 2592 unus

399 2638 545 2692 erat,
602 2626 883 2699 idemque,
937 2630 1030 2697 qui
1081 2628 1265 2682 divina
1315 2628 1480 2684 simul
1534 2638 1697 2699 atque
1748 2631 1985 2683 humana

400 2721 841 2788 exsequebatur.
918 2718 1303 2774 Communicat
1388 2718 1572 2789 itaque
1633 2734 1731 2775 sua
1801 2720 1985 2774 divina

399 2820 597 2865 natura
632 2810 786 2865 carni
819 2826 916 2881 per
963 2810 1186 2866 modum
1222 2810 1621 2876 retributionis,
1650 2828 1985 2883 rursumque

398 2890 638 2957 humana
694 2904 911 2974 propria
962 2904 1161 2957 divinae
1210 2911 1419 2957 natura:
1468 2904 1521 2958 in
1574 2904 1761 2959 divino
1808 2901 1983 2959 Verbo

407 2994 562 3049 unita
634 2997 935 3050 secundum
1006 2995 1365 3065 hypostasim,
1429 3010 1550 3066 qua:
1601 2995 1767 3051 simul
1836 2995 1982 3050 inter

394 3099 456 3145 se
482 3094 611 3139 sunt
636 3085 1073 3154 inseparabiliter
1106 3086 1435 3155 conjunctae.
1470 3086 1711 3158 Ideoque
1757 3098 1805 3141 ct
1864 3087 1976 3141 Do-

394 3177 570 3229 minus
633 3176 821 3247 gloria:
862 3180 1008 3230 cruci
1069 3177 1255 3248 afﬁxus
1304 3177 1325 3209 ⁸
1377 3176 1601 3247 dicitur,
1661 3179 1792 3234 licet
1845 3162 2017 3235 nihil‘

395 3266 579 3323 divina
614 3268 734 3338 ejus
764 3277 957 3322 natura
990 3284 1247 3339 perpessa
1308 3266 1495 3336 fuerit,
1550 3279 1605 3324 et
1656 3268 1831 3326 Filius
1884 3273 1980 3327 h0-

396 3361 562 3416 minis
624 3373 752 3416 ante
806 3363 1121 3431 passionem
1178 3364 1233 3419 in
1282 3364 1424 3418 coelo
1479 3360 1599 3418 esse
1652 3364 1973 3431 atiirmatur,

2106 2260 2413 2332 ’Λποστόλῳ
2450 2260 2743 2331 λεγόμενον
2767 2276 2781 2291 ·
2826 2260 2879 2312 Ὀ
2929 2262 3052 2315 ἔσω
3101 2259 3447 2328 ἅνθρωπος,
3498 2262 3598 2316 καὶ
3644 2263 3681 2316 ὁ

2091 2347 2231 2412 ἔξω·
2266 2349 2373 2402 ἀπὸ
2401 2348 2510 2420 γὰρ
2539 2348 2632 2401 τοῦ
2663 2349 2810 2415 ὅλου,
2846 2350 2989 2419 φημὶ⁵
3017 2349 3082 2421 δὴ
3111 2349 3204 2402 τοῦ
3234 2350 3544 2420 ἀνθρώπου,
3574 2353 3679 2423 τὴν

2090 2437 2266 2509 ψυχὴν
2299 2438 2394 2492 καὶ
2432 2439 2493 2491 τὸ
2530 2439 2689 2508 σῶμα
2735 2440 3031 2510 σημαίνει·
3082 2442 3153 2494 τὰ
3185 2440 3241 2494 δὲ
3281 2440 3423 2512 λόγῳ
3458 2444 3675 2499 ἀντιδό-

2092 2547 2250 2595 σεως,
2292 2531 2380 2585 διὰ
2409 2532 2507 2601 τὴν
2535 2533 2615 2594 εἰς
2657 2530 2865 2603 ἄλληλα
2892 2533 3001 2587 τῶν
3033 2534 3218 2603 μερῶν
3271 2534 3670 2607 περιχώρησιν,

2091 2619 2185 2670 καὶ
2213 2617 2312 2686 τὴν
2359 2617 2483 2671 καθ’
2516 2616 2815 2670 ὑπόστασιν
2852 2618 2947 2671 καὶ
2993 2618 3274 2689 ἄφραστον
3309 2618 3524 2685 ἕνωσιν,
3577 2622 3678 2674 καὶ

2088 2710 2172 2762 ὃτι
2209 2704 2290 2771 εἷς
2316 2706 2386 2781 ἦν
2419 2712 2511 2764 καὶ
2546 2712 2578 2764 ό
2604 2710 2770 2775 αὑτὸς
2798 2713 2829 2764 ό
2855 2711 2922 2765 τὰ
2958 2711 3077 2765 θεῖα
3115 2712 3211 2765 καὶ
3240 2712 3312 2766 τὰ
3355 2714 3678 2784 ἀνθρώπινα

2087 2801 2349 2870 ἐνεργῶν.
2389 2801 2759 2856 Μεταδίδωσιν
2806 2798 2902 2856 οὖν
2957 2805 3025 2875 τῇ
3073 2805 3241 2874 σαρκὶ
3294 2805 3404 2857 τῶν
3443 2806 3593 2860 ἰδίων
3635 2809 3671 2878 η

2087 2892 2207 2946 θεία
2250 2893 2413 2963 φύσις
2458 2893 2600 2947 κατὰ
2642 2894 2735 2949 τὸν
2778 2894 2880 2965 τῆς
2935 2896 3259 2959 ἀντιδόσεως
3291 2897 3513 2968 τρόπον,
3575 2900 3674 2952 καὶ

2085 2987 2249 3039 πάλιν
2279 2988 2311 3057 ἡ
2364 2986 2678 3059 ἀνθρωπίνη
2716 2990 2780 3057 τῇ
2828 2986 2950 3058 θείᾳ
2981 2987 3143 3058 φύσει
3173 2990 3243 3043 τὰ
3270 2992 3469 3055 οἰκεῖα,
3501 2994 3560 3044 ὲν
3589 2991 3673 3064 τῷ

2085 3078 2214 3149 θείῳ
2242 3080 2398 3150 Λόγῳ
2425 3079 2685 3149 ἡνωμένη
2720 3078 2844 3133 καθ’
2876 3080 3197 3147 ὑπόστασιν,
3231 3084 3325 3135 καὶ
3361 3085 3480 3154 ἅμα
3507 3086 3671 3138 ἀδια-

2085 3173 2339 3235 σπάστως
2366 3168 2541 3225 οὖσαι.
2570 3172 2660 3225 Διὸ
2689 3172 2785 3225 καὶ
2812 3175 2845 3226 ό
2869 3174 3083 3242 Κύριος
3108 3174 3220 3244 τῆς
3242 3174 3429 3243 δόξης
3450 3177 3672 3231 ἐσταυ-

2072 3264 2301 3334 ρῶσθαι
2324 3266 2563 3335 λέγεται,
2589 3266 2767 3319 καίτοι
2786 3266 2887 3337 τῆς
2912 3267 3061 3330 θείις
3087 3267 3253 3322 αὑτοῦ
3285 3270 3358 3341 μὴ
3386 3269 3670 3341 παθούσης

2082 3357 2329 3426 φύσεως,
2369 3358 2462 3411 καὶ
2492 3361 2520 3411 ό
2554 3359 2677 3421 Υίδς
2704 3358 2799 3411 τοῦ
2829 3359 3116 3427 ἀνθρώπου
3161 3360 3267 3430 πρὸ
3312 3359 3407 3414 τοῦ
3458 3360 3669 3423 πάθους

394 3452 854 3528 quernadmodum
888 3455 1001 3524 ipse
1032 3454 1294 3510 Dominus
1320 3456 1457 3510 dixit
1482 3472 1494 3509 :
1524 3454 1720 3510 Nullus
1744 3459 1979 3511 ascendit

2090 3451 2149 3503 ὲν
2175 3451 2254 3521 τῷ
2281 3451 2495 3522 οὐρανῷ
2525 3446 2666 3505 εἶναι
2701 3452 2937 3523 εἴρηται·
2963 3452 3038 3517 ὡς
3072 3453 3232 3517 αὑτὸς
3262 3454 3289 3506 ὀ
3312 3454 3515 3528 Κύριος
3539 3455 3668 3526 ἔφη’

394 3546 449 3597 in
486 3545 692 3609 cwlum,
743 3547 845 3598 nisi
876 3547 967 3616 qui
992 3548 1056 3600 de
1098 3548 1224 3600 cazlo
1260 3546 1525 3600 descendit
1574 3544 1752 3601 Filius
1791 3549 1967 3601 humi-

395 3637 482 3693 nis
511 3639 555 3691 '.
587 3636 653 3691 Et
685 3647 865 3693 tamen
919 3655 1026 3691 non
1071 3639 1137 3693 de
1172 3640 1310 3694 cmlo
1342 3654 1562 3693 carnem
1598 3640 1972 3707 descendisse,

394 3730 487 3784 sed
518 3746 583 3784 ex
620 3731 773 3801 puris
804 3729 1287 3800 immaculatisque
1340 3732 1704 3802 sanguinibus
1735 3731 1975 3803 Virginis

399 3819 601 3875 factam
659 3819 830 3876 fuisse
882 3822 1138 3877 dicimus.
1175 3819 1278 3876 Per
1327 3822 1737 3877 retributionem
1792 3825 1971 3894 itaque

389 3925 443 3968 et
474 3916 579 3969 hoc
617 3914 827 3969 dictum
876 3923 979 3970 est.
1019 3915 1279 3981 Quaedam
1315 3930 1415 3985 per
1450 3916 1973 3987 appropriationem,

389 4018 451 4063 ut
478 4023 602 4063 cum
636 4008 873 4064 dicimus
900 4027 913 4064 :
943 4006 1179 4063 Modica:
1213 4018 1379 4079 gutta:
1403 4010 1678 4080 sanguinis
1710 4008 1806 4063 Dei
1856 4010 1976 4063 uni-

387 4117 594 4156 versum
628 4111 890 4157 terrarum
929 4102 1108 4158 orbem
1135 4102 1541 4173 sanctiﬁcarunt
1560 4119 1579 4169 ;
1608 4118 1971 4173 rursumque:

387 4194 621 4251 Deicida:
651 4196 825 4251 Judaei
846 4214 865 4262 ;
896 4196 1157 4270 quoniam
1197 4210 1328 4250 caro
1369 4195 1591 4265 propria
1637 4194 1797 4249 Verbi
1833 4194 1974 4249 facta

387 4296 491 4355 est,
528 4298 581 4342 et
614 4290 666 4342 in
699 4291 919 4359 propria
978 4289 1126 4344 illius
1178 4288 1464 4359 hypestasi
1524 4286 1792 4342 substitit.
1836 4286 1973 4343 Pro-

388 4382 536 4451 prias
565 4382 750 4451 itaque
790 4382 974 4437 carnis
1000 4382 1286 4452 passiones
1337 4380 1440 4435 sibi
1493 4379 1727 4434 Verbum
1772 4396 1975 4450 appro-

388 4473 555 4542 priat,
590 4482 644 4527 et
704 4475 784 4526 uti
814 4474 1065 4543 proprias
1096 4472 1343 4542 agnoscit
1373 4489 1387 4539 ;
1423 4471 1880 4541 quemadmodum
1918 4480 1973 4525 tu

386 4564 550 4617 etiam
582 4564 636 4616 in
669 4564 1070 4619 commentario
1099 4565 1168 4619 de
1196 4563 1415 4619 Christo
1441 4580 1506 4618 ex
1538 4562 1737 4618 divinis
1756 4563 1975 4618 Litteris

387 4654 707 4721 adnotaras,
767 4656 893 4709 licet
941 4671 1049 4708 non
1192 4664 1247 4709 et
1298 4656 1366 4710 de
1414 4656 1652 4709 hominis
1700 4657 1976 4726 composi-

391 4748 540 4802 tione
571 4748 821 4801 suniliter
844 4750 896 4801 in
949 4745 1257 4816 Scriptura,
1313 4747 1480 4803 sicuti
1527 4760 1579 4802 et
1626 4746 1694 4802 de
1746 4746 1970 4800 Christo

2075 3543 2287 3608 Οὐδεὶς
2304 3544 2681 3613 ἀναϐέϐηκεν
2694 3547 2781 3611 εις
2806 3545 2915 3599 τὸν
2932 3546 3213 3614 οὐρανὸν,
3231 3548 3284 3599 εί
3304 3545 3390 3615 μὴ
3421 3550 3452 3599 d
3468 3548 3535 3600 ἐκ
3562 3548 3671 3603 τοῦ

2079 3635 2344 3703 οὐρανοῦ
2373 3636 2633 3702 καταϐὰς
2654 3676 2667 3701 ,
2695 3638 2729 3690 ὁ
2760 3638 2882 3703 Υἱὸς
2914 3636 3022 3691 τοῦ
3050 3638 3386 3706 ἀνθρώπου.
3425 3640 3533 3692 Καὶ
3560 3640 3671 3711 μὴν

2078 3728 2179 3781 οὑκ
2208 3730 2273 3781 ὲκ
2294 3727 2389 3781 τοῦ
2408 3728 2639 3799 ούρανοῦ
2657 3729 2757 3801 τὴν
2787 3732 2968 3800 σάρκα
2999 3730 3443 3801 κατεληλυθέναι,
3469 3731 3584 3785 ἀλλ’
3602 3735 3670 3787 ὲκ

2078 3819 2188 3872 τῶν
2209 3818 2512 3891 [καθαρῶν]
2543 3821 2637 3873 καλ⁸
2659 3820 2946 3891 ἀχράντων
2976 3822 3227 3892 αἱμάτων
3252 3822 3350 3893 τῆς
3382 3824 3667 3895 Παρθένου

2077 3910 2481 3965 διαπεπλάσθαι
2517 3914 2719 3983 φαμέν.
2757 3914 2851 3984 Τῷ
2892 3914 3036 3984 λόγῳ
3064 3910 3156 3967 οῦν
3193 3915 3297 3985 τῆς
3340 3915 3668 3980 ἀντιδόσεως

2078 4003 2173 4056 καὶ
2225 4000 2384 4055 τοῦτο
2418 4002 2657 4073 εἴρηται.
2706 4003 2784 4058 Τὰ
2820 4003 2877 4057 δὲ
2912 4004 3077 4057 πάλιν
3113 4004 3255 4075 λόγῳ
3297 4004 3627 4067 οίκειὼσεως
3648 4045 3664 4071 ,

2078 4095 2153 4158 ὼς
2183 4094 2312 4149 ὅταν
2343 4095 2504 4148 πάλιν
2536 4094 2813 4165 λέγωμεν·
2867 4095 3097 4164 Ὀλίγαι
3123 4096 3371 4164 ῥανίδες
3411 4097 3666 4165 αἵματος

2082 4187 2230 4242 Θεοῦ
2252 4190 2486 4256 κόσμον
2510 4186 2659 4241 ὅλον
2690 4187 2972 4256 ἠγίασαν.
3007 4188 3112 4241 Καὶ
3142 4188 3320 4253 πάλιν,
3349 4191 3665 4243 Θεοκτόνοι

2092 4280 2398 4346 Ἰουδαῖοι,
2434 4280 2620 4352 ἐπειδὴ
2661 4282 2695 4352 η
2742 4280 2878 4351 σὰρξ
2926 4280 3032 4334 ἰδία
3065 4281 3158 4335 τοῦ
3201 4281 3376 4350 Λόγου
3423 4283 3617 4351 γέγονε
3642 4320 3658 4346 ,

2079 4372 2174 4424 καὶ
2205 4373 2269 4447 ὲν.
2291 4376 2356 4443 τῇ
2394 4371 2500 4442 ἰδίᾳ
2536 4372 2829 4424 ὑποστάσει
2859 4370 3087 4442 ὑπέστη.
3120 4371 3436 4425 Οίκειοῦται
3463 4371 3559 4426 οὖν
3593 4376 3661 4428 τὰ

2076 4462 2177 4532 τῆς
2221 4462 2355 4526 ιδίας
2390 4462 2592 4533 σαρκὸς
2636 4461 2782 4533 πάθη
2830 4465 2858 4515 ὁ
2892 4464 3084 4531 Λόγος,
3120 4465 3216 4517 καὶ
3248 4464 3324 4527 ὡς
3360 4467 3539 4519 οἰκεῖα
3572 4465 3660 4518 λο-

2078 4552 2311 4622 γίζεται·
2360 4552 2453 4616 οὓς
2502 4556 2596 4607 καὶ
2638 4554 2801 4617 αὑτὸς
2844 4556 2901 4608 ἐν
2947 4554 3025 4625 τῷ
3072 4556 3473 4627 συγγράμματι
3532 4558 3659 4628 περὶ

2078 4646 2315 4717 Χριστοῦ
2347 4646 2497 4718 παρὰ
2521 4648 2616 4719 τῆς
2639 4647 2789 4712 θείας
2827 4647 2864 4699 Γ
2872 4647 3048 4719 ραφῆς
3070 4648 3324 4717 λέγεσθαι
3352 4648 3654 4720 διεξῆλθες,

2080 4744 2127 4794 εί
2158 4743 2249 4796 καὶ
2282 4745 2357 4813 μὴ
2393 4743 2517 4813 περὶ
2547 4741 2622 4813 (l)
2657 4781 2673 4796 .
2711 4781 2725 4795 .
2762 4782 2775 4796 .
2812 4784 2825 4797 .
2864 4781 2879 4794 .
2926 4742 3140 4813 ᾠήθης,
3174 4744 3269 4796 καὶ
3310 4744 3404 4795 ἐπὶ
3429 4743 3530 4812 τῆς
3559 4741 3653 4794 τοῦ

385 4851 495 4897 tres
544 4842 645 4895 hos
711 4840 928 4906 modos,
979 4841 1379 4911 synecdochen,
1434 4841 1679 4910 inquam,
1736 4839 1969 4894 retribu-

2086 4807 2362 4903 ὶνθρώπου
2397 4807 2720 4896 συνθέσεως.
2764 4807 3006 4903 Ὁμοίως.
3050 4807 3203 4902 παρὰ
3253 4833 3352 4902 τῆς
3391 4834 3431 4884 Γ
3435 4807 3652 4903 ραφῆς.

385 4936 589 4988 tionem
651 4945 703 4987 et
743 4933 1241 5005 appropriationem
1273 4933 1531 4997 inveniri,
1566 4933 1723 5003 quasi
1774 4948 1841 4984 ex
1893 4947 1959 4985 eo

382 5028 646 5098 colligens
730 5028 1155 5083 similitudinem
1222 5027 1644 5096 compositionis
1722 5024 1962 5079 hominis

382 5133 502 5171 cum
530 5116 735 5172 Christi
767 5120 990 5181 unione,
1029 5128 1429 5189 proptereaque
1470 5120 1772 5186 scripseras
1802 5117 1963 5171 unius

386 5222 596 5268 natura:
621 5228 744 5267 esse
791 5212 1070 5268 Christum
1101 5222 1224 5284 post
1262 5215 1543 5275 unionem,
1604 5211 1964 5281 (pnetnadmo-

2073 4924 2218 4977 καθὰ
2251 4924 2344 4978 καὶ
2368 4924 2460 4977 ἐπὶ
2492 4922 2585 4976 τοῦ
2612 4923 2847 4995 Χριστοῦ
2878 4922 3002 4986 τοὺς
3028 4926 3180 4993 τρεῖς
3206 4923 3443 4993 τρόπους
3462 4961 3478 4986 ,
3512 4924 3655 4994 φημὶ

2070 5019 2135 5089 δὴ
2168 5019 2268 5089 τὴν
2309 5017 2654 5089 συνεκδοχὴν,
2709 5017 2808 5089 τὴν
2864 5017 3154 5085 ἀντίδοσιν,
3187 5017 3280 5070 καὶ
3306 5017 3407 5089 τὴν
3439 5018 3654 5072 οἰκείω-

2072 5128 2156 5164 σιν
2182 5110 2554 5182 εὑρίσκεσθαι,
2577 5110 2653 5173 ὼς
2682 5111 2745 5162 ἐκ
2769 5108 2921 5162 τοῦδε
2950 5110 3199 5177 συνάγων
3224 5109 3324 5178 τὴν
3352 5109 3652 5179 ὁμοιότητα

2066 5205 2165 5277 τῆς
2195 5203 2291 5257 τοῦ
2314 5201 2604 5274 ἀνθρώπου
2633 5200 2934 5264 συνθέσεως
2960 5199 3101 5268 μετὰ
3126 5201 3226 5271 τῆς
3251 5198 3492 5270 Χριστοῦ
3522 5196 3654 5252 sud»-

447 5426 470 5460 ⁸
501 5424 663 5483 Rom.
690 5442 745 5491 ν,
777 5427 830 5483 9.
908 5423 928 5455 ⁸
955 5421 972 5474 l
1003 5418 1130 5476 Cor.
1164 5435 1226 5491 ιι,
1251 5420 1340 5487 14,
1371 5422 1455 5477 15.
1533 5417 1553 5449 ⁸
1587 5414 1609 5471 ι
1640 5413 1763 5469 Cor.
1803 5428 1864 5479 ιι,
1898 5411 1952 5466 8.

2088 5409 2256 5469 Joan.
2282 5430 2364 5481 ιιι,
2390 5414 2479 5472 l5.

390 5656 395 5661 .
448 5606 528 5675 ιι)
570 5606 673 5661 llic
722 5606 879 5659 locus
934 5605 1003 5660 ab
1048 5602 1414 5675 exscriptorg
1448 5598 1684 5675 pessime
1732 5596 1971 5675 habitus,

375 5666 469 5747 qui
504 5666 680 5746 neque
708 5679 894 5730 sanior
920 5684 1003 5730 est
1056 5676 1109 5728 in
1138 5666 1325 5747 codice
1374 5666 1661 5747 Vaticano.
1732 5666 1795 5747 Et
1844 5683 1968 5747 eum

376 5738 574 5800 scirem
594 5738 879 5801 'assert'ari
910 5749 1048 5801 idem
1079 5745 1407 5816 Opusculum
1468 5738 1971 5816 intavarie-anhi-

374 5817 666 5877 bliotheca.
696 5820 887 5885 scripsi
942 5819 1008 5871 ad
1063 5807 1440 5885 doctissimum
1508 5810 1805 5885 Simoneur
1842 5807 1971 5861 Wa-

410 5887 748 5955 Iereckium,
800 5878 869 5951 ut
909 5903 1067 5955 opem
1117 5900 1320 5953 amico,
1378 5884 1423 5936 si
1476 5890 1681 5955 posset,
1720 5878 1965 5955 jl‘ﬂerret.

410 5905 748 5955 IBI'CCKIUIII,
800 5905 869 5951 ιιι,
909 5905 1067 5955 (ιι-«ειη
1117 5905 1320 5953 animo,
1378 5905 1423 5936 δι
1476 5905 1681 5951 possm,
1728 5905 1965 5934 slucl’lt't.

369 5905 520 6024 giltil
550 5974 673 6017 esse
704 5961 892 6016 auxilii
931 5975 997 6015 cx
1032 5974 1097 6014 eo
1131 5955 1324 6013 codice
1367 5950 1666 6021 respondit.
1719 5947 1968 6021 Namque

2074 5605 2127 5651 ct
2154 5596 2224 5649 ihi
2256 5596 2449 5648 lacuna
2474 5600 2556 5647 est
2603 5591 2812 5664 signata
2831 5590 3023 5664 _tribus
3065 5591 3282 5659 punctis
3326 5591 3393 5648 ad
3450 5595 3647 5664 marglo

2074 5684 2221 5721 utrm.
2275 5667 2414 5721 Hine
2460 5666 2543 5717 vir
2567 5661 2973 5716 eruditissimus
3017 5664 3351 5734 suspicatur,
3395 5669 3543 5734 quod
3581 5661 3645 5718 'in

2074 5740 2417 5809 autographo
2442 5734 2796 5809 Nicetaotun
2819 5749 2848 5785 a
2880 5733 3117 5809 librariis
3144 5734 3255 5809 legi
3272 5735 3374 5789 rite
3400 5733 3528 5809 non
3550 5751 3647 5809 po.

2072 5802 2288 5872 tuissEt,
2311 5802 2475 5861 'hanc
2510 5805 2579 5858 ab
2616 5805 2693 5857 eis
2729 5806 2973 5857 lacunam
3005 5802 3075 5877 ad
3111 5802 3293 5859 omnia
3316 5802 3645 5877 exemplaria

2075 5881 2198 5937 inde
2244 5878 2569 5946 transcripta
2612 5883 2961 5945 propagatum
2999 5872 3187 5929 fuisse.
