3994 6590
246 427 349 492 645

1092 424 1523 486 REFUTATIO
1569 425 1953 488 ΕΡΙὸΤοιῶ
1981 430 2207 491 REGIS
2239 432 2628 497 AIRMENI/E.

3386 437 3494 509 646

246 562 401 607 σεως.
434 542 535 597 Διά
553 560 635 597 τοι
666 542 824 596 τοῦτο
849 542 952 613 ἔφη
959 558 1009 608 ς,
1037 544 1166 613 μιᾶς
1191 543 1405 612 φύσεως
1426 539 1566 597 εἶναι
1586 543 1679 597 τὸν
1698 545 1739 597 Χ
1750 562 1832 616 ρι-

1940 548 2062 602 dum
2096 549 2244 605 etde
2279 549 2507 606 homine
2529 550 2749 608 dicitur.
2812 553 3007 610 Annon
3053 548 3205 612 vides
3249 558 3400 615 hisce
3444 568 3513 614 te

245 638 365 691 στὸν
417 636 558 708 μετά
609 635 708 707 τὴν
759 634 976 701 ἕνωσιν,
1022 634 1211 707 ὥσπερ
1258 637 1352 689 καὶ
1384 633 1471 688 ἐπ’
1511 634 1823 708 ἀνθρώπου.

243 728 413 781 Τοῦτο
462 727 517 781 δὲ
562 726 731 781 ποιῶν
782 727 1017 799 λέληθας
1061 727 1287 781 σεαυτὸν
1339 728 1412 782 τὰ
1461 727 1824 797 ἀσύγκλωστα

245 823 595 892 συγκλώθων,
622 823 715 876 καὶ
746 826 815 877 τὰ
848 825 1056 893 ἄμικτα
1095 823 1359 893 μιγνύων.
1393 825 1465 877 Οὐ
1498 824 1606 894 γὰρ
1636 824 1825 892 ὥσπερ

243 916 335 976 ἐπὶ
360 917 457 984 τῆς
484 914 796 984 οἰκονομίας
823 913 1062 984 Χριστοῦ
1096 915 1189 967 καὶ
1214 913 1315 984 τῆς
1337 915 1474 984 ἀμφ’
1506 915 1671 968 αὑτὸν
1696 913 1825 968 ἑνώ-

246 1024 407 1075 σεως,
444 1005 617 1068 οὕτως
647 1006 744 1059 καὶ
777 1006 871 1058 ἐπὶ
905 1005 1004 1075 τῆς
1050 1005 1147 1059 τοῦ
1198 1004 1491 1075 ἀνθρώπου
1536 1003 1783 1067 ὲνώσεως
1806 1045 1823 1069 ,

240 1095 390 1148 ἐστιν
442 1094 626 1166 εὑρεῖν
663 1094 763 1165 τὴν
811 1094 973 1164 ἁγίαν
1016 1094 1243 1167 Γραφὴν
1298 1096 1639 1166 φάσκουσαν,
1689 1093 1826 1148 ἀλλά

244 1187 335 1237 τὸν
367 1186 467 1256 μὲν
496 1185 874 1256 συνεκδοχικδν
903 1185 1107 1256 τρόπον
1131 1187 1193 1241 τὸ
1233 1186 1343 1241 ἀπὸ
1374 1186 1574 1258 μέρους
1600 1186 1660 1240 τὸ
1682 1185 1823 1252 ὅλον,

243 1276 283 1346 ἢ
309 1275 420 1329 ἀπὺ
452 1275 545 1329 τοῦ
590 1277 711 1329 ὅλου
756 1278 818 1330 τὸ
865 1277 1031 1349 μέρος
1068 1277 1158 1331 ἐπ’
1191 1276 1480 1353 ἀνθρώπου
1518 1277 1698 1347 λέγειν
1730 1278 1826 1349 τὴν

245 1369 283 1420 Γ
291 1368 490 1440 ραφὴν,
520 1365 628 1425 οἷον
652 1370 746 1423 καὶ
779 1371 936 1433 αὐτὸς
964 1372 1127 1442 ἔφης,
1159 1371 1192 1441 ἢ
1222 1371 1330 1425 ἀπὸ
1356 1371 1534 1443 ψυχῆς
1558 1372 1727 1443 μόνης
1746 1412 1761 1438 ,
1792 1371 1827 1442 ἢ

243 1459 357 1529 ἀπὸ
395 1457 644 1529 σώματος
672 1459 762 1512 τὸν
793 1460 914 1515 ὅλον
943 1461 1228 1532 ἄνθρωπον
1261 1464 1632 1533 σημαίνουσαν
1677 1464 1828 1517 ἔστιν

241 1549 504 1620 εὑρεῖν,ἢ
534 1549 641 1602 ἀπὸ
663 1550 756 1603 τοῦ
789 1550 910 1604 ὅλου
943 1552 1003 1605 τὸ
1032 1553 1217 1623 μέρος.
1258 1554 1363 1607 Τὸν
1401 1553 1458 1607 δὲ
1489 1554 1589 1624 τῆς
1616 1554 1828 1607 οἰκειώ-

245 1658 408 1704 σεως,
439 1640 563 1694 οὕτε
590 1642 681 1694 ἐπὶ
709 1643 947 1713 Χριστοῦ
974 1643 1242 1714 ἡδυνήθης
1264 1645 1426 1709 αὐτὸς
1449 1649 1823 1717 παραστῆσαι,

243 1716 325 1802 μὴ
365 1732 448 1784 ὅτι
494 1748 557 1800 γε
595 1731 692 1786 καὶ
735 1734 830 1786 ἐπὶ
869 1736 967 1804 τῆς
1012 1733 1454 1806 ἀνθρωπότητος.
1504 1716 1608 1791 Τὸν
1639 1737 1695 1789 δὲ
1729 1739 1828 1807 τῆς

241 1823 569 1893 ἀντιδόσεως
604 1824 827 1895 τρόπον,
870 1826 962 1879 τὸν
995 1825 1223 1892 λέγοντα
1256 1827 1594 1898 μεταδιδόναι
1633 1829 1703 1882 τὰ
1731 1828 1825 1882 τοῦ

245 1915 499 1987 σώματος
544 1920 625 1981 είς
672 1917 771 1989 τὴν
805 1917 1007 1997 ψυχῂν,
1059 1919 1093 1989 ἢ
1135 1921 1234 1991 τῆς
1280 1920 1457 1992 ψυχῆς
1492 1923 1572 1986 είς
1617 1921 1688 1974 τά
1729 1921 1823 1975 τοῦ
1855 1902 1902 1960 Β

249 2008 529 2079 σώματος,
560 2009 970 2080 διεσφαλμένως
1001 2010 1294 2081 διεξῆλθεςο
1330 2013 1431 2065 οὐκ
1460 2011 1575 2065 ἔστι
1604 2012 1712 2083 γὰρ
1736 2012 1826 2066 τὸν

242 2098 449 2167 τρόπον
480 2102 577 2170 τῆς
602 2100 921 2175 ἀντιδόσεως
939 2142 956 2168 ,
983 2102 1017 2171 ἢ
1052 2102 1152 2174 τῆς
1181 2101 1507 2168 οἰκειώσεως
1533 2105 1624 2157 ἐπὶ
1652 2104 1829 2175 ψυχῆς

245 2193 345 2259 καὶ
386 2191 638 2264 σώματος
670 2192 963 2264 λεγόμενον
990 2195 1371 2267 εὑρίσκεσθαι,
1406 2196 1495 2261 ὼς
1522 2198 1618 2253 καὶ⁸
1649 2199 1714 2252 σὺ
1743 2198 1859 2256 διά.

244 2284 362 2336 τῶν
405 2284 513 2337 σῶν
548 2285 1013 2357 παραδειγμάτων
1048 2286 1279 2359 ἔφησθα.
1306 2288 1381 2341 Τὸ
1416 2289 1524 2359 γὰρ
1552 2289 1865 2360 εἰρηκέναι

245 2393 335 2442 σε,
364 2377 447 2430 ὅτι
478 2377 627 2447 ποιρά
654 2380 721 2451 τῇ
760 2378 880 2450 θείᾳ
913 2371 1103 2451 Γραφῇ
1139 2379 1385 2433 λέλεκται
1428 2382 1550 2435 ἀντὶ
1583 2381 1833 2452 σώματος

246 2470 282 2539 ὴ
311 2468 481 2539 ψυχὴ,
520 2469 578 2522 ὲν
618 2469 695 2539 τῷ
724 2471 897 2523 εἰπεῖν
931 2470 1020 2522 τὸν
1052 2470 1274 2541 Κύριοψ
1303 2475 1358 2526 Μ
1367 2472 1399 2541 ἡ
1426 2474 1835 2542 μεριμνήσητε

245 2558 327 2629 τῇ
366 2558 539 2630 ψυχῇ
568 2560 756 2633 ημῶν,
793 2562 849 2615 τί
898 2563 1126 2633 φάγητε
1162 2564 1201 2633 ἢ
1234 2552 1292 2618 τί
1324 2566 1519 2633 πίητε,
1552 2566 1709 2636 δῆλον
1752 2568 1834 2622 ὅτι

244 2651 311 2705 ού
362 2650 612 2721 σώματός
664 2653 780 2705 ἐστι
828 2653 889 2705 τὸ
939 2653 1162 2718 ἐσθίειν,
1225 2652 1258 2723 ἦ
1310 2652 1513 2705 πίνεινο
1558 2654 1695 2708 ἀλλά
1739 2653 1834 2708 τοῦ

249 2739 691 2809 συναμφοτέρου,
718 2738 862 2809 λέγω
903 2739 967 2811 δὴ
996 2738 1090 2793 τοῦ
1126 2739 1293 2805 ζώου.
1323 2740 1551 2812 Εἴρηται
1580 2741 1689 2814 γὰρ
1724 2742 1837 2805 τοῖς

249 2835 445 2902 σοφοῖς
468 2872 482 2898 ,
514 2831 582 2885 τά
615 2832 713 2903 μὲν
744 2832 851 2886 ἴδια
876 2826 1015 2887 εἶναι
1047 2832 1228 2904 ψυχῆς
1265 2833 1455 2905 μόνης,
1487 2827 1597 2887 οἷόν
1634 2835 1751 2887 ἐστι
1777 2833 1838 2887 τὸ

1925 652 2014 702 ea,
2051 654 2173 708 qua:
2201 640 2366 697 simul
2399 642 2651 713 componi
2701 660 2808 700 non
2841 658 3094 715 possunt,
3145 662 3500 717 connectere,
3546 680 3549 683 -

1925 738 1980 785 et
2020 744 2146 799 quae
2183 732 2405 786 misceri
2460 748 2565 787 non
2620 746 2851 803 possunt
2880 736 3238 795 commiscere
3266 739 3290 792 ?
3315 740 3502 811 Neque

1926 824 2072 879 enim
2114 826 2306 880 eodem
2358 827 2520 881 modo
2553 827 2620 883 de
2651 831 2962 884 (mouentia
2994 830 3221 899 Christi,
3265 833 3500 888 unione-

1927 929 2041 982 que
2071 930 2194 969 cum
2228 917 2368 987 ipso,
2408 925 2462 971 et
2494 918 2561 974 de
2588 921 2986 990 compositione
3036 923 3272 979 hominis
3304 925 3502 979 divinae

1927 1006 2146 1063 Litterze
2205 1012 2373 1064 verba
2429 1008 2636 1065 faciunt
2668 1029 2682 1078 ;
2715 1014 2809 1067 sed
2861 1030 2956 1083 per
3006 1016 3378 1085 synecdochen
3432 1032 3501 1072 ex

1928 1106 2082 1169 parte
2114 1109 2314 1164 totum,
2347 1103 2430 1156 vel
2459 1117 2525 1156 ex
2568 1113 2685 1157 toto
2738 1114 2946 1175 partem
2977 1107 3044 1159 de
3086 1107 3306 1162 homine
3354 1109 3504 1163 Scri-

1928 1201 2146 1261 pturam
2187 1193 2392 1260 dicere,
2425 1197 2572 1266 quod
2606 1208 2659 1251 et
2685 1209 2739 1251 ιιι
2789 1214 3011 1269 quoque
3043 1201 3358 1265 insinuasti,
3417 1202 3505 1257 vel

1928 1286 1996 1337 ab
2028 1285 2211 1338 anima
2247 1294 2480 1350 tantum,
2538 1289 2620 1341 vel
2649 1304 2679 1343 a
2724 1304 2955 1359 corpore
3003 1300 3176 1345 totum
3226 1292 3502 1348 hominent

1928 1386 2141 1443 notare,
2189 1378 2272 1432 rel
2302 1395 2331 1431 ιι
2371 1389 2481 1433 ιοιο
2529 1390 2738 1450 partem
2778 1380 3137 1436 inveniemus.
3190 1383 3260 1438 At
3306 1399 3507 1455 appro-

1928 1470 2222 1539 priatinnis
2275 1471 2501 1525 modum
2572 1488 2748 1543 neque
2805 1473 2872 1528 de
2932 1473 3157 1529 Christo
3213 1476 3506 1531 ostendere

1934 1564 2185 1631 potuisti,
2220 1574 2434 1618 tantum
2478 1565 2652 1628 abest,
2689 1576 2746 1620 ut
2775 1564 2841 1621 de
2872 1566 3207 1622 humanitate
3233 1568 3283 1623 id
3308 1569 3503 1641 egeris.

1932 1655 2022 1709 Sic
2085 1670 2308 1726 quoque
2375 1656 2759 1712 retributionis
2819 1659 3063 1723 modttm,
3121 1660 3213 1728 qui
3266 1674 3330 1714 ea
3386 1674 3509 1729 qua:

1929 1745 2178 1814 corporis
2207 1753 2338 1800 sunt
2363 1746 2561 1800 animm
2591 1747 2979 1813 communicat,
3020 1756 3114 1803 aut
3137 1763 3258 1818 qum
3288 1750 3505 1817 animm,

1931 1833 2165 1903 corpori,
2215 1849 2324 1889 non
2368 1837 2578 1906 absque
2596 1851 2784 1891 errore
2828 1848 3150 1906 prosecutus
3191 1854 3290 1894 es:
3328 1855 3508 1909 neque
3546 1870 3555 1877 -

1931 1925 2077 1979 enini
2141 1925 2521 1981 retributionis
2570 1936 2665 1980 aut
2703 1928 3157 1996 appropriatiouis
3188 1930 3406 1984 modum
3435 1931 3509 1985 de

1930 2014 2113 2077 anima
2146 2024 2199 2073 et
2227 2030 2455 2086 corpore
2484 2017 2689 2072 dictum
2730 2020 2874 2087 potis
2896 2033 2956 2073 es
2980 2020 3285 2084 ostendere,
3310 2035 3507 2089 quem-

1931 2108 2223 2163 admodum
2280 2117 2337 2165 tu
2389 2109 2573 2165 itidem
2612 2125 2708 2179 per
2746 2118 2840 2165 tua
2884 2112 3131 2181 exempla
3175 2115 3505 2179 asseruisti;

1932 2214 2058 2253 nam
2093 2213 2220 2254 cum
2256 2200 2459 2254 astruis
2484 2198 2538 2256 in
2570 2199 2757 2255 divina
2788 2198 3073 2269 Scriptura
3116 2201 3222 2256 dici
3270 2202 3509 2256 animant

1934 2304 2033 2360 pro
2077 2304 2303 2367 corpore
2351 2289 2408 2344 in
2454 2290 2563 2345 illis
2613 2288 2830 2346 Domini
2864 2312 2874 2346 :
2903 2290 3085 2345 Nolite
3138 2292 3359 2346 sollieiti
3398 2308 3513 2347 esse

1934 2386 2125 2445 anima:
2150 2393 2355 2449 vestrm,
2384 2385 2511 2455 quid
2538 2384 2889 2449 manducetis,
2920 2398 3012 2440 aut
3045 2388 3235 2441 bibatis
3267 2388 3309 2454 ⁸,
3342 2387 3513 2443 falsus

1933 2489 2013 2530 es.
2050 2473 2397 2535 Manifestum
2430 2478 2633 2531 etenim
2690 2486 2773 2531 est
2822 2480 3156 2532 manducare
3203 2488 3296 2533 aut
3326 2479 3513 2534 bibere

1936 2585 2043 2622 non
2071 2586 2192 2625 esse
2226 2572 2497 2641 corporis,
2546 2572 2641 2625 scd
2693 2573 3001 2642 utriusque,
3065 2574 3318 2628 animalis
3374 2574 3553 2627 dun-7

1937 2676 2108 2723 taxat.
2142 2665 2422 2721 Prolatum
2452 2666 2656 2735 quippe
2684 2676 2769 2720 est
2808 2682 2838 2719 a
2871 2667 3209 2735 sapientibus
3265 2668 3369 2721 alia
3393 2682 3517 2723 esse

1936 2760 2155 2830 pmpria
2192 2759 2391 2813 animae
2422 2759 2619 2821 solius,
2667 2767 2726 2813 ttt
2778 2758 3104 2828 intelligere,
3156 2760 3262 2817 alia
3311 2761 3517 2815 utrius-

1938 2864 2067 2918 que,
2102 2848 2398 2903 animantis
2442 2864 2663 2918 nempe,
2699 2858 2757 2901 ut
2785 2850 2967 2914 edere,
3021 2849 3230 2915 bibere,
3283 2851 3514 2917 moveri,

250 2926 424 3005 νοεῖν,
459 2926 529 2978 τά
556 2924 612 2978 δὲ
644 2925 737 2978 τοῦ
772 2926 1183 2997 συναμφοτέρου
1204 2965 1219 2991 ,
1268 2920 1381 2980 οἷον
1425 2925 1518 2979 τοῦ
1554 2924 1728 2990 ζώου,
1777 2925 1839 2980 τὸ

1940 2940 2200 3005 dormire,
2254 2949 2307 2994 et
2364 2939 2611 3009 vigilare,
2658 2948 2712 2993 et
2760 2939 2846 2993 his
2892 2940 3091 2993 similia
3135 2949 3354 3010 propter
3392 2954 3511 2993 eam

253 3018 485 3084 ἐσθίειν,
516 3017 610 3070 καὶ
644 3017 837 3085 πίνειν,
879 3021 974 3089 καὶ
1006 3011 1275 3071 κινεῖσθαι
1296 3058 1312 3085 ,
1347 3017 1444 3071 καὶ
1490 3017 1714 3083 ὑπνοῦν,
1746 3017 1841 3072 καὶ

1940 3032 2278 3090 exsisteutia.
2316 3029 2409 3086 Sic
2432 3046 2654 3100 quoque
2700 3047 2931 3102 magnus
2967 3031 3201 3086 Basilius
3233 3033 3514 3087 decernit:

251 3111 624 3181 ἐγρηγορέναι
647 3148 663 3173 ,
690 3111 782 3163 καὶ
810 3110 880 3162 τά
913 3111 1270 3180 παραπλήσια
1303 3108 1371 3163 δι’
1411 3110 1628 3179 ἐκείνην
1661 3109 1840 3180 ὑπάρ-

1943 3125 2191 3193 corporis
2236 3140 2366 3178 vero
2413 3125 2633 3193 propria
2668 3134 2817 3186 sunt,
2865 3126 3061 3189 secari,
3100 3134 3197 3177 aut
3231 3125 3313 3176 uri
3353 3141 3367 3177 :
3410 3125 3518 3178 alia

257 3218 452 3272 χοντα,
493 3197 768 3261 Ὡσαύτως
790 3199 845 3252 δὲ
871 3200 966 3253 καὶ
994 3198 1069 3270 τῷ
1101 3199 1323 3269 μεγάλῳ
1349 3198 1634 3267 Βασιλείῳ.
1669 3196 1838 3249 Ἀλλα

1948 3224 2262 3272 τοιοοειιιιι
2322 3215 2573 3284 corporis
2637 3214 2888 3281 anintati,
2954 3224 3015 3268 tit
3067 3214 3519 3270 delassari:alia

254 3293 513 3361 σώματος
543 3291 671 3355 ἴδια,
698 3285 810 3344 οἷον
848 3292 907 3344 τὸ
944 3290 1274 3361 τέμνεσθαι,
1306 3292 1339 3362 ἢ
1387 3291 1670 3345 καίεσθαιο
1703 3291 1835 3344 ἄλλα

253 3386 314 3438 δὲ
345 3385 597 3455 σώματος
622 3384 864 3455 ἐμψύχου
887 3425 902 3449 ,
932 3377 1042 3437 οἷον
1065 3385 1127 3437 τὸ
1158 3386 1355 3455 κοπιᾷν
1374 3399 1387 3414 ⁶
1419 3384 1553 3437 ἄλλα
1574 3384 1630 3438 δὲ
1659 3382 1837 3455 ψυχῆς

256 3473 478 3546 σώματι
504 3479 792 3547 χρωμένης
816 3513 832 3539 ,
857 3468 968 3529 οἷον
992 3476 1053 3528 τὸ
1091 3474 1413 3543 λυπεῖσθαι,
1440 3476 1499 3528 τὸ
1528 3477 1835 3548 ἀδημονεῖν,

261 3562 414 3638 άπερ
442 3569 570 3625 ἐστὶ,
585 3567 680 3620 τοῦ
706 3566 1113 3639 συναμφοτέρου
1139 3568 1280 3622 κατά
1304 3569 1651 3639 συνεκδρχήν.
1692 3568 1841 3621 Ἐλέ-

255 3657 366 3732 χθη
395 3657 452 3711 δὲ
492 3658 574 3724 τὸ,
606 3658 702 3727 Μὴ
738 3658 1150 3729 μεριμνήσητε
1200 3657 1275 3728 τῇ
1322 3658 1494 3729 ψυχῇ
1539 3659 1729 3731 ὑμῶν,
1785 3663 1841 3717 τι

259 3734 519 3821 gamus,
547 3749 585 3819 ἢ
612 3750 666 3804 τί
688 3751 884 3818 πίητε,
906 3751 1182 3803 τουτέστιν
1204 3750 1355 3805 αὐτοὶ
1386 3751 1562 3821 ὑμεῖς.
1613 3750 1841 3822 Ὁμοίως

260 3846 322 3910 δὲ
368 3846 465 3898 καὶ
503 3844 574 3898 τὰ
603 3843 765 3897 λοιπά
794 3844 894 3896 ὅσα
924 3845 990 3897 ἂν
1034 3844 1163 3913 περὶ
1194 3842 1383 3896 τούτου
1418 3844 1693 3913 διεξῆλθες
1717 3884 1732 3911 ,
1774 3843 1844 3900 τὰ

242 3938 543 4009 λεγόμενα
588 3938 729 3992 κατά
772 3937 1117 4008 συνεκδοχὴν,
1148 3938 1229 4000 είς
1268 3936 1361 3990 τὸν
1401 3940 1495 4006 τῆς
1526 3937 1845 4003 ἀντιδόσεως

265 4032 469 4102 τρόπον
498 4030 793 4100 μετέφερες
814 4068 829 4095 ,
857 4028 1081 4097 ἀμαθῶς
1108 4030 1198 4081 καὶ
1242 4029 1479 4098 ἀκρίτως
1510 4029 1700 4082 ποιῶν.
1734 4029 1845 4082 Καὶ

269 4118 439 4172 ταῦτα
469 4119 568 4187 μὲν
598 4120 725 4187 περὶ
753 4118 957 4170 τούτων
989 4109 1109 4169 ὧδε.

347 4209 440 4282 ιη’.
481 4210 649 4265 Πάλιν
697 4210 753 4263 δὲ
795 4212 851 4261 έν
880 4208 957 4279 τῷ
989 4207 1274 4280 γράμματι
1325 4224 1417 4260 σου
1446 4205 1632 4273 ὥσπερ
1658 4201 1867 4284 ἑαυτὸν⁴

269 4306 629 4362 ἀπαλλάττων
661 4304 1003 4375 ἐγκλήματος
1055 4302 1143 4356 διὰ
1184 4302 1245 4355 τὸ
1289 4303 1624 4372 γεγραφέναι
1659 4299 1804 4369 ἡμᾶς
1829 4336 1845 4363 ,

1942 3314 2158 3371 animae,
2188 3324 2307 3378 quae
2334 3323 2561 3377 corpore
2588 3307 2780 3372 utitur,
2816 3318 2870 3359 ut
2902 3306 3141 3369 tristitia,
3165 3314 3259 3360 aut
3283 3321 3521 3361 maerore

1938 3400 2100 3466 allici,
2120 3413 2242 3469 qua:
2269 3397 2558 3472 utriusque
2605 3411 2699 3465 per
2725 3396 3103 3466 synecdochen
3135 3404 3281 3450 sunt.
3306 3396 3518 3449 Dictum
3552 3448 3555 3451 .

1938 3509 2068 3550 vero
2095 3504 2196 3558 est,
2224 3491 2403 3546 Nolite
2426 3491 2641 3545 solliciti
2663 3506 2772 3543 esse
2801 3489 2994 3543 animm
3015 3499 3196 3542 vestrae
3211 3488 3335 3558 quid
3366 3505 3522 3543 man-

1939 3586 2163 3650 ducetis,
2198 3592 2289 3636 aut
2309 3581 2525 3649 bibatis,
2558 3582 2659 3636 hoc
2688 3590 2773 3635 est
2792 3596 2890 3634 vos
2914 3580 3038 3650 ipsi.
3068 3580 3331 3635 Similiter
3356 3584 3520 3637 etiam

1940 3694 2281 3749 quaecunque
2314 3677 2382 3732 de
2418 3676 2518 3731 hoc
2547 3675 2909 3740 disserueras,
2955 3688 3076 3742 qua;
3119 3689 3215 3745 per
3250 3676 3520 3746 synecdo-

1942 3770 2079 3825 chen
2127 3770 2271 3823 dicta
2314 3775 2461 3833 sunt,
2497 3767 2564 3822 ad
2630 3764 3010 3819 retributionis
3055 3765 3277 3819 modum
3327 3764 3522 3835 ignave

1943 3869 1997 3915 et
2063 3861 2199 3915 citra
2261 3858 2532 3928 judicium
2582 3856 2957 3913 transvexisti.
3014 3855 3081 3909 Et
3131 3854 3251 3912 haec
3299 3856 3519 3926 quidem

1944 3954 2011 4011 de
2036 3954 2125 4011 his
2164 3953 2320 4010 satis.

2019 4224 2105 4281 18.
2131 4223 2340 4278 Rursus
2366 4222 2418 4276 itt
2451 4220 2679 4292 epistola
2710 4228 2801 4275 tua
2863 4219 3211 4288 temetipsum
3237 4234 3266 4272 a
3290 4218 3524 4275 crimine

1947 4316 2217 4381 liberans,
2248 4314 2393 4384 quod
2436 4329 2535 4371 nos
2578 4312 2982 4381 scripserimus,
3023 4310 3070 4365 si
3108 4325 3270 4363 unam
3311 4319 3522 4363 tantum

261 4401 349 4456 ὅτι
392 4402 443 4454 εἰ
491 4400 621 4470 μίαν
668 4401 829 4468 φύσιν
862 4400 954 4451 ἐπὶ
1000 4394 1238 4468 Χριστοῦ
1283 4395 1569 4462 δοξάζετε,
1604 4392 1848 4462 συμϐαίη

1950 4408 2003 4471 in
2053 4406 2272 4461 Christo
2322 4414 2573 4463 naturam
2612 4402 2879 4468 statuitis,
2912 4403 3216 4469 continget,
3250 4409 3345 4455 aut
3383 4401 3523 4455 divi-

270 4496 362 4557 ἂν,
394 4493 429 4564 ἢ
464 4491 613 4544 Θείαν
659 4490 820 4560 μόνον
861 4487 1066 4559 ταύτην
1107 4482 1279 4553 εἶναι,
1318 4486 1353 4556 ἢ
1400 4482 1767 4555 ἀνθρωπίνην,
1814 4482 1847 4555 ἢ

1951 4513 2076 4552 nam
2106 4505 2315 4553 tantum
2359 4511 2479 4551 eam
2513 4509 2654 4560 esse,
2684 4503 2779 4549 aut.
2813 4496 3127 4558 humanam,
3161 4500 3257 4547 aut.
3281 4491 3523 4545 divinam

271 4583 714 4658 μεταϐεϐλῆσθαι
743 4582 843 4653 τὴν
889 4581 1038 4634 θείαν
1070 4582 1147 4646 εἰς
1193 4579 1292 4652 τὴν
1320 4578 1606 4649 ἀνθρώπου
1632 4616 1646 4643 ,
1681 4576 1716 4648 ἢ
1746 4577 1842 4647 τὴν

1954 4590 2005 4645 iit
2055 4590 2351 4644 humanam
2402 4588 2743 4643 immutatam
2791 4586 2985 4650 fuisse,
3019 4593 3116 4639 aut
3150 4585 3443 4639 humanam
3470 4585 3555 4636 in.

267 4673 559 4746 ἀνθρώπου
596 4673 676 4737 εις
706 4673 804 4743 τὴν
853 4670 1023 4734 θείαν,
1069 4671 1100 4743 ἢ
1151 4670 1405 4725 συνθέτου
1455 4670 1583 4739 μιᾶς
1630 4668 1845 4737 φύσεως

274 4768 430 4832 ὄντος
455 4766 549 4821 τοῦ
576 4764 816 4838 Χριστοῦ
834 4805 849 4831 ,
875 4763 1194 4835 σωζομένων
1221 4762 1460 4834 δηλονότι
1488 4762 1596 4815 τῶν
1632 4760 1844 4830 φύσεων

271 4860 691 4932 ἀμεταϐλήτων,
737 4858 953 4928 ἀνάγκη
992 4856 1087 4909 καὶ
1139 4855 1230 4909 τοῦ
1276 4856 1487 4927 Πατρδς
1538 4854 1634 4924 τὴν
1686 4853 1848 4922 φύσιν

274 4940 533 5006 σύνθετον
560 4949 697 5004 εἶναι
719 4991 733 5016 ,
757 4948 846 5003 διὰ
869 4948 927 5002 τὸ
963 4947 1057 5000 καὶ
1101 4946 1240 5017 μετά
1269 4947 1365 5018 τὴν
1415 4948 1606 4999 ἕνωσιν
1632 4946 1847 5017 ὁμοφυῆ

278 5048 372 5101 καὶ
400 5045 686 5115 ὁμοούσιον
725 5039 863 5095 εἶναι
904 5042 993 5094 τὸν
1024 5040 1256 5110 Χριστὸν
1286 5040 1421 5109 μετά
1461 5037 1553 5090 τοῦ
1592 5037 1725 5090 Θεοῦ
1757 5038 1849 5090 καὶ

275 5139 513 5210 Πατρὸς,
538 5139 632 5190 καὶ
663 5136 756 5190 τοῦ
804 5135 961 5204 ἁγίου
994 5131 1309 5203 Πνεύματος
1329 5118 1349 5197 ,Ἴ
1377 5130 1410 5201 ἢ
1446 5130 1521 5200 μὴ
1553 5126 1690 5182 εἶναι
1720 5131 1852 5197 ομο-

278 5236 389 5306 φυῆ
432 5235 528 5288 καὶ
566 5231 850 5304 ὁμοούσιον
890 5229 984 5283 τοῦ
1021 5225 1155 5279 Θεοῦ
1196 5225 1291 5278 καὶ
1324 5223 1538 5294 Πατρὸς
1581 5226 1672 5277 τὸν
1704 5223 1849 5291 Υἱὸν,

276 5328 371 5380 καὶ
403 5324 542 5395 μετά
575 5324 675 5393 τὴν
712 5324 924 5375 ἕνωσιν·
955 5320 1051 5374 καὶ
1084 5319 1254 5372 πολλὰ
1292 5318 1467 5371 ἄτοπα
1496 5316 1635 5386 τάχα
1666 5316 1730 5370 ἄν
1764 5335 1848 5379 τις

278 5421 342 5471 ὲκ
392 5416 549 5470 τοῦδε
592 5415 686 5469 τοῦ
723 5416 881 5485 λόγου
936 5410 1192 5476 συνάξει,
1247 5409 1407 5473 αὐτὸς
1452 5409 1551 5480 τὴν
1595 5409 1850 5479 τοιαύτην

279 5512 499 5586 γραφὴν
555 5511 745 5582 ὥσπερ
797 5509 1226 5580 ἀποθαυμάζων,
1296 5507 1392 5561 καὶ
1448 5505 1642 5561 ἑαυτὸν
1692 5505 1849 5569 ἐκτὸς

281 5606 628 5677 ἐγκλήματος
658 5603 918 5659 συνιστῶν
945 5597 1047 5681 ᾧδέ
1089 5619 1166 5673 πη
1202 5600 1433 5673 γράφεις
1455 5614 1470 5629 ο
1514 5598 1852 5668 Ἑθαύμασα

283 5700 415 5768 περὶ
458 5680 547 5754 ὧν
600 5697 870 5768 ἔγραψας
904 5680 972 5752 ἐν
1020 5693 1099 5762 τῷ
1144 5694 1437 5766 γράμματι
1486 5693 1695 5759 τούτῳ.
1743 5693 1854 5749 Καὶ

349 5877 376 5911 ⁸
397 5878 588 5937 Matth.
616 5894 689 5947 γι,
719 5874 810 5933 25.

1952 4682 2192 4737 divinam
2239 4700 2255 4737 :
2304 4680 2387 4736 vel
2436 4680 2755 4751 composita;
2792 4679 2957 4734 unius
3005 4688 3214 4732 naturae
3275 4693 3398 4731 cum
3456 4677 3526 4730 sit

1953 4774 2224 4841 Christus,
2278 4788 2385 4828 non
2433 4772 2677 4828 alteratis
2734 4773 2999 4827 duntaxat
3049 4772 3279 4835 naturis,
3306 4786 3529 4825 necesse

1955 4864 2119 4923 fuerit
2175 4872 2229 4918 et
2280 4861 2458 4921 Patris
2489 4871 2738 4918 naturam
2775 4860 3139 4930 compositam
3184 4874 3304 4914 esse
3338 4878 3351 4913 :
3383 4858 3527 4928 quod

1956 4956 2119 5010 etiam
2167 4961 2287 5022 post
2317 4954 2572 5008 unionem
2614 4952 2860 5021 ejusdem
2921 4962 3131 5006 natura:
3167 4959 3225 5005 et
3274 4951 3528 5004 essentia!

1942 5062 2076 5117 cum
2112 5046 2246 5111 Deo,
2275 5054 2329 5099 et
2353 5045 2530 5109 Patre,
2560 5052 2613 5099 et
2643 5043 2845 5112 Spiritu
2889 5052 3082 5099 sancto
3124 5042 3375 5097 Christus
3408 5041 3478 5095 sit
3509 5054 3525 5095 ξ

1957 5146 2051 5192 aut
2078 5152 2187 5191 non
2214 5151 2336 5191 esse
2365 5122 2610 5206 ejusdem
2645 5146 2855 5193 natura:
2902 5144 2957 5191 et
2986 5135 3234 5189 essentia:
3259 5148 3383 5188 cum
3422 5133 3530 5186 Deo

1955 5238 2009 5283 ct
2038 5228 2196 5282 Patre
2220 5227 2418 5281 Filiutn
2450 5228 2611 5282 etiam
2649 5237 2770 5296 post
2812 5226 3103 5292 unionem;
3133 5234 3187 5285 et
3222 5225 3391 5283 multa
3424 5224 3529 5278 alia

1956 5320 2191 5375 absurda
2248 5320 2388 5374 alius
2432 5334 2495 5374 ex
2534 5318 2636 5374 hac
2671 5319 2917 5373 oratione
2966 5318 3019 5375 in
3070 5334 3239 5373 unum
3294 5316 3528 5384 colliget.

1957 5413 2089 5477 lloc,
2108 5413 2355 5485 inquam,
2379 5413 2586 5482 scripto
2605 5412 2767 5467 veluti
2797 5413 2853 5467 in
2877 5412 3294 5468 admirationem
3322 5420 3531 5480 raptus,

1959 5513 2163 5573 tequea
2184 5503 2414 5559 crimine
2445 5503 2748 5557 immunem
2776 5502 3162 5572 comprobatus,
3192 5501 3265 5555 ita
3294 5499 3492 5561 scribis
3517 5514 3531 5552 :
3558 5526 3567 5541 ι

1958 5593 2317 5669 Admirationi
2346 5594 2475 5647 mihi
2510 5594 2749 5664 fuerunt,
2781 5608 2900 5663 qua
2929 5593 3051 5646 huic
3088 5593 3284 5662 scripto
3315 5592 3535 5645 commi-

1959 5704 2104 5745 seras
2158 5703 2178 5744 :
2220 5696 2275 5746 et
2321 5694 2448 5759 post
2480 5702 2652 5759 pauca
2694 5705 2708 5743 :
2761 5685 2971 5743 Etenim
3009 5685 3197 5765 tsi-nos
3261 5685 3561 5754 εοηιιιεαυι
