3994 6652
415 448 525 518 εισι

1672 439 1968 504 ΝῙΟΕἹἹΕ
1999 435 2407 501 ΒῩΖΑΝΤΙΝῙ

3580 436 3688 503 648

416 560 712 616 mistionem
728 556 950 613 dicimus
978 556 1033 613 in
1063 556 1265 615 Christi
1293 555 1523 621 naturis,
1553 552 2000 627 quemadmodum

2133 552 2247 607 ιετὰ
2283 551 2525 625 βραχὲα’
2582 549 2726 605 Ἐὰν
2754 547 2864 621 γὰρ
2904 549 3077 620 ἡμεῖς
3106 550 3498 621 πεφυρμένην
3533 553 3699 619 μίξιν

416 670 560 723 aqua
606 661 656 706 et
689 652 872 707 vinum
907 650 1163 721 permista
1211 650 1427 705 omnino
1479 647 1702 718 confusa
1748 654 1904 710 sunt;
1931 644 2009 699 vel

418 754 475 799 ut
525 746 581 799 in
632 745 944 816 confiatorio
1000 742 1133 813 ignis
1182 757 1396 806 aurum,
1459 748 1510 795 et
1559 746 1834 810 argentum
1888 737 2010 807 fusa

419 837 625 905 penitus
662 834 1089 903 confunduntur,
1119 849 1221 886 non
1250 831 1529 886 dissideret
1558 830 1771 883 omnino
1807 828 1871 882 ab
1902 827 2008 891 Itis,

418 940 538 995 qua:
579 925 825 978 dicimus.
870 920 931 977 Si
984 937 1102 975 vero
1167 919 1230 973 ab
1285 920 1367 974 his
1420 918 1841 988 disjunctissima
1894 926 2006 981 est,

418 1033 579 1088 quam
612 1032 705 1069 nos
734 1030 980 1069 vocamus
1011 1013 1306 1067 mistionem
1341 1010 1493 1065 Verbi
1516 1010 1611 1066 Dei
1641 1026 1761 1065 cum
1795 1010 2009 1079 proprio

418 1124 655 1179 corpore,
689 1106 1131 1177 quemadmodum
1163 1106 1339 1160 lumen
1368 1120 1488 1159 cum
1520 1104 1696 1166 radio,
1728 1102 1833 1156 sive
1872 1101 2010 1172 ignis

418 1218 537 1254 cum
594 1216 746 1265 auro,
790 1199 898 1253 sive
929 1198 1150 1268 spiritus
1211 1212 1331 1250 cum
1386 1210 1600 1265 corpore
1650 1194 1790 1247 citra
1842 1191 2012 1245 ullam

418 1286 840 1346 immutationem
895 1298 943 1344 et
1007 1290 1433 1359 separationem,
1498 1286 1760 1341 immerito
1841 1284 2007 1354 igitur

421 1386 572 1439 nobis
606 1384 840 1440 convitia
881 1384 1146 1453 ingeritis,
1170 1382 1447 1452 justitiam
1483 1380 1868 1443 conculcantes,
1903 1386 2009 1432 etc.

422 1477 490 1531 Et
518 1476 586 1530 ad
641 1476 783 1531 hanc
819 1485 1137 1530 naturarum
1177 1475 1438 1529 unionem
1494 1469 1841 1526 inconfusam
1883 1484 2014 1523 con-

2115 646 2383 718 λέγωμεν
2403 646 2491 712 είς
2527 644 2635 711 τὰς
2662 643 2771 699 τοῦ
2817 643 3074 713 Χριστοῦ
3119 645 3337 714 φύσεις
3355 685 3370 707 ,
3400 642 3604 715 ὥσπερ
3631 644 3699 702 τὸ

2116 741 2275 810 ὔδωρ
2308 739 2458 811 μετὰ
2484 738 2589 794 τοῦ
2618 738 2789 793 οἵνου
2811 737 3061 808 μιγέντα
3090 736 3322 801 πάντως
3350 736 3440 792 ὅτι
3472 754 3703 807 πεφυρ-

2112 830 2289 902 μέναι
2333 828 2527 895 εἰσὶν,
2583 828 2622 897 ἢ
2661 828 2864 898 ὥσπερ
2906 828 3006 881 ἐπὶ
3053 828 3459 897 χωνευτηρίου
3512 829 3703 895 πυρὸς

2116 923 2351 993 χρυσὸς
2397 922 2552 991 λέγω
2603 921 2699 974 καὶ
2736 921 2974 989 ἄσημος
3012 922 3414 989 χωνευόμενοι
3464 921 3705 986 πάντως

2118 1010 2217 1065 καὶ
2259 1011 2574 1080 φύρονται,
2613 1005 2779 1078 εἶχεν
2807 1008 2884 1063 ἂν
2931 1008 3250 1077 ὁμοιότητα
3298 1001 3384 1061 ὧν
3414 996 3703 1077 λέγομεν.

2117 1106 2187 1159 El
2208 1103 2277 1158 es
2301 1104 2524 1169 ἔξωθεν
2546 1104 2773 1157 τούτων
2791 1100 2980 1166 ἐστίν,
3012 1099 3091 1168 ἢν
3113 1100 3381 1171 ,λέγωμεν
3400 1100 3569 1170 μίξιν
3597 1101 3705 1155 τοῦ

2118 1198 2313 1267 Λόγου
2345 1196 2453 1250 τοῦ
2489 1194 2639 1249 Θεοῦ
2673 1195 2825 1264 μετὰ
2850 1191 2957 1248 τοῦ
2984 1192 3141 1248 ἰδίου
3174 1192 3471 1261 σώματος,
3502 1192 3706 1262 ὥσπερ

2117 1286 2244 1359 φῶς
2274 1287 2432 1360 μετὰ
2469 1287 2581 1357 τῆς
2614 1286 2880 1352 ἀκτῖνος,
2944 1285 3215 1359 sltem?!)
3238 1287 3390 1355 μετὰ
3426 1285 3533 1340 τοῦ
3563 1303 3710 1354 χρυ-

2118 1383 2272 1450 σοῦ,
2308 1383 2347 1453 ἢ
2388 1382 2626 1452 πνεῦμα
2685 1381 2837 1450 μετά
2880 1380 2987 1435 τοῦ
3034 1378 3305 1449 σώματος
3355 1378 3711 1448 ἀπαραλλά-

2120 1492 2275 1542 κτως
2289 1474 2386 1528 καὶ
2410 1473 2757 1544 ἁχωρίστως
2781 1510 2796 1537 ,
2832 1470 3051 1527 λοιπὸν
3072 1471 3291 1538 ἀδίκως
3317 1468 3474 1540 ἡμᾶς
3503 1470 3708 1525 λοιδο-

423 1566 831 1632 stabiliendam,
865 1565 1189 1635 Gregorium
1216 1564 1555 1634 Tlieologum
1616 1570 1671 1617 et
1700 1571 2012 1617 consortem

2133 1566 2295 1630 Dcite,
2340 1564 2831 1629 καταπατοῦντες
2876 1562 2993 1631 τὴν
3033 1562 3456 1629 δικαιοσύνην,
3507 1562 3600 1614 καὶ
3641 1560 3713 1615 τά

425 1658 596 1725 illius,
626 1658 1071 1729 concordemque
1096 1658 1261 1712 alium
1296 1656 1771 1725 Thaumaturgum
1810 1653 2017 1723 Grego-

424 1752 569 1807 rium
616 1752 670 1807 id
727 1750 875 1806 idem
918 1760 1259 1806 asserentem
1306 1746 1553 1804 adducis.
1587 1745 1656 1801 Et
1694 1759 1795 1800 nos
1826 1745 1881 1799 in
1915 1744 2017 1799 hoc

428 1844 547 1900 solo
600 1843 983 1900 convenimus.
1019 1841 1112 1897 Sic
1149 1839 1351 1896 videris
1398 1839 1621 1910 quidem
1677 1836 2019 1894 criminatio-

2121 1657 2268 1727 ἑξῆς.
2320 1657 2431 1710 Kal
2475 1655 2805 1710 ἑπιὸεδαιῶν
2832 1654 2931 1726 τὴν
2974 1654 3283 1724 ἀσύγχυτον
3330 1652 3438 1707 τῶν
3492 1652 3713 1723 φύσεων

2120 1748 2337 1811 ῑνωσιν,
2367 1747 2779 1819 προκεκόμικας
2811 1744 3111 1816 Γρηγόριον
3150 1744 3244 1798 τὸν
3268 1742 3529 1813 Θεολόγον
3552 1743 3714 1797 τοῦτο

2123 1839 2259 1893 αὐτὸ
2307 1840 2587 1909 φάσκοντα
2611 1878 2627 1905 ,
2658 1838 2755 1892 καὶ
2790 1837 2883 1892 τὸν
2914 1837 3165 1909 ὁμοταγῆ
3210 1835 3378 1892 αὑτοῦ
3432 1838 3528 1890 καὶ
3575 1836 3710 1907 όμό-

429 1951 554 1992 nem
612 1934 874 2005 effugere,
905 1933 1051 2004 quod
1082 1932 1363 1989 existimes
1407 1933 1572 1988 unius
1617 1941 1828 1987 natura:
1854 1933 2014 1986 unio-

2133 1947 2296 1998 ρρονα
2359 1931 2659 2002 Γρηγόριον
2722 1929 2814 1983 τὸν
2866 1928 3318 2000 Θαυματουργόν.
3373 1929 3553 2001 Ὅπερ
3611 1927 3711 1983 καὶ

431 2043 555 2084 nem
600 2029 653 2083 in
695 2026 915 2084 Christo
945 2026 1154 2097 absque
1179 2025 1506 2081 confusione
1572 2024 1745 2081 fuisse
1792 2023 2014 2089 factam,

429 2135 595 2190 quam
642 2130 696 2175 et
729 2118 1022 2190 proﬁteris.
1051 2117 1156 2174 Per
1185 2134 1250 2175 ea
1286 2119 1471 2190 itaque
1503 2134 1625 2190 qum
1657 2118 1773 2189 ipse
1793 2120 2019 2174 confite-

429 2214 508 2269 iis
541 2222 597 2268 et
641 2212 861 2279 scribis,
904 2221 1114 2267 tantum
1140 2213 1316 2277 abest,
1368 2220 1429 2268 ut
1455 2211 1723 2268 maculas
1752 2222 2020 2281 notasque

430 2305 654 2372 evadas,
745 2314 806 2359 ut
892 2304 1077 2375 potius
1157 2305 1267 2359 tuis
1370 2284 1484 2374 ipse
1562 2303 1665 2358 alis
1763 2303 2018 2374 capiaris.

431 2397 590 2462 Quod
654 2411 723 2452 ex
785 2396 871 2452 his
952 2404 1202 2467 apertum
1286 2394 1750 2465 manifestumque
1834 2393 2020 2449 fuerit.

434 2490 613 2545 Omne
641 2488 1012 2559 compositum
1040 2502 1205 2567 unam
1235 2494 1489 2542 naturam
1519 2485 1759 2542 ciliciens
1776 2500 1842 2542 ex
1870 2500 2023 2541 com—

436 2582 745 2651 positione,
807 2589 904 2636 aut
959 2581 1299 2636 immistiune
1323 2620 1339 2647 ,
1396 2589 1490 2635 aut
1541 2579 1868 2635 confusione
1891 2617 1906 2644 ,
1930 2588 2026 2634 aut

433 2674 641 2729 unione
689 2672 979 2729 inconfusa
1030 2672 1168 2729 effici
1226 2671 1462 2728 dicimus
1509 2715 1523 2728 .
1572 2671 1937 2739 immistione,
1968 2680 2028 2727 ut

436 2771 687 2817 nostrum
720 2776 942 2832 corpus,
967 2770 1023 2818 et
1050 2763 1157 2817 alia
1184 2777 1408 2833 quoque
1453 2762 1689 2831 ratione,
1716 2763 1810 2819 sed
1854 2763 2027 2832 potis-

430 2854 663 2918 simum,
711 2852 860 2924 quod
907 2867 971 2909 ex
1008 2863 1246 2924 quatuor
1289 2854 1578 2911 elementis
1637 2869 1808 2910 unum
1861 2854 2026 2927 quid,

437 2945 714 3018 uniusque
752 2956 963 3001 natura
1002 2946 1280 3013 eﬁ‘ectum,
1313 2955 1369 3002 et
1436 2947 1847 3019 corruptionem
1898 2962 2026 3018 par-

372 3106 379 3113 .
438 3039 608 3104 tibus,
635 3053 759 3109 quae
787 3048 1166 3095 convenerunt
1192 3039 1247 3094 in
1284 3038 1487 3111 unione
1510 3039 1688 3111 passis
1720 3040 1823 3095 hoc
1855 3049 2028 3094 totum

438 3131 799 3186 constitutum
859 3139 978 3196 est;
1037 3145 1160 3201 qua:
1210 3145 1389 3201 neque
1451 3131 1679 3187 omnino
1735 3146 1764 3185 a
1810 3129 2031 3201 propria

438 3229 671 3290 natura,
725 3236 852 3277 cum
908 3222 1285 3290 conveniunt,
1331 3224 1597 3279 recedunt

2120 2022 2283 2093 ἡμεῖς
2314 2024 2371 2076 ὲν
2399 2022 2574 2094 τούτῳ
2633 2019 3035 2092 συμφωνοῦμεν
3075 2018 3256 2090 μόνον.
3283 2019 3377 2073 Διὸ
3401 2020 3579 2084 δοκεῖς
3610 2021 3713 2090 μὲν

2119 2112 2401 2184 διαδρᾶναι
2423 2114 2551 2177 τοὺς
2578 2113 2865 2183 ἐλέγχους,
2889 2110 2956 2165 δι’
2980 2104 3057 2165 ὧν
3085 2111 3186 2165 οῐει
3205 2110 3304 2181 τῆς
3336 2112 3466 2182 μιᾶς
3495 2112 3712 2181 φύσεως

2121 2204 2222 2276 τὴν
2252 2205 2448 2258 ἕνωσιν
2486 2206 2586 2276 τὴν
2617 2205 2712 2258 ἐπὶ
2746 2202 2984 2275 Χριστοῦ
3029 2202 3160 2258 ἄνευ
3201 2202 3517 2273 συγχύσεως
3544 2219 3710 2273 γεγε-

2123 2296 2338 2368 νῆσθαι,
2374 2297 2440 2367 ἢν
2472 2297 2566 2350 καὶ
2592 2296 2899 2367 ὁμολογεῖς,
2931 2295 3030 2366 οὐχ
3063 2295 3265 2366 ἥκιστα
3294 2294 3352 2348 δὲ
3383 2294 3451 2349 δι’
3476 2289 3551 2350 ὧν
3575 2297 3715 2366 γρά·

2124 2407 2247 2463 φεις
2274 2391 2401 2455 τοὺς
2427 2390 2686 2459 ἐλέγχους
2727 2388 2973 2459 ὲκφεύγῃ
2998 2430 3012 2455 ,
3049 2387 3250 2457 μᾶλλον
3275 2385 3334 2442 δὲ
3363 2388 3477 2453 τοῖς
3507 2389 3708 2443 ἑαυτοῦ

2126 2485 2354 2555 πτεροῖς
2400 2482 2707 2555 φωραθήσῃ
2757 2479 3137 2552 ἁλισκόμενος.
3179 2480 3291 2535 Kal
3348 2479 3509 2535 τοῦτο
3554 2481 3715 2552 δῆλον

2125 2574 2398 2630 ἐντεῦθεν·
2439 2574 2554 2627 Πᾶν
2585 2573 2647 2626 τὸ
2673 2572 3058 2643 συντιθέμενον
3082 2570 3213 2643 μίαν
3235 2570 3396 2641 φύσιν
3420 2571 3716 2628 ἀποτελοῦν

2127 2670 2193 2723 ὲκ
2218 2669 2318 2740 τῆς
2346 2666 2649 2733 συνθέσεως
2674 2706 2689 2733 ,
2717 2667 2752 2739 ἢ
2777 2666 2918 2721 κατὰ
2944 2666 3163 2738 κρᾶσιν,
3194 2664 3312 2737 ἦτοι
3342 2667 3486 2721 κατὰ
3508 2666 3714 2738 σύγχυ-

2129 2776 2214 2815 σιν
2239 2759 2397 2814 τοῦτο
2432 2758 2685 2830 φαίνεται
2729 2760 3038 2831 γινόμενον,
3067 2760 3103 2832 ἢ
3151 2758 3273 2813 καθ’
3304 2761 3499 2815 ἕνωσιν
3541 2760 3714 2829 ἀσύγ-

2129 2868 2309 2924 χυτον.
2354 2853 2464 2906 Καὶ
2504 2852 2647 2906 κατὰ
2679 2852 2876 2922 κρᾶσιν
2918 2854 3041 2924 μὲν,
3074 2849 3187 2911 οἷον
3225 2854 3297 2910 τὰ
3339 2855 3586 2926 ἡμέτερα
3614 2853 3720 2907 σώ-

2133 2962 2301 3017 ματα.
2331 2945 2445 3000 Kal
2470 2944 2599 2999 ἄλλο
2625 2945 2709 3000 ὅτι
2734 2945 2831 2999 καὶ
2875 2945 3128 3001 πλεῖστον
3157 2949 3222 3001 ὲκ
3256 2947 3542 3018 τεσσάρων
3572 2963 3718 3001 στοι-

2131 3036 2295 3109 χείων
2324 3036 2385 3090 ἓν
2428 3052 2485 3089 τι
2526 3036 2620 3091 καὶ
2652 3037 2781 3107 μιᾶς
2811 3036 3027 3106 φύσεως
3072 3037 3527 3109 ἀποτελούμενον,
3576 3038 3719 3108 σύμ-

2132 3130 2370 3201 φθαρσιν
2408 3129 2517 3185 τῶν
2556 3128 2921 3184 συνελθόντων
2962 3129 3146 3202 μερῶν
3188 3131 3249 3185 ὲν
3290 3133 3357 3202 τῇ
3400 3128 3595 3184 ὲνὼσει
3622 3146 3723 3182 πε-

1651 3242 1667 3279 :
1728 3234 1842 3279 tum
1882 3224 2029 3280 enim
2070 3284 2103 3291 _
2133 3219 2429 3286 πονθότων,
2484 3220 2546 3274 τὸ
2585 3219 2706 3274 ὅλον
2754 3221 3105 3291 συνέστηκεν,
3150 3221 3188 3277 ἃ
3228 3220 3354 3275 οὔτε
3400 3221 3579 3290 πάντη
3623 3221 3725 3291 τῆς

439 3313 795 3384 compositio,
854 3329 980 3385 qua:
1017 3325 1415 3383 convenerunt,
1470 3316 1705 3387 partium
1752 3316 1918 3383 unio,
1983 3316 2030 3372 si

2133 3315 2341 3379 οἰκείας
2382 3284 2599 3384 φύσεως
2639 3314 2698 3370 ὲν
2734 3312 2812 3384 τῷ
2860 3284 3137 3369 συνελθείν
3184 3313 3301 3386 ἅμα
3332 3284 3642 3385 ἐξέστηκεν
3679 3284 3722 3383 ’ἢ

433 3407 659 3474 penitus
705 3418 1155 3477 corrumpantur,
1186 3408 1385 3463 merito
1429 3424 1540 3463 non
1581 3410 1890 3477 vocabitur,
1940 3409 2036 3465 sed

440 3497 497 3548 in
532 3495 722 3565 aliquo
761 3498 1061 3568 corrumpi,
1099 3499 1153 3554 in
1188 3500 1374 3570 aliquo
1415 3501 1730 3556 conservari
1764 3501 2036 3556 videbun-

438 3598 550 3642 tur.
586 3587 743 3653 Quod
772 3603 904 3644 vero
940 3606 1008 3645 ex
1039 3591 1192 3648 hisce
1220 3601 1396 3647 totum
1436 3593 1496 3649 fit
1535 3608 1601 3649 ex
1670 3604 1751 3650 tot
1789 3595 2036 3666 quidem.

442 3694 568 3749 qua:
613 3689 1013 3749 convenerunt,
1056 3682 1281 3749 dicitur,
1317 3684 1372 3739 in
1421 3685 1531 3742 illis
1598 3701 1728 3742 vero
1764 3688 2042 3757 tantisque

443 3785 570 3839 qua:
604 3778 728 3825 actu
776 3771 926 3825 nulla
957 3782 1111 3839 sunt,
1144 3776 1363 3845 proprie
1402 3791 1513 3832 non
1554 3777 1828 3845 dicentur,
1852 3778 1957 3833 nisi
1989 3778 2041 3834 id

444 3862 651 3932 aliquis
708 3863 913 3920 virtute
960 3866 1127 3921 dicat.
1159 3866 1225 3922 Et
1257 3879 1507 3925 nostrum
1538 3885 1761 3941 corpus,
1791 3879 1851 3927 ut
1879 3882 2039 3927 antea

444 3955 710 4019 diximus,
738 3970 804 4010 ex
838 3965 1080 4026 quatuor
1105 3958 1394 4016 elementis
1416 3975 1513 4031 per
1531 3961 1919 4018 immistionem
1948 3969 2043 4018 aut

442 4046 825 4103 confusionem
859 4048 1087 4117 factum,
1130 4065 1197 4106 ex
1231 4061 1472 4121 quatuor
1500 4053 1721 4125 quidem
1758 4070 1880 4110 esse
1907 4054 2043 4111 dici-

451 4149 564 4206 tur,
598 4140 653 4195 in
699 4151 941 4212 quatuor
993 4152 1199 4210 autem,
1229 4154 1325 4200 aut
1380 4155 1621 4216 quatuor
1667 4148 1868 4203 virtute
1898 4162 2039 4213 esse,

447 4247 734 4299 nunquam
767 4248 898 4289 vero
941 4244 1068 4291 actu
1119 4236 1353 4293 dicetur.
1398 4237 1505 4294 Sed
1569 4254 1770 4311 corpus
1825 4253 2044 4311 quoque

447 4324 574 4380 licet
598 4337 875 4382 asseratur
892 4327 1093 4384 habere
1120 4339 1356 4400 quatuor
1378 4331 1669 4399 elementa,
1704 4333 1853 4388 nullo
1883 4333 2045 4388 modo

446 4413 629 4483 ipsum
679 4416 925 4485 ejusdem
981 4426 1194 4472 natura;
1245 4428 1301 4474 et
1349 4420 1605 4475 cssentiae
1668 4434 1794 4476 cum
1850 4421 1939 4486 iis,
1975 4436 2038 4475 ex

448 4507 651 4576 quibus
673 4510 1041 4578 compositum
1072 4518 1179 4574 est,
1212 4510 1425 4566 dicetur
1459 4530 1475 4566 :
1508 4512 1656 4582 quod
1694 4512 1845 4567 nullo
1874 4513 2039 4568 modo

2137 3405 2245 3479 γὰρ
2283 3406 2351 3461 ἂν
2380 3405 2501 3460 οὐδὲ
2525 3404 2777 3470 σύνθεσις
2803 3406 2836 3476 ἡ
2868 3405 3065 3471 ἓνωσις
3089 3406 3199 3461 τῶν
3228 3404 3592 3461 συνελθόντων
3622 3422 3720 3477 με-

2139 3498 2249 3569 ρῶν
2297 3498 2475 3569 πάντη
2526 3497 2900 3569 φθειρομένων
2940 3497 3165 3563 δικαίως
3213 3498 3281 3554 av
3327 3498 3421 3552 καὶ
3459 3498 3725 3569 κληθείη,

2137 3589 2253 3645 ἀλλ’
2291 3588 2383 3643 ὲπί
2410 3607 2465 3643 τι
2496 3588 2596 3661 μὲν
2623 3589 2767 3657 δόξει
2821 3588 3160 3661 φθείρεσθαι,
3184 3590 3276 3643 έπί
3300 3606 3353 3643 τι
3377 3588 3434 3643 δὲ
3464 3589 3727 3659 φυλάττε-

2140 3682 2286 3736 σθαι.
2318 3682 2391 3736 Τὸ
2421 3682 2479 3736 δὲ
2523 3683 2588 3736 ὲκ
2619 3682 2790 3736 τῶνδε
2836 3681 2959 3737 ὅλον
2982 3672 3268 3755 γινόμενον
3312 3682 3378 3736 ὲκ
3420 3682 3596 3737 τόσων
3628 3683 3726 3755 μὲν

2137 3775 2247 3831 τῶν
2274 3774 2635 3829 συνελθόντων
2657 3759 2899 3844 λέγεται,
2924 3775 2983 3829 ὲν
3006 3775 3238 3840 ἐκείνοις
3266 3775 3345 3841 δὲ,
3371 3775 3404 3847 ἢ
3426 3775 3610 3840 τόσοις
3638 3776 3725 3830 οὐ·

2138 3866 2327 3938 δαμῶς
2371 3866 2623 3938 ἐνεργείᾳ
2661 3866 2781 3921 οὖσι
2815 3866 3022 3939 κυρίως
3065 3866 3399 3939 ῥηθήσεται,
3441 3867 3491 3921 εί
3537 3868 3727 3939 μήτις

2139 3958 2301 4013 τοῦτο
2345 3958 2573 4030 δυνάμει
2619 3958 2788 4014 εῐποι.
2837 3960 2948 4014 Kal
2993 3958 3056 4013 τὸ
3095 3960 3367 4031 ἡμέτερον
3413 3958 3611 4030 σῶμα,
3653 3957 3726 4023 ὡς

2142 4049 2484 4122 προέφημεν,
2520 4050 2601 4104 Δἐκ
2644 4051 2927 4122 τεσσάρων
2978 4051 3260 4121 στοιχείων
3313 4050 3457 4106 κατὰ
3507 4053 3723 4122 κρᾶσιν,

2142 4142 2262 4213 ἢτοι
2306 4141 2451 4197 κατὰ
2497 4141 2760 4213 σύγχυσιν
2809 4140 3126 4212 γενόμενον,
3180 4143 3246 4196 ἐκ
3294 4143 3579 4213 τεσσάρων
3628 4142 3726 4212 μὲν

2142 4230 2283 4289 εἶναι
2310 4234 2565 4304 λέγεται,
2592 4236 2650 4289 ὲν
2692 4233 2918 4305 τέτρασι
2952 4233 3008 4288 δὲ
3028 4273 3044 4301 ,
3074 4234 3108 4305 ἢ
3138 4234 3379 4306 τέσσαρα
3401 4229 3541 4289 εἶναι
3570 4235 3727 4289 δυνά-

2146 4343 2238 4399 μει
2265 4327 2623 4399 λεχθήσεται,
2654 4326 2906 4399 ἐνεργείᾳ
2935 4326 2991 4380 δὲ
3015 4326 3115 4380 οὐκ
3141 4327 3208 4381 ἂν
3239 4326 3454 4398 ῥηθείη,
3487 4330 3585 4381 καὶ
3605 4325 3727 4380 οὒτε

2143 4420 2205 4474 τὸ
2226 4420 2407 4490 σῶμα,
2441 4420 2489 4474 εί
2519 4420 2615 4473 καὶ
2637 4419 2855 4487 λέγεται
2883 4418 3026 4489 ἔχειν
3051 4418 3292 4491 τέσσαρα
3326 4423 3588 4490 στοιχεῖαο
3614 4418 3727 4473 ἀλλ’

2144 4512 2395 4584 οὐδαμῶς
2423 4511 2548 4566 οὔτε
2578 4512 2711 4566 αὐτὸ
2752 4513 2993 4582 όμοφυὲς
3034 4513 3128 4565 καὶ
3166 4511 3452 4583 όμοούσιον
3499 4512 3635 4583 πρὸς
3663 4510 3729 4564 τὰ

452 4605 631 4652 totum
662 4600 1105 4655 convenientium
1140 4602 1377 4671 partium
1406 4603 1459 4657 in
1492 4606 1913 4676 compositione,
1945 4622 2030 4662 ne-

2144 4609 2204 4675 έξ
2228 4602 2304 4664 ὧν
2343 4608 2601 4680 συνετέθη
2636 4607 2971 4679 ῥηθήσεται,
3007 4607 3096 4661 διὰ
3140 4607 3201 4663 τὺ
3227 4606 3493 4679 μηδαμῶς
3523 4606 3584 4661 τὸ
3611 4606 3730 4660 ὅλον

451 4703 561 4759 que
612 4691 870 4756 nomina,
924 4706 1102 4763 neque
1146 4707 1331 4747 earum
1381 4693 1727 4751 definitiones
1776 4696 2038 4752 obtineat.

455 4782 713 4849 Quinimo
764 4798 941 4854 neque
996 4786 1295 4857 singularia
1324 4786 1689 4843 humanorum
1724 4804 2040 4860 corporum,

454 4890 579 4947 quae
603 4876 707 4932 sub
733 4878 1066 4934 universalia
1095 4880 1364 4935 elementa
1397 4881 1760 4946 reducuntur,
1798 4880 2041 4951 ejusdem

454 4972 712 5027 essentia:
774 4981 870 5027 aut
917 4983 1126 5029 natura:
1151 4974 1426 5030 dicentur.
1465 4974 1623 5042 Quod
1661 4975 1705 5030 si
1752 4990 1849 5045 per
1882 4975 2043 5029 unio-

458 5079 581 5119 nem
645 5065 992 5122 inconfusant
1048 5084 1242 5125 rursus
1280 5071 1644 5141 compositum
1698 5085 1805 5125 una
1848 5081 2043 5125 natura

457 5157 538 5223 fit,
569 5167 630 5213 ut
685 5158 848 5216 homo
877 5178 891 5215 :
925 5160 1035 5217 duo
1065 5162 1266 5217 ctenim
1310 5163 1702 5218 concurrentia
1731 5162 1880 5218 'citra
1905 5178 2043 5217 eon-

458 5249 729 5306 fusionem
772 5267 1002 5322 corpus,
1061 5261 1117 5308 et
1168 5253 1350 5309 anima
1398 5263 1572 5309 totum
1620 5255 2043 5311 constituerunt.

459 5343 565 5399 Sed
610 5346 714 5401 hoc
743 5347 964 5417 quidem
1005 5347 1279 5403 diversam
1319 5349 1579 5405 unionem
1606 5348 1834 5413 habens,
1865 5347 2047 5403 diver-

457 5447 582 5488 sum
613 5448 833 5507 quoque
860 5436 1080 5491 unionis
1111 5438 1332 5491 modum
1357 5436 1615 5505 possidet.
1655 5436 1729 5491 Ex
1762 5445 1841 5491 tot
1873 5436 2045 5502 enim,

458 5540 688 5598 corpore
721 5542 917 5599 nempe
949 5537 1004 5584 et
1039 5530 1242 5595 anima,
1269 5538 1324 5584 et
1356 5529 1411 5584 in
1442 5538 1521 5586 tot
1561 5544 1684 5585 esse
1705 5529 1829 5601 jure
1854 5527 2048 5583 merito

459 5618 692 5686 dicetur,
737 5633 863 5675 cum
899 5630 954 5675 et
983 5635 1082 5686 ea,
1121 5636 1243 5691 qum
1293 5630 1668 5677 convenerunt
1719 5622 1773 5675 in
1823 5619 2045 5686 unione,

461 5704 670 5774 integra
717 5717 1145 5775 conserventur,
1174 5724 1300 5764 cum
1341 5720 1465 5766 actu
1500 5710 1629 5765 sint.
1664 5709 1729 5767 Et
1751 5720 1830 5766 tot
1848 5710 2050 5767 habere

460 5805 644 5865 partes
667 5797 833 5855 homo
871 5800 1087 5856 dicetur
1117 5802 1295 5867 abiis,
1327 5803 1419 5874 qui
1444 5819 1533 5858 res
1560 5819 1693 5859 sane
1716 5803 2045 5875 diiudicant,

463 5897 548 5946 tot
607 5906 738 5951 vero
805 5910 953 5965 esse,
994 5912 1189 5969 nempe
1241 5898 1379 5955 duas
1430 5906 1657 5954 naturas
1700 5898 1864 5954 homo
1896 5896 2048 5955 nullo

2147 4697 2259 4751 τῶν
2302 4697 2667 4751 συνελθόντων
2698 4696 2883 4768 μερῶν
2913 4698 2995 4759 είς
3034 4695 3134 4768 τὴν
3171 4695 3422 4750 σύνθεσιν
3454 4696 3591 4766 μήτε
3635 4696 3731 4757 τὰς

2148 4788 2473 4860 ὀνομασίας,
2506 4790 2644 4861 μήτε
2685 4791 2792 4861 μὴν
2818 4791 2941 4855 τοὺς
2966 4792 3229 4862 ὁρισμοὺς
3268 4790 3448 4845 αὐτῶν
3488 4790 3728 4859 ἐπιδέχε-

2151 4880 2294 4936 σθαι.
2334 4880 2497 4935 ’Δλλὰ
2532 4882 2660 4954 μὴν,
2693 4882 2814 4937 οὐδὲ
2858 4884 2930 4939 τὰ
2963 4883 3280 4939 καθέκαστα
3306 4882 3416 4937 τῶν
3453 4881 3731 4953 ἀνθρωπί-

2150 4991 2257 5029 νων
2282 4975 2551 5047 σωμάτων
2578 4975 2714 5046 πρὸς
2739 4975 2809 5031 τὰ
2867 4975 2971 5030 ὑπὸ
3002 4976 3072 5031 τὰ
3104 4975 3335 5031 καθόλου
3378 4977 3616 5045 στοιχεῖα
3644 4975 3733 5026 ἁν-

2150 5069 2393 5140 αγόμενα
2432 5069 2645 5141 ὁμοφυῆ
2666 5108 2682 5134 ,
2712 5069 2745 5140 ἢ
2778 5070 3041 5139 όμοούσια
3074 5069 3292 5141 ρηθεῖεν
3315 5068 3401 5123 ἄν.
3430 5068 3495 5121 El
3527 5065 3584 5119 δὲ
3614 5059 3733 5117 καθ’
3828 5128 3831 5129 ν

2151 5160 2352 5215 ἕνωσιν
2379 5159 2686 5231 ἀσύγχυτον
2716 5160 2900 5226 πάλιν,
2927 5160 2989 5214 τὸ
3019 5160 3401 5230 συντιθέμενον
3436 5157 3533 5230 μία
3576 5155 3733 5226 φύσις

2150 5253 2394 5323 γίνεται,
2446 5248 2559 5309 οἷον
2599 5254 2687 5308 ἐπ’
2734 5252 3059 5325 ἀνθρώπου·
3109 5253 3205 5307 δύο
3256 5253 3367 5323 γὰρ
3412 5250 3731 5304 συνελθόντα

2151 5347 2496 5418 ἀσυγχύτως,
2522 5348 2702 5418 σῶμα,
2727 5347 2892 5417 λέγω,
2930 5345 3215 5417 καὶψυχὴ,
3246 5345 3308 5398 τὸ
3335 5346 3453 5399 ὅλον
3483 5343 3736 5397 ἀπετέλε-

2156 5455 2276 5497 σαν.
2315 5439 2477 5493 Ἀλλὰ
2504 5438 2662 5494 τοῦτο
2690 5439 2790 5511 μὲν
2812 5439 3071 5511 διάφορον
3096 5439 3195 5511 τὴν
3218 5439 3415 5492 ἕνωσιν
3439 5436 3584 5507 ἕχον,
3617 5435 3731 5488 διά-

2153 5546 2322 5601 φορον
2347 5531 2442 5585 καὶ
2467 5530 2558 5585 τὸν
2577 5530 2780 5601 τρόπον
2802 5530 2901 5601 τῆς
2924 5527 3173 5593 ὲνώσεως
3198 5527 3482 5598 κέκτηται.
3506 5525 3605 5578 Ἐκ
3638 5523 3734 5593 μὲν

2153 5622 2263 5695 γὰρ
2298 5622 2492 5688 τόσων,
2541 5624 2710 5694 ἤγουν
2753 5623 2930 5693 ψυχῆς
2968 5639 3029 5677 τε
3074 5622 3172 5676 καὶ
3215 5620 3507 5692 σώματος,
3554 5620 3650 5671 καὶ
3678 5615 3733 5667 ἑν

2152 5715 2338 5779 τόσοις
2371 5711 2515 5770 εἶναι
2548 5716 2739 5788 ῥηθείη
2769 5714 2835 5769 ἂν
2861 5714 3104 5779 δικαίως.
3147 5714 3302 5768 Ἐπεὶ
3327 5714 3420 5767 xal
3446 5712 3513 5766 τὰ
3547 5709 3732 5764 συνελ-

2155 5806 2318 5861 θόντα
2348 5809 2406 5861 ὲν
2445 5809 2511 5878 τῇ
2546 5806 2735 5861 ένώσει
2770 5806 3019 5878 ἁμείωτα
3060 5806 3457 5871 διασώζονται,
3486 5801 3732 5873 ἐνεργείᾳ

2154 5900 2306 5970 ὄντα,
2354 5902 2449 5957 καὶ
2486 5901 2621 5957 τόσα
2669 5900 2813 5972 ἔχειν
2857 5902 2886 5955 ὁ
2928 5900 3214 5972 ἄνθρωπος
3264 5899 3406 5972 μέρη
3449 5895 3638 5968 ῥηθείη
3668 5893 3730 5946 ἂν
