3994 6630
380 325 485 392 649

1233 329 1669 391 REFUTATIO
1711 328 2097 392 EPISTOL/E
2130 329 2358 391 REGIS
2394 325 2782 389 ARMENIE.

3543 322 3653 385 650

381 440 534 514 παρά
561 442 672 505 τοῖς
696 439 872 511 ὀρθῶς
900 438 1148 511 κρίνουσι
1173 456 1186 469 ·
1232 440 1364 494 τόσα
1388 441 1446 495 δὲ
1480 435 1619 495 εἶναι
1637 482 1651 504 ,
1687 443 1853 513 ἧγουν
1874 442 1969 496 δύο

2082 442 2234 496 modo
2274 439 2616 509 praedicatur.
2660 436 2797 493 Cum
2854 434 3218 506 compositum
3271 432 3417 488 aliud
3452 434 3658 489 factum

380 537 575 607 φύσεις
602 532 741 589 εἶναι
776 536 804 588 ὁ
855 534 1140 605 ἄνθρωπος
1184 533 1434 605 οὐδαμῶς
1469 530 1886 608 λέγεταιγῇπερ
1910 537 1966 590 αἱ

379 628 574 699 φύσεις
596 627 690 682 τοῦ
713 628 834 682 ὅλου
866 628 1118 699 οὐδαμῶς
1150 626 1605 700 κατηγοροῦνται.
1652 628 1870 701 Ἐπειδὴ
1907 629 1967 682 τὸ

382 723 768 794 συντιθέμενον
809 722 997 794 ἕτερον
1035 723 1228 792 γέγονε
1258 721 1411 794 παρά
1438 723 1508 775 τὰ
1550 721 1610 788 ἐξ
1637 716 1735 788 ὧν,
1781 724 1874 776 ml.
1904 721 1965 774 ού

379 818 449 871 τὰ
478 817 650 883 αὐτὰ,
680 816 775 870 καὶ
800 814 924 868 οὒτε
969 815 1104 870 αὐτὸ
1130 816 1191 870 τὸ
1234 816 1376 883 ὅλον,
1404 816 1574 887 ἡγουν
1613 816 1642 868 ὁ
1681 816 1969 884 ἄνθρωπος

383 908 520 979 πρὸς
544 906 613 961 τὰ
638 906 699 972 ἐξ
727 901 801 961 ὧν
831 906 1117 978 συνετέθη,
1151 907 1288 979 πρός
1325 924 1387 959 τε
1426 908 1527 977 τὴν
1565 905 1745 978 ψυχὴν
1777 907 1871 961 καὶ
1908 906 1970 959 τὸ

382 1000 545 1070 σῶμά
576 1017 740 1071 φημι,
779 997 1028 1071 ὁμοφυὴς
1069 998 1103 1070 ἢ
1138 998 1422 1069 ὁμοούσιος
1458 998 1651 1071 ῥηθείη
1690 998 1757 1052 ἄν
1802 1013 1966 1052 ποτεο

381 1094 505 1146 ἐπεὶ
551 1091 687 1163 μηδὲ
729 1091 935 1162 κυρίως
968 1090 1067 1153 τάς
1106 1090 1407 1162 ὀνομασίας
1443 1088 1645 1155 αὐτῶν,
1681 1090 1817 1161 μήτε
1861 1090 1971 1161 μὴν

380 1186 507 1247 τοὺς
527 1184 721 1252 λόγους
742 1182 920 1238 αὐτῶν
942 1182 1272 1253 ἐπιδέχεται,
1299 1181 1422 1235 οὔτε
1450 1182 1556 1253 μὴν
1581 1183 1631 1235 οἱ
1655 1183 1970 1236 καθέκαστα

385 1274 689 1348 ἄνθρωποι,
725 1269 857 1343 οἷον,
894 1275 1058 1346 φημὶ,
1100 1273 1340 1339 Παῦλος,
1393 1275 1427 1345 ἢ
1472 1275 1677 1346 Πέτρος
1727 1275 1863 1346 πρὸς
1903 1275 1972 1329 τά

384 1368 700 1421 καθέκαστα
728 1367 837 1419 τῶν
873 1365 1176 1436 ἀνθρώπων
1207 1365 1387 1436 ψυχὰς
1408 1406 1423 1431 ,
1461 1366 1494 1434 ἢ
1528 1365 1597 1419 τὰ
1654 1364 1973 1432 ἀνθρώπινα

385 1460 617 1530 σώματα
646 1461 941 1530 ὁμοφυεῖς,
979 1457 1008 1528 ἢ
1055 1456 1334 1525 ὁμοούσιοι
1378 1457 1620 1528 λεχθεῖεν
1648 1458 1736 1525 ἂν,
1777 1458 1864 1512 διά
1911 1458 1974 1511 τὸ

387 1552 525 1623 μηδὲ
579 1551 648 1605 τά
695 1552 922 1606 καθόλου
976 1551 1195 1623 ὁμοειδῆ
1230 1547 1390 1607 εἶναι.
1438 1551 1648 1606 Οὐκοῦν
1680 1552 1733 1605 εῖ
1768 1570 1852 1616 τις
1883 1552 1974 1607 τὸν

384 1643 672 1717 ἄνθρωπον
710 1645 773 1698 ἐκ
802 1643 1073 1714 διαφόρων
1106 1642 1321 1712 φύσεων
1352 1643 1675 1714 ἀσυγχύτως
1706 1644 1976 1698 ένωθέντα

385 1736 615 1808 φήσειεν
649 1736 864 1807 ὁμοφυῆ
900 1736 995 1789 καὶ
1026 1734 1314 1806 ὁμοούσιον
1347 1735 1446 1806 τῆς
1490 1735 1840 1806 ἀνθρωπίνης
1872 1735 1975 1805 ψυ-

2070 535 2141 591 sit
2165 535 2233 589 ab
2260 534 2349 601 iis,
2367 549 2434 588 ex
2472 532 2675 603 quibus
2703 537 2939 595 constat,
2968 543 3068 583 nec
3096 528 3186 582 illa
3211 526 3399 581 eadem
3428 529 3519 582 sit.
3548 525 3659 584 Nec

2068 627 2232 681 etiam
2253 627 2426 696 ipsum
2451 634 2649 691 tctum,
2673 622 2838 677 homo
2860 620 3089 685 scilicet,
3123 633 3248 674 cum
3272 618 3360 683 iis,
3378 634 3442 673 ex
3461 619 3662 686 quibus

2070 718 2340 775 conﬂatus
2368 723 2473 782 est,
2508 716 2690 771 anima
2741 715 2965 785 inquam
3011 721 3067 767 et
3120 726 3373 781 corpore,
3408 711 3657 780 ejusdem

2071 821 2281 867 naturae
2310 819 2361 867 et
2385 808 2637 866 essentia:
2671 809 2885 863 dicetur
2904 821 3167 876 unquam,
3190 820 3314 859 cum
3347 820 3524 874 neque
3559 820 3659 875 ap-

2081 905 2441 976 pellationum
2458 918 2651 959 eorum
2679 915 2861 971 neque
2914 897 3292 953 deﬁnitionum
3323 896 3551 951 omnino
3571 912 3662 951 ca-

2074 1013 2176 1067 pax
2195 996 2285 1052 sit.
2318 995 2506 1066 Neque
2524 993 2827 1065 singulares
2852 991 3122 1056 homines,
3156 999 3215 1043 ut
3234 987 3427 1044 Petrus
3456 987 3667 1043 etPau—

2073 1089 2183 1155 lus,
2202 1105 2326 1144 cum
2358 1087 2731 1159 singularibus
2750 1085 3032 1139 hominum
3055 1083 3276 1143 animis,
3298 1093 3387 1136 aut
3408 1082 3665 1136 humanis

2072 1180 2396 1252 corporibus
2416 1180 2665 1250 ejusdem
2697 1189 2905 1231 naturae
2931 1182 3026 1229 aut
3057 1174 3310 1230 essentia
3340 1187 3464 1227 esse
3480 1172 3667 1227 dicen-

2074 1272 2331 1342 ειη-,σμιοᾱ
2356 1285 2456 1326 nec
2486 1269 2816 1325 universalia
2842 1267 3085 1338 ejusdem
3114 1264 3315 1336 speciei
3333 1266 3460 1319 sint.
3480 1264 3667 1334 Itaque

2074 1367 2120 1422 si
2140 1366 2262 1438 quis
2289 1364 2642 1420 hominemex
2664 1360 2901 1417 diversis
2918 1358 3132 1413 naturis
3150 1345 3435 1412 inconfuse
3452 1357 3665 1411 unitum

2075 1468 2353 1515 assereret
2393 1457 2643 1528 ejusdem
2689 1462 2901 1510 naturae
2950 1462 3005 1508 et
3042 1452 3295 1507 essentia:
3323 1466 3447 1505 cum
3483 1451 3668 1505 anima

2078 1553 2345 1619 humana,
2399 1550 2712 1607 necessario
2760 1549 2887 1604 inde
2921 1555 3269 1617 sequeretur,
3299 1551 3392 1598 aut
3426 1545 3666 1598 animam

2077 1663 2144 1702 ex
2163 1662 2222 1703 se
2238 1656 2291 1702 et
2308 1661 2539 1716 corpore
2562 1642 2924 1715 compositam
2947 1657 3093 1708 esse,
3113 1650 3205 1695 aut
3225 1640 3271 1694 si
3292 1640 3342 1694 id
3364 1653 3470 1692 non
3485 1638 3666 1702 datur,

2079 1747 2301 1808 propter
2325 1747 2517 1807 patens
2541 1736 2862 1799 absurdum,
2884 1734 3123 1788 animam
3150 1719 3255 1785 non
3278 1745 3399 1785 esse.
3421 1728 3669 1799 ejusdem

384 1829 508 1900 χῆς,
544 1827 817 1899 συμὸαίνῃ
847 1827 912 1881 ἂν
940 1826 1239 1891 ὲξάπαντος
1262 1868 1277 1893 ,
1317 1827 1349 1897 ἢ
1382 1826 1481 1898 τὴν
1502 1826 1679 1898 ψυχὴν
1714 1825 1967 1881 σύνθετον

2082 1828 2327 1884 essentiae
2346 1836 2401 1882 et
2424 1834 2635 1882 naturae
2654 1842 2779 1884 cum
2804 1841 2910 1882 una
2942 1823 3267 1894 composita,
3299 1820 3539 1875 hominis
3570 1835 3668 1872 na-

385 1915 528 1974 είναι
556 1920 621 1973 ὲκ
653 1920 747 1975 τοῦ
788 1918 960 1990 αὐτῆς
994 1920 1087 1973 καὶ
1120 1918 1215 1973 τοῦ
1245 1917 1516 1990 σώματος·
1551 1918 1584 1990 ἢ
1623 1919 1672 1972 εί
1709 1919 1785 1992 μὴ
1818 1919 1976 1973 τοῦτο

384 2011 476 2066 διὰ
504 2012 567 2065 τὸ
604 2010 832 2083 ἐναργὲς
868 2011 1094 2075 ἄτοπον,
1133 2013 1233 2083 τὴν
1271 2010 1451 2082 ψυχὴν
1484 2011 1561 2082 μὴ
1598 2004 1741 2066 εἶναι
1779 2010 1976 2082 ὁμοού-

388 2122 503 2160 σιον
531 2106 626 2161 καὶ
652 2106 866 2177 ὁμοφυῆ
898 2106 997 2175 τῆς
1030 2107 1164 2177 μιᾶς
1196 2098 1455 2159 συνθέτου
1496 2104 1710 2173 φύσεως
1752 2104 1847 2159 τοῦ
1885 2106 1981 2160 ἀν-

385 2197 632 2270 θρώπου.
677 2197 930 2251 Τοιοῦτόν
968 2214 1021 2251 τι
1070 2198 1165 2251 καὶ
1197 2198 1360 2269 ἡμεῖς
1406 2198 1774 2268 πεπράχαμεν
1816 2199 1876 2251 έν
1908 2200 1975 2269 τῇ

397 2291 691 2364 Ἐπιστολῇ
734 2292 893 2363 ημῶν
934 2290 1184 2360 λέγοντες
1209 2304 1225 2322 ⁶
1282 2292 1347 2345 El
1399 2294 1529 2362 μίαν
1561 2290 1725 2361 φύσιν
1766 2291 1977 2361 λέγοιτε

386 2385 484 2439 ἐπὶ
509 2382 608 2456 τῆς
642 2383 882 2455 Χριστοῦ
927 2382 1183 2438 συνθέτου
1232 2382 1513 2450 ένὼσεως,
1544 2383 1760 2456 ἀνάγκη
1794 2385 1975 2450 πᾶσα,

387 2476 603 2548 ἢθείαν
644 2477 815 2544 αὐτὴν
852 2477 1059 2530 εἴποιτε
1102 2472 1281 2544 εἶναι,
1329 2476 1362 2549 ἢ
1405 2476 1758 2549 ἀνθρωπίνην
1794 2478 1977 2547 μόνον,

385 2568 420 2642 ἢ
460 2570 905 2640 μετατετράφθαι
958 2570 1126 2640 ἄμφω
1171 2569 1309 2641 πρὸς
1337 2569 1607 2642 ἀλλήλας·
1641 2571 1675 2643 ἢ
1723 2569 1977 2624 συνθέτου

388 2662 519 2732 μιᾶς
548 2660 717 2732 οὔσης
754 2662 854 2731 τῆς
891 2661 1138 2732 Χριστοῦ
1185 2661 1403 2731 φύσεως
1424 2700 1439 2727 ,
1473 2663 1692 2733 ἀνάγκη
1741 2664 1911 2729 πᾶσα,
1941 2663 1976 2734 ἢ

386 2752 641 2817 σύνθετον
686 2753 1042 2825 εὑρίσκεσθαι
1088 2754 1185 2807 τοῦ
1235 2754 1448 2827 Harpe;
1498 2755 1600 2826 τὴν
1648 2736 1978 2824 φύσινδὶᾯα

384 2848 446 2900 τὸ
473 2847 714 2918 ὁμοφυὲς
739 2846 881 2917 μετά
904 2846 1001 2918 τὴν
1022 2846 1219 2902 ἕνωσιν
1250 2847 1346 2901 τοῦ
1372 2848 1613 2918 Χριστοῦ
1642 2847 1780 2918 πρὸς
1814 2847 1978 2901 αὑτὸν

385 2938 743 3004 διασώζοιτο·
786 2940 818 3011 ἢ
861 2941 909 2994 εί
956 2940 1031 3011 μὴ
1069 2938 1228 2994 τοῦτο
1271 2940 1359 2995 διὰ
1395 2940 1455 2994 τὸ
1494 2940 1839 3011 βλάσφημον,
1879 2941 1979 2993 ούκ

385 3028 541 3083 ἔσται
570 3028 649 3101 τῷ
674 3029 851 3101 Πατρι
874 3032 902 3083 ὁ
929 3029 1057 3094 Υίὸς
1078 3030 1386 3101 ὁμοούσιος,
1414 3030 1551 3101 ὅπερ
1579 3031 1697 3083 ἐστὶ
1728 3030 1823 3085 καὶ
1847 3029 1980 3087 αὐτὸ

387 3124 571 3194 πάσης
620 3122 970 3194 βλασφημίας
1018 3122 1313 3177 ἀνώτατον.
1364 3123 1436 3176 Σὺ
1485 3119 1580 3177 οὖν
1632 3122 1806 3177 δοκῶν
1855 3122 1980 3185 τοὺς

387 3215 646 3287 έλέγχους
690 3215 1003 3285 ἐκφεύγειν,
1054 3215 1114 3268 τὸ
1158 3213 1417 3285 διάφορον
1451 3216 1549 3284 τῆς
1599 3214 1847 3279 ένώσεως
1881 3212 1976 3268 τοῦ

389 3311 533 3362 κατά
567 3308 831 3379 σύγχυσιν
875 3309 969 3362 καὶ
1012 3307 1089 3379 μὴ
1128 3306 1370 3361 τοιούτου
1424 3307 1858 3377 προκεκόμικας,
1902 3306 1977 3372 ὡς

387 3400 640 3454 ἐντεῦθεν
670 3400 807 3472 μηδὲ
836 3400 1061 3465 δικαίως
1093 3399 1224 3470 παρ’
1251 3400 1409 3471 ἡμῶν
1441 3399 1972 3471 συκοφαντούμενος.

389 3493 465 3547 Τὸ
497 3493 598 3565 μὲν
627 3489 720 3547 οῦν
741 3494 804 3564 δὴ
834 3494 1071 3566 γράφειν
1093 3495 1241 3565 ἡμᾶς
1270 3492 1715 3565 μετατετράφθαι
1746 3493 1982 3564 θατέραν

390 3586 555 3656 φύσιν
597 3587 689 3639 ἐπὶ
724 3586 961 3657 θατέραν
991 3588 1083 3641 ἐπὶ
1117 3585 1227 3640 τῶν
1261 3586 1382 3641 κατ’
1413 3585 1678 3657 ἀνάχυσιν
1724 3586 1822 3658 τὴν
1858 3585 1981 3657 ἴσην

392 3679 531 3747 ἔχει.
582 3677 656 3731 Τὸ
698 3677 755 3731 δὲ
784 3678 1125 3749 κσυμϐαίνειν
1171 3678 1205 3749 ἢ
1265 3676 1520 3732 σύνθετον
1566 3677 1662 3732 τοῦ
1709 3677 1845 3731 Θεοῦ
1889 3679 1982 3732 καὶ

390 3770 606 3843 Πατρδς
644 3769 996 3843 εὑρίσκεσθαι
1030 3768 1132 3841 τὴν
1157 3769 1321 3839 φύσιν
1346 3769 1439 3823 διά
1462 3768 1523 3823 τὸ
1555 3770 1694 3840 μετά
1723 3767 1819 3841 τὴν
1851 3769 1982 3823 ἕνω-

394 3881 481 3917 σιν
512 3862 605 3917 τὸν
635 3863 869 3933 Χριστὸν
915 3860 1131 3933 ὁμοφυῆ
1160 3861 1255 3915 καὶ⁸
1284 3857 1571 3931 ὁμοούσιον
1604 3857 1698 3913 τοῦ
1726 3858 1861 3912 Θεοῦ
1890 3860 1983 3912 καὶ

392 3955 606 4026 Πατρὸς
626 3950 765 4008 εἷναί
792 3970 851 4006 τε
879 3956 975 4006 καὶ
1002 3951 1376 4007 πιστεύεσθαι·
1403 3952 1437 4022 ἢ
1464 3952 1511 4004 εί
1542 3950 1619 4023 μὴ
1639 3949 1797 4004 τοῦτο
1820 3950 1984 4005 διὰτὸ

391 4047 737 4119 βλάσφημον,
763 4046 854 4100 τὸν
886 4045 1103 4117 Πατέρα
1131 4046 1207 4117 μὴ
1235 4042 1375 4099 εἶναι
1409 4044 1695 4115 ὁμοούσιον
1723 4043 1817 4097 τοῦ
1849 4043 1981 4097 Υίοῦ

397 4139 538 4212 μετὰ
565 4138 664 4209 τὴν
694 4136 910 4203 ἕνωσιν,
938 4137 1076 4208 ὅπερ
1104 4138 1221 4190 ἐστὶ
1241 4136 1336 4189 καὶ
1361 4134 1493 4190 αὐτὸ
1528 4133 1706 4205 πάσης
1738 4133 1983 4204 βλασφη-

396 4231 529 4303 μίας
574 4230 671 4285 uel.
711 4231 940 4293 ἀτοπίας
976 4230 1255 4282 ἐπέκεινα.
1298 4227 1464 4281 Τουτὶ
1510 4226 1577 4299 δὴ
1620 4227 1715 4280 καὶ
1740 4227 1832 4279 ἐπὶ
1883 4228 1984 4296 τῆς

393 4325 518 4381 καθ’
546 4324 740 4378 ἕνωσιν
762 4321 1087 4393 ἀσυγχύτως
1120 4320 1217 4375 καί¹
1240 4319 1527 4391 ἀτρέπτως
1557 4318 1842 4390 ήνωμένης
1862 4360 1877 4383 ,
1907 4318 1983 4382 ὼς

391 4421 421 4472 ὁ
448 4417 605 4487 λόγος
629 4415 717 4469 διά
741 4417 841 4487 τῆς
864 4414 956 4468 τοῦ
983 4411 1273 4485 ἀνθρώπου
1297 4411 1623 4477 ύποδείξεως
1644 4412 1976 4483 παρέστησε,

2080 1930 2222 1976 tura.
2251 1919 2368 1976 Non
2390 1919 2659 1975 dissimile
2676 1934 2778 1974 nos
2802 1932 3021 1988 quoque
3045 1915 3100 1972 in
3129 1913 3359 1985 epistola
3387 1920 3573 1967 nostra
3589 1920 3673 1965 at-

2080 2014 2412 2070 tentavimus
2445 2012 2789 2067 inducentes.
2827 2009 2883 2063 Si
2915 2023 3080 2064 unam
3118 2016 3369 2061 naturam
3393 2004 3574 2060 dicitis
3613 2004 3671 2059 in

2079 2104 2283 2163 Christi
2311 2103 2616 2175 composita
2635 2103 2858 2169 unione,
2891 2116 3116 2157 necesse
3131 2108 3239 2167 est,
3266 2108 3360 2154 aut
3383 2098 3555 2168 ipsam
3586 2099 3671 2150 di-

2080 2199 2259 2254 vinam
2284 2213 2552 2264 asserere,
2582 2206 2678 2253 aut
2700 2198 2992 2252 humanam
3018 2205 3254 2260 tantum,
3282 2204 3376 2248 aut
3406 2201 3670 2261 utrasque

2080 2293 2224 2348 inter
2250 2308 2371 2349 sese
2399 2293 2720 2348 immutatas
2743 2290 2935 2357 fuisse,
2953 2299 3048 2345 aut
3064 2290 3371 2359 composita
3397 2304 3502 2343 una
3520 2290 3671 2343 exsi-

2079 2395 2257 2443 steute
2279 2385 2481 2443 Christi
2504 2396 2735 2451 natura,
2770 2384 3143 2440 necessarium
3181 2383 3406 2439 omnino
3435 2382 3560 2444 erit,
3586 2382 3669 2438 vel

2082 2479 2445 2550 compositam
2474 2478 2702 2550 reperiri
2740 2478 2919 2535 Patris
2955 2483 3233 2541 naturam,
3268 2487 3329 2531 ut
3357 2477 3413 2531 in
3468 2485 3667 2531 natura

2080 2572 2291 2643 aequale
2314 2573 2477 2627 etiam
2505 2580 2628 2643 post
2658 2572 2915 2627 unionem
2949 2569 3157 2625 Christi
3196 2584 3323 2624 cum
3350 2584 3416 2624 eo
3437 2584 3669 2625 conser—

2080 2674 2238 2719 vetur
2274 2682 2287 2718 :
2321 2664 2405 2720 vel
2425 2664 2469 2719 si
2495 2664 2548 2720 id
2571 2678 2680 2718 non
2716 2672 2819 2728 est,
2856 2672 3076 2733 propter
3099 2661 3522 2732 blasphemiam,
3558 2678 3666 2716 non

2080 2757 2185 2812 erit
2216 2758 2377 2812 Pater
2416 2756 2661 2826 ejusdem
2704 2766 2914 2811 natura:
2966 2771 3093 2810 cum
3122 2754 3281 2820 Filio,
3310 2754 3455 2825 quod
3500 2755 3663 2808 etiam

2082 2849 2479 2920 blasphemiam
2521 2865 2739 2904 omnem
2760 2858 3076 2919 exsuperat.
3120 2849 3199 2903 Tu
3232 2848 3418 2919 igitur,
3469 2856 3527 2900 ttt
3570 2846 3667 2900 tibi

2081 2941 2287 2996 videris
2343 2950 2791 3011 argumentorum
2862 2938 2971 2996 vim
3020 2940 3219 3007 vitans,
3288 2938 3664 2993 diversitatem

2085 3032 2310 3087 unionis
2339 3031 2642 3089 secundum
2669 3030 3078 3096 confusionem,
3103 3038 3159 3085 et
3200 3043 3309 3084 non
3361 3026 3665 3083 secundum

2084 3122 2473 3180 confusionem
2552 3124 2606 3178 in
2676 3122 2917 3178 medimn
2984 3122 3254 3188 attulisti,
3316 3122 3474 3191 quasi
3542 3120 3669 3176 inde

2008 3183 2053 3245 ο
2086 3231 2305 3287 quoque
2341 3226 2392 3272 te
2434 3216 2709 3271 immerito
2739 3215 3235 3272 calutnuiaremur.
3272 3213 3527 3271 Scribere
3564 3215 3667 3268 ita-

2083 3324 2191 3381 que
2212 3325 2310 3366 nos
2343 3325 2511 3365 unam
2554 3309 2607 3364 in
2640 3310 2806 3365 aliam
2838 3318 3094 3366 naturam
3122 3308 3467 3362 immutatam
3496 3309 3667 3363 fuisse

2082 3404 2151 3459 ab
2178 3404 2266 3470 iis,
2289 3402 2382 3473 qui
2416 3418 2536 3458 eam
2568 3403 2875 3459 secundum
2921 3400 3257 3458 infusionem
3289 3399 3489 3456 factam
3538 3414 3665 3455 esse

2084 3494 2327 3557 tradunt,
2353 3509 2462 3549 non
2510 3494 2788 3549 abbot-ret.
2821 3492 3020 3548 Verum
3050 3491 3338 3562 consequi,
3375 3500 3471 3546 aut
3508 3505 3664 3546 eom-

2085 3588 2314 3660 positam
2345 3587 2439 3642 Dei
2470 3596 2523 3642 et
2550 3587 2727 3642 Patris
2788 3595 3041 3642 naturam
3076 3585 3326 3656 reperiri,
3356 3585 3501 3655 quod
3543 3593 3667 3654 post

2086 3681 2341 3737 unionem
2370 3679 2627 3735 Christus
2664 3679 2910 3747 ejusdem
2953 3686 3163 3734 natura:
3197 3686 3253 3732 et
3299 3678 3553 3733 essentia;
3587 3684 3672 3732 est

2085 3782 2140 3828 et
2175 3772 2419 3829 creditur
2456 3787 2582 3827 cum
2634 3771 2743 3827 Deo
2786 3780 2835 3827 et
2893 3770 3071 3837 Patre,
3119 3782 3175 3827 at
3230 3771 3277 3828 si
3330 3771 3383 3826 id
3450 3781 3673 3841 propter

2089 3866 2484 3937 blasphemiam
2529 3880 2640 3920 non
2669 3866 3025 3929 concedatur,
3054 3864 3340 3922 Christum
3387 3879 3497 3919 non
3551 3880 3673 3919 esse

2084 3959 2331 4029 ejusdem
2366 3960 2619 4016 essentiae
2645 3975 2768 4014 cum
2812 3958 2922 4015 Deo
2951 3968 3076 4029 post
3126 3958 3411 4025 unionem,
3443 3959 3587 4026 quod
3619 3969 3675 4011 et

2086 4054 2265 4124 ipsum
2327 4062 2383 4109 et
2429 4053 2784 4122 blasphemiae
2821 4061 2877 4106 et
2928 4050 3144 4121 ineptia:
3172 4049 3439 4105 universae
3470 4049 3670 4104 limites

2085 4145 2323 4201 excedit.
2350 4144 2489 4199 Cum
2513 4153 2694 4199 autem
2732 4152 2787 4199 et
2818 4144 2869 4198 in
2896 4150 3093 4197 natura
3138 4150 3260 4212 post
3287 4142 3548 4196 unionem
3594 4142 3673 4197 in-

2085 4237 2315 4295 confuse
2352 4246 2409 4293 et
2474 4236 2890 4293 immutabiliter
2954 4237 3127 4300 unita,
3205 4235 3669 4306 quemadmodum

2087 4330 2263 4386 oratio
2290 4330 2761 4387 demonstratione
2774 4346 2840 4385 ex
2860 4330 3079 4385 homine
3102 4328 3386 4398 desumpta
3409 4330 3671 4394 ostendit,

2090 4423 2233 4478 idem
2266 4422 2567 4478 absurdum
2621 4422 3119 4493 hlasphemumque
3182 4419 3469 4485 inferatur,
3521 4420 3672 4475 nul'a

394 4510 456 4564 τὸ
499 4511 700 4565 ἄτοπον
747 4509 841 4562 καὶ
886 4508 1203 4580 βλάσφημον
1239 4506 1594 4575 συνάγοντος,
1630 4504 1880 4577 οὐδαμῶς
1912 4504 1980 4559 ἂν

2093 4516 2208 4585 ipse
2239 4516 2449 4570 ratione
2476 4514 2933 4586 reprehensiones
2957 4522 3177 4569 nostras
3213 4511 3461 4581 eﬂ‘ugics,
3507 4513 3673 4569 unius

394 4603 521 4666 τοὺς
569 4600 698 4672 παρ’
749 4601 907 4672 ἡμῶν
954 4601 1208 4672 ἐλέγχους
1239 4600 1536 4671 ἐκφύγοις,
1588 4601 1716 4670 μιᾶς
1768 4599 1984 4669 φύσεως

396 4694 486 4748 τὸν
519 4694 754 4765 Χριστὸν
788 4694 1155 4764 δογματίζων,
1185 4693 1284 4747 καὶ
1316 4690 1627 4762 ἁσύγχυτον
1657 4690 1754 4762 τὴν
1794 4693 1985 4744 ἕνωσιν

396 4785 700 4853 δοξάσειας.
743 4786 801 4840 '0
832 4786 987 4855 λόγος
1029 4786 1137 4857 γὰρ
1179 4785 1521 4858 ἑκατέρωθεν
1554 4784 1803 4849 ἀπέδειξε
1851 4784 1986 4855 πρὸς

398 4878 459 4931 τὸ
499 4878 701 4933 ἄτοπον
732 4879 826 4931 καὶ
865 4878 1187 4949 βλάσφημον
1220 4880 1574 4947 συνάγεσθαι.
1619 4878 1895 4942 Ὡσαύτως
1929 4877 1986 4929 δὲ

398 4965 519 5019 οὐδὲ
553 4967 587 5037 ἡ
620 4966 727 5020 τῶν
760 4967 1224 5038 παραδειγμάτων
1258 4968 1597 5039 προσαγωγὴ
1638 4967 1773 5037 πρὸς
1806 4968 1986 5036 παρά-

398 5074 587 5113 στασιν
610 5061 707 5131 τῆς
736 5062 886 5132 παρά
917 5062 1009 5117 σοῦ
1040 5062 1404 5132 δοξαζομένης
1434 5063 1562 5132 μιᾶς
1595 5059 1829 5128 φύσεως,
1863 5059 1983 5113 καθ’

395 5152 590 5207 ἒνωσιν
628 5153 934 5224 ἀσύγχυτον
960 5155 1364 5226 γεγενημένης,
1400 5153 1575 5224 ὀρθῶς
1622 5152 1853 5223 ἐλήφθη.
1904 5153 1985 5205 Τά

398 5248 497 5318 μὲν
531 5247 641 5318 γὰρ
672 5248 765 5301 ἐπὶ
798 5248 1115 5319 καθαιρέσει
1141 5251 1240 5319 τῆς
1267 5250 1396 5319 μιᾶς
1437 5248 1695 5301 συνθέτου
1738 5248 1982 5314 φύσεως,

397 5342 491 5394 καὶ
535 5341 631 5394 τοῦ
667 5341 760 5395 σοῦ
802 5341 1076 5413 δόγματος
1108 5341 1339 5410 ⁸ἔνεισιν,
1372 5335 1485 5394 οἷον
1530 5343 1557 5394 ὁ
1599 5341 1802 5411 χρυσὸς
1847 5340 1985 5411 μετὰ

398 5432 574 5504 πυρὸς
608 5435 979 5505 μεμιγμένος·
1011 5435 1229 5498 πάντως
1255 5435 1336 5487 ὅτι
1367 5434 1425 5486 ὲν
1454 5436 1522 5504 τῇ
1555 5433 1661 5503 ἰδία
1688 5434 1983 5487 ὑποστάσει

397 5530 425 5581 ὁ
452 5528 652 5599 χρυσὸς
677 5528 737 5581 τὸ
760 5527 871 5599 πῦρ
891 5529 1201 5600 δεχόμενος,
1231 5530 1375 5583 ποιεῖ
1396 5528 1649 5582 σύνθετον
1665 5528 1981 5592 ὑπόστασιν,

400 5619 495 5673 δύο
527 5618 720 5690 φύσεις
756 5619 1007 5691 ἔχουσαν,
1038 5623 1139 5693 τήν
1175 5638 1233 5674 τε
1261 5620 1354 5674 τοῦ
1389 5619 1590 5693 χρυσοῦ
1628 5620 1720 5673 καὶ
1755 5622 1848 5673 τοῦ
1882 5637 1984 5672 πυ-

402 5713 519 5781 ρὸς,
546 5713 575 5765 ὃ
604 5712 701 5766 καὶ
728 5716 969 5767 πλεῖστοι
992 5718 1313 5785 περιφανεῖς
1344 5716 1436 5768 καὶ
1468 5712 1718 5785 θεοφόροι
1741 5712 1984 5784 Πατέρες

400 5806 481 5869 είς
509 5806 855 5878 παράστασιν
884 5807 992 5860 τῶν
1025 5807 1120 5861 δύο
1149 5809 1366 5876 φύσεων
1396 5807 1500 5863 τῶν
1543 5809 1599 5861 ἐν
1624 5808 1702 5879 τῷ
1732 5808 1811 5863 ἑνί
1846 5808 1983 5879 Χρι-

722 5905 993 5968 ΡΑτιιοῐη
1032 5905 1151 5967 Gn.
1204 5907 1324 5968 CV.

2092 4618 2304 4664 natura:
2333 4608 2616 4665 Christum
2649 4615 2929 4673 astruens,
2962 4606 3091 4662 licet
3133 4604 3483 4661 inconfusam
3517 4606 3678 4660 unio-

2095 4716 2222 4756 nem
2261 4700 2584 4779 asserueris.
2629 4699 2819 4755 Oratio
2866 4698 3069 4771 etenim
3096 4698 3357 4768 utrinque
3398 4700 3668 4753 absonum

2093 4793 2593 4864 blasphemumque
2645 4793 2829 4865 colligi
2885 4793 3307 4852 demonstravit.
3369 4791 3461 4849 Sic
3510 4795 3674 4849 etiam

2088 4889 2336 4958 exempla
2384 4903 2415 4942 a
2462 4897 2514 4943 te
2565 4886 2800 4942 adducta
2852 4887 2921 4942 ad
2973 4887 3441 4954 comprobandam
3508 4903 3675 4941 unam

2089 4988 2370 5047 naturam,
2403 4994 2567 5051 quam
2594 4978 2711 5048 ipse
2733 4978 2931 5034 statuis
2968 4989 3092 5048 post
3121 4981 3379 5051 unionem
3420 4980 3672 5034 inconfu-

2089 5086 2204 5125 sam
2250 5071 2474 5137 factam,
2528 5072 2670 5125 haud
2723 5081 2875 5126 recte
2917 5071 3167 5127 instituta
3213 5082 3343 5128 sunt
3376 5090 3389 5126 ε
3420 5071 3671 5142 quaedam

2089 5165 2236 5218 enim
2276 5180 2436 5218 unam
2460 5165 2826 5233 compositam
2856 5172 3111 5219 naturam
3164 5174 3428 5233 tuumque
3471 5164 3671 5235 dogma

2089 5256 2463 5325 proscribunt,
2491 5266 2548 5309 ut
2577 5255 2908 5326 aurumjgni
2931 5256 3233 5311 immistum
3257 5275 3269 5311 :
3296 5272 3419 5310 curn
3451 5256 3677 5311 omnino

2089 5366 2284 5404 aurum
2303 5350 2355 5403 in
2379 5349 2596 5419 propria
2616 5347 2894 5419 hypostasi
2914 5348 3094 5419 ignem
3117 5348 3390 5418 accipiens
3406 5351 3676 5418 composi-

2088 5449 2199 5496 tam
2214 5443 2548 5513 hypostasim
2576 5439 2790 5505 eﬂiciat,
2810 5439 2949 5495 (luas
2980 5447 3205 5493 naturas
3224 5438 3533 5502 habentem,
3555 5439 3671 5492 auri

2089 5541 2143 5585 et
2168 5531 2330 5605 ignis,
2366 5530 2509 5601 quod
2534 5530 2780 5599 plerique
2804 5529 2969 5586 etiam
3004 5528 3367 5600 exjpatribus,
3392 5529 3563 5585 divini
3595 5529 3671 5583 illi

2086 5638 2221 5680 sane
2298 5637 2362 5678 ac
2444 5622 2825 5692 percelebres,
2887 5622 2954 5677 ad
3021 5621 3466 5693 comprobandas
3532 5623 3672 5677 duas

2089 5727 2313 5773 naturas
2378 5716 2432 5771 in
2516 5732 2627 5771 uno
2699 5716 2954 5783 Christo,
3038 5731 3143 5770 una
3225 5715 3435 5771 scilicet
3500 5715 3674 5786 hypo-

2089 5810 2219 5867 stasi
2242 5851 2255 5876 ,
2286 5809 2523 5880 propriis
2555 5809 2967 5867 commentariis
3008 5818 3346 5880 usurparunt
3376 5828 3389 5865 :
3440 5808 3547 5865 alia
3578 5808 3675 5862 ab-

3241 5902 3316 5963 21
