3994 6688
374 343 473 408 651

1636 332 1931 396 NICETJE
1971 333 2374 394 BYZANTINI

3537 329 3645 394 65?.

376 460 599 512 horrent
644 452 711 509 ab
772 450 1060 508 inconfusa
1127 460 1181 507 et
1246 450 1571 506 immutabili
1638 462 1955 506 naturarum

2065 450 2191 521 στῷ,
2225 451 2394 520 ἤγουν
2435 448 2501 519 τῇ
2535 447 2636 518 μιᾷ
2674 446 2974 500 ὑποστάσει
3017 444 3075 499 ὲν
3103 446 3219 509 τοῖς
3250 443 3475 509 οἰκείοις
3513 462 3648 515 συγ-

376 550 606 614 unione;
643 562 817 617 neque
840 546 984 600 enim
1013 544 1282 615 quispiam
1311 554 1456 601 recte
1495 544 1840 600 sentientium
1876 543 1960 597 lu-

378 658 500 696 men
529 655 652 696 cum
692 640 914 711 proprio
948 641 1103 694 ranlio
1133 639 1386 709 componi
1416 639 1580 693 dicet.
1609 636 1767 691 Nulla
1811 636 1956 692 enim

377 749 559 787 rerum
592 751 714 788 rum
755 734 973 803 proprio
1003 744 1148 797 aetu,
1180 734 1294 788 sive
1322 747 1446 786 cum
1478 731 1669 786 elfectu
1713 747 1814 786 sun
1857 747 1957 785 un-

380 839 538 893 quam
564 826 814 893 componi
848 825 1070 878 dicitur.
1113 823 1372 889 Quinimo
1430 838 1607 893 neque
1652 823 1853 891 anima,
1906 830 1960 876 et

379 921 544 977 homo
606 920 838 975 similem
891 919 1055 973 habet
1107 919 1365 973 unionem
1404 916 1779 974 "inconfusam
1831 932 1957 972 cum

376 1027 460 1077 ca,
503 1027 623 1078 (iure
676 1011 878 1065 Christi
924 1019 1025 1066 est.
1090 1010 1247 1076 Quod
1279 1026 1446 1081 supra
1508 1012 1950 1066 demonstratum

375 1114 481 1167 est,
513 1105 772 1174 quoniam
807 1103 1004 1159 anima:
1048 1104 1215 1158 simul
1268 1120 1375 1159 una
1426 1103 1702 1171 subsistit,
1751 1103 1957 1159 Christi

377 1212 505 1251 vero
529 1198 636 1251 alio
668 1196 851 1251 modo.

453 1462 539 1516 t9.
573 1461 785 1516 Rursus
810 1459 862 1514 in
889 1460 1120 1531 epistola
1163 1469 1276 1526 tua,
1317 1460 1475 1530 quasi
1507 1475 1814 1516 sermonem
1870 1477 1961 1516 ex-

382 1555 626 1625 cipiens,
661 1555 857 1625 objicis
896 1572 909 1608 :
946 1555 1103 1609 Circa
1131 1556 1270 1626 quod
1300 1554 1492 1608 Patres
1519 1570 1620 1607 non
1650 1553 1960 1607 convenien-

374 1657 447 1701 tes
478 1687 493 1713 ,
551 1647 793 1716 partibus
859 1647 1216 1713 studuerunt,
1266 1646 1563 1699 mistionem
1607 1655 1847 1699 vocantes
1911 1653 1961 1699 et

372 1744 641 1811 unionem,
694 1742 833 1812 quod
870 1743 1048 1797 mistio
1107 1742 1492 1811 aeparationem
1532 1739 1736 1793 nullam
1780 1739 1959 1806 habet,

372 1852 537 1905 neque
569 1836 697 1889 unio
751 1835 1061 1888 divisionem
1109 1836 1244 1900 ,‘ted
1272 1849 1364 1904 per
1392 1833 1502 1887 haec
1562 1833 1717 1886 verba
1767 1829 1961 1887 Patres

373 1929 540 1981 locuti
563 1938 685 1982 sunt
712 1943 729 1981 :
752 1926 1193 1997 quemadmodum
1224 1927 1363 1979 enim
1390 1934 1639 1994 separata
1674 1925 1831 1977 mista
1861 1940 1965 1978 non

370 2022 622 2073 dicuntur
647 2060 661 2087 ,
707 2020 784 2073 ita
825 2035 916 2073 nec
956 2023 1115 2072 mista
1155 2018 1408 2071 dicuntur
1439 2026 1707 2086 separata.
1771 2016 1964 2081 Quent-

371 2114 660 2167 admodum
697 2113 1041 2183 proprietates
1090 2113 1335 2166 um’onem
1376 2111 1588 2177 tollunt,
1615 2112 1692 2164 ita
1737 2119 1785 2165 et
1839 2111 1963 2163 unio

370 2207 624 2277 opprimit
678 2207 1046 2276 proprietates.
1087 2205 1146 2260 Si
1194 2207 1373 2276 itaque
1435 2222 1536 2259 non
1596 2214 1751 2258 erant
1802 2204 1964 2257 mista

351 2300 652 2369 inconfuse
700 2316 819 2353 cum
864 2315 1118 2369 corpore,
1166 2315 1330 2369 quare
1387 2298 1571 2351 dicunt
1626 2299 1965 2352 incarnatum

371 2394 536 2462 fuisse
584 2393 610 2447 ?
652 2390 710 2447 Si
743 2407 845 2445 non
888 2401 1004 2446 erat
1052 2392 1239 2445 unitas
1262 2406 1383 2444 cum
1413 2391 1766 2453 humanitate,
1800 2403 1966 2459 quare

368 2485 572 2549 dicunt,
614 2500 734 2538 eum
781 2484 1039 2537 hominem
1072 2480 1617 2553 assumpsisse?Haec
1665 2497 1793 2535 eum
1844 2480 1965 2534 nul-

369 2566 479 2635 lius
504 2578 965 2633 cotisiderationis
995 2577 1125 2645 sint,
1153 2576 1298 2647 quod
1340 2576 1476 2631 satis
1497 2574 1711 2630 abunde
1737 2574 1789 2629 in
1812 2582 1964 2628 ante-

367 2673 691 2728 cedentibus
719 2686 748 2726 a
780 2670 937 2725 nobis
965 2670 1234 2725 dissoluta
1287 2676 1433 2733 sunt,
1467 2684 1659 2738 parum
1689 2667 1849 2722 nobis
1902 2666 1968 2721 de

378 2765 487 2819 illis
526 2764 832 2819 curandum
884 2770 990 2817 est.
1050 2761 1319 2817 Cancrum
1370 2777 1439 2815 ne
1472 2760 1561 2815 cui
1597 2759 1966 2830 jactabundus

370 2856 705 2926 superbias,
764 2855 1029 2909 brevibus
1085 2853 1501 2922 respondemus.
1536 2852 1721 2909 Sancti
1777 2851 1967 2908 Patres

373 2946 630 3001 unionem
685 2943 1078 2999 etmistionem
1133 2944 1189 2998 in
1222 2942 1443 2999 Christo
1508 2941 1855 3000 inconfusam
1912 2950 1967 2997 et

371 3034 770 3091 immutabilem
824 3036 1059 3090 duarum
1090 3048 1213 3104 quae
1277 3043 1678 3089 concurrerunt
1738 3043 1966 3088 natura-

2060 544 2385 615 γράμμασιν
2410 541 2801 595 ἔντεθείκασιν’
2830 540 2898 594 τά
2919 540 2976 594 δὲ
2999 540 3257 594 ἀπέοικεν
3289 540 3351 592 ὲκ
3376 539 3477 608 τῆς
3506 541 3648 592 κατὶ

2061 638 2296 710 Χριστὸν
2327 635 2633 707 ἀσυγχύτου
2668 636 2763 689 καὶ
2807 636 3083 705 ἀτρέπτου
3112 633 3222 687 τῶν
3248 633 3466 703 φύσεων
3510 631 3646 685 ἑνώ-

2063 747 2221 793 σεως.
2251 729 2324 782 Τὸ
2361 712 2587 801 μὲνγὰρ
2622 730 2760 799 μετὰ
2781 732 2879 799 τῆς
2910 728 3045 791 ἰδίας
3066 729 3291 787 ἀκτῖνος
3334 727 3509 789 οὐδεὶς
3539 726 3648 777 τῶν

2061 822 2121 878 εὖ
2149 822 2490 896 φρονούντων
2520 822 2891 877 συντεθεῖσθαι
2920 824 3165 890 φήσειεν.
3193 819 3362 873 Οὐδὲν
3386 819 3494 890 γάρ
3538 820 3647 870 τῶν

2060 916 2229 969 ὄντων
2272 916 2390 987 μετ’
2420 916 2628 979 οἰκείας
2663 914 2945 985 ἐνεργείας
2969 954 2984 980 ,
3024 914 3057 984 ἢ
3098 912 3193 966 τοῦ
3224 913 3282 978 ἐξ
3322 911 3487 965 αὑτοῦ
3515 911 3649 964 ἁπο-

2060 1015 2392 1085 τελέσματος
2442 1009 2658 1082 λέγεταί
2707 1028 2837 1064 ποτε
2886 1009 3243 1079 συγκεῖσθαι,
3286 1007 3402 1061 ἀλλ’
3442 1007 3562 1061 οὑδὲ
3611 1011 3645 1078 ὴ

2059 1109 2206 1180 ψυχὴ
2245 1107 2340 1162 καὶ
2382 1109 2409 1160 ὁ
2450 1105 2742 1176 ἄνθρωπος
2782 1102 2976 1174 ὁμοίαν
3015 1101 3129 1173 ἔχει
3162 1101 3260 1173 τὴν
3303 1100 3425 1153 καθ’
3454 1100 3647 1153 ἕνωσιν

2061 1204 2369 1273 άσύγχυτον
2409 1200 2547 1273 πρὸς
2581 1198 2681 1270 τὴν
2725 1196 2867 1251 κατὰ
2911 1194 3165 1266 Χριστόν.
3193 1194 3234 1244 Τ
3237 1194 3355 1245 ουτὶ
3400 1191 3508 1260 γὰρ
3553 1192 3649 1243 καὶ

2062 1293 2476 1366 προδέδεικται,
2508 1292 2591 1343 ὄτι
2632 1291 2666 1360 ἡ
2716 1288 2814 1360 μὲν
2859 1287 2960 1359 τῆς
3002 1284 3181 1356 ψυχῆς
3230 1282 3649 1345 συνυποστάτως

2064 1384 2312 1453 γέγονεν,
2347 1384 2381 1453 ἡ
2410 1381 2466 1434 δὲ
2493 1380 2718 1451 ἑτέρως.

2137 1474 2223 1530 ιθ’.
2256 1474 2425 1529 Πάλιν
2453 1473 2511 1526 δὲ
2549 1474 2607 1525 ὲν
2636 1470 2715 1541 τῷ
2762 1467 3058 1539 γράμματι
3103 1482 3196 1531 σου
3229 1462 3647 1532 ἀνθυποφερων,

2062 1568 2297 1640 γράφεις
2334 1584 2347 1598 ⁸
2386 1566 2531 1636 Περι
2572 1582 2627 1618 τι
2657 1565 2710 1618 οἱ
2738 1561 2995 1631 Πατέρες
3024 1561 3093 1614 ἐν
3125 1557 3415 1627 διαφωνία
3448 1557 3652 1609 ἐπολι-

2061 1663 2385 1729 τεύθησαν,
2422 1659 2591 1731 μίξιν
2614 1658 2704 1726 δὴ.
2726 1656 2996 1726 λέγοντες
3030 1652 3127 1707 καὶ
3158 1652 3401 1715 ἕνωσιν,
3430 1649 3578 1703 διότι
3610 1649 3649 1716 ὴ

2058 1752 2177 1824 μὲν
2196 1751 2362 1822 μίξις
2390 1750 2694 1821 χωρισμὸν
2722 1751 2831 1802 οὐκ
2859 1747 3006 1816 ἔχει,
3035 1744 3179 1799 οὐδὲ
3205 1743 3243 1810 ή
3278 1743 3495 1806 ἐνωσις
3524 1740 3653 1793 δια-

2066 1844 2378 1914 σπασμὸν,
2410 1842 2571 1898 ἀλλὰ
2599 1840 2696 1894 διὰ
2720 1840 2947 1894 τούτων
2976 1836 3094 1892 τῶν
3112 1835 3396 1906 ῥημάτων
3426 1832 3652 1898 ἐλάλη-

2065 1954 2188 1994 σαν
2221 1940 2275 1991 οἱ
2314 1935 2574 2004 Πατέρες
2596 1975 2609 1999 ,
2666 1933 2756 1988 ὅτι
2796 1931 3001 2000 ὥσπερ
3034 1931 3104 1985 τὰ
3139 1926 3549 1998 κεχωρισμένα
3577 1925 3651 1977 οὐ

2066 2032 2347 2101 ,λέγονται
2379 2027 2735 2099 μεμιγμένα,
2772 2025 2962 2091 οὕτως
3014 2022 3156 2078 οὐδὲ
3202 2021 3275 2075 τὰ
3318 2014 3652 2089 μεμιγμένα

2064 2125 2343 2195 λέγονται
2385 2120 2821 2191 κεχωρισμένα·
2873 2117 3075 2186 ὥσπερ
3105 2117 3165 2170 al
3211 2113 3501 2180 ἰδιότητες
3533 2108 3650 2175 τὴν

2065 2216 2287 2270 ἕνωσιν
2311 2214 2687 2282 ἐπαίρουσιν,
2720 2212 2908 2276 οὕτως
2940 2208 3036 2262 καί
3076 2210 3113 2277 ἡ
3144 2206 3362 2272 ἓνωσις
3411 2200 3651 2271 συγχώ-

2066 2326 2155 2363 νει
2195 2307 2301 2373 τὰς
2342 2307 2663 2374 ἰδιότητας.
2716 2305 2851 2358 Ἐὰν
2898 2297 3012 2359 οὖν
3061 2304 3171 2355 οὐκ
3204 2296 3282 2369 ἦν
3322 2295 3651 2366 μεμιγμένα

2066 2401 2423 2471 ἁσυτχύτως
2449 2398 2599 2470 μετὰ
2628 2397 2735 2453 τοῦ
2770 2397 3065 2466 σώματος,
3112 2394 3211 2448 διὰ
3241 2392 3297 2445 τι
3336 2392 3649 2459 λέγουσιν,

2068 2494 2157 2549 ὅτι
2198 2492 2545 2561 ἐσαρκώθη;
2580 2494 2647 2546 El
2679 2490 2749 2543 δὲ
2781 2491 2893 2543 οὐκ
2940 2484 3019 2558 ἦν
3060 2484 3300 2550 ἐνωθείς
3341 2482 3492 2553 μετὰ
3538 2480 3652 2549 τὴν

2067 2581 2627 2649 ἀνθρωπότητα,’διὰ
2650 2580 2707 2634 τί
2729 2580 3040 2649 λέγουσιν,
3069 2577 3158 2630 ὅτι
3186 2574 3616 2642 ἐνηνϐρώπησε
3632 2588 3651 2634 ;

2068 2673 2256 2729 Ταῦτα
2289 2673 2388 2744 μὲν
2428 2672 2642 2736 οὑδενδς
2687 2671 2847 2739 λόγου
2883 2669 3011 2735 ἄξια
3052 2668 3201 2733 ὅντα,
3241 2666 3328 2719 διὰ
3357 2666 3418 2718 τὸ
3448 2664 3649 2726 ἱκανῶς

2067 2766 2126 2819 ὲν
2155 2766 2268 2828 τοῖς
2302 2762 2612 2834 ἔμπροσθεν
2658 2760 2791 2832 παρ’
2821 2760 2977 2832 ἡμῶν
3011 2756 3401 2829 προλελῦσθαι,
3449 2756 3650 2825 ἥκιστα

2069 2860 2199 2932 περὶ
2229 2856 2437 2910 τούτων
2481 2853 2851 2926 φροντιστέον.
2899 2851 3044 2922 Πλὴν
3078 2845 3170 2904 οὖν
3206 2851 3254 2902 εί
3288 2850 3361 2919 μῆ
3397 2864 3475 2917 τῳ
3522 2844 3648 2916 δόξῃ

2066 2945 2568 3020 καταϐρενθύεσθαι
2610 2948 2669 2998 ἐν
2711 2943 2926 3007 τούτοις
2967 2942 3055 2996 διὰ
3110 2940 3356 3013 βραχέων
3391 2939 3645 3008 λέγομεν.

2067 3044 2129 3095 Οί
2164 3042 2261 3111 μὲν
2289 3035 2382 3094 οῦν
2408 3039 2554 3108 ἅγιοι
2588 3037 2832 3109 Πατέρες
2854 3036 3048 3089 ἕνωσιν
3082 3033 3179 3087 καὶ
3208 3034 3355 3101 μίξιν
3390 3034 3483 3085 ἐπὶ
3510 3033 3647 3102 Χρι-

369 3144 515 3190 rum.
549 3128 769 3184 deitatis
795 3136 849 3183 et
880 3127 1260 3193 humanitatis,
1296 3134 1629 3193 astruentes,
1657 3126 1958 3182 secundum

2069 3129 2197 3185 στοῦ
2235 3129 2543 3200 ἀσύγχυτον
2585 3127 2678 3181 καὶ
2709 3126 2979 3197 ἄτρεπτον
3013 3124 3121 3178 τῶν
3161 3123 3254 3176 δύο
3291 3121 3508 3191 φύσεων
3538 3120 3647 3172 τῶν

368 3222 707 3294 hypostasim
752 3232 806 3278 et
856 3222 1247 3290 essentialiter,
1279 3221 1480 3278 factum
1513 3223 1568 3276 in
1596 3236 1705 3276 uno
1738 3219 1960 3275 Christo

2066 3222 2461 3289 συνελθουσῶν,
2481 3221 2757 3291 θεότητος,
2778 3236 2850 3289 φη
2861 3220 2943 3289 μἰ,
2969 3219 3063 3271 καὶ
3082 3216 3529 3287 ἀνθρωπότητος,
3562 3213 3647 3266 δο-

368 3322 643 3378 asserunt,
675 3328 903 3383 eosque,
967 3313 1061 3383 qui
1091 3323 1217 3368 actu
1246 3323 1301 3368 et
1325 3312 1651 3368 exsistentia
1697 3311 1834 3367 duas
1862 3324 1962 3365 na-

370 3416 524 3461 turas
574 3420 671 3476 per
717 3413 901 3475 partes
965 3413 1022 3459 et
1070 3403 1290 3460 divisim
1347 3411 1637 3475 ponerent,
1667 3418 1733 3458 ex
1762 3402 1962 3473 quibus

369 3507 492 3554 erat
521 3498 725 3568 impius
782 3495 1088 3562 Nestorius,
1127 3510 1291 3567 quem
1322 3504 1445 3566 post
1491 3510 1745 3565 magnam
1785 3494 1961 3548 rixam

369 3600 540 3662 atque
620 3589 1027 3646 «intentionem
1096 3588 1443 3642 anathemate
1498 3586 1709 3657 ~merito
1765 3599 1962 3654 percu-

374 3683 574 3748 lerunt,
607 3679 1016 3735 condemnant:
1048 3692 1286 3747 namque
1332 3683 1485 3731 unita
1524 3674 1824 3731 secundum
1862 3674 1964 3745 hy-

380 3772 644 3842 postasim
675 3777 730 3825 et
771 3767 1159 3835 essentialiter,
1211 3766 1464 3838 privatim
1526 3775 1579 3822 et
1640 3780 1737 3835 per
1780 3771 1962 3834 partes

371 3874 628 3935 separata
656 3861 893 3933 disjungi
928 3875 1037 3915 non
1078 3869 1328 3930 possunt,
1367 3856 1826 3929 quemadmodum
1857 3856 1965 3912 dis—

366 3958 558 4029 juncta
579 3965 702 4011 actu
738 3963 794 4010 et
823 3968 917 4024 per
941 3962 1147 4025 partes,
1179 3953 1442 4008 unionem
1472 3951 1773 4007 secundum
1794 3950 1964 4021 hypo-

372 4052 561 4109 stasim
605 4058 661 4106 et
706 4048 1056 4105 essentialem
1090 4048 1291 4103 habere
1335 4063 1447 4103 non
1484 4056 1739 4118 possunt.
1783 4045 1964 4111 Quare

373 4160 475 4203 nos
522 4143 659 4199 nihil
709 4143 837 4207 tale,
891 4142 1029 4198 duas
1088 4150 1346 4206 naturas,
1413 4149 1468 4196 et
1534 4141 1671 4196 duas
1719 4140 1964 4210 proprie-

370 4248 511 4294 tates
562 4246 910 4300 naturarum,
941 4249 1062 4305 qua:
1089 4233 1144 4288 in
1175 4249 1285 4289 uno
1318 4233 1541 4290 Christo
1574 4244 1724 4297 sunt,
1752 4243 1960 4304 partes,

372 4330 806 4394 considerantes,
840 4326 1098 4381 facimus.
1126 4323 1315 4396 Neque
1347 4325 1496 4380 enim
1555 4340 1818 4380 numerus
1875 4340 1963 4380 se-

370 4425 609 4481 eundum
635 4438 695 4479 se
723 4423 887 4477 rebus
916 4421 1245 4477 divisionem
1276 4420 1508 4487 inducit,
1542 4435 1719 4490 neque
1748 4436 1837 4475 res
1866 4434 1963 4489 per

371 4534 432 4574 se
462 4517 827 4573 subsistentes
856 4522 1233 4585 repraesentat.
1271 4511 1459 4583 Neque
1492 4513 1637 4567 enim
1668 4527 1789 4577 nos,
1811 4511 1958 4583 quod
1988 4497 2038 4557 ι)

372 4623 751 4673 numeramus,
774 4616 828 4662 et
856 4615 1067 4661 tantum
1096 4606 1416 4661 ditior-entia:
1447 4606 1675 4667 ratione,
1709 4615 1957 4671 naturas,
2010 4610 2011 4613 “

369 4712 642 4757 eteorum
673 4707 850 4763 actus,
894 4707 949 4753 et
979 4699 1286 4753 voluntates
1342 4699 1554 4753 naturis
1597 4707 1961 4770 congruentes

371 4806 789 4858 asseveramus,
821 4790 1147 4845 divisionem
1181 4790 1484 4845 secundum
1515 4798 1697 4845 actum
1729 4799 1783 4845 et
1823 4791 1964 4846 exsi-

372 4884 630 4942 stentiam
674 4884 733 4938 in
770 4883 985 4939 naturis
1052 4892 1109 4937 et
1165 4882 1592 4954 proprietatibus
1621 4884 1959 4951 inducimus,

375 4987 435 5034 ut
462 4977 610 5049 quod
646 4992 678 5032 a
715 4986 764 5032 te
828 4976 1109 5043 scribitur,
1159 4977 1340 5032 locum
1394 4974 1613 5031 habeat.
1656 4974 1864 5042 Quodsi
1894 4992 1961 5032 ex

373 5074 462 5139 iis,
494 5087 619 5143 quae
661 5070 881 5136 scribis,
928 5068 1068 5126 nihil
1106 5083 1209 5124 nos
1240 5067 1405 5133 lmdit,
1438 5069 1643 5125 frustra
1671 5070 1775 5123 hac
1799 5079 1962 5139 atque

374 5166 501 5221 illac
528 5180 839 5222 sermonem
878 5165 1076 5236 agitas,
1111 5162 1397 5219 veritatem
1433 5162 1731 5219 infamans.
1754 5162 1821 5219 Et
1844 5164 1961 5220 hanc

375 5260 597 5331 quidem
635 5260 711 5316 ita
734 5276 793 5316 se
815 5259 1042 5315 habent.

443 5440 538 5498 20.
565 5439 798 5508 Quando
819 5454 950 5496 vero
982 5447 1037 5495 et
1078 5438 1183 5494 hoc
1214 5440 1267 5494 in
1315 5448 1505 5495 nostra
1537 5439 1770 5510 epistola
1825 5441 1961 5497 scri-

373 5538 610 5609 psimus,
637 5533 1140 5591 Chalcedonensem
1170 5532 1441 5605 synodum
1464 5545 1751 5604 propterea
1783 5535 1963 5589 accla-

375 5644 559 5686 masse
589 5643 753 5682 unam
781 5641 1073 5698 personam
1121 5635 1177 5681 et
1203 5641 1368 5681 unam
1418 5626 1782 5698 hypostasim,
1815 5630 1961 5699 quod

374 5733 432 5777 et
466 5720 753 5792 passiones
803 5728 859 5773 et
913 5718 1180 5773 miracula
1216 5718 1382 5774 unius
1428 5735 1493 5775 ex
1538 5730 1728 5776 sancta
1780 5720 1961 5775 Trini-

370 5820 508 5883 tate,
550 5811 648 5867 Dei
679 5811 845 5868 Verbi
871 5810 1102 5879 scilicet,
1126 5825 1248 5869 esse
1272 5821 1622 5893 reputantur,
1644 5823 1701 5893 et
1731 5815 1800 5872 ad
1828 5831 1955 5881 eum

2062 3317 2446 3389 γματίζοντες,
2482 3313 2725 3386 δηλονότι
2755 3311 2879 3367 καθ’
2911 3312 3211 3366 ὑπόστασιν
3242 3309 3335 3363 καὶ
3374 3308 3648 3371 οὑσιωδῶς

2061 3408 2436 3479 γεγενημένην
2482 3408 2541 3460 ὲν
2587 3404 2667 3477 τῷ
2706 3404 2788 3459 ἑνὶ
2828 3402 3050 3475 Χριστῷ
3097 3404 3350 3473 λέγουσι,
3394 3403 3488 3455 καὶ
3523 3401 3647 3463 τοὺς

2062 3498 2316 3571 ἐνεργείᾳ
2345 3497 2438 3551 καὶ
2468 3496 2701 3568 ὑπάρξει
2730 3495 2830 3559 τὰς
2864 3494 2958 3547 δύο
2994 3493 3185 3563 φύσεις
3225 3493 3326 3548 ἀνά
3356 3492 3523 3563 μέρος
3555 3488 3648 3543 καὶ

2063 3592 2234 3663 χωρὶς
2262 3590 2527 3654 τιθέντας,
2555 3591 2583 3643 ὃ
2625 3590 2740 3642 ἐστι
2775 3588 3072 3661 Νεστόριος
3096 3589 3122 3641 ὁ
3161 3586 3479 3656 θεοστυγὴς,
3511 3584 3648 3655 πρὸς

2063 3683 2228 3737 αὑτὸν
2252 3681 2632 3753 διηνέχθησαν,
2662 3681 2756 3735 καὶ
2786 3679 2863 3751 τῷ
2887 3679 3194 3750 ἀναθέματι
3224 3680 3453 3741 δικαίως
3485 3678 3647 3729 αὑτὸν

2063 3773 2462 3829 καθυπέὸαλον.
2503 3773 2612 3826 Καὶ
2654 3773 2764 3843 γὰρ
2800 3773 2869 3826 τὰ
2899 3772 3159 3843 ἡνωμένα
3191 3770 3312 3825 καθ’
3344 3770 3647 3823 ὑπόστασιν

2064 3866 2159 3921 καὶ⁹
2185 3864 2478 3931 οὑσιωδῶς,
2504 3863 2891 3935 κεχωρισμένα
2917 3864 3022 3935 ἰδίᾳ
3052 3863 3144 3915 καὶ
3174 3861 3275 3915 άνά
3310 3861 3474 3932 μέρος
3505 3856 3649 3913 εἶναι

2065 3961 2347 4026 ἀδύνατον,
2386 3961 2576 4031 ὥσπερ
2608 3961 2702 4015 καὶ
2744 3959 2815 4013 τὰ
2857 3959 3240 4030 κεχωρισμένα
3284 3955 3515 4027 ὑπάρξει
3554 3952 3648 4008 καὶ

2064 4055 2315 4127 ἐνεργείᾳ
2359 4055 2454 4108 καὶ
2503 4053 2607 4110 ἀνὰ
2657 4054 2855 4125 μέρος,
2896 4054 2994 4127 τὴν
3042 4052 3165 4106 καθ’
3203 4051 3499 4105 ὑπόστασιν
3553 4046 3648 4101 καὶ

2064 4148 2297 4220 οὑσιώδη
2337 4148 2534 4201 ἕνωσιν
2565 4146 2708 4217 ἔχειν
2736 4146 2798 4200 οὑ
2825 4145 3101 4200 δύνανται.
3149 4142 3450 4214 Τοιγαροῦν
3488 4144 3649 4213 ἡμεῖς

2063 4240 2215 4297 οὐδὲν
2258 4241 2503 4296 τοιοῦτον
2554 4244 2612 4296 ἐν
2638 4240 2717 4313 τῷ
2757 4238 3002 4307 δοξάζειν
3049 4239 3143 4294 δύο
3173 4237 3396 4309 φύσεις,
3428 4240 3522 4291 καὶ
3556 4238 3647 4291 δύο

2068 4336 2339 4406 ἰδιότητας
2362 4335 2471 4387 τῶν
2490 4334 2707 4405 φύσεων
2726 4333 2835 4386 τῶν
2860 4334 2918 4387 ὲν
2945 4333 3022 4403 τῷ
3047 4334 3126 4386 ἐνὶ
3156 4332 3375 4404 Χριστῷ
3399 4332 3469 4384 τὰ
3501 4331 3644 4401 μέρη

2065 4427 2529 4501 ἀναθεωροῦντες,
2580 4426 2864 4498 ποιοῦμεν.
2917 4428 2991 4479 Οὑ
3032 4426 3140 4500 γὰρ
3172 4427 3201 4479 ὁ
3256 4424 3487 4497 ἀριθμὸς
3522 4423 3645 4477 καθ’

2063 4520 2228 4575 αὑτὸν
2272 4520 2598 4590 διαιρέσεως
2643 4519 2752 4573 τῶν
2793 4519 3136 4591 πραγμάτων
3171 4518 3287 4572 ἐστὶ
3322 4516 3642 4589 ποιητικὸς,

2061 4612 2185 4667 οὑδὲ
2224 4611 2611 4666 ίδιοσυστάτων
2659 4610 3014 4682 πραγμάτων,
3046 4609 3476 4680 παραπατικός.
3511 4605 3646 4661 Οὐδὲ

2062 4706 2172 4777 γὰρ
2210 4706 2372 4777 ἡμεῖς
2404 4702 2493 4756 διά
2526 4703 2588 4756 τὸ
2621 4703 2875 4774 ἀριθμεῖν
2908 4704 3002 4756 καὶ
3049 4701 3209 4771 μόνον
3242 4700 3319 4771 τῷ
3366 4700 3510 4769 λόγῳ
3548 4699 3647 4767 τῆς

2061 4799 2323 4869 διαφορᾶς
2362 4796 2463 4860 τὰς
2485 4795 2696 4865 φύσεις,
2728 4796 2823 4849 καὶ
2854 4796 2954 4859 τὰς
2987 4795 3192 4848 τούτων
3221 4794 3522 4865 ἐνεργείας,
3555 4792 3648 4846 καὶ

2062 4892 2309 4962 θελήσεις
2335 4888 2690 4959 καταλλήλως
2710 4888 2822 4942 τῶν
2849 4888 3064 4957 φύσεων
3089 4886 3350 4953 δοξάζειν,
3383 4886 3646 4956 διαίρεσιν

2061 4984 2162 5054 τὴν
2196 4980 2317 5037 κατ’
2344 4981 2626 5052 ἐνέργειαν
2654 4981 2748 5033 καὶ
2776 4978 3009 5052 ὓπαρξιν
3037 4980 3128 5032 ἐπὶ
3166 4979 3275 5032 τῶν
3304 4976 3517 5047 φύσεων
3556 4974 3647 5029 καὶ

2062 5074 2171 5128 τῶν
2209 5074 2491 5144 ίδιοτήτων
2537 5072 2793 5144 λέγομεν,
2827 5072 2912 5124 ἵνα
2940 5072 3034 5125 καὶ
3065 5069 3250 5142 χώραν
3288 5069 3349 5121 τὸ
3377 5068 3526 5139 παρά
3554 5064 3644 5119 σοῦ

2061 5168 2409 5241 γραφόμενον
2464 5165 2624 5240 λάϐῃ.
2682 5165 2745 5218 Εἰ
2796 5165 2854 5219 δὲ
2905 5164 3057 5218 οὐδὲν
3100 5156 3174 5216 ὧν
3214 5162 3446 5231 γράφεις
3491 5160 3646 5230 ἡμῶν

2063 5263 2390 5332 ἐφάπτεται,
2430 5261 2606 5331 μάτην
2645 5255 2746 5313 ὦδε
2779 5259 3001 5312 κάκεῖσε
3032 5257 3125 5310 τὸν
3157 5256 3315 5324 λόγον
3343 5256 3513 5316 κινεῖς
3556 5269 3648 5305 συ-

2061 5352 2349 5422 κοφαντῶν
2382 5353 2480 5424 τὴν
2510 5351 2791 5422 ἀλήθειαν.
2842 5352 2951 5404 Καὶ
2978 5348 3152 5402 ταῦτα
3183 5348 3283 5418 μὲν
3316 5347 3374 5399 ὲν
3414 5344 3643 5407 τούτοις.

2134 5453 2204 5501 κ’.
2268 5446 2423 5498 Ἐπεὶ
2477 5444 2534 5498 δὲ
2588 5442 2875 5497 καὶτοῦτο
2922 5443 2980 5497 έν
3022 5441 3100 5511 τῷ
3149 5440 3440 5513 γράμματι
3490 5437 3647 5511 ἡμῶν

2063 5536 2473 5609 συνετάξαμεν,
2529 5538 2613 5590 ὅτι
2666 5539 2699 5608 ἡ
2750 5541 2807 5590 ὲν
2865 5535 3169 5606 Χαλκηδόνι
3226 5534 3360 5603 ἁγία
3429 5532 3649 5597 σύνοδος

2063 5632 2151 5686 διά
2176 5649 2256 5685 τοι
2279 5629 2437 5684 τοῦτο
2464 5629 2806 5700 ἐξεφώνησεν
2834 5629 2891 5682 ἓν
2915 5631 3211 5701 πρόσωπον
3242 5629 3334 5682 καὶ
3357 5628 3489 5698 μίαν
3510 5626 3646 5681 ὑπό-

2064 5740 2271 5787 στασιν,
2306 5722 2395 5776 διὰ
2428 5723 2491 5775 τὸ
2529 5723 2623 5775 καὶ
2655 5723 2724 5775 τὰ
2779 5723 2924 5794 πάθη
2967 5723 3061 5776 καὶ
3111 5725 3180 5776 τά
3240 5720 3499 5791 θαύματα
3551 5720 3643 5774 τοῦ

2063 5817 2183 5883 ἐνὸς
2211 5817 2308 5888 τῆς
2351 5816 2514 5887 ἁγίας
2545 5817 2795 5887 Τριάδος,
2840 5817 2957 5888 ἤτοι
2989 5815 3082 5871 τοῦ
3127 5814 3264 5871 Θεοῦ
3290 5815 3468 5887 Λόγου
3497 5813 3646 5886 107i-
