3994 6598
273 399 373 464 653

1121 389 1553 454 REFUTATIO
1580 389 1965 457 EPISTOL/E
1999 390 2230 453 REGIS
2260 391 2650 454 ARMENIAE.

3439 393 3546 458 654

271 507 488 574 ζεσθαι,
526 504 621 560 καὶ
658 508 735 571 εἰς
787 505 950 561 αὑτὸν
1000 506 1346 576 ἀνατρέχειν,
1398 506 1564 569 αὑτὸς
1612 508 1713 560 οὑκ
1751 503 1847 561 οἷδ’

1968 509 2267 575 ἑθειιιιιιηι,
2303 518 2363 563 ιιι
2394 509 2531 581 ipse,
2585 507 2774 564 nescio
2808 523 2915 579 qua
2956 508 3191 573 ratione,
3235 509 3545 565 inconsulte

268 604 413 665 ὅπως
444 600 685 672 ἀκρίτως
716 601 786 655 τά
816 599 948 670 παρ’
988 599 1143 671 ἡμῶν
1187 600 1464 671 ὲπιγελᾷς,
1497 600 1591 654 καὶ
1618 600 1753 672 πρὸς
1776 600 1849 654 τὰ

269 693 547 766 γραφέντα
576 692 898 763 ἀντιλέγεις,
922 695 1016 746 καὶ
1034 693 1461 764 ἀποθαυμάζων,
1488 687 1591 747 ὧδέ
1614 710 1687 764 πη
1715 692 1855 765 γρά-

176 764 183 779 ’
269 764 411 856 φεις’
450 783 561 838 Καὶ
605 784 761 839 ἄλλο
811 785 1007 855 θαῦμα
1039 786 1308 855 ἔγνωμεν
1335 785 1407 838 ἐν
1448 784 1529 851 τῷ
1562 764 1857 855 γράμματι

268 898 405 946 σου,
442 878 530 932 ὅτι
576 880 613 947 ὴ
661 880 924 945 σύνοδος
969 879 1081 947 τῆς
1128 877 1518 944 Χαλκηδόνος
1558 878 1631 933 ἐν
1667 880 1857 948 πρόσ-

267 990 434 1026 ωπον
472 974 567 1026 καὶ
610 971 719 1025 δύο
762 973 980 1040 φύσεις
1025 971 1129 1026 διὰ
1172 971 1351 1025 τοῦτο
1400 971 1712 1040 ἐλάλησεν
1767 974 1857 1038 είς

267 1067 552 1133 Χριστὸν,
595 1066 685 1119 ὅτι
721 1065 800 1129 τῷ
832 1065 924 1119 ἑνὶ
965 1066 1134 1135 Λόγῳ
1169 1066 1274 1119 τοῦ
1312 1066 1462 1121 Θεοῦ
1492 1066 1853 1135 λογίζονται,

266 1160 364 1212 καί
383 1158 790 1228 ἀνατρέχουσι
812 1160 880 1212 τὰ
903 1147 1085 1227 πάθη,
1109 1161 1258 1228 πρὶς
1274 1158 1348 1213 ὃν
1369 1163 1401 1214 0'
1414 1160 1707 1231 μακάριος
1737 1163 1857 1215 Κύ-

262 1254 480 1320 ριλλος
516 1252 774 1319 δεόντως
822 1252 1270 1321 ἀπελογήσατο.
1304 1255 1511 1319 Ὄντως
1549 1256 1618 1309 τά
1647 1256 1859 1327 ἄμικτα

270 1344 537 1413 μιγνύων,
572 1346 667 1398 καὶ
706 1348 773 1399 τὰ
815 1346 1061 1416 μηδόλως
1101 1349 1385 1401 κοινωνίαν
1430 1350 1573 1403 κατά
1619 1350 1860 1404 διάνοιαν

265 1435 490 1505 ἔχοντα,
541 1438 915 1509 ὁμοιοτρόπως
967 1438 1180 1511 λογίζῃ,
1236 1442 1329 1493 καὶ
1363 1442 1471 1494 εἴτε
1524 1440 1688 1508 ἑκὼν,
1749 1444 1859 1496 εἴτε

265 1532 440 1596 ἄκων,
485 1531 618 1593 Θεὸς
666 1530 733 1584 ἂν
778 1531 947 1601 εἰδείη
996 1531 1176 1600 μόνος,
1234 1533 1327 1585 καὶ
1362 1533 1420 1585 τὸ
1458 1534 1712 1604 διάφορον
1761 1535 1861 1605 τῆς

265 1624 429 1694 ἡμῶν
447 1622 685 1694 γραφῆς,
704 1623 916 1693 καὶτῆς
947 1622 1037 1676 τοῦ
1063 1624 1360 1695 Νεστορίου
1392 1627 1702 1691 κακονοίας,
1738 1643 1864 1681 συν-

261 1715 401 1783 ἧσαι
440 1716 501 1767 οὑ
546 1714 745 1785 βούλει.
792 1712 1032 1777 Ἐκεῖνος
1083 1715 1183 1784 μὲν
1234 1715 1342 1785 γὰρ
1376 1717 1573 1769 ταυτὸν
1617 1717 1861 1787 οἰόμενος

261 1804 409 1861 εἶναι
444 1808 609 1878 φύσιν
633 1810 727 1862 καὶ
776 1808 1070 1879 πρόσωπον
1100 1808 1197 1861 καὶ
1222 1809 1546 1874 ὑπόστασιν,
1594 1811 1685 1863 καὶ
1713 1812 1764 1864 τί
1800 1811 1859 1864 τὸ

1962 612 2149 658 nostra
2182 601 2460 669 deridens,
2517 602 2736 673 scriptis
2770 603 3125 669 contradicis,
3154 618 3259 657 nec
3293 602 3412 657 sine
3448 606 3546 656 att-

1960 698 2253 752 miratione
2284 698 2429 753 hunc
2460 697 2517 751 in
2556 697 2777 751 modum
2828 697 3069 767 loqueris
3103 715 3116 751 :
3153 696 3314 750 Aliud
3345 713 3548 767 quoque

1961 791 2319 845 admiratione
2360 807 2463 845 non
2512 790 2791 859 indignum
2830 791 2883 843 in
2917 801 3008 843 tua
3047 789 3271 860 epistola
3302 789 3546 859 legimus,

1960 882 2219 950 synodum
2264 880 2743 935 Chalcedonemem
2804 882 2920 935 ideo
2976 898 3135 934 nnant
3184 897 3461 950 personam
3497 894 3546 933 et

1959 976 2096 1029 duas
2132 984 2349 1029 naturas
2381 978 2646 1030 censuisse
2701 976 2757 1029 in
2803 977 3034 1039 Christo,
3059 976 3197 1046 quod
3244 973 3336 1029 inii
3382 973 3547 1028 Verbo

1961 1069 2139 1122 divino
2171 1068 2510 1122 ascribantur
2528 1070 2802 1139 passiones
2824 1110 2838 1137 ,
2866 1082 2919 1123 et
2956 1069 3025 1122 ad
3064 1085 3180 1122 eum
3226 1068 3544 1137 referantur,

1963 1162 2048 1214 cui
2092 1160 2277 1215 beatus
2326 1159 2588 1231 Cyri/lus,
2622 1163 2699 1214 uti
2750 1178 2850 1231 par
2893 1170 3030 1227 erat,
3081 1161 3371 1230 respondit.
3410 1158 3549 1215 νοω

1964 1268 2086 1323 (ιυιο
2130 1252 2348 1307 misceri
2391 1270 2501 1307 non
2561 1264 2792 1323 possunt
2843 1254 3183 1320 immiscens,
3230 1268 3348 1323 qua:
3401 1253 3548 1307 nulla

1963 1346 2376 1410 communione,
2403 1348 2566 1401 etiam
2598 1362 2693 1419 per
2725 1348 3083 1411 intellectum,
3113 1350 3547 1419 conjunguntm,

1964 1436 2156 1491 eadem
2220 1438 2433 1506 ratione
2490 1438 2803 1508 perpendis,
2839 1431 2893 1492 ἐι
2938 1440 3054 1493 sive
3086 1438 3156 1528 id.
3189 1438 3391 1501 libens,
3434 1441 3551 1494 sive

1969 1529 2174 1585 invitus
2203 1546 2354 1600 agas,
2392 1529 2533 1586 Deus
2579 1530 2955 1585 tantummodo
2990 1532 3226 1596 noverit,
3269 1542 3324 1585 et
3349 1543 3551 1587 nostra:

1965 1622 2305 1691 scriptionis,
2339 1632 2392 1676 et
2438 1621 2777 1677 Nestoriana:
2826 1622 3061 1679 vesania:
3108 1622 3403 1679 discrimen
3460 1640 3551 1679 co-

1968 1729 2233 1785 gnoscere
2270 1715 2474 1770 renuis.
2516 1714 2607 1769 Ille
2644 1716 2791 1770 enim
2824 1716 2965 1771 idem
2994 1732 3114 1772 esse
3144 1732 3435 1788 personam
3499 1728 3555 1772 et

1970 1805 2308 1876 hypostasim
2341 1807 2683 1871 existimans,
2725 1807 2967 1877 quidque
2998 1810 3140 1862 inter
3178 1819 3413 1879 utraque
3467 1809 3554 1863 in-

263 1903 326 1955 ὲν
361 1904 566 1972 ἀμφοῖν
593 1902 848 1971 διάφορον
879 1900 1110 1967 ἀγνοῶν,
1141 1900 1234 1953 καὶ
1262 1901 1444 1953 πᾶσαν
1473 1900 1635 1969 φύσιν
1666 1901 1861 1954 ἰδιοσὺ-

1969 1908 2190 1965 tererat,
2228 1899 2509 1968 ignorans,
2546 1908 2599 1954 et
2630 1915 2847 1954 omnem
2891 1910 3142 1955 naturam
3176 1918 3271 1971 per
3294 1919 3353 1957 se
3380 1905 3555 1957 subsi-

266 2012 468 2047 στατον
493 1994 865 2064 λογιζόμενος,
894 1993 1030 2063 πρὸς
1055 1992 1153 2064 τὴν
1185 1994 1305 2046 καθ’
1337 1994 1634 2047 ὑπόστασιν
1666 1995 1860 2048 ἕνωσιν

263 2089 685 2155 ἀττεδυσιτέτει,⁸
709 2087 785 2152 ὡς
826 2086 989 2157 δῆθεν
1022 2088 1130 2140 τῶν
1172 2087 1388 2155 φύσεων
1418 2092 1862 2159 συναιρουμένων

262 2184 330 2235 ἐν
355 2184 421 2252 τῇ
455 2181 647 2234 ἑνώσει
679 2180 773 2234 τοῦ
816 2180 932 2243 ἐνὸς
965 2178 1283 2251 προσώπου.
1317 2180 1411 2244 Εἰς
1455 2179 1548 2233 τὸν
1584 2180 1724 2233 θεῖον
1750 2198 1863 2234 τοι·

264 2274 481 2347 γαροὺν
516 2274 688 2343 Λόγον
711 2274 1030 2342 ἐπισφαλῶς
1064 2272 1258 2336 οἴεται,
1292 2272 1427 2345 πρὸς
1456 2273 1515 2325 ὃν
1540 2275 1567 2327 6
1597 2275 1656 2327 ὲν
1687 2273 1864 2343 ἁγίοις

265 2369 543 2440 Κύριλλος
584 2371 647 2424 ὲκ
676 2367 771 2421 τοὺ
816 2366 1265 2439 παραδείγματος
1310 2366 1405 2419 τοῦ
1452 2368 1594 2421 κατὰ
1635 2367 1725 2421 τὸν
1767 2368 1865 2422 ἄν-

264 2462 493 2535 θρωπον
546 2461 894 2525 ὑπεδείκνυε,
939 2459 1033 2512 δὺο
1068 2458 1284 2528 φύσεων
1329 2460 1387 2512 ὲν
1427 2461 1525 2531 μιᾷ
1569 2460 1864 2514 ὑποστάσει

264 2552 689 2623 θεωρουμένων,
714 2545 825 2606 οἷόν
854 2552 906 2604 τί
935 2569 1103 2622 φημι,
1140 2549 1395 2621 σώματος
1417 2554 1512 2604 καὶ
1542 2551 1861 2621 ἀσωμάτου,

261 2647 320 2699 εί
357 2646 449 2698 καί
472 2663 523 2700 τι
544 2646 766 2714 λέγεται
798 2646 992 2698 παθεῖν
1019 2645 1047 2697 6
1078 2643 1394 2715 ἄνθρωπος,
1432 2639 1544 2698 οἷον
1581 2645 1854 2713 καίεσθαι,

261 2739 301 2808 ἢ
339 2738 659 2809 τέμνεσθαι,
696 2739 839 2791 κατά
874 2736 1036 2808 σῶμα
1072 2737 1222 2790 τουτὶ
1256 2737 1528 2803 πέπονθε,·
1554 2737 1655 2809 τῆς
1686 2737 1868 2809 ψυχῆς

263 2832 549 2901 ἀμειώτου
576 2831 673 2884 καὶ
710 2828 981 2893 ἀῦὶ.α6οὑς
1021 2830 1453 2901 φυλαττομένης.
1492 2830 1595 2884 Τὸν
1621 2832 1784 2885 αὑτὸν
1803 2830 1868 2903 δὴ

261 2926 477 2996 τρόπον
506 2924 601 2977 καὶ
634 2923 728 2976 ἐπὶ
756 2922 849 2977 τοῦ
880 2921 1016 2976 Θεοῦ
1046 2923 1222 2993 Λόγου
1249 2923 1398 2977 ἐστιν
1429 2924 1579 2977 ἰδεῖν.
1616 2923 1726 2977 Τοῦ
1758 2924 1867 2994 γὰρ

262 3014 413 3068 Θεοῦ
462 3016 638 3084 Λόγου
668 3016 997 3085 σωματικῶς
1037 3017 1360 3086 πάσχοντος,
1403 3017 1563 3079 αὑτὸς
1613 3015 1865 3087 ἀπαθὴς,

262 3112 398 3165 ὅσον
427 3106 531 3185 ἧκε
562 3110 621 3164 τὸ
658 3112 748 3164 ἐπ’
783 3110 953 3181 αὑτῷ,
990 3111 1126 3163 καθὸ
1152 3111 1283 3174 Θεὸς
1317 3112 1553 3181 ἄναρχος
1584 3110 1679 3163 καὶ
1718 3110 1866 3164 ἀσώ-

268 3206 449 3275 ματός
482 3207 622 3269 ἐστι,
667 3204 987 3276 διετηρείτο.
1038 3205 1149 3257 Καὶ
1199 3202 1375 3267 οὑ.ως
1425 3204 1525 3275 μὲν
1576 3204 1870 3277 Νεστόριος

262 3299 500 3369 νοήσας,
550 3298 772 3352 ἐναντία
808 3297 1055 3369 γέγραφε
1097 3296 1235 3367 πρὸς
1274 3296 1565 3367 Κύριλλον.
1616 3297 1674 3351 '0
1712 3298 1767 3350 δὲ
1802 3299 1864 3370 δὴ

264 3393 372 3461 τῆς
415 3391 581 3459 ἁγίας
621 3391 890 3463 τετάρτης
941 3393 1160 3447 συνόδιυ
1203 3390 1406 3455 σκοπὸς
1437 3391 1609 3463 ἑτέρῳ
1638 3393 1741 3445 τινὶ
1771 3392 1867 3445 καὶ

261 3485 336 3537 οὑ
365 3485 488 3538 καθ’
515 3484 543 3537 ὃ
565 3484 861 3556 Νεστόριος
891 3485 919 3536 6
952 3484 1173 3556 ἐναγὴς,
1205 3483 1341 3538 ἀλλὰ
1372 3483 1469 3537 καὶ
1514 3484 1575 3537 τὸ
1603 3483 1866 3555 διάφορον

262 3578 374 3647 τῆς
406 3577 654 3646 φύσεως,
690 3578 717 3631 ὃ
746 3577 859 3649 ἔχει
910 3578 1044 3648 πρὸς
1071 3579 1171 3648 τὴν
1215 3578 1537 3642 ὑπόστασιν,
1574 3576 1868 3642 συνοδικῶς

267 3675 369 3725 καὶ
400 3671 693 3743 Πατρικῶς
719 3672 997 3742 διακριθὲν
1034 3670 1223 3739 σαφῶς
1252 3671 1394 3742 ᾔδει,
1428 3671 1522 3724 καὶ
1555 3672 1738 3724 πᾶσαν
1762 3669 1864 3741 (p6-

268 3782 361 3817 σιν
410 3762 779 3827 ἰδιοσὺστατον
809 3761 951 3827 εἶναι
995 3765 1072 3835 μὴ
1106 3763 1456 3836 λογιζομένη,
1490 3764 1586 3817 καὶ
1620 3765 1720 3835 τὴν
1742 3764 1865 3818 καθ’

270 3854 577 3909 ὑπόστασιν
605 3854 701 3909 καὶ
724 3854 955 3925 οὑσιώδη
976 3856 1172 3910 ’ἐνωσιν
1194 3856 1294 3929 τὴν
1319 3858 1412 3909 ἐπὶ
1435 3857 1675 3927 Χριστοῦ
1708 3859 1869 3928 ἀκρι-

268 3950 387 4012 ϐῶς
425 3949 797 4020 ἐπισταμένη,
850 3956 943 4003 καὶ
985 3952 1068 4004 ὅτι
1099 3953 1129 4005 6
1162 3951 1334 4015 ἀΐδιος
1364 3950 1538 4020 Λόγος
1570 3953 1632 4007 ὲν
1662 3952 1728 4022 τῇ
1762 3951 1867 4022 ἰδίᾳ

270 4044 577 4098 ὑποστάσει
626 4045 906 4115 ὑπέστησε
961 4047 1060 4116 τὴν
1112 4045 1390 4117 ἡμετέραν
1425 4044 1609 4115 φύσιν,
1659 4048 1753 4099 καὶ
1786 4046 1866 4116 τῷ

269 4137 531 4209 λόγῳ-τῆς
554 4137 905 4203 οίκειὼσεως,
928 4138 1028 4209 τῆς
1059 4139 1320 4209 φυσικῆς,
1352 4139 1518 4210 φημὶ,
1553 4138 1649 4191 καὶ
1667 4136 1865 4191 οὑσιὼ-

269 4232 420 4296 δους,
468 4234 564 4285 καὶ
590 4232 652 4285 οὑ
695 4233 792 4302 τῆς
825 4234 1188 4305 προσωπικῆς
1228 4232 1322 4286 καὶ
1347 4232 1488 4286 κατά
1514 4232 1698 4302 σχέσιν
1728 4232 1864 4285 θεω-

272 4325 578 4397 ρουμένης,
632 4324 833 4391 ἄπαγε,
880 4326 947 4395 ἣν
992 4324 1091 4378 καὶ
1134 4323 1431 4394 Νεστόριος
1480 4324 1617 4395 πρὸς
1651 4324 1743 4377 τὸν
1772 4324 1864 4379 ἄν·

270 4414 495 4486 θρωπον
524 4414 667 4485 ἔχειν
699 4414 791 4468 τὸν
824 4415 997 4482 Λόγον
1022 4416 1341 4486 ἐκήρυττεν,
1374 4413 1510 4467 ἀλλὰ
1541 4414 1765 4486 μᾶλλον,
1789 4415 1864 4480 ὡς

271 4508 509 4577 ἔφαμεν,
554 4509 654 4579 τὴν
700 4509 936 4579 φυσικὴν
966 4510 1059 4562 καὶ
1103 4506 1361 4577 οὑσιώδη,
1408 4509 1530 4580 ἥτις
1558 4509 1616 4564 ὲν
1648 4511 1714 4580 τῇ
1741 4508 1864 4562 καθ’

272 4603 578 4656 ὑπόστασιν
629 4601 821 4656 ὲνὼσει
882 4603 1200 4673 θεωρεῖται,
1256 4603 1439 4667 καλῶς
1493 4602 1861 4671 γινώσκουσα,
1896 4626 1940 4681 D

270 4696 371 4749 καὶ
416 4695 497 4748 ὅτι
546 4695 639 4748 τὸν
688 4695 860 4748 ἀΐδιον
898 4696 1025 4749 Υίὸν
1078 4694 1379 4760 δοξάζουσα
1429 4695 1717 4767 ἄνθρωπον
1764 4712 1861 4764 γε·

270 4788 577 4859 γενῆσθαι,
610 4788 769 4842 τοῦτο
806 4788 1014 4858 ἔλεγεν,
1072 4790 1212 4861 ὅπερ
1256 4790 1576 4854 ’Λθανάσιος
1616 4792 1712 4843 καὶ
1748 4790 1863 4843 Ku-

272 4881 455 4952 ριλλος
493 4885 542 4936 οἱ
597 4884 696 4953 τῆς
758 4882 1166 4956 Ἀλεξανδρείας
1227 4884 1518 4956 εἰρήκασιν
1572 4884 1859 4956 ίεράρχαι,

272 4974 369 5026 καὶ
398 4974 599 5038 πάντες
632 4978 681 5028 oi
720 4976 982 5044 Πατέρες,
1027 4977 1110 5029 ὅτι
1141 4976 1334 5036 κτίσας
1361 4978 1425 5029 ἐκ
1452 4979 1551 5043 τῆς
1586 4976 1861 5044 πανάγνου

274 5065 557 5137 Παρθένου
599 5069 820 5139 Μαρίας
867 5067 1046 5139 ἐαυτῷ
1078 5068 1260 5139 σάρκα
1310 5067 1671 5140 ὲψυχωμένην
1713 5067 1861 5138 ψυχῇ

273 5156 465 5227 λογικῇ
516 5159 611 5212 καὶ
649 5160 835 5231 νοερᾷ,
876 5159 973 5231 τὴν
1020 5159 1372 5230 ἀνθρωπίνην
1421 5161 1602 5231 σάρκα
1642 5161 1734 5214 καὶ
1766 5162 1864 5231 τὴν

274 5252 625 5321 ἀνθρωπίνην
684 5252 864 5323 ψυχὴν
929 5252 1067 5306 ἰδίαν
1120 5255 1218 5322 τῆς
1285 5254 1452 5307 αὑτοὺ
1514 5254 1865 5317 ὑποστάσεως

276 5345 591 5414 ἐποιήσατο.
643 5346 755 5398 Καὶ
789 5346 847 5398 ὃν
877 5346 1080 5416 τρόπον
1109 5346 1137 5398 6
1165 5346 1394 5416 Πέτρος,
1445 5345 1477 5415 ἢ
1527 5345 1687 5408 ἄλλος
1746 5363 1864 5411 πως

281 5437 439 5508 σῶμα
469 5436 811 5509 ἀνθρώπινον
856 5438 998 5508 ἔχων
1038 5439 1129 5492 καὶ
1171 5438 1352 5508 ψυχὴν
1386 5437 1736 5510 ἀνθρωπίνην
1774 5440 1865 5493 ἄν-

275 5531 492 5603 θρωπός
516 5533 654 5596 ἐστι,
674 5533 765 5585 τὸν
791 5534 953 5586 αὑτὸν
977 5534 1041 5604 δὴ
1063 5534 1265 5603 τρόπον
1284 5534 1313 5585 ό
1335 5532 1504 5596 ἀΐδιος
1526 5533 1653 5595 Υἱὸς
1675 5533 1866 5597 κτίσας

274 5626 339 5693 τῇ
374 5624 573 5678 ἑαυτοῦ
616 5625 915 5680 ὑποστάσει
966 5626 1127 5697 σῶμα
1172 5625 1515 5696 ἀνθρώπινον
1560 5626 1656 5679 καὶ
1686 5625 1866 5696 ψυχὴν

278 5715 649 5786 ἀνθρωπίνην,
702 5718 799 5771 καὶ
849 5717 958 5771 ῐδια
1013 5720 1183 5789 ἄμφω
1233 5717 1403 5771 αὑτοῦ
1461 5718 1862 5788 ποιησάμενος,

278 5810 500 5880 γέγονεν
532 5810 749 5882 ἀληθῶς
778 5811 1086 5882 ἄνθρωπος.
1122 5814 1334 5884 Ὠσπερ
1360 5812 1418 5865 δὲ
1450 5812 1510 5865 τὸ
1532 5812 1625 5865 τοῦ
1659 5813 1865 5883 Πέτρου

281 5902 440 5975 σῶμα
466 5904 563 5959 καὶ⁹
598 5903 799 5977 ἡψυχὴ
834 5905 1119 5976 ἀμφότερα
1149 5905 1249 5975 τῆς
1283 5903 1481 5961 ἑαυτοὺ
1513 5900 1867 5969 ὑποστάσεως

1965 2004 2197 2051 stentem
2232 2005 2510 2063 reputans,
2545 1994 2846 2048 secundum
2896 1995 3234 2066 hypOstasitn
3291 1997 3550 2051 unionem

1963 2103 2106 2157 {egre
2150 2085 2379 2154 ferebat,
2411 2087 2567 2157 quasi
2603 2087 2723 2141 dua:
2754 2096 2963 2142 natura:
3008 2090 3468 2144 contraherentur
3496 2090 3551 2144 iu

1968 2180 2167 2233 unione
2206 2179 2370 2233 unius
2402 2194 2668 2249 personae.
2700 2178 2819 2249 Ipse
2853 2179 3036 2249 itaque
3065 2181 3118 2233 in
3156 2180 3392 2234 Verbum
3415 2181 3555 2235 divi-

1965 2287 2095 2326 num
2130 2271 2450 2343 gravissime
2478 2282 2690 2343 peccat,
2738 2274 2826 2327 cui
2856 2273 3016 2327 divus
3033 2273 3553 2343 Cyrillusabcxem-

1966 2364 2057 2434 ple
2087 2365 2328 2420 heminis
2370 2366 2857 2432 commonstrabat,
2892 2367 3029 2421 duas
3069 2378 3297 2422 naturas
3336 2368 3389 2420 in
3447 2383 3555 2421 una

1968 2455 2249 2528 hypostasi
2282 2459 2644 2523 considerari,
2681 2469 2739 2513 ut
2769 2461 3017 2528 corporei
3047 2467 3101 2513 et
3128 2459 3461 2528 incorporei,
3503 2467 3559 2512 et

1968 2552 2015 2606 si
2050 2550 2181 2622 quid
2221 2553 2422 2625 dicitur
2473 2551 2641 2607 homo
2675 2552 2805 2622 pati,
2846 2561 2904 2607 ut
2938 2553 2984 2608 si
3014 2563 3224 2618 uratur,
3267 2554 3312 2607 si
3337 2553 3559 2607 abscin-

1969 2638 2151 2707 datur,
2177 2641 2477 2695 secundum
2503 2655 2706 2713 corpus
2736 2641 2868 2696 illud
2908 2643 3139 2712 perpeti,
3180 2644 3364 2697 anima
3419 2643 3558 2697 inte-

1969 2748 2065 2803 gra
2128 2733 2404 2802 illaesaque
2457 2744 2795 2793 remanente.
2859 2734 3061 2790 Eadem
3122 2736 3333 2791 ratione
3388 2745 3443 2791 et
3492 2738 3559 2791 de

1972 2827 2111 2883 Filio
2138 2829 2230 2884 Dei
2258 2829 2753 2901 philosophandum
2795 2841 2913 2899 est;
2946 2847 3179 2902 namque
3206 2832 3393 2886 divino
3427 2831 3559 2887 Ver-

1971 2919 2040 2974 bo
2062 2922 2423 2990 corporaliter
2460 2923 2720 2993 patiente,
2752 2923 2869 2993 ipse
2898 2924 3235 2989 impatibilis,
3286 2936 3556 2995 quantum

1971 3011 2026 3065 in
2054 3027 2118 3067 eo
2149 3021 2252 3079 est,
2303 3028 2410 3083 qua
2440 3014 2583 3069 Deus
2617 3028 2702 3069 est
2740 3015 2949 3086 absque
2984 3018 3259 3087 principio
3312 3026 3368 3072 et
3417 3018 3556 3072 citra

1972 3120 2191 3177 corpus,
2226 3108 2683 3163 conservabatur.
2736 3109 2804 3164 Et
2841 3110 2917 3164 ita
2965 3111 3254 3167 Nestorius
3313 3112 3559 3167 sentiens

1972 3202 2245 3253 contraria
2282 3200 2501 3270 scripsit
2534 3200 2756 3273 Cyrillo.
2794 3202 2864 3257 At
2912 3214 3103 3258 sancta
3137 3214 3330 3273 quarta
3389 3220 3556 3275 syno-

1971 3289 2075 3345 dus
2111 3292 2218 3347 alio
2254 3293 2558 3364 proposito,
2597 3296 2651 3350 et
2700 3311 2809 3351 non
2847 3306 2906 3351 ut
2936 3299 3310 3353 exsecrandus
3362 3296 3560 3353 Nesto-

1969 3384 2085 3437 rius
2114 3386 2483 3441 diversitatem
2524 3395 2750 3453 naturte,
2783 3404 2949 3460 quam
2981 3389 3143 3446 habet
3181 3391 3248 3447 ad
3298 3392 3557 3462 hyposta-

1969 3474 2096 3537 sim,
2147 3477 2343 3548 synodi
2379 3475 2718 3549 Petrumque
2745 3482 3035 3536 sententiis
3067 3481 3285 3547 edocto,
3332 3492 3387 3537 et
3440 3499 3560 3538 om-

1970 3583 2094 3622 nem
2126 3579 2375 3623 naturam
2394 3585 2490 3640 per
2503 3586 2561 3626 se
2591 3571 2820 3627 minitnc
2838 3572 3142 3628 subsistere
3167 3588 3329 3643 posse
3353 3574 3556 3636 sciens.

1968 3670 2196 3731 cateque
2227 3672 2422 3718 tenens
2455 3665 2759 3719 secundum
2807 3665 3170 3736 hypostasim,
3201 3678 3255 3721 et
3301 3668 3563 3722 essentia-

1968 3756 2074 3810 lem
2110 3757 2371 3813 unionem
2394 3758 2448 3812 itt
2468 3759 2713 3822 Christo,
2732 3768 2787 3815 et
2810 3761 3207 3830 sempiternum
3234 3759 3476 3817 Verbum
3504 3762 3561 3816 in

1969 3853 2189 3922 propria
2224 3854 2505 3925 hypostasi
2538 3855 2872 3911 sustinuisse
2899 3866 3141 3911 nostram
3177 3865 3456 3921 naturam,
3503 3866 3558 3912 et

1968 3945 2236 4000 rationem
2275 3948 2759 4016 appropriationis,
2822 3948 3089 4003 naturalis
3134 3958 3187 4003 et
3225 3950 3554 4017 essentialis,

1968 4053 2075 4091 non
2100 4040 2638 4107 personalis,etqu:e
2661 4042 2962 4096 secundum
3006 4041 3324 4096 relationem
3374 4044 3559 4097 consi-

1967 4132 2213 4195 deratur,
2234 4144 2425 4201 apage,
2442 4146 2603 4200 quam
2618 4130 2902 4189 Nestorius
2918 4149 3046 4202 erga
3065 4133 3340 4187 hominem
3363 4134 3561 4189 habere

1968 4220 2206 4277 Verbum
2227 4222 2561 4293 divulgabat,
2581 4225 2674 4279 sed
2695 4224 2897 4293 potius,
2913 4224 3246 4287 utdiximus,
3269 4226 3558 4289 naturalis,

1966 4314 2365 4377 etesscntialis,
2391 4330 2515 4385 qua:
2539 4316 2591 4369 in
2627 4316 2831 4369 unione
2866 4314 3171 4370 secundum
3214 4316 3559 4385 hypostasim

1966 4408 2323 4476 conspicitur,
2353 4409 2521 4479 probe
2552 4408 2797 4463 sentiens
2830 4417 2887 4464 et
2933 4409 3329 4480 sempiternum
3358 4398 3556 4463 Filium

1969 4501 2245 4557 hominem
2284 4502 2486 4557 factum
2518 4503 2701 4557 sciens
2727 4503 3028 4568 asserebat,
3056 4504 3201 4573 quod
3222 4502 3558 4558 Athanasius

1968 4603 2022 4648 et
2051 4593 2287 4665 Cyrillus
2316 4592 2668 4647 Alexandrini
2702 4593 2997 4661 antistites,
3016 4601 3067 4646 et
3098 4590 3287 4648 Patres
3318 4592 3559 4647 universi

1973 4685 2345 4749 aﬂirmarunt.
2385 4696 2569 4742 creata
2616 4700 2681 4740 ex
2725 4687 3069 4740 immaealata
3117 4686 3337 4757 Virgine
3388 4685 3558 4741 Maria

1972 4779 2075 4835 sibi
2112 4779 2210 4848 ipsi
2253 4794 2446 4843 carne,
2500 4780 2739 4834 animata
2792 4781 2975 4835 anima
3022 4780 3248 4835 rationis
3306 4791 3560 4850 compote

1971 4881 2025 4927 et
2071 4871 2446 4939 intellectuali,
2509 4874 2803 4928 humanam
2855 4890 3075 4929 carnem
3146 4884 3201 4929 et
3261 4874 3557 4929 humanam

1972 4968 2211 5021 animam
2270 4968 2544 5037 prepriam
2620 4983 2734 5021 sua:
2795 4967 3107 5037 hypostasis
3164 4968 3428 5021 effecisse.
3494 4962 3561 5017 Et

1970 5060 2435 5130 quemadmodum
2490 5057 2682 5111 Petrus
2705 5098 2718 5120 ,
2753 5059 2835 5112 vel
2878 5058 3018 5111 alius
3054 5057 3328 5127 quispiam
3364 5058 3560 5110 huma-

1975 5167 2105 5206 num
2138 5167 2336 5220 corpus
2376 5158 2429 5205 et
2463 5152 2758 5203 humanam
2792 5150 3029 5203 animam
3054 5149 3365 5219 possidens,
3397 5150 3561 5202 homo

1974 5255 2076 5308 est,
2116 5244 2187 5297 ita
2221 5252 2275 5297 ct
2314 5242 2681 5312 sempiternus
2709 5241 2881 5296 Filius
2909 5256 3104 5295 creans
3139 5258 3251 5296 sua:
3278 5240 3561 5313 hypostasi

1975 5353 2179 5407 corpus
2221 5336 2524 5389 humanum
2582 5343 2637 5389 et
2673 5334 2914 5388 animam
2956 5334 3275 5398 humanam,
3310 5344 3365 5388 et
3399 5334 3562 5387 ambo

1977 5430 2194 5501 propria
2240 5428 2344 5483 sibi
2394 5426 2621 5491 faciens,
2670 5441 2793 5481 vere
2851 5426 3018 5480 homo
3061 5424 3238 5480 iactus
3277 5434 3380 5480 est.
3421 5426 3561 5479 Cum

1976 5539 2106 5579 vero
2134 5522 2276 5576 Petri
2319 5536 2519 5589 corpus
2548 5529 2603 5575 et
2631 5520 2833 5584 anima,
2865 5521 3026 5574 ambo
3059 5519 3205 5574 illius
3231 5519 3560 5590 hypostasis,

1977 5635 2084 5674 non
2122 5616 2353 5672 alterius
2386 5616 2695 5687 ltypostasis
2736 5616 2957 5685 propria
2989 5624 3139 5672 sunt.
3172 5624 3564 5686 proptereaque

1976 5728 2037 5768 ea
2065 5714 2319 5767 obtinens
2362 5710 2589 5764 omnino
2621 5710 2917 5763 humanam
2948 5708 3113 5764 habet
3139 5718 3413 5776 naturam,
3441 5725 3563 5780 qum

1977 5824 2086 5863 non
2126 5807 2300 5877 ipsius
2335 5805 2507 5861 solius
2529 5806 2907 5876 hypostaseos,
2941 5804 3034 5860 sed
3071 5804 3364 5875 cujuslibet
3387 5804 3567 5859 homi-

1978 5917 2109 5958 num
2146 5899 2458 5973 hypostasis
2487 5898 2732 5968 exsistit,
2762 5898 2885 5957 ideo
2922 5899 3317 5973 sempiternum
3361 5896 3565 5955 Filium
