3994 6644
451 410 558 475 655

1725 394 2021 460 NlCET/E
2059 398 2467 461 BYZANTINI

3604 420 3701 489 655

450 519 693 595 synodus
718 516 902 581 tradit,
931 528 1101 571 unum
1127 512 1434 580 Trinitatis,
1453 526 1561 566 una
1594 510 1873 582 hypostasi
1905 510 2035 566 duas

2148 510 2279 577 ῐδια,
2298 514 2397 566 οὑκ
2419 511 2586 584 ἄλλης
2606 513 2713 567 τῶν
2737 513 3041 586 ἀνθρώπων
3063 516 3428 586 ὑποστάσεως·
3453 525 3614 601 ταύτῃ
3628 550 3700 589 τοι

448 616 651 669 habere
682 620 925 674 naturas,
961 624 1067 662 non
1096 607 1351 666 privatim
1386 615 1619 675 utraque
1640 618 1739 658 sua
1760 601 2039 673 hypostasi

445 717 718 777 srparala,
747 703 839 759 sed
865 701 1047 757 divina
1080 700 1300 772 quidem
1329 708 1523 753 natura
1562 697 1688 767 ipsi,
1717 705 1771 751 et
1794 695 1964 759 Patri,
1987 705 2042 751 et

447 798 677 868 Spiritui
727 803 919 850 sancto
968 792 1270 857 communi,
1320 790 1557 843 humana
1607 797 1799 842 natura
1842 787 1943 856 ipsi
1987 794 2041 841 et

447 890 842 961 singularibus.
880 890 949 942 At
982 884 1291 956 hypostasis
1340 883 1515 953 ipsius
1546 881 1896 953 potissimum
1938 881 2042 951 ipsi

447 987 544 1039 soli
607 999 714 1052 prae
762 981 924 1035 Patre
979 989 1033 1033 ct
1082 978 1287 1048 Spiritu
1327 984 1518 1031 sancto
1564 974 1782 1029 decreta
1836 982 1943 1037 est,
1990 982 2043 1027 et

447 1093 648 1147 corpus
679 1075 881 1145 ipsius,
912 1083 965 1127 et
994 1072 1177 1127 anima
1216 1071 1436 1141 pr0prie
1468 1080 1702 1139 utraque
1735 1066 1908 1137 ipsius
1938 1065 2040 1136 hy-

447 1172 649 1241 postasi
670 1184 782 1238 pra:
807 1167 1033 1236 reliquis
1063 1164 1400 1219 hominibus.
1432 1161 1666 1232 Ideoque
1699 1173 2042 1230 quascunque

446 1264 615 1319 subiit
672 1272 725 1316 et
766 1276 1021 1331 perpessa
1062 1268 1146 1313 est
1182 1256 1498 1326 sempiterni
1534 1255 1625 1309 Dei
1659 1268 1809 1319 caro,
1848 1261 1902 1307 et
1940 1252 2042 1307 hu-

447 1371 608 1410 mana
641 1356 814 1426 ipsius
845 1355 1051 1416 anima,
1085 1352 1198 1419 ipse
1230 1350 1603 1419 sempiternus
1637 1346 1808 1402 Filius
1838 1345 2039 1402 subiis-

447 1466 505 1505 se
549 1458 603 1503 et
648 1462 937 1518 perpessus
982 1446 1149 1500 fuisse
1180 1443 1421 1507 dicitur,
1466 1442 1677 1512 ipsique
1714 1456 1841 1496 vere
1867 1438 2044 1495 contio

447 1550 663 1612 gerunt,
702 1538 916 1609 ipsiq’ue
952 1537 1323 1599 vindicantur,
1381 1535 1842 1604 quemadmodum
1889 1548 2039 1602 qua:-

445 1649 662 1703 cunque
693 1632 897 1699 patitur
934 1629 1073 1684 Petri
1101 1645 1231 1683 caro
1259 1635 1313 1683 et
1335 1628 1539 1693 anima,
1573 1627 1734 1681 Petro
1765 1625 2037 1690 accidunt,

446 1728 663 1796 ipsique
708 1738 834 1779 vere
895 1722 1263 1778 aseribuntur.
1312 1719 1713 1789 Proptereaqne
1754 1715 2036 1772 veritatem

444 1819 766 1875 conﬁtentes
819 1816 1088 1877 dicimus,
1140 1814 1317 1881 ipsum
1382 1812 1774 1881 sempiternum
1837 1809 2037 1863 Filium

445 1909 730 1971 esuriisse,
762 1908 984 1971 sitiisse,
1019 1907 1292 1960 turbatum
1318 1912 1372 1958 et
1396 1904 1725 1958 delassatum
1751 1900 1941 1968 fuisse,
1968 1898 2042 1954 fa-
2073 1878 2116 1937 Β

443 2004 583 2059 ciem
610 2002 781 2071 ipsius
805 2000 975 2070 alapis
1000 2014 1194 2053 caesam
1218 2038 1233 2062 ,
1256 2006 1310 2052 et
1358 1995 1670 2067 sempiterni
1698 1994 1818 2049 Filii
1844 2007 2043 2049 manus

443 2112 507 2151 ac
517 2094 679 2165 pedes
694 2091 861 2163 clavis
879 2090 1086 2155 aliixas,
1106 2090 1359 2145 eumdem
1384 2098 1709 2159 consputum
1744 2096 1795 2142 et
1814 2086 2045 2156 ﬂagella-

444 2194 559 2241 tum
583 2185 637 2239 in
666 2199 829 2239 cruce
850 2182 1193 2253 pependisse,
1208 2191 1263 2237 et
1278 2190 1578 2247 mortuum,
1596 2188 1649 2235 et
1671 2179 1966 2250 sepultum,
1987 2185 2043 2233 et

442 2279 531 2335 die
562 2280 720 2334 tertia
747 2277 1138 2334 resurrexisse.
1162 2275 1288 2332 Haec
1313 2276 1499 2331 omnia
1530 2276 1868 2347 sempiterno
1900 2275 2041 2331 Filio

442 2372 814 2443 contigerunt.
876 2369 982 2427 Sed
1040 2370 1142 2427 ista
1194 2384 1486 2441 perpessus
1549 2377 1633 2424 est
1692 2368 1856 2423 modo
1929 2384 2040 2439 quo

441 2464 553 2536 pati
592 2473 826 2535 poterat,
879 2463 983 2518 hoc
1033 2470 1118 2517 est
1166 2476 1266 2517 sua
1304 2460 1480 2532 ipsius
1518 2460 1760 2516 humana
1789 2476 1957 2516 carne
1986 2470 2040 2515 et

440 2557 650 2621 anima,
702 2572 809 2611 non
845 2570 944 2611 sua
989 2555 1165 2625 ipsius
1195 2554 1381 2609 divina
1409 2562 1628 2609 natura.
1668 2553 1827 2609 Modo
1855 2555 2040 2625 itaque

441 2649 710 2703 naturalis
758 2657 813 2703 et
856 2646 1170 2705 essentialis
1219 2646 1685 2717 appropriationis
1718 2647 1809 2700 uni
1860 2644 2037 2701 Verbo

442 2742 560 2797 haec
607 2743 790 2796 omnia
844 2742 1186 2806 acciderunt,
1228 2756 1337 2796 non
1386 2748 1447 2797 ut
1482 2749 1601 2794 erat
1646 2737 1885 2793 Verbum
1912 2779 1928 2805 ,
1977 2747 2038 2793 ut

443 2835 707 2889 diximus.
742 2833 1089 2904 QuaprOpter
1135 2841 1329 2888 sancta
1371 2841 1569 2902 quarta
1595 2832 1839 2902 synodus
1871 2845 2033 2883 unam

442 2928 784 2999 hypostasim
824 2938 880 2983 et
907 2928 1045 2983 duas
1098 2935 1330 2981 naturas
1360 2925 1413 2979 in
1449 2924 1669 2979 Christo
1695 2924 1902 2981 statuit.
1930 2922 2036 2979 Ve-

442 3033 563 3071 rum
603 3015 891 3073 Nestor-ius
916 3017 1019 3071 alia
1060 3016 1275 3071 ratione
1307 3013 1469 3071 Verbi
1511 3015 1799 3085 passiones
1831 3013 2033 3069 intelli-

441 3127 610 3181 gens,
649 3120 708 3167 ut
741 3126 905 3183 supra
938 3110 1333 3181 explicavimus
1358 3150 1373 3174 ,
1408 3108 1575 3177 probe
1600 3123 1631 3163 a
1661 3106 1865 3180 Cyrillo
1902 3109 2032 3163 Ale-

2152 605 2403 675 έσχηκὼς
2432 604 2628 672 ταῦτα,
2660 607 2879 673 πάντως
2901 610 3001 680 τὴν
3025 610 3369 685 ἀνθρωπίνην
3396 616 3506 687 ἔχει
3537 624 3702 691 φύσιν,

2147 699 2269 769 ἥτις
2294 698 2416 770 οὑχὶ
2462 699 2564 769 τῆς
2612 700 2963 767 ὑποστάσεως
3003 704 3168 758 αὑτοῦ
3223 706 3421 779 μόνης,
3465 712 3591 768 ἀλλὰ
3619 719 3704 772 καὶ

2148 790 2385 861 ἑκάστης
2408 790 2644 861 ὑπάρχει
2667 792 2775 845 τῶν
2799 793 3104 865 ἀνθρώπων
3134 797 3497 869 ὑποστάσεως,
3532 807 3703 862 τούτου

2146 884 2307 955 χάριν
2336 884 2427 938 τὸν
2454 886 2624 939 άϊδιον
2648 882 2777 940 Υίὸν
2804 888 2835 959 ἡ
2878 889 3096 952 σύνοδος
3124 890 3294 959 λέγει,
3330 893 3421 947 ἕνα
3445 896 3537 967 τῆς
3556 900 3705 970 Τριά.

2144 977 2232 1040 δος
2282 979 2413 1032 ὄντα
2459 980 2561 1049 μιᾷ
2594 980 2893 1034 ὑποστάσει
2926 980 3019 1035 δύο
3068 982 3262 1051 φύσεις
3305 984 3465 1055 ἔχειν,
3497 992 3590 1043 οὑκ
3622 995 3705 1046 ίδι-

2145 1070 2259 1134 κῶς
2323 1071 2591 1142 ἑκατέρας
2632 1075 2700 1143 τῇ
2748 1071 2933 1127 αὑτοῦ·
2976 1074 3273 1128 ὑποστάσει
3331 1077 3701 1155 διαφερούσης,

2143 1162 2281 1217 ἀλλὰ
2306 1163 2408 1251 τῆς
2445 1164 2545 1235 μὲν
2592 1164 2743 1229 θείας
2784 1164 3021 1233 φύσεως,
3050 1166 3199 1238 αὑτῷ
3231 1185 3289 1221 τε
3325 1171 3417 1224 καὶ
3451 1172 3524 1243 τῷ
3549 1175 3706 1247 Πατρὶ

2144 1256 2239 1310 καὶ
2258 1255 2338 1327 τῷ
2355 1256 2634 1327 Πνεὺματι
2656 1258 2732 1329 τῷ
2755 1259 3241 1333 άγίῳιὺπεχοὺσης,
3262 1261 3361 1333 τῆς
3386 1264 3706 1339 ἀνθρωπίνης

2146 1350 2395 1419 φύσεως,
2439 1350 2590 1421 αὑτῷ
2637 1367 2695 1403 τε
2751 1351 2844 1404 καὶ
2881 1353 2993 1415 τοῖς
3029 1354 3173 1407 κατὰ
3209 1354 3397 1425 μέρος.
3447 1355 3509 1408 Ἦ
3543 1359 3705 1427 μέντοι

2147 1442 2446 1506 ὑπόστασις
2485 1442 2653 1496 αὑτοῦ
2686 1443 3056 1516 διαφερόντως
3091 1446 3240 1518 αὑτῴ
3279 1447 3423 1518 μόνῳ
3456 1451 3598 1521 παρὶ
3626 1451 3707 1504 τὸν

2146 1533 2365 1605 Πατέρα
2398 1533 2493 1587 καὶ
2530 1534 2589 1587 τὸ
2631 1534 2857 1604 Πνεῦμα
2888 1536 2949 1589 τὸ
2992 1536 3146 1604 ἅγιον
3185 1536 3512 1608 ἀφώρισται,
3543 1540 3708 1593 καὶτὸ

2144 1624 2303 1696 σῶμα
2331 1625 2496 1679 αὑτοῦ
2536 1627 2630 1680 καὶ⁵
2661 1628 2694 1698 ἡ
2740 1627 2912 1699 ψυχὴ,
2963 1628 3108 1692 ίδίως
3140 1630 3427 1702 ἀμφότερα
3462 1630 3556 1703 τῆς
3592 1633 3709 1686 ὑπο-

2144 1718 2388 1782 στάσεως
2431 1718 2601 1773 αὑτοῦ
2643 1721 2795 1789 παρά
2836 1722 3045 1786 πάντας
3088 1723 3216 1785 τοὺς
3261 1722 3593 1795 ἀνθρώπους.
3624 1728 3707 1778 Διὸ

2142 1811 2237 1865 καὶ
2259 1812 2359 1863 ὅσα
2382 1811 2594 1881 ὑπέστη
2620 1812 2714 1866 καὶ
2734 1813 3003 1867 πέπονθεν
3027 1816 3059 1885 ὴ
3087 1814 3181 1868 τοῦ
3206 1816 3376 1869 άῖδίου
3406 1816 3536 1870 Θεοῦ
3564 1817 3707 1887 σάρξ,

2144 1904 2303 1975 καὶὴ
2341 1905 2655 1977 ἀνθρωπίνη
2697 1906 2862 1960 αὑτοῦ
2908 1908 3080 1978 ψυχὴ,
3124 1908 3286 1972 αὑτὸς
3325 1911 3354 1962 ὁ
3384 1910 3548 1974 ἀΐδιος
3593 1910 3707 1975 Υἱὸς

2145 1998 2444 2067 ὑφεστάναι
2482 2000 2575 2053 καὶ
2607 2000 2934 2055 πεπονθέναι
2967 2002 3217 2071 λέγεται,
3253 2001 3350 2055 καὶ
3400 2003 3544 2074 αὑτῷ
3580 2021 3707 2073 συμ-

2144 2090 2347 2162 ϐέϐηκε
2397 2092 2537 2145 κατά
2577 2091 2858 2163 ἀλήθειαν,
2904 2094 2998 2147 καὶ
3040 2092 3190 2165 αὑτῷ
3231 2094 3622 2165 ἐπιγράφεται,
3656 2094 3709 2149 δν

2142 2186 2345 2257 τρόπον
2374 2187 2475 2241 ὅσα
2511 2186 2709 2257 πάσχει
2743 2189 2775 2259 ὴ
2816 2186 2912 2240 τοῦ
2944 2187 3151 2257 Πέτρου
3196 2188 3335 2258 σὰρξ
3366 2188 3459 2241 καὶ
3492 2188 3706 2260 ἡψυχὴ.

2141 2276 2221 2347 τῷ
2258 2277 2449 2348 Πέτρῳ
2484 2277 2797 2348 συμϐαίνει,
2837 2279 2931 2331 κα)⁸
2957 2278 3108 2350 αὑτῷ
3138 2280 3277 2334 κατά
3324 2278 3576 2351 ἀλήθειαν
3604 2282 3708 2334 ἑπι-

2142 2370 2436 2441 γράφεται.
2465 2370 2565 2423 Διά
2582 2368 2738 2424 τοῦτο
2753 2369 2852 2441 τὴν
2873 2371 3133 2443 ἀληθινὴν
3156 2371 3546 2443 ὁμολογοῦντες
3568 2372 3707 2440 λέγο⁴

2144 2481 2266 2535 μεν,
2296 2465 2379 2518 ὅτι
2420 2464 2581 2528 αὑτὸς
2610 2466 2639 2518 6
2664 2465 2834 2529 ἀΐδιος
2862 2465 2991 2529 Υἱὸς
3014 2465 3271 2519 ἑπείνασε
3290 2507 3306 2532 ,
3340 2466 3433 2519 καί⁸
3464 2464 3670 2536 ἐδίψησε
3690 2504 3705 2529 ,

2140 2558 2237 2613 καὶ
2261 2560 2561 2628 ἠγωνίασε,
2599 2560 2694 2614 καὶ
2715 2560 2999 2627 ἐκοπίασε,
3027 2562 3126 2613 κα¹ι
3159 2560 3221 2614 τὸ
3240 2562 3531 2631 πρόσωπον
3556 2558 3706 2613 αὑτοῦ

2138 2651 2472 2722 ὲρραπίσθη,
2502 2651 2601 2706 καὶ
2629 2651 2957 2719 ἐνεπτὺσθη,
2978 2652 3073 2705 καὶ
3096 2652 3475 2724 ὲμαστιγώθη,
3500 2653 3591 2706 καὶ
3618 2650 3704 2705 τοῦ

2138 2740 2311 2795 ἀϊδίου
2334 2740 2475 2794 Υίοῦ
2491 2740 2889 2812 καθηλὼθησαν
2914 2744 2970 2795 αί
2999 2745 3183 2813 χεῖρες
3209 2743 3306 2798 καὶ
3330 2744 3382 2796 οἱ
3410 2743 3583 2808 πόδες,
3618 2740 3704 2795 καὶ

2139 2833 2301 2897 αὑτὸς
2345 2834 2441 2888 ἐπὶ
2492 2834 2727 2907 σταυροῦ
2780 2836 3137 2908 ἐκρεμάσθη,
3184 2835 3280 2890 καὶ
3320 2836 3582 2899 ἀπέθανε,
3620 2836 3705 2888 καὶ

2139 2925 2337 2996 ἐτάφη,
2369 2926 2463 2979 καὶ
2494 2927 2692 2998 ἀνέστη
2722 2931 2787 2999 τῇ
2810 2928 2971 2999 τρίτῃ
3004 2928 3209 3001 ⁴ἡμέρᾳ.
3242 2928 3433 2983 Ταῦτα
3458 2928 3513 2982 δὲ
3541 2928 3705 2981 πάντα

2133 3018 2214 3089 τῷ
2242 3019 2399 3089 ἀϊδίῳ
2421 3019 2768 3090 συμϐέϐηκεν
2787 3020 2921 3091 Υίῷ.
2952 3020 3113 3075 Ἀ).λά
3134 3021 3314 3077 ταῦτα
3337 3021 3567 3076 πέπονθε
3586 3019 3706 3075 καθό

2134 3112 2359 3167 δυνατὸν
2380 3114 2593 3174 παθεῖν,
2619 3112 2866 3167 τουτέστι
2894 3117 2961 3186 τῇ
2981 3112 3177 3169 ἑαυτοῦ
3212 3114 3530 3187 ἀνθρωπίνῃ
3558 3113 3706 3186 σαρκί

441 3207 714 3261 xandrino
747 3204 1019 3260 reiutatus
1051 3212 1155 3259 est.
1184 3202 1250 3257 Et
1293 3202 1395 3257 hoc
1426 3216 1647 3272 quoque
1709 3202 1871 3256 inane
1914 3200 2033 3255 nul-

2139 3222 2196 3257 τε
2230 3205 2325 3258 καὶ
2345 3204 2513 3275 ψυχῇ,
2535 3205 2597 3258 οὑ
2636 3208 2701 3276 τῇ
2736 3204 2931 3260 ἑαυτοῦ
2965 3205 3085 3279 θείᾳ
3103 3206 3287 3275 φύσει.
3333 3204 3425 3279 Τῷ
3458 3206 3597 3277 λόγῳ
3622 3202 3706 3259 οὖν

441 3300 658 3370 liusque
676 3298 915 3365 roboris,
937 3297 1083 3368 quod
1105 3297 1220 3368 ipse
1239 3305 1500 3367 tanquam
1519 3293 1754 3365 alicujus
1772 3294 2033 3351 momenti

2140 3298 2243 3369 τῆς
2278 3299 2513 3369 φυσικῆς
2544 3299 2639 3353 καὶ
2659 3299 2954 3364 οὑσιώδους
2984 3301 3321 3367 οίκειώσεως
3346 3300 3518 3356 ταῦτα
3548 3301 3710 3355 πάντα

440 3392 730 3460 all'erebas,
758 3391 1196 3447 demonstratum
1223 3398 1330 3447 est.

2145 3390 2224 3461 τῷ
2244 3390 2326 3444 ἐνὶ
2344 3388 2504 3460 Λόγῳ
2529 3389 2901 3461 συμϐέϐηκεν,
2930 3390 2992 3444 οὑ
3018 3390 3152 3444 καθὸ
3171 3392 3370 3459 Λόγος,
3396 3392 3468 3455 ὡς
3492 3392 3702 3461 ἔφαμεν.

444 3490 545 3543 Διά
583 3506 668 3542 τοι
698 3486 861 3540 τοῦτο
893 3487 927 3557 ἦ
959 3504 1019 3539 τε
1060 3484 1193 3555 ἀγία
1226 3485 1464 3557 τετάρτη
1517 3483 1737 3548 σὺνοδος
1776 3484 1907 3555 μίαν
1934 3483 2231 3539 ὑπόστασιν
2282 3484 2497 3539 καὶδύο
2535 3484 2726 3555 φύσεις
2790 3485 2884 3539 ἐπὶ
2953 3484 3193 3557 Χριστοῦ
3253 3486 3623 3558 ἐδογμάτισεν.
3660 3485 3711 3538 ’0

439 3578 497 3633 δὲ
520 3577 813 3647 Νεστόριος
832 3575 1061 3646 ἑτέρωθι
1085 3574 1276 3647 τρόπῳ
1294 3574 1391 3628 τοῦ
1436 3577 1612 3645 Λόγου
1643 3574 1779 3629 νοῶν
1806 3577 1875 3629 τά
1895 3576 2068 3647 πάθη,
2105 3573 2289 3639 καθὼς
2317 3575 2513 3631 άνόπιν
2538 3576 2787 3647 εἴπομεν.
2826 3575 2919 3630 Διὸ
2946 3576 3084 3647 πρὸς
3114 3577 3278 3632 αὑτὸν
3326 3578 3505 3643 καλῶς
3564 3579 3591 3632 ὁ
3624 3577 3712 3647 τῆς

453 3670 862 3743 Ἀλεξανδρείας
919 3670 1191 3741 Κύριλλος
1246 3672 1492 3726 ἀντεῖπε.
1559 3671 1671 3725 Καὶ
1730 3671 1890 3726 τοῦτό
1947 3689 2030 3726 σοι
2067 3671 2449 3726 ἀποδέδεικται
2480 3671 2646 3725 ἕωλον
2674 3672 2768 3725 καὶ
2801 3672 2978 3745 πάντη
3005 3672 3324 3745 ἀνίσχυρον.

509 3767 599 3821 2|.
639 3766 934 3821 Videamus
966 3780 1111 3822 nunc
1135 3767 1267 3837 quid
1314 3766 1431 3838 ipse
1464 3768 1517 3822 in
1566 3769 2033 3839 subsequentibus

441 3862 686 3917 scribas:
722 3876 962 3931 namque
994 3861 1263 3931 scriptum
1293 3870 1446 3917 tuum
1484 3861 1560 3917 ita
1583 3878 1644 3918 se
1676 3862 1840 3917 habet
1876 3879 1891 3916 :
1928 3861 2033 3918 Sed

442 3952 744 4020 objicientes
774 3952 1015 4007 dicamus
1044 3967 1109 4007 ea:
1139 3952 1397 4022 oppositis
1430 3954 1623 4019 verbis,
1646 3969 1767 4023 qua:
1813 3954 1916 4023 ipsi
1947 3954 2031 4007 di-

441 4054 587 4113 cunt,
646 4023 1096 4115 quemadmodum
1144 4044 1369 4116 legimus
1410 4045 1464 4099 in
1527 4044 1791 4116 epistola;
1824 4061 1945 4099 nam
1984 4045 2032 4099 si

442 4151 664 4192 naturas
734 4149 1005 4208 separant,
1057 4149 1106 4193 et
1154 4152 1408 4208 personas
1482 4139 1727 4194 unientes
1788 4138 2029 4208 ﬁrmant,

441 4234 617 4287 mistio
662 4233 920 4304 sequitur,
970 4245 1019 4288 et
1073 4248 1359 4303 personam
1416 4230 1536 4301 ﬁeri
1594 4233 1836 4297 addecet,
1891 4234 2031 4302 quod

439 4325 725 4394 Apostolus
754 4342 847 4395 pro
875 4325 1082 4379 duabus
1107 4325 1345 4395 personis
1370 4322 1591 4387 scribat,
1628 4322 1734 4389 Qui
1777 4324 1833 4376 in
1858 4323 2034 4392 [arma

438 4418 537 4473 Dei
570 4436 691 4473 cum
718 4428 873 4481 esset,
903 4418 1137 4487 formam
1161 4417 1299 4471 servi
1334 4417 1572 4485 accepit:
1597 4415 1828 4485 formam
1858 4414 2034 4484 itaque

438 4520 487 4565 et
533 4510 766 4580 formam
813 4511 970 4566 dixit.
1026 4508 1188 4564 Nunc
1234 4510 1414 4578 itaque
1476 4523 1765 4578 quamnam
1824 4521 1890 4561 ea:
1948 4506 2032 4560 his

2215 3766 2319 3823 καί.
2372 3766 2602 3839 ἰδωμεν
2656 3766 2714 3822 δὲ
2765 3769 2964 3833 ἐντοῖς
3009 3769 3310 3841 μετέπειτα
3352 3771 3407 3825 τί
3452 3770 3708 3844 γράφεις³

2134 3860 2249 3932 ἔχει
2281 3860 2462 3915 δὲκαὶ
2508 3860 2569 3914 τδ
2622 3860 2713 3914 σὺν
2745 3860 2983 3932 γράμμα
3014 3860 3208 3926 οὑτως·
3260 3863 3420 3919 Ἀλλ’
3463 3864 3715 3919 ἀνθυπο-

2132 3956 2429 4025 φέροντες
2457 3954 2828 4024 λαλήσωμεν
2849 3955 2920 4010 ἐκ
2953 3956 3072 4011 τῶν
3099 3957 3401 4014 ἐναντίων
3422 3959 3710 4029 ῥημάτων,

2131 4043 2219 4104 ὧν
2248 4048 2419 4104 αὐτοὶ
2445 4049 2720 4119 λέγουσι,
2752 4050 2947 4116 καθὼς
2971 4049 3328 4120 ἀνέγνωμεν
3349 4052 3420 4106 ὲν
3445 4050 3522 4117 τῷ
3548 4050 3714 4120 γράμο

2131 4158 2297 4213 part.
2341 4141 2476 4196 Ἐὰν
2494 4142 2606 4211 γὰρ
2635 4142 2742 4208 τὰς
2762 4141 2978 4211 φύσεις
3000 4140 3287 4211 χωριζωσι
3322 4145 3419 4198 καὶ
3447 4144 3518 4197 τὰ
3542 4142 3714 4211 πρόσ-

2139 4250 2270 4289 ωπα
2332 4233 2619 4300 ἐνοῦντες
2663 4233 2939 4305 λέγουσι,
3000 4232 3223 4303 κρᾶσιν
3289 4230 3448 4289 εἶναι
3490 4233 3712 4297 λοιπὸν,

2136 4326 2235 4381 καί
2268 4326 2598 4394 πρόσωπον
2625 4324 2837 4396 πρέπει
2865 4326 3158 4397 γίνεσθαι,
3194 4326 3350 4381 διότι
3376 4330 3408 4382 ὁ
3452 4328 3713 4382 Ἀπόστοο

2135 4422 2249 4486 λος
2284 4419 2381 4473 διὰ
2406 4417 2517 4473 δύο
2556 4420 2850 4486 πρόσωπα
2877 4417 3109 4488 γράφει,
3137 4418 3227 4474 ὅτι
3255 4418 3543 4489 ἐνμορφῇ
3579 4415 3716 4474 Θεοῦ

2136 4508 2242 4573 ὢν,
2269 4508 2515 4579 μορφὴν
2560 4507 2790 4563 δούλου
2835 4508 3267 4578 προσελάϐετο.
3321 4508 3578 4579 Μορφὴν
3611 4502 3716 4561 οὖν

439 4603 648 4657 duabus
674 4613 855 4656 amant
880 4618 1102 4657 onerare
1121 4617 1421 4671 personam,
1442 4616 1599 4671 quant
1620 4600 1804 4653 dicunt
1822 4614 1983 4653 unam
2004 4599 2030 4652 ?

2139 4601 2241 4657 καὶ
2274 4600 2521 4672 μορφὴν
2548 4596 2739 4655 εἶπεν.
2777 4601 3017 4670 Ἀρτίως
3036 4595 3151 4657 οὖν
3174 4603 3354 4657 ποῖον
3372 4604 3443 4657 ἐκ
3472 4601 3589 4656 τῶν
3614 4598 3715 4652 δύο

441 4694 503 4750 Si
535 4694 776 4757 deitatis,
828 4692 1054 4748 Sabellii
1093 4709 1327 4747 errorem
1360 4692 1656 4756 incurrent,
1698 4692 1744 4743 si
1792 4690 2033 4744 humaui-

444 4786 595 4848 tatis,
624 4784 750 4855 quid
775 4784 909 4838 illud
944 4785 1127 4853 fuerit,
1167 4801 1271 4855 quo
1326 4798 1443 4840 vere
1478 4781 1531 4835 in
1565 4781 1741 4850 forma
1802 4781 2030 4838 hominis

440 4878 729 4932 Dominum
757 4877 1002 4933 videbant
1021 4878 1047 4932 .7
1072 4876 1171 4932 Hic
1199 4879 1481 4936 enimvero
1513 4881 1822 4937 orationem
1876 4891 2031 4934 com-

440 4970 601 5042 ponis
621 4970 787 5025 veluti
818 4986 883 5025 ex
933 4971 1181 5028 adversis
1236 4983 1430 5029 contra
1490 4989 1592 5030 nos
1653 4974 1947 5045 prolatam,
1975 4981 2030 5028 et

440 5077 562 5127 nos,
589 5076 714 5115 cum
752 5061 1037 5117 videamur
1074 5062 1212 5119 duas
1244 5063 1300 5119 in
1327 5064 1553 5121 Christo
1584 5075 1813 5120 naturas
1836 5078 2031 5117 unam-

437 5152 901 5224 que,bypostasim
927 5169 1202 5220 asserere,
1227 5156 1281 5210 in
1298 5156 1536 5213 absurda
1567 5170 1760 5227 rapere
1787 5154 2024 5221 conaris,

437 5255 500 5300 ut
551 5244 763 5301 scilicet
790 5261 856 5301 ex
901 5262 967 5301 eo
1002 5247 1148 5317 quod
1182 5264 1284 5303 nos
1322 5249 1377 5303 in
1427 5248 1734 5304 absurdum
1787 5248 2025 5314 inducis,

437 5348 595 5395 tuum
621 5339 797 5411 ipsius
826 5340 1047 5411 dogma,
1085 5341 1251 5396 unius
1279 5356 1475 5411 nempe
1502 5349 1714 5397 natura:
1745 5341 2025 5398 Christum

436 5447 560 5488 esse
597 5432 945 5503 comprobes.
997 5430 1178 5498 Quare
1238 5431 1385 5502 quod
1434 5431 1698 5488 adversus
1758 5446 1860 5488 nos
1909 5442 2027 5488 ate

440 5536 703 5595 tanquam
756 5537 964 5581 certum
1014 5509 1356 5590 decernitur,
1394 5525 1503 5579 tale
1557 5526 1688 5596 quid
1736 5534 1842 5590 est,
1898 5524 2026 5581 licet

436 5618 636 5673 stolide
665 5617 1082 5689 exprompsisti,
1108 5614 1555 5686 quandoquidem
1609 5632 1715 5672 non
1760 5617 1897 5672 citra
1934 5633 2025 5671 er-

434 5725 617 5767 rorem
672 5718 886 5766 natura:
942 5719 995 5765 et
1033 5708 1369 5780 hypostasis,
1428 5723 1678 5779 personae
1701 5724 1895 5780 nempe
1919 5725 2023 5764 non

2136 4692 2415 4766 ἀγαπῶσι
2442 4693 2747 4764 φορτῶσαι
2774 4694 2872 4748 ἐπὶ
2907 4694 3015 4749 τοῦ
3041 4694 3393 4764 προσώπου,
3416 4690 3489 4751 οὗ
3518 4693 3716 4762 λέγου-

2136 4804 2243 4843 σιν
2258 4786 2360 4851 ἓν;
2388 4788 2454 4841 El
2471 4787 2589 4856 μὲν
2630 4785 2741 4857 τῆς
2769 4787 3071 4856 θεότητος.
3104 4786 3220 4855 τὴν
3258 4787 3365 4843 τοῦ
3393 4788 3713 4842 Σαϐελλίου

2135 4877 2461 4936 ἀσθένειαν
2472 4878 2954 4946 άσθενήσουσινο
2970 4882 3021 4934 ει
3035 4878 3104 4934 δὲ
3120 4880 3229 4948 τῆς
3246 4880 3712 4949 ἀνθρωπότητος,

2135 4976 2194 5029 τι
2220 4975 2396 5029 ἐστιν
2420 4973 2640 5039 ἐκεῖνο,
2662 4973 2693 5028 ὃ
2714 4973 2785 5028 ἐν
2809 4973 3063 5041 ἀληθείᾳ
3087 4974 3159 5027 ἐν
3171 4973 3383 5044 μορφῇ
3408 4970 3714 5040 ἀνθρώπου

2134 5066 2242 5122 τὸν
2258 5067 2482 5135 Κύριον
2507 5065 2808 5130 “laetor;
2837 5063 3107 5119 Ἐνταῦθα
3130 5064 3231 5136 μὲν
3255 5062 3615 5136 σχηματίζεις
3631 5058 3715 5112 τὸν

2134 5158 2316 5229 λόγον,
2342 5159 2420 5223 ὡς
2449 5158 2515 5213 ἐκ
2543 5158 2652 5213 τῶν
2684 5157 2945 5213 ἐναντίων
2981 5156 3106 5211 καθ’
3143 5158 3302 5229 ἡμῶν
3344 5154 3714 5229 προϐαλλόμε-

2132 5270 2243 5317 νον,
2295 5252 2391 5308 καὶ
2425 5252 2576 5323 ἡμᾶς
2628 5251 2687 5304 ὲν
2742 5249 2821 5321 τῷ
2876 5249 3058 5303 δοκεῖν
3098 5249 3227 5313 τοὺς
3270 5248 3366 5302 δύο
3406 5248 3596 5318 φύσεις
3630 5243 3715 5295 ἐπὶ

2132 5343 2374 5416 Χριστοῦ
2404 5344 2685 5413 λέγοντας,
2733 5342 2831 5397 καὶ
2860 5340 2991 5413 μίαν
3032 5342 3357 5408 ὑπόστασιν,
3409 5342 3490 5403 είς
3521 5338 3712 5393 ἄτοπον

2140 5434 2535 5507 περιστρέφειν
2561 5473 2577 5497 ,
2629 5435 2717 5487 ἵνα
2755 5432 2918 5503 δῆθεν
2965 5432 3030 5486 ἐκ
3071 5430 3165 5485 τοῦ
3200 5430 3348 5502 ἡμᾶς
3403 5431 3487 5491 είς
3524 5428 3713 5481 ἄτοπον

2130 5530 2388 5597 ἁπάγειν,
2421 5527 2482 5581 τὸ
2506 5529 2707 5581 οίκείον
2738 5524 2906 5579 αὑτοῦ
2935 5524 3135 5595 δόγμα,
3172 5524 3233 5578 τὺ
3266 5524 3397 5595 μιᾶς
3448 5518 3589 5575 εἶναι
3617 5517 3712 5586 φύ-

2132 5638 2274 5686 σεως
2312 5620 2403 5675 τὸν
2457 5618 2717 5689 Χριστὸν,
2770 5615 3261 5679 κατασκευάσειας.
3312 5615 3609 5684 Τοιγάρτοι
3659 5608 3713 5660 τὸ

2130 5712 2288 5785 παρά
2329 5709 2426 5765 σοῦ
2472 5707 2942 5781 δογματιζόμενον
2972 5707 3095 5762 καθ’
3134 5707 3293 5779 ήμῶν
3336 5705 3458 5759 ἔστι
3492 5701 3711 5765 τοιόνδε,

432 5819 579 5872 men,
608 5806 767 5876 quasi
819 5804 963 5860 idem
996 5802 1272 5873 signiticet
1307 5804 1361 5856 in
1405 5803 1731 5858 (economia:
1763 5803 2023 5873 mysterio

2139 5807 2175 5859 εί
2199 5804 2294 5859 καὶ
2315 5804 2563 5874 ἀνοήτως
2599 5800 2732 5856 αὐτὸ
2757 5799 3106 5871 ἐξενήνοχας,
3138 5799 3328 5870 ἐπειδὴ
3357 5793 3712 5867 ἐσφαλμένως

432 5897 675 5970 accipis:
712 5907 764 5955 et
793 5906 928 5971 quot
950 5903 1079 5952 sunt
1113 5903 1347 5965 naturae,
1375 5901 1455 5952 tot
1483 5893 1648 5953 etiam
1670 5894 2015 5966 hypostases,

2139 5897 2189 5953 τὸ
2223 5898 2323 5970 τῆς
2354 5896 2571 5968 φύσεως
2624 5893 2719 5949 καὶ
2768 5892 3142 5960 ὑποστάσεως,
3201 5893 3372 5965 ἧγουν
3420 5884 3710 5963 προσώπου

2995 6170 3024 6185 Ι
