3994 6594
314 450 418 515 657

1181 451 1616 515 REFUTATIO
1643 449 2024 529 EPISTOL/E
2064 450 2292 510 REGIS
2332 447 2717 508 ARMENI/E.

3473 444 3578 509 658

315 567 487 637 ὄνομα
519 563 718 619 ταυτὸν
746 561 942 635 δηλοῦν
970 562 1065 616 ἐπὶ
1094 564 1194 635 τῆς
1220 563 1538 634 οἰκονομίας
1566 557 1786 634 ἐπινοῇ,
1805 562 1902 616 καὶ

2013 560 2085 616 vel
2111 574 2375 630 personas
2411 558 2595 612 induci
2631 554 2911 624 concedis,
2956 563 3010 610 et
3045 570 3168 609 eum
3203 570 3306 612 nos
3347 556 3484 611 duas
3523 558 3577 611 iu

313 658 435 712 ὄσαι
476 657 577 729 μὲν
629 656 688 710 αἱ
716 655 930 726 φύσεις,
982 656 1246 721 τοσαύτας
1283 658 1379 711 καὶ
1415 659 1514 721 τὰς
1549 657 1897 722 ὑποστάσεις,

315 752 484 821 ἤγουν
520 750 791 821 πρόσωπα
816 750 1234 818 συνεισάγεσθαι
1255 750 1435 815 δίδως,
1459 749 1622 821 ἡνίκα
1645 749 1713 803 ἂν
1738 750 1899 820 ἡμεῖς

314 842 411 896 δύο
457 842 649 912 φύσεις
680 841 774 894 ἐπὶ
822 840 1061 913 Χριστοῦ
1096 842 1190 895 καὶ
1239 842 1368 912 μίαν
1396 842 1694 895 ὑπόστασιν
1728 839 1898 894 εἴπω-

322 952 444 1005 μεν,
477 935 793 1007 παραυτίκα
824 935 1081 1003 συνάγεις
1132 934 1274 989 κατὰ
1303 936 1505 989 οἰκεῖον
1543 935 1780 1006 θέλημα,
1812 936 1897 989 ὅτι

317 1029 560 1099 ἀνάγκη,
589 1030 786 1098 κρᾶσιν
815 1027 1103 1099 συμϐαίνει
1129 1027 1381 1096 γίνεσθαι
1424 1030 1538 1091 τοῖς
1560 1027 1895 1098 προσώποις

318 1123 370 1173 εἰ
399 1120 458 1172 δὲ
495 1120 655 1175 τοῦτο
684 1120 888 1174 ἄτοπον
938 1121 1001 1173 τὸ
1047 1120 1251 1191 λέγειν,
1294 1121 1492 1191 κρᾶσιν
1514 1119 1762 1189 γίνεσθαι
1792 1121 1901 1173 τῶν

314 1213 652 1284 προσώπων,
689 1214 902 1284 ἀνάγκη
938 1214 1066 1285 μιᾶς
1111 1212 1466 1276 ὑποστάσεως
1495 1213 1648 1280 ὄντα,
1683 1213 1899 1284 ἀνάγκη

314 1307 414 1359 καὶ
449 1308 576 1376 μιᾶς
612 1305 851 1374 φύσεως.
883 1307 946 1357 Ὢ
971 1304 1068 1374 τῆς
1096 1304 1337 1375 ἀμαθίας
1370 1303 1478 1358 τῶν
1510 1304 1684 1359 ταῦτα
1712 1303 1900 1372 λεγόν-

315 1399 457 1450 τωνι
482 1396 620 1450 Οὑδὲ
649 1396 759 1465 γὰρ
790 1394 1029 1465 συνῆκαν
1052 1410 1119 1447 πε
1129 1394 1183 1465 pl.
1207 1386 1284 1447 ὧν
1310 1410 1370 1446 τε
1392 1393 1634 1463 λέγουσι,
1660 1394 1904 1464 καὶπερὶ

313 1489 481 1541 τίνων
511 1487 976 1543 διαϐεϐαιοῦνται.
1031 1488 1126 1550 Τίς
1152 1486 1261 1557 γὰρ
1304 1487 1411 1540 τῶν
1446 1486 1508 1540 εὖ
1536 1486 1900 1556 φρονούντων,

314 1579 382 1631 τὸ
410 1579 610 1644 κοινὸν,
650 1579 767 1650 ἦτοι
794 1578 856 1631 τὸ
896 1575 1127 1631 καθόλου
1158 1574 1354 1629 ταυτὸν
1402 1574 1630 1645 φήσειεν
1660 1574 1724 1628 ἂν
1760 1571 1901 1629 εἶναι

313 1671 398 1740 τῷ
427 1670 602 1742 ίδικῷ,
627 1671 795 1742 ἤγουν
824 1668 901 1741 τῷ
918 1668 1254 1731 καθέκαστα,
1279 1668 1417 1738 ὅπερ
1443 1668 1558 1721 ἐστὶ
1581 1667 1897 1738 πρόσωπον,

315 1761 353 1831 ἢ
394 1761 694 1823 ὑπόστασις
720 1779 735 1828 ;
768 1760 842 1814 Τὸ
869 1758 976 1831 μὲν
1006 1759 1115 1828 γὰρ
1149 1759 1293 1813 κατὰ
1322 1759 1586 1813 πλειόνων
1614 1759 1773 1813 εἴωθε
1804 1760 1901 1829 φέ-

252 1847 259 1851 ’
315 1852 537 1923 ρεσθαι,
570 1850 680 1906 οἷον
724 1854 752 1906 ὁ
796 1852 1083 1923 ἄνθρωπος
1117 1853 1259 1905 κατὰ
1295 1851 1506 1919 Πέτρου
1538 1852 1633 1906 καὶ
1662 1852 1898 1916 Παύλου,

2001 652 2221 707 Christo
2283 661 2505 704 naturas
2544 657 2599 704 et
2653 663 2814 703 unam
2863 648 3196 719 hypostasim
3254 647 3579 711 asserimus,

2002 745 2148 801 illico
2177 754 2232 800 tu
2266 761 2363 815 pro
2395 743 2621 798 libidine
2655 742 2885 813 colligis,
2920 756 3147 798 necesse
3195 756 3337 806 esse,
3369 740 3581 796 mistio-

2001 852 2122 891 nem
2163 835 2278 891 ﬁeri
2298 850 2677 905 personarum,
2705 834 2849 904 quod
2889 834 2934 888 si
2987 832 3040 889 id
3076 833 3257 888 dicere
3285 832 3580 887 absurdum

2002 927 2355 999 ineptumque
2407 936 2509 993 est,
2549 927 2858 981 mistionem
2915 941 3282 998 personarum
3334 928 3453 982 ﬁeri
3485 943 3583 982 ne-

2003 1036 2157 1077 cesse
2183 1036 2327 1084 esse,
2379 1020 2546 1076 unius
2576 1019 2890 1090 hypostasis
2939 1035 3065 1074 cum
3109 1021 3201 1084 sit,
3251 1020 3412 1073 unius
3442 1033 3582 1088 quo-

2002 1130 2109 1186 que
2133 1130 2254 1171 esse
2306 1123 2537 1169 naturae.
2596 1111 2639 1168 Ο
2693 1112 3061 1183 ignorantiam
3120 1114 3323 1169 similia
3357 1112 3581 1168 traden-

2004 1206 2169 1260 tium!
2223 1205 2571 1275 nequeenim
2625 1212 2851 1271 norunt,
2904 1205 2972 1259 de
3018 1205 3218 1275 quibus
3267 1219 3581 1261 sermonem

2003 1295 2229 1363 habent,
2264 1302 2318 1350 et
2360 1295 2427 1350 de
2468 1294 2670 1365 quibus
2699 1294 3035 1359 decernunt;
3070 1295 3196 1365 quis
3226 1295 3395 1361 enim,
3424 1294 3585 1350 dum-

2002 1388 2166 1443 modo
2214 1388 2431 1443 animus
2459 1386 2605 1441 illius
2650 1402 2681 1441 a
2726 1386 2993 1455 sapientia
3038 1396 3091 1441 et
3148 1388 3437 1457 prudentia
3496 1403 3585 1443 re-

2003 1490 2183 1534 motus
2232 1495 2340 1533 non
2389 1478 2483 1542 sit,
2541 1494 2868 1541 commune,
2924 1493 3021 1534 seu
3071 1479 3379 1533 universale
3440 1481 3584 1536 dicet

2004 1570 2145 1625 idem
2194 1585 2318 1625 esse
2347 1585 2414 1626 ac
2456 1569 2818 1637 individuum,
2859 1569 2975 1625 sive
2999 1567 3298 1640 singulare,
3326 1572 3473 1641 quod
3502 1582 3588 1628 est

2006 1679 2258 1735 persona,
2292 1664 2405 1719 sive
2446 1662 2807 1734 bypostasis?
2862 1662 2973 1718 Hoc
3006 1664 3151 1719 enim
3180 1664 3244 1720 ad
3280 1665 3464 1735 plures
3497 1681 3585 1721 re-

2005 1756 2138 1812 ferri
2168 1755 2325 1818 solet,
2354 1764 2413 1810 ut
2466 1755 2630 1809 homo
2678 1754 2745 1809 ad
2799 1753 3023 1811 Petrum
3082 1764 3137 1811 et
3197 1756 3449 1821 Paulum,
3482 1758 3587 1814 hoc

2004 1861 2136 1901 vero
2161 1845 2229 1900 ad
2268 1861 2459 1907 unum.
2489 1854 2551 1900 ut
2591 1860 2826 1917 persona
2884 1853 2939 1902 et
2973 1847 3323 1916 hypostasis:
3372 1864 3473 1905 nec
3497 1857 3584 1905 est

310 1944 381 1996 τὸ
416 1944 474 1997 δὲ
505 1944 626 1998 καθ’
654 1944 794 2008 ἐνὸς,
828 1945 948 2014 ἦτοι
975 1944 1035 1997 τὸ
1074 1944 1370 2015 πρόσωπον
1395 1946 1489 1999 κὰὶ
1518 1946 1551 2016 ὴ
1582 1945 1902 2012 ὑπόστασις,

2013 1954 2257 2004 necesse,
2310 1947 2369 1993 ut
2418 1938 2521 1993 sibi
2579 1946 2771 1993 mutuo
2839 1939 3205 2009 respondeant
3277 1950 3469 1995 natura
3535 1948 3592 1996 et

314 2037 418 2090 καὶ
444 2037 545 2091 οὐκ
596 2037 811 2106 ἀνάγκη
843 2036 1224 2107 ἀντιστρέφειν
1266 2037 1402 2110 πρὸς
1455 2037 1663 2108 ἄλληλα
1705 2038 1805 2106 τήν
1845 2054 1905 2091 τε

314 2131 487 2199 φύσιν
518 2131 612 2184 καὶ
641 2131 702 2184 τὸ
736 2130 1029 2200 πρόσωπον
1050 2145 1063 2158 ·
1094 2128 1171 2200 τῷ
1196 2130 1296 2200 μὲν
1318 2131 1427 2200 γὰρ
1452 2131 1752 2185 ὑπόστασιν
1768 2127 1908 2185 εἶναι

311 2222 554 2291 λέγοντι,
574 2224 788 2294 ἀνάγκη
817 2224 1079 2291 παρεῖναι
1106 2222 1208 2295 τὴν
1239 2221 1425 2291 φύσιν,
1457 2223 1614 2294 εἴπερ
1649 2223 1709 2276 τὸ
1739 2224 1909 2294 πρόσ-

312 2332 492 2379 ωπον,
538 2315 659 2385 ἦτοι
694 2317 728 2385 ἡ
764 2314 1066 2374 ὑπόστασις
1097 2314 1249 2367 οὐδὲν
1283 2313 1412 2368 ἄλλο
1442 2315 1591 2368 ἐστὶν
1619 2353 1635 2379 ,
1681 2314 1714 2385 ἢ
1746 2314 1909 2385 φύσις

317 2408 470 2477 μετὰ
493 2406 804 2477 ἰδιώματος,
829 2407 862 2477 ἢ
896 2408 990 2460 xal.
1015 2407 1341 2476 ἰδιωμάτων,
1373 2408 1494 2461 ὅλον
1518 2424 1572 2462 τι
1594 2408 1715 2461 καθ’
1746 2407 1910 2463 ἑαυτὸ

312 2501 657 2572 λεγόμενον·
704 2501 781 2571 τῷ
825 2501 882 2555 δὲ
938 2502 1192 2566 καθόλου,
1233 2502 1353 2573 ἢτοι
1410 2501 1574 2571 φύσιν
1624 2500 1907 2570 φάσκοντι,

315 2594 427 2647 οὑκ
471 2593 685 2665 ἀνάγκη
743 2595 838 2646 κα)⁸
883 2593 944 2647 τὸ
1000 2593 1362 2659 καθέκαστον,
1413 2594 1582 2664 ἡγουν
1632 2592 1693 2646 τὺ
1741 2593 1911 2663 πρόσ-

314 2703 495 2751 ωπον,
522 2686 554 2756 ἢ
588 2687 687 2755 τὴν
712 2686 1013 2740 ὑπόστασιν
1043 2689 1318 2758 παρεῖναι.
1345 2686 1425 2740 Τά
1446 2685 1557 2758 γὰρ
1584 2684 1818 2740 καθόλου
1852 2686 1909 2738 ὲν

313 2778 439 2840 τοῖς
479 2777 792 2831 καθέκαστα
824 2777 1199 2849 θεωρούμενα,
1229 2777 1670 2850 συμπληρωτικὰ
1700 2776 1910 2831 τούτων

316 2867 501 2931 ἐστὶν,
542 2870 601 2922 οὑ
631 2870 737 2942 μὴν
767 2871 834 2924 τὰ
868 2870 1184 2925 καθέκαστα
1215 2872 1272 2925 ὲν
1294 2873 1405 2932 τοῖς
1431 2871 1682 2926 καθόλου.
1701 2870 1911 2925 Οὐκοῦν

317 2961 391 3015 οὑ
420 2960 508 3014 διὰ
541 2960 603 3014 τὸ
632 2961 725 3015 δύο
762 2961 956 3031 φύσεις
1004 2962 1183 3032 λέγειν
1210 2965 1359 3034 ἡμᾶς
1392 2965 1485 3017 ἐπὶ
1517 2962 1777 3034 Χριστοῦ,
1816 2964 1911 3017 καὶ¹

324 3053 464 3124 μίαν
499 3054 818 3120 ὑπόστασιν,
872 3054 1161 3125 συμὸαίνει
1202 3056 1297 3109 καὶ
1346 3056 1656 3126 προσώπων
1714 3057 1909 3127 κρᾶσιν

317 3144 600 3215 γίνεσθαι.
630 3145 821 3210 Οὐδεὶς
875 3146 982 3218 γὰρ
1025 3146 1432 3216 καταναγκάζει
1486 3147 1663 3215 λόγος,
1698 3146 1823 3200 ὲπελ⁵
1848 3146 1908 3200 οὑ

315 3235 525 3291 ταυτὸν
562 3236 725 3306 φύσις
777 3236 872 3292 καὶ
901 3237 1216 3308 πρόσωπον,
1246 3237 1369 3291 οὑδὲ
1401 3237 1508 3308 μὴν
1531 3237 1907 3308 ἀντιστρέφει,

2011 2046 2283 2101 persona;
2323 2044 2561 2101 namque
2608 2029 2944 2102 bypostasim
2998 2048 3122 2088 esse
3178 2034 3592 2100 asserenti,ne-

2011 2139 2166 2180 cesse
2208 2131 2324 2189 est,
2385 2133 2445 2178 ut
2486 2121 2629 2178 adsit
2682 2132 2918 2189 natura,
2980 2124 3026 2180 si
3077 2124 3243 2179 modo
3308 2141 3586 2196 persona,

2011 2214 2125 2270 sive
2174 2214 2486 2285 bypostasis
2516 2213 2652 2268 nihil
2686 2215 2834 2270 aliud
2866 2222 2969 2284 est,
3012 2234 3176 2287 quam
3213 2228 3407 2274 natura
3462 2235 3591 2276 cum

2012 2308 2366 2377 preprietate,
2416 2305 2499 2360 vel
2560 2306 3016 2376 proprietatibus,
3088 2318 3261 2365 totum
3314 2312 3589 2382 quoddam

2010 2413 2106 2468 per
2130 2413 2190 2455 se
2240 2398 2444 2453 dictum
2477 2415 2492 2465 ;
2527 2406 2584 2452 at
2631 2399 2961 2467 universale,
2993 2401 3109 2457 sive
3129 2413 3380 2457 naturam
3415 2420 3592 2459 enun-

2015 2491 2198 2558 tianti,
2256 2507 2360 2546 non
2416 2500 2501 2548 est
2552 2508 2781 2550 necesse
2828 2502 2883 2548 et
2941 2494 3238 2563 singulare,
3299 2512 3592 2566 personam

2013 2600 2231 2655 nempe,
2258 2593 2353 2640 aut
2388 2585 2730 2656 bypostasim
2775 2586 2989 2643 adesse.
3034 2586 3379 2644 Universalia
3436 2589 3587 2644 enim

2013 2676 2068 2732 in
2103 2676 2401 2733 individuis
2441 2678 2812 2745 considerata,
2850 2679 3045 2735 horum
3092 2680 3299 2736 faciunt
3331 2681 3399 2736 ad
3437 2697 3592 2737 com-

2014 2770 2368 2840 plementum,
2424 2780 2482 2826 at
2531 2786 2639 2826 non
2709 2770 3011 2843 singularia
3056 2773 3110 2828 in
3169 2774 3592 2831 universalibus.

2014 2862 2133 2917 Non
2168 2863 2350 2932 itaque
2377 2879 2444 2918 ex
2482 2879 2549 2919 eo
2596 2866 2742 2935 quod
2779 2866 3017 2922 dicimus
3068 2867 3207 2922 duas
3268 2868 3321 2921 in
3374 2867 3595 2923 Christo

2016 2966 2241 3011 naturas
2297 2965 2353 3011 et
2411 2972 2576 3011 unam
2645 2959 3006 3029 hypostasim,
3060 2959 3365 3014 evincimur
3426 2961 3593 3015 etiam

2014 3046 2197 3103 dicere
2217 3057 2272 3103 et
2302 3048 2695 3105 immistionem
2752 3065 3115 3119 personarum
3166 3051 3302 3107 ﬁeri.
3345 3049 3503 3107 Nulla
3541 3054 3595 3108 id

2013 3137 2161 3210 cogit
2222 3138 2384 3203 ratio,
2437 3154 2561 3194 cum
2625 3155 2734 3194 non
2794 3140 2937 3196 idem
2990 3142 3065 3197 sit
3120 3151 3315 3198 natura
3365 3154 3419 3198 et
3475 3160 3595 3214 per-

2014 3245 2169 3296 sona,
2202 3246 2378 3300 neque
2423 3246 2529 3286 una
2571 3246 2671 3301 pro
2705 3232 2811 3287 alia
2847 3242 3120 3299 sumatur,
3182 3244 3241 3290 ut
3294 3244 3429 3304 quot
3485 3237 3597 3291 sint

322 3330 422 3383 τνα
440 3329 563 3383 ὅσαι
590 3327 656 3382 ἂν
676 3324 785 3382 εἷεν
809 3330 864 3382 αί
890 3306 1103 3399 φύσεις,
1134 3329 1373 3383 τοσαῦτα
1402 3306 1494 3383 καὶ
1524 3329 1594 3383 τά
1621 3306 1910 3401 πρόσωπα.

2023 3334 2254 3387 naturae,
2290 3329 2369 3376 tot
2425 3322 2593 3377 etiam
2654 3323 2766 3378 sint
2823 3339 3092 3394 personae.
3126 3324 3183 3379 In
3232 3326 3419 3382 multis
3449 3330 3595 3383 enim

338 3419 434 3474 'Ev
467 3419 685 3484 πολλοῖς
713 3421 823 3490 γὰρ
851 3420 1060 3475 ἔνεστιν
1098 3421 1228 3475 ἰδεῖν
1259 3422 1318 3475 ὲν
1357 3422 1461 3493 μιᾷ
1494 3421 1791 3475 ὑποστάσει
1818 3420 1914 3475 δύο

326 3512 530 3583 φύσεις
570 3512 973 3585 θεωρουμένας,
1004 3514 1101 3568 καὶ
1137 3512 1232 3569 δύο
1268 3515 1485 3585 φύσεων
1513 3515 1684 3569 ὄντων
1711 3514 1787 3586 μὴ
1823 3514 1913 3583 γί-

323 3605 525 3660 νεσθαι
566 3605 662 3660 δύο
704 3605 1019 3678 προσώπων
1056 3607 1148 3671 ἐίς
1193 3607 1311 3670 ἑνὸς
1362 3606 1655 3680 προσώπου
1692 3609 1912 3678 κρᾶσιν,

322 3694 449 3755 οἷον
476 3699 574 3754 ἐπὶ
616 3699 712 3753 τοῦ
739 3700 1060 3757 καθέκαστα
1082 3700 1396 3773 ἀνθρώπου,
1429 3703 1526 3757 καὶ
1558 3703 1653 3756 ἐπὶ
1684 3701 1781 3755 τοῦ
1833 3717 1916 3754 σι-

323 3791 499 3864 δήρου
515 3791 612 3846 τοῦ
633 3794 1168 3865 πεπυρακτωμένου,
1205 3796 1302 3849 καὶ
1335 3796 1422 3850 ἐπ’
1440 3796 1615 3851 ἄλλων
1644 3794 1915 3851 πλείστων

323 3882 427 3937 δύο
452 3882 645 3955 φύσεις
670 3884 933 3956 εὕρηνται
980 3885 1306 3957 ἀσυγχύτως
1356 3883 1664 3959 ἡνωμέναι,
1695 3890 1756 3943 οὑ
1808 3888 1917 3961 μὴν

326 3980 433 4034 καὶ
461 3980 733 4050 πρόσωπα
769 3980 885 4047 δύο,
921 3982 1009 4036 ἵνα
1042 3981 1139 4035 καὶ⁸
1183 3980 1326 4036 κατά
1372 3984 1572 4053 κρᾶσιν
1606 3982 1701 4036 καὶ
1731 3982 1789 4036 ἐν
1816 3982 1915 4051 γέ·-

326 4090 554 4128 νωνται.
600 4072 874 4138 Ὡσαύτως
916 4075 974 4128 δὲ
1006 4075 1103 4128 καὶ
1153 4075 1215 4129 τὸ
1244 4074 1340 4128 τοῦ
1395 4075 1722 4130 Ἀποστόλου
1752 4075 1916 4147 ῥητὸν

330 4163 525 4228 κακῶς
557 4164 801 4233 συνῆκας
824 4164 887 4217 τὸ
929 4164 1255 4235 λεγόμενονο
1290 4165 1395 4230 Ὃς
1430 4163 1501 4218 ἐν
1532 4163 1736 4232 μορφῇ
1768 4162 1917 4218 Θεοῦ

326 4253 645 4325 ὑπάρχων,
674 4255 788 4325 οὐχ
818 4254 1135 4326 ἁρπαγμὸν
1181 4254 1456 4325 ἡγήσατο
1506 4254 1573 4309 τὸ
1619 4255 1774 4309 εἶναι
1811 4256 1920 4310 ισα

336 4346 486 4413 Θεῷ,
508 4348 646 4402 ἀλλ’
665 4348 884 4403 ἑαυτὸν
903 4350 1167 4404 ἐκένωσε
1182 4348 1428 4418 μορφὴν
1451 4347 1676 4403 δούλου
1694 4347 1916 4406 λαϐὼν.

334 4438 416 4490 Τὸ
450 4438 551 4509 μὲν
573 4433 667 4491 οὖν
693 4439 792 4508 τῆς
816 4439 1030 4511 μορφῆς
1062 4440 1092 4492 ὃ
1137 4456 1197 4492 τε
1234 4439 1405 4509 μέγας
1432 4438 1709 4503 Βασίλειος
1740 4441 1799 4493 ὲν
1820 4441 1920 4510 ῐσῳ

328 4529 597 4585 δύνασθαι
634 4531 923 4601 σημαίνειν
965 4532 1043 4603 τῷ
1075 4532 1134 4585 ὲν
1177 4532 1337 4603 οὑσίᾳ
1370 4533 1465 4587 καὶ
1491 4531 1655 4602 φύσει
1705 4534 1771 4605 τῇ
1808 4550 1918 4585 πα·-

2017 3414 2389 3484 eonspicimus
2423 3414 2477 3470 in
2536 3430 2646 3469 una
2690 3416 2968 3487 hypostasi
3021 3416 3158 3472 duas
3197 3426 3423 3474 naturas
3466 3435 3600 3475 con-

2014 3507 2264 3574 siderari,
2310 3518 2366 3563 et
2393 3508 2607 3567 duabus
2654 3509 2869 3565 naturis
2916 3509 3312 3568 exsistentibus
3345 3528 3453 3567 non
3486 3512 3598 3567 ﬁeri

2014 3599 2152 3655 duas
2181 3615 2442 3670 personas
2472 3602 2528 3657 in
2562 3603 2730 3657 unius
2799 3615 3048 3671 personae
3090 3601 3430 3668 mistionem,
3457 3614 3513 3658 ut
3541 3604 3598 3659 in

2015 3690 2281 3761 singulari
2307 3692 2548 3761 homine,
2574 3702 2627 3749 et
2661 3693 2715 3748 in
2747 3691 2894 3749 ferro
2916 3708 3206 3761 succenso,
3236 3706 3291 3750 et
3317 3693 3372 3749 in
3406 3693 3600 3765 pleriso

2015 3796 2124 3852 que
2192 3783 2314 3839 aliis
2371 3782 2491 3840 dum
2558 3793 2771 3841 natum
2828 3785 3244 3857 comperiuntur
3305 3785 3596 3843 inconfuse

2017 3876 2207 3941 unita,
2242 3892 2354 3931 non
2403 3886 2587 3932 autem
2638 3889 2692 3934 et
2735 3878 2858 3934 duae
2898 3892 3164 3947 personae,
3235 3887 3296 3933 ut
3344 3893 3442 3948 per
3492 3878 3598 3933 mi-

2017 3969 2253 4025 stionem
2283 3985 2454 4032 unum
2483 3970 2636 4025 ﬁant.
2670 3968 2935 4025 Similiter
2992 3970 3159 4025 etiam
3226 3969 3473 4040 Apostoli
3510 3971 3595 4026 di-

2018 4069 2166 4115 ctum
2202 4076 2309 4115 non
2336 4060 2507 4131 probe
2576 4059 2915 4125 intellexisti,
2953 4060 3100 4130 quod
3154 4060 3271 4114 ait:
3333 4058 3439 4124 Qui
3477 4077 3597 4115 cum

2017 4153 2075 4206 in
2114 4152 2288 4222 forma
2326 4152 2424 4205 Dei
2455 4161 2634 4219 esset,
2687 4168 2791 4206 non
2856 4153 3100 4221 rapinam
3153 4152 3448 4206 arbitratus
3496 4164 3596 4218 est,

2018 4258 2128 4297 esse
2158 4259 2212 4297 se
2259 4242 2517 4312 azqualem
2576 4242 2707 4311 Deo,
2773 4244 2865 4299 sed
2916 4244 3251 4311 semetipsum
3303 4245 3598 4300 exinanivit

2020 4335 2249 4405 formam
2283 4336 2420 4390 servi
2455 4336 2721 4407 accipiens
2745 4338 2790 4392 ’.
2857 4336 3064 4393 Nomen
3096 4338 3279 4407 itaque
3328 4336 3515 4393 formae
3544 4348 3601 4393 et

2020 4443 2253 4498 magnus
2316 4428 2551 4485 Basilius
2599 4429 2824 4500 perinde
2860 4445 2982 4487 esse
3026 4430 3279 4500 idemque
3337 4431 3597 4498 innuere,

2021 4535 2087 4576 ac
2153 4520 2246 4591 qui
2306 4521 2361 4576 in
2425 4523 2663 4578 essentia
2727 4532 2782 4579 et
2859 4531 3058 4580 natura
3141 4533 3368 4594 paterna
3426 4523 3599 4580 Filius

331 4625 502 4694 τριχῇ
541 4622 634 4677 τὸν
668 4624 794 4677 Υίὸν
825 4623 977 4690 ὄντα,
1037 4623 1253 4696 μορφὴν
1304 4623 1516 4690 δούλου,
1550 4626 1719 4697 ἧγουν
1752 4624 1915 4696 φύσιν

2022 4622 2159 4677 erat,
2207 4612 2441 4668 formam
2490 4616 2658 4681 servi,
2705 4616 2811 4672 hoc
2861 4625 2946 4672 est
2990 4625 3271 4682 naturam,
3305 4618 3601 4688 assumpsit

334 4715 697 4785 ἀνειληφέναι
745 4715 837 4770 τὸν
875 4716 1100 4787 Κύριον,
1158 4716 1254 4770 καὶ
1281 4716 1543 4787 γεγονότα
1590 4717 1913 4789 ἀνθρωπονο

335 4808 437 4860 καὶ
470 4808 586 4861 ὅσοι
624 4807 691 4861 ἂν
744 4807 897 4862 τοῦδε
951 4807 1048 4861 τοῦ
1081 4806 1245 4878 ῥητοῦ
1296 4809 1397 4879 τὴν
1441 4808 1703 4880 ἐξήγησιν
1732 4810 1920 4880 ἐποιή-

340 4912 508 4950 σαντο
537 4897 804 4968 Πατέρες,
837 4899 894 4950 ὲν
923 4897 1105 4969 οὐσίᾳ,
1139 4898 1260 4969 ἦτοι
1291 4898 1473 4967 φύσει,
1495 4899 1556 4952 τὸ
1578 4899 1677 4970 τῆς
1706 4901 1921 4970 μορφῆς

338 4986 514 5057 ὄνομα
539 4988 830 5059 σημαίνειν
856 4990 1197 5061 νενοήκασιν.
1222 4987 1393 5053 Αὐτὸς
1417 4985 1509 5044 οὖν
1535 4990 1629 5043 καὶ
1652 4990 1773 5044 τόδε
1794 5007 1922 5043 ταυ-

337 5080 431 5134 τδν
466 5082 817 5153 ἡγησάμενος
867 5083 1154 5156 σημαίνειν
1191 5084 1268 5156 τῷ
1317 5082 1595 5156 προσώπῳ
1645 5082 1789 5137 καθά
1826 5083 1922 5136 καὶ

338 5174 441 5246 τὴν
471 5174 662 5243 φύσιν,
685 5175 917 5247 ἀμαθῶς
953 5179 1045 5231 καί⁵
1072 5177 1479 5241 ἀναποδείκτως
1506 5175 1911 5247 συμπεραίνεις.

341 5266 455 5320 Καὶ
474 5266 650 5331 ἄλλως
680 5270 760 5332 είς
788 5269 848 5322 τὸ
875 5270 1029 5324 αὑτόο
1064 5270 1125 5322 Εἰ
1153 5269 1251 5339 μὲν
1275 5265 1368 5323 οὖν
1397 5268 1495 5332 τὰς
1523 5268 1717 5338 φύσεις
1745 5285 1918 5338 κεχωο

348 5357 645 5427 ρισμένας,
669 5359 787 5430 ἤτοι
812 5360 1234 5425 ίδιοσυστάτους,
1267 5358 1360 5413 καὶ⁸
1386 5359 1510 5412 καθ’
1538 5358 1737 5420 ἑαυτὰς
1752 5357 1919 5422 οὓσας

342 5449 795 5520 ὲδογματίζομεν,
827 5446 941 5505 οἷον
985 5453 1077 5506 τὸν
1105 5451 1239 5505 Θεδν
1270 5452 1443 5520 Λόγον
1482 5450 1627 5515 ἰδίως
1654 5450 1795 5522 μετὰ
1824 5453 1924 5521 τῆς

346 5541 539 5612 θεῖκῆς
560 5543 726 5597 αὑτοῦ
760 5543 975 5613 φύσεως
1003 5544 1154 5610 ὄντα,
1184 5548 1281 5600 καὶ
1304 5545 1467 5599 πάλιν
1491 5545 1776 5614 ἄνθρωπον
1798 5544 1922 5599 καθ’

344 5632 541 5687 ἑαυτὸν
578 5635 1023 5703 προῦποστάντα,
1077 5637 1173 5689 καὶ
1224 5636 1643 5701 διαπλασθέντα,
1679 5632 1797 5689 εἶτα
1824 5637 1922 5705 τὴν

344 5725 542 5779 ’ἐνωσιν
578 5723 686 5779 τῶν
712 5725 929 5796 φύσεων
960 5726 1231 5798 λέγοντες,
1262 5728 1358 5784 καὶ
1390 5727 1484 5783 δύο
1528 5728 1697 5794 αὑτὰς
1732 5728 1923 5799 ὁμολο-

457 5905 479 5934 ’
522 5900 759 5975 Pbilipp.
792 5919 857 5971 II,
888 5905 940 5961 6.

2024 4703 2308 4770 Dominus,
2341 4704 2631 4777 factusque
2662 4717 2747 4764 est
2800 4708 2986 4773 homo,
3043 4719 3098 4766 et
3139 4711 3457 4783 quicunque
3505 4712 3599 4767 alii

2017 4795 2207 4854 Patres
2230 4799 2437 4857 dictum
2496 4801 2599 4856 hoc
2662 4800 3000 4871 interpretati
3034 4812 3186 4871 sunt,
3248 4805 3301 4859 in
3344 4806 3602 4861 essentia;

2018 4900 2337 4961 naturaeque
2366 4891 2767 4965 signiﬁcatione
2801 4892 2991 4950 formae
3014 4911 3209 4950 nomen
3243 4905 3595 4967 acceperunt.

2020 4982 2103 5039 Tu
2142 4985 2327 5056 itaque
2377 4995 2433 5041 et
2474 4976 2594 5041 ‘hoc
2629 5002 2739 5042 non
2793 4988 2939 5043 aliud
2991 4997 3143 5043 ratus
3198 4999 3389 5043 notare
3433 5006 3596 5058 quam

2023 5092 2338 5150 personam,
2362 5078 2824 5149 quemadmodum
2880 5089 2937 5136 et
2999 5089 3291 5147 naturam,
3320 5090 3522 5136 temere
3547 5092 3601 5139 ct

2026 5171 2235 5241 absque
2291 5171 2404 5227 ulla
2443 5162 2925 5228 demonstratione
2962 5172 3268 5229 concludis.
3320 5172 3438 5227 Alia
3463 5189 3602 5244 quo-

2023 5280 2131 5335 que
2168 5265 2384 5321 ratione
2422 5265 2492 5321 de
2536 5265 2751 5321 eodem.
2808 5262 2869 5321 Si
2920 5274 3151 5323 naturas
3209 5264 3436 5329 divisas,
3504 5279 3600 5333 per

2024 5373 2084 5413 se
2116 5373 2309 5427 nempe
2335 5358 2716 5425 subsistentes,
2749 5366 2804 5413 et
2825 5367 3109 5429 separatas
3146 5359 3597 5424 decerneremus,

2024 5466 2219 5521 nempe
2251 5450 2416 5505 Deum
2467 5449 2704 5505 Verbum
2742 5449 3035 5520 separatim
3078 5466 3205 5506 cum
3250 5451 3432 5505 divina
3498 5465 3599 5504 sua

2026 5552 2245 5609 natura,
2294 5557 2628 5613 rursumque
2666 5542 2946 5598 hominem
2978 5543 3278 5599 secundum
3332 5559 3397 5599 se
3437 5549 3599 5597 antea

2025 5635 2079 5690 in
2111 5633 2390 5706 bypostasi
2414 5633 2823 5700 subsistentem,
2866 5641 2921 5687 et
2946 5641 3217 5700 creatum,
3268 5640 3383 5687 tum
3437 5630 3600 5685 uuioo

2024 5742 2149 5784 nem
2186 5734 2507 5783 naturarum
2541 5724 2957 5793 allirmaremus,
3003 5738 3209 5790 easque
3247 5724 3385 5781 duas
3431 5720 3601 5793 proli.
