  <div class='ocr_page' id='page_1' title='image "/cluster/home/n/w/nwhite01/storage/ocr_20150623/105/hvd.32044013678347/339.png"; bbox 0 0 3994 6644; ppageno 0'>
   <div class='ocr_carea' id='block_1_1' title="bbox 425 425 532 489">
    <p class='ocr_par' dir='ltr' id='par_1_1' title="bbox 425 425 532 489">
     <span class='ocr_line' id='line_1_1' title="bbox 425 425 532 489; baseline 0.037 -4"><span class='ocrx_word' id='word_1_1' title='bbox 425 425 532 489; x_wconf 69' lang='grc'><strong>(559</strong></span> 
     </span>
    </p>
   </div>
   <div class='ocr_carea' id='block_1_2' title="bbox 1695 432 2429 493">
    <p class='ocr_par' dir='ltr' id='par_1_2' title="bbox 1695 432 2429 493">
     <span class='ocr_line' id='line_1_2' title="bbox 1695 432 2429 493; baseline 0.001 -3"><span class='ocrx_word' id='word_1_2' title='bbox 1695 432 1985 491; x_wconf 65' lang='grc' dir='ltr'><strong>ΝΠῘΕΤᾸΞ</strong></span> <span class='ocrx_word' id='word_1_3' title='bbox 2026 432 2429 493; x_wconf 66' lang='grc' dir='ltr'><strong>ΒΥΖΛΝΤΙΝΙ</strong></span> 
     </span>
    </p>
   </div>
   <div class='ocr_carea' id='block_1_3' title="bbox 3594 430 3705 494">
    <p class='ocr_par' dir='ltr' id='par_1_3' title="bbox 3594 430 3705 494">
     <span class='ocr_line' id='line_1_3' title="bbox 3594 430 3705 494; baseline 0 -1"><span class='ocrx_word' id='word_1_4' title='bbox 3594 430 3705 494; x_wconf 73' lang='lat'><strong>660</strong></span> 
     </span>
    </p>
   </div>
   <div class='ocr_carea' id='block_1_4' title="bbox 425 550 2000 623">
    <p class='ocr_par' dir='ltr' id='par_1_4' title="bbox 425 551 2000 623">
     <span class='ocr_line' id='line_1_4' title="bbox 425 551 2000 623; baseline 0.003 -21"><span class='ocrx_word' id='word_1_5' title='bbox 425 560 664 603; x_wconf 79' lang='lat' dir='ltr'><strong>teremur</strong></span> <span class='ocrx_word' id='word_1_6' title='bbox 716 558 772 604; x_wconf 84' lang='lat' dir='ltr'><strong>et</strong></span> <span class='ocrx_word' id='word_1_7' title='bbox 802 566 965 605; x_wconf 89' lang='lat' dir='ltr'><strong>unam</strong></span> <span class='ocrx_word' id='word_1_8' title='bbox 1000 551 1363 623; x_wconf 79' lang='lat' dir='ltr'><strong>hypostasim,</strong></span> <span class='ocrx_word' id='word_1_9' title='bbox 1401 551 1715 606; x_wconf 88' lang='lat' dir='ltr'><strong>necessario</strong></span> <span class='ocrx_word' id='word_1_10' title='bbox 1754 567 2000 621; x_wconf 72' lang='lat' dir='ltr'><strong>sequere-</strong></span> 
     </span>
    </p>
   </div>
   <div class='ocr_carea' id='block_1_5' title="bbox 2106 550 3707 623">
    <p class='ocr_par' dir='ltr' id='par_1_5' title="bbox 2121 550 3707 621">
     <span class='ocr_line' id='line_1_5' title="bbox 2121 550 3707 621; baseline 0.002 -17"><span class='ocrx_word' id='word_1_11' title='bbox 2121 551 2368 620; x_wconf 87' lang='grc' dir='ltr'>γοῦντες,</span> <span class='ocrx_word' id='word_1_12' title='bbox 2404 550 2501 604; x_wconf 74' lang='grc' dir='ltr'>καὶ</span> <span class='ocrx_word' id='word_1_13' title='bbox 2539 552 2669 620; x_wconf 88' lang='grc' dir='ltr'>μίαν</span> <span class='ocrx_word' id='word_1_14' title='bbox 2718 551 3037 616; x_wconf 76' lang='grc' dir='ltr'><strong>ὑπόστασιν,</strong></span> <span class='ocrx_word' id='word_1_15' title='bbox 3070 551 3285 620; x_wconf 79' lang='grc' dir='ltr'><strong>ἀνάγκη</strong></span> <span class='ocrx_word' id='word_1_16' title='bbox 3332 552 3396 605; x_wconf 71' lang='grc' dir='ltr'>τὰ</span> <span class='ocrx_word' id='word_1_17' title='bbox 3430 553 3707 621; x_wconf 74' lang='grc' dir='ltr'>πρόσωπα</span> 
     </span>
    </p>
   </div>
   <div class='ocr_carea' id='block_1_6' title="bbox 425 642 2003 714">
    <p class='ocr_par' dir='ltr' id='par_1_6' title="bbox 425 642 2003 714">
     <span class='ocr_line' id='line_1_6' title="bbox 425 642 2003 714; baseline 0.003 -19"><span class='ocrx_word' id='word_1_18' title='bbox 425 656 537 707; x_wconf 79' lang='lat' dir='ltr'><strong>tur,</strong></span> <span class='ocrx_word' id='word_1_19' title='bbox 598 642 737 698; x_wconf 87' lang='lat' dir='ltr'><strong>duas</strong></span> <span class='ocrx_word' id='word_1_20' title='bbox 791 660 1058 714; x_wconf 72' lang='lat' dir='ltr'><strong>personas</strong></span> <span class='ocrx_word' id='word_1_21' title='bbox 1118 644 1170 699; x_wconf 92' lang='lat' dir='ltr'><strong>in</strong></span> <span class='ocrx_word' id='word_1_22' title='bbox 1219 661 1382 699; x_wconf 88' lang='lat' dir='ltr'><strong>unam</strong></span> <span class='ocrx_word' id='word_1_23' title='bbox 1442 655 1751 701; x_wconf 87' lang='lat' dir='ltr'><strong>contractas</strong></span> <span class='ocrx_word' id='word_1_24' title='bbox 1814 645 2003 711; x_wconf 77' lang='lat' dir='ltr'><strong>fuisse,</strong></span> 
     </span>
    </p>
   </div>
   <div class='ocr_carea' id='block_1_7' title="bbox 426 736 2011 803">
    <p class='ocr_par' dir='ltr' id='par_1_7' title="bbox 426 736 2011 803">
     <span class='ocr_line' id='line_1_7' title="bbox 426 736 2011 803; baseline 0.004 -15"><span class='ocrx_word' id='word_1_25' title='bbox 426 736 570 803; x_wconf 88' lang='lat' dir='ltr'><strong>quod</strong></span> <span class='ocrx_word' id='word_1_26' title='bbox 602 736 648 792; x_wconf 89' lang='lat' dir='ltr'><strong>si</strong></span> <span class='ocrx_word' id='word_1_27' title='bbox 682 736 921 792; x_wconf 83' lang='lat' dir='ltr'><strong>alienum</strong></span> <span class='ocrx_word' id='word_1_28' title='bbox 982 749 1065 794; x_wconf 89' lang='lat' dir='ltr'><strong>est</strong></span> <span class='ocrx_word' id='word_1_29' title='bbox 1122 755 1150 793; x_wconf 89' lang='lat' dir='ltr'><strong>a</strong></span> <span class='ocrx_word' id='word_1_30' title='bbox 1197 739 1636 795; x_wconf 88' lang='lat' dir='ltr'><strong>Christianorum</strong></span> <span class='ocrx_word' id='word_1_31' title='bbox 1681 740 1784 795; x_wconf 76' lang='lat' dir='ltr'><strong>(ide</strong></span> <span class='ocrx_word' id='word_1_32' title='bbox 1825 742 2011 796; x_wconf 86' lang='lat' dir='ltr'><strong>ortho-</strong></span> 
     </span>
    </p>
   </div>
   <div class='ocr_carea' id='block_1_8' title="bbox 426 826 2005 903">
    <p class='ocr_par' dir='ltr' id='par_1_8' title="bbox 426 826 2005 903">
     <span class='ocr_line' id='line_1_8' title="bbox 426 826 2005 903; baseline 0.006 -23"><span class='ocrx_word' id='word_1_33' title='bbox 426 826 591 892; x_wconf 82' lang='lat' dir='ltr'><strong>doxa,</strong></span> <span class='ocrx_word' id='word_1_34' title='bbox 664 830 827 899; x_wconf 81' lang='lat' dir='ltr'><strong>idque</strong></span> <span class='ocrx_word' id='word_1_35' title='bbox 893 847 994 887; x_wconf 82' lang='lat' dir='ltr'><strong>nos</strong></span> <span class='ocrx_word' id='word_1_36' title='bbox 1056 843 1315 903; x_wconf 79' lang='lat' dir='ltr'><strong>tanquam</strong></span> <span class='ocrx_word' id='word_1_37' title='bbox 1366 832 1605 888; x_wconf 86' lang='lat' dir='ltr'><strong>Nestorii</strong></span> <span class='ocrx_word' id='word_1_38' title='bbox 1675 835 2005 889; x_wconf 85' lang='lat' dir='ltr'><strong>sententiam</strong></span> 
     </span>
    </p>
   </div>
   <div class='ocr_carea' id='block_1_9' title="bbox 402 920 2008 985">
    <p class='ocr_par' dir='ltr' id='par_1_9' title="bbox 402 920 2008 985">
     <span class='ocr_line' id='line_1_9' title="bbox 402 920 2008 985; baseline 0.003 -11"><span class='ocrx_word' id='word_1_39' title='bbox 402 920 796 985; x_wconf 74' lang='lat' dir='ltr'><strong>exsecrantur,</strong></span> <span class='ocrx_word' id='word_1_40' title='bbox 832 922 1033 977; x_wconf 77' lang='lat' dir='ltr'><strong>frustra</strong></span> <span class='ocrx_word' id='word_1_41' title='bbox 1066 924 1332 979; x_wconf 88' lang='lat' dir='ltr'><strong>adversus</strong></span> <span class='ocrx_word' id='word_1_42' title='bbox 1362 941 1464 981; x_wconf 92' lang='lat' dir='ltr'><strong>nos</strong></span> <span class='ocrx_word' id='word_1_43' title='bbox 1522 925 1723 980; x_wconf 80' lang='lat' dir='ltr'><strong>similia</strong></span> <span class='ocrx_word' id='word_1_44' title='bbox 1782 926 2008 979; x_wconf 88' lang='lat' dir='ltr'><strong>conclu-</strong></span> 
     </span>
    </p>
   </div>
   <div class='ocr_carea' id='block_1_10' title="bbox 422 1012 2004 1071">
    <p class='ocr_par' dir='ltr' id='par_1_10' title="bbox 422 1012 2004 1071">
     <span class='ocr_line' id='line_1_10' title="bbox 422 1012 2004 1071; baseline 0.004 -6"><span class='ocrx_word' id='word_1_45' title='bbox 422 1013 529 1066; x_wconf 85' lang='lat' dir='ltr'><strong>dis.</strong></span> <span class='ocrx_word' id='word_1_46' title='bbox 565 1012 675 1069; x_wconf 84' lang='lat' dir='ltr'><strong>Nos</strong></span> <span class='ocrx_word' id='word_1_47' title='bbox 726 1014 873 1068; x_wconf 90' lang='lat' dir='ltr'><strong>enim</strong></span> <span class='ocrx_word' id='word_1_48' title='bbox 928 1015 1161 1070; x_wconf 80' lang='lat' dir='ltr'><strong>dicimus</strong></span> <span class='ocrx_word' id='word_1_49' title='bbox 1216 1015 1459 1070; x_wconf 86' lang='lat' dir='ltr'><strong>divinum</strong></span> <span class='ocrx_word' id='word_1_50' title='bbox 1525 1015 1722 1071; x_wconf 82' lang='lat' dir='ltr'><strong>Filium</strong></span> <span class='ocrx_word' id='word_1_51' title='bbox 1764 1018 2004 1071; x_wconf 77' lang='lat' dir='ltr'><strong>divinam</strong></span> 
     </span>
    </p>
   </div>
   <div class='ocr_carea' id='block_1_11' title="bbox 425 1108 2004 1181">
    <p class='ocr_par' dir='ltr' id='par_1_11' title="bbox 425 1108 2004 1181">
     <span class='ocr_line' id='line_1_11' title="bbox 425 1108 2004 1181; baseline 0.003 -22"><span class='ocrx_word' id='word_1_52' title='bbox 425 1114 672 1161; x_wconf 87' lang='lat' dir='ltr'><strong>naturam</strong></span> <span class='ocrx_word' id='word_1_53' title='bbox 703 1108 756 1161; x_wconf 92' lang='lat' dir='ltr'><strong>in</strong></span> <span class='ocrx_word' id='word_1_54' title='bbox 794 1124 852 1163; x_wconf 89' lang='lat' dir='ltr'><strong>se</strong></span> <span class='ocrx_word' id='word_1_55' title='bbox 890 1108 1128 1180; x_wconf 77' lang='lat' dir='ltr'><strong>perfecte</strong></span> <span class='ocrx_word' id='word_1_56' title='bbox 1145 1109 1462 1173; x_wconf 83' lang='lat' dir='ltr'><strong>habentem,</strong></span> <span class='ocrx_word' id='word_1_57' title='bbox 1513 1122 1702 1181; x_wconf 88' lang='lat' dir='ltr'><strong>postea</strong></span> <span class='ocrx_word' id='word_1_58' title='bbox 1752 1122 2004 1165; x_wconf 88' lang='lat' dir='ltr'><strong>naturam</strong></span> 
     </span>
    </p>
   </div>
   <div class='ocr_carea' id='block_1_12' title="bbox 425 1199 2005 1275">
    <p class='ocr_par' dir='ltr' id='par_1_12' title="bbox 425 1199 2005 1275">
     <span class='ocr_line' id='line_1_12' title="bbox 425 1199 2005 1275; baseline 0.004 -23"><span class='ocrx_word' id='word_1_59' title='bbox 425 1199 719 1255; x_wconf 83' lang='lat' dir='ltr'><strong>humanam</strong></span> <span class='ocrx_word' id='word_1_60' title='bbox 751 1217 880 1257; x_wconf 87' lang='lat' dir='ltr'><strong>cum</strong></span> <span class='ocrx_word' id='word_1_61' title='bbox 942 1203 1280 1273; x_wconf 67' lang='lat' dir='ltr'><strong>praescriptis</strong></span> <span class='ocrx_word' id='word_1_62' title='bbox 1335 1204 1410 1258; x_wconf 89' lang='lat' dir='ltr'><strong>illi</strong></span> <span class='ocrx_word' id='word_1_63' title='bbox 1475 1204 1896 1275; x_wconf 88' lang='lat' dir='ltr'><strong>proprietatibus</strong></span> <span class='ocrx_word' id='word_1_64' title='bbox 1952 1206 2005 1259; x_wconf 88' lang='lat' dir='ltr'><strong>in</strong></span> 
     </span>
    </p>
   </div>
   <div class='ocr_carea' id='block_1_13' title="bbox 420 1294 2003 1368">
    <p class='ocr_par' dir='ltr' id='par_1_13' title="bbox 420 1294 2003 1368">
     <span class='ocr_line' id='line_1_13' title="bbox 420 1294 2003 1368; baseline 0.003 -23"><span class='ocrx_word' id='word_1_65' title='bbox 420 1294 642 1362; x_wconf 87' lang='lat' dir='ltr'><strong>propria</strong></span> <span class='ocrx_word' id='word_1_66' title='bbox 671 1295 951 1366; x_wconf 84' lang='lat' dir='ltr'><strong>hypostasi</strong></span> <span class='ocrx_word' id='word_1_67' title='bbox 995 1297 1454 1359; x_wconf 86' lang='lat' dir='ltr'><strong>individuantem.</strong></span> <span class='ocrx_word' id='word_1_68' title='bbox 1508 1308 1559 1352; x_wconf 87' lang='lat' dir='ltr'><strong>et</strong></span> <span class='ocrx_word' id='word_1_69' title='bbox 1604 1298 2003 1368; x_wconf 72' lang='lat' dir='ltr'><strong>hypostaticum</strong></span> 
     </span>
    </p>
   </div>
   <div class='ocr_carea' id='block_1_14' title="bbox 422 1384 2005 1459">
    <p class='ocr_par' dir='ltr' id='par_1_14' title="bbox 422 1384 2005 1459">
     <span class='ocr_line' id='line_1_14' title="bbox 422 1384 2005 1459; baseline 0.005 -23"><span class='ocrx_word' id='word_1_70' title='bbox 422 1384 765 1442; x_wconf 80' lang='lat' dir='ltr'><strong>Dotninicum</strong></span> <span class='ocrx_word' id='word_1_71' title='bbox 828 1389 1102 1443; x_wconf 82' lang='lat' dir='ltr'><strong>hominem</strong></span> <span class='ocrx_word' id='word_1_72' title='bbox 1139 1390 1450 1453; x_wconf 72' lang='lat' dir='ltr'><strong>facientem,</strong></span> <span class='ocrx_word' id='word_1_73' title='bbox 1496 1389 1547 1443; x_wconf 93' lang='lat' dir='ltr'><strong>in</strong></span> <span class='ocrx_word' id='word_1_74' title='bbox 1586 1390 1705 1459; x_wconf 89' lang='lat' dir='ltr'><strong>ipso</strong></span> <span class='ocrx_word' id='word_1_75' title='bbox 1740 1400 2005 1459; x_wconf 78' lang='lat' dir='ltr'><strong>conoeptu</strong></span> 
     </span>
    </p>
   </div>
   <div class='ocr_carea' id='block_1_15' title="bbox 422 1479 2006 1547">
    <p class='ocr_par' dir='ltr' id='par_1_15' title="bbox 422 1479 2006 1547">
     <span class='ocr_line' id='line_1_15' title="bbox 422 1479 2006 1547; baseline 0.003 -16"><span class='ocrx_word' id='word_1_76' title='bbox 422 1479 521 1547; x_wconf 80' lang='lat' dir='ltr'><strong>ipsi</strong></span> <span class='ocrx_word' id='word_1_77' title='bbox 555 1480 791 1543; x_wconf 89' lang='lat' dir='ltr'><strong>unitum,</strong></span> <span class='ocrx_word' id='word_1_78' title='bbox 835 1491 890 1534; x_wconf 88' lang='lat' dir='ltr'><strong>et</strong></span> <span class='ocrx_word' id='word_1_79' title='bbox 922 1496 1027 1535; x_wconf 91' lang='lat' dir='ltr'><strong>non</strong></span> <span class='ocrx_word' id='word_1_80' title='bbox 1066 1493 1227 1537; x_wconf 86' lang='lat' dir='ltr'><strong>antea</strong></span> <span class='ocrx_word' id='word_1_81' title='bbox 1276 1484 1570 1536; x_wconf 72' lang='lat' dir='ltr'><strong>r-onlictum</strong></span> <span class='ocrx_word' id='word_1_82' title='bbox 1598 1482 1651 1536; x_wconf 90' lang='lat' dir='ltr'><strong>in</strong></span> <span class='ocrx_word' id='word_1_83' title='bbox 1698 1492 1853 1537; x_wconf 89' lang='lat' dir='ltr'><strong>utero</strong></span> <span class='ocrx_word' id='word_1_84' title='bbox 1882 1481 2006 1535; x_wconf 87' lang='lat' dir='ltr'><strong>Vir-</strong></span> 
     </span>
    </p>
   </div>
   <div class='ocr_carea' id='block_1_16' title="bbox 420 1570 2007 1644">
    <p class='ocr_par' dir='ltr' id='par_1_16' title="bbox 420 1570 2007 1644">
     <span class='ocr_line' id='line_1_16' title="bbox 420 1570 2007 1644; baseline 0.003 -21"><span class='ocrx_word' id='word_1_85' title='bbox 420 1570 583 1639; x_wconf 79' lang='lat' dir='ltr'><strong>ginis,</strong></span> <span class='ocrx_word' id='word_1_86' title='bbox 628 1571 720 1626; x_wconf 80' lang='lat' dir='ltr'><strong>sed</strong></span> <span class='ocrx_word' id='word_1_87' title='bbox 757 1572 941 1626; x_wconf 86' lang='lat' dir='ltr'><strong>statim</strong></span> <span class='ocrx_word' id='word_1_88' title='bbox 978 1574 1029 1626; x_wconf 90' lang='lat' dir='ltr'><strong>in</strong></span> <span class='ocrx_word' id='word_1_89' title='bbox 1084 1573 1257 1643; x_wconf 89' lang='lat' dir='ltr'><strong>ipsius</strong></span> <span class='ocrx_word' id='word_1_90' title='bbox 1315 1574 1488 1644; x_wconf 87' lang='lat' dir='ltr'><strong>prima</strong></span> <span class='ocrx_word' id='word_1_91' title='bbox 1540 1574 1900 1643; x_wconf 78' lang='lat' dir='ltr'><strong>productione</strong></span> <span class='ocrx_word' id='word_1_92' title='bbox 1934 1574 2007 1628; x_wconf 86' lang='lat' dir='ltr'><strong>si-</strong></span> 
     </span>
    </p>
   </div>
   <div class='ocr_carea' id='block_1_17' title="bbox 421 1663 2006 1737">
    <p class='ocr_par' dir='ltr' id='par_1_17' title="bbox 421 1663 2006 1737">
     <span class='ocr_line' id='line_1_17' title="bbox 421 1663 2006 1737; baseline 0.005 -21"><span class='ocrx_word' id='word_1_93' title='bbox 421 1663 533 1717; x_wconf 86' lang='lat' dir='ltr'><strong>mul</strong></span> <span class='ocrx_word' id='word_1_94' title='bbox 585 1667 689 1720; x_wconf 86' lang='lat' dir='ltr'><strong>tria</strong></span> <span class='ocrx_word' id='word_1_95' title='bbox 750 1666 942 1729; x_wconf 76' lang='lat' dir='ltr'><strong>fuisse,</strong></span> <span class='ocrx_word' id='word_1_96' title='bbox 995 1669 1450 1737; x_wconf 85' lang='lat' dir='ltr'><strong>assumptionem,</strong></span> <span class='ocrx_word' id='word_1_97' title='bbox 1494 1668 1898 1732; x_wconf 71' lang='lat' dir='ltr'><strong>exsistentiam,</strong></span> <span class='ocrx_word' id='word_1_98' title='bbox 1952 1678 2006 1724; x_wconf 82' lang='lat' dir='ltr'><strong>ct</strong></span> 
     </span>
    </p>
   </div>
   <div class='ocr_carea' id='block_1_18' title="bbox 420 1756 2004 1833">
    <p class='ocr_par' dir='ltr' id='par_1_18' title="bbox 420 1756 2004 1833">
     <span class='ocr_line' id='line_1_18' title="bbox 420 1756 2004 1833; baseline 0.006 -26"><span class='ocrx_word' id='word_1_99' title='bbox 420 1756 821 1812; x_wconf 80' lang='lat' dir='ltr'><strong>deiﬁcationem</strong></span> <span class='ocrx_word' id='word_1_100' title='bbox 852 1760 1024 1829; x_wconf 88' lang='lat' dir='ltr'><strong>ipsius</strong></span> <span class='ocrx_word' id='word_1_101' title='bbox 1054 1778 1083 1813; x_wconf 78' lang='grc' dir='ltr'>ο</span> <span class='ocrx_word' id='word_1_102' title='bbox 1119 1760 1319 1825; x_wconf 83' lang='lat' dir='ltr'><strong>Verbo,</strong></span> <span class='ocrx_word' id='word_1_103' title='bbox 1344 1761 1533 1830; x_wconf 80' lang='lat' dir='ltr'><strong>sicque</strong></span> <span class='ocrx_word' id='word_1_104' title='bbox 1593 1760 1847 1833; x_wconf 78' lang='lat' dir='ltr'><strong>intelligi,</strong></span> <span class='ocrx_word' id='word_1_105' title='bbox 1921 1761 2004 1816; x_wconf 89' lang='lat' dir='ltr'><strong>di-</strong></span> 
     </span>
    </p>
   </div>
   <div class='ocr_carea' id='block_1_19' title="bbox 421 1850 2000 1921">
    <p class='ocr_par' dir='ltr' id='par_1_19' title="bbox 421 1850 2000 1921">
     <span class='ocr_line' id='line_1_19' title="bbox 421 1850 2000 1921; baseline 0.004 -18"><span class='ocrx_word' id='word_1_106' title='bbox 421 1850 581 1917; x_wconf 78' lang='lat' dir='ltr'><strong>cique</strong></span> <span class='ocrx_word' id='word_1_107' title='bbox 612 1850 899 1921; x_wconf 82' lang='lat' dir='ltr'><strong>Deiparam</strong></span> <span class='ocrx_word' id='word_1_108' title='bbox 949 1862 1194 1907; x_wconf 86' lang='lat' dir='ltr'><strong>sanctam</strong></span> <span class='ocrx_word' id='word_1_109' title='bbox 1254 1851 1557 1921; x_wconf 77' lang='lat' dir='ltr'><strong>Virginem,</strong></span> <span class='ocrx_word' id='word_1_110' title='bbox 1621 1869 1729 1909; x_wconf 87' lang='lat' dir='ltr'><strong>non</strong></span> <span class='ocrx_word' id='word_1_111' title='bbox 1790 1865 2000 1910; x_wconf 90' lang='lat' dir='ltr'><strong>tantum</strong></span> 
     </span>
    </p>
   </div>
   <div class='ocr_carea' id='block_1_20' title="bbox 2112 642 3710 717">
    <p class='ocr_par' dir='ltr' id='par_1_20' title="bbox 2112 642 3710 717">
     <span class='ocr_line' id='line_1_20' title="bbox 2112 642 3710 717; baseline 0.001 -21"><span class='ocrx_word' id='word_1_112' title='bbox 2112 643 2181 697; x_wconf 79' lang='grc' dir='ltr'><strong>τὰ</strong></span> <span class='ocrx_word' id='word_1_113' title='bbox 2205 643 2299 697; x_wconf 86' lang='grc' dir='ltr'><strong>δύο</strong></span> <span class='ocrx_word' id='word_1_114' title='bbox 2331 645 2412 707; x_wconf 81' lang='grc' dir='ltr'>εἰς</span> <span class='ocrx_word' id='word_1_115' title='bbox 2454 642 2513 695; x_wconf 81' lang='grc' dir='ltr'>ἓν</span> <span class='ocrx_word' id='word_1_116' title='bbox 2573 644 2870 713; x_wconf 79' lang='grc' dir='ltr'>πρόσωπον</span> <span class='ocrx_word' id='word_1_117' title='bbox 2922 643 3285 717; x_wconf 81' lang='grc' dir='ltr'>συνῃρῆσθαι.</span> <span class='ocrx_word' id='word_1_118' title='bbox 3335 644 3396 695; x_wconf 74' lang='grc' dir='ltr'>Εἰ</span> <span class='ocrx_word' id='word_1_119' title='bbox 3434 643 3490 696; x_wconf 81' lang='grc' dir='ltr'>δὲ</span> <span class='ocrx_word' id='word_1_120' title='bbox 3537 644 3710 698; x_wconf 84' lang='grc' dir='ltr'>τοῦτο</span> 
     </span>
    </p>
   </div>
   <div class='ocr_carea' id='block_1_21' title="bbox 2112 734 3709 808">
    <p class='ocr_par' dir='ltr' id='par_1_21' title="bbox 2112 734 3709 808">
     <span class='ocr_line' id='line_1_21' title="bbox 2112 734 3709 808; baseline 0 -19"><span class='ocrx_word' id='word_1_121' title='bbox 2112 736 2396 808; x_wconf 84' lang='grc' dir='ltr'>ἀλλότριον</span> <span class='ocrx_word' id='word_1_122' title='bbox 2440 736 2539 807; x_wconf 76' lang='grc' dir='ltr'>τῆς</span> <span class='ocrx_word' id='word_1_123' title='bbox 2581 736 2691 789; x_wconf 87' lang='grc' dir='ltr'><strong>τῶν</strong></span> <span class='ocrx_word' id='word_1_124' title='bbox 2740 734 3087 806; x_wconf 82' lang='grc' dir='ltr'><strong>Χριστιανῶν</strong></span> <span class='ocrx_word' id='word_1_125' title='bbox 3133 735 3418 806; x_wconf 80' lang='grc' dir='ltr'>ὀρθοδόξου</span> <span class='ocrx_word' id='word_1_126' title='bbox 3467 735 3709 800; x_wconf 80' lang='grc' dir='ltr'>πίστεως</span> 
     </span>
    </p>
   </div>
   <div class='ocr_carea' id='block_1_22' title="bbox 2114 827 3706 901">
    <p class='ocr_par' dir='ltr' id='par_1_22' title="bbox 2114 827 3706 901">
     <span class='ocr_line' id='line_1_22' title="bbox 2114 827 3706 901; baseline -0.002 -18"><span class='ocrx_word' id='word_1_127' title='bbox 2114 831 2212 901; x_wconf 85' lang='grc' dir='ltr'>(ὡς</span> <span class='ocrx_word' id='word_1_128' title='bbox 2245 831 2353 901; x_wconf 86' lang='grc' dir='ltr'>γὰρ</span> <span class='ocrx_word' id='word_1_129' title='bbox 2376 829 2673 901; x_wconf 78' lang='grc' dir='ltr'>Νεστορίου</span> <span class='ocrx_word' id='word_1_130' title='bbox 2700 829 2956 901; x_wconf 88' lang='grc' dir='ltr'>φρόνημα</span> <span class='ocrx_word' id='word_1_131' title='bbox 2978 828 3037 881; x_wconf 78' lang='grc' dir='ltr'>ὃν</span> <span class='ocrx_word' id='word_1_132' title='bbox 3062 827 3493 898; x_wconf 85' lang='grc' dir='ltr'>μυσαττόμεθα),</span> <span class='ocrx_word' id='word_1_133' title='bbox 3523 829 3706 897; x_wconf 80' lang='grc' dir='ltr'><strong>μάτην</strong></span> 
     </span>
    </p>
   </div>
   <div class='ocr_carea' id='block_1_23' title="bbox 2111 921 3707 993">
    <p class='ocr_par' dir='ltr' id='par_1_23' title="bbox 2111 921 3707 993">
     <span class='ocr_line' id='line_1_23' title="bbox 2111 921 3707 993; baseline -0.003 -16"><span class='ocrx_word' id='word_1_134' title='bbox 2111 922 2338 977; x_wconf 87' lang='grc' dir='ltr'>τοιαῦτα</span> <span class='ocrx_word' id='word_1_135' title='bbox 2371 922 2493 976; x_wconf 81' lang='grc' dir='ltr'>καθ’</span> <span class='ocrx_word' id='word_1_136' title='bbox 2518 921 2675 992; x_wconf 82' lang='grc' dir='ltr'>ἡμῶν</span> <span class='ocrx_word' id='word_1_137' title='bbox 2706 922 3124 993; x_wconf 82' lang='grc' dir='ltr'>συμπεραίνεις.</span> <span class='ocrx_word' id='word_1_138' title='bbox 3174 922 3367 992; x_wconf 79' lang='grc' dir='ltr'>Ἡμεῖς</span> <span class='ocrx_word' id='word_1_139' title='bbox 3394 921 3499 991; x_wconf 80' lang='grc' dir='ltr'><strong>γάρ</strong></span> <span class='ocrx_word' id='word_1_140' title='bbox 3518 937 3707 989; x_wconf 80' lang='grc' dir='ltr'>φαμεν</span> 
     </span>
    </p>
   </div>
   <div class='ocr_carea' id='block_1_24' title="bbox 2113 1012 3705 1087">
    <p class='ocr_par' dir='ltr' id='par_1_24' title="bbox 2113 1012 3705 1087">
     <span class='ocr_line' id='line_1_24' title="bbox 2113 1012 3705 1087; baseline -0.003 -17"><span class='ocrx_word' id='word_1_141' title='bbox 2113 1017 2206 1070; x_wconf 74' lang='grc' dir='ltr'>τὸν</span> <span class='ocrx_word' id='word_1_142' title='bbox 2238 1016 2373 1069; x_wconf 73' lang='grc' dir='ltr'>Θεὸν</span> <span class='ocrx_word' id='word_1_143' title='bbox 2405 1016 2578 1085; x_wconf 89' lang='grc' dir='ltr'>Λόγον</span> <span class='ocrx_word' id='word_1_144' title='bbox 2626 1015 2725 1087; x_wconf 79' lang='grc' dir='ltr'>τὴν</span> <span class='ocrx_word' id='word_1_145' title='bbox 2765 1013 2919 1068; x_wconf 80' lang='grc' dir='ltr'>θείαν</span> <span class='ocrx_word' id='word_1_146' title='bbox 2946 1013 3109 1085; x_wconf 86' lang='grc' dir='ltr'>φύσιν</span> <span class='ocrx_word' id='word_1_147' title='bbox 3145 1015 3204 1067; x_wconf 82' lang='grc' dir='ltr'>ὲν</span> <span class='ocrx_word' id='word_1_148' title='bbox 3258 1012 3439 1082; x_wconf 76' lang='grc' dir='ltr'>ἑαυτῷ</span> <span class='ocrx_word' id='word_1_149' title='bbox 3487 1012 3705 1065; x_wconf 81' lang='grc' dir='ltr'>τελείαν</span> 
     </span>
    </p>
   </div>
   <div class='ocr_carea' id='block_1_25' title="bbox 2109 1104 3705 1180">
    <p class='ocr_par' dir='ltr' id='par_1_25' title="bbox 2109 1104 3705 1180">
     <span class='ocr_line' id='line_1_25' title="bbox 2109 1104 3705 1180; baseline -0.001 -20"><span class='ocrx_word' id='word_1_150' title='bbox 2109 1109 2323 1180; x_wconf 76' lang='grc' dir='ltr'>ἔχοντα,</span> <span class='ocrx_word' id='word_1_151' title='bbox 2356 1105 2475 1161; x_wconf 78' lang='grc' dir='ltr'>εἶτα</span> <span class='ocrx_word' id='word_1_152' title='bbox 2511 1107 2610 1179; x_wconf 80' lang='grc' dir='ltr'>τὴν</span> <span class='ocrx_word' id='word_1_153' title='bbox 2641 1107 2995 1179; x_wconf 74' lang='grc' dir='ltr'><strong>ἀνθρωπίνην</strong></span> <span class='ocrx_word' id='word_1_154' title='bbox 3044 1106 3206 1176; x_wconf 89' lang='grc' dir='ltr'>φύσιν</span> <span class='ocrx_word' id='word_1_155' title='bbox 3262 1104 3400 1177; x_wconf 76' lang='grc' dir='ltr'>μετὰ</span> <span class='ocrx_word' id='word_1_156' title='bbox 3434 1106 3541 1158; x_wconf 87' lang='grc' dir='ltr'><strong>τῶν</strong></span> <span class='ocrx_word' id='word_1_157' title='bbox 3594 1106 3705 1175; x_wconf 81' lang='grc' dir='ltr'><strong>ἁφ-</strong></span> 
     </span>
    </p>
   </div>
   <div class='ocr_carea' id='block_1_26' title="bbox 2109 1200 3701 1273">
    <p class='ocr_par' dir='ltr' id='par_1_26' title="bbox 2109 1200 3701 1273">
     <span class='ocr_line' id='line_1_26' title="bbox 2109 1200 3701 1273; baseline -0.002 -18"><span class='ocrx_word' id='word_1_158' title='bbox 2109 1202 2403 1273; x_wconf 86' lang='grc' dir='ltr'>οριστικῶν</span> <span class='ocrx_word' id='word_1_159' title='bbox 2440 1202 2750 1271; x_wconf 86' lang='grc' dir='ltr'>ίδιωμάτων</span> <span class='ocrx_word' id='word_1_160' title='bbox 2782 1202 2840 1256; x_wconf 80' lang='grc' dir='ltr'><strong>ὲν</strong></span> <span class='ocrx_word' id='word_1_161' title='bbox 2886 1205 2952 1272; x_wconf 78' lang='grc' dir='ltr'>τῇ</span> <span class='ocrx_word' id='word_1_162' title='bbox 2987 1201 3095 1272; x_wconf 78' lang='grc' dir='ltr'>ἰδία</span> <span class='ocrx_word' id='word_1_163' title='bbox 3134 1201 3429 1254; x_wconf 79' lang='grc' dir='ltr'><strong>ὑποστάσει</strong></span> <span class='ocrx_word' id='word_1_164' title='bbox 3475 1200 3701 1269; x_wconf 85' lang='grc' dir='ltr'>ἀτομὼ-</span> 
     </span>
    </p>
   </div>
   <div class='ocr_carea' id='block_1_27' title="bbox 2112 1294 3702 1365">
    <p class='ocr_par' dir='ltr' id='par_1_27' title="bbox 2112 1294 3702 1365">
     <span class='ocr_line' id='line_1_27' title="bbox 2112 1294 3702 1365; baseline -0.003 -16"><span class='ocrx_word' id='word_1_165' title='bbox 2112 1313 2300 1360; x_wconf 89' lang='grc' dir='ltr'>σαντα,</span> <span class='ocrx_word' id='word_1_166' title='bbox 2326 1296 2418 1349; x_wconf 78' lang='grc' dir='ltr'>καὶ</span> <span class='ocrx_word' id='word_1_167' title='bbox 2435 1296 2797 1349; x_wconf 75' lang='grc' dir='ltr'>ὑποστατικὸν</span> <span class='ocrx_word' id='word_1_168' title='bbox 2820 1296 2911 1349; x_wconf 72' lang='grc' dir='ltr'><strong>τὸν</strong></span> <span class='ocrx_word' id='word_1_169' title='bbox 2942 1295 3219 1365; x_wconf 71' lang='grc' dir='ltr'>κυριακὸν</span> <span class='ocrx_word' id='word_1_170' title='bbox 3235 1294 3521 1365; x_wconf 78' lang='grc' dir='ltr'>ἄνθρωπον</span> <span class='ocrx_word' id='word_1_171' title='bbox 3542 1295 3702 1365; x_wconf 76' lang='grc' dir='ltr'>ποιήο</span> 
     </span>
    </p>
   </div>
   <div class='ocr_carea' id='block_1_28' title="bbox 2112 1386 3697 1458">
    <p class='ocr_par' dir='ltr' id='par_1_28' title="bbox 2112 1386 3697 1458">
     <span class='ocr_line' id='line_1_28' title="bbox 2112 1386 3697 1458; baseline -0.003 -16"><span class='ocrx_word' id='word_1_172' title='bbox 2112 1406 2304 1455; x_wconf 86' lang='grc' dir='ltr'>σαντα,</span> <span class='ocrx_word' id='word_1_173' title='bbox 2357 1389 2417 1455; x_wconf 75' lang='grc' dir='ltr'><strong>ἐξ</strong></span> <span class='ocrx_word' id='word_1_174' title='bbox 2476 1388 2648 1458; x_wconf 77' lang='grc' dir='ltr'>αὐτῆς</span> <span class='ocrx_word' id='word_1_175' title='bbox 2708 1389 2805 1458; x_wconf 81' lang='grc' dir='ltr'>τῆς</span> <span class='ocrx_word' id='word_1_176' title='bbox 2861 1388 3175 1457; x_wconf 79' lang='grc' dir='ltr'>συλλήψεως</span> <span class='ocrx_word' id='word_1_177' title='bbox 3211 1388 3476 1440; x_wconf 81' lang='grc' dir='ltr'>ἑνωθέντα</span> <span class='ocrx_word' id='word_1_178' title='bbox 3521 1386 3697 1456; x_wconf 73' lang='grc' dir='ltr'>αὐτῷ,</span> 
     </span>
    </p>
   </div>
   <div class='ocr_carea' id='block_1_29' title="bbox 2110 1478 3700 1552">
    <p class='ocr_par' dir='ltr' id='par_1_29' title="bbox 2110 1478 3700 1552">
     <span class='ocr_line' id='line_1_29' title="bbox 2110 1478 3700 1552; baseline -0.003 -18"><span class='ocrx_word' id='word_1_179' title='bbox 2110 1480 2205 1535; x_wconf 72' lang='grc' dir='ltr'>καὶ</span> <span class='ocrx_word' id='word_1_180' title='bbox 2238 1482 2312 1551; x_wconf 84' lang='grc' dir='ltr'>μὴ</span> <span class='ocrx_word' id='word_1_181' title='bbox 2348 1479 2859 1552; x_wconf 82' lang='grc' dir='ltr'>προδιαπλασθέντα</span> <span class='ocrx_word' id='word_1_182' title='bbox 2885 1480 2943 1533; x_wconf 86' lang='grc' dir='ltr'>ὲν</span> <span class='ocrx_word' id='word_1_183' title='bbox 2974 1482 3040 1551; x_wconf 81' lang='grc' dir='ltr'>τῇ</span> <span class='ocrx_word' id='word_1_184' title='bbox 3069 1478 3224 1551; x_wconf 83' lang='grc' dir='ltr'>νηδύϊ</span> <span class='ocrx_word' id='word_1_185' title='bbox 3259 1481 3357 1549; x_wconf 85' lang='grc' dir='ltr'>τῆς</span> <span class='ocrx_word' id='word_1_186' title='bbox 3395 1478 3700 1549; x_wconf 80' lang='grc' dir='ltr'>Παρθένου,</span> 
     </span>
    </p>
   </div>
   <div class='ocr_carea' id='block_1_30' title="bbox 2107 1568 3701 1646">
    <p class='ocr_par' dir='ltr' id='par_1_30' title="bbox 2107 1568 3701 1646">
     <span class='ocr_line' id='line_1_30' title="bbox 2107 1568 3701 1646; baseline -0.004 -17"><span class='ocrx_word' id='word_1_187' title='bbox 2107 1574 2225 1630; x_wconf 81' lang='grc' dir='ltr'>ἀλλ’</span> <span class='ocrx_word' id='word_1_188' title='bbox 2256 1574 2374 1644; x_wconf 79' lang='grc' dir='ltr'><strong>ἅμα</strong></span> <span class='ocrx_word' id='word_1_189' title='bbox 2408 1577 2474 1646; x_wconf 77' lang='grc' dir='ltr'>τῇ</span> <span class='ocrx_word' id='word_1_190' title='bbox 2510 1575 2589 1638; x_wconf 77' lang='grc' dir='ltr'><strong>εἰς</strong></span> <span class='ocrx_word' id='word_1_191' title='bbox 2644 1573 2704 1627; x_wconf 78' lang='grc' dir='ltr'>τὸ</span> <span class='ocrx_word' id='word_1_192' title='bbox 2764 1568 2905 1627; x_wconf 86' lang='grc' dir='ltr'>εἶναι</span> <span class='ocrx_word' id='word_1_193' title='bbox 2955 1572 3148 1625; x_wconf 73' lang='grc' dir='ltr'>τούτου</span> <span class='ocrx_word' id='word_1_194' title='bbox 3204 1574 3509 1641; x_wconf 80' lang='grc' dir='ltr'><strong>παραγωγῇ</strong></span> <span class='ocrx_word' id='word_1_195' title='bbox 3562 1571 3701 1640; x_wconf 80' lang='grc' dir='ltr'>ὁμοῦ</span> 
     </span>
    </p>
   </div>
   <div class='ocr_carea' id='block_1_31' title="bbox 2107 1662 3703 1737">
    <p class='ocr_par' dir='ltr' id='par_1_31' title="bbox 2107 1662 3703 1737">
     <span class='ocr_line' id='line_1_31' title="bbox 2107 1662 3703 1737; baseline -0.003 -17"><span class='ocrx_word' id='word_1_196' title='bbox 2107 1667 2361 1735; x_wconf 87' lang='grc' dir='ltr'>γενέσθαι</span> <span class='ocrx_word' id='word_1_197' title='bbox 2396 1666 2465 1720; x_wconf 85' lang='grc' dir='ltr'>τὰ</span> <span class='ocrx_word' id='word_1_198' title='bbox 2490 1665 2617 1737; x_wconf 88' lang='grc' dir='ltr'>τρία</span> <span class='ocrx_word' id='word_1_199' title='bbox 2652 1665 2750 1732; x_wconf 82' lang='grc' dir='ltr'>τὴν</span> <span class='ocrx_word' id='word_1_200' title='bbox 2795 1666 3121 1736; x_wconf 75' lang='grc' dir='ltr'><strong>πρόσληψιν,</strong></span> <span class='ocrx_word' id='word_1_201' title='bbox 3162 1664 3263 1735; x_wconf 79' lang='grc' dir='ltr'>τὴν</span> <span class='ocrx_word' id='word_1_202' title='bbox 3303 1662 3565 1733; x_wconf 76' lang='grc' dir='ltr'>ὓπαρξιν,</span> <span class='ocrx_word' id='word_1_203' title='bbox 3596 1663 3703 1733; x_wconf 83' lang='grc' dir='ltr'>τὴν</span> 
     </span>
    </p>
   </div>
   <div class='ocr_carea' id='block_1_32' title="bbox 2110 1755 3701 1830">
    <p class='ocr_par' dir='ltr' id='par_1_32' title="bbox 2110 1755 3701 1830">
     <span class='ocr_line' id='line_1_32' title="bbox 2110 1755 3701 1830; baseline -0.002 -19"><span class='ocrx_word' id='word_1_204' title='bbox 2110 1758 2307 1812; x_wconf 85' lang='grc' dir='ltr'>θέωσιν</span> <span class='ocrx_word' id='word_1_205' title='bbox 2343 1759 2492 1830; x_wconf 79' lang='grc' dir='ltr'>αὐτῷ</span> <span class='ocrx_word' id='word_1_206' title='bbox 2521 1758 2626 1811; x_wconf 69' lang='grc' dir='ltr'><strong>ὑπὸ</strong></span> <span class='ocrx_word' id='word_1_207' title='bbox 2655 1758 2751 1811; x_wconf 90' lang='grc' dir='ltr'><strong>τοῦ</strong></span> <span class='ocrx_word' id='word_1_208' title='bbox 2798 1758 2999 1827; x_wconf 83' lang='grc' dir='ltr'>Λόγου,</span> <span class='ocrx_word' id='word_1_209' title='bbox 3033 1756 3129 1810; x_wconf 77' lang='grc' dir='ltr'><strong>καὶ</strong></span> <span class='ocrx_word' id='word_1_210' title='bbox 3157 1757 3301 1811; x_wconf 70' lang='grc' dir='ltr'>οὕτω</span> <span class='ocrx_word' id='word_1_211' title='bbox 3330 1755 3573 1810; x_wconf 80' lang='grc' dir='ltr'><strong>νοεῖσθαι</strong></span> <span class='ocrx_word' id='word_1_212' title='bbox 3605 1757 3701 1809; x_wconf 76' lang='grc' dir='ltr'>καὶ</span> 
     </span>
    </p>
   </div>
   <div class='ocr_carea' id='block_1_33' title="bbox 2108 1848 3700 1922">
    <p class='ocr_par' dir='ltr' id='par_1_33' title="bbox 2108 1848 3700 1922">
     <span class='ocr_line' id='line_1_33' title="bbox 2108 1848 3700 1922; baseline -0.003 -17"><span class='ocrx_word' id='word_1_213' title='bbox 2108 1852 2367 1921; x_wconf 79' lang='grc' dir='ltr'>λέγεσθαι</span> <span class='ocrx_word' id='word_1_214' title='bbox 2404 1851 2671 1905; x_wconf 87' lang='grc' dir='ltr'>Θεοτόκον</span> <span class='ocrx_word' id='word_1_215' title='bbox 2715 1851 2813 1921; x_wconf 77' lang='grc' dir='ltr'>τὴν</span> <span class='ocrx_word' id='word_1_216' title='bbox 2862 1852 3029 1921; x_wconf 80' lang='grc' dir='ltr'><strong>ἁγίαν</strong></span> <span class='ocrx_word' id='word_1_217' title='bbox 3086 1849 3385 1922; x_wconf 78' lang='grc' dir='ltr'>Παρθένον,</span> <span class='ocrx_word' id='word_1_218' title='bbox 3432 1850 3495 1902; x_wconf 84' lang='grc' dir='ltr'>οὑ</span> <span class='ocrx_word' id='word_1_219' title='bbox 3535 1848 3700 1918; x_wconf 84' lang='grc' dir='ltr'>μόνον</span> 
     </span>
    </p>
   </div>
   <div class='ocr_carea' id='block_1_34' title="bbox 420 1940 2000 2017">
    <p class='ocr_par' dir='ltr' id='par_1_34' title="bbox 420 1941 2000 2017">
     <span class='ocr_line' id='line_1_34' title="bbox 420 1941 2000 2017; baseline 0.006 -25"><span class='ocrx_word' id='word_1_220' title='bbox 420 1941 491 1994; x_wconf 84' lang='lat' dir='ltr'><strong>ob</strong></span> <span class='ocrx_word' id='word_1_221' title='bbox 526 1950 772 1995; x_wconf 86' lang='lat' dir='ltr'><strong>naturam</strong></span> <span class='ocrx_word' id='word_1_222' title='bbox 810 1942 993 2005; x_wconf 84' lang='lat' dir='ltr'><strong>Verbi,</strong></span> <span class='ocrx_word' id='word_1_223' title='bbox 1027 1944 1119 1998; x_wconf 86' lang='lat' dir='ltr'><strong>sed</strong></span> <span class='ocrx_word' id='word_1_224' title='bbox 1155 1944 1225 1997; x_wconf 87' lang='lat' dir='ltr'><strong>ob</strong></span> <span class='ocrx_word' id='word_1_225' title='bbox 1264 1944 1523 1999; x_wconf 87' lang='lat' dir='ltr'><strong>unionem</strong></span> <span class='ocrx_word' id='word_1_226' title='bbox 1569 1945 1830 2012; x_wconf 87' lang='lat' dir='ltr'><strong>hominis,</strong></span> <span class='ocrx_word' id='word_1_227' title='bbox 1864 1963 2000 2017; x_wconf 88' lang='lat' dir='ltr'><strong>quo-</strong></span> 
     </span>
    </p>
   </div>
   <div class='ocr_carea' id='block_1_35' title="bbox 2106 1940 3698 2017">
    <p class='ocr_par' dir='ltr' id='par_1_35' title="bbox 2107 1940 3698 2015">
     <span class='ocr_line' id='line_1_35' title="bbox 2107 1940 3698 2015; baseline -0.004 -17"><span class='ocrx_word' id='word_1_228' title='bbox 2107 1945 2195 1998; x_wconf 77' lang='grc' dir='ltr'><strong>διὰ</strong></span> <span class='ocrx_word' id='word_1_229' title='bbox 2227 1945 2328 2015; x_wconf 76' lang='grc' dir='ltr'>τὴν</span> <span class='ocrx_word' id='word_1_230' title='bbox 2368 1943 2532 2014; x_wconf 82' lang='grc' dir='ltr'>φύσιν</span> <span class='ocrx_word' id='word_1_231' title='bbox 2566 1942 2659 1996; x_wconf 87' lang='grc' dir='ltr'><strong>τοῦ</strong></span> <span class='ocrx_word' id='word_1_232' title='bbox 2692 1942 2888 2011; x_wconf 82' lang='grc' dir='ltr'><strong>Λόγου,</strong></span> <span class='ocrx_word' id='word_1_233' title='bbox 2942 1941 3079 1995; x_wconf 80' lang='grc' dir='ltr'>ἀλλὰ</span> <span class='ocrx_word' id='word_1_234' title='bbox 3128 1942 3222 1994; x_wconf 72' lang='grc' dir='ltr'>καὶ</span> <span class='ocrx_word' id='word_1_235' title='bbox 3254 1940 3341 1994; x_wconf 82' lang='grc' dir='ltr'><strong>διὰ</strong></span> <span class='ocrx_word' id='word_1_236' title='bbox 3363 1941 3463 2009; x_wconf 85' lang='grc' dir='ltr'>τὴν</span> <span class='ocrx_word' id='word_1_237' title='bbox 3496 1940 3698 1992; x_wconf 70' lang='grc' dir='ltr'>ἕνωσιν</span> 
     </span>
    </p>
   </div>
   <div class='ocr_carea' id='block_1_36' title="bbox 421 2032 2005 2103">
    <p class='ocr_par' dir='ltr' id='par_1_36' title="bbox 421 2032 2005 2103">
     <span class='ocr_line' id='line_1_36' title="bbox 421 2032 2005 2103; baseline 0.006 -18"><span class='ocrx_word' id='word_1_238' title='bbox 421 2047 539 2085; x_wconf 84' lang='lat' dir='ltr'><strong>rum</strong></span> <span class='ocrx_word' id='word_1_239' title='bbox 568 2032 731 2087; x_wconf 86' lang='lat' dir='ltr'><strong>simul</strong></span> <span class='ocrx_word' id='word_1_240' title='bbox 780 2046 1077 2103; x_wconf 81' lang='lat' dir='ltr'><strong>conceptus</strong></span> <span class='ocrx_word' id='word_1_241' title='bbox 1115 2045 1169 2089; x_wconf 87' lang='lat' dir='ltr'><strong>et</strong></span> <span class='ocrx_word' id='word_1_242' title='bbox 1215 2036 1535 2091; x_wconf 65' lang='lat' dir='ltr'><strong>etsistentia</strong></span> <span class='ocrx_word' id='word_1_243' title='bbox 1559 2051 1665 2091; x_wconf 91' lang='lat' dir='ltr'><strong>non</strong></span> <span class='ocrx_word' id='word_1_244' title='bbox 1685 2038 1804 2094; x_wconf 91' lang='lat' dir='ltr'><strong>sine</strong></span> <span class='ocrx_word' id='word_1_245' title='bbox 1832 2042 2005 2095; x_wconf 85' lang='lat' dir='ltr'><strong>mira-</strong></span> 
     </span>
    </p>
   </div>
   <div class='ocr_carea' id='block_1_37' title="bbox 420 2124 2003 2200">
    <p class='ocr_par' dir='ltr' id='par_1_37' title="bbox 420 2124 2003 2200">
     <span class='ocr_line' id='line_1_37' title="bbox 420 2124 2003 2200; baseline 0.006 -23"><span class='ocrx_word' id='word_1_246' title='bbox 420 2124 545 2178; x_wconf 75' lang='lat' dir='ltr'><strong>culo</strong></span> <span class='ocrx_word' id='word_1_247' title='bbox 602 2124 855 2179; x_wconf 67' lang='lat' dir='ltr'><strong>effectum</strong></span> <span class='ocrx_word' id='word_1_248' title='bbox 895 2126 1136 2182; x_wconf 81' lang='lat' dir='ltr'><strong>habuit:</strong></span> <span class='ocrx_word' id='word_1_249' title='bbox 1195 2130 1481 2198; x_wconf 80' lang='lat' dir='ltr'><strong>conceptio</strong></span> <span class='ocrx_word' id='word_1_250' title='bbox 1536 2131 1754 2200; x_wconf 84' lang='lat' dir='ltr'><strong>quidem</strong></span> <span class='ocrx_word' id='word_1_251' title='bbox 1819 2131 2003 2197; x_wconf 84' lang='lat' dir='ltr'><strong>Verbi,</strong></span> 
     </span>
    </p>
   </div>
   <div class='ocr_carea' id='block_1_38' title="bbox 417 2218 2007 2295">
    <p class='ocr_par' dir='ltr' id='par_1_38' title="bbox 417 2218 2007 2295">
     <span class='ocr_line' id='line_1_38' title="bbox 417 2218 2007 2295; baseline 0.008 -27"><span class='ocrx_word' id='word_1_252' title='bbox 417 2218 601 2274; x_wconf 73' lang='lat' dir='ltr'><strong>mrnis</strong></span> <span class='ocrx_word' id='word_1_253' title='bbox 617 2234 745 2273; x_wconf 79' lang='lat' dir='ltr'><strong>vero</strong></span> <span class='ocrx_word' id='word_1_254' title='bbox 762 2222 813 2273; x_wconf 84' lang='lat' dir='ltr'><strong>in</strong></span> <span class='ocrx_word' id='word_1_255' title='bbox 834 2222 951 2291; x_wconf 87' lang='lat' dir='ltr'><strong>ipso</strong></span> <span class='ocrx_word' id='word_1_256' title='bbox 972 2218 1145 2275; x_wconf 84' lang='lat' dir='ltr'><strong>Verbo</strong></span> <span class='ocrx_word' id='word_1_257' title='bbox 1165 2222 1480 2277; x_wconf 85' lang='lat' dir='ltr'><strong>exsistenlia</strong></span> <span class='ocrx_word' id='word_1_258' title='bbox 1501 2238 1599 2293; x_wconf 89' lang='lat' dir='ltr'><strong>per</strong></span> <span class='ocrx_word' id='word_1_259' title='bbox 1626 2226 1795 2295; x_wconf 86' lang='lat' dir='ltr'><strong>ipsam</strong></span> <span class='ocrx_word' id='word_1_260' title='bbox 1816 2223 2007 2295; x_wconf 85' lang='lat' dir='ltr'><strong>Deipa-</strong></span> 
     </span>
    </p>
   </div>
   <div class='ocr_carea' id='block_1_39' title="bbox 419 2318 2007 2385">
    <p class='ocr_par' dir='ltr' id='par_1_39' title="bbox 419 2318 2007 2385">
     <span class='ocr_line' id='line_1_39' title="bbox 419 2318 2007 2385; baseline 0.006 -20"><span class='ocrx_word' id='word_1_261' title='bbox 419 2322 625 2366; x_wconf 86' lang='lat' dir='ltr'><strong>rentem</strong></span> <span class='ocrx_word' id='word_1_262' title='bbox 646 2329 807 2383; x_wconf 86' lang='lat' dir='ltr'><strong>supra</strong></span> <span class='ocrx_word' id='word_1_263' title='bbox 832 2326 1079 2369; x_wconf 84' lang='lat' dir='ltr'><strong>naturam</strong></span> <span class='ocrx_word' id='word_1_264' title='bbox 1112 2318 1444 2372; x_wconf 86' lang='lat' dir='ltr'><strong>creationem</strong></span> <span class='ocrx_word' id='word_1_265' title='bbox 1464 2318 1727 2385; x_wconf 84' lang='lat' dir='ltr'><strong>Creatori,</strong></span> <span class='ocrx_word' id='word_1_266' title='bbox 1751 2330 1804 2375; x_wconf 90' lang='lat' dir='ltr'><strong>et</strong></span> <span class='ocrx_word' id='word_1_267' title='bbox 1826 2321 2007 2375; x_wconf 86' lang='lat' dir='ltr'><strong>incar-</strong></span> 
     </span>
    </p>
   </div>
   <div class='ocr_carea' id='block_1_40' title="bbox 418 2405 2006 2479">
    <p class='ocr_par' dir='ltr' id='par_1_40' title="bbox 418 2405 2006 2479">
     <span class='ocr_line' id='line_1_40' title="bbox 418 2405 2006 2479; baseline 0.006 -23"><span class='ocrx_word' id='word_1_268' title='bbox 418 2405 694 2460; x_wconf 75' lang='lat' dir='ltr'><strong>nationem</strong></span> <span class='ocrx_word' id='word_1_269' title='bbox 728 2405 860 2472; x_wconf 86' lang='lat' dir='ltr'><strong>Deo,</strong></span> <span class='ocrx_word' id='word_1_270' title='bbox 885 2416 940 2461; x_wconf 90' lang='lat' dir='ltr'><strong>ct</strong></span> <span class='ocrx_word' id='word_1_271' title='bbox 970 2406 1160 2463; x_wconf 80' lang='lat' dir='ltr'><strong>facturi</strong></span> <span class='ocrx_word' id='word_1_272' title='bbox 1193 2410 1453 2477; x_wconf 77' lang='lat' dir='ltr'><strong>universi,</strong></span> <span class='ocrx_word' id='word_1_273' title='bbox 1484 2414 1626 2479; x_wconf 89' lang='lat' dir='ltr'><strong>quod</strong></span> <span class='ocrx_word' id='word_1_274' title='bbox 1647 2421 1760 2465; x_wconf 82' lang='lat' dir='ltr'><strong>erat</strong></span> <span class='ocrx_word' id='word_1_275' title='bbox 1791 2427 2006 2467; x_wconf 80' lang='lat' dir='ltr'><strong>assum-</strong></span> 
     </span>
    </p>
   </div>
   <div class='ocr_carea' id='block_1_41' title="bbox 417 2498 2005 2569">
    <p class='ocr_par' dir='ltr' id='par_1_41' title="bbox 417 2498 2005 2569">
     <span class='ocr_line' id='line_1_41' title="bbox 417 2498 2005 2569; baseline 0.006 -21"><span class='ocrx_word' id='word_1_276' title='bbox 417 2505 569 2563; x_wconf 69' lang='lat' dir='ltr'><strong>ptum</strong></span> <span class='ocrx_word' id='word_1_277' title='bbox 601 2498 873 2553; x_wconf 80' lang='lat' dir='ltr'><strong>deiticanti</strong></span> <span class='ocrx_word' id='word_1_278' title='bbox 905 2501 1367 2569; x_wconf 81' lang='lat' dir='ltr'><strong>suppeditantem,</strong></span> <span class='ocrx_word' id='word_1_279' title='bbox 1393 2512 1752 2558; x_wconf 76' lang='lat' dir='ltr'><strong>ronservante</strong></span> <span class='ocrx_word' id='word_1_280' title='bbox 1793 2504 2005 2559; x_wconf 86' lang='lat' dir='ltr'><strong>unitate</strong></span> 
     </span>
    </p>
   </div>
   <div class='ocr_carea' id='block_1_42' title="bbox 418 2589 1998 2661">
    <p class='ocr_par' dir='ltr' id='par_1_42' title="bbox 418 2589 1998 2661">
     <span class='ocr_line' id='line_1_42' title="bbox 418 2589 1998 2661; baseline 0.003 -22"><span class='ocrx_word' id='word_1_281' title='bbox 418 2603 543 2654; x_wconf 73' lang='lat' dir='ltr'><strong>qua:</strong></span> <span class='ocrx_word' id='word_1_282' title='bbox 584 2597 745 2642; x_wconf 86' lang='lat' dir='ltr'><strong>erant</strong></span> <span class='ocrx_word' id='word_1_283' title='bbox 781 2589 955 2652; x_wconf 87' lang='lat' dir='ltr'><strong>unita,</strong></span> <span class='ocrx_word' id='word_1_284' title='bbox 994 2590 1122 2644; x_wconf 89' lang='lat' dir='ltr'><strong>talia</strong></span> <span class='ocrx_word' id='word_1_285' title='bbox 1154 2601 1207 2645; x_wconf 85' lang='lat' dir='ltr'><strong>et</strong></span> <span class='ocrx_word' id='word_1_286' title='bbox 1240 2591 1419 2661; x_wconf 80' lang='lat' dir='ltr'><strong>qualia</strong></span> <span class='ocrx_word' id='word_1_287' title='bbox 1460 2592 1514 2644; x_wconf 93' lang='lat' dir='ltr'><strong>in</strong></span> <span class='ocrx_word' id='word_1_288' title='bbox 1556 2592 1813 2646; x_wconf 87' lang='lat' dir='ltr'><strong>unionem</strong></span> <span class='ocrx_word' id='word_1_289' title='bbox 1864 2608 1998 2647; x_wconf 85' lang='lat' dir='ltr'><strong>con-</strong></span> 
     </span>
    </p>
   </div>
   <div class='ocr_carea' id='block_1_43' title="bbox 381 2682 2000 2753">
    <p class='ocr_par' dir='ltr' id='par_1_43' title="bbox 381 2682 2000 2753">
     <span class='ocr_line' id='line_1_43' title="bbox 381 2682 2000 2753; baseline 0.004 -22"><span class='ocrx_word' id='word_1_290' title='bbox 381 2738 387 2748; x_wconf 47' lang='grc'><em>,</em></span> <span class='ocrx_word' id='word_1_291' title='bbox 417 2688 707 2744; x_wconf 76' lang='lat' dir='ltr'><strong>venerunt,</strong></span> <span class='ocrx_word' id='word_1_292' title='bbox 740 2696 849 2737; x_wconf 89' lang='lat' dir='ltr'><strong>non</strong></span> <span class='ocrx_word' id='word_1_293' title='bbox 874 2682 1144 2748; x_wconf 87' lang='lat' dir='ltr'><strong>divinum,</strong></span> <span class='ocrx_word' id='word_1_294' title='bbox 1178 2682 1425 2753; x_wconf 84' lang='lat' dir='ltr'><strong>inquam,</strong></span> <span class='ocrx_word' id='word_1_295' title='bbox 1483 2683 1847 2747; x_wconf 85' lang='lat' dir='ltr'><strong>solummodo,</strong></span> <span class='ocrx_word' id='word_1_296' title='bbox 1906 2683 2000 2739; x_wconf 89' lang='lat' dir='ltr'><strong>sed</strong></span> 
     </span>
    </p>
   </div>
   <div class='ocr_carea' id='block_1_44' title="bbox 416 2760 2004 2847">
    <p class='ocr_par' dir='ltr' id='par_1_44' title="bbox 416 2760 2004 2847">
     <span class='ocr_line' id='line_1_44' title="bbox 416 2760 2004 2847; baseline 0.004 -21"><span class='ocrx_word' id='word_1_297' title='bbox 416 2774 581 2827; x_wconf 88' lang='lat' dir='ltr'><strong>ctiam</strong></span> <span class='ocrx_word' id='word_1_298' title='bbox 610 2774 910 2829; x_wconf 88' lang='lat' dir='ltr'><strong>humanum</strong></span> <span class='ocrx_word' id='word_1_299' title='bbox 946 2775 1178 2839; x_wconf 88' lang='lat' dir='ltr'><strong>Christi,</strong></span> <span class='ocrx_word' id='word_1_300' title='bbox 1235 2779 1379 2847; x_wconf 78' lang='lat' dir='ltr'><strong>quod</strong></span> <span class='ocrx_word' id='word_1_301' title='bbox 1416 2760 1535 2831; x_wconf 85' lang='lat' dir='ltr'><strong>erat</strong></span> <span class='ocrx_word' id='word_1_302' title='bbox 1599 2791 1763 2846; x_wconf 86' lang='lat' dir='ltr'><strong>supra</strong></span> <span class='ocrx_word' id='word_1_303' title='bbox 1800 2793 1903 2833; x_wconf 91' lang='lat' dir='ltr'><strong>nos</strong></span> <span class='ocrx_word' id='word_1_304' title='bbox 1950 2787 2004 2832; x_wconf 92' lang='lat' dir='ltr'><strong>ct</strong></span> 
     </span>
    </p>
   </div>
   <div class='ocr_carea' id='block_1_45' title="bbox 416 2866 2003 2939">
    <p class='ocr_par' dir='ltr' id='par_1_45' title="bbox 416 2866 2003 2939">
     <span class='ocr_line' id='line_1_45' title="bbox 416 2866 2003 2939; baseline 0.006 -22"><span class='ocrx_word' id='word_1_305' title='bbox 416 2866 719 2920; x_wconf 76' lang='lat' dir='ltr'><strong>secundum</strong></span> <span class='ocrx_word' id='word_1_306' title='bbox 753 2881 872 2922; x_wconf 89' lang='lat' dir='ltr'><strong>nos.</strong></span> <span class='ocrx_word' id='word_1_307' title='bbox 902 2866 1058 2934; x_wconf 83' lang='lat' dir='ltr'><strong>Quod</strong></span> <span class='ocrx_word' id='word_1_308' title='bbox 1091 2869 1135 2923; x_wconf 89' lang='lat' dir='ltr'><strong>si</strong></span> <span class='ocrx_word' id='word_1_309' title='bbox 1173 2868 1222 2923; x_wconf 92' lang='lat' dir='ltr'><strong>id</strong></span> <span class='ocrx_word' id='word_1_310' title='bbox 1255 2877 1358 2931; x_wconf 87' lang='lat' dir='ltr'><strong>est,</strong></span> <span class='ocrx_word' id='word_1_311' title='bbox 1395 2878 1598 2924; x_wconf 89' lang='lat' dir='ltr'><strong>temere</strong></span> <span class='ocrx_word' id='word_1_312' title='bbox 1640 2885 1707 2925; x_wconf 80' lang='lat' dir='ltr'><strong>ex</strong></span> <span class='ocrx_word' id='word_1_313' title='bbox 1748 2885 1815 2925; x_wconf 91' lang='lat' dir='ltr'><strong>eo</strong></span> <span class='ocrx_word' id='word_1_314' title='bbox 1855 2871 2003 2939; x_wconf 91' lang='lat' dir='ltr'><strong>quod</strong></span> 
     </span>
    </p>
   </div>
   <div class='ocr_carea' id='block_1_46' title="bbox 417 2959 1999 3034">
    <p class='ocr_par' dir='ltr' id='par_1_46' title="bbox 417 2959 1999 3034">
     <span class='ocr_line' id='line_1_46' title="bbox 417 2959 1999 3034; baseline 0.003 -22"><span class='ocrx_word' id='word_1_315' title='bbox 417 2974 521 3013; x_wconf 87' lang='lat' dir='ltr'><strong>nos</strong></span> <span class='ocrx_word' id='word_1_316' title='bbox 543 2959 610 3013; x_wconf 86' lang='lat' dir='ltr'><strong>de</strong></span> <span class='ocrx_word' id='word_1_317' title='bbox 641 2959 861 3015; x_wconf 85' lang='lat' dir='ltr'><strong>Christo</strong></span> <span class='ocrx_word' id='word_1_318' title='bbox 890 2960 1029 3016; x_wconf 86' lang='lat' dir='ltr'><strong>duas</strong></span> <span class='ocrx_word' id='word_1_319' title='bbox 1059 2972 1282 3015; x_wconf 88' lang='lat' dir='ltr'><strong>naturas</strong></span> <span class='ocrx_word' id='word_1_320' title='bbox 1339 2970 1393 3017; x_wconf 86' lang='lat' dir='ltr'><strong>et</strong></span> <span class='ocrx_word' id='word_1_321' title='bbox 1432 2978 1597 3016; x_wconf 89' lang='lat' dir='ltr'><strong>unam</strong></span> <span class='ocrx_word' id='word_1_322' title='bbox 1653 2962 1999 3034; x_wconf 80' lang='lat' dir='ltr'><strong>hypostasim</strong></span> 
     </span>
    </p>
   </div>
   <div class='ocr_carea' id='block_1_47' title="bbox 416 3052 1998 3125">
    <p class='ocr_par' dir='ltr' id='par_1_47' title="bbox 416 3052 1998 3125">
     <span class='ocr_line' id='line_1_47' title="bbox 416 3052 1998 3125; baseline 0.006 -22"><span class='ocrx_word' id='word_1_323' title='bbox 416 3052 680 3119; x_wconf 84' lang='lat' dir='ltr'><strong>dicimus,</strong></span> <span class='ocrx_word' id='word_1_324' title='bbox 725 3068 1082 3120; x_wconf 83' lang='lat' dir='ltr'><strong>personarum</strong></span> <span class='ocrx_word' id='word_1_325' title='bbox 1126 3055 1434 3109; x_wconf 88' lang='lat' dir='ltr'><strong>mistionem</strong></span> <span class='ocrx_word' id='word_1_326' title='bbox 1463 3055 1641 3125; x_wconf 84' lang='lat' dir='ltr'><strong>colligi</strong></span> <span class='ocrx_word' id='word_1_327' title='bbox 1689 3056 1998 3112; x_wconf 75' lang='lat' dir='ltr'><strong>contendis.</strong></span> 
     </span>
    </p>
   </div>
   <div class='ocr_carea' id='block_1_48' title="bbox 414 3142 2002 3217">
    <p class='ocr_par' dir='ltr' id='par_1_48' title="bbox 414 3142 2002 3217">
     <span class='ocr_line' id='line_1_48' title="bbox 414 3142 2002 3217; baseline 0.003 -19"><span class='ocrx_word' id='word_1_328' title='bbox 414 3142 483 3198; x_wconf 77' lang='lat' dir='ltr'><strong>Et</strong></span> <span class='ocrx_word' id='word_1_329' title='bbox 506 3160 638 3199; x_wconf 89' lang='lat' dir='ltr'><strong>sane</strong></span> <span class='ocrx_word' id='word_1_330' title='bbox 662 3145 728 3199; x_wconf 91' lang='lat' dir='ltr'><strong>ad</strong></span> <span class='ocrx_word' id='word_1_331' title='bbox 771 3155 980 3203; x_wconf 77' lang='lat' dir='ltr'><strong>vestras</strong></span> <span class='ocrx_word' id='word_1_332' title='bbox 1007 3148 1276 3217; x_wconf 82' lang='lat' dir='ltr'><strong>querelas,</strong></span> <span class='ocrx_word' id='word_1_333' title='bbox 1294 3157 1347 3202; x_wconf 91' lang='lat' dir='ltr'><strong>et</strong></span> <span class='ocrx_word' id='word_1_334' title='bbox 1371 3148 1633 3205; x_wconf 86' lang='lat' dir='ltr'><strong>adversus</strong></span> <span class='ocrx_word' id='word_1_335' title='bbox 1650 3157 1850 3203; x_wconf 84' lang='lat' dir='ltr'><strong>rectam</strong></span> <span class='ocrx_word' id='word_1_336' title='bbox 1882 3164 2002 3203; x_wconf 82' lang='lat' dir='ltr'><strong>ma-</strong></span> 
     </span>
    </p>
   </div>
   <div class='ocr_carea' id='block_1_49' title="bbox 420 3237 2000 3311">
    <p class='ocr_par' dir='ltr' id='par_1_49' title="bbox 420 3237 2000 3311">
     <span class='ocr_line' id='line_1_49' title="bbox 420 3237 2000 3311; baseline 0.002 -22"><span class='ocrx_word' id='word_1_337' title='bbox 420 3251 535 3303; x_wconf 65' lang='lat' dir='ltr'><strong>gna</strong></span> <span class='ocrx_word' id='word_1_338' title='bbox 572 3246 626 3291; x_wconf 89' lang='lat' dir='ltr'><strong>et</strong></span> <span class='ocrx_word' id='word_1_339' title='bbox 656 3237 1010 3293; x_wconf 71' lang='lat' dir='ltr'><strong>mcumenica:</strong></span> <span class='ocrx_word' id='word_1_340' title='bbox 1032 3238 1227 3311; x_wconf 84' lang='lat' dir='ltr'><strong>synodi</strong></span> <span class='ocrx_word' id='word_1_341' title='bbox 1265 3240 1732 3295; x_wconf 80' lang='lat' dir='ltr'><strong>Chalcedonensis</strong></span> <span class='ocrx_word' id='word_1_342' title='bbox 1796 3239 2000 3293; x_wconf 84' lang='lat' dir='ltr'><strong>doctri-</strong></span> 
     </span>
    </p>
   </div>
   <div class='ocr_carea' id='block_1_50' title="bbox 415 3305 2074 3401">
    <p class='ocr_par' dir='ltr' id='par_1_50' title="bbox 415 3305 2074 3401">
     <span class='ocr_line' id='line_1_50' title="bbox 415 3305 2074 3401; baseline 0.004 -21"><span class='ocrx_word' id='word_1_343' title='bbox 415 3344 540 3383; x_wconf 87' lang='lat' dir='ltr'><strong>nam</strong></span> <span class='ocrx_word' id='word_1_344' title='bbox 577 3329 1069 3388; x_wconf 84' lang='lat' dir='ltr'><strong>criminationcset</strong></span> <span class='ocrx_word' id='word_1_345' title='bbox 1116 3333 1393 3398; x_wconf 84' lang='lat' dir='ltr'><strong>convicia,</strong></span> <span class='ocrx_word' id='word_1_346' title='bbox 1436 3342 1640 3388; x_wconf 53' lang='lat' dir='ltr'><strong>nostra»</strong></span> <span class='ocrx_word' id='word_1_347' title='bbox 1688 3333 1998 3401; x_wconf 85' lang='lat' dir='ltr'><strong>responsio-</strong></span> <span class='ocrx_word' id='word_1_348' title='bbox 2030 3305 2074 3364; x_wconf 67' lang='grc' dir='ltr'>θ</span> 
     </span>
    </p>
   </div>
   <div class='ocr_carea' id='block_1_51' title="bbox 419 3426 1999 3498">
    <p class='ocr_par' dir='ltr' id='par_1_51' title="bbox 419 3426 1999 3498">
     <span class='ocr_line' id='line_1_51' title="bbox 419 3426 1999 3498; baseline 0.004 -25"><span class='ocrx_word' id='word_1_349' title='bbox 419 3437 517 3477; x_wconf 84' lang='lat' dir='ltr'><strong>nes</strong></span> <span class='ocrx_word' id='word_1_350' title='bbox 569 3430 625 3477; x_wconf 85' lang='lat' dir='ltr'><strong>et</strong></span> <span class='ocrx_word' id='word_1_351' title='bbox 661 3426 957 3491; x_wconf 70' lang='lat' dir='ltr'><strong>instantim,</strong></span> <span class='ocrx_word' id='word_1_352' title='bbox 996 3441 1091 3497; x_wconf 84' lang='lat' dir='ltr'><strong>per</strong></span> <span class='ocrx_word' id='word_1_353' title='bbox 1122 3442 1260 3498; x_wconf 84' lang='lat' dir='ltr'><strong>quas</strong></span> <span class='ocrx_word' id='word_1_354' title='bbox 1295 3441 1321 3479; x_wconf 90' lang='lat' dir='ltr'><strong>a</strong></span> <span class='ocrx_word' id='word_1_355' title='bbox 1379 3426 1691 3491; x_wconf 68' lang='lat' dir='ltr'><strong>calumniis,</strong></span> <span class='ocrx_word' id='word_1_356' title='bbox 1725 3426 1818 3495; x_wconf 88' lang='lat' dir='ltr'><strong>qui</strong></span> <span class='ocrx_word' id='word_1_357' title='bbox 1874 3441 1999 3480; x_wconf 89' lang='lat' dir='ltr'><strong>cum</strong></span> 
     </span>
    </p>
   </div>
   <div class='ocr_carea' id='block_1_52' title="bbox 420 3515 2000 3587">
    <p class='ocr_par' dir='ltr' id='par_1_52' title="bbox 420 3515 2000 3587">
     <span class='ocr_line' id='line_1_52' title="bbox 420 3515 2000 3587; baseline 0.003 -20"><span class='ocrx_word' id='word_1_358' title='bbox 420 3515 525 3567; x_wconf 83' lang='lat' dir='ltr'><strong>hac</strong></span> <span class='ocrx_word' id='word_1_359' title='bbox 557 3525 744 3569; x_wconf 78' lang='lat' dir='ltr'><strong>sancta</strong></span> <span class='ocrx_word' id='word_1_360' title='bbox 790 3518 1001 3587; x_wconf 82' lang='lat' dir='ltr'><strong>synodo</strong></span> <span class='ocrx_word' id='word_1_361' title='bbox 1033 3533 1139 3572; x_wconf 83' lang='lat' dir='ltr'><strong>una</strong></span> <span class='ocrx_word' id='word_1_362' title='bbox 1176 3516 1441 3583; x_wconf 89' lang='lat' dir='ltr'><strong>sentiunt,</strong></span> <span class='ocrx_word' id='word_1_363' title='bbox 1474 3518 1845 3580; x_wconf 84' lang='lat' dir='ltr'><strong>vindicantur,</strong></span> <span class='ocrx_word' id='word_1_364' title='bbox 1893 3517 2000 3572; x_wconf 88' lang='lat' dir='ltr'><strong>illis</strong></span> 
     </span>
    </p>
   </div>
   <div class='ocr_carea' id='block_1_53' title="bbox 416 3607 2002 3681">
    <p class='ocr_par' dir='ltr' id='par_1_53' title="bbox 416 3607 2002 3681">
     <span class='ocr_line' id='line_1_53' title="bbox 416 3607 2002 3681; baseline 0.004 -22"><span class='ocrx_word' id='word_1_365' title='bbox 416 3607 509 3676; x_wconf 87' lang='lat' dir='ltr'><strong>qui</strong></span> <span class='ocrx_word' id='word_1_366' title='bbox 544 3617 751 3663; x_wconf 89' lang='lat' dir='ltr'><strong>rectum</strong></span> <span class='ocrx_word' id='word_1_367' title='bbox 779 3608 1102 3681; x_wconf 72' lang='lat' dir='ltr'><strong>iustumque</strong></span> <span class='ocrx_word' id='word_1_368' title='bbox 1142 3612 1396 3679; x_wconf 82' lang='lat' dir='ltr'><strong>amplecti</strong></span> <span class='ocrx_word' id='word_1_369' title='bbox 1449 3618 1735 3681; x_wconf 85' lang='lat' dir='ltr'><strong>appetunt,</strong></span> <span class='ocrx_word' id='word_1_370' title='bbox 1763 3627 1792 3665; x_wconf 89' lang='lat' dir='ltr'><strong>a</strong></span> <span class='ocrx_word' id='word_1_371' title='bbox 1841 3611 2002 3666; x_wconf 88' lang='lat' dir='ltr'><strong>nobis</strong></span> 
     </span>
    </p>
   </div>
   <div class='ocr_carea' id='block_1_54' title="bbox 418 3698 1432 3766">
    <p class='ocr_par' dir='ltr' id='par_1_54' title="bbox 418 3698 1432 3766">
     <span class='ocr_line' id='line_1_54' title="bbox 418 3698 1432 3766; baseline 0.005 -14"><span class='ocrx_word' id='word_1_372' title='bbox 418 3698 500 3752; x_wconf 82' lang='lat' dir='ltr'><strong>sic</strong></span> <span class='ocrx_word' id='word_1_373' title='bbox 543 3699 822 3766; x_wconf 59' lang='lat' dir='ltr'><strong>disposita</strong></span> <span class='ocrx_word' id='word_1_374' title='bbox 851 3700 939 3756; x_wconf 89' lang='lat' dir='ltr'><strong>hic</strong></span> <span class='ocrx_word' id='word_1_375' title='bbox 980 3700 1143 3756; x_wconf 81' lang='lat' dir='ltr'><strong>linem</strong></span> <span class='ocrx_word' id='word_1_376' title='bbox 1178 3701 1432 3757; x_wconf 81' lang='lat' dir='ltr'><strong>habeant.</strong></span> 
     </span>
    </p>
   </div>
   <div class='ocr_carea' id='block_1_55' title="bbox 488 3791 1993 3863">
    <p class='ocr_par' dir='ltr' id='par_1_55' title="bbox 488 3791 1993 3863">
     <span class='ocr_line' id='line_1_55' title="bbox 488 3791 1993 3863; baseline 0.001 -18"><span class='ocrx_word' id='word_1_377' title='bbox 488 3791 577 3845; x_wconf 68' lang='lat'><strong>22.</strong></span> <span class='ocrx_word' id='word_1_378' title='bbox 608 3791 896 3862; x_wconf 74' lang='lat' dir='ltr'><strong>Reliquum</strong></span> <span class='ocrx_word' id='word_1_379' title='bbox 933 3802 1036 3860; x_wconf 85' lang='lat' dir='ltr'><strong>est,</strong></span> <span class='ocrx_word' id='word_1_380' title='bbox 1074 3803 1133 3849; x_wconf 90' lang='lat' dir='ltr'><strong>ut</strong></span> <span class='ocrx_word' id='word_1_381' title='bbox 1162 3808 1226 3849; x_wconf 84' lang='lat' dir='ltr'><strong>ea</strong></span> <span class='ocrx_word' id='word_1_382' title='bbox 1277 3794 1463 3857; x_wconf 86' lang='lat' dir='ltr'><strong>etiam,</strong></span> <span class='ocrx_word' id='word_1_383' title='bbox 1522 3809 1642 3863; x_wconf 61' lang='lat' dir='ltr'><strong>quae</strong></span> <span class='ocrx_word' id='word_1_384' title='bbox 1696 3794 1749 3848; x_wconf 94' lang='lat' dir='ltr'><strong>in</strong></span> <span class='ocrx_word' id='word_1_385' title='bbox 1809 3802 1993 3849; x_wconf 79' lang='lat' dir='ltr'><strong>vestra</strong></span> 
     </span>
    </p>
   </div>
   <div class='ocr_carea' id='block_1_56' title="bbox 416 3881 1997 3955">
    <p class='ocr_par' dir='ltr' id='par_1_56' title="bbox 416 3881 1997 3955">
     <span class='ocr_line' id='line_1_56' title="bbox 416 3881 1997 3955; baseline 0.002 -20"><span class='ocrx_word' id='word_1_386' title='bbox 416 3881 764 3952; x_wconf 80' lang='lat' dir='ltr'><strong>professione</strong></span> <span class='ocrx_word' id='word_1_387' title='bbox 796 3900 905 3938; x_wconf 88' lang='lat' dir='ltr'><strong>non</strong></span> <span class='ocrx_word' id='word_1_388' title='bbox 939 3893 1147 3939; x_wconf 90' lang='lat' dir='ltr'><strong>tantum</strong></span> <span class='ocrx_word' id='word_1_389' title='bbox 1181 3900 1245 3939; x_wconf 70' lang='lat' dir='ltr'><strong>ex</strong></span> <span class='ocrx_word' id='word_1_390' title='bbox 1299 3885 1669 3953; x_wconf 88' lang='lat' dir='ltr'><strong>improbitate,</strong></span> <span class='ocrx_word' id='word_1_391' title='bbox 1704 3900 1870 3955; x_wconf 85' lang='lat' dir='ltr'><strong>quam</strong></span> <span class='ocrx_word' id='word_1_392' title='bbox 1897 3901 1997 3938; x_wconf 85' lang='lat' dir='ltr'><strong>an-</strong></span> 
     </span>
    </p>
   </div>
   <div class='ocr_carea' id='block_1_57' title="bbox 419 3977 2001 4050">
    <p class='ocr_par' dir='ltr' id='par_1_57' title="bbox 419 3977 2001 4050">
     <span class='ocr_line' id='line_1_57' title="bbox 419 3977 2001 4050; baseline 0.001 -20"><span class='ocrx_word' id='word_1_393' title='bbox 419 3986 643 4047; x_wconf 77' lang='lat' dir='ltr'><strong>teeepta:</strong></span> <span class='ocrx_word' id='word_1_394' title='bbox 663 3977 847 4031; x_wconf 89' lang='lat' dir='ltr'><strong>animo</strong></span> <span class='ocrx_word' id='word_1_395' title='bbox 896 3977 1310 4033; x_wconf 78' lang='lat' dir='ltr'><strong>informationis</strong></span> <span class='ocrx_word' id='word_1_396' title='bbox 1350 3978 1641 4050; x_wconf 75' lang='lat' dir='ltr'><strong>tyrannide</strong></span> <span class='ocrx_word' id='word_1_397' title='bbox 1700 3978 2001 4049; x_wconf 86' lang='lat' dir='ltr'><strong>depravate</strong></span> 
     </span>
    </p>
   </div>
   <div class='ocr_carea' id='block_1_58' title="bbox 418 4068 1998 4141">
    <p class='ocr_par' dir='ltr' id='par_1_58' title="bbox 418 4068 1998 4141">
     <span class='ocr_line' id='line_1_58' title="bbox 418 4068 1998 4141; baseline 0.001 -20"><span class='ocrx_word' id='word_1_398' title='bbox 418 4068 793 4139; x_wconf 83' lang='lat' dir='ltr'><strong>intelliguntur</strong></span> <span class='ocrx_word' id='word_1_399' title='bbox 821 4077 869 4124; x_wconf 90' lang='lat' dir='ltr'><strong>et</strong></span> <span class='ocrx_word' id='word_1_400' title='bbox 916 4079 1337 4136; x_wconf 84' lang='lat' dir='ltr'><strong>conservantur,</strong></span> <span class='ocrx_word' id='word_1_401' title='bbox 1383 4069 1567 4141; x_wconf 74' lang='lat' dir='ltr'><strong>gravis</strong></span> <span class='ocrx_word' id='word_1_402' title='bbox 1620 4068 1766 4124; x_wconf 90' lang='lat' dir='ltr'><strong>enim</strong></span> <span class='ocrx_word' id='word_1_403' title='bbox 1796 4083 1998 4133; x_wconf 75' lang='lat' dir='ltr'><strong>essem,</strong></span> 
     </span>
    </p>
   </div>
   <div class='ocr_carea' id='block_1_59' title="bbox 419 4161 1997 4225">
    <p class='ocr_par' dir='ltr' id='par_1_59' title="bbox 419 4161 1997 4225">
     <span class='ocr_line' id='line_1_59' title="bbox 419 4161 1997 4225; baseline 0.002 -10"><span class='ocrx_word' id='word_1_404' title='bbox 419 4162 464 4215; x_wconf 89' lang='lat' dir='ltr'><strong>si</strong></span> <span class='ocrx_word' id='word_1_405' title='bbox 515 4162 782 4217; x_wconf 82' lang='lat' dir='ltr'><strong>discerem</strong></span> <span class='ocrx_word' id='word_1_406' title='bbox 824 4177 891 4217; x_wconf 75' lang='lat' dir='ltr'><strong>ex</strong></span> <span class='ocrx_word' id='word_1_407' title='bbox 949 4162 1237 4219; x_wconf 88' lang='lat' dir='ltr'><strong>inscientia</strong></span> <span class='ocrx_word' id='word_1_408' title='bbox 1286 4174 1339 4218; x_wconf 88' lang='lat' dir='ltr'><strong>et</strong></span> <span class='ocrx_word' id='word_1_409' title='bbox 1386 4162 1752 4219; x_wconf 88' lang='lat' dir='ltr'><strong>contentionis</strong></span> <span class='ocrx_word' id='word_1_410' title='bbox 1791 4161 1997 4225; x_wconf 90' lang='lat' dir='ltr'><strong>studio,</strong></span> 
     </span>
    </p>
   </div>
   <div class='ocr_carea' id='block_1_60' title="bbox 418 4253 2003 4325">
    <p class='ocr_par' dir='ltr' id='par_1_60' title="bbox 418 4253 2003 4325">
     <span class='ocr_line' id='line_1_60' title="bbox 418 4253 2003 4325; baseline 0.003 -20"><span class='ocrx_word' id='word_1_411' title='bbox 418 4254 781 4309; x_wconf 70' lang='lat' dir='ltr'><strong>considerem.</strong></span> <span class='ocrx_word' id='word_1_412' title='bbox 824 4253 943 4309; x_wconf 86' lang='lat' dir='ltr'><strong>Non</strong></span> <span class='ocrx_word' id='word_1_413' title='bbox 975 4270 1204 4325; x_wconf 85' lang='lat' dir='ltr'><strong>prorsus</strong></span> <span class='ocrx_word' id='word_1_414' title='bbox 1259 4270 1287 4310; x_wconf 86' lang='lat' dir='ltr'><strong>a</strong></span> <span class='ocrx_word' id='word_1_415' title='bbox 1340 4264 1486 4310; x_wconf 86' lang='lat' dir='ltr'><strong>recta</strong></span> <span class='ocrx_word' id='word_1_416' title='bbox 1544 4256 1691 4311; x_wconf 86' lang='lat' dir='ltr'><strong>circa</strong></span> <span class='ocrx_word' id='word_1_417' title='bbox 1732 4254 1895 4311; x_wconf 82' lang='lat' dir='ltr'><strong>ﬁdem</strong></span> <span class='ocrx_word' id='word_1_418' title='bbox 1920 4270 2003 4309; x_wconf 89' lang='lat' dir='ltr'><strong>ra-</strong></span> 
     </span>
    </p>
   </div>
   <div class='ocr_carea' id='block_1_61' title="bbox 414 4347 2000 4420">
    <p class='ocr_par' dir='ltr' id='par_1_61' title="bbox 414 4347 2000 4420">
     <span class='ocr_line' id='line_1_61' title="bbox 414 4347 2000 4420; baseline 0.003 -19"><span class='ocrx_word' id='word_1_419' title='bbox 414 4347 567 4407; x_wconf 72' lang='lat' dir='ltr'><strong>tione</strong></span> <span class='ocrx_word' id='word_1_420' title='bbox 592 4349 896 4413; x_wconf 81' lang='lat' dir='ltr'><strong>exeidistis,</strong></span> <span class='ocrx_word' id='word_1_421' title='bbox 925 4351 1017 4406; x_wconf 84' lang='lat' dir='ltr'><strong>sed</strong></span> <span class='ocrx_word' id='word_1_422' title='bbox 1047 4365 1114 4404; x_wconf 81' lang='lat' dir='ltr'><strong>ex</strong></span> <span class='ocrx_word' id='word_1_423' title='bbox 1162 4361 1340 4420; x_wconf 85' lang='lat' dir='ltr'><strong>parte,</strong></span> <span class='ocrx_word' id='word_1_424' title='bbox 1396 4350 1503 4405; x_wconf 92' lang='lat' dir='ltr'><strong>nisi</strong></span> <span class='ocrx_word' id='word_1_425' title='bbox 1548 4350 1671 4419; x_wconf 90' lang='lat' dir='ltr'><strong>quis</strong></span> <span class='ocrx_word' id='word_1_426' title='bbox 1722 4350 2000 4420; x_wconf 82' lang='lat' dir='ltr'><strong>proverbii</strong></span> 
     </span>
    </p>
   </div>
   <div class='ocr_carea' id='block_1_62' title="bbox 418 4439 1996 4511">
    <p class='ocr_par' dir='ltr' id='par_1_62' title="bbox 418 4439 1996 4511">
     <span class='ocr_line' id='line_1_62' title="bbox 418 4439 1996 4511; baseline 0.001 -19"><span class='ocrx_word' id='word_1_427' title='bbox 418 4439 551 4494; x_wconf 85' lang='lat' dir='ltr'><strong>illud</strong></span> <span class='ocrx_word' id='word_1_428' title='bbox 582 4441 711 4495; x_wconf 83' lang='lat' dir='ltr'><strong>velit</strong></span> <span class='ocrx_word' id='word_1_429' title='bbox 741 4441 899 4496; x_wconf 87' lang='lat' dir='ltr'><strong>vobis</strong></span> <span class='ocrx_word' id='word_1_430' title='bbox 939 4441 1256 4511; x_wconf 76' lang='lat' dir='ltr'><strong>appingere,</strong></span> <span class='ocrx_word' id='word_1_431' title='bbox 1294 4440 1400 4505; x_wconf 79' lang='lat' dir='ltr'><strong>Qui</strong></span> <span class='ocrx_word' id='word_1_432' title='bbox 1464 4455 1695 4510; x_wconf 87' lang='lat' dir='ltr'><strong>parvum</strong></span> <span class='ocrx_word' id='word_1_433' title='bbox 1753 4440 1996 4511; x_wconf 73' lang='lat' dir='ltr'><strong>negligit,</strong></span> 
     </span>
    </p>
   </div>
   <div class='ocr_carea' id='block_1_63' title="bbox 416 4529 1999 4600">
    <p class='ocr_par' dir='ltr' id='par_1_63' title="bbox 416 4529 1999 4600">
     <span class='ocr_line' id='line_1_63' title="bbox 416 4529 1999 4600; baseline 0.003 -19"><span class='ocrx_word' id='word_1_434' title='bbox 416 4529 678 4600; x_wconf 86' lang='lat' dir='ltr'><strong>paulatim</strong></span> <span class='ocrx_word' id='word_1_435' title='bbox 710 4529 904 4597; x_wconf 89' lang='lat' dir='ltr'><strong>cadet;</strong></span> <span class='ocrx_word' id='word_1_436' title='bbox 931 4530 1299 4600; x_wconf 87' lang='lat' dir='ltr'><strong>quodcunque</strong></span> <span class='ocrx_word' id='word_1_437' title='bbox 1337 4544 1461 4583; x_wconf 76' lang='lat' dir='ltr'><strong>vero</strong></span> <span class='ocrx_word' id='word_1_438' title='bbox 1508 4529 1562 4583; x_wconf 89' lang='lat' dir='ltr'><strong>in</strong></span> <span class='ocrx_word' id='word_1_439' title='bbox 1608 4545 1796 4585; x_wconf 88' lang='lat' dir='ltr'><strong>casum</strong></span> <span class='ocrx_word' id='word_1_440' title='bbox 1823 4530 1999 4585; x_wconf 86' lang='lat' dir='ltr'><strong>abdu-</strong></span> 
     </span>
    </p>
   </div>
   <div class='ocr_carea' id='block_1_64' title="bbox 416 4619 2079 4712">
    <p class='ocr_par' dir='ltr' id='par_1_64' title="bbox 416 4619 2079 4712">
     <span class='ocr_line' id='line_1_64' title="bbox 416 4619 2079 4712; baseline 0.002 -39"><span class='ocrx_word' id='word_1_441' title='bbox 416 4620 510 4684; x_wconf 76' lang='lat' dir='ltr'><strong>cit.</strong></span> <span class='ocrx_word' id='word_1_442' title='bbox 540 4629 594 4673; x_wconf 89' lang='lat' dir='ltr'><strong>et</strong></span> <span class='ocrx_word' id='word_1_443' title='bbox 628 4636 815 4675; x_wconf 83' lang='lat' dir='ltr'><strong>casum</strong></span> <span class='ocrx_word' id='word_1_444' title='bbox 853 4634 883 4673; x_wconf 87' lang='lat' dir='ltr'><strong>a</strong></span> <span class='ocrx_word' id='word_1_445' title='bbox 945 4620 1073 4683; x_wconf 87' lang='lat' dir='ltr'><strong>Deo,</strong></span> <span class='ocrx_word' id='word_1_446' title='bbox 1132 4619 1533 4674; x_wconf 82' lang='lat' dir='ltr'><strong>exsecrationis</strong></span> <span class='ocrx_word' id='word_1_447' title='bbox 1585 4620 1998 4690; x_wconf 74' lang='lat' dir='ltr'><strong>eversionisque</strong></span> <span class='ocrx_word' id='word_1_448' title='bbox 2022 4650 2079 4712; x_wconf 70' lang='grc' dir='ltr'>Β</span> 
     </span>
    </p>
   </div>
   <div class='ocr_carea' id='block_1_65' title="bbox 416 4710 1999 4783">
    <p class='ocr_par' dir='ltr' id='par_1_65' title="bbox 416 4710 1999 4783">
     <span class='ocr_line' id='line_1_65' title="bbox 416 4710 1999 4783; baseline 0.001 -17"><span class='ocrx_word' id='word_1_449' title='bbox 416 4712 642 4783; x_wconf 76' lang='lat' dir='ltr'><strong>dignum</strong></span> <span class='ocrx_word' id='word_1_450' title='bbox 669 4720 773 4768; x_wconf 91' lang='lat' dir='ltr'><strong>est.</strong></span> <span class='ocrx_word' id='word_1_451' title='bbox 810 4711 1060 4783; x_wconf 86' lang='lat' dir='ltr'><strong>Namque</strong></span> <span class='ocrx_word' id='word_1_452' title='bbox 1102 4711 1225 4766; x_wconf 84' lang='lat' dir='ltr'><strong>Filii</strong></span> <span class='ocrx_word' id='word_1_453' title='bbox 1273 4719 1326 4766; x_wconf 90' lang='lat' dir='ltr'><strong>et</strong></span> <span class='ocrx_word' id='word_1_454' title='bbox 1359 4710 1526 4766; x_wconf 83' lang='lat' dir='ltr'><strong>Verbi</strong></span> <span class='ocrx_word' id='word_1_455' title='bbox 1552 4711 1647 4766; x_wconf 90' lang='lat' dir='ltr'><strong>Dei</strong></span> <span class='ocrx_word' id='word_1_456' title='bbox 1672 4726 1796 4767; x_wconf 90' lang='lat' dir='ltr'><strong>cum</strong></span> <span class='ocrx_word' id='word_1_457' title='bbox 1837 4711 1999 4768; x_wconf 89' lang='lat' dir='ltr'><strong>Patre</strong></span> 
     </span>
    </p>
   </div>
   <div class='ocr_carea' id='block_1_66' title="bbox 418 4804 1999 4877">
    <p class='ocr_par' dir='ltr' id='par_1_66' title="bbox 418 4804 1999 4877">
     <span class='ocr_line' id='line_1_66' title="bbox 418 4804 1999 4877; baseline 0.001 -16"><span class='ocrx_word' id='word_1_458' title='bbox 418 4806 538 4861; x_wconf 87' lang='lat' dir='ltr'><strong>sine</strong></span> <span class='ocrx_word' id='word_1_459' title='bbox 568 4804 855 4874; x_wconf 85' lang='lat' dir='ltr'><strong>principio,</strong></span> <span class='ocrx_word' id='word_1_460' title='bbox 915 4816 970 4861; x_wconf 85' lang='lat' dir='ltr'><strong>et</strong></span> <span class='ocrx_word' id='word_1_461' title='bbox 1026 4804 1379 4861; x_wconf 86' lang='lat' dir='ltr'><strong>sanctissimo</strong></span> <span class='ocrx_word' id='word_1_462' title='bbox 1434 4805 1762 4877; x_wconf 79' lang='lat' dir='ltr'><strong>viviﬁcoque</strong></span> <span class='ocrx_word' id='word_1_463' title='bbox 1823 4806 1999 4877; x_wconf 87' lang='lat' dir='ltr'><strong>ipsius</strong></span> 
     </span>
    </p>
   </div>
   <div class='ocr_carea' id='block_1_67' title="bbox 420 4895 1996 4967">
    <p class='ocr_par' dir='ltr' id='par_1_67' title="bbox 420 4895 1996 4967">
     <span class='ocr_line' id='line_1_67' title="bbox 420 4895 1996 4967; baseline 0 -16"><span class='ocrx_word' id='word_1_464' title='bbox 420 4896 627 4967; x_wconf 85' lang='lat' dir='ltr'><strong>Spiritu</strong></span> <span class='ocrx_word' id='word_1_465' title='bbox 664 4903 791 4950; x_wconf 85' lang='lat' dir='ltr'><strong>ante</strong></span> <span class='ocrx_word' id='word_1_466' title='bbox 823 4895 1020 4951; x_wconf 84' lang='lat' dir='ltr'><strong>saecula</strong></span> <span class='ocrx_word' id='word_1_467' title='bbox 1070 4896 1448 4952; x_wconf 78' lang='lat' dir='ltr'><strong>exsistentiam</strong></span> <span class='ocrx_word' id='word_1_468' title='bbox 1509 4905 1654 4952; x_wconf 79' lang='lat' dir='ltr'><strong>recte</strong></span> <span class='ocrx_word' id='word_1_469' title='bbox 1698 4898 1996 4953; x_wconf 89' lang='lat' dir='ltr'><strong>secundum</strong></span> 
     </span>
    </p>
   </div>
   <div class='ocr_carea' id='block_1_68' title="bbox 417 4989 1999 5048">
    <p class='ocr_par' dir='ltr' id='par_1_68' title="bbox 417 4989 1999 5048">
     <span class='ocr_line' id='line_1_68' title="bbox 417 4989 1999 5048; baseline 0.002 -4"><span class='ocrx_word' id='word_1_470' title='bbox 417 4989 747 5045; x_wconf 78' lang='lat' dir='ltr'><strong>catholicam</strong></span> <span class='ocrx_word' id='word_1_471' title='bbox 780 4998 834 5044; x_wconf 89' lang='lat' dir='ltr'><strong>et</strong></span> <span class='ocrx_word' id='word_1_472' title='bbox 854 4989 1215 5043; x_wconf 80' lang='lat' dir='ltr'><strong>orthodoxam</strong></span> <span class='ocrx_word' id='word_1_473' title='bbox 1242 4990 1539 5046; x_wconf 82' lang='lat' dir='ltr'><strong>Ecclesiam</strong></span> <span class='ocrx_word' id='word_1_474' title='bbox 1579 4991 1801 5048; x_wconf 89' lang='lat' dir='ltr'><strong>tenetis.</strong></span> <span class='ocrx_word' id='word_1_475' title='bbox 1855 4991 1999 5047; x_wconf 65' lang='lat' dir='ltr'><strong>Prae-</strong></span> 
     </span>
    </p>
   </div>
   <div class='ocr_carea' id='block_1_69' title="bbox 421 5083 1995 5155">
    <p class='ocr_par' dir='ltr' id='par_1_69' title="bbox 421 5083 1995 5155">
     <span class='ocr_line' id='line_1_69' title="bbox 421 5083 1995 5155; baseline 0 -18"><span class='ocrx_word' id='word_1_476' title='bbox 421 5094 566 5139; x_wconf 83' lang='lat' dir='ltr'><strong>terea</strong></span> <span class='ocrx_word' id='word_1_477' title='bbox 627 5083 721 5137; x_wconf 72' lang='grc' dir='ltr'>ονε</span> <span class='ocrx_word' id='word_1_478' title='bbox 772 5083 1057 5154; x_wconf 73' lang='lat' dir='ltr'><strong>Patrisque</strong></span> <span class='ocrx_word' id='word_1_479' title='bbox 1117 5084 1490 5155; x_wconf 82' lang='lat' dir='ltr'><strong>beneplacito,</strong></span> <span class='ocrx_word' id='word_1_480' title='bbox 1540 5092 1595 5139; x_wconf 87' lang='lat' dir='ltr'><strong>et</strong></span> <span class='ocrx_word' id='word_1_481' title='bbox 1661 5083 1995 5139; x_wconf 88' lang='lat' dir='ltr'><strong>sanctissimi</strong></span> 
     </span>
    </p>
   </div>
   <div class='ocr_carea' id='block_1_70' title="bbox 419 5176 1999 5248">
    <p class='ocr_par' dir='ltr' id='par_1_70' title="bbox 419 5176 1999 5248">
     <span class='ocr_line' id='line_1_70' title="bbox 419 5176 1999 5248; baseline 0.001 -17"><span class='ocrx_word' id='word_1_482' title='bbox 419 5176 655 5247; x_wconf 84' lang='lat' dir='ltr'><strong>Spiritus</strong></span> <span class='ocrx_word' id='word_1_483' title='bbox 708 5189 982 5233; x_wconf 89' lang='lat' dir='ltr'><strong>concursu</strong></span> <span class='ocrx_word' id='word_1_484' title='bbox 1043 5178 1097 5233; x_wconf 93' lang='lat' dir='ltr'><strong>in</strong></span> <span class='ocrx_word' id='word_1_485' title='bbox 1164 5188 1321 5234; x_wconf 89' lang='lat' dir='ltr'><strong>utero</strong></span> <span class='ocrx_word' id='word_1_486' title='bbox 1384 5192 1596 5248; x_wconf 84' lang='lat' dir='ltr'><strong>semper</strong></span> <span class='ocrx_word' id='word_1_487' title='bbox 1659 5176 1883 5247; x_wconf 84' lang='lat' dir='ltr'><strong>virginis</strong></span> <span class='ocrx_word' id='word_1_488' title='bbox 1934 5192 1999 5232; x_wconf 87' lang='lat' dir='ltr'><strong>ac</strong></span> 
     </span>
    </p>
   </div>
   <div class='ocr_carea' id='block_1_71' title="bbox 417 5267 1998 5349">
    <p class='ocr_par' dir='ltr' id='par_1_71' title="bbox 417 5267 1998 5349">
     <span class='ocr_line' id='line_1_71' title="bbox 417 5267 1998 5349; baseline 0 -27"><span class='ocrx_word' id='word_1_489' title='bbox 417 5268 664 5339; x_wconf 70' lang='lat' dir='ltr'><strong>Dcipara:</strong></span> <span class='ocrx_word' id='word_1_490' title='bbox 706 5267 889 5324; x_wconf 72' lang='lat' dir='ltr'><strong>Maria:</strong></span> <span class='ocrx_word' id='word_1_491' title='bbox 936 5268 1349 5335; x_wconf 83' lang='lat' dir='ltr'><strong>habitationem,</strong></span> <span class='ocrx_word' id='word_1_492' title='bbox 1418 5278 1473 5324; x_wconf 90' lang='lat' dir='ltr'><strong>et</strong></span> <span class='ocrx_word' id='word_1_493' title='bbox 1532 5278 1735 5324; x_wconf 59' lang='lat' dir='ltr'><strong>nostra</strong></span> <span class='ocrx_word' id='word_1_494' title='bbox 1787 5277 1998 5349; x_wconf 67' lang='lat' dir='ltr'><strong>natura:</strong></span> 
     </span>
    </p>
   </div>
   <div class='ocr_carea' id='block_1_72' title="bbox 420 5360 1998 5431">
    <p class='ocr_par' dir='ltr' id='par_1_72' title="bbox 420 5360 1998 5431">
     <span class='ocr_line' id='line_1_72' title="bbox 420 5360 1998 5431; baseline -0.001 -14"><span class='ocrx_word' id='word_1_495' title='bbox 420 5360 770 5417; x_wconf 77' lang='lat' dir='ltr'><strong>inconiusatn</strong></span> <span class='ocrx_word' id='word_1_496' title='bbox 833 5368 890 5416; x_wconf 89' lang='lat' dir='ltr'><strong>et</strong></span> <span class='ocrx_word' id='word_1_497' title='bbox 933 5361 1362 5431; x_wconf 83' lang='lat' dir='ltr'><strong>inseparabilem</strong></span> <span class='ocrx_word' id='word_1_498' title='bbox 1410 5362 1695 5426; x_wconf 86' lang='lat' dir='ltr'><strong>unionem,</strong></span> <span class='ocrx_word' id='word_1_499' title='bbox 1743 5361 1998 5416; x_wconf 90' lang='lat' dir='ltr'><strong>immuta-</strong></span> 
     </span>
    </p>
   </div>
   <div class='ocr_carea' id='block_1_73' title="bbox 421 5452 1998 5524">
    <p class='ocr_par' dir='ltr' id='par_1_73' title="bbox 421 5452 1998 5524">
     <span class='ocr_line' id='line_1_73' title="bbox 421 5452 1998 5524; baseline -0.001 -17"><span class='ocrx_word' id='word_1_500' title='bbox 421 5456 436 5507; x_wconf 89' lang='lat' dir='ltr'><strong>l</strong></span> <span class='ocrx_word' id='word_1_501' title='bbox 462 5454 517 5509; x_wconf 90' lang='lat' dir='ltr'><strong>ili</strong></span> <span class='ocrx_word' id='word_1_502' title='bbox 541 5462 861 5509; x_wconf 87' lang='lat' dir='ltr'><strong>remanente</strong></span> <span class='ocrx_word' id='word_1_503' title='bbox 885 5452 995 5508; x_wconf 88' lang='lat' dir='ltr'><strong>Deo</strong></span> <span class='ocrx_word' id='word_1_504' title='bbox 1024 5453 1222 5517; x_wconf 86' lang='lat' dir='ltr'><strong>Verbo,</strong></span> <span class='ocrx_word' id='word_1_505' title='bbox 1249 5454 1304 5510; x_wconf 89' lang='lat' dir='ltr'><strong>in</strong></span> <span class='ocrx_word' id='word_1_506' title='bbox 1318 5454 1540 5524; x_wconf 80' lang='lat' dir='ltr'><strong>propria</strong></span> <span class='ocrx_word' id='word_1_507' title='bbox 1565 5464 1779 5515; x_wconf 88' lang='lat' dir='ltr'><strong>natura,</strong></span> <span class='ocrx_word' id='word_1_508' title='bbox 1804 5467 1998 5520; x_wconf 88' lang='lat' dir='ltr'><strong>nempe</strong></span> 
     </span>
    </p>
   </div>
   <div class='ocr_carea' id='block_1_74' title="bbox 417 5544 1995 5613">
    <p class='ocr_par' dir='ltr' id='par_1_74' title="bbox 417 5544 1995 5613">
     <span class='ocr_line' id='line_1_74' title="bbox 417 5544 1995 5613; baseline 0.001 -16"><span class='ocrx_word' id='word_1_509' title='bbox 417 5545 640 5609; x_wconf 82' lang='lat' dir='ltr'><strong>deitate,</strong></span> <span class='ocrx_word' id='word_1_510' title='bbox 660 5554 713 5599; x_wconf 89' lang='lat' dir='ltr'><strong>et</strong></span> <span class='ocrx_word' id='word_1_511' title='bbox 734 5545 1066 5599; x_wconf 83' lang='lat' dir='ltr'><strong>immutabili</strong></span> <span class='ocrx_word' id='word_1_512' title='bbox 1081 5545 1604 5613; x_wconf 72' lang='lat' dir='ltr'><strong>conservataipsius</strong></span> <span class='ocrx_word' id='word_1_513' title='bbox 1633 5544 1995 5610; x_wconf 84' lang='lat' dir='ltr'><strong>humanitate,</strong></span> 
     </span>
    </p>
   </div>
   <div class='ocr_carea' id='block_1_75' title="bbox 418 5636 1997 5706">
    <p class='ocr_par' dir='ltr' id='par_1_75' title="bbox 418 5636 1997 5706">
     <span class='ocr_line' id='line_1_75' title="bbox 418 5636 1997 5706; baseline 0.002 -18"><span class='ocrx_word' id='word_1_514' title='bbox 418 5636 861 5706; x_wconf 81' lang='lat' dir='ltr'><strong>nempehumara</strong></span> <span class='ocrx_word' id='word_1_515' title='bbox 881 5644 1093 5702; x_wconf 87' lang='lat' dir='ltr'><strong>natura,</strong></span> <span class='ocrx_word' id='word_1_516' title='bbox 1113 5636 1297 5691; x_wconf 87' lang='lat' dir='ltr'><strong>omnia</strong></span> <span class='ocrx_word' id='word_1_517' title='bbox 1311 5651 1436 5691; x_wconf 86' lang='lat' dir='ltr'><strong>vere</strong></span> <span class='ocrx_word' id='word_1_518' title='bbox 1461 5651 1571 5706; x_wconf 65' lang='lat' dir='ltr'><strong>prae</strong></span> <span class='ocrx_word' id='word_1_519' title='bbox 1588 5651 1646 5691; x_wconf 88' lang='lat' dir='ltr'><strong>se</strong></span> <span class='ocrx_word' id='word_1_520' title='bbox 1660 5636 1860 5691; x_wconf 82' lang='lat' dir='ltr'><strong>ferente</strong></span> <span class='ocrx_word' id='word_1_521' title='bbox 1874 5652 1997 5706; x_wconf 75' lang='lat' dir='ltr'><strong>qua:</strong></span> 
     </span>
    </p>
   </div>
   <div class='ocr_carea' id='block_1_76' title="bbox 419 5728 1994 5801">
    <p class='ocr_par' dir='ltr' id='par_1_76' title="bbox 419 5728 1994 5801">
     <span class='ocr_line' id='line_1_76' title="bbox 419 5728 1994 5801; baseline 0 -18"><span class='ocrx_word' id='word_1_522' title='bbox 419 5728 659 5784; x_wconf 85' lang='lat' dir='ltr'><strong>hominis</strong></span> <span class='ocrx_word' id='word_1_523' title='bbox 697 5736 1077 5801; x_wconf 76' lang='lat' dir='ltr'><strong>sunt,excepte</strong></span> <span class='ocrx_word' id='word_1_524' title='bbox 1112 5738 1336 5801; x_wconf 84' lang='lat' dir='ltr'><strong>peccato</strong></span> <span class='ocrx_word' id='word_1_525' title='bbox 1360 5729 1994 5800; x_wconf 82' lang='lat' dir='ltr'><strong>solo,corpus,animam,</strong></span> 
     </span>
    </p>
   </div>
   <div class='ocr_carea' id='block_1_77' title="bbox 417 5819 1995 5892">
    <p class='ocr_par' dir='ltr' id='par_1_77' title="bbox 417 5819 1995 5892">
     <span class='ocr_line' id='line_1_77' title="bbox 417 5819 1995 5892; baseline 0.003 -21"><span class='ocrx_word' id='word_1_526' title='bbox 417 5830 470 5872; x_wconf 80' lang='lat' dir='ltr'><strong>et</strong></span> <span class='ocrx_word' id='word_1_527' title='bbox 498 5830 755 5876; x_wconf 89' lang='lat' dir='ltr'><strong>mentem.</strong></span> <span class='ocrx_word' id='word_1_528' title='bbox 798 5819 892 5877; x_wconf 89' lang='lat' dir='ltr'><strong>llis</strong></span> <span class='ocrx_word' id='word_1_529' title='bbox 924 5837 1053 5878; x_wconf 88' lang='lat' dir='ltr'><strong>vero</strong></span> <span class='ocrx_word' id='word_1_530' title='bbox 1117 5838 1208 5892; x_wconf 84' lang='lat' dir='ltr'><strong>per</strong></span> <span class='ocrx_word' id='word_1_531' title='bbox 1245 5839 1342 5878; x_wconf 90' lang='lat' dir='ltr'><strong>vos</strong></span> <span class='ocrx_word' id='word_1_532' title='bbox 1373 5822 1764 5891; x_wconf 88' lang='lat' dir='ltr'><strong>comprobatis,</strong></span> <span class='ocrx_word' id='word_1_533' title='bbox 1815 5819 1995 5892; x_wconf 81' lang='lat' dir='ltr'><strong>perfe-</strong></span> 
     </span>
    </p>
   </div>
   <div class='ocr_carea' id='block_1_78' title="bbox 419 5910 1993 5986">
    <p class='ocr_par' dir='ltr' id='par_1_78' title="bbox 419 5910 1993 5986">
     <span class='ocr_line' id='line_1_78' title="bbox 419 5910 1993 5986; baseline 0.002 -19"><span class='ocrx_word' id='word_1_534' title='bbox 419 5921 545 5970; x_wconf 81' lang='lat' dir='ltr'><strong>ctus</strong></span> <span class='ocrx_word' id='word_1_535' title='bbox 574 5910 631 5968; x_wconf 91' lang='lat' dir='ltr'><strong>in</strong></span> <span class='ocrx_word' id='word_1_536' title='bbox 684 5911 889 5971; x_wconf 82' lang='lat' dir='ltr'><strong>deitatc</strong></span> <span class='ocrx_word' id='word_1_537' title='bbox 934 5923 987 5970; x_wconf 79' lang='lat' dir='ltr'><strong>ct</strong></span> <span class='ocrx_word' id='word_1_538' title='bbox 1018 5913 1292 5986; x_wconf 77' lang='lat' dir='ltr'><strong>perfectus</strong></span> <span class='ocrx_word' id='word_1_539' title='bbox 1339 5915 1394 5970; x_wconf 91' lang='lat' dir='ltr'><strong>in</strong></span> <span class='ocrx_word' id='word_1_540' title='bbox 1447 5916 1789 5971; x_wconf 85' lang='lat' dir='ltr'><strong>immanitate</strong></span> <span class='ocrx_word' id='word_1_541' title='bbox 1842 5930 1993 5971; x_wconf 87' lang='lat' dir='ltr'><strong>com-</strong></span> 
     </span>
    </p>
   </div>
   <div class='ocr_carea' id='block_1_79' title="bbox 2109 2028 3701 2108">
    <p class='ocr_par' dir='ltr' id='par_1_79' title="bbox 2109 2028 3701 2108">
     <span class='ocr_line' id='line_1_79' title="bbox 2109 2028 3701 2108; baseline -0.006 -17"><span class='ocrx_word' id='word_1_542' title='bbox 2109 2038 2202 2091; x_wconf 88' lang='grc' dir='ltr'><strong>τοῦ</strong></span> <span class='ocrx_word' id='word_1_543' title='bbox 2226 2037 2595 2108; x_wconf 81' lang='grc' dir='ltr'><strong>ἀνθρωπίνου,</strong></span> <span class='ocrx_word' id='word_1_544' title='bbox 2630 2028 2704 2089; x_wconf 78' lang='grc' dir='ltr'><strong>ῶν</strong></span> <span class='ocrx_word' id='word_1_545' title='bbox 2736 2035 2856 2106; x_wconf 71' lang='grc' dir='ltr'>ἅμα</span> <span class='ocrx_word' id='word_1_546' title='bbox 2885 2035 2918 2104; x_wconf 79' lang='grc' dir='ltr'>ἡ</span> <span class='ocrx_word' id='word_1_547' title='bbox 2956 2032 3220 2103; x_wconf 77' lang='grc' dir='ltr'><strong>σύλληψις</strong></span> <span class='ocrx_word' id='word_1_548' title='bbox 3259 2032 3353 2086; x_wconf 71' lang='grc' dir='ltr'>καὶ</span> <span class='ocrx_word' id='word_1_549' title='bbox 3387 2033 3420 2102; x_wconf 75' lang='grc' dir='ltr'>ἡ</span> <span class='ocrx_word' id='word_1_550' title='bbox 3456 2031 3701 2100; x_wconf 77' lang='grc' dir='ltr'>ῦπαρξις</span> 
     </span>
    </p>
   </div>
   <div class='ocr_carea' id='block_1_80' title="bbox 2108 2124 3696 2201">
    <p class='ocr_par' dir='ltr' id='par_1_80' title="bbox 2108 2124 3696 2201">
     <span class='ocr_line' id='line_1_80' title="bbox 2108 2124 3696 2201; baseline -0.004 -17"><span class='ocrx_word' id='word_1_551' title='bbox 2108 2128 2683 2201; x_wconf 83' lang='grc' dir='ltr'>τεθαυματούργηται,</span> <span class='ocrx_word' id='word_1_552' title='bbox 2717 2131 2750 2199; x_wconf 84' lang='grc' dir='ltr'>ἡ</span> <span class='ocrx_word' id='word_1_553' title='bbox 2802 2129 2901 2199; x_wconf 81' lang='grc' dir='ltr'>μὲν</span> <span class='ocrx_word' id='word_1_554' title='bbox 2934 2127 3195 2197; x_wconf 74' lang='grc' dir='ltr'>σύλληψις</span> <span class='ocrx_word' id='word_1_555' title='bbox 3225 2125 3320 2180; x_wconf 90' lang='grc' dir='ltr'><strong>τοῦ</strong></span> <span class='ocrx_word' id='word_1_556' title='bbox 3364 2126 3563 2194; x_wconf 89' lang='grc' dir='ltr'>Λόγου,</span> <span class='ocrx_word' id='word_1_557' title='bbox 3594 2124 3696 2194; x_wconf 82' lang='grc' dir='ltr'>τῆς</span> 
     </span>
    </p>
   </div>
   <div class='ocr_carea' id='block_1_81' title="bbox 2106 2220 3696 2296">
    <p class='ocr_par' dir='ltr' id='par_1_81' title="bbox 2106 2220 3696 2296">
     <span class='ocr_line' id='line_1_81' title="bbox 2106 2220 3696 2296; baseline -0.003 -19"><span class='ocrx_word' id='word_1_558' title='bbox 2106 2224 2161 2277; x_wconf 82' lang='grc' dir='ltr'>δὲ</span> <span class='ocrx_word' id='word_1_559' title='bbox 2193 2224 2395 2296; x_wconf 79' lang='grc' dir='ltr'>σαρκὸς</span> <span class='ocrx_word' id='word_1_560' title='bbox 2426 2228 2459 2295; x_wconf 69' lang='grc' dir='ltr'><strong>η</strong></span> <span class='ocrx_word' id='word_1_561' title='bbox 2489 2226 2545 2276; x_wconf 77' lang='grc' dir='ltr'>ἐν</span> <span class='ocrx_word' id='word_1_562' title='bbox 2579 2223 2731 2293; x_wconf 81' lang='grc' dir='ltr'><strong>αὑτῷ</strong></span> <span class='ocrx_word' id='word_1_563' title='bbox 2757 2223 2837 2294; x_wconf 82' lang='grc' dir='ltr'>τῷ</span> <span class='ocrx_word' id='word_1_564' title='bbox 2865 2222 3026 2292; x_wconf 83' lang='grc' dir='ltr'><strong>Λόγῳ</strong></span> <span class='ocrx_word' id='word_1_565' title='bbox 3044 2220 3278 2292; x_wconf 83' lang='grc' dir='ltr'>ῦπαρξις</span> <span class='ocrx_word' id='word_1_566' title='bbox 3305 2222 3370 2275; x_wconf 86' lang='grc' dir='ltr'><strong>δι’</strong></span> <span class='ocrx_word' id='word_1_567' title='bbox 3391 2222 3565 2292; x_wconf 77' lang='grc' dir='ltr'>αὐτῆς</span> <span class='ocrx_word' id='word_1_568' title='bbox 3597 2220 3696 2289; x_wconf 72' lang='grc' dir='ltr'><strong>τῆς</strong></span> 
     </span>
    </p>
   </div>
   <div class='ocr_carea' id='block_1_82' title="bbox 2106 2310 3698 2389">
    <p class='ocr_par' dir='ltr' id='par_1_82' title="bbox 2106 2310 3698 2389">
     <span class='ocr_line' id='line_1_82' title="bbox 2106 2310 3698 2389; baseline -0.004 -20"><span class='ocrx_word' id='word_1_569' title='bbox 2106 2316 2473 2387; x_wconf 72' lang='grc' dir='ltr'>Θεομήτορος,</span> <span class='ocrx_word' id='word_1_570' title='bbox 2508 2316 2804 2389; x_wconf 78' lang='grc' dir='ltr'>ὑπερφυῶς</span> <span class='ocrx_word' id='word_1_571' title='bbox 2833 2314 3178 2384; x_wconf 77' lang='grc' dir='ltr'><strong>χορηγούσης</strong></span> <span class='ocrx_word' id='word_1_572' title='bbox 3197 2313 3257 2365; x_wconf 83' lang='grc' dir='ltr'>τὸ</span> <span class='ocrx_word' id='word_1_573' title='bbox 3288 2311 3600 2381; x_wconf 82' lang='grc' dir='ltr'>πλασθῆναι</span> <span class='ocrx_word' id='word_1_574' title='bbox 3615 2310 3698 2380; x_wconf 83' lang='grc' dir='ltr'>τῷ</span> 
     </span>
    </p>
   </div>
   <div class='ocr_carea' id='block_1_83' title="bbox 2108 2405 3693 2477">
    <p class='ocr_par' dir='ltr' id='par_1_83' title="bbox 2108 2405 3693 2477">
     <span class='ocr_line' id='line_1_83' title="bbox 2108 2405 3693 2477; baseline -0.003 -15"><span class='ocrx_word' id='word_1_575' title='bbox 2108 2409 2397 2471; x_wconf 68' lang='grc' dir='ltr'>πλάσαντι,</span> <span class='ocrx_word' id='word_1_576' title='bbox 2424 2410 2519 2461; x_wconf 68' lang='grc' dir='ltr'>καὶ</span> <span class='ocrx_word' id='word_1_577' title='bbox 2546 2408 2607 2461; x_wconf 82' lang='grc' dir='ltr'>τὸ</span> <span class='ocrx_word' id='word_1_578' title='bbox 2646 2406 3097 2477; x_wconf 82' lang='grc' dir='ltr'>ἀνθρωπισθῆναι</span> <span class='ocrx_word' id='word_1_579' title='bbox 3120 2405 3197 2477; x_wconf 82' lang='grc' dir='ltr'><strong>τῷ</strong></span> <span class='ocrx_word' id='word_1_580' title='bbox 3220 2405 3341 2477; x_wconf 84' lang='grc' dir='ltr'>Θεῷ</span> <span class='ocrx_word' id='word_1_581' title='bbox 3367 2406 3460 2458; x_wconf 71' lang='grc' dir='ltr'>καὶ</span> <span class='ocrx_word' id='word_1_582' title='bbox 3492 2406 3693 2475; x_wconf 76' lang='grc' dir='ltr'>ποιητῇ</span> 
     </span>
    </p>
   </div>
   <div class='ocr_carea' id='block_1_84' title="bbox 2104 2496 3695 2570">
    <p class='ocr_par' dir='ltr' id='par_1_84' title="bbox 2104 2496 3695 2570">
     <span class='ocr_line' id='line_1_84' title="bbox 2104 2496 3695 2570; baseline -0.003 -15"><span class='ocrx_word' id='word_1_583' title='bbox 2104 2501 2200 2555; x_wconf 89' lang='grc' dir='ltr'><strong>τοῦ</strong></span> <span class='ocrx_word' id='word_1_584' title='bbox 2241 2502 2442 2565; x_wconf 66' lang='grc' dir='ltr'>παντὸς</span> <span class='ocrx_word' id='word_1_585' title='bbox 2489 2500 2701 2555; x_wconf 88' lang='grc' dir='ltr'>θεοῦντι</span> <span class='ocrx_word' id='word_1_586' title='bbox 2739 2501 2799 2553; x_wconf 82' lang='grc' dir='ltr'>τὸ</span> <span class='ocrx_word' id='word_1_587' title='bbox 2833 2500 3211 2570; x_wconf 86' lang='grc' dir='ltr'>πρόσλημμα,</span> <span class='ocrx_word' id='word_1_588' title='bbox 3272 2498 3558 2568; x_wconf 76' lang='grc' dir='ltr'>σωζούσης</span> <span class='ocrx_word' id='word_1_589' title='bbox 3594 2496 3695 2567; x_wconf 86' lang='grc' dir='ltr'>τῆς</span> 
     </span>
    </p>
   </div>
   <div class='ocr_carea' id='block_1_85' title="bbox 2108 2585 3697 2661">
    <p class='ocr_par' dir='ltr' id='par_1_85' title="bbox 2108 2585 3697 2661">
     <span class='ocr_line' id='line_1_85' title="bbox 2108 2585 3697 2661; baseline -0.004 -13"><span class='ocrx_word' id='word_1_590' title='bbox 2108 2594 2359 2658; x_wconf 83' lang='grc' dir='ltr'>ὲνώσεως</span> <span class='ocrx_word' id='word_1_591' title='bbox 2408 2595 2476 2647; x_wconf 80' lang='grc' dir='ltr'>τὰ</span> <span class='ocrx_word' id='word_1_592' title='bbox 2506 2593 2778 2647; x_wconf 82' lang='grc' dir='ltr'>ὲνωθέντα</span> <span class='ocrx_word' id='word_1_593' title='bbox 2822 2591 3046 2646; x_wconf 81' lang='grc' dir='ltr'>τοιαῦτα</span> <span class='ocrx_word' id='word_1_594' title='bbox 3078 2585 3167 2644; x_wconf 74' lang='grc' dir='ltr'>οἷα</span> <span class='ocrx_word' id='word_1_595' title='bbox 3201 2592 3296 2644; x_wconf 73' lang='grc' dir='ltr'>καὶ</span> <span class='ocrx_word' id='word_1_596' title='bbox 3340 2591 3602 2661; x_wconf 84' lang='grc' dir='ltr'>ἦνωνται,</span> <span class='ocrx_word' id='word_1_597' title='bbox 3631 2588 3697 2641; x_wconf 72' lang='grc' dir='ltr'><strong>οὐ</strong></span> 
     </span>
    </p>
   </div>
   <div class='ocr_carea' id='block_1_86' title="bbox 2105 2680 3693 2757">
    <p class='ocr_par' dir='ltr' id='par_1_86' title="bbox 2105 2680 3693 2757">
     <span class='ocr_line' id='line_1_86' title="bbox 2105 2680 3693 2757; baseline -0.004 -17"><span class='ocrx_word' id='word_1_598' title='bbox 2105 2687 2167 2741; x_wconf 82' lang='grc' dir='ltr'><strong>τὺ</strong></span> <span class='ocrx_word' id='word_1_599' title='bbox 2199 2687 2341 2740; x_wconf 87' lang='grc' dir='ltr'>θεῖον</span> <span class='ocrx_word' id='word_1_600' title='bbox 2379 2686 2524 2754; x_wconf 88' lang='grc' dir='ltr'>λέγω</span> <span class='ocrx_word' id='word_1_601' title='bbox 2576 2687 2761 2757; x_wconf 80' lang='grc' dir='ltr'>μόνον,</span> <span class='ocrx_word' id='word_1_602' title='bbox 2803 2685 2941 2739; x_wconf 85' lang='grc' dir='ltr'>ἀλλὰ</span> <span class='ocrx_word' id='word_1_603' title='bbox 2977 2684 3073 2737; x_wconf 70' lang='grc' dir='ltr'><strong>καὶ</strong></span> <span class='ocrx_word' id='word_1_604' title='bbox 3109 2684 3169 2737; x_wconf 81' lang='grc' dir='ltr'>τὸ</span> <span class='ocrx_word' id='word_1_605' title='bbox 3217 2682 3565 2755; x_wconf 85' lang='grc' dir='ltr'>ἀνθρώπινον</span> <span class='ocrx_word' id='word_1_606' title='bbox 3598 2680 3693 2736; x_wconf 88' lang='grc' dir='ltr'><strong>τοῦ</strong></span> 
     </span>
    </p>
   </div>
   <div class='ocr_carea' id='block_1_87' title="bbox 2106 2773 3691 2850">
    <p class='ocr_par' dir='ltr' id='par_1_87' title="bbox 2106 2773 3691 2850">
     <span class='ocr_line' id='line_1_87' title="bbox 2106 2773 3691 2850; baseline -0.004 -17"><span class='ocrx_word' id='word_1_607' title='bbox 2106 2779 2369 2850; x_wconf 75' lang='grc' dir='ltr'>Χριστοῦ,</span> <span class='ocrx_word' id='word_1_608' title='bbox 2405 2780 2464 2833; x_wconf 73' lang='grc' dir='ltr'>τὸ</span> <span class='ocrx_word' id='word_1_609' title='bbox 2490 2778 2633 2850; x_wconf 80' lang='grc' dir='ltr'>ὑπὲρ</span> <span class='ocrx_word' id='word_1_610' title='bbox 2666 2779 2812 2849; x_wconf 75' lang='grc' dir='ltr'>ἡμᾶς</span> <span class='ocrx_word' id='word_1_611' title='bbox 2841 2777 2935 2831; x_wconf 54' lang='grc' dir='ltr'><strong>καὶ⁸</strong></span> <span class='ocrx_word' id='word_1_612' title='bbox 2963 2775 3089 2830; x_wconf 81' lang='grc' dir='ltr'>καθ’</span> <span class='ocrx_word' id='word_1_613' title='bbox 3128 2777 3298 2847; x_wconf 79' lang='grc' dir='ltr'>ἡμᾶς.</span> <span class='ocrx_word' id='word_1_614' title='bbox 3330 2775 3393 2828; x_wconf 79' lang='lat' dir='ltr'><strong>Ei</strong></span> <span class='ocrx_word' id='word_1_615' title='bbox 3432 2774 3487 2827; x_wconf 80' lang='grc' dir='ltr'>δὲ</span> <span class='ocrx_word' id='word_1_616' title='bbox 3510 2773 3691 2836; x_wconf 87' lang='grc' dir='ltr'>τοῦτο,</span> 
     </span>
    </p>
   </div>
   <div class='ocr_carea' id='block_1_88' title="bbox 2109 2866 3693 2946">
    <p class='ocr_par' dir='ltr' id='par_1_88' title="bbox 2109 2866 3693 2946">
     <span class='ocr_line' id='line_1_88' title="bbox 2109 2866 3693 2946; baseline -0.006 -18"><span class='ocrx_word' id='word_1_617' title='bbox 2109 2876 2288 2946; x_wconf 82' lang='grc' dir='ltr'>μάτην</span> <span class='ocrx_word' id='word_1_618' title='bbox 2324 2872 2413 2927; x_wconf 84' lang='grc' dir='ltr'><strong>διὰ</strong></span> <span class='ocrx_word' id='word_1_619' title='bbox 2438 2872 2500 2925; x_wconf 85' lang='grc' dir='ltr'>τὸ</span> <span class='ocrx_word' id='word_1_620' title='bbox 2547 2870 2794 2938; x_wconf 75' lang='grc' dir='ltr'><strong>δοξάζειν</strong></span> <span class='ocrx_word' id='word_1_621' title='bbox 2841 2871 2989 2941; x_wconf 80' lang='grc' dir='ltr'>ἡμᾶς</span> <span class='ocrx_word' id='word_1_622' title='bbox 3031 2868 3125 2923; x_wconf 86' lang='grc' dir='ltr'><strong>δύο</strong></span> <span class='ocrx_word' id='word_1_623' title='bbox 3158 2866 3372 2937; x_wconf 88' lang='grc' dir='ltr'>φύσεις,</span> <span class='ocrx_word' id='word_1_624' title='bbox 3415 2866 3509 2921; x_wconf 74' lang='grc' dir='ltr'>καὶ</span> <span class='ocrx_word' id='word_1_625' title='bbox 3563 2866 3693 2937; x_wconf 89' lang='grc' dir='ltr'>μίαν</span> 
     </span>
    </p>
   </div>
   <div class='ocr_carea' id='block_1_89' title="bbox 2106 2960 3692 3037">
    <p class='ocr_par' dir='ltr' id='par_1_89' title="bbox 2106 2960 3692 3037">
     <span class='ocr_line' id='line_1_89' title="bbox 2106 2960 3692 3037; baseline -0.007 -16"><span class='ocrx_word' id='word_1_626' title='bbox 2106 2968 2404 3021; x_wconf 80' lang='grc' dir='ltr'>ὑπόστασιν</span> <span class='ocrx_word' id='word_1_627' title='bbox 2437 2964 2530 3018; x_wconf 74' lang='grc' dir='ltr'><strong>ἐπὶ</strong></span> <span class='ocrx_word' id='word_1_628' title='bbox 2565 2962 2828 3037; x_wconf 81' lang='grc' dir='ltr'>Χριστοῦ,</span> <span class='ocrx_word' id='word_1_629' title='bbox 2858 2962 2953 3018; x_wconf 64' lang='grc' dir='ltr'><strong>καλ⁸</strong></span> <span class='ocrx_word' id='word_1_630' title='bbox 2983 2960 3294 3033; x_wconf 85' lang='grc' dir='ltr'>προσώπων</span> <span class='ocrx_word' id='word_1_631' title='bbox 3324 2962 3525 3030; x_wconf 80' lang='grc' dir='ltr'>κρᾶσιν</span> <span class='ocrx_word' id='word_1_632' title='bbox 3568 2974 3692 3010; x_wconf 87' lang='grc' dir='ltr'>συν-</span> 
     </span>
    </p>
   </div>
   <div class='ocr_carea' id='block_1_90' title="bbox 2104 3049 3690 3128">
    <p class='ocr_par' dir='ltr' id='par_1_90' title="bbox 2104 3049 3690 3128">
     <span class='ocr_line' id='line_1_90' title="bbox 2104 3049 3690 3128; baseline -0.007 -16"><span class='ocrx_word' id='word_1_633' title='bbox 2104 3057 2335 3128; x_wconf 84' lang='grc' dir='ltr'>άγεσθαι</span> <span class='ocrx_word' id='word_1_634' title='bbox 2384 3057 2584 3126; x_wconf 78' lang='grc' dir='ltr'>λέγοις.</span> <span class='ocrx_word' id='word_1_635' title='bbox 2636 3055 2749 3109; x_wconf 74' lang='grc' dir='ltr'><strong>Καὶ</strong></span> <span class='ocrx_word' id='word_1_636' title='bbox 2807 3056 2861 3108; x_wconf 80' lang='lat' dir='ltr'><strong>ai</strong></span> <span class='ocrx_word' id='word_1_637' title='bbox 2906 3053 3007 3124; x_wconf 82' lang='grc' dir='ltr'><strong>μὲν</strong></span> <span class='ocrx_word' id='word_1_638' title='bbox 3044 3053 3180 3124; x_wconf 75' lang='grc' dir='ltr'>πρὸς</span> <span class='ocrx_word' id='word_1_639' title='bbox 3212 3052 3309 3116; x_wconf 75' lang='grc' dir='ltr'><strong>τὰς</strong></span> <span class='ocrx_word' id='word_1_640' title='bbox 3360 3050 3483 3104; x_wconf 86' lang='grc' dir='ltr'>καθ’</span> <span class='ocrx_word' id='word_1_641' title='bbox 3528 3049 3690 3121; x_wconf 82' lang='grc' dir='ltr'>ἡμῶν</span> 
     </span>
    </p>
   </div>
   <div class='ocr_carea' id='block_1_91' title="bbox 2108 3143 3689 3222">
    <p class='ocr_par' dir='ltr' id='par_1_91' title="bbox 2108 3143 3689 3222">
     <span class='ocr_line' id='line_1_91' title="bbox 2108 3143 3689 3222; baseline -0.006 -18"><span class='ocrx_word' id='word_1_642' title='bbox 2108 3149 2369 3222; x_wconf 80' lang='grc' dir='ltr'>μέμψεις,</span> <span class='ocrx_word' id='word_1_643' title='bbox 2402 3150 2498 3203; x_wconf 74' lang='grc' dir='ltr'><strong>καὶ</strong></span> <span class='ocrx_word' id='word_1_644' title='bbox 2532 3149 2632 3212; x_wconf 84' lang='grc' dir='ltr'><strong>τὰς</strong></span> <span class='ocrx_word' id='word_1_645' title='bbox 2666 3148 2809 3202; x_wconf 83' lang='grc' dir='ltr'>κατὰ</span> <span class='ocrx_word' id='word_1_646' title='bbox 2829 3146 2925 3201; x_wconf 87' lang='grc' dir='ltr'><strong>τοῦ</strong></span> <span class='ocrx_word' id='word_1_647' title='bbox 2956 3146 3120 3217; x_wconf 81' lang='grc' dir='ltr'>ὀρθοῦ</span> <span class='ocrx_word' id='word_1_648' title='bbox 3152 3145 3423 3215; x_wconf 81' lang='grc' dir='ltr'>δόγματος</span> <span class='ocrx_word' id='word_1_649' title='bbox 3452 3143 3559 3213; x_wconf 78' lang='grc' dir='ltr'>τῆς</span> <span class='ocrx_word' id='word_1_650' title='bbox 3594 3159 3689 3213; x_wconf 81' lang='grc' dir='ltr'>με·</span> 
     </span>
    </p>
   </div>
   <div class='ocr_carea' id='block_1_92' title="bbox 2104 3237 3688 3315">
    <p class='ocr_par' dir='ltr' id='par_1_92' title="bbox 2104 3237 3688 3315">
     <span class='ocr_line' id='line_1_92' title="bbox 2104 3237 3688 3315; baseline -0.006 -17"><span class='ocrx_word' id='word_1_651' title='bbox 2104 3244 2277 3315; x_wconf 79' lang='grc' dir='ltr'>γάλης</span> <span class='ocrx_word' id='word_1_652' title='bbox 2308 3244 2401 3297; x_wconf 72' lang='grc' dir='ltr'><strong>καὶ</strong></span> <span class='ocrx_word' id='word_1_653' title='bbox 2435 3242 2821 3313; x_wconf 82' lang='grc' dir='ltr'>οίκουμενικῆς</span> <span class='ocrx_word' id='word_1_654' title='bbox 2847 3242 2906 3294; x_wconf 85' lang='grc' dir='ltr'><strong>ὲν</strong></span> <span class='ocrx_word' id='word_1_655' title='bbox 2928 3238 3230 3310; x_wconf 79' lang='grc' dir='ltr'>Χαλκηδόνι</span> <span class='ocrx_word' id='word_1_656' title='bbox 3281 3237 3502 3292; x_wconf 84' lang='grc' dir='ltr'>συνόδου</span> <span class='ocrx_word' id='word_1_657' title='bbox 3552 3253 3688 3290; x_wconf 81' lang='grc' dir='ltr'>κακ-</span> 
     </span>
    </p>
   </div>
   <div class='ocr_carea' id='block_1_93' title="bbox 2106 3328 3685 3406">
    <p class='ocr_par' dir='ltr' id='par_1_93' title="bbox 2106 3328 3685 3406">
     <span class='ocr_line' id='line_1_93' title="bbox 2106 3328 3685 3406; baseline -0.006 -16"><span class='ocrx_word' id='word_1_658' title='bbox 2106 3335 2336 3406; x_wconf 86' lang='grc' dir='ltr'>ηγορίας</span> <span class='ocrx_word' id='word_1_659' title='bbox 2370 3335 2464 3389; x_wconf 67' lang='grc' dir='ltr'>καὶ</span> <span class='ocrx_word' id='word_1_660' title='bbox 2514 3334 2787 3399; x_wconf 78' lang='grc' dir='ltr'>διαϐολὰς,</span> <span class='ocrx_word' id='word_1_661' title='bbox 2806 3332 3143 3403; x_wconf 84' lang='grc' dir='ltr'>ἀπαντήσεις</span> <span class='ocrx_word' id='word_1_662' title='bbox 3172 3348 3232 3385; x_wconf 88' lang='grc' dir='ltr'><strong>τε</strong></span> <span class='ocrx_word' id='word_1_663' title='bbox 3256 3333 3349 3386; x_wconf 69' lang='grc' dir='ltr'><strong>καὶ</strong></span> <span class='ocrx_word' id='word_1_664' title='bbox 3381 3328 3685 3395; x_wconf 78' lang='grc' dir='ltr'>ἐνστάσεις,</span> 
     </span>
    </p>
   </div>
   <div class='ocr_carea' id='block_1_94' title="bbox 2104 3421 3688 3496">
    <p class='ocr_par' dir='ltr' id='par_1_94' title="bbox 2104 3421 3688 3496">
     <span class='ocr_line' id='line_1_94' title="bbox 2104 3421 3688 3496; baseline -0.004 -15"><span class='ocrx_word' id='word_1_665' title='bbox 2104 3428 2171 3481; x_wconf 79' lang='grc' dir='ltr'>δι’</span> <span class='ocrx_word' id='word_1_666' title='bbox 2200 3421 2275 3482; x_wconf 84' lang='grc' dir='ltr'>ὧν</span> <span class='ocrx_word' id='word_1_667' title='bbox 2307 3427 2475 3482; x_wconf 83' lang='grc' dir='ltr'>ἀθῶοι</span> <span class='ocrx_word' id='word_1_668' title='bbox 2500 3428 2701 3491; x_wconf 89' lang='grc' dir='ltr'>πάντες</span> <span class='ocrx_word' id='word_1_669' title='bbox 2733 3427 2783 3481; x_wconf 80' lang='lat' dir='ltr'><strong>oi</strong></span> <span class='ocrx_word' id='word_1_670' title='bbox 2822 3426 3135 3496; x_wconf 80' lang='grc' dir='ltr'>σύμφρονες</span> <span class='ocrx_word' id='word_1_671' title='bbox 3180 3427 3246 3496; x_wconf 78' lang='grc' dir='ltr'>τῇ</span> <span class='ocrx_word' id='word_1_672' title='bbox 3282 3423 3508 3495; x_wconf 70' lang='grc' dir='ltr'>τοιαύτῃ</span> <span class='ocrx_word' id='word_1_673' title='bbox 3559 3423 3688 3493; x_wconf 78' lang='grc' dir='ltr'>ἁγίᾳ.</span> 
     </span>
    </p>
   </div>
   <div class='ocr_carea' id='block_1_95' title="bbox 2107 3516 3685 3592">
    <p class='ocr_par' dir='ltr' id='par_1_95' title="bbox 2107 3516 3685 3592">
     <span class='ocr_line' id='line_1_95' title="bbox 2107 3516 3685 3592; baseline -0.003 -19"><span class='ocrx_word' id='word_1_674' title='bbox 2107 3520 2312 3592; x_wconf 82' lang='grc' dir='ltr'>συνόδῳ</span> <span class='ocrx_word' id='word_1_675' title='bbox 2343 3520 2650 3574; x_wconf 86' lang='grc' dir='ltr'>δείκνυνται</span> <span class='ocrx_word' id='word_1_676' title='bbox 2680 3521 2793 3583; x_wconf 78' lang='grc' dir='ltr'>τοῖς</span> <span class='ocrx_word' id='word_1_677' title='bbox 2815 3518 2992 3590; x_wconf 80' lang='grc' dir='ltr'>ὀρθῶς</span> <span class='ocrx_word' id='word_1_678' title='bbox 3014 3516 3152 3573; x_wconf 77' lang='grc' dir='ltr'>εἶναι</span> <span class='ocrx_word' id='word_1_679' title='bbox 3185 3518 3534 3589; x_wconf 83' lang='grc' dir='ltr'>βουλομένοις</span> <span class='ocrx_word' id='word_1_680' title='bbox 3560 3518 3685 3588; x_wconf 81' lang='grc' dir='ltr'>παρ’</span> 
     </span>
    </p>
   </div>
   <div class='ocr_carea' id='block_1_96' title="bbox 2104 3612 3331 3685">
    <p class='ocr_par' dir='ltr' id='par_1_96' title="bbox 2104 3612 3331 3685">
     <span class='ocr_line' id='line_1_96' title="bbox 2104 3612 3331 3685; baseline 0.002 -20"><span class='ocrx_word' id='word_1_681' title='bbox 2104 3612 2264 3684; x_wconf 77' lang='grc' dir='ltr'>ἡμῶν</span> <span class='ocrx_word' id='word_1_682' title='bbox 2295 3612 2583 3684; x_wconf 75' lang='grc' dir='ltr'>ἐκτεθῆναι</span> <span class='ocrx_word' id='word_1_683' title='bbox 2618 3614 2711 3667; x_wconf 75' lang='grc' dir='ltr'><strong>καὶ</strong></span> <span class='ocrx_word' id='word_1_684' title='bbox 2744 3613 2932 3669; x_wconf 78' lang='grc' dir='ltr'>ἐνθάδε</span> <span class='ocrx_word' id='word_1_685' title='bbox 2963 3612 3331 3685; x_wconf 78' lang='grc' dir='ltr'>περιωρίσθω.</span> 
     </span>
    </p>
   </div>
   <div class='ocr_carea' id='block_1_97' title="bbox 2175 3788 3685 3864">
    <p class='ocr_par' dir='ltr' id='par_1_97' title="bbox 2175 3788 3685 3864">
     <span class='ocr_line' id='line_1_97' title="bbox 2175 3788 3685 3864; baseline -0.003 -17"><span class='ocrx_word' id='word_1_686' title='bbox 2175 3791 2279 3864; x_wconf 84' lang='grc' dir='ltr'><strong>κβ’.</strong></span> <span class='ocrx_word' id='word_1_687' title='bbox 2321 3793 2523 3847; x_wconf 70' lang='grc' dir='ltr'>Λοιπὸν</span> <span class='ocrx_word' id='word_1_688' title='bbox 2554 3794 2648 3847; x_wconf 73' lang='lat' dir='ltr'><strong>xui.</strong></span> <span class='ocrx_word' id='word_1_689' title='bbox 2681 3794 2751 3847; x_wconf 79' lang='grc' dir='ltr'><strong>τὰ</strong></span> <span class='ocrx_word' id='word_1_690' title='bbox 2802 3792 2944 3847; x_wconf 78' lang='grc' dir='ltr'>κατὰ</span> <span class='ocrx_word' id='word_1_691' title='bbox 2981 3792 3079 3864; x_wconf 78' lang='grc' dir='ltr'><strong>τὴν</strong></span> <span class='ocrx_word' id='word_1_692' title='bbox 3110 3791 3400 3864; x_wconf 74' lang='grc' dir='ltr'>ὁμολογίαν</span> <span class='ocrx_word' id='word_1_693' title='bbox 3433 3789 3593 3862; x_wconf 79' lang='grc' dir='ltr'>ὑμῶν</span> <span class='ocrx_word' id='word_1_694' title='bbox 3624 3788 3685 3843; x_wconf 80' lang='grc' dir='ltr'>οὐ</span> 
     </span>
    </p>
   </div>
   <div class='ocr_carea' id='block_1_98' title="bbox 2102 3884 3684 3961">
    <p class='ocr_par' dir='ltr' id='par_1_98' title="bbox 2102 3884 3684 3961">
     <span class='ocr_line' id='line_1_98' title="bbox 2102 3884 3684 3961; baseline 0 -24"><span class='ocrx_word' id='word_1_695' title='bbox 2102 3886 2356 3940; x_wconf 88' lang='grc' dir='ltr'>τοσοῦτον</span> <span class='ocrx_word' id='word_1_696' title='bbox 2413 3888 2478 3940; x_wconf 85' lang='grc' dir='ltr'>ὲκ</span> <span class='ocrx_word' id='word_1_697' title='bbox 2527 3886 2850 3961; x_wconf 82' lang='grc' dir='ltr'>μοχθηρίας,</span> <span class='ocrx_word' id='word_1_698' title='bbox 2888 3888 3012 3941; x_wconf 76' lang='grc' dir='ltr'>ὅσον</span> <span class='ocrx_word' id='word_1_699' title='bbox 3058 3890 3126 3958; x_wconf 82' lang='grc' dir='ltr'>τῇ</span> <span class='ocrx_word' id='word_1_700' title='bbox 3170 3888 3271 3958; x_wconf 77' lang='grc' dir='ltr'>τῆς</span> <span class='ocrx_word' id='word_1_701' title='bbox 3324 3884 3684 3957; x_wconf 77' lang='grc' dir='ltr'>προσλήψεως</span> 
     </span>
    </p>
   </div>
   <div class='ocr_carea' id='block_1_99' title="bbox 2101 3974 3682 4046">
    <p class='ocr_par' dir='ltr' id='par_1_99' title="bbox 2101 3974 3682 4046">
     <span class='ocr_line' id='line_1_99' title="bbox 2101 3974 3682 4046; baseline -0.001 -20"><span class='ocrx_word' id='word_1_702' title='bbox 2101 3975 2378 4045; x_wconf 80' lang='grc' dir='ltr'>τυραννίδι</span> <span class='ocrx_word' id='word_1_703' title='bbox 2407 3976 2763 4046; x_wconf 76' lang='grc' dir='ltr'>ὲσφαλμένως</span> <span class='ocrx_word' id='word_1_704' title='bbox 2796 3977 3064 4046; x_wconf 87' lang='grc' dir='ltr'>νοούμενά</span> <span class='ocrx_word' id='word_1_705' title='bbox 3095 3993 3156 4029; x_wconf 87' lang='grc' dir='ltr'><strong>τε</strong></span> <span class='ocrx_word' id='word_1_706' title='bbox 3187 3975 3281 4029; x_wconf 74' lang='grc' dir='ltr'>καὶ</span> <span class='ocrx_word' id='word_1_707' title='bbox 3305 3974 3682 4044; x_wconf 82' lang='grc' dir='ltr'>φυλαττόμενα</span> 
     </span>
    </p>
   </div>
   <div class='ocr_carea' id='block_1_100' title="bbox 2105 4064 3679 4140">
    <p class='ocr_par' dir='ltr' id='par_1_100' title="bbox 2105 4064 3679 4140">
     <span class='ocr_line' id='line_1_100' title="bbox 2105 4064 3679 4140; baseline 0.001 -20"><span class='ocrx_word' id='word_1_708' title='bbox 2105 4067 2359 4139; x_wconf 81' lang='grc' dir='ltr'>(ὀκνηρὸν</span> <span class='ocrx_word' id='word_1_709' title='bbox 2389 4068 2498 4139; x_wconf 83' lang='grc' dir='ltr'>γὰρ</span> <span class='ocrx_word' id='word_1_710' title='bbox 2531 4071 2706 4122; x_wconf 83' lang='grc' dir='ltr'>εἰπεῖν</span> <span class='ocrx_word' id='word_1_711' title='bbox 2728 4070 2789 4135; x_wconf 71' lang='grc' dir='ltr'><strong>ἐξ</strong></span> <span class='ocrx_word' id='word_1_712' title='bbox 2830 4068 3071 4140; x_wconf 82' lang='grc' dir='ltr'>ἀμαθίας</span> <span class='ocrx_word' id='word_1_713' title='bbox 3098 4087 3158 4122; x_wconf 90' lang='grc' dir='ltr'><strong>τε</strong></span> <span class='ocrx_word' id='word_1_714' title='bbox 3179 4067 3275 4122; x_wconf 74' lang='grc' dir='ltr'>καὶ</span> <span class='ocrx_word' id='word_1_715' title='bbox 3304 4064 3679 4137; x_wconf 79' lang='grc' dir='ltr'>φιλονεικίας),</span> 
     </span>
    </p>
   </div>
   <div class='ocr_carea' id='block_1_101' title="bbox 2103 4160 3682 4233">
    <p class='ocr_par' dir='ltr' id='par_1_101' title="bbox 2103 4160 3682 4233">
     <span class='ocr_line' id='line_1_101' title="bbox 2103 4160 3682 4233; baseline -0.003 -20"><span class='ocrx_word' id='word_1_716' title='bbox 2103 4161 2487 4215; x_wconf 80' lang='grc' dir='ltr'>ἐπισκεπτέον.</span> <span class='ocrx_word' id='word_1_717' title='bbox 2529 4163 2604 4215; x_wconf 81' lang='grc' dir='ltr'><strong>Οὐ</strong></span> <span class='ocrx_word' id='word_1_718' title='bbox 2640 4161 2815 4233; x_wconf 83' lang='grc' dir='ltr'>πάντη</span> <span class='ocrx_word' id='word_1_719' title='bbox 2866 4160 2961 4215; x_wconf 90' lang='grc' dir='ltr'><strong>τοῦ</strong></span> <span class='ocrx_word' id='word_1_720' title='bbox 2994 4161 3156 4232; x_wconf 86' lang='grc' dir='ltr'>ὀρθοῦ</span> <span class='ocrx_word' id='word_1_721' title='bbox 3191 4160 3321 4233; x_wconf 74' lang='grc' dir='ltr'>περὶ</span> <span class='ocrx_word' id='word_1_722' title='bbox 3364 4162 3463 4230; x_wconf 77' lang='grc' dir='ltr'><strong>τὴν</strong></span> <span class='ocrx_word' id='word_1_723' title='bbox 3502 4161 3682 4214; x_wconf 86' lang='grc' dir='ltr'>πίστιν</span> 
     </span>
    </p>
   </div>
   <div class='ocr_carea' id='block_1_102' title="bbox 2102 4250 3680 4323">
    <p class='ocr_par' dir='ltr' id='par_1_102' title="bbox 2102 4250 3680 4323">
     <span class='ocr_line' id='line_1_102' title="bbox 2102 4250 3680 4323; baseline -0.004 -17"><span class='ocrx_word' id='word_1_724' title='bbox 2102 4251 2521 4307; x_wconf 82' lang='grc' dir='ltr'>διαπεπτώκατε</span> <span class='ocrx_word' id='word_1_725' title='bbox 2557 4252 2739 4320; x_wconf 83' lang='grc' dir='ltr'>λόγου,</span> <span class='ocrx_word' id='word_1_726' title='bbox 2776 4252 2893 4305; x_wconf 84' lang='grc' dir='ltr'>ἀλλ’</span> <span class='ocrx_word' id='word_1_727' title='bbox 2938 4252 3032 4305; x_wconf 67' lang='grc' dir='ltr'><strong>ἐπὶ</strong></span> <span class='ocrx_word' id='word_1_728' title='bbox 3063 4252 3289 4323; x_wconf 81' lang='grc' dir='ltr'>μέρους.</span> <span class='ocrx_word' id='word_1_729' title='bbox 3321 4252 3384 4305; x_wconf 76' lang='grc' dir='ltr'><strong>Εἰ</strong></span> <span class='ocrx_word' id='word_1_730' title='bbox 3416 4251 3551 4321; x_wconf 79' lang='grc' dir='ltr'>μήτι</span> <span class='ocrx_word' id='word_1_731' title='bbox 3577 4250 3680 4319; x_wconf 82' lang='grc' dir='ltr'>ἄρα</span> 
     </span>
    </p>
   </div>
   <div class='ocr_carea' id='block_1_103' title="bbox 2102 4320 3679 4414">
    <p class='ocr_par' dir='ltr' id='par_1_103' title="bbox 2102 4320 3679 4414">
     <span class='ocr_line' id='line_1_103' title="bbox 2102 4320 3679 4414; baseline -0.003 -17"><span class='ocrx_word' id='word_1_732' title='bbox 2102 4344 2165 4397; x_wconf 83' lang='grc' dir='ltr'>τὸ</span> <span class='ocrx_word' id='word_1_733' title='bbox 2198 4340 2567 4414; x_wconf 62' lang='grc' dir='ltr'>παροιμιακὸν</span> <span class='ocrx_word' id='word_1_734' title='bbox 2594 4342 2772 4397; x_wconf 83' lang='grc' dir='ltr'>ἐκεῖνό</span> <span class='ocrx_word' id='word_1_735' title='bbox 2799 4360 2883 4406; x_wconf 87' lang='grc' dir='ltr'><strong>τις</strong></span> <span class='ocrx_word' id='word_1_736' title='bbox 2910 4320 3197 4413; x_wconf 73' lang='grc' dir='ltr'>βουληθείη</span> <span class='ocrx_word' id='word_1_737' title='bbox 3227 4343 3356 4412; x_wconf 80' lang='grc' dir='ltr'>ὑμῖν</span> <span class='ocrx_word' id='word_1_738' title='bbox 3402 4320 3679 4411; x_wconf 76' lang='grc' dir='ltr'>ἔπαφῆναι</span> 
     </span>
    </p>
   </div>
   <div class='ocr_carea' id='block_1_104' title="bbox 2107 4430 3679 4506">
    <p class='ocr_par' dir='ltr' id='par_1_104' title="bbox 2107 4430 3679 4506">
     <span class='ocr_line' id='line_1_104' title="bbox 2107 4430 3679 4506; baseline -0.003 -19"><span class='ocrx_word' id='word_1_739' title='bbox 2107 4434 2291 4506; x_wconf 78' lang='grc' dir='ltr'>ῥητὸν,</span> <span class='ocrx_word' id='word_1_740' title='bbox 2338 4434 2422 4487; x_wconf 80' lang='grc' dir='ltr'>ὅτι</span> <span class='ocrx_word' id='word_1_741' title='bbox 2465 4434 2523 4487; x_wconf 84' lang='grc' dir='ltr'><strong>Ὀ</strong></span> <span class='ocrx_word' id='word_1_742' title='bbox 2576 4434 2938 4504; x_wconf 82' lang='grc' dir='ltr'>καταφρονῶν</span> <span class='ocrx_word' id='word_1_743' title='bbox 2984 4432 3045 4485; x_wconf 79' lang='grc' dir='ltr'>τὸ</span> <span class='ocrx_word' id='word_1_744' title='bbox 3097 4432 3292 4504; x_wconf 75' lang='grc' dir='ltr'>μικρὸν</span> <span class='ocrx_word' id='word_1_745' title='bbox 3343 4433 3464 4484; x_wconf 86' lang='grc' dir='ltr'>κατ’</span> <span class='ocrx_word' id='word_1_746' title='bbox 3504 4430 3679 4497; x_wconf 82' lang='grc' dir='ltr'>ὀλίγον</span> 
     </span>
    </p>
   </div>
   <div class='ocr_carea' id='block_1_105' title="bbox 2104 4522 3678 4594">
    <p class='ocr_par' dir='ltr' id='par_1_105' title="bbox 2104 4522 3678 4594">
     <span class='ocr_line' id='line_1_105' title="bbox 2104 4522 3678 4594; baseline -0.005 -13"><span class='ocrx_word' id='word_1_747' title='bbox 2104 4530 2349 4581; x_wconf 82' lang='grc' dir='ltr'>πεσεῖται</span> <span class='ocrx_word' id='word_1_748' title='bbox 2374 4543 2387 4556; x_wconf 84' lang='lat'><strong><em>°</em></strong></span> <span class='ocrx_word' id='word_1_749' title='bbox 2429 4527 2538 4580; x_wconf 80' lang='grc' dir='ltr'><strong>πᾶν</strong></span> <span class='ocrx_word' id='word_1_750' title='bbox 2570 4526 2626 4579; x_wconf 79' lang='grc' dir='ltr'>δὲ</span> <span class='ocrx_word' id='word_1_751' title='bbox 2655 4527 2714 4579; x_wconf 85' lang='grc' dir='ltr'>τὸ</span> <span class='ocrx_word' id='word_1_752' title='bbox 2744 4528 2824 4590; x_wconf 86' lang='grc' dir='ltr'>εἰς</span> <span class='ocrx_word' id='word_1_753' title='bbox 2843 4525 3051 4579; x_wconf 83' lang='grc' dir='ltr'>πτῶσιν</span> <span class='ocrx_word' id='word_1_754' title='bbox 3083 4527 3317 4594; x_wconf 84' lang='grc' dir='ltr'>ἁπάγον,</span> <span class='ocrx_word' id='word_1_755' title='bbox 3344 4524 3439 4578; x_wconf 68' lang='grc' dir='ltr'>καὶ</span> <span class='ocrx_word' id='word_1_756' title='bbox 3472 4522 3678 4577; x_wconf 87' lang='grc' dir='ltr'>πτῶσιν</span> 
     </span>
    </p>
   </div>
   <div class='ocr_carea' id='block_1_106' title="bbox 2101 4615 3675 4689">
    <p class='ocr_par' dir='ltr' id='par_1_106' title="bbox 2101 4615 3675 4689">
     <span class='ocr_line' id='line_1_106' title="bbox 2101 4615 3675 4689; baseline -0.006 -15"><span class='ocrx_word' id='word_1_757' title='bbox 2101 4620 2212 4674; x_wconf 70' lang='grc' dir='ltr'>ἀπὸ</span> <span class='ocrx_word' id='word_1_758' title='bbox 2250 4618 2410 4682; x_wconf 84' lang='grc' dir='ltr'>Θεοῦ,</span> <span class='ocrx_word' id='word_1_759' title='bbox 2450 4618 2641 4689; x_wconf 85' lang='grc' dir='ltr'>μίσους</span> <span class='ocrx_word' id='word_1_760' title='bbox 2695 4620 2789 4671; x_wconf 77' lang='grc' dir='ltr'>καὶ</span> <span class='ocrx_word' id='word_1_761' title='bbox 2833 4619 3184 4689; x_wconf 76' lang='grc' dir='ltr'>ἀποστροφῆς</span> <span class='ocrx_word' id='word_1_762' title='bbox 3216 4616 3386 4681; x_wconf 81' lang='grc' dir='ltr'>ἀξιον.</span> <span class='ocrx_word' id='word_1_763' title='bbox 3431 4616 3545 4688; x_wconf 78' lang='grc' dir='ltr'><strong>Τὴν</strong></span> <span class='ocrx_word' id='word_1_764' title='bbox 3573 4615 3675 4683; x_wconf 75' lang='grc' dir='ltr'>γὰρ</span> 
     </span>
    </p>
   </div>
   <div class='ocr_carea' id='block_1_107' title="bbox 2103 4702 3676 4782">
    <p class='ocr_par' dir='ltr' id='par_1_107' title="bbox 2103 4702 3676 4782">
     <span class='ocr_line' id='line_1_107' title="bbox 2103 4702 3676 4782; baseline -0.006 -17"><span class='ocrx_word' id='word_1_765' title='bbox 2103 4709 2433 4782; x_wconf 78' lang='grc' dir='ltr'>προαιὼνιον</span> <span class='ocrx_word' id='word_1_766' title='bbox 2480 4709 2575 4762; x_wconf 86' lang='grc' dir='ltr'><strong>τοῦ</strong></span> <span class='ocrx_word' id='word_1_767' title='bbox 2628 4709 2759 4763; x_wconf 80' lang='grc' dir='ltr'>Υίοῦ</span> <span class='ocrx_word' id='word_1_768' title='bbox 2792 4710 2887 4764; x_wconf 77' lang='grc' dir='ltr'>καὶ</span> <span class='ocrx_word' id='word_1_769' title='bbox 2933 4710 3108 4778; x_wconf 86' lang='grc' dir='ltr'>Λόγου</span> <span class='ocrx_word' id='word_1_770' title='bbox 3151 4707 3247 4762; x_wconf 86' lang='grc' dir='ltr'><strong>τοῦ</strong></span> <span class='ocrx_word' id='word_1_771' title='bbox 3290 4702 3433 4761; x_wconf 84' lang='grc' dir='ltr'>Θεοῦ</span> <span class='ocrx_word' id='word_1_772' title='bbox 3475 4708 3572 4761; x_wconf 71' lang='grc' dir='ltr'><strong>σὺν</strong></span> <span class='ocrx_word' id='word_1_773' title='bbox 3602 4703 3676 4773; x_wconf 79' lang='grc' dir='ltr'>τῷ</span> 
     </span>
    </p>
   </div>
   <div class='ocr_carea' id='block_1_108' title="bbox 2101 4795 3676 4875">
    <p class='ocr_par' dir='ltr' id='par_1_108' title="bbox 2101 4795 3676 4875">
     <span class='ocr_line' id='line_1_108' title="bbox 2101 4795 3676 4875; baseline -0.006 -15"><span class='ocrx_word' id='word_1_774' title='bbox 2101 4806 2326 4875; x_wconf 84' lang='grc' dir='ltr'>ἀνάρχῳ</span> <span class='ocrx_word' id='word_1_775' title='bbox 2370 4805 2540 4859; x_wconf 81' lang='grc' dir='ltr'>αὑτοῦ</span> <span class='ocrx_word' id='word_1_776' title='bbox 2583 4806 2758 4875; x_wconf 74' lang='grc' dir='ltr'>Πατρὶ</span> <span class='ocrx_word' id='word_1_777' title='bbox 2789 4803 2982 4875; x_wconf 77' lang='grc' dir='ltr'>καὶτῷ</span> <span class='ocrx_word' id='word_1_778' title='bbox 3014 4803 3266 4872; x_wconf 80' lang='grc' dir='ltr'>παναγίῳ</span> <span class='ocrx_word' id='word_1_779' title='bbox 3303 4803 3398 4856; x_wconf 69' lang='grc' dir='ltr'>καὶ</span> <span class='ocrx_word' id='word_1_780' title='bbox 3432 4795 3676 4866; x_wconf 79' lang='grc' dir='ltr'>ζωοποιῷ</span> 
     </span>
    </p>
   </div>
   <div class='ocr_carea' id='block_1_109' title="bbox 2101 4889 3675 4968">
    <p class='ocr_par' dir='ltr' id='par_1_109' title="bbox 2101 4889 3675 4968">
     <span class='ocr_line' id='line_1_109' title="bbox 2101 4889 3675 4968; baseline -0.006 -17"><span class='ocrx_word' id='word_1_781' title='bbox 2101 4898 2268 4951; x_wconf 79' lang='grc' dir='ltr'>αὑτοῦ</span> <span class='ocrx_word' id='word_1_782' title='bbox 2324 4896 2602 4967; x_wconf 85' lang='grc' dir='ltr'>Πνεύματι</span> <span class='ocrx_word' id='word_1_783' title='bbox 2659 4895 2928 4964; x_wconf 71' lang='grc' dir='ltr'>ὓπαρξιν,</span> <span class='ocrx_word' id='word_1_784' title='bbox 2991 4896 3167 4968; x_wconf 83' lang='grc' dir='ltr'>ὀρθῶς</span> <span class='ocrx_word' id='word_1_785' title='bbox 3222 4893 3473 4959; x_wconf 80' lang='grc' dir='ltr'>δοξάζετε</span> <span class='ocrx_word' id='word_1_786' title='bbox 3542 4889 3675 4945; x_wconf 75' lang='grc' dir='ltr'>κατὰ</span> 
     </span>
    </p>
   </div>
   <div class='ocr_carea' id='block_1_110' title="bbox 2099 4985 3673 5059">
    <p class='ocr_par' dir='ltr' id='par_1_110' title="bbox 2099 4985 3673 5059">
     <span class='ocr_line' id='line_1_110' title="bbox 2099 4985 3673 5059; baseline -0.006 -17"><span class='ocrx_word' id='word_1_787' title='bbox 2099 4989 2200 5056; x_wconf 84' lang='grc' dir='ltr'>τὴν</span> <span class='ocrx_word' id='word_1_788' title='bbox 2226 4989 2612 5059; x_wconf 80' lang='grc' dir='ltr'>οίκουμενικὴν</span> <span class='ocrx_word' id='word_1_789' title='bbox 2641 4989 2737 5042; x_wconf 73' lang='grc' dir='ltr'>καὶ</span> <span class='ocrx_word' id='word_1_790' title='bbox 2764 4986 3040 5059; x_wconf 81' lang='grc' dir='ltr'>ὀρθόδοξον</span> <span class='ocrx_word' id='word_1_791' title='bbox 3085 4986 3430 5058; x_wconf 81' lang='grc' dir='ltr'>Ἐκκλησίαν.</span> <span class='ocrx_word' id='word_1_792' title='bbox 3475 4985 3593 5038; x_wconf 81' lang='grc' dir='ltr'>Ἔτι</span> <span class='ocrx_word' id='word_1_793' title='bbox 3613 4995 3673 5049; x_wconf 83' lang='grc' dir='ltr'><strong>γε</strong></span> 
     </span>
    </p>
   </div>
   <div class='ocr_carea' id='block_1_111' title="bbox 2102 5079 3671 5155">
    <p class='ocr_par' dir='ltr' id='par_1_111' title="bbox 2102 5079 3671 5155">
     <span class='ocr_line' id='line_1_111' title="bbox 2102 5079 3671 5155; baseline -0.005 -19"><span class='ocrx_word' id='word_1_794' title='bbox 2102 5083 2212 5155; x_wconf 76' lang='grc' dir='ltr'>μὴν</span> <span class='ocrx_word' id='word_1_795' title='bbox 2240 5084 2332 5138; x_wconf 76' lang='grc' dir='ltr'>καὶ</span> <span class='ocrx_word' id='word_1_796' title='bbox 2368 5083 2470 5155; x_wconf 76' lang='grc' dir='ltr'>τὴν</span> <span class='ocrx_word' id='word_1_797' title='bbox 2508 5082 2723 5153; x_wconf 76' lang='grc' dir='ltr'>εὐδοκία</span> <span class='ocrx_word' id='word_1_798' title='bbox 2756 5084 2849 5136; x_wconf 88' lang='grc' dir='ltr'><strong>τοῦ</strong></span> <span class='ocrx_word' id='word_1_799' title='bbox 2885 5080 3018 5135; x_wconf 87' lang='grc' dir='ltr'>Θεοῦ</span> <span class='ocrx_word' id='word_1_800' title='bbox 3050 5082 3148 5135; x_wconf 76' lang='grc' dir='ltr'>καὶ</span> <span class='ocrx_word' id='word_1_801' title='bbox 3178 5080 3409 5152; x_wconf 81' lang='grc' dir='ltr'>Πατρὸς,</span> <span class='ocrx_word' id='word_1_802' title='bbox 3433 5079 3529 5132; x_wconf 71' lang='grc' dir='ltr'>καὶ</span> <span class='ocrx_word' id='word_1_803' title='bbox 3556 5092 3671 5130; x_wconf 61' lang='grc' dir='ltr'>συντ</span> 
     </span>
    </p>
   </div>
   <div class='ocr_carea' id='block_1_112' title="bbox 2099 5163 3670 5249">
    <p class='ocr_par' dir='ltr' id='par_1_112' title="bbox 2099 5163 3670 5249">
     <span class='ocr_line' id='line_1_112' title="bbox 2099 5163 3670 5249; baseline -0.009 -17"><span class='ocrx_word' id='word_1_804' title='bbox 2099 5176 2263 5249; x_wconf 77' lang='grc' dir='ltr'>εργίᾳ</span> <span class='ocrx_word' id='word_1_805' title='bbox 2338 5176 2433 5229; x_wconf 89' lang='grc' dir='ltr'><strong>τοῦ</strong></span> <span class='ocrx_word' id='word_1_806' title='bbox 2512 5176 2782 5245; x_wconf 83' lang='grc' dir='ltr'>παναγὶου</span> <span class='ocrx_word' id='word_1_807' title='bbox 2845 5175 3160 5246; x_wconf 85' lang='grc' dir='ltr'>Πνεύματος</span> <span class='ocrx_word' id='word_1_808' title='bbox 3212 5172 3519 5242; x_wconf 73' lang='grc' dir='ltr'>’γενομένην</span> <span class='ocrx_word' id='word_1_809' title='bbox 3586 5163 3670 5221; x_wconf 84' lang='grc' dir='ltr'><strong>τοῦ</strong></span> 
     </span>
    </p>
   </div>
   <div class='ocr_carea' id='block_1_113' title="bbox 2097 5263 3671 5341">
    <p class='ocr_par' dir='ltr' id='par_1_113' title="bbox 2097 5263 3671 5341">
     <span class='ocr_line' id='line_1_113' title="bbox 2097 5263 3671 5341; baseline -0.007 -18"><span class='ocrx_word' id='word_1_810' title='bbox 2097 5270 2235 5323; x_wconf 82' lang='grc' dir='ltr'><strong>Θεοῦ</strong></span> <span class='ocrx_word' id='word_1_811' title='bbox 2285 5270 2457 5338; x_wconf 87' lang='grc' dir='ltr'>Λόγου</span> <span class='ocrx_word' id='word_1_812' title='bbox 2514 5270 2572 5322; x_wconf 71' lang='grc' dir='ltr'><strong>ἐν</strong></span> <span class='ocrx_word' id='word_1_813' title='bbox 2622 5272 2688 5341; x_wconf 83' lang='grc' dir='ltr'>τῇ</span> <span class='ocrx_word' id='word_1_814' title='bbox 2744 5269 2942 5338; x_wconf 72' lang='grc' dir='ltr'>γαστρὶ</span> <span class='ocrx_word' id='word_1_815' title='bbox 2996 5268 3094 5337; x_wconf 80' lang='grc' dir='ltr'>τῆς</span> <span class='ocrx_word' id='word_1_816' title='bbox 3162 5263 3521 5336; x_wconf 84' lang='grc' dir='ltr'>ἀειπαρθένου</span> <span class='ocrx_word' id='word_1_817' title='bbox 3584 5276 3671 5313; x_wconf 84' lang='grc' dir='ltr'><strong>και</strong></span> 
     </span>
    </p>
   </div>
   <div class='ocr_carea' id='block_1_114' title="bbox 2098 5356 3670 5431">
    <p class='ocr_par' dir='ltr' id='par_1_114' title="bbox 2098 5356 3670 5431">
     <span class='ocr_line' id='line_1_114' title="bbox 2098 5356 3670 5431; baseline -0.002 -17"><span class='ocrx_word' id='word_1_818' title='bbox 2098 5362 2361 5414; x_wconf 79' lang='grc' dir='ltr'>Θεοτόκου</span> <span class='ocrx_word' id='word_1_819' title='bbox 2404 5362 2659 5431; x_wconf 82' lang='grc' dir='ltr'>Μαρίας,</span> <span class='ocrx_word' id='word_1_820' title='bbox 2709 5360 2921 5430; x_wconf 72' lang='grc' dir='ltr'>οἴκησίν</span> <span class='ocrx_word' id='word_1_821' title='bbox 2988 5376 3048 5410; x_wconf 83' lang='grc' dir='ltr'><strong>τε</strong></span> <span class='ocrx_word' id='word_1_822' title='bbox 3094 5357 3189 5411; x_wconf 76' lang='grc' dir='ltr'><strong>καὶ</strong></span> <span class='ocrx_word' id='word_1_823' title='bbox 3248 5356 3349 5426; x_wconf 77' lang='grc' dir='ltr'>τῆς</span> <span class='ocrx_word' id='word_1_824' title='bbox 3407 5356 3670 5426; x_wconf 78' lang='grc' dir='ltr'>ἡμετέρας</span> 
     </span>
    </p>
   </div>
   <div class='ocr_carea' id='block_1_115' title="bbox 2099 5447 3668 5524">
    <p class='ocr_par' dir='ltr' id='par_1_115' title="bbox 2099 5447 3668 5524">
     <span class='ocr_line' id='line_1_115' title="bbox 2099 5447 3668 5524; baseline -0.008 -17"><span class='ocrx_word' id='word_1_825' title='bbox 2099 5452 2318 5523; x_wconf 73' lang='grc' dir='ltr'>φύσεως</span> <span class='ocrx_word' id='word_1_826' title='bbox 2359 5454 2667 5524; x_wconf 75' lang='grc' dir='ltr'>ἁσύγχυτον</span> <span class='ocrx_word' id='word_1_827' title='bbox 2721 5453 2815 5506; x_wconf 77' lang='grc' dir='ltr'>καὶ</span> <span class='ocrx_word' id='word_1_828' title='bbox 2860 5448 3163 5520; x_wconf 79' lang='grc' dir='ltr'>ἀχώριστον</span> <span class='ocrx_word' id='word_1_829' title='bbox 3204 5449 3419 5512; x_wconf 76' lang='grc' dir='ltr'>ἕνωσιν,</span> <span class='ocrx_word' id='word_1_830' title='bbox 3473 5447 3668 5515; x_wconf 83' lang='grc' dir='ltr'>ἀμετα-</span> 
     </span>
    </p>
   </div>
   <div class='ocr_carea' id='block_1_116' title="bbox 2098 5530 3668 5616">
    <p class='ocr_par' dir='ltr' id='par_1_116' title="bbox 2098 5530 3668 5616">
     <span class='ocr_line' id='line_1_116' title="bbox 2098 5530 3668 5616; baseline -0.008 -18"><span class='ocrx_word' id='word_1_831' title='bbox 2098 5545 2298 5616; x_wconf 74' lang='grc' dir='ltr'>ϐλήτου</span> <span class='ocrx_word' id='word_1_832' title='bbox 2352 5545 2635 5616; x_wconf 83' lang='grc' dir='ltr'>μείναντος</span> <span class='ocrx_word' id='word_1_833' title='bbox 2675 5543 2773 5598; x_wconf 84' lang='grc' dir='ltr'><strong>τοῦ</strong></span> <span class='ocrx_word' id='word_1_834' title='bbox 2812 5542 2946 5596; x_wconf 85' lang='grc' dir='ltr'>Θεοῦ</span> <span class='ocrx_word' id='word_1_835' title='bbox 2995 5543 3169 5611; x_wconf 88' lang='grc' dir='ltr'>Λόγου</span> <span class='ocrx_word' id='word_1_836' title='bbox 3222 5542 3289 5612; x_wconf 80' lang='grc' dir='ltr'>τῇ</span> <span class='ocrx_word' id='word_1_837' title='bbox 3346 5537 3523 5608; x_wconf 76' lang='grc' dir='ltr'>οἰκείᾳ</span> <span class='ocrx_word' id='word_1_838' title='bbox 3577 5530 3668 5602; x_wconf 83' lang='grc' dir='ltr'>φύ-</span> 
     </span>
    </p>
   </div>
   <div class='ocr_carea' id='block_1_117' title="bbox 2100 5625 3668 5706">
    <p class='ocr_par' dir='ltr' id='par_1_117' title="bbox 2100 5625 3668 5706">
     <span class='ocr_line' id='line_1_117' title="bbox 2100 5625 3668 5706; baseline -0.004 -18"><span class='ocrx_word' id='word_1_839' title='bbox 2100 5652 2204 5701; x_wconf 86' lang='grc' dir='ltr'>σει,</span> <span class='ocrx_word' id='word_1_840' title='bbox 2240 5635 2411 5706; x_wconf 71' lang='grc' dir='ltr'>ἧγουν</span> <span class='ocrx_word' id='word_1_841' title='bbox 2464 5634 2710 5705; x_wconf 74' lang='grc' dir='ltr'>θεότητι,</span> <span class='ocrx_word' id='word_1_842' title='bbox 2756 5632 2850 5686; x_wconf 71' lang='grc' dir='ltr'><strong>καὶ</strong></span> <span class='ocrx_word' id='word_1_843' title='bbox 2901 5630 3276 5701; x_wconf 73' lang='grc' dir='ltr'>ἀμεταϐλήτου</span> <span class='ocrx_word' id='word_1_844' title='bbox 3340 5625 3668 5699; x_wconf 79' lang='grc' dir='ltr'>τηρηθείσης</span> 
     </span>
    </p>
   </div>
   <div class='ocr_carea' id='block_1_118' title="bbox 2096 5716 3665 5802">
    <p class='ocr_par' dir='ltr' id='par_1_118' title="bbox 2096 5716 3665 5802">
     <span class='ocr_line' id='line_1_118' title="bbox 2096 5716 3665 5802; baseline -0.01 -17"><span class='ocrx_word' id='word_1_845' title='bbox 2096 5731 2197 5801; x_wconf 78' lang='grc' dir='ltr'>τῆς</span> <span class='ocrx_word' id='word_1_846' title='bbox 2242 5728 2663 5802; x_wconf 78' lang='grc' dir='ltr'>ἀνθρωπότητος</span> <span class='ocrx_word' id='word_1_847' title='bbox 2705 5726 2871 5778; x_wconf 79' lang='grc' dir='ltr'>αὐτοῦ</span> <span class='ocrx_word' id='word_1_848' title='bbox 2900 5766 2915 5790; x_wconf 95' lang='grc'><strong>,</strong></span> <span class='ocrx_word' id='word_1_849' title='bbox 2961 5727 3130 5794; x_wconf 69' lang='grc' dir='ltr'>ἤγουν</span> <span class='ocrx_word' id='word_1_850' title='bbox 3170 5722 3267 5793; x_wconf 79' lang='grc' dir='ltr'>τῆς</span> <span class='ocrx_word' id='word_1_851' title='bbox 3327 5716 3665 5789; x_wconf 64' lang='grc' dir='ltr'>ἀνθρωπίνης</span> 
     </span>
    </p>
   </div>
   <div class='ocr_carea' id='block_1_119' title="bbox 2099 5809 3663 5893">
    <p class='ocr_par' dir='ltr' id='par_1_119' title="bbox 2099 5809 3663 5893">
     <span class='ocr_line' id='line_1_119' title="bbox 2099 5809 3663 5893; baseline -0.008 -17"><span class='ocrx_word' id='word_1_852' title='bbox 2099 5821 2336 5893; x_wconf 86' lang='grc' dir='ltr'>φύσεως,</span> <span class='ocrx_word' id='word_1_853' title='bbox 2377 5826 2552 5877; x_wconf 85' lang='grc' dir='ltr'>πάντα</span> <span class='ocrx_word' id='word_1_854' title='bbox 2594 5817 2842 5888; x_wconf 78' lang='grc' dir='ltr'>ἁψευδῶς</span> <span class='ocrx_word' id='word_1_855' title='bbox 2877 5815 3314 5887; x_wconf 70' lang='grc' dir='ltr'>προϐαλλομένου</span> <span class='ocrx_word' id='word_1_856' title='bbox 3344 5811 3436 5866; x_wconf 87' lang='grc' dir='ltr'><strong>τοῦ</strong></span> <span class='ocrx_word' id='word_1_857' title='bbox 3464 5809 3663 5878; x_wconf 68' lang='grc' dir='ltr'>ἀνθρωδ</span> 
     </span>
    </p>
   </div>
   <div class='ocr_carea' id='block_1_120' title="bbox 2102 5897 3664 5987">
    <p class='ocr_par' dir='ltr' id='par_1_120' title="bbox 2102 5897 3664 5987">
     <span class='ocr_line' id='line_1_120' title="bbox 2102 5897 3664 5987; baseline -0.01 -17"><span class='ocrx_word' id='word_1_858' title='bbox 2102 5916 2258 5971; x_wconf 82' lang='grc' dir='ltr'>πίνου</span> <span class='ocrx_word' id='word_1_859' title='bbox 2284 5915 2423 5987; x_wconf 72' lang='grc' dir='ltr'>πλὴν</span> <span class='ocrx_word' id='word_1_860' title='bbox 2456 5915 2547 5987; x_wconf 76' lang='grc' dir='ltr'>τῆς</span> <span class='ocrx_word' id='word_1_861' title='bbox 2578 5913 2852 5986; x_wconf 70' lang='grc' dir='ltr'>ἁμαρτίας</span> <span class='ocrx_word' id='word_1_862' title='bbox 2881 5910 3069 5982; x_wconf 69' lang='grc' dir='ltr'>μόνης,</span> <span class='ocrx_word' id='word_1_863' title='bbox 3095 5909 3338 5963; x_wconf 78' lang='grc' dir='ltr'>τουτέστι</span> <span class='ocrx_word' id='word_1_864' title='bbox 3370 5905 3543 5976; x_wconf 72' lang='grc' dir='ltr'>σῶμα,</span> <span class='ocrx_word' id='word_1_865' title='bbox 3570 5897 3664 5969; x_wconf 62' lang='lat' dir='ltr'><strong>4m-</strong></span> 
     </span>
    </p>
   </div>
  </div>
