3994 6618
341 493 444 560 661

1197 493 1632 555 REFUTATIO
1671 493 2059 555 EPISTOL/E
2091 495 2321 556 REGIS
2358 495 2754 557 ARMENLE.

3389 521 3400 538 ι
3486 487 3596 553 662

337 612 460 684 χὴν,
488 610 584 666 καὶ
615 609 758 693 νοῦν.
784 609 1003 664 Τούτων
1031 608 1087 663 δὲ
1111 611 1240 679 παρ’
1264 611 1292 664 ὑ
1301 611 1418 682 μῶν
1447 611 1912 682 ὁμολογουμένων,

2030 621 2370 670 monstratur
2405 630 2550 670 unus
2606 622 2662 668 et
2713 613 2856 668 idem
2899 610 3154 667 Christus
3209 605 3351 662 Deus
3390 613 3597 662 noster.

336 703 546 766 τέλειος
596 702 656 756 ὲν
712 702 949 767 θεότητι,
1015 702 1107 755 καὶ
1162 703 1367 766 τέλειος
1417 706 1473 757 έν
1530 704 1913 774 ἀνθρωπότητι

336 796 610 850 δείκνυται
644 789 724 860 εἷς
758 795 854 848 καὶ
890 796 917 848 ὁ
947 795 1110 858 αὐτὸς
1139 793 1215 847 ὣν
1253 795 1489 864 Χριστὸς
1515 798 1542 849 ὁ
1572 795 1703 859 Θεὸς
1733 794 1913 866 ἡμῶν.

339 891 401 942 Εἰ
425 885 518 944 οὖν
538 890 566 942 ὁ
595 887 726 950 Θεὸς
747 887 920 958 Λόγος
943 888 1165 952 ὲνωθεὶς
1189 891 1253 959 τῇ
1278 888 1376 941 ἀνθ
1386 888 1680 961 ρωπότητι,
1706 889 1916 942 τελείαν

339 981 478 1050 ἔχων
504 980 605 1048 τὴν
627 978 878 1042 θεότητα,
911 977 1125 1031 τελείαν
1163 978 1262 1049 τὴν
1301 977 1697 1049 ἁνθρωπὸτητα
1748 976 1915 1031 αὑτοῦ

338 1074 433 1126 καὶ
463 1070 588 1126 καθ’
613 1072 756 1142 ὑμᾶς
788 1071 1071 1140 φυλάττων
1101 1070 1467 1142 ὁμολογεῖται,
1488 1071 1594 1124 τίνι
1629 1070 1772 1142 λόγῳ
1797 1069 1919 1140 οὐχὶ

338 1165 435 1219 καὶ
458 1166 522 1218 ὲκ
553 1164 666 1230 δύο,
693 1164 786 1218 καὶ
804 1165 861 1217 ὲν
898 1163 993 1216 δύο
1023 1163 1242 1233 φύσεσι,
1268 1165 1362 1216 καὶ
1388 1163 1482 1217 δύο
1510 1161 1703 1232 φύσεις
1728 1163 1920 1234 ἔχοντα

339 1253 507 1308 αὐτὸν
538 1255 852 1321 πιστεύετε,
891 1253 1025 1308 ἀλλὰ
1055 1256 1183 1324 μιᾶς
1223 1255 1386 1308 αὑτὸν
1419 1255 1778 1326 ἀναγορεύετε
1819 1254 1920 1323 φύε

342 1365 481 1410 σεως
505 1365 520 1412 ;
547 1348 610 1400 Εἰ
635 1345 727 1400 οὖν
747 1347 950 1400 τέλειον
969 1346 1061 1401 τὸν
1089 1347 1253 1400 αὑτὸν
1284 1348 1341 1401 ὲν
1375 1348 1612 1420 ἑκατέρᾳ
1643 1349 1919 1419 πεφηνότα

340 1435 500 1506 φύσει
534 1437 872 1508 ὁμολογεῖτε,
899 1438 1058 1509 δῆλον
1093 1439 1174 1492 ὅτι
1202 1439 1296 1494 καὶ
1333 1437 1554 1510 ἀριθμῷ
1585 1439 1792 1503 ταύτας
1821 1441 1920 1509 τήν

339 1547 399 1582 τε
423 1529 572 1582 θείαν
599 1529 760 1599 φύσιν
791 1531 934 1600 φημὶ
959 1531 1054 1584 καλ⁸
1082 1529 1181 1602 τὴν
1224 1530 1596 1602 ἀνθρωπίνην,
1629 1531 1706 1601 τῷ
1732 1531 1920 1603 τρόπῳ

339 1623 440 1691 τῆς
473 1621 741 1694 διαφορᾶς
767 1622 1181 1694 ἀριθμουμένας
1215 1623 1682 1689 καθυποσάλλετε,
1721 1625 1816 1678 καὶ
1858 1625 1919 1678 ού

338 1713 417 1785 τῷ
440 1713 709 1785 διορισμῷ
730 1717 830 1784 τῆς
868 1712 1156 1784 ὑπάρξεως
1191 1714 1279 1783 ὑφ’
1309 1715 1467 1787 ἡμῶν
1500 1716 1593 1768 καὶ
1625 1715 1726 1779 τῆς
1761 1716 1921 1783 ἁγίας

340 1805 608 1878 τετάρτης
652 1805 873 1859 συνόδου
910 1805 1090 1873 λέγειν
1133 1805 1426 1878 ὁριζούσης
1456 1806 1631 1871 οὓτως
1663 1809 1755 1860 ἐπὶ
1783 1808 1918 1878 Χρι-

343 1897 471 1952 σ’τοῦ
502 1897 603 1960 τὰς
645 1897 740 1951 δύο
784 1898 978 1966 φύσεις
1014 1897 1428 1968 ὁμολογοῦντες,
1461 1899 1611 1963 ἐντὸς
1654 1900 1752 1968 τῆς
1791 1900 1921 1968 ἀληο

342 1991 494 2054 θείας
521 1992 812 2061 ἑστήκατε.
851 1989 916 2044 Εἰ
943 1990 999 2044 δὲ
1033 1990 1444 2061 ὁμολογοῦντες,
1472 1992 1552 2045 ὅτι
1580 1993 1636 2045 ὲν
1658 1991 1808 2061 αὐτῷ
1840 1991 1918 2064 τῷ

2030 2011 2142 2050 ram
2235 1994 2440 2060 fuisse,
2529 2004 2750 2053 naturas
2843 1996 3144 2050 secundum

342 2085 424 2136 ἑνὶ
451 2081 674 2153 Χριστῷ
696 2083 730 2152 ἦ
761 2099 819 2136 τε
853 2081 970 2136 θεῖα
992 2083 1086 2136 καὶ
1119 2083 1436 2154 ἀνθρωπίνη
1475 2082 1636 2148 φύσις
1674 2084 1732 2137 ἓν
1779 2084 1915 2150 ἐστι,

339 2175 548 2240 ταύτας
577 2176 635 2229 δὲ
669 2176 770 2240 τὰς
815 2177 1007 2245 φύσεις
1042 2177 1183 2231 κατὰ
1237 2177 1299 2231 τὸ
1344 2177 1600 2250 διάφορον
1641 2179 1742 2233 οὐκ
1797 2181 1922 2250 ἀρι-

342 2269 552 2337 θμεῖτε,
586 2269 643 2321 ὲν
662 2268 754 2321 δύο
790 2269 1018 2337 φύσεσιν
1050 2270 1235 2334 αὐτὸν,
1264 2271 1474 2328 καὶδύο
1502 2271 1694 2338 φύσεις
1727 2271 1919 2340 ἔχοντα

339 2361 432 2414 τὸν
473 2359 712 2431 Χριστὸν
734 2360 1008 2429 λέγοντες,
1035 2361 1271 2431 φανεσρὸν
1299 2361 1380 2414 ὅτι
1409 2361 1729 2433 ἀσύμφωνοι
1753 2362 1922 2433 ἀλλήο

340 2451 449 2505 λων
488 2453 633 2516 ἐστὲ,
661 2454 735 2523 πῆ
772 2453 872 2522 μὲν
910 2453 1326 2522 ὁμολογοῦντες,
1359 2454 1438 2524 πῆ
1468 2454 1525 2507 δὲ
1567 2453 1923 2525 ἀπαρνούμε-

339 2560 444 2600 νοι.
478 2544 578 2598 Διά
616 2545 713 2614 μὲν
744 2544 852 2616 γάρ
873 2544 965 2596 τοῦ
993 2545 1067 2614 μὴ
1094 2546 1351 2615 ἀριθμεῖν
1379 2546 1478 2611 τὴν
1507 2546 1791 2618 διαφορὰν,
1825 2547 1924 2609 τὰς

342 2637 540 2706 φύσεις
571 2638 868 2708 ἀναιρεῖτε,
906 2637 993 2691 διὰ
1023 2637 1081 2691 δὲ
1130 2639 1224 2692 τοῦ
1260 2640 1508 2710 ἀναιρεῖν
1559 2640 1658 2702 τὰς
1707 2639 1920 2708 φύσεις,

341 2731 438 2782 καὶ
470 2729 531 2782 τδ
566 2730 872 2800 ἀσύγχυτον
907 2729 1004 2782 καὶ
1027 2730 1086 2783 τὸ
1117 2731 1387 2800 ἄτρεπτον
1413 2731 1550 2801 μετὰ
1576 2731 1675 2801 τὴν
1703 2731 1920 2784 ἕνωσιν·

343 2825 393 2875 εἰ
436 2821 492 2875 δὲ
520 2821 701 2888 τοῦτο,
751 2822 844 2874 καὶ
879 2821 940 2874 τὸ
970 2821 1257 2892 ὁμοούσιον
1313 2821 1390 2892 τῷ
1425 2824 1601 2894 Πατρὶ
1647 2823 1789 2878 κατὰ
1825 2823 1924 2895 τὴν

345 2915 601 2986 θεότητα,
626 2915 734 2968 ’καὶ
761 2917 892 2988 ἡμῖν
919 2916 1060 2969 κατὰ
1094 2915 1192 2983 τὴν
1224 2915 1644 2988 ἀνθρωπότητα.
1689 2917 1746 2970 Ὀ
1775 2917 1830 2971 δὲ
1865 2916 1924 2970 τὸ

345 3004 478 3058 αύτδ
509 3007 763 3075 πρᾶγμα,
795 3006 873 3074 πῆ
907 3006 1006 3076 μὲν
1041 3005 1116 3069 ὡς
1145 3007 1269 3076 ἔχον
1292 3007 1508 3074 φύσεως
1539 3007 1921 3074 ἀπαγγέλλων,

347 3094 428 3164 πῆ
467 3094 527 3147 δὲ
566 3094 643 3159 ᾡς
698 3096 800 3148 οὐκ
857 3095 1070 3148 ἔστιτὸ
1119 3083 1256 3149 ἀὐτὸ
1291 3095 1370 3160 ὡς
1421 3097 1686 3168 πρότερον
1736 3097 1925 3168 εἴρηκε

345 3184 889 3257 διισχυριζόμενος,ἢ
923 3189 1290 3258 παραφρονεῖ,
1316 3187 1350 3258 ἢ
1382 3191 1704 3259 κακουργεῖ,
1730 3182 1805 3242 ὧν
1831 3190 1925 3242 06-

343 3270 568 3342 δέτερον
599 3273 745 3343 ὑμᾶς
773 3275 1048 3346 εὐχόμεθα
1080 3275 1333 3347 πάσχειν.
1365 3277 1438 3331 Τὸ
1463 3277 1562 3348 μὲν
1599 3278 1709 3350 γὰρ
1743 3279 1927 3334 ἄθλιον

349 3361 446 3415 καὶ
476 3363 682 3431 ἐλέους,
717 3365 777 3418 τὸ
807 3365 867 3419 δὲ
899 3367 1175 3432 κολάσεως
1213 3367 1381 3433 ἄξιον.
1416 3370 1477 3423 Ei
1521 3370 1577 3423 δὲ
1608 3371 1718 3425 τῶν
1747 3370 1927 3426 τοιού-

346 3470 458 3507 των
481 3457 638 3518 ὲκτὸς
657 3457 1023 3528 ἐγκλημάτων
1044 3460 1468 3526 οἴεσθεὲαυτοὺς
1489 3465 1930 3535 παριστᾷν,δμο-

350 3547 643 3614 λογοῦντες
666 3549 756 3603 τὸν
786 3550 912 3604 Υίδν
945 3551 1041 3604 τοῦ
1077 3551 1209 3606 Θεοῦ
1241 3553 1385 3606 κατὰ
1428 3553 1658 3626 θεότητα
1699 3556 1842 3627 ἔχειν
1869 3558 1932 3612 τὸ

347 3639 656 3709 ὁμοούσιον,
689 3643 826 3713 πρός
850 3660 910 3696 τε
932 3643 1008 3714 τῷ
1034 3643 1153 3716 Θεῷ
1181 3646 1278 3700 καὶ
1300 3647 1497 3714 Πατρὶ,
1528 3649 1622 3702 καὶ
1641 3651 1772 3719 ἡμῖν
1789 3651 1932 3704 κατά

349 3732 452 3802 τὴν
484 3731 910 3805 ἀνθρωπότητα,
942 3736 1037 3789 καὶ
1066 3736 1354 3809 ἀριθμεῖτε
1383 3739 1631 3810 δηλονότι
1657 3740 1929 3810 λέγοντες,

355 3825 460 3878 Δύο
496 3824 690 3895 φύσεις
712 3827 827 3897 ἔχει
856 3829 884 3880 ὁ
933 3829 1188 3900 Χριστὸς,
1231 3831 1328 3884 καὶ
1371 3831 1429 3882 ὲν
1455 3830 1548 3884 δύο
1577 3832 1795 3900 φύσεσι,
1837 3832 1931 3886 καὶ

348 3917 445 3970 δύο
473 3917 692 3988 φύσεων
711 3913 854 3990 εῖναι
883 3919 1019 3989 μετὰ
1050 3919 1149 3990 τὴν
1173 3920 1367 3974 ἕνωσιν
1393 3923 1452 3974 ὲν
1486 3925 1584 3994 μιᾷ
1610 3923 1928 3988 ὑποστάσει,

351 4008 446 4062 καὶ
481 4009 582 4079 τὴν
605 4011 662 4062 ἐν
687 4010 993 4081 Χαλκηδόνι
1023 4011 1241 4066 σύνοδον
1265 4012 1423 4066 τοῦτο
1451 4014 1786 4069 θεσπίσασαν
1808 4014 1930 4084 μεθ’

353 4101 510 4172 ἡμῶν
542 4100 864 4168 σεϐάζεοθε,
891 4102 987 4156 καὶ
1023 4103 1198 4166 οὕτως
1223 4104 1520 4174 ὁρθοδόξως
1549 4105 1931 4159 πολιτεύεσθαι

351 4194 631 4264 θαρρεῖτε.
651 4195 724 4247 Τὸ
745 4195 801 4248 δὲ
835 4194 1038 4263 λέγειν,
1073 4197 1181 4250 Καὶ
1210 4197 1312 4266 οὐχ
1343 4197 1522 4267 ἁπλῆν
1559 4199 1931 4270 ὁμολογοῦμεν

348 4287 463 4340 τῶν
495 4287 711 4355 φύσεων
731 4287 830 4357 τὴν
858 4288 1073 4352 ἕνωσιν,
1093 4289 1368 4360 θεότητος,
1390 4293 1558 4360 φημὶ,
1588 4293 1684 4345 καὶ
1715 4293 1812 4345 ἀνθ
1823 4310 1928 4364 ρω-

355 4377 612 4446 πότητος,
653 4379 702 4432 εί
735 4379 834 4448 μὲν
874 4379 933 4432 τὸ
967 4380 1222 4433 συντεθὲν
1265 4383 1395 4451 μιᾶς
1430 4383 1806 4449 ὑποστάσεως,
1839 4384 1932 4437 δύο

350 4486 413 4521 τε
451 4469 640 4537 φύσεις
675 4470 821 4540 ἔχειν
857 4472 1075 4543 φαίητε,
1099 4473 1269 4538 ὅντως
1294 4475 1472 4546 ὀρθῶς
1502 4475 1598 4529 καὶ
1629 4477 1766 4547 μετὰ
1786 4477 1932 4548 ιὰλη-

354 4559 505 4623 θείας
521 4561 932 4631 λογισθήσεσθε·
968 4565 1016 4616 εί
1035 4564 1092 4617 δὲ
1107 4565 1167 4618 τὸ
1188 4567 1252 4618 ὲκ
1272 4566 1542 4638 διαφόρων
1566 4567 1780 4635 φύσεων
1805 4572 1932 4639 μιᾶς

2023 704 2081 762 Si
2113 709 2301 778 itaque
2324 707 2467 766 Deus
2533 706 2770 763 Verbum
2817 706 3004 762 unitus
3047 700 3370 759 humanitati
3425 696 3602 768 perie-

2017 809 2158 856 ctam
2200 800 2406 867 habens
2454 801 2732 864 deitatem,
2763 779 3061 870 perfectam
3104 810 3262 852 suam
3286 791 3600 849 humanita-

2024 901 2152 957 tem,
2190 892 2343 948 vobis
2361 893 2465 948 hoc
2488 893 2631 948 idem
2664 907 2773 948 non
2830 889 3226 953 abnuentibus,
3273 897 3592 953 conservat,

2019 1001 2181 1056 quam
2205 986 2274 1040 ob
2303 1001 2523 1048 causam
2546 1001 2612 1041 ex
2645 985 2881 1048 duabus,
2913 993 2966 1040 et
2987 984 3044 1038 in
3079 982 3290 1039 duabus
3353 979 3597 1042 naturis,

2020 1087 2074 1132 et
2135 1076 2274 1133 duas
2325 1093 2450 1132 eum
2509 1086 2732 1133 naturas
2782 1077 2986 1132 habere
3045 1091 3154 1130 non
3199 1072 3446 1139 creditis,
3500 1069 3597 1126 sed

2020 1186 2145 1225 eum
2178 1169 2339 1225 unius
2375 1178 2582 1225 naturae
2615 1178 2824 1224 tantum
2882 1166 3288 1238 pronuntiatis?
3330 1165 3388 1218 Si
3422 1161 3602 1234 perfe-

2023 1273 2169 1318 ctum
2209 1263 2387 1333 ipsum
2421 1263 2475 1317 in
2499 1272 2730 1333 utraque
2787 1262 3105 1332 apparuisse
3151 1268 3346 1314 natura
3375 1256 3603 1312 conﬁte-

2024 1353 2182 1419 mini,
2223 1351 2574 1410 manil‘estum
2602 1362 2708 1420 est,
2735 1368 2834 1408 vos
2855 1353 3094 1417 easdem,
3122 1351 3362 1405 divinam
3393 1347 3603 1404 scilicet

2027 1453 2282 1501 naturam
2343 1455 2397 1502 et
2460 1446 2794 1510 humanam,
2869 1443 3187 1500 diﬂ'erentiae
3237 1442 3448 1497 ratiOne
3501 1455 3603 1493 nu-

2023 1547 2298 1603 meratas,
2370 1554 2602 1594 numero
2666 1537 2968 1608 subjicere,
3032 1544 3088 1590 et
3159 1550 3270 1589 non
3334 1533 3604 1589 exsisten—

2007 1628 2111 1695 _tiaa
2161 1627 2661 1692 determinatione,
2730 1626 2800 1680 ita
2873 1632 3064 1680 sancta
3135 1631 3330 1694 quarta
3399 1619 3606 1692 synodo

2023 1717 2363 1788 injungente.
2419 1715 2510 1772 Sic
2560 1717 2615 1771 in
2670 1717 2887 1773 Christo
2919 1717 3055 1772 duas
3095 1724 3321 1770 naturas
3349 1728 3605 1768 asseren-

2025 1816 2166 1865 tesa
2219 1809 2448 1863 veritate
2481 1823 2588 1863 non
2641 1808 2933 1864 aberratis.
2982 1807 3140 1874 Quod
3186 1806 3232 1863 si
3273 1805 3606 1860 allirmantes

2025 1901 2079 1956 in
2136 1901 2253 1970 ipso
2296 1916 2405 1956 uno
2443 1899 2664 1956 Christo
2720 1901 2961 1956 divinam
3006 1911 3059 1955 et
3105 1900 3397 1955 humanam
3445 1905 3608 1953 natu-

3247 1993 3608 2049 differentiam

2021 2099 2128 2140 non
2184 2083 2509 2146 numeratis,
2559 2083 2613 2136 in
2679 2082 2892 2137 duabus
2937 2085 3171 2150 naturis,
3221 2093 3274 2138 et
3321 2083 3458 2137 duas
3510 2096 3610 2135 na-

2028 2186 2180 2231 turas
2215 2175 2493 2232 Christum
2542 2175 2741 2231 habere
2779 2175 3094 2243 probantes,
3126 2177 3302 2245 palam
3355 2182 3468 2238 est,
3512 2189 3612 2229 vos

2023 2268 2165 2324 inter
2193 2284 2289 2323 vos
2327 2284 2432 2322 non
2481 2267 2792 2332 convenire,
2828 2282 2972 2322 nunc
3006 2268 3224 2337 quidem
3262 2268 3606 2329 conlitentcs,

2023 2374 2172 2414 nunc
2231 2360 2562 2429 abnegantes
2606 2377 2618 2412 :
2656 2375 2720 2413 ex
2767 2375 2832 2414 eo
2877 2359 3022 2412 enim
3060 2360 3203 2429 quod
3251 2358 3616 2436 diﬂ'erentiam

2024 2467 2132 2506 non
2185 2452 2506 2516 numeratis,
2549 2461 2778 2526 naturas
2829 2452 3052 2514 tollitis,
3110 2463 3164 2507 et
3219 2467 3284 2506 ex
3338 2466 3403 2504 eo
3463 2450 3610 2520 quod

2025 2548 2253 2594 naturas
2303 2541 2511 2606 tollitis,
2557 2541 2747 2595 tollitis
2796 2541 2957 2595 etiam
3008 2539 3382 2605 inconfusum,
3414 2550 3466 2595 ct
3509 2541 3614 2593 im-

2026 2632 2290 2687 mutabile
2322 2643 2441 2700 post
2473 2632 2750 2694 unionem,
2785 2643 2835 2688 et
2871 2648 2966 2702 per
2987 2649 3332 2703 consequens
3371 2632 3612 2687 consub-

2025 2724 2279 2779 smntiale
2311 2723 2454 2777 Patri
2491 2724 2790 2778 secundum
2833 2724 3089 2778 deitatem
3110 2765 3125 2789 ,
3161 2734 3214 2779 et
3245 2723 3610 2778 consubstan-

2027 2818 2156 2872 tiale
2188 2817 2344 2871 nobis
2377 2816 2683 2871 secundum
2725 2817 3144 2871 humanitatem.
3177 2818 3280 2884 Qui
3322 2833 3454 2872 vero
3497 2833 3610 2872 rem

2027 2909 2274 2964 eamdem
2320 2923 2463 2961 nunc
2502 2908 2722 2977 quidem
2755 2919 2812 2962 ut
2839 2925 2896 2964 se
2921 2910 3080 2964 habet
3103 2909 3437 2979 pronuntiat,
3468 2924 3614 2964 nunc

2026 3013 2146 3052 eam
2179 3012 2283 3050 non
2313 2996 2385 3049 ita
2417 3010 2474 3049 se
2510 2995 2734 3062 habere,
2765 3005 2823 3050 ut
2850 3005 3010 3050 antea
3049 2997 3282 3060 dixerat,
3309 2997 3611 3062 contendit,

2028 3096 2122 3142 aut
2159 3098 2336 3141 mente
2387 3096 2576 3156 Captus
2607 3095 2711 3148 est,
2753 3097 2844 3139 aut
2884 3087 3154 3142 malitiose
3197 3087 3328 3157 agit,
3377 3101 3610 3154 quorum

2028 3181 2161 3236 nulli
2215 3197 2282 3236 ne
2332 3180 2554 3235 obnoxii
2612 3179 2731 3235 sitis
2762 3179 2934 3234 Deum
2987 3195 3327 3246 exoramus;
3377 3179 3428 3232 id
3465 3179 3612 3232 enim

2032 3273 2288 3328 miserum
2357 3281 2411 3327 ct
2475 3271 2990 3337 commiseratione,
3079 3273 3181 3326 hoc
3255 3271 3616 3341 castigatione

2030 3367 2252 3437 dignum
2285 3373 2390 3420 cst.
2417 3365 2472 3418 Si
2523 3374 2704 3418 autem
2738 3380 2834 3419 vos
2892 3365 2960 3419 ab
3013 3364 3096 3420 his
3136 3355 3623 3419 ’criminationibus.

2031 3458 2614 3528 exemptosjudieatis,
2649 3458 2777 3512 dum
2811 3456 3079 3519 fatemini,
3127 3455 3323 3510 Filium
3383 3455 3476 3510 Dei
3524 3471 3615 3511 se-

2019 3552 2270 3607 cundum
2307 3550 2563 3605 deitatem
2619 3550 2822 3605 habere
2876 3558 3130 3603 naturam
3186 3549 3435 3603 eamdem
3488 3563 3614 3602 cum

2036 3644 2145 3699 Deo
2178 3643 2362 3706 Patre,
2403 3653 2457 3697 et
2501 3642 2787 3696 nobiscum
2847 3642 3150 3696 secundum
3197 3640 3614 3704 humanitatem,

2034 3747 2088 3793 et
2127 3736 2452 3801 numeratis,
2490 3737 2638 3790 verbi
2681 3735 2855 3807 gratia
2903 3736 3166 3799 dicentes,
3211 3735 3355 3789 Duas
3393 3740 3616 3788 naturas

2033 3831 2197 3886 habet
2221 3830 2496 3895 Christus,
2529 3839 2583 3884 et
2626 3828 2680 3882 in
2741 3828 2953 3883 duabus
2996 3825 3228 3890 naturis,
3275 3834 3328 3880 et
3383 3826 3614 3879 duarum

2035 3932 2354 3978 naturarum
2413 3931 2493 3976 est
2536 3930 2659 3992 post
2691 3921 2947 3975 unionem
2990 3919 3044 3973 in
3084 3935 3190 3974 una
3237 3918 3536 3990 hypostasi,
3566 3925 3620 3972 ct

2037 4014 2540 4070 Chalcedoueuscm
2595 4013 2864 4085 synodum
2904 4011 3034 4066 illud
3077 4011 3460 4066 decernentem
3514 4025 3616 4064 no-

2037 4106 2252 4161 biscum
2311 4105 2672 4169 veneramini,
2739 4105 2818 4160 sic
2881 4113 2939 4158 ut
2987 4101 3280 4158 orthodoxi
3317 4103 3403 4171 pie
3452 4101 3616 4154 vitam

2034 4208 2276 4271 agentes,
2300 4199 2440 4252 bono
2468 4198 2590 4252 sitis
2624 4197 2828 4252 animo.
2885 4196 2978 4251 Sic
3029 4196 3229 4258 dicere,
3265 4193 3383 4248 Non
3408 4195 3618 4263 simpli-

2037 4306 2154 4346 cem
2187 4290 2511 4344 couﬁtemur
2535 4299 2856 4344 naturarum
2885 4289 3166 4354 unionem,
3186 4288 3404 4343 deitatis
3427 4303 3620 4354 nempe

2035 4392 2090 4438 et
2145 4382 2521 4446 humanitatis,
2582 4381 2627 4436 si
2686 4382 3046 4451 compositura
3099 4380 3258 4435 unius
3305 4379 3617 4450 hypostasis

2036 4475 2173 4529 duas
2203 4473 2654 4528 uaturashahere
2708 4472 3092 4527 concesseritis
3118 4512 3132 4536 ,
3177 4481 3322 4526 recte
3361 4471 3486 4541 equi
3511 4473 3611 4524 lem

2037 4581 2138 4619 nec
2169 4565 2305 4619 citra
2339 4565 2622 4619 veritatem
2657 4565 2984 4634 opinamini.
3033 4563 3241 4630 Quodsi
3293 4579 3356 4618 ex
3387 4562 3618 4618 diversis

355 4652 615 4708 συνθέτου
645 4656 860 4726 φύσεως
886 4657 1241 4711 ἁποτελεσθὲν
1266 4657 1519 4728 καθάπερ
1536 4660 1620 4712 ἐπ’
1643 4659 1931 4732 ἀνθρώπου

2039 4655 2252 4711 naturis
2289 4655 2452 4710 unius
2493 4656 2810 4725 composita:
2871 4665 3081 4710 natura:
3128 4655 3402 4717 eﬂ'eclutn,
3449 4663 3507 4708 ut
3553 4653 3620 4708 de

353 4745 421 4797 ὲκ
445 4744 621 4816 ψυχῆς
649 4747 742 4800 καὶ
771 4748 1020 4816 σώματος
1046 4748 1142 4818 μία
1160 4749 1323 4817 φύσις
1364 4749 1727 4816 ἀποτελεῖται,
1760 4752 1932 4817 οὕτως

351 4835 690 4906 ὁμολογεῖτε,
723 4840 958 4911 φανερὸν
989 4841 1070 4893 ὅτι
1093 4840 1196 4902 τὰς
1221 4841 1427 4905 οἰκείας
1455 4843 1745 4913 ὁμολογίας
1779 4847 1935 4898 ἀναι-

361 4931 531 4998 ρεῖτε.
557 4931 838 4984 Δέδεικται
872 4931 981 5001 γὰρ
1021 4932 1110 4986 διὰ
1143 4933 1354 4986 πολλῶν
1384 4934 1694 5006 ἔμπροσθεν
1724 4938 1936 5007 ὲπιχει-

359 5023 752 5091 ρημάτων,ιὸτι
783 5024 850 5078 τὰ
890 5025 1212 5095 ἀσυγχύτως
1247 5027 1625 5097 συντιθέμενα,
1663 5031 1756 5082 καὶ
1807 5031 1936 5098 μίαν

357 5114 525 5184 φύσιν
564 5117 951 5179 ἀποτελούντα,
997 5120 1133 5189 μήτε
1169 5119 1307 5172 αύτά
1340 5120 1476 5190 πρὸς
1513 5121 1579 5174 τὰ
1609 5121 1668 5182 ἐξ
1698 5115 1773 5175 ὦν
1809 5140 1935 5175 συν-

357 5205 520 5278 ετέθη
578 5209 946 5282 ὁμοούσια,ἢ
994 5211 1211 5282 ὁμοφυῆ
1273 5209 1436 5279 εἶναι,
1500 5214 1637 5283 ἢτὰ
1677 5215 1781 5268 ὑπὸ
1836 5215 1936 5294 τῇς

359 5298 670 5368 κοινότητος
720 5301 900 5354 αὐτῶν
929 5302 1244 5373 ἀναγόμενα
1268 5303 1466 5374 ἄτομα.
1505 5305 1568 5357 Et
1599 5305 1656 5358 δὲ
1709 5295 1940 5369 τοῦτο,’ὁ

358 5390 596 5458 Χριστὸς
630 5392 730 5463 οὐχ
780 5393 1065 5461 ὁμοούσιος
1091 5395 1170 5466 τῷ
1198 5394 1316 5466 Θεῷ
1351 5395 1446 5448 καὶ
1472 5397 1646 5468 Πατρῖ
1675 5398 1815 5451 κατὰ
1839 5399 1938 5469 τὴν

362 5481 617 5551 θεότητα,
643 5485 740 5538 καὶ
768 5487 902 5556 ἡμῖν
954 5487 1094 5540 κατὰ
1121 5487 1222 5560 τὴν
1252 5487 1670 5558 ἀνθρωπότητα.
1702 5490 1765 5544 Εἰ
1799 5489 1855 5543 δὲ
1879 5490 1938 5543 τὸ

357 5573 645 5641 ὁμοούσιον
680 5576 776 5628 καὶ
805 5579 863 5628 ὲν
893 5579 958 5646 τῇ
997 5576 1186 5631 ὲνὼσει
1237 5577 1491 5649 βούλεσθε
1535 5579 1843 5646 διασώζειν,
1879 5581 1938 5634 τὸ

359 5664 607 5731 δοξάζειν
654 5668 784 5739 μίαν
820 5668 983 5736 φύσιν
1016 5670 1106 5723 ἐπὶ
1144 5671 1385 5740 Χριστοῦ
1428 5671 1487 5736 ἐξ
1517 5672 1670 5742 ὑμῶν
1705 5673 1936 5746 ἀπορρί·

352 5757 522 5824 -ψατε,
559 5759 670 5812 Καὶ
692 5759 866 5814 ταῦτα
902 5761 998 5831 μὲν
1028 5762 1095 5815 τὰ
1123 5763 1362 5833 ἑπόμενα
1391 5764 1565 5818 ἄτοπα
1595 5765 1657 5818 ἐκ
1677 5763 1786 5819 τῶν
1810 5768 1938 5835 παρ’

359 5845 495 5916 ὑμῖν
528 5849 978 5924 ὁμολογουμένων
1031 5851 1123 5905 ἐπὶ
1183 5853 1283 5922 τῆς
1335 5852 1427 5906 τοῦ
1481 5851 1609 5905 Υἱοῦ
1656 5853 1748 5906 τοῦ
1802 5851 1938 5905 Θεοῦ

368 5940 738 6008 συμϐαίνοντα
797 5944 1286 6016 ἐνανθρωπήσεως,
1337 5945 1424 6000 διὰ
1471 5945 1529 5999 τὸ
1587 5945 1660 6017 μὴ
1707 5945 1942 6001 ἔπεσθαι

2039 4750 2269 4803 nomine
2299 4764 2365 4802 ex
2397 4749 2580 4802 anima
2620 4757 2674 4803 et
2722 4764 2954 4817 corpore
3005 4765 3110 4802 una
3137 4758 3334 4802 natura
3366 4747 3615 4810 eﬂicitur,

2040 4841 2141 4895 hac
2174 4841 2385 4896 ratione
2411 4839 2764 4912 profitemini,
2794 4839 3141 4893 manifestum
3162 4849 3263 4904 est,
3283 4855 3381 4893 vos
3410 4848 3618 4893 vestras

2038 4933 2413 4988 confessiones
2483 4933 2803 4987 destruere:
2835 4941 2991 4984 antea
3059 4931 3202 4984 enim
3239 4929 3424 4984 multis
3458 4944 3619 4998 argu-

2037 5025 2467 5081 mentationibus
2490 5025 2926 5079 demonstratum
2963 5032 3066 5086 est,
3090 5039 3149 5077 ea
3187 5037 3308 5092 quae
3334 5020 3618 5076 inconfusc

2038 5119 2304 5173 uniuntur
2333 5126 2386 5172 et
2433 5132 2596 5170 unam
2633 5125 2883 5170 naturam
2903 5115 3162 5179 eliiciunt,
3198 5130 3303 5168 non
3337 5128 3457 5168 esse
3491 5128 3616 5170 cum

2038 5210 2168 5276 illis,
2224 5225 2290 5264 ex
2349 5209 2549 5278 quibus
2583 5207 2884 5277 composita
2944 5215 3094 5269 sunt,
3149 5221 3324 5274 neque
3369 5205 3614 5276 ejusdem

2039 5302 2324 5368 essentiae,
2367 5315 2542 5370 neque
2598 5300 2842 5371 ejusdem
2902 5307 3136 5362 naturae,
3193 5306 3288 5352 aut
3345 5313 3467 5368 qua:
3514 5299 3618 5354 sub

2042 5395 2393 5450 universitate
2420 5409 2606 5448 eorum
2661 5391 2973 5446 referuntur
3005 5390 3303 5445 individua.
3330 5391 3388 5446 Id
3427 5391 3472 5446 si
3509 5391 3613 5456 c"st,

2039 5482 2295 5538 Christus
2357 5497 2464 5536 non
2521 5482 2622 5536 erit
2678 5481 3163 5536 consubstantialis
3204 5482 3313 5536 Deo
3378 5491 3433 5536 et
3470 5479 3616 5535 Patri

2045 5575 2345 5630 secundum
2382 5573 2660 5639 deitatem,
2695 5583 2748 5628 et
2782 5574 2940 5630 nobis
2981 5573 3280 5629 secundum
3303 5575 3618 5629 humanita-

2045 5678 2173 5724 tem.
2211 5667 2364 5734 Quod
2391 5668 2436 5722 si
2469 5668 2933 5722 consubstantialc
2964 5667 3127 5722 etiam
3179 5668 3232 5721 in
3260 5669 3460 5723 unione
3490 5685 3619 5724 con-

2047 5775 2264 5816 servare
2289 5759 2642 5829 prretemlitis,
2695 5775 2859 5813 unam
2912 5760 2964 5812 in
3001 5758 3222 5814 Christo
3253 5770 3503 5814 naturam
3539 5770 3618 5814 te-

2046 5869 2194 5918 nere,
2255 5870 2283 5908 a
2331 5853 2484 5909 vobis
2543 5855 2781 5922 abjicite.
2837 5854 2901 5908 Et
2943 5853 3058 5908 hac
3113 5853 3332 5924 quidem
3383 5851 3619 5907 absurda

2043 5957 2457 6018 consequuntur
2484 5964 2551 6003 ex
2608 5946 2696 6016 iis,
2756 5963 2876 6018 qua:
2927 5962 2958 6002 a
2991 5947 3140 6003 vobis
3185 5954 3507 6003 astruuntur
3553 5942 3620 5996 de
