3994 6638
399 522 507 586 (363

1672 524 1722 587 N
1730 525 1967 587 ICET/E
2006 526 2184 588 ΒΥΖΑ
2192 530 2375 592 NTIN
2384 531 2410 591 Ι

3570 532 3674 600 664

402 641 524 697 Filii
584 642 673 697 Dei
729 641 1131 710 incarnatione,
1187 645 1335 715 quod
1388 660 1487 701 vos
1536 659 1645 701 non
1700 647 1997 717 sequimini

2107 654 2251 725 ὑμᾶς
2278 655 2345 723 τῇ
2367 652 2502 725 ὀρθῇ
2537 652 2635 721 τῆς
2667 651 2775 706 τῶν
2804 651 3156 737 Χριστιανῶν
3202 650 3441 716 πίστεως
3465 651 3679 709 ἐκθέσει

402 746 607 791 rectam
642 737 969 794 Christiana:
1012 739 1132 793 ﬁdei
1174 739 1521 795 traditionem
1556 755 1587 795 a
1639 740 1985 796 sanctissima

402 842 457 885 et
480 832 819 886 meumenica
850 832 1281 889 Cbalcedouensi
1320 832 1531 905 synodo
1553 834 1853 915 .traditam.
1913 832 1990 887 Ex

401 940 469 977 eo
500 940 663 993 porro
688 925 832 997 quod
866 940 963 980 vos
996 926 1142 981 illius
1190 942 1321 981 sana
1362 926 1743 996 exquisitaque
1770 926 1990 981 decreta

404 1018 728 1087 improbatis
780 1018 1165 1083 inverecunde,
1200 1019 1311 1074 imo
1344 1020 1511 1076 stulte
1541 1020 1870 1090 intelligitis,
1901 1036 1990 1075 er-

403 1111 648 1179 ratisque
680 1110 821 1165 circa
843 1126 1058 1180 ea,qn:e
1085 1112 1152 1166 de
1172 1113 1550 1170 incarnatione
1573 1113 1837 1185 unigeniti
1867 1112 1987 1167 Filii

402 1202 497 1257 Dei
536 1215 587 1257 et
606 1204 820 1258 Domini
845 1205 1016 1261 nostri
1040 1204 1168 1261 Jesu
1192 1205 1396 1261 Christi
1415 1205 1817 1268 dicuntumhzec
1836 1213 1986 1259 sunt.

470 1297 559 1351 23.
605 1294 922 1353 Concursus
970 1307 1153 1353 autem
1212 1299 1506 1355 dictionem
1567 1297 1807 1369 vulgaris
1861 1296 1992 1352 futi-

399 1388 577 1458 lisque
604 1391 899 1460 plebecula:
931 1407 1062 1447 usus
1104 1390 1171 1447 de
1219 1391 1453 1457 duobus,
1486 1400 1579 1447 aut
1619 1391 1868 1463 pluribus
1899 1391 1993 1445 de-

400 1485 765 1551 certantibus,
793 1494 888 1539 aut
918 1500 1082 1555 equo,
1118 1486 1462 1557 pedibusque
1483 1486 1550 1542 de
1575 1502 1739 1542 cursu
1766 1494 1991 1541 conten—

403 1579 663 1635 dentibus
697 1579 919 1646 accipit,
952 1589 1008 1634 at
1038 1580 1369 1650 sapientium
1399 1581 1637 1635 virorum
1689 1589 1992 1650 conceptus

402 1691 513 1729 non
544 1674 649 1729 hoc
680 1674 1062 1729 tantummodo
1124 1683 1316 1729 notare
1348 1689 1678 1730 concursum
1727 1674 1861 1740 vult,
1896 1672 1991 1729 sed

401 1777 458 1823 et
484 1768 743 1832 duarum,
795 1774 890 1823 aut
937 1767 1175 1837 plurium
1213 1782 1392 1821 rerum
1436 1767 1664 1823 celerem
1695 1782 1759 1822 ac
1786 1766 1993 1822 subita—

401 1878 561 1917 ncam
589 1862 641 1915 in
684 1861 825 1917 idem
869 1862 1077 1931 absque
1123 1860 1234 1914 ullo
1271 1860 1535 1930 temporis
1576 1858 1862 1914 intervallo
1888 1867 1993 1914 ter-

401 1954 783 2017 minationem,
840 1953 1301 2023 quemadmodum
1340 1953 1394 2007 in
1447 1952 1746 2023 paralytico
1786 1950 1989 2006 factum

405 2047 731 2119 agnovimus
772 2064 785 2099 :
820 2048 1003 2102 statim
1072 2045 1216 2101 enim
1261 2055 1425 2116 atque
1477 2034 1615 2100 dixit
1676 2043 1987 2099 Dominus:

404 2140 596 2211 Surge,
629 2149 678 2194 et
710 2140 949 2204 ambula,
983 2137 1193 2203 Subito,
1237 2139 1315 2193 ait
1363 2136 1720 2207 evangelista,
1755 2134 1989 2189 surrexit

401 2247 452 2289 et
480 2233 791 2288 ambulabat
826 2234 889 2286 ³⁸.
923 2231 1208 2287 Pernicem
1259 2232 1444 2302 itaque
1481 2228 1745 2284 Dominici
1778 2226 1995 2296 imperii

402 2328 806 2384 absolutionem
847 2343 974 2382 cum
1024 2324 1308 2397 paralytici
1362 2324 1598 2379 sanitate
1661 2337 1991 2379 concursum

403 2423 690 2494 sapientes
748 2429 1106 2490 nuncupant;
1158 2419 1320 2473 simul
1365 2418 1510 2471 enim
1548 2432 1671 2470 cum
1712 2414 1997 2470 Dominica

399 2515 652 2585 iussione
712 2511 957 2569 hominis
1011 2511 1220 2566 sanitas
1255 2508 1523 2564 cucurrit.
1568 2506 1835 2563 Similiter
1856 2514 1911 2561 et
1941 2506 1995 2561 in

404 2625 567 2664 socro
598 2606 767 2674 Petri,
822 2615 877 2661 et
919 2605 1088 2661 maris
1140 2602 1539 2673 increpatione,
1585 2609 1641 2656 et
1702 2598 1997 2656 similibus.

404 2699 599 2752 Patres
643 2697 831 2766 itaque
855 2696 1089 2750 duarum
1140 2705 1461 2748 naturarum
1494 2692 1546 2745 in
1581 2690 1770 2745 eodem
1803 2699 1856 2744 et
1889 2703 2000 2745 uno

406 2790 631 2845 Christo
658 2788 890 2843 Domino
921 2795 1113 2842 nostro
1133 2798 1468 2839 concursum
1502 2789 1841 2846 astruentes,
1862 2778 2001 2833 nihil

408 2880 556 2935 aliud
602 2880 831 2934 innuere
866 2877 1145 2939 videntur,
1203 2889 1368 2943 quam
1421 2872 1560 2927 citra
1598 2871 1768 2927 ullam
1806 2886 2003 2942 exspe-

407 2974 730 3038 ctationem,
762 2983 815 3028 et
844 2972 1050 3042 absque
1078 2969 1188 3024 ullo
1219 2966 1479 3038 temporis
1507 2964 1814 3031 intervallo,
1840 2963 2005 3020 simul

406 3078 572 3138 atque
615 3063 985 3120 Excrlsissimi
1015 3063 1191 3117 virtus
1248 3075 1466 3130 semper
1504 3056 1715 3129 Virgini
1758 3055 2006 3128 Deiparae

408 3159 780 3224 obumbravit,
816 3158 1048 3213 duarum
1078 3164 1402 3210 naturarum
1436 3153 1697 3209 unionem
1734 3151 2003 3207 effecisse.

408 3254 524 3307 Vos
540 3270 667 3309 vero
702 3253 1003 3309 secumlum
1032 3251 1269 3322 priorem
1307 3248 1675 3320 signiﬁcatum
1703 3259 2009 3302 concursus

2095 749 2249 820 παρὰ
2274 748 2375 819 τῆς
2405 747 2715 817 ἁγιωτάτης
2742 747 2835 800 καὶ
2865 747 3256 817 οἰκουμενικῆς
3285 749 3343 801 ὲν
3370 746 3679 819 Χαλκηδόνι

2092 842 2362 915 τετάρτης
2404 841 2649 895 συνόδου.
2699 843 2765 894 Ἀ
2792 842 2849 893 δὲ
2893 840 2959 894 δι’
2998 841 3132 895 αὑτὸ
3168 840 3324 894 τοῦτο
3373 840 3435 894 τὸ
3471 841 3682 895 ἀθετεῖν

2095 936 2242 1007 ὑμᾶς
2262 936 2339 1022 ,τᾲ
2363 937 2566 1007 ἀκριὸῆ
2603 934 2808 1007 ταύτης
2829 935 3076 1006 δόγματα
3108 935 3362 1001 ἀναιδῶς,
3397 935 3597 1007 μᾶλλον
3625 935 3681 989 δὲ

2094 1027 2325 1098 ἀμαθῶς
2359 1029 2552 1095 νοεῖτε,
2586 1029 2679 1082 καὶ
2725 1028 3071 1098 ἁμαρτάνετε
3117 1029 3248 1099 περ)⁸
3294 1028 3363 1081 τὰ
3416 1028 3684 1098 λεγόμενα

2096 1122 2191 1175 ἐπὶ
2227 1125 2293 1193 τῇ
2325 1121 2741 1193 ἐνανθρωπήσει
2760 1120 2855 1173 τοῦ
2886 1119 3210 1191 μονογενοῦς
3242 1118 3376 1174 Υίοῦ
3399 1118 3494 1173 τοῦ
3523 1117 3680 1186 Θεοῦ,

2096 1213 2308 1284 Κυρίου
2339 1212 2397 1266 δὲ
2430 1202 2586 1283 ἡμῶν
2630 1211 2806 1282 Ἰησοῦ
2841 1209 3081 1282 Χριστοῦ
3104 1210 3277 1265 ταῦτά
3309 1213 3448 1265 ἐστι.

2169 1306 2276 1376 κγ’.
2324 1306 2437 1377 Τὴν
2488 1306 2544 1359 δὲ
2592 1304 2893 1375 λεγομένην
2947 1304 3274 1375 συνδρομὴν,
3325 1304 3359 1374 ἡ
3429 1302 3527 1375 μὲν
3588 1302 3684 1358 τοῦ

2099 1399 2295 1455 πολλοῦ
2332 1399 2427 1454 καὶ
2474 1398 2825 1470 ἀγυρτώδους
2855 1395 2987 1451 λαοῦ
3020 1398 3240 1468 χρῆσις,
3269 1394 3363 1449 ὲπί
3393 1414 3554 1450 τινων
3592 1395 3685 1451 δύο

2096 1495 2130 1566 ἤ
2196 1495 2292 1549 καὶ
2348 1493 2611 1548 πλειόνων
2673 1491 3069 1564 ἁμιλλωμένων
3102 1532 3117 1557 ,
3173 1489 3565 1560 ἱππαζομένων
3626 1506 3686 1543 τε

2094 1589 2191 1642 καὶ
2234 1587 2373 1660 πεζῇ
2399 1588 2489 1642 τὸν
2515 1587 2713 1659 δρόμον
2739 1585 3069 1652 ὲξανυόντων
3103 1583 3543 1657 παραλαμϐάνει·
3571 1586 3603 1654 ὴ
3628 1582 3686 1637 δὲ

2096 1680 2206 1735 τῶν
2240 1680 2420 1751 σοφῶν
2447 1679 2654 1753 ἀνδρῶν
2686 1678 2912 1745 διάνοια,
2943 1678 3004 1732 οὑ
3049 1676 3209 1732 τοῦτο
3262 1676 3423 1747 μόνον
3481 1675 3685 1747 σημαί-

2096 1793 2211 1830 νειν
2264 1774 2364 1844 τὴν
2422 1772 2730 1846 συνδρομὴν
2786 1770 3059 1842 βούλεται,
3110 1769 3248 1824 ἀλλὰ
3304 1770 3400 1824 καὶ
3443 1770 3543 1840 τὴν
3594 1767 3687 1823 δύο

2096 1870 2264 1927 τινῶν
2289 1870 2321 1941 ἢ
2347 1869 2441 1924 καὶ
2480 1868 2744 1923 πλειόνων
2778 1867 3122 1938 πραγμάτων
3147 1866 3327 1931 ὀξεῖαν
3377 1864 3473 1919 καὶ
3507 1864 3684 1936 ἀκαρῆ

2096 1966 2176 2029 είς
2196 1963 2365 2019 ταυτὸ
2418 1961 2730 2035 περάτωσιν
2760 1961 2961 2025 παντὸς
3005 1959 3258 2033 χρονικοῦ
3309 1960 3680 2031 διαστήματος

2097 2056 2249 2117 ἄνευ,
2274 2056 2349 2118 ὡς
2373 2054 2467 2108 ἐπὶ
2491 2054 2585 2107 τοῦ
2605 2050 2981 2124 παραλυτικοῦ
3002 2050 3161 2105 τοῦτο
3174 2048 3397 2118 γεγονὸς
3417 2048 3684 2116 ἔγνωμεν.

2098 2151 2251 2222 ’Ἅμα
2279 2149 2389 2221 γὰρ
2438 2148 2544 2219 ἔφη
2571 2149 2600 2202 ὁ
2647 2147 2874 2219 Κύριος,
2907 2146 3167 2216 Ἕγειραι
3207 2146 3306 2199 καὶ
3346 2142 3688 2212 περιπάτει,

2099 2243 2358 2310 Εὐθέως,
2397 2242 2561 2313 φησὶν
2603 2237 3092 2309 ὁέὑαγγελιστὴς,
3131 2238 3361 2305 ἀνέστη
3429 2236 3529 2289 καὶ
3582 2253 3688 2290 πε-

2093 2336 2384 2406 ριεπάτει.
2415 2334 2528 2406 Τὴν
2567 2329 2662 2388 οὖν
2691 2333 2873 2397 ὀξεῖαν
2912 2331 3013 2401 τῆς
3064 2328 3414 2402 προστάξεως
3453 2329 3545 2382 τοῦ
3577 2330 3688 2382 Κυ-·

2102 2431 2221 2504 ρίου
2276 2429 2559 2500 πλήρωσιν
2622 2424 2761 2497 μετὰ
2807 2424 2907 2494 τῆς
2957 2420 3051 2476 τοῦ
3105 2421 3421 2493 παραλύτου
3479 2420 3688 2489 ὑγείας,

2103 2522 2408 2595 συνδρομὴν
2461 2521 2511 2574 οί
2565 2518 2722 2589 σοφοὶ
2778 2515 3025 2585 λέγουσι.
3087 2514 3399 2585 Συνέδραμε
3458 2512 3567 2583 γὰρ
3622 2514 3687 2583 τῇ

2103 2616 2409 2686 Δεσποτικῇ
2469 2611 2719 2668 κελεύσει
2766 2610 2864 2663 καὶ
2905 2610 2939 2669 ἡ
3002 2606 3097 2660 τοῦ
3150 2604 3443 2678 ἀνθρώπου
3508 2605 3688 2672 ὑγεία.

2115 2708 2350 2781 Ὁμοίως
2378 2707 2473 2762 καὶ
2502 2706 2595 2760 ιπι
2628 2705 2730 2776 τῆς
2762 2703 2859 2757 τοῦ
2890 2701 3100 2772 Πέτρου
3126 2698 3418 2771 πενθερᾶςο
3469 2698 3563 2750 καὶ
3592 2697 3689 2765 τῆς

2106 2803 2478 2873 ἐπιτιμήσεως
2530 2799 2632 2869 τῆς
2680 2797 2978 2864 θαλάσσης,
3022 2795 3118 2849 καὶ
3161 2792 3269 2847 τῶν
3316 2790 3596 2845 τοιούτων.
3626 2790 3688 2845 Οί

2106 2893 2199 2953 οῦν
2234 2896 2474 2967 Πατέρες
2511 2891 2815 2965 συνδρομὴν
2840 2891 3089 2960 λέγοντες
3128 2888 3239 2942 τῶν
3269 2887 3363 2941 δύο
3392 2886 3607 2955 φύσεων
3636 2887 3692 2937 ὲν

2106 2993 2187 3065 τῷ
2228 2991 2379 3061 αὑτῷ
2428 2990 2523 3045 καὶ
2567 2989 2649 3043 ἑνὶ
2703 2985 2930 3057 Χριστῷ
2958 2983 3038 3057 τῷ
3072 2982 3263 3055 Κυρίῳ
3328 2980 3509 3052 ἡμῶν.
3540 2979 3692 3034 οὑδὲν

2107 3088 2239 3143 ἄλλο
2270 3083 2465 3157 δηλοῦν
2498 3082 2803 3153 φαίνονται,
2835 3078 2868 3151 ἦ
2899 3079 2981 3133 ὅτι
3015 3077 3197 3146 πάσης
3226 3076 3511 3146 ἁναμονῆς
3530 3073 3688 3136 me;

2109 3178 2204 3231 καὶ
2243 3174 2443 3240 παντὸς
2473 3170 2728 3245 χρονικοῦ
2760 3168 3129 3239 διαστήματος
3160 3166 3277 3238 ἅμα
3302 3164 3631 3219 ἐπεσκίασεν
3658 3163 3691 3234 ἡ

2110 3270 2206 3326 τοῦ
2238 3268 2495 3338 Ὑψίστου
2529 3266 2760 3336 δύναμις
2787 3266 2854 3336 τῇ
2895 3259 3270 3333 Ἀειπαρθένῳ
3303 3257 3573 3327 θεοτόκῳ,
3599 3255 3695 3325 τὴν

409 3349 607 3403 divinae
665 3363 789 3402 rum
833 3348 1071 3400 humana
1113 3353 1311 3397 natura
1358 3342 1615 3396 unionem
1650 3339 2000 3409 accipientesl

2112 3362 2219 3417 τῶν
2249 3360 2343 3415 δύο
2374 3357 2799 3430 φύσεωνὲνωσιν
2821 3353 3217 3426 ἀπειργάσατο.
3246 3350 3436 3422 Ὑμεῖς
3465 3349 3522 3403 δὲ
3556 3347 3695 3402 κατὰ

411 3441 641 3496 divisam
674 3448 727 3492 et
781 3437 1008 3507 propria
1053 3433 1337 3508 bypostasi
1380 3432 1769 3489 subsistentem
1797 3438 2008 3485 utram-

412 3552 521 3609 que
578 3535 874 3589 essentiam
946 3532 1136 3586 Patres
1201 3528 1510 3585 asseruisse
1555 3524 2006 3582 calumniamini:

411 3605 769 3697 vestramque
822 3624 1222 3697 ignorationem
1292 3605 1521 3677 Patrum
1603 3618 2007 3689 blasphemiam

412 3722 543 3785 rati,
595 3720 754 3790 longe
806 3734 836 3773 a
885 3717 1137 3782 veritate,
1174 3724 1248 3781 et,
1299 3714 1445 3786 quod
1493 3712 1636 3769 idem
1677 3720 1784 3776 est,
1832 3710 2011 3766 salute

414 3814 736 3873 abcrrastis.
813 3813 1003 3868 Edocti
1059 3810 1244 3881 itaque
1300 3818 1355 3865 et
1416 3808 1650 3878 hujusce
1704 3819 2011 3861 concursus

413 3906 808 3981 signiﬁcatum,
840 3914 894 3961 et
925 3919 1084 3960 usum
1118 3903 1173 3957 in
1214 3900 1337 3956 Filii
1373 3898 1467 3954 Dei
1518 3895 1921 3959 incarnatione,
1942 3909 2010 3949 ex

414 4019 476 4058 ea
513 4016 636 4071 quae
684 4000 753 4053 ab
774 3997 1117 4070 ignoratione
1144 3995 1320 4050 oritur
1343 3990 1727 4048 maledicentia
1747 3986 2007 4051 reccdite,

414 4107 474 4155 et
500 4099 555 4153 in
588 4105 837 4153 exactam
871 4094 1104 4148 duarum
1138 4099 1461 4145 naturarum
1496 4086 1550 4141 in
1592 4083 1812 4140 Christo
1849 4079 2012 4136 unio-

414 4206 567 4255 nem,
598 4202 765 4260 quam
802 4201 903 4241 nos
932 4193 1172 4246 tuemur,
1218 4178 1521 4251 confugite.
1565 4174 1815 4244 Namque
1848 4188 1915 4229 ex
1943 4185 2009 4227 eo

415 4280 828 4353 consequemini
866 4278 1103 4348 primum
1154 4274 1373 4345 quidem
1422 4278 1575 4326 catos
1623 4266 2011 4337 sapientcSque

414 4376 680 4448 reputari,
709 4370 1060 4446 postmodum
1120 4368 1430 4428 veritatem,
1466 4362 1521 4418 in
1575 4361 1775 4433 quibus
1820 4359 2012 4413 decer-

413 4472 571 4534 nitis,
606 4466 829 4525 sectari.
864 4461 1070 4530 Quodsi
1104 4458 1355 4515 nonnulli
1381 4473 1446 4513 ex
1472 4455 1742 4511 haereticis
1777 4468 2010 4509 concur-

416 4580 514 4621 sus
538 4577 737 4617 nomcn
767 4554 1073 4614 secundum
1107 4554 1351 4626 primum
1389 4549 1757 4620 signiﬁcatum
1792 4548 1845 4602 in
1880 4561 2009 4618 pro-

2112 3456 2212 3525 τὴν
2257 3454 2531 3526 προτέραν
2565 3448 2845 3521 σημασίαν
2876 3449 2977 3518 τῆς
3016 3446 3324 3517 συνδρομῆς
3361 3442 3461 3515 τὴν
3504 3442 3697 3496 ἕνωσιν

2108 3548 2211 3619 τῆς
2239 3547 2428 3617 θεῖκῆς
2471 3545 2685 3617 φύσεως
2730 3542 2871 3615 μετὰ
2916 3541 3014 3611 τῆς
3040 3538 3387 3610 ἀνθρωπίνης
3418 3534 3697 3605 ἐκλαμϐα-

2110 3644 2365 3715 νόμενοι,
2422 3638 2741 3712 διαιρετὴν,
2795 3637 2891 3692 καὶ
2958 3633 3081 3689 καθ’
3139 3631 3341 3703 ἑαυτὴν
3400 3628 3696 3698 ὑφεστάναι

2110 3734 2381 3806 ἑκατέραν
2409 3731 2521 3786 τῶν
2565 3729 2764 3785 οὑσιῶν
2819 3728 2947 3791 τοὺς
2978 3725 3228 3797 Πατέρας
3273 3721 3561 3794 εἰρηκέναι
3610 3738 3699 3774 συ-

2110 3828 2457 3899 κοφαντεῖτε,
2512 3824 2610 3880 καὶ⁵
2655 3821 2756 3893 τὴν
2800 3820 3079 3893 ὑμετέραν
3130 3820 3376 3885 ἄγνοιαν,
3417 3814 3699 3883 [ἰατρικὴν

2113 3916 2468 3991 βλασφημίαν
2526 3914 2783 3984 οίὸμενοι,
2843 3909 3062 3982 μακρὰν
3113 3907 3215 3978 τῆς
3258 3906 3546 3977 ἀληθείας,
3606 3903 3699 3958 καὶ

2109 4012 2310 4067 ταυτὸν
2354 4011 2540 4080 φάναι,
2590 4005 2693 4076 τῆς
2735 4001 3030 4073 σωτηρίας,
3069 3998 3553 4069 ἀποπεπλάνησθε.
3585 3998 3701 4052 Με-

2115 4102 2424 4177 μαθηκότες
2493 4093 2587 4154 οῦν
2656 4097 2755 4152 καὶ
2804 4092 3166 4177 ταύτης-τῆς
3230 4090 3538 4161 συνδρομῆς
3602 4090 3701 4158 τὴν

2112 4174 2561 4268 σημασίαν,-καὶ
2602 4190 2665 4245 τὸ
2720 4187 2929 4259 ταύτης
2990 4174 3251 4258 χρειῶδες
3306 4185 3387 4247 είς
3443 4183 3546 4253 τὴν
3607 4181 3700 4236 τοῦ

2114 4287 2249 4343 Υίοῦ
2283 4285 2380 4341 τοῦ
2405 4285 2540 4340 Θεοῦ
2588 4279 3030 4355 ὲνανθρώπησιν,
3078 4278 3355 4347 ἀπόστητε
3401 4277 3506 4346 τῆς
3583 4276 3703 4331 κατ’

2111 4381 2338 4449 ἄγνοιαν
2395 4378 2551 4449 ὑμῶν
2603 4374 2942 4446 δυσφημίας,
2988 4372 3083 4428 καὶ
3130 4372 3212 4434 είς
3257 4369 3466 4440 ἀκριϐῆ
3506 4369 3703 4423 ἕνωσιν

2109 4468 2221 4523 τῶν
2247 4466 2339 4521 δύο
2386 4468 2445 4520 ὲν
2494 4464 2716 4535 Χριστῷ
2762 4463 2977 4533 φύσεων
3016 4459 3242 4529 ταύτην,
3294 4455 3479 4521 καθὼς
3516 4458 3700 4527 ἡμεῖς,

2110 4554 2503 4630 προδάλλεσθε.
2532 4554 2764 4624 Ἔψεται
2781 4552 2889 4623 γὰρ
2908 4552 3034 4622 ὑμῖν
3057 4552 3122 4604 ὲκ
3143 4548 3353 4613 τούτου,
3369 4546 3586 4619 πρῶτον
3604 4546 3702 4617 μὲν

415 4657 522 4728 prii
570 4651 842 4725 dogmatis
889 4648 1176 4705 subdolam
1242 4644 1494 4700 fraudem
1543 4650 2000 4711 assumpserunt,

2112 4649 2175 4703 τὸ
2221 4647 2418 4717 σοφοὺς
2468 4648 2565 4701 καὶ
2598 4646 2891 4716 εἰδήμονας
2928 4640 3251 4713 πεφηνέναι,
3284 4639 3479 4693 ἔπειτα
3519 4639 3579 4692 δὲ
3610 4637 3701 4692 καὶ

416 4749 650 4817 ideoque
678 4744 808 4799 illud
845 4742 1073 4812 rejicitis
1104 4740 1157 4795 in
1195 4738 1399 4795 unione
1421 4735 1619 4791 divinae
1645 4734 2000 4802 humanaeque

2113 4740 2175 4793 τὸ
2203 4715 2445 4810 ἀληθεῖς,
2476 4741 2533 4792 ὲν
2555 4732 2637 4801 οἷς
2668 4715 3046 4807 δογματίζετε,
3070 4731 3511 4802 διαγγέλλεσθαι.
3552 4732 3615 4785 Ei
3645 4730 3700 4783 δὲ

415 4853 629 4900 natura:
646 4839 809 4894 unius
832 4836 1049 4892 Domini
1088 4835 1259 4891 nostri
1281 4831 1409 4887 Jesu
1443 4829 1670 4891 Christi,
1708 4842 1853 4882 nunc
1880 4841 2005 4882 cntn

418 4940 648 4995 alterum
682 4933 827 4989 illius
878 4930 1247 5002 signiﬁcatum
1281 4922 1775 4996 apprehenderitis,
1832 4921 2009 4990 deque

418 5027 621 5083 unione
669 5022 889 5078 ﬁrmum
928 5020 1077 5077 illius
1120 5034 1185 5073 ac
1216 5017 1445 5087 Qcautum
1479 5014 1762 5079 callentes,
1787 5026 1911 5067 eum
1951 5010 2005 5065 in

419 5130 697 5192 posterum
743 5131 812 5171 ne
865 5111 1155 5184 negligatis
1192 5127 1206 5165 :
1250 5123 1430 5179 neque
1466 5105 1610 5162 enim
1647 5103 2007 5175 aequivocatio

418 5230 645 5277 eorum,
705 5213 798 5284 qui
855 5226 961 5265 non
1018 5208 1092 5262 ita
1143 5219 1202 5260 se
1273 5203 1493 5266 habent,
1554 5200 1770 5269 proprie
1830 5198 1903 5252 ita
1948 5212 2008 5254 se

420 5307 676 5365 habentia
763 5302 1020 5361 destruit.
1099 5294 1330 5365 Quando
1385 5308 1517 5349 vero
1600 5291 1693 5345 uni
1770 5288 2006 5345 Domino

418 5412 612 5459 nosne
669 5400 798 5454 Jesu
862 5393 1087 5452 Christo
1141 5404 1335 5445 omnes
1375 5401 1483 5442 uno
1536 5400 1834 5447 consensu.
1886 5398 2007 5454 qua:

419 5494 476 5549 in
551 5488 845 5560 Evangelia
940 5485 1291 5544 referuntur,
1380 5477 1589 5548 deiecta
1675 5476 2006 5545 excelsaque

418 5585 757 5645 vindicatis,
835 5592 1104 5650 corporeo
1192 5576 1629 5644 incorporeoque
1717 5570 1999 5640 insepara-

419 5678 599 5736 biliter
660 5674 1060 5743 inconfuseque
1131 5668 1188 5724 in
1247 5682 1312 5723 eo
1356 5664 1722 5730 conservatis,
1782 5663 2009 5719 cuinam

421 5786 486 5827 ex
510 5771 743 5835 naturis,
776 5784 900 5840 quae
931 5766 985 5820 in
1015 5778 1127 5818 uno
1151 5760 1373 5817 Christo
1398 5767 1773 5817 convenerunt
1795 5755 2008 5825 di-jecta

421 5863 739 5929 ascribetis,
782 5860 946 5931 quale
976 5854 1107 5912 illud
1158 5852 1324 5910 fuerit
1356 5851 1623 5926 proﬁcere
1655 5856 1834 5916 aetate,
1859 5848 2007 5905 colav

497 6042 543 6079 ιο
580 6038 770 6098 Matth.
814 6053 894 6107 ιι,
926 6036 979 6092 5.

2116 4831 2212 4885 καί
2250 4848 2395 4894 τινες
2425 4830 2535 4883 τῶν
2561 4829 2945 4901 αἱρετιζόντων
2972 4828 3034 4881 τὸ
3067 4826 3166 4896 τῆς
3195 4822 3503 4896 συνδρομῆς
3532 4824 3701 4894 ὄνομα

2117 4919 2260 4975 κατὰ
2304 4919 2364 4973 τὸ
2418 4919 2637 4991 πρῶτον
2675 4917 3078 4989 σημαινόμενον
3116 4912 3439 4979 ὲξελάϐοντο
3472 4913 3553 4976 εἰς
3602 4911 3699 4981 τὴν

2112 5008 2208 5063 τοῦ
2239 5007 2439 5063 οἰκείου
2461 5008 2731 5080 δόγματος
2761 5004 3117 5076 κακουργίαν,
3138 5001 3233 5056 καὶ
3257 5000 3348 5054 διὰ
3376 4999 3537 5053 τοῦτο
3564 5014 3700 5068 παρ-

2114 5096 2357 5151 αιτεῖσθε
2395 5096 2567 5170 ταύτῃ
2598 5095 2691 5149 ἐπὶ
2728 5097 2797 5166 τῇ
2839 5093 3030 5147 ἐνὼσει
3052 5091 3149 5162 τῆς
3178 5088 3328 5154 θείας
3366 5088 3460 5142 καὶ
3490 5086 3698 5156 ἀνθρω-

2116 5191 2281 5263 πίνης
2300 5189 2518 5260 φύσεως
2544 5188 2637 5244 τοῦ
2668 5187 2786 5252 ἑνὸς
2810 5186 3017 5258 Κυρίου
3044 5183 3202 5255 ἡμῶν
3233 5180 3410 5253 Ἰησοῦ
3438 5177 3696 5251 Χριστοῦ,

2115 5283 2211 5339 νῦν
2226 5286 2286 5339 τὸ
2302 5283 2555 5355 δεύτερον
2580 5279 2981 5354 σημαινόμενον
2996 5275 3201 5346 ταύτης
3218 5271 3696 5343 κατανενοηκότες,

2117 5382 2212 5435 καὶ
2239 5380 2299 5433 τὸ
2333 5381 2397 5433 ὲκ
2426 5354 2618 5433 τούτου
2661 5376 2901 5447 ἀσφαλὲς
2929 5372 3059 5446 περὶ
3082 5371 3179 5443 τὴν
3210 5371 3405 5427 ἕνωσιν
3449 5354 3712 5439 μεμαθη·’

2114 5475 2294 5540 κότες,
2312 5472 2405 5528 τοῦ
2429 5473 2618 5527 λοιποῦ
2641 5470 2845 5538 ταύτην
2866 5465 2942 5539 μὴ
2962 5464 3402 5536 ὰπαγορεύσητε.
3430 5462 3569 5515 Οὐδὲ
3592 5459 3695 5531 γὰρ

2113 5565 2437 5637 λυμαίνεται
2472 5565 2505 5636 η
2552 5561 2844 5637 ὁμωνυμία
2873 5559 2982 5614 τῶν
3017 5557 3092 5630 μὴ
3130 5555 3302 5617 οὑτως
3336 5553 3694 5624 ὑπαρχόντων

2112 5658 2181 5713 τὰ
2226 5657 2431 5728 κυρίως
2464 5657 2596 5711 ὄντα
2644 5656 2964 5727 πράγματα.
3006 5649 3225 5719 Ἐπειδὴ
3274 5646 3333 5700 δὲ
3380 5644 3474 5699 τοῦ
3533 5643 3694 5698 αὑτοῦ

2115 5752 2238 5816 ἑνὸς
2265 5752 2475 5823 Κυρίου
2514 5750 2677 5821 ἡμῶν
2719 5746 2896 5819 Ἰησοῦ
2934 5741 3177 5817 Χριστοῦ
3212 5735 3354 5794 εἶναι
3384 5737 3692 5806 ὁμολογεῖτε

2108 5848 2177 5903 τὰ
2198 5847 2254 5900 ἐν
2272 5844 2584 5915 [εὐαγγελίῳ
2610 5842 2883 5913 φερόμενα
2910 5836 3139 5899 ταπεινά
3184 5850 3243 5888 τε
3270 5830 3365 5887 καὶ
3381 5827 3580 5902 ὑψηλὰ,
3605 5823 3693 5883 τοῦ
