3994 6674
382 454 484 517 667
1646 454 1940 518 ΝΙΩΕἹἙ

2071 460 2381 522 ZANTINI
3543 451 3648 516 668

383 569 520 640 imp.
560 565 757 623 missas
795 566 985 623 titulus
1017 566 1180 633 dicit,
1216 584 1324 626 non
1357 578 1538 626 autem
1567 571 1773 631 diserte
1807 577 1952 647 quod
1981 577 2202 635 Nicelas
2244 582 2487 651 ipsarum
2522 576 2911 635 refutationem
2944 574 3012 631 ad
3053 573 3371 631 Michaelem
3402 573 3647 643 scripse-

386 659 477 711 rit.
514 655 787 711 Decennio
814 665 939 726 post
972 655 1325 730 Sylburgium
1354 660 1482 716 Ant.
1515 662 1849 721 Possevinus
1882 668 1935 722 in
1986 668 2296 738 Apparatus
2328 669 2576 739 principe
2628 666 2867 722 editione
2926 663 3130 720 Veneta
3158 673 3199 719 t.
3237 663 3302 731 ll,
3344 679 3402 734 p.
3438 663 3565 728 477,
3593 676 3651 720 et

385 756 425 802 t.
460 745 550 813 111,
584 745 637 800 in
666 747 898 817 catalog.
926 763 978 817 p.
1014 747 1099 813 16,
1130 749 1430 817 pleniorem
1464 757 1519 805 et
1566 755 1969 811 accuratiorem
2006 759 2191 829 operis
2238 757 2511 813 Nicetiani
2566 757 2784 812 titulum
2837 756 3110 820 recitavit,
3156 763 3384 809 eatenus
3435 761 3644 808 tantum

384 836 669 900 mendose,
702 847 977 906 quatenus
1008 852 1106 906 pro
1141 836 1413 907 Theophili
1440 850 1674 908 utroque
1709 843 1764 897 in
1796 844 1918 900 loco
1963 848 2187 917 scripsit
2236 847 2633 921 Theophglacti.
2675 846 2959 917 Reliquos,
2988 845 3080 916 qui
3111 860 3176 899 ex
3203 842 3483 911 praedictis
3508 844 3645 898 hau-

385 937 526 988 sere,
560 925 916 992 prretermitto
943 926 1377 997 bibliographos,
1413 942 1640 1002 excepto
1670 939 1853 989 tamen
1900 934 2082 993 Leone
2118 937 2341 1004 Allatio,
2376 939 2469 1008 qui
2511 939 2564 992 in
2595 938 2745 994 calce
2783 936 2984 1007 prioris
3016 936 3147 991 tomi
3173 933 3394 989 Graecia
3452 934 3638 986 ortho-

384 1012 539 1064 doxa:
571 1012 773 1068 diserte
811 1016 1091 1070 contendit
1118 1016 1363 1073 Nicetam
1395 1019 1542 1075 hunc
1574 1019 1933 1093 Byzantinum
1976 1028 2229 1082 eumdem
2263 1041 2406 1089 esse,
2442 1026 2536 1092 qui
2576 1036 2630 1081 et
2689 1024 2910 1081 Nicetas
2956 1024 3147 1087 David,
3175 1032 3227 1078 et
3258 1022 3558 1093 Paphlago,
3593 1031 3646 1076 et

388 1100 760 1170 Dadybrorum
797 1102 961 1156 etiam
989 1103 1303 1174 episcopus.
1333 1108 1664 1178 appellatur.
1701 1129 1719 1162 ε
1760 1109 1965 1166 Floruit

2077 1116 2213 1187 quit,
2247 1116 2552 1182 Michaelis,
2581 1114 2763 1169 Basilii
2800 1124 2853 1169 et
2882 1112 3119 1176 Leonis,"
3151 1115 3319 1182 impp.
3371 1121 3550 1175 aetate,
3592 1119 3647 1165 ut

385 1189 658 1259 colligitur
690 1206 754 1245 ex
806 1194 1076 1261 prommio
1139 1194 1264 1249 vitaz
1322 1194 1382 1251 S.
1439 1195 1631 1267 lgnatii
1673 1201 2018 1269 patriarchae,
2060 1217 2223 1270 quam
2282 1201 2372 1255 ille
2432 1215 2612 1271 neque
2658 1200 2875 1254 indocte
2913 1213 3087 1269 neque
3142 1197 3478 1267 ineleganter
3515 1210 3648 1248 con-

382 1279 646 1343 cinnavit,
672 1288 725 1334 et
754 1280 878 1336 aliis
919 1282 1168 1350 ejusdem
1204 1284 1425 1354 scriptis
1455 1300 1469 1339 :
1512 1306 1531 1338 ›
1568 1302 1679 1356 quo
1702 1300 1986 1359 postremo
2006 1290 2153 1345 dicto
2180 1289 2283 1361 (de
2302 1289 2524 1359 scriptis
2549 1298 2761 1344 mtatem
2789 1287 2991 1343 Nicetae
3013 1286 3468 1356 designantihus)
3497 1284 3649 1338 intel-

382 1367 473 1437 ligi
513 1368 581 1421 ab
614 1368 812 1422 Allatio
842 1381 974 1439 puto
1006 1370 1395 1427 refutationem
1423 1376 1720 1438 praesertim
1750 1392 1916 1445 quam
1943 1376 2072 1430 fecit
2097 1374 2520 1443 Niretasnoster
2542 1374 2897 1444 epistolarum
2925 1371 2992 1425 ab
3018 1370 3281 1441 Agarcnis
3315 1370 3379 1424 ad
3411 1369 3647 1423 Michae-

385 1456 490 1509 lcm
527 1456 663 1526 imp.
699 1458 1016 1513 missarum.
1041 1459 1224 1530 Pergit
1262 1462 1335 1514 ibi
1372 1462 1603 1517 Allatius
1640 1463 1843 1519 Nicetze
1892 1466 2094 1534 scripta
2151 1478 2460 1528 recensere,
2529 1478 2763 1532 quorum
2815 1476 2986 1532 prope
3032 1469 3271 1513 extrema
3321 1458 3475 1528 ponit
3535 1459 3651 1512 hmc

381 1542 646 1599 adversus
674 1544 1047 1601 Mohamcdem
1084 1558 1135 1602 et
1166 1550 1447 1618 Agarenos
1480 1551 1722 1617 dictata;
1768 1568 1944 1621 neque
1981 1560 2163 1607 tamen
2205 1551 2448 1605 codicem
2496 1550 2838 1611 Vaticanum,
2875 1548 2967 1618 qui
2995 1562 3059 1601 ea
3106 1546 3367 1607 continet,
3404 1546 3650 1599 nominat

383 1642 474 1687 aut
503 1650 561 1688 se
597 1636 816 1690 novisse
844 1637 1204 1693 demonstrat.
1242 1640 1444 1694 Habuit
1475 1657 1606 1696 sane
1658 1642 1893 1698 Allatius
1937 1640 2080 1696 aliud
2114 1638 2317 1694 Nicetae
2350 1637 2627 1709 egregium
2661 1636 2985 1707 opusculum
3020 1651 3120 1705 pro
3152 1634 3385 1689 concilio
3423 1633 3649 1688 Chalce-

384 1722 612 1776 donensi
643 1725 709 1777 ad
738 1721 1011 1780 Armeniae
1045 1727 1349 1797 principem
1381 1746 1396 1795 ;
1440 1730 1603 1799 idque
1640 1730 1695 1784 in
1726 1731 2049 1800 praedictum
2078 1727 2301 1783 (ἔπει-ἔω
2337 1728 2476 1781 orth.
2514 1735 2725 1780 tomum
2754 1725 3008 1789 inseruit,
3066 1723 3445 1781 indubitanter
3501 1722 3648 1776 affir-

385 1824 544 1865 mans
574 1813 738 1867 unius
768 1813 1125 1884 ejusdemque
1164 1815 1451 1887 Byzantini
1504 1816 1706 1873 Nicetzc
1737 1819 1906 1874 fetum
1937 1833 2096 1884 esse;
2154 1817 2206 1872 id
2248 1816 2393 1886 quod
2456 1829 2558 1885 ego
2607 1814 2957 1869 verissimum
3004 1812 3190 1882 judico
3217 1853 3231 1876 9
3272 1811 3397 1881 (Ιιιῖ³
3451 1820 3649 1881 Pm‘lm‘

385 1906 638 1953 caeterum
668 1902 791 1972 styli
825 1903 1262 1969 similitudinem,
1302 1906 1549 1960 clausula
1601 1916 1751 1963 certe
1799 1906 2040 1976 prwdicti
2075 1905 2323 1974 epusculi
2370 1903 2560 1957 eadem
2594 1903 2821 1957 omnino
2867 1909 2971 1966 est,
3009 1916 3128 1970 quae
3176 1899 3228 1953 in
3288 1900 3520 1953 duarum
3578 1897 3645 1952 ad

382 1984 701 2043 Michaelem
735 1989 866 2059 imp.
889 1991 1246 2060 epistolarum
1286 1992 1619 2049 refutatione
1654 1995 2011 2065 conspicitur.
2049 1995 2122 2049 De
2149 1996 2252 2049 hoc
2269 1992 2487 2048 demum
2520 1991 2710 2047 Niceta
2735 1991 2965 2060 ejusque
2997 1989 3217 2059 scriptis
3258 1988 3481 2042 uberius
3505 1986 3647 2042 dixit

382 2074 616 2131 Allatius
654 2078 707 2132 in
740 2078 940 2133 inedita
977 2081 1155 2137 adhuc
1186 2082 1575 2139 dissertatione
1603 2101 1703 2139 sua
1729 2086 1794 2139 de
1828 2084 2013 2155 viginti
2048 2080 2274 2147 Nicetis,
2304 2081 2463 2151 cujus
2491 2096 2591 2151 ego
2615 2080 2943 2151 particulam
2971 2079 3040 2133 de
3084 2085 3276 2132 nostro
3324 2076 3641 2146 loquentem

382 2164 596 2233 vulgavi
630 2165 683 2220 in
710 2166 860 2236 praef.
897 2169 964 2223 ad
1004 2179 1038 2223 t.
1072 2169 1142 2223 lX
1185 2169 1521 2241 Scriptorum
1553 2182 1825 2238 veterum;
1871 2186 2051 2243 neque
2084 2180 2267 2226 tamen
2302 2171 2443 2225 hanc
2471 2171 2649 2240 ipsam
2701 2167 3109 2223 dissertationis
3156 2166 3482 2237 particulam
3518 2165 3645 2221 dedi

381 2254 669 2324 integram,
703 2258 829 2325 quia
865 2257 916 2312 id
951 2267 1084 2314 tunc
1117 2270 1315 2329 praeter
1340 2262 1648 2332 argumenti
1676 2262 1781 2315 mei
1805 2260 2145 2332 propositum
2181 2266 2323 2316 erat.
2357 2258 2433 2313 De
2463 2266 2647 2312 vetere
2676 2257 2859 2327 operis
2890 2254 3157 2311 Nicetiani
3208 2254 3401 2309 notitia
3455 2254 3643 2308 hacte-

380 2358 505 2397 nus.
534 2343 648 2398 Cur
676 2358 859 2402 autem
892 2347 1252 2419 Byzantinum
1288 2350 1434 2404 hunc
1456 2348 1701 2405 Nicetam
1743 2350 1989 2405 nonnulli
2018 2347 2386 2418 bibliographi
2412 2346 2466 2400 in
2494 2363 2569 2401 xu
2602 2342 2804 2400 Saecula
2827 2345 3114 2412 collocent,
3141 2344 3397 2414 equidem
3430 2344 3640 2409 nescio,

386 2446 565 2500 neque
591 2434 711 2502 ejus
734 2435 809 2490 rei
840 2435 1173 2491 documenta
1209 2438 1317 2491 ulla
1350 2436 1533 2493 afferri
1578 2438 1739 2493 video
1768 2455 1782 2503 ;
1838 2437 1944 2493 nisi
1974 2436 2113 2492 forte
2160 2444 2240 2491 tot
2291 2434 2606 2489 Nicetarum
2641 2434 2797 2503 copia
2854 2432 3339 2503 perturbationem,
3379 2442 3439 2486 ut
3472 2435 3550 2495 tit,
3587 2433 3641 2486 in

381 2521 620 2588 ipsorum
658 2522 943 2578 historiam
980 2526 1211 2581 invexit.
1250 2526 1355 2581 Sed
1416 2527 1611 2597 utjam
1668 2526 1891 2596 propius
1946 2526 2013 2582 ad
2073 2541 2188 2582 rem
2248 2524 2526 2588 accedam,
2593 2538 2696 2594 ego
2746 2522 2968 2592 quidem
3033 2536 3349 2590 quanquam
3397 2519 3641 2574 noudnm

380 2607 726 2675 iuSpexeram
761 2610 1058 2684 Sylburgii,
1098 2614 1379 2670 Possevini
1412 2626 1471 2670 et
1502 2616 1682 2670 Allatii
1712 2615 2051 2679 testimonia,
2096 2613 2460 2670 nihilominus
2482 2612 2535 2665 in
2574 2611 2714 2666 meis
2745 2619 2872 2666 ante
2896 2610 3207 2679 complures
3238 2623 3411 2663 annos
3443 2608 3642 2662 biblio-

381 2697 551 2751 theca:
572 2696 859 2756 ’Vaticanze
898 2704 983 2755 cui
1013 2718 1278 2773 prmeram
1313 2703 1853 2773 perlustrationibus,
1886 2704 2033 2759 hunc
2062 2703 2308 2758 codicem
2333 2701 2758 2756 obscrvaveram
2790 2698 2895 2755 sub
2927 2713 3160 2753 numero
3189 2696 3316 2760 681,
3348 2697 3640 2765 pulchrum

393 2800 548 2849 sane,
584 2787 891 2856 antiquum,
922 2792 1362 2858 membraneum,
1406 2793 1841 2861 iutegerrimum.
1875 2793 2128 2847 Attamen
2154 2790 2274 2845 aliis
2307 2788 2642 2843 editionibus
2672 2796 2997 2858 occupatus,
3028 2786 3272 2841 Nicetam
3313 2787 3437 2855 plus
3467 2785 3641 2839 nimio

382 2874 573 2928 distuli
625 2895 638 2929 :
690 2878 784 2931 sed
831 2895 979 2934 nunc
1028 2881 1245 2937 demum
1280 2882 1343 2937 de
1374 2882 1604 2945 codicis,
1640 2891 1700 2938 ut
1736 2898 1883 2947 reor,
1930 2882 2077 2937 unici
2136 2878 2360 2934 incertis
2398 2876 2525 2931 fatis
2558 2877 2830 2947 cogitans,
2897 2875 2993 2946 qui
3049 2890 3180 2931 casu
3229 2873 3413 2943 aliquo
3452 2875 3637 2944 perire

380 2961 677 3030 aliquando
736 2975 957 3034 posset;
1025 2976 1138 3022 tam
1204 2970 1369 3024 etiam
1422 2969 1499 3025 rei
1545 2969 1665 3025 sine
1724 2969 1891 3024 dubio
1945 2969 2102 3023 bonae
2158 2966 2449 3022 dulcedine
2496 2973 2551 3020 et
2593 2965 2828 3020 utilitate
2887 2962 3146 3027 illectus,
3200 2963 3629 3018 exscribenalum

379 3066 544 3105 manu
579 3054 821 3124 propria,
860 3053 1114 3111 Latinum
1144 3072 1367 3128 quoque
1399 3057 1585 3112 labore
1604 3074 1726 3114 meo
1755 3067 1811 3112 ut
1839 3065 2035 3113 caetera
2063 3056 2247 3111 omnia
2273 3051 2608 3120 faciendum,
2646 3061 2700 3109 et
2730 3050 2873 3123 typis
2902 3066 3055 3107 more
3092 3051 3243 3107 omni
3270 3051 3501 3122 abrupta
3529 3059 3641 3104 tra-

378 3140 616 3196 dendum
657 3142 922 3211 iudicavi.

453 3259 611 3314 Nunc
635 3260 702 3314 dc
731 3260 851 3329 ipso
878 3276 1043 3331 Opere
1085 3262 1325 3318 breviter
1377 3263 1716 3333 pratfandum
1764 3272 1872 3319 est.
1920 3259 2229 3317 Ludoticus
2276 3255 2603 3321 Maraceius,
2657 3256 2750 3327 qui
2777 3255 3086 3327 philarabcs
3129 3261 3359 3311 cunctos
3416 3253 3639 3311 refutati

378 3347 632 3403 Alcorani
668 3348 832 3405 laude
863 3352 1169 3420 superavit,
1199 3352 1453 3421 queritur
1486 3352 1540 3405 in
1578 3351 1897 3421 praafatione
1926 3351 1991 3404 ad
2026 3347 2387 3417 prodromum
2420 3346 2487 3401 de
2517 3346 2737 3402 illorum
2778 3345 2979 3417 exiguo
3005 3359 3258 3411 numero,
3312 3343 3501 3399 saltem
3547 3359 3637 3398 ve-

381 3446 583 3500 terum,
611 3438 705 3507 qui
746 3446 938 3493 contra
973 3438 1351 3493 Mohamedcm
1408 3438 1640 3507 ejusque
1691 3438 1889 3492 librum
1924 3437 2195 3492 calamum
2227 3436 2595 3501 strinxerunt,
2626 3444 2680 3489 et
2732 3450 2907 3505 pauca
2937 3443 3087 3489 certe
3142 3433 3365 3489 nomina
3422 3432 3638 3499 recitat,

377 3521 536 3579 Joan.
574 3540 770 3595 nempe
806 3528 1225 3593 Damascenum,
1253 3525 1411 3581 Joan.
1444 3526 1917 3590 Cantacuzenum,
1970 3524 2192 3580 Petrum
2219 3523 2659 3588 Cluniacensem,
2696 3531 2750 3577 et
2790 3521 3077 3579 Chaldaeos
3103 3522 3264 3578 duos.
3289 3521 3454 3593 Atqui
3496 3522 3637 3576 dila-

382 3621 496 3691 tare
528 3629 818 3667 numerum
848 3628 1143 3683 parumper
1167 3622 1398 3683 poterat,
1432 3613 1599 3667 citato
1626 3611 1924 3682 Euthymio
1948 3612 2237 3684 Zygabeno
2268 3627 2389 3666 cum
2429 3612 2556 3666 aliis
2582 3611 2841 3666 brevibus
2876 3611 3142 3679 ejusmodi
3175 3611 3415 3680 scriptis,
3444 3610 3636 3665 edente

382 3699 707 3771 Sylbnrgio;
744 3699 1033 3755 Theodoro
1056 3701 1328 3761 Abucara,
1364 3702 1557 3755 edente
1583 3700 1862 3762 Gretscro.
1897 3717 2210 3772 quanquam
2244 3702 2334 3757 hic
2364 3716 2475 3771 pm
2507 3700 2796 3772 Zygabeno
2824 3701 2979 3756 valde
3005 3700 3185 3757 tenuis
3210 3709 3318 3756 est.
3354 3701 3459 3755 Sed
3484 3701 3629 3755 enim

382 3789 433 3839 in
472 3786 737 3843 Romanis
765 3787 857 3843 Gr.
894 3789 1177 3844 codicibus
1210 3797 1367 3844 erant
1394 3803 1407 3842 :
1441 3789 1492 3845 l.
1518 3788 1773 3860 Ejusdem
1806 3789 2077 3861 Zygabeni
2102 3790 2351 3862 dialogus
2377 3789 2643 3845 adversus
2676 3789 3077 3855 Mohamedem,
3107 3803 3270 3860 quem
3300 3804 3406 3845 nos
3430 3789 3624 3859 vulga-

382 3875 581 3931 himus.
618 3876 671 3932 2.
716 3874 917 3932 Nicetze
945 3877 1228 3931 Choniatae
1268 3877 1568 3947 capitulum
1599 3879 1649 3931 in
1688 3876 1971 3949 Panoplia,
2020 3879 2164 3947 quod
2199 3894 2299 3933 nos
2331 3877 2383 3931 in
2429 3877 2740 3933 Romanum
2782 3878 2895 3948 jam
2935 3876 3289 3948 Spicilegium
3324 3876 3631 3932 intulimus.

384 3963 486 4017 Sed
514 3964 657 4033 quod
689 3980 908 4019 omnem
943 3966 1157 4036 c0piam
1192 3974 1435 4036 supcrat,
1469 3975 1628 4022 erant
1658 3967 1878 4022 Arabici
1935 3965 2152 4022 codices
2203 3964 2473 4029 Vaticani,
2506 3982 2742 4037 quorum
2774 3967 3079 4038 catalogum
3108 3982 3138 4021 a
3170 3966 3330 4021 nobis
3361 3981 3425 4020 ex
3471 3965 3639 4020 Asse-

382 4052 525 4105 mani
555 4053 773 4107 schedis
793 4053 996 4107 editum
1023 4054 1113 4122 qui
1153 4053 1369 4125 legerit,
1410 4070 1762 4110 numerosam
1793 4055 2061 4110 adversus
2094 4054 2425 4110 Alcoranum
2458 4052 2900 4110 Christianorum
2936 4054 3265 4123 scriptorum
3304 4053 3630 4108 instructam

381 4140 553 4195 aciem
578 4141 914 4206 conspiciet;
960 4140 1213 4197 videlicet
1246 4143 1298 4197 in
1334 4142 1621 4199 codicibus
1663 4144 1913 4198 Arabicis
1947 4145 1958 4197 ε

2077 4145 2199 4209 112,
2239 4144 2369 4212 115,
2404 4143 2530 4207 114,
2577 4142 2856 4210 118,119,
2884 4142 3634 4207 127,128,155,141,145,

382 4228 505 4293 180,
531 4228 653 4291 501,
688 4225 813 4293 545,
848 4230 970 4297 550,
992 4230 1121 4292 615,
1146 4239 1202 4285 et
1235 4229 1470 4287 fortasse
1498 4231 1639 4287 aliis.
1673 4231 1875 4301 Utique
1904 4246 2137 4301 magnus
2173 4231 2478 4288 Maraccius
2511 4232 2565 4285 in
2595 4231 2855 4303 prmdicta
2882 4230 3199 4301 praefatione
3227 4245 3279 4300 p.
3309 4230 3339 4282 7
3370 4229 3631 4298 globatim

381 4326 648 4371 memorat
680 4316 943 4373 Arabicos
975 4318 1193 4373 codices
1225 4319 1567 4374 diversarum
1594 4317 1858 4373 Romanae
1880 4319 2032 4375 urbis
2069 4320 2546 4386 bibliothecarum,
2574 4320 2667 4391 qui
2708 4319 2757 4375 ei
2811 4319 3124 4390 adjumento
3174 4320 3412 4380 fuerunt,
3483 4328 3543 4372 ut
3583 4317 3635 4371 in

381 4406 603 4461 scholiis
635 4416 688 4462 et
727 4408 779 4461 in
811 4408 1094 4476 polemicis
1126 4408 1599 4478 disputationibus
1630 4416 1820 4478 postea
1873 4408 2298 4474 demonstravit,
2352 4410 2443 4464 ubi
2494 4411 2672 4464 lautas
2703 4408 2949 4463 Arabum
2990 4407 3058 4463 de
3102 4407 3204 4463 hac
3261 4406 3635 4463 controversia

381 4487 707 4564 scriptorum
731 4510 863 4565 opes
897 4498 1190 4564 exposuit;
1227 4497 1433 4551 rectius
1466 4506 1647 4551 tamen
1678 4495 1918 4563 fecisset,
1947 4499 2033 4553 vel
2059 4509 2207 4555 certe
2235 4499 2520 4555 hodiernae
2552 4497 2815 4553 methodo
2844 4496 3335 4562 accommodatius,
3363 4495 3408 4551 si
3441 4496 3632 4567 singu-

379 4583 555 4637 lorum
585 4584 784 4653 quibus
812 4600 947 4639 usus
978 4594 1062 4638 est
1095 4585 1347 4639 codicum
1386 4585 1705 4640 nominatim
1739 4587 2046 4658 cataIOgum
2083 4587 2165 4641 vel
2213 4587 2464 4642 notitiam
2501 4585 2932 4657 perscripsisset.

396 4698 403 4703 ι
448 4670 564 4726 Jam
606 4689 731 4729 vero
756 4672 970 4727 fructus
996 4672 1162 4741 hujus
1193 4683 1393 4727 nostrae
1419 4673 1619 4729 Niceten
1652 4675 1911 4730 editionis
1948 4677 2252 4747 multiplex,
2276 4687 2335 4732 ut
2356 4691 2534 4748 Spero,
2561 4675 2785 4731 futurus
2820 4684 2925 4730 est.
2961 4672 3012 4727 1.
3040 4670 3369 4728 Christianae
3415 4670 3634 4739 religio-

380 4761 468 4817 nis
502 4778 637 4815 nova
675 4762 1014 4827 defcnsio,et
1049 4760 1460 4817 Mohamedanm
1493 4765 1902 4833 superstitionis
1959 4765 2279 4835 fraudisque
2332 4765 2618 4820 accusatio
2645 4772 2811 4834 atque
2860 4762 3171 4817 subversio.
3204 4760 3259 4814 2.
3326 4758 3639 4830 Theologia:

380 4850 525 4918 apud
547 4849 765 4905 Graecos
797 4850 1140 4905 scholasticae
1162 4866 1258 4905 seu
1294 4851 1644 4920 speculativae
1677 4854 1970 4925 imaginem
2002 4854 2296 4923 genuinam
2328 4853 2419 4908 hic
2452 4852 2783 4925 aspicimus,
2820 4859 2874 4906 et
2898 4866 3008 4921 qua
3038 4849 3321 4915 methodo,
3357 4865 3468 4919 quo
3502 4864 3633 4903 acu-

382 4941 547 5003 mine,
585 4939 787 5010 quibus
824 4939 1123 4995 dialectica:
1146 4950 1199 4995 et
1233 4940 1610 4995 communium
1640 4942 1946 5007 notionum,
1978 4942 2094 4997 sive
2125 4956 2344 5005 sensus,
2382 4942 2616 5005 viribus,
2649 4938 2941 4995 Trinitatis
2974 4936 3278 5009 praasertim
3316 4935 3631 5006 perdifficile

381 5030 884 5100 perobscurumque
914 5030 1233 5100 mysterium
1267 5029 1409 5099 apud
1467 5029 1718 5086 ethnicos
1764 5030 2307 5101 Mohamedanosque
2361 5029 2659 5087 Christiani
2707 5028 3076 5099 approbarent
3110 5026 3203 5082 :in
3239 5041 3345 5095 qua
3388 5024 3637 5094 profecto

380 5114 771 5182 disputationis
798 5123 953 5183 parte
980 5113 1199 5168 Nicetes
1222 5122 1408 5167 noster
1442 5113 1711 5170 mirabilis
1739 5124 1854 5178 est;
1890 5113 2175 5189 Grmcique
2210 5118 2413 5189 ingenii
2447 5127 2500 5172 et
2523 5118 2695 5173 docta:
2726 5114 3026 5185 soliquue
3059 5112 3380 5169 subtilitatis
3416 5112 3634 5180 insigne

382 5205 687 5273 exemplum
720 5203 1050 5274 suppeditat.
1078 5205 1130 5259 5.
1168 5205 1227 5258 1η
1260 5204 1602 5274 singulorum
1631 5204 1859 5259 satanici
1892 5205 2017 5259 libri
2045 5207 2287 5276 capitum
2321 5204 2820 5271 confutationibus,
2850 5201 3325 5270 recitaturIGra'ce
3358 5198 3636 5253 Mohamc-

379 5292 464 5345 dis
497 5302 695 5357 textus,
726 5293 807 5348 vel
843 5294 962 5362 ipso
989 5292 1175 5347 Niccta
1207 5293 1527 5361 interprete,
1566 5292 1647 5345 vel
1680 5308 1743 5346 ex
1782 5292 2026 5361 cujusvis
2055 5292 2227 5349 Graeci
2271 5294 2511 5349 hominis
2549 5293 2927 5354 translatione,
2965 5306 3129 5361 quam
3181 5304 3329 5343 nunc
3360 5302 3539 5356 neque
3578 5288 3632 5340 in

382 5378 536 5434 libris
569 5380 751 5447 editis,
784 5395 960 5450 neque
990 5379 1043 5434 in
1086 5381 1221 5449 ipsis
1253 5390 1311 5435 ut
1338 5379 1577 5434 arbitror
1606 5380 2001 5450 manuscriptis
2035 5382 2319 5437 codicibus
2349 5383 2535 5437 videre
2564 5392 2666 5439 est.
2704 5382 2866 5436 Certe
2889 5379 3108 5435 Graecos
3139 5378 3473 5433 Alcoranutn
3506 5390 3618 5429 non

382 5468 549 5523 semel
586 5470 983 5535 tantummodo,
1026 5471 1118 5525 scd
1152 5469 1386 5525 fortasse
1410 5467 1640 5538 plurics,
1669 5470 1736 5524 ad
1772 5470 2020 5542 linguam
2055 5487 2211 5526 suam
2242 5470 2611 5533 transtulisse,
2639 5468 2876 5524 dubitari
2907 5468 3135 5537 nequit;
3175 5481 3299 5521 cum
3332 5465 3631 5519 immanem

381 5567 585 5611 saec-tam
615 5559 666 5611 in
695 5568 1012 5629 prospectu,
1054 5559 1166 5613 imo
1196 5567 1252 5613 et
1278 5559 1332 5612 in
1363 5557 1576 5627 imperii
1607 5558 1908 5616 visceribus
1939 5569 2211 5628 receptam
2245 5559 2533 5623 haberent,
2572 5568 2777 5613 etcum
2812 5556 2934 5626 ejus
2970 5555 3291 5609 doctoribus
3319 5551 3633 5607 necessario

378 5646 813 5714 contenderent;
853 5648 903 5701 id
936 5648 1078 5717 quod
1114 5646 1299 5701 Graeca
1335 5656 1689 5702 monumenta
1726 5647 2085 5717 superstitum
2118 5648 2558 5717 disputationum
2605 5654 2895 5701 testantur.
2950 5643 3107 5697 Nunc
3149 5643 3330 5710 itaque
3375 5638 3635 5693 fl-Stivum

379 5740 460 5789 est
496 5734 702 5797 videre,
729 5744 1069 5807 quantopere
1107 5734 1378 5788 interdum
1414 5733 1637 5790 Grmcus
1666 5736 1920 5791 Alcorani
1954 5742 2134 5791 textus
2156 5735 2297 5805 apud
2335 5734 2580 5792 Nicetam
2620 5736 2688 5789 ab
2732 5733 2986 5795 Arabico,
3010 5747 3170 5801 quem
3194 5727 3631 5799 vulgolegimus,

379 5822 597 5876 differat
631 5841 643 5877 :
680 5840 844 5893 quam
877 5839 1012 5889 rem,
1053 5822 1249 5890 partim
1278 5838 1341 5877 ex
1380 5823 1694 5893 interpretis
1732 5823 1908 5880 Graeci
1941 5824 2235 5895 imperitia,
2269 5824 2468 5894 partim
2499 5824 2569 5877 ob
2604 5824 2879 5895 polyscma
2933 5820 3179 5875 Arabicae
3228 5819 3427 5888 lingua:
3462 5830 3628 5870 voca-

383 5915 527 5983 uula,
563 5914 759 5985 partim
792 5913 1028 5984 denique
1062 5923 1283 5985 propter
1335 5911 1509 5984 ipsius
1564 5912 1827 5969 Alcorani
1884 5914 2190 5971 editionum
2263 5912 2607 5978 varietatem,
2668 5912 2964 5983 contigisse
2999 5908 3327 5966 credendum
3357 5915 3462 5962 est.
3495 5902 3633 5959 Nam
