3994 6604
184 485 188 490 .
289 432 394 497 C69
1431 423 1866 488 REFUTATIO
1906 423 2382 484 MOHAMEDIS.
3450 419 3561 484 670

289 556 496 618 septem
533 543 757 602 criticas
788 544 1149 616 diversasque
1181 543 1444 602 Alcorani
1469 545 1692 603 Ar-abiei
1719 546 1992 602 editiones
2026 545 2277 600 nominat
2324 543 2694 611 Herbelotius,
2751 543 3104 600 Medinenses
3136 543 3294 611 duas,
3332 551 3564 614 praater-

288 653 462 708 eaque
492 636 830 701 Meccanam,
864 633 1182 701 Cul‘ensem,
1212 634 1629 700 Bassorensem.
1669 635 2020 708 Syriatieam,
2057 645 2112 690 et
2133 634 2321 706 κοινὴν
2356 635 2473 689 sive
2498 633 2771 706 vulgatam
2805 650 2820 687 :
2848 649 3084 706 quarum
3117 635 3357 690 varietas
3389 632 3563 687 Cora-

289 720 428 782 niéis
454 725 1104 796 Arabuminterpretibus
1135 725 1468 780 uberrimam
1501 725 1804 782 disserendi
1825 724 2036 794 copiam
2065 727 2282 781 obtulit.
2314 727 2483 782 Porro
2509 731 2655 799 quod
2691 731 2837 785 nulla
2871 730 3013 798 apud
3044 726 3268 784 Grzeeos
3299 726 3564 781 Alcorani

292 813 582 871 translatio
619 828 910 883 superesse
948 829 1096 868 nunc
1127 814 1394 879 videatur,
1417 814 1546 870 odio
1581 814 1655 869 rei
1677 815 1888 870 scilicet
1924 813 2128 869 factum
2163 815 2346 870 credo.
2385 816 2525 873 Ecce
2565 820 2713 873 enim
2745 835 2813 874 ne
2840 818 3024 873 Latini
3057 817 3278 888 quidem
3339 815 3566 870 Alcora-

295 918 424 957 num
461 901 774 956 habuerunt
803 917 977 971 usque
1009 902 1075 956 ad
1102 900 1324 957 Petrum
1354 901 1804 969 Cluniacensem,
1832 904 1925 972 qui
1959 903 2114 958 illum
2141 905 2194 958 in
2233 904 2493 976 Hispania
2539 923 2635 977 per
2674 908 2974 963 Ilobertum
3019 907 3405 967 Retenensem,
3443 902 3566 956 rudi

292 993 416 1046 licet
444 1007 630 1062 opere,
667 1006 731 1045 ex
762 991 998 1045 Arabico
1035 992 1502 1063 interpretandum
1539 993 1774 1054 curavit,
1815 1002 1980 1064 atque
2012 994 2078 1049 ad
2108 995 2295 1051 divum
2354 996 2832 1054 Claraavalleuscm
2886 996 3226 1051 Bernardum
3288 994 3460 1055 misit,
3512 999 3564 1045 et

292 1081 618 1137 Theodorus
646 1079 964 1136 Bibliander
995 1081 1313 1146 annoJSSO
1349 1081 1491 1154 apud
1517 1081 1794 1138 Helvetios
1849 1081 2002 1152 prelo
2027 1084 2492 1140 commisit.‘Ante
2521 1087 2664 1141 hanc
2691 1097 2873 1141 tamen
2899 1085 3192 1140 editionem
3227 1083 3559 1136 Aleoranum

294 1167 416 1223 Itali
455 1169 636 1240 lingua
661 1171 884 1241 propria
918 1184 982 1224 ex
1015 1167 1209 1224 Latino
1238 1169 1566 1225 Reteuensis
1616 1178 1764 1225 textu
1821 1170 2184 1242 vulgaverant
2234 1188 2378 1229 anno
2435 1174 2596 1242 1547,
2634 1176 2842 1230 editore
2899 1175 3116 1228 Andrea
3183 1172 3566 1235 Arrivabenio,

295 1258 636 1329 typograpbo
665 1257 914 1315 Veneto:
952 1273 1115 1328 quem
1143 1257 1378 1313 nitidum
1408 1257 1762 1329 priscumque
1794 1241 2023 1324 librum,
2055 1277 2155 1316 nec
2191 1261 2352 1318 facile
2381 1241 2627 1328 obvium,
2662 1263 2996 1333 llllllli,quos
3017 1263 3158 1317 inter
3192 1263 3309 1332 ipse
3345 1259 3586 1318 Marac-~

295 1349 435 1411 eius,
471 1348 747 1418 ignorant.
783 1347 968 1417 Longe
999 1349 1336 1403 recentiores
1360 1357 1492 1403 sunt
1514 1346 1698 1420 Byerii
1731 1356 1782 1402 et
1818 1346 2033 1404 Savarii
2067 1365 2322 1406 sermone
2355 1350 2566 1407 Gallico
2588 1351 2878 1417 editiones,
2924 1351 3166 1422 itemque
3209 1349 3331 1404 duae
3373 1350 3559 1416 lingua

297 1436 646 1498 Germanica,
682 1451 823 1503 quas
853 1435 1016 1490 Bern.
1050 1434 1299 1501 llubeus,
1330 1437 1592 1507 magister
1619 1437 1749 1491 olim
1783 1453 1962 1503 meus,
1995 1436 2049 1491 in
2078 1435 2280 1492 Lexico
2301 1444 2448 1490 auct.
2481 1436 2649 1490 Arab.
2675 1445 2963 1490 memorat.
2999 1435 3103 1489 Sed
3133 1435 3309 1490 nostri
3341 1433 3566 1488 demum

299 1524 553 1580 Maraccii
593 1539 738 1579 anno
770 1524 907 1580 1698
931 1524 1311 1595 interpretatio
1345 1525 1550 1596 optima
1583 1526 1757 1581 lucem
1786 1527 2019 1597 aspexit,
2050 1526 2140 1581 cui
2167 1525 2481 1596 philarabes
2504 1525 2689 1581 cuncti
2725 1524 2901 1580 fasces
2944 1525 3340 1579 submiserunt.
3379 1523 3569 1588 Quan-

297 1627 462 1682 quam
495 1627 626 1669 vero
660 1614 776 1669 haec
813 1613 996 1683 operis
1031 1611 1232 1668 Nicetae
1256 1614 1426 1670 editio
1454 1615 1656 1670 multas
1688 1617 1970 1685 postulare
2003 1614 2292 1670 videbatur
2343 1622 2457 1667 tum
2493 1612 2716 1668 criticas
2751 1623 2865 1668 tum
2928 1612 3222 1668 bismricas
3257 1611 3569 1666 adnomtio—

297 1718 416 1767 nes,
451 1710 507 1756 et
534 1701 866 1772 quandoque
888 1701 1053 1756 etiam
1077 1703 1518 1773 grammaticales
1545 1703 1598 1757 in
1627 1703 2028 1758 dissidentibus
2057 1703 2126 1757 ab
2161 1700 2394 1756 Arabico
2418 1701 2674 1757 sensibus
2698 1719 2713 1770 ;
2746 1716 2847 1772 ego
2876 1701 3099 1772 quidem
3129 1701 3196 1756 ad
3231 1701 3337 1755 alia
3367 1714 3571 1770 prope-

297 1807 429 1847 rans
454 1805 724 1861 suspenso
750 1792 1146 1861 propemodum
1179 1800 1275 1847 aut
1303 1799 1450 1847 certe
1477 1792 1579 1847 levi
1607 1794 1744 1864 pede
1767 1794 1950 1849 omnia
1973 1791 2314 1858 transiliam;
2343 1791 2447 1846 nisi
2477 1790 2622 1846 forte
2663 1806 2759 1863 per
2778 1792 2952 1846 otium
2974 1802 3165 1863 postea
3189 1791 3342 1847 locus
3368 1789 3573 1860 aliquis

295 1881 457 1950 paulo
475 1880 794 1937 accuratius
824 1879 1184 1951 exponendus
1207 1879 1504 1936 videbitur.

671 2250 1281 2367 NIKHTA
1355 2243 2212 2364 ΒΥΖΑΝΤΙΟΥ

1617 2243 2212 2364 ΣΑΝΤΙΟΥ
2285 2238 3194 2364 ΦΙΛΟΣΟΦΟΥ

1665 2490 2043 2545 ΑΝΛΤΡΟΠΗ
2067 2487 2205 2542 ΤΗΣ

305 2655 598 2750 ΠΑΡΛ
669 2661 896 2750 ΤΟΥ
949 2662 1362 2751 ΑΡΑΒΟΣ
1400 2665 1567 2754 ΜΩ
1582 2663 1878 2755 AMET
1916 2665 3149 2758 ΠΛΑΣΤΟΓΡΑΦΗΘΕΙΣΗΣ
3177 2661 3580 2752 ΒΙΒΛΟΥ

1885 2879 1959 2894 '—

1080 3018 1480 3137 NICBTIE
1568 3019 2130 3141 BYZANTINI
2222 3021 2834 3144 PHILOSOPHI

1733 3262 2182 3321 CONFUTATIO

383 3441 716 3534 FALSI
783 3445 1110 3534 LIBRI
1193 3445 1528 3552 QUEM
1591 3444 2141 3538 SCRIPSIT
2223 3428 3042 3540 MOHAMEDES¥
3114 3444 3523 3535 ARABS.

878 3796 1330 3853 ΠΡΟΓΡΛΜΜΑ.
1927 3799 1982 3862 Α
2567 3797 3033 3856 ΡΒΟΟΒΔΜΜΔ.

388 3899 458 3946 α’.
490 3891 766 3961 Μεγάλων
787 3890 887 3945 καὶ
910 3891 1024 3945 τῶν
1058 3891 1202 3963 ὑπὲρ
1246 3893 1394 3962 ἡμᾶς
1424 3892 1591 3962 ἀξίων
1624 3892 1901 3963 ὑπαρχόν-

2084 3893 2136 3948 1.
2175 3893 2314 3947 Cum
2353 3901 2539 3948 tantus
2590 3907 2868 3963 supraque
2895 3903 3137 3948 nostram
3173 3893 3596 3949 mstimationem

319 4003 426 4039 των
457 3986 678 4040 πάντων
711 3983 1065 4058 πῘρεσὸεί]ων
1098 3986 1174 4056 (1)
1216 3984 1294 4057 τῷ
1329 3985 1727 4057 Θεοφιλεστάτῳ
1749 3987 1896 4056 βασι-

2021 3986 2083 4042 sit
2108 3985 2430 4041 meritorum
2451 3987 2711 4040 cumulus
2737 3985 3080 4040 dilectissimi
3098 3985 3598 4056 Deoimprraloris,

320 4079 419 4147 λεί,
448 4079 627 4148 λόγοις
680 4077 961 4149 γεραίρειν
1008 4076 1170 4144 αὐτὰ,
1211 4077 1299 4131 διὰ
1329 4077 1387 4131 τὸ
1414 4077 1664 4148 μέγεθος,
1691 4078 1786 4132 καὶ
1814 4079 1897 4146 μέι

2022 4078 2196 4134 verbis
2247 4077 2473 4148 quidem
2532 4078 2754 4132 illorum
2816 4077 3212 4132 sublimitatem
3247 4094 3470 4145 ornare,
3503 4091 3599 4137 aut

321 4191 436 4244 τρῳ
501 4171 876 4244 περιο-ρίζειν,
931 4170 1019 4224 διὰ
1077 4170 1140 4224 τὸ
1206 4171 1452 4241 ἄπειρον,
1514 4171 1614 4241 οὐχ
1673 4166 1776 4224 οἶοι
1843 4188 1898 4225 τε

2022 4186 2273 4226 mensura
2312 4170 2498 4240 aliqua
2528 4170 2848 4225 earumdem
2878 4170 3202 4224 inﬁnitatem
3237 4173 3599 4240 comprehen-

323 4264 563 4336 ἐσόμεθα
589 4264 650 4317 τὸ
669 4262 932 4335 παράπαν
951 4278 965 4292 °
989 4261 1111 4316 ἀλλ’
1137 4263 1172 4332 ἡ
1202 4261 1298 4315 τοῦ
1367 4261 1674 4332 θαυμάζειν
1730 4280 1900 4333 παρα-

2024 4259 2164 4325 dere,
2223 4274 2454 4329 prorsus
2509 4275 2615 4313 non
2662 4259 2991 4315 valebimus.
3046 4257 3151 4315 Sed
3183 4260 3328 4314 enim
3389 4262 3477 4316 ille
3505 4263 3601 4334 qui

327 4355 668 4420 σκευάζουσα
702 4357 881 4409 πᾶσαν
902 4353 1145 4408 διάνοιαν
1179 4351 1462 4418 ἔκπληξις,
1495 4353 1737 4416 καὶτοὺς
1763 4353 1904 4424 ὑψη-

2024 4365 2238 4404 omnem
2276 4359 2514 4404 mentem
2549 4351 2614 4404 ad
2648 4349 3036 4406 admirandum
3089 4352 3233 4422 rapit
3287 4363 3504 4424 stupor,
3547 4363 3601 4409 et

325 4445 449 4510 λοὺς
478 4445 570 4500 τὸν
599 4445 724 4500 νοῦν
757 4446 1050 4517 κηρὺττειν
1083 4446 1177 4498 καὶ
1202 4444 1539 4514 διαγγέλλειν
1588 4445 1775 4515 σαφῶς
1824 4446 1902 4512 ἐξ·

2030 4442 2086 4498 id
2150 4442 2532 4512 praedicandos
2584 4443 2787 4499 excelsi
2854 4442 3022 4496 animi
3090 4443 3238 4500 viros
3311 4447 3607 4518 palamque

327 4539 606 4610 εἰργουσα,
664 4537 819 4591 τοῦτο
853 4537 912 4591 τὸ
945 4537 1119 4608 ἔργονῖ
1151 4536 1287 4610 [εοά.
1343 4536 1550 4592 τούτων
1607 4538 1668 4592 τὸ
1725 4537 1904 4612 ἔργον]

2028 4537 2488 4594 commendandos
2546 4537 2800 4608 impellit,
2853 4537 2900 4592 is
2951 4551 3038 4591 me
3086 4554 3308 4610 quoque
3339 4539 3491 4593 humi
3521 4556 3605 4594 re-

326 4631 470 4700 ἡμᾶε
499 4633 625 4694 τοὺς
654 4629 1023 4702 χαμαιζήλους
1068 4632 1244 4684 ποιεῖν
1293 4630 1711 4701 κατηνάγκασεν
1743 4649 1758 4664 ο
1811 4633 1903 4686 οὐκ

2028 4639 2236 4700 pentem
2271 4630 2556 4686 mortalem
2588 4631 2653 4686 ad
2688 4631 2790 4686 hoc
2811 4632 3139 4700 Opusculu-m
3163 4633 3605 4701 componendum

328 4725 421 4777 ἐπὶ
451 4724 667 4789 πᾴντων
696 4725 753 4778 δὲ
781 4727 801 4794 (
833 4724 992 4779 τοῦτο
1018 4725 1126 4796 γὰρ
1157 4720 1223 4797 ἦν
1249 4725 1532 4790 παντελῶς
1556 4727 1652 4780 καὶ
1693 4727 1905 4798 ἀμήχα-

2029 4725 2223 4797 adegit.
2251 4723 2440 4795 Neque
2469 4733 2648 4780 tamen
2683 4724 2751 4779 de
2780 4725 2949 4794 gestis
2982 4725 3243 4781 omnibus
3267 4725 3471 4793 dicam,
3504 4726 3606 4780 hoc

328 4817 466 4888 νον),
497 4817 613 4871 ἀλλ’
643 4819 728 4888 ἐφ’
756 4818 874 4882 ἑνὸς
903 4817 1070 4870 αὐτοῦ
1101 4820 1523 4890 προτερήματος
1547 4834 1563 4850 ⁶
1607 4820 1716 4873 οὐδ’
1765 4820 1905 4884 ὅπως

2031 4819 2165 4874 enim
2200 4819 2512 4873 nullatenus
2535 4818 2648 4873 ﬁeri
2675 4828 2870 4887 potest,
2901 4820 2995 4874 sed
3021 4821 3088 4874 de
3122 4835 3231 4874 uno
3258 4821 3431 4890 ipsius
3457 4813 3608 4890 priu—

329 4909 394 4963 δι’
453 4910 744 4980 ἐγκωμίων
799 4910 962 4964 αὑτὸν
1023 4911 1502 4982 καταστέψωμενο
1551 4911 1657 4966 ποῦ
1684 4914 1794 4984 γάρ
1825 4929 1906 4982 μοι

2028 4913 2186 4982 cipali
2209 4912 2499 4979 facinore;
2536 4927 2709 4982 neque
2742 4913 2998 4967 laudibus
3027 4913 3414 4983 imperatorem
3442 4927 3605 4967 coro-

331 5001 566 5072 τοσαύτη
601 5003 846 5073 χρυσέων
880 5002 1028 5057 ἐπῶν
1063 5005 1373 5075 περιουσία,
1405 5004 1480 5068 ὡς
1511 5004 1577 5058 ἂν
1602 5021 1908 5075 χρυσογρα-

2028 5008 2200 5072 nabo;
2233 5021 2472 5075 namque
2499 5006 2772 5060 uudenam
2815 5006 2947 5060 mihi
2981 5021 3277 5061 aureorum
3309 5005 3605 5060 verborum

333 5095 570 5164 φήσαιμι
600 5095 698 5167 (2),
727 5099 826 5159 τὰς
856 5096 1012 5168 δίκην
1060 5098 1397 5160 πο).υανθοῦς
1443 5097 1711 5169 λειμῶνος
1757 5097 1910 5164 ἐξαν-

2030 5099 2203 5168 copia,
2239 5109 2298 5151 ut
2331 5097 2679 5165 splendorem
2719 5113 2782 5150 ac
2809 5098 3130 5152 suavitatem
3173 5097 3437 5150 virtutum
3467 5095 3607 5164 ejus,

335 5187 536 5251 θούσας
576 5189 683 5242 τῶν
735 5188 947 5259 ἀρετῶν
1008 5189 1176 5243 αὑτοῦ
1237 5189 1633 5260 λαμπρότητας
1673 5190 1768 5243 καὶ
1803 5208 1912 5262 τερ·

2028 5208 2149 5262 qua:
2196 5192 2335 5262 prati
2376 5191 2552 5246 instar
2579 5190 2750 5246 variis
2780 5189 3009 5246 tioribus
3061 5190 3397 5246 luxuriantis
3455 5199 3605 5255 sunt,

336 5280 644 5349 πνὸτηταςς
679 5279 781 5333 ποῦ
800 5280 908 5352 γὰρ
941 5279 1091 5352 Θήσω
1125 5281 1223 5350 τὴν
1250 5282 1348 5350 τῆς
1408 5282 1682 5352 βασιλείας
1712 5283 1913 5337 πᾶνσο-

2032 5298 2159 5338 auro
2186 5281 2532 5337 conscribam
2559 5282 2583 5335 ?
2609 5280 2751 5348 Quid
2772 5283 2918 5336 enim
2945 5281 3012 5337 de
3035 5283 3152 5349 ejus
3193 5280 3609 5351 sapientissima

337 5389 434 5441 φον
460 5372 878 5444 πηόαλιουχίαν;
923 5375 1025 5428 ποῦ
1056 5374 1111 5428 δὲ
1133 5373 1230 5445 τὴν
1255 5374 1352 5444 τῆς
1392 5375 1722 5446 Ἐκκλησίας
1762 5379 1914 5448 εἰρη-

2032 5375 2289 5447 regnandi
2319 5385 2435 5432 arte
2462 5375 2679 5430 dicam?
2698 5374 2833 5446 quid
2854 5376 2920 5430 de
2936 5374 3194 5432 Ecclesia:
3215 5374 3609 5445 imperturbata

339 5464 494 5519 ναίειν
511 5482 569 5518 τε
610 5466 706 5519 καὶ
758 5466 1030 5538 ἀτάραχον
1081 5466 1401 5538 διαγωγήν;
1439 5467 1542 5522 ποῦ
1581 5468 1638 5522 δὲ
1682 5469 1779 5540 τὴν
1823 5472 1916 5540 τῆς

2032 5476 2082 5523 et
2115 5466 2343 5538 paciﬁca
2373 5466 2884 5525 administratione?
2934 5469 3065 5539 quid
3111 5470 3182 5525 de
3229 5467 3470 5539 generali
3505 5465 3609 5519 rei-

418 5653 490 5723 (Ἵ
524 5652 585 5728 In
615 5649 1176 5728 co«l_ieibus_scribitttr
1204 5649 1466 5728 Μωάμεδ,
1493 5653 1758 5728 Hesiodi,
1792 5653 1926 5728 Μω-

2105 5655 2182 5728 (2)
2211 5655 2456 5726 Respicit
2495 5672 2701 5713 morem
2759 5655 3032 5728 scribendi
3077 5653 3296 5728 auroin
3331 5665 3613 5728 pergame-

343 5720 504 5793 άμετ,
532 5722 851 5800 Μαχοὺρεᾶ
888 5720 1138 5800 Primam
1158 5720 1485 5800 scripturam
1529 5725 1581 5777 iu
1625 5720 1922 5800 Latinitate
2031 5720 2300 5800 Μελίτειπὶίὶ
2327 5720 2634 5800 ’ριήιιξεονιίιιι
2668 5727 2979 5800 argumenti
3047 5735 3146 5800 au_t_
3176 5720 3391 5800 divini,_
3416 5720 3613 5800 cultis-

344 5791 461 5871 niea
503 5791 704 5871 sequor
736 5791 744 5793 ἡ
771 5794 847 5863 (in
907 5807 1067 5860 quam
1099 5791 1316 5871 _ineidit
1356 5806 1409 5848 et
1445 5797 1706 5871 secunda.
1745 5805 1806 5849 ut
1853 5810 1919 5850 ex
2031 5791 2174 5871 modi
2214 5791 2497 5866 splendida
2543 5791 2880 5871 exemplaria
2921 5799 2976 5854 in
3028 5797 3282 5854 codicum
3320 5793 3614 5853 bibliotliev

343 5863 497 5940 Θεος.
531 5861 722 5940 ρεαδ),
752 5861 1063 5940 quanquam
1085 5861 1315 5940 ⁵Νἱριιιιιε
1350 5866 1566 5921 tertiam
1606 5876 1770 5922 tenet.
2028 5869 2107 5925 cis
2144 5861 2463 5940 supersunt.

418 5935 494 6008 (l)
531 5934 868 5993 Vocabulum
903 5934 1220 5990 evanidum.
