4012 6488
375 306 477 372 671

1652 311 1703 371 Ν
1709 312 1950 373 ΙΟΕΤίΕ
1981 313 2390 378 BYZANTINI

3535 321 3647 386 672

377 422 608 491 publica:
647 428 795 479 recta
826 418 1210 495 legislatione?
1264 422 1393 495 quid
1426 423 1493 479 de
1529 421 1647 491 ejus
1674 425 1951 494 patientiae

2066 429 2332 493 πολιτείας
2396 428 2693 504 καθολικὴν
2756 431 3064 504 εὐνομίαν;
3136 433 3240 488 ποῦ
3302 433 3359 490 δὲ
3422 434 3485 489 τὸ
3544 437 3644 507 τῆς

379 530 444 571 ac
473 516 824 585 benignitatis
854 517 1086 588 pelago?
1113 514 1243 588 quid
1279 516 1347 573 de
1398 518 1772 573 beneficentiae
1795 534 1862 574 ac
1894 520 1961 575 li-

378 608 684 665 beralitatis
740 609 1049 666 imbribus?
1098 610 1227 679 quid
1260 609 1327 666 de
1372 609 1679 666 ortbodoxo
1708 610 1832 667 ﬁdei
1862 612 1961 668 do-

379 700 597 769 gmate?
642 701 774 771 quid
829 702 1051 757 domum
1079 702 1147 757 de
1185 702 1509 772 apostolica,
1546 712 1607 758 ut
1645 705 1718 759 ita
1754 705 1959 772 dicam,

382 791 656 862 Evangelii
690 791 893 861 Christi
925 793 1347 863 prmdicatione?
1387 795 1629 852 Etenim»
1658 814 1766 853 non
1824 815 1958 855 con-

378 890 560 936 tentus
613 884 913 953 imperator
942 883 1182 940 infausta
1242 885 1605 943 barbarorum
1641 906 1871 961 corpora
1902 891 1957 946 in

379 974 559 1043 fugam
592 984 823 1038 vertere,
857 975 962 1032 nisi
994 976 1160 1032 etiam
1190 977 1420 1035 rebelles
1460 979 1572 1037 Deo
1599 982 1836 1049 animas,
1859 998 1958 1038 ceu

377 1060 557 1129 gladio
614 1062 862 1131 ancipiti,
914 1066 1161 1120 veritatis
1205 1068 1372 1123 verbo
1424 1068 1699 1138 dissecet;
1748 1071 1960 1128 Arabes

376 1169 596 1224 quoque
621 1154 689 1209 ad
726 1171 911 1210 veram
945 1158 1264 1229 religionem
1295 1171 1476 1229 vocat,
1528 1163 1790 1221 doctrina:
1820 1182 1961 1222 verat

377 1250 716 1318 argumentis
740 1252 1037 1307 absurdam
1058 1253 1419 1327 fallacemque
1443 1258 1736 1314 vulnerans
1761 1260 1958 1331 impie-

378 1352 543 1397 tatem
570 1360 584 1398 :
609 1344 895 1403 confidens
924 1348 1135 1405 scilicet
1167 1351 1379 1406 auctori
1402 1352 1760 1408 victoriarum
1794 1354 1958 1409 Chri-

375 1444 463 1488 sto
496 1433 608 1490 Deo
640 1446 853 1505 nostro,
891 1455 1055 1510 quem
1102 1441 1178 1496 illi
1233 1443 1537 1500 maledictis
1562 1446 1801 1516 pulsant,
1841 1445 1960 1503 fore

376 1536 434 1581 ut
467 1539 590 1597 post
620 1529 836 1585 illorum
863 1531 1217 1603 blasphemiae
1237 1534 1654 1602 refutationem,
1674 1539 1741 1595 de
1766 1540 1956 1610 impiis

377 1638 597 1692 quoque
622 1623 865 1694 ipsorum
900 1627 1249 1694 exercitibus,
1288 1629 1623 1689 militaribus
1651 1634 1767 1689 suis
1789 1649 1962 1703 expe-

378 1712 680 1771 ditionibus
714 1716 1031 1787 triumphet.
1065 1719 1435 1785 Quamobrem
1474 1723 1550 1787 id,
1602 1724 1746 1795 quod
1778 1726 1956 1797 impe-

378 1812 530 1857 rator
557 1820 722 1875 opere
748 1806 961 1871 eIIiciet.
993 1810 1174 1880 ignavi
1208 1826 1308 1867 nos
1339 1819 1600 1884 tanquam
1627 1815 1680 1869 in
1705 1816 1955 1886 palaestra
1986 1798 2033 1857 Β

377 1895 559 1952 verbis
586 1897 881 1956 ludemus:
918 1903 1139 1971 etquod
1189 1904 1279 1961 ille
1312 1906 1561 1975 quotidie
1619 1907 1780 1963 factis
1829 1925 1958 1980 per-

378 1990 510 2060 agit,
541 1995 682 2047 nuda
724 2011 825 2051 nos
856 1996 950 2050 sed
990 1997 1407 2067 maguisonaute
1438 2002 1690 2057 oratione
1758 2003 1958 2073 praedi-

378 2098 503 2138 care
538 2088 945 2155 preposuimus.
982 2089 1195 2146 Utinam
1239 2108 1369 2149 vero
1402 2095 1672 2151 bonorum
1707 2098 1954 2152 omnium

378 2180 622 2234 arcarius
649 2188 701 2234 et
728 2181 887 2236 dator
918 2182 1206 2249 Dominus,
1241 2186 1442 2243 Christi
1476 2190 1681 2245 amanti
1712 2190 1954 2261 impera-

378 2271 482 2324 tori
532 2272 765 2328 salutem
812 2276 1010 2330 anima:
1052 2278 1413 2350 corporisque
1463 2280 1747 2351 largiatur,
1776 2292 1832 2336 ut
1865 2283 1957 2338 diu

378 2365 525 2419 vivat
551 2375 606 2421 et
636 2366 703 2422 de
752 2367 1003 2425 hostibus
1037 2370 1298 2427 victorias
1332 2371 1565 2437 referat,
1597 2383 1955 2445 nostramque

379 2454 544 2509 simul
584 2456 821 2527 linguam
851 2461 1093 2525 roboret,
1119 2471 1179 2517 ut
1208 2473 1369 2532 prout
1395 2464 1480 2533 pia
1512 2464 1960 2521 Christianorum

380 2546 486 2602 Ille
522 2549 747 2618 dignum
790 2560 874 2607 est
924 2553 1204 2624 loquatur,
1242 2565 1296 2611 et
1329 2556 1671 2612 barbaricam
1714 2558 1964 2628 impieta-

380 2651 487 2696 tem
515 2642 744 2699 refellat.
785 2645 938 2712 Quod
996 2649 1249 2717 precibus
1282 2651 1694 2721 gloriosissima:
1723 2652 1963 2721 Deipara:

378 2745 435 2789 et
461 2736 707 2791 omnium
746 2747 1061 2795 sanctorum
1103 2739 1231 2794 fiat!
1269 2742 1467 2797 Amen.

382 2826 658 2900 βάρϐαρον
724 2829 1021 2901 ἀπελέγξαι
1067 2831 1385 2886 δυσσέϐειαν
1423 2851 1437 2865 ο

379 2936 541 2976 νοιτο.
586 2920 780 2993 Ἀμήν.

948 3040 1109 3098 Finis
1137 3045 1401 3114 promittit.

537 3178 593 3235 2.
627 3177 791 3235 HAEC
822 3176 1006 3236 SUNT
1041 3179 1108 3233 IN
1139 3178 1508 3236 PRAESENTI
1538 3180 1789 3236 OPERE.

2062 522 2418 590 ἀνεξικακίας
2446 525 2541 578 καὶ
2571 526 2973 598 προσηνότητος
3012 525 3247 595 πέλαγος
3266 544 3282 595 ;
3303 527 3406 581 ποῦ
3430 528 3486 581 δὲ
3517 530 3644 593 τοὺς

2060 616 2159 686 τῆς
2202 613 2447 679 εὐποιίας
2488 617 2583 670 καὶ
2630 617 2949 688 εὐεργεσίας
3002 617 3277 690 δμϐρους;
3336 618 3441 673 ποῦ
3488 620 3545 674 δὲ
3584 620 3646 674 τὸ

2062 706 2345 778 όρθόδοξον
2401 706 2497 761 τοῦ
2537 709 2637 780 τῆς
2682 709 2921 774 πίστεως
2965 710 3269 780 δόγματος;
3305 712 3408 766 ποῦ
3462 712 3518 766 δὲ
3582 714 3645 766 τὸ

2062 800 2543 869 ἀποστολικδν,ῶς
2588 801 2785 868 είπεῖν,
2833 801 2929 856 τοῦ
2981 803 3317 873 Εὐαγγελίου
3362 803 3457 858 τοῦ
3508 805 3647 875 Χρι-

2065 891 2193 946 στοῦ
2216 894 2283 962 κή
2297 909 2516 964 ρυγμα;
2553 894 2667 949 Οὐκ
2696 895 3025 966 ἀνεχόμενος
3061 897 3169 970 γάρ
3226 897 3479 969 βάρϐαρα
3537 896 3645 952 σῶ-

2066 1000 2210 1053 ματα
2239 985 2398 1054 μόνον
2434 984 3088 1058 τροποῦσθαιπανάθλια,
3119 991 3167 1043 εί
3205 988 3282 1061 μὴ
3336 991 3430 1044 καὶ
3465 990 3648 1061 ψυχὰς

2063 1074 2365 1146 θεομάχους
2381 1076 2456 1141 ὡς
2502 1078 2743 1150 διστόμῳ
2769 1078 2848 1149 τῷ
2872 1080 2971 1147 τῆς
3011 1079 3269 1151 ἀληθείας
3319 1082 3463 1152 λόγῳ
3490 1083 3648 1153 διχά-

2064 1186 2231 1234 σειεν,
2270 1171 2658 1239 μετακαλεῖται
2716 1174 2812 1227 καὶ
2853 1174 3265 1246 τούςηἊραϐας
3310 1175 3445 1245 πρὸς
3488 1175 3649 1229 εὐσέ-

2064 1261 2243 1327 ϐειαν,
2273 1262 2364 1316 διά
2387 1262 2479 1317 τοῦ
2499 1263 2561 1328 ἐξ
2588 1264 2848 1335 ἀληθείας
2876 1264 3051 1335 λόγων
3079 1266 3304 1337 ἐλέγχου
3333 1269 3432 1339 τὴν
3463 1268 3646 1339 παρά⁶

2061 1350 2218 1419 λογον
2249 1351 2345 1405 καὶ
2376 1353 2734 1427 ἠπατημένην
2758 1355 3136 1421 κατατοξεύων
3191 1358 3448 1413 ἀσέϐειαν
3477 1375 3495 1391 ·
3545 1360 3645 1413 ἀτε

2059 1444 2124 1516 δὴ
2153 1444 2428 1511 πεποιθὼς
2450 1448 2544 1500 ἐπὶ
2559 1447 2651 1501 τὸν
2672 1448 2943 1502 νικοποιδν
2964 1448 3199 1521 Χριστὸν
3223 1449 3313 1503 τὸν
3328 1449 3461 1504 Θεὸν
3483 1450 3647 1521 ἡμῶν

2059 1539 2151 1592 τὸν
2183 1540 2312 1608 παρ’
2341 1540 2567 1595 ἐκείνων
2627 1540 3141 1614 βλασφημούμενον,
3195 1543 3279 1596 ὅτι
3309 1543 3388 1614 τῷ
3431 1544 3497 1598 ὲκ
3532 1543 3646 1599 τῶν

2061 1630 2277 1702 ἀληθῶν
2301 1632 2623 1705 ἀνατροπῶν
2652 1634 2881 1706 ἐλέγχῳ,
2919 1634 3020 1705 τῆς
3058 1634 3237 1691 αὐτῶν
3268 1635 3645 1707 βλασφημία-ἶ,

2061 1724 2156 1777 καὶ
2184 1725 2218 1795 η
2256 1726 2399 1779 κατά
2436 1724 2546 1778 τῶν
2588 1726 2925 1796 παρανόμων
2956 1726 3137 1781 αὐτῶν
3190 1728 3643 1799 στρατευμάτων,

2062 1816 2150 1870 διά
2182 1815 2289 1869 τῶν
2322 1814 2487 1870 αὐτοῦ
2514 1817 2990 1888 στρατηγημάτων
3019 1816 3449 1888 ἐπακολουθήσει
3479 1819 3605 1887 νίκη
3624 1831 3642 1846 ⁸

2064 1909 2185 1962 ὅθεν
2208 1908 2267 1961 τὸ
2288 1906 2436 1979 ἔργῳ
2470 1908 2787 1979 περατωθὲν
2813 1907 2892 1980 τῷ
2922 1908 3169 1978 θεόφρονι
3203 1908 3436 1978 βασιλεῖ,
3465 1907 3647 1982 λόγοις

2064 2001 2227 2070 ⁴ἡμεῖς
2258 2002 2307 2053 οἱ
2333 2000 2525 2063 νωθεῖς
2571 2000 2848 2070 γυμνάσαι
2894 1999 3252 2083 προήχθημεν
3294 2016 3308 2030 ο
3351 2000 3447 2053 καὶ
3508 2000 3647 2069 ὅπερ

2064 2092 2213 2163 αὐτῷ
2237 2093 2327 2147 διὰ
2359 2093 2704 2164 πραγμάτων
2727 2092 2999 2165 ὁσημέραι
3017 2092 3397 2165 κατορθοῦται,
3421 2093 3517 2147 καὶ
3541 2109 3644 2160 γυ-

2068 2190 2217 2259 μνοῖς
2239 2186 2419 2256 λόγοις
2442 2189 2605 2258 ἡμεῖς
2647 2188 3048 2258 μεγαλοφώνως
3084 2186 3364 2251 σαλπίζειν
3423 2186 3650 2257 προεθυο

2068 2279 2321 2352 μήθημεν
2344 2296 2360 2312 ·
2402 2279 2518 2335 ἀλλ’
2556 2282 2584 2334 ὁ
2614 2280 2819 2343 παντὸς
2855 2278 3061 2348 ἀγαθοῦ
3114 2279 3315 2350 ταμίας
3349 2279 3444 2332 καὶ
3508 2279 3648 2349 πάρ-

2066 2390 2191 2444 οχος
2224 2371 2430 2443 Κύριος
2460 2372 2541 2444 τῷ
2576 2372 2675 2443 μὲν
2715 2372 3044 2443 φιλοχρίστῳ
3070 2370 3375 2443 βασιλεῖτά
3402 2374 3649 2443 σωτήρια

2065 2465 2213 2538 ψυχῇ
2252 2484 2311 2521 τε
2350 2465 2450 2521 καὶ
2504 2465 2718 2536 σώματι
2776 2464 3172 2536 δαψιλεύσοιτο,
3224 2464 3445 2518 ἐκτάσει
3501 2464 3649 2532 ζωῆς

2067 2559 2297 2630 χρόνων,
2328 2559 2423 2613 καὶ
2441 2559 2620 2623 νίκαις
2648 2561 2769 2621 ταῖς
2799 2558 2921 2612 κατ’
2945 2557 3160 2630 ἐχθρῶν
3193 2556 3526 2625 ὲπιστέφων,
3557 2556 3651 2608 καὶ

2068 2651 2166 2721 τὴν
2197 2649 2359 2721 ήμῶν
2393 2650 2644 2720 γλῶσσαν
2672 2649 3023 2721 νευρώσειεν,
3057 2652 3155 2720 τῆς
3203 2649 3301 2720 μὲν
3350 2648 3461 2702 τῶν
3518 2648 3653 2718 Χρι-

2070 2743 2303 2796 στιανῶν
2343 2741 2603 2805 εὐσεϐοῦς
2636 2742 2871 2804 πίστεως
2905 2742 3080 2795 εἰπεῖν
3110 2759 3162 2793 τι
3188 2740 3433 2807 ἐπάξιον,
3457 2739 3558 2811 τὴν
3591 2737 3652 2791 δὲ

1504 2834 1821 2907 πρεσϐείαις
1863 2835 1965 2904 τῆς
2003 2833 2359 2907 ὐπερενδόξου
2410 2834 2675 2888 Θεοτόκου
2752 2834 2848 2888 καὶ
2877 2834 3112 2901 ,πάντων
3155 2831 3264 2887 τῶν
3310 2828 3484 2899 ἁγίων
3563 2827 3653 2901 γέ-

2519 3039 2699 3108 Τέλος
2728 3039 2835 3096 τοῦ
2866 3039 3204 3110 προοιμίου.

2074 3186 2140 3258 β’.
2166 3186 2341 3239 ΤΛΔΕ
2366 3181 2666 3238 ΕΝεΣτιΝ
2696 3180 2786 3233 EN
2817 3179 2989 3251 ΤῼΔΕ
3017 3179 3107 3250 τᾳ
3135 3176 3655 3237 zrrrPAMMA'rt.

384 3293 517 3363 Cap.
544 3292 585 3348 I.
618 3294 915 3375 Espositio_
942 3304 996 3350 et
1032 3295 1430 3375 demonstratio
1459 3297 1512 3351 in
1543 3297 1741 3375 primis
1764 3307 1964 3375 nostrae

2073 3301 2196 3375 Κεςε
2204 3341 2210 3349 .
2230 3295 2306 3375 A_'.
2318 3294 2573 3375 :Ex05_at§
2598 3291 2923 3375 μετάἀποδε
2931 3292 3149 3375 {istoc-.1!
3158 3306 3356 3375 εοηγου
3364 3290 3543 3375 μένεος
3556 3292 3655 3375 τῆς

455 3362 599 3444 vera;
633 3370 687 3419 et
719 3366 1037 3444 orthodosre
1064 3364 1507 3444 Qhristiauorum
1538 3362 1688 3444 ﬁdei;
1718 3377 1771 3444 et
1814 3370 1964 3444 inse-

2146 3362 2379 3438 ἇληθοῦς
2413 3367 2507 3444 καὶ
2538 3362 2829 3444 ὀρθοδόξου.
2845 3365 2878 3433 η
2889 3362 3025 3444 μῶν.
3036 3362 3144 3414 τῶν
3157 3362 3218 3444 ,Χ
3228 3362 3519 3444 ριστιανῶν
3533 3431 3545 3444 Ι
3558 3362 3623 3414 πί
3628 3392 3654 3404 -

456 3435 627 3489 elatio
658 3434 902 3488 omnium
930 3436 1422 3504 blasphemiarum,
1469 3454 1587 3507 qum
1628 3438 1964 3492 Mohameuis

456 3504 654 3553 Arabis
700 3504 844 3553 libro
877 3506 1263 3553 continuentur:
1328 3508 1746 3553 ennl‘nlatinmm
1801 3509 1964 3553 simul

2148 3431 2318 3502 στέως
2351 3453 2365 3468 ο
2397 3435 2492 3518 καὶ
2528 3431 2846 3516 καταδρομὴ
2869 3431 3066 3487 πασῶν
3115 3431 3224 3484 τῶν
3263 3431 3656 3553 ὲμῖερομένων

2143 3510 2467 3553 auammmuv
2496 3508 2560 3553 τῇ
2597 3522 2693 3553 του
2728 3503 2967 3553 Ἀοαϐος
3010 3500 3256 3553 Μωάιιετ
3311 3500 3342 3553 Β
3370 3501 3482 3553 ϐλω
3511 3518 3527 3532 ο
3561 3503 3656 3553 καὶ¹

453 3504 654 3560 Arabis
700 3504 844 3587 libro
877 3500 1291 3589 commentum.
1328 3500 1778 3589 con-fu'tatioque_
1801 3509 1964 3564 simul

2143 3500 2467 3589 δυσφημιῶν
2597 3500 2967 3589 τούςνᾹραϐος
3010 3500 3527 3589 always-.1
3561 3503 3657 3556 καὶ

454 3589 750 3645 pravorum
780 3573 900 3645 ejus
926 3570 1333 3647 dogmatum'in
1362 3579 1542 3649 primo
1574 3570 1839 3651 capitulo.

2144 3570 2366 3702 Qte-fg);
2396 3570 2862 3664 κατά”ταυ;τὸ“τῶν
2897 3574 2953 3627 ἐν
2981 3572 3061 3645 τῷ
3110 3570 3319 3644 πρώτῳ
3355 3570 3502 3645 λόγῳ
3553 3590 3657 3628 xa-

2146 3667 2257 3702 κωε
2354 3663 2590 3700 κου-ιτων
2620 3663 2787 3702 αυτω.

1584 3696 1591 3701 .
2146 3667 2257 3713 κως
2291 3663 2590 3702 οοκουντων
2620 3663 2787 3716 αυτῳ.

384 3739 916 3866 ll.|anfutationes
976 3739 1243 3798 falsorum
1283 3742 1784 3814 ejus’dogmatum
1842 3756 1964 3799 sex-

458 3834 471 3866 t
496 3828 657 3866 θοιιη.

2076 3743 2151 3798 Β¹.
2171 3740 2509 3811 Ἐλεγκτικοὶ
2527 3739 2634 3793 τῶν
2654 3735 2898 3810 ψευδωνύ
2906 3755 3023 3810 μων
3042 3736 3208 3793 αὐτοῦ
3231 3736 3408 3808 λόγων
3424 3735 3557 3792 δέκα
3576 3734 3654 3802 ἒξ.

458 3828 657 3867 uectm.

384 3903 552 3960 XVIII
568 3904 891 3981 .‘Espositio
914 3913 968 3959 et
997 3901 1308 3981 profligatio
1331 3879 1497 3973 impie
1516 3904 1584 3959 ah
1607 3919 1671 3981 eo
1693 3905 1964 3981 dictorum

2077 3904 2185 3961 ΠΥ.
2227 3903 2484 3981 Ἕκθεσιᾳς
2520 3899 2615 3981 καὶ
2646 3899 2914 3981 θρίαμϐος
2961 3898 3099 3981 τῶν.
3128 3898 3251 3981 καί
3308 3889 3655 3981 εἶδοςυαύτῷ

457 3966 766 4045 specialiter
812 3974 866 4047 in
904 3966 1426 4047 subsequentibus
1454 3976 1691 4047 sparsim
1751 3976 1964 4033 cunctis

2150 3974 2425 4047 σποράδην
2439 3976 2503 4047 Δὲίν
2530 3971 2643 4034 τοῖς
2672 3966 2801 4040 ἑξῆς
2838 3970 3043 4026 ἀπασιν
3074 3968 3288 4033 ἀσεϐῶς
3323 3966 3655 4039 κινηθέντων

462 4044 690 4115 impuris
713 4046 988 4115 capitulis.
1487 4044 1501 4047 ⁷

2151 4044 2366 4119 μιαροῖς
2391 4044 2589 4114 λόγοις.

388 4139 532 4195 XIX.
562 4140 840 4195 Adversus
879 4136 1154 4203 eumdem,
1216 4136 1286 4193 de
1321 4138 1575 4194 vocabuli
1612 4137 1837 4194 Verbum
1872 4153 1964 4194 no-

2076 4139 2181 4195 ΙΘ¹.
2242 4138 2383 4209 Πρὸς
2437 4138 2529 4192 τὸν
2563 4137 2728 4192 αὐτὸν
2774 4136 2917 4208 ὑπὲρ
2954 4134 3055 4206 τῆς
3084 4133 3180 4188 τοῦ
3210 4133 3410 4204 Λόγου
3455 4133 3659 4204 ὑπολή-

463 4212 625 4266 tione.

389 4306 505 4362 XX.
533 4306 808 4361 Adversus
853 4303 1107 4359 eumdem
1137 4301 1407 4359 dicentem
1434 4341 1450 4368 ,
1486 4302 1656 4359 Deum
1688 4288 1812 4360 esse
1845 4318 1975 4375 pec-

461 4377 567 4430 cati
600 4390 846 4431 causam.

390 4467 533 4524 XXI.
563 4468 841 4521 Adversus
860 4463 1112 4520 eumdem
1142 4463 1436 4529 dicentem,
1469 4463 1723 4519 homines
1755 4464 1809 4519 in
1834 4478 1971 4519 con-

458 4537 614 4610 jugio
641 4538 885 4592 victuros
914 4542 1034 4606 post
1062 4535 1547 4590 resurrectionem.

392 4634 566 4690 XXII.
598 4632 877 4687 Adversus
896 4628 1148 4685 eumdem
1180 4627 1453 4685 dicentem
1486 4629 1713 4699 angelos
1742 4644 1867 4687 esse
1906 4629 1979 4687 fe-

466 4704 669 4761 minas.

394 4798 589 4854 XXIII.
624 4795 904 4854 Adversus
934 4793 1189 4852 eumdem
1219 4793 1289 4851 de
1334 4792 1655 4865 angelorum
1707 4793 1979 4851 interces-

470 4872 647 4926 sione.

394 4964 587 5022 XXIV.
622 4962 899 5019 Adversus
930 4976 1056 5018 eum
1099 4960 1370 5018 dicentem
1396 4999 1413 5027 ,
1444 4958 1616 5017 Deum
1647 4957 1964 5031 sphaericum

2085 4954 2212 5031 ΚΝ.
2246 4955 2390 5026 Πρὸς
2417 4955 2509 5011 τὸν
2544 4953 2706 5009 αὐτὸν
2740 4951 2969 5022 λέγοντα
3009 4968 3023 4984 ·

468 5053 609 5093 esse.

2002 4412 2049 4470 D

2080 4210 2345 4425 κ’ἲιῑῗὲίές
2369 4299 2647 4425 ἓνόαύτδν
2675 4298 2906 4370 λέγοντα
2927 4298 3025 4370 τῆς
3053 4297 3334 4370 ἁμαρτίας
3374 4296 3549 4350 αἴτιον
3581 4289 3659 4348 εῖ-

2152 4390 2240 4425 ναι
2261 4390 2291 4425 τ
2326 4389 2354 4425 ν
2422 4388 2445 4424 ε
2479 4388 2530 4425 ν.

2152 4390 2240 4427 ναι
2261 4388 2354 4426 τον
2376 4388 2530 4426 δεον.

2076 4463 2210 4522 KA'.
2245 4464 2389 4532 Πρὸς
2415 4462 2507 4517 τὸν
2545 4461 2710 4517 αὐτὸν
2731 4461 2958 4532 λέγοντα
2986 4460 3127 4515 κατὰ
3158 4459 3423 4528 συζυγίαν
3484 4456 3659 4530 βιοῦν-

2149 4553 2247 4600 τας
2280 4531 2602 4607 ἀνθρώπους
2627 4531 2765 4604 μετά
2793 4533 2892 4604 τὴν
2924 4533 3237 4587 ἀνάστασιν.

2078 4631 2211 4753 Kli'.
2248 4627 2394 4701 Πρὸς
2429 4626 2521 4681 τὸν
2572 4626 2734 4680 αὐτὸν
2784 4626 3015 4695 λέγοντα
3060 4622 3282 4694 θηλείας
3321 4619 3463 4676 εἶναι
3500 4619 3662 4689 ἀγγέο

2186 4718 2298 4753 ους.

2186 4718 2298 4764 ους.

2079 4795 2218 4917 ΚΓ¹ὲ
2257 4793 2411 4917 ίΠρὸς
2459 4790 2551 4847 τὸν
2576 4791 2742 4847 αὐτὸν
2773 4788 2904 4863 περὶ
2939 4789 3039 4860 τῆς
3075 4787 3186 4842 τῶν
3236 4784 3489 4856 ἀγγέλων
3532 4800 3663 4854 πρε-

2152 4883 2183 4917 σ
2223 4882 2248 4917 ε
2276 4882 2362 4917 ας.

2152 4882 2362 4929 σοειας.

3070 4951 3132 5005 '0
3156 4949 3287 5014 Θεὸς
3343 4945 3661 5017 ὁλόσφαιρός

2153 5029 2321 5082 ἐστιν.

396 5128 563 5186 XXV.
595 5124 1019 5189 Demonstratio,
1052 5123 1198 5195 quod
1228 5121 1442 5178 alienus
1473 5135 1504 5175 a
1536 5119 1628 5175 Dei
1669 5117 1873 5175 [cedere
1903 5117 1964 5174 sit

2082 5119 2213 5195 RE":
2268 5116 2571 5195 Ἀπόδειξις
2597 5116 2680 5195 ὅτι
2704 5115 2853 5182 ξένος
2876 5114 2976 5185 τῆς
3010 5112 3106 5168 τοῦ
3162 5108 3299 5166 Θεοῦ
3324 5109 3594 5183 διαθήκης
3632 5108 3661 5162 ό

468 5202 705 5270 populus
741 5196 1122 5253 lsmaeliticus.

400 5294 594 5349 XXVI.
632 5293 912 5347 Adversus
934 5289 1217 5360 Agarenos
1240 5284 1783 5357 degcircumcisione.

402 5383 618 5441 XXVII.
658 5384 732 5441 De
758 5384 951 5440 eodem
989 5390 1338 5453 argumento.

401 5478 640 5535 XXVIII.
670 5477 745 5534 De
774 5477 887 5532 Deo
917 5471 1274 5530 Mohamedis.

400 5568 597 5627 XXIX.
622 5569 800 5635 Quod,
828 5565 1044 5623 etiamsi
1088 5565 1143 5618 hi
1169 5560 1385 5635 erronei
1421 5567 1611 5635 putent
1635 5571 1694 5613 se
1722 5555 1980 5626 progeni-

474 5643 609 5695 toris
639 5631 934 5693 Abrahami
961 5636 1184 5691 unicum
1214 5633 1382 5687 Deum
1411 5631 1610 5694 colere,
1655 5644 1760 5681 non
1799 5638 1978 5680 tamen

475 5719 724 5779 oporteat
755 5712 1035 5779 Agarenos
1065 5723 1095 5760 a
1131 5705 1289 5760 nobis
1314 5703 1420 5756 diei
1458 5701 1546 5753 Dei
1573 5700 1835 5753 cultores.

402 5801 574 5862 XXX.
599 5801 876 5859 Adversus
900 5800 1177 5870 Agarcuos
1205 5796 1273 5852 de
1294 5791 1556 5865 iactantia
1594 5791 1733 5860 ipsox
1752 5803 1863 5842 um.

2167 5188 2519 5260 ’Ῑσμαηλίτης
2555 5186 2704 5252 λαός.

2085 5279 2231 5348 KQ”.
2269 5280 2411 5352 Πρὸς
2436 5279 2771 5350 ’Ᾱγαρηνούς
2798 5277 2941 5351 ὐπὲρ
2979 5277 3079 5349 τῆς
3121 5274 3448 5347 περιτομῆς.

2086 5370 2213 5425 KZ'.
2250 5370 2342 5433 Είς
2368 5368 2429 5422 τὸ
2454 5368 2609 5423 αὐτό.
2856 5416 2861 5419 ,

2085 5461 2226 5519 KH'.
2256 5461 2395 5531 Περὶ
2432 5459 2528 5514 τοῦ
2570 5459 2705 5513 Θεοῦ
2733 5458 2826 5512 τοῦ
2864 5456 3131 5529 Μωάμετ.

2087 5557 2219 5612 ΚΘθ.
2258 5555 2379 5609 Ὀτι
2408 5554 2468 5606 οὐ
2495 5552 2595 5617 δεῖ,
2614 5552 2718 5605 κᾶν
2746 5551 2877 5622 δοκῇ
2917 5552 3029 5614 τοῖς
3070 5543 3661 5622 πεπλανημένοις-τὴν

2155 5626 2250 5703 τοῦ
2298 5616 2640 5703 προπάτορος
2691 5616 2941 5703 ᾍϐρᾴᾲμ
2989 5619 3287 5703 μοναρχίαν
3312 5616 3658 5689 πρεσϐεύειν,

2158 5692 2353 5764 λέγειν’
2367 5696 2514 5765 ἡμᾶς
2535 5692 2805 5755 θεοσεϐεῖς
2836 5692 3196 5762 Ἀγαρηνούς.

2093 5784 2173 5841 Λ¹.
2210 5784 2351 5857 Πρὸς
2391 5781 2727 5854 ’Δγαρηνοὺς
2763 5782 3009 5854 περὶτῆς
3043 5778 3221 5835 αὐτῶν
3249 5774 3590 5843 ἀλαζονείας.
