3994 6614
318 356 422 422 673

742 466 1144 524 ΚΕΦΑΛΑΙΟΝ
1202 468 1499 528 ΠΡΩΤΟΝ.

318 560 607 624 "Eudemo
625 558 1155 629 κατασκευαστικὴ
1190 560 1342 629 μετὰ
1374 561 1741 630 ἀποδείξεως
1797 563 1906 619 τοῦ

389 651 811 722 Χριστιανικοῦ
874 650 1187 723 δόγματος,
1251 653 1321 708 ἐκ
1371 653 1591 708 κοινῶν
1634 655 1906 723 ἐννοιῶν,

392 744 489 798 καὶ
521 741 907 812 διαλεκτικῆς
931 743 1214 812 μεθόδου,
1243 744 1339 798 καὶ
1376 744 1655 814 φυσικῶν
1681 746 1908 816 ἐπιχει-

381 835 667 907 ρημάτων
697 875 712 899 ,
773 836 872 890 καὶ
943 836 1422 907 συλλογιστικῆς
1504 840 1909 907 πολυτεκνίας

392 930 768 1000 προαγομένη
794 946 807 960 ·
830 929 928 985 καὶ
949 931 1302 1001 dre/frondet;
1335 930 1433 985 καὶ
1460 932 1774 1001 ἀνασκεῠὴ
1808 934 1905 987 καὶ

393 1023 647 1094 ἔλεγχος
669 1021 777 1091 τῆς
797 1023 1181 1096 ἁλογωτάτης
1214 1024 1307 1078 καὶ
1338 1024 1777 1094 μυσαρωτάτης
1809 1026 1910 1090 ,ϐία

394 1120 543 1173 ὅλου
573 1118 685 1187 τῆς
712 1120 871 1189 παρά
893 1119 999 1174 τοῦ
1043 1119 1289 1187 Ἄραϐος
1330 1118 1582 1189 Μωάμετ
1639 1122 1910 1174 πλαστο-

391 1211 825 1281 γραφηθείσης,
863 1211 990 1281 ἤτοι
1027 1210 1141 1280 τῆς
1162 1210 1281 1265 τῶν
1307 1210 1639 1282 Ἀγαρηνῶν
1677 1210 1910 1281 ψευδω-

391 1307 585 1375 νύμου
625 1306 903 1371 πίστεως.

397 1404 467 1465 γ’.
500 1397 719 1450 Πολλῶν
750 1397 851 1468 ήδη
875 1395 985 1450 τῶν
1016 1396 1096 1461 εἰς
1123 1395 1281 1461 δόξαν
1319 1394 1455 1450 Θεοῦ
1505 1396 1909 1469 συντρεχόντων

325 1490 524 1561 ἀρετῆς
545 1487 986 1559 κατορθωμάτων
1005 1488 1157 1560 παρά
1187 1488 1277 1542 τοῦ
1312 1488 1611 1558 φιλαγάθου
1651 1489 1745 1543 xui.
1768 1490 1905 1561 Χρι-

327 1562 753 1635 στιανικωτάτου
800 1580 959 1651 ἡμῶν
1014 1578 1277 1650 βασιλέως
1309 1579 1581 1651 ὁσημέραι
1638 1579 1907 1652 διαπρατ-

324 1673 588 1744 τομένων,
626 1673 866 1743 μάλιστα
891 1673 947 1726 δὲ
977 1672 1102 1743 περὶ
1129 1672 1227 1743 τὴν
1259 1672 1459 1742 εὐσεϐῆ
1510 1666 1590 1737 είς
1642 1673 1775 1728 Θεὸν
1813 1674 1909 1730 λα-

1491 358 1926 422 REFUTATIO
1967 362 2444 426 MOHAMEDIS.

1934 483 1981 539 Δ

3479 365 3587 429 δτι

2506 473 2737 533 CAPUT
2780 474 3072 532 PRIMUM.

2011 568 2310 640 Expositio,
2343 586 2464 624 cum
2494 572 2820 641 argumentis
2849 579 2897 624 et
2925 570 3399 636 demonstratione,
3433 570 3593 627 Chri-

2080 661 2245 715 stiani
2293 660 2583 733 dogmatis,
2620 679 2684 716 ea:
2737 663 3105 717 communibus
3163 663 3485 730 nationibus,
3542 676 3592 722 et

2081 753 2364 807 dialectica
2395 752 2664 819 methodo,
2717 769 2915 807 necnon
2943 756 3279 809 naturalibus
3311 772 3595 827 argumen-

2082 845 2167 908 tis,
2206 835 2477 917 uarioque.
2508 846 2836 918 syllogistico
2875 848 3129 917 artiﬁcio,
3180 848 3428 903 deducta.
3455 848 3595 905 Con—

2082 937 2278 1008 futatio
2310 938 2476 993 simul
2518 950 2568 995 et
2593 941 2791 997 eversio
2839 954 2992 1013 atque
3038 944 3308 1013 coargutio
3351 944 3596 998 insulsis-

2079 1029 2200 1083 εἰηιὶ
2222 1045 2285 1082 ac
2313 1029 2688 1098 nefandissimi
2729 1031 2792 1085 ab
2826 1031 3000 1087 Arabe
3030 1032 3343 1087 Molramede
3380 1034 3598 1104 conﬁcti

2077 1118 2225 1187 libri,
2259 1123 2367 1176 sive
2388 1124 2764 1195 pseudonyma:
2787 1124 3151 1195 Agarenorum
3186 1124 3332 1195 ﬁdei.

2082 1398 2138 1455 5.
2180 1398 2330 1453 Inter
2355 1406 2436 1454 tot
2466 1398 2610 1455 bona
2645 1398 2865 1456 virtutis
2898 1413 3085 1469 opera,
3130 1400 3198 1455 ad
3253 1400 3342 1456 Dei
3368 1399 3597 1473 gloriam

2012 1492 2398 1559 redundantia,
2429 1508 2553 1563 qua:
2581 1492 2649 1547 ab
2673 1492 2881 1563 optimo
2908 1503 2962 1547 et
2986 1493 3465 1549 Christianissimo
3490 1495 3593 1547 ἱιιι-

2012 1595 2264 1655 peratore
2307 1594 2496 1642 nostro
2521 1584 2770 1657 quotidie
2812 1585 2970 1651 ﬁunt,
3010 1585 3285 1656 praecipue
3313 1586 3460 1642 circa
3496 1603 3597 1641 ve-

2010 1694 2133 1734 rum
2194 1678 2289 1735 Dei
2339 1679 2571 1744 cultum,
2624 1680 2740 1735 haec
2787 1695 3009 1751 quoque
3054 1680 3426 1736 serenissima:
3472 1680 3596 1751 ejus
3664 1716 3667 1721 ι

318 1766 529 1837 τρείαν,
564 1765 622 1819 ἓν
648 1765 931 1819 καὶτοῦτο
952 1765 1189 1836 σπουδῆς
1236 1761 1375 1829 εἶδος
1428 1765 1506 1837 τῷ
1552 1765 1905 1839 γαληνοτάτῳ

2025 1771 2282 1841 maiestati
2343 1772 2637 1841 peculiaris
2696 1787 2829 1829 cura
2902 1773 3086 1838 inest,
3137 1781 3199 1827 ut
3262 1782 3593 1843 coarguatur

322 1859 515 1930 κράτει
553 1858 913 1931 καθέστηκεν,
948 1858 1011 1912 τὸ
1064 1859 1466 1933 ἀπελεγχθῆναι
1505 1861 1606 1932 τὴν
1637 1862 1911 1933 ἠπατημέ-

2025 1863 2369 1935 mendaxque
2423 1873 2478 1919 et
2521 1874 2839 1934 portentosa
2903 1865 3311 1921 demonstretur
3364 1881 3596 1921 erronea

321 1970 419 2024 νην
448 1952 537 2006 καὶ
564 1952 919 2024 ἀλογωτάτην
966 1952 1123 2018 δόξαν
1162 1954 1263 2023 τὴν
1318 1954 1908 2026 πλαστογραφηθεῖσαν

322 2047 379 2098 ὲν
408 2048 473 2117 τῇ
507 2045 958 2118 ὲπονομαζομένῃ
1004 2046 1097 2099 τοῦ
1136 2045 1377 2117 Ἀραϐος
1412 2048 1659 2120 Μωάμετ
1692 2048 1858 2119 βίϐλῳ
1888 2064 1906 2081 ο

318 2138 445 2193 ὅθεν
470 2138 569 2211 τὴν
587 2139 863 2211 ἡμετέραν
893 2139 1247 2211 ἀναξιότητα,
1285 2135 1374 2195 οἷα
1403 2140 1467 2213 δὴ
1494 2141 1781 2213 ἐλλόγιμον
1812 2159 1910 2195 πο-

326 2232 436 2296 σῶς
484 2228 675 2295 οὖσαν,
711 2230 806 2285 καὶ
834 2230 1094 2295 εὐνοϊκῶς
1148 2230 1286 2302 πρὸς
1320 2232 1420 2303 τὴν
1464 2232 1630 2286 αὑτοῦ
1690 2232 1910 2302 θεοσυγ-

324 2325 587 2395 κρότητον
615 2323 895 2394 βασιλείαν
929 2323 1353 2395 προσκειμένην,
1380 2324 1757 2395 προετρέψατο
1782 2324 1906 2379 καθ’

320 2418 446 2471 ὅσον
467 2412 572 2471 οἷοί
608 2417 668 2471 τέ
693 2418 882 2488 ἐσμεν,
916 2414 1266 2487 στηλιτεῦσαι
1315 2416 1410 2470 καὶ
1463 2416 1634 2483 δεῖξαι
1689 2418 1908 2487 μακρὰν

322 2510 420 2581 *τῆς
449 2510 707 2582 ἀληθείας
735 2509 1107 2583 ὑπάρχουσαν,
1134 2510 1194 2564 οὐ
1234 2510 1394 2580 μόνον
1416 2514 1474 2564 ὲν
1513 2511 1631 2572 ταῖς
1661 2509 1790 2581 περὶ
1845 2511 1907 2564 τὸ

323 2604 481 2657 Θέίον
504 2604 734 2672 σαφέσιν
768 2602 1121 2673 ὑπολήψεσιν,
1152 2601 1288 2656 ἀλλὰ
1313 2604 1407 2656 καὶ
1449 2603 1507 2655 ὲν
1531 2603 1721 2666 αὑταῖς
1756 2600 1910 2673 παρὰ

323 2697 418 2749 τοῦ
444 2694 624 2749 κοινοῦ
658 2693 758 2765 τῆς
788 2694 1211 2765 ἀνθρωπότητος
1252 2695 1443 2764 γένους
1494 2694 1691 2767 ῥᾳδίως
1738 2711 1907 2764 γινω-

326 2787 620 2858 σκομέναις
652 2804 667 2817 ·
700 2786 795 2851 τὰς
824 2786 1001 2839 τοίνυν
1031 2785 1343 2850 θεοδέκτους
1387 2786 1482 2839 καὶ
1526 2787 1905 2855 σωσικόσμους

322 2880 488 2951 εὐχὰς
513 2879 607 2934 τοῦ
636 2878 799 2933 αὑτοῦ
822 2879 1165 2951 φιλοχρίστου
1195 2878 1457 2933 δεσπότου
1501 2880 1658 2951 ἡμῶν
1687 2881 1781 2935 καὶ⁹
1812 2899 1909 2953 με-

323 2975 491 3043 γάλου
524 2972 789 3043 βασιλέως
816 2972 1294 3043 ἐπικαλεσάμενοι,
1325 2973 1423 3026 σὺν
1444 2976 1507 3044 τῇ
1542 2972 1769 3044 δυνάμει
1812 2974 1907 3029 τοῦ

326 3066 482 3132 ἁγίου
510 3064 823 3135 Πνεῦματος
844 3108 860 3133 ,
897 3065 993 3119 καὶ
1020 3064 1099 3136 τῷ
1127 3064 1337 3136 θώρακι
1378 3066 1478 3137 τῆς
1503 3066 1741 3131 πίστεως
1765 3085 1908 3139 φρα-

325 3159 571 3229 ξάμενοι,
608 3159 703 3213 καὶ
732 3157 827 3212 τοῦ
876 3156 1071 3229 θυρεοῦ
1129 3158 1231 3229 τῆς
1282 3158 1494 3223 ἐλπίδος
1554 3159 1901 3231 δραξάμενοι,

324 3252 421 3306 καὶ⁸
449 3253 547 3323 τὴν
578 3250 1010 3322 περικεφαλαίαν
1030 3248 1125 3304 τοῦ
1159 3249 1425 3321 σωτηρίου
1468 3250 1907 3321 περιϐαλόμενοι,

323 3346 423 3413 τὴν
452 3343 616 3397 αὑτοῦ
642 3342 955 3415 προτροπὴν
980 3341 1262 3396 ἐκτελέσαι
1293 3341 1668 3414 προήχθημεν.
1693 3343 1912 3416 Ἐπειδὴ

323 3438 381 3491 δὲ
416 3437 591 3500 διττός
634 3438 781 3489 ὲστιν
805 3437 834 3489 ό
862 3437 959 3507 τῆς
992 3439 1371 3509 ἀντιρρήσεως
1392 3437 1568 3506 λόγος,
1596 3437 1687 3491 τοῦ
1720 3438 1821 3509 μὲν
1850 3438 1913 3492 τὸ

320 3531 524 3583 οἰκεῖον
548 3529 1071 3594 κατασκευάζοντος,
1110 3529 1206 3582 τοῦ
1249 3529 1305 3583 δὲ
1344 3530 1406 3583 τὸ
1435 3529 1727 3584 ἀντίπαλον
1780 3531 1911 3584 ἀνα-

324 3622 642 3693 τρέποντος,
676 3622 940 3694 πρότερον
964 3621 1065 3693 τὴν
1099 3622 1301 3693 εὐσεϐῆ
1326 3622 1481 3693 ἡμῶν
1508 3622 1617 3676 τῶν
1648 3624 1912 3694 Χριστια-

326 3714 433 3768 νῶν
457 3713 640 3768 πίστιν
666 3716 730 3767 ὲκ
774 3715 1020 3785 φυσικῶν
1053 3714 1352 3787 λογισμῶν,
1393 3714 1469 3779 ὡς
1513 3716 1758 3786 ἐφικτὸν,
1788 3717 1909 3787 μετ’

326 3806 657 3871 ἀποδείξεως
708 3807 1013 3878 ὲκθέμενοι,
1066 3807 1127 3861 τὸ
1170 3805 1473 3879 τηνικαῦτα
1527 3808 1597 3862 τὰ
1648 3808 1911 3863 δοκοῦντα

329 3902 650 3970 συνηγορεῖν
707 3898 785 3970 τῷ
839 3899 1093 3953 δυσσεϐεῖ
1130 3897 1295 3953 αὑτοῦ
1334 3898 1569 3970 δόγματι
1615 3900 1912 3971 ἀπελέγξαι

326 3990 702 4063 πειρασόμεθα
731 4007 746 4023 ο
774 3994 840 4063 τῇ
871 3992 989 4062 μὲν,
1043 3990 1285 4062 φυσικῶς
1326 3992 1392 4046 ἐκ
1426 3990 1535 4045 τῶν
1586 3992 1717 4063 περὶ
1774 3993 1911 4047 Θεοῦ

328 4086 523 4140 κοινῶν
552 4086 773 4140 ἐννοιῶν
806 4103 819 4117 ι
855 4088 922 4157 τῇ
971 4086 1049 4153 δὲ,
1106 4086 1205 4139 καὶ
1246 4084 1539 4157 Γραφικῶς
1577 4085 1638 4150 ἐξ
1692 4078 1767 4139 ὧν
1816 4087 1914 4141 καὶ

327 4180 487 4244 αὐτὸς
543 4182 572 4233 ό
614 4180 715 4251 τῆς
764 4180 1021 4251 τοιαύτης
1076 4179 1261 4249 βίϐλου
1300 4178 1720 4251 πλαστογράφος
1764 4178 1915 4234 δοκεῖ.⁹

327 4275 724 4345 καταδέχεσθαι
760 4290 774 4305 ’
795 4274 1027 4347 ἄρξομαι
1051 4273 1109 4327 δὲ
1141 4271 1413 4328 ἐντεῦθεν.

396 4368 459 4422 δ.
504 4370 566 4421 Ὀ
599 4368 873 4437 πάνσοφος
908 4368 1002 4422 καὶ
1043 4365 1341 4437 φιλάγαθος
1372 4365 1809 4439 ἀπειροδύναμός
1850 4380 1911 4419 τε

329 4462 424 4515 καὶ
466 4463 728 4530 πανάγιος
765 4459 918 4526 Θεὸς,
941 4459 1042 4531 τὴν
1076 4458 1169 4513 τοῦ
1199 4459 1406 4529 κόσμου
1434 4458 1690 4513 σύστασίν
1715 4476 1776 4513 τε
1817 4457 1912 4513 καὶ

1937 3210 1980 3269 C

2011 1953 2105 2009 illa
2160 1964 2213 2010 et
2255 1954 2655 2011 absurdissima
2715 1956 2989 2022 doctrina,
3029 1972 3152 2028 quae
3218 1956 3398 2013 fallaci
3457 1958 3597 2012 libro

2009 2044 2352 2103 Mohamedis
2420 2045 2620 2103 Arabis
2690 2062 2890 2103 nomen
2967 2056 3189 2120 gerente
3258 2048 3595 2105 continetur.

2009 2138 2375 2205 Quamobrem
2420 2150 2663 2195 nostram
2693 2140 3094 2211 indignitatem,
3141 2156 3239 2196 ceu
3295 2141 3431 2196 clari
3498 2142 3597 2195 ali-

2011 2231 2341 2302 quantulum
2382 2232 2644 2298 nominis,
2680 2242 2734 2288 et
2768 2233 2861 2300 qui
2896 2232 3019 2302 ejus
3050 2248 3081 2287 a
3116 2231 3226 2287 Deo
3257 2233 3444 2288 electa:
3476 2249 3598 2287 ma-

2009 2324 2192 2395 jestati
2226 2324 2408 2380 devoti
2440 2341 2659 2392 sumus,
2700 2326 2954 2381 hortatus
3006 2334 3112 2391 est,
3167 2335 3223 2380 ut
3270 2340 3369 2396 pro
3389 2325 3598 2379 viribus

2010 2416 2445 2484 didamaremus,
2498 2430 2665 2488 atque
2719 2433 2749 2473 a
2798 2422 3029 2473 veritate
3059 2418 3447 2473 abhorrentem
3500 2417 3598 2471 do-

2010 2511 2246 2566 ctrinam
2283 2510 2426 2566 hanc
2448 2510 2983 2577 demonstraremus,
3014 2526 3122 2567 non
3159 2510 3339 2566 solum
3386 2510 3439 2564 in
3478 2526 3599 2564 ma-

2011 2602 2226 2658 nifestis
2276 2602 2422 2657 circa
2466 2600 2637 2657 Deum
2694 2600 3079 2673 coneeptibus,
3108 2617 3296 2656 verum
3341 2601 3507 2657 etiam
3542 2602 3596 2655 in

2011 2694 2402 2751 communibus
2445 2705 2503 2751 et
2564 2694 2824 2750 universo
2886 2695 3170 2750 hominum
3214 2695 3398 2766 generi
3435 2693 3599 2750 facile

2010 2788 2191 2844 obviis
2221 2789 2562 2845 nationibus.
2594 2788 2764 2859 [gitur
2800 2789 3108 2861 imploratis
3142 2789 3387 2859 ejusdem
3434 2787 3599 2843 Chri-

2011 2879 2237 2949 stophili
2281 2879 2489 2934 domini
2534 2879 2733 2943 nostri,
2768 2882 2947 2949 magni
2977 2880 3342 2950 imperatoris,
3375 2878 3484 2932 Deo
3509 2894 3597 2931 ac-

2011 2974 2187 3043 ceptis
2216 2975 2535 3042 mundoque
2568 2973 2908 3028 salutaribus
2945 2973 3238 3041 precibus,
3275 2987 3398 3027 cum
3430 2970 3601 3040 Spiri-

2012 3074 2101 3120 tus
2148 3064 2323 3120 sancti
2376 3064 2597 3130 virtute,
2653 3064 2775 3118 ﬁdei
2822 3065 2995 3117 lorica
3056 3063 3205 3128 tecti,
3269 3062 3384 3133 spei
3439 3072 3598 3117 scuto

2013 3170 2252 3231 sumpto,
2286 3160 2550 3231 galeaque
2607 3160 2803 3214 salutis
2849 3159 3072 3225 muniti,
3110 3159 3429 3213 mandatum
3478 3158 3599 3225 ejus

2013 3254 2239 3324 exsequi
2269 3254 2640 3324 aggredimur.
2697 3250 2765 3307 Et
2815 3253 2944 3323 quia
2977 3252 3177 3322 duplex
3208 3258 3291 3307 est
3321 3251 3600 3305 antirrhe-

2013 3342 2133 3396 ticae
2160 3342 2429 3396 orationis
2461 3358 2611 3411 pars,
2632 3357 2741 3396 una
2776 3356 2898 3411 quae
2932 3342 3215 3412 preprium
3252 3350 3598 3410 assumptum

2015 3436 2359 3504 comprobat,
2418 3435 2586 3489 altera
2628 3450 2752 3505 qua:
2810 3435 3155 3490 contrarium
3207 3434 3447 3499 refutat;
3499 3452 3602 3491 nos

2013 3527 2231 3597 quidem
2263 3527 2406 3596 piam
2436 3538 2680 3583 nostram
2710 3527 3159 3583 Christianorum
3192 3527 3350 3581 (idem
3381 3536 3603 3581 natura-

2014 3618 2221 3673 ralibus
2250 3618 2550 3675 ratiociniis
2578 3635 2687 3690 qua
2720 3619 2925 3689 majore
2957 3618 3071 3674 lieri
3099 3618 3299 3688 poterit
3328 3617 3603 3672 evidentia

2015 3713 2408 3780 ostendemus;
2461 3712 2661 3769 deinde
2717 3721 3041 3792 argumenta
3096 3728 3218 3781 qua:
3275 3711 3457 3780 impia:
3498 3710 3602 3766 du-

2016 3804 2207 3859 ctrinae
2264 3804 2449 3861 favere
2500 3806 2787 3871 videntur,
2864 3819 3167 3875 coarguere
3225 3804 3597 3870 conabimur;

2016 3897 2177 3952 modo
2206 3898 2533 3953 naturaliter
2585 3914 2652 3953 ex
2687 3896 3073 3952 communibus
3107 3896 3172 3950 de
3213 3892 3321 3949 Deo
3363 3894 3605 3949 notioni-

2017 3990 2143 4061 bus,
2180 3992 2342 4047 modo
2370 3989 2670 4061 Scriptura:
2696 3990 3055 4053 testimoniis,
3093 4002 3258 4056 quam
3294 3987 3408 4056 ipse
3438 3984 3601 4055 hujus

2015 4085 2141 4141 falsi
2186 4083 2311 4140 libri
2360 4095 2557 4140 auctor
2598 4084 2814 4138 videtur
2858 4082 3171 4137 admittere.
3214 4079 3356 4135 llinc
3412 4088 3599 4134 autem

2016 4179 2236 4235 initium
2260 4178 2499 4249 capiam.

2087 4358 2141 4414 4.
2206 4355 2661 4431 Sapientissimus
2706 4362 2763 4409 et
2815 4352 3091 4423 jbonitatis
3139 4362 3376 4417 amator,
3422 4352 3606 4408 omni-

2015 4462 2212 4524 potens
2270 4460 2324 4506 et
2390 4448 2772 4506 sanctissimus
2816 4446 2981 4513 Deus,
3042 4446 3136 4518 qui
3186 4447 3378 4501 mundi
3431 4446 3599 4517 hujus

326 4554 583 4607 οῦσὶωσιν
636 4552 697 4619 ἐξ
744 4554 844 4606 οὐκ
885 4551 1054 4606 όντων
1090 4552 1377 4624 παράγων,
1420 4550 1540 4625 ἦτοι
1586 4551 1643 4604 ἐν
1685 4550 1911 4621 δυνάμει

2025 4542 2470 4610 constitutionem
2503 4548 2559 4596 et
2585 4538 2969 4595 exsistentiam
2996 4552 3061 4592 ex
3092 4551 3202 4591 ιιοιι
3250 4536 3602 4591 exstantibus

327 4648 555 4709 δυνατὸς
584 4647 665 4701 ῶν
691 4646 894 4717 ταύτην
927 4644 1362 4718 ιδημιούργησέν
1386 4660 1451 4698 τε
1504 4643 1600 4698 καὶ
1658 4645 1915 4716 παρήγα-

330 4758 451 4809 γεν,
486 4741 519 4811 ἢ
552 4741 650 4793 οὐκ
694 4740 751 4793 ὲν
807 4738 1038 4808 δυνάμει
1073 4736 1297 4801 δυνατὸς
1343 4735 1419 4789 ῶν
1448 4752 1464 4770 ο
1512 4737 1561 4789 εἰ
1608 4734 1706 4807 μὲν
1730 4736 1830 4790 οὐκ
1857 4735 1917 4788 ὲν

330 4835 578 4906 δυνάμει,
609 4832 824 4904 ψευδεῖς
840 4832 896 4885 αἱ
919 4829 1329 4898 κατειθισμέναι
1352 4828 1480 4899 περὶ
1504 4827 1636 4882 Θεοῦ
1667 4829 1780 4891 τοῖς
1818 4828 1918 4881 ἀν-

332 4928 572 4999 θρώποις
604 4925 854 4997 ἀκριϐεῖς
891 4926 985 4979 καὶ
1018 4925 1196 4979 κοιναὶ
1243 4922 1462 4987 ἔννοιαι,
1520 4921 1812 4992 λεγόμεναι
1857 4938 1917 4974 τε

330 5020 427 5074 καὶ
460 5017 828 5091 κρατούμεναι
872 5033 885 5047 ⁸
908 5017 1002 5071 καὶ
1042 5016 1159 5080 πῶς
1191 5015 1256 5069 ἂν
1285 5016 1313 5069 ό
1344 5013 1505 5077 αὐτὸς
1529 5013 1596 5066 τὰ
1620 5013 1747 5085 τῇδε
1793 5029 1919 5066 συν-

330 5114 522 5184 έδησεν
564 5128 624 5164 τε
664 5111 758 5165 καὶ
787 5111 1150 5181 συνήρμοσεν,
1206 5108 1298 5160 καὶ
1347 5108 1427 5170 είς
1470 5106 1724 5160 οὐσίωσιν
1778 5121 1921 5176 παρ-

334 5208 585 5279 έστησεν;
616 5205 650 5277 ἢ
680 5205 797 5269 πῶς
819 5205 847 5257 ὁ
873 5204 1037 5266 αὐτὸς
1062 5200 1400 5272 παρακτικός
1437 5217 1497 5253 τε
1527 5200 1625 5254 καὶ
1656 5198 1920 5270 δημιουρ-

333 5301 429 5371 γὸς
447 5300 514 5355 ἂν
540 5301 649 5371 εἴη,
695 5300 789 5354 καὶ
814 5298 876 5352 τὸ
913 5300 1013 5369 τῆς
1044 5288 1410 5368 δημιουργίας
1437 5294 1629 5365 ὄνομα,
1679 5294 1798 5365 ἤτοι
1819 5291 1920 5361 τῆς

331 5393 549 5448 τοιᾶσδε
603 5391 904 5463 ἐνεργείας,
941 5390 1224 5462 ἀραρότως
1271 5388 1357 5440 ἐπ’
1424 5386 1589 5440 αὑτὸν
1619 5383 1917 5454 ὲπιτεθείη,

332 5489 419 5542 ἐπ’
448 5487 515 5542 ἂν
536 5486 701 5549 αὐτὸς
731 5486 790 5539 ὲν
818 5483 1091 5554 ἀδυναμίᾳ
1116 5480 1209 5535 καὶ
1242 5478 1495 5551 ἀσθενείᾳ
1525 5477 1739 5548 φύσεως
1760 5494 1922 5549 περι-

332 5582 637 5653 γράφηται,
670 5579 764 5635 καὶ
793 5577 867 5641 ὡς
904 5575 1164 5639 ἀδύνατος
1209 5573 1342 5637 Θεὸς
1388 5570 1670 5642 λογίζηταί
1723 5588 1784 5624 τε
1828 5570 1924 5624 καὶ

336 5677 698 5744 πιστεύηταις
740 5669 816 5724 Τὸ
852 5669 959 5739 γὰρ
992 5668 1137 5734 Θεὸς
1182 5666 1377 5737 ὄνομα,
1405 5664 1507 5718 οὐκ
1565 5663 1727 5718 ἄλλου
1754 5662 1921 5726 τινὸς,

332 5766 410 5829 ῶς
446 5764 620 5834 ἔγωγε
656 5760 831 5835 οἶμαι,
864 5760 1037 5833 ἀλλ’ἢ
1076 5760 1176 5831 τῆς
1214 5755 1612 5831 δημιουργικῆς
1642 5754 1926 5826 ἐνεργείας

338 5857 674 5929 σημαντικόν
697 5873 755 5911 τε
792 5856 891 5911 καὶ·
916 5852 1327 5927 παραστατικὸν
1357 5852 1424 5908 ἂν
1479 5849 1566 5923 εἴη
1593 5863 1608 5881 ⁶
1654 5848 1813 5921 εἴπερ
1862 5848 1925 5903 τὸ

2018 4636 2301 4709 produxit,
2338 4635 2424 4690 vel
2455 4633 2699 4705 potentia
2754 4631 3015 4702 praeditus
3044 4630 3188 4685 hanc
3236 4628 3418 4684 eﬂ'ecit
3446 4644 3601 4685 crea-

2022 4732 2225 4786 tionem
2263 4738 2317 4784 et
2340 4726 2793 4799 productionem,
2847 4724 2933 4779 vel
2979 4736 3044 4777 ea
3075 4721 3321 4793 potentia
3359 4720 3602 4777 carebat.

2020 4822 2184 4894 Atqui
2219 4828 2263 4876 si
2296 4820 2541 4893 potentia
2567 4818 2781 4884 caruit,
2818 4814 2966 4871 falsae
3003 4823 3134 4871 sunt
3180 4824 3460 4869 consuetae
3498 4812 3605 4866 illa:

2023 4916 2340 4973 hominibus
2367 4916 2434 4971 de
2458 4913 2569 4969 Deo
2596 4920 2869 4969 accuratae
2890 4920 2945 4965 et
2968 4923 3295 4964 communes
3327 4908 3604 4966 notiones.

2022 5022 2144 5078 quae
2160 5005 2268 5062 dici
2298 5006 2475 5060 solent
2500 5012 2554 5059 et
2578 5003 2738 5073 vulgo
2761 5000 3139 5057 dominantur.
3162 4998 3298 5053 Nam
3325 5000 3607 5069 quomodo

2024 5102 2073 5156 is
2108 5098 2386 5154 mundana
2432 5098 2547 5152 haec
2589 5093 2957 5165 compegisset
3001 5102 3056 5148 et
3088 5090 3513 5156 conformassct,
3556 5100 3609 5145 et

2023 5193 2090 5249 ad
2125 5191 2503 5250 exsistentiam
2562 5187 2946 5260 perduxisset?
2998 5185 3093 5242 Vel
3141 5184 3422 5256 quomodo
3462 5184 3606 5239 idem

2024 5301 2281 5360 operator
2323 5292 2472 5341 esset
2511 5291 2678 5354 atque
2723 5290 2963 5347 creator,
3017 5282 3178 5353 eique
3219 5279 3516 5336 creationis
3557 5286 3611 5333 et

2024 5380 2244 5453 quidem
2272 5388 2436 5435 tanta:
2464 5376 2801 5448 operationis
2834 5372 3213 5431 denominatio
3246 5380 3612 5443 congruenter

2025 5476 2441 5539 attribueretur,
2478 5472 2524 5528 si
2568 5470 2889 5543 impotentia
2925 5479 3247 5538 naturaeque
3294 5466 3613 5521 inﬁrmitate

2024 5569 2376 5632 limitaretur,
2418 5565 2672 5635 Deosque
2721 5563 2995 5634 impotens
3035 5566 3385 5630 reputaretur
3413 5567 3468 5612 et
3495 5571 3614 5610 cre-

2025 5661 2300 5726 deretur?,
2326 5659 2459 5715 Nam
2507 5658 2598 5713 Dei
2651 5672 2850 5712 nomen
2910 5654 3056 5710 haud
3100 5653 3240 5708 alius
3272 5653 3385 5718 rei,
3425 5658 3485 5704 ut
3509 5663 3611 5718 ego

2029 5755 2292 5821 arbitror,
2326 5752 2432 5808 nisi
2469 5749 2755 5807 creatricis
2783 5747 3036 5805 efﬁcacia:
3074 5744 3498 5817 signiﬁcalivum
3526 5749 3615 5795 est

2026 5858 2080 5908 et
2097 5846 2620 5915 demonstrativum,
2648 5844 2911 5917 quoniam
2955 5841 3073 5913 ipsa
3105 5849 3250 5898 certe
3282 5837 3481 5903 deitas,
3509 5834 3613 5890 hac
