3994 6626
417 391 526 455 675

1702 379 1996 444 NICET/E
2035 381 2455 446 BYZANTIN!

3599 386 3702 449 (176

418 504 634 558 ratione
655 501 1026 568 considerata,
1057 497 1476 557 innominabilis
1501 507 1604 564 est,
1661 497 1991 553 inenarrabi-

2109 503 2264 556 Θεῖον
2286 501 2430 557 κατά
2454 501 2546 556 τὸν
2573 501 2722 555 τουτί
2761 501 2876 556 ἐστι
2916 500 3093 570 λόγον,
3154 503 3598 576 ἀκατονόμαστόν
3637 527 3693 563 τε

417 594 508 661 lis,
541 604 707 666 atque
735 593 1156 664 inexplicabilis.
1180 593 1408 649 Etiamsi
1435 592 1586 648 enim
1621 589 1814 645 multis
1837 604 2007 660 pecu-

417 687 627 744 liariter
657 689 711 743 in
752 689 935 743 divina
967 700 1163 742 natura
1226 686 1324 740 Dei
1356 702 1554 742 nomen
1591 694 1848 756 tanquam
1884 698 2009 751 pro-

417 781 598 850 prium
636 782 877 843 videtur,
905 779 1053 834 haud
1081 787 1206 850 apte
1229 779 1298 833 ita
1329 779 1598 850 accipitur
1631 797 1643 832 :
1675 792 1913 848 namque
1940 792 2008 831 ex

418 874 524 928 hoc
555 875 778 929 nomine
803 887 1031 945 prorsus
1063 879 1116 924 et
1170 871 1427 942 potentia:
1459 872 1576 927 idea
1603 870 1920 925 necessario
1952 870 2008 924 in

417 967 577 1023 nobis
631 966 966 1024 coniicitur:
1005 966 1275 1036 siquidem
1331 967 1514 1022 omnis
1559 966 1807 1037 operatio
1861 965 2008 1021 haud

414 1061 624 1130 absque
655 1059 896 1130 potentia
941 1065 1062 1125 est,
1119 1067 1178 1113 ut
1237 1057 1379 1114 facta
1421 1068 1717 1116 testantur.
1781 1059 1838 1114 Si
1876 1074 2008 1129 ergo

415 1149 579 1213 Deus.
632 1162 690 1207 ut
754 1152 1108 1219 supponitur,
1167 1151 1376 1222 absque
1438 1152 1682 1222 potentia
1737 1151 2002 1205 mttndum

413 1244 691 1313 produxit,
722 1245 1068 1313 exploratum
1102 1254 1185 1299 est
1212 1260 1335 1298 eum
1363 1247 1604 1314 potentia
1644 1260 1855 1299 carere.
1891 1244 2000 1311 Qui

412 1344 595 1388 autem
626 1335 870 1403 potentia
894 1336 1071 1399 'carct,
1105 1334 1248 1389 idem
1292 1350 1323 1388 a
1355 1335 1596 1389 creando
1630 1336 1952 1404 prohibetur
1988 1355 2001 1390 :

412 1427 506 1497 qui
532 1442 664 1484 vero
694 1443 722 1481 a
753 1428 1106 1498 producendo
1129 1436 1183 1483 et
1217 1427 1459 1482 creando
1495 1429 1839 1497 prohibetur,
1860 1430 2004 1484 idem

411 1521 579 1573 etiam
629 1520 932 1589 quominus
983 1520 1125 1576 Deus
1167 1522 1238 1576 sit
1295 1520 1619 1590 dicaturque
1656 1521 2003 1590 prohibetur.

411 1609 775 1666 Concluditur
813 1627 945 1681 ergo
993 1619 1052 1665 ut
1095 1610 1239 1666 Deus
1268 1603 1495 1664 minime
1544 1608 1690 1666 Deus
1720 1611 1825 1679 sit;
1857 1611 2002 1683 quod

413 1712 503 1758 est
532 1703 922 1774 irreligiosum.

482 1813 535 1869 5.
577 1813 644 1868 Et
675 1814 872 1868 aliter:
909 1813 965 1868 Si
997 1829 1176 1880 agere,
1217 1829 1321 1868 non
1357 1813 1474 1868 sine
1508 1815 1749 1885 potentia
1782 1822 1864 1869 est
1893 1832 1907 1881 ;
1946 1813 1999 1870 id

411 1908 558 1975 quod
588 1906 826 1976 potentia
855 1918 1027 1970 caret,
1068 1907 1263 1976 agendi
1303 1923 1526 1978 quoque
1558 1908 1606 1960 vi
1639 1907 1875 1961 naturali
1907 1923 2000 1962 ca-

409 1984 529 2064 ret;
564 1999 712 2070 quod
768 2007 950 2052 autem
1001 2001 1324 2053 naturaliter
1368 2014 1476 2055 non
1508 2009 1686 2071 potest
1716 2015 1898 2070 agere,
1933 2015 2002 2056 ne

403 2091 659 2162 producit
687 2093 909 2161 quidem
937 2110 951 2157 ;
983 2091 1129 2162 quod
1161 2103 1341 2147 autem
1378 2093 1427 2146 vi
1478 2093 1698 2163 propria
1725 2110 1788 2147 ex
1826 2095 1998 2151 nihilo

404 2193 518 2231 non
552 2180 824 2248 producit,
869 2195 934 2235 ne
967 2179 1110 2236 Deus
1142 2181 1361 2251 quidem
1390 2191 1473 2237 est
1507 2199 1522 2236 :
1554 2199 1683 2253 ergo
1715 2181 1855 2239 Deus
1887 2201 1997 2240 non

401 2279 486 2325 est
549 2271 732 2338 Deus;
781 2273 926 2342 qttod
963 2274 1111 2327 omni
1151 2275 1488 2344 blasphemia
1547 2276 1764 2344 plenum
1798 2287 1900 2332 est.
1940 2277 1998 2334 Si

403 2363 589 2433 itaque
622 2363 792 2418 Deum
826 2367 1035 2435 absque
1060 2367 1300 2435 potentia
1335 2381 1577 2432 creasse,
1603 2383 1785 2424 sermo
1810 2380 2000 2426 noster

402 2455 743 2524 impossibile
795 2457 1289 2525 blasphemumque
1322 2456 1755 2523 demonstravit;
1803 2475 1997 2528 super-

399 2556 486 2600 est
527 2556 586 2599 ut
616 2561 806 2600 verum
838 2547 1167 2616 [irttiutuquc
1205 2549 1298 2610 sit,
1335 2563 1458 2601 cum
1493 2550 1710 2619 propria
1755 2553 1996 2620 potentia

400 2652 587 2706 posse,
619 2637 781 2708 cujus
837 2639 910 2693 rei
947 2642 1103 2693 testis
1136 2650 1218 2694 est
1249 2641 1546 2695 evidentia.
1581 2642 1854 2708 Quoniam
1892 2627 1997 2697 ita-

400 2747 511 2799 que
562 2747 685 2786 cum
720 2733 960 2802 potentia
1014 2733 1154 2786 Deus
1186 2735 1450 2789 mundum
1484 2737 1758 2804 produxit,
1790 2752 1998 2806 suaque

401 2824 676 2891 sapientia
729 2826 913 2878 omnia
971 2827 1276 2895 gubernat,
1309 2836 1366 2881 nt
1404 2828 1503 2898 ipsi
1535 2831 1700 2883 etiam
1764 2830 1996 2898 Agat-eui

399 2929 630 2983 prorsus
677 2925 1012 2982 concedent,
1065 2920 1411 2989 exploratum
1449 2931 1552 2986 est,
1593 2939 1718 2977 eum
1749 2937 1872 2977 esse
1903 2938 1998 2992 po-

401 3016 631 3062 tentem.
681 3007 875 3064 Omnis
910 3027 1038 3066 vero
1100 3021 1295 3081 potens
1344 3015 1642 3082 potentiam
1689 3015 1852 3070 habet
1887 3031 1996 3084 qua

398 3108 594 3170 potens
641 3109 743 3165 est,
788 3110 844 3157 et
893 3118 999 3173 qua
1037 3114 1298 3174 tanquam
1333 3115 1524 3176 potens
1559 3109 1703 3179 agit,
1742 3116 1796 3163 et
1834 3108 1995 3178 cujus

398 3206 570 3247 causa
625 3194 672 3249 is
709 3204 902 3264 potens
953 3197 1174 3251 dicitur.
1230 3197 1536 3254 Conficitur
1586 3215 1739 3269 ergo,
1771 3213 1828 3255 ut
1863 3201 1990 3271 quia
2021 3230 2065 3288 ο

399 3282 544 3338 Deus
593 3301 716 3340 cum
769 3289 1011 3356 potentia
1067 3289 1335 3344 mundum
1375 3290 1653 3360 produxit,
1691 3293 1991 3362 potentiam

397 3375 622 3442 habeat,
648 3395 756 3448 qua
790 3388 980 3447 potens
1005 3390 1108 3446 est,
1141 3391 1194 3434 et
1227 3397 1334 3452 qua
1370 3383 1499 3451 agit,
1536 3392 1590 3436 et
1627 3383 1784 3452 cujus
1824 3398 1992 3438 causa

395 3477 590 3538 potens
623 3486 745 3524 esse
777 3472 1012 3525 videtur.
1049 3471 1204 3539 Quod
1237 3473 1283 3528 si
1334 3474 1410 3529 ita
1441 3484 1548 3539 est,
1579 3476 1768 3546 utique
1799 3488 1994 3548 poten-

399 3569 473 3614 tia
508 3577 630 3629 qua:
684 3562 953 3628 habetur,
994 3563 1213 3618 diversa
1261 3565 1329 3620 ab
1362 3566 1598 3622 habente
1651 3571 1777 3623 erit.
1834 3570 1993 3627 Nulla

394 3652 540 3707 enim
572 3669 659 3708 res
687 3664 743 3708 et
769 3654 971 3708 habere
1019 3656 1184 3710 simul
1210 3666 1264 3711 et
1290 3656 1481 3713 haberi
1511 3662 1815 3716 secundum
1849 3663 1991 3718 idem

399 3746 602 3800 dicitur
629 3764 644 3814 ;
677 3747 838 3802 sicuti
867 3765 974 3803 non
1011 3761 1097 3805 est
1127 3751 1270 3806 idem
1305 3753 1400 3822 qui
1434 3752 1602 3820 videt,
1634 3763 1688 3809 et
1718 3769 1804 3810 res
1839 3756 1988 3824 visa;

397 3854 580 3908 neque
615 3841 709 3910 qui
743 3841 960 3910 pulsat,
1003 3854 1056 3897 et
1091 3845 1186 3914 qui
1223 3845 1503 3916 pulsatur;
1541 3863 1640 3901 ttec
1667 3849 1760 3917 qui
1795 3864 1994 3919 cogno-

393 3931 500 3986 scit
538 3931 680 3987 idem
710 3944 798 3988 est
826 3950 891 3988 ac
921 3937 1200 4006 cognitus,
1235 3953 1335 3994 nec
1360 3939 1453 4008 qui
1489 3939 1680 3995 scribit
1711 3939 1850 3995 idem
1884 3950 1986 4008 est,

392 4025 538 4096 quod
596 4027 879 4084 scribitur.
928 4030 1107 4095 Quare
1165 4042 1334 4102 patet,
1405 4032 1547 4087 haud
1600 4031 1779 4103 ipsum
1817 4035 1986 4089 Deum

389 4117 799 4190 quodammodo
831 4120 938 4174 dici
989 4123 1308 4190 potentiam,
1343 4138 1448 4193 qua
1503 4131 1697 4194 potetis
1725 4133 1829 4188 est,
1856 4140 1992 4194 qua-

389 4217 554 4265 tenus
586 4213 886 4280 potentiam
923 4213 1110 4280 habet,
1153 4225 1206 4270 et
1245 4227 1520 4283 quatenus
1556 4232 1652 4286 per
1698 4217 1843 4272 illam
1876 4216 1989 4286 agit

399 4311 462 4354 ut
488 4313 647 4356 actor
676 4313 841 4374 atque
864 4314 1100 4358 creator.
1132 4304 1285 4371 Quod
1322 4306 1367 4360 si
1408 4307 1510 4361 hoc
1545 4321 1735 4360 verum
1766 4317 1872 4373 est,
1907 4308 1986 4361 uti

390 4407 584 4462 reapse
633 4409 820 4447 verum
861 4403 965 4457 est,
1007 4410 1137 4463 ergo
1181 4409 1276 4464 per
1323 4410 1489 4449 uuam
1541 4396 1714 4450 solam
1771 4397 1987 4466 simpli-

389 4499 622 4551 ccmque
656 4487 981 4554 potentiam,
1016 4487 1333 4540 universum
1389 4487 1656 4543 mundum
1711 4489 1856 4545 Deus
1892 4504 1988 4544 ex-

2112 596 2208 651 καὶ
2233 597 2613 667 ἀνέκφραστον
2642 596 2738 650 καὶ
2761 597 3168 668 άνερμήνευτον
3199 598 3523 653 καθίσταται
3548 615 3563 629 ⁸
3593 600 3698 653 κᾶν

2109 693 2224 753 τοῖς
2249 690 2465 754 πολλοῖς
2507 688 2817 755 ἰδιαζόντως
2840 691 2934 744 ἐπὶ
2966 690 3066 760 τῆς
3095 691 3245 756 θείας
3297 693 3514 761 φύσεως
3559 694 3707 747 τουτὶ

2113 784 2176 838 τὸ
2206 783 2350 850 Θεὸς
2371 784 2563 855 ὄνομα,
2589 783 2840 854 ὥσπερῐτι
2859 785 3045 856 κύριον
3075 788 3424 855 σημαντικδν,
3447 789 3507 840 οὐ
3539 805 3704 856 προσ-

2113 876 2267 945 φυῶς
2300 875 2638 946 ἐξείληπται,
2662 875 2720 941 ἐξ
2748 870 2808 930 οὗ
2835 860 3105 947 όνόματος
3143 878 3359 939 πάντως
3395 879 3486 932 καὶ
3544 879 3702 932 δύνα-

2113 968 2236 1022 σθαι
2267 969 2398 1038 ἡμῖν
2427 968 2487 1033 ἐξ
2506 969 2752 1039 άνάγκης
2783 970 3209 1038 συναναφύεταιθ
3251 973 3409 1041 εῖπερ
3442 973 3589 1024 πάσα
3621 975 3705 1023 ὲν-

2109 1064 2298 1135 έργεια
2333 1063 2469 1134 μετὰ
2494 1062 2776 1133 δυνάμεως
2817 1064 2892 1133 (5)
2921 1080 2932 1092 '
2981 1065 3076 1117 καὶ
3122 1067 3391 1135 μαρτυρεῖ
3436 1064 3504 1116 τά
3565 1065 3707 1134 πρά-

2109 1172 2296 1225 γματα
2317 1171 2330 1186 °
2367 1156 2415 1210 si
2441 1153 2536 1208 οὖν
2563 1159 2589 1208 6
2618 1155 2772 1218 Θεὸς,
2802 1154 2878 1220 ὡς
2915 1154 3175 1225 ὑπετέθη,
3221 1156 3321 1208 οὐκ
3371 1157 3428 1209 ἐν
3473 1154 3705 1224 δυνάμει

2109 1248 2200 1302 τὸν
2231 1248 2437 1319 κόσμον
2463 1249 2824 1319 παρήγαγεν,ἷ
2855 1250 3088 1318 φανερὸν
3141 1250 3221 1303 ὅτι
3254 1250 3546 1321 ἐστέρηται
3609 1249 3702 1302 τοῦ

2108 1343 2370 1397 δύνασθαι
2409 1359 2424 1375 ⁶
2458 1342 2487 1396 δ
2525 1344 2581 1398 δὲ
2611 1345 2903 1416 ἐστέρηται
2936 1343 3030 1396 τοῦ
3063 1343 3348 1406 δύνασθαι,
3412 1345 3706 1415 ἐστέρηται

2107 1435 2201 1490 καὶ
2224 1435 2316 1490 τοῦ
2346 1437 2614 1507 παράγειν
2645 1454 2660 1469 ο
2690 1437 2718 1490 6
2750 1436 2807 1490 δὲ
2833 1437 3123 1507 ἐστέρηται
3171 1437 3264 1490 καὶ
3291 1437 3383 1490 τοῦ
3430 1439 3704 1507 παράγειν

2107 1527 2202 1580 καὶ
2257 1528 2628 1599 δημιουργεῖν,
2691 1530 2979 1600 ἐστέρηται
3039 1529 3132 1583 τοῦ
3175 1527 3311 1583 εἶναι
3356 1529 3488 1593 Θεός
3519 1547 3575 1583 τε
3609 1531 3705 1584 καὶ

2105 1617 2366 1687 λέγεσθαι
2399 1634 2412 1648 ·
2443 1620 2737 1688 συνάγεται
2769 1621 2877 1692 ἄρα
2917 1621 3004 1691 ὅτι⁶
3028 1623 3054 1674 6
3077 1620 3208 1685 Θεὸς
3233 1620 3292 1674 οὗ
3327 1621 3458 1685 Θεό³ς
3492 1637 3506 1649 ⁸
3565 1623 3705 1692 ὅπερ

2107 1709 2322 1774 ἀσεϐές.

2177 1809 2237 1856 ε’.
2269 1803 2378 1856 Καὶ
2409 1801 2617 1866 ἄλλωςο
2654 1803 2716 1854 Ei
2759 1801 2822 1854 τὸ
2851 1803 3044 1866 ποιεῖν,
3085 1801 3222 1872 μετὰ
3271 1801 3578 1873 δυνάμεως,
3638 1805 3702 1857 τδ

2116 1892 2192 1966 μὴ
2231 1895 2289 1948 ὲν
2312 1895 2558 1965 δυνάμει,
2583 1895 2704 1948 οὐδὲ
2737 1894 2946 1964 πέφυκε
2984 1899 3160 1950 ποιεῖν
3193 1913 3206 1926 °
3242 1897 3269 1951 ὃ
3308 1899 3364 1952 δὲ
3411 1901 3470 1952 οὗ
3531 1901 3697 1961 ποιεῖ,

2110 1988 2232 2042 οὐδὲ
2267 1988 2533 2056 πέφυκεν,
2564 1988 2686 2042 οὐδὲ
2723 1990 2988 2059 παράγεν
3019 1991 3047 2043 ὃ
3080 1991 3136 2044 δὲ
3182 1992 3240 2044 οὐ
3282 1992 3552 2063 παράγειν
3600 1993 3700 2044 πέ-

2110 2099 2280 2151 φυκεν
2303 2084 2365 2136 ἐκ
2399 2082 2472 2154 μὴ
2501 2081 2690 2147 ὄντων,
2720 2084 2839 2137 οὐδὲ
2871 2084 3002 2148 Θεός
3029 2101 3041 2114 ·
3076 2087 3103 2139 6
3127 2084 3257 2149 Θεὸς
3284 2086 3389 2157 ἄρα
3437 2088 3494 2139 οὗ
3534 2087 3664 2150 Θεός
3683 2103 3698 2118 °

2109 2177 2246 2247 ὅπερ
2274 2177 2390 2230 ἐστὶ
2425 2177 2606 2246 πάσης
2651 2169 3005 2246 βλασφημίας
3052 2177 3377 2249 ἀνάμεστον.
3420 2180 3482 2232 Ei
3517 2177 3611 2232 οὖν
3640 2179 3702 2232 τὸ

2113 2267 2187 2340 μὴ
2237 2269 2294 2321 ὲν
2338 2268 2572 2338 δυνάμει
2611 2266 2700 2320 τόν
2748 2269 2882 2323 Θεὸν
2928 2270 3201 2338 παράγειν
3244 2274 3271 2324 6
3306 2271 3464 2340 λόγος
3501 2271 3701 2336 ἔδειξεν

2108 2359 2368 2414 ἀδύνατόν
2390 2379 2446 2414 τε
2478 2361 2572 2414 καὶ
2605 2360 2946 2432 βλάσφημον,
2990 2362 3240 2416 λείπεται
3287 2363 3345 2416 τὸ
3378 2366 3434 2416 ἐν
3465 2364 3698 2435 δυνάμει

2105 2452 2328 2513 δυνατὸς
2351 2452 2426 2506 ὢν
2455 2453 2655 2522 ἀληθές
2710 2471 2768 2507 τε
2824 2454 2917 2507 καὶ
2973 2453 3188 2525 βέϐαιον
3219 2474 3232 2488 ·
3269 2458 3362 2510 καὶ
3418 2459 3631 2528 μάρτυς
3662 2460 3695 2528 ἡ

2107 2543 2367 2610 ἐνάργεια
2395 2543 2493 2616 [ita
2519 2543 2685 2617 cod.].
2736 2545 2888 2598 Ἐπεὶ
2916 2543 3009 2602 οὖν
3032 2549 3088 2600 έν
3119 2547 3343 2618 δυνάμει
3373 2549 3402 2600 6
3425 2549 3556 2612 Θεὸς
3604 2549 3695 2602 τὸν

2107 2636 2310 2704 κόσμον
2345 2637 2690 2707 παρήγαγεν,
2725 2639 2818 2691 καὶ
2931 2640 3092 2712 σοφὶᾳ
3126 2641 3292 2693 αὐτοῦ
3329 2641 3389 2693 τὸ
3421 2643 3531 2695 πᾶν
3573 2640 3692 2694 δια-

2106 2726 2363 2799 κυϐερνᾷ,
2405 2728 2479 2792 ὠς
2511 2730 2604 2782 καὶ
2635 2731 2788 2782 αὐτοὶ
2818 2733 3034 2794 πάντως
3059 2734 3108 2785 οἱ
3139 2735 3202 2785 ὲκ
3250 2733 3348 2804 τῆς
3378 2734 3557 2803 Ἀγαρ
3593 2733 3698 2803 φήο

2108 2834 2280 2870 σαιενο
2314 2820 2546 2890 φανερὸν
2577 2820 2658 2872 ὅτι
2691 2821 2914 2886 δυνατός
2937 2825 3082 2876 ἐστιν
3114 2840 3127 2853 ·
3191 2826 3298 2887 πᾶς
3345 2824 3401 2877 δὲ
3468 2824 3694 2883 δυνατὸς

2104 2910 2332 2981 δύναμιν
2370 2911 2482 2982 ἔχει
2527 2911 2649 2964 καθ’
2693 2913 2761 2982 ἦν
2817 2916 2934 2967 ἐστι
2963 2915 3206 2981 δυνατὸς,
3241 2918 3334 2969 καὶ
3355 2917 3422 2970 δι’
3448 2911 3516 2987 ἧς
3545 2918 3692 2970 ποιεῖ

2105 3001 2179 3064 ὡς
2223 3001 2465 3065 δυνατὸς,
2532 3003 2624 3054 καὶ
2669 3004 2756 3055 ἐπ’
2816 3004 2978 3057 αὑτὸν
3025 3007 3087 3058 τὸ
3114 3005 3372 3059 δύνασθαι
3407 3005 3628 3075 λέγεται
3666 3022 3682 3038 ⁶

2108 3097 2402 3162 συνάγεται
2454 3095 2562 3164 ἄρα
2622 3097 2701 3148 ὅτι
2744 3097 2773 3148 6
2821 3098 2879 3148 ὲν
2904 3097 3129 3167 δυνάμει
3183 3097 3317 3161 Θεὸς
3365 3099 3458 3151 τὸν
3487 3099 3691 3170 κόσμον

2105 3189 2337 3260 πράξας,
2373 3189 2602 3260 δύναμιν
2631 3190 2741 3259 ἔχει
2773 3189 2896 3242 καθ’
2941 3190 3009 3260 ἥν
3033 3192 3146 3244 ἐστι
3183 3190 3431 3256 δυνατὸς,
3481 3193 3576 3245 καὶ
3622 3191 3690 3244 δι’

2097 3277 2164 3355 ἦς
2191 3284 2350 3347 ποιεῖ,
2387 3283 2480 3335 καὶ
2515 3282 2574 3334 τὸ
2599 3282 2862 3336 δύνασθαι
2895 3283 2982 3336 ἐπ’
3014 3283 3175 3336 αὐτὸν
3199 3283 3419 3352 λέγεται
3453 3301 3467 3315 ο
3529 3286 3578 3337 εἰ
3627 3283 3683 3336 δὲ

2096 3375 2272 3442 τοῦτο,
2316 3376 2410 3428 καὶ
2460 3374 2619 3446 ἑτέρα
2657 3394 2774 3439 πως
2836 3377 2900 3429 ἂν
2945 3375 3028 3446 εἴη
3095 3377 3128 3447 ἡ
3179 3376 3410 3447 ἐχομένη
3459 3375 3690 3446 δύναμις

2095 3468 2188 3522 τοῦ
2214 3468 2426 3539 ἔχοντος
2458 3485 2472 3499 ’
2507 3469 2656 3520 οὐδὲν
2682 3468 2788 3537 γάρ
2825 3468 2931 3520 τῶν
2970 3468 3139 3520 ὄντων
3163 3467 3293 3520 αὐτὸ
3323 3467 3520 3522 ἑαυτοῦ
3549 3469 3690 3522 κατὰ

2095 3561 2313 3627 ταυτὸν,
2347 3559 2492 3630 ἔχειν
2521 3577 2578 3612 τε
2610 3560 2703 3612 καὶ
2747 3560 2969 3630 ἔχεσθαι
2994 3561 3144 3613 δοκεῖ
3170 3575 3184 3591 ⁶
3229 3560 3417 3632 ὥσπερ
3470 3562 3593 3615 οὐδὲ
3624 3561 3683 3615 τδ

2096 3657 2228 3710 αὐτὸ
2259 3656 2400 3727 ὁρῶν
2427 3672 2484 3707 τε
2517 3655 2606 3706 καὶ
2633 3652 2932 3724 ὁρώμενον,
2979 3654 3182 3707 τύπτον
3231 3671 3290 3706 τε
3347 3656 3442 3708 καὶ
3490 3657 3690 3709 τυπτόο

2099 3768 2282 3822 μενον,
2307 3750 2576 3819 γινωσκόν
2610 3766 2670 3801 τε
2722 3752 2816 3802 καὶ
2835 3749 3254 3818 γινωσκόμενον,
3276 3751 3486 3820 γράφον
3508 3769 3563 3805 τε
3591 3752 3685 3805 καὶ

2093 3842 2442 3914 γραφόμενον
2473 3856 2488 3870 ⁸
2520 3840 2660 3894 ὥστε
2700 3841 2858 3908 δῆλον
2895 3842 2976 3894 ὅτι
2999 3840 3196 3911 τρόπον
3221 3845 3362 3905 τινὰ,
3396 3843 3496 3896 οὐκ
3529 3845 3685 3908 αὐτός

2092 3936 2196 3989 τεό
2229 3935 2361 3998 Θεὸς
2389 3935 2620 4004 δύναμις
2642 3933 2883 4002 λέγεται,
2917 3935 3038 3988 καθ’
3067 3936 3134 4005 ῆν
3171 3939 3288 3989 ἐστι
3331 3937 3575 4001 δυνατὸς,
3609 3939 3684 4001 ὡς

2093 4028 2235 4098 ἔχων
2270 4027 2520 4097 δύναμιν,
2566 4027 2658 4080 καὶ
2692 4026 2760 4079 δι’
2807 4021 2875 4098 ἧς
2927 4030 3072 4079 ποιεῖ
3112 4030 3140 4081 6
3187 4029 3416 4098 ποιητής
3471 4047 3529 4083 τε
3589 4031 3682 4083 καὶ

2090 4122 2461 4193 δημιουργός⁸
2515 4122 2564 4174 εἰ
2600 4120 2657 4174 δὲ
2724 4120 2882 4173 τοῦτο
2942 4120 3164 4190 ἀληθὲς,
3206 4121 3394 4193 ὥσπερ
3448 4120 3543 4175 οἷν
3590 4125 3680 4177 καὶ

2091 4211 2311 4280 ἀληθὲς.
2341 4213 2446 4282 ἄρα
2471 4228 2534 4279 γε
2558 4210 2700 4264 κατὰ
2735 4211 2865 4280 μίαν
2887 4213 3056 4282 μόνην
3083 4213 3177 4266 καὶ
3221 4215 3397 4282 ἁπλῆν
3421 4215 3676 4283 δύναμιν,

2090 4303 2268 4356 πάντα
2302 4303 2391 4355 τὸν
2419 4301 2622 4372 κόσμον
2648 4303 2675 4354 6
2695 4301 2826 4365 Θεὸς
2855 4302 3115 4354 οὐσίωσέν
3135 4321 3194 4356 τε
3223 4305 3316 4356 καὶ
3349 4305 3676 4378 δεδημιούρ-

2089 4411 2262 4467 γηκεν
2296 4411 2311 4426 ⁶
2349 4395 2444 4449 καὶ
2474 4394 2681 4466 ταύτην
2712 4398 3162 4466 πεπερασμένην,
3223 4396 3252 4468 ἢ
3307 4399 3538 4468 άπειρνλν
3573 4415 3586 4430 ο
3643 4399 3674 4470 ἢ

2089 4489 2233 4542 κατὰ
2257 4487 2533 4550 πλείονας.
2577 4487 2672 4540 καὶ
2707 4487 2910 4552 ταύτας
2960 4492 3386 4560 πεπερασμένας
3445 4490 3476 4560 ἢ
3530 4491 3682 4544 ἀπεῖ-

389 4577 642 4630 sistcntia
681 4577 907 4631 donavit
945 4578 1280 4648 creavitque.
1342 4578 1512 4633 Porro
1573 4579 1690 4634 haec
1736 4581 1977 4650 potentia

2101 4597 2234 4644 σους.
2265 4581 2325 4634 El
2345 4580 2443 4651 μὲν
2467 4577 2560 4634 οὖν
2590 4580 2732 4634 κατὰ
2755 4581 2883 4651 μίαν
2915 4581 3083 4652 μόνην
3111 4584 3204 4635 καὶ
3230 4584 3674 4655 πεπερασμένην,

391 4671 474 4728 vel
505 4670 737 4723 limitata
775 4677 879 4732 est,
907 4669 990 4724 vel
1018 4670 1232 4725 infinita
1259 4688 1273 4736 ;
1310 4671 1394 4726 vel
1423 4675 1584 4727 etiam
1609 4674 1792 4743 plures
1828 4683 1979 4740 sunt,

387 4765 585 4834 haeque
610 4765 856 4818 limitata:
883 4774 977 4820 aut
1003 4765 1249 4822 inliuitaa.
1284 4766 1339 4821 Si
1370 4783 1499 4839 ergo
1528 4769 1638 4839 egit
1662 4784 1758 4839 per
1792 4785 1977 4837 unam,

389 4860 565 4914 solam
609 4873 674 4913 ac
718 4858 1030 4922 limitatam,
1064 4859 1294 4916 evidens
1327 4871 1410 4916 est
1453 4862 1793 4926 absurditas,
1832 4865 1978 4933 quod

387 4950 617 5005 limitata
650 4953 891 5020 potentia
928 4949 1070 5007 Deus
1101 4967 1189 5007 res
1227 4953 1534 5010 mundanas
1562 4956 1881 5026 produxerit
1925 4969 1979 5012 et

384 5050 696 5098 conservet.
733 5041 898 5115 Atqui
929 5059 1094 5099 omne
1133 5045 1280 5115 quod
1311 5061 1435 5100 cum
1471 5046 1700 5102 limitata
1736 5049 1978 5118 potentia

383 5133 655 5202 producit,
690 5135 925 5188 termino
977 5151 1350 5206 mensuraque
1406 5138 1682 5192 contineri
1745 5155 1974 5196 necesse

383 5234 487 5289 est,
525 5232 634 5278 tam
689 5225 995 5296 quantitate
1044 5225 1255 5281 scilicet
1297 5227 1456 5282 factae
1484 5229 1562 5281 rei
1606 5243 1767 5297 quant
1795 5230 1972 5300 quali-

2091 4677 2314 4728 σκοπεῖν
2383 4674 2500 4728 ἐστι
2565 4675 2626 4727 τὸ
2700 4675 2902 4729 ἄτοπον
2950 4692 2967 4708 ι
3015 4676 3044 4727 6
3088 4676 3221 4740 Θεὸς
3281 4679 3678 4749 πεπερασμένη

2086 4764 2334 4836 δυνάμει,
2362 4766 2430 4818 τὰ
2455 4765 2580 4838 τῇδε
2608 4766 2932 4836 παρήγαγεν
2957 4785 3014 4820 τε
3043 4768 3137 4821 καὶ
3169 4769 3464 4840 περισώζει
3493 4787 3506 4799 ·
3573 4774 3678 4822 πᾶν

2086 4858 2142 4912 δὲ
2173 4857 2233 4910 τὸ
2270 4859 2666 4931 πεπερασμένη
2693 4859 2921 4929 δυνάμει
2965 4861 3235 4930 παράγον,
3297 4863 3676 4932 συνορὶζεσθαι

2085 4950 2298 5022 ἀνάγκη
2326 4951 2422 5005 καὶ
2450 4953 2907 5023 συμμετρεῖσθαι,
2934 4953 3010 5024 τῷ
3053 4972 3111 5006 τε
3165 4955 3320 5024 ποσῷ
3382 4959 3479 5008 καὶ
3537 4958 3677 5027 ποιῷ

2085 5045 2193 5099 τῶν
2213 5045 2514 5116 γινομένων
2542 5063 2556 5077 ·
2591 5048 2719 5101 εἰδὲ
2750 5049 2928 5111 τοῦτο,
2989 5049 3083 5101 καὶ
3142 5047 3487 5118 συνεκλεέψει
3527 5066 3540 5080 ·
3599 5050 3676 5119 τῷ

2083 5139 2191 5212 γὰρ
2235 5141 2661 5213 πεπερασμένῳ,
2713 5144 2771 5196 ὲν
2823 5141 3037 5212 ἀπείρῳ
3084 5143 3262 5212 χρόνῳ
3311 5140 3559 5211 διαρκεῖν
3613 5143 3673 5194 οὐ

2083 5233 2398 5304 πρόσεστιν.

383 5328 512 5375 tate.
545 5318 767 5387 Quodsi
797 5322 873 5374 ita
897 5335 956 5375 se
988 5319 1172 5388 habet,
1214 5319 1431 5377 deliciet
1461 5323 1627 5377 etiam
1656 5322 1974 5393 aliquando.
2013 5325 2152 5382 Nam
2196 5329 2342 5400 quod
2382 5328 2672 5383 [imitatum
2715 5336 2818 5391 est,
2862 5327 2913 5381 id
2950 5328 3162 5384 inlinito
3235 5337 3480 5399 tempore
3550 5344 3675 5400 pcr-

378 5415 578 5469 durare
609 5413 817 5484 nequit.

449 5512 504 5568 6.
552 5512 616 5567 Et
645 5513 840 5567 aliter:
890 5510 948 5568 Si
983 5521 1115 5583 ergo
1157 5511 1301 5567 Deus
1334 5511 1564 5568 limitata
1597 5529 1816 5585 unaque
1864 5532 1966 5586 po-

380 5606 546 5660 tentia
575 5614 725 5660 creat
744 5607 928 5661 omnia
957 5621 1081 5676 qua:
1104 5604 1247 5659 facta
1272 5614 1421 5674 sunt,
1451 5616 1598 5676 patet
1627 5624 1752 5662 eum
1786 5609 1963 5679 ipsum

425 5719 770 5806 _(3)‘Reapse
797 5720 850 5774 in
883 5719 1270 5806 Etymologicq
1293 5734 1514 5806 magno,
1536 5721 1670 5786 Θεὸς
1720 5723 1961 5806 παράιτδ

376 5791 480 5854 θῶ,
510 5791 569 5866 τό
590 5791 988 5866 κατασκευάςω
1008 5792 1101 5843 καὶ
1141 5791 1318 5866 ποιῶς
1381 5791 1678 5866 ὁῌπάντων,
1705 5791 1959 5866 ποιητὴς,

379 5862 475 5916 καὶ
503 5861 602 5935 τῆς
629 5863 739 5918 τῶν
759 5862 977 5917 πάντων
1007 5863 1358 5933 κατασκευῆς
1375 5862 1572 5928 αἴτιος,
1622 5861 1830 5932 γίνεται
1871 5861 1963 5930 56;

2150 5513 2222 5582 ς’.
2265 5513 2376 5568 Καὶ
2421 5511 2623 5575 ἄλλως·
2657 5511 2718 5564 Εξ
2769 5506 2860 5564 οὖν
2891 5512 2918 5564 6
2948 5510 3077 5574 Θεδς
3127 5513 3525 5586 πεπερασμένη
3576 5516 3671 5569 καὶ

2077 5613 2178 5684 μιᾷ
2209 5610 2438 5678 δυνάμει
2468 5606 2797 5677 δημιουργεῖ
2824 5605 3003 5659 πάντα
3034 5606 3104 5659 τά
3134 5609 3361 5679 γενητὰ,
3398 5608 3562 5679 δῆλον
3587 5612 3670 5664 ὅτι

2069 5725 2165 5779 καὶ
2189 5722 2342 5784 Θεός.
2380 5719 2516 5774 Deus
2551 5736 2582 5792 α
2612 5719 2764 5792 verbo
2798 5719 2896 5783 θῶ,
2927 5719 3066 5790 quod
3098 5730 3173 5774 est
3198 5731 3452 5775 constrtto
3499 5735 3548 5777 et
3579 5724 3667 5792 fa-

2071 5797 2175 5850 cio.
2211 5793 2406 5847 Rerum
2435 5791 2670 5844 omnium
2706 5790 2902 5861 factor,
2927 5802 2977 5846 et
3031 5792 3202 5846 omnis
3253 5790 3668 5850 constructioni:

2071 5877 2283 5931 auctor,
2313 5864 2374 5934 ﬁt
2403 5861 2491 5926 οὺς
2517 5872 2568 5917 et
2607 5861 2760 5926 Θεός.
