4012 6488
252 289 345 359 677

1374 352 1381 361 ,
1415 285 1843 353 REFUTATIO
1873 284 2347 352 MOHAMEDIS.

3388 296 3495 360 673

253 411 335 467 καὶ
365 406 764 480 πεπερασμένη
794 404 1021 478 δυνάμει
1048 406 1109 461 ὲν
1134 403 1215 477 τῷ
1242 399 1383 459 εἶναι
1410 403 1815 475 χαρακτηρίζε-

1940 406 2143 461 nonnisi
2173 379 2236 461 ex
2267 404 2495 460 limitata
2528 405 2769 477 potentia
2809 405 3186 462 exsistentiam
3217 408 3497 478 propriam

252 520 369 556 ται·
408 502 458 555 εἰ
487 501 545 554 δὲ
573 498 751 565 τοῦτο,
786 499 882 552 καὶ
924 497 1025 552 οὑκ
1073 497 1247 561 ἀΐδιος
1267 511 1286 528 ο
1320 496 1612 564 συνάγεται
1656 496 1763 565 ἄρα
1792 494 1820 549 6

249 593 371 657 Θεὸς
397 593 496 646 οὑκ
533 591 725 657 ἀΐδιος,
775 591 911 663 ὅπερ
961 590 1114 644 ἐστὶν
1164 589 1389 645 ἄτοπονο
1420 590 1469 642 εἰ
1497 589 1542 642 δ’
1574 583 1641 643 αὖ
1678 587 1821 642 κατὰ

251 685 490 748 πλείονας
547 684 975 754 πεπερασμένας
1029 682 1289 753 δυνάμεις
1333 678 1520 745 όΘεὸς
1577 680 1819 751 παράγει

250 778 417 831 πάντα
444 776 514 830 τὰ
543 775 765 845 γενητὰ,
814 775 936 827 κατ’
981 774 1133 828 οὐδέν
1168 776 1285 827 ἐστι
1310 773 1373 826 τὸ
1409 773 1565 827 Θεϊον
1596 774 1822 844 ἀπειρο-

245 872 476 941 δὺναμον
502 888 516 902 ·
552 871 644 923 καὶ
678 871 760 932 εἰς
798 868 994 921 ταυτὸν
1026 869 1414 939 συνδραμεῖται
1461 868 1529 936 τῇ
1582 866 1821 937 προτέρᾳ

246 963 515 1030 ὑποθέσει,
542 963 609 1016 δι’
636 961 903 1032 ἑκατέρας
929 960 1241 1023 ὑποθέσεως
1265 976 1278 988 θ
1311 960 1407 1012 καὶ
1440 958 1735 1027 συνάγεται
1760 957 1821 1010 τὸ

246 1055 383 1111 κατὰ
432 1056 597 1127 μηδὲν
659 1049 801 1107 εἶναι
850 1054 911 1106 τὸ
951 1052 1106 1107 Θεῖον
1155 1051 1611 1123 ἀπειροδύναμον.
1666 1051 1822 1104 Ἐπεὶ

245 1144 336 1201 οὖν
365 1149 393 1201 6
420 1147 558 1201 αἰὼν
604 1146 769 1201 οἱονεὶ
820 1145 1051 1216 δύναμίς
1107 1146 1257 1198 ἐστιν
1313 1145 1561 1215 ἄπειρος,
1597 1143 1629 1214 ἢ
1660 1144 1823 1196 οἱονεὶ

243 1240 517 1311 διάστημα
554 1242 815 1310 ἄπειρον,
867 1238 1013 1293 καθὰ
1063 1241 1175 1302 τοῖς
1219 1239 1585 1309 ὲπιστήμοσιν
1630 1239 1725 1291 καὶ
1754 1239 1820 1308 τῇ

242 1332 473 1404 ἀληθείᾳ
505 1333 675 1395 δοκεῖ,
721 1331 954 1401 φανερὸν
989 1331 1072 1384 ὅτι
1101 1328 1159 1383 τὸ
1183 1329 1422 1393 αἰώνιον,
1472 1330 1563 1382 καὶ
1595 1331 1823 1401 ἀπειρο-

239 1424 515 1495 δὺναμονο
580 1424 731 1478 ἐστιν
781 1423 874 1477 οὖν
925 1421 1347 1491 συλλογίσασθαι
1411 1421 1621 1486 οὑτως·
1655 1423 1719 1475 Ei
1766 1422 1825 1475 τὸ

238 1518 463 1572 αἰώνιον
508 1518 967 1590 ἁπειροδύναμον,
1013 1518 1150 1589 ὅπερ
1185 1513 1279 1571 οῦν
1306 1518 1407 1571 οὑκ
1438 1518 1550 1589 ἔχει
1596 1518 1826 1587 δὺναμιν

238 1614 497 1685 ἄπειρον,
528 1613 688 1666 τοῦτο
716 1613 839 1665 οὐδὲ
864 1610 1081 1665 αἰώνιόν
1108 1613 1257 1665 ἐστιν
1281 1626 1294 1640 ·
1320 1612 1369 1665 εί
1404 1608 1499 1665 οὖν
1531 1610 1652 1665 κατ’
1676 1611 1825 1664 0665-

237 1706 377 1776 μίαν
403 1704 514 1760 τῶν
538 1706 818 1776 ἑκατέρων
843 1704 1180 1767 ὑποθέσεων,
1218 1704 1246 1756 6
1272 1703 1404 1767 Θεὸς
1446 1702 1675 1774 ἄπειρον
1712 1702 1826 1773 ἔχει

231 1799 494 1870 δύναμιν,
545 1799 669 1852 κατ’
697 1798 847 1851 οὐδέν
880 1798 1029 1850 ἐστιν
1080 1796 1333 1861 αἰώνιοςο
1372 1798 1421 1850 εἰ
1455 1795 1513 1850 δὲ
1558 1796 1634 1867 μή
1679 1798 1827 1849 ἐστιν

231 1891 484 1953 αἰώνιος,
525 1890 630 1944 ὑπὸ
678 1890 870 1961 χρόνον
926 1890 1074 1943 ἐστὶν
1118 1888 1178 1953 ἐξ
1223 1889 1506 1960 ἀνάγκηςο
1554 1886 1665 1941 τῶν
1719 1886 1828 1957 γὰρ

227 1984 410 2038 ὅντων
440 1984 509 2037 τὰ
543 1983 642 2055 μέν
673 1985 821 2036 ἐστιν
851 1981 1046 2036 αἰώνια
1071 2022 1086 2043 ,
1136 1982 1203 2035 τὰ
1243 1981 1301 2035 δὲ
1333 1981 1438 2034 ὑπὸ
1473 1980 1664 2051 χρόνον
1684 1998 1696 2009 ·
1733 1977 1828 2033 καὶ

228 2076 359 2139 πῶς
408 2076 516 2128 ὑπὸ
574 2075 818 2146 χρόνονὸ
848 2074 957 2127 τῶν
1006 2074 1218 2144 χρόνων
1256 2072 1630 2143 δημιουργός;
1680 2072 1728 2125 εἰ
1771 2071 1829 2125 δὲ

227 2167 422 2229 τοῦτο,
461 2168 554 2219 καὶ
586 2166 761 2237 ἀρχὴν
794 2165 908 2236 ἔχει.
953 2166 1047 2219 καὶ
1086 2165 1239 2228 τέλος
1264 2181 1278 2195 ο
1322 2164 1415 2217 καὶ
1448 2163 1576 2218 ἄλλο
1605 2181 1656 2216 τι
1679 2161 1829 2231 αὑτῷ

224 2257 395 2313 ἔσται
419 2258 517 2312 τοῦ
549 2254 691 2313 εἶναι
723 2258 818 2312 καὶ
853 2259 955 2329 τῆς
984 2257 1276 2328 ὑπάρξεως
1321 2258 1494 2311 αἴτιον
1516 2274 1530 2288 ·
1564 2260 1659 2310 καὶ
1699 2256 1829 2327 περὶ

221 2356 456 2409 ἐκείνου
487 2356 553 2409 τὰ
578 2355 718 2408 αὐτὰ
748 2355 1131 2425 ἀπορήσομεν·
1165 2354 1258 2407 καὶ
1280 2352 1438 2407 τοῦτο
1458 2352 1546 2406 ἐπ’
1577 2345 1826 2423 ἄπειρον,

222 2448 331 2500 ὅπε
342 2464 381 2517 ρ
409 2445 559 2500 ἐστὶν
592 2446 814 2500 ἄτοπον.
846 2446 1107 2499 Λείπεται
1130 2444 1238 2513 ἄρα
1265 2445 1373 2498 τῶν
1393 2444 1598 2497 λοιπῶν
1624 2443 1717 2497 δύο
1734 2443 1830 2515 τὴν

224 2542 442 2612 ἑτέραν
472 2538 649 2611 ἀληθῆ
694 2534 857 2603 εἶναι,
903 2539 1002 2607 τῆς
1036 2535 1354 2609 (patriotism
1388 2538 1519 2609 μίαν
1551 2537 1645 2590 καὶ
1674 2537 1832 2591 ἄπει-

225 2652 360 2708 ρον,
398 2633 620 2702 καὶτῆς
663 2630 863 2694 πολλάς
897 2648 954 2684 τε
984 2632 1078 2684 καὶ
1119 2630 1410 2702 ἀπείρους’
1458 2629 1575 2684 ἀλλ’
1617 2631 1697 2683 ὅτι
1734 2629 1833 2700 μὲν

223 2724 503 2787 πλείονας
545 2722 803 2790 δυνάμεις
842 2720 937 2773 καὶ
966 2720 1249 2790 ἀπείρους,
1285 2719 1354 2771 δι’
1396 2718 1463 2781 ἃς
1508 2718 1835 2789 δημιουργεῖ

224 2820 330 2872 τὸν
382 2816 591 2887 κόσμον
621 2816 649 2867 6
677 2814 832 2878 Θεὸς,
874 2812 1055 2881 λέγειν
1086 2814 1179 2865 ἐπὶ
1216 2812 1351 2866 Θεοῦ
1383 2811 1653 2867 ἀνοίκειόν
1685 2814 1833 2865 ἐστιν

232 2910 331 2965 διὰ
354 2910 459 2980 τὴν
502 2907 742 2978 παντελῆ
778 2905 873 2961 τοῦ
923 2904 1061 2959 Θεοῦ
1117 2905 1419 2976 ἁπλότητα,
1478 2904 1711 2974 φανερὸν
1752 2905 1834 2958 ὅτι

241 3003 385 3072 μίαν
416 3001 511 3055 καὶ
555 3001 781 3071 ἄπειρον
828 2998 920 3053 καὶ
966 2997 1109 3052 κατὰ
1152 2998 1331 3052 πάντα
1374 2996 1832 3069 ὰπειροδύναμον,

1921 500 2122 555 habere
2143 500 2339 555 videri.
2363 498 2519 567 Quod
2550 501 2595 557 si
2621 502 2695 556 ita
2729 509 2831 565 est,
2861 515 2971 556 non
2998 509 3084 556 est
3111 501 3498 572 sempiternus.

1920 589 2211 663 Colligitur
2248 607 2377 664 ergo
2406 592 2572 648 Deum
2598 609 2707 649 non
2741 607 2865 649 esse
2894 593 3322 664 sempiternum;
3354 596 3505 664 quod

1922 694 2008 740 est
2044 685 2367 741 absurdum.
2402 684 2497 741 Sin
2539 701 2672 742 vero
2706 685 2850 741 Deus
2894 702 2989 757 per
3030 686 3505 756 pluresiimitalas

1922 781 2193 851 potentias
2224 788 2533 834 creaturam
2562 794 2782 835 omnem
2813 781 3087 851 producit,
3116 779 3265 834 nulla
3299 781 3353 835 in
3391 779 3503 833 Deo

1923 873 2132 927 inﬁnita
2177 874 2416 944 potentia
2454 881 2557 938 est,
2590 876 2892 946 eodemque
2920 885 2978 931 ut
3006 888 3165 931 antea
3206 890 3505 945 argumen-

1924 974 2037 1020 tum
2081 966 2275 1021 recidit
2316 967 2369 1020 in
2422 976 2658 1038 utraque
2725 969 3050 1040 hypothesi;
3102 969 3510 1039 conﬁciturque

1924 1067 1985 1111 ut
2020 1057 2164 1113 Deus
2190 1058 2339 1113 nulla
2366 1059 2422 1113 in
2450 1075 2510 1115 re
2539 1060 2610 1115 sit
2641 1061 3011 1131 omnipotens.
3036 1061 3177 1129 Quia
3198 1077 3329 1134 ergo
3354 1071 3514 1117 aeter-

1926 1150 2071 1206 nitas
2110 1161 2195 1207 est
2233 1152 2483 1222 quaedam
2513 1154 2677 1209 veluti
2725 1153 2939 1209 inﬁnita
2970 1156 3236 1226 potentia,
3266 1155 3349 1211 vel
3380 1156 3507 1210 inti-

1926 1242 2099 1297 nitum
2133 1243 2408 1314 quoddam
2444 1244 2703 1314 spatium,
2740 1253 2797 1299 ut
2827 1247 3169 1315 sapientibus
3195 1255 3247 1301 et
3278 1247 3378 1317 ipsi
3412 1264 3510 1302 ve-

1924 1336 2071 1390 ritati
2133 1336 2330 1406 piaret,
2370 1346 2588 1393 constat
2642 1338 2695 1394 id
2737 1338 2880 1409 quod
2935 1346 3200 1393 aeternum
3225 1343 3331 1403 est,
3365 1339 3511 1394 idem

1926 1442 2048 1483 esse
2105 1428 2271 1482 etiam
2338 1430 2710 1500 omnipotens.
2770 1430 2862 1487 Sic
2910 1432 3096 1502 itaque
3135 1433 3511 1503 argumentari

1928 1520 2054 1575 licet
2080 1539 2092 1574 :
2122 1520 2180 1575 Si
2210 1521 2354 1591 quod
2386 1530 2651 1577 :nternum
2686 1532 2792 1589 est,
2818 1523 2959 1578 idem
3000 1524 3379 1593 omnipotens,
3425 1540 3515 1579 se-

1929 1614 2115 1683 quitur
2137 1623 2196 1668 ut
2223 1614 2368 1684 quod
2396 1630 2503 1671 non
2531 1615 2691 1671 habet
2717 1617 3014 1687 potentiam
3045 1616 3337 1684 inﬁnitam,
3371 1616 3515 1671 idem

1930 1719 1998 1757 ne
2029 1713 2300 1758 aeternum
2337 1705 2557 1773 quidem
2591 1706 2683 1762 sit.
2742 1705 2799 1761 Si
2834 1721 2963 1776 ergo
3012 1707 3064 1761 in
3115 1716 3309 1763 neutra
3341 1707 3518 1779 hypo-

1931 1792 2068 1849 thesi
2100 1792 2242 1850 Deus
2272 1794 2543 1850 inﬁnitam
2598 1797 2761 1852 habet
2803 1799 3127 1869 potentiam,
3162 1800 3314 1854 nullo
3354 1796 3519 1854 modo

1929 1896 2012 1944 est
2041 1898 2301 1943 aeternus.
2348 1888 2503 1955 Quod
2552 1890 2598 1945 si
2651 1900 2875 1946 nonest
2909 1900 3167 1957 :cternus,
3209 1892 3521 1947 necessario

1931 1981 2161 2051 tempori
2214 1980 2485 2037 obnoxius
2541 1991 2645 2037 est.
2693 1981 2830 2036 Nam
2880 1999 3059 2038 rerum
3118 1984 3514 2039 exsistentium

1931 2074 2051 2129 alia:
2119 2084 2336 2129 aztcrnre
2388 2082 2538 2141 sunt,
2600 2076 2720 2130 alia:
2775 2084 3019 2147 tempore
3064 2078 3518 2148 circumscriptae.

1931 2165 2219 2233 Quomodo
2252 2176 2436 2221 autem
2466 2176 2713 2238 tempore
2757 2167 2830 2222 sit
2868 2168 3322 2239 circumscriptus
3350 2171 3396 2225 is
3427 2170 3523 2239 qui

1931 2266 2238 2328 temporum
2275 2265 2359 2313 cst
2408 2260 2662 2313 creator?
2695 2259 2849 2325 Quod
2902 2260 2947 2315 si
2998 2260 3069 2315 ita
3100 2262 3189 2327 sit,
3221 2270 3274 2315 et
3305 2259 3520 2315 initium

1932 2350 2096 2405 habet
2124 2359 2178 2405 et
2204 2351 2405 2413 linem;
2453 2359 2507 2405 et
2545 2350 2690 2406 aliud
2724 2352 2924 2422 aliquid
2974 2353 3022 2407 ei
3059 2353 3164 2407 erit
3189 2352 3525 2408 exsistentize

1934 2440 2415 2510 subsistentiaeque
2441 2443 2781 2496 causativum
2815 2458 2829 2495 :
2861 2451 2913 2496 et
2945 2457 3143 2496 rursus
3166 2442 3231 2495 de
3266 2442 3370 2496 hoc
3406 2442 3525 2512 ipso

1932 2532 2121 2587 eodem
2184 2536 2348 2586 modo
2417 2531 2797 2600 ambigemus;
2840 2534 2893 2587 et
2943 2533 3045 2588 hoc
3108 2533 3163 2587 in
3214 2532 3524 2598 inﬁnitum;

1934 2625 2080 2695 quod
2114 2634 2194 2679 est
2230 2626 2551 2680 absurdum.
2587 2626 2877 2696 Reliquum
2909 2635 2994 2681 est
3033 2626 3217 2695 igitur,
3256 2633 3317 2679 ut
3353 2626 3527 2679 alter-

1936 2729 2057 2771 utra
2101 2732 2165 2770 ex
2201 2716 2413 2771 duabus
2439 2732 2564 2771 "era
2594 2716 2859 2771 sententia
2893 2717 2999 2783 sit;
3047 2716 3096 2770 id
3151 2724 3255 2781 est,
3300 2716 3385 2769 vel
3425 2716 3518 2769 illa

1937 2825 2057 2878 qua:
2085 2824 2247 2863 unam
2272 2811 2404 2864 dicit
2430 2810 2866 2879 immensamque
2890 2810 3184 2878 potentiam
3208 2827 3223 2870 ;
3250 2808 3331 2863 vel
3353 2810 3525 2863 altera

1936 2914 2059 2969 qua:
2098 2898 2282 2968 plures
2339 2907 2393 2951 et
2441 2899 2759 2953 immensas.
2818 2898 2923 2952 Sed
2979 2899 3125 2971 enim
3164 2900 3287 2968 quia
3342 2899 3527 2968 plures

1939 2991 2208 3061 potentias
2268 2999 2321 3043 et
2376 2992 2675 3045 immensas
2731 2990 2952 3056 dicere,
3002 2990 3203 3060 quibus
3262 2992 3528 3045 mundum

240 3098 391 3167 ὅπερ
425 3093 520 3148 καὶ
571 3092 776 3164 μᾶλλον
806 3088 1004 3160 ἀληθές
1038 3090 1178 3153 ἐστι,
1220 3089 1314 3141 καὶ
1351 3091 1473 3149 ταῖς
1500 3091 1709 3150 κοιναῖς
1741 3088 1834 3140 ἐπὶ

1943 3079 2084 3133 Deus
2117 3079 2444 3145 condiderit,
2480 3079 2591 3133 lico
2631 3079 2993 3150 improprium
3031 3090 3134 3147 est,
3171 3089 3388 3151 propter
3414 3097 3533 3135 om-

243 3187 390 3241 Θεοῦ
418 3186 646 3249 ἐννοίαις
679 3182 968 3253 ἁρμόττον.
1009 3179 1166 3234 Ἐπεὶ
1197 3178 1288 3232 οὖν
1310 3181 1337 3233 6
1367 3179 1522 3248 λόγος
1550 3181 1614 3232 ὲκ
1640 3178 1837 3231 κοινῶν

245 3277 474 3332 ἐννοιῶν
523 3277 621 3331 καὶ
668 3277 798 3345 ἡμῖν
867 3271 1302 3342 κατειθισμένων
1360 3272 1453 3324 καὶ
1494 3271 1564 3324 δι’
1612 3270 1838 3339 ἐπιστη-

252 3371 498 3443 μονικῶν
530 3368 929 3441 ἐπιχειρήσεων
962 3365 1162 3430 ἔδειξεν
1194 3364 1277 3417 ὃτι
1335 3364 1479 3417 κατὰ
1509 3363 1638 3435 μίαν
1668 3363 1837 3433 ⁸·.όνην

247 3466 351 3518 καὶ
384 3464 560 3535 ἁπλῆν
600 3460 863 3516 καὶκατὰ
891 3459 1070 3512 πάντα
1107 3455 1547 3525 ἀπειροδὺναμον
1581 3454 1835 3524 δύναμιν,

247 3558 278 3610 6
304 3556 441 3621 Θεὸς
484 3557 546 3609 τὸ
575 3553 803 3617 δυνατὸς
851 3548 988 3605 εἶναι
1029 3549 1165 3621 ἔχει,
1197 3550 1290 3602 καὶ
1315 3549 1384 3602 δι’
1410 3549 1583 3618 αὑτῆς
1631 3549 1779 3600 ποιεί
1809 3545 1838 3598 6

248 3650 424 3715 ποιεῖ,
456 3652 551 3702 καὶ
586 3647 682 3701 τὸν
714 3645 921 3714 κόσμον
963 3643 1227 3696 οὑσίωσέν
1251 3659 1313 3695 τε
1356 3641 1451 3694 καὶ
1490 3642 1836 3713 παρήγαγεν,

250 3744 350 3797 καὶ
378 3743 463 3797 ἐπ’
492 3742 656 3795 αὑτὸν
695 3738 755 3793 τὸ
779 3736 1039 3791 δύνασθαι
1061 3735 1283 3803 λέγεται
1304 3751 1318 3764 ·
1351 3732 1491 3804 αῦτη
1515 3730 1607 3786 οὖν
1633 3733 1666 3804 ἡ
1688 3733 1842 3785 δύνα-

258 3854 374 3907 μις,
397 3836 431 3907 ἢ
456 3835 586 3889 ποεὲ
612 3835 762 3887 ἐστιν
786 3833 845 3883 ὲν
866 3829 944 3900 τῷ
973 3828 1117 3900 Θεῷ,
1142 3826 1278 3898 ἣάεί
1296 3842 1311 3858 ⁸
1343 3825 1459 3879 ἀλλ’
1486 3826 1534 3878 sl
1561 3824 1659 3897 μὲν
1687 3823 1837 3887 ποτὲ,

255 3931 413 3983 ἔσται
437 3932 463 3984 6
494 3929 627 3991 Θεὸς
676 3927 805 3979 ποτὲ
842 3922 1115 3993 ἀδύναμος
1159 3922 1253 3975 καὶ
1302 3920 1593 3990 ἀνίσχυρος
1619 3918 1712 3973 τοῦ
1743 3918 1841 3987 δη-

263 4024 540 4094 μιουργεῖν
569 4037 630 4075 τε
661 4021 757 4072 καὶ
787 4017 1058 4086 παράγειν
1080 4030 1093 4045 ’
1133 4013 1228 4067 καὶ
1260 4012 1368 4085 γὰρ
1401 4014 1484 4081 ἐφ’
1516 4005 1593 4065 ὧν
1622 4010 1840 4083 ἠδύνα-

265 4134 354 4187 μις
389 4116 515 4170 ποτὲ
546 4116 607 4169 οὑ
641 4112 970 4184 πρόσεστιν,
1024 4107 1231 4161 τούτων
1264 4106 1356 4159 καὶ
1389 4105 1451 4158 τὸ
1485 4104 1616 4157 ποτὲ
1666 4103 1843 4156 ποιεῖν

262 4212 686 4266 διακεκώλυταιο
732 4209 783 4261 εἰ
831 4206 888 4259 δὲ
931 4205 1119 4268 τοῦτο,
1174 4203 1270 4256 καὶ
1320 4200 1380 4254 οὑ
1429 4200 1728 4270 σύνδρομον
1783 4196 1844 4250 τὸ

264 4305 514 4360 δύνασθαι
538 4305 736 4367 θέλειν,
759 4303 853 4356 καὶ
876 4298 991 4363 πῶς
1012 4298 1200 4352 διοίσει
1220 4296 1316 4367 τῆς
1342 4296 1578 4366 γενητῆς
1603 4293 1843 4362 φύσεως,

1941 3174 2217 3228 niinodam
2272 3174 2490 3229 deitatis
2555 3174 3011 3245 simplicitatem;
3074 3176 3320 3246 profecto
3384 3184 3534 3246 patet

1942 3283 2105 3322 unam
2146 3269 2580 3340 immensamque
2610 3285 2732 3324 esse
2759 3272 3079 3339 p0tentiam,
3113 3280 3163 3325 et
3186 3287 3534 3341 quaquever-

1942 3376 2036 3416 sus
2064 3360 2525 3431 omnipotentem;
2566 3378 2709 3432 quoa
2741 3372 2791 3417 et
2822 3363 3003 3417 verius
3050 3371 3154 3425 est,
3195 3372 3248 3417 et
3283 3380 3535 3418 commu-

1942 3452 2103 3507 nibus
2133 3451 2200 3506 de
2237 3452 2352 3507 Deo
2384 3453 2700 3507 notionibus
2734 3468 3063 3522 congruum.
3103 3451 3380 3519 Quoniam
3429 3454 3535 3506 ita-

1942 3558 2050 3614 que
2100 3559 2282 3599 sermo
2313 3555 2501 3599 noster
2557 3560 2623 3600 ex
2658 3546 3047 3601 communibus
3099 3545 3368 3616 nobisque
3400 3561 3537 3600 con-

1943 3639 2116 3696 suetis
2147 3640 2461 3696 notionibus
2512 3641 2864 3709 scientiaeque
2897 3645 3239 3713 argumentis
3270 3644 3534 3709 ostendit,

1946 3747 2134 3798 unam,
2167 3734 2361 3799 solam,
2387 3732 2821 3805 simplicemque,
2844 3744 2896 3789 et
2921 3750 3332 3805 quaqneversus
3359 3737 3541 3790 omni-

1943 3832 2221 3894 potentem
2256 3840 2378 3880 esse
2420 3824 2741 3880 facultatem
2794 3828 2943 3881 illam
2968 3867 2983 3892 ,
3018 3844 3125 3897 qua
3159 3827 3303 3883 Dens
3340 3839 3536 3898 potens

1943 3927 2057 3983 est,
2098 3926 2150 3972 et
2180 3933 2289 3987 qua
2327 3919 2376 3972 id
2408 3920 2520 3988 agit
2546 3920 2691 3988 quod
2732 3920 2860 3990 agit,
2884 3922 3196 3991 mundoque
3229 3923 3538 3978 Slilbislt'll'

1944 4010 2076 4065 tiam
2106 4010 2372 4078 contulit;
2403 4013 2537 4076 haec,
2568 4013 2814 4082 inquam,
2837 4016 3098 4082 potentia,
3129 4014 3211 4067 vel
3242 4012 3541 4083 aliquando

1946 4104 2001 4157 in
2051 4103 2160 4158 Deo
2189 4113 2293 4167 est,
2326 4104 2410 4157 vel
2450 4119 2688 4175 semper.
2729 4106 2834 4160 Sed
2882 4107 2926 4160 si
2960 4107 3257 4177 aliquando
3305 4116 3537 4171 tantum,

1944 4199 2089 4255 Deus
2123 4200 2226 4254 erit
2248 4201 2540 4269 aliquando
2573 4202 2844 4271 impotens
2872 4211 2923 4256 et
2950 4202 3223 4256 invalidus
3254 4201 3321 4255 ad
3348 4216 3543 4255 crean~

1947 4293 2075 4348 dum
2114 4310 2179 4349 ac
2214 4293 2653 4364 producendum.
2682 4292 2816 4349 Nam
2853 4294 3057 4363 quibus
3092 4296 3142 4349 in
3177 4294 3341 4349 rebus
3373 4296 3545 4349 inter~

270 4399 349 4451 ἐπ’
379 4402 441 4453 ἂν
468 4399 526 4452 τὸ
552 4396 818 4451 δύνασθαι
869 4390 1019 4462 αὑτῷ
1064 4390 1164 4442 οὑκ
1199 4389 1287 4442 ἀεὶ
1339 4386 1665 4459 πρόσεστιν;
1708 4384 1834 4438 ἀλλὰ

1948 4385 2078 4440 dum
2127 4388 2175 4441 ei
2224 4388 2462 4457 potentia
2509 4386 2679 4451 deest,
2715 4403 2808 4442 eas
2835 4389 3129 4459 quominus
3160 4387 3323 4444 faciat
3364 4390 3539 4446 inter-

273 4444 364 4544 ;ai.
625 4444 1395 4556 έννοιαιὲπερειδομένιγ
1411 4477 1570 4531 τοῦτο
1599 4444 1834 4544 κατέχει,

1954 4478 2084 4531 dum
2122 4480 2519 4549 prohibebitur.
2575 4479 2733 4548 Quod
2789 4482 2835 4536 si
2869 4483 2942 4536 ita
2972 4492 3076 4549 est,
3112 4499 3290 4554 neque
3328 4500 3545 4554 semper

275 4582 331 4635 τὸ
357 4585 527 4637 πάντα
560 4584 655 4636 τὸν
696 4578 828 4633 Θεὸν
872 4575 1155 4640 δύνασθαι,
1208 4574 1302 4627 καὶ
1331 4572 1420 4625 ὅτε
1454 4570 1599 4625 θέλει
1630 4570 1723 4623 καὶ
1756 4569 1843 4622 ὅτε

281 4674 532 4744 βούλεται.

1955 4570 2251 4625 comitatur
2304 4572 2641 4627 voluntatem
2689 4574 2971 4645 potentia,
3010 4577 3288 4644 quomodo
3331 4575 3474 4630 Deus
3514 4592 3545 4632 ιι

1958 4674 2141 4719 creata
2198 4676 2390 4720 natura
2424 4667 2658 4735 differet,
2707 4669 3151 4739 quandoqumem
3193 4671 3241 4725 ei
3299 4670 3543 4741 potentia

282 4765 413 4822 haud
442 4783 655 4834 semper
686 4763 870 4821 adest?
904 4760 1133 4817 Temere
1190 4758 1355 4830 igitur
1404 4753 1717 4811 communis
1752 4754 1908 4810 notio
1947 4756 2052 4812 hoc
2098 4756 2380 4815 mordicus
2435 4768 2599 4826 tenet,
2638 4761 2891 4816 videlicet
2931 4761 3102 4817 Deum
3143 4766 3327 4819 omnia
3384 4780 3548 4836 posse

286 4862 701 4930 quotiescunque
743 4858 819 4910 ita
853 4855 969 4909 vult
1010 4868 1075 4907 ac
1126 4850 1396 4907 decernit.

346 4954 405 5021 ζ’.
434 4957 537 5009 Καὶ
589 4953 765 5017 ἄλλως
788 4967 804 4983 ·
840 4951 901 5005 El
937 4950 1029 5005 οὖν
1056 4952 1084 5004 6
1113 4948 1268 5011 Θεὸς,
1304 4946 1380 5009 ὡς
1428 4945 1664 5016 ἔφαμεν,
1707 4942 1841 4999 ποτε

289 5049 384 5119 ἔχει
421 5050 516 5121 τὴν
549 5045 717 5101 αὑτοῦ
766 5044 1017 5114 δύναμιν,
1049 5041 1205 5112 δῆλον
1239 5041 1320 5094 ὅτι
1352 5038 1646 5110 ἐπίκτητον
1674 5036 1844 5107 αὑτὴν

288 5139 584 5208 εἰσδέχεται,
612 5137 772 5205 εἴπερ
798 5136 825 5187 6
849 5133 981 5196 Θεὸς
1008 5131 1093 5186 ἀει
1116 5134 1262 5184 ἐστιν
1282 5146 1295 5159 °
1326 5130 1433 5183 πᾶν
1457 5128 1513 5182 δὲ
1538 5128 1597 5181 τὸ
1620 5129 1846 5195 ἐπικτή-

287 5248 379 5294 τως
422 5227 712 5299 δεχόμενον
741 5244 816 5289 τι,
853 5223 1080 5295 ὕστερον
1119 5221 1213 5276 τοῦ
1259 5217 1402 5275 εἶναι
1446 5222 1578 5275 αὑτὸ
1609 5220 1843 5290 δέχεται,

287 5324 369 5374 καὶ
394 5322 533 5374 κατὰ
583 5316 870 5389 προκοπὴν
919 5315 1013 5368 καὶ
1043 5314 1119 5377 ὡς
1145 5313 1362 5377 ἐλλιπὲς
1410 5311 1568 5365 τοῦτο
1594 5311 1807 5380 δέχεται
1829 5325 1844 5342 ο

283 5416 559 5482 συνάγεται
587 5411 697 5482 ἄρα
718 5411 800 5463 ὅτι
826 5411 855 5462 6
877 5407 1009 5471 Θεὸς
1040 5406 1194 5460 ἔσται
1218 5406 1349 5459 ποτὲ
1376 5404 1573 5475 ἀτελὴς
1596 5405 1687 5457 καὶ
1714 5403 1857 5457 κατὰ

277 5509 552 5581 προκοπὴν
588 5501 997 5571 τελειούμενοςο
1043 5500 1184 5571 ὅπερ
1237 5498 1355 5552 ἐστὶ
1402 5498 1495 5550 καὶ
1529 5496 1706 5565 λέγειν
1761 5495 1857 5549 κα)⁵

272 5603 468 5659 ἐννοεῖν
502 5600 595 5654 ἐπὶ
618 5595 756 5653 Θεοῦ
793 5595 1134 5666 βλάσφημον.
1168 5592 1280 5647 Καὶ
1309 5591 1513 5655 ἄλλως⁸
1547 5591 1610 5643 El
1638 5588 1855 5660 ἡδύνα-

272 5716 362 5774 μις
389 5697 484 5750 τοῦ
517 5694 653 5749 Θεοῦ
690 5689 839 5763 αὑτῴ
870 5707 1002 5744 ποτε
1049 5688 1363 5761 πρόσεστιν,
1411 5685 1637 5756 ὕστερον
1682 5685 1855 5755 αὐτὴν

264 5793 527 5865 εἴληφενο
567 5789 618 5843 εἰ
666 5787 724 5843 δὲ
757 5784 966 5862 τοῦτο,
1022 5783 1143 5856 ἢτοι
1203 5781 1335 5853 παρ’
1394 5778 1590 5834 ἑαυτοῦ
1644 5778 1856 5850 ταύτην

2023 4941 2073 4995 7.
2111 4940 2173 4996 Et
2201 4942 2358 4997 aliter
2386 4959 2399 4995 :
2428 4944 2486 4998 Si
2518 4960 2649 5016 ergo
2678 4946 2839 5014 Deus,
2873 4955 2930 5002 ut
2957 4950 3218 5015 diximus,
3252 4952 3549 5023 aliquando

1950 5044 2161 5091 tantum
2198 5038 2497 5105 potentiam
2524 5055 2679 5093 suam
2716 5042 2897 5105 habet,
2932 5053 3159 5112 apparet
3188 5045 3325 5099 hanc
3356 5048 3547 5116 acqui-

1952 5128 2111 5183 sitam
2147 5129 2415 5199 recipere;
2462 5131 2907 5201 quandoquidem
2971 5136 3115 5190 Deus
3167 5152 3382 5206 semper
3435 5147 3543 5195 est.

1951 5217 2070 5273 Jam
2111 5223 2296 5277 omnis
2336 5222 2428 5292 qui
2461 5224 2800 5294 acquisitum
2833 5227 3038 5295 aliquid
3074 5228 3289 5299 recipit,
3324 5231 3547 5286 nonnisi

1956 5322 2251 5385 postquam
2306 5315 2422 5385 ipse
2451 5326 2556 5382 est,
2605 5317 2739 5373 illud
2769 5321 2996 5391 recipit;
3034 5330 3087 5376 et
3115 5322 3337 5392 quidem
3372 5324 3554 5380 incre-

1964 5409 2132 5461 menti
2188 5408 2397 5475 instar,
2452 5412 2597 5480 quod
2634 5423 2794 5469 antea
2843 5415 3206 5471 desiderabat.
3263 5418 3555 5488 Colligitur

1962 5498 2147 5569 itaque
2185 5500 2353 5555 Deum
2393 5518 2514 5558 esse
2555 5505 2852 5576 aliquando
2912 5509 3314 5579 imperfectum,
3351 5519 3405 5564 et
3462 5511 3550 5564 in~

1962 5594 2260 5647 crementis
2296 5594 2520 5663 perﬁci;
2557 5600 2705 5667 quod
2738 5599 2804 5654 de
2841 5600 2948 5655 Deo
2978 5602 3159 5656 dicere
3212 5610 3266 5655 et
3309 5603 3555 5673 cogitare

1960 5688 2341 5757 biasphemum
2373 5697 2476 5743 est.
2513 5688 2644 5744 item
2697 5693 2854 5746 aliter
2886 5712 2899 5748 :
2939 5694 2993 5748 Si
3028 5693 3116 5749 Dei
3154 5696 3395 5766 potentia
3451 5695 3553 5766 ipsi

1963 5781 2261 5853 aliquando
2296 5783 2679 5841 tantummodo
2714 5785 2878 5857 inest,
2913 5788 3052 5845 hanc
3098 5790 3321 5848 nonnisi
3349 5789 3555 5847 deinde
