3994 6622
485 271 592 403 δτε,
1759 322 2060 388 Νιεετε
2100 318 2509 383 BYZANTINI
3654 310 3758 395 680

488 447 721 518 accepit.
752 444 905 513 Quod
953 442 999 499 si
1037 443 1113 497 ita
1135 451 1240 506 est,
1271 441 1358 495 vel
1388 452 1417 494 a
1451 452 1510 494 se
1546 438 1666 507 ipso
1697 450 1817 490 eam
1852 436 2067 505 accepit

2204 432 2413 503 τληφεν,
2460 428 2659 502 ῆπαρ⁹
2711 428 2936 500 έτέρου’
2982 425 3097 481 ἀλλ’
3126 425 3175 480 εί
3211 425 3308 497 μὲν
3351 425 3491 497 παρ’
3545 424 3757 493 ἑαυτοῦ,

488 542 574 595 vel
606 541 675 594 ab
703 539 830 593 alio.
858 536 979 592 Jam
1023 535 1073 590 si
1117 549 1146 588 a
1181 548 1239 589 se
1268 533 1388 602 ipso
1424 529 1655 599 accepit,
1690 527 1775 581 vel
1808 538 2068 593 tanquam

2204 543 2296 595 ιτοι
2340 524 2416 587 ὡς
2464 523 2605 593 ἔχων
2652 521 2882 591 δύναμιν
2942 519 3148 591 ταύτην
3196 519 3462 590 εἴληφεν,
3501 518 3638 589 ἢὼς
3691 519 3761 588 μὴ

486 632 599 704 jam
634 632 839 686 habens
877 644 996 684 eam
1041 627 1271 697 accepit,
1314 624 1398 678 vel
1436 637 1621 678 secus.
1663 618 1770 673 Sed
1801 612 2071 689 siquidem

2206 633 2347 688 χων·
2414 615 2530 671 ἀλλ’
2578 616 2627 669 εί
2684 613 2784 686 μὲν
2846 613 2922 677 ὡς
2967 614 3043 685 μὴ
3097 612 3281 683 ἔχων,
3338 612 3594 665 οὐδέποτε
3632 612 3767 665 ταύ-

490 733 751 793 tanquam
786 735 893 775 non
920 719 1143 782 habens,
1182 729 1463 784 nunquam
1491 714 1632 767 hanc
1660 710 1910 780 accipiet.
1935 706 2072 762 Nam

2204 727 2277 781 ην
2325 708 2587 782 λήψεταιο
2638 710 2733 762 καὶ
2771 706 2880 778 γὰρ
2916 706 2977 759 τὸ
3025 705 3317 769 ’ἀδυνάτως
3366 705 3489 775 ἔχον
3536 704 3675 775 πρὸς
3706 704 3765 758 τὸ

492 816 587 887 qui
622 825 705 868 est
744 818 960 883 ineptus
996 811 1062 864 ad
1116 808 1425 863 faciendum
1481 805 1711 876 aliquid,
1750 805 1854 859 hoc
1893 804 2075 873 ipsum

2204 804 2354 856 ποιεῖν
2376 818 2450 866 τι,
2478 800 2737 855 ἀδύνατόν
2770 800 2887 852 ἐστι
2917 795 3077 851 τοῦτο
3104 799 3312 850 ποιεῖν’
3350 798 3397 850 εί
3428 797 3482 850 δὲ
3508 796 3583 861 ὼς
3605 795 3764 866 ἔχων,

495 884 704 965 scilicet
739 905 920 959 facere
947 918 1053 956 non
1079 909 1274 972 potest.
1308 897 1465 965 Quod
1497 898 1543 952 si
1578 908 1836 966 tanquam
1871 894 2076 948 habens

2204 894 2397 965 πρῶτον
2429 894 2528 963 μὲν
2553 892 2603 946 τί
2626 892 2687 945 τὸ
2714 890 2921 945 κωλῦον
2954 890 3101 955 ἐξότε
3132 884 3201 960 ἦν
3233 890 3426 954 ἀΐδιος,
3469 888 3545 959 μὴ
3576 890 3671 941 καὶ
3700 889 3761 942 τὸ

495 998 738 1067 accepit},
784 997 959 1066 primo
1000 993 1221 1063 quidem
1275 990 1404 1059 quid
1456 990 1675 1054 obstat,
1718 998 1775 1041 ut
1817 986 2077 1057 quoniam

2204 985 2441 1039 ;ύνασθαι
2491 984 2671 1056 ﬁxam;
2705 985 2896 1037 ἔπειτα
2936 984 3031 1037 καὶ
3081 982 3440 1053 εὑρεθήσεται
3470 982 3570 1052 τῆς
3602 982 3764 1035 δυνά-

495 1090 862 1159 sempiternns
890 1096 1030 1148 erat,
1076 1083 1319 1154 potentia
1354 1097 1575 1153 quoque
1605 1080 1865 1151 przeditus
1892 1076 2080 1133 esset?

2204 1095 2332 1141 ιεως
2364 1076 2616 1147 δύναμις,
2657 1078 2751 1131 καὶ
2778 1077 2971 1130 πολλαὶ
3013 1077 3274 1147 δυνάμεις
3307 1076 3399 1129 ἐπὶ
3437 1075 3596 1135 Θεοῦ.
3632 1076 3767 1144 ὅπερ

497 1183 699 1238 Deinde
729 1181 857 1235 hinc
883 1179 1170 1233 exsisteret
1196 1175 1443 1245 potentia
1468 1173 1723 1244 potentia:
1744 1213 1761 1238 ,
1789 1171 2081 1239 multaeque

2204 1172 2278 1225 tati.
2326 1171 2485 1224 τοῦτο
2514 1170 2704 1240 σαφῶς
2752 1170 3109 1242 ὲλήλεγκται’
3146 1171 3247 1224 οὐκ
3272 1169 3381 1242 ἀρα
3412 1171 3543 1238 παρ’
3577 1169 3768 1223 ἑαυτοῦ

494 1272 549 1326 in
586 1270 696 1325 Deo
730 1268 987 1340 potentiae
1022 1267 1249 1332 tierent;
1298 1264 1442 1334 quod
1472 1278 1626 1330 aeque
1669 1260 1958 1315 manifeste
1986 1273 2083 1312 ne-

2204 1263 2385 1331 ταύτην
2435 1263 2677 1333 εἴληφεν,
2725 1261 2972 1316 λείπεται
3005 1261 3136 1334 παρ’
3172 1262 3391 1333 ἑτέρων
3441 1262 3557 1315 ἀλλ’
3585 1262 3633 1313 εί
3674 1263 3772 1332 μὲν

495 1360 736 1430 gandum
770 1366 871 1412 est.
905 1355 1025 1410 Jam
1072 1355 1117 1410 si
1150 1370 1179 1408 a
1208 1370 1267 1409 se
1304 1355 1423 1423 ipso
1466 1353 1603 1406 hanc
1633 1351 1933 1420 potentiam
1965 1364 2073 1402 non

2204 1356 2317 1428 ταρ’
2348 1355 2558 1427 ἑτέρου,
2613 1356 2730 1425 ἦτοι
2779 1356 2888 1408 ἀπὸ
2914 1357 3030 1408 ίσου
3064 1354 3097 1425 ἢ
3129 1355 3224 1408 ἀπ’
3263 1354 3566 1417 ἐλάττονος,
3604 1354 3635 1423 ἢ
3665 1355 3772 1407 ἀπὸ

498 1450 730 1521 accepit,
762 1457 1012 1519 superest
1045 1457 1102 1501 ut
1136 1448 1206 1501 ab
1257 1446 1385 1500 alio.
1420 1445 1523 1499 Sed
1554 1443 1598 1498 si
1638 1443 1705 1496 ab
1736 1443 1864 1507 alio,
1897 1440 2086 1510 utique

2204 1449 2526 1521 ιρείττονοςο
2562 1448 2675 1501 ἀλλ’
2702 1448 2784 1501 ὅτι
2822 1447 2921 1518 μὲν
2946 1448 3045 1501 οὐκ
3081 1447 3176 1501 ἀπ’
3201 1446 3416 1511 οὐδενὸς
3447 1446 3606 1499 τοῦτο
3630 1446 3775 1500 evag-

500 1543 586 1598 γει
633 1543 702 1597 ab
758 1542 954 1612 aequali
1007 1540 1088 1594 vel
1130 1555 1159 1593 a
1202 1539 1415 1593 minore
1443 1535 1525 1591 vel
1560 1552 1590 1589 a
1642 1535 1887 1589 meliore.
1928 1533 2082 1599 Quod

2204 1558 2363 1609 (εται,
2422 1539 2675 1592 ἐντεῦθεν
2724 1538 2916 1609 δῆλον
2949 1538 3011 1591 τὸ
3058 1538 3158 1609 μὲν
3205 1538 3313 1609 γὰρ
3370 1537 3770 1607 τελειοὺμενον,

500 1637 723 1706 quidem
753 1650 783 1688 a
810 1634 1027 1688 nemine
1058 1633 1351 1701 acceperit,
1384 1630 1511 1683 inde
1529 1636 1763 1693 constat,
1795 1627 1920 1697 quia
1939 1626 2086 1697 quod

2204 1632 2298 1686 Ξιπὸ
2335 1632 2645 1701 κρείττονος
2695 1629 3033 1683 τελειοῦταιο
3078 1630 3141 1683 τὸ
3182 1629 3238 1683 δὲ
3277 1629 3535 1691 ἔλαττον,
3590 1627 3774 1699 χεῖρόν

499 1730 801 1801 perﬁcitur,
837 1744 867 1782 a
892 1728 1122 1782 meliore
1157 1726 1436 1796 perlicitur
1472 1739 1485 1777 :
1523 1722 1666 1792 quod
1696 1731 1876 1775 autem
1908 1721 2088 1774 minus

2204 1728 2307 1778 ἐστι
2333 1740 2347 1755 ο
2382 1724 2474 1777 καὶ
2512 1724 2572 1777 τὸ
2619 1724 2731 1776 ἴσον
2777 1722 3003 1793 ὅμοιον*
3054 1720 3321 1793 κρείττων
3348 1721 3404 1775 δὲ
3444 1720 3605 1774 πάλιν
3635 1718 3772 1772 Θεοῦ

500 1834 606 1889 est,
641 1822 881 1877 deterius
922 1831 1046 1887 est;
1083 1829 1138 1874 et
1168 1818 1394 1887 aequale,
1431 1815 1704 1871 similiter.
1729 1814 1895 1884 Atqui
1924 1828 2086 1868 nemo

2204 1816 2290 1868 ὡκ
2339 1814 2522 1867 ἔστιν·
2572 1816 2620 1867 εί
2667 1812 2960 1884 γάρτοῦτο
3009 1812 3125 1883 δοίη
3174 1829 3278 1875 τις,
3311 1812 3464 1864 ἔσται
3510 1810 3604 1864 τοῦ
3638 1808 3773 1863 Θεοῦ

504 1915 612 1971 Deo
665 1914 857 1969 melior
886 1922 1006 1979 est;
1044 1928 1168 1966 nam
1203 1911 1247 1966 si
1284 1911 1387 1964 hoc
1432 1908 1723 1977 quisquam
1762 1906 1876 1960 lieri
1925 1921 2088 1976 posse

2204 1907 2350 1971 Θεὸς,
2382 1906 2478 1960 καὶ
2508 1905 2669 1960 πάλιν
2704 1904 2865 1968 ἀλλος
2893 1903 3048 1968 Θεὸς,
3095 1905 3192 1957 καὶ
3223 1902 3369 1957 τοῦτ’
3397 1903 3476 1965 είς
3510 1902 3737 1973 ἄπειρον
3758 1918 3772 1933 ·

499 2006 785 2070 concedat,
816 2005 920 2059 erit
950 2002 1043 2059 Dei
1077 2002 1241 2064 Deus,
1277 2002 1518 2069 itemque
1546 1999 1686 2053 alius
1717 1998 1898 2064 Deus;
1925 1998 2088 2068 idque

500 2098 557 2153 in
589 2097 861 2151 inﬁnitum
908 2097 1188 2167 procedet.
1234 2095 1400 2165 Igitur
1460 2107 1807 2163 nequaquam
1854 2091 1997 2147 Deus
2020 2092 2088 2146 ab

498 2189 608 2245 alio
644 2191 943 2260 potentiam
980 2205 1135 2245 suam
1177 2189 1403 2260 recepit.

570 2281 624 2337 8.
660 2282 933 2349 Quoniam
989 2282 1174 2351 itaque
1202 2281 1344 2337 Deus
1375 2298 1554 2354 neque
1588 2299 1619 2339 a
1662 2298 1721 2339 se
1762 2282 1901 2353 ipso,
1946 2281 2087 2336 ntul-

500 2382 665 2445 toque
690 2375 873 2430 minus
898 2375 969 2428 ab
1004 2375 1114 2428 alio
1155 2376 1455 2444 potentiam
1498 2391 1651 2431 suam
1685 2376 1900 2445 recipit,
1938 2382 2089 2444 patet

500 2464 683 2534 ipsum
734 2463 939 2518 habere
986 2463 1131 2517 illam
1166 2464 1538 2534 congenitam.
1602 2463 1700 2520 Est
1753 2475 1935 2519 autem
1973 2464 2090 2534 ipse

500 2570 723 2626 semper
749 2573 763 2621 ;
794 2570 925 2627 ergo
972 2564 1025 2610 et
1056 2555 1225 2625 ipsius
1253 2557 1545 2625 sapientia,
1575 2571 1683 2628 qua
1728 2567 1922 2627 potens
1980 2563 2084 2621 est,

500 2657 552 2700 et
578 2662 687 2716 qua
714 2658 992 2716 operatur,
1056 2662 1277 2716 semper
1304 2656 1410 2702 est.
1466 2647 1620 2714 Quod
1651 2649 1697 2703 si
1737 2657 1965 2713 aeterna,
2006 2653 2090 2701 est

502 2736 668 2791 etiam
696 2745 952 2805 perpetua
991 2745 1045 2791 et
1084 2737 1485 2808 intemporalis.
1518 2738 1637 2794 Jam
1695 2740 1840 2811 quod
1873 2753 2091 2809 semper

502 2839 607 2891 εει,
636 2826 688 2878 id
726 2834 987 2880 aeternum
1021 2836 1104 2881 est
1134 2836 1189 2882 et
1217 2838 1543 2898 perpetuum
1578 2838 1633 2884 et
1662 2830 2022 2900 intemporale
2040 2838 2095 2884 et

504 2904 809 2971 increatum
841 2925 895 2971 et
926 2932 1033 2972 non
1049 2916 1278 2973 factum.
1298 2918 1588 2990 Colligitur
1618 2936 1768 2992 ergo,
1794 2921 2092 2992 potentiam

2194 2001 2296 2054 οὐκ
2346 2001 2454 2071 ἄρα
2501 2000 2530 2052 ὁ
2572 1999 2705 2063 Θεὸς
2754 1998 2885 2070 παρ’
2938 1999 3127 2070 ἑτέρου
3177 1996 3276 2069 τὴν
3324 1995 3491 2051 αὐτοῦ
3545 1996 3777 2067 δύναμιν

2195 2093 2437 2167 εἴληφεν.

2271 2277 2343 2343 η’.
2383 2270 2538 2327 Ἐπεὶ
2563 2265 2699 2325 οῦνδ
2721 2269 3000 2335 Θεὸςόῦτε
3036 2272 3165 2340 παρ’
3197 2267 3417 2332 ἑαυτοῦ,
3447 2268 3572 2321 οὔτε
3596 2262 3780 2335 πολλῷ

2203 2366 2405 2440 μᾶλλον
2435 2367 2566 2437 παρ’
2607 2365 2795 2436 ἑτέρου
2829 2363 2928 2434 τὴν
2957 2362 3122 2416 αὑτοῦ
3172 2361 3403 2432 δύναμιν
3449 2359 3778 2429 εἰσδέχεται,

2198 2460 2356 2532 δῆλον
2393 2460 2477 2514 ὅτι
2511 2457 2791 2530 σύμφυτον
2842 2456 3010 2528 αὐτὴν
3055 2455 3168 2527 ἔχει
3189 2472 3202 2487 ·
3246 2454 3442 2509 ἔστιδὲ
3472 2454 3634 2517 αὐτὸς
3665 2454 3776 2517 ἀεὶ,

2200 2552 2299 2607 καὶ
2332 2552 2365 2621 ἡ
2394 2549 2561 2605 αὑτοῦ
2606 2549 2857 2619 δύναμις,
2887 2547 3009 2601 καθ’
3038 2548 3106 2618 ἦν
3135 2549 3251 2601 ἐστι
3296 2547 3543 2612 δυνατὸς,
3587 2549 3682 2601 καὶ
3708 2546 3777 2599 δι’

2200 2639 2268 2715 ἦς
2298 2645 2459 2709 ποιεῖ,
2484 2644 2738 2697 ἀείὲστιν
2757 2657 2773 2672 ο
2802 2642 2851 2694 εί
2872 2636 2964 2694 οὖν
2990 2640 3075 2693 ἀεί
3103 2642 3241 2703 ἐστι,
3262 2641 3356 2694 καὶ
3386 2640 3603 2705 αίώνιός
3628 2641 3777 2693 ἐστι’

2202 2738 2251 2791 εί
2278 2737 2334 2790 δὲ
2356 2734 2594 2800 αἰώνιος,
2630 2736 2723 2789 καὶ
2754 2734 2925 2797 ἀΐδιος
2955 2734 3047 2787 καὶ
3081 2734 3308 2806 ἀχρονος
3332 2751 3346 2765 ο
3385 2735 3494 2787 πᾶν
3524 2734 3579 2786 δὲ
3606 2734 3668 2787 τὸ
3692 2735 3781 2787 ἀεὶ

2200 2831 2282 2898 ὃν,
2314 2830 2410 2885 καὶ
2438 2829 2657 2884 αίώνιον
2682 2830 2778 2882 καὶ
2809 2828 2979 2882 ἀΐδιον
3008 2827 3102 2881 xui.
3124 2827 3353 2898 ἄχρονον
3385 2826 3481 2880 καὶ
3525 2827 3779 2881 ἄκτιστον

2203 2923 2296 2977 καὶ
2325 2920 2589 2992 ἀγένητόν
2616 2922 2761 2974 ἐστι·
2805 2919 3099 2989 συνάγεται
3128 2920 3235 2990 ἀρα
3268 2919 3351 2972 ὅτι
3375 2920 3407 2989 ἠ
3436 2918 3666 2989 δύναμις
3686 2921 3778 2972 τοῦ

506 3006 625 3072 Dei,
655 3023 764 3077 qua
799 3017 992 3077 potens
1022 3018 1127 3075 est,
1160 3020 1214 3065 et
1260 3026 1369 3081 qua
1411 3012 1547 3083 agit,
1580 3022 1634 3069 et
1668 3013 1788 3068 sine
1820 3029 1926 3084 qua
1954 3013 2094 3068 nihil

2204 3016 2340 3070 Θεοῦ
2385 3015 2508 3069 καθ’
2539 3015 2607 3085 ἦν
2637 3016 2754 3068 ἐστι
2784 3014 3029 3080 δυνατὸς,
3076 3013 3171 3066 καὶ
3197 3011 3264 3067 δι’
3302 3008 3369 3085 ἦς
3397 3014 3562 3081 ποιεῖ,
3594 3013 3690 3066 καὶ
3713 3008 3782 3084 ἦς

504 3101 640 3170 agit,
676 3099 937 3155 infectant
961 3117 1083 3157 esse
1107 3112 1273 3173 atque
1319 3105 1646 3161 increatam.
1676 3105 1791 3163 lam
1818 3122 1949 3162 vero
1985 3122 2092 3161 non

2205 3110 2377 3181 χωρὶς
2424 3108 2577 3162 οὐδὲν
2622 3108 2787 3173 ποιεῖ,
2842 3106 3107 3176 ἀγένητος
3156 3107 3249 3159 καὶ
3287 3105 3543 3167 άκτιστός
3598 3109 3777 3160 ἐστιν·

504 3192 710 3247 factum
736 3208 767 3247 a
823 3208 932 3248 non
966 3193 1135 3261 facto,
1165 3206 1437 3266 quatenus
1481 3214 1591 3254 non
1636 3208 1721 3256 est
1763 3199 1995 3262 factum,
2040 3207 2091 3255 et

2204 3202 2467 3275 ἀγένητον
2492 3200 2549 3254 δὲ
2577 3201 2845 3272 ἀγενήτῳ,
2879 3199 3002 3253 καθ’
3032 3198 3061 3252 ὃ
3101 3200 3162 3253 οὐ
3210 3199 3435 3268 γέγονεν
3454 3217 3468 3230 ο
3501 3200 3598 3253 καὶ⁵
3623 3198 3779 3253 ἀκτι-

506 3284 813 3339 increatum
848 3286 917 3340 ab
950 3286 1222 3352 increato,
1262 3298 1539 3358 quatenus
1562 3304 1674 3345 non
1706 3299 1794 3347 est
1823 3299 2092 3356 creatum,

508 3386 708 3431 natura
740 3378 876 3432 nihil
922 3380 1065 3433 inter
1101 3396 1161 3436 se
1188 3380 1480 3449 different;
1514 3382 1662 3453 quod
1702 3383 1749 3439 si
1791 3398 1903 3439 non
1937 3384 2096 3439 dili‘e-

507 3478 660 3537 runt,
689 3471 831 3526 idem
879 3480 1043 3539 sunt;
1070 3482 1124 3537 et
1162 3474 1210 3528 si
1240 3475 1405 3542 idem,
1438 3475 1684 3546 ejusdem
1721 3491 1937 3547 quoque
1994 3492 2093 3532 tta-

509 3569 647 3616 turat
727 3572 878 3629 sunt,
943 3567 1449 3632 consubstantialia,
1504 3576 1560 3623 et
1635 3569 1894 3639 quidquid
1955 3571 2101 3641 ejus-

509 3656 657 3709 modi
715 3663 819 3713 est.
871 3655 1032 3727 Atqui
1104 3660 1249 3714 Deus
1299 3668 1384 3715 est
1433 3658 1670 3716 infectus
1698 3670 1754 3716 et
1784 3662 2095 3729 increatus;

509 3762 640 3817 ergo
670 3762 824 3818 aeque
847 3749 1090 3818 potentia
1128 3750 1269 3820 ejus.
1298 3750 1471 3807 Porro
1505 3767 1675 3806 unum
1702 3761 1787 3808 est
1834 3753 2096 3808 infectum

512 3851 707 3894 natura
741 3849 794 3895 et
821 3840 1151 3907 increatum,
1180 3844 1327 3900 sicut
1381 3860 1706 3901 communes
1731 3846 1983 3902 notiones
2010 3862 2099 3903 ac-

511 3944 703 3989 curate
761 3942 951 3990 tenent
993 3953 1006 3989 :
1046 3937 1323 4009 colligitur
1344 3953 1497 4010 ergo,
1555 3948 1616 3993 ut
1669 3939 1764 3994 Dei
1835 3941 2098 4011 putentia,

515 4042 622 4095 qua
655 4026 859 4081 dicitur
910 4038 1123 4097 potens,
1178 4040 1231 4084 et
1278 4046 1385 4101 qua
1414 4030 1547 4100 agit,
1578 4042 1632 4086 et
1663 4031 1782 4087 sine
1827 4048 1933 4103 qua
1966 4033 2101 4088 nihil

519 4119 655 4187 agit,
688 4121 1177 4177 consubslattlialis
1207 4132 1261 4178 et
1287 4122 1532 4192 ejusdem
1573 4132 1783 4179 naturae
1825 4138 1948 4179 cum
1996 4125 2103 4181 Deo

517 4213 608 4267 sit.
642 4212 774 4280 Quae
827 4215 874 4270 si
910 4216 987 4270 ita
1035 4231 1095 4272 se
1148 4216 1374 4282 habent,
1414 4218 1531 4287 ipsa
1588 4234 1812 4289 quoque
1860 4221 2100 4290 potentia

514 4302 661 4359 Deus
701 4312 806 4359 est.
846 4306 961 4375 Age
984 4321 1115 4360 vero
1145 4308 1290 4377 quod
1330 4322 1398 4362 ex
1423 4310 1508 4364 his
1548 4310 1691 4365 haud
1720 4315 1830 4367 duo
1869 4312 1945 4366 dii
1967 4326 2103 4367 con-

510 4406 763 4466 surgant,
795 4407 854 4452 ut
878 4398 1115 4468 Agaretti
1139 4399 1305 4455 stulte
1346 4401 1505 4457 nobis
1535 4402 1854 4470 inclamant,
1908 4404 2103 4460 subse-

512 4503 690 4560 quens
733 4498 922 4544 nostra
993 4491 1171 4547 oratio
1246 4492 1677 4562 demonstrabit;
1748 4512 1873 4552 cum
1921 4497 2097 4567 ipsum

511 4594 729 4650 quoque
760 4579 1047 4650 Spiritum,
1082 4584 1173 4652 qui
1204 4583 1255 4636 in
1290 4582 1397 4639 Deo
1426 4594 1529 4651 est,
1559 4595 1818 4658 tanquam
1851 4589 2095 4657 ejusdem

513 4679 724 4724 natura:
759 4679 814 4725 et
841 4672 1367 4727 consubstantialem
1400 4675 1511 4729 Deo
1539 4677 1771 4747 ejusque
1820 4679 2096 4748 potentiae,

514 4778 637 4832 qua:
667 4770 720 4817 et
756 4761 1037 4833 Sapientia
1064 4774 1119 4819 et
1142 4763 1381 4821 Verbum
1415 4766 1513 4823 Dei
1546 4770 1814 4839 polentia,
1856 4787 1959 4840 qua
2020 4772 2102 4826 di-

513 4856 660 4911 citur
708 4866 925 4927 potens,
992 4867 1040 4913 et
1075 4875 1181 4929 qua
1224 4862 1358 4932 agit,
1412 4873 1466 4916 et
1502 4863 1622 4917 sine
1655 4879 1763 4933 qua
1799 4864 1935 4918 nihil
1967 4864 2098 4935 agit,

512 4965 743 5021 quaeque
809 4959 864 5006 et
929 4949 1162 5007 Verbum
1224 4952 1315 5008 Dei
1348 4964 1404 5009 et
1446 4956 1714 5024 sapientia
1774 4956 1999 5021 dicitur,
2042 4961 2103 5012 ut.

513 5052 697 5098 vestra
745 5059 963 5115 quoque
1005 5046 1278 5116 scriptura
1341 5057 1610 5114 testatur;
1670 5048 1815 5116 quod
1846 5049 1982 5112 haec,
2012 5048 2097 5103 in-

514 5152 702 5207 quam,
760 5139 1028 5207 putentia,
1090 5155 1199 5196 non
1251 5140 1323 5196 sit
1383 5141 1576 5196 alienae
1630 5140 1970 5207 substantiae,
2032 5156 2096 5197 ac

514 5228 683 5282 veluti
718 5230 996 5296 accidens,
1032 5241 1090 5287 ut
1112 5247 1209 5288 vos
1233 5232 1434 5296 dicitis,
1489 5231 1583 5286 sed
1637 5230 1884 5298 ejusdem
1916 5232 2097 5301 potius

515 5331 726 5375 natura:
774 5328 832 5377 et
874 5323 1367 5378 consubstantialis
1409 5321 1541 5389 Deo,
1589 5331 1777 5393 utpote
1806 5338 1916 5377 non
1954 5321 2094 5379 facta

514 5422 572 5468 et
603 5414 870 5478 ittcreata,
901 5416 954 5469 id
989 5415 1089 5471 hac
1122 5416 1336 5470 ratione
1376 5416 1435 5469 lit
1465 5415 1711 5470 evidens.

586 5505 640 5562 9.
672 5505 818 5564 Deus
849 5509 1293 5579 simplicissimus
1320 5517 1428 5573 est,
1468 5516 1522 5562 et
1567 5506 1791 5563 cuilibet
1824 5507 2094 5578 composi-

515 5595 652 5653 tioni
711 5601 1093 5670 compositaeve
1148 5600 1359 5657 notioni
1380 5601 1657 5672 superior,
1691 5609 1750 5656 ut
1787 5600 2097 5659 communis

581 5783 662 5855 (li
685 5783 814 5842 Sur.
850 5784 941 5853 ιγ,
986 5786 1103 5858 tos.

2202 3313 2330 3350 στον
2352 3295 2617 3366 ἁκτίστῳ,
2640 3294 2763 3348 καθ’
2794 3293 2822 3347 δ
2851 3294 2950 3347 οὐκ
2969 3292 3235 3357 ἔκτισται,
3265 3294 3406 3347 κατὰ
3438 3291 3604 3363 φύσιν
3633 3293 3781 3346 οὐδὲν

2198 3390 2415 3444 διοίσει·
2445 3391 2493 3443 εί
2523 3389 2578 3443 δὲ
2610 3388 2763 3442 οὐδὲν
2792 3388 3000 3453 διοίσει,
3040 3387 3236 3441 ταυτόν
3273 3388 3422 3440 ἐστιν
3447 3405 3459 3419 ι
3493 3387 3541 3438 εἰ
3570 3385 3628 3439 δὲ
3657 3402 3782 3440 ταυ-

2200 3482 2335 3548 τὸν,
2386 3483 2481 3535 καὶ
2533 3480 2772 3552 ὁμοφυὲς
2817 3480 2911 3533 καὶ
2956 3480 3241 3551 ὁμοούσιον
3290 3479 3385 3532 καὶ
3429 3480 3532 3533 ὅσα
3574 3479 3783 3542 τούτοις

2200 3574 2364 3643 ὅμοια
2385 3588 2399 3603 ο
2434 3571 2550 3625 ἔστι
2595 3572 2653 3625 δὲ
2698 3574 2793 3625 καὶ
2828 3573 2855 3624 ὁ
2883 3570 3015 3635 Θεὸς
3046 3570 3308 3641 ἀγένητος
3359 3569 3454 3623 καὶ
3505 3568 3779 3635 ἀκτιστος,

2201 3663 2317 3717 ἐστι
2346 3662 2404 3716 δὲ
2438 3664 2533 3716 καὶ
2564 3664 2597 3733 ὴ
2633 3662 2797 3716 αὑτοῦ
2829 3661 3061 3732 δύναμις
3084 3677 3098 3692 ο
3127 3660 3185 3715 ἓν
3207 3661 3264 3715 δὲ
3293 3660 3354 3715 τὸ
3385 3659 3651 3731 ἀγένητον
3686 3661 3779 3715 καὶ

2201 3758 2459 3812 ἀκτιστον
2506 3759 2572 3828 τῇ
2618 3758 2800 3825 φύσει,
2854 3757 2930 3819 ὡς
2964 3756 3020 3808 αἱ
3049 3756 3229 3809 κοιναὶ
3280 3753 3482 3809 ἔννοιαι
3534 3753 3781 3826 ἀκριϐῶς

2204 3836 2419 3921 έχουσι·
2455 3851 2747 3919 συνάγεται
2775 3850 2881 3921 ἀρα
2917 3850 2997 3903 ὅτι
3032 3848 3322 3920 ήδύναμις
3366 3848 3460 3902 τοῦ
3500 3848 3637 3902 Θεοῦ
3662 3848 3781 3903 καθ’

2204 3944 2270 4015 ἥν
2306 3943 2524 4012 λέγεται
2562 3943 2809 4009 δυνατὸς,
2850 3942 2944 3997 καὶ
2983 3943 3051 3997 δι’
3076 3936 3143 4014 ἦς
3172 3944 3337 4009 ποιεῖ,
3379 3944 3473 3995 καὶ
3498 3938 3567 4015 ἦς
3611 3942 3781 4013 χωρὶς

2203 4035 2356 4090 οὐδὲν
2385 4037 2550 4100 ποιεῖ,
2592 4035 2877 4104 ὁμοούσιός
2902 4036 3017 4088 ἐστι
3047 4037 3141 4089 καὶ
3170 4035 3415 4106 όμοφυὴς
3446 4034 3524 4106 τῷ
3552 4034 3673 4105 Θεῴ
3693 4051 3705 4063 ·
3736 4037 3781 4088 εί

2203 4124 2259 4178 δὲ
2288 4125 2467 4192 τοῦτο,
2497 4128 2591 4180 καὶ
2622 4125 2761 4198 αὕτη
2786 4126 2918 4191 Θεός
2944 4142 2958 4157 °
2992 4126 3087 4180 καὶ
3120 4127 3203 4181 ὅτι
3231 4129 3341 4181 κάκ
3372 4127 3581 4181 τούτων
3604 4129 3667 4181 οὐ
3693 4128 3782 4181 δύο

2204 4219 2337 4285 θεοὶ,
2372 4220 2448 4284 ὡς
2475 4221 2629 4274 αὐτοὶ
2654 4221 2865 4289 ἀλόγως
2905 4222 3053 4292 ἡμᾶς
3078 4221 3495 4292 ὲπιφημίζουσι,
3529 4238 3781 4293 napum-

2202 4312 2333 4364 τιὼν
2370 4310 2398 4362 ό
2428 4310 2586 4379 λόγος
2615 4308 2802 4379 δείξει,
2837 4310 2920 4363 ὅτι
2951 4310 3044 4364 καὶ
3076 4309 3137 4363 τὸ
3178 4310 3403 4382 Πνεῦμα
3437 4312 3530 4364 καὶ
3563 4311 3697 4365 αὐτὸ
3726 4312 3781 4363 ὲν

2204 4403 2281 4474 τῷ
2311 4402 2429 4474 Θεῷ
2462 4402 2537 4467 ὡς
2562 4403 2803 4474 ὀμοφυὲς
2851 4403 2946 4456 καὶ
2992 4402 3280 4473 όμοούσιον
3312 4404 3392 4475 τῷ
3424 4421 3483 4457 τε
3519 4403 3641 4475 Θεῷ
3690 4406 3781 4458 καὶ

2204 4498 2269 4566 τῇ
2294 4495 2457 4550 αὐτοῦ
2492 4496 2740 4567 δυνάμει,
2768 4496 2801 4567 ἢ
2832 4496 2923 4550 καὶ
2951 4495 3118 4565 Σοφία
3149 4497 3242 4550 καὶ
3266 4498 3437 4565 Λόγος
3462 4497 3599 4551 Θεοῦ
3634 4499 3782 4566 λέγε-

2203 4606 2314 4655 ται,
2343 4589 2557 4661 τρανῶς
2591 4590 2998 4662 διαγορεύσειεν
3016 4606 3031 4622 ⁸
3053 4590 3169 4645 ἀλλ’
3198 4591 3282 4644 ὅτι
3314 4592 3412 4663 μὲν
3443 4591 3539 4645 καὶ
3566 4592 3598 4662 ἡ
3624 4591 3780 4646 δύνα-

2206 4699 2297 4752 μις
2322 4680 2416 4735 τοῦ
2440 4682 2576 4737 Θεοῦ
2600 4683 2720 4737 καθ’
2736 4684 2801 4754 ἢν
2822 4682 3042 4751 λέγεται
3064 4682 3310 4750 δυνατὸς,
3336 4687 3424 4739 καὶ
3443 4685 3511 4738 δι’
3528 4682 3595 4757 ἧς
3618 4688 3778 4747 ποιεῖ,

2203 4773 2296 4827 καὶ
2323 4768 2392 4846 ἦς
2421 4775 2591 4846 χωρὶς
2636 4774 2788 4828 οὐδὲν
2830 4779 2992 4842 ποιεῖ,
3028 4777 3062 4849 ἢ
3093 4779 3189 4832 καὶ
3232 4780 3403 4848 Λόγος
3433 4779 3655 4849 λέγεται
3692 4781 3777 4835 τοῦ

2202 4863 2338 4918 Θεοῦ
2388 4868 2484 4920 καὶ
2555 4868 2764 4938 Σοφία,
2809 4869 2885 4934 ὡς
2929 4869 3027 4924 καὶ
3069 4870 3130 4924 τὸ
3180 4872 3442 4943 ὑμέτερον
3518 4874 3781 4947 μαρτυρεί

2204 4959 2444 5030 γράμμα
2488 4960 2588 5030 (ό),
2619 4962 2718 5031 οὐχ
2767 4964 3232 5035 ὲτεροῦπόστατός
3278 4968 3426 5019 ἐστιν
3454 4967 3532 5030 ὡς
3581 4968 3778 5038 συμϐε-

2206 5048 2393 5119 ϐηκὸς,
2416 5050 2490 5113 ὡς
2512 5051 2671 5121 ὑμεῖς
2715 5071 2872 5122 φατε,
2929 5055 3044 5109 ἀλλ’
3087 5058 3334 5128 ὁμοφυής
3372 5075 3432 5111 τε
3460 5057 3555 5112 καὶ
3587 5058 3777 5129 ὁμοού-

2207 5154 2320 5201 σιος
2352 5138 2428 5210 τῷ
2447 5140 2567 5213 Θεῷ
2601 5140 2677 5205 ὡς
2706 5143 2968 5216 ἀγένητος
2999 5146 3093 5200 καὶ
3119 5148 3393 5214 ἀκτιστος,
3422 5149 3517 5202 καὶ
3540 5142 3645 5203 ὧδέ
3670 5150 3777 5203 ἐστι

2203 5228 2383 5301 δῆλον.

2278 5411 2344 5467 θ’.
2391 5413 2447 5466 '0
2481 5414 2613 5479 Θεὸς
2664 5416 3036 5485 ἀπλούστατός
3077 5423 3214 5487 ἐστι,
3259 5424 3354 5476 καὶ
3386 5423 3568 5493 πάσης
3595 5422 3775 5477 συνθέ-

2208 5520 2345 5568 σεως
2397 5509 2491 5560 καὶ
2543 5507 2863 5582 συνθετικῆς
2899 5513 3107 5578 ἐννοίας
3157 5516 3436 5578 ἐπέκεινα,
3486 5516 3563 5578 ὡς
3602 5518 3693 5570 καὶ
3728 5514 3775 5567 al

2207 5600 2385 5657 κοιναὶ
2411 5600 2610 5661 ἔννοιαι
2647 5605 2779 5676 ἡμῖν
2816 5605 3223 5678 διαγορεῦουσι·
3259 5609 3368 5664 πᾶν
3394 5606 3453 5663 δὲ
3483 5606 3549 5680 δὴ
3582 5606 3777 5676 συμϐε-
