3994 6596
298 443 396 508 681

1452 455 1888 518 REFUTATIO
1929 458 2403 524 MOI-IAMEDIS.

3451 470 3560 534 682l

297 561 462 630 ϐηχὸς
496 558 634 630 μετὰ
661 559 756 614 τοῦ
783 555 828 630 ᾧ
859 562 1196 634 συμϐέϐηκε,
1252 564 1509 624 σύνθετόν
1541 573 1601 625 τέ
1633 575 1751 626 ἐστι
1782 591 1846 627 κα

1983 591 2182 632 εριιειιε
2214 592 2315 632 ηοε
2377 577 2558 631 docet.
2583 576 2648 630 At
2677 590 2840 629 omne
2887 576 3161 640 accidens,
3213 592 3362 648 £eque
3401 596 3465 636 ac
3495 600 3558 636 ea

293 651 600 720 λογίζεται·
635 653 682 706 εί
712 652 767 705 δὲ
795 652 974 720 τοῦτο,
1014 654 1106 709 καὶ
1148 656 1415 726 διαλυτὸν,
1459 662 1578 732 ἤτοι
1622 665 1874 736 ἐνεργείᾳ

290 744 327 815 ἢ
355 744 616 813 δυνάμει,
667 745 947 798 τουτέστιν
985 746 1014 816 ἢ
1049 747 1191 819 λόγῳ
1231 748 1264 819 ἢ
1301 750 1536 822 ὑπάρξει
1562 769 1579 786 ο
1626 755 1709 808 διὸ
1755 755 1872 809 ἐστι

292 833 716 903 συλλογίσασθαι
762 835 976 900 οὕτως’
1021 837 1080 890 ’0
1109 838 1241 904 Θεὸς
1294 841 1670 909 ἁπλούστατός
1715 848 1869 901 ἐστι’

289 926 400 978 πᾶν
441 925 498 978 δὲ
549 925 897 997 συμϐεϐηκὸς
949 930 1086 997 μετὰ
1136 930 1232 984 τοῦ
1260 926 1306 1001 ᾧ
1352 935 1737 1006 συμϐέϐηκεν,
1773 941 1872 1010 οὺχ

287 1017 493 1071 ἁπλοῦν
521 1018 638 1072 ἐστι
667 1019 761 1072 καὶ
790 1019 1060 1087 λογίζεται
1083 1037 1096 1054 ·
1127 1025 1419 1094 συνάγεται
1441 1027 1550 1097 ἄρα
1572 1028 1654 1081 ὅτι
1685 1030 1713 1082 ὁ
1738 1030 1870 1094 Θεὸς

283 1110 636 1174 ἀνεπίδεκτός
665 1111 781 1164 ἐστι
816 1129 878 1164 συ
888 1113 1222 1184 μϐεϐηκότος
1241 1134 1254 1149 ο
1290 1117 1403 1187 ἔχει
1425 1119 1482 1173 δὲ
1511 1121 1764 1192 δύναμιν,
1793 1123 1869 1186 ὡς

285 1203 386 1256 καὶ
417 1203 578 1257 τοῦτο
623 1203 893 1258 δέδεικται
914 1221 928 1234 ο
966 1209 1060 1258 καὶ
1087 1207 1227 1280 αῦτη
1261 1209 1370 1281 ἄρα
1398 1211 1459 1265 οὐ
1490 1213 1865 1286 συμϐεϐηκός·

281 1294 404 1348 ἐστι
432 1296 543 1367 γὰρ
578 1297 672 1349 καὶ
699 1297 860 1351 τοῦτο
904 1302 1254 1370 συμπερᾶναι
1281 1301 1454 1369 οὕτως
1478 1320 1493 1336 ·
1531 1306 1589 1359 Ὁ
1616 1307 1750 1372 Θεὸς
1772 1311 1866 1364 ἀν-

283 1388 574 1452 επὶδεκτός
607 1391 722 1442 ἐστι
752 1390 1162 1463 συμϐεϐηκότος
1184 1411 1200 1426 ο
1236 1397 1264 1449 ὁ
1285 1395 1424 1472 Θεὸς
1452 1397 1684 1471 δύναμιν
1711 1401 1826 1472 ἔχει
1849 1420 1862 1434 ο

282 1482 578 1549 συνάγεται
630 1482 740 1554 ἄρα
787 1485 869 1538 ὅτι
899 1486 931 1556 ή
964 1485 1195 1558 δύναμις
1244 1489 1339 1543 τοῦ
1389 1491 1524 1544 Θεοῦ
1559 1493 1619 1546 οὐ
1659 1494 1865 1564 συμϐε-

248 1640 254 1649 _
280 1573 449 1644 ϐηκός
469 1589 481 1602 '
507 1576 554 1627 εί
586 1575 643 1628 δὲ
666 1574 842 1640 τοῦτο,
870 1579 962 1630 καὶ
989 1579 1354 1645 ὲνυπόστατος
1383 1584 1478 1636 καὶ
1509 1584 1632 1638 καθ’
1666 1585 1864 1657 ἑαυτὴν

241 1658 338 1746 ίτὸ
360 1659 504 1717 εἶναι
536 1664 754 1734 ἔχουσα,
785 1667 879 1720 καὶ
912 1668 1142 1739 μηδενὸς
1175 1670 1336 1726 ἄλλου
1369 1673 1635 1764 δεομένης
1667 1676 1864 1731 ἔστιδὲ

274 1753 376 1807 καὶ
407 1755 519 1820 ἀεὶ,
555 1757 632 1820 ὡς
655 1758 750 1811 καὶ
793 1759 952 1812 τοῦτο
997 1761 1302 1816 δέδεικται·
1334 1766 1395 1818 τὸ
1423 1765 1481 1819 δὲ
1505 1768 1591 1821 ἀεὶ
1617 1753 1700 1833 δν,
1736 1769 1860 1824 οὔτε

271 1845 456 1917 ἀρχὴν
507 1849 770 1922 χρονικὴν
814 1849 927 1921 ἔχει
959 1850 1082 1905 οὔτε
1115 1854 1299 1919 τέλος·
1334 1858 1442 1910 πᾶν
1486 1858 1544 1913 δὲ
1571 1861 1633 1913 τὸ
1664 1863 1860 1916 ὲνυπό-

1982 686 2068 724 res
2097 670 2183 725 cui
2226 670 2444 736 accidit,
2493 671 2856 739 compositum
2906 679 2990 724 est
3034 680 3089 726 ct
3144 671 3223 727 sic
3251 683 3557 744 reputatur.

1976 760 2131 824 Quod
2167 762 2213 815 si
2265 761 2336 815 ita
2399 777 2456 815 se
2496 759 2684 823 habet,
2725 760 3047 817 dissolubile
3075 778 3294 834 quoque
3329 774 3434 832 εει,
3473 769 3558 821 vel

1976 851 2176 906 virtute
2223 853 2302 906 νυΙ
2348 853 2606 923 putentia,
2665 853 2716 908 id
2772 864 2875 918 est,
2909 855 3253 910 rationaliter
3307 860 3389 912 vel
3425 859 3556 914 sub.

1973 943 2321 1001 stantialiter.
2356 945 2446 1000 Sic
2473 946 2654 1016 itaque
2670 949 3043 1016 argumentari
3069 949 3194 1004 licet
3222 967 3235 1004 :
3265 950 3405 1006 Deus
3426 951 3559 1007 sim-

1972 1037 2306 1106 plicissimus
2340 1048 2422 1096 est
2473 1057 2487 1094 :
2543 1042 2826 1110 quodlibet
2859 1053 3044 1096 autem
3079 1043 3360 1110 accidens,
3401 1061 3559 1116 teque

1973 1121 2037 1182 ac
2066 1144 2127 1182 ea
2154 1145 2241 1184 res
2260 1130 2346 1184 cui
2371 1131 2588 1197 accidit,
2612 1148 2721 1186 non
2750 1141 2834 1188 est
2855 1135 3107 1203 simplex,
3136 1150 3236 1190 nec
3254 1145 3556 1206 reputatur.

1971 1221 2258 1293 Colligitur
2296 1238 2429 1292 ergo
2495 1223 2664 1278 Deum
2701 1225 3000 1282 accidentis
3046 1243 3169 1282 esse
3213 1228 3552 1299 incapacem.

1970 1315 2134 1384 Atqui
2169 1317 2465 1385 potentiam
2492 1316 2673 1376 habet,
2711 1317 2786 1370 uti
2822 1317 3258 1375 demonstratum
3277 1330 3362 1376 est
3388 1340 3401 1377 :
3427 1338 3557 1394 ergo

1971 1406 2086 1460 haec
2115 1422 2334 1476 quoque
2365 1407 2618 1462 accidens
2662 1423 2768 1461 non
2802 1418 2922 1474 rst;
2950 1411 3096 1478 quod
3147 1411 3218 1465 ita
3252 1413 3457 1483 pariter
3489 1416 3556 1468 ad

1968 1496 2375 1551 conclusionem
2399 1497 2701 1551 deducitur.
2727 1499 2866 1552 Deus
2879 1500 3172 1556 accidentis
3195 1501 3422 1573 incapax
3439 1514 3554 1572 est;

1969 1587 2114 1644 Deus
2133 1590 2368 1657 potentia
2388 1590 2647 1660 praeditus
2665 1601 2749 1645 est
2779 1591 3222 1662 :colligiturergo
3250 1592 3340 1650 Dei
3361 1605 3555 1665 poten-

1969 1681 2097 1736 tiam
2123 1698 2231 1736 non
2256 1697 2378 1738 esse
2404 1683 2738 1740 accidentem
2775 1702 2790 1740 :
2819 1686 2963 1755 quod
2993 1686 3039 1742 si
3070 1688 3142 1742 ita
3174 1703 3234 1741 se
3255 1687 3438 1754 habet,
3473 1698 3557 1744 εει

1967 1774 2083 1828 hac
2117 1773 2228 1828 Deo
2248 1775 2681 1845 enhypostatica,
2717 1785 2768 1830 et
2800 1793 2896 1848 per
2923 1793 2981 1834 se
3011 1779 3422 1835 subsistentiam
3459 1781 3555 1836 ha—

1965 1866 2075 1928 bet,
2099 1878 2151 1922 et
2192 1866 2298 1922 alio
2325 1868 2544 1922 nemine
2573 1877 2716 1938 eget.
2750 1867 2854 1923 Sed
2895 1880 2948 1925 et
2977 1875 3170 1927 eadem
3201 1889 3417 1944 semper
3445 1887 3550 1941 εει,

272 1956 496 2004 στατον,
528 1943 667 2011 μήτε
701 1943 877 2013 ἀρχὴν
899 1943 1019 2014 ἔχον
1057 1947 1315 2019 χρονικὴν
1347 1950 1482 2021 μήτε
1508 1951 1681 2017 τέλος,
1705 1954 1846 2008 ἄκτι¹

1972 1961 2118 2030 (μιεά
2154 1961 2282 2015 item
2327 1960 2759 2015 demonstratum
2793 1961 2917 2017 fuit.
2952 1963 3109 2030 Quod
3137 1942 3552 2038 autemsempcr

272 2032 403 2084 στόν
426 2035 544 2086 ὲστι
567 2034 660 2086 καὶ
675 2035 939 2107 ἀγένητον
957 2050 974 2062 ”
993 2037 1312 2108 εὑρίσκεται
1332 2041 1442 2112 ἄρα
1463 2043 1596 2115 ὅτιή
1627 2045 1858 2118 δύναμις

267 2120 369 2173 τοῦ
399 2121 534 2175 Θεοῦ
559 2124 592 2193 ἡ
613 2125 996 2194 ὲνυπόστατος,
1021 2128 1054 2200 ἣ
1081 2129 1172 2182 καὶ
1195 2131 1368 2198 Λόγος
1393 2133 1488 2187 καὶ
1511 2137 1680 2206 Σοφία
1708 2140 1860 2212 παρὰ

265 2210 385 2265 τῶν
420 2211 580 2267 θείων
625 2215 665 2266 Γ
671 2216 858 2286 ραφῶν
905 2221 1120 2289 τρανῶς
1157 2222 1398 2292 λέγεται,
1458 2225 1710 2294 ἅκτιστός
1740 2233 1858 2285 ἐστι

265 2300 371 2354 καὶ
415 2303 712 2375 ἀγένητος’
749 2308 813 2360 τὸ
839 2307 894 2360 δὲ
922 2310 1177 2366 ἄκτιστον
1205 2315 1300 2368 καὶ
1333 2316 1622 2388 ἀγένητον,
1670 2322 1768 2375 καὶ
1800 2324 1855 2376 αι

267 2395 454 2448 κοιναὶ
487 2394 687 2452 ἔννοιαι
720 2399 820 2452 οὐκ
863 2401 952 2455 ἐπ’
985 2401 1146 2457 ἄλλου
1193 2405 1338 2471 τινὸς
1371 2407 1597 2464 εἰώθασι
1649 2411 1850 2482 λέγειν,

265 2485 391 2540 ἀλλ’
432 2488 525 2541 ἐπὶ
560 2488 697 2544 Θεοῦ
722 2506 736 2521 ⁸
771 2492 804 2563 ἠ
833 2491 1066 2565 δύναμις
1113 2495 1224 2567 ἄρα
1247 2497 1341 2551 τοῦ
1370 2498 1529 2569 Θεοῦ,
1567 2501 1714 2574 ἥπερ
1758 2508 1853 2560 καὶ

266 2576 447 2646 Σοφία
482 2579 578 2634 καὶ
611 2580 783 2649 Λόγος
809 2584 976 2637 αὐτοῦ
1025 2587 1122 2640 καὶ
1157 2586 1284 2652 Υἱὸς
1313 2591 1379 2643 ὲκ
1405 2591 1515 2644 τῶν
1542 2594 1675 2663 παρ’
1719 2597 1852 2665 ἡμῖν

268 2671 766 2742 προσαγορεύεται,
811 2673 944 2738 Θεός
973 2675 1031 2727 τέ
1082 2677 1232 2731 ἐστιν
1281 2681 1559 2751 ἀληθινὸς,
1592 2685 1852 2739 καὶκατὰ

266 2760 452 2814 πάντα
482 2762 668 2831 ὅμοιος
688 2764 766 2835 τῷ
798 2765 916 2837 Θεῷ
944 2768 1038 2820 καὶ
1071 2770 1267 2842 Πατρὶ,
1298 2775 1394 2826 καὶ
1423 2776 1572 2846 παρὰ
1601 2778 1708 2832 τῶν
1748 2797 1850 2831 κα-

264 2843 379 2909 λῶς
404 2847 732 2914 δοξαζόντων
751 2855 1092 2925 Χριστιανῶν
1116 2861 1428 2916 πιστεύεται
1446 2867 1539 2918 καὶ
1555 2865 1846 2936 λογίζεταιο

263 2937 390 2991 ἀλλ’
415 2941 496 2994 ὅτι
529 2942 629 3013 μὲν
662 2944 759 3017 τὴν
803 2947 1033 3019 δύναμιν
1074 2951 1170 3004 τοῦ
1203 2953 1336 3007 Θεοῦ
1369 2956 1490 3009 καθ’
1525 2958 1592 3028 ἢν
1629 2959 1846 3028 λέγεται

265 3031 518 3098 δυνατὸς,
559 3039 655 3090 καὶ
681 3039 748 3092 δι’
781 3034 848 3112 ἧς
873 3045 1040 3110 ποιεῖ,
1089 3045 1184 3097 καὶ
1210 3041 1276 3117 ἧς
1309 3051 1478 3119 χωρὶς
1517 3050 1669 3105 οὐδὲν
1706 3055 1849 3106 ποιεῖ

264 3124 300 3176 ὁ
324 3125 478 3192 Θεὸς,
508 3128 640 3182 Θεὸν
669 3133 696 3184 ό
715 3132 871 3201 λόγος
899 3135 992 3188 καὶ
1009 3137 1294 3206 ὀμοούειον
1322 3140 1494 3213 αὐτὴν
1513 3143 1608 3196 καὶ
1631 3145 1849 3217 ὁμοφυῆ

263 3216 364 3269 τοῦ
409 3220 546 3273 Θεοῦ
601 3226 696 3276 καὶ
748 3227 962 3296 Πατρὸς
1017 3228 1135 3298 μετ’
1183 3231 1446 3300 ἀκριϐοῦς
1517 3216 1844 3302 ἀποδείξεωξ

263 3306 459 3375 ἔδειξε,
497 3315 749 3385 φανερόν.

339 3589 394 3644 ιη’.
433 3591 556 3646 Ὅτι
582 3592 638 3646 δὲ
669 3595 762 3649 καὶ
789 3598 929 3671 αὐτὴ
959 3600 1086 3666 Υἱὸς
1118 3602 1253 3656 Θεοῦ
1289 3607 1382 3658 καὶ
1408 3606 1582 3676 Λόγος
1617 3611 1712 3666 καὶ
1745 3615 1842 3669 Σο-

265 3682 367 3774 cpia
388 3683 586 3774 εστὶν,
619 3687 712 3740 καὶ
747 3690 971 3756 εἰκότως
1003 3694 1134 3768 παρ’
1165 3696 1322 3766 ἡμῶν
1355 3699 1464 3752 τῶν
1498 3702 1844 3774 Χριστιανῶν

262 3772 614 3846 ὡμολόγηται
649 3795 709 3831 τε
749 3781 842 3835 καὶ
876 3784 1269 3852 πεπίστευται,
1317 3782 1419 3842 ὧδέ
1452 3772 1571 3857 πώς
1600 3797 1716 3849 ἐστι
1751 3798 1844 3869 δῆ-

262 3864 377 3920 λον.
423 3867 482 3920 Ὀ
520 3869 674 3932 Θεὸς,
713 3872 872 3943 εἴπερ
900 3875 1015 3927 ἐστὶ
1039 3875 1170 3940 Θεὸς
1202 3879 1457 3949 ἀληθινὸς
1493 3884 1588 3938 καὶ
1621 3864 1841 3956 λέγεται

262 3957 360 4008 καὶ
391 3959 707 4013 πιστεύεται
737 3964 828 4015 καὶ
863 3968 1015 4034 παρὰ
1045 3965 1154 4019 τῶν
1186 3968 1594 4040 εὐφρονούντων
1623 3976 1842 4044 δοξάζε-

260 4065 352 4101 ται
401 4051 496 4103 καὶ
523 4052 852 4122 κηρύττεται
873 4094 888 4120 ,
919 4057 1038 4125 ἢτοι
1073 4060 1137 4111 ὲκ
1158 4059 1268 4112 τῶν
1307 4063 1429 4115 κατ’
1468 4066 1653 4129 αὐτὸν,
1683 4086 1842 4122 τουτ-

259 4142 408 4194 έστιν
430 4145 496 4196 ἐκ
522 4143 620 4213 τῆς
641 4146 828 4210 οὐσίας
854 4148 1041 4216 αὐτοῦ,
1065 4149 1352 4219 ἔγνωσται,
1369 4157 1426 4208 ἐν
1452 4152 1534 4220 οἷς
1561 4157 1840 4225 δοξάζεται

258 4235 355 4286 καὶ
402 4236 734 4306 κηρύττεται
774 4240 868 4294 καὶ
901 4243 1215 4297 πιστεύεται
1245 4246 1327 4298 ὅτι
1365 4247 1533 4312 ἐστιν,
1569 4251 1601 4320 ἣ
1634 4254 1697 4304 ἐκ
1730 4252 1839 4306 τῶν

258 4327 392 4398 περὶ
449 4330 644 4396 αὐτὸν,
679 4335 928 4388 τουτέστι
977 4336 1088 4389 τῶν
1132 4339 1298 4391 αὐτοῦ
1331 4342 1681 4411 κτισμάτων·
1723 4345 1838 4398 ἀλλ’

254 4419 337 4473 ὅτι
369 4421 471 4489 μὲν
504 4424 568 4474 ὲκ
597 4424 705 4475 τῶν
736 4428 860 4479 κατ’
891 4427 1086 4495 αὐτὸν,
1114 4431 1394 4484 τουτέστιν
1424 4429 1490 4486 ὲκ
1525 4436 1624 4504 τῆς
1651 4437 1838 4501 οὐσίας

1968 2059 2072 2114 εει,
2095 2065 2163 2104 ηε
2185 2051 2479 2120 temporale
2493 2051 2710 2121 quidem
2741 2052 2952 2114 initium
2975 2056 3138 2111 habet
3155 2073 3332 2126 neque
3361 2059 3546 2118 fluent.

1966 2139 2140 2195 Omne
2169 2158 2300 2197 vero
2353 2144 2499 2213 qund
2529 2144 3003 2216 enhypostaticum
3047 2159 3152 2214 est,
3187 2167 3368 2221 neque
3408 2163 3549 2207 tem—

1967 2230 2150 2298 porale
2179 2230 2343 2285 habet
2371 2232 2586 2286 initium
2617 2235 2698 2289 vel
2733 2236 2914 2299 linem,
2947 2236 3021 2303 id,
3055 2238 3303 2310 inquam,
3332 2241 3545 2296 increa-

1966 2331 2078 2376 tum
2114 2333 2274 2378 estet
2328 2324 2615 2380 infectum.
2658 2328 3002 2398 Comperitur
3052 2332 3256 2401 itaque,
3308 2331 3404 2387 Ι)εεὶ
3448 2349 3546 2404 po-

1965 2414 2211 2476 tentiam,
2239 2432 2360 2485 quae
2380 2419 2773 2490 enhypostatos
2789 2430 2842 2475 et
2862 2420 3100 2477 Verbum
3125 2434 3289 2495 atque
3313 2425 3546 2496 Sapien-

1963 2505 2036 2560 tia
2097 2521 2126 2558 a
2183 2505 2382 2562 divinis
2440 2509 2738 2579 Scripturis
2801 2512 3009 2582 liquido
3064 2517 3387 2585 appellatur,
3425 2534 3548 2574 esse

1964 2596 2265 2652 increatam
2301 2607 2468 2670 atque
2503 2600 2782 2657 infectam.
2819 2602 2977 2670 Quod
3010 2616 3193 2662 autem
3228 2608 3538 2666 increatum

1964 2690 2337 2761 infectumque
2378 2702 2484 2759 est,
2511 2693 2565 2748 id
2596 2709 2918 2752 communes
2947 2715 3164 2770 quoque
3194 2702 3447 2758 notiones
3475 2705 3543 2758 de.

1960 2781 2070 2836 alio
2099 2784 2322 2838 nemine
2354 2799 2521 2854 quam
2567 2785 2634 2840 de
2671 2785 2782 2841 Deo
2816 2786 3001 2843 dicere
3024 2791 3222 2846 solent.
3250 2791 3393 2862 Ergo
3447 2793 3540 2848 Dei

1958 2875 2198 2942 potentia
2228 2891 2351 2945 qua:
2374 2885 2429 2930 et
2459 2875 2696 2931 Verbum
2729 2887 2783 2934 et
2804 2877 3081 2950 Sapientia
3104 2883 3277 2952 ipsius
3317 2886 3537 2946 dicitur.

1957 2974 2010 3020 et
2059 2981 2090 3020 a
2143 2967 2349 3022 nostris
2391 2965 2565 3024 Filius
2608 2969 2930 3038 appellatur,
2969 2970 3114 3026 Deus
3143 2989 3304 3031 verus
3340 2988 3444 3042 est,
3481 2987 3538 3033 et

1955 3072 2051 3126 per
2066 3057 2252 3112 omnia
2281 3058 2480 3113 similis
2507 3059 2618 3114 Deo
2640 3060 2784 3115 Patri
2807 3078 2823 3128 ;
2864 3074 2918 3117 et
2941 3081 2973 3118 a
2996 3065 3212 3121 cunctis
3235 3075 3383 3123 recte
3405 3084 3534 3124 sen-

1955 3144 2214 3201 tientibus
2237 3145 2568 3202 Christianis
2586 3148 2825 3202 creditur
2845 3164 2908 3204 ac
2929 3159 3232 3220 reputatur.
3253 3151 3413 3210 Nunc
3443 3171 3534 3211 er-

1954 3249 2042 3306 go,
2069 3236 2211 3306 quod
2231 3235 2322 3292 Dei
2350 3238 2667 3307 potentiam,
2688 3253 2794 3308 qua
2815 3239 2862 3294 is
2883 3239 3084 3296 dicitur
3108 3251 3322 3312 potens,
3350 3254 3404 3300 et
3428 3261 3532 3316 qua

1869 3327 1915 3389 C
1949 3325 2078 3396 agit,
2095 3327 2403 3397 etsinequa
2433 3327 2566 3382 nihil
2586 3328 2698 3398 agit
2723 3328 2878 3394 Deus,
2898 3345 3080 3386 sermo
3098 3340 3347 3388 nosteret
3364 3333 3531 3389 Deum

1949 3432 2095 3484 esse,
2119 3430 2173 3474 et
2214 3419 2322 3474 Deo
2347 3418 2496 3474 Patri
2533 3421 3052 3477 consubstantialem
3080 3431 3244 3493 atque
3277 3424 3530 3496 homogc-

1950 3525 2106 3564 neam
2131 3511 2364 3566 evidenti
2389 3510 2855 3569 demonSIratione
2889 3515 3207 3580 ostenderit,
3226 3516 3404 3585 palam
3427 3526 3532 3572 est.

2019 3601 2106 3658 10.
2138 3603 2292 3670 Quod
2325 3619 2450 3656 vero
2478 3604 2667 3658 eadem
2707 3615 2762 3658 et
2794 3603 2886 3659 Dei
2909 3602 3080 3661 Filius
3107 3605 3179 3661 sit
3201 3615 3256 3662 et
3297 3605 3530 3663 Verbum

1947 3703 2110 3764 atque
2141 3692 2441 3764 Sapientia,
2475 3697 2732 3765 quodque
2759 3711 2879 3750 eam
2902 3697 3028 3766 jure
3075 3698 3384 3770 meritoque
3432 3715 3533 3755 nos

1944 3785 2241 3841 Christiani
2299 3787 2660 3842 conliteamur
2702 3798 2866 3857 atque
2931 3789 3254 3856 credamus,
3301 3791 3384 3846 sic
3413 3791 3528 3846 fere

1949 3877 2294 3934 manifestum
2327 3882 2437 3935 lict.
2484 3879 2650 3945 Deus,
2687 3881 2960 3950 siquidem
2995 3897 3159 3937 verus
3183 3881 3328 3938 Deus
3364 3892 3418 3937 et
3447 3883 3528 3939 di-

1943 3973 2088 4026 citur
2117 3980 2276 4042 atque
2303 3973 2545 4027 creditur
2582 3981 2636 4026 et
2665 3974 2732 4026 ab
2764 3975 3020 4028 omnibus
3044 3987 3190 4029 recte
3243 3976 3528 4030 sentienti-

1942 4063 2045 4118 bus
2079 4063 2408 4132 glorificatur
2440 4073 2495 4119 et
2532 4063 2876 4133 praedicatur,
2923 4063 3088 4129 Deus,
3137 4065 3381 4134 inquam,
3441 4068 3525 4122 vel

1943 4168 2009 4208 ex
2043 4155 2129 4208 his
2157 4169 2276 4222 quae
2303 4163 2432 4208 sunt
2461 4153 2763 4208 secundum
2814 4155 3015 4223 ipsum,
3059 4154 3110 4208 id
3167 4163 3273 4220 est,
3303 4170 3369 4210 ex
3406 4157 3524 4226 ejus

1943 4247 2272 4311 substantia,
2304 4247 2670 4315 cognoscitur,
2708 4259 2980 4316 quatenus
3019 4264 3085 4302 ex
3121 4248 3208 4304 his
3251 4249 3523 4318 gloriﬁca-

1946 4348 2050 4402 tur,
2081 4339 2408 4408 prmdicatur
2431 4339 2743 4393 etcreditur
2774 4339 2922 4410 quod
2955 4341 3028 4395 sit
3065 4357 3082 4409 ;
3120 4342 3204 4395 vel
3245 4344 3423 4411 potius
3453 4358 3520 4398 ex

1941 4430 2009 4486 iis
2041 4446 2162 4500 quae
2193 4430 2335 4486 circa
2355 4431 2531 4499 ipsum
2569 4441 2718 4498 sunt,
2750 4432 2800 4485 id
2831 4442 2934 4500 est,
2977 4449 3044 4488 ex
3079 4436 3346 4491 creaturis
3379 4437 3516 4506 ejus.

255 4514 448 4578 αὐτοῦ,
482 4517 765 4587 ἀμήχανον
805 4521 898 4572 καὶ
929 4521 1194 4575 ἀδύνατον
1238 4525 1504 4591 ἐγνῶσθαι
1538 4528 1699 4580 αὐτὸν
1740 4532 1836 4584 καὶ

1953 4524 2051 4580 Sed
2082 4525 2226 4579 enim
2256 4540 2321 4578 ex
2347 4525 2432 4579 his
2458 4539 2580 4594 qua:
2607 4527 2905 4580 secundum
2934 4525 3110 4596 ipsum
3141 4537 3290 4593 sunt,
3325 4527 3378 4582 id
3411 4539 3513 4591 eSt.

254 4609 378 4670 ταῖς
415 4609 734 4676 ἀγγελικαῖς
762 4611 1056 4683 δυνάμεσι,
1093 4613 1171 4684 μὴ
1213 4617 1296 4668 ὄτι
1325 4632 1389 4684 γε
1419 4620 1484 4688 τῇ
1518 4620 1832 4694 ἀνθρωπίνῃ

255 4701 440 4768 φύσει,
475 4703 566 4753 καὶ
597 4703 652 4755 αἱ
680 4706 854 4757 κοιναὶ
889 4704 1088 4758 ἔννοιαι
1116 4708 1265 4777 ἡμᾶς
1293 4708 1670 4763 ἐκδιδάσκουσι
1691 4729 1704 4742 ’
1736 4714 1831 4765 καὶ

253 4791 366 4862 γὰρ
396 4793 489 4844 τὸν
511 4792 643 4846 Θεὸν
674 4795 816 4848 κατὰ
835 4795 924 4850 τὸν
948 4798 1047 4867 τῆς
1069 4798 1254 4861 οὐσίας
1275 4798 1455 4867 λόγον,
1484 4803 1828 4872 ἀκατονόμα-

255 4901 386 4938 στον
428 4888 524 4939 καὶ
570 4888 942 4958 ἁνέκερραστον
979 4892 1113 4959 ἡμῖν
1164 4893 1257 4943 καὶ
1298 4891 1583 4962 ἀνώνυμον
1629 4895 1722 4948 καὶ
1773 4895 1830 4947 αἱ

253 4974 396 5028 θεῖαι
425 4977 640 5047 Γραφαὶ
666 4982 754 5031 καὶ
785 4980 840 5031 αἱ
871 4983 1045 5032 κοιναὶ
1075 4981 1275 5036 ἔννοιαι
1315 4985 1671 5055 παραδιδόασι
1692 5001 1708 5018 ο
1736 4988 1829 5039 καὶ

251 5068 444 5121 τούτου
499 5071 683 5132 πίστις
731 5072 999 5142 ἐναργὴς,
1049 5075 1097 5124 εἰ
1142 5073 1284 5127 θέλοι
1325 5093 1408 5138 τις
1456 5081 1721 5150 συνορᾷν,
1771 5080 1829 5131 τὸ

257 5160 426 5230 μηδὲν
460 5161 568 5214 τῶν
612 5161 778 5214 αὐτοῦ
808 5165 1086 5233 ὀνομάτων
1130 5167 1226 5234 τῆς
1257 5168 1443 5231 οὐσίας
1482 5169 1646 5222 αὐτοῦ
1691 5167 1829 5224 εἶναι

252 5254 583 5325 δηλωτικὸν,
625 5257 798 5328 αῦτηο
837 5257 934 5311 κα)⁹
981 5259 1090 5328 γὰρ
1135 5259 1366 5314 ἕκαστον
1404 5263 1509 5316 τῶν
1552 5263 1828 5334 ὀνομάτων

251 5349 390 5419 πρὸς
416 5347 638 5418 ὁδηγίαν
657 5349 758 5418 τῆς
793 5349 944 5412 θείας
975 5350 1188 5418 φύσεως
1216 5352 1346 5421 ἡμῖν
1377 5353 1824 5425 λαμϐανομένων,

255 5426 392 5494 ίδίαν
425 5442 540 5510 ἔχει
573 5443 802 5494 ἕκαστον
838 5444 1382 5516 ὲμπεριειλημμένην
1417 5446 1690 5501 διάνοιαν’
1737 5451 1828 5502 καὶ

250 5534 352 5588 οὐκ
381 5535 447 5587 ἂν
472 5536 639 5604 χωρὶς
663 5537 755 5605 νοή
767 5537 935 5606 ματός
959 5553 1125 5603 τινος,
1155 5538 1414 5608 οὐδεμίαν
1443 5539 1624 5610 εὕροις
1645 5541 1828 5612 φωνὴν

249 5625 310 5678 ἐν
354 5629 469 5688 τοῖς
515 5627 1005 5701 θεοπρεπεστέροις
1035 5629 1144 5682 τῶν
1187 5630 1488 5700 ὀνομάτων.
1531 5632 1590 5683 Ei
1629 5627 1720 5685 οῦν
1762 5637 1826 5686 ἐκ

252 5717 352 5787 τῆς
383 5718 571 5780 οὐσίας
604 5721 885 5791 ἀμήχανον
917 5722 1078 5774 αὐτὸν
1116 5721 1419 5790 ἐγνῶσθαι,
1466 5724 1539 5786 ὡς
1588 5723 1825 5792 ἔφαμεν,

252 5810 487 5881 φανερὸν
520 5813 602 5864 ὅτι
637 5813 700 5864 ὲκ
729 5813 837 5865 τῶν
863 5815 991 5882 περὶ
1020 5814 1204 5878 αὐτὸν,
1243 5814 1386 5868 καθὰ
1427 5817 1520 5868 καὶ
1557 5815 1711 5887 ὀρθός
1745 5833 1827 5878 τις

253 5901 410 5972 λόγος
468 5904 753 5976 ἐμφαίνειο
813 5907 878 5959 ἐκ
931 5907 1039 5977 γὰρ
1095 5908 1356 5976 μεγέθους
1421 5910 1511 5961 καὶ
1561 5908 1823 5980 καλλονῆς

568 6002 840 6063 ΡΑτιιοιι.
885 6005 998 6064 Gn.
1045 6005 1140 6064 CV

1942 4636 2006 4674 ex
2035 4618 2154 4687 ejus
2193 4619 2518 4684 substantia,
2573 4619 2747 4687 ipsum
2800 4621 3077 4688 cognosci,
3125 4621 3227 4674 hoc
3254 4621 3518 4691 angelicis

1935 4726 2155 4781 quoque
2193 4711 2488 4765 virtutibus
2512 4712 2847 4780 impossibile
2887 4727 3032 4776 esse,
3069 4715 3268 4768 nedum
3305 4723 3518 4769 naturae

1939 4803 2210 4865 humanae,
2250 4801 2329 4854 vel
2358 4817 2678 4858 conununcs
2707 4804 2960 4858 notiones
2982 4805 3117 4859 satis
3153 4821 3253 4860 nos
3293 4805 3510 4861 docent.

1930 4895 2066 4948 Nam
2095 4897 2256 4960 Deus,
2284 4895 2430 4964 quod
2474 4897 2668 4950 attinet
2724 4897 2789 4950 ad
2829 4912 2940 4951 suae
2981 4899 3304 4953 substantia:
3345 4901 3509 4954 ratio-

1933 5000 2078 5051 nem,
2114 4987 2522 5040 innominabilis
2556 4995 2659 5051 cst,
2716 4986 3039 5053 ineﬂ‘abil-ls,
3087 4997 3140 5041 et
3183 5003 3508 5060 anonymus,

1934 5088 1995 5132 ut
2043 5079 2242 5132 divina:
2268 5093 2484 5147 quoque
2530 5078 2831 5148 Scriptura:
2857 5089 2912 5132 et
2965 5093 3287 5134 communes
3328 5080 3507 5132 norin-

1931 5185 2030 5224 nes
2072 5171 2287 5224 tradunt
2331 5187 2344 5224 :
2383 5169 2538 5238 cujus
2579 5170 2656 5224 rei
2708 5185 3053 5239 perspicuum
3103 5180 3506 5240 argumentum,

1930 5262 1977 5316 si
2011 5262 2134 5329 quis
2160 5263 2322 5328 volet,
2359 5270 2564 5324 eernet,
2594 5263 2740 5331 quod
2783 5277 2975 5332 nempe
3031 5263 3236 5316 nullum
3291 5279 3357 5317 ex
3387 5263 3507 5332 ejus

1931 5355 2249 5409 nominibus
2291 5355 2652 5410 substantiam
2697 5355 2940 5423 ejusdem
2985 5355 3316 5410 manifestat.
3367 5354 3502 5408 Nam
3570 5347 3574 5351 ”

1931 5447 2145 5512 singula
2174 5448 2396 5500 nomina
2421 5464 2542 5516 quae
2591 5463 2618 5498 a
2672 5448 2826 5501 nobis
2859 5449 3186 5502 adhibentur
3232 5448 3389 5518 quasi
3437 5451 3505 5502 ad

1932 5537 2170 5591 divinam
2202 5547 2450 5590 naturam
2500 5537 2775 5599 ducentia.
2824 5541 3098 5608 proprium
3157 5540 3505 5608 unumquod-

1929 5648 2036 5700 que
2099 5631 2299 5684 habent
2367 5631 2662 5685 involutam
2729 5631 3057 5697 notionem;
3106 5648 3278 5701 neque
3335 5633 3504 5686 ullum

1929 5723 2230 5794 compcrics
2256 5723 2373 5777 sine
2421 5725 2652 5791 quadam
2713 5724 2909 5777 mentis
2963 5723 3290 5793 cogitatione
3345 5739 3505 5779 voca-

1931 5818 2138 5881 bulum,
2180 5815 2318 5868 inter
2353 5815 2471 5868 illas
2505 5831 2626 5882 quae
2657 5815 2826 5883 magis
2868 5813 3037 5868 Deum
3091 5815 3286 5870 decent
3332 5813 3504 5870 deno—

1932 5907 2285 5961 ntinationcs.
2325 5905 2379 5958 Si
2439 5921 2569 5973 ergo
2622 5905 2771 5958 illum
2805 5921 2868 5959 ex
2925 5904 3143 5975 propria
3201 5906 3503 5962 substantia

3033 5997 3108 6059 2‘2
