3994 6622
289 520 387 586 685

1464 512 1899 577 REFUTATIO
1928 512 2406 574 MOHAMEDIS.

3461 514 3567 575 686

298 633 476 703 πάσης
507 631 618 702 γὰρ
651 631 960 700 ἀντιλογίας
991 629 1292 701 ἀργούσης,
1324 629 1648 701 τιμιώτερον
1691 631 1724 698 ἡ
1751 629 1878 698 γέν-

1992 626 2502 685 infructuositatem.
2541 629 2692 696 Quod
2727 630 2771 684 si
2814 629 2887 684 ita
2919 644 2977 685 se
3002 629 3187 692 habet,
3213 629 3565 699 perspicuum

247 771 250 774 .
291 740 446 794 νησις
482 722 582 792 τῆς
626 720 965 792 στειρώσεως
1018 719 1112 793 καὶ
1145 720 1427 790 ἀκαρπίας
1457 735 1466 748 ·
1500 719 1635 772 εἰδὲ
1680 718 1874 782 τοῦτο,

289 815 521 887 φανερόν
544 816 628 868 ὅτι
649 817 677 868 6
699 814 831 876 Θεὸς
862 812 990 870 Υίὸν
1015 811 1128 882 ἔχει
1149 826 1162 840 ⁸
1189 809 1436 882 ἔστιγὰρ
1459 809 1878 879 συλλογίσασθαι

289 909 483 970 οὕτως·

367 997 462 1067 ιβ’.
490 997 594 1049 Τὸν
622 996 755 1050 Θεὸν
775 998 838 1049 ἐκ
866 997 974 1050 τῶν
1007 998 1066 1050 ἐν
1096 999 1230 1069 ἡμῖν
1264 998 1592 1069 κρειττόνων
1626 1011 1876 1064 γεννητι-

287 1091 380 1143 κόν
414 1107 476 1142 τε
525 1093 620 1142 καὶ
648 1089 873 1158 γόνιμον
912 1089 1279 1158 βλαστάνοντα
1325 1086 1620 1159 προσφυῶς
1649 1085 1876 1154 διαγρά-

287 1199 462 1252 φομεν
487 1198 501 1211 ο
537 1184 645 1235 πᾶν
673 1181 730 1235 δὲ
757 1181 817 1234 τὸ
852 1180 1026 1244 οὕτως
1052 1181 1194 1251 ἔχον,
1221 1180 1356 1251 πρὸς
1388 1179 1502 1232 υἱὸν
1590 1177 1818 1248 βλαστὸν
1843 1175 1876 1246 ἢ

287 1275 500 1345 καρπὸν
531 1274 565 1345 ἢ
596 1273 751 1341 γόνον
785 1274 886 1344 τὴν
915 1274 1196 1344 ἀναφορὰν
1232 1274 1374 1342 ἔχει’
1409 1272 1705 1340 συνάγεται
1745 1270 1873 1339 ἄρα,

285 1367 368 1419 ὅτι
396 1368 424 1418 ὁ
444 1366 576 1428 Θεὸς
602 1365 923 1435 πρεπόντως
950 1365 1015 1416 ἐκ
1033 1364 1142 1416 τῶν
1170 1366 1227 1416 ἐν
1255 1365 1386 1434 ἡμῖν
1407 1360 1872 1432 διαγραφόμενος,

289 1460 416 1512 Υἱόν
447 1475 507 1511 τε
539 1457 652 1527 ἔχει
686 1457 802 1528 (καὶ
832 1459 963 1527 παρ’
1013 1459 1144 1528 ἡμῖν
1195 1454 1375 1519 καλῶς
1426 1454 1749 1509 πιστεύεται
1781 1454 1875 1509 καὶ

286 1547 594 1618 δοξάζεται)
654 1548 744 1602 τὸν
781 1548 839 1614 ἐξ
886 1547 1052 1600 αὑτοῦ
1101 1548 1483 1609 ἐνυποστάτως
1514 1549 1608 1600 καὶ
1646 1546 1873 1611 ἀπαθῶς

288 1643 382 1694 καὶ
415 1640 699 1713 ἀρεύστως
725 1639 1056 1709 γεννηθέντα
1086 1639 1262 1708 Λόγον
1282 1655 1295 1667 ⁸
1333 1639 1382 1691 ei
1411 1638 1468 1691 δὲ
1495 1639 1673 1705 τοῦτο,
1706 1655 1873 1708 φανε-

291 1735 383 1806 ρὸν
415 1736 510 1788 καὶ
539 1735 650 1796 τοῖς
690 1734 948 1803 ἀμυδρῶς
992 1736 1223 1804 συνορᾷν
1271 1732 1568 1802 ἰσχύουσιν,
1601 1733 1683 1786 ὅτι
1727 1735 1758 1803 ή
1791 1733 1874 1785 ἐν·

293 1823 596 1886 υπόστατος
625 1821 854 1892 δύναμις
886 1821 981 1874 τοῦ
1006 1822 1141 1875 Θεοῦ
1166 1825 1261 1878 καὶ
1287 1823 1478 1891 Σοφία,
1502 1823 1624 1876 καθ’
1655 1823 1724 1893 ἦν
1755 1826 1870 1875 ἐστι

289 1915 538 1978 δυνατὸς,
572 1913 667 1966 καὶ
693 1913 762 1968 δι’
800 1911 868 1985 ἦς
903 1917 1068 1980 ποιεῖ,
1103 1916 1198 1969 καὶ
1221 1910 1288 1988 ἦς
1319 1915 1490 1985 χωρὶς
1519 1915 1672 1970 οὐδὲν
1707 1919 1870 1981 ποιεῖ,

1985 730 2071 775 est
2121 720 2292 776 Deum
2328 721 2530 777 habere
2592 720 2814 776 Filium.
2866 719 2958 776 Sic
2989 722 3132 777 enim
3197 724 3568 790 argumentari

1984 813 2129 868 licet.

2055 997 2154 1052 12.‘
2183 995 2350 1052 Deum
2383 1013 2448 1052 ex
2479 999 2567 1064 iis,
2602 1014 2726 1069 qua:
2759 999 2812 1053 in
2843 998 3002 1053 nobis
3029 1005 3155 1051 sunt
3190 997 3398 1066 potiora
3425 1003 3572 1065 ,‘gc-

1978 1090 2211 1145 nitivum
2257 1100 2310 1145 et
2361 1090 2652 1146 fecundum
2697 1101 2752 1146 et
2809 1091 3204 1162 germinantem
3256 1103 3398 1154 esse,
3447 1100 3572 1156 apte

1980 1179 2271 1234 deﬁnimus
2323 1197 2336 1233 :
2378 1183 2528 1250 alqui
2583 1191 2780 1236 cuncta
2833 1181 3144 1250 hujusmodi
3200 1178 3463 1233 vocabula
3504 1179 3570 1232 ad

1977 1273 2175 1337 tilium,
2225 1281 2320 1327 aut
2365 1289 2608 1343 germen,
2670 1284 2763 1328 aut
2799 1273 3062 1337 fructum,
3099 1282 3196 1326 aut
3258 1272 3569 1342 genituram

1978 1365 2347 1419 referuntur:
2411 1365 2681 1434 colligitur
2755 1380 2883 1434 ergo
2947 1363 3118 1419 Deum
3202 1379 3446 1434 congrue
3507 1378 3571 1416 ex

1980 1456 2183 1510 nostris
2221 1456 2384 1511 rebus
2426 1455 2639 1510 deliniri
2701 1457 2945 1518 solitum,
2988 1454 3185 1508 Filium
3223 1442 3441 1524 quoque
3476 1454 3575 1507 ha-

1979 1549 2111 1604 bere
2153 1549 2370 1619 (idque
2433 1565 2464 1603 a
2516 1549 2675 1603 nobis
2729 1557 2876 1603 recte
2934 1547 3080 1602 credi
3104 1555 3158 1599 et
3203 1545 3570 1613 existimari),

1974 1653 2172 1710 nempe
2199 1638 2338 1694 illud
2369 1638 2517 1709 quod
2547 1637 2960 1711 enbypostatice
2983 1647 3037 1692 et
3065 1635 3497 1707 impassibiliter,
3522 1644 3576 1689 et

1976 1733 2097 1787 sine
2124 1731 2234 1786 ullo
2265 1729 2410 1784 ﬂuxu
2434 1731 2672 1802 genitum
2708 1731 2941 1786 Verbum
2970 1738 3074 1785 est.
3107 1729 3262 1796 Quod
3286 1728 3331 1783 si
3362 1728 3435 1781 ita
3468 1736 3572 1791 est,

1975 1826 2324 1895 perspicuum
2353 1826 2589 1880 ﬁtetiam
2637 1826 2741 1879 illis
2787 1826 2876 1894 qui
2905 1823 3124 1878 exiliter
3174 1836 3400 1876 cernere
3439 1835 3576 1890 que-

1978 1926 2095 1980 unt,
2138 1918 2608 1989 enhypostaticam
2644 1917 2735 1971 Dei
2780 1918 3076 1986 potentiam
3142 1923 3307 1983 atque
3353 1913 3573 1981 sapien—

291 2008 360 2075 ἢν
397 2006 494 2058 καὶ
545 2007 574 2058 6
620 2006 781 2075 λόγος
829 2007 1119 2076 όμοούσιον
1161 1986 1400 2079 1668a;
1435 2009 1529 2062 καὶ
1563 2010 1741 2080 Πατρὶ
1778 2009 1871 2062 καὶ

1992 2008 2133 2073 ἠίιηι,
2194 2025 2314 2080 qua
2354 2017 2544 2079 potens
2587 2020 2690 2071 est,
2755 2017 2809 2062 et
2845 2022 2953 2077 qua
2988 2006 3141 2076 agit,
3177 2014 3232 2060 et
3288 2005 3407 2060 sine
3467 2019 3574 2074 qua

289 2098 435 2151 κατά
484 2099 661 2167 πάντα
709 2101 896 2170 ὅμοιον
935 2101 1158 2168 ἔδειξεν,
1201 2105 1368 2174 χωρὶς
1411 2104 1511 2174 τῆς
1549 2104 1878 2175 γεννήσεως,

293 2190 422 2254 Υίός
450 2190 511 2244 τέ
540 2192 658 2245 ἐστι
689 2192 824 2245 Θεοῦ
858 2195 952 2247 καὶ
982 2194 1154 2264 Σοφία
1185 2195 1281 2248 καὶ
1302 2195 1497 2262 Λόγος,
1532 2197 1628 2248 καὶ
1654 2195 1880 2257 εἰκότως

291 2281 426 2352 παρ’
461 2281 620 2352 ήμῶν
669 2283 779 2336 τῶν
822 2283 1172 2354 Χριστιανῶν
1222 2285 1574 2356 ὼμολόγηταί
1626 2284 1734 2358 [τε]
1790 2287 1884 2339 καὶ

292 2375 699 2428 πεπίστευταιο
753 2377 802 2430 εἰ
842 2377 904 2430 δὲ
954 2378 1111 2432 τοῦτο
1143 2378 1374 2449 ἀληθὲς,
1409 2379 1601 2450 ὥσπερ
1648 2378 1740 2432 οῦν
1786 2381 1884 2432 καὶ

291 2459 530 2538 ἀληθὲς,
579 2467 655 2531 ῶς
683 2467 990 2534 δέδεικται,
1043 2469 1220 2540 μάτην
1269 2472 1377 2542 ἄρα
1410 2473 1438 2524 ὁ
1479 2470 1754 2541 βάρϐαρος
1788 2472 1881 2525 καὶ

291 2559 490 2628 ἄλογος
522 2561 765 2630 Μωάμετ
800 2561 950 2631 ἡμᾶς
983 2562 1041 2614 ἐν
1072 2564 1139 2632 τῇ
1168 2562 1301 2632 παρ’
1333 2561 1496 2614 αὑτοῦ
1536 2562 1883 2632 πλαστογρα-

296 2654 534 2727 φηθείσῃ
573 2653 740 2726 βίϐλῳ
777 2655 851 2718 ὡς
881 2655 1218 2722 κοινωνητάς
1269 2657 1364 2709 καὶ
1398 2656 1715 2727 ἐταιριστάς
1766 2655 1884 2708 δια-

300 2745 598 2815 κωμῳδεῖ,
631 2745 800 2816 ήγουν
829 2745 904 2809 ὡς
938 2745 1125 2816 ἕτερον
1169 2746 1304 2799 Θεὸν
1329 2746 1423 2800 τὸν
1467 2746 1593 2800 Υίὸν
1621 2746 1715 2799 τοῦ
1749 2745 1883 2800 Θεοῦ

296 2837 394 2889 καὶ
447 2835 685 2907 Ιιατρὸς,
735 2836 888 2906 παρὰ
919 2837 1012 2888 τὸν
1043 2837 1139 2890 ’ἐνα
1171 2837 1267 2890 καὶ
1315 2836 1476 2906 φύσει
1519 2837 1614 2890 καὶ
1656 2835 1886 2907 ἀληθείᾳ

296 2927 453 2992 Θεὸν,
504 2927 705 2994 ἔξωθεν
737 2929 1252 2999 παρεισκρίνοντας.
1309 2931 1370 2982 El
1403 2925 1498 2982 οὖν
1534 2930 1562 2982 6
1607 2928 1768 2996 λόγος
1820 2929 1885 2980 ἐκ

298 3022 497 3078 κοινῶν
551 3023 772 3077 ἐννοιῶν
807 3027 905 3078 καὶ
955 3024 1194 3093 λογικῶν
1228 3024 1468 3093 μεθόδων
1515 3023 1614 3094 τὴν
1659 3023 1886 3091 δύναμιν

299 3115 396 3171 τοῦ
438 3114 602 3179 Θεοῦ,
636 3116 761 3170 καθ’
809 3117 878 3184 ἥν
920 3118 1070 3172 ἐστιν
1115 3117 1191 3179 ὡς
1230 3116 1370 3188 ἔχων
1403 3116 1656 3185 δύναμιν,
1698 3115 1790 3167 καὶ
1820 3114 1887 3168 δι’

298 3204 366 3279 ἦς
396 3209 563 3274 ποιεῖ,
599 3208 695 3260 καὶ
721 3203 790 3280 ἦς
826 3210 994 3278 χωρὶς
1023 3207 1177 3260 οὐδὲν
1201 3210 1366 3272 ποιεῖ,
1400 3207 1434 3276 ἢ
1465 3207 1556 3259 καὶ
1588 3207 1758 3275 Σοφία
1789 3208 1884 3258 καὶ

305 3300 479 3368 Λόγος
508 3299 602 3353 τοῦ
636 3299 772 3354 Θεοῦ
800 3301 894 3353 καὶ
919 3300 1133 3370 Πατρὸς
1163 3299 1281 3351 ἐστι
1311 3315 1370 3351 τε
1400 3303 1494 3351 καὶ
1522 3281 1765 3364 λέγεται,
1796 3298 1881 3349 ἐν-

303 3387 606 3448 υπόστατόν
632 3404 692 3440 τε
726 3389 820 3442 καὶ
853 3388 1140 3458 ὁμοούσιον
1175 3389 1269 3439 καὶ
1301 3389 1442 3440 κατά
1480 3388 1654 3440 πάντα
1701 3387 1887 3457 ὅμοιον

305 3478 384 3548 τῷ
415 3477 536 3548 Θεῷ
564 3478 656 3531 καὶ
704 3479 904 3549 Πατρὶ,
938 3479 1034 3532 καὶ
1088 3478 1216 3531 Υἱὸν
1249 3479 1348 3548 τὴν
1379 3477 1550 3548 αὐτὴν
1601 3473 1766 3542 εἶναι,
1809 3477 1884 3540 ὡς

303 3571 486 3635 καλῶς
518 3574 649 3644 παρ’
693 3575 829 3644 ήμῖν
857 3574 1194 3638 πιστεύεται,
1235 3572 1445 3646 τρανῶς
1486 3572 1726 3637 ἔδειξεν·
1767 3574 1889 3643 ἀρι-

305 3662 574 3733 δηλότατα
608 3662 800 3734 πόρρω
842 3679 945 3716 που
977 3662 1372 3734 ἐξωστράκισε,
1409 3663 1500 3714 καὶ
1536 3661 1890 3726 ἀπεσείσατο,

307 3754 404 3807 καὶ
426 3753 640 3824 ψευδεῖς
657 3755 916 3824 ἐνέφηνεν
938 3755 1082 3824 ὑμᾶς
1098 3755 1222 3817 τοὺς
1237 3754 1330 3807 ἐπὶ
1342 3757 1404 3826 τῇ
1432 3754 1648 3824 θεότητι
1671 3754 1731 3806 τὸ
1755 3756 1892 3824 μετά

305 3845 368 3898 τὸ
397 3847 595 3900 ἐνιαῖον
639 3846 738 3916 τῆς
772 3846 1010 3914 φύσεως,
1054 3847 1148 3900 καὶ
1181 3846 1244 3899 τὸ
1278 3848 1334 3900 ἐν
1372 3849 1440 3918 τῇ
1476 3846 1697 3916 ἰδιότητι
1729 3847 1892 3917 ἧτουν

309 3938 607 3992 ὑποστάσει
656 3938 1089 4008 ὁμολογοῦνταςο
1144 3939 1241 3993 καὶ
1274 3939 1366 3992 τὸν
1403 3940 1623 4010 Πατέρα
1656 3940 1750 3992 καὶ
1801 3943 1892 3991 τὸν

309 4029 438 4084 Υἰὸν
463 4031 786 4102 ὁμοουσίους
822 4033 916 4085 καὶ
946 4032 1089 4086 κατά
1112 4033 1294 4086 πάντα
1325 4035 1560 4094 ταυτοὺς
1581 4071 1596 4096 ,
1627 4030 1765 4102 πλὴν
1794 4031 1891 4094 τῆς

307 4125 639 4194 ἁγεννησίας
695 4126 789 4180 καὶ
833 4126 932 4194 τῆς
979 4126 1286 4196 γεννήσεως
1342 4124 1416 4195 μὴ
1460 4125 1888 4195 προσιεμένους·

307 4218 390 4272 διὸ
441 4216 646 4279 ⁶τέλειος
677 4216 744 4271 ἃν
778 4219 910 4288 ἡμῖν
953 4219 980 4271 ό
1021 4217 1180 4285 λόγος
1219 4217 1319 4286 τῆς
1376 4215 1726 4284 κατασκευῆς
1759 4231 1892 4267 κατ-

308 4311 585 4380 εφαίνετο,
637 4308 734 4362 καὶ
762 4307 974 4370 οὐδενὸς
1011 4307 1264 4375 δεόμενος
1294 4308 1409 4368 τοῖς
1437 4304 1736 4367 ἐθέλουσιν,
1768 4306 1892 4359 ὅσον

307 4403 450 4457 κατά
479 4402 539 4456 τὸ
582 4401 808 4456 δυνατὸν
839 4402 903 4454 ἐκ
941 4400 1140 4454 κοινῶν
1170 4415 1229 4452 τε
1260 4397 1482 4451 ἐννοιῶν
1517 4399 1621 4467 καὶ,
1645 4397 1893 4465 φυσικῶν

308 4497 750 4569 ἐπιχειρήσεων,
797 4495 906 4550 τῶν
943 4496 1084 4566 ὑπὲρ
1133 4494 1297 4564 φύσιν
1329 4494 1427 4556 τὰς
1457 4492 1760 4558 ἀποδείξεις
1804 4493 1889 4546 δέ·

273 4580 276 4582 ’
307 4589 500 4660 χεσθαι
521 4607 536 4621 ·
570 4589 652 4642 ὅτι
673 4589 702 4641 6
728 4587 862 4652 Θεὸς
891 4589 988 4642 καὶ
1019 4588 1210 4659 Πατὴρ
1235 4587 1348 4657 ἔχει
1377 4585 1506 4640 Υίὸν
1531 4586 1716 4656 ὅμοιον
1738 4585 1891 4654 αύτῷ

1984 2105 2118 2159 nihil
2148 2105 2294 2175 agit,
2325 2118 2488 2173 quam
2541 2103 2705 2158 etiam
2735 2116 2919 2158 sermo
2957 2109 3148 2155 noster
3205 2099 3577 2154 consubstan-

1981 2197 2166 2251 tialem
2195 2197 2301 2250 Deo
2324 2194 2494 2258 Patri,
2516 2202 2571 2248 et
2603 2199 2699 2264 per
2727 2193 2911 2248 omnia
2945 2191 3183 2247 similem
3232 2191 3578 2244 demonstra-

1983 2291 2085 2355 vit,
2137 2297 2366 2358 excepta
2426 2287 2816 2358 generatione,
2871 2284 3070 2338 Filium
3129 2298 3250 2338 esse
3285 2281 3377 2336 Dei
3415 2291 3580 2351 atque

1986 2379 2320 2451 Sapientiam
2365 2386 2419 2433 et
2447 2376 2708 2439 Verbum,
2735 2377 2898 2445 idq'nc
2935 2376 3129 2430 merito
3162 2390 3263 2428 nos
3307 2373 3574 2426 Clu-istia-

1989 2487 2091 2527 nos
2123 2472 2371 2527 conﬁteri
2407 2478 2462 2524 et
2491 2470 2733 2525 credere.
2757 2467 2879 2520 tiam
2910 2467 2952 2520 si
2994 2466 3092 2520 hoc
3125 2479 3310 2518 verum
3344 2475 3446 2526 est,
3477 2477 3576 2515 ceu

1987 2578 2181 2634 reapse
2239 2579 2427 2617 verum
2465 2563 2894 2616 demonstratum
2938 2567 3023 2613 est
3055 2576 3070 2625 ;
3101 2567 3303 2612 temere
3352 2570 3580 2626 prorsus

1989 2658 2259 2712 barbarus
2292 2655 2633 2725 stolidnsque
2672 2651 3020 2706 Mohamcdes
3049 2690 3063 2713 ,
3107 2651 3158 2703 in
3197 2665 3296 2703 suo
3339 2648 3478 2703 falso
3511 2649 3580 2701 Ii-

1987 2749 2087 2803 bro
2117 2763 2218 2803 nos
2275 2756 2533 2816 tanquam
2605 2742 3070 2798 commnnicarios
3123 2751 3179 2795 et
3241 2742 3579 2796 associantcs

1991 2843 2181 2896 irridet
2215 2879 2229 2904 ,
2263 2840 2420 2908 quasi
2450 2837 2622 2893 Deum
2653 2837 2845 2901 alium,
2869 2835 2965 2890 Dei
2996 2834 3172 2889 Patris
3197 2833 3416 2898 Filium,
3439 2850 3577 2904 pra:-

1989 2945 2070 2989 ter
2137 2949 2304 2987 unum
2362 2931 2667 2986 naturalem
2727 2945 2962 2999 vereque
3007 2927 3201 2991 Deum,
3233 2928 3581 2982 extrinsecus

1991 3028 2334 3082 invehamus.
2375 3025 2430 3078 Si
2457 3040 2588 3094 ergo
2615 3039 2795 3079 sermo
2829 3030 3020 3077 noster
3071 3036 3137 3076 ex
3191 3023 3580 3075 communibus

1992 3119 2310 3174 nolionibus
2350 3118 2653 3188 logicisque
2679 3115 2972 3178 methodis,
3007 3113 3097 3166 Dei
3130 3114 3581 3183 potentiam,qua

1992 3222 2183 3280 potens
2215 3219 2316 3270 est.
2345 3220 2400 3264 et
2423 3225 2530 3278 qua
2568 3210 2698 3277 agit,
2734 3216 2789 3262 et
2823 3206 2943 3262 sine
2998 3221 3104 3275 qua
3135 3205 3272 3259 nihil
3301 3206 3429 3275 agit,
3463 3222 3582 3275 qua:

1992 3304 2155 3359 etiam
2191 3303 2469 3373 Sapientia
2523 3300 2872 3370 Verbumque
2909 3298 3004 3355 Dei
3029 3297 3212 3353 Patris
3245 3307 3327 3353 est
3357 3313 3420 3352 ac
3450 3299 3583 3353 dici-

1999 3407 2107 3462 tur,
2139 3395 2610 3468 enhyposmticam
2635 3402 2688 3448 et
2717 3391 3239 3448 consubstantialem
3265 3398 3319 3444 et
3340 3406 3434 3459 per
3463 3407 3582 3445 om-

1996 3487 2087 3542 nia
2117 3486 2353 3542 similem
2388 3485 2498 3540 Deo
2525 3485 2692 3550 Patri,
2722 3483 3082 3553 eamdemque
3109 3496 3231 3537 esse
3273 3479 3498 3546 Filium,
3525 3494 3585 3537 ut

1997 3579 2132 3632 bene
2171 3593 2201 3632 a
2231 3577 2392 3631 nobis
2417 3576 2659 3631 creditur
2693 3592 2709 3642 ;
2741 3574 2788 3630 si
2826 3575 2962 3641 haec,
2998 3575 3220 3643 inquam
3247 3613 3262 3638 ,
3304 3573 3580 3629 sermonis

1996 3670 2169 3726 nostri
2200 3671 2374 3725 series
2396 3669 2573 3724 lucide
2605 3667 3022 3731 demonstravit,
3063 3666 3437 3721 indubitanter
3483 3681 3582 3721 vos

1997 3762 2188 3832 procul
2227 3762 2402 3832 abegit
2447 3760 2803 3831 dispulitque,
2860 3758 3257 3828 mendacesque
3319 3759 3582 3828 coarguit,

1997 3855 2090 3925 qui
2116 3855 2245 3909 dum
2307 3861 2501 3925 praeter
2553 3863 2765 3907 naturae
2830 3852 3093 3906 unitatem
3129 3893 3144 3918 ,
3197 3853 3582 3922 proprietatem

1994 3964 2216 4018 quoque
2233 3949 2346 4002 sive
2370 3947 2706 4018 hypostasim
2725 3945 3058 4000 conﬁtemini
3078 3985 3092 4009 ,
3117 3945 3331 4000 Patrem
3357 3943 3584 4000 Filium-

1997 4055 2106 4111 que
2135 4039 2650 4103 consubstantiales,
2679 4047 2734 4091 et
2766 4053 2862 4106 per
2895 4038 3078 4092 omnia
3129 4037 3353 4092 eosdem
3377 4077 3391 4098 ,
3423 4053 3585 4093 exce-

1997 4143 2084 4202 pta
2124 4132 2462 4186 innativitate
2499 4140 2552 4184 et
2585 4129 2954 4200 generatione,
2988 4143 3096 4182 non
3149 4129 3411 4198 recipitis.
3447 4131 3584 4184 Pro-

1997 4237 2180 4296 pterea
2219 4225 2377 4279 nobis
2419 4223 2636 4294 quidem
2667 4222 2950 4276 videbatur
2997 4220 3267 4290 perfectus
3295 4236 3586 4292 argumen-

1996 4319 2220 4373 tationis
2264 4327 2467 4371 nostra:
2496 4331 2700 4378 sermo,
2731 4323 2784 4367 et
2815 4313 3082 4382 Siquidem
3135 4313 3184 4366 hi
3241 4314 3456 4375 vellent,
3509 4316 3586 4367 ni-

1997 4414 2073 4467 hil
2097 4410 2519 4467 dcsiderandum
2557 4409 2865 4477 relinquere
2893 4424 2908 4473 ;
2939 4415 3210 4475 quatenus
3241 4421 3307 4459 ex
3338 4421 3585 4459 commu-

1995 4505 2158 4559 nibus
2200 4501 2513 4558 notionibus
2563 4499 2911 4571 pliysicisque
2951 4498 3310 4566 argumentis,
3350 4513 3438 4552 res
3463 4513 3586 4566 quae

1995 4610 2161 4664 supra
2213 4603 2465 4648 naturam
2507 4601 2657 4655 sunt,
2697 4589 3219 4646 demonstrationem
3254 4589 3532 4659 patiuntur
3568 4611 3577 4641 :

305 4658 450 4736 κατά
487 4681 686 4747 πάντα,
719 4681 888 4752 ὅνπερ
918 4680 1147 4745 ἀπαθῶς
1181 4658 1286 4734 καὶ
1327 4679 1572 4751 ἁχρόνως
1602 4680 1697 4733 καὶ
1725 4679 1884 4750 ἀρεύ-

1992 4658 2189 4764 nempe
2213 4691 2359 4762 quod
2407 4689 2547 4744 Deus
2577 4689 2737 4742 Pater
2775 4683 2973 4740 Filium
3025 4685 3186 4740 habet
3209 4658 3439 4740 similem
3482 4685 3582 4738 sibi

307 4790 449 4870 otto;
475 4774 809 4844 γεγέννηκεν
827 4790 842 4806 ·
866 4772 925 4837 ὃς
951 4773 1046 4826 καὶ
1071 4773 1244 4841 Λόγος
1273 4775 1368 4825 καὶ
1393 4772 1561 4841 Σοφία
1588 4772 1684 4826 καὶ
1711 4771 1885 4825 Δύνα-

311 4866 418 4940 μις
460 4869 828 4933 ἐνυπόστατος
857 4867 954 4922 τοῦ
1005 4867 1142 4921 Θεοῦ
1191 4870 1363 4934 ἐστιν,
1393 4867 1488 4922 καὶ
1533 4867 1716 4930 καλῶς
1752 4866 1887 4936 παρ’

304 4962 465 5035 ήμῶν
491 4961 832 5016 πιστεύεται.

379 5145 469 5218 ιγ’.
526 5147 669 5201 Ἀλλ’
718 5148 841 5200 ἐπεὶ
887 5149 982 5201 καὶ
1018 5147 1082 5199 τὸ
1135 5145 1365 5216 Πνεῦμα
1412 5144 1472 5198 τὸ
1523 5145 1588 5198 ἐκ
1619 5142 1715 5197 τοῦ
1753 5142 1889 5196 Θεοῦ

308 5246 403 5298 καὶ
435 5243 650 5312 Ματρὸς
677 5241 1133 5313 ἐκπορευόμενον,
1175 5240 1272 5293 καὶ
1306 5239 1404 5292 σὺν
1428 5239 1543 5310 Υἱῷ
1565 5238 1658 5290 τὸν
1687 5235 1891 5306 κόσμον

308 5333 611 5403 ζωογονοῦν
650 5334 745 5386 καὶ
801 5332 1141 5385 ἀναπλάττον
1193 5331 1290 5384 καὶ
1341 5329 1479 5400 πρὸς
1537 5328 1634 5400 τήν
1683 5327 1892 5399 ἀμείνω

307 5427 455 5498 ζωὴν
481 5425 945 5497 μεταστοιχειοῦν,
979 5424 1219 5495 όμοφυές
1246 5423 1307 5476 τέ
1336 5425 1452 5476 ἐστι
1484 5424 1580 5475 καὶ
1607 5421 1893 5492 όμοούσιον

305 5522 386 5594 τῷ
411 5523 589 5594 Πατρὶ
618 5521 810 5590 καὶτῷ
833 5520 945 5590 Υίῴ
968 5519 1063 5572 καὶ
1087 5518 1354 5588 ἰσότιμον,
1385 5519 1483 5587 τῆς
1509 5517 1632 5587 μιᾶς
1660 5513 1892 5584 ἀληθοῦς

307 5616 574 5686 Θεότητος
609 5613 708 5686 μία
756 5615 1054 5677 ὑπόστασις
1095 5612 1374 5682 πεφυκός·
1408 5609 1531 5663 καθ’
1576 5607 1604 5660 ὃ
1632 5608 1727 5660 καὶ
1759 5607 1891 5675 παρ’

307 5709 467 5780 ήμῶν
523 5709 632 5763 τῶν
692 5708 1036 5779 Χριστιανῶν
1089 5706 1274 5770 καλῶς
1321 5701 1640 5758 πιστεύεταί
1692 5717 1752 5753 τε
1801 5702 1894 5754 καὶ

311 5802 644 5873 κηρύττεται
671 5816 685 5830 ·
725 5801 857 5872 φέρε
884 5802 980 5854 καὶ⁸
1013 5801 1144 5871 περὶ
1180 5799 1393 5853 ἐκείνου
1426 5797 1517 5850 τὸν
1549 5794 1708 5864 λόγον
1739 5795 1896 5864 ποιή-

315 5913 498 5965 σομαι,
532 5894 627 5948 καὶ
658 5895 755 5957 τὰς
785 5893 1091 5959 ἀποδείξεις
1123 5893 1322 5964 μᾶλλον
1358 5893 1422 5945 ἐκ
1449 5889 1646 5944 κοινῶν
1673 5885 1895 5938 ἐννοιῶν

313 5992 757 6062 παραστήσομαι,
793 5989 886 6042 καὶ
929 5989 992 6040 ἐκ
1033 5989 1324 6059 Γραφικῶν
1359 5988 1608 6058 ρήσεωνς
1639 5981 1704 6035 ἵν’
1736 5983 1764 6035 ὁ
1792 5981 1889 6051 τῆς

1989 4800 2088 4856 per
2117 4783 2343 4848 omnia;
2390 4798 2550 4853 quem
2608 4778 3019 4850 impassibiliter
3054 4787 3111 4832 et
3157 4777 3586 4847 intemporaliier

1989 4891 2044 4934 et
2064 4878 2181 4934 sine
2212 4878 2324 4932 ullo
2355 4874 2731 4944 iluxu,genuit
2755 4888 2770 4934 ;
2796 4871 2888 4941 qui
2926 4879 2978 4925 ct
3003 4867 3241 4924 Verbum
3269 4879 3324 4922 et
3355 4867 3583 4936 Sapien-

1993 4971 2064 5026 tia
2109 4979 2165 5026 et
2218 4969 2466 5024 Potentia
2526 4963 2941 5036 enhypostatica
2993 4961 3089 5017 Dei
3116 4973 3220 5028 est,
3262 4969 3517 5029 recteque
3554 4976 3583 5012 a

1993 5067 2155 5122 nobis
2183 5063 2445 5120 creditur.
3324 5044 3334 5048 ’

2067 5157 2156 5210 15.
2192 5154 2298 5210 Sed
2320 5152 2450 5224 quia
2495 5149 2729 5220 Spiritus
2762 5161 3000 5220 quoque,
3033 5145 3124 5216 qui
3185 5161 3214 5198 a
3248 5144 3359 5199 Deo
3422 5142 3586 5196 Patre

1995 5245 2263 5319 procedit,
2313 5254 2368 5297 et
2398 5257 2520 5296 cum
2547 5238 2685 5294 Filio
2724 5239 2988 5293 mundum
3047 5235 3287 5290 viviﬁcat
3319 5242 3374 5288 et
3415 5233 3588 5287 refor-

1996 5348 2128 5398 mat,
2150 5346 2202 5389 et
2228 5335 2292 5388 ad
2327 5334 2605 5387 meliorem
2641 5330 2806 5383 vitam
2832 5332 3183 5390 transmutat,
3215 5326 3588 5393 homogencus

1994 5439 2078 5484 est
2109 5438 2162 5481 et
2189 5422 2676 5481 consubstantialis
2725 5420 2874 5474 Patri
2912 5434 2977 5474 ac
3019 5418 3158 5473 Filio
3215 5425 3272 5472 et
3304 5430 3458 5484 teque
3485 5415 3587 5467 ho-

1997 5518 2280 5580 norabilis,
2343 5515 2506 5570 unius
2533 5529 2676 5569 verre
2719 5512 2945 5568 Deitatis
3007 5523 3236 5580 persona
3289 5505 3587 5576 singularis

1996 5610 2292 5669 exsistens.
2317 5609 2512 5662 sicula
2553 5605 2713 5660 nobis
2746 5602 3080 5660 Christianis
3141 5610 3290 5656 recte
3347 5597 3589 5652 creditur

1999 5719 2065 5758 ac
2103 5700 2470 5770 praedicatur;
2518 5697 2699 5767 agesis
2741 5697 2809 5750 de
2867 5695 2962 5749 illo
2988 5707 3220 5764 quoque
3275 5703 3590 5750 sermonem

1997 5794 2305 5854 instituam,
2341 5791 2454 5844 imo
2484 5789 2666 5858 potius
2691 5786 3190 5843 demonstrationes
3214 5798 3292 5839 .ex
3340 5796 3591 5838 commu-

2000 5888 2164 5942 nibus
2216 5884 2530 5940 notionibus
2587 5881 2876 5945 exhibebo,
2936 5893 3150 5936 necnon
3186 5893 3253 5933 ex
3291 5875 3591 5954 Scriptum

2007 5979 2374 6045 testimoniis,
2417 5986 2476 6032 ut
2521 5977 2645 6032 lidri
2677 5976 2925 6032 doctrina
2967 5973 3033 6028 de
3083 5978 3271 6028 sancta
3324 5966 3590 6022 Tri‘nitate
