3994 6610
409 480 526 544 ’687

1688 478 1981 540 ΝΙΕΕΤΕ
2021 480 2426 542 BYZANTINI

3579 481 3682 546 688

423 590 727 647 secundum
777 590 1161 660 proprietates,
1195 590 1246 646 id
1286 599 1391 654 est,
1446 605 1708 660 personas
1760 592 2005 645 unicam-

2113 591 2271 660 ἁγίας
2301 593 2530 664 Τριὰδος
2556 592 2694 645 κατὰ
2719 593 2815 656 τὰς
2843 593 3110 662 ἰδιότητας
3139 597 3300 666 ἡτουν
3335 597 3659 661 ὑποστάσεις

424 700 534 752 que
561 684 901 738 divinitatem
960 699 1024 738 ac
1071 683 1502 738 dominationem
1558 694 1610 738 ct
1673 693 1999 752 potestatem

426 784 592 844 atque
620 776 1018 840 monarchiam,
1054 787 1202 830 sarta
1229 785 1479 846 tectaque
1509 778 1601 842 sil,
1641 789 1692 830 ct
1728 793 1758 831 a
1785 779 2006 830 nemine

425 869 652 922 alterius
711 868 831 924 ﬁdei
893 869 1117 923 homine
1171 869 1482 938 repellatur.
1536 869 1808 935 Quoniam
1878 868 2002 922 ﬁdei

426 958 692 1012 cridentis
737 959 893 1014 nobis
927 960 1100 1014 instar
1133 973 1218 1014 est
1280 961 1659 1014 conununium
1710 959 1998 1013 notionum

429 1064 592 1112 usus;
625 1062 816 1118 pra-ter
840 1050 987 1104 hunc
1027 1059 1236 1114 autem,
1269 1050 1658 1120 prophetarum
1717 1049 2004 1118 inspiratio

427 1158 459 1194 a
492 1142 679 1195 divino
752 1142 958 1211 Spiritu
1001 1142 1424 1214 suppeditatur,
1492 1157 1666 1212 caque
1717 1140 2006 1197 manifeste

426 1235 594 1292 nobis
625 1245 846 1289 enarrat
904 1235 1071 1289 Deum
1097 1251 1262 1290 omne
1290 1245 1534 1290 creatum
1567 1248 1903 1289 conservare
1942 1249 2006 1289 ac

427 1335 634 1393 fovere,
665 1329 964 1392 virilicare,
993 1339 1046 1382 ct
1071 1329 1289 1384 divinos
1343 1325 1655 1391 instinctus,
1705 1328 2006 1383 charisma-

428 1435 541 1476 tum
571 1421 752 1475 tat-ias
795 1422 1036 1475 rationes
1072 1429 1125 1475 et
1148 1420 1612 1476 sanctiﬁcationes
1664 1421 1845 1489 dignis
1869 1435 2006 1490 pra:-

429 1516 579 1576 bcre,
611 1515 754 1568 sicut
786 1525 966 1566 Vestra
997 1528 1217 1582 quoque
1243 1514 1516 1581 scriptura
1550 1520 1853 1576 consonat;
1908 1527 2003 1566 ex-

433 1609 710 1676 ploratum
741 1615 826 1660 est
873 1605 1041 1659 Deum
1071 1605 1245 1659 multo
1269 1606 1424 1674 prius
1451 1613 1504 1658 ct
1567 1614 1814 1658 sanctum
1858 1619 2004 1669 csse,

423 1710 478 1752 et
511 1716 576 1753 ex
612 1699 795 1754 divina
848 1697 1248 1754 consuetudine
1301 1695 1567 1750 mundum
1632 1696 1911 1750 custodire
1943 1711 2007 1751 ac

423 1791 630 1853 fovere,
667 1801 719 1844 et
741 1791 804 1842 ad
836 1790 1124 1844 meliorum
1177 1802 1390 1841 morum
1432 1787 1800 1841 conditionem
1835 1787 2006 1841 dedu-

423 1897 570 1936 cere.
596 1879 728 1934 Nam
751 1880 795 1936 si
822 1878 961 1934 forte
981 1879 1086 1934 hoc
1107 1878 1306 1948 aliquis
1327 1892 1565 1932 vesanus
1593 1894 1696 1932 non
1721 1879 2002 1942 concedat,

2107 687 2203 737 καὶ
2238 684 2338 754 τὴν
2381 684 2509 754 μίαν
2554 684 2786 750 θεότητα
2827 686 2921 738 καὶ
2969 687 3267 757 κυριότητα
3301 688 3396 740 καὶ
3440 687 3687 751 ἐξουσίαν

2107 778 2200 830 καὶ
2235 777 2538 847 μοναρχίαν
2565 779 2911 841 πιστευτικὸς
2935 777 3113 846 λόγος,
3149 779 3361 850 βέϐαιος
3393 782 3488 834 καὶ
3511 781 3685 851 ἀσφα-

2107 867 2202 939 λὴς
2233 870 2344 938 εἴη,
2377 871 2472 922 καὶ
2511 868 2665 940 παρὰ
2700 869 2926 939 μηδενὸς
2959 872 3310 942 ἑτεροπίστου
3348 875 3688 944 παρακρουό-

2108 976 2268 1030 μενος
2293 976 2307 991 ο
2341 959 2624 1031 ἀρξόμεθα
2661 960 2718 1012 δὲ
2749 963 2846 1014 καὶ
2875 962 3005 1032 περὶ
3037 963 3229 1016 τούτου
3265 957 3369 1017 ὧδε
3393 982 3407 995 ·
3471 965 3688 1034 Ἐπειδὴ

2105 1054 2291 1116 πίστις
2322 1055 2453 1124 ἡμῖν
2499 1053 2738 1124 ἐναργὴς
2786 1055 2819 1122 ἠ
2857 1055 2967 1106 τῶν
2997 1056 3193 1107 κοινῶν
3238 1057 3457 1109 ἐννοιῶν
3490 1056 3686 1109 ὑποτέ-

2108 1145 2281 1198 θειται
2335 1145 2553 1216 χρῆσις,
2608 1145 2750 1216 ὑπὲρ
2788 1145 2843 1197 δὲ
2881 1145 3086 1214 ταύτης
3143 1147 3176 1216 ἡ
3222 1148 3332 1198 τῶν
3391 1149 3687 1218 προφητῶν

2105 1235 2406 1306 ἐμπνευσις
2460 1237 2549 1289 διὰ
2601 1237 2696 1290 τοῦ
2757 1237 2902 1290 θείου
2957 1237 3278 1308 Πνεύματος
3322 1239 3687 1302 καθίσταται,

2106 1328 2245 1400 αῦτη
2285 1329 2342 1382 δὲ
2370 1330 2560 1400 σαφῶς
2587 1332 2716 1402 ἡμῖν
2750 1331 3080 1399 διαγορεύει,
3114 1332 3195 1384 ὅτι
3225 1333 3254 1384 6
3304 1331 3436 1397 Θεὸς
3464 1334 3564 1403 τὴν
3597 1334 3689 1405 δη-

2109 1421 2400 1491 μιουργίαν
2454 1423 2673 1477 ἅπασαν
2730 1425 3048 1494 φρουρεῖται
3099 1443 3158 1478 τε
3213 1427 3310 1479 καὶ
3361 1427 3687 1490 ὲπιθὰλπει,

2107 1513 2366 1579 ζωογονεί
2405 1531 2464 1566 τε
2511 1516 2607 1568 καὶ
2660 1516 2988 1583 ἑμπνεύσεις
3033 1518 3182 1578 θείας
3215 1520 3309 1571 καὶ
3339 1520 3691 1589 χαρισμάτων

2105 1604 2341 1674 τρόπους
2391 1606 2489 1659 καὶ
2517 1608 2824 1678 ἁγιασμους
2853 1613 2966 1671 τοῖς
2994 1607 3165 1674 ἀξίοις
3204 1611 3458 1680 παρέχει.
3490 1610 3614 1664 καθ’
3654 1613 3690 1664 ἁ

2107 1696 2203 1749 καὶ
2229 1698 2290 1750 τὸ
2315 1697 2584 1770 ὑμέτερον
2614 1701 2850 1770 γράμμα
2883 1703 3094 1771 συνῳδά
3127 1703 3336 1766 τούτοις
3367 1703 3689 1773 φθέγγεται.

2108 1789 2342 1859 φανερὸν
2368 1790 2450 1844 ὅτι
2494 1793 2522 1844 6
2549 1791 2681 1856 Θεὸς
2720 1793 2900 1863 πολλῷ
2949 1795 3216 1865 πρότερον
3243 1794 3398 1862 ἅγιός
3451 1796 3569 1849 ἐστι
3598 1798 3692 1849 καὶ

2108 1881 2166 1932 ὲν
2199 1881 2480 1954 ἁγιωσύνῃ
2538 1882 2659 1954 θείᾳ
2689 1883 2780 1937 τὸν
2815 1885 3022 1954 κόσμον
3071 1890 3300 1957 φρουρεί
3324 1904 3382 1940 τε
3425 1889 3522 1941 καὶ
3569 1891 3692 1942 ἐπι-

427 1975 475 2028 is
516 1971 684 2027 Deum
716 1972 864 2026 omni
895 1980 1169 2026 carentem
1233 1969 1526 2025 sanctitate
1575 1971 1802 2025 diceret.
1849 1969 1998 2036 Quo-

2113 1945 2306 2027 θάλπει
2335 1975 2430 2028 καὶ
2453 1945 2601 2046 ’πρὸς
2635 1945 2738 2047 τὴν
2767 1945 3056 2050 κρείττονα
3083 1945 3380 2050 ’διαγωγὴν
3409 1981 3648 2050 διεξάγει
3673 1997 3691 2014 ο

425 2066 590 2120 modo
621 2074 801 2120 autem
836 2064 928 2119 ille
953 2062 1258 2118 volentibus
1311 2063 1568 2118 omnibus
1619 2063 1818 2117 divina-
1879 2077 2003 2132 gra-

429 2162 517 2213 tia:
549 2158 770 2214 divitias
799 2159 868 2212 ad
906 2156 1271 2211 hauriendum
1311 2156 1431 2211 sine
1461 2156 1568 2210 ulla
1629 2156 1714 2210 sui
1741 2155 2002 2209 imminu-

425 2253 570 2307 tione
601 2249 893 2320 proponit?
926 2266 1051 2304 nam
1081 2249 1126 2305 si
1153 2249 1269 2319 ipse
1313 2249 1603 2304 sanctitate
1634 2258 1802 2313 caret,
1857 2257 2005 2303 certe

426 2357 493 2397 ne
515 2342 879 2396 sanctilieabit
908 2340 1160 2410 quidem:
1189 2355 1350 2394 nemo
1387 2340 1532 2393 enim
1569 2340 1714 2410 quod
1750 2355 1859 2394 non
1909 2340 2004 2393 ha-

426 2435 516 2488 bet
547 2435 641 2488 dat
687 2435 979 2502 cuiquam:
1037 2432 1118 2485 vel
1167 2431 1325 2501 cujus
1384 2431 1498 2500 ipse
1547 2432 1621 2485 rei
1685 2438 2005 2500 paupertate

426 2528 662 2589 laborat,
700 2527 890 2580 cadem
923 2525 1062 2580 alios
1084 2524 1300 2579 ditabit.
1358 2522 1415 2577 Si
1462 2524 1603 2578 Deus
1652 2523 1840 2591 itaque
1897 2538 2004 2579 non

425 2629 511 2671 est
540 2616 848 2672 sanctitatis
893 2614 1191 2685 particeps,
1231 2615 1350 2670 sine
1375 2613 1542 2668 dubio
1587 2622 1842 2668 creatura
1887 2614 2005 2667 uni-

415 2725 585 2764 versa
626 2709 797 2763 multo
825 2707 1000 2777 magis
1049 2707 1424 2762 desertissima
1461 2707 1564 2761 erit
1591 2722 1622 2760 a
1673 2706 1847 2776 gratia
1883 2715 1939 2760 et
1972 2720 2004 2759 a

427 2801 618 2855 divino
656 2816 906 2856 munere.
946 2800 1110 2870 Atqui
1153 2808 1404 2856 creatura
1460 2799 1601 2854 haud
1650 2799 1876 2853 omnino
1914 2799 2007 2854 de-

425 2893 676 2949 stituitur
698 2894 869 2964 gratia
899 2904 951 2948 et
980 2893 1268 2948 sanctitate
1304 2909 1369 2948 ac
1391 2893 1679 2963 prmsidio;
1729 2893 2007 2962 quomodo

426 2990 573 3041 cnim
641 3003 802 3042 secus
851 2987 1220 3042 subsisteret?
1279 2988 1462 3057 itaque
1530 2986 1884 3042 manifestum
1925 2995 2010 3042 est

427 3081 604 3143 illum,
642 3079 734 3147 qui
773 3079 886 3133 haec
916 3079 1128 3143 tribuit,
1172 3079 1223 3132 id
1273 3089 1359 3134 est
1387 3078 1579 3138 Deum.
1631 3079 2010 3133 substantialis

415 3173 736 3226 sanctitatis
769 3173 944 3226 multo
968 3187 1090 3227 esse
1117 3173 1438 3242 pleniorem,
1471 3183 1524 3226 et
1553 3189 1676 3227 cum
1719 3174 2010 3228 sanctitate

429 3265 696 3318 mundum
730 3265 1055 3334 gubernare.
1087 3265 1140 3318 Si
1168 3279 1299 3335 ergo
1333 3267 1474 3320 Deus
1499 3266 1552 3320 in
1572 3267 1863 3320 sanctitate
1889 3281 2010 3320 ver-
2037 3292 2081 3350 ο

429 3371 566 3410 satis
599 3358 864 3410 mundum
903 3357 1211 3412 sanctiﬁcat
1252 3369 1307 3412 et
1345 3358 1550 3428 dirigit,
1601 3375 1837 3427 eumque
1862 3359 2010 3413 exsi-

429 3459 662 3503 stentem
692 3451 896 3503 divinis
936 3450 1392 3520 inspirationibus
1433 3463 1488 3507 et
1523 3454 1793 3507 doctrinis
1843 3461 2009 3522 atque

429 3540 854 3594 charismatibus
891 3542 1094 3610 implet,
1158 3551 1305 3610 patet
1362 3558 1486 3596 eum
1535 3545 1656 3597 sine
1719 3546 2012 3598 sanctitate

429 3644 539 3683 non
562 3646 700 3684 esse.
736 3631 902 3685 l'orro
930 3647 1092 3685 omne
1118 3634 1261 3700 quod
1298 3635 1645 3688 sanctitatem
1677 3634 1862 3699 habet,
1887 3650 2007 3690 eam

429 3722 513 3775 vel
549 3723 859 3790 aduptivant
895 3721 1057 3776 habet
1083 3723 1165 3776 vel
1191 3725 1515 3778 naturalem.
1552 3723 1670 3777 Jam
1718 3725 1764 3778 si
1795 3725 2010 3793 adopti-

430 3829 556 3868 vam
589 3813 768 3876 habet,
820 3815 901 3868 rel
962 3829 1071 3868 uno
1127 3815 1439 3886 syllogismo
1491 3817 1564 3869 rei
1617 3816 2008 3871 absurditatem

425 3922 766 3975 cognoscere
801 3908 946 3962 licet.
992 3909 1132 3962 Deus
1191 3910 1496 3978 adoptivam
1549 3909 1708 3963 habet
1751 3909 2010 3964 sanctita-

433 4011 538 4054 tetn
570 4016 725 4055 suam
755 4009 921 4069 atque
955 3999 1369 4069 inspirationem
1408 3999 1589 4068 :atqni
1655 4016 1819 4054 omne
1863 3999 2010 4070 quod

429 4093 502 4147 ita
531 4092 714 4158 habet,
745 4092 1078 4162 proliciendo
1103 4092 1382 4163 perlicitur
1406 4110 1420 4146 :
1448 4092 1794 4146 concluditur
1827 4091 2012 4162 itaque

428 4195 491 4239 ut
531 4185 674 4239 Dens
714 4185 1050 4254 proliciendo
1073 4186 1412 4256 perﬁciatur.
1453 4185 1610 4252 Quod
1635 4186 1702 4240 de
1728 4184 1839 4240 Deo
1891 4185 2010 4240 sine

421 4278 771 4348 blasphemia
795 4278 902 4333 dici
927 4278 1140 4348 nequit.

505 4555 596 4608 M.
626 4556 756 4607 Item
778 4555 960 4610 aliter.
998 4554 1055 4608 Si
1121 4553 1264 4609 Dens
1311 4555 1620 4622 adoptiram
1679 4555 1841 4610 habet
1880 4572 2009 4610 san-

2105 2066 2154 2117 εἹ
2180 2065 2287 2136 γὰρ
2317 2067 2411 2119 καί
2440 2084 2524 2128 τις
2557 2067 2715 2120 τοῦτο
2745 2069 3026 2138 ἁφραίνων
3051 2071 3113 2123 οὐ
3141 2071 3281 2140 δοίη,
3305 2073 3397 2124 τὸν
3424 2073 3560 2126 Θεὸν
3585 2076 3689 2144 φή-

2105 2175 2218 2210 σειε
2256 2159 2537 2222 παντελῶς
2571 2161 2898 2230 ἐστερῆσθαι
2949 2162 3263 2230 ἁγιωσύνης
3286 2181 3300 2194 ο
3339 2165 3434 2217 καὶ
3473 2165 3594 2227 πῶς
3623 2167 3688 2217 ἂν

2107 2252 2136 2304 6
2167 2251 2330 2315 αὐτὸς
2357 2254 2468 2315 τοῖς
2496 2251 2742 2306 θέλουσιν
2789 2254 2961 2306 ἅπασι
3009 2254 3102 2307 τὸν
3134 2253 3366 2307 πλοῦτον
3392 2255 3494 2325 τῆς
3540 2241 3690 2318 θείας

2107 2344 2328 2414 χάριτος
2368 2344 2634 2415 ἀρύεσθαι
2683 2345 3055 2414 ἁπροσπαθῶς
3111 2347 3408 2417 ἐντίθησιν,
3459 2348 3615 2419 εἴπερ
3664 2350 3693 2399 ὁ

2109 2437 2271 2500 αὐτὸς
2295 2437 2522 2506 ἄμοιρός
2545 2440 2692 2490 ἐστιν
2719 2439 3040 2510 ἀγιότητος;
3063 2442 3124 2493 Ei
3149 2436 3242 2494 οῦν
3276 2441 3437 2504 αὐτὸς
3465 2440 3692 2511 ἄμοιρός

2108 2529 2258 2582 ἐστιν
2284 2521 2593 2598 ἁγιότητος.
2621 2531 2742 2583 οὐδὲ
2772 2533 2990 2599 ἁγιάσει
3015 2548 3028 2562 ·
3058 2535 3211 2587 οὐδὲν
3235 2535 3344 2604 γὰρ
3363 2533 3474 2586 τῶν
3498 2534 3691 2592 ὅντων,

2107 2617 2245 2689 ὅπερ
2271 2619 2331 2671 ού
2366 2621 2631 2689 κέκτηται
2660 2623 2917 2694 παράσχῃ
2951 2623 3080 2689 τινὶ,
3116 2624 3213 2676 καὶ
3242 2616 3304 2677 οῦ
3349 2624 3574 2677 πένεται
3602 2623 3691 2676 ἄλ-

2108 2707 2233 2774 λους
2271 2710 2718 2769 καταπλουτίσει.
2752 2716 2813 2767 Εί
2863 2711 2957 2769 οὖν
2988 2718 3018 2769 6
3065 2715 3201 2779 Θεὸς
3251 2717 3488 2786 ἄμοιρός
3545 2717 3697 2768 ἐστιν

2109 2799 2413 2870 ἁγιότητος,
2465 2801 2623 2872 δῆλον
2673 2804 2756 2856 ὅτι
2807 2806 2900 2857 καὶ
2953 2808 2985 2876 ἡ
3041 2806 3220 2869 κτίσις
3273 2807 3461 2860 ἁπασα
3512 2807 3694 2876 πολλῷ

2114 2890 2317 2964 μᾶλλον
2351 2893 2534 2962 ἐρήμη
2573 2893 2639 2946 ἂν
2671 2895 2755 2964 εἴη
2789 2897 3127 2967 χαρίσματός
3166 2914 3226 2950 τε
3260 2899 3354 2952 καὶ
3393 2899 3539 2952 θείου
3566 2900 3692 2970 τρό-

2110 3000 2215 3036 που
2241 2996 2256 3012 °
2305 2981 2445 3036 ἁλλὰ
2483 2983 2588 3054 μὴν
2620 2984 2654 3054 ἡ
2687 2985 2866 3048 κτίσις
2895 2985 2954 3038 οὐ
3001 2987 3281 3052 παντελῶς
3325 2988 3512 3060 ἐρήμη
3548 2989 3694 3045 θείου

2111 3073 2453 3144 χαρίσματος
2485 3077 2579 3130 καὶ
2616 3077 2930 3147 ἁγιωσύνης
2975 3080 3071 3134 καὶ
3103 3081 3403 3151 ἁσῳαλείας
3434 3084 3697 3138 καθίστα-

2110 3181 2240 3218 ται·
2289 3167 2408 3230 πῶς
2459 3169 2570 3240 γάρ
2621 3169 2688 3223 ἂν
2734 3171 2829 3224 καὶ
2865 3173 3143 3243 συνείχετο
3170 3191 3185 3238 ;
3217 3175 3377 3246 δῆλον
3416 3175 3498 3228 ὄτι
3530 3177 3624 3229 καὶ
3668 3179 3698 3230 6

2112 3259 2317 3328 ταύτης
2349 3260 2700 3329 μεταδοτικὸς
2722 3304 2736 3328 ,
2769 3265 2906 3334 ὅπερ
2945 3267 3062 3317 ἐστὶ
3093 3265 3225 3329 Θεὸς
3249 3306 3263 3331 ,
3297 3265 3481 3337 πολλῷ
3530 3269 3693 3320 πλέον

2113 3350 2410 3416 οὐσιὼδους
2443 3353 2732 3418 ἀνάπλεώς
2778 3359 2926 3410 ἐστιν
2953 3359 3242 3429 ἁγιότητος
3268 3401 3281 3422 ,
3317 3364 3411 3414 καὶ
3443 3360 3506 3413 ὲν
3539 3361 3702 3427 ἁγιαο

2115 3444 2238 3515 σμῷ
2267 3445 2358 3498 τὸν
2398 3446 2602 3516 κόσμον
2636 3447 2975 3510 διευθετίζει.
3020 3451 3083 3503 Ei
3109 3446 3202 3504 οῦν
3221 3453 3250 3504 6
3277 3452 3408 3516 Θεὸς
3441 3453 3503 3506 ὲν
3528 3454 3701 3521 ἁγιω-

2115 3535 2249 3606 σύνῃ
2282 3535 2435 3603 ἅγιος
2473 3536 2569 3599 ῶν,
2605 3539 2697 3590 τὸν
2730 3539 2935 3608 κόσμον
2973 3539 3195 3608 ἁγιάζει
3226 3543 3322 3594 καὶ
3351 3543 3698 3608 διευθετίζει,

2114 3629 2210 3682 καὶ
2240 3629 2399 3685 θείων
2425 3631 2779 3700 ὲμπνεόσεων
2806 3632 2901 3685 καὶ
2937 3635 3192 3702 μυήσεων
3220 3637 3312 3687 καὶ
3339 3635 3703 3706 χαρισμάτων

2113 3721 2243 3775 ὄντα
2290 3723 2666 3793 ἐμπίμπλησι,
2701 3727 2934 3795 φανερὸν
2976 3727 3057 3779 ὅτι
3100 3727 3367 3799 ἁγιότητα
3401 3729 3552 3799 ἔχει’
3589 3733 3699 3783 πᾶν

2113 3814 2169 3866 δὲ
2199 3814 2260 3866 τὸ
2302 3815 2428 3884 ἔχον
2455 3816 2742 3886 ἁγιότητα,
2773 3818 2805 3888 ἢ
2841 3819 3011 3882 θετῶς
3041 3821 3247 3890 ταύτην
3280 3821 3392 3890 ἔχει
3426 3822 3456 3892 ἦ
3494 3823 3654 3891 φύσει
3682 3841 3696 3853 ·

2113 3905 2230 3957 ἀλλ’
2253 3907 2300 3958 εἰ
2334 3906 2434 3976 μὲν
2462 3907 2630 3972 θετῶς
2660 3907 2794 3978 ἔχει,
2828 3913 3050 3964 σκοπεῖν
3080 3911 3195 3964 ἐστι
3222 3912 3308 3965 διὰ
3334 3913 3698 3984 συλλογισμοῦ

2113 3996 2174 4047 τὸ
2200 3996 2404 4049 ἄτοπον
2428 4012 2443 4027 ·
2472 3997 2500 4048 6
2521 3996 2654 4059 Θεὸς
2684 3997 2843 4068 θετὴν
2873 3998 2984 4068 ἔχει
3012 4000 3113 4071 τὴν
3142 4001 3308 4054 αὑτοῦ
3341 4002 3610 4071 ἁγιότητὰ
3635 4021 3696 4055 τε

2114 4086 2208 4140 καὶ
2239 4086 2539 4156 ἐμπνευσιν
2565 4103 2580 4118 ο
2610 4089 2720 4141 πᾶν
2749 4088 2805 4141 δὲ
2833 4089 2894 4141 τὸ
2916 4089 3091 4154 οὕτως
3137 4092 3283 4161 ἔχον,
3313 4094 3378 4145 ὲκ
3408 4093 3699 4164 προκοπῆς

2112 4178 2414 4232 τελειοῦται
2442 4197 2456 4210 ·
2485 4179 2782 4248 συνάγεται
2822 4182 2931 4249 ἁρα
2959 4181 3040 4234 ὃτι
3068 4184 3098 4235 6
3145 4183 3281 4248 Θεὸς
3314 4184 3458 4238 κατὰ
3494 4201 3697 4255 προκοο

2113 4272 2220 4341 πὴν
2255 4271 2597 4326 τελειοῦται·
2647 4273 2786 4342 ὅπερ
2829 4273 2976 4326 ἐστὶν
3023 4273 3115 4326 ἐπὶ
3142 4273 3280 4328 Θεοῦ
3306 4274 3492 4344 λέγειν
3531 4275 3700 4346 βλάσ-

2114 4378 2316 4432 φημονο

2187 4545 2270 4600 ιδ’.
2314 4548 2425 4600 Καὶ
2453 4547 2626 4610 ἄλλως
2647 4564 2660 4577 ·
2693 4549 2757 4601 Ei
2785 4551 2814 4601 6
2842 4549 2972 4611 Θεὸς
3021 4548 3183 4620 θετὴν
3232 4549 3345 4619 ἔχει
3390 4549 3491 4620 τὴν
3531 4547 3698 4602 αὑτοῦ

430 4646 677 4700 ctitatem
748 4662 902 4700 suam
962 4656 1126 4716 atquc
1198 4646 1634 4715 inspirationrtn,
1691 4656 1835 4714 patet
1885 4662 2009 4700 eum

2117 4640 2386 4710 ἁγιότητὰ
2409 4657 2468 4692 τε
2500 4641 2594 4692 καὶ
2627 4640 2947 4709 ἕμπνευσιν,
2965 4641 3123 4710 δῆλον
3147 4642 3229 4694 ὅτι
3261 4640 3499 4710 θύραθεν
3528 4639 3702 4708 αὐτὴν

433 4737 777 4792 extrinsecus
802 4737 949 4789 illam
975 4737 1249 4805 accepisse
1276 4755 1289 4789 :
1319 4737 1468 4805 atqui
1501 4737 1682 4790 omnis
1704 4737 1796 4806 qui
1817 4737 1892 4790 ita
1918 4752 2013 4791 ac-

433 4830 662 4899 ceperit,
700 4828 894 4882 abalio
922 4829 1167 4897 acoepit:
1195 4829 1346 4882 nulla
1401 4828 1546 4881 enim
1601 4844 1688 4882 res
1739 4827 2013 4881 exsistens

435 4923 553 4992 ipsa
580 4937 675 4991 per
715 4933 774 4975 se
796 4929 850 4974 et
874 4919 972 4974 sibi
1008 4919 1176 4974 datet
1201 4922 1381 4982 datur,
1438 4919 1747 4974 sanctiﬁcat
1784 4930 1837 4972 et
1885 4934 2014 4971 san-

434 5016 738 5080 ctilieatur,
788 5015 1062 5068 illuminat
1112 5025 1166 5069 et
1219 5015 1602 5078 illuminatnr;
1664 5014 1804 5066 sicut
1870 5011 2010 5065 idern

423 5111 596 5162 homo
615 5124 721 5162 non
739 5108 894 5163 docet
917 5107 1232 5161 etdocetur.
1266 5105 1322 5160 Si
1347 5121 1475 5167 ergo
1503 5104 1644 5158 Deus
1670 5103 2014 5158 sanctitatem

433 5201 502 5255 ab
530 5186 639 5254 alio
663 5202 892 5270 accepit,
927 5200 1010 5254 vel
1040 5216 1069 5254 a
1098 5201 1217 5269 pari
1243 5199 1477 5268 accepit,
1503 5200 1586 5251 vel
1612 5213 1640 5250 a
1673 5197 1904 5260 minore,
1927 5195 2013 5250 vel

432 5293 671 5362 denique
695 5309 723 5343 a
757 5293 986 5361 majore.
1012 5291 1117 5345 Sed
1161 5293 1305 5345 enim
1335 5289 1480 5359 quod
1543 5289 1612 5341 ab
1670 5288 1864 5340 horum
1918 5303 2014 5340 ne-

433 5387 581 5440 mine
601 5387 895 5454 acceperit,
938 5383 1068 5437 hinc
1094 5392 1312 5438 constat
1359 5398 1373 5432 :
1424 5396 1549 5432 nam
1605 5379 1695 5448 qui
1754 5378 2017 5432 sanctita—

436 5488 542 5532 tem
574 5478 645 5532 ab
677 5477 862 5547 aliquo
893 5476 1116 5545 accipit,
1149 5485 1208 5527 ut
1234 5471 1603 5526 sanetiﬁcetur
1655 5471 1886 5538 accipit:
1920 5471 2012 5538 qui

433 5580 616 5625 autem
643 5570 963 5640 accipiendo
1000 5567 1398 5628 sanetiﬁcatnr,
1431 5582 1462 5619 a
1495 5565 1703 5634 majore
1742 5563 1940 5632 accipit
1962 5573 2015 5617 et

435 5663 829 5716 sanctilieatur.
860 5658 1033 5714 Porro
1085 5659 1279 5712 horum
1320 5657 1458 5710 alter
1481 5666 1564 5710 est
1592 5657 1855 5717 deterior,
1881 5661 2017 5709 alter

431 5752 690 5822 aequalis;
726 5769 850 5807 nam
879 5755 1157 5807 meliorem
1212 5749 1320 5802 Deo
1382 5750 1651 5803 nemiuem
1689 5765 1810 5804 esse
1861 5764 2014 5802 com-

437 5842 621 5897 munis
657 5842 816 5898 nobis
849 5857 1046 5897 sensus
1099 5841 1313 5896 suadet.
1365 5839 1533 5907 Igitur
1591 5838 1733 5894 Deus
1782 5840 1852 5893 ab
1906 5839 2014 5892 alio

431 5931 780 5988 sanctitatem
810 5947 969 5988 suam
995 5948 1104 5988 non
1135 5931 1364 6002 accepit.
1392 5930 1548 5997 Quod
1580 5932 1624 5988 si
1664 5947 2010 6002 nequaquam

2117 4731 2362 4802 εἴληφενο
2389 4733 2497 4784 πᾶν
2519 4731 2576 4785 δὲ
2599 4733 2659 4784 τὸ
2687 4731 2861 4795 οὕτως
2887 4733 3141 4802 ἐσχηκὸς,
3167 4733 3301 4802 παρ’
3328 4733 3524 4802 ἑτέρου
3557 4733 3702 4793 τινὸς

2117 4824 2324 4894 ταύτην
2346 4823 2536 4894 εἴληφε
2554 4840 2568 4853 ·
2589 4825 2682 4877 καὶ
2705 4823 2812 4892 γὰρ
2837 4823 2990 4875 οὐδὲν
3014 4823 3120 4876 τῶν
3155 4825 3324 4876 ὄντων
3352 4824 3488 4876 αὐτὸ
3519 4823 3702 4892 ἐαυτῷ

2118 4916 2351 4985 παρέχει
2399 4917 2494 4967 καὶ
2527 4915 2846 4986 παρέχεται,
2893 4917 3109 4983 ἁγιάζει
3142 4935 3200 4970 τε
3246 4917 3341 4969 καὶ
3373 4917 3698 4983 ἁγιάζεται·

2117 5007 2306 5078 ῶσπερ
2347 5008 2469 5060 οὐδὲ
2502 5007 2564 5060 τὸ
2603 5009 2734 5061 αὐτὸ
2768 5009 3009 5061 διδάσκει
3039 5027 3097 5060 τε
3138 5010 3228 5060 καὶ
3269 5008 3602 5060 διδάσκεται.
3637 5006 3704 5060 ΕΞ

2117 5097 2212 5155 οὖν
2251 5104 2280 5155 6
2330 5102 2462 5162 Θεὸς
2491 5100 2618 5172 παρ’
2655 5101 2843 5171 ἐτέρου
2888 5100 3094 5171 ταύτην
3140 5101 3383 5169 εἰληςρεν,
3423 5101 3546 5168 ἦτοι
3594 5099 3706 5152 ἀπὸ

2121 5194 2260 5258 ἴσου,
2295 5194 2328 5263 ἦ
2366 5194 2475 5249 ἀπὸ
2502 5194 2784 5256 ἐλάττονος
2809 5234 2824 5256 ,
2855 5196 2888 5264 ἢ
2925 5196 3034 5248 ἀπὸ
3076 5194 3414 5264 κρείττονος-ο
3455 5192 3579 5246 ἁλλ’
3612 5193 3698 5245 ὅτι

2128 5289 2226 5356 μὲν
2260 5287 2360 5339 οὐκ
2384 5287 2479 5340 ἀπ’
2509 5287 2722 5348 οὐδενὸς
2749 5287 2956 5339 τούτων
2980 5285 3274 5354 ἐνδέχεται,
3306 5284 3565 5340 ἐντεῦθεν
3605 5284 3703 5352 δῆ-

2121 5379 2242 5430 λονο
2277 5378 2339 5430 τὸ
2370 5378 2468 5447 μὲν
2497 5377 2605 5448 γὰρ
2634 5378 2901 5446 ἁγιότητὰ
2935 5395 3051 5438 πως
3081 5377 3142 5428 ἐκ
3170 5393 3316 5438 τινος
3347 5376 3709 5446 μεταλαμῦά-

2120 5487 2230 5533 νον,
2270 5469 2633 5539 ἁγιαζόμενόν
2667 5485 2782 5530 πως
2819 5467 3258 5536 μεταλαμϐάνει·
3292 5466 3353 5519 τὸ
3384 5467 3442 5520 δὲ
3480 5469 3711 5534 ἁγιαζξ-

2123 5579 2282 5631 μενον
2314 5563 2372 5615 ὲν
2396 5560 2473 5630 τῷ
2499 5560 2818 5628 λαμϐάνειν,
2869 5559 2978 5610 ἀπὸ
3007 5559 3314 5627 κρείττονος
3344 5557 3708 5626 μεταλαμὸάο

2120 5672 2201 5707 νει
2241 5655 2337 5707 καὶ
2384 5652 2697 5721 ἁγιάζεται·
2739 5650 2945 5703 τούτων
2976 5649 3032 5701 δὲ
3062 5650 3121 5701 τὸ
3157 5650 3256 5718 μὲν
3293 5652 3501 5718 χεῖρον.
3541 5649 3606 5699 τὸ
3646 5648 3707 5698 δὲ

2123 5748 2238 5799 ἴσον
2259 5764 2273 5777 ·
2309 5747 2555 5817 κρεῖττον
2581 5743 2637 5796 δὲ
2666 5743 2800 5796 Θεοῦ
2827 5744 2924 5798 ούκ
2956 5743 3122 5804 ἔστιν,
3157 5742 3231 5804 ὡς
3267 5743 3298 5808 ἡ
3333 5740 3493 5810 κοινὴ
3525 5740 3710 5791 ἔννοια

2121 5839 2232 5907 ἔχει
2252 5855 2266 5868 ο
2293 5839 2394 5889 ούκ
2422 5836 2527 5905 ἄρα
2549 5836 2578 5887 6
2599 5835 2730 5896 Θεὸς
2752 5836 2878 5904 παρ’
2903 5836 3092 5902 ἐτέρου
3114 5836 3211 5903 τὴν
3235 5833 3401 5886 αὑτοῦ
3433 5834 3708 5900 ἁγιὸτιςτα

2123 5931 2374 6000 εἴληφενο
2407 5931 2454 5982 εί
2489 5929 2547 5980 δὲ
2583 5929 2658 5999 μὴ
2703 5927 2832 5997 παρ’
2862 5928 3072 5997 ἐτέρου,
3104 5926 3262 5997 δῆλον
3304 5926 3388 5979 ὅτι
3425 5925 3542 5978 οὐδ’
3571 5923 3708 5987 ἐξωο
