3994 6618
343 342 445 406 689

341 453 430 504 θεν
449 468 462 482 ·
494 455 542 506 εἰ
569 455 626 509 δὲ
663 459 739 530 μὴ
761 459 982 529 ἔξωθεν,
1010 467 1129 521 οὐδὲ

338 542 444 609 τῶς
474 548 716 603 τοιοῦτον
743 549 905 608 εἶναι.

411 749 494 798 ιε’.
535 748 646 800 Καὶ
671 748 880 815 ἄλλωςο
939 754 1001 807 Εἰ
1047 757 1076 808 ὁ
1109 757 1241 822 Θεὸς
1272 759 1432 834 θετὴν
1475 766 1589 835 ἔχει
1629 771 1728 840 τὴν
1763 772 1917 840 ἁγιό-

334 852 494 906 τητα,
520 843 756 912 φανερὸν
780 843 862 898 ὃτι
895 847 1244 920 συμϐέϐηκεν
1288 855 1437 927 αὐτῷ
1456 873 1470 888 ο
1507 861 1614 911 πᾶν
1633 860 1689 913 δὲ
1721 865 1916 933 συμϐε-

332 926 523 998 ϐηκὸς,
566 936 983 1006 πεπερασμένον
1013 940 1073 992 τέ
1111 943 1227 995 ἐστι
1253 983 1268 1008 ,
1302 947 1396 998 καὶ
1438 945 1496 1001 ἔν
1529 955 1720 1023 κτιστῇ
1755 954 1914 1022 φύσει

334 1021 580 1092 δηλονότι
613 1020 752 1080 εἶναι
787 1027 934 1099 ἔχει’
996 1034 1286 1102 συνάγεται
1319 1037 1425 1109 ἄρα
1453 1042 1533 1094 ὅτι
1563 1045 1589 1095 ό
1617 1020 1914 1109 Θεὸς-κτι-

337 1113 465 1176 στός
495 1115 636 1180 ἐστι,
665 1119 758 1171 καὶ
783 1122 1012 1192 κτιστὴν
1038 1125 1200 1192 φύσιν
1227 1127 1340 1198 ἔχει
1359 1147 1370 1160 ·
1402 1133 1450 1184 εἰ
1496 1133 1553 1186 δὲ
1578 1135 1756 1203 τοῦτο,
1795 1139 1914 1208 ἦτοι

336 1203 468 1272 παρ’
507 1205 705 1260 ἑαυτοῦ
736 1208 1007 1278 ἔκτισται,
1057 1216 1089 1285 ἢ
1140 1221 1522 1292 παρ”ὲτέρουο
1559 1225 1672 1278 ἀλλ’
1706 1230 1754 1280 εἰ
1808 1230 1908 1299 μὲν

329 1295 463 1364 παρ’
523 1296 747 1363 ἑαυτοῦ,
800 1301 953 1357 ἔσται
1003 1307 1147 1362 κατὰ
1197 1312 1364 1365 ταυτὸ
1395 1317 1423 1366 ὁ
1456 1316 1616 1379 αὐτὸς
1648 1320 1914 1388 παράγων

331 1386 432 1437 καὶ
465 1390 870 1460 παραγόμενος,
920 1396 1120 1460 κτίζων
1150 1401 1243 1453 καὶ
1282 1404 1623 1474 κτιζόμενος,
1654 1386 1913 1482 δημιουρ-

326 1477 445 1546 γῶν
474 1480 570 1534 καὶ
601 1483 1104 1558 δημιουργούμενος
1125 1509 1138 1522 ·
1160 1494 1314 1548 οὐδὲν
1341 1497 1396 1549 δὲ
1416 1499 1523 1552 τῶν
1548 1502 1718 1557 ὄντων
1745 1506 1915 1559 τοιοῦ-

327 1571 424 1625 τόν
454 1574 636 1628 ἐστιν’
667 1578 766 1630 οὐκ
810 1580 919 1650 ἄρα
959 1585 986 1635 ὁ
1034 1584 1164 1649 Θεὸς
1201 1590 1330 1659 παρ’
1380 1592 1572 1646 ἑαυτοῦ
1625 1596 1908 1651 Extis-raw

330 1664 452 1718 ἀλλ’
495 1667 618 1724 οὐδὲ
669 1669 802 1739 παρ’
835 1673 1024 1745 ἑτέρου
1047 1691 1062 1705 ο
1095 1677 1145 1729 ει
1188 1679 1298 1750 γὰρ,
1341 1683 1436 1734 καὶ
1461 1683 1621 1738 τοῦτο
1645 1687 1759 1758 δοίη
1802 1707 1908 1756 τις,

326 1756 484 1812 ἔσται
513 1761 609 1814 τοῦ
631 1763 766 1816 Θεοῦ
795 1764 928 1828 Θεός
948 1785 961 1798 ·
998 1769 1094 1821 καὶ
1122 1773 1252 1842 περὶ
1284 1774 1494 1827 ἐκείνου
1519 1776 1589 1830 τὰ
1610 1779 1750 1832 αὐτὰ
1773 1782 1910 1836 ἀπο-

334 1852 601 1923 ρήσομεν,
627 1858 724 1909 κα)⁸
750 1857 907 1912 τοῦτο
929 1861 1015 1914 ἐπ’
1038 1839 1268 1934 ἄπειρον
1288 1881 1301 1894 ο
1334 1867 1435 1921 οὐκ
1468 1869 1576 1938 ἄρα
1604 1872 1631 1924 ό
1659 1871 1789 1937 Θεὸς
1819 1875 1908 1927 θε-
1942 1839 1984 1894 Β

324 1943 425 2016 τὴν
453 1945 568 2016 ἔχει
599 1946 698 2018 τὴν
732 1949 898 2003 αὐτοῦ
927 1953 1192 2024 άγιότητα
1229 1957 1322 2010 καὶ
1355 1958 1654 2029 ἔμπνευσιν
1678 1964 1786 2018 τῶν
1809 1983 1910 2036 χα-

328 2038 632 2107 ρισμάτων.
664 2041 726 2093 Ei
753 2038 846 2095 οῦν
885 2045 914 2096 ό
954 2044 1134 2113 λόγος,
1173 2047 1263 2102 διὰ
1294 2051 1505 2104 πολλῶν
1543 2055 1910 2128 ἐπιχειρημά-

321 2145 455 2195 των,
495 2129 759 2184 ἀδύνατον
793 2133 961 2201 ἔδειξε
999 2136 1058 2189 τὸ
1105 2138 1273 2202 θετῶς
1319 2141 1465 2212 ἔχειν
1510 2145 1599 2198 τὸν
1628 2147 1761 2201 Θεὸν
1810 2149 1911 2220 τὴν

322 2219 492 2274 αὑτοῦ
546 2221 810 2294 άγιότητα
862 2225 958 2279 καὶ
1003 2226 1325 2298 ἕμπνευσιν,
1361 2235 1595 2305 φανερὸν
1619 2238 1704 2290 ὅτι
1750 2219 1910 2308 φύσει

322 2313 500 2384 αὐτὴν
535 2314 686 2386 ἔχει’
749 2318 797 2369 ει
827 2317 920 2371 οὖν
952 2319 1112 2390 φύσει
1146 2322 1315 2396 αὐτὴν
1347 2323 1481 2396 ἔχει,
1511 2328 1629 2400 ἦτοι
1656 2329 1716 2395 ὲξ
1747 2332 1914 2401 ἀνάγ-

327 2424 432 2476 κης
462 2407 495 2475 ἢ
530 2408 604 2471 ὡς
631 2409 724 2462 ἐπὶ
748 2409 806 2462 τὸ
837 2411 972 2465 πολύ
995 2429 1010 2442 ·
1053 2413 1170 2469 ἀλλ’
1205 2417 1290 2472 ὅτι
1336 2419 1436 2490 μὲν
1459 2421 1535 2486 ὡς
1567 2422 1661 2476 ἐπὶ
1686 2424 1748 2477 τὸ
1773 2425 1910 2481 πολὺ

321 2499 387 2552 οὐ
419 2501 699 2570 πρόσεστι,
735 2503 920 2574 δῆλον·
955 2506 1016 2560 τὸ
1067 2509 1175 2579 γάρ
1197 2509 1272 2574 ὡς
1303 2512 1395 2565 ἐπὶ
1425 2513 1486 2568 τὸ
1516 2516 1674 2584 πολὺ,
1704 2518 1913 2573 ἀποτυ-

321 2593 417 2666 χία
447 2595 663 2665 φύσεώς
692 2600 870 2654 ἐστιν’
921 2604 1290 2674 ἀποτυγχάνει
1321 2607 1428 2679 γὰρ
1458 2610 1492 2681 ή
1522 2611 1685 2680 φύσις
1733 2613 1910 2669 ἐνίοτε

321 2688 432 2741 τῶν
454 2689 543 2742 ἐπ’
563 2690 880 2747 ἐλαττόνων’
905 2696 930 2747 ὲ
944 2699 1258 2768 πιτυγχάνει
1279 2700 1336 2754 δὲ
1356 2701 1465 2756 τῶν
1482 2702 1557 2766 ὡς
1578 2705 1674 2758 ἐπὶ
1694 2706 1753 2759 τὸ
1774 2707 1909 2761 πολὺ

323 2783 561 2837 καὶτῶν
602 2785 663 2849 ἐξ
689 2786 968 2857 ἀνάγκης·
1020 2789 1082 2842 τὸ
1120 2789 1166 2844 δ’
1213 2791 1614 2864 ἀποτυγχάνειν
1668 2797 1762 2850 ἐπὶ
1809 2801 1910 2870 τῆς

322 2879 473 2944 θείας
502 2880 742 2950 φύσεως,
777 2886 1048 2941 ἀνοίκειόν
1071 2890 1241 2942 ἐστιν·
1269 2891 1431 2964 εἰπερ
1464 2895 1610 2948 πᾶσα
1638 2897 1912 2968 ἀποτυχία.

324 2974 466 3045 μετὰ
491 2975 698 3039 πάθους
719 2993 734 3008 ⁸
782 2980 810 3032 ὁ
835 2979 892 3031 δὲ
924 2979 1055 3044 Θεὸς
1083 2983 1285 3047 παντὸς
1312 2984 1519 3050 πάθους
1563 2986 1866 3057 ἀνῴκισται
1891 3005 1906 3021 ’

318 3066 419 3120 οῦκ
439 3067 547 3138 ἄρα
572 3068 648 3132 ὡς
681 3069 774 3122 ἐπὶ
800 3070 862 3123 τὸ
894 3071 1028 3126 πολὺ
1058 3075 1086 3126 ὁ
1110 3073 1242 3136 Θεὸς
1283 3074 1399 3145 ἔχει
1427 3077 1527 3147 τὴν
1553 3078 1720 3132 αὑτοῦ
1753 3079 1908 3148 ἁγιό-

1492 370 1923 436 REFUTATIO
1961 381 2428 450 MOHAMEDIS.

1168 469 1336 536 θετῶς
1355 489 1367 504 ’
1414 477 1501 531 διὰ
1535 481 1594 532 τὸ
1619 484 1726 538 πᾶν
1750 486 1810 536 τὸ
1834 487 1908 538 θε-

2022 495 2090 548 ab
2115 497 2242 561 alio,
2309 509 2526 555 constat
2577 504 2746 572 quod,
2777 520 2876 561 nec
2929 508 3293 568 extrinsecus.
3353 514 3508 580 Quod
3542 517 3591 574 si

3486 407 3592 472 690

2021 587 2247 644 minime
2296 593 2662 660 extrinsecus,
2691 613 2758 652 ne
2812 599 3067 669 adoptive
3115 604 3371 673 quidem:
3427 622 3591 663 omne

2019 679 2161 734 enim
2198 681 2513 753 adoptivum
2563 687 2635 741 ita
2667 704 2724 742 se
2757 689 2941 746 habet.

2091 773 2158 828 15
2205 775 2391 832 Adhuc
2418 779 2593 834 aliter.
2624 779 2681 836 Si
2742 782 2883 839 Deus
2907 784 3212 854 adoptivam
3261 787 3425 842 habet
3463 805 3592 844 san-

2017 864 2281 930 ctitatem,
2383 879 2600 926 constat
2664 888 2783 927 eam
2839 876 2923 930 illi.
2975 879 3262 934 accidisse.
3311 880 3593 950 Quidquid

2016 963 2198 1010 autem
2224 959 2440 1025 accidit,
2472 962 2762 1018 limitatum
2788 977 2891 1030 est,
2953 969 3084 1023 etin
3138 979 3334 1026 natura
3405 982 3591 1027 creata

2015 1048 2136 1105 sine
2176 1051 2344 1106 dubio
2396 1053 2560 1110 habet
2626 1058 3063 1116 subsistentiam.
3122 1063 3409 1134 Colligitur
3460 1081 3590 1134 ergo

2016 1139 2186 1196 Deum
2222 1157 2341 1198 esse
2379 1153 2648 1213 creatum,
2685 1157 2739 1202 et
2788 1160 3030 1206 creatam
3064 1154 3263 1210 habere
3305 1165 3588 1213 naturam.

2016 1231 2173 1297 Quod
2214 1233 2260 1289 si
2297 1234 2370 1288 ita
2420 1247 2524 1301 est,
2553 1238 2638 1293 vel
2677 1253 2788 1294 ase
2829 1242 2946 1312 ipso
2965 1254 3184 1299 creatus
3244 1245 3372 1311 fuit,
3408 1246 3493 1300 vel
3519 1247 3590 1300 ab

2015 1324 2144 1380 alio.
2165 1325 2268 1380 Sed
2289 1326 2334 1381 si
2365 1342 2394 1382 a
2437 1344 2497 1384 se
2531 1330 2671 1398 ipso,
2717 1331 2820 1387 erit
2874 1333 3016 1388 idem
3071 1337 3382 1405 producens
3426 1338 3588 1392 simul

2013 1426 2065 1468 et
2096 1416 2635 1486 productus,creans
2685 1431 2740 1475 et
2785 1433 3028 1484 creatus.
3069 1425 3267 1481 artifex
3320 1437 3374 1481 et
3429 1438 3587 1483 arte-

2013 1503 2212 1560 factus.
2245 1507 2407 1580 Atqui
2480 1510 2620 1564 nihil
2683 1511 3000 1582 hujusmodi
3056 1514 3110 1569 in
3162 1531 3342 1569 rerum
3392 1527 3588 1572 natura

2012 1605 2128 1652 est:
2162 1613 2267 1652 non
2298 1599 2461 1666 igitur
2485 1611 2664 1656 semet
2695 1603 2809 1672 ipse
2840 1605 3043 1660 creavit
3079 1604 3242 1662 Deus.
3275 1607 3381 1662 Sed
3415 1625 3591 1678 neque

2013 1689 2082 1743 ab
2113 1689 2221 1745 alio
2251 1701 2472 1747 creatus
2501 1691 2638 1759 fuit;
2679 1711 2804 1748 nam
2849 1697 2894 1751 si
2945 1697 3049 1753 hoc
3076 1698 3352 1768 quiSpiam
3387 1715 3588 1756 conce-

2014 1780 2123 1848 dat,
2154 1783 2259 1838 erit
2291 1784 2377 1839 Dei
2404 1769 2569 1851 Deus,
2603 1786 2778 1854 deque
2804 1789 2906 1843 hoc
2934 1791 3183 1845 similiter
3205 1792 3546 1863 ambigemus
3572 1811 3586 1855 ;

2012 1872 2176 1941 idque
2223 1873 2276 1927 in
2337 1874 2631 1930 infinitum.
2683 1875 2800 1930 Non
2866 1878 3033 1948 igitur
3079 1879 3222 1937 Deus
3274 1883 3586 1952 adOptivaut

2010 1965 2174 2020 habet
2219 1967 2560 2023 sanctitatem
2580 1984 2733 2024 suam
2757 1979 2811 2024 et
2844 1970 3112 2026 donorum
3145 1974 3587 2044 inspirationem.

2013 2059 2067 2115 Si
2093 2076 2223 2132 ergo
2247 2077 2430 2118 sermo
2469 2075 2657 2120 noster
2702 2067 2890 2123 multis
2937 2072 3275 2137 argumentis
3333 2072 3590 2143 impossi-

2010 2154 2118 2210 bile
2149 2157 2387 2212 ostendit
2449 2158 2760 2228 adoptivam
2796 2175 2826 2214 a
2859 2159 2971 2215 Deo
3020 2163 3290 2231 possideri
3318 2165 3589 2220 sanctita—

2009 2255 2118 2300 tem
2144 2261 2298 2302 suam
2331 2257 2386 2302 et
2413 2249 2851 2319 inspirationem,
2881 2262 3097 2308 constat
3116 2269 3234 2308 eam
3259 2256 3586 2311 naturaliter

2010 2338 2079 2392 ab
2109 2354 2174 2392 eo
2208 2338 2417 2414 haberi.
2446 2341 2500 2395 Si
2530 2357 2661 2412 ergo
2697 2344 3015 2400 naturaliter
3037 2362 3157 2402 eam
3193 2347 3377 2412 habet,
3410 2349 3466 2404 id
3496 2350 3582 2403 vel

2009 2433 2347 2497 necessario,
2382 2435 2466 2488 Vel
2504 2435 2858 2505 plerumque;
2891 2439 2985 2493 sed
3017 2440 3160 2509 quod
3186 2455 3294 2495 non
3343 2441 3588 2510 plerum-

2008 2537 2135 2591 que,
2169 2532 2418 2591 constat;
2463 2541 2587 2579 nam
2619 2527 2764 2596 quod
2792 2528 3110 2598 plerumque
3138 2541 3347 2584 tantum
3381 2533 3583 2594 evenit,

2009 2614 2062 2667 id
2101 2622 2310 2670 natura:
2363 2614 2636 2671 defectum
2683 2618 2920 2673 indicat:
2969 2619 3380 2676 frustrationem
3438 2623 3584 2676 enim

2010 2703 2304 2774 aliquando
2358 2714 2556 2762 natura
2610 2708 2813 2778 patitur
2843 2710 2970 2762 dum
3037 2711 3307 2766 minorem
3372 2722 3583 2783 partem

2007 2796 2152 2852 fert:
2185 2799 2332 2855 bono
2360 2810 2539 2854 autem
2571 2815 2832 2857 successu
2880 2802 3051 2857 utitur
3083 2813 3192 2858 tum
3255 2806 3308 2859 in
3361 2807 3429 2862 iis
3467 2822 3587 2875 quae

2007 2890 2330 2961 plerumque
2377 2892 2654 2958 accidunt,
2725 2901 2842 2948 tum
2898 2894 3062 2948 etiam
3119 2897 3176 2949 in
3233 2899 3584 2952 necessariis.

2009 2983 2174 3052 Atqui
2247 2983 2498 3038 frustrari
2569 2985 2624 3038 in
2656 2984 2893 3040 divinam
2959 2995 3209 3040 naturam
3241 3003 3348 3042 non
3394 2990 3582 3053 cadit;

2009 3071 2282 3141 siquidem
2313 3072 2496 3128 omnis
2525 3072 2816 3128 frustratio
2851 3091 2960 3129 non
2990 3075 3110 3131 sine
3139 3078 3399 3146 passione
3451 3091 3535 3134 ρει
3563 3099 3572 3132 ;

318 3175 462 3228 τητα
480 3177 494 3191 ’
515 3160 761 3214 λείπεται
783 3162 842 3228 ἐξ
867 3162 1111 3233 ἀνάγκης
1131 3183 1144 3196 ο
1179 3167 1228 3218 εἰ
1259 3166 1304 3218 δ’
1330 3167 1390 3232 ἐξ
1413 3168 1680 3239 ἀνάγκης,
1701 3171 1796 3224 καὶ
1819 3170 1907 3225 ἀεί

2011 3163 2156 3220 Deus
2191 3180 2321 3220 vero
2360 3166 2590 3222 cuilibet
2649 3167 2893 3236 passioni
2959 3170 3230 3238 superior.
3285 3168 3404 3224 Non
3453 3189 3583 3242 ergo

318 3251 492 3316 ἐστιν,
523 3251 682 3321 εἴπερ
721 3251 948 3306 τοιαῦτα
977 3255 1047 3307 τὰ
1073 3255 1132 3322 ἐξ
1159 3256 1438 3329 ἀνάγκης-
1475 3260 1526 3313 εἰ
1549 3260 1606 3314 δὲ
1643 3261 1730 3316 ἀεί
1757 3264 1906 3316 ἐστιν

319 3342 354 3407 ἡ
389 3341 617 3411 ἁγιότης
646 3344 741 3396 καὶ
773 3345 806 3415 ἡ
841 3343 1144 3416 ἐμπνευσις
1175 3347 1268 3401 τοῦ
1296 3349 1431 3403 Θεοῦ
1463 3351 1523 3404 ὲν
1554 3352 1706 3424 αὑτῷ
1731 3392 1746 3419 ,
1785 3354 1906 3425 ἦτοι

316 3432 396 3497 ὡς
441 3435 811 3500 ὲνυπόστατός
843 3438 906 3490 τέ
948 3439 1090 3504 ἐστι,
1141 3440 1236 3494 καὶ
1265 3442 1388 3495 καθ’
1411 3442 1615 3514 ἑαυτὴν
1656 3444 1716 3498 τὸ
1761 3442 1906 3501 εἶναι

317 3523 434 3593 ἔχει
454 3541 468 3555 ·
498 3523 532 3596 ῆ
557 3524 632 3587 ὡς
664 3527 748 3578 ἑτε
759 3527 1127 3597 ροῦπόστατος
1161 3531 1256 3585 καὶ
1279 3534 1626 3606 συμϐεϐηκός
1645 3551 1659 3564 ·
1685 3536 1801 3590 ἀλλ’
1823 3539 1906 3592 ὅτι

320 3611 422 3678 μὲν
463 3611 540 3674 ὡς
600 3614 1060 3684 ἐτεροϋπόστατος
1089 3620 1184 3674 καὶ
1213 3622 1560 3694 συμϐεϐηκὸς
1599 3626 1698 3680 οὐκ
1735 3627 1904 3694 ἔστιν,

313 3695 420 3756 ὧδε
449 3703 514 3774 δή
549 3704 666 3769 πῶς
701 3709 816 3761 ἐστι
844 3709 1028 3779 δῆλον.

315 3795 590 3862 subsistit,
629 3807 684 3854 et
726 3811 812 3856 est
865 3803 1144 3861 accidens.
1203 3805 1308 3863 Sed
1360 3810 1507 3880 quod
1551 3827 1614 3868 ea
1681 3813 1738 3868 in
1789 3813 1965 3870 altero

314 3890 429 3948 ﬂet.

389 3993 488 4053 ις’.
527 3987 588 4044 '0
620 3990 752 4055 Θεὸς
779 3993 1155 4062 άπλούστατός
1187 4000 1304 4054 ἐστι
1326 4041 1341 4066 ,
1375 4003 1470 4058 καὶ
1505 4004 1688 4074 πάσης
1714 4007 1902 4061 συνθέ-

319 4097 462 4144 σεως
512 4083 607 4135 καὶ
651 4083 974 4157 συνθετικῆς
1025 4090 1235 4154 ἐννοίας
1270 4093 1565 4162 ἐπέκεινα,
1612 4097 1687 4160 ὼς
1717 4099 1809 4152 καὶ
1842 4099 1900 4152 αἱ

321 4175 504 4228 κοιναὶ
538 4175 738 4231 ἔννοιαι
769 4178 954 4249 ἔχουσι
976 4197 990 4211 '
1009 4185 1137 4237 ,πᾶν
1166 4185 1222 4238 δὲ
1255 4187 1604 4259 συμϐεϐηκὸς
1637 4191 1778 4261 μετὰ
1804 4191 1900 4245 τοῦ

312 4260 361 4332 ᾦ
400 4266 747 4338 συμϐέϐηκεν
772 4309 787 4334 ,
823 4271 1076 4328 σύνθετόν
1111 4277 1265 4330 ἐστιν
1322 4279 1417 4332 καὶ
1460 4260 1769 4349 λογίζεται’
1822 4284 1902 4338 διὸ

313 4355 435 4410 ἐστι
481 4359 902 4428 συλλογίσασθαι
961 4365 1172 4432 οὕτως*
1235 4369 1294 4425 Ὀ
1339 4371 1474 4435 Θεὸς
1525 4374 1904 4442 άπλοῦστατός

311 4447 473 4500 ἐστι·
507 4449 616 4502 πᾶν
655 4449 712 4504 δὲ
749 4453 1098 4526 συμϐεϐηκὸς
1143 4459 1280 4528 μετὰ
1309 4460 1404 4513 τοῦ
1454 4455 1499 4529 ᾧ
1531 4465 1902 4537 συμϐέϐηκεν,

247 4598 256 4606 ,
311 4536 415 4607 οὐχ
442 4537 650 4592 ἁπλοῦν
673 4541 735 4593 τέ
768 4542 1002 4598 ἐστικαὶ
1031 4545 1336 4615 λογίζεταν
1372 4553 1667 4621 συνάγεται
1695 4536 1803 4626 ἄρα
1819 4558 1904 4612 ὅτι

2011 3258 2173 3313 habet
2197 3257 2343 3316 Deus
2394 3259 2552 3330 quasi
2609 3261 2928 3330 plerumque
2983 3263 3327 3318 sanctitatem
3401 3279 3580 3318 suam.

2013 3349 2304 3420 Reliquum
2338 3359 2443 3416 est,
2489 3361 2550 3408 ut
2599 3354 2935 3408 necessario.
2998 3353 3105 3410 Sed
3156 3356 3202 3410 si
3244 3357 3582 3419 necessmio,

2011 3456 2226 3512 semper
2258 3457 2478 3513 quoque
2507 3442 2688 3509 habet,
2716 3443 3156 3513 quandoquidem
3187 3445 3301 3500 haec
3329 3462 3581 3502 necessa‘

2013 3534 2220 3588 riorum
2248 3542 2443 3590 natura
2488 3541 2594 3589 est.
2627 3534 2747 3588 lam
2778 3535 2824 3589 si
2882 3551 3102 3606 semper
3150 3537 3262 3591 Deo
3313 3538 3455 3594 inest
3483 3555 3584 3594 sua

2013 3627 2277 3680 sanctitas
2307 3635 2362 3680 et
2393 3625 2679 3696 inspiratin
2705 3643 2718 3689 ;
2748 3642 2810 3682 ea
2849 3629 3073 3698 quidem
3125 3630 3209 3683 vel
3261 3631 3585 3703 enbyposta-

2014 3719 2122 3773 tica
2149 3727 2255 3785 cst,
2316 3727 2373 3784 et
2432 3735 2526 3788 per
2567 3736 2627 3774 se
2679 3719 2796 3789 ipsa
2854 3722 3143 3790 subsistit;
3177 3723 3257 3776 vel
3310 3723 3364 3777 in
3410 3725 3583 3779 altern

2009 3828 2120 3868 non
2175 3813 2444 3869 subsistat
2503 3828 2606 3868 nec
2661 3814 2733 3869 sit
2778 3816 3053 3883 accidens,
3124 3819 3196 3872 ita
3241 3816 3353 3872 fere
3406 3818 3581 3888 palam

2086 4005 2173 4058 l6.
2215 4003 2360 4058 Deus
2388 4002 2832 4072 simplicissimus
2870 4013 2974 4068 est,
3005 4005 3264 4073 omnique
3305 4007 3578 4070 composi-

2010 4095 2141 4150 tioni
2191 4096 2609 4164 compositoque
2665 4096 2868 4150 mentis
2945 4097 3236 4165 conccptui
3309 4097 3577 4166 superior.

2008 4189 2152 4244 sicut
2175 4197 2229 4243 et
2255 4203 2575 4244 communes
2633 4188 2885 4243 notiones
2932 4196 3137 4243 tenent.
3176 4187 3349 4243 Omne
3397 4198 3579 4244 autem

2010 4281 2285 4346 accidens,
2319 4296 2472 4349 teque
2497 4296 2560 4335 ac
2583 4281 2714 4335 illud
2742 4281 2831 4334 cui
2863 4280 3084 4345 accidit,
3109 4281 3472 4348 compositura
3495 4291 3580 4336 est

2007 4382 2062 4428 et
2085 4373 2156 4426 ita
2182 4379 2490 4442 reputatur.
2522 4370 2702 4437 Quare
2733 4371 2813 4426 sic
2842 4371 2969 4425 licet
2995 4371 3368 4442 argumentari
3396 4387 3412 4425 :
3440 4371 3581 4428 Deus

1999 4462 2445 4532 simplicissimus
2477 4471 2590 4516 est:
2636 4476 2799 4516 omne
2831 4469 3013 4514 autem
3047 4459 3304 4514 accidens
3337 4475 3492 4529 aeque
3517 4477 3581 4512 ac

1999 4555 2132 4609 illud
2168 4555 2254 4608 cui
2287 4553 2506 4617 accidit,
2553 4567 2730 4622 neque
2766 4552 2994 4621 simplex
3028 4560 3132 4609 .cst
3159 4565 3336 4620 neque
3365 4559 3582 4618 reputa-

310 4629 343 4681 ὀ
371 4628 504 4694 Θεὸς
538 4630 894 4698 άνεπίδεκτος
931 4637 1343 4710 συμϐεϐηκότος
1362 4659 1376 4674 ο
1407 4642 1520 4714 ἔχει
1550 4644 1607 4697 δὲ
1635 4647 1900 4720 ἁγιότητα

2010 4654 2134 4700 tur:
2167 4644 2514 4700 concluditur
2542 4659 2672 4714 ergo
2718 4641 2890 4696 Deum
2932 4657 3055 4697 esse
3092 4641 3394 4696 accidentis
3430 4643 3582 4696 inca-

313 4723 377 4774 ὲν
411 4721 590 4793 ἐαυτῷ
623 4725 720 4778 καὶ
748 4725 1130 4802 ἔμπνευσιν,ῆ
1160 4733 1254 4786 καὶ
1283 4733 1512 4806 Πνεῦμα
1541 4736 1680 4790 Θεοῦ
1717 4740 1903 4794 καλεῖ-

309 4830 426 4879 ται,
459 4815 581 4867 καθ’
627 4816 665 4870 ἃ
716 4823 986 4889 μαρτυρεί
1035 4822 1132 4875 καὶ
1177 4823 1238 4876 τὸ
1304 4825 1570 4899 ὑμέτερον
1622 4831 1889 4903 γράμμα,

309 4905 484 4996 ἠγρυν
508 4907 542 4977 ἡ
569 4907 663 4960 τοῦ
696 4909 949 4979 Μωάμετ
987 4911 1168 4982 βίϐλος
1198 4917 1275 4988 (5)
1297 4933 1310 4948 ο
1361 4919 1464 4973 οὐκ
1489 4922 1597 4990 ἄρα
1619 4924 1737 4976 ἐστὶ
1763 4942 1900 4996 συμ-

309 4994 575 5067 ϐεϐηκός*
601 5000 650 5053 ει
677 5000 735 5054 δὲ
760 5002 820 5055 οὐ
838 5004 1207 5079 συμϐεϐηκὸς,
1233 5010 1599 5070 ὲνυπόστατόν
1629 5017 1766 5080 ἐστι,
1799 4994 1897 5072 καὶ

308 5088 438 5142 καθ’
474 5089 639 5145 ἑαυτὸ
666 5092 727 5146 τὸ
749 5089 891 5149 εἶναι
920 5095 1040 5167 ἔχει
1063 5114 1076 5128 °
1105 5099 1224 5154 ἐστι
1251 5101 1307 5155 δὲ
1337 5104 1432 5157 καὶ
1462 5105 1550 5158 άεί
1569 5124 1582 5136 ·
1613 5109 1722 5162 πᾶν
1750 5107 1806 5162 δὲ
1832 5109 1894 5164 τὸ

308 5179 700 5250 ὲνυπόστατον,
737 5186 833 5240 καὶ
879 5187 1000 5242 καθ’
1044 5189 1205 5244 ἑαυτὸ
1234 5191 1296 5245 τὸ
1333 5188 1475 5249 εἶναι
1518 5195 1661 5267 ἔχον,
1693 5198 1781 5252 ἀεὶ
1809 5200 1890 5265 ὂν,

306 5270 435 5326 οὔτε
473 5274 650 5346 ἀρχὴν
689 5276 806 5349 ἔχει
848 5281 1108 5353 χρονικὴν
1147 5283 1273 5336 οὔτε
1311 5285 1495 5350 τέλος*
1538 5289 1600 5341 τὸ
1631 5289 1688 5342 δὲ
1719 5290 1892 5357 οὕτως

308 5362 457 5436 ἕχον,
489 5367 710 5433 πάντως
745 5372 842 5425 καὶ
871 5373 1126 5428 άκτιστόν
1155 5377 1272 5430 ἐστι
1301 5378 1396 5432 καὶ
1423 5379 1688 5452 ἀγένητον
1712 5400 1726 5414 ·
1762 5400 1889 5437 συν-

307 5457 509 5527 άγεται
542 5460 672 5528 ἄρα,
715 5462 798 5516 ὅτι
833 5465 866 5535 ἡ
900 5465 992 5519 τοῦ
1031 5467 1167 5522 Θεοῦ
1196 5470 1424 5541 άγιότης
1450 5472 1544 5524 καὶ
1579 5475 1612 5543 ὴ
1660 5473 1894 5544 ἔμπνευ-

309 5567 420 5616 σις,
479 5551 514 5623 ἢ
565 5553 662 5607 καὶ
716 5555 940 5626 Πνεῦμα
998 5558 1134 5614 Θεοῦ
1178 5561 1396 5631 λέγεται
1449 5563 1601 5634 παρὰ
1647 5569 1714 5636 τῇ
1772 5567 1892 5640 θείᾳ

303 5641 522 5715 Γραφῇ,
552 5643 819 5719 ἀγένητόν
845 5648 962 5722 [ita
991 5651 1150 5727 cod.]
1183 5654 1300 5709 ἐστι
1328 5657 1422 5710 καὶ
1446 5656 1700 5713 ἅκτιστον
1720 5675 1734 5692 ο
1759 5660 1888 5728 ἁγέο

380 5823 461 5896 (5)
493 5822 620 5884 Sur.
651 5826 717 5896 v,
747 5830 867 5915 too.

2013 4753 2221 4806 pacem.
2269 4735 2442 4792 Habet
2469 4746 2648 4792 autem
2709 4735 3054 4791 sanctitatem
3087 4735 3138 4788 iu
3174 4750 3233 4789 se
3263 4735 3383 4803 ipso
3416 4744 3470 4788 et
3493 4735 3545 4788 in
3566 4766 3579 4774 -

2009 4828 2393 4897 spirationem,
2427 4845 2551 4898 quae
2588 4829 2751 4882 etiam
2779 4827 3015 4897 Spiritus
3046 4828 3136 4880 Dei
3166 4836 3412 4894 vocatur,
3440 4829 3582 4883 sicut

2005 4922 2167 4973 etiam
2202 4932 2382 4974 vestra
2416 4921 2699 4989 Scriptura
2727 4928 2978 4983 testatur,
3009 4917 3060 4971 id
3107 4926 3190 4972 est
3244 4917 3579 4972 Mohamedis

2003 5012 2158 5070 liber.
2192 5012 2382 5083 Itaque
2435 5013 2522 5066 illa
2567 5029 2670 5066 non
2723 5022 2807 5068 est
2839 5012 3118 5067 accidens.
3167 5012 3322 5078 Quod
3371 5013 3414 5067 si
3467 5028 3575 5066 non

2001 5105 2276 5172 accidens,
2309 5105 2722 5176 enhypostatiea
2751 5113 2922 5169 est,et
2970 5103 3023 5157 in
3053 5119 3111 5159 se
3139 5103 3252 5173 ipsa
3273 5104 3576 5160 subsisten-

2001 5198 2132 5252 tiam
2188 5198 2397 5260 habet,
2456 5212 2778 5266 semperque
2851 5204 2972 5257 est,
3041 5211 3217 5264 neque
3276 5200 3576 5266 temporale

2000 5291 2213 5346 initium
2259 5291 2422 5345 habet
2461 5305 2638 5360 neque
2664 5290 2844 5344 finem.
2876 5288 3032 5356 Quod
3065 5289 3281 5344 veroita
3313 5289 3572 5350 sebabet,

2001 5382 2053 5438 id
2083 5383 2310 5438 omnino
2340 5383 2642 5438 increatum
2682 5394 2766 5437 est
2809 5389 2864 5436 et
2917 5379 3243 5450 ingenitum.
3275 5378 3574 5434 Conﬁcitur

1997 5490 2129 5547 ergo
2163 5484 2222 5530 ut
2249 5475 2343 5530 Dei
2371 5476 2635 5532 sanctitas
2663 5484 2828 5545 atque
2852 5474 3165 5544 inspiratio,
3200 5489 3322 5543 quae
3348 5483 3404 5528 et
3457 5471 3574 5542 Spi-

1998 5569 2136 5624 ritus
2184 5568 2277 5623 Dei
2307 5567 2510 5622 dicitur
2540 5567 2680 5637 apud
2744 5567 2982 5622 divinam
3032 5566 3393 5634 Scripturam,
3426 5564 3574 5634 iugi-'—

1999 5660 2112 5716 nita
2138 5661 2209 5717 sit
2250 5669 2304 5717 et
2339 5658 2744 5717 increata.Jam
2780 5659 3082 5732 ingenitum
3137 5675 3262 5716 cum
3312 5655 3577 5728 ingenito,
