4012 6488
475 339 584 407 ⁴691

1751 336 2046 399 ΝῘΟΕΤᾹΞ
2085 337 2090 343 ’

2194 332 2403 393 ζΑΝΤΙ
2409 332 2491 393 NI
3636 330 3727 392 692

487 460 759 518 quatenus
794 463 902 504 non
936 447 1039 503 fuit
1087 447 1289 504 factum
1316 488 1331 511 ,
1385 457 1438 503 et
1473 447 1776 501 inereatum
1814 460 1938 500 cum
1982 445 2068 500 in-

2194 460 2328 513 ιητον
2377 441 2432 494 δὲ
2473 440 2725 511 ἀγενήτῳ
2775 437 2899 492 καθ’
2949 436 2977 490 ὃ
3022 436 3081 489 ού
3118 437 3328 503 γέγονε,
3360 440 3453 491 καὶ
3496 439 3727 496 ductis-.04

490 554 698 609 creato,
739 552 1012 614 quatenus
1065 556 1173 597 non
1243 540 1346 595 fuit
1381 549 1669 601 creatum,
1707 539 1846 593 idem
1889 548 1973 593 est
2016 547 2071 591 et

490 636 887 706 bomogeneum
922 644 1084 705 atque
1118 632 1603 689 consubstantiale.
1636 631 1787 686 Patet
1827 628 2071 698 profecto

494 730 964 799 enbypostaticam
1018 743 1139 781 esse
1173 726 1516 781 sanctitatem
1551 724 1665 786 Dei,
1726 740 1848 795 quae
1905 725 2070 779 etiam

502 821 739 890 Spiritus
778 837 807 875 a
841 822 1041 875 divinis
1081 820 1378 890 Scripturis
1405 820 1607 874 diserte
1636 819 1855 883 dicitur,
1882 832 2073 873 verus-

494 926 602 979 qne
630 911 773 963 Deus
795 920 898 973 est,
922 919 975 964 et
1015 908 1471 965 consubtantialis
1501 907 1611 963 Deo
1658 908 1804 963 Patri
1830 907 2073 977 Filioque

498 1006 640 1072 ejus.
1341 1014 1350 1020 ‘

568 1094 655 1148 17.
684 1092 739 1146 Si
773 1107 902 1163 ergo
936 1090 1080 1146 Deus
1114 1090 1293 1153 Pater,
1329 1101 1385 1146 ut
1433 1092 1581 1145 omni
1641 1091 1919 1146 communi
1949 1107 2073 1146 sen-

496 1181 585 1237 sui
612 1190 1040 1236 consentaneum
1074 1187 1179 1242 est,
1212 1178 1658 1249 enbypostaticus
1703 1188 1804 1241 est,
1831 1193 2077 1249 semper-

496 1287 605 1342 que
642 1272 779 1327 etin
832 1286 893 1327 se
924 1272 1043 1341 ipso
1093 1270 1469 1327 exsistentiam
1503 1270 1693 1327 habet:
1732 1271 2079 1325 demonstra-

500 1374 614 1420 tum
656 1374 755 1431 est,
786 1365 1080 1434 potentiam
1113 1379 1330 1434 quoque
1361 1363 1478 1429 Dei,
1519 1380 1624 1433 qua
1661 1371 1854 1433 potens
1890 1374 1993 1427 est,
2027 1373 2081 1419 et

498 1474 606 1529 qua
637 1459 770 1527 agit,
792 1468 847 1512 et
876 1459 993 1512 sine
1026 1474 1133 1526 qua
1170 1459 1304 1512 nihil
1338 1457 1469 1527 agit,
1504 1472 1626 1527 quae
1654 1456 1894 1512 Verbum
1936 1472 2078 1528 quo-

500 1567 607 1621 que
637 1561 689 1606 et
714 1551 993 1622 Sapientia
1028 1551 1120 1605 Dei
1178 1561 1263 1607 est
1299 1566 1363 1605 ac
1404 1551 1625 1612 dicitur,
1659 1560 1712 1605 et
1766 1562 2079 1621 perpetuam

498 1656 621 1696 esse
659 1648 713 1694 et
738 1640 1228 1712 cnbypostalicam.
1253 1640 1513 1694 Similiter
1537 1647 1720 1694 autem
1755 1640 1916 1694 etiam
1950 1656 2083 1695 san-

501 1730 684 1797 ctitas,
740 1744 862 1800 qua
899 1740 953 1787 et
993 1729 1231 1802 Spiritus
1262 1730 1354 1785 Dei
1397 1731 1615 1794 dicitur,
1669 1732 2082 1803 enhypostatica

501 1830 586 1876 est
611 1831 666 1879 et
693 1833 978 1894 perpetua,
1010 1836 1061 1880 et
1090 1826 1143 1879 in
1189 1840 1248 1882 se
1306 1826 1420 1895 ipsa
1453 1826 1865 1882 subsistentiam
1896 1825 2077 1882 habet.

502 1909 657 1975 Quod
691 1923 871 1970 autem
894 1928 1215 1985 perpetuum
1250 1925 1352 1980 est,
1386 1932 1509 1971 cum
1548 1926 1810 1987 perpetuo
1869 1925 1922 1972 et
1955 1934 2081 1989 per-

505 2015 710 2074 pcluo;
754 2015 811 2060 et
862 2006 1362 2078 enhypostaticum,
1404 2024 1527 2061 cum
1579 2008 1993 2080 enbyposlatico
2028 2018 2083 2063 et

503 2098 940 2169 enliypostatico,
986 2106 1096 2153 tres
1156 2112 1280 2154 esse
1338 2098 1653 2169 hypostases
1710 2098 2078 2167 homogeneas

504 2186 1110 2256 consubstantialesque
1170 2189 1504 2257 comperies.
1566 2187 1743 2257 Atque
1804 2188 1893 2242 hic
1922 2188 2081 2242 nobis

505 2288 589 2333 est
645 2277 789 2333 Deus
838 2277 1001 2333 Pater
1028 2287 1083 2334 et
1130 2278 1303 2334 Filius
1331 2289 1385 2333 et
1422 2278 1659 2348 Spiritus
1715 2290 1957 2334 sanctus.
1992 2279 2083 2334 Ille

506 2366 726 2437 quidem
762 2368 973 2436 genitor
1025 2377 1079 2423 et
1136 2369 1455 2439 productor,
1512 2370 1943 2439 impassibiliter,
1994 2370 2082 2424 in-

508 2476 697 2527 quam.
736 2460 1227 2544 igitemporabiliter
1256 2472 1311 2516 et
1376 2463 1820 2532 incorporaliter.
1864 2462 2080 2533 Reliqui

510 2560 713 2614 autem,
745 2552 879 2606 alter
909 2554 1180 2622 genitura,
1204 2554 1339 2607 alter
1360 2556 1657 2623 processio.
1694 2553 1828 2608 Nam
1857 2554 1901 2608 si
1923 2555 2085 2609 Pater

508 2652 596 2698 est
622 2660 783 2700 verus
806 2644 971 2712 Deus,
1001 2644 1174 2701 Filius
1225 2647 1434 2717 pariter
1465 2662 1528 2702 ac
1560 2648 1799 2717 Spiritus
1832 2659 2080 2714 sanctus,

512 2745 768 2807 tanquam
803 2739 992 2793 eadem
1027 2739 1098 2794 'et
1136 2755 1243 2794 una
1276 2739 1471 2805 deitas,
1523 2741 1785 2807 indivise,
1827 2751 2082 2811 tanquam

512 2829 567 2883 in
605 2829 818 2894 divisis,
853 2839 913 2885 ut
936 2831 1007 2885 ita
1043 2831 1244 2897 dicam,
1288 2842 1550 2903 spectata.
1584 2834 1652 2888 κι
1696 2843 1879 2888 tamen
1942 2834 2083 2888 haud

512 2930 623 2975 tres
666 2921 761 2974 dii.
794 2918 1059 2991 Quodque
1088 2922 1192 2977 hoc
1221 2937 1409 2977 verum
1438 2925 1529 2987 sit,
1589 2932 1649 2978 ut
1684 2924 1936 2991 superius
1961 2939 2087 2993 pro-

511 3012 661 3076 misi,
692 3015 934 3069 conabor
967 3015 1274 3070 ostendere.
1299 3012 1489 3071 Omnis
1527 3033 1787 3072 numerus
1819 3026 2086 3086 estquan-

510 3104 681 3160 titatis
736 3106 1104 3176 snlijectarum
1167 3122 1351 3161 rerum
1409 3108 1899 3175 demonstrativus,
1974 3123 2159 3205 nonC

512 3208 694 3254 autem
763 3208 968 3255 natura:
1009 3215 1224 3266 rerum;
1272 3200 1434 3270 idque
1456 3216 1562 3255 non
1593 3210 1862 3266 quatenus
1888 3200 2086 3255 eaedem

520 3299 669 3353 sunt,
704 3290 798 3344 sed
830 3300 1104 3359 quatenus
1131 3291 1379 3346 diversze.
1415 3289 1680 3344 Similiter
1712 3290 1877 3344 etiam
1908 3290 2088 3345 omnis

512 3384 950 3441 connumeratio.
980 3383 1031 3437 id
1053 3392 1155 3447 est,
1187 3384 1239 3437 in
1265 3398 1430 3437 unum
1447 3398 1732 3437 numerum
1760 3382 2087 3452 complexio,

514 3469 925 3535 diversitatum,
969 3481 1241 3537 quatenus
1273 3470 1375 3523 alia
1426 3480 1530 3532 est,
1570 3470 1902 3540 compositio
1938 3484 2092 3526 com-

514 3558 801 3628 plexioque
833 3567 937 3614 est.
985 3559 1153 3628 idque
1183 3559 1271 3613 liet
1311 3560 1682 3622 manifestum,
1752 3562 1796 3615 si
1839 3561 1962 3629 quis
1989 3576 2087 3615 au-

516 3666 669 3704 reum
718 3667 1002 3705 nummum
1039 3662 1239 3717 sumat,
1272 3668 1507 3721 eumque
1552 3654 1603 3706 in
1664 3654 1906 3723 quinque
1938 3668 2093 3708 com-

517 3744 727 3798 minuat
755 3746 1001 3815 signatos
1024 3746 1362 3809 nummulos,
1409 3745 1521 3815 jam
1562 3761 1668 3799 non
1720 3746 1964 3816 quinque
1992 3762 2092 3799 au-

514 3847 640 3889 reos
663 3833 824 3897 dicet,
864 3843 919 3888 ut
946 3834 1022 3888 rei
1044 3835 1162 3903 ejus
1194 3843 1442 3888 naturam
1477 3834 1719 3900 denotet,
1740 3836 1831 3890 sed
1849 3835 2089 3905 quinque

514 3939 711 3979 aureos
734 3925 976 3996 signatos
1007 3926 1236 3992 solidos,
1276 3935 1332 3979 ut
1388 3925 1464 3979 rei
1499 3925 1757 3991 subjectae
1816 3926 2089 3995 quantita-

518 4026 625 4071 tem
659 4017 955 4088 signilicet,
999 4027 1053 4071 et
1097 4018 1196 4073 bos
1225 4017 1441 4087 quidem
1474 4032 1583 4071 non
1622 4026 1883 4087 tanquam
1919 4032 2088 4072 unum

516 4110 669 4182 quid,
704 4112 797 4165 sed
845 4110 1113 4167 diversos.
1144 4111 1266 4166 Pari
1316 4110 1481 4165 modo
1526 4108 1580 4163 bi
1637 4125 1827 4165 rursus
1876 4124 2090 4165 connu—

517 4204 734 4268 merati.
764 4205 817 4261 id
856 4216 935 4261 εει
975 4206 1221 4275 quinque
1262 4205 1315 4259 in
1349 4219 1518 4258 unum
1558 4219 1844 4257 numerum
1891 4204 2094 4259 roadu-

518 4299 649 4365 nati,
679 4300 1025 4355 diversorum
1079 4309 1353 4368 quatenus
1400 4298 1493 4352 alii
1557 4308 1686 4353 sunt
1735 4299 2090 4367 compositio-

2173 536 2414 603 ὰκτίστῳ
2442 533 2566 586 καθ’
2592 533 2620 586 ὃ
2650 533 2750 585 οὐκ
2785 531 3052 595 ἔκτισται,
3080 534 3144 599 τῇ
3171 530 3329 597 φύσει
3357 532 3547 584 ταυτὸν
3576 536 3725 588 ἐστιν·

2174 629 2223 680 εἰ
2253 627 2309 680 δὲ
2334 626 2548 687 ταυτὸν,
2601 626 2696 678 καὶ
2748 622 2989 693 ὁμοφυὲς
3034 624 3127 676 καὶ
3172 624 3488 692 ὁμοούσιον·
3518 627 3729 695 φανερὸν

2174 720 2281 784 ἄρα
2328 719 2409 771 ὅτι
2461 718 2494 786 ἡ
2544 716 2909 777 ὲνυπόστατος
2959 713 3183 785 ἁγιότης
3234 712 3327 766 τοῦ
3374 712 3595 785 Θεοῦ,ἠ
3645 719 3729 771 καὶ

2177 810 2403 880 Πνεῦμα
2434 809 2587 881 παρὰ
2629 809 2737 863 τῶν
2784 808 2945 861 Θείων
2990 807 3223 879 Γραφῶν
3254 806 3466 877 τρανῶς
3510 808 3729 876 λέγεται,

2176 904 2311 967 Θεός
2339 903 2399 957 τέ
2422 905 2570 956 ἐστιν
2599 902 2871 972 ἀληθινὸς,
2903 900 3189 971 ὀμοούσιος
3215 898 3293 970 τῷ
3326 899 3444 971 Θεῷ
3498 902 3588 955 καὶ
3634 904 3732 957 Πα-

2179 1000 2271 1069 τρὶ
2309 999 2406 1052 καὶ
2441 998 2518 1067 τῷ
2542 998 2656 1069 ru;
2684 997 2873 1051 αὑτοῦ.

2251 1090 2342 1155 ιζ’.
2382 1091 2443 1144 Εἰ
2470 1090 2561 1143 οῦν
2591 1092 2619 1144 6
2652 1089 2785 1152 Θεὸς
2805 1088 2901 1143 καὶ
2925 1087 3136 1157 Πατὴρ,
3191 1087 3267 1151 ὡς
3319 1088 3520 1151 πάσαις
3548 1093 3734 1156 κοιναῖς

2179 1182 2410 1244 ἐννοίαις
2440 1182 2727 1253 ἑπόμενον,
2750 1180 3118 1243 ὲνυπόστατός
3141 1177 3200 1231 τέ
3236 1180 3377 1243 ἔστι,
3420 1182 3512 1233 καὶ
3538 1182 3619 1234 ἀεὶ
3655 1183 3736 1235 καὶ

2180 1275 2303 1328 καθ’
2326 1273 2489 1328 ὲαυτὸ
2519 1274 2581 1327 τὸ
2614 1270 2753 1328 εἶναι
2787 1272 2927 1343 ἔχει’
2960 1272 3228 1325 δέδεικται
3260 1272 3317 1325 δὲ
3364 1272 3445 1325 ὅτι
3475 1278 3566 1326 καὶ
3594 1276 3623 1343 ἡ
3655 1275 3736 1328 δύο

2180 1383 2345 1437 ναμις
2376 1365 2471 1419 τοῦ
2503 1364 2662 1431 Θεοῦ,
2712 1365 2835 1419 καθ’
2868 1365 2935 1436 ἥν
2988 1366 3105 1418 ὲστι
3157 1363 3401 1427 δυνατὸς,
3453 1365 3543 1417 καὶ
3585 1366 3648 1418 δι’
3679 1361 3739 1439 ἧς

2184 1459 2346 1522 ποιεῖ,
2380 1457 2472 1511 καὶ
2505 1451 2574 1530 ἧς
2602 1458 2770 1528 χωρὶς
2821 1456 2972 1510 οὐδὲν
3012 1458 3192 1517 ποιεῖ,
3240 1456 3274 1526 ἢ
3327 1456 3422 1509 καὶ
3460 1456 3619 1523 Λόγος
3657 1459 3739 1512 καὶ

2185 1551 2354 1619 Σοφία
2405 1550 2543 1604 Θεοῦ
2597 1549 2711 1603 ἔστι
2763 1567 2823 1603 τε
2856 1550 2952 1603 καὶ
2998 1549 3239 1617 λέγεται,
3273 1549 3361 1603 ἀεί
3409 1550 3465 1602 τέ
3521 1550 3738 1604 ἐστικαὶ

2185 1640 2583 1703 ἐνυπόστατοςο
2634 1639 2899 1702 ὡσαύτως
2945 1639 3002 1693 δὲ
3053 1640 3149 1693 καὶ
3197 1642 3230 1710 ή
3282 1640 3539 1710 ἁγιότης,
3584 1641 3615 1711 ἢ
3659 1646 3738 1695 καὶ

2159 1731 2412 1802 ,Πνεῦμα
2440 1731 2575 1785 Θεοῦ
2604 1732 2843 1800 λέγεται,
2880 1731 3243 1795 ἐνυπόστατός
3274 1732 3334 1784 τέ
3362 1734 3495 1793 ἐστι,
3527 1734 3617 1785 καὶ
3639 1734 3733 1795 ἀεὶ,

2188 1823 2279 1875 καὶ
2302 1821 2424 1875 καθ’
2456 1822 2618 1875 ἑαυτὸ
2643 1825 2703 1875 τδ
2733 1817 2873 1876 εἶναι
2905 1821 3018 1893 ἔχει
3039 1840 3051 1854 ·
3103 1825 3164 1876 τὸ
3203 1824 3261 1876 δὲ
3304 1824 3391 1876 ἀεὶ
3426 1828 3518 1877 καὶ
3547 1825 3626 1877 ἀεὶ
3660 1827 3738 1881 καὶ

2188 1913 2274 1966 ἀεί
2294 1931 2307 1943 ·
2341 1914 2434 1967 καὶ
2457 1913 2820 1967 ὲνυπόστατον
2852 1912 2995 1985 [σοά.
3031 1914 3385 1985 ὲνυποστὰτῳ
3421 1913 3533 1985 καὶ]
3566 1916 3636 1983 τῷ
3658 1917 3734 1967 ὲν.

2189 2007 2474 2078 υποστάτῳ
2509 2007 2602 2060 καὶ
2633 2008 2982 2077 ὲνυποστάτῳ
3014 2009 3276 2076 ὁμοφυεῖς
3323 2008 3418 2060 καὶ
3450 2008 3740 2077 όμοουσίους

2189 2100 2510 2170 εὑρήσειαςο
2538 2100 2633 2153 καὶ
2654 2100 2812 2153 τοῦτό
2844 2103 2991 2153 ἐστιν
3018 2098 3051 2152 ό
3079 2100 3210 2161 Θεὸς
3242 2102 3379 2170 ἡμῖν
3408 2102 3435 2153 6
3466 2100 3640 2170 Πατὴρ
3661 2101 3741 2154 κα)⁸

2190 2190 2321 2253 Υίὸς
2354 2192 2449 2243 καὶ
2492 2192 2551 2244 τὸ
2583 2191 2804 2260 Πνεῦμα
2832 2192 2892 2245 τὸ
2930 2192 3087 2260 ἆγιον
3108 2208 3122 2223 ο
3154 2193 3182 2245 6
3206 2193 3329 2263 μὲν,
3370 2194 3636 2262 γεννήτωρ
3661 2192 3740 2245 καὶ

2192 2282 2511 2353 προϐολεὺς,
2539 2283 2683 2352 λέγω
2727 2284 2789 2354 δὴ
2831 2284 3058 2349 ἀπαθῶς
3088 2285 3181 2339 καὶ
3211 2285 3457 2355 ἀχρόνως
3500 2285 3589 2337 καὶ
3618 2287 3737 2338 ἀσω-

2194 2376 2381 2444 μάτως
2400 2393 2414 2406 ·
2452 2376 2559 2428 τῶν
2582 2375 2638 2428 δὲ
2662 2376 2720 2428 τὸ
2751 2376 2869 2444 μὲν,
2902 2378 3148 2447 γέννημα
3170 2393 3184 2407 ο
3218 2378 3283 2430 τὸ
3322 2377 3379 2430 δὲ
3403 2417 3418 2441 ,
3446 2377 3737 2447 πρόϐλημα·

2194 2464 2242 2515 εί
2272 2463 2380 2534 γὰρ
2419 2464 2513 2517 καὶ¹
2537 2466 2565 2518 6
2599 2466 2786 2537 Πατὴρ
2832 2466 2964 2529 Θεός
2996 2467 3057 2519 τέ
3109 2469 3263 2520 ἐστιν
3294 2467 3560 2535 ἀληθινὸς,
3603 2471 3687 2521 καὶ
3717 2472 3739 2523 6

2193 2556 2319 2619 Υἱὸς
2341 2557 2436 2610 καὶ
2466 2556 2529 2609 τὸ
2559 2556 2781 2627 Πνεῦμα
2802 2558 2861 2611 τὸ
2893 2558 3068 2625 ἆγιον,
3096 2559 3171 2621 ὡς
3199 2559 3305 2629 τῆς
3334 2560 3500 2629 αὐτῆς
3526 2564 3610 2613 καὶ
3633 2562 3739 2630 μιᾶς

2193 2648 2471 2720 Θεότητος,
2509 2649 2821 2722 ἀμερίστως
2852 2652 2927 2714 ὡς
2960 2653 3017 2703 ὲν
3048 2654 3352 2723 μεριστοίς,
3404 2653 3468 2705 ἵν’
3496 2652 3652 2713 οὕτως
3677 2654 3739 2705 εἷο

2194 2758 2300 2802 πω,
2330 2740 2708 2812 θεωρουμένης
2729 2759 2742 2773 ·
2774 2742 2886 2796 ἀλλ’
2921 2744 3071 2813 ὅμως
3103 2744 3163 2797 οὐ
3213 2747 3365 2815 τρεῖς
3394 2744 3534 2797 Θεοί⁶
3567 2747 3649 2798 καὶ
3674 2747 3740 2798 ὅτι

2194 2832 2354 2885 τοῦτο
2396 2833 2613 2903 ἀληθὲς,
2673 2833 2746 2896 ῶς
2782 2834 3103 2905 ὑπεσχόμην
3132 2836 3412 2906 ἀνωτέρω,
3445 2838 3741 2906 πειράσομαι

2192 2924 2380 2987 δεῖξαι.
2423 2924 2537 2988 Πᾶς
2562 2925 2793 2996 ἀριθμὸς
2822 2926 2920 2996 τῆς
2943 2928 3245 2998 ποσότητος
3269 2928 3374 2982 τῶν
3398 2931 3738 2999 ὑποκειμένων

2194 3017 2315 3068 ἐστὶ
2348 3017 2669 3087 δηλωτικὸς,
2702 3019 2763 3071 ού
2793 3020 2891 3088 τῆς
2917 3020 3130 3086 φύσεως
3161 3021 3275 3074 τῶν
3299 3006 3644 3093 πραγμάτων,
3664 3024 3740 3077 καὶ
3770 3088 3773 3091 Α

2193 3107 2399 3162 τούτων
2422 3108 2519 3177 οὐχ
2598 3109 2832 3174 ταυτῶν,
2857 3110 2968 3162 ἀλλ’
3055 3112 3353 3181 διαφόρων·
3370 3113 3567 3181 ὁμοίως
3588 3113 3637 3166 δὲ
3658 3114 3737 3167 καὶ

2196 3198 2344 3248 πᾶσα.
2399 3197 2820 3268 συναρίθμησις,
2871 3200 3151 3252 τουτέστιν
3197 3203 3235 3273 ὴ
3285 3204 3363 3262 εἰς
3397 3203 3489 3254 ἕνα
3538 3202 3741 3272 ἀριθμὸν

2194 3289 2530 3359 συναίρεσις,
2583 3291 2690 3342 τῶν
2732 3292 3071 3361 ὲτεροτήτων
3103 3310 3246 3358 πως,
3393 3295 3548 3365 ἑτέρα
3599 3295 3738 3357 ἐστὶν,

2197 3381 2448 3445 σύνθεσίς
2480 3383 2595 3437 ἐστι
2627 3385 2720 3436 καὶ
2772 3384 3080 3454 συναίρεσις
3103 3403 3117 3417 ’
3154 3387 3255 3438 καὶ
3295 3387 3452 3439 τοῦτο
3495 3386 3656 3455 δῆλον.
3700 3385 3740 3438 εἱ

2191 3475 2347 3528 λάϐοι
2402 3493 2487 3540 τις
2550 3478 2771 3547 χρυσὸν,
2816 3478 2911 3531 καὶ
2949 3479 3138 3532 τοῦτον
3184 3480 3634 3551 κατακερματίσει
3676 3480 3742 3541 εἰς

2195 3566 2357 3619 πέντε
2406 3571 2781 3638 χαρακτῆρας,
2831 3570 2952 3640 οὐχὶ
2998 3571 3158 3624 πέντε
3207 3572 3447 3643 χρυσοῦς
3490 3574 3598 3642 ἐρεῖ
3620 3572 3742 3633 ὅπως

2199 3658 2298 3730 τὴν
2330 3659 2493 3728 φύσιν
2524 3661 2875 3735 ὑποσημάνῃ,
2926 3662 3060 3715 ἀλλὰ
3086 3663 3253 3717 πέντε
3287 3664 3564 3734 χρυσίνους
3602 3680 3743 3734 χαρα-

2199 3752 2408 3821 κτῆρας
2433 3793 2449 3814 ,
2493 3753 2643 3816 ὅπως
2681 3753 2778 3823 τὴν
2809 3754 3085 3824 ποσότητα
3134 3755 3246 3808 τῶν
3276 3755 3632 3825 ὑποκειμένων
3664 3754 3742 3822 δη-

2195 3842 2374 3914 λώσῃ·
2408 3846 2501 3897 καὶ
2530 3844 2736 3897 τούτων
2768 3839 2934 3919 ούχρᾖ
2965 3847 3197 3909 ταυτῶν,
3234 3847 3349 3900 ἀλλ’
3471 3848 3739 3916 διαφόρωνο

2196 3935 2460 3999 ὡσαύτως
2504 3934 2562 3989 δὲ
2610 3937 2708 3989 καὶ
2752 3936 2927 3990 ταῦτα
2974 3938 3470 4010 συναριθμούμενα,
3503 3938 3743 3992 τουτέστιν

2198 4030 2277 4089 εἰς
2304 4029 2400 4082 ἕνα
2427 4028 2664 4099 ἀριθμὸν
2696 4030 2806 4083 τῶν
2838 4031 2999 4084 πέντε
3037 4034 3441 4103 συναιρούμενα
3469 4033 3569 4086 τῶν
3596 4032 3745 4099 erepo.

2198 4121 2376 4190 τήτων
2419 4138 2537 4185 πως
2582 4123 2706 4176 καθ’
2745 4123 2774 4176 ὃ
2802 4123 2966 4193 ἔτερα
3001 4124 3100 4195 τὴν
3136 4124 3387 4179 σύνθεσιν
3431 4126 3739 4194 εἰσάγουσιν·

2202 4212 2294 4265 καὶ
2320 4215 2428 4284 γὰρ
2459 4216 2488 4267 6
2510 4212 2741 4285 ἀριθμὸς
2773 4215 2882 4268 τῶν
2905 4215 3178 4287 διαφόρων
3201 4219 3562 4289 πραγμάτων,
3653 4214 3745 4268 διά·

2201 4302 2345 4372 φορά
2374 4306 2511 4370 ἐστι,
2543 4304 2889 4374 περιεκτικός
2917 4305 3012 4357 καὶ
3038 4305 3437 4375 περιληπτικὸς
3460 4304 3523 4358 ἂν
3555 4306 3652 4372 εἴη.

518 4406 641 4446 nem
672 4391 991 4447 coniiciunt.
1048 4392 1257 4445 Etenim
1299 4407 1578 4457 numerus,
1632 4392 1971 4446 diversarum
2000 4407 2180 4447 rerum
2235 4405 2507 4464 quatenus
2564 4397 2791 4452 diversa:
2856 4406 3006 4462 sunt,
3078 4398 3555 4467 compreiiensivus
3620 4406 3745 4449 eom-

521 4488 883 4559 plexivusque
915 4497 1018 4542 est.

593 4581 679 4637 18.
698 4580 794 4640 His
810 4596 840 4635 a
860 4580 1017 4635 nobis
1029 4580 1308 4649 expositis,
1328 4580 1695 4634 animadverte
1709 4578 1839 4650 quid
1859 4593 2105 4650 compro-
2133 4581 2186 4641 D

524 4677 704 4730 batum
715 4674 805 4731 sit.
822 4673 1090 4739 Quoniam
1107 4673 1287 4728 divina
1305 4689 1368 4728 ac
1385 4673 1539 4726 beata
1559 4682 1772 4738 natura,
1788 4682 1897 4727 tota
1912 4680 2101 4743 quate-

521 4782 626 4824 nus
640 4776 772 4832 tota,
790 4766 1018 4821 indivise
1032 4765 1084 4819 in
1102 4764 1324 4821 Patreet
1340 4767 1476 4822 Filio
1489 4775 1543 4820 et
1563 4765 1764 4836 Spiritu
1778 4774 1968 4822 sancto
1984 4765 2097 4836 spe-

521 4867 725 4925 ctatur,
739 4868 992 4915 utsermo
1007 4869 1190 4915 uoster
1204 4859 1441 4913 ostendit
1458 4878 1471 4915 :
1490 4875 1664 4929 neque
1683 4860 1736 4913 in
1753 4860 1852 4914 hoc
1869 4860 1989 4930 plus
1999 4868 2105 4924 est,

522 4953 576 5006 in
591 4950 683 5006 illo
697 4950 997 5017 minus,sed
1010 4950 1288 5020 aequaliter
1300 4951 1610 5020 pariterque
1624 4950 2101 5020 prazdicamentum

524 5044 585 5098 iit
614 5060 629 5109 ;
664 5057 842 5112 neque
869 5042 1016 5097 aliud
1049 5042 1220 5112 prius,
1253 5042 1397 5095 aliud
1426 5042 1701 5110 posterius
1721 5041 1790 5095 ab
1813 5041 1931 5110 ipso
1962 5055 2101 5109 prte-

528 5134 840 5190 dicamento
868 5134 1231 5203 signiﬁcatur,
1260 5134 1351 5188 sed
1383 5148 1553 5188 unum
1579 5132 1709 5203 quid
1748 5144 2099 5192 eomternum,

525 5237 580 5285 et
605 5228 919 5284 omnimode
945 5226 1121 5281 simile
1150 5244 1165 5280 :
1202 5227 1399 5281 etenim
1441 5235 1612 5281 totum
1649 5227 1732 5281 vel
1766 5236 1891 5280 ante
1921 5234 2101 5295 partes

525 5323 816 5394 cogitatur,
834 5320 917 5375 vel
945 5322 997 5374 in
1029 5319 1164 5389 ipsis
1180 5319 1535 5390 participibus
1566 5339 1580 5386 ;
1611 5320 1772 5390 idque
1804 5334 1995 5374 rursus
2024 5316 2105 5371 vel

527 5414 583 5468 in
650 5428 762 5468 uno
812 5421 1006 5477 totum,
1062 5425 1162 5467 ceu
1253 5423 1422 5467 totum
1528 5412 1757 5466 indivise
1812 5419 2103 5480 spectatur,

525 5506 612 5561 vel
653 5506 816 5562 etiam
865 5504 921 5559 in
966 5504 1234 5575 reliquis:
1280 5513 1450 5558 totum
1496 5514 1679 5557 autem
1723 5501 1866 5567 dico,
1913 5515 2018 5555 non
2051 5500 2105 5554 id

529 5599 672 5669 quod
727 5615 794 5654 ex
838 5598 1087 5669 partibus
1135 5597 1501 5666 compositum
1555 5596 2102 5667 conglutinatumque

527 5698 613 5746 est
638 5708 654 5757 ;
682 5691 858 5747 absit!
894 5691 988 5747 sed
1023 5691 1097 5757 id,
1120 5689 1265 5760 quod
1301 5696 1485 5759 utpote
1507 5698 1701 5743 natura
1723 5727 1737 5751 ,
1771 5687 1825 5741 in
1855 5689 2102 5756 personis

529 5782 764 5852 propriis
780 5793 1071 5855 spectatur.
1093 5782 1174 5838 Ex
1186 5779 1369 5849 dictis,
1384 5780 1625 5851 inquam,
1639 5788 1874 5845 constat,
1888 5777 2102 5835 Patrem

2286 4588 2376 4650 ιη’.
2421 4581 2639 4635 Τούτων
2701 4580 2794 4635 οῦν
2845 4582 2976 4653 ἡμῖν
3027 4578 3421 4643 ὑποτεθέντων,
3474 4577 3647 4630 σκόπει
3692 4569 3743 4623 τδ

2210 4671 2779 4744 κατασκευαζόμενον.
2816 4673 2927 4742 Τῆς
2958 4671 3108 4736 θείας
3142 4672 3238 4725 καὶ
3267 4670 3537 4741 μακαρίαις
3560 4666 3743 4735 φύσεως

2208 4765 2337 4833 ὅλης
2367 4764 2442 4826 ὡς
2480 4763 2609 4833 ὅλης
2633 4805 2647 4829 ,
2693 4762 3007 4834 ἁμερίστως
3045 4761 3103 4814 ἐν
3129 4779 3189 4815 τε
3234 4760 3311 4831 τῷ
3341 4761 3511 4828 Πατρὶ
3554 4756 3635 4809 καὶ
3678 4748 3742 4819 τῷ

2214 4857 2329 4928 Υίῷ
2359 4856 2457 4910 καὶ
2483 4856 2563 4928 τῷ
2602 4856 2744 4926 ἁγίῳ
2790 4850 3070 4925 Πνεύματι
3100 4850 3507 4923 Θεωρουμένης,
3533 4846 3600 4928 ὡς
3626 4846 3650 4897 6
3673 4841 3743 4893 λό-

2214 4927 2313 5020 γος
2348 4927 2583 5015 ἔδειξεν·
2621 4949 2714 5003 καὶ
2744 4949 2804 5001 οὐ
2838 4947 2931 5000 τοῦ
2970 4947 3072 5017 μὲν
3118 4945 3340 5018 μᾶλλον,
3368 4942 3459 4995 τοῦ
3495 4940 3547 4993 δὲ
3585 4927 3740 5007 ἦττον,

2210 5043 2325 5096 ἀλλ’
2382 5044 2467 5095 ἐπ’
2520 5042 2642 5113 ἴσης
2692 5040 2788 5094 καὶ
2841 5040 3097 5101 ίσοκλεῶς
3145 5039 3243 5108 τῆς
3275 5032 3596 5105 κατηγορίας
3629 5041 3739 5079 κατ-

2211 5135 2586 5206 ηγγελμένης·
2642 5133 2738 5186 καὶ
2759 5132 2820 5184 οὗ
2848 5132 2910 5185 τὸ
2941 5131 3038 5201 μὲν
3067 5130 3346 5202 πρότερον,
3380 5127 3440 5180 τὸ
3464 5125 3515 5178 δὲ
3548 5121 3739 5187 ὕστερον

2207 5228 2308 5297 τῆς
2337 5225 2673 5297 κατηγορίας
2700 5224 3091 5293 ἐμφαινούσης,
3112 5222 3225 5276 ἀλλ’
3243 5222 3357 5292 ἅμα
3383 5220 3473 5273 καὶ
3496 5211 3740 5270 συναῑδίως

2210 5322 2305 5375 καὶ
2331 5320 2472 5373 κατὰ
2507 5319 2687 5372 πάντα
2715 5318 3091 5388 ὁμοιοτρόπως
3119 5314 3285 5387 οὔσης
3302 5330 3316 5345 ·
3348 5312 3440 5366 καὶ
3467 5310 3568 5378 γὰρ
3593 5307 3621 5373 ἡ
3642 5299 3740 5355 ὀλό-

2208 5431 2309 5485 της
2347 5414 2380 5483 ἢ
2416 5410 2522 5483 πρὸ
2552 5411 2661 5465 τῶν
2693 5411 2879 5481 μερῶν
2931 5410 3255 5470 ἐπινοεῖται,
3308 5404 3339 5475 ἢ
3387 5405 3445 5456 ἐν
3486 5401 3591 5462 τοῖς
3635 5408 3739 5485 μεῖ-

2210 5477 2397 5573 έίουσι
2420 5516 2433 5530 ·
2462 5477 2586 5554 ’καὶ
2636 5477 2839 5552 τούτων
2870 5498 2903 5567 ἦ
2933 5499 2989 5551 ὲν
3018 5497 3093 5567 τῷ
3128 5496 3207 5549 ἑνὶ
3232 5495 3326 5563 ὅλη
3354 5492 3425 5555 ὡς
3451 5491 3542 5556 ὅλη
3571 5477 3734 5573 ἀμερῇ

2216 5560 2355 5658 στῶς
2390 5591 2765 5663 θεωρουμένη,
2790 5591 2823 5661 ἢ
2851 5560 2947 5642 καὶ
2975 5590 3033 5640 ὲν
3063 5560 3175 5651 τοῖς
3203 5560 3407 5647 λοιποῖς
3426 5600 3439 5613 -
3467 5578 3671 5644 ὀλότητα
3692 5560 3742 5621 δέ

2213 5704 2357 5756 φημι
2387 5686 2450 5739 οὗ
2475 5684 2574 5756 τὴν
2603 5685 2668 5737 ἐκ
2702 5683 2812 5736 τῶν
2844 5682 3026 5753 μερῶν
3068 5678 3430 5749 συγκειμένην
3463 5673 3549 5728 καὶ
3573 5664 3736 5720 σύνοεε⁸

2207 5793 2320 5844 τον,
2348 5776 2554 5844 ἄπαγε,
2572 5773 2709 5831 ἀλλὰ
2724 5772 2823 5843 τὴν
2856 5772 2933 5836 ὡς
2965 5771 3129 5842 φύσιν
3162 5772 3219 5826 ὲν
3246 5770 3363 5832 ταῖς
3389 5763 3601 5823 οἰκείαις
3622 5756 3734 5809 ὑπο·
