3994 6604
341 425 443 488 £93

1495 425 1928 486 ItEFUTATIO
1969 423 2442 486 MOHAMEDIS;
2550 399 2569 444 ’

342 535 598 589 στάσεσιν
637 534 1022 606 Θεωρουμένην
1044 554 1058 570 ο
1103 537 1337 607 φανερὸν
1368 538 1452 591 ὅτι
1477 541 1505 591 6
1539 538 1725 608 Πατὴρ
1759 540 1853 592 καὶ
1889 541 1918 592 6

2036 547 2073 592 ει
2105 538 2300 592 Filium
2336 544 2391 591 et
2436 532 2701 605 Spiritum
2731 539 3008 596 sanctum,
3041 529 3345 587 secundum
3383 528 3602 585 unicam

342 626 468 690 Υῑδς
504 627 598 680 καὶ
623 626 685 679 τό
718 625 941 697 Πνεῦμα
969 627 1032 680 τὸ
1056 625 1230 696 ἅγιον,
1265 628 1404 682 κατὰ
1438 631 1567 698 μίαν
1605 630 1833 698 θεότητά
1857 648 1912 682 τε

340 722 434 774 καὶ
469 719 718 786 ἐξουσίαν
766 721 861 772 καὶ
893 721 1193 790 κυριότητα
1222 722 1587 786 ταυτίςονται,
1629 723 1724 775 καὶ
1753 721 1810 776 ’ἐν
1840 723 1918 775 εί.

339 827 426 864 σιν
449 827 462 840 ·
521 809 681 882 εἴπερ
709 811 812 880 τῆς
841 810 1012 880 αὑτῆς
1056 811 1150 865 καὶ
1199 813 1330 880 μιᾶς
1383 813 1638 882 Θεότητος
1672 813 1759 865 ἐπ’
1795 814 1917 884 ἴσης

337 901 672 971 πεφύκασιν.
707 903 766 956 Εἰ
799 902 893 957 οὖν
928 904 956 956 ό
987 903 1120 968 Θεὸς
1143 904 1239 958 καὶ
1272 905 1461 978 Πατὴρ
1501 907 1596 959 καὶ
1620 907 1646 959 ό
1673 905 1800 970 Υἱὸς
1823 907 1918 961 καὶ

337 997 400 1049 τὸ
426 995 652 1064 Πνεῦμα
691 995 751 1048 τὸ
780 996 935 1063 ἂγιον
971 995 1096 1050 καθ’
1119 996 1147 1050 δ
1169 999 1270 1068 τῆς
1300 999 1430 1068 μιᾶς
1460 997 1714 1068 θεότητός
1741 1015 1798 1052 τε
1823 999 1922 1052 καὶ

337 1085 588 1152 ἐξουσίας
622 1087 876 1148 ξσοκλεῶς
915 1087 1151 1158 ἔχουσιν,
1185 1089 1246 1142 ’έν
1276 1090 1335 1143 τέ
1367 1091 1476 1143 είσι
1511 1091 1607 1144 καὶ
1633 1091 1916 1144 πιστεύον-

337 1197 454 1243 ται,
484 1178 834 1250 ὡμολόγηται
858 1179 917 1234 δὲ
950 1181 1033 1233 ὅτι
1083 1181 1194 1244 πᾶς
1237 1180 1471 1254 ἀριθμὸς
1493 1183 1592 1253 τῆς
1618 1184 1918 1254 ποσότητος

338 1270 450 1324 τῶν
479 1271 858 1341 ὑποκειμένων
888 1272 1005 1326 ἐστὶ
1030 1272 1350 1341 δηλωτικὸς,
1369 1274 1462 1327 καὶ⁹
1489 1274 1549 1328 οὑ
1579 1275 1678 1343 τῆς
1708 1274 1923 1344 φύσεως

339 1358 452 1412 τῶν
496 1362 876 1429 πραγμάτων·
912 1362 1006 1415 καὶ
1032 1362 1238 1418 τούτων
1276 1365 1374 1434 οὑχ
1462 1364 1695 1431 ταυτῶν,
1730 1365 1846 1419 ἀλλ’
1885 1361 1919 1443 ᾖ

339 1451 650 1521 διαφόρωνο
698 1455 792 1506 καλ⁵
831 1456 984 1509 πᾶσα
1020 1456 1439 1527 συναρίθμησις,
1471 1459 1745 1512 τουτέστιν
1780 1461 1812 1530 ἡ
1842 1463 1923 1524 εἰς

338 1543 438 1597 ἕνα
454 1544 689 1614 ἀριθμὸν
709 1545 1021 1617 συναίρεσις
1046 1547 1156 1600 τῶν
1179 1548 1516 1620 έτεροτήτων
1545 1568 1682 1615 πως,
1762 1550 1924 1621 ἕτερά

338 1635 483 1698 ἐστι,
517 1635 769 1699 σύνθεσίς
802 1637 952 1702 ἐστι,
987 1638 1224 1709 φανερὸν
1253 1641 1364 1710 ἄρα
1396 1641 1480 1694 ὅτι
1507 1641 1644 1696 Θεὸν
1684 1643 1777 1695 τὸν
1811 1643 1924 1695 Πα-

337 1725 476 1797 τέρα
525 1726 669 1791 ίδίως
696 1727 966 1796 λέγοντες,
1017 1729 1281 1794 ὡσαύτως
1309 1721 1366 1784 δι
1397 1735 1490 1785 καὶ
1521 1731 1613 1785 τὸν
1639 1733 1787 1797 Υίὸν,
1827 1733 1923 1787 καὶ

337 1819 402 1872 τὸ
435 1819 660 1890 Πνεῦμα
685 1821 746 1873 τὸ
780 1821 956 1889 ἅγιον,
989 1823 1049 1875 οὑ
1080 1825 1224 1892 τρεῖς
1259 1823 1416 1887 Θεοὺς
1449 1825 1749 1894 εἰσάγομεν
1795 1843 1923 1878 συν-

339 1911 711 1982 αριθμοῦντες
749 1912 849 1985 τὴν
876 1914 1037 1984 φύσιν
1057 1932 1070 1946 ·
1102 1910 1170 1986 ἦν
1199 1915 1306 1986 γὰρ
1341 1915 1408 1968 ἂν
1435 1918 1463 1969 ό
1493 1917 1729 1988 ἀριθμὸς
1757 1919 1850 1972 καὶ
1888 1920 1922 1989 ἡ

342 2003 746 2074 συναρίθμησις
778 2007 880 2075 τῆς
912 2007 1148 2077 φύσεως,
1183 2009 1279 2062 καὶ
1313 2009 1373 2062 οὑ
1400 2009 1511 2064 τῶν
1542 2011 1922 2083 ὑποκειμένων

340 2098 687 2167 πραγμάτων
712 2100 811 2170 τῆς
838 2101 1153 2172 ποσότητος,
1181 2102 1275 2155 καὶ
1301 2103 1411 2157 τῶν
1437 2104 1653 2157 ταυτῶν
1751 2105 1924 2160 ταυτά

339 2192 479 2254 ἐστι,
513 2190 610 2244 καὶ
639 2191 760 2261 οὑχὶ
791 2191 902 2244 τῶν
937 2193 1140 2263 ἐτέρων
1239 2194 1402 2264 ἕτερά
1431 2197 1600 2258 ἐστιν,
1645 2196 1784 2268 ὅπερ
1825 2197 1924 2267 οὑχ

339 2281 688 2352 ὡμολόγηται
709 2299 723 2313 ο
758 2283 839 2337 διὸ
877 2284 1097 2354 Πατέρα
1123 2285 1516 2354 ὁμολογοῦντες
1549 2287 1641 2340 καὶ¹
1672 2287 1800 2340 Υίδν
1830 2291 1926 2340 καὶ

345 2371 572 2441 Πθεῦμα
601 2372 779 2440 ἆγιον,
827 2374 890 2426 οὑ
921 2374 1047 2428 καθ’
1080 2375 1110 2427 δ
1141 2376 1327 2447 Πατὴρ
1359 2377 1390 2449 ἢ
1441 2377 1570 2440 Υἱὸς
1617 2379 1650 2448 ἢ
1701 2378 1929 2449 Πνεῦμα

344 2464 503 2530 ἆγιον
549 2465 609 2518 ἓν
655 2466 773 2518 ἐστι
807 2467 1252 2538 καταγγέλλομεν
1285 2467 1483 2536 (ταῦτα
1505 2469 1617 2542 γὰρ
1645 2471 1924 2542 διάφορα),

345 2555 464 2607 ἀλλ’
606 2558 702 2626 μία
756 2556 946 2628 θεότης
990 2575 1051 2611 τε
1105 2561 1200 2613 καὶ
1235 2560 1478 2629 ἐξουσία,
1515 2561 1611 2616 καὶ
1658 2557 1738 2626 εἷς
1793 2564 1927 2626 Θεὸς

348 2644 660 2715 Θεωρεῖται,
694 2647 798 2701 κᾶν
826 2648 956 2719 τρία
983 2653 1105 2715 ταῖς
1135 2653 1470 2707 ὑποστάσεσι
1504 2655 1853 2725 πιστεύηται.

422 2739 510 2792 ιθ’.
543 2741 653 2793 Καὶ
673 2740 848 2804 ἄλλως
864 2743 981 2796 ἐστι
1003 2741 1198 2810 δεῖξαι,
1220 2746 1302 2799 ὅτι
1331 2752 1392 2798 ου
1426 2749 1576 2817 τρεῖς
1606 2745 1763 2810 Θεοὺς
1811 2749 1928 2801 εἰσ-

351 2828 564 2898 άγομεν
619 2830 712 2883 ἐπὶ
741 2833 808 2901 τῇ
850 2834 949 2904 μιᾷ
981 2832 1220 2905 Θεότητι,
1271 2836 1376 2890 κᾶν
1407 2837 1558 2906 τρεῖς
1603 2837 1928 2900 ὑποστάσεις

345 2921 760 2993 ὁμολογοῦμενο
813 2926 862 2978 εί
908 2925 1002 2980 οὖν
1049 2929 1078 2981 6
1125 2927 1317 2999 Πατὴρ
1357 2929 1451 2982 καὶ
1497 2931 1526 2983 6
1574 2929 1700 2992 Υἱὸς
1732 2931 1826 2985 καὶ
1868 2931 1929 2984 τὸ

350 3013 579 3084 Πνεῦμα
608 3015 668 3068 τὸ
701 3015 859 3085 ἅγιον
884 3019 1132 3088 ἀκριϐῶς
1184 3021 1314 3091 παρ’
1343 3023 1476 3092 ἡμῖν
1521 3022 1788 3076 δέδεικται
1848 3025 1928 3077 ὅτι

347 3105 449 3172 τῆς
483 3107 615 3176 μιᾶς
649 3108 744 3160 καὶ
779 3110 1039 3165 ἀκτίστου
1079 3112 1176 3166 καὶ
1224 3113 1491 3186 ἀγενήτου
1524 3113 1778 3184 Θεότητος
1806 3133 1930 3168 συν-

2019 630 2380 694 divinitatem,
2431 633 2750 696 potestatem
2812 637 2878 680 ae
2943 621 3407 684 dominationem,
3457 618 3600 674 idem

2023 736 2303 790 unumque
2340 735 2499 786 esse;
2537 717 2806 788 siquidem
2840 731 3004 770 unam
3038 715 3395 782 eamdemque
3431 711 3605 766 deita-

2021 821 2126 870 tem
2161 827 2315 883 aeque
2355 820 2557 867 tenent.
2590 811 2649 865 Si
2681 824 2812 880 ergo
2843 807 2985 863 Deus
3013 805 3195 872 Pater,
3231 813 3285 859 et
3311 802 3516 870 Filius,
3550 809 3606 857 et

2023 904 2261 977 Spiritus
2292 913 2539 969 sanctus,
2569 912 2840 974 quatenus
2865 899 3111 954 eamdem
3135 897 3391 953 deitatem
3413 909 3478 948 ac
3504 907 3603 963 po-

2025 1006 2274 1054 Iestatem
2308 1012 2462 1067 aeque
2505 996 2722 1060 habent,
2759 1007 2928 1047 unum
2961 991 3088 1061 quid
3125 999 3254 1046 sunt
3279 997 3334 1042 et
3373 986 3610 1042 credun-

2023 1102 2154 1158 tur;
2197 1092 2250 1146 in
2281 1091 2534 1146 confesso
2557 1097 2736 1144 autem
2782 1096 2867 1145 est
2903 1100 3122 1140 onmem
3167 1098 3454 1137 numerum
3502 1080 3605 1136 de-

2023 1194 2336 1240 monstrare
2394 1181 2760 1252 subiectarum
2819 1194 3002 1234 rerum
3046 1176 3444 1247 quantitatem,
3497 1185 3608 1226 non

2024 1288 2208 1333 autem
2238 1291 2418 1332 rerum
2450 1283 2726 1335 naturam,
2759 1280 2813 1326 et
2843 1271 3036 1325 harum
3073 1268 3292 1338 quidem
3331 1279 3440 1319 non
3470 1277 3609 1334 qua-

2025 1379 2184 1424 tenus
2210 1368 2550 1431 earumdem,
2577 1365 2670 1421 sed
2701 1371 2974 1433 quatenus
3003 1363 3184 1431 petius
3217 1359 3558 1412 diversarum
3592 1371 3610 1418 ;

2023 1472 2078 1516 et
2100 1462 2144 1518 si
2165 1459 2345 1516 omnis
2371 1457 2805 1518 conuumeratio,
2825 1456 2876 1511 id
2897 1463 3002 1517 est,
3026 1454 3078 1506 in
3110 1466 3280 1507 unum
3312 1462 3601 1504 numerum

2025 1551 2357 1614 contractio,
2402 1551 2812 1612 diversitatum,
2857 1555 3131 1617 quatenus
3173 1543 3403 1597 diversae
3446 1549 3617 1605 sunt,

2026 1643 2349 1715 compositio
2373 1651 2456 1697 est
2487 1659 2501 1704 ;
2528 1650 2740 1695 constat
2767 1653 3018 1710 prorsus,
3049 1636 3194 1706 quod
3235 1649 3358 1688 cum
3396 1631 3609 1686 Patrem

2027 1751 2272 1792 seorsum
2299 1735 2556 1796 dicimus,
2591 1733 2827 1802 itemque
2864 1729 3059 1784 Filium
3085 1736 3142 1783 et
3180 1727 3444 1796 Spiritum
3489 1739 3616 1778 san-

2028 1839 2174 1884 ctum
2203 1869 2219 1893 ,
2251 1838 2364 1884 tres
2407 1827 2541 1881 deos
2571 1843 2677 1880 non
2716 1824 3028 1880 inducimus
3068 1820 3224 1892 quasi
3274 1817 3615 1874 numerando

2028 1927 2300 1974 naturam.
2335 1915 2528 1982 Secus,
2557 1930 2817 1970 numerus
2839 1922 2892 1969 et
2917 1912 3338 1967 connmneratio
3363 1919 3613 1964 naturam

2027 2013 2283 2076 alliceret,
2299 2027 2407 2067 non
2426 2020 2606 2066 autem
2627 2009 2994 2079 subjectarum
3013 2020 3195 2060 rerum
3216 2004 3570 2072 quantitatem
3597 2018 3612 2066 ;

2027 2115 2083 2161 et
2113 2105 2329 2174 quidem
2361 2120 2456 2160 eas
2488 2114 2748 2172 tanquam
2778 2099 3020 2161 easdem,
3048 2112 3157 2151 non
3189 2097 3432 2151 diversas
3455 2103 3617 2165 prout

2027 2201 2260 2254 diversae
2303 2208 2473 2263 sunt;
2521 2199 2666 2268 quod
2708 2211 2814 2249 non
2861 2192 3199 2248 conceditur.
3254 2191 3440 2260 Itaque
3488 2204 3613 2242 cum

2027 2292 2242 2348 Patrem
2273 2292 2599 2347 conlitemur
2624 2298 2678 2344 et
2709 2288 2908 2342 Filium
2938 2297 2990 2342 et
3034 2284 3298 2354 Spiritum
3343 2290 3616 2342 sanctum,

2031 2403 2136 2440 non
2167 2385 2324 2456 quasi
2351 2385 2506 2440 Pater
2539 2393 2593 2438 et
2620 2382 2793 2436 Filius
2832 2388 2884 2436 et
2920 2378 3156 2448 Spiritus
3193 2383 3416 2431 sanctus
3447 2388 3616 2426 unmn

2030 2479 2159 2548 quid
2211 2479 2322 2533 sint
2363 2475 2823 2547 pronuntiamus;
2885 2472 2940 2525 hi
3005 2469 3150 2525 enim
3204 2465 3403 2521 diversi
3468 2472 3618 2523 sunt,

2029 2568 2122 2623 sed
2152 2577 2420 2638 quatenus
2448 2581 2552 2619 una
2577 2564 2769 2627 deitas,
2793 2577 2897 2615 una
2928 2567 3189 2630 potestas.
3223 2568 3275 2610 et
3304 2571 3446 2608 lllllls
3481 2554 3624 2612 licus

2030 2661 2745 2730 consideratur,quanquam
2776 2667 2884 2711 tres
2912 2669 3159 2724 persona:
3192 2651 3512 2706 creduntur.

2105 2754 2193 2808 l9.
2249 2753 2443 2808 Adhuc
2482 2753 2640 2806 aliter
2684 2766 2798 2804 rem
2857 2751 3238 2803 demonstrare
3281 2757 3574 2812 possumus
3605 2782 3618 2801 ,

2033 2859 2378 2915 nequaquam
2419 2851 2532 2898 tres
2567 2844 2704 2897 Deos
2735 2857 2764 2895 a
2797 2839 2950 2893 nobis
2978 2835 3159 2892 induci
3194 2835 3247 2889 in
3286 2849 3391 2886 una
3423 2831 3625 2886 divini-

2033 2947 2166 2999 tate,
2191 2936 2404 2990 etiamsi
2437 2950 2698 3004 personas
2723 2944 2836 2988 tres
2854 2931 3200 2986 conﬁtemur.
3233 2927 3439 2996 Siergo
3463 2925 3624 2978 Pater

2033 3038 2087 3082 et
2142 3027 2311 3084 Filius
2349 3037 2404 3082 et
2446 3027 2682 3096 Spiritus
2725 3034 2950 3080 sanctus
2975 3063 2987 3086 ,
3029 3031 3191 3093 prout
3231 3028 3485 3076 accurate
3524 3033 3624 3072 nos

2035 3119 2554 3182 demonstravimus,
2615 3133 2777 3170 unam
2831 3131 2932 3170 nec
2976 3124 3215 3169 creatam
3273 3127 3372 3165 nec
3426 3111 3622 3163 factam

348 3197 540 3260 αῑδίως
574 3198 758 3268 ἔχουσι
780 3243 794 3264 ,
830 3202 926 3254 καὶ
958 3203 1058 3272 μία
1084 3203 1245 3272 φύσις
1273 3205 1382 3258 τῶν
1411 3205 1580 3276 τριῶν
1607 3210 1928 3279 κατηγορεῖ-

2037 3209 2373 3263 divinitatem
2406 3217 2668 3278 perpetuo
2699 3209 2861 3262 simul
2896 3207 3128 3271 habent,
3169 3219 3386 3274 unaque
3428 3212 3622 3256 natura

349 3309 463 3354 ται,
503 3293 600 3347 καὶ
647 3294 746 3363 οὑχ
787 3295 951 3363 ἑτέρα
993 3297 1088 3351 καὶ
1141 3297 1325 3369 ἑτέρα,
1366 3299 1602 3369 φανερὸν
1649 3299 1730 3353 ὃτι
1783 3304 1932 3371 τρεῖς

349 3384 680 3448 ὑποστάσεις
731 3386 1004 3455 λέγοντες,
1061 3388 1122 3442 οὑ
1185 3391 1577 3461 συνεισάγομεν
1624 3391 1721 3445 καὶ
1783 3393 1933 3462 τρεῖς

349 3476 544 3538 οεοὑς⁸
594 3480 642 3532 εί
686 3479 797 3549 γάρ
851 3497 935 3543 τις
975 3483 1107 3552 ἡμῖν
1149 3481 1308 3536 τοῦτο
1351 3483 1750 3556 καταφημίζει,
1781 3484 1933 3538 οὐδὲν

350 3568 483 3622 ἄλλο
527 3570 694 3625 αὑτὸν
727 3571 844 3624 ἔστι
873 3571 1076 3639 λέγειν,
1112 3572 1226 3626 ἀλλ’
1258 3574 1291 3646 ἢ
1323 3574 1470 3628 κατὰ
1516 3575 1718 3629 ταυτὸν
1767 3575 1827 3629 ἓν
1872 3593 1934 3629 τε

349 3662 450 3715 καὶ
500 3662 669 3717 πολλὰ
717 3660 882 3729 εἶναι,
927 3666 1022 3718 καὶ
1062 3665 1159 3736 τὴν
1206 3667 1496 3737 ἀντίφασιν
1525 3668 1932 3740 συναληθεύειν,

352 3755 452 3806 καὶ
484 3755 554 3808 τὰ
583 3755 848 3809 ἐλάττονα
902 3757 1012 3810 τῶν
1043 3749 1322 3812 ’ἐπιπλέον
1384 3761 1810 3834 κατηγορεῖσθαι
1840 3763 1936 3815 καὶ

357 3845 658 3914 ἐξισάζειν,
682 3849 821 3921 ὅπερ
853 3850 975 3904 οὑδὲ
997 3853 1118 3914 ταῖς
1143 3851 1392 3920 λογικαῖς
1427 3853 1693 3924 μεθόδοις,
1721 3855 1843 3908 οὑδὲ
1867 3858 1933 3926 τῇ

350 3939 581 4012 ἀληθείᾳ
609 3941 899 4011 σύμφωνον
917 3955 933 3971 ⁸
958 3944 1053 3996 καὶ
1079 3944 1228 4007 ὅπως
1255 3945 1387 4014 ἡμῖν
1420 3946 1592 4016 σαφὲς
1621 3945 1848 4017 γένηται
1877 3948 1937 4001 τὸ

352 4031 671 4100 λεγόμενον,
703 4032 781 4096 ὡς
811 4034 870 4086 ἐν
891 4033 1291 4102 ὑποδείγματος
1319 4036 1508 4106 τρόπῳ
1531 4035 1631 4107 τὴν
1662 4037 1939 4107 ἀνθρωπί-

350 4137 454 4188 νην
479 4119 644 4188 φύσιν
673 4121 954 4187 λαϐόντες,
982 4123 1075 4176 καὶ
1102 4125 1186 4191 ἐφ’
1213 4116 1288 4176 ὧν
1317 4125 1494 4197 ταύτῃ
1519 4129 1934 4198 κατηγορεῖται,

351 4210 513 4280 δῆλον
542 4213 670 4283 ὑμῖν
710 4214 774 4266 τὸ
815 4213 1110 4282 λεγόμενον
1152 4217 1494 4286 παραστήσω
1516 4235 1529 4247 ·
1562 4219 1745 4272 Ἔστω
1773 4221 1805 4288 ὴ
1843 4221 1937 4273 ἀν·

352 4304 600 4374 θρωπίνη
659 4304 820 4374 φύσις
855 4306 931 4370 ὡς
981 4308 1040 4360 ἐν
1093 4306 1348 4360 ὑποθέσει
1382 4307 1549 4380 τριῶν
1578 4309 1938 4364 ὑποστάσεων

357 4394 540 4461 μόνων
564 4396 1038 4466 κατηγορουμένη,
1071 4393 1181 4450 οἷον
1213 4399 1442 4470 Πέτρου,
1475 4401 1640 4471 φημὶ,
1674 4402 1767 4454 καὶ
1792 4402 1939 4456 Παύο

350 4487 446 4539 λου
480 4487 575 4540 καὶ
603 4487 807 4556 Θωμᾶο
835 4488 976 4560 αὓτη
1002 4489 1094 4542 οῦν
1124 4491 1157 4560 ἡ
1185 4490 1348 4560 φύσις
1381 4491 1477 4561 ὅλη
1505 4492 1581 4556 ὡς
1609 4493 1706 4562 ὅλη
1743 4494 1939 4566 ἁμερί-

2036 3299 2198 3353 trium
2233 3298 2579 3369 praedicatur,
2601 3313 2711 3353 non
2750 3297 2854 3352 alia
2881 3306 2935 3351 et
2963 3296 3091 3361 alia,
3122 3302 3269 3366 patet
3298 3293 3466 3364 quod,
3494 3293 3629 3346 dum-

2037 3402 2149 3446 tres
2178 3406 2443 3461 personas
2471 3392 2728 3451 dicimus.
2777 3390 2919 3444 haud
2963 3399 3074 3444 tres
3116 3389 3248 3444 deos
3290 3387 3626 3442 inducimus.

2037 3484 2193 3552 Quod
2218 3485 2262 3540 si
2294 3484 2418 3555 quis
2458 3484 2620 3538 nobis
2653 3484 2900 3552 imputet,
2939 3483 3081 3536 idem
3111 3481 3242 3538 facit
3271 3480 3498 3545 dicenti,
3529 3480 3628 3534 ali-

2037 3571 2168 3641 quid
2191 3572 2490 3627 secundum
2515 3573 2678 3633 idem,
2703 3581 2758 3627 et
2783 3587 2952 3627 unum
2980 3587 3102 3628 esse
3127 3581 3182 3627 et
3203 3571 3382 3642 plura,
3415 3579 3470 3624 et
3495 3585 3627 3625 con-

2038 3665 2349 3720 tradictioni
2387 3666 2568 3721 inesse
2608 3666 2933 3728 veritatem,
2979 3673 3034 3720 et
3070 3669 3282 3719 minora
3325 3663 3629 3734 majoribus

2039 3759 2312 3827 exzequari
2343 3759 2655 3828 pariterque
2687 3759 2942 3828 appellari
2978 3777 2990 3812 :
3029 3759 3173 3826 quod
3214 3773 3392 3826 neque
3440 3754 3632 3824 logicis

2041 3848 2242 3916 regulis
2263 3864 2439 3918 neque
2466 3849 2674 3903 veritati
2705 3857 2994 3904 consonat.
3020 3848 3198 3918 Atque
3222 3860 3278 3903 ut
3306 3847 3464 3903 nobis
3487 3847 3635 3901 dicta

2042 3955 2130 3994 res
2183 3939 2380 3994 clarior
2425 3940 2538 4003 liat,
2586 3939 2881 3993 humanam
2919 3949 3172 3993 naturam
3208 3939 3274 3991 ad
3319 3937 3638 4005 exemplum

2043 4048 2289 4095 sumens,
2319 4032 2619 4086 secundum
2648 4031 2892 4100 ejusdem
2935 4032 3382 4100 prardicamenta,
3416 4028 3633 4098 perSpi-

2041 4139 2201 4178 cnam
2227 4123 2381 4177 vobis
2411 4124 2605 4177 faciam
2636 4123 2942 4177 orationem
2983 4139 3183 4176 meam.
3219 4121 3348 4176 Esto
3385 4122 3627 4176 humana

2043 4225 2234 4271 natura
2270 4228 2532 4284 tanquam
2577 4217 2630 4269 in
2673 4215 2920 4284 subjecto
2949 4216 3108 4269 trium
3136 4223 3345 4268 tantmn
3376 4229 3634 4284 persona-

2043 4321 2163 4360 rum
2191 4305 2506 4377 praedicata,
2539 4307 2701 4373 veluti
2740 4307 2906 4370 Petri,
2943 4307 3118 4369 Pauli,
3146 4323 3208 4361 ac
3233 4305 3478 4361 Thalnae.
3508 4305 3632 4362 llaec

2041 4400 2210 4467 igitur
2232 4408 2428 4454 natura
2455 4410 2564 4454 tota
2592 4409 2747 4470 prout
2777 4409 2861 4455 est
2894 4400 3125 4455 indivise
3153 4400 3205 4453 in
3241 4401 3424 4465 Petro,
3463 4399 3632 4454 Paulo

2046 4505 2110 4546 ac
2131 4488 2805 4553 Thoma,dcnominatur:
2841 4507 2962 4544 nam
3004 4491 3198 4543 herum
3232 4491 3632 4561 unusquisque,

353 4596 495 4640 στως
523 4580 618 4632 ἐπὶ
646 4580 856 4651 Πέτρου
891 4585 985 4636 καὶ
1018 4583 1232 4637 Παύλου
1278 4584 1374 4636 καὶ
1399 4583 1574 4655 Θωμᾶ
1616 4589 1928 4658 κατηγορεῖ⁴

2037 4583 2241 4638 animal
2274 4593 2358 4640 est
2395 4585 2683 4652 rationale,
2717 4585 2948 4639 mortale
2970 4625 2984 4650 ,
3033 4583 3235 4638 mentis
3281 4583 3636 4654 scientiaeque

350 4687 444 4722 ται
467 4684 480 4697 °
517 4669 610 4724 καὶ
640 4669 750 4740 γὰρ
780 4671 1011 4737 ἕκαστος
1055 4670 1209 4745 [εοά.
1243 4672 1501 4747 ἕκαστον]
1537 4675 1765 4742 τούτων,
1796 4675 1936 4740 ζῶον

350 4761 571 4828 λογικὸν
613 4761 828 4833 θνητὸν,
863 4765 960 4817 νοῦ
1008 4766 1103 4819 καὶ
1149 4767 1466 4838 ἐπιστήμης
1493 4767 1745 4822 δεκτικόν
1779 4770 1933 4822 ἐστι·

350 4852 592 4924 φανερὸν
621 4854 704 4908 ὅτι
734 4857 829 4910 καὶ
853 4857 922 4909 τὰ
957 4857 1275 4928 μετέχοντα,
1307 4859 1431 4914 καθ’
1458 4859 1488 4913 ὃ
1520 4860 1619 4930 τῆς
1647 4861 1818 4933 αὑτῆς
1841 4865 1936 4915 καὶ

356 4947 488 5016 μιᾶς
518 4947 735 5015 φύσεως
773 4949 1118 5019 μετέχουσιν.
1143 4950 1204 5004 ἓν
1235 4968 1295 5004 τε
1320 4952 1416 5006 καὶ
1435 4953 1616 5006 ταυτά
1639 4954 1746 5007 είσι
1765 4969 1780 4986 ο
1811 4954 1936 5007 καθ’

349 5038 382 5092 ὃ
417 5039 475 5092 δὲ
506 5039 740 5111 διάφορα
790 5045 912 5107 ταῖς
960 5043 1314 5105 ὑποστάσεσι,
1366 5045 1579 5099 καὶτὸν
1609 5048 1764 5117 τρεῖς
1815 5047 1938 5118 ἀρι-

352 5130 491 5200 ομδν
515 5130 919 5202 ἐκληρώσαντο.
943 5135 1002 5186 Εἰ
1031 5131 1125 5187 οὖν
1148 5151 1232 5197 τις
1259 5136 1360 5206 τὴν
1390 5136 1703 5204 ἄνθρωπος
1729 5136 1934 5208 φωνὴν,

350 5226 478 5295 ἥτις
509 5223 628 5278 ἐστὶ
659 5225 876 5294 φύσεως
914 5227 1188 5298 δηλωτικὴ
1229 5228 1456 5282 ἐπὶτῶν
1489 5229 1666 5300 τριῶν
1697 5230 1933 5286 ὑποστάς

354 5334 517 5382 σεων,
551 5317 681 5388 μίαν
707 5315 873 5372 οὖσαν
903 5323 996 5373 καὶ
1030 5320 1130 5390 τὴν
1160 5319 1332 5392 αὐτὴν
1361 5320 1456 5373 καὶ
1481 5320 1794 5392 ἀμερίστως
1837 5324 1938 5377 αὑ-

351 5409 462 5462 τῶν
521 5412 1026 5482 κατηγορουμένην,
1077 5408 1197 5466 εἶτα
1245 5413 1342 5466 καὶ⁵
1378 5413 1455 5476 ὡς
1500 5413 1672 5486 τριῶν
1715 5432 1938 5488 συναρι-

353 5499 697 5570 θμουμένων,
755 5505 848 5557 καὶ
899 5505 1102 5575 ταύτην
1139 5505 1240 5576 τὴν
1268 5505 1582 5574 ἅνθρωπος
1628 5509 1814 5578 φωνὴν
1880 5509 1939 5575 ἐξ

353 5593 606 5663 ἀνάγκης
640 5597 761 5659 ταῖς
805 5596 1137 5650 ὑποστάσεσι
1185 5597 1608 5670 συναριθμήσει,
1649 5603 1800 5670 τρεῖς
1843 5601 1940 5654 ἀν-

354 5684 610 5754 θρώπους
644 5687 891 5755 φάσκων,
923 5689 1074 5743 οὐδὲν
1099 5689 1229 5745 ἄλλο
1258 5691 1426 5760 λέγει,
1458 5692 1628 5762 ἀλλ’ἢ
1662 5697 1811 5762 τρεῖς
1841 5693 1941 5761 φύ-

355 5793 473 5838 σεις
501 5779 560 5830 ἐν
591 5783 714 5844 ταῖς
757 5785 935 5852 τρισὶν
976 5784 1310 5838 ὑποστάσεσι
1357 5786 1714 5857 θεωρεῖσθαι·
1757 5788 1788 5856 ἡ
1830 5789 1940 5857 γὰρ

355 5866 670 5940 ἄνθρωπος
694 5875 849 5947 φωνὴ
890 5875 1106 5946 φύσεώς
1133 5879 1248 5932 ἐστι
1271 5879 1543 5952 δηλωτική
1564 5896 1576 5910 ο
1614 5882 1659 5934 εξ
1685 5880 1738 5933 δὲ
1763 5880 1935 5945 τοῦτο,

2042 4690 2236 4746 capax.
2258 4673 2489 4732 Constat
2525 4678 2625 4730 hos
2655 4675 2968 4746 participes,
3004 4683 3278 4742 quatenus
3305 4688 3467 4727 unam
3490 4690 3632 4728 eam-

2043 4769 2279 4840 demque
2317 4778 2568 4823 naturam
2615 4769 2963 4839 participant,
3000 4784 3168 4822 unum
3215 4766 3346 4836 quid
3382 4764 3635 4831 idemque

2043 4875 2201 4916 esse:
2237 4868 2507 4929 quatenus
2535 4868 2715 4913 autem
2753 4859 2950 4913 diversi
2985 4869 3111 4912 sunt
3142 4857 3413 4926 personis,
3447 4867 3632 4908 terna-

2043 4952 2184 5007 rium
2215 4968 2500 5006 numerum
2527 4953 2744 5006 habere.
2768 4951 2822 5004 Si
2843 4951 2967 5021 quis
2986 4966 3115 5020 ergo
3141 4951 3463 5004 vocabulum
3481 4950 3643 4999 homo

2045 5045 2190 5113 quod
2225 5051 2476 5098 naturam
2514 5043 2757 5105 denotat,
2796 5042 3051 5111 quodque
3081 5056 3250 5093 unum
3289 5041 3538 5106 idemque
3581 5045 3636 5090 ct

2047 5135 2278 5190 indivise
2299 5139 2366 5190 de
2390 5137 2563 5188 tribus
2583 5134 2939 5203 praedicatur;
2963 5131 3156 5187 deinde
3183 5141 3438 5200 tanquam
3459 5131 3634 5182 tt'ilms

2042 5230 2154 5300 jam
2187 5221 2800 5289 simulconnumeratis,
2831 5227 2970 5280 idem
2999 5227 3102 5279 hoc
3129 5225 3452 5277 vocalmlum
3480 5224 3635 5275 homo

2048 5321 2359 5376 necessario
2405 5335 2528 5373 cum
2579 5321 2826 5385 personis
2865 5325 3242 5379 connumerct,
3288 5324 3400 5368 trcs
3446 5316 3634 5366 dicctts

2050 5415 2299 5468 homines
2327 5432 2341 5475 ;
2370 5413 2502 5466 nihil
2535 5413 2680 5465 aliud
2707 5412 2858 5472 dicit,
2893 5411 2996 5464 nisi
3020 5422 3131 5464 tres
3174 5420 3399 5463 naturas
3431 5409 3482 5460 in
3511 5424 3633 5476 pcr-

2047 5509 2197 5560 scmis
2234 5506 2406 5559 trilms
2433 5504 2668 5572 spectari
2702 5521 2714 5558 :
2753 5519 2987 5573 namque
3019 5503 3261 5556 hominis
3300 5501 3629 5554 vocabulum

2050 5613 2296 5652 naturam
2332 5599 2574 5652 denotat.
2607 5597 2762 5663 Quod
2808 5597 2854 5652 si
2898 5613 3089 5652 verum
3129 5605 3233 5659 est,
3276 5596 3460 5664 utiquc
3491 5594 3632 5648 idem

2049 5693 2346 5744 secundum
2376 5689 2517 5744 idem
2555 5690 2944 5760 compcrictur,
2987 5688 3038 5742 id
3095 5699 3176 5742 est
3207 5689 3503 5742 humanam
3539 5703 3634 5737 ua-

2050 5795 2245 5847 lui-am,
2275 5795 2327 5837 ct
2357 5801 2526 5838 unum
2557 5785 2688 5854 quid
2730 5801 2853 5838 esse
2885 5793 2939 5837 et
2971 5792 3156 5837 contra
3189 5800 3200 5835 :
3243 5791 3295 5836 et
3328 5781 3471 5850 quod
3508 5795 3638 5831 con--

2051 5877 2304 5932 tradictio
2345 5888 2450 5943 est,
2487 5893 2675 5933 verum
2733 5876 2963 5944 evadet;
3002 5876 3272 5948 quod'cst
3313 5873 3633 5930 absurdum.
