3994 6648
406 424 513 487 695

1664 423 1955 482 ΝΠῘΕΊἋΕ
1996 423 2400 484 BYZANTINI

3550 423 3656 485 6‘36

408 535 596 605 Neque
627 535 729 591 hoc
769 536 965 601 solum,
1000 536 1094 591 sed
1126 545 1180 591 et
1220 536 1426 591 minora
1484 537 1533 590 id
1576 546 1680 599 est,
1716 552 1980 604 persona),

2091 536 2450 607 εὑρεθήσεται
2488 537 2547 589 τὸ
2575 537 2707 589 αὐτὸ
2758 535 2902 587 κατὰ
2944 534 3129 595 ταυτὺ,
3164 534 3441 587 τουτέστιν
3488 535 3519 602 ὴ
3557 534 3657 584 ἀν-

412 628 705 699 majorum,
749 629 935 693 idest,
982 641 1299 684 naturarum
1333 630 1814 700 praedicantentum
1862 644 1981 683 sor—

408 720 633 785 tientur,
671 722 859 790 eisque
885 722 1246 790 aequabantur
1280 739 1293 786 ;
1344 736 1463 791 qua:
1498 737 1584 775 res
1631 722 1700 775 ita
1740 720 1983 775 declara-

407 824 519 868 lIII'.

411 910 521 961 τῶν
546 908 821 972 ὲπιπλέον,
854 910 1097 962 τουτέστι
1125 910 1233 962 τῶν
1283 910 1497 979 φύσεων
1533 909 1821 979 συμϐαίνει
1854 907 2283 976 κατηγορεῖσθαι
2312 909 2407 962 καὶ
2441 909 2743 973 ἐξισάζειν’
2788 908 2901 960 ἔστι

406 997 507 1056 ὧδε
526 1018 540 1033 ⁸

480 1098 570 1151 20.
611 1098 855 1152 llmnana
893 1108 1085 1153 natura
1113 1100 1165 1153 in
1194 1101 1368 1155 tribus
1389 1100 1635 1169 personis
1665 1097 1977 1169 prmdicata,

412 1190 556 1243 haud
585 1190 827 1245 vicissim
870 1207 935 1247 ex
976 1192 1057 1246 his
1093 1193 1441 1262 praedicatur,
1480 1208 1653 1260 neque
1709 1189 1980 1243 converti-

408 1290 518 1345 tur,
544 1292 831 1352 propterea
860 1284 1003 1353 quod
1036 1286 1156 1353 plus
1193 1294 1276 1338 est
1310 1300 1469 1351 quam
1498 1296 1833 1351 unaaneqne
1858 1296 1981 1349 per-

405 1387 561 1427 sona.
592 1373 727 1428 Nam
770 1375 813 1429 si
846 1375 977 1444 quid
1018 1385 1102 1430 est
1144 1374 1360 1438 Petrus,
1407 1376 1507 1429 hoc
1541 1383 1595 1428 et
1634 1375 1827 1437 homo;
1872 1386 1978 1424 non

406 1474 584 1518 tamen
609 1465 654 1519 si
677 1465 803 1533 quid
822 1466 1007 1532 homo,
1032 1467 1136 1521 hoc
1161 1478 1213 1521 et
1238 1468 1452 1522 Petrus.
1485 1466 1728 1535 Namque
1760 1466 1812 1518 in
1842 1479 1981 1533 pra:-

404 1555 625 1619 dicatis,
664 1556 750 1610 illa
800 1557 1029 1612 invicem
1064 1568 1455 1612 convertuntur
1484 1573 1606 1627 qme
1650 1564 1778 1609 sunt
1805 1569 1985 1623 :equa-

406 1645 498 1713 lia,
525 1647 693 1701 veluti
722 1648 884 1701 homo
910 1659 963 1704 et
994 1649 1236 1714 risibile;
1275 1665 1399 1703 nam
1430 1650 1473 1703 si
1522 1648 1651 1717 quid
1681 1656 1762 1701 est
1796 1647 1980 1707 homo,

408 1739 511 1793 hoc
534 1748 587 1793 et
620 1740 865 1806 risibile;
899 1751 951 1795 et
979 1742 1022 1795 si
1056 1741 1183 1812 quid
1214 1750 1298 1796 est
1324 1740 1550 1801 risibilc,
1582 1740 1681 1793 hoc
1713 1750 1766 1791 et
1795 1738 1978 1791 homo.

408 1831 539 1897 Quae
565 1840 746 1887 autem
773 1832 1065 1899 excedunt,
1094 1848 1156 1887 ea
1187 1832 1416 1887 invicem
1439 1847 1542 1884 non
1567 1839 1979 1893 convertuntur,

2091 628 2337 699 θρωπίνη
2373 632 2533 697 φύσις
2566 629 2625 681 ἓν
2664 645 2722 680 τε
2765 629 2860 680 καὶ
2905 628 3001 696 οὑχ
3040 628 3131 679 ἔν’
3166 626 3259 679 καὶ
3304 628 3335 696 ή
3371 624 3657 691 ἀντίφασις

2092 721 2499 790 συναληθεύσει,
2555 723 2688 789 ὅπερ
2747 721 2979 773 ἄτοπον·
3026 720 3119 771 καὶ
3165 720 3225 772 οὑ
3268 718 3428 787 μόνον
3477 716 3658 779 τοῦτο,

2093 812 2207 866 ἀλλ’
2258 812 2291 882 ἢ
2341 815 2432 866 καὶ
2473 814 2540 865 τὰ
2577 814 2857 876 ἐλάττονα,
2903 811 3150 863 τουτέστι
3193 809 3291 873 τὰς
3334 808 3661 869 ὑποστάσεις

2983 906 3038 958 δὲ
3120 906 3213 957 καὶ
3279 902 3439 955 τοῦτο
3502 901 3662 971 δῆλον

2164 1099 2231 1145 κ’.
2294 1093 2356 1146 Ἠ
2406 1089 2718 1159 ἀνθρωπίνη
2752 1088 2909 1156 φύσις
2938 1086 3029 1139 ἐπὶ
3076 1084 3182 1137 τῶν
3212 1081 3376 1151 τριῶν
3427 1078 3665 1132 ὑποστά-

2092 1202 2233 1236 σεων
2298 1181 2774 1251 κατηγορουμένη,
2833 1178 2957 1231 οθτε
3032 1173 3545 1244 ἀντικατηγορεῖται
3600 1169 3664 1220 ὲκ

2089 1275 2315 1334 τούτων.
2369 1272 2492 1325 οὔτε
2549 1269 2897 1341 ἀντιστρέφει
2947 1268 3036 1322 διὰ
3093 1267 3154 1319 τὸ
3214 1264 3469 1317 ὲπιπλέον
3525 1255 3667 1313 εἶναι

2091 1365 2327 1431 ἑκάστης
2362 1362 2712 1425 ὑποστάσεως
2738 1376 2750 1389 °
2777 1362 2871 1413 καὶ
2902 1359 3010 1430 γάρ
3058 1357 3111 1410 εί
3153 1374 3205 1408 τι
3256 1354 3482 1424 Πέτρος,
3510 1351 3667 1404 τοῦτο

2091 1456 2186 1508 καὶ
2230 1454 2537 1524 ἄνθρωπος,
2567 1452 2668 1505 οὑκ
2699 1452 2751 1504 εί
2802 1469 2854 1503 τι
2903 1450 2959 1502 δὲ
3014 1448 3317 1518 ἄνθρωπος,
3360 1446 3519 1498 τοῦτο
3574 1442 3667 1494 καὶ

2092 1548 2330 1613 Πέτρος·
2368 1546 2477 1597 τῶν
2520 1544 2630 1614 γὰρ
2684 1540 3199 1613 κατηγορουμένων,
3235 1538 3304 1591 τὰ
3352 1536 3449 1607 μὲν
3481 1534 3667 1599 ὲξισά·

2090 1639 2253 1701 ζοντά
2274 1641 2432 1703 είσιν,
2468 1637 2502 1691 ἃ
2528 1637 2621 1689 καὶ
2648 1635 3114 1704 ἀντιστρέφουσιν,
3156 1626 3267 1683 οἷον
3300 1632 3328 1683 ὃ
3363 1646 3420 1681 τε
3450 1627 3665 1696 ἄνθρω-

2091 1746 2190 1791 πος
2225 1729 2317 1781 καὶ
2351 1728 2411 1779 τὸ
2436 1724 2759 1795 γελαστικόν
2784 1740 2797 1754 ο
2830 1725 2883 1777 εί
2924 1740 2977 1775 τι
3027 1723 3135 1791 γὰρ
3168 1720 3476 1789 ἄνθρωπος,
3507 1716 3668 1769 τοῦτο

2090 1820 2187 1873 καὶ
2234 1818 2595 1887 γελαστικόν·
2645 1816 2739 1869 καὶ
2785 1814 2840 1867 εί
2882 1832 2933 1867 τι
2977 1810 3319 1881 γελαστικὸν,
3363 1808 3529 1862 τοῦτο
3576 1806 3669 1859 καὶ

409 1931 630 1991 propter
650 1937 958 1978 excessum.
982 1922 1156 1978 Veluti
1182 1924 1222 1977 si
1261 1924 1388 1993 quid
1424 1923 1608 1986 homo,
1642 1923 1745 1977 hoe
1775 1932 1829 1974 et
1858 1922 1978 1974 ani-

2088 1909 2371 1980 ἄνθρωπος
2392 1926 2405 1941 ’
2438 1910 2504 1962 τὰ
2525 1910 2579 1961 δὲ
2608 1906 2887 1970 ὲπιπλέον,
2915 1904 2951 1959 ἃ
2974 1904 3071 1957 κα)⁸
3094 1904 3193 1957 οὑκ
3212 1898 3668 1968 ἀντικατηγορεῖ-

406 2015 545 2081 mal;
581 2031 686 2070 non
721 2016 764 2069 si
817 2016 946 2086 quid
995 2016 1216 2080 animal,
1264 2017 1365 2070 hoc
1411 2024 1464 2070 et
1517 2016 1700 2068 homo.
1746 2013 1799 2068 Si
1835 2030 1985 2084 ergo,

407 2121 532 2161 cum
575 2110 810 2162 humana
836 2117 1028 2163 natura
1062 2108 1182 2178 plus
1234 2108 1305 2161 sit
1335 2107 1563 2174 singulis
1590 2106 1764 2161 tribus
1804 2121 1989 2175 perso-

407 2198 515 2265 nis,
569 2200 892 2268 przedicetur
937 2208 1117 2254 autem
1184 2200 1455 2254 ternarius
1518 2213 1777 2252 numerus
1828 2197 1986 2251 trimn

404 2305 789 2360 personarum,
854 2308 959 2345 non
1017 2293 1287 2354 absolute,
1332 2293 1423 2346 sed
1473 2292 1772 2346 secundum
1825 2290 1984 2344 talem

404 2383 776 2453 subiectorum
826 2385 1224 2455 quantitatem;
1280 2385 1420 2438 idem
1473 2396 1652 2439 autem
1704 2399 1983 2445 numerus,

405 2490 567 2544 quem
600 2486 654 2529 et
689 2476 1081 2530 nnmerabilem
1108 2476 1364 2539 dicimus,
1404 2489 1502 2529 Ceu
1542 2476 1635 2543 qui
1668 2484 1988 2527 numeratur

406 2564 583 2634 magis
636 2580 799 2633 quam
853 2575 1128 2628 numerat,
1164 2566 1483 2632 pta-dicetur
1516 2566 1680 2618 etiam
1716 2564 1782 2617 de
1824 2575 1985 2615 voca-

410 2654 538 2708 bulo
592 2655 758 2709 ltomo
800 2654 1024 2722 adaeque
1057 2670 1118 2709 ac
1161 2670 1424 2708 numerus
1452 2670 1841 2723 personarum;
1881 2654 1981 2715 sic,

407 2742 653 2813 inquam,
682 2750 1048 2812 comperietur
1100 2759 1444 2814 unaquaeque
1480 2759 1710 2813 persona
1744 2745 1836 2797 uni
1885 2759 1987 2796 na-

409 2846 545 2891 tura:
572 2846 809 2906 aequata,
867 2845 921 2890 et
976 2837 1217 2891 vicissim
1267 2838 1579 2906 praedicata.
1619 2835 1753 2891 Nam
1794 2845 1906 2891 tres
1934 2844 1987 2891 et

409 2937 519 2983 tres
545 2929 837 2995 numerati,
893 2945 997 2983 non
1042 2938 1170 2985 sunt
1205 2931 1409 2999 plures,
1430 2933 1523 2984 sed
1557 2945 1731 2999 pares.
1768 2929 1900 2983 Nam
1932 2936 1987 2983 et

405 3022 451 3077 si
478 3022 587 3077 duo
610 3023 858 3087 quzedam
894 3023 1024 3085 sint,
1058 3024 1287 3079 alterum
1332 3034 1511 3077 autem
1546 3023 1613 3078 de
1653 3038 1762 3077 uno
1792 3021 1987 3091 praedi-

406 3123 582 3175 cetur,
636 3114 806 3168 veluti
867 3116 1075 3171 risibile
1132 3116 1201 3170 de
1266 3116 1526 3181 homine;
1580 3114 1986 3168 demonstretur

406 3217 590 3263 autem
616 3209 844 3263 alterum
876 3224 997 3264 esse
1021 3224 1138 3279 par,
1162 3210 1472 3265 necessario
1485 3208 1682 3263 accidit
1705 3217 1761 3261 ut
1788 3206 1983 3277 praedi-

407 3309 716 3355 camentum
774 3300 1006 3355 invicem
1049 3302 1163 3365 liat,
1214 3312 1268 3357 et
1314 3302 1476 3355 homo
1527 3299 1852 3371 praedicetur
1884 3312 1981 3367 pro

406 3392 623 3447 risibili.
657 3393 1025 3458 Quamobrem
1076 3404 1311 3458 constat,
1354 3394 1499 3463 quod
1555 3393 1599 3449 si
1626 3393 1750 3463 quis
1776 3406 1984 3445 connu-

410 3486 700 3540 meraverit
733 3488 979 3556 personis
1021 3497 1228 3543 natura:
1280 3488 1523 3556 ipsarum
1573 3500 1791 3549 nomen,
1823 3482 1985 3538 faciet

410 3585 473 3631 ut
498 3578 706 3632 minora
731 3579 1093 3647 praedicantur
1109 3580 1174 3633 de
1205 3579 1503 3648 majoribus
1517 3587 1570 3633 et
1597 3584 1981 3646 exaequentur;

409 3666 558 3736 quod
621 3668 879 3723 abhorret
928 3684 957 3722 a
1005 3669 1193 3739 logicis
1235 3668 1435 3740 regulis
1479 3676 1533 3723 et
1571 3682 1600 3721 a
1641 3666 1889 3732 veritate,
1926 3674 1984 3719 ut

409 3756 671 3810 diximus.

1741 3844 1775 3867 ε

481 4030 571 4084 21.
603 4028 726 4083 Pari
761 4030 925 4085 modo
950 4030 1092 4099 quod
1122 4029 1314 4084 attinet
1346 4030 1668 4085 addivinam
1709 4042 1981 4099 naturam,

412 4122 518 4179 hoc
555 4122 807 4192 exeutplo
848 4123 994 4176 viam
1038 4122 1198 4177 nobis
1236 4121 1665 4187 demonstrante,
1698 4123 1982 4178 veritatem

413 4215 816 4279 nancisccmur,
850 4228 1203 4285 erroremque
1250 4214 1605 4285 depcllemus.
1646 4213 1811 4270 Nobis
1838 4217 1983 4270 enim

413 4305 591 4359 tresin
618 4304 799 4358 divina
825 4314 1014 4359 natura
1038 4320 1300 4375 personas
1334 4306 1737 4373 coutitentibus,
1763 4321 1985 4363 necesse

411 4410 520 4451 non
560 4406 643 4450 est
696 4404 805 4450 tres
857 4409 1075 4465 quoque
1119 4394 1251 4450 deos
1300 4394 1576 4460 invehere,
1610 4405 1829 4467 propter
1864 4396 1984 4459 illas

411 4500 551 4556 quas
580 4486 691 4554 jam
722 4486 960 4541 diximus
1002 4486 1389 4541 absurditates.
1425 4486 1790 4553 Quamobrem
1825 4489 1983 4544 nobis

2088 2022 2177 2056 ται
2210 2003 2297 2057 διὰ
2335 2002 2395 2054 τὸ
2425 2001 2681 2054 ὲπιπλέον
2704 2016 2717 2030 ο
2750 1994 2861 2052 οἷον
2891 1997 2944 2049 εῐ
2964 2014 3015 2050 τι
3045 1994 3350 2065 ἄνθρωπος,
3379 1989 3542 2043 τοῦτο
3578 1988 3671 2041 καὶ

2089 2094 2227 2158 ζῶον
2247 2111 2261 2125 ’
2295 2094 2394 2146 οὑκ
2427 2092 2481 2145 εί
2508 2111 2560 2145 τι
2613 2092 2772 2155 ζῶον,
2814 2090 2974 2143 τοῦτο
3002 2088 3099 2141 καὶ
3127 2086 3436 2156 ἄνθρωπος.
3480 2084 3546 2135 Ei
3578 2078 3669 2134 οὖν

2087 2190 2184 2257 τῆς
2209 2186 2558 2256 ἀνθρωπίνης
2609 2185 2824 2253 φύσεως
2864 2181 3122 2236 ὲπιπλέον
3161 2178 3327 2249 οὔσης
3367 2180 3498 2247 μιᾶς
3544 2175 3671 2228 ἑκά-

2091 2295 2220 2347 στης
2268 2278 2375 2330 τῶν
2420 2278 2589 2349 τριῶν
2648 2274 3035 2339 ὑποστάσεων,
3090 2272 3483 2341 κατηγορεῖται
3544 2268 3601 2320 δὲ
3641 2268 3669 2320 ὁ

2087 2370 2237 2438 τρεῖς
2267 2365 2504 2438 ἀριθμὸς
2537 2367 2643 2418 τῶν
2666 2364 2836 2434 τριῶν
2858 2361 3228 2424 ὑποστάσεων,
3264 2361 3365 2412 οὑκ
3395 2357 3665 2410 ἀπολελυ-

2090 2460 2288 2529 μένως,
2334 2459 2470 2512 ἀλλά
2513 2457 2655 2511 κατά
2684 2457 2785 2525 τὴν
2822 2454 3049 2509 τοιῶσδε
3086 2454 3363 2520 ποσότητα
3390 2452 3500 2504 τῶν
3532 2451 3667 2504 ὑπο-

2088 2552 2391 2621 κειμένων·
2428 2550 2519 2603 τὸν
2548 2548 2603 2601 δὲ
2638 2548 2801 2601 αὑτὸν
2826 2544 3080 2616 ἀριθμὸν,
3125 2544 3183 2597 ὃν
3220 2544 3314 2596 καὶ
3363 2541 3667 2613 ἀριθμητὸν

2087 2645 2338 2713 λέγομεν,
2374 2642 2432 2705 ὃς
2478 2642 2571 2694 καὶ
2602 2639 2920 2710 ἀριθμεῖται
2972 2635 3173 2707 μᾶλλον
3218 2636 3362 2705 ἥπερ
3413 2633 3664 2703 ἀριθμεῖ,

2087 2734 2485 2804 κατηγορήσεις
2531 2732 2625 2785 καὶ
2650 2731 2751 2800 τῆς
2782 2730 3095 2799 ἄνθρωπος
3121 2727 3306 2797 φωνῆς
3338 2726 3395 2792 ἐξ
3440 2726 3561 2777 ῐσου
3592 2722 3668 2793 τῷ

2086 2828 2307 2897 ἀριθμῷ
2336 2825 2446 2879 τῶν
2475 2825 2847 2886 ὑποστάσεων,
2890 2822 3245 2893 εὑρεθήσεται
3290 2820 3495 2889 ἑκάστη
3531 2817 3667 2871 ὑπό·

2090 2936 2279 2983 στασις
2305 2920 2363 2986 ἐξ
2391 2920 2507 2971 ῐσου
2532 2920 2598 2989 τῇ
2627 2919 2727 2989 μιᾷ
2754 2916 2913 2986 φύσει
2932 2916 3025 2969 καὶ
3047 2912 3630 2983 άντικατηγορουμένη
3648 2926 3665 2941 ⁸

2084 3016 2147 3068 τὸ
2189 3016 2297 3087 γὰρ
2332 3017 2480 3085 τρεῖς
2512 3014 2607 3068 καὶ
2639 3015 2788 3084 τρεῖς
2818 3011 3243 3083 ἀριθμούμενον,
3274 3010 3373 3063 οὐκ
3407 3008 3667 3060 ὲπιπλέον

2086 3110 2255 3171 ἐστὶν,
2283 3108 2397 3162 ἀλλ’
2421 3108 2479 3172 ἐξ
2504 3108 2619 3161 ἴσου
2638 3122 2651 3136 ο
2679 3106 2771 3159 καὶ
2788 3106 2897 3175 γὰρ
2924 3102 3018 3157 ἐὰν
3037 3102 3130 3156 δύο
3149 3102 3269 3156 τινὰ
3289 3095 3411 3162 ὦσι,
3435 3099 3668 3170 θάτερον

2085 3202 2142 3255 δὲ
2196 3203 2583 3272 κατηγορεῖται
2612 3197 2705 3251 τοῦ
2757 3197 2895 3261 ἐνὸς,
2931 3190 3043 3249 οἷον
3093 3194 3155 3247 τὸ
3201 3180 3524 3261 γελαστικὸν
3574 3187 3667 3242 τοῦ

2012 3261 2053 3318 C
2088 3261 2373 3366 ἀνθρώπδὺ
2391 3261 2606 3363 ’.δειχθῇ
2635 3291 2692 3344 δὲ
2711 3291 2807 3343 καὶ
2827 3288 3055 3359 θάτερον
3075 3285 3346 3352 ὲξισάζον,
3376 3281 3667 3354 συμϐαίνει

2086 3384 2145 3451 ἐξ
2178 3386 2423 3455 ἀνάγκης
2452 3383 2551 3453 τὴν
2596 3380 2931 3452 κατηγορίαν
2973 3377 3375 3451 ἀντιστρέφειν,
3436 3374 3534 3427 καὶ
3576 3371 3667 3425 τὸν

2086 3476 2374 3548 ἄνθρωπον
2416 3473 2968 3544 ἀντικατηγορεῖσθαι
2995 3471 3091 3525 τοῦ
3132 3466 3457 3538 γελαστικοῦ
3478 3483 3492 3497 ’
3523 3464 3667 3518 ὥστε

2086 3571 2321 3641 φανερὸν
2366 3570 2448 3623 ὅτι
2476 3569 2526 3622 εῐ
2550 3584 2634 3631 τις
2676 3565 3001 3635 συναριθμεῖ
3041 3565 3161 3625 ταῖς
3209 3560 3578 3616 ὑποστάσεσιν
3608 3558 3667 3611 τὸ

2085 3663 2187 3732 τῆς
2224 3662 2440 3731 φύσεως
2460 3659 2640 3715 αὑτῶν
2679 3659 2871 3729 ϐνομα,
2912 3657 3137 3725 συνάγει
3163 3656 3231 3709 τὰ
3265 3655 3525 3709 ἐλάττονα
3558 3651 3667 3705 τῶν

2086 3754 2345 3807 ὲπιπλέον
2394 3751 2819 3822 κατηγορεῖσθαι
2849 3750 2945 3805 καὶ
2981 3748 3279 3814 ὲξισάζειν·
3314 3748 3450 3814 ὅπερ
3481 3744 3662 3814 ἀσύμ-

2086 3844 2265 3913 φωνόν
2298 3846 2415 3897 ἐστι
2442 3847 2565 3907 ταῖς
2589 3844 2836 3912 λογικαῖς
2885 3841 3131 3913 μεθόδοις
3174 3840 3269 3893 καὶ
3304 3841 3371 3910 τῇ
3405 3837 3660 3907 ἀληθείᾳ,

2084 3934 2159 3997 ὡς
2186 3933 2415 4004 ἔφαμεν.

2157 4024 2265 4079 κα’.
2297 4026 2369 4079 Τὸ
2400 4026 2530 4079 αὑτὸ
2558 4028 2621 4094 δὴ
2660 4026 2754 4080 καὶ
2779 4026 2873 4079 ἐπὶ
2899 4027 2997 4092 τῆς
3028 4024 3177 4087 θείας
3216 4023 3428 4093 φύσεως
3450 4060 3463 4083 ,
3494 4018 3573 4083 ὡς
3603 4020 3665 4072 ἐκ

2085 4118 2299 4171 τουτουῒ
2326 4116 2420 4171 τοῦ
2451 4118 2892 4189 παραδείγματος
2928 4116 3323 4186 ποδηγούμενοι
3360 4115 3419 4166 τὸ
3463 4111 3664 4182 ἀληθὲς

2086 4209 2340 4279 λάϐωμεν
2374 4211 2467 4262 καὶ
2505 4210 2566 4263 τὸ
2600 4209 2793 4279 ψεῦδος
2843 4208 3315 4280 ἀποκρουσώμεθα
3340 4223 3353 4236 ·
3406 4206 3501 4257 καὶ
3555 4204 3661 4273 γὰρ

2086 4302 2243 4371 ⁴ήμῶν
2265 4302 2433 4371 τριῶν
2460 4302 2812 4356 ὑποστάσεων
2833 4301 3239 4370 ὁμολογούντων
3266 4300 3357 4351 ἐπὶ
3388 4299 3485 4366 τῆς
3510 4296 3662 4357 θείας

2088 4395 2331 4462 φύσεως,
2365 4395 2464 4448 οὐκ
2484 4395 2699 4464 ἀνάγκη
2736 4398 2828 4448 καὶ
2863 4399 3010 4467 τρεῖς
3047 4396 3195 4464 ἡμᾶς
3228 4394 3382 4455 θεοὺς
3414 4391 3659 4458 εἰσάγειν

2084 4487 2172 4543 διά
2208 4489 2276 4542 τά
2308 4488 2735 4559 προδεδειγμένα
2773 4490 2950 4543 ἄτοπα
2978 4506 2989 4519 ·
3022 4489 3163 4540 ὥστε
3192 4487 3350 4555 δῆλον
3398 4487 3534 4555 ἡμῖν
3565 4486 3659 4537 ἀν·-

412 4578 762 4634 manit‘estum
792 4590 1034 4647 apparet,
1060 4578 1204 4647 quod
1238 4590 1346 4634 tres
1377 4594 1658 4649 personas,
1683 4581 1979 4650 secundum

2091 4580 2309 4649 έφηνεν,
2335 4580 2417 4633 ὅτι
2450 4582 2601 4649 τρεῖς
2631 4580 2957 4641 ὑποστάσεις
2983 4578 3126 4632 κατὰ
3154 4580 3251 4640 τὰς
3280 4576 3545 4645 ἰδιότητας
3568 4573 3659 4628 ἐπὶ

412 4683 542 4724 suas
568 4667 951 4736 proprietates,
990 4668 1043 4720 in
1073 4682 1180 4721 una
1212 4668 1389 4721 divina
1426 4679 1616 4725 natura
1642 4671 1980 4737 confitentes,

413 4774 757 4830 nequaquam
790 4768 898 4813 tres
927 4758 1060 4812 deos
1083 4758 1412 4823 invenimus,
1452 4763 1545 4816 sed
1574 4777 1740 4817 unum
1773 4763 1980 4827 Deum;

412 4852 857 4923 quandoquidem
898 4869 1007 4908 una
1041 4853 1216 4907 deitas
1252 4864 1353 4916 est,
1383 4862 1545 4924 atque
1570 4856 1633 4910 ad
1669 4873 1835 4909 unum
1867 4857 1980 4922 illa,

413 4960 534 5013 quae
560 4944 685 4999 inde
716 4955 863 5008 sunt,
897 4944 1232 4999 referuntur.
1255 4944 1484 5001 Nomina
1518 4948 1662 5001 enim
1709 4948 1883 5002 Patris
1919 4963 1984 5003 ac

414 5039 557 5101 Filii,
605 5039 746 5093 haud
792 5049 1041 5093 naturam
1098 5040 1435 5111 signiﬁcant,
1488 5043 1581 5096 sed
1638 5041 1981 5106 relationem,

416 5146 609 5201 nempe
638 5131 915 5200 quomodo
949 5147 1009 5187 se
1055 5132 1253 5187 habeat
1281 5132 1347 5185 ad
1385 5133 1579 5187 Filium
1599 5132 1779 5197 Pater,
1830 5142 1886 5187 ct
1915 5132 1982 5187 ad

414 5223 628 5279 Patrem
666 5221 858 5277 Filius.
888 5222 1042 5276 Sicut
1065 5225 1208 5276 enim
1240 5223 1381 5292 apud
1426 5239 1523 5277 nos
1545 5223 1627 5277 ha:
1660 5224 1981 5293 appellatio-

415 5331 511 5370 nes
536 5314 830 5384 legitimam
879 5313 1185 5384 genituram
1220 5316 1547 5382 signilicant,
1576 5315 1648 5369 ita
1698 5316 1810 5371 illic
1830 5318 1982 5385 geni-

414 5420 527 5462 tum
563 5423 685 5462 cum
726 5406 967 5475 genitore
1008 5407 1404 5478 ltomogeuenm
1456 5407 1851 5463 demonstrant.
1890 5406 1980 5463 Si-

413 5496 612 5552 militer
641 5505 696 5549 et
748 5495 985 5565 Spiritus
1030 5512 1367 5565 nequaquam
1398 5506 1647 5552 naturam
1688 5499 1977 5569 signiﬁcat,

414 5598 475 5643 ut
499 5598 554 5642 ct
583 5597 776 5641 caetera
808 5604 821 5639 :
853 5587 1050 5639 etenim
1094 5587 1373 5642 relationis
1418 5588 1561 5642 inter
1599 5590 1696 5644 has
1717 5605 1981 5659 personas

412 5678 1098 5741 diﬁcrcntia,diﬂ'erentem
1142 5694 1361 5748 quoque
1410 5681 1621 5735 illarum
1658 5684 1977 5751 appellatio-

412 5788 534 5827 nem
557 5770 754 5824 cifccit.
801 5769 1010 5825 Idcirco
1054 5784 1177 5825 cum
1220 5770 1286 5823 ad
1332 5772 1585 5826 deitatem
1631 5774 1975 5843 respicimus,

410 5864 751 5934 primamque
795 5877 1038 5928 causam,
1096 5871 1148 5917 et
1209 5865 1604 5929 monarrhiam,
1648 5881 1813 5920 unum
1846 5868 1977 5936 quid

2090 4671 2187 4739 τῆς
2216 4672 2344 4739 μιᾶς
2370 4673 2464 4724 καὶ
2495 4671 2681 4741 θεῖκῆς
2728 4671 2943 4739 φύσεως
2990 4669 3396 4740 ὁμολογοῦντες,
3427 4668 3526 4718 οὑκ
3549 4667 3657 4717 εἱσ-

2090 4762 2297 4830 ἀγομεν
2323 4764 2417 4817 καὶ⁸
2454 4766 2602 4832 τρεῖς
2636 4763 2810 4825 θεοὺς,
2845 4762 2956 4815 ἀλλ’
2988 4762 3082 4815 ἕνα
3106 4761 3259 4823 Θεὸν,
3289 4761 3369 4813 ὅτι
3405 4758 3501 4829 μία
3535 4757 3655 4809 θεό-

2087 4871 2205 4924 της,
2233 4855 2326 4907 καὶ
2357 4856 2492 4924 πρὸς
2519 4855 2577 4908 ἓν
2603 4856 2671 4908 τὰ
2703 4856 2761 4921 ἐξ
2792 4856 2957 4908 αὑτοῦ
2988 4854 3085 4925 τὴν
3122 4851 3400 4920 ἀναφορὰν
3430 4848 3572 4918 ἔχειν
3598 4845 3658 4898 τὸ

2087 4947 2195 5018 γὰρ
2228 4948 2434 5016 Πατὴρ
2467 4949 2561 5000 καὶ
2590 4950 2720 5013 ΥΙὸς
2745 4948 2937 5017 ὄνομα,
2965 4948 3025 5000 οὑ
3056 4946 3217 5015 φύσιν
3249 4943 3654 5011 ὑποσημαίνου-

2093 5058 2197 5107 σιν,
2234 5042 2370 5095 άλ).ἀ
2418 5041 2659 5111 σχέσεώς
2686 5059 2746 5094 τε
2789 5044 2883 5095 καὶ
2911 5041 3006 5094 τοῦ
3056 5041 3175 5103 πῶς
3227 5039 3339 5109 ἔχει
3382 5038 3521 5109 πρὸς
3567 5038 3654 5089 τὸν

2087 5134 2215 5186 Υίὸν
2239 5135 2266 5186 ὁ
2300 5134 2509 5205 Πατὴρ,
2540 5136 2573 5205 ἢ
2607 5138 2633 5187 ὁ
2666 5136 2790 5194 Υἱὸς
2828 5135 2966 5204 προς
2991 5134 3082 5186 τὸν
3133 5130 3385 5201 Πατέραο
3432 5131 3509 5192 ῶς
3549 5129 3654 5197 γάρ

2082 5223 2169 5291 ἐφ’
2204 5225 2363 5294 ἡμῶν
2390 5218 2551 5278 αὗται
2588 5224 2644 5278 al
2675 5224 2897 5294 κλήσεις
2934 5225 2994 5275 τὸ
3024 5224 3243 5292 γνήσιον
3281 5220 3649 5289 σημαίνουσιν,

2085 5317 2257 5379 οὑτως
2296 5318 2413 5369 ἐκεῖ
2446 5317 2542 5387 τὴν
2578 5315 2671 5369 τοῦ
2698 5314 3096 5383 γεγεννημένου
3127 5313 3264 5383 πρὸς
3306 5312 3367 5363 τὸ
3400 5327 3654 5378 γεγεννη-

2085 5410 2179 5472 κὸς
2198 5410 2467 5479 ὁμοφυῖαν
2488 5410 2842 5478 σημαίνουσιν
2864 5424 2877 5438 ·
2896 5406 3159 5469 ὡσαύτως
3174 5406 3229 5458 δὲ
3243 5404 3337 5458 καὶ
3355 5405 3415 5458 τὸ
3432 5403 3650 5472 Πνεῦμα

2082 5503 2143 5555 οὑ
2175 5500 2337 5571 φύσιν
2369 5502 2648 5572 σημαίνει,
2685 5500 2875 5568 ὥσπερ
2922 5501 3015 5552 καὶ
3064 5498 3133 5551 τὰ
3179 5497 3374 5552 λοιπά’
3422 5498 3486 5549 τὸ
3547 5496 3650 5564 γὰρ

2081 5594 2339 5664 διάφορον
2370 5596 2466 5663 τῆς
2501 5593 2639 5664 πρὸς
2657 5590 2861 5660 ἄλληλα
2885 5590 3090 5642 τούτων
3113 5590 3367 5659 σχέσεως,
3400 5589 3649 5657 διάφορον

2082 5688 2264 5740 αὐτῶν
2290 5686 2383 5739 καὶ
2414 5688 2512 5755 τὴν
2542 5685 2734 5753 κλῆσιν
2760 5682 3030 5751 πεποίηκε
3055 5698 3068 5714 ·
3094 5682 3174 5734 διὸ
3193 5682 3269 5734 ὅτ’
3292 5681 3359 5733 ἂν
3393 5682 3491 5751 μὲν
3517 5680 3647 5750 πρὸς

2080 5778 2178 5847 τὴν
2221 5777 2450 5846 θεότητα
2496 5776 2787 5846 βλέπωμεν
2835 5774 2927 5826 καὶ
2958 5772 3055 5840 τὴν
3083 5770 3306 5842 πρώτην
3346 5772 3528 5823 αἰτίαν
3559 5772 3644 5823 καὶ

2084 5870 2403 5942 μοναρχίαν,
2450 5869 2507 5922 ἓν
2538 5872 2671 5939 ήμίν
2727 5869 2787 5922 τὸ
2835 5865 3272 5936 φανταζόμενον
3335 5865 3412 5919 ὅτ’
3474 5865 3542 5919 ἂν
3591 5860 3644 5915 δὲ
