3994 6644
237 410 352 512 697.
1389 412 1824 474 REFUTATIO
1857 414 2330 479 MOHAMEDIS.
2431 376 2443 387 ’
3381 422 3489 486 698

238 521 367 591 πρὸς
417 519 490 573 τὰ
515 522 571 574 ὲν
597 514 680 583 οἷς
725 522 758 590 ἡ
807 519 995 592 θεότης
1038 523 1106 575 τὰ
1145 522 1210 576 ὲκ
1240 521 1341 591 τῆς
1379 524 1600 594 πρώτης
1632 525 1811 588 αἰτίας

1916 527 2299 598 imaginamur.
2331 529 2467 585 Cum
2492 545 2619 583 vero
2657 530 2721 585 ad
2758 547 2820 586 ca
2853 531 2907 585 in
2931 531 3131 602 quibus
3157 530 3329 587 dcitas
3352 547 3484 586 con-

236 613 479 682 ἁχρόνως
506 613 600 666 καὶ
617 612 885 682 ὁμοδόξως
912 613 1291 684 ἐκλάμψαντα,
1325 616 1453 686 τρία
1477 616 1545 668 τά
1564 632 1808 686 προσκυ-

1911 623 2077 688 sistit,
2112 640 2174 677 ea
2221 633 2351 678 tunc
2401 635 2712 694 spei-tamus
2739 641 2861 695 quae
2891 640 2957 680 ex
2995 625 3170 694 prima
3199 639 3365 678 causa
3394 624 3484 678 in-

239 707 468 776 νούμενα
493 722 508 737 ·
542 705 636 758 καὶ
655 705 828 759 ταῦτά
854 709 992 770 ἐστι,
1022 709 1050 758 ὁ
1079 707 1270 778 Πατὴρ
1295 709 1391 761 καὶ
1419 711 1446 762 ὁ
1472 710 1597 771 Υἱὸς
1629 709 1721 762 καὶ
1751 708 1810 762 τὸ

1911 718 2282 785 temporaliter
2305 727 2358 772 et
2385 734 2510 772 cum
2529 719 2752 773 honoris
2778 719 3004 788 paritate
3028 718 3481 787 explendcscunt,

237 799 458 869 Πνεῦμα
501 801 563 852 τὸ
602 798 775 867 ἅγιον,
831 801 912 862 είς
954 800 990 854 ἃ
1031 801 1360 871 πιστεύομεν
1415 803 1507 856 καὶ
1546 802 1810 872 βεϐαπτί-

1950 810 2011 862 -ia
2036 809 2336 876 adoranda,
2376 827 2496 879 qua:
2529 820 2656 865 sunt
2705 811 2864 866 Pater
2886 819 2940 865 et
2969 809 3138 864 Filius
3167 819 3218 862 et
3245 807 3484 877 Spiritus
3525 805 3527 808 ’

235 894 430 963 σμεθα,
466 894 562 946 καὶ
584 887 665 955 οἷς
688 892 1046 964 λατρεύομεν.

1909 911 2155 962 sanctus,
2198 903 2249 955 in
2305 919 2424 972 qua:
2481 904 2758 958 credimus
2794 913 2848 958 et
2880 903 3138 974 baptizati
3165 901 3391 966 fuimus,
3427 906 3483 953 et

1907 1008 2029 1062 quae
2062 993 2342 1047 latreutico
2375 995 2522 1047 cultu
2557 995 2960 1064 prosequimur.

298 1076 402 1150 κβ’.
444 1079 509 1132 Εί
541 1077 594 1132 δὲ
633 1077 1015 1148 ἀναιδέστερον
1071 1080 1209 1152 πρὸς
1239 1080 1307 1133 τὰ
1339 1081 1600 1152 λεχθέντα
1645 1084 1695 1136 οἱ
1742 1084 1806 1137 ἐκ

1977 1085 2069 1138 22.
2097 1085 2209 1155 Age
2237 1100 2384 1148 vero,
2409 1084 2453 1140 si
2488 1085 2626 1140 fet-te
2658 1085 3026 1153 impudentius
3056 1086 3319 1142 adversus
3352 1089 3481 1143 hac-

233 1174 326 1243 τῆς
355 1175 541 1243 Ἀγαρ
573 1171 872 1226 διατεθεῖεν
924 1170 1210 1238 λέγοντες·
1245 1174 1307 1226 Et
1357 1175 1452 1227 καὶ
1501 1175 1708 1244 κυρίως
1745 1175 1807 1228 τὸ

1907 1187 2066 1232 tenus
2112 1178 2257 1232 dicta
2311 1179 2539 1247 Agareni
2584 1190 2918 1247 consurgant
2977 1181 3223 1236 dicentes
3269 1201 3282 1237 :
3323 1183 3479 1249 Quod

231 1265 325 1331 τῆς
356 1263 577 1332 φύσεως
621 1261 792 1332 ὄνομα
828 1263 887 1314 οὐ
943 1263 1382 1334 συναριθμεῖται,
1422 1265 1536 1318 ἀλλ’
1573 1264 1666 1320 οὖν
1705 1284 1805 1322 κα-

1905 1271 2115 1325 etiamsi
2149 1272 2366 1340 proprie
2412 1285 2621 1326 natura:
2657 1273 2976 1326 vocabulum
3028 1290 3134 1328 non
3180 1290 3482 1330 connume-

231 1353 614 1426 ταχρηστικῶς
645 1354 796 1424 παρά
820 1357 888 1425 τῇ
930 1355 1187 1426 συνηθείᾳ
1235 1354 1460 1426 εὓρηται
1491 1356 1803 1428 λεγόμενον,

1906 1374 2082 1425 ratur,
2115 1371 2352 1414 attamen
2394 1362 2623 1416 abusive
2664 1364 2974 1417 secundum
3026 1368 3477 1420 consuetudinem

231 1445 348 1499 καθ’
377 1445 407 1497 ὃ
437 1445 673 1516 λέγομεν
708 1447 860 1515 τρεῖς
901 1445 1222 1517 ἀνθρώπους
1269 1449 1364 1500 καὶ
1397 1450 1545 1518 τρεῖς
1581 1450 1800 1513 ἵππους·

1904 1453 1985 1510 sic
2017 1453 2124 1510 dici
2157 1455 2530 1520 comperitur;
2581 1455 2746 1509 veluti
2777 1455 3012 1510 dicimus
3047 1466 3156 1510 tres
3209 1458 3477 1521 homines,

229 1535 422 1589 οὐκοῦν
452 1531 551 1589 καὶ
583 1535 704 1589 καθ’
736 1536 880 1606 ὑμᾶς
911 1535 1154 1604 λεγέσθω
1204 1533 1344 1592 εἶναι
1386 1540 1419 1608 ή
1467 1541 1598 1605 παρ’
1650 1539 1804 1609 ὑμῶν

1903 1555 1957 1600 et
1981 1554 2091 1600 tres
2124 1561 2294 1615 equos
2329 1565 2342 1600 :
2370 1547 2725 1616 quamobrem
2761 1547 2924 1600 etiam
2957 1547 3100 1616 apud
3130 1563 3226 1602 vos
3265 1547 3479 1603 dicatur

231 1629 397 1698 Τριάς
431 1630 704 1700 σεϐομένη
742 1630 1175 1701 καταχρηστικῴ
1219 1631 1362 1700 λόγῳ
1389 1635 1537 1703 τρεῖς
1584 1631 1696 1684 θεοὶ
1727 1633 1804 1696 ὡς

1904 1652 2026 1692 esse
2070 1639 2215 1693 culta
2262 1639 2354 1694 illa
2404 1655 2435 1694 a
2487 1640 2640 1695 vobis
2680 1639 2922 1693 Trinitas
2959 1640 3187 1693 abusive
3227 1655 3479 1694 sermone

228 1722 372 1790 τρεῖς
404 1718 712 1787 ἄνθρωποι,
755 1721 788 1791 ἢ
822 1721 950 1776 ἄλλο
979 1740 1031 1776 τι
1064 1723 1586 1794 συναριθμούμενον,
1623 1726 1802 1796 φαμὲν

1903 1739 2016 1785 tres
2048 1730 2145 1793 dii,
2181 1747 2332 1801 teque
2372 1748 2435 1785 ac
2485 1742 2596 1785 tres
2647 1732 2921 1793 homines,
2960 1741 3053 1786 aut
3083 1732 3227 1786 aliud
3263 1731 3480 1801 quidvis

229 1813 385 1882 ἡμεῖς
414 1811 552 1884 πρὸς
575 1813 788 1881 ξαύτούς
810 1831 825 1846 ο
861 1815 942 1868 ὃτι
970 1815 1033 1870 τὸ
1063 1815 1164 1884 τῆς
1202 1817 1416 1886 φύσεως
1457 1818 1646 1889 ὄνομα,
1681 1820 1800 1874 τότε

1902 1834 2356 1880 connumeratum
2386 1842 2398 1878 :
2429 1841 2526 1879 nos
2561 1826 2633 1878 ita
2690 1827 2755 1880 iis
2815 1826 3208 1895 respondemus
3242 1842 3256 1879 :
3285 1838 3479 1894 nempe

229 1910 336 1971 ταῖς
363 1908 595 1971 οἰκείαις
622 1910 958 1964 ὑποστάσεσι
987 1912 1404 1983 συναριθμεῖται
1429 1932 1800 1985 καταχρηστι-

1904 1918 2048 1986 quod
2075 1927 2283 1971 natura;
2319 1919 2638 1972 vocabulum
2667 1928 2795 1974 tunc
2819 1935 2941 1972 cum
2973 1918 3204 1988 propriis
3229 1918 3479 1987 personis

231 2002 353 2064 κῶς,
378 2001 545 2072 ἡνίκα
572 2003 630 2055 at!
661 2003 994 2067 ὑποστάσεις
1023 2005 1122 2075 τὴν
1152 2007 1232 2068 εἰς
1255 2005 1458 2076 ἄλληλα
1490 2007 1804 2078 περιχώρη-

1903 2010 2127 2064 abusive
2159 2022 2606 2076 connumeratur,
2654 2025 2778 2064 cum
2833 2026 3082 2079 persona:
3123 2026 3227 2064 non
3277 2008 3479 2063 habent

231 2113 309 2148 σιν
340 2096 416 2164 (6)
448 2097 555 2149 οὐκ
589 2097 792 2166 έχουσι,
829 2098 966 2154 ἀλλὰ
990 2101 1243 2154 πλεῖστον
1266 2104 1360 2156 ἀπ’
1403 2104 1652 2172 ἀλλήλων
1682 2105 1801 2157 δια-

1903 2104 2134 2159 invicem
2166 2103 2760 2165 circnminsessionem,
2793 2103 2886 2159 sed
2922 2103 3216 2172 plurimum
3243 2102 3473 2156 invicem

229 2187 624 2256 κεχωρήκασιν,
654 2189 790 2258 μετὰ
813 2189 906 2242 καὶ
934 2190 1028 2243 τοῦ
1056 2190 1200 2260 ἔχειν
1224 2191 1480 2262 διάφορον
1511 2194 1570 2246 τὸ
1588 2194 1801 2266 θέλημα

1902 2195 2137 2261 distant;
2173 2205 2372 2264 praeter
2405 2211 2568 2264 quam
2603 2196 2746 2265 quod
2790 2195 3067 2250 voluntate
3117 2195 3376 2249 dili‘erunt
3424 2203 3479 2249 et

229 2285 313 2337 καὶ
378 2283 669 2354 ἐνέργειαν
729 2283 826 2336 καὶ
885 2282 1175 2354 βούλησιν,
1239 2285 1333 2338 καὶ
1392 2283 1653 2352 πλείστην
1700 2285 1800 2353 τὴν

1901 2290 2217 2356 operatione
2267 2299 2321 2343 et
2379 2289 2790 2352 deliberatione,
2845 2290 3280 2358 permultamque
3313 2288 3474 2342 aliam

227 2377 478 2447 διαφορὰν
532 2376 855 2447 κεκτῆσθαι,
895 2376 1174 2446 ἥττοναδέ
1209 2375 1304 2447 τὴν
1347 2378 1631 2430 κοινωνίαν
1657 2394 1672 2410 ο
1718 2373 1798 2439 οἷς

1900 2377 2260 2432 differentiam
2306 2395 2416 2448 prae
2455 2395 2513 2433 se
2560 2380 2761 2439 ferunt.
2819 2381 3043 2434 minime
3072 2395 3201 2434 vero
3224 2394 3476 2434 commn-

228 2469 278 2520 δὲ
308 2468 500 2539 γνώμη
543 2469 666 2538 μία,
698 2469 791 2521 καί⁹
830 2467 1083 2538 βούλησις
1104 2467 1428 2538 ἀδιαίρετος,
1461 2470 1556 2522 καὶ
1585 2470 1800 2537 φύσεως

1901 2472 2142 2525 nionem.
2180 2469 2564 2524 Verumtamen
2600 2472 2838 2535 illorum,
2867 2486 3099 2541 quorum
3128 2487 3235 2524 una
3257 2449 3478 2540 insepa-

230 2561 502 2630 ταυτότης,
528 2561 628 2614 καὶ
657 2560 754 2630 μία
777 2559 1013 2626 ἐξουσία,
1037 2561 1131 2615 καὶ
1149 2561 1388 2631 θέλησις,
1417 2561 1509 2614 καὶ
1525 2561 1794 2632 ἐνέργεια,

1938 2563 2198 2631 abilisque
2229 2574 2314 2616 est
2363 2563 2698 2627 deliberatio,
2738 2571 2930 2616 natura
2979 2563 3194 2628 eadem,
3235 2576 3341 2616 una
3373 2576 3515 2632 po--

232 2654 317 2705 καὶ
345 2653 523 2706 πάντα
549 2653 728 2718 κοινὰ,
763 2653 903 2718 πλὴν
933 2655 1062 2724 μιᾶς
1097 2653 1264 2725 μόνης
1292 2654 1392 2722 τῆς
1418 2653 1525 2706 τῶν
1559 2654 1800 2707 ὑποστα-

1902 2665 2086 2719 testas,
2116 2656 2387 2718 voluntas,
2446 2665 2609 2725 atque
2659 2656 2932 2726 operatio,
2973 2669 3281 2724 cunctaque
3325 2669 3479 2710 com-

227 2742 386 2796 τικῶν
431 2742 718 2814 ίδιοτήτων
761 2743 1045 2814 διαφορᾶς,
1104 2742 1139 2796 ἃ
1167 2745 1260 2797 καὶ
1298 2743 1360 2796 τὸ
1409 2743 1799 2813 ἀνεκφοίτητον

1902 2749 2108 2814 intinia,
2137 2749 2251 2803 sola
2282 2762 2504 2818 excepta
2539 2749 2906 2816 personalinm
2940 2747 3336 2817 proprietatum
3367 2743 3476 2800 dif-

231 2834 356 2903 πρδς
373 2835 604 2899 ἑαυτὰς,
623 2835 717 2889 καὶ
733 2838 766 2906 ἡ
787 2837 865 2899 είς
891 2835 1098 2906 ἄλληλα
1123 2834 1440 2906 πεφιχώρησ
1451 2853 1519 2899 ις,
1544 2835 1796 2904 οὐδαμῶς

1900 2839 2145 2900 ferentia,
2188 2853 2420 2907 quorum
2450 2840 2574 2891 item
2599 2837 2955 2906 impossibilis
2970 2836 3260 2904 separatio,
3286 2843 3477 2903 etquae

229 2925 442 2998 εὓρηται
471 2927 538 2980 τὸ
567 2928 665 2997 τῆς
703 2926 921 2995 φύσεως
952 2927 1134 2980 αὐτῶν
1162 2928 1333 2998 ὄνομα
1369 2926 1798 2998 συναριθμούμε-

1901 2929 2129 2982 invicem
2173 2927 2660 2992 circuminsident;
2724 2929 2940 2990 horum,
2986 2926 3234 2994 inquam,
3266 2932 3475 2978 naturae

229 3035 328 3082 νον,
360 3017 485 3073 οὔτε
553 3020 797 3091 κυρίως,
836 3018 961 3073 οὔτε
1013 3021 1509 3092 καταχρηστικῶς·
1570 3021 1661 3074 διά
1715 3038 1796 3074 τοι

1898 3022 2220 3076 vocabulum
2278 3034 2558 3087 nunquam
2615 3019 2925 3073 invenietur
2977 3025 3471 3080 connumeratum,

228 3111 389 3178 τοῦτο,
434 3113 545 3167 κᾶν
584 3113 676 3167 τὸν
719 3113 938 3185 Πατέρα
972 3113 1326 3184 ὁμολογῶμεν
1376 3114 1509 3167 Θεὸν
1555 3115 1652 3167 καὶ
1701 3114 1794 3167 τὸν

1899 3127 2075 3181 neque
2099 3111 2317 3180 proprie
2344 3125 2520 3180 neque
2569 3109 2815 3163 abusive.
2845 3108 3210 3172 Quamobrem
3259 3103 3473 3159 etiamsi

231 3202 344 3256 nev
369 3205 460 3258 καὶ
490 3205 561 3258 τὸ
587 3205 850 3272 πανάγιον
889 3206 1112 3275 Πνεῦμα
1143 3205 1425 3268 ὡσαύτως,
1457 3206 1557 3258 οὐκ
1580 3204 1792 3272 είσάγο⁶

1902 3205 2112 3258 Patrem
2175 3203 2499 3258 conﬁtemur
2542 3200 2734 3264 Deum,
2791 3201 3108 3270 pariterque
3169 3197 3363 3252 Filium
3420 3203 3477 3251 et

233 3313 320 3364 μεν
353 3297 444 3350 καὶ
503 3298 664 3366 τρεῖς
692 3295 847 3359 θεούς
870 3312 884 3326 °
943 3295 1068 3349 οὔτε
1108 3296 1208 3366 μὲν
1239 3295 1616 3366 ἀπαιτούμεθα
1672 3294 1794 3348 οὔτε

1900 3297 2162 3365 Spiritum
2198 3305 2470 3358 sanctum,
2497 3303 2606 3348 tres
2638 3295 2768 3348 deos
2799 3309 2905 3347 non
2935 3291 3267 3353 invehimus,
3297 3304 3475 3358 neque

233 3389 420 3458 κυρίως
449 3388 583 3442 οὔτε
610 3389 1068 3460 καταχρηστικῶς
1108 3388 1491 3459 συνιίιριθμεῖν⁹
1532 3387 1718 3458 ἐπειδὴ
1758 3390 1790 3458 ὴ

1897 3389 2144 3458 cogimur
2197 3388 2314 3441 sive
2359 3385 2580 3456 proprie
2623 3385 2739 3438 sive
2775 3383 2999 3437 abusive
3042 3394 3471 3447 connumerare;

228 3481 298 3544 είς
323 3480 526 3551 ἄλληλα
569 3481 942 3552 περιχώρησις
989 3482 1269 3550 πρόσεστι,
1320 3481 1503 3534 καὶτὸ
1540 3480 1788 3549 ἀνεκφοί-

1900 3481 2335 3552 quandoquidem
2383 3479 2614 3532 invicem
2671 3475 3118 3532 circuminsessio
3167 3475 3338 3538 adest,
3375 3484 3477 3526 nec

229 3589 376 3641 τητον
404 3575 496 3627 καὶ
518 3573 588 3627 τὸ
609 3573 931 3629 ἀδιάστατον
952 3573 1048 3627 καὶ
1070 3572 1260 3644 γνώμη
1288 3575 1385 3643 μία
1415 3574 1510 3628 καὶ
1540 3572 1795 3642 βούλησις

1897 3592 2004 3631 non
2039 3572 2479 3644 inseparabilitas
2519 3580 2572 3625 et
2611 3567 3041 3629 indivisibilitas,
3067 3565 3334 3620 sententia
3367 3577 3474 3617 una

228 3664 312 3714 καὶ
366 3664 622 3735 ἐνέργεια
669 3664 762 3717 καὶ
788 3664 958 3718 τᾶλλα
1013 3663 1156 3734 ἅπερ
1189 3663 1418 3734 ἔφαμεν.
1455 3664 1516 3716 Et
1543 3663 1598 3715 δὲ
1631 3663 1793 3715 πάλιν

1898 3679 1948 3723 et
1985 3667 2305 3723 deliberatio
2338 3674 2504 3734 atque
2533 3661 2804 3734 operatio,
2837 3668 2889 3714 et
2925 3659 3031 3712 alia
3067 3673 3188 3728 quas
3211 3657 3475 3712 diximus.

227 3754 649 3826 ἀνθυποφέροιεν
679 3756 949 3824 λέγοντες,
991 3756 1072 3809 ὅτι
1104 3755 1164 3809 τὸ
1194 3757 1338 3820 Θεὸς
1382 3755 1552 3826 ὄνομα
1584 3756 1646 3808 οὺ
1693 3755 1793 3823 τῆς

1896 3760 2048 3827 Quod
2077 3761 2120 3814 si
2151 3773 2342 3812 rursus
2371 3753 3009 3816 adversenturdieentes,
3035 3749 3128 3804 Dei
3149 3746 3473 3802 vocabulum

229 3846 426 3913 φύσεως
454 3849 521 3920 τῆ
531 3866 561 3911 ς
587 3849 737 3910 θείας
763 3849 880 3902 ἐστὶ
911 3849 1228 3919 δηλωτικὸν,
1250 3848 1366 3902 ἀλλ’
1393 3849 1671 3920 ἐνεργείας
1689 3849 1789 3919 (7),

1901 3861 2104 3907 naturae
2131 3851 2330 3904 divina:
2356 3847 2781 3920 signiﬁr-ativum
2817 3859 2923 3897 non
2965 3857 3108 3906 esse,
3156 3840 3250 3895 sed
3284 3853 3478 3907 opera-

229 3940 288 3992 τὰ
327 3941 382 3992 δέ
409 3941 517 3994 τῶν
555 3942 843 4014 ἐνεργειῶν
873 3940 1111 4011 ὀνόματα
1158 3939 1637 4010 συναριθμοῦνται,
1678 3937 1791 3992 οἷον

1895 3944 2097 4010 tionis;
2125 3941 2507 4011 operationum
2543 3946 2724 3991 autem
2765 3934 3030 3989 vocabula
3085 3929 3472 3987 connumerari

228 4031 440 4103 λέγομεν
471 4036 626 4106 τρεῖς
658 4035 892 4106 ῥήτορας
925 4033 1018 4088 καὶ
1049 4036 1198 4106 τρεῖς
1226 4033 1548 4103 φιλοσόφους
1577 4032 1610 4103 ἢ
1643 4035 1790 4103 τρεῖς

1898 4039 2086 4102 solere,
2106 4035 2272 4089 veluti
2309 4033 2544 4088 dicimus
2594 4038 2705 4084 tres
2744 4028 3014 4091 rhetores,
3049 4034 3105 4078 et
3142 4035 3251 4078 tres
3293 4021 3475 4091 phiqu

231 4125 490 4191 τέκτονας,
519 4127 756 4197 λέγομεν
794 4127 890 4181 καὶ
937 4126 1070 4197 πρὸς
1097 4127 1289 4192 ταῦτα,
1324 4127 1404 4179 ὃτι
1439 4127 1562 4179 τότε
1589 4126 1655 4178 τὰ
1681 4125 1790 4177 τῶν

1892 4129 2116 4199 sophos,
2141 4127 2222 4180 vel
2249 4135 2357 4178 tres
2377 4123 2740 4184 architectos;
2769 4133 2866 4172 nos
2886 4117 2971 4171 his
2997 4116 3068 4168 ita
3089 4113 3464 4167 occurrimus:

234 4219 503 4288 ἐνεργειῶν
559 4219 800 4289 ὀνόματα
843 4219 1278 4290 συναριθμεῖται,
1314 4220 1372 4270 ἐν
1428 4212 1509 4280 οἷς
1565 4215 1790 4286 γνώμης

1894 4230 2023 4275 tunc
2046 4217 2302 4296 videlicet
2325 4212 2703 4283 operationum
2741 4207 3005 4262 vocabula
3062 4201 3471 4264 connumerari,

231 4312 545 4383 παραλλαγὴ
593 4311 997 4382 παρεισδύεται,
1053 4312 1149 4366 καὶ
1199 4309 1502 4382 βουλήσεως
1534 4309 1790 4379 ἑτερότης

1896 4327 2016 4366 cum
2067 4291 2354 4364 sententia:
2413 4302 2726 4359 immutatio
2773 4299 2942 4361 subit,
2981 4304 3036 4350 et
3067 4291 3473 4349 deliberationis

232 4403 467 4470 πάρεστι,
500 4405 602 4458 καὶ
645 4404 850 4472 ἀπορία
876 4402 1118 4457 καλοῦσα
1147 4405 1284 4474 πρὸς
1318 4404 1417 4473 τὴν
1451 4401 1664 4472 χρείαν,
1694 4401 1789 4455 καὶ

1897 4404 2184 4461 diversitas
2214 4401 2387 4464 adest,
2425 4405 2479 4450 et
2503 4395 2832 4465 perplexitas
2877 4391 2942 4444 de
2969 4389 3045 4444 rei
3077 4387 3342 4457 gestione,
3372 4399 3474 4438 nec

233 4493 461 4566 ἐνέργεια
503 4495 569 4548 οὺ
604 4495 720 4564 μία,
752 4495 885 4549 ἀλλά
927 4495 1180 4564 διάφορος
1207 4493 1300 4547 καὶ
1325 4494 1749 4563 ἀποτετμημένη
1769 4509 1784 4524 °

1894 4513 2000 4553 una
2030 4492 2296 4565 operatio,
2316 4490 2408 4544 sed
2440 4489 2650 4541 diversa
2675 4494 2731 4540 et
2761 4485 3008 4552 abrupta.
3041 4481 3098 4534 ln
3138 4480 3244 4533 illis
3265 4484 3471 4540 autem,

231 4555 380 4648 oig'ﬁ‘é
431 4588 534 4658 μία
586 4555 840 4658 ἐνέργεια
887 4555 1102 4658 φυσικὴ.
1141 4587 1445 4658 ἀδιαίρετος
1501 4555 1784 4658 πάρεστιν,

1892 4604 2125 4663 quorum
2163 4600 2270 4639 una
2304 4580 2548 4652 operatio
2578 4579 2802 4649 physica
2846 4576 3076 4630 indivisa
3121 4581 3226 4634 est,
3259 4584 3469 4639 nequa-

232 4678 462 4748 οὺδαμῶς
491 4679 564 4733 τὰ
591 4679 700 4732 τῶν
738 4680 1030 4750 ἐνεργειῶν
1071 4679 1312 4750 ὀνόματα
1358 4680 1787 4750 συναριθμεῖται.

1894 4661 2052 4754 quam
2077 4679 2458 4750 operationum
2490 4675 2757 4730 vocabula
2799 4674 3292 4725 connumerantur.
3331 4661 3471 4729 Quia

241 4770 381 4824 Ἐπεὶ
411 4770 502 4826 οῦν
524 4775 558 4842 ἡ
587 4774 908 4844 ὑπερούσιος
947 4773 1137 4844 Τριάς,
1169 4774 1335 4843 ἤγουν
1373 4775 1401 4826 ὁ
1429 4772 1615 4843 Πατὴρ
1645 4775 1737 4826 καὶ
1763 4777 1792 4828 ὁ

1896 4775 2056 4843 igitur
2089 4767 2636 4840 supersubstantialis
2682 4763 2945 4824 Trinitas,
2992 4759 3045 4812 id
3092 4766 3177 4812 est
3215 4755 3377 4809 Pater
3417 4762 3473 4806 et

232 4861 347 4926 Υίδς
375 4868 466 4918 καὶ¹
493 4867 558 4920 τὸ
584 4866 807 4937 Πνεῦμα
829 4867 889 4919 τὸ
928 4867 1105 4935 ἅγιον,
1209 4866 1358 4936 παρὰ
1383 4867 1490 4921 τῶν
1528 4869 1789 4939 Χριστια-

1894 4866 2061 4920 Filius
2112 4873 2166 4918 et
2218 4862 2456 4931 Spiritus
2505 4866 2750 4919 sanctus,
2783 4870 2900 4925 quae
2927 4870 2954 4907 a
2978 4848 3306 4906 Christianis
3341 4846 3471 4901 reli—

233 4955 328 5010 νῶν
362 4960 598 5024 εὐσεϐῶς
636 4962 729 5014 καὶ
758 4960 1071 5032 ὀρθοτόμως
1128 4961 1496 5031 πιστευομένη
1551 4964 1646 5015 καὶ
1694 4961 1788 5014 λα-

1893 4959 2046 5029 giose
2073 4966 2126 5012 et
2150 4964 2296 5011 recte
2334 4953 2582 5007 creditur
2607 4961 2768 5019 atque
2792 4949 3072 5008 adoratur,
3103 4958 3270 4996 unam
3309 4939 3470 5041 habet

232 5052 540 5122 τρευομένη,
573 5054 702 5122 μιᾶς
729 5031 1008 5122 ἐνεργείας
1025 5053 1347 5106 ἀδιαστάτου
1365 5053 1532 5114 ἐστὶν,
1557 5052 1786 5122 φανερὸν

1890 5048 2303 5119 inseparabilem
2322 5044 2714 5114 operationem,
2729 5047 2941 5094 constat
2965 5035 3232 5106 profecto,
3253 5031 3466 5086 etiamsi

235 5140 331 5209 ἄρα
361 5120 463 5198 κᾶν
493 5120 734 5211 ’τὸ-Θεὸς
774 5120 944 5216 ὄνομα
995 5145 1276 5216 ἐνεργείας
1327 5147 1442 5197 ἐστὶ
1470 5120 1784 5216 δηλωτικὸν,

1895 5141 1985 5196 Dei
2019 5140 2346 5195 vocabulqu
2379 5133 2716 5205 operationis
2742 5127 3162 5200 signiticativum
3200 5125 3290 5185 sit,
3323 5120 3467 5174 haud

235 5232 400 5301 χώραν
429 5237 490 5289 τὸ
518 5237 968 5307 συναριθμεῖσθαι
1001 5237 1142 5290 κατά
1173 5237 1330 5288 τοῦτο
1366 5237 1462 5307 οὐχ
1487 5237 1629 5300 ἕξει·
1664 5237 1784 5289 ὅθεν

1888 5245 2066 5289 tamen
2101 5235 2205 5286 hac
2257 5232 2312 5284 in
2364 5246 2422 5284 re
2462 5227 2582 5281 fore
2633 5224 2928 5279 obnoxium
2966 5224 3462 5275 connumerationl.

235 5322 398 5392 πάσης
420 5325 670 5396 διαϐολῆς
711 5326 807 5380 καὶ
832 5326 1165 5397 κατηγορίας
1209 5327 1242 5398 ἠ
1270 5327 1391 5380 καθ’
1421 5327 1567 5398 ἡμᾶς
1600 5326 1781 5392 πίστις

1890 5326 2256 5394 Quamobrem
2314 5321 2586 5376 calumnia
2639 5317 2788 5374 omni
2833 5326 2886 5371 et
2942 5311 3324 5369 criminatione
3366 5322 3459 5361 ex-

231 5411 486 5483 ἁνωτέρα,
513 5417 587 5479 ὡς
619 5418 714 5471 καὶ
737 5418 1026 5471 δέδεικται.

1889 5419 2087 5476 celsior
2115 5427 2200 5472 est
2228 5416 2360 5470 lides
2390 5421 2601 5476 nostra,
2627 5410 2707 5466 uti
2733 5410 3168 5464 demonstratum
3209 5399 3331 5455 fuit.

296 5502 394 5571 κγ’.
435 5507 649 5561 Ἕνεστι
680 5509 736 5562 δὲ
768 5513 860 5562 καὶ
888 5509 1064 5572 ἄλλως
1092 5511 1226 5579 ἡμῖν
1249 5509 1316 5561 δι’
1347 5509 1776 5579 ἐπιστημονικῆς

1957 5510 2047 5563 25.
2087 5507 2386 5562 Possumus
2417 5519 2520 5558 nos
2546 5513 2600 5556 et
2625 5502 2779 5556 aliter
2809 5495 3094 5554 doctrinali
3145 5491 3459 5556 invictaque

231 5593 318 5645 καὶ
338 5595 574 5665 ἀφύκτου
605 5600 924 5672 διαιρέσεως
949 5603 1019 5656 τὰ
1064 5602 1193 5673 περὶ
1221 5601 1318 5671 τῆς
1355 5600 1638 5672 δμοουσίου
1681 5603 1777 5654 καὶ

1885 5601 2256 5662 distinctione,
2287 5597 2354 5652 de
2383 5591 2839 5650 consubstantiali
2870 5601 2924 5646 et
2953 5597 3144 5645 sancta
3168 5583 3457 5648 Trinitate,

296 5789 366 5872 (6)
385 5792 475 5872 ,οθ
506 5796 1100 5872 [beglpgicovocabnlo
1124 5764 1496 5872 περιχώρησις
1551 5799 1776 5872 copiose

1640 5799 1776 5872 )Ai‘ose
1882 5797 2095 5872 pho_rus_
2117 5812 2145 5850 a
2172 5793 2535 5872 nobis_cdit_u‘_s
2569 5792 2623 5848 in
2651 5788 2898 5846 Antirrh.
2925 5804 2965 5855 ι,
2995 5785 3088 5854 δῦ,
3121 5783 3217 5841 47.

229 5853 467 5920 Petavius
497 5864 575 5922 De
593 5853 872 5929 Τίεὶὶζιίυ.
901 5853 995 5938 IV,
1029 5853 1351 5928 retintur“
1392 5853 1573 5926 'eu'am
1617 5853 1779 5926 Μω-
1883 5853 1900 5868 ·
1954 5869 2032 5941 (7)
2064 5868 2239 5938 Supra
2263 5866 2369 5924 col.
2414 5863 2542 5920 675.
