3994 6632
517 392 624 456 699

1783 388 1834 446 Ν
1840 388 2076 448 ICET/E
2107 387 2510 449 BYZANTINI

3669 386 3783 450 Ἱθθ

522 513 778 574 tanquam
800 498 948 556 brevi
967 497 1189 562 dietato,
1207 495 1701 552 demonstrationes
1721 495 1799 551 sic
1817 497 2058 566 proferre
2079 515 2092 552 :

2209 497 2360 566 Ιιγίας
2387 495 2639 568 Τριάδος,
2668 496 2744 560 ὡς
2793 494 2852 550 ιν
2879 493 3109 566 βραχείᾳ
3159 495 3432 567 άπηχήσει
3456 535 3471 559 ,
3501 495 3599 561 τὰς
3644 459 3784 552 iit-tto-

526 596 692 660 Deus,
749 594 1018 663 siquidem
1069 600 1153 646 est
1200 605 1360 644 verus
1405 588 1547 643 Deus
1591 597 1647 644 et
1702 590 1962 655 creditur,
2019 591 2099 646 vel

523 703 691 741 unum
759 687 890 757 quid
984 693 1068 738 est
1156 692 1350 736 natura
1433 691 1599 750 atque
1674 697 1940 751 persona;
2017 684 2100 739 vel

524 791 691 831 unum
728 777 914 842 utique
978 783 1194 835 natura,
1256 772 1347 826 sed
1385 772 1535 840 plura
1594 772 1738 841 quod
1814 775 2007 828 attinet
2029 773 2095 829 ad

524 885 792 939 personas
856 886 870 922 :
920 867 1001 919 vel
1047 866 1165 919 vice
1229 880 1407 928 versa,
1455 881 1688 934 persona
1737 866 1956 934 quidem
2012 878 2097 922 est

523 977 718 1024 utmm,
767 970 961 1014 natura
1007 968 1186 1012 autem
1249 959 1401 1026 plura
1437 977 1449 1010 :
1481 957 1566 1012 vel
1623 957 1858 1027 denique
1907 970 2100 1014 natura

526 1061 687 1122 atque
738 1065 972 1120 persooa
1026 1052 1200 1118 plura.
1240 1050 1343 1104 Sed
1389 1050 1512 1103 inde
1537 1050 1720 1104 statim
1750 1051 1978 1121 emergit
2006 1053 2103 1106 ab-

524 1140 807 1196 surditas:
843 1155 1036 1207 nempe
1053 1139 1197 1207 quod
1229 1140 1327 1192 hac
1351 1140 1560 1192 ratione
1584 1155 1643 1194 se
1665 1139 1846 1202 habet,
1879 1141 2102 1212 polyar-

521 1233 740 1288 cbicum
775 1239 860 1286 est
890 1230 1336 1301 ;polyarehicum
1389 1242 1593 1298 autem,
1620 1231 1936 1286 seditiosum
1963 1249 1977 1299 ;
2006 1233 2103 1288 de-

521 1325 689 1394 nique
715 1323 1063 1388 seditiosum,
1096 1323 1447 1377 anarchicum
1471 1333 1554 1378 est
1588 1335 1641 1378 ct
1682 1324 2054 1380 inordinatum
2083 1343 2098 1380 :

522 1426 577 1469 at
610 1415 1005 1476 inordinatum.
1054 1414 1274 1468 initium
1333 1425 1416 1469 est
1442 1415 1852 1482 dissolutionis;
1881 1418 2026 1487 quod
2051 1419 2101 1474 si

524 1507 596 1562 ita
622 1517 729 1574 est,
766 1507 1119 1575 corruptibile
1139 1523 1356 1577 quoque
1384 1517 1469 1562 est
1523 1518 1576 1563 et
1605 1510 1930 1578 periturum.
1979 1509 2098 1564 Jam

523 1600 571 1654 si
625 1600 763 1653 forte
813 1599 885 1654 sit
937 1615 1166 1668 persona
1216 1616 1404 1664 unum,
1450 1609 1642 1654 natura
1683 1612 1862 1656 autem
1924 1603 2098 1672 plura,

527 1693 630 1746 hoc
661 1708 881 1761 quoque
909 1692 1205 1747 absurdum
1249 1711 1261 1747 :
1301 1707 1423 1745 nam
1448 1694 1592 1762 quod
1619 1701 1703 1747 est
1725 1694 2016 1763 ejuSmndi,
2046 1695 2097 1750 id

522 1784 884 1853 compositum
913 1791 1019 1838 est.
1049 1781 1222 1836 Omne
1259 1783 1405 1837 enim
1437 1784 1584 1852 quod
1626 1799 1692 1838 ex
1725 1785 1957 1840 diversis
2003 1804 2099 1840 na-

2203 589 2398 656 δείξεις
2423 588 2518 642 καὶ
2546 581 2647 642 ὦδε
2667 577 2958 658 ’παριστᾷν
2985 602 2998 615 ·
3049 585 3108 640 '0
3131 586 3288 651 Θεὸς,
3317 588 3480 659 εῐπερ
3502 589 3618 643 ἐστὶ
3649 590 3781 654 Θεὸς

2202 680 2458 750 ἀληθινὸς
2492 681 2589 734 καὶ
2620 678 2958 744 πιστεύεται,
2993 679 3110 750 ἤτοι
3133 674 3213 743 εἷς
3234 681 3350 732 ἐστι
3389 683 3453 750 τῇ
3493 681 3652 748 φύσει
3687 683 3787 734 καὶ⁵

2203 775 2268 844 τῇ
2301 772 2595 826 ὑποστάσει
2620 789 2635 805 ο
2677 771 2709 842 ἢ
2747 765 2826 834 εἷς
2868 771 2968 841 μὲν
2997 774 3064 843 τῇ
3107 771 3299 841 φύσει,
3351 771 3523 824 πολλά
3561 772 3618 825 δὲ
3661 775 3787 835 ταῖς

2203 864 2604 918 ὑποστάσεσινο
2635 863 2667 933 ἢ
2693 864 2754 916 τὸ
2777 864 3070 928 ἀνάπαλιν,
3105 867 3171 934 τῇ
3209 864 3309 933 μὲν
3351 864 3650 917 ὑποστάσει
3699 864 3784 926 ἓν,

2203 959 2268 1028 τῇ
2306 957 2362 1008 δὲ
2405 956 2568 1024 φύσει
2602 955 2798 1018 πολλὰ,
2831 955 2864 1025 ἢ
2902 956 2994 1008 καὶ
3034 958 3100 1026 τῇ
3134 955 3292 1022 φύσει
3327 956 3422 1008 καὶ
3441 957 3508 1024 τῇ
3545 954 3792 1008 ὑποστά-

2205 1065 2289 1101 σει
2344 1047 2546 1100 πολλάο
2602 1046 2718 1101 ἀλλ’
2743 1049 2790 1101 εί
2841 1048 2938 1118 μὲν
2971 1049 3036 1118 τῇ
3070 1046 3228 1116 φύσει
3257 1048 3352 1100 καὶ
3382 1049 3449 1117 τῇ
3487 1046 3786 1100 ὑποστάσει

2205 1138 2396 1203 πολλὰ,
2420 1138 2683 1209 πρόδηλον
2707 1139 2770 1192 τὸ
2805 1139 3004 1193 ἄτοπον
3029 1155 3044 1170 ·
3069 1139 3130 1193 τὸ
3161 1139 3257 1210 μὲν
3288 1137 3398 1208 γὰρ
3421 1135 3594 1200 οὑτως
3619 1132 3785 1204 εἶναι,

2204 1231 2512 1301 πολύαρχον
2537 1235 2654 1285 ὲστι
2674 1248 2690 1264 ο
2724 1231 2787 1284 τὸ
2824 1232 2881 1284 δὲ
2911 1231 3242 1303 πολύαρχον,
3283 1230 3578 1293 στασιῶδες
3599 1246 3615 1262 ο
3643 1230 3706 1282 τὸ
3731 1229 3788 1282 δὲ

2207 1324 2523 1386 στασιῶδες,
2557 1324 2793 1394 ἄναρχον
2816 1325 3046 1377 ἐστικαὶ
3074 1325 3338 1378 ἄτακτον·
3361 1323 3422 1376 τὸ
3441 1322 3498 1375 δὲ
3523 1323 3785 1382 ἄτακτον,

2204 1413 2347 1485 ἁρχὴ
2383 1414 2627 1477 λύσεως·
2682 1417 2730 1466 εἰ
2774 1413 2832 1467 δὲ
2875 1414 3073 1480 τοῦτο,
3131 1415 3228 1468 καὶ
3281 1413 3640 1484 φθειρόμενον
3694 1412 3791 1465 καὶ¹

2203 1505 2579 1576 ἀπολλύμενον
2605 1521 2620 1538 ⁸
2657 1507 2705 1558 εί
2735 1505 2780 1558 δ’
2811 1502 2878 1558 αὖ
2907 1509 2971 1576 τῇ
3007 1506 3301 1560 ὑποστάσει
3332 1505 3410 1570 ἒν,
3442 1507 3506 1573 τῇ
3540 1504 3596 1556 δὲ
3624 1504 3789 1572 φύσει

2204 1596 2396 1660 πολλὰ,
2427 1599 2518 1650 καὶ
2548 1596 2720 1659 οὑτως
2747 1598 2947 1650 ἄτοπον
2965 1612 2980 1625 ·
3005 1597 3099 1648 καὶ
3124 1595 3232 1666 γὰρ
3255 1594 3317 1648 τὸ
3331 1593 3595 1659 τοιοῦτον,
3620 1596 3790 1661 ἀναγ-

2205 1689 2376 1753 καίως
2412 1689 2670 1743 σύνθετόν
2701 1693 2818 1741 ἐστι
2839 1706 2851 1719 ·
2898 1689 2994 1741 καὶ
3023 1688 3133 1759 γὰρ
3163 1688 3309 1741 ἆπαν
3337 1687 3399 1740 τὺ
3428 1688 3492 1740 ὲκ
3514 1686 3791 1757 διαφόρων

2207 1784 2424 1854 φύσεων
2453 1784 2510 1836 ἓν
2563 1801 2617 1836 τι
2665 1782 3103 1854 καθιστάμενον,
3140 1783 3196 1836 ἐν
3243 1785 3310 1853 τῇ
3353 1780 3462 1834 τῶν
3514 1781 3791 1834 συνθέτων

525 1879 663 1931 turis
695 1891 865 1928 unum
893 1875 1025 1944 quid
1060 1874 1434 1939 constituit,in
1467 1889 1648 1928 rerum
1673 1877 2097 1942 compositarutn

2209 1882 2372 1954 μοίρᾳ
2404 1883 2663 1936 τέτακται
2687 1898 2700 1912 ο
2739 1881 2799 1935 τὸ
2830 1881 2888 1935 δὲ
2932 1879 3215 1944 σύνθετον,
3250 1879 3503 1932 διαλυτόν
3536 1880 3653 1930 ἐστι
3678 1891 3692 1905 ⁸
3727 1879 3790 1947 τῇ

524 1977 674 2021 sorte
726 1966 964 2034 ponitur.
1004 1963 1174 2018 Porro
1252 1965 1642 2032 compositum,
1694 1966 1927 2020 solubile
1981 1979 2098 2033 est;

523 2058 852 2112 solutionem
899 2064 1078 2110 autem
1123 2055 1474 2123 subsequitur
1531 2057 1851 2124 corruptio;
1912 2074 2103 2111 corru-

526 2148 772 2217 ptionem
799 2147 1002 2215 excipit
1029 2147 1372 2202 annihilatio.
1394 2147 1698 2201 Conﬁcitur
1724 2163 1852 2216 ergo
1882 2159 1935 2200 ut
1960 2147 2103 2202 Deus

521 2244 898 2313 corruptibilis
953 2244 1046 2304 sit,
1093 2250 1148 2296 et
1201 2241 1257 2295 in
1337 2241 1569 2295 nihilum
1625 2241 1922 2306 deciduns;
1982 2257 2104 2309 qua:

522 2353 740 2392 summa
789 2337 1100 2391 absurditas
1151 2345 1254 2390 est.
1311 2335 1368 2388 Si
1433 2333 1600 2402 igitur
1640 2334 1793 2402 plura
1834 2350 1954 2389 esse
1986 2346 2100 2388 tum

520 2443 717 2485 natura
752 2441 865 2483 tum
916 2444 1174 2498 persona.
1204 2427 1400 2482 falsum
1433 2427 1813 2493 convincitur;
1870 2429 2102 2497 pariter-

489 2555 492 2560 -
519 2538 629 2591 que
659 2538 824 2574 unum
856 2536 979 2576 esse
1009 2537 1260 2590 persona,
1288 2522 1439 2590 plura
1461 2529 1640 2574 autem
1667 2531 1883 2584 natura,
1913 2537 2104 2592 super-

522 2621 610 2665 est
657 2620 715 2665 ut
768 2613 997 2666 duarum
1057 2612 1488 2680 propositionum
1557 2612 1726 2666 altera
1814 2629 1942 2666 vera
2007 2615 2100 2667 sit.

524 2701 582 2756 Si
621 2717 752 2770 ergo
791 2717 958 2754 unum
1006 2701 1224 2769 quidem
1269 2715 1392 2755 esse
1437 2710 1660 2764 natura,
1701 2700 1856 2770 plura
1917 2710 2098 2754 autem

522 2807 779 2862 persona,
811 2806 996 2846 sermo
1020 2800 1212 2845 uoster
1234 2806 1423 2846 verum
1455 2794 1781 2860 lirmumque
1818 2793 2101 2857 ostendet;

524 2891 749 2939 constat
807 2885 1016 2952 reliqua
1055 2883 1189 2938 falsa
1238 2884 1621 2952 argni,.atque
1657 2884 1762 2937 hoc
1791 2899 1916 2938 vere
1972 2884 2100 2938 dici.

526 2970 682 3038 Quod
728 2989 895 3026 unum
926 2973 996 3026 sit
1031 2981 1250 3034 natura,
1285 2973 1531 3039 personis
1557 2982 1736 3026 autem
1766 2974 1939 3042 plura,
1977 2974 2104 3028 hinc

521 3063 581 3118 fit
614 3064 979 3132 exploratum.
1017 3064 1221 3120 Natura
1262 3065 1344 3119 vel
1375 3079 1666 3120 commune
1707 3067 1836 3134 quid
1877 3074 1981 3129 est,
2020 3066 2102 3119 vel

2203 1973 2260 2026 δὲ
2298 1971 2541 2025 διαλύσει
2585 1973 2778 2026 ἕπεται
2834 1971 3048 2043 φθορά⁶
3103 1972 3279 2042 φθορᾷ
3329 1971 3385 2023 δὲ
3433 1971 3494 2023 τὸ
3547 1969 3623 2040 μὴ
3691 1970 3790 2021 ὅν·

2209 2063 2501 2130 συνάγεται
2526 2063 2634 2133 ἄρα
2674 2063 2754 2116 ὅτι
2778 2065 2805 2116 ὁ
2843 2063 2977 2126 Θεὸς
3009 2062 3250 2132 φθαρτός
3281 2061 3524 2114 ἐστικαὶ
3582 2061 3661 2130 μὴ
3718 2059 3807 2112 ὣν.

2207 2155 2340 2228 [cod.
2377 2156 2412 2210 2
2450 2173 2610 2210 manu
2661 2156 2766 2228 6v],
2812 2157 2948 2228 ὅπερ
3019 2155 3395 2209 ἀτοπώτατον.
3441 2156 3504 2207 Et
3572 2149 3671 2206 οὖν
3734 2153 3796 2205 τὸ

2206 2247 2378 2300 πολλὰ
2409 2250 2477 2318 τῇ
2507 2247 2668 2316 φύσει
2699 2249 2795 2300 καὶ
2825 2251 2889 2316 τῇ
2915 2247 3212 2300 ὑποστάσει
3237 2245 3581 2313 ἐληλεγκται,
3613 2243 3793 2296 ὡσαύ-

2204 2355 2315 2400 τως
2369 2340 2465 2392 καὶ
2513 2340 2573 2391 τὸ
2609 2338 2667 2391 ἓν
2697 2341 2763 2409 τῇ
2820 2340 3138 2402 ὑποστάσει,
3182 2337 3354 2390 πολλὰ
3383 2337 3440 2389 δὲ
3496 2340 3562 2406 τῇ
3605 2335 3791 2404 φύσει,

2205 2429 2454 2484 λείπεται
2475 2431 2586 2484 τῶν
2626 2430 2722 2484 δύο
2748 2431 3058 2486 ὑποθέσεων
3083 2431 3183 2501 τὴν
3206 2431 3401 2501 ἑτέραν
3429 2429 3607 2498 ἀληθῆ
3629 2424 3793 2480 εἶναι.

2210 2524 2268 2575 Εἰ
2307 2519 2403 2576 οὖν
2441 2523 2595 2577 τὸὲν
2662 2523 2761 2591 μὲν
2811 2527 2878 2594 τῇ
2940 2524 3121 2594 φύσει,
3173 2523 3344 2576 πολλὰ
3393 2521 3450 2575 δὲ
3494 2521 3792 2574 ὑποστάσει

2203 2616 2370 2682 δείξει
2403 2617 2432 2669 ὁ
2459 2616 2617 2685 λόγος
2651 2617 2850 2687 ἀληθές
2879 2635 2940 2670 τε
2988 2619 3085 2670 καὶ
3141 2616 3381 2685 βέϐαιον,
3418 2614 3656 2684 φανερὸν
3713 2616 3797 2668 ὅτι

2206 2706 2302 2757 καὶ
2330 2705 2392 2757 τὸ
2425 2704 2613 2758 λοιπὸν
2657 2705 3166 2777 συναπελήλεγκται
3184 2722 3199 2736 ·
3237 2706 3334 2759 καὶ
3358 2706 3440 2758 ὅτι
3469 2705 3631 2758 τοῦτο
3659 2704 3794 2773 άλη-

2208 2795 2320 2860 θὲς,
2345 2796 2406 2848 τὸ
2429 2797 2486 2848 ἓν
2516 2796 2616 2866 μὲν
2637 2799 2704 2867 τῇ
2747 2796 2930 2866 φύσει,
2972 2800 3091 2860 ταῖς
3124 2798 3181 2851 δὲ
3215 2797 3548 2850 ὑποστάσεσι
3597 2795 3792 2858 πολλὰ,

2207 2887 2456 2941 ἐντεῦθεν
2498 2889 2700 2960 δῆλον·
2771 2891 2834 2942 Ἢ
2870 2890 3032 2958 φύσις
3089 2891 3208 2960 ἦτοι
3257 2889 3438 2943 κοινόν
3487 2907 3540 2941 τι
3600 2889 3795 2959 χρῆμά

2205 2981 2375 3043 ἐστιν,
2406 2980 2438 3050 ἢ
2468 2981 2600 3034 ἴδιον
2620 2996 2634 3011 ·
2669 2981 2783 3034 ἀλλ’
2809 2984 2857 3034 εἰ
2891 2982 2990 3050 μὲν
3017 2983 3171 3043 ἴδιον,
3219 2980 3342 3034 καθ’
3372 2980 3584 3034 ’ἐκαστά
3607 2983 3792 3034 ἐστιν’

2206 3073 2255 3124 εί
2281 3071 2335 3123 δὲ
2369 3072 2493 3124 καθ’
2541 3072 2772 3135 ἕκαστα,
2819 3076 2912 3126 καὶ
2945 3076 3183 3143 ἄτομον·
3217 3073 3516 3140 συνάγεται
3559 3073 3672 3143 ἄρα.
3713 3075 3796 3126 ὃτι

520 3155 858 3224 proprium:
913 3163 969 3209 at
1010 3155 1054 3210 si
1096 3155 1401 3225 proprium,
1454 3156 1768 3227 singillatim
1804 3168 1918 3222 est;
1956 3156 2099 3225 quod

2209 3165 2238 3232 ἡ
2265 3162 2428 3231 φύσις
2451 3165 2654 3235 άτομὸν
2691 3168 2840 3219 ἐστιν
2865 3183 2878 3198 ·
2923 3168 2972 3218 εί
2998 3167 3053 3218 δὲ
3093 3166 3272 3228 τοῦτο,
3302 3166 3401 3218 καὶ
3441 3166 3561 3228 ἑνὸς
3591 3165 3796 3237 ἀτόμου

520 3246 567 3300 si
603 3247 944 3314 singillatim,
978 3255 1198 3302 atomus
1239 3248 1488 3316 quaedam
1527 3263 1612 3302 esr
1645 3263 1658 3299 :
1693 3247 1836 3317 quod
1876 3247 1920 3300 si
1948 3248 2018 3300 ita
2047 3262 2106 3302 se

522 3338 704 3402 habet,
726 3339 806 3392 vel
825 3353 944 3392 -υιιο
974 3347 1157 3394 atomo
1173 3341 1466 3405 exstincta,
1493 3355 1712 3394 necesse
1735 3347 1820 3394 est
1852 3350 2102 3393 naturam

525 3441 751 3495 quoque
777 3427 940 3481 simul
971 3429 1267 3498 exstingui.
1303 3429 1438 3484 Nam
1489 3430 1534 3484 si
1561 3445 1774 3494 eorum,
1808 3445 1928 3498 quae
1981 3437 2106 3484 sunt

523 3518 738 3584 eadem,
763 3519 1088 3576 alterutrum
1139 3523 1456 3591 perimatur,
1491 3539 1710 3578 necesse
1759 3534 1841 3577 est
1876 3525 2104 3578 alterum

524 3625 747 3681 quoque
779 3628 880 3666 una
910 3614 1124 3682 perimi.
1165 3614 1258 3670 Sic
1279 3631 1410 3685 ergo
1442 3616 1708 3670 moriente
1735 3615 1941 3686 Moyse,
1973 3632 2107 3671 cou-

525 3702 743 3772 tigisset
798 3704 1090 3759 humanam
1134 3717 1387 3761 naturam
1431 3708 1592 3762 mori.
1628 3707 1793 3776 Atqui
1846 3707 2108 3762 moriente

525 3791 731 3863 Moyse,
787 3808 894 3848 non
949 3794 1052 3850 luit
1084 3796 1372 3852 imminuta
1419 3807 1632 3854 natura.
1693 3797 1812 3851 Non
1869 3808 2107 3867 estergo

525 3884 816 3954 singularis
837 3899 1050 3944 natura.
1102 3888 1258 3956 Quod
1313 3890 1357 3944 si
1403 3889 1696 3960 singularis
1726 3907 1831 3946 non
1879 3901 1964 3946 est
2008 3908 2108 3946 na-

525 3985 667 4043 tura,
700 3994 770 4033 ue
803 3979 1023 4050 propria
1082 3981 1303 4051 quidem
1357 3991 1460 4048 est,
1504 3982 1628 4052 quia
1666 3983 1944 4053 preprium
2005 3983 2110 4039 tale

525 4079 627 4124 est.

594 4159 687 4215 24.
719 4157 783 4215 Et
841 4161 1022 4217 aliter.
1059 4160 1114 4217 Si
1149 4172 1343 4217 natura
1374 4177 1461 4218 res
1497 4162 1714 4232 propria
1751 4173 1856 4226 est,
1887 4172 2106 4233 oportet

526 4267 650 4306 eam
704 4253 772 4307 de
837 4269 949 4309 uno
991 4255 1372 4309 tantummodo
1431 4256 1715 4325 praedicari
1773 4275 1787 4312 :
1846 4259 1994 4327 atqui
2040 4259 2107 4314 de

525 4344 780 4414 pluribus
814 4346 1165 4415 prtedicatur,
1198 4347 1364 4402 veluti
1415 4348 1620 4402 animal
1668 4349 1930 4402 rationale
1963 4363 2108 4404 mor-

528 4437 655 4500 tale,
681 4438 748 4493 de
779 4437 960 4502 Petro,
989 4439 1056 4492 de
1093 4439 1280 4504 Paulo,
1306 4443 1369 4493 de
1398 4439 1630 4503 Thoma,
1655 4451 1708 4494 et
1765 4442 1832 4495 de
1865 4441 2106 4496 homini-

2209 3256 2616 3327 ἀναιρεθέντος,
2648 3259 2863 3329 ἀνάγκη
2896 3259 2990 3312 καὶ
3008 3259 3104 3328 τὴν
3133 3257 3298 3328 φύσιν
3325 3258 3794 3329 συναναιρεῖσθαιο

2209 3347 2318 3400 τῶν
2345 3348 2454 3418 γὰρ
2479 3351 2696 3404 ταυτῶν
2725 3351 2821 3404 ἐὰν
2864 3351 3092 3422 θάτερον
3127 3350 3416 3419 ἀναιρεθῇ,
3451 3351 3672 3420 ἀνάγκη
3705 3351 3797 3402 καὶ

2209 3439 2437 3511 θάτερον
2483 3443 2957 3513 συναναιρεῖσθαιο
3006 3441 3204 3496 οὑκούν
3251 3443 3534 3506 Μωῦσέως
3578 3444 3800 3510 ἀναιρε-

2209 3530 2416 3596 θέντος,
2477 3533 2770 3603 συμὸαίνει
2820 3537 2920 3604 τὴν
2957 3533 3312 3603 ἀνθρωπίνην
3355 3533 3519 3600 φύσιν
3553 3533 3796 3603 άναιρεῖυ

2209 3620 2372 3673 σθαι*
2413 3621 2550 3674 ἀλλὰ
2601 3622 2708 3692 μὴν
2758 3623 3038 3687 Μωῦσέως
3091 3623 3493 3694 ἀναιρεθέντος,
3529 3625 3564 3694 ὴ
3634 3623 3796 3692 φύσις

2210 3712 2484 3781 ἀμείωτός
2519 3715 2668 3766 ἐστιν
2690 3731 2703 3744 ’
2736 3715 2838 3768 οὑκ
2867 3716 2976 3785 ἄρα
3015 3713 3125 3767 τῶν
3174 3714 3297 3767 καθ’
3322 3714 3533 3768 ἕκαστά
3569 3715 3724 3768 ἐστιν
3759 3717 3790 3784 ὴ

2210 3803 2406 3872 φύσιςο
2444 3804 2572 3858 εἰδὲ
2607 3806 2682 3875 μὴ
2727 3805 2837 3859 τῶν
2875 3805 3209 3871 καθέκαστα,
3245 3806 3363 3859 οὑδὲ
3415 3806 3568 3872 ἴδιον,
3613 3806 3703 3860 διὰ
3737 3806 3795 3858 τὸ

2211 3896 2342 3950 ἴδιον
2374 3897 2614 3951 τοιοῦτον
2643 3894 2804 3953 εἶναι.

2284 4172 2378 4230 ιδ’.
2413 4175 2523 4228 Καὶ
2551 4173 2726 4236 ἄλλως
2749 4189 2764 4204 ⁶
2803 4173 2864 4226 Εἰ
2895 4171 2989 4225 οὑν
3015 4173 3048 4242 ἡ
3073 4169 3237 4238 φύσις
3266 4169 3397 4224 ἴδιόν
3425 4171 3545 4222 ἐστι
3579 4169 3792 4241 χρῆμα,

2207 4270 2433 4338 ἀνάγκη.
2466 4267 2588 4320 καθ’
2620 4266 2740 4329 ἐνὸς
2775 4266 2941 4334 μόνου
2986 4263 3412 4333 κατηγορεῖσθαι
3435 4278 3449 4292 ·
3499 4261 3640 4315 ἀλλὰ
3691 4262 3795 4332 μὴν

2209 4363 2352 4416 κατὰ
2398 4361 2663 4413 πλειόνων
2697 4360 3110 4429 κατηγορεῖται,
3151 4357 3226 4420 ὼς
3283 4357 3344 4410 τὸ
3376 4357 3518 4420 ζῶον
3574 4357 3795 4424 λογικὸν

2209 4453 2422 4521 θνητὸν,
2461 4450 2601 4502 κατὰ
2635 4450 2846 4520 Πέτρου
2880 4448 2976 4502 καὶ
3006 4447 3218 4500 Παύλου
3251 4447 3346 4500 καὶ⁵
3375 4446 3550 4516 Θωμᾶ
3577 4448 3674 4500 καὶ
3704 4445 3794 4499 τοῦ

530 4527 635 4583 bus
659 4529 892 4600 singulis
921 4546 932 4580 :
965 4546 1072 4584 non
1100 4541 1183 4585 est
1205 4547 1336 4600 ergo
1367 4533 1584 4600 propria
1616 4549 1701 4587 res
1730 4533 1906 4601 :quod
1930 4534 1974 4588 si
1997 4548 2103 4587 non

2211 4545 2331 4599 καθ’
2371 4544 2602 4596 ’ἑκαστον
2653 4541 2975 4612 ἀνθρώπου·
3021 4540 3123 4593 οὑκ
3161 4541 3268 4610 ἄρα
3309 4539 3440 4593 ἴδιόν
3502 4557 3557 4592 τι
3603 4538 3796 4609 χρῆμά

531 4622 776 4690 propria.
813 4639 940 4688 ergo
973 4624 1308 4678 communis.
1338 4623 1467 4677 Item
1517 4626 1691 4678 aliter.
1729 4625 1786 4678 Si
1830 4640 1958 4694 ergo
2007 4642 2105 4678 na-

535 4721 659 4766 tura
692 4729 776 4768 rrs
808 4716 1028 4783 prepria
1058 4725 1141 4769 est
1171 4733 1185 4781 ;
1216 4726 1270 4769 et
1299 4731 1528 4785 persona
1573 4716 1776 4784 pariter
1830 4717 2104 4785 proprium

527 4808 662 4878 quid
689 4817 805 4873 est;
841 4808 1003 4863 habet
1043 4817 1226 4863 autem
1261 4818 1454 4863 natura
1487 4823 1773 4877 personas,
1799 4808 1864 4862 de
1907 4807 2106 4876 quibus

527 4900 954 4970 pronuntiatur;
1021 4902 1392 4969 comperietur
1461 4902 1650 4971 utique
1727 4900 1808 4954 rei
1875 4899 2108 4968 propria:

523 5005 646 5047 esse
681 4991 811 5062 quid
837 4993 1156 5062 proprium;
1189 4995 1334 5063 quod
1383 5009 1577 5062 reapse
1627 4991 1860 5046 inveniri
1896 4991 2104 5060 nequit.

523 5083 643 5138 Non
674 5092 760 5139 est
785 5100 916 5155 ergo
949 5085 1080 5155 quid
1116 5086 1440 5156 proprium;
1484 5085 1629 5154 quod
1667 5085 1711 5139 si
1765 5097 2106 5159 nequaquam

525 5176 828 5245 proprium,
849 5194 1139 5234 commune
1155 5190 1261 5235 est.
1282 5181 1474 5235 Adhuc
1489 5180 1665 5232 aliter.
1694 5178 1748 5230 Si
1767 5177 1935 5245 igitur
1958 5192 2110 5231 com-

526 5281 694 5321 mune
729 5267 858 5337 quid
876 5278 962 5324 est
988 5279 1040 5324 et
1064 5270 1392 5335 universale,
1424 5271 1569 5340 quod
1593 5270 1659 5323 de
1691 5268 1940 5337 pluribus
1971 5283 2109 5337 ριν»-

528 5357 778 5425 dicatur;
807 5368 1000 5414 natura
1028 5371 1210 5416 autem
1229 5363 1302 5416 ita
1327 5378 1386 5418 se
1417 5363 1620 5428 habet;
1651 5362 1902 5431 sequitur
1927 5370 1985 5414 ut
2013 5377 2110 5414 na-

533 5457 652 5503 tura
693 5463 983 5505 eommune
1014 5452 1218 5520 aliquid
1250 5455 1322 5506 sit
1353 5460 1405 5506 et
1437 5453 1765 5507 universale.
1799 5452 1934 5518 Quia
1980 5467 2110 5520 ergo

531 5543 1075 5611 supersuhstantialis
1114 5554 1168 5598 et
1216 5546 1474 5611 inet-cata,
1505 5555 1558 5598 et
1602 5563 1706 5600 non
1775 5545 1912 5600 facta
1979 5545 2111 5600 sub-

533 5634 736 5686 stantia
777 5643 862 5688 est
900 5634 1085 5688 divina
1141 5645 1355 5696 natura,
1401 5646 1625 5704 apparet
1671 5637 1842 5706 ipsam
1893 5653 2112 5707 quoque

538 5739 661 5782 esse
679 5741 972 5781 commune
1001 5728 1207 5797 aliquid
1238 5739 1292 5782 et
1317 5729 1662 5795 universale;
1705 5733 1961 5799 quoniam
1995 5733 2108 5800 jam

539 5817 882 5874 ostendimus
933 5827 1184 5874 naturam
1239 5835 1360 5876 esse
1424 5835 1712 5877 commune
1784 5821 1987 5892 aliquid
2059 5832 2113 5879 et

2210 4636 2357 4686 ἐστιν
2378 4649 2390 4661 ·
2421 4635 2469 4684 εί
2493 4631 2550 4684 δὲ
2576 4630 2649 4701 μὴ
2678 4631 2827 4691 ἴδιον,
2863 4631 3041 4683 κοινόν
3082 4632 3250 4684 ἐστιν.
3303 4629 3412 4682 Καὶ
3463 4627 3642 4689 ἄλλως
3674 4643 3688 4658 ο
3737 4628 3795 4679 Εἰ

2208 4720 2302 4778 οὖν
2333 4725 2498 4792 φύσις
2535 4724 2724 4792 χρῆμα
2754 4722 2882 4775 ἴδιόν
2911 4723 3084 4788 ἐστιν,
3115 4721 3231 4774 ἔστι
3269 4721 3325 4774 δὲ
3359 4721 3455 4774 καὶ⁷
3487 4723 3520 4788 ἡ
3557 4719 3794 4772 ὑπόστα-

2211 4831 2293 4876 σις
2331 4813 2459 4866 ἴδιόν
2488 4831 2540 4865 τι
2571 4816 2782 4883 χρῆμα,
2810 4814 2923 4881 ἔχει
2952 4812 3009 4864 δὲ
3035 4815 3066 4881 ἡ
3099 4810 3264 4880 φύσις
3286 4811 3643 4872 ὑποστάσεις,
3672 4809 3792 4861 καθ’

2210 4897 2286 4956 ὧν
2323 4901 2559 4969 λέγεται,
2613 4903 2971 4971 εὑρεθήσεται
3005 4902 3114 4971 ἄρα
3165 4900 3260 4952 τοῦ
3321 4899 3454 4951 ίδίου
3509 4900 3792 4969 χρήματος

2213 4995 2343 5048 ἴδιόν
2365 5012 2417 5046 τι
2449 4990 2612 5058 εἶναι,
2636 4995 2772 5063 ὅπερ
2795 4995 2894 5064 οὑχ
2921 4992 3148 5062 εὓρηται
3168 5008 3179 5021 ·
3209 4991 3310 5044 οὑκ
3334 4991 3442 5060 ἄρα
3468 4990 3598 5042 ἴδιόν
3623 4992 3789 5042 ἐστιν’

2209 5089 2258 5140 εἰ
2303 5088 2358 5140 δὲ
2392 5087 2466 5157 μὴ
2508 5086 2637 5140 ἴδιόν
2676 5089 2844 5149 ἐστιν,
2881 5085 3056 5138 κοινόν
3105 5087 3271 5137 ἐστιν.
3320 5083 3428 5136 Καὶ
3469 5082 3647 5144 ἄλλως
3673 5096 3688 5110 ⁶
3732 5080 3790 5134 Et

2210 5176 2302 5232 οὖν
2347 5179 2523 5231 κοινόν
2573 5182 2686 5232 ἐστι
2731 5180 2826 5231 καὶ
2873 5176 3163 5230 καθολικόν
3216 5193 3270 5227 τι
3299 5175 3491 5244 χρῆμα
3540 5173 3600 5226 τὸ
3649 5170 3787 5226 κατά

2212 5272 2474 5324 πλειόνων
2509 5269 2956 5340 κατηγορεῖσθαι,
2994 5270 3027 5338 ἡ
3071 5269 3128 5320 δὲ
3182 5267 3344 5336 φύσις
3375 5265 3536 5318 τοῦτο
3587 5265 3722 5335 ἔχει,
3754 5266 3784 5334 ἡ

2214 5370 2374 5435 φύσις
2404 5365 2512 5434 ἄρα
2566 5363 2744 5416 κοινόν
2787 5379 2841 5414 τι
2884 5362 2978 5415 καὶ
3029 5360 3316 5414 καθολικόν
3358 5360 3474 5411 ἐστι
3533 5359 3786 5428 πρᾶγμα.

2227 5459 2376 5511 Ἐπεὶ
2411 5457 2504 5510 οὑν
2540 5459 2572 5526 ἡ
2609 5454 2932 5524 ὑπερούσιος
2974 5455 3066 5506 καὶ
3113 5453 3366 5514 ἄκτιστος
3409 5451 3504 5502 καὶ
3527 5449 3791 5518 ἀγένητος

2215 5545 2371 5599 οὑσία
2398 5545 2560 5612 φύσις
2593 5561 2676 5606 τις
2711 5542 2831 5594 θεία
2855 5543 3025 5605 ἐστὶν,
3047 5540 3204 5608 δῆλον
3229 5541 3312 5593 ὅτι
3343 5539 3434 5592 καὶ
3451 5539 3591 5608 αὑτὴ
3617 5539 3789 5592 κοινόν

2214 5655 2265 5690 τι
2304 5638 2396 5688 καὶ
2430 5635 2717 5687 καθολιγόν
2747 5636 2862 5686 ἐστι
2895 5634 3146 5702 πρᾶγμα,
3175 5631 3266 5683 διὰ
3293 5631 3351 5684 τὸ
3383 5630 3652 5699 δεδεῖχθαι
3693 5628 3787 5692 τὴν

2217 5726 2380 5795 φύσιν
2413 5727 2588 5778 κοινόν
2619 5743 2671 5777 τι
2695 5726 2790 5777 καὶ
2834 5721 3120 5776 καθολικὺν
3153 5717 3291 5775 εἶναι
3323 5721 3576 5793 πρᾶγμα.
3608 5721 3669 5773 Εἰ
3699 5713 3788 5770 οὖν

2213 5821 2248 5890 ἡ
2280 5818 2398 5873 θεία
2439 5817 2533 5872 καὶ
2566 5816 2816 5889 μακαρία
2851 5816 3014 5884 φύσις
3071 5813 3248 5868 κοινόν
3296 5830 3348 5868 τι
3378 5814 3472 5867 καὶ
3504 5808 3787 5867 καθολικόν
