3994 6616
272 393 372 460 τοι

1394 401 1826 465 REFUTATIO
1864 402 2346 466 MAHOMEDIS.

3402 436 3411 444 ο
3443 408 3553 472 702

270 510 393 562 ἐστι
419 509 676 580 πρᾶγμα.
719 507 796 573 ὡς
829 511 924 564 καὶ
953 513 1091 584 αὑτὴ
1141 513 1302 581 φύσις
1357 532 1440 580 τις
1493 517 1649 582 οὖσα,
1704 517 1765 569 τὸ
1797 515 1852 568 δὲ

1986 515 2286 574 iniversale.
2311 521 2498 590 Itaque
2516 520 2561 575 si
2575 519 2758 574 divina
2775 519 3042 589 beataque
3053 528 3246 574 natura
3264 534 3558 578 commune

273 601 458 654 κοινόν
488 617 543 654 τι
573 603 786 672 χρῆμα,
818 603 916 673 οὑχ
957 605 1074 668 ἑνός
1103 608 1218 658 ὲστι
1251 608 1450 669 κοινὸν,
1491 607 1682 677 ὥσπερ
1710 609 1744 676 ἡ
1763 605 1860 659 τοῦ

272 693 516 760 ἀγγέλου
548 694 644 746 καὶ
690 694 982 766 ἀνθρώπου
1024 698 1207 766 φύσις,
1257 699 1355 769 οὑχ
1387 702 1505 763 ὲνὸς
1539 701 1685 752 ἐστιν
1724 700 1860 753 ἀλλὰ

278 787 546 842 πλειόνων
565 803 580 818 ⁸
605 787 869 852 ὡσαύτως
897 789 954 842 δὲ
1003 791 1100 844 καὶ
1127 792 1186 844 τὺ
1213 793 1506 846 καθολικδν
1540 795 1774 864 πρᾶγμα
1801 793 1862 846 τὸ

277 881 424 934 κατὰ
442 881 709 934 πλειόνων
732 881 1046 950 λεγόμενον,
1067 883 1142 946 ὡς
1164 885 1221 936 αἱ
1244 885 1461 953 λογικαὶ
1482 887 1699 956 διαγορε
1709 885 1860 938 ύουσι

281 977 528 1046 μέθοδοι,
561 977 798 1048 φανερὸν
830 977 940 1048 ἄρα
969 977 1053 1031 ὅτι
1094 980 1188 1032 καὶ
1221 978 1342 1032 θεία
1393 981 1554 1047 φύσις
1599 979 1864 1032 πλειόνων

277 1070 435 1123 ἐστίν
463 1085 477 1097 ·
514 1069 673 1140 εἴπερ
708 1071 884 1123 κοινόν
913 1087 965 1123 τι.
991 1072 1086 1124 καὶ
1119 1071 1407 1126 καθολικὺν
1435 1072 1671 1142 πρᾶγμά
1703 1074 1820 1126 ἐστι
1845 1088 1860 1104 ⁶

275 1161 438 1215 τοῦτο
473 1161 578 1232 γὰρ
607 1161 976 1233 ὡμολόγηται.

349 1255 448 1311 κε’.
493 1257 556 1310 EE
581 1253 675 1311 οὖν
700 1259 733 1328 ἠ
761 1257 881 1310 θεία
909 1258 1070 1327 φύσις
1099 1258 1362 1312 πλειόνων
1385 1259 1552 1324 ἐστὶν,
1580 1259 1657 1321 ὡς
1686 1260 1865 1313 κοινόν

276 1365 331 1400 τι
363 1349 460 1402 καὶ
491 1348 782 1403 καθολικὸν
810 1352 1066 1422 πρᾶγμα.
1091 1351 1298 1422 ἑκάστη
1338 1351 1396 1405 δὲ
1430 1351 1590 1422 φύσις
1624 1353 1776 1422 κοινή
1806 1369 1866 1406 τε

279 1440 376 1494 καὶ
393 1440 654 1514 καθολικὴ
683 1441 838 1507 οὖσα,
861 1446 960 1497 οὑκ
982 1443 1142 1497 ἄλλον
1164 1444 1307 1508 τινός
1336 1447 1451 1498 ἐστι
1476 1444 1652 1516 κοινὴ,
1687 1445 1802 1498 ἀλλ’
1832 1446 1864 1516 ἢ

279 1533 393 1585 τῶν
422 1535 480 1586 ὲν
505 1527 585 1597 οἷς
615 1533 902 1606 θεωρεῖται
928 1537 1023 1589 καὶ
1056 1529 1132 1590 ὧν
1165 1539 1574 1608 κατηγορεῖται,
1603 1536 1778 1592 ταῦτα
1809 1538 1867 1591 δὲ

283 1626 355 1678 ἂν
390 1621 502 1679 εἶεν
529 1628 584 1680 αἱ
612 1629 810 1681 οἰκεῖαι
848 1629 1197 1694 ὑποστάσεις,
1249 1632 1540 1697 συνάγεται
1575 1629 1685 1701 ἄρα
1717 1631 1798 1683 ὅτι
1833 1632 1866 1702 ἡ

279 1717 407 1770 θεία
435 1717 597 1786 φύσις
646 1719 799 1790 κοινὴ
843 1715 1010 1780 οὖσα.
1048 1721 1312 1774 πλειόνων
1347 1722 1699 1775 ὑποστάσεων
1739 1740 1870 1775 κατι

277 1815 590 1882 ηγορεῖται,
622 1811 718 1864 κοιλ⁵
740 1813 796 1864 ἐν
827 1811 1040 1865 πλείοσι
1071 1814 1374 1883 θεωρεῖται·
1407 1815 1544 1884 ὅπερ
1567 1814 1714 1866 ἐστὶν
1740 1813 1872 1884 ἀλη-

282 1902 453 1966 θινὸν,
486 1905 578 1956 καὶ
605 1905 727 1966 ταῖς
771 1903 1074 1972 Γραφικαῖς
1108 1905 1338 1968 ἐννοίαις
1380 1906 1626 1976 συνᾷδον.
1686 1906 1748 1958 Ei
1774 1902 1866 1960 οὖν
1912 1885 1952 1939 Β

280 1992 342 2045 ’ἐν
377 1994 476 2064 μὲν
492 1997 554 2066 τῇ
580 1994 761 2064 φύσει,
790 1995 960 2049 πολλὰ
987 1996 1043 2049 δὲ
1065 1998 1183 2060 ταῖς
1215 1997 1493 2068 ἰδιότησιν,
1523 1996 1609 2069 ἦτ’
1640 1993 1733 2051 οὖν
1754 2001 1876 2062 ταῖς

284 2087 673 2150 ὑποστάσεσιν,
710 2092 738 2142 ὁ
773 2089 932 2158 λόγος
962 2089 1163 2154 ἔδειξεν
1211 2091 1431 2159 ἀληθὲς,
1485 2089 1718 2158 φανερὸν
1766 2091 1874 2159 ἄρα

280 2183 365 2235 ὃτι
401 2182 541 2236 τὸὲν
572 2185 670 2252 μὲν
699 2185 762 2254 τῇ
790 2183 951 2253 φύσει
998 2185 1092 2236 καὶ
1127 2186 1192 2253 τῇ
1227 2184 1526 2236 ὑποστάσει
1568 2181 1876 2251 ἀπελήλεγ-

281 2291 442 2329 κται’
481 2279 527 2330 εί
562 2278 618 2330 δὲ
652 2279 684 2348 ἡ
715 2277 833 2330 θεία
881 2278 974 2331 καὶ
1013 2277 1259 2348 μακαρία
1301 2276 1462 2346 φύσις
1500 2279 1566 2346 τῇ
1599 2275 1761 2344 φύσει
1793 2275 1871 2338 ἓν,

283 2368 460 2422 πολλὰ
489 2367 546 2421 δὲ
575 2371 696 2433 ταῖς
727 2370 1090 2423 ὑποστάσεσιν
1118 2371 1175 2421 ἐν
1206 2363 1292 2431 αἷς
1327 2369 1609 2438 θεωρεῖται
1655 2367 1730 2430 ὠς
1764 2384 1877 2421 κοι-

281 2463 381 2516 νόν
403 2479 452 2514 τι
481 2461 572 2514 καὶ
597 2461 886 2514 καθολικὺν
918 2462 1150 2532 πρᾶγμα
1171 2456 1324 2524 οὖσα,
1348 2459 1798 2530 ὑπεραναϐἑϐηκε
1821 2458 1877 2512 δὲ

283 2554 472 2623 πάσης
496 2554 722 2623 κτιστῆς
751 2555 986 2622 φύσεως,
1017 2554 1111 2606 καὶ
1142 2553 1343 2623 μᾶλλον
1375 2553 1452 2622 τῷ
1484 2553 1562 2605 ὲν).
1600 2569 1880 2622 χαρακτη-

285 2647 576 2719 ριζομένη,
629 2649 774 2721 ἥπερ
817 2649 874 2701 ὲν
922 2651 1034 2711 τοῖς
1067 2647 1309 2700 πλείοσιν
1331 2660 1345 2675 ⁸
1382 2646 1477 2700 καὶ
1507 2645 1614 2716 γὰρ
1649 2642 1880 2717 βραχεῖά

284 2758 411 2805 πως
438 2741 533 2796 καὶ
561 2741 780 2814 ἀμυδρὰ
804 2744 859 2793 ὲν
889 2741 965 2810 τῷ
995 2740 1114 2810 Θεῷ
1149 2740 1412 2811 διαφορά·
1444 2737 1502 2790 ἓν
1527 2738 1583 2790 δὲ
1608 2738 1701 2791 καὶ
1741 2754 1873 2789 ταυ-

283 2832 477 2903 τότης,
500 2832 644 2887 κατὰ
669 2832 846 2886 πάντα
875 2832 1332 2902 ἀπαραλλάκτως,
1357 2831 1496 2900 πλὴν
1526 2829 1617 2883 τοῦ
1651 2831 1882 2898 ἀγεννή-

286 2939 389 2975 του
441 2925 538 2976 καὶ
588 2926 852 2995 γεννητοῦ
892 2925 987 2977 καὶ
1019 2923 1111 2976 τοῦ
1140 2922 1509 2994 ὲκπορευτοῦο
1547 2924 1604 2975 ἐν
1662 2921 1718 2973 δὲ
1767 2925 1880 2985 τοῖς

289 3016 588 3086 κτίσμασιν
611 3016 881 3070 ἀνάπαλιν
907 3016 1076 3086 πολλὴ
1113 3016 1208 3085 μὲν
1235 3014 1511 3084 ἑτερότης,
1535 3013 1797 3082 ταυτότης
1822 3013 1880 3066 δὲ

286 3107 472 3175 ὀλίγη·
501 3105 736 3176 φανερὸν
761 3106 841 3158 ὃτι
864 3105 960 3157 καὶ
990 3105 1045 3159 αί
1073 3105 1318 3166 πλείονες
1349 3104 1678 3164 ὑποστάσεις
1708 3103 1766 3153 ἐν
1792 3098 1881 3161 αἷς

288 3201 325 3270 ἡ
357 3199 458 3268 μία
490 3199 586 3250 καὶ
613 3197 1034 3269 ἀπαράλλακτος
1067 3196 1229 3266 φύσις
1257 3195 1578 3266 θεωρεῖται,
1613 3196 1714 3246 οὐκ
1745 3195 1882 3246 εἰσιν

290 3292 526 3360 ἄπειρον
575 3289 817 3360 πλῆθος·
878 3291 939 3344 οὑ
989 3292 1096 3362 γάρ
1155 3291 1274 3341 ἐστι
1325 3288 1571 3358 συμφυὲς
1611 3287 1688 3357 τῷ
1718 3286 1799 3339 ἑνὶ
1824 3287 1886 3339 τὸ

289 3385 545 3453 ἄπειρον,
585 3383 700 3437 ἀλλ’
758 3384 1067 3454 ἀλλότριον·
1104 3383 1213 3436 οὐδ’
1266 3383 1452 3445 ἁπλῶς
1483 3381 1885 3452 ὲξαπλούμεναι

292 3476 562 3529 ἐπέκεινα
590 3476 686 3530 τοῦ
729 3480 879 3548 τρεῖς
912 3476 1147 3548 ἀριθμοῦ
1173 3493 1188 3507 ο
1224 3476 1318 3528 τοῦ
1349 3475 1457 3546 γὰρ
1489 3473 1730 3545 πλήθους
1763 3473 1885 3526 καθ’

292 3567 433 3620 αὑτὸ
492 3567 587 3620 τοῦ
642 3567 757 3630 ἑνὸς
811 3569 1207 3638 ἀφεστηκότος,
1242 3566 1399 3637 δῆλον
1455 3565 1630 3619 ὅτιτὸ
1660 3565 1886 3634 ἄπειρον

295 3658 507 3728 πλῆθος
537 3659 816 3722 παντελῶς
867 3659 1150 3728 ἀλλότριον
1183 3661 1280 3713 καὶ
1334 3657 1592 3721 ἀπεοικὸς
1639 3658 1884 3710 ἐκείνοιν

293 3752 400 3806 και
427 3751 537 3821 γὰρ
559 3753 607 3804 εί
631 3751 772 3822 ἁρχὴ
800 3751 1002 3822 πλῆθος
1020 3748 1108 3822 ἦν,
1130 3751 1236 3803 ἔδει
1258 3752 1318 3804 τὺ
1341 3752 1440 3820 τῆς
1463 3750 1636 3820 αὐτῆς
1665 3751 1888 3816 ἀμέσως

304 3845 537 3914 μετέχον
571 3843 770 3912 μᾶλλον
803 3838 940 3897 εἶναι
977 3844 1182 3913 πλῆθος
1221 3843 1315 3896 τοῦ
1349 3843 1698 3914 πορῤωτέρου
1722 3857 1736 3872 ο
1765 3841 1889 3893 ἐπεὶ

300 3939 366 3989 δὲ
387 3937 446 3988 τὸ
475 3935 533 3988 ἒν
582 3937 684 4005 τῆς
726 3936 876 4000 θείας
931 3935 1148 4007 φύσεώς
1197 3938 1344 3988 ἐστιν
1390 3936 1553 4005 ἀρχὴ,
1591 3935 1805 4003 ἀνάγκη
1829 3933 1890 3987 τὺ

301 4025 502 4096 ἐκείνῳ
530 4025 765 4094 συναφὲς
803 4026 910 4079 τῶν
945 4027 1102 4079 θείων
1139 4026 1490 4079 ὑποστάσεων
1512 4024 1738 4094 πλῆθος,
1766 4025 1890 4077 ἐλά-

299 4135 494 4188 χιστον
536 4119 817 4184 παντελῶς
852 4120 946 4172 καὶ
977 4121 1306 4190 πορρωτέρω
1345 4117 1585 4186 πληθύος
1605 4133 1619 4148 ·
1647 4117 1803 4170 τοῦτο
1832 4117 1889 4170 δέ

298 4213 458 4264 ἐστιν
489 4213 522 4283 ἡ
551 4212 708 4283 τριάς
733 4229 748 4243 ⁶
777 4212 900 4266 οὔτε
939 4213 1047 4284 γὰρ
1073 4217 1103 4282 ἡ
1131 4213 1280 4276 δυὰς,
1310 4212 1398 4264 διὰ
1431 4213 1490 4263 τὸ
1518 4212 1592 4283 μὴ
1626 4207 1764 4264 εἷναι
1787 4213 1887 4280 (8)°

298 4304 430 4358 εὖτε
459 4306 569 4376 γὰρ
595 4305 720 4360 ἄλλο
741 4323 814 4371 τι,
842 4305 929 4358 διὰ
951 4305 1010 4358 τὸ
1041 4305 1115 4375 μὴ
1147 4304 1395 4375 πρώτως·
1431 4305 1664 4374 φανερὸν
1697 4304 1804 4376 ἄρα
1825 4305 1890 4357 ὲκ

299 4399 514 4451 τούτων
550 4399 631 4451 ὅτι
665 4401 692 4452 ὁ
717 4399 848 4462 Θεὸς
902 4401 966 4469 τῇ
1006 4399 1103 4469 μὲν
1132 4398 1290 4464 φύσει
1325 4392 1404 4460 εἷς
1448 4397 1544 4462 ὢν,
1577 4398 1725 4468 τρισὶ
1768 4399 1888 4462 ταῖς

1910 3159 1956 3220 C

1967 611 2103 681 quid
2125 622 2179 666 et
2213 613 2522 667 universale
2548 622 2651 678 est,
2680 623 2954 683 quatenus
2977 622 3029 666 et
3063 612 3179 682 ipsa
3208 622 3403 667 natura
3432 624 3552 682 est;

1967 721 2056 760 res
2099 715 2280 761 autem
2311 706 2644 770 communis,
2676 721 2782 760 non
2821 705 2913 760 uni
2946 715 3028 760 est
3053 706 3383 769 communis,
3412 707 3556 762 sicut.

1969 797 2146 867 angeli
2179 789 2525 867 hominisque
2559 807 2774 864 natura,
2812 813 2920 851 non
2954 806 3037 852 est
3070 797 3256 858 unius,
3288 796 3383 850 sed
3435 797 3557 864 plu-

1969 895 2150 962 rium;
2178 908 2334 962 aeque
2352 910 2417 948 ac
2434 895 2765 950 universalis
2791 909 2880 949 res
2898 895 2964 948 de
2980 894 3229 963 pluribus
3250 893 3472 960 dicitur,
3499 903 3560 949 ut

1970 990 2157 1058 logica
2180 989 2381 1060 regula:
2402 988 2662 1054 tradunt;
2697 996 2846 1058 patet
2870 987 3054 1056 utique
3075 987 3314 1043 divinam
3341 1001 3561 1057 quoque

1971 1094 2222 1138 naturam
2267 1083 2508 1153 plurium
2549 1097 2690 1144 esse,
2749 1081 3194 1150 quandoquidem
3252 1081 3563 1136 communis

1973 1176 2413 1244 universalisque
2437 1190 2521 1229 res
2547 1184 2652 1228 est.
2685 1172 2799 1226 Hoc
2826 1172 2972 1226 enim
3014 1181 3099 1227 est
3135 1174 3185 1226 in
3227 1175 3500 1229 confesso.

2013 1267 2134 1324 :25.
2170 1267 2440 1334 Quoniam
2487 1267 2675 1335 itaque
2707 1265 2889 1318 divina
2934 1275 3130 1318 natura
3167 1265 3407 1335 plurium
3445 1271 3556 1330 est,

1973 1369 2161 1432 utpote
2193 1375 2316 1430 qua?
2346 1358 2658 1414 communis
2686 1357 3121 1426 universalisqne
3151 1373 3238 1411 res
3267 1367 3382 1422 est;
3420 1373 3564 1412 una-

1974 1469 2201 1524 quaique
2242 1465 2422 1508 autent
2480 1461 2671 1506 natura
2717 1461 2905 1521 utpote
2963 1450 3275 1506 communis
3333 1459 3386 1505 et
3438 1451 3564 1504 uni-

1973 1547 2226 1608 versalis,
2255 1546 2398 1599 haud
2439 1545 2530 1597 alii
2588 1545 2844 1613 cuiquam
2904 1543 3216 1597 communis
3271 1554 3354 1596 εει
3397 1557 3562 1609 quam

1987 1639 2100 1694 illis
2125 1639 2179 1692 in
2219 1638 2418 1708 quibus
2449 1649 2752 1706 spectatur,
2792 1637 2843 1690 id
2883 1644 2988 1702 est,
3013 1637 3251 1705 propriis
3283 1636 3564 1705 personis;

1977 1731 2338 1799 consequitur
2384 1739 2442 1784 ut
2475 1731 2658 1784 divina
2699 1739 2891 1783 natura
2922 1745 3045 1798 quae
3091 1728 3402 1783 communis
3457 1738 3563 1790 est,

1978 1823 2046 1876 de
2104 1822 2350 1890 pluribus
2408 1821 2659 1891 personis
2715 1821 3070 1890 praedicetur.
3131 1830 3184 1872 et
3231 1820 3282 1873 in
3319 1819 3569 1889 pluribus

1980 1913 2398 1978 consideretur;
2445 1911 2589 1981 quod
2655 1927 2847 1980 reapse
2895 1925 3083 1964 verum
3141 1920 3244 1974 est,
3276 1919 3330 1964 et
3361 1909 3566 1964 divinis

1978 2003 2266 2061 sententiis
2301 2017 2629 2056 consonum.
2661 2001 2837 2070 Igitur
2880 2000 2924 2055 si
2967 2000 3111 2068 quod
3145 2009 3229 2054 est
3253 2016 3426 2055 unum
3466 2017 3567 2053 na-

1979 2107 2120 2160 tura,
2147 2093 2594 2165 prpprietatibus,
2610 2092 2756 2146 idest
2779 2092 3053 2161 personis,
3077 2092 3229 2158 plura
3245 2107 3366 2146 esse
3387 2106 3570 2145 sermo

1979 2200 2170 2246 noster
2206 2205 2330 2243 vere
2356 2186 2776 2250 demonstravit,
2807 2193 2953 2256 patet
2987 2203 3139 2250 sane,
3192 2187 3241 2240 id
3273 2186 3418 2255 quod
3481 2194 3566 2240 est

1981 2300 2151 2338 unum
2205 2290 2424 2345 natura,
2484 2297 2721 2351 persona
2801 2296 3022 2350 quoque
3063 2279 3306 2350 coargui.
3363 2279 3568 2345 Quodsi

1979 2375 2163 2430 divina
2195 2374 2460 2440 beataque
2488 2380 2680 2425 natura
2713 2371 3035 2426 naturaliter
3077 2385 3242 2422 unum
3279 2369 3411 2440 quid
3461 2378 3568 2436 est,

1979 2469 2135 2538 plura
2161 2477 2341 2520 autem
2374 2465 2675 2520 secundum
2732 2479 2994 2534 personas
3050 2463 3102 2516 in
3139 2461 3339 2532 quibus
3389 2462 3574 2516 consi-

1983 2562 2232 2624 deralur,
2269 2577 2366 2614 ceu
2403 2576 2490 2614 res
2514 2558 2762 2628 quaedam
2797 2557 3106 2612 communis
3125 2567 3177 2610 et
3208 2557 3570 2621 universalis;
3609 2611 3613 2614 _

1982 2652 2325 2706 transcendit
2362 2659 2549 2705 autem
2584 2651 2885 2718 quamlibet
2916 2661 3154 2704 creatam
3194 2663 3469 2714 naturam,
3519 2656 3574 2700 et

1985 2755 2168 2799 tamen
2229 2746 2440 2798 unitate
2466 2744 2641 2813 magis
2671 2752 3121 2808 repra-sentatur,
3153 2758 3316 2810 quam
3377 2740 3576 2810 plurali

1983 2855 2212 2892 numero
2250 2854 2262 2890 :
2296 2837 2494 2891 ctenim
2529 2836 2583 2888 in
2625 2835 2732 2888 Deo
2790 2835 2971 2889 brevis
2995 2834 3242 2903 mundam
3298 2833 3571 2902 exilisque

1984 2933 2290 2988 differentia
2325 2941 2430 2995 est,
2487 2930 2580 2984 sed
2613 2947 2782 2983 unum
2821 2939 2875 2983 et
2922 2929 3062 2982 idem
3107 2945 3198 2998 per
3229 2929 3412 2981 omnia
3442 2943 3574 2979 (‘Oll-

1985 3036 2216 3086 stanter,
2248 3025 2470 3093 dempto
2504 3023 2748 3092 ingenito
2797 3031 2850 3074 et
2879 3023 3069 3092 genitu
3113 3037 3175 3075 ac
3206 3020 3526 3090 procedente
3558 3037 3572 3085 ;

1987 3129 2041 3173 at
2071 3133 2198 3172 vero
2239 3119 2290 3170 in
2338 3117 2607 3171 creaturis
2644 3126 2872 3180 contra;
2933 3114 3210 3167 diversum
3239 3127 3400 3181 sa‘pe,
3432 3111 3576 3165 idem

1988 3227 2148 3278 raro;
2185 3219 2330 3278 patet
2364 3210 2528 3262 etiam
2589 3208 2777 3278 plures
2812 3220 3098 3276 personas,
3139 3205 3192 3256 in
3229 3203 3434 3272 quibus
3461 3215 3568 3255 una

1990 3301 2446 3368 invariabilisque
2504 3310 2697 3353 natura
2747 3307 3048 3368 spectatur,
3083 3311 3188 3348 non
3247 3309 3367 3348 esse
3396 3292 3580 3346 inlini-

1992 3400 2100 3448 tam
2170 3392 2768 3445 inultitudinemznon
2829 3392 2974 3442 enim
3036 3385 3416 3440 eonnaturalis
3487 3391 3577 3438 est

1993 3484 2189 3540 unitati
2232 3482 2727 3543 innm'uerahilitas,
2797 3479 2888 3532 sed
2936 3479 3115 3531 aliena
3149 3477 3352 3546 potius.
3384 3474 3575 3544 Nequa

1992 3595 2238 3650 persona:
2273 3577 2597 3646 ampliandze
2615 3575 2895 3629 suntultra
2924 3571 3226 3625 ternarium
3247 3583 3533 3623 numerum
3559 3583 3576 3624 :

1991 3683 2114 3727 nam
2176 3686 2298 3725 cum
2341 3664 2632 3724 multitudo
2667 3682 2766 3738 per
2804 3682 2863 3722 se
2893 3663 3186 3719 abhorreat
3225 3663 3294 3716 ab
3349 3660 3577 3724 unitate,

1990 3773 2138 3836 patet
2175 3765 2440 3818 inﬁnitam
2505 3762 2904 3816 multitudinem
2939 3773 3168 3829 prorsus
3211 3757 3281 3809 ah
3314 3756 3401 3808 illa
3443 3754 3579 3808 alie-

1989 3876 2117 3916 nam
2143 3875 2272 3915 esse
2301 3870 2354 3912 et
2376 3860 2791 3912 abhorrentem.
2841 3855 2976 3910 Nam
3013 3855 3057 3908 si
3087 3861 3251 3921 caput
3282 3848 3578 3903 multitudo

1991 3962 2156 4016 esset,
2206 3959 2482 4020 oporteret
2516 3950 2644 4004 illud
2683 3947 2825 4016 quod
2860 3946 3107 4016 proxime
3164 3944 3214 3998 ei
3270 3941 3579 4010 participat,

1993 4043 2166 4114 magis
2194 4058 2314 4097 esse
2346 4042 2694 4111 plurativum,
2721 4055 2882 4109 quam
2912 4039 3055 4108 quod
3124 4037 3409 4088 remotius.
3443 4031 3583 4098 Quia

1990 4123 2121 4190 vero
2160 4135 2340 4190 unitas
2377 4145 2542 4202 caput
2579 4141 2662 4187 est
2716 4132 2912 4185 divinae
2960 4139 3185 4189 naturae,
3244 4141 3466 4180 necesse
3498 4132 3586 4181 est

1993 4227 2046 4282 id
2084 4227 2228 4298 quod
2257 4226 2331 4279 illi
2361 4225 2732 4288 connectitur,
2767 4223 3077 4278 divinarum
3104 4235 3296 4288 nempe
3319 4233 3584 4288 persona-

1993 4335 2115 4375 rum
2144 4333 2458 4379 numerum,
2489 4316 2778 4370 minimum
2819 4329 3046 4382 prorsus
3083 4326 3205 4366 esse
3235 4318 3289 4364 et
3338 4326 3367 4364 a
3395 4308 3582 4363 multi-

1995 4412 2185 4467 tudine
2235 4410 2704 4466 remotissimum.
2767 4405 2917 4460 Talis
2971 4420 3134 4473 porro
3188 4403 3408 4458 trinitas
3477 4407 3583 4454 est.

300 4490 641 4544 ὑποστάσεσι
659 4490 987 4558 γινώσκεταί
1011 4507 1069 4542 τε
1089 4492 1184 4542 καὶ
1201 4490 1381 4552 καλῶς
1406 4491 1556 4560 παρὰ
1581 4490 1688 4542 τῶν
1715 4489 1879 4561 ὀρθῶς

1996 4504 2131 4559 Nam
2195 4520 2370 4574 neque
2431 4505 2538 4557 duo
2581 4517 2704 4556 esse
2735 4509 3006 4570 poterant,
3068 4497 3196 4567 quia
3250 4511 3357 4551 non
3393 4493 3586 4548 fuisset

302 4599 343 4648 φ
358 4580 654 4648 ρονούντων
678 4579 1018 4650 Χριστιανῶν
1045 4577 1362 4631 πιστεύεταί
1381 4577 1559 4630 τεκαὶ
1585 4575 1887 4641 δοξάζεταιο

303 4673 405 4725 καὶ
454 4671 616 4725 τοῦτο
662 4673 795 4743 ἡμῖν
847 4674 996 4725 ἐστιν
1027 4671 1055 4723 ὁ
1107 4669 1295 4741 Πατὴρ
1341 4671 1436 4723 καὶ
1467 4672 1495 4723 ὁ
1529 4668 1652 4732 Υἱὸς
1703 4669 1796 4723 καὶ
1833 4667 1894 4720 τὸ

303 4764 466 4831 ἅγιον
497 4764 746 4834 Πνεῦμα,

725 5060 1018 5114 ΕΛΕΓΚΤΙ
1030 5062 1160 5114 ΚΟΣ
1200 5059 1487 5113 ΠΡΩΤΟΣ.

390 5153 548 5208 Κατὰ
574 5151 690 5206 τῶν
718 5154 788 5206 ἐν
820 5153 898 5218 τῷ
933 5153 1138 5276 afﬁciare
1177 5155 1338 5220 λόγῳ
1370 5152 1716 5206 δοκούντων
1750 5151 1831 5216 τῷ

999 5247 1001 5249 ί
1026 5241 1236 5276 ωιιιιετ.

999 5241 1236 5290 ιωιιμετ.

392 5315 503 5379 κς’.
537 5316 592 5367 ‘E
607 5314 688 5367 πει
709 5310 840 5368 οὖνὸ
867 5314 1020 5382 λόγος
1035 5314 1092 5380 ἐξ
1116 5316 1545 5385 ὲπιστημονικῆς
1560 5314 1784 5384 μεθόδου
1810 5314 1903 5366 καὶ

312 5407 735 5476 συλλογιστικῆς
759 5407 1108 5473 ἀποδείξεως,
1139 5406 1236 5475 τὴν
1265 5407 1392 5477 περὶ
1414 5407 1512 5477 τῆς
1538 5406 1699 5474 ἁγίας
1729 5406 1900 5476 Τριά-

310 5501 407 5564 δος
426 5501 818 5569 ὁμοουσιὸτητα
850 5503 944 5554 καὶ
976 5503 1304 5568 ταυτότητα,
1356 5503 1450 5552 καὶ
1479 5501 1578 5568 τὴν
1616 5499 1745 5569 μίαν
1776 5497 1896 5551 θεό-

310 5609 457 5663 τητα
486 5595 582 5646 καὶ
620 5595 938 5665 μοναρχίαν,
972 5597 1096 5649 ὅσον
1124 5593 1266 5648 κατὰ
1305 5593 1367 5646 τὸ
1394 5591 1617 5644 δυνατὸν
1661 5590 1729 5642 τὰ
1761 5590 1902 5661 ὑπὲρ

310 5687 476 5756 λόγον
511 5688 605 5739 καὶ
629 5687 760 5741 ὄντα
807 5689 902 5741 καὶ
929 5688 1317 5758 πιστευόμενα,
1348 5684 1529 5748 καλῶς
1559 5683 1898 5752 παρέστησε,

2001 4597 2231 4669 pluralis
2287 4612 2590 4650 numerus:
2645 4609 2823 4662 neque
2854 4592 2998 4645 aliud
3026 4589 3270 4660 quidvis,
3307 4588 3435 4658 quia
3476 4601 3583 4640 non

2002 4699 2150 4745 esset
2173 4689 2452 4759 primitus.
2491 4686 2567 4741 Ex
2600 4687 2683 4741 bis
2713 4687 2881 4756 igitur
2901 4691 3125 4754 apparet
3186 4682 3353 4737 Deum
3385 4688 3584 4735 natura

2005 4783 2224 4852 quidem
2257 4797 2450 4840 unum,
2483 4780 2538 4834 in
2564 4780 2740 4832 tribus
2766 4777 3014 4847 personis
3043 4775 3292 4845 agnosci,
3329 4783 3586 4842 recteque

2003 4877 2072 4931 ab
2099 4875 2419 4928 orthodoxis
2449 4872 2776 4928 Christianis
2807 4868 2954 4923 credi
2980 4876 3031 4921 et
3061 4867 3379 4936 glorilicari.
3410 4867 3586 4933 Atque

1996 4968 2086 5022 bic
2110 4966 2250 5022 Deus
2275 4966 2430 5020 nobis
2455 4975 2538 5018 est
2562 4963 2721 5017 Pater
2742 4971 2793 5015 et
2820 4961 2988 5015 Filius
3006 4968 3059 5014 et
3083 4959 3322 5029 Spiritus
3339 4969 3584 5012 sanctus.

2422 5053 2868 5110 CONFUTATIO
2919 5051 3153 5106 PRIMA.

2085 5153 2340 5206 Adversus
2363 5148 2645 5203 sententias
2686 5146 2844 5216 primi
2883 5143 3098 5213 capituli
3131 5140 3484 5195 Molmmedis.

2082 5312 2171 5366 26.
2205 5311 2498 5379 Postquam
2532 5323 2713 5361 sermo
2753 5314 2940 5359 noster
2969 5299 3254 5356 ductrinali
3290 5295 3573 5359 methodo,

2008 5422 2109 5464 nec
2144 5422 2252 5462 non
2287 5404 2624 5476 syllogistica
2675 5397 3164 5456 demonstratione,
3228 5400 3432 5447 sanrtze
3459 5387 3587 5442 Tri-

2005 5501 2190 5556 nitatis
2219 5495 2848 5554 consubstantialitatem
2883 5500 2936 5546 et
2961 5490 3272 5560 paritatem.
3309 5497 3585 5551 unamque

2009 5592 2351 5648 divinitatem
2400 5598 2454 5642 et
2494 5586 2868 5641 monarchiam
2901 5583 3188 5654 (quantum
3243 5579 3358 5633 ﬁeri
3407 5583 3588 5645 potest

2009 5686 2068 5738 in
2110 5684 2178 5738 iis
2210 5697 2331 5753 quae
2370 5695 2534 5752 supra
2568 5677 2836 5735 rationem
2864 5684 2990 5733 sunt
3018 5684 3072 5730 et
3103 5686 3228 5730 esse
3263 5667 3582 5738 creduntur)

390 5863 470 5936 (8)
503 5863 682 5921 Graeci
732 5865 994 5938 pluralem
1037 5882 1065 5923 a
1106 5864 1253 5923 duali
1307 5880 1535 5922 numero
1578 5865 1893 5922 distinctum
1932 5863 2142 5922 volunt.
