3994 6622
509 365 622 430 703

1782 357 2084 420 NICET/E
2119 356 2522 418 BYZANTINI

3669 357 3782 422 704

514 483 662 530 recte
715 471 988 543 exposuit,
1021 479 1378 540 nostrumque
1425 469 1620 539 dogma
1673 469 2082 538 comprobavit;

2199 468 2294 520 καὶ
2341 467 2402 520 τό
2453 467 2650 521 οἰκεῖον
2679 465 2856 536 δόγμα
2887 463 3282 527 κατεσκεύασε,
3336 465 3525 535 καιρὸς
3550 465 3647 537 ἤδη
3681 474 3782 522 καὶ

515 578 730 637 tempus
771 566 884 635 jam
953 573 1036 618 est
1089 572 1149 616 ut
1205 562 1632 618 nefandissimns
1677 573 1730 616 et
1749 563 1982 616 mendax
2016 562 2087 616 ab

519 661 699 714 Arabe
737 658 1060 713 Moltatnede
1118 657 1365 711 falsidico
1407 660 1620 710 calamo
1665 658 1900 724 scriptus
1937 657 2092 722 liber,

517 759 702 804 utrum
740 749 987 803 veritatis
1023 757 1294 815 rectaeque
1322 746 1586 800 doctrina:
1638 747 1842 816 aliquid
1877 747 2096 814 habeat,

517 841 955 895 consideremus.
1037 838 1130 894 Sic
1179 855 1309 908 ergo
1363 849 1652 894 tractatum
1718 840 2094 894 exordiantur.

511 931 648 986 Cum
703 929 1054 984 multifariam
1110 934 1414 1002 Oppugnari
1453 933 1626 1000 possit
1686 931 2098 986 inﬁcetissimus

521 1022 858 1076 Moltamedis
917 1021 1093 1087 liber;
1148 1031 1296 1076 totus
1363 1023 1507 1076 enim
1572 1022 1848 1076 marcidus
1906 1030 1990 1076 est
2046 1031 2100 1074 et

509 1114 789 1178 ruinosos,
825 1115 996 1182 putris
1028 1114 1198 1168 instar
1225 1115 1437 1169 aedilicii
1462 1116 1672 1170 cariosa
1701 1116 1922 1169 materie
1941 1129 2096 1168 com-

508 1206 674 1276 pacti,
704 1205 1064 1276 imperiteque
1096 1209 1422 1273 constructi,
1461 1209 1708 1278 nihilque
1757 1207 1974 1260 ﬁrmum
2005 1214 2098 1262 aut

507 1297 702 1352 stabile
732 1299 1015 1356 habentis:
1041 1307 1164 1352 ante
1189 1300 1371 1352 omnia
1397 1313 1778 1370 argumentum
1799 1299 1929 1353 illud
1952 1298 2096 1369 quod

507 1392 678 1438 totum
693 1385 901 1440 aedilicii
928 1385 1334 1442 fundamentum
1363 1389 1639 1442 continere
1661 1390 1893 1452 videtur,
1913 1388 2099 1458 prole-

505 1490 728 1542 ramus;
750 1493 985 1546 namque
1003 1479 1053 1531 id
1069 1494 1190 1532 cutn
1216 1479 1386 1532 sancti
1405 1479 1639 1549 Spiritus
1659 1495 1761 1550 cpe
1784 1481 2098 1535 subvertere

509 1567 855 1623 meditantur.
895 1567 988 1625 Sic
1008 1570 1155 1624 enim
1187 1586 1245 1624 se
1275 1586 1464 1637 gerere
1514 1572 1693 1626 solent
1718 1571 1883 1625 etiam
1924 1571 1958 1625 ii
2002 1573 2095 1640 qui

507 1662 782 1733 ejusmodi
811 1665 1038 1720 tedilicia
1066 1674 1308 1720 evertere
1335 1664 1523 1720 volunt
1546 1684 1560 1731 ;
1594 1666 1851 1719 nimirum
1877 1666 1944 1720 iis
1971 1681 2093 1735 qua}

510 1754 688 1810 fulcra
748 1756 1004 1810 videntur
1058 1757 1376 1821 destructis,
1426 1759 1738 1812 universam
1799 1757 1985 1810 subito
2021 1757 2095 1809 l'a-

2195 559 2294 626 τὴν
2328 559 2729 628 μυσαρωτάτην
2755 558 2849 610 καὶ
2876 556 3212 627 ψευδηγόρον
3236 556 3386 626 παρὰ
3410 556 3502 609 τοῦ
3538 558 3780 626 ’Ἄραϐος

2197 653 2442 721 Μωὰμετ
2475 650 3057 721 πλαστογραφηθεῖσαν
3088 649 3290 720 βίόλον,
3326 649 3421 702 καὶ
3449 649 3516 702 τὰ
3551 651 3606 702 ἐν
3636 651 3780 720 αὐτῇ

2199 745 2549 814 ὲμφερόμενα
2587 746 2635 796 εί
2686 743 2940 812 ἀληθείας
2974 759 3032 795 τε
3070 741 3162 794 καὶ
3216 741 3533 806 εὐθυδολίας
3565 743 3783 812 ἔχουσιν

2197 833 2631 902 ἐπισκέψασθαι·
2673 832 2907 902 ἄρξομαι
2957 832 3013 885 δὲ
3071 833 3164 885 καὶ
3220 834 3348 902 περὶ
3383 832 3588 886 τούτων
3632 827 3776 886 ὦδε·

2199 922 2504 993 Τοιγαροῦν
2564 922 2764 986 πολλὰς
2821 922 3078 985 emam;
3133 923 3442 993 ἀνασκευῆς
3488 925 3782 994 δεχομένου

2198 1009 2292 1064 τοῦ
2323 1010 2668 1077 ἀλογωτάτου
2697 1010 2903 1080 βιϐλίου
2951 1009 3046 1062 τοῦ
3099 1011 3345 1080 Μωάμετ
3377 1013 3516 1081 (ὅλον
3543 1013 3649 1081 γὰρ
3678 1030 3781 1066 σα-

2199 1103 2326 1172 θρόν
2353 1103 2412 1154 τέ
2444 1106 2582 1167 ἐστι,
2616 1106 2708 1156 καὶ
2737 1103 3182 1166 εὐκατάπτωτον,
3212 1102 3402 1174 ὥσπερ
3429 1105 3573 1156 οἰκία
3604 1106 3785 1174 σαθρὰ

2197 1194 2263 1247 ἐκ
2286 1194 2386 1262 τῆς
2431 1194 2564 1262 ὕλης
2611 1195 2916 1266 εὺφθάρτου
2977 1195 3390 1268 συντεθειμένη,
3425 1196 3666 1266 ἀτεχνῶς
3718 1197 3780 1249 δὲ

2196 1284 2643 1354 οἰκοδομουμένη,
2671 1287 2764 1338 καὶ
2789 1286 3104 1356 μηδαμόθεν
3134 1286 3194 1338 τὸ
3222 1286 3437 1355 βέϐαιον
3470 1289 3562 1340 καὶ
3589 1290 3786 1357 στερέ-

2201 1393 2353 1446 μνιον
2398 1376 2649 1446 ἔχουσα),
2694 1377 2791 1447 τὴν
2853 1381 2911 1429 τὸ
2942 1377 3063 1432 ὅλον
3116 1378 3273 1431 τοῦτο
3311 1379 3556 1448 συνέχειν
3586 1379 3784 1432 δοκοῦν

2199 1471 2398 1542 βάθρον
2445 1471 2582 1543 [βοά.
2636 1471 2930 1542 βάραθρον]
2991 1472 3321 1524 ἁνασπῶσαν
3373 1472 3451 1541 (9‘,
3511 1474 3784 1544 πρότερον

2198 1566 2570 1634 προσάγοιμεν
2627 1565 2958 1633 ἀνασκευὴν,
3009 1564 3336 1632 ἀνατρέπειν
3384 1564 3515 1617 αὐτὸ
3553 1565 3651 1616 σὺν
3705 1569 3779 1634 τῇ

2197 1657 2420 1726 δυνάμει
2468 1656 2561 1708 τοῦ
2597 1656 2750 1724 ἀγίου
2811 1656 3124 1725 Πνεύματος
3164 1656 3585 1727 βεϐουλημένοι·
3619 1658 3783 1710 τοῦτο

2197 1747 2306 1818 γὰρ
2336 1747 2400 1816 δὴ
2430 1748 2522 1799 καὶ
2554 1748 2647 1799 ἐπὶ
2679 1746 2786 1799 τῶν
2815 1746 3068 1799 τοιούτων
3116 1746 3304 1800 οἰκιῶν
3353 1746 3597 1800 ποιοῦσιν
3629 1749 3678 1799 οἰ
3711 1748 3780 1800 τὸ

507 1844 714 1901 bricam
755 1846 909 1901 humi
947 1858 1222 1904 sternunt.
1259 1848 1354 1902 Est
1377 1859 1556 1903 autem
1596 1849 1774 1919 prima
1820 1850 2082 1903 adversus

2193 1840 2480 1910 καθαιρεῖν
2514 1841 2684 1902 αὐτὰς
2723 1839 3174 1908 προαιρούμενοι,
3208 1840 3273 1891 τὸ
3321 1840 3511 1892 δοκοῦν
3552 1841 3775 1910 ὑπερεί-

507 1937 614 1994 ltoc
643 1949 798 2010 putre
825 1941 1112 1996 aedilicium
1146 1943 1420 2002 machina.
1446 1941 1784 2011 comparatio
1811 1941 1932 2011 ejus
1959 1956 2082 1996 cum

505 2030 689 2086 divina
725 2032 1034 2102 Scriptura.
1072 2031 1207 2088 Nam
1233 2035 1358 2103 quia
1391 2033 1761 2098 Moltamedes,
1796 2033 1947 2086 omni
1991 2047 2086 2103 ge.

506 2135 638 2176 nere
662 2123 927 2178 doctrinae
963 2125 1188 2191 omisso,
1226 2125 1339 2178 imo
1371 2126 1424 2179 in
1481 2134 1689 2196 tergum
1719 2124 1942 2194 rejecto,
1984 2139 2080 2178 ca-

503 2221 604 2282 put
627 2213 713 2268 sui
742 2214 1016 2270 sermonis
1041 2216 1328 2272 constituit
1359 2216 1410 2268 in
1432 2215 1523 2270 Dei
1561 2232 1726 2285 quam
1758 2215 1862 2270 sibi
1905 2215 2082 2269 vindi-

503 2309 594 2359 cat
650 2304 1000 2372 allocutione,
1064 2323 1166 2363 nos
1219 2323 1440 2378 quoque
1504 2308 1766 2363 debemus
1833 2307 2077 2362 omnium

503 2410 774 2451 concessu
805 2399 1070 2454 divinitus
1090 2399 1348 2455 dictatam
1385 2401 1720 2470 Scripturatn
1741 2415 1867 2454 cum
1899 2416 1962 2453 eo
2008 2399 2076 2452 li-

503 2489 606 2543 bro
627 2489 683 2542 in
712 2489 905 2559 primis
942 2490 1236 2559 conferre;
1279 2501 1338 2546 ut
1364 2503 1621 2546 accurato
1655 2490 2078 2561 comparationis

506 2577 718 2635 lumine
768 2581 1112 2651 deprehensa
1166 2584 1315 2640 illius
1379 2585 1718 2640 absurditate
1763 2593 1818 2638 et
1887 2583 2079 2638 incon-

503 2673 778 2740 gruentia,
810 2676 1022 2746 reliqua
1053 2678 1236 2732 omnia
1267 2677 1402 2733 l‘alsa
1439 2687 1490 2733 et
1523 2693 1682 2744 vana,
1715 2676 1946 2745 ideoque
1974 2689 2075 2745 pa-

504 2760 612 2818 lam
646 2764 1024 2834 vituperanda,
1057 2768 1416 2838 despuantur.

2189 1933 2299 1986 δειν
2320 1933 2582 2003 πρότερον
2608 1932 2909 1996 ἀνελόντες,
2933 1933 3112 1984 πᾶσαν
3135 1932 3306 2002 αὐτὴν
3330 1933 3538 2003 ἀθρόως
3570 1935 3648 1996 εἰς
3668 1935 3778 2002 γῆν

2189 2025 2656 2096 καταστρέφουσιν
2682 2041 2694 2053 ·
2731 2023 2846 2076 ἐστι
2877 2024 2930 2076 δὲ
2966 2026 2999 2091 ὴ
3029 2022 3220 2094 πρώτη
3260 2026 3402 2077 κατὰ
3431 2023 3533 2094 τῆς
3567 2025 3776 2093 σαθρᾶς

2185 2119 2387 2188 ταύτης
2415 2118 2804 2187 προσαγομένη
2832 2116 3120 2186 οἰκοδομῆς
3158 2116 3394 2187 μηχανὴ,
3425 2119 3457 2188 ἡ
3507 2119 3641 2186 πρὸς
3674 2119 3777 2189 τὴν

2185 2211 2334 2264 θείαν
2367 2209 2587 2280 Γραφὴν
2614 2209 2902 2278 σύγκρισις
2923 2225 2936 2237 ·
2971 2209 3156 2277 ἐπειδὴ
3181 2209 3289 2278 γὰρ
3310 2210 3470 2273 αὐτὸς
3501 2212 3610 2264 πᾶν
3632 2205 3774 2274 εἶδος

2185 2302 2343 2370 λόγου
2373 2286 2755 2372 παραδραμὼν
2811 2301 2906 2354 καὶ
2955 2300 3186 2354 κατόπιν
3218 2300 3412 2354 ἑαυτοῦ
3447 2302 3634 2372 ῥίψας,
3671 2306 3774 2376 τὴν

2185 2390 2430 2463 κορυφὴν
2459 2390 2568 2444 τῶν
2587 2391 2761 2459 λόγων
2787 2393 2886 2461 τὴν
2917 2390 3242 2444 αὑτόλεκτον
3265 2390 3359 2444 τοῦ
3391 2391 3524 2445 Θεοῦ
3554 2393 3774 2463 ὁμιλίαν

2184 2485 2335 2557 αὐτῷ
2387 2485 2767 2555 ἀπεγράψατο,
2807 2483 3099 2554 ὀφείλομεν
3148 2483 3243 2537 καὶ
3294 2486 3456 2554 ἡμεῖς
3504 2486 3642 2554 πρὸς
3673 2489 3773 2555 τὴν

2185 2577 2619 2649 ὁμολογουμένην
2664 2575 2816 2646 παρὰ
2863 2575 3079 2630 πάντων
3117 2575 3396 2630 θεόλεκτον
3437 2579 3682 2650 Γραφὴν,
3708 2581 3772 2632 τὸ

2183 2668 2425 2723 τοιοῦτον
2455 2668 2690 2739 γράμμα
2719 2669 2985 2738 πρότερον
3013 2669 3364 2740 παραθεῖναι,
3392 2669 3466 2734 ὡς
3497 2671 3563 2724 ἂν
3588 2676 3655 2743 τῇ
3683 2674 3772 2728 διὰ

2183 2759 2283 2828 τῆς
2305 2758 2659 2829 παραθέσεως
2677 2757 3046 2830 ἀκριϐολογίᾳ,
3074 2757 3132 2810 τὸ
3155 2757 3441 2813 ἀλλόκοτον
3471 2761 3566 2814 καὶ
3583 2763 3761 2832 ἀσύμ-

501 2853 669 2909 ϐατον
717 2855 882 2910 αὑτοῦ
933 2859 1206 2928 φωραθέν,
1263 2859 1382 2914 ὅλον
1431 2859 1615 2914 λοιπὸν
1668 2858 1862 2929 ψευδές
1917 2873 1978 2909 τε
2041 2853 2139 2908 καὶ
2167 2852 2439 2923 μάταιον,
2468 2853 2564 2905 καὶ
2622 2852 2709 2906 διὰ
2738 2855 2895 2940 τοῦτο
2923 2857 3181 2929 ἐπίψογον
3225 2861 3559 2933 ἀπελεγχθὲν
3602 2871 3771 2916 κατα”

501 2946 745 3002 πτύοιτο.

571 3061 976 3132 27.1nspiralae
1019 3063 1282 3120 divinitus
1339 3065 1639 3136 Scripturze
1697 3045 2148 3135 unusquisquec

500 3151 660 3218 liber,
693 3169 939 3209 seorsum
989 3165 1040 3208 et
1065 3171 1158 3225 per
1205 3171 1266 3211 se
1299 3167 1596 3228 spectatus,
1653 3172 1966 3228 quanquam
2012 3156 2080 3210 ad

425 3245 432 3252 ’
503 3259 670 3298 unum
699 3244 976 3315 religionis
1005 3261 1230 3316 scopum
1280 3248 1714 3317 tendit,qua|em
1763 3256 1945 3302 tamen
1985 3261 2083 3316 pe-

500 3334 786 3390 culiariter
810 3336 1096 3391 materiam
1129 3339 1427 3405 contineat,
1461 3341 1798 3394 demonstrat
1840 3354 1906 3393 ex
1941 3353 2081 3408 prte-

501 3425 684 3495 posito
729 3426 832 3480 sibi
870 3426 1045 3492 titulo,
1093 3429 1186 3497 qui
1225 3438 1604 3499 argumentum
1660 3438 1834 3484 totum
1861 3429 2076 3498 aperit:

503 3515 578 3570 ita
622 3527 683 3570 ut
719 3516 802 3570 vel
851 3518 966 3571 sola
994 3503 1331 3588 singulorum
1389 3523 1732 3575 voluminum
1790 3519 2078 3592 inscriptio

502 3605 790 3677 profanum
821 3609 1138 3679 quemlibet,
1197 3611 1395 3666 nedum
1432 3613 1729 3678 initiatum,
1787 3614 1852 3669 ad
1885 3614 2077 3670 lectio-

505 3713 628 3754 nem
691 3700 1018 3755 audiendam
1074 3701 1284 3758 invitet.
1355 3702 1557 3768 Veluti,
1611 3706 1846 3774 exempli
1886 3722 2076 3774 causa,

502 3789 706 3862 Moysis
743 3792 987 3862 quinque
1037 3793 1183 3857 libri,
1237 3795 1290 3850 id
1340 3805 1446 3862 est,
1495 3798 1723 3852 Genesis
1766 3808 1819 3853 et
1861 3799 2077 3869 reliqui,

501 3898 802 3954 congruam
841 3884 1003 3939 titulo
1059 3885 1453 3942 continentiam
1493 3897 1659 3943 totam
1720 3889 1922 3946 habent
1951 3905 2079 3946 ora-

503 3973 780 4044 tionisque
809 3985 1230 4031 consectaneam
1259 3977 1386 4041 vim,
1416 3987 1468 4034 et
1492 3996 1614 4050 quae
1631 3996 1732 4035 suo
1756 3991 2080 4051 argumento

499 4065 853 4129 conveniunt,
904 4075 963 4121 ut
1000 4083 1098 4137 par
1138 4078 1241 4134 est,
1283 4081 1531 4127 narrant.
1588 4071 1776 4143 Itaque
1827 4073 2076 4141 Genesis,

499 4171 623 4228 qua:
653 4167 782 4214 sunt
812 4173 1073 4230 geneseos
1101 4164 1353 4231 propria;
1387 4162 1625 4231 Exodus,
1655 4182 1774 4235 qua:
1816 4167 1870 4220 in
1901 4168 2080 4223 exodo

499 4260 632 4306 sunt
665 4262 914 4322 peracta;
975 4251 1438 4310 Deuteronomion
1492 4259 1745 4328 denique,
1799 4277 1919 4328 quae
1966 4261 2080 4332 lege

498 4340 694 4396 iterum
710 4343 915 4397 sancita
948 4342 1184 4399 fuerunt.
1219 4343 1550 4402 Posteriores
1573 4364 1790 4419 quoque
1820 4351 1938 4404 libri
1958 4367 2080 4420 pro-

2252 3059 2352 3125 κζ’.
2389 3061 2500 3130 Τῆς
2526 3060 2884 3116 θεοπνεύστου
2925 3064 3151 3134 Γραφῆς
3188 3067 3293 3139 ἰδίᾳ
3319 3069 3412 3121 καὶ
3441 3071 3570 3139 παρ’
3599 3071 3765 3141 ἑαυτῇ

2181 3151 2492 3222 τεταγμένη
2543 3153 2748 3220 ἑκάστη
2801 3153 3000 3224 βίϐλος,
3037 3157 3087 3209 εἰ
3133 3159 3225 3210 καὶ
3254 3159 3391 3230 πρὸς
3420 3159 3516 3214 ἕνα
3547 3161 3640 3214 τὸν
3667 3161 3769 3231 τῆς

2183 3243 2469 3304 εὐσεϐείας
2507 3243 2770 3313 ἀφορῶσα
2794 3248 3018 3309 σκοπὸν,
3056 3247 3172 3301 ἀλλ’
3205 3244 3299 3302 οῦν
3328 3250 3760 3322 διευκρινημὲνη

2184 3335 2334 3389 πᾶσά
2355 3336 2505 3388 ἐστιν
2547 3336 2646 3406 τῆς
2676 3336 2782 3389 ἀνὰ
2812 3337 2976 3409 μέρος
3004 3339 3407 3410 περιληπτικῆς
3431 3342 3762 3406 ὑποθέσεως,

2181 3426 2245 3479 ἐκ
2271 3424 2371 3493 τῆς
2395 3424 2536 3478 κατὰ
2579 3425 2678 3498 τὴν
2711 3427 3047 3498 πραγραφην
3078 3431 3373 3499 σημασίας,
3406 3433 3504 3486 σὺν
3555 3432 3634 3504 τῷ
3662 3435 3768 3504 ὅλῳ
3841 3429 3843 3434 ’

2184 3516 2372 3586 σκοπῷ
2405 3517 2507 3587 τῆς
2542 3517 2723 3587 βίϐλου
2744 3518 3081 3591 δηλουμένης
3105 3535 3119 3550 °
3148 3520 3225 3585 ὡς
3251 3523 3344 3575 καὶ
3371 3524 3435 3577 ἐκ
3473 3523 3644 3594 μόνης
3667 3527 3767 3594 τῆς

2183 3609 2557 3680 προσηγορίας
2593 3611 2827 3683 ἑκάστης
2877 3613 3223 3684 συγγραφῆς,
3259 3615 3352 3669 καὶ
3385 3615 3477 3670 τὸν
3518 3617 3767 3689 ἀμύητον

2183 3701 2319 3769 πρὸς
2347 3700 2610 3770 ἀκρόασιν
2639 3702 3008 3772 ἐπιστρέφειν,
3046 3707 3119 3774 μή
3151 3706 3203 3758 τί
3253 3723 3315 3774 γε
3345 3705 3436 3760 τὸν
3471 3710 3760 3784 μεμυημὲο

2181 3807 2303 3844 νονο
2333 3791 2431 3856 ὡς,
2463 3791 2595 3863 φέρε
2617 3795 2812 3859 εἰπεῖν,
2833 3794 2900 3847 τὰ
2930 3795 3070 3849 κατά
3101 3797 3340 3851 Μωῦσέα
3372 3799 3533 3852 πέντε
3560 3799 3759 3869 βιὸλία,

2181 3881 2326 3952 φημὶ
2355 3881 2434 3946 δὲ,
2462 3883 2498 3953 ἥ
2533 3901 2594 3936 τε
2626 3885 2843 3948 Γένεσις
2867 3886 2962 3938 καὶ
3001 3885 3068 3939 τὰ
3095 3886 3280 3953 λοιπά,
3317 3888 3667 3959 ἁρμόζουσαν
3695 3896 3758 3962 τῇ

2180 3977 2476 4046 προγραφῇ
2511 3975 2612 4046 τὴν
2638 3975 2847 4030 ἔννοιαν
2873 3978 3022 4048 ὃλην,
3066 3979 3161 4032 καὶ
3185 3981 3283 4052 τὴν
3315 3980 3409 4034 τοῦ
3441 3981 3600 4052 λόγου
3634 3984 3758 4037 σύν-

2179 4066 2376 4137 δρομον
2409 4065 2660 4138 δύναμιν,
2690 4069 2785 4121 καὶ
2825 4071 2893 4123 τὰ
2928 4072 3046 4124 κατ’
3101 4072 3271 4143 αὐτὴν
3303 4073 3590 4144 πρόσφορα
3632 4093 3758 4146 πρεο

2182 4159 2390 4222 πόντως
2441 4159 2806 4230 παρίστησιν·
2863 4162 2897 4232 ἥ
2928 4180 2986 4214 τε
3039 4164 3149 4234 γὰρ
3207 4165 3464 4231 Γένεσις,
3523 4168 3624 4221 ὅσα
3660 4169 3755 4239 τῆς

2183 4251 2447 4320 γενέσεως
2494 4247 2563 4323 ἦν
2583 4267 2596 4279 ⁸
2622 4251 2656 4322 ἤ
2684 4270 2741 4305 τε
2768 4254 2867 4323 τῆς
2898 4254 3126 4322 Ἐξόδου,
3150 4257 3250 4310 ὅσα
3277 4259 3335 4311 ἐν
3357 4261 3422 4330 τῇ
3452 4261 3617 4332 ἐξόδῳ
3663 4264 3755 4316 πέ-

2182 4361 2452 4414 πρακται·
2485 4345 2514 4398 ὃ
2540 4361 2600 4397 τε
2629 4345 2891 4417 Δεύτερος
2918 4349 3080 4418 νόμος
3109 4350 3209 4401 ὅσα
3237 4351 3298 4403 τὸ
3337 4352 3591 4424 δεύτερον
3617 4373 3754 4408 νενο-

499 4435 615 4502 prie
651 4443 836 4504 atque,
859 4445 916 4489 ut
959 4436 1048 4490 ita
1080 4437 1278 4502 dicam,
1308 4450 1516 4493 natura:
1567 4457 1680 4495 suae
1713 4455 2078 4509 congruenter

2187 4435 2503 4506 μοθέτηκεν,
2544 4437 2639 4490 καὶ
2668 4436 2738 4490 τὰ
2768 4437 3002 4507 καθεξῆς
3025 4442 3241 4506 οἰκείως
3263 4460 3322 4496 τε
3355 4446 3449 4498 καὶ
3472 4448 3751 4518 συμφυῶς,

498 4525 746 4594 inscripti
799 4527 971 4582 fuere.
1011 4528 1271 4584 Similiter
1302 4532 1355 4586 in
1384 4531 1694 4603 Propltetis,
1757 4537 1811 4589 in
1848 4536 2073 4606 Sapien-

502 4616 742 4680 tialibus,
788 4617 841 4672 itt
904 4619 1110 4690 llegum
1142 4623 1314 4685 libris,
1343 4623 1388 4678 si
1413 4641 1648 4694 qumres,
1685 4627 1890 4682 factum
1917 4646 2071 4684 com-

500 4709 712 4778 peries;
753 4711 938 4768 divino
973 4712 1178 4783 Spiritu
1225 4717 1364 4771 duce
1391 4717 1446 4771 in
1500 4718 1602 4772 hoc
1630 4736 1869 4791 quoque,
1901 4734 1958 4778 ut
1984 4739 2073 4778 ar-

498 4799 690 4867 bitror,
725 4803 1094 4860 sinceritatem
1117 4824 1271 4863 suam
1303 4820 1356 4865 et
1378 4811 1700 4881 sapientiam
1751 4816 2062 4872 exhibente.

500 4891 726 4963 Oportet
752 4896 896 4950 enim
945 4899 1142 4954 mentis
1168 4901 1421 4957 humana:
1453 4905 1796 4975 magistrum,
1825 4923 1887 4960 ea
1943 4923 2065 4975 qua:

496 5003 685 5043 sanam
736 4993 1063 5046 sententiam
1113 4994 1374 5060 elliciunt,
1406 5007 1564 5052 antea
1597 4998 1716 5054 sine
1748 4999 1879 5054 vitio
1908 5001 2065 5054 exhi-

495 5079 656 5149 bere;
691 5090 751 5136 ut
772 5095 1056 5152 postquam
1089 5085 1510 5144 intellectualem
1531 5106 1752 5145 sensum
1779 5091 2068 5146 rectitudi-

494 5169 583 5225 nis
607 5187 720 5234 sute
767 5172 934 5228 homo
966 5177 1285 5244 gustaverit,
1341 5188 1470 5236 tunc
1520 5195 1705 5235 rerum
1733 5197 1955 5252 quoque
1990 5198 2068 5238 reo

494 5263 790 5320 meliorum
816 5269 1016 5322 certior
1046 5269 1158 5322 liat.

561 5375 652 5430 28.
672 5378 740 5432 At
762 5378 905 5432 enim
934 5379 1296 5446 deplorandus
1315 5390 1368 5436 et
1386 5380 1758 5451 ineptissimus
1788 5384 2068 5442 Moltame-

491 5466 577 5521 dis
603 5468 796 5524 Arabis
839 5469 1082 5533 libellus.
1131 5483 1484 5543 praeterquam
1539 5478 1682 5544 quod
1716 5477 2068 5547 blaspltemiis

493 5557 759 5615 adversus
788 5559 1128 5618 Altissimum
1174 5574 1383 5630 scatet,
1430 5583 1552 5622 cum
1594 5570 1742 5622 omni
1787 5569 2063 5625 incondita

2173 4529 2249 4591 ὡς
2282 4531 2477 4594 εἰπεῖν,
2507 4531 2868 4602 περιώρισται
2891 4551 2904 4564 ·
2937 4533 3139 4604 ὁμοίως
3181 4536 3238 4588 δὲ
3267 4537 3369 4590 κάν
3396 4541 3516 4602 ταῖς
3543 4541 3753 4612 Προφη-

2171 4620 2362 4685 τείαις,
2399 4623 2499 4679 κάν
2527 4626 2649 4686 ταῖς
2670 4625 2914 4693 Σοφίαις,
2957 4627 3059 4679 κάν
3085 4630 3208 4691 ταῖς
3235 4628 3547 4693 Βασιλείαις
3577 4632 3750 4702 ζητῶν

2171 4711 2445 4781 εὑρήσεις,
2484 4713 2545 4765 τό
2600 4715 2860 4779 ἀπλανὲς,
2908 4712 3083 4786 οἶμαι,
3109 4719 3207 4771 καὶ
3234 4717 3397 4787 σοφ-δν
3428 4721 3527 4774 τοῦ
3561 4722 3751 4791 ὁδηγοῦ

2176 4801 2321 4854 θείου
2354 4803 2667 4873 Πνεύματος
2713 4807 2803 4859 τοῦ
2831 4807 2986 4875 λόγου
3020 4809 3123 4862 κάν
3147 4809 3322 4880 τούτῳ
3352 4814 3716 4882 παριστάντος
3735 4829 3750 4844 °

2169 4895 2251 4948 δεῖ
2280 4897 2388 4966 γὰρ
2416 4898 2507 4950 τὸν
2536 4898 2630 4951 τοῦ
2657 4899 2749 4953 νοῦ
2785 4901 3133 4970 παιδαγωγὸν
3185 4903 3253 4956 τά
3288 4905 3626 4976 ὲμποιητικά
3656 4906 3754 4976 τῆς

2170 4987 2443 5051 ἀπλανοῦς
2467 4989 2740 5056 γνώσεως,
2769 4993 3029 5063 πρότερον
3052 4995 3352 5066 ἀλωεήτως
3375 5001 3749 5071 κοσμήσαντα.

2169 5080 2245 5143 ὡς
2275 5081 2375 5152 τὴν
2403 5082 2598 5153 νοητὴν
2624 5083 2881 5155 αἴσθησιν
2917 5087 3017 5154 τῆς
3043 5087 3252 5151 οἰκείας
3286 5088 3584 5158 ὀρθότητος
3621 5094 3755 5146 ἀπο-

2171 5176 2528 5245 γευσάμενον,
2552 5177 2612 5229 τὸ
2635 5177 2938 5246 τηνικαῦτα
2974 5179 3068 5232 καὶ
3102 5181 3232 5250 περὶ
3263 5181 3370 5234 τῶν
3397 5185 3754 5256 πορῤωτέρων

2171 5266 2631 5322 διαϐεϐαιοῦσθαι.

2243 5386 2348 5459 κη’.
2381 5390 2453 5441 Τὸ
2473 5389 2529 5442 δέ
2559 5407 2622 5457 γε
2648 5389 2916 5444 οἴκτιστον
2950 5391 3044 5444 καὶ
3078 5391 3360 5458 ἀλόγιστον
3391 5391 3487 5445 τοῦ
3519 5391 3751 5462 Ἀραδος

2172 5481 2415 5550 Μωάμετ
2439 5481 2712 5552 βιϐλίδιον,
2742 5485 2878 5554 μετά
2913 5483 3013 5548 τὰς
3039 5485 3118 5548 εἰς
3149 5485 3240 5537 τὸν
3268 5483 3532 5553 ’Υψιστον
3551 5486 3746 5552 δυσφη-

2173 5571 2300 5644 μίας
2333 5574 2637 5644 ἀνάμεστον
2663 5577 2952 5647 τυγχάνον,
2983 5577 3080 5630 σὺν
3122 5576 3276 5650 πάσῃ
3300 5579 3364 5647 τῇ
3397 5576 3628 5647 ἀκόσμῳ
3656 5574 3741 5627 καὶ

566 5711 927 5803 (ἓξεὲἔβξξάυιῃ
953 5730 1036 5803 (ζεί
1069 5719 1297 5778 fortasse
1322 5723 1678 5778 ἀνασπῶσαν’
1726 5737 1782 5786 et
1848 5727 2067 5798 quidem
2107 5729 2180 5786 ita
2216 5731 2476 5789 relectum
2541 5734 2642 5791 fuit
2669 5735 2723 5790 in
2757 5734 2949 5792 codice
2977 5753 3006 5790 a
3035 5735 3276 5792 secunda
3353 5751 3539 5803 manu,
3594 5736 3734 5789 aliia-

498 5780 576 5839 sis
593 5782 801 5856 aliquot
829 5790 1072 5860 syllabis.
