3994 6662
201 513 312 574 ’105

1386 497 1824 562 REFUTATIO
1855 496 2332 558 MOIIAMEDIS.

3392 495 3503 559 706

201 622 560 695 συφερτὼδει
606 619 774 675 αὐτοῦ
815 617 1151 690 βδελυγμίᾳ,
1187 617 1309 671 οὐδὲ
1355 618 1446 672 τὸν
1475 617 1617 672 κατὰ
1647 615 1791 682 λόγοι

1913 611 2337 668 abominationis
2365 612 2600 668 colluvie
2624 655 2639 677 ,
2684 627 2752 669 ne
2789 620 3108 668 consuetam
3131 613 3352 685 quidem
3385 616 3508 670 vul-

201 721 344 793 [βοά.
370 713 709 786 κατάλογον]
735 714 846 766 τῶν
873 711 1069 766 κοινῶν
1093 710 1188 764 καὶ
1215 709 1391 773 ἄλλως
1412 709 1804 780 ἐμφερομένων

201 811 402 880 εἱρμὸν
433 805 746 870 ἀποσώζειο
774 803 900 858 οὔτε
947 803 1054 874 γὰρ
1089 799 1233 866 εἶδος
1274 800 1612 872 προφητικοῦ
1643 800 1803 866 λόγου

200 903 573 970 παρίστησιν,
620 895 740 950 οὔτε
777 893 1074 966 ίστορικοῦ,
1108 891 1233 946 οὔτε
1274 891 1649 962 νοειοθετικοῦ,
1681 889 1804 943 οὔτε

202 988 558 1059 Ιιεολογικοῦ,
590 986 712 1040 οὔτε
745 986 906 1039 ἄλλου
943 983 1088 1046 τινὸς
1121 983 1232 1035 τῶν
1264 982 1323 1046 ἐξ
1356 981 1524 1052 ὀρθῆς
1563 983 1656 1033 καὶ
1686 981 1804 1050 ἐχέ-

201 1100 403 1154 cupavo;
443 1081 689 1141 διανοίας
725 1077 1171 1149 προερχομὲνων,
1219 1075 1335 1128 ἀλλ’
1371 1077 1490 1128 ὅλον
1524 1074 1625 1145 [ita
1665 1073 1805 1145 cod.]

201 1173 452 1237 ἀκοσμὸν
486 1188 549 1224 τε
577 1172 668 1223 καὶ
701 1169 936 1222 ἄτακτον
969 1168 1068 1236 τὴν
1098 1167 1348 1225 σύνθεσιν
1380 1168 1523 1236 ἔχον,
1556 1165 1676 1218 οὐδὲ
1708 1167 1806 1226 τὰς

201 1264 590 1336 προκειμένας
617 1261 926 1330 ἐπιγραφὰς
959 1259 1332 1329 καταλλήλους
1361 1263 1476 1322 τοῖς
1506 1258 1806 1326 ὑποκειμέ-

200 1376 310 1418 νοις
332 1356 530 1422 λόγοις
563 1354 676 1422 ἔχει
713 1355 823 1422 (10)
846 1369 858 1381 ο
894 1355 941 1404 εἱ
970 1353 1025 1403 δὲ
1049 1356 1106 1405 ἐν
1144 1346 1224 1414 οἷς
1249 1353 1455 1413 πάντας
1484 1351 1808 1420 ανθρώπους

200 1445 435 1507 ἐντελῶς
467 1443 848 1514 κεχρημένους
869 1441 1086 1511 ὁρῶμεν
1105 1441 1269 1502 αὐτὸς
1293 1441 1668 1503 ἀπολείπεται,
1691 1440 1805 1502 πῶς

199 1537 296 1608 τὴν
327 1538 625 1605 ἀγέρωχον
657 1533 872 1602 ἐκείνην
922 1535 1014 1585 καὶ
1041 1532 1116 1594 ὡς
1157 1532 1298 1603 ὑπὲρ
1331 1532 1620 1602 ἄνθρωπον
1650 1531 1806 1594 δόξαν

201 1629 475 1682 δοκοῦσαν
537 1625 709 1692 δείξαι
749 1627 1062 1696 δυνήσεται.
1121 1627 1183 1677 τὸ
1237 1625 1296 1690 ἐξ
1347 1626 1603 1696 οὐρανοῦ,
1636 1625 1801 1690 λέγω,

202 1724 368 1791 φάναι
401 1721 739 1791 πεπέμφθαι
785 1720 918 1773 αὐτό
955 1720 1102 1790 (ll);
1148 1720 1280 1772 ὃπου
1313 1737 1374 1786 γε
1403 1720 1502 1788 τῆς
1529 1720 1806 1790 ἀνθρωπί-

203 1833 296 1884 νης
345 1813 614 1867 τοσοῦτον
646 1813 866 1866 ἁποδέει
928 1814 1217 1874 συνέσεως,
1272 1813 1394 1864 ὅσον
1446 1812 1584 1880 αὐτὴ
1630 1813 1663 1881 ἡ
1696 1812 1803 1864 τῶν

203 1906 416 1973 ἀλόγων
443 1905 551 1974 τῆς
595 1905 820 1973 λογικῆς
867 1903 1153 1974 διώρισται
1184 1903 1397 1973 φύσεως
1419 1920 1432 1933 ·
1458 1908 1588 1972 μήτι
1616 1921 1677 1971 γε
1706 1905 1802 1971 τῆς

204 1999 646 2067 ἁκαταμαχήτου
683 1996 898 2066 ἐκείνης
933 1998 1028 2049 καὶ
1063 1997 1202 2066 ὑπὲρ
1234 1996 1358 2048 νοῦν
1415 1995 1596 2064 ἰσχύος
1619 2012 1679 2046 τε
1711 1996 1805 2047 καὶ

206 2090 417 2158 σοφίας.
449 2092 552 2143 καὶ
653 2089 851 2150 πάντες
881 2090 1019 2140 είσίν
1068 2090 1117 2140 οἱ
1167 2087 1434 2157 θησαυροὶ
1479 2088 1580 2156 τῆς
1612 2087 1806 2156 σοφίας

207 2181 294 2233 καὶ
316 2178 585 2246 γνώσεως
619 2179 960 2248 ἀπόκρυφοι·
987 2178 1071 2245 ,ὅτ’
1105 2177 1170 2230 ἂν
1203 2180 1310 2248 γάρ
1342 2178 1403 2229 τὸ
1427 2177 1802 2246 σπουδαζόμε-

206 2288 291 2323 νον
346 2271 501 2340 αὑτῷ
560 2271 656 2322 τὸν
710 2271 842 2322 Θεὸν
904 2269 1062 2321 τοῦτο
1109 2269 1337 2340 γράψαι,
1379 2268 1436 2335 ἐξ
1475 2262 1549 2322 ὧν
1573 2271 1802 2339 γράφειν

207 2364 563 2432 παραστῆσαι
587 2363 646 2414 οὐ
674 2361 920 2424 δύναται,
961 2362 1113 2426 πότε,
1140 2363 1234 2417 καὶ
1259 2361 1394 2424 πῶς,
1437 2363 1546 2414 εἴτε
1584 2364 1642 2414 ὲν
1669 2361 1802 2430 ὁρά-

209 2473 307 2522 σει,
339 2457 450 2508 εἴτε
484 2455 629 2526 ἄλλῃ
654 2456 762 2506 τινὶ
799 2454 1108 2525 θεοφανείᾳ,
1141 2455 1234 2507 καὶ
1270 2455 1431 2507 τίνων
1450 2455 1793 2525 μαρτυρούν-

208 2566 330 2610 των,
393 2548 470 2610 ὡς
533 2549 594 2601 αἱ
651 2550 777 2616 περὶ
829 2547 1067 2601 Μωῦσέα
1118 2547 1333 2610 πλείους
1371 2547 1480 2600 τῶν
1504 2546 1800 2613 ἑξακοσίων

209 2642 437 2710 χιλιάδες
461 2658 476 2671 ο
513 2643 577 2693 ἐν
602 2642 824 2712 στήλαις
846 2642 905 2694 δέ
933 2659 996 2708 γε
1026 2640 1095 2694 αὖ
1122 2642 1415 2712 ἐγράφετο,
1439 2641 1515 2704 ὡς
1545 2644 1600 2694 ὲν
1627 2642 1800 2713 πέτρᾳ

209 2733 235 2782 ὁ
269 2733 344 2799 τῷ
398 2733 632 2786 Μωῦσεῖ
665 2733 943 2802 δεδομένος
1003 2733 1204 2802 νόμος·
1262 2734 1426 2796 αὐτὸς
1473 2733 1580 2804 γὰρ
1627 2734 1799 2796 οὕτως

211 2822 388 2888 φησὶν,
423 2821 508 2873 ὅτι
549 2821 815 2891 ἀγράφως
845 2821 978 2873 αὐτὸ
1033 2822 1271 2885 ἐδέξατο,
1324 2823 1445 2875 οὐδὲ
1479 2825 1535 2874 ἐν
1566 2824 1796 2892 χαρτίῳ,

211 2911 323 2963 οὐδὲ
353 2913 409 2964 ἐν
434 2913 591 2983 ἔργῳ
624 2913 824 2982 χειρῶν
850 2913 1153 2983 ἀνθρώπων
1182 2913 1294 2978 (12)
1317 2930 1329 2942 '
1359 2914 1509 2984 φόϐῳ
1538 2916 1694 2982 δῆλον
1716 2918 1796 2968 ὅτι

211 3003 297 3055 τοῦ
333 3005 714 3075 ἀπιιτηθὲντα
748 3004 915 3069 δεῖξαι
948 3004 1022 3076 μὴ
1058 3005 1354 3058 δύνασθαι·
1405 3006 1481 3058 ὅτ’
1514 3005 1579 3060 ἂν
1610 3007 1799 3075 σοφίας

213 3096 382 3164 πάσης
422 3095 582 3158 θείας
613 3113 671 3147 τε
715 3097 808 3148 καὶ
838 3095 1184 3166 ἀνθρωπίνης
1220 3098 1549 3168 ἐστέρηται·
1587 3100 1682 3151 καὶ
1738 3099 1798 3149 τὸ

212 3187 269 3257 δὴ
303 3187 706 3258 χαλεπώτερον,
763 3188 840 3240 ὅτ’
867 3187 932 3241 ἂν
963 3188 1260 3241 ἀπεοικότα
1321 3192 1418 3242 καὶ
1480 3190 1658 3259 πάντη
1694 3193 1792 3258 τῆς

1907 707 2120 775 gat-ium
2145 716 2199 760 et
2214 708 2340 762 alibi
2364 708 2696 762 exstantium
2715 702 3044 778 scriptorum
3061 710 3258 764 seriem
3282 718 3466 764 servat
3488 740 3504 775 ε

1911 813 2033 851 nam
2075 799 2255 868 neque
2299 800 2533 868 speciem
2583 801 2886 869 prophetici
2929 802 3206 856 sermonis
3259 801 3503 871 praebet.

1911 903 2090 956 neque
2139 889 2409 952 historici,
2456 906 2632 960 neque
2677 892 2927 960 legiferi,
2969 909 3148 962 neque
3189 893 3503 963 theologici,

1911 994 2088 1047 neque
2123 980 2519 1049 cujuscemodi,
2550 993 2820 1051 quotquot
2850 985 3062 1038 scilicet
3092 1001 3120 1038 a
3157 1001 3288 1038 sana
3317 995 3503 1038 mente

1911 1071 2214 1139 procedunt
2246 1089 2260 1137 ;
2300 1073 2391 1125 sed
2431 1075 2630 1143 ubique
2663 1077 2969 1130 inornatam
3003 1078 3164 1132 habet
3199 1089 3254 1130 et
3276 1087 3500 1146 pertur-

1912 1161 2092 1216 batam
2135 1178 2360 1232 prorsus
2390 1167 2839 1234 compositionem
2871 1184 2886 1233 ;
2915 1179 2968 1220 et
2999 1184 3064 1222 ne
3100 1167 3246 1238 ipsos
3277 1169 3498 1239 quidem

1910 1253 2232 1322 praepositos
2263 1253 2448 1308 titulos
2489 1255 2746 1325 subjecta:
2776 1259 3009 1312 orationi
3043 1259 3358 1315 coul‘ormes
3403 1261 3502 1315 ad—

1912 1342 2078 1396 hibet.
2122 1343 2179 1396 Si
2209 1359 2336 1413 ergo
2366 1345 2418 1398 in
2451 1361 2509 1399 re
2531 1387 2545 1408 ,
2579 1363 2740 1415 quam
2777 1365 2968 1403 omnes
2997 1352 3243 1406 homines
3285 1354 3500 1423 egregie

1910 1437 2106 1490 Callere
2137 1438 2406 1505 videmus,
2446 1439 2794 1495 Mohamedes
2837 1454 3024 1511 peccat
3053 1461 3066 1508 ;
3107 1449 3384 1514 quomodo
3415 1448 3498 1500 itt-

1911 1519 2174 1583 sbh-ntem
2206 1530 2369 1594 illam,
2404 1541 2457 1586 et
2479 1548 2600 1600 qum
2629 1549 2792 1604 supra
2826 1535 3101 1588 hominem
3131 1538 3316 1590 extolli
3353 1538 3503 1591 vide-

1913 1633 2016 1686 tur,
2069 1623 2382 1691 Opinionem
2406 1634 2678 1679 ostentare
2703 1627 2917 1692 poterit,
2947 1627 3094 1696 quod
3119 1627 3185 1682 de
3208 1629 3375 1694 ccelo,
3413 1629 3501 1682 in-

1909 1729 2092 1782 quatn,
2111 1713 2246 1768 liber
2270 1716 2358 1769 ille
2381 1717 2656 1772 demissus
2679 1720 2776 1772 sit?
2796 1719 2887 1789 qui
2909 1729 3186 1788 tantopere
3211 1720 3280 1773 ab
3310 1720 3506 1774 huma-

1910 1821 1979 1858 na
2019 1807 2285 1875 sapientia
2327 1809 2515 1871 abest,
2571 1819 2834 1879 quantum
2880 1811 3163 1865 brutorum
3217 1823 3411 1866 natura
3467 1829 3497 1864 a

1911 1899 2160 1952 rationali
2209 1901 2424 1955 distat:
2484 1903 2683 1954 nedum
2731 1905 2799 1956 ab
2853 1904 2941 1958 illa
2991 1905 3404 1972 incomparabili
3447 1912 3501 1956 ct

1907 2007 2070 2060 supra
2120 2009 2336 2048 omnem
2393 2005 2628 2049 mentem
2663 1998 2864 2050 virtute
2900 2006 3064 2066 atque
3111 1998 3403 2066 sapientia.
3439 1997 3495 2052 in

1905 2099 2012 2152 qua
2038 2101 2230 2141 omnes
2262 2097 2391 2141 sunt
2425 2090 2667 2142 thesauri
2697 2090 2977 2158 sapientia
3014 2099 3068 2144 et
3102 2091 3344 2146 scientia:
3367 2091 3499 2145 abs-

1903 2177 2132 2230 cottditi.
2164 2177 2616 2246 Quandoquidem
2643 2183 2952 2234 conlectum
2982 2197 3010 2233 a
3039 2197 3098 2235 se
3125 2197 3280 2249 opus,
3320 2181 3486 2235 Deum

1904 2268 2215 2335 scripsisse,
2253 2287 2316 2323 ex
2351 2271 2434 2326 his
2469 2287 2590 2340 quae
2619 2273 2841 2335 scribit,
2875 2273 3106 2340 probare
3136 2289 3243 2325 nou
3294 2282 3494 2341 potest,

1902 2368 1957 2412 et
1990 2343 2359 2428 quaudonaut,
2387 2373 2436 2416 et
2465 2364 2763 2432 quomodo,
2797 2374 2850 2417 et
2878 2381 3003 2416 num
3037 2366 3266 2429 visione,
3300 2383 3366 2417 au
3390 2367 3493 2419 alia

1903 2452 2086 2521 aliqua
2119 2453 2210 2508 Dei
2246 2457 2607 2523 apparitione,
2643 2469 2695 2509 et
2725 2459 2924 2526 quibus
2946 2459 3196 2521 testibus,
3230 2459 3373 2512 sicut
3405 2458 3494 2512 illa

1902 2544 2058 2600 fuere
2087 2547 2231 2601 circa
2263 2549 2508 2618 Moysmt
2551 2559 2807 2603 sexcenta
2845 2560 2898 2604 et
2938 2550 3173 2616 amplius
3211 2549 3492 2604 hominum

1902 2637 2070 2692 millia
2105 2655 2120 2702 ;
2175 2649 2227 2692 et
2273 2649 2453 2694 utrum
2489 2640 2543 2693 itt
2599 2642 2794 2697 tabulis
2829 2643 3090 2711 scriptum
3115 2641 3297 2707 fuerit,
3330 2651 3390 2696 ut.
3440 2643 3495 2696 itt

1903 2739 2049 2797 petra
2095 2729 2264 2800 Moysi
2307 2732 2431 2783 data
2471 2731 2597 2797 lex;
2641 2732 2751 2785 into
2800 2733 2919 2802 ipse
2959 2734 3092 2787 dicit
3130 2735 3249 2787 sine
3294 2734 3497 2803 scripto

1899 2821 2205 2873 doctrinam
2254 2824 2553 2891 accepisse,
2591 2840 2766 2893 neque
2804 2825 2856 2877 itt
2893 2826 3084 2879 charta
3112 2835 3199 2879 aut
3240 2825 3498 2879 humanae

1901 2927 2097 2964 manus
2137 2912 2395 2980 opilicio;
2446 2914 2643 2968 timens
2675 2915 2793 2968 sine
2838 2916 3006 2970 dubio
3033 2956 3047 2979 ,
3089 2932 3156 2969 ne
3200 2919 3492 2968 ostendere

1901 3005 2206 3071 postulatus
2237 3020 2340 3056 uou
2365 3014 2546 3073 posset
2574 3024 2587 3068 ;
2623 3007 2904 3074 quoniam,
2939 3007 3185 3077 inquam,
3217 3009 3484 3076 sapientia

1899 3095 2142 3164 qualibet
2171 3095 2354 3148 divina
2391 3107 2444 3149 et
2473 3097 2712 3150 humana
2749 3097 2794 3151 is
2831 3098 2965 3151 liber
2995 3108 3148 3151 caret
3178 3114 3193 3163 ;
3229 3099 3486 3166 quodque

1900 3186 2121 3256 gravius
2165 3194 2268 3248 est,
2321 3186 2540 3255 indigna
2592 3202 2819 3255 prorsus
2864 3187 3018 3242 beata
3060 3189 3148 3250 illa
3187 3188 3482 3256 divinaque

218 3249 477 3350 μακαρίας
508 3249 731 3349 ἐκείνης
755 3282 847 3333 καὶ
870 3280 1018 3344 θείας
1045 3280 1260 3349 φύσεως
1288 3281 1416 3347 ξένα
1444 3299 1503 3334 τε
1529 3283 1622 3334 καὶ

1904 3285 2113 3340 natura,
2153 3285 2208 3331 et
2236 3287 2496 3331 extranea
2530 3290 2692 3348 atque
2726 3278 2927 3343 aliena,
2961 3280 3070 3333 into
3099 3281 3263 3334 etiam
3297 3281 3490 3334 adver-

212 3389 348 3440 τρια,
383 3373 592 3443 μᾶλλον
638 3373 694 3426 δὲ
749 3373 1004 3444 πολέμια,
1043 3373 1211 3437 ἀδεῶς
1251 3375 1657 3444 καταψεύδηται
1683 3392 1696 3407 ·
1737 3375 1789 3427 τί

213 3464 312 3535 γὰρ
340 3465 748 3536 πολεμιώτερον
799 3467 866 3535 τῇ
925 3465 1060 3518 Θεοῦ
1113 3467 1434 3537 ἀγαθότητι,
1481 3467 1575 3520 τοῦ
1610 3467 1790 3535 λέγειν

213 3559 361 3610 αὐτὸν
389 3559 609 3630 χαίρειν
637 3561 700 3628 τῇ
727 3559 836 3611 τῶν
865 3558 1168 3629 ἀνθρώπων
1199 3560 1466 3631 ἀπωλείᾳ,
1512 3563 1608 3614 καὶ
1657 3563 1786 3632 παρ’

1895 3370 2094 3430 sautia,
2128 3369 2397 3438 intrepide
2429 3371 2692 3424 mentitur
2718 3387 2733 3435 ;
2759 3371 2888 3440 quid
2923 3372 3067 3425 enim
3097 3374 3268 3441 Magis
3294 3374 3488 3426 adver-

1895 3471 2050 3516 satur
2087 3460 2176 3515 Dei
2209 3463 2455 3526 bonitati,
2491 3478 2655 3532 quam
2682 3464 2864 3519 dicere
2899 3465 3076 3533 ipsum
3107 3464 3276 3519 laetari
3305 3465 3485 3518 homi-

1893 3569 2021 3608 num
2064 3554 2389 3622 perditione,
2427 3563 2481 3608 et
2525 3554 2742 3609 illorum
2791 3554 3004 3610 ruinan't
3058 3557 3210 3611 llocci
3253 3555 3430 3612 facere
3465 3559 3489 3612 ?

213 3651 349 3704 οὐδὲν
384 3651 637 3705 τίθεσθαι
684 3650 781 3722 τὴν
806 3651 984 3703 αὐτῶν
1016 3653 1366 3723 καταφθοράν
1393 3670 1408 3718 ;
1441 3653 1560 3706 τίνα
1601 3654 1789 3726 ἀντίρ-

218 3744 359 3810 ρηων
389 3744 590 3812 ἱκανὴν
612 3745 977 3813 παραστήσει,
1019 3742 1093 3813 μὴ
1129 3745 1252 3812 οὐχὶ
1299 3744 1399 3813 τῆς
1449 3746 1787 3808 ἁπευκταίας

215 3830 388 3884 τούτου
417 3829 564 3885 εἶναι
595 3833 689 3883 καὶ
718 3830 1105 3900 δαιμονιώδους
1128 3833 1392 3902 ἐμπνοίας
1417 3850 1431 3897 ;

279 3923 375 3977 κθν.
407 3924 592 3995 Τριχῆ
647 3917 742 3977 οὖν
786 3921 1200 3990 διακεκριμένον
1254 3924 1529 3992 πρακτέου
1585 3925 1785 3986 παντὸς

217 4014 301 4065 ttat
322 4011 494 4081 λόγου,
527 4015 610 4078 είς
630 4030 689 4067 τε
721 4013 842 4066 θεῖα
863 4011 955 4065 καὶ
980 4011 1293 4080 ἀνθρώπινα
1317 4013 1410 4063 καὶ
1432 4012 1779 4081 δαεμονιώόη,

217 4105 313 4158 τῶν
337 4106 427 4160 δύο
474 4105 898 4178 ἐστερημένοςὸ
941 4103 1146 4173 Ἄραψ,
1196 4103 1339 4154 θείου
1377 4121 1459 4167 τε,
1494 4105 1656 4172 φημὶ.
1693 4106 1784 4157 καὶ

217 4197 571 4268 ἀνθρωπίνου,
594 4201 672 4261 είς
692 4197 752 4251 τὸ
773 4197 956 4268 τρίτον
981 4194 1041 4259 ἐξ
1069 4196 1314 4263 ἀνάγκης
1345 4197 1779 4266 περιενήνεκταιο

217 4289 288 4342 ὃτι
313 4291 363 4344 δὲ
393 4293 533 4366 πρὸς
562 4292 639 4363 τῷ
662 4289 984 4359 ἐστερῆσθαι
1011 4289 1162 4351 θείας
1197 4287 1538 4357 ἐλλάμψεως,
1565 4289 1658 4342 καὶ
1685 4289 1782 4358 τῆς

1891 3647 2169 3714 quomodo
2198 3646 2306 3710 hic,
2325 3647 2572 3716 inquam,
2598 3648 2934 3703 exsecranda
2958 3665 3017 3704 sc
3039 3649 3487 3720 daemoniaeoque

1889 3739 2084 3808 spiritu
2124 3739 2363 3792 alllatunt
2401 3740 2671 3809 negabit?

1957 3912 2045 3966 29.
2077 3912 2212 3967 Cum
2245 3929 2374 3982 ergo
2401 3915 2663 3984 quidquid
2703 3899 3026 3970 faciendun;
3045 3929 3128 3972 est
3175 3919 3254 3973 vel
3288 3919 3478 3974 dicen-

1887 4005 2037 4067 dum,
2069 4006 2123 4059 in
2163 4007 2264 4060 tria
2291 4009 2586 4070 dividatur,
2627 4025 2820 4077 nempe
2844 4011 3108 4075 divinum,
3147 4013 3475 4075 huutanunt,

1885 4105 1937 4148 ct
1970 4097 2363 4150 darmoniacum
2402 4116 2416 4160 ;
2452 4099 2664 4152 duobus
2701 4100 2996 4153 destitutus
3031 4100 3242 4166 Arabs,
3270 4101 3477 4164 divino,

1887 4190 2132 4258 inquam,
2157 4197 2210 4242 et
2238 4189 2478 4243 humauo
2511 4189 2795 4256 instinctu,
2821 4191 2888 4244 ad
2917 4190 3132 4244 tertium
3165 4193 3480 4247 necessario

1883 4279 2172 4334 devolutus
2204 4288 2308 4333 est.
2343 4280 2593 4333 Profecto
2624 4281 2766 4348 quod
2826 4280 3014 4333 divino
3042 4279 3248 4334 lumine
3283 4283 3478 4335 huma-

216 4383 552 4455 ἀνθρωπίνης
612 4383 804 4450 σοφίας
853 4381 1234 4450 ἀποδεδέηται,
1295 4380 1545 4433 ἐντεῦθεν
1596 4379 1659 4451 δὴ
1689 4382 1782 4433 καὶ

1904 4389 2063 4442 taque
2116 4373 2383 4442 sapientia
2421 4375 2679 4438 caruerit,
2732 4375 2784 4427 iu
2829 4372 3084 4428 confesso
3122 4384 3245 4438 est;
3280 4391 3344 4430 ex
3391 4376 3478 4430 di-

219 4476 532 4547 πολλαχόθεν
577 4476 842 4546 ἑτέρωθεν
883 4474 1118 4545 φανερόν
1144 4491 1158 4504 ·
1201 4473 1576 4543 ἡὰνθρωπίνη
1620 4475 1782 4542 σοφία

1904 4470 2071 4523 :eudis
2111 4481 2316 4533 autem,
2350 4477 2404 4522 et
2453 4485 2596 4537 swpe
2636 4469 2858 4522 aliunde
2903 4477 3162 4536 patescet.
3217 4467 3472 4525 Humana

217 4566 320 4637 ἦτοι
348 4570 608 4638 θεολογεῖ,
642 4568 674 4638 ἢ
703 4570 1033 4638 φυσιολογεῖ,
1067 4568 1186 4636 ἦτοι
1215 4566 1550 4633 ἡθικεύεται,
1575 4567 1607 4635 ἢ
1643 4568 1782 4619 ἱστου-

1904 4561 2155 4628 tapientia
2183 4559 2263 4612 vel
2294 4575 2379 4613 res
2419 4560 2751 4628 theologicas
2784 4569 2998 4624 tractat,
3045 4559 3125 4614 vel
3168 4563 3472 4628 naturales,

221 4657 368 4727 ρεῑ,ἧ
405 4676 456 4711 τι
488 4656 734 4712 τοιοῦτον
757 4676 771 4691 υ
825 4658 920 4710 καὶ
967 4655 1140 4710 ταῦτα
1171 4655 1465 4725 ἀξιολόγως
1488 4674 1500 4686 ·
1536 4659 1564 4710 ὀ
1615 4657 1671 4710 δὲ
1711 4658 1776 4727 δὴ

1904 4654 1963 4707 'el
1989 4653 2244 4712 morales,
2274 4653 2358 4705 vel
2383 4653 2616 4721 denique
2647 4652 2956 4715 historicas,
2981 4654 3062 4707 vel
3093 4655 3238 4708 aliud
3274 4656 3469 4726 hujus-

218 4748 387 4802 τούτου
417 4753 512 4806 τοῦ
544 4752 712 4821 λήρου
742 4749 1028 4820 ὑφηγητὴς
1054 4750 1403 4820 γράμματος,
1449 4749 1557 4802 οὐδ’
1586 4749 1778 4802 ὁποτέ-

1904 4746 2050 4811 nodi,
2101 4757 2154 4799 et
2200 4746 2420 4814 quidem
2467 4747 2609 4800 serio
2650 4761 2714 4800 ac
2762 4747 3131 4803 laudabiliter.
3184 4749 3289 4804 Sed
3325 4752 3469 4805 enim

223 4851 308 4903 ρας
343 4841 576 4904 εὐκλεῶς
605 4841 937 4911 εὐμοιρήσας
990 4840 1092 4892 κᾶν
1129 4843 1422 4910 προγραφῇ
1452 4837 1774 4903 κατατάξαι,

1904 4837 2041 4905 utjus
2073 4839 2372 4907 nugatoria:
2413 4838 2700 4907 scriptura:
2747 4852 2975 4904 auctor,
3011 4841 3160 4894 nullo
3201 4844 3472 4910 prtrdiclze

219 4925 248 4994 ἢ
277 4930 361 4981 καὶ
388 4931 723 5001 βατταρίζων
757 4949 871 4994 πως
899 4930 1227 5001 περιηνέχθη
1251 4933 1328 4993 εἰς
1355 4931 1452 5000 μὲν
1475 4930 1773 4997 θεολογίαν,

1904 4929 2120 4983 cientiaz
2164 4945 2359 4997 genere
2407 4930 2731 4995 instructus,
2763 4933 2832 4985 ita
2886 4942 2942 4984 ttt
2990 4933 3179 4987 saltent
3215 4935 3270 4988 in
3311 4937 3471 4989 titulo

221 5016 610 5094 metm/gemis
631 5023 740 5093 (ιῦ)
754 5022 852 5088 τὴν
871 5021 1027 5074 ἄθεον
1041 5022 1243 5091 φωνὴν,
1259 5023 1339 5074 ὃτι
1357 5022 1644 5092 σφαιρικόν
1659 5023 1772 5074 ἐστι

1904 5023 2208 5092 ιςρτίιιιονοι
2232 5063 2246 5087 ,
2287 5022 2370 5075 vel
2401 5023 2752 5078 balbutiendo
2780 5025 3000 5093 quidem
3047 5025 3193 5078 illam
3229 5027 3466 5097 attinge-

244 5241 384 5322 ”(19)
421 5247 524 5303 Res
553 5254 665 5305 Ita'c
697 5267 819 5304 cum
851 5267 942 5319 per
968 5266 1026 5304 se
1059 5259 1204 5321 patet
1230 5251 1558 5305 Alcoranum
1596 5253 1775 5322 legen-

223 5309 374 5394 ἓξζξιεέ
405 5327 528 5394 tum
571 5325 734 5375 etiam
779 5309 1233 5394 animadvertitur
1279 5323 1348 5394 ad
1392 5337 1505 5375 sur.
1551 5309 1674 5386 ΧΙΙΪ
1716 5340 1767 5390 p.

224 5380 339 5462 560,
369 5387 452 5462 u_bi
483 5387 781 5448 Maraccius
809 5395 1082 5455 observat,
1121 5393 1277 5445 titulo
1304 5391 1424 5458 ejus
1456 5408 1621 5457 surae,
1650 5380 1770 5462 ἇιυῖυ

223 5454 634 5535 t3§ldeJosepho,
664 5464 988 5528 respondere
1009 5454 1406 5535 argumentunl
1422 5478 1580 5535 suum
1634 5454 1772 5535 quod

223 5531 314 5602 vix.
349 5530 676 5602 inquitLulia
714 5535 824 5585 ulla
852 5535 908 5585 in
938 5530 1341 5602 sura—reperias.
1366 5531 1504 5586 Tttm
1533 5530 1672 5589 idem
1705 5537 1770 5589 ad

226 5601 389 5671 suram
423 5599 606 5662 XXIX,
638 5618 688 5671 p.
731 5603 857 5664 555,
891 5599 1217 5670 reprehensa
1251 5604 1442 5656 iterum
1491 5603 1769 5659 titulorum

226 5657 288 5738 ab
311 5657 1021 5737 argutttcttti'sldissonantia,
1062 5676 1176 5727 ait:
1230 5672 1538 5727 Excusaudi
1576 5657 1770 5728 ιιίΙίίΙοέ

228 5741 378 5812 innuit
403 5749 518 5812 sunt
554 5742 812 5807 Moslemi,
834 5745 958 5810 quia
980 5761 1093 5796 cum
1113 5743 1290 5796 nullus
1301 5760 1460 5812 prope
1485 5747 1769 5799 versiculus

223 5810 325 5882 cum
363 5808 462 5860 alio
512 5813 794 5879 coalescat,
839 5808 1164 5880 impossibile
1207 5808 1422 5882 prorsus
1462 5827 1572 5868 erat
1609 5816 1769 5870 alicui

216 5881 336 5954 sine
352 5891 717 5954 argumentum
731 5887 1035 5938 conveniens
1052 5897 1098 5938 et
1124 5881 1459 5954 udr'z'quatum
1481 5887 1768 5954 prae/igere.

216 5930 432 6001 Prorsus"
446 5949 482 6003 lt
496 5969 559 6008 ac
583 5930 868 6011 barbarica
891 5956 1142 6010 Alcoraui
1171 5930 1440 6026 farragine
1464 5930 1776 6014 tiuiitLJs'ufti

1881 5271 2058 5324 scopa:
2107 5255 2526 5320 dissolutiores;
2575 5254 2710 5308 nihil
2745 5253 2858 5308 fere
2893 5251 3101 5319 majore
3143 5267 3267 5306 cum
3309 5255 3464 5308 taedio

1881 5323 2235 5382 stoiuaehove
2261 5327 2456 5397 legitur
2485 5369 2499 5392 ,
2538 5325 2676 5380 nihil
2707 5323 2874 5378 animi
2906 5324 3264 5378 attentionem
3292 5327 3463 5394 magis

1877 5397 2142 5450 ittfritteit.

1953 5414 2239 5536 {li-Illisulloc
2288 5467 2507 5536 quidem
2559 5467 2626 5522 de
2676 5465 2950 5522 Alcorano
2984 5467 3049 5519 ad
3092 5480 3149 5518 se
3200 5463 3463 5536 dercmlis
3532 5477 3546 5492 '

1880 5535 2122 5593 demiSso
2163 5535 2504 5592 mendacium
2541 5540 2750 5594 centies
2784 5536 3130 5592 Mohamedes
3159 5535 3350 5588 etl‘utit.

1953 5607 2066 5678 (12)
2094 5608 2295 5662 Conler
2319 5609 2652 5664 Maraccium
2683 5611 2736 5663 iu
2759 5607 2874 5662 Vita
2902 5605 3257 5678 Mohamedis,
3285 5621 3336 5674 p.
3369 5605 3458 5659 38.

1882 5675 2152 5752 Nimirum
2187 5679 2278 5752 hic
2322 5680 2618 5752 situulabat
2647 5680 2894 5750 singulos
2928 5678 3049 5752 libri
3097 5677 3400 5752 versiculos
3431 5692 3460 5730 a

1881 5745 2133 5822 Gabriele
2150 5749 2480 5822 archangelo
2505 5745 2776 5822 act-ipere',
2800 5764 2940 5821 quos
2957 5749 3071 5818 ipse
3092 5745 3291 5803 deinde
3313 5760 3462 5802 εωθ-

1881 5819 2179 5874 uuensibus
2209 5821 2464 5874 dictabat.

1953 5890 2066 5960 (l5)
2099 5888 2226 5945 Sur.
2257 5891 2413 5958 CXII,
2441 5893 2494 5945 ‘2.

785 6109 804 6154 ὃ

741 6191 760 6214 vi
