3994 6604
190 477 305 539 τθθ

1359 465 1794 529 REFUTATIO
1828 463 2307 524 MOHAMEDIS.

3351 456 3456 522 710

191 587 405 660 ψευδῶς
436 586 744 656 γέγραπται
767 601 778 613 ³
808 584 901 638 καὶ
933 584 1067 655 πρὸς
1097 584 1154 638 τὸ
1183 582 1413 654 πιθανὴν
1436 582 1535 654 τὴν
1565 581 1782 650 ἀπάτην

1906 578 2062 646 itque
2091 588 2150 631 ut
2177 579 2363 630 dolum
2398 589 2560 629 suum
2590 570 2906 629 credibilem
2939 570 3124 636 faciat,
3156 586 3279 627 cum
3301 584 3456 628 ante-

189 675 509 731 δείκνυσθαι
536 675 668 743 (21),
687 673 1145 745 συναποδὲχεοθαι
1173 677 1293 736 ταῖς
1323 673 1569 744 πρώταις
1598 672 1780 739 ἁγίαις

193 767 465 836 Γραφαίς,
503 766 596 819 καὶ
624 763 830 834 ταύτην
863 763 1000 836 [βοά.
1029 762 1277 835 ταύταις]
1321 763 1780 834 παρακελεύεται,

191 856 496 932 οὑκεείδὼς
527 857 556 908 ό
592 855 866 927 βάρϐαρος
897 857 981 908 ἐπ’
1036 857 1316 925 ἀνατροπῇ
1369 853 1566 907 ἑαυτοῦ
1625 852 1782 904 τοῦτο

191 951 485 1019 γινόμενον
505 967 518 977 ·
551 949 692 1002 κατὰ
726 949 1005 1018 συνέχειαν
1034 947 1088 1000 δὲ
1126 949 1224 1015 τὴν
1249 949 1338 1000 ἀεὶ
1363 948 1501 1015 πρὸς
1528 947 1655 1008 τοὺς
1705 945 1784 997 δι-

194 1040 568 1102 απιστοῦντας
595 1041 674 1110 τῷ
704 1037 1010 1108 ὰσυμῖφόρῳ
1028 1038 1134 1089 τῶν
1168 1037 1331 1090 αὑτοῦ
1355 1036 1550 1104 λόγων,
1587 1033 1782 1087 ἀπολο-

191 1135 324 1198 γίαν
344 1134 527 1201 τίθησι
562 1132 765 1200 μεστὴν
797 1127 962 1184 οὖσαν
1007 1131 1321 1198 δυσφημίας
1359 1127 1500 1180 κατὰ
1534 1125 1626 1179 τοῦ
1659 1125 1780 1181 καθ’

191 1227 393 1278 ἑαυτὸν
414 1225 709 1294 ὀμόσαντος
737 1222 945 1290 ἀγαθοῦ
972 1224 1064 1274 καὶ
1092 1220 1472 1290 φιλανθρώπου
1519 1218 1677 1282 Θεοῦ,
1703 1220 1785 1271 ὅτι

190 1318 253 1369 εὑ
295 1316 543 1386 βούλεται
575 1315 666 1366 τὸν
698 1314 926 1366 θάνατον
953 1311 1047 1365 τοῦ
1089 1310 1438 1382 ἁμαρτωλοῦ,
1462 1310 1538 1373 ὡς
1577 1310 1637 1363 τὸ
1668 1313 1786 1362 ἐπιο

192 1411 433 1481 στρέψαι
475 1409 568 1461 καὶ
597 1406 695 1476 ζῇν
724 1406 886 1460 αὑτόν
906 1421 919 1436 ο
966 1406 1080 1457 ἔστι
1110 1406 1166 1458 δὲ
1201 1404 1340 1475 αὕτη
1364 1419 1376 1431 ·
1427 1404 1508 1456 ὅτι
1537 1403 1661 1466 τοὺς
1692 1419 1788 1454 πε-

191 1504 563 1564 πιστευκότας
592 1504 658 1570 τῇ
684 1501 911 1571 τοιαύτῃ
940 1500 1126 1569 γραφῇ
1160 1500 1188 1551 ό
1235 1496 1367 1558 Θεὸς
1404 1494 1671 1557 συνετίζει
1702 1512 1790 1546 πι-

193 1596 427 1648 στεῦσαι
466 1593 614 1665 (εεγ
656 1592 783 1656 τοὺς
833 1589 1346 1653 δὲ,διαπιστοῦντας
1403 1589 1566 1650 αὑτὸς
1593 1586 1790 1640 κωλύει

191 1687 495 1739 πιστεῦσαι
521 1685 630 1756 (25)
650 1703 662 1716 ·
699 1684 944 1751 καίτοιγε
967 1682 1184 1752 ἀληθῶς
1210 1681 1440 1745 ἐναλλὰξ
1459 1680 1672 1750 ἔχοντος
1696 1679 1790 1732 τοῦ

188 1779 384 1846 λόγου,
416 1779 497 1832 ὅτι
525 1778 651 1840 τοὺς
673 1777 749 1846 τῷ
783 1777 999 1846 ματαίῳ
1026 1775 1200 1844 τούτῳ
1232 1774 1589 1843 πειθομένους
1609 1778 1636 1827 ὁ
1661 1772 1793 1835 Θεὸς

189 1874 252 1926 οὑ
298 1872 546 1943 βούλεται
576 1871 892 1925 ἀπατᾶσθαι
914 1887 928 1900 °
966 1870 1042 1932 ὡς
1068 1869 1135 1922 ἂν
1168 1869 1224 1921 δὲ
1261 1869 1586 1939 τρανότερον
1617 1867 1678 1919 τὸ
1708 1866 1793 1918 λε-

1889 671 2123 725 rioribus
2157 670 2363 725 sanctis
2392 667 2691 738 Scripturis
2721 666 2822 721 has
2845 681 3063 736 quoque
3093 681 3222 720 suas
3253 667 3456 735 suscipi

1879 765 2030 833 jubet
2058 782 2073 831 ;
2119 765 2378 834 ignorans
2399 762 2688 825 barbarus,
2714 760 2765 815 id
2791 762 2859 814 ad
2891 761 2977 815 sui
3019 760 3190 830 ipsius
3223 761 3461 815 eversio-

1886 871 2009 909 nem
2063 856 2202 908 lieri.
2251 855 2612 910 Continentcr
2672 861 2851 907 autem
2901 853 3204 922 apologiam
3261 853 3461 922 ubique

1884 947 2015 1002 facit
2050 957 2240 1002 contra
2281 962 2387 1001 non
2420 947 2706 1001 credentes
2733 946 2917 1014 inepto
2940 945 3316 1005 scrmonisuo,
3346 960 3464 998 ma-

1886 1041 2201 1095 ledictorum
2236 1040 2447 1108 plenam
2478 1038 2740 1092 adversus
2775 1038 2948 1101 illum,
2993 1037 3084 1106 qui
3131 1055 3222 1105 per
3258 1045 3461 1092 semet-

1885 1134 2062 1202 ipsum
2127 1133 2311 1201 jurat,
2387 1132 2590 1185 bonum
2672 1131 3072 1199 benignumque
3133 1128 3323 1190 Deum,
3373 1129 3464 1198 qui

1887 1226 2182 1294 peccatoris
2209 1233 2434 1276 mortem
2465 1238 2570 1275 non
2593 1223 2729 1285 vult,
2774 1223 3006 1275 sedeum
3026 1223 3270 1276 converti
3304 1236 3368 1276 ac
3384 1223 3467 1272 vi-

1884 1331 2032 1371 vere.
2053 1315 2385 1370 Suntautem
2406 1315 2565 1369 verba
2586 1315 2703 1382 ejus
2732 1309 3062 1383 hnjusmodi,
3107 1315 3247 1384 quod
3278 1330 3469 1384 nempe

1891 1411 2017 1462 huic
2045 1393 2632 1478 scriptutmeredetites
2667 1407 2804 1461 Deus
2825 1407 3180 1475 intelligentes
3212 1407 3382 1458 reddit
3413 1417 3470 1458 ut

1890 1502 2157 1565 credant;
2192 1516 2297 1553 non
2327 1501 2615 1555 credentes
2641 1512 2820 1553 autem
2853 1499 2967 1566 ipse
2996 1514 3025 1551 a
3051 1498 3325 1552 credendo
3353 1512 3472 1566 prn-

1893 1593 2042 1646 hibet
2078 1609 2091 1645 :
2135 1607 2260 1646 cum
2300 1601 2480 1646 tamen
2517 1607 2604 1646 res
2635 1594 2752 1646 vice
2779 1607 2934 1646 versa
2971 1606 3028 1644 se
3074 1589 3287 1652 habeat,
3318 1590 3462 1658 quod

1894 1701 2088 1754 nempe
2115 1685 2276 1747 Deus,
2310 1687 2479 1740 stulto
2535 1685 2660 1739 huic
2711 1684 3017 1745 credentes,
3063 1682 3234 1750 decipi
3270 1682 3471 1742 nollet;

1893 1792 1989 1831 eos
2013 1787 2198 1830 autem
2231 1777 2324 1846 qui
2370 1792 2476 1830 non
2499 1776 2750 1838 credunt,
2779 1774 3001 1841 adjuvat
3022 1773 3138 1841 ipse
3171 1771 3470 1841 quominus

1894 1866 2259 1936 decipiantur.
2297 1868 2477 1935 Atque
2505 1875 2564 1918 ut
2604 1865 2750 1919 dicta
2787 1864 3017 1918 clariora
3057 1863 3207 1925 fiant,
3257 1863 3322 1916 ad
3373 1862 3476 1915 hoc

187 1965 433 2034 γόμενον
455 1963 702 2034 γένηται,
727 1966 807 2026 είς
832 1961 992 2016 τοῦτο
1021 1961 1152 2014 αὑτὸ
1176 1961 1474 2029 καταλήγει
1496 1962 1530 2029 ὴ
1566 1958 1786 2030 σκῆψις,

1906 1961 2075 2015 evadit
2105 1957 2664 2040 COIIIIIICDIIIIII'lelS;
2725 1972 2920 2026 nempe
2955 1957 3101 2024 quod
3158 1954 3299 2009 Dcus
3329 1954 3472 2015 illos,

187 2058 278 2109 ὅτι
319 2053 411 2118 οὓς
445 2055 543 2124 μὲν
582 2056 610 2107 6
662 2054 794 2116 Θεὸς
849 2053 991 2107 θέλει
1031 2053 1225 2118 σῶσαι,
1279 2053 1598 2123 καταρτίςει
1654 2051 1790 2120 πρὸς

188 2149 386 2199 πᾶσαν
420 2144 589 2197 αὑτοῦ
629 2147 848 2216 ἐντολὴν
896 2145 1173 2214 ὑπηκόους
1201 2162 1215 2176 ο
1246 2143 1339 2203 οὓς
1364 2145 1418 2196 δὲ
1442 2145 1502 2196 οὑ
1541 2143 1790 2214 βούλεται

189 2238 398 2302 σῶσαι,
424 2239 485 2290 οὑ
509 2237 691 2291 δίδωσι
721 2239 906 2301 αὑτοῖς
937 2237 1154 2290 σύνεσίν
1192 2255 1252 2290 τε
1280 2237 1374 2289 καὶ⁵
1425 2235 1654 2305 δύναμιν
1708 2236 1791 2286 ὲν-

191 2331 499 2396 ωτίςεσθαι
523 2371 536 2391 ,
578 2332 672 2384 καὶ
694 2334 867 2384 ποιεῖν
893 2331 962 2384 τὰ
1007 2330 1158 2401 αὑτῷ
1204 2331 1496 2397 εὑάρεστα,
1523 2330 1616 2382 καὶ
1651 2328 1793 2382 κατὰ

187 2425 362 2478 τοῦτο
391 2429 456 2494 τῇ
492 2424 712 2478 κολάσει
741 2424 1128 2493 παραδίδωσιν.
1193 2423 1281 2486 Ὠς
1327 2425 1391 2477 ἐκ
1427 2423 1616 2476 τούτου
1647 2440 1793 2494 παρ-

191 2515 460 2570 ίστασθαι
491 2519 693 2569 ἐννοεῖν
738 2515 848 2568 τῶν
875 2515 1092 2568 ἀτόπων
1121 2515 1443 2585 δυσφημιῶν
1482 2515 1542 2568 τὸ
1565 2515 1791 2584 πλῆθος,

188 2609 287 2662 ὅτι
315 2612 342 2662 ὁ
371 2609 506 2672 Θεὸς
529 2609 776 2678 κωλυτὴς
819 2611 935 2661 ἐστι
969 2608 1079 2661 τῶν
1129 2608 1267 2679 πρὸς
1300 2609 1362 2660 τὸ
1394 2609 1556 2661 καλὸν
1586 2610 1795 2679 ἀφωρι-

190 2701 446 2770 σμένων,
485 2702 566 2753 ὅτι
603 2700 820 2754 ὲναντία
845 2700 1005 2762 αὑτὸς
1039 2699 1218 2768 ἑαυτῷ
1257 2699 1558 2768 νομοθετεῖ,
1587 2692 1797 2762 πάντας

193 2791 312 2862 μὲν
341 2791 416 2861 μὴ
445 2791 613 2844 θέλων
645 2791 839 2852 σῶσαι,
875 2792 1009 2843 πᾶσι
1061 2791 1238 2853 δὲτὰς
1269 2793 1543 2854 σωστικὰς
1574 2791 1795 2855 ἐντολὰς

193 2881 670 2954 προϐαλλόμενος,
728 2884 808 2944 είς
863 2880 1118 2951 ἀφορμὴν
1149 2880 1396 2950 ἐλέγχου,
1429 2880 1543 2933 ἀλλ’
1588 2881 1689 2934 οὐκ
1717 2883 1798 2944 είς

194 2973 518 3044 συνδρομὴν
552 2974 824 3026 ὲπάθλωψ
846 2973 929 3026 ὅτι
963 2973 1183 3036 πάντως
1214 2972 1427 3041 φθονῶν
1443 2972 1600 3026 τοῦτο
1629 2975 1795 3037 ποιεῖ,

193 3065 231 3135 ἢ
282 3065 366 3117 ὅτι
406 3065 700 3134 πενόμενος
747 3064 1134 3135 μισθοδοτῆσαι
1185 3066 1416 3127 πάντας,
1483 3064 1517 3135 ἢ
1559 3065 1636 3127 ὡς
1688 3064 1797 3118 ίδια

194 3156 512 3222 διαπαίζων
563 3158 722 3226 ἔργα,
766 3157 841 3228 μὴ
893 3157 1033 3227 ἔχων
1059 3157 1120 3210 ὃν
1143 3156 1585 3228 εὑλαόηθήσεται
1611 3157 1798 3211 ἕνεκεν

195 3253 314 3321 τῆς
368 3250 624 3322 τοιαύτης
659 3250 940 3321 ιΞιληθείας⁸
983 3252 1016 3321 ἦ
1060 3251 1136 3312 ὡς
1175 3251 1433 3320 ἐφήδονος
1465 3253 1529 3321 τῇ
1554 3251 1663 3306 τῶν
1702 3253 1794 3304 ἀν·

201 3342 452 3412 θρώπων
486 3341 732 3412 ἀπωλείᾳ.
767 3341 952 3404 ἁπλῶς
978 3357 991 3370 ·
1026 3340 1058 3411 ἢ
1092 3341 1167 3404 ὡς
1196 3340 1552 3410 μνησικακῶν
1585 3341 1672 3394 διά
1698 3340 1798 3412 τὴν

202 3431 355 3504 πρὸς
379 3431 470 3484 τὸν
496 3432 818 3502 προπάτορα
850 3429 1006 3500 ἡμῶν
1027 3431 1424 3497 ἀγανάκτησιν’
1462 3428 1494 3498 ἦ
1529 3430 1612 3482 ὅτι
1641 3429 1802 3497 φύσει

201 3522 392 3586 αἴτιός
413 3524 527 3576 ἐστι
561 3523 668 3574 τῶν
699 3522 904 3586 κακῶν,
936 3522 1030 3574 καὶ
1065 3521 1124 3573 οὑ
1160 3523 1234 3592 μὴ
1261 3520 1486 3574 δύναται
1526 3521 1608 3593 ,μὴ
1641 3539 1805 3575 κακο-

204 3631 467 3684 ποιησαι.

291 3795 392 3850 λα’.
417 3796 603 3849 Ταῦτα
624 3796 716 3848 καὶ
738 3794 806 3848 τά
830 3794 1052 3849 τοιαῦτα
1075 3795 1103 3846 ὁ
1127 3793 1503 3864 ἀμαθέστατος
1535 3795 1807 3864 γνωμοδο-

207 3891 305 3942 τεῖ
339 3887 631 3959 βάρϐαρος,
663 3888 728 3939 ἐκ
751 3887 1053 3957 προοιμίων
1081 3886 1240 3948 εὐθὺς
1269 3885 1369 3955 τὴν
1394 3887 1632 3956 ἀπορίαν
1661 3886 1808 3940 λύειν

209 3980 488 4050 οἰόμενος,
518 3980 610 4032 τοῦ
636 3980 710 4049 μὴ
736 3979 946 4042 πάντας
965 3978 1189 4050 θελῆσαι
1219 3981 1284 4048 τῇ
1311 3977 1476 4030 αὑτοῦ
1509 3978 1810 4048 ὑπενεχθῆ-

213 4091 316 4126 ναι
373 4073 592 4146 ἀπάτῃ’
647 4071 806 4124 τοῦτο
851 4071 906 4123 δὲ
968 4070 1049 4123 δεῖ
1094 4070 1483 4140 παρατηρῆσαι
1515 4069 1573 4120 ὲν
1601 4067 1706 4138 ὅλῳ
1732 4068 1810 4138 τῷ

213 4164 530 4236 ἀγροικικῴ
560 4162 755 4232 ἐκείνῳ
815 4162 1054 4234 βιϐλιδίῳ
1083 4203 1098 4228 ,
1138 4163 1220 4215 ὅτι
1275 4159 1530 4228 ἐγνωκὼς
1579 4161 1608 4212 6
1654 4159 1810 4212 τοῦτο

215 4255 570 4328 ληρῳδήσας,
601 4253 1042 4325 δυσπαράδεκτον
1083 4255 1219 4314 ὅλως
1267 4249 1433 4304 οὖσαν
1466 4251 1810 4321 Χριπιανοῖς

215 4363 287 4400 τε
319 4345 413 4399 καὶ
455 4345 730 4407 Ἰουδαίοις
766 4346 864 4416 τὴν
912 4343 1158 4414 πλαστὴν
1208 4341 1373 4396 αὑτοῦ
1403 4341 1609 4414 ταύτην
1641 4341 1810 4413 μυθο-

216 4437 469 4508 γραφίαν
531 4438 627 4490 καὶ
661 4436 1004 4507 βαρϐαρικὴν
1046 4435 1368 4508 θρησκείαν,
1428 4435 1529 4498 τὰς
1566 4435 1717 4508 παρὰ
1744 4436 1810 4506 τῇ

221 4528 353 4601 θείᾳ
379 4529 568 4598 Γραφῇ
593 4529 853 4599 κειμένας
881 4528 1031 4590 θείας
1059 4525 1395 4596 ἐπαγγελίας
1437 4524 1808 4595 ἀποσυλήσας,

1897 2070 2038 2124 quos
2067 2055 2181 2107 vult
2214 2053 2451 2114 salvare,
2482 2050 2861 2106 accommodat
2890 2049 2956 2102 ad
2976 2049 3220 2102 mandati
3240 2053 3321 2101 sui
3343 2049 3480 2102 obc-

1898 2148 2160 2201 dientiam
2194 2165 2209 2199 :
2247 2160 2386 2215 quos
2413 2152 2595 2198 autem
2635 2158 2743 2196 non
2785 2141 2902 2196 vult
2943 2140 3176 2204 salvare,
3219 2151 3380 2209 negat
3409 2143 3476 2194 iis

1899 2240 2308 2308 intelligentiam
2337 2248 2390 2290 et
2421 2235 2768 2292 auscultandi
2801 2234 3139 2298 facultatem,
3167 2243 3220 2287 ct
3275 2235 3471 2298 placita

1899 2331 1946 2385 ei
1981 2329 2316 2398 exsequendi
2350 2344 2364 2380 τ
2394 2337 2560 2395 atque
2581 2325 2654 2379 ita
2675 2324 2946 2394 punitioni
2978 2323 3271 2378 contradit.
3299 2327 3477 2392 Atque

1902 2423 2032 2475 hinc
2097 2422 2343 2489 cogitare
2400 2418 2592 2472 subest
2644 2415 3107 2485 blasphemiarum
3169 2414 3476 2468 euormium

1903 2511 2306 2566 multitudinem
2334 2525 2348 2574 ;
2386 2521 2583 2576 nempe
2613 2506 2759 2576 quod
2790 2504 2932 2560 Deus
2960 2505 3222 2574 impediat
3250 2519 3345 2557 eos
3369 2506 3461 2573 qui

1902 2602 1971 2657 ad
2007 2605 2143 2657 bene
2174 2600 2443 2671 agendum
2488 2599 2674 2653 forent
2701 2598 2957 2652 destinati
2987 2615 3000 2650 :
3038 2597 3184 2666 quod
3219 2598 3337 2666 ipse
3371 2597 3474 2650 sibi

1903 2695 2113 2764 legibus
2141 2693 2380 2748 ferendis
2413 2691 2792 2757 contradicat;
2844 2701 3073 2744 cunctos
3123 2690 3339 2759 quidem
3373 2689 3486 2744 sal-

1903 2805 2032 2842 vare
2070 2788 2280 2848 nolens.
2325 2797 2381 2841 et
2411 2798 2593 2840 tamen
2649 2784 2912 2839 salutaria
2945 2791 3212 2852 prmcepta
3269 2784 3483 2836 cunctis

1909 2882 2151 2946 edicens,
2181 2889 2241 2934 ut
2271 2881 2384 2934 haec
2415 2881 2525 2934 sint
2555 2877 2812 2946 culpandi
2857 2875 3102 2939 occasio,
3145 2891 3254 2928 non
3299 2883 3480 2928 autem

1904 2972 2274 3042 consequendi
2310 2972 2516 3042 praemii
2563 2969 2916 3039 adjutoriunt.
2951 2968 3042 3021 Sic
3073 2975 3252 3020 autem
3289 2965 3371 3019 vel
3400 2965 3486 3018 in-

1906 3065 2030 3120 vide
2063 3066 2177 3134 agit
2213 3067 2356 3117 Deus
2390 3081 2404 3116 :
2443 3063 2523 3114 vel
2552 3063 2679 3130 quia
2721 3069 2952 3113 cunctos
3005 3056 3342 3111 remunerari
3383 3071 3479 3108 ue-

1906 3157 2024 3228 quit
2061 3174 2074 3210 ε
2117 3156 2200 3210 vel
2226 3155 2384 3226 quasi
2416 3164 2698 3210 creaturas
2732 3167 2862 3206 suas
2912 3151 3168 3214 illudens,
3207 3149 3479 3202 neminem

1909 3251 2116 3304 habens
2165 3263 2326 3318 quem
2381 3247 2452 3300 ob
2492 3247 2633 3299 hanc
2683 3245 2969 3298 veritatem
3024 3241 3484 3296 revereatur:vel

1905 3341 2034 3411 quia
2072 3341 2287 3394 laetatur
2320 3340 2543 3393 omnino
2583 3337 2866 3391 hominum
2899 3336 3140 3405 pernicie
3179 3353 3192 3388 :
3235 3333 3318 3389 vel
3354 3333 3485 3404 quia

1909 3432 2163 3485 ultricem
2224 3431 2557 3484 voluntatem
2615 3427 2846 3490 retinet,
2903 3433 3124 3495 pl'Olllel'
3177 3433 3485 3494 susceptam

1906 3539 2031 3578 cum
2072 3523 2422 3593 progenitore
2453 3529 2640 3575 nostro
2671 3519 3014 3573 inimicitiam
3057 3535 3069 3572 :
3108 3519 3191 3572 vel
3221 3517 3352 3587 quia
3391 3533 3492 3570 na-

1911 3615 2162 3670 turaliter
2189 3627 2356 3669 causa
2380 3613 2644 3667 malorum
2675 3623 2780 3676 est,
2806 3625 2983 3679 neque
3011 3620 3189 3681 potest
3217 3610 3356 3664 male
3381 3625 3490 3664 nou

1907 3707 2106 3762 facere.

1975 3798 2067 3852 51.
2102 3796 2262 3852 Tales
2287 3807 2576 3868 tantasque
2602 3797 2996 3852 inscitissimus
3030 3795 3300 3849 barbarus
3328 3793 3488 3864 quasi

1910 3891 2217 3945 sententias
2262 3889 2460 3955 etintit,
2510 3888 2622 3958 jam
2701 3890 2884 3942 indea
2942 3886 3211 3958 principio
3268 3874 3493 3939 dubium

1911 3982 2094 4037 statim
2125 3996 2187 4036 se
2217 3981 2516 4036 dissolvere
2546 3989 2768 4049 putans,
2801 3995 2901 4034 cur
2942 3995 3050 4032 non
3115 3992 3308 4031 omnes
3352 3976 3494 4030 dolis

1909 4071 2245 4138 ejusirretiri
2266 4071 2563 4125 voluerint.
2601 4069 2717 4125 Hoc
2734 4079 2918 4124 autem
2952 4067 3494 4123 animadvertendum

1910 4173 1994 4218 est
2028 4164 2080 4216 in
2113 4172 2225 4216 toto
2256 4162 2350 4216 illo
2383 4163 2583 4232 agresti
2613 4161 2816 4224 libello,
2841 4160 2986 4230 quod
3016 4159 3138 4228 ejus
3166 4158 3492 4228 nugatorias

1902 4261 2110 4307 auctor
2140 4268 2366 4321 gnarus,
2395 4267 2536 4322 zegre
2589 4253 2816 4307 omnino
2848 4252 2964 4306 fore
2993 4251 3306 4306 credibilem
3337 4248 3498 4307 Chri-

1913 4345 2111 4401 8tianis
2147 4347 2540 4415 atqueJudaeis
2591 4345 2777 4402 fictam
2807 4346 2950 4400 hanc
2997 4361 3153 4400 suam
3187 4345 3500 4416 mythogra-

1910 4437 2100 4507 phiam
2132 4438 2588 4509 barbaricamque
2625 4439 2968 4510 religionem,
3012 4447 3294 4493 exstantes
3346 4439 3495 4508 apud

1913 4531 2157 4587 divinam
2194 4531 2534 4602 Scripturam
2570 4532 2662 4588 Dei
2693 4533 3088 4603 promissiones
3131 4531 3496 4598 subfnratur;

222 4620 324 4674 καὶ
376 4619 496 4673 οὑδὲ
545 4619 748 4683 ταύτας
807 4620 1044 4684 ἁπάσας,
1086 4618 1222 4673 ἀλλὰ
1270 4619 1365 4671 τόν
1387 4633 1451 4686 γε
1487 4616 1798 4687 παράδεισοι

1921 4637 2096 4692 neque
2123 4623 2223 4678 has
2266 4634 2446 4679 tamen
2492 4639 2709 4690 omnes,
2758 4629 2852 4680 sed
2899 4626 3214 4695 paradisum
3266 4633 3502 4682 tantum-

228 4713 394 4782 μόνον
444 4713 502 4764 ἐν
529 4711 824 4781 ὑποσχέσει
871 4711 1228 4782 κληροδοσίας
1259 4708 1662 4779 καταψεύδεται
1706 4709 1814 4762 τῶν

225 4802 380 4874 αὑτῷ
411 4803 797 4858 ὑπακουόντων
821 4821 834 4836 ο
884 4803 980 4857 καὶ
1038 4804 1198 4858 τοῦτο
1231 4800 1543 4866 παναθλίως
1599 4801 1814 4872 γυναιξί

228 4987 539 5059 Ceteroqui
563 4993 1004 5059 noster_quoque
1032 4985 1248 5059 Nicctas
1269 4990 1516 5058 agnoscit
1546 4991 1802 5046 Alcoraui

229 5055 560 5132 protemi'um
591 5056 734 5132 κατὰ
763 5055 933 5128 [puto’
950 5072 1048 5132 pro
1075 5057 1235 5132 μετὰ]
1265 5055 1364 5128 τῆν
1386 5060 1649 5132 δοκοῦσαν
1673 5079 1808 5132 προ-

231 5127 411 5199 οιμὼυ
440 5129 608 5183 τόπον
646 5127 792 5197 ἔχειν
842 5127 1085 5199 γραφήνζ
1145 5127 1256 5182 Nos
1305 5127 1437 5198 ergo
1489 5132 1542 5184 in
1603 5127 1806 5186 Nicéue

231 5209 383 5255 textu
413 5200 638 5254 retentis
675 5200 987 5254 necessm-io
1047 5199 1266 5268 scriptis
1311 5200 1378 5252 ab
1409 5201 1501 5254 illo
1539 5217 1800 5256 surarum

233 5272 504 5337 numeris,
544 5270 636 5340 qui
660 5284 875 5338 semper
902 5283 1013 5323 uno
1069 5270 1252 5321 minus
1287 5270 1520 5339 vulgatis
1569 5281 1717 5334 sunt,
1752 5273 1807 5327 iu

233 5341 577 5410 marginibus
637 5350 815 5393 tamen
874 5342 1123 5410 vulgatos
1171 5341 1493 5410 earumdem
1551 5357 1807 5396 surarum

233 5409 494 5466 numeros
523 5411 884 5482 ascribemus,
915 5427 1025 5482 quo
1056 5409 1270 5464 facilius
1295 5409 1528 5466 lectores
1548 5413 1616 5466 ad
1644 5413 1810 5467 Alco-

235 5498 431 5536 ranuni
466 5497 524 5535 se
549 5495 650 5534 con
660 5480 856 5534 ferant.

308 5552 420 5621 (ει)
457 5551 585 5605 Sur.
623 5551 686 5617 ιι,
715 5551 772 5621 4.

306 5620 417 5693 (-22)
447 5626 576 5693 βυτ.
612 5621 675 5686 ΙΙ,
710 5620 741 5673 7
781 5637 862 5691 sq.

307 5690 678 5764 (23)|mpiam
735 5690 1240 5764 lianclllohamedis
1303 5691 1639 5764 doctrinam,
1701 5710 1810 5764 qua

237 5762 362 5818 sura
388 5765 626 5819 secunda
647 5771 838 5825 scatet,
877 5762 1080 5816 frustra
1109 5764 1239 5816 mihi
1265 5763 1480 5818 elevare
1513 5774 1606 5818 aut
1636 5762 1810 5820 lenire

236 5837 451 5887 videtur
483 5833 760 5887 “claudus
789 5835 839 5887 in
886 5832 1268 5887 Moltamedicis
1303 5834 1399 5889 lib.
1434 5849 1494 5897 ll,
1529 5834 1578 5889 4.
1635 5833 1811 5890 Perti-

240 5914 327 5959 net
346 5914 530 5960 autem
559 5906 627 5960 ad
680 5905 890 5962 celebre
927 5905 1072 5975 apud
1128 5903 1553 5962 Mohamedanos
1601 5905 1801 5978 dogma

1919 4715 2084 4771 modo
2116 4718 2450 4774 haereditatis
2502 4719 2626 4774 loco
2691 4721 2917 4776 asseclis
2984 4720 3101 4774 suis
3161 4719 3501 4776 mendaciter

1922 4810 2220 4880 promittit,
2252 4811 2415 4882 idque
2469 4811 2769 4868 admodum
2824 4812 3134 4883 ﬂagitiose;
3170 4826 3368 4884 nempe
3403 4827 3502 4867 eos

1917 4994 2112 5047 decreti
2140 4994 2279 5066 (sive
2317 4992 2818 5066 praedestinationis
2849 4991 3185 5066 gratuitagget
3215 4989 3502 5066 absoluta)

1918 5067 1984 5118 de
2009 5060 2384 5134 quo'legatui-
2435 5061 2760 5118 Herbelotus
2815 5060 2934 5116 voc.
3001 5060 3504 5134 cadha.__l_§_vodius

1919 5129 2138 5204 quoque
2168 5129 2473 5204 monachus
2508 5135 2562 5188 in
2588 5133 2817 5187 historia
2853 5129 3312 5204 inartyrunrxbll
3336 5132 3505 5204 Anig-

1917 5201 2182 5270 riensiuni
2219 5222 2250 5259 a
2277 5203 2569 5258 Saracenis
2597 5205 2904 5259 occisorum
2933 5201 3204 5272 (Bulland.
3237 5201 3398 5256 Mart.
3431 5201 3496 5256 T.

1918 5273 1959 5338 1,
1994 5276 2081 5330 die
2109 5277 2163 5346 6)
2200 5277 2592 5346 concionantes
2619 5275 2747 5327 facit
2767 5285 3033 5346 martyres
3063 5275 3329 5346 adversus
3356 5274 3505 5346 hunc

1921 5344 2214 5401 immanem
2265 5345 2520 5398 Alcorani
2559 5359 2825 5399 errorem.
2880 5345 2946 5397 Et
2991 5345 3212 5414 quidem
3273 5344 3500 5414 legenda

1923 5425 2008 5470 est
2041 5426 2148 5469 tota
2185 5417 2273 5469 illa
2332 5414 2518 5468 Evodii
2553 5415 2818 5470 adversus
2872 5415 3254 5470 Saracenicam
3293 5424 3501 5468 sectam

1927 5487 2181 5552 invectio,
2205 5486 2362 5553 cujus
2389 5486 2610 5555 nonnisi
2648 5486 2912 5555 particula
2962 5485 3196 5539 refertur
3239 5484 3505 5555 aﬂZyga-

1927 5556 2064 5611 lieno
2095 5559 2146 5611 in
2187 5554 2453 5626 Panoplia
2513 5554 2807 5612 Lat.'Bibl.
2840 5556 2942 5611 PP.
2994 5555 3169 5626 Lugd.
3202 5567 3240 5610 ι.
3274 5554 3413 5620 XIV,
3448 5572 3503 5626 p.

1923 5626 2051 5691 2'29,
2081 5631 2146 5681 de
2175 5620 2285 5682 Deo
2320 5620 2446 5697 mali
2471 5639 2734 5693 auctore;
2786 5644 2909 5697 qurc
2944 5620 3236 5697 particula
3277 5620 3502 5680 incaute

1921 5713 2046 5750 eum
2092 5697 2286 5753 alienis
2328 5696 2529 5752 ibidem
2565 5696 2966 5764 confusa’fuit;
3008 5699 3062 5752 in
3095 5696 3286 5754 Graeco
3316 5706 3502 5751 autem

1919 5767 2273 5893 :g;liilfiti::md
2319 5767 2672 5841 Sylburgium
2707 5784 2773 5824 ne
2805 5785 3000 5826 nomen
3035 5770 3254 5840 quidem
3315 5767 3508 5824 Evodii

1918 5847 2203 5894 SCl'lblltIl‘.
