3994 6660
581 457 683 524 'III

1837 455 2133 518 NICET/E

2238 457 2581 520 IZANTINI
3744 466 3830 530 ’112

579 570 827 630 candidis
855 582 1228 640 speciosisque
1268 566 1588 622 mulieribus
1640 565 1942 634 fruitnros;
1977 569 2134 639 (μιοώ

2257 589 2392 642 φησι
2418 571 2878 643 λελευκασμέναις
2915 589 2974 626 τε
2996 572 3091 627 καὶ
3121 571 3500 644 εύοφθάλμοις
3527 583 3824 649 συγγινομέ.

578 682 688 737 que
727 663 1043 720 horribilius
1093 674 1196 720 est.
1243 672 1370 716 ante
1425 661 1516 714 Dei
1579 672 1973 731 conspectum:
2010 664 2150 720 Dens

575 759 745 824 enim,
780 757 956 826 inquit
988 754 1094 820 ille,
1131 769 1238 807 non
1267 753 1561 807 erubescit.
1595 753 1806 822 Quippe
1837 753 1908 807 ita
1957 768 2152 808 carna-

576 851 681 906 lem
720 864 946 919 prorsus
975 859 1026 902 et
1059 845 1417 907 materialem,
1447 856 1500 899 et
1528 861 1557 900 a
1585 845 1836 914 praesenti
1864 847 1971 900 vita
2014 846 2151 900 nihil

573 943 909 998 diii‘errntem
939 941 1054 993 fore
1088 939 1302 991 illorum
1352 939 1630 991 fabulatur
1661 939 2144 1004 resurrectionem,

571 1047 775 1101 eosque
806 1031 942 1084 cibis
991 1046 1055 1084 ac
1092 1029 1309 1099 potibus
1351 1039 1406 1082 et
1460 1029 1868 1084 excretionibus
1923 1044 2145 1083 usuros.

573 1124 681 1178 Illis
708 1138 833 1177 vero
863 1123 954 1190 qui
991 1121 1090 1174 sibi
1125 1137 1228 1174 non
1266 1121 1784 1189 obtemperaverint,
1831 1136 1951 1175 eam
1981 1137 2144 1191 quam

570 1216 862 1286 Evangelia
897 1215 1063 1268 Deum
1094 1213 1421 1268 laedentibus
1470 1212 1876 1266 comminantur
1927 1201 2172 1282 pinnam'

570 1309 756 1362 indicit
785 1325 799 1373 ;
842 1321 1037 1375 nempe
1069 1315 1129 1358 ut
1158 1314 1449 1358 consuetas
1487 1304 1702 1358 illorum
1736 1305 2014 1358 memoriae
2047 1319 2144 1359 ro-

566 1401 804 1470 Iuptates
854 1413 1111 1468 pmnasve
1170 1411 1496 1466 preponens,
1562 1395 1776 1451 facilius
1827 1396 2142 1451 earumdem

569 1494 770 1548 animis
811 1493 1067 1562 potiatur.
1099 1491 1282 1559 Neque
1314 1491 1414 1544 hoc
1446 1490 1573 1543 item
1610 1490 1992 1543 veterator-ium
2025 1489 2150 1564 ejus.

567 1585 779 1640 facinus
810 1585 1168 1655 ignorantium
1200 1592 1303 1643 est,
1332 1583 1472 1652 quod
1503 1581 1644 1635 haud
1667 1582 1890 1635 omnino
1925 1593 2144 1637 recusat

562 1689 878 1734 sanctorum
917 1678 1298 1746 prophetarum
1327 1675 1546 1728 nomina
1587 1690 2043 1738 commemorare,
2084 1686 2143 1730 ut

567 1771 1015 1826 veneraudorum
1045 1769 1284 1822 virorum
1313 1767 1672 1836 appellatione
1733 1766 1974 1824 fraudem
2008 1769 2142 1823 celet

567 1863 816 1932 negantis
842 1861 1005 1915 Deum
1041 1858 1384 1928 Agarenismi
1432 1859 1536 1912 sui.
1568 1858 1872 1929 Cmteroqui
1923 1861 2140 1914 nomine

2259 681 2366 718 νων
2398 665 2510 734 (24)
2532 681 2546 694 °
2572 666 2666 718 καὶ
2695 664 2756 718 τὸ
2780 666 3155 736 φρικτότερον,
3173 664 3315 718 Θεοῦ
3351 666 3693 720 κατενώπιον
3713 671 3826 742 (25)-

2259 754 2393 818 Θεὸς
2419 756 2548 825 γάρ,
2579 756 2764 826 φησὶν,
2791 756 2893 809 οὐκ
2912 756 3227 826 αἰσχύνεται
3265 755 3386 825 (26)
3414 773 3429 786 ·
3458 757 3718 829 ἐνσαρκον
3739 765 3828 833 γὰρ

2259 846 2541 908 παντελῶς
2567 848 2660 900 καὶ
2685 846 2870 900 ἐνυλον
2899 848 3120 912 οὑτωσὶ,
3141 847 3216 912 ὡς
3250 848 3428 918 μηδὲν
3447 850 3550 918 τῆς
3571 850 3826 924 παρούσης

2257 936 2402 1009 ζωῆς
2431 937 2849 993 διαλλάττουσαν
2875 939 2973 1010 τὴν
3011 941 3192 995 αὐτῶν
3227 943 3543 996 ἀνάστασιν
3578 948 3828 1013 τερατεύε-

2255 1047 2367 1096 ται,
2407 1030 2657 1100 βρώμασι
2685 1049 2745 1084 τε
2777 1033 2872 1086 καὶ
2908 1033 3117 1100 πόμασι
3151 1036 3246 1088 καὶ
3276 1035 3545 1105 ἀφέδροις
3579 1042 3823 1107 κεχρημέ-

2254 1141 2378 1187 νους
2405 1125 2602 1188 αὐτούς
2635 1126 2766 1196 (27)·
2805 1126 2930 1189 τοὺς
2960 1127 3014 1180 δὲ
3041 1127 3189 1198 αὐτῷ
3231 1129 3310 1199 μὴ
3345 1128 3718 1199 πειθομένους,
3741 1133 3821 1205 τὴν

2255 1218 2313 1268 ἐν
2349 1218 2705 1287 Εὐαγγελίοις
2761 1221 3138 1291 ἡπειλημένην
3187 1224 3424 1289 γέενναν
3471 1225 3585 1286 τοῖς
3615 1227 3689 1286 είς
3713 1225 3822 1278 Θεὸν

2253 1311 2677 1382 καθυϐρίζουσιν
2705 1312 3118 1366 ὲπανατείνεται
3136 1328 3150 1342 ·
3179 1314 3256 1377 ὡς
3281 1315 3351 1368 ἂν
3379 1317 3445 1367 ἐκ
3475 1316 3585 1367 τῶν
3609 1321 3819 1385 συνήθων

2251 1405 2363 1466 τοῖς
2398 1404 2769 1473 μεμνημένοις
2804 1405 3014 1473 ἐφετῶν
3042 1422 3102 1458 τε
3134 1407 3228 1460 καὶ
3267 1408 3564 1476 στυγητῶν
3610 1410 3820 1481 εὐπαρά-

2249 1493 2436 1556 δεκτος
2455 1495 2678 1564 γένηται
2699 1510 2712 1525 ·
2737 1497 2831 1549 καὶ
2865 1495 3020 1552 τοῦτο
3033 1499 3088 1552 δὲ
3123 1499 3196 1570 μὴ
3217 1501 3443 1568 ἀγνοεῖν
3474 1502 3754 1569 ἀναγκαῖον
3771 1506 3816 1559 τὸ

2252 1585 2748 1658 ρᾳδιούργημα,ὄτι
2765 1590 2826 1642 οὐ
2853 1594 3202 1660 παραιτεῖται
3221 1593 3416 1656 ἁπλῶς
3445 1595 3515 1648 τά
3541 1595 3648 1648 τῶν
3673 1597 3818 1666 ἁγίων

2251 1678 2550 1748 προφητῶν
2577 1681 3052 1752 ἀπομνημονεύειν
3075 1683 3319 1754 ὀνόματα
3346 1685 3488 1757 (28),
3525 1686 3613 1740 ἵνα
3639 1690 3696 1758 τῇ
3728 1689 3817 1741 τῶν

2251 1770 2566 1841 σεϐασμίων
2615 1772 2826 1840 ἀνδρῶν
2884 1776 3231 1847 προσηγορία
3293 1777 3612 1840 ἀνύποπτος
3641 1780 3816 1851 αὑτῷὸ

2246 1859 2395 1926 δόλος
2425 1863 2524 1932 τῆς
2551 1863 2804 1933 ἀρνιθέου
2848 1864 3184 1937 Ἀγαρησίας
3208 1867 3480 1937 γένηται·
3531 1868 3695 1938 ψιλῶς
3726 1871 3814 1940 γὰρ

564 1964 722 2008 tenus
755 1953 967 2006 illorum
1010 1954 1287 2013 meminit;
1331 1952 1422 2006 sed
1453 1952 1801 2020 praedicatam
1831 1952 1900 2006 ab
1925 1952 1993 2006 iis
2038 1967 2132 2008 ve-

2240 1951 2400 2021 μόνον
2437 1953 2632 2016 αὐτοὺς
2678 1953 3030 2024 ὲξονομάζειυ
3056 1957 3154 2027 τὴν
3180 1956 3238 2010 δέ
3268 1974 3333 2025 γε
3373 1958 3485 2029 μὴν
3516 1958 3643 2027 παρ’
3663 1959 3814 2013 αὐτῶν

561 2048 799 2112 ritatem,
852 2045 1010 2100 factis
1066 2043 1353 2099 manifeste
1398 2052 1628 2098 cooatur
1685 2044 1929 2098 dolosam
1981 2059 2140 2098 coar-

558 2157 764 2210 guere;
802 2140 960 2210 quasi
993 2139 1073 2192 lex
1109 2139 1363 2193 alumnos
1393 2154 1524 2192 suos
1557 2137 1771 2191 salvare
1801 2154 1907 2191 non
1939 2138 2137 2204 valeat,

564 2235 668 2288 nisi
695 2235 796 2288 sibi
827 2248 1047 2304 quoque
1098 2231 1258 2287 ﬁdem
1303 2232 1616 2286 adhibeant.
1652 2230 1915 2285 Praeterea
1967 2231 2139 2301 ipsius

558 2329 724 2381 etiam
754 2325 970 2380 Domini
1001 2325 1172 2380 nostri
1213 2323 1342 2379 Jesu
1380 2325 1581 2378 Christi
1639 2323 1992 2378 multifariam
2027 2340 2140 2379 me-

560 2419 744 2484 minit,
772 2428 823 2472 et
850 2435 1017 2472 unum
1051 2419 1118 2472 de
1147 2417 1427 2486 prOphetis
1483 2418 1738 2486 appellat,
1783 2417 1921 2472 hanc
1965 2419 2136 2471 solam

558 2511 974 2581 praerogativam
1008 2509 1324 2573 habentem,
1359 2510 1504 2579 quod
1540 2519 1799 2580 tanquam
1853 2509 1947 2564 Dei
2003 2508 2132 2564 Vero

563 2605 689 2656 bum
721 2602 789 2657 de
816 2600 1035 2672 Virgine
1067 2617 1162 2670 per
1202 2601 1469 2671 Spiritum
1503 2611 1752 2656 Sanctum
1784 2609 1945 2655 natus
1970 2601 2060 2666 sit,
2085 2609 2138 2654 et

557 2705 781 2764 propter
815 2709 971 2748 suam
1002 2709 1126 2748 cum
1151 2693 1245 2747 illo
1297 2694 1786 2762 impassibilitatem
1829 2693 1880 2746 iu
1936 2696 2134 2748 malum

555 2795 874 2856 assumptus
923 2785 1106 2840 fuerit.
1158 2786 1298 2853 Quid
1360 2795 1537 2840 tamen
1576 2786 1740 2850 dicat,
1787 2785 2136 2840 Mobamedes

554 2880 753 2936 nescit.
791 2881 895 2935 Sed
939 2890 1087 2936 certe
1108 2881 1234 2936 dolo
1269 2881 1556 2936 manifeste
1597 2890 1778 2945 utens,
1831 2882 2008 2950 ipsum
2041 2897 2134 2933 ca-

553 2974 857 3029 lumniatur
881 2975 1092 3040 dicens,
1126 2974 1517 3043 interrogatum
1541 2973 1691 3026 illum
1714 2988 1742 3025 a
1769 2970 1929 3025 Patre
1950 2980 2132 3024 utrum

555 3068 700 3121 Deus
757 3075 923 3129 esset.
973 3082 1139 3135 seque
1188 3067 1360 3121 Deum
1415 3081 1538 3121 esse
1593 3064 1983 3134 praedicasset,
2034 3077 2130 3115 ne-

551 3174 711 3227 gasse
744 3176 758 3212 :
791 3158 994 3212 etenim
1019 3157 1181 3213 facile
1212 3159 1316 3214 hoc
1368 3158 1612 3228 ignotum
1641 3153 1789 3208 Patri
1825 3167 1927 3208 suo
1964 3152 2132 3208 fuisse

549 3253 871 3307 arbitratur.

625 3434 715 3484 52.
755 3431 980 3500 Insuper
1014 3440 1066 3484 et
1100 3430 1230 3484 illud
1265 3430 1407 3486 scire
1439 3428 1700 3495 interest,
1738 3429 1886 3500 quod
1939 3444 2134 3500 nempe

550 3527 743 3581 falsata
795 3525 975 3578 omnia
1028 3515 1140 3576 tum
1190 3538 1254 3576 ex
1311 3521 1501 3576 Vetere
1534 3535 1644 3576 tmn
1673 3523 1836 3576 etiam
1868 3538 1938 3577 ex
1980 3522 2134 3578 Novo

549 3617 901 3672 Testamento
943 3615 1182 3685 profert;
1211 3629 1388 3683 neque
1444 3623 1692 3677 eatenus,
1738 3629 1926 3668 verum
1967 3613 2130 3667 etiam

547 3728 613 3766 ca
669 3727 792 3780 qua:
846 3724 1125 3778 nunquam
1178 3708 1380 3776 scripta
1435 3705 1674 3772 fuerunt,
1709 3721 1886 3776 neque
1934 3704 2132 3760 divinis

547 3802 726 3856 Libris
761 3801 870 3855 ullo
893 3801 1051 3854 modo
1075 3809 1416 3863 consonant;
1451 3814 1572 3868 qua!
1610 3814 1696 3853 res
1725 3797 2129 3867 improbitatem

545 3895 667 3962 ejus
727 3892 1010 3948 manifeste
1053 3896 1217 3947 nudat
1269 3903 1323 3947 et
1377 3894 1638 3962 publicat.
1688 3891 1929 3944 Plurima
1966 3890 2128 3944 etiam

545 3987 898 4042 Manichaicae
931 3987 1358 4041 abominationis
1398 3996 1647 4056 portenta
1677 3986 1819 4055 apud
1852 4001 1976 4040 eum
2004 3995 2134 4041 sunt

543 4079 771 4136 collecta
807 4078 1151 4133 :dae‘mnnum
1185 4077 1392 4146 aliquot
1423 4079 1666 4142 nomina,
1691 4088 1742 4129 et
1774 4091 1867 4144 per
1893 4077 2042 4146 ipsos
2067 4077 2132 4131 de

544 4176 711 4229 rebus
746 4173 995 4226 nefandis
1033 4171 1342 4241 jurationes
1374 4188 1386 4224 :
1423 4171 1782 4224 allocutiones
1813 4185 2034 4238 quoque
2063 4170 2130 4224 ad

545 4267 858 4321 daemonum
912 4265 1067 4330 loca;
1103 4274 1158 4318 et
1217 4264 1624 4329 confessiones,
1675 4261 1824 4330 quod
1875 4278 1941 4316 ex
1996 4262 2130 4332 ipsis

543 4372 764 4427 quoque
798 4355 1026 4425 apostoli
1057 4370 1122 4409 ac
1151 4355 1496 4424 prepheta‘,a
1531 4353 1825 4421 praedicata
1855 4353 1908 4406 in
1941 4353 2131 4420 hujus-

543 4451 692 4503 modi
725 4463 825 4503 sua
849 4448 1119 4516 scriptura
1147 4445 1255 4500 Deo
1278 4445 1580 4516 stepissinic
1603 4444 1756 4498 electi
1785 4443 2007 4498 fuerunt
2035 4460 2051 4498 :
2078 4453 2132 4500 et

541 4541 725 4599 littera
787 4539 1159 4594 fraudulenter
1199 4539 1508 4609 praeposita,
1542 4547 1599 4591 et
1647 4537 1935 4592 sententia:
1983 4538 2130 4592 varie
2164 4530 2177 4550 '

551 4642 796 4698 tuutatze,
845 4649 988 4703 swpe
1038 4631 1182 4701 apud
1231 4648 1354 4685 eum
1401 4630 1832 4698 contperinntur.
1891 4627 2127 4684 Timoris

2243 2045 2660 2116 κηρυττομένην
2699 2046 2981 2118 ἀλήθειαν,
3020 2049 3241 2118 ἀπάτην
3270 2051 3535 2123 φανερῶς
3574 2051 3658 2106 διὰ
3693 2069 3811 2122 πρα-

2241 2136 2473 2206 γμάτων
2502 2137 2747 2208 ἐλέγχειν
2779 2141 3072 2211 πειρᾶταν
3109 2143 3205 2197 καὶ
3241 2145 3320 2206 ὡς
3354 2145 3458 2213 οὐχ
3485 2145 3665 2198 ἱκανοῦ
3685 2144 3810 2207 ὄντος

2239 2225 2332 2279 τοῦ
2362 2226 2526 2297 νόμου
2560 2229 2686 2292 τοὺς
2710 2229 2804 2282 ὑπ’
2830 2229 2995 2283 αὑτοῦ
3048 2232 3616 2304 παιδαγωγουμένους
3643 2233 3806 2298 σῶσαι,

2239 2321 2288 2372 εί
2321 2318 2395 2390 μὴ
2430 2318 2605 2391 τούτῳ
2637 2322 2932 2378 πεισθεῖεν.
2989 2323 3112 2378 Ἔτι
3141 2342 3204 2394 γε
3240 2327 3354 2399 μὴν
3399 2329 3496 2381 καὶ
3527 2327 3684 2380 αὑτοῦ
3709 2328 3805 2380 δια-

2240 2411 2421 2481 φόρως
2450 2411 2780 2482 μνημονεύει
2810 2412 2904 2466 τοῦ
2933 2414 3141 2485 Κυρίου
3166 2417 3328 2486 ἡμῶν
3369 2416 3548 2486 Ἰησοῦ
3572 2417 3804 2483 Χριστοῦ,

2239 2505 2333 2558 καὶ
2387 2506 2481 2559 ἕνα
2519 2507 2682 2560 αὑτὸν
2730 2508 3044 2580 διαγορεύει
3090 2509 3202 2561 τῶν
3247 2510 3460 2563 λοιπῶν
3515 2512 3800 2582 προφητῶν,

2241 2597 2402 2666 μόνον
2430 2599 2550 2651 κατ’
2585 2599 2861 2668 ἐξαίρετον
2895 2599 3087 2670 ἔχοντα
3133 2599 3209 2664 ῶς
3241 2600 3384 2654 Θεοῦ
3418 2601 3593 2670 Λόγον
3639 2603 3802 2672 τὴχδε

2241 2622 2402 2666 μονον
2430 2622 2534 2651 κατ
2585 2622 2861 2668 εςαιρετον
2895 2622 3087 2670 εχοντα
3133 2622 3209 2664 ως
3241 2622 3384 2654 σεου
3418 2622 3593 2670 Λογον
3639 2622 3698 2672 τη
3747 2622 3787 2654 οι

2237 2687 2394 2754 ἁγίου
2420 2688 2739 2756 Πνεύματος
2773 2691 2837 2742 ἐκ
2863 2690 3142 2759 Παρθένου
3179 2690 3470 2761 γέννησιν,
3495 2692 3588 2745 καὶ
3615 2694 3677 2761 τῇ
3699 2622 3800 2744 ἔδν-

2209 2766 2477 2850 ’ᾜιπαθεία
2504 2781 2602 2851 τὴν
2633 2783 2713 2842 εἰς
2745 2782 3012 2849 οὐρανοὺς
3041 2781 3314 2854 ἀνάληψιν
3353 2785 3490 2853 (29),
3524 2786 3552 2837 ὁ
3576 2786 3646 2856 μὴ
3669 2786 3801 2849 εἰδὼς

2235 2871 2287 2924 τί
2324 2868 2392 2942 ἦν
2441 2873 2571 2942 περὶ
2606 2874 2727 2926 ὅτου
2769 2874 2992 2941 ἐλεγενο
3050 2873 3188 2942 τῷδε
3238 2875 3306 2945 δὴ
3334 2878 3522 2948 τρόπῳ
3560 2878 3706 2948 δῆλον
3732 2879 3798 2937 ὅτι

2233 2963 2328 3019 τοῦ
2355 2964 2504 3018 δόλου
2523 2965 2866 3036 κεχρημένος
2903 2966 3036 3035 (50),
3059 2968 3268 3021 ὲπείτοι
3292 2987 3357 3036 γε
3387 2971 3634 3042 φανερῶς
3661 2971 3797 3025 αὐτὸν

2233 3057 2513 3128 διασύρει·
2569 3059 2704 3128 φησὶ
2737 3059 2846 3129 γάρ
2905 3059 3015 3130 (Si)
3077 3060 3240 3113 αὐτὸν
3277 3073 3434 3132 παρά
3466 3061 3558 3116 τοῦ
3613 3061 3794 3134 Πατρὸς

2234 3151 2576 3223 ὴρωτῆσθαι,
2606 3153 2653 3205 εί
2701 3153 2834 3217 Θεὸς
2862 3152 2970 3222 εἴη,
3000 3154 3092 3206 καὶ
3121 3153 3255 3207 Θεὸν
3293 3155 3490 3209 ἑαυτὸν
3525 3154 3792 3227 ἐκήρυξεν·

2239 3249 2332 3299 καὶ
2359 3245 2744 3316 διαρνούμενον
2762 3262 2775 3275 ·
2798 3247 3016 3314 ἀγνοεῖν
3045 3247 3154 3318 γὰρ
3183 3247 3336 3311 εἰκὸς
3365 3247 3553 3302 τοῦτον
3573 3250 3658 3302 τὸν
3702 3249 3793 3300 Ila-

2237 3339 2373 3409 τέρα
2408 3339 2573 3392 αὑτοῦ
2602 3341 2774 3393 οἴεται
2800 3341 2935 3409 (52).

2307 3428 2406 3500 λβ’.
2443 3430 2587 3499 Πρὸς
2611 3429 2821 3492 τούτοις
2859 3430 2915 3483 δὲ
2945 3431 3164 3483 κάκεῖνο
3211 3431 3417 3484 εἰδέναι
3447 3430 3696 3498 ἀσφαλὲς.
3723 3429 3790 3482 ὅτι

2235 3522 2660 3590 πεφαλσευμένα
2743 3521 2919 3576 πάντα
2963 3521 3000 3576 ἃ
3033 3522 3140 3575 ἀπὸ
3171 3524 3272 3594 τῆς
3325 3523 3566 3586 Παλαιᾶς
3602 3522 3636 3572 Γ
3641 3521 3792 3592 ραφῆς

2235 3616 2521 3686 προφέρει,
2564 3613 2659 3666 καὶ
2686 3613 2721 3668 ἃ.
2748 3613 2857 3666 ἀπὸ
2905 3614 3005 3684 τῆς
3038 3614 3184 3678 Νέας
3209 3632 3220 3644 ·
3259 3617 3322 3669 ού
3376 3619 3535 3684 μόνον
3573 3614 3646 3678 δὲ,
3676 3611 3789 3666 ἀλλὰ

2234 3708 2459 3761 καὶ-ὅσα
2503 3708 2624 3761 οὐδὲ
2664 3710 2997 3778 γέγραπται,
3029 3709 3153 3761 οὔτε
3186 3711 3401 3781 συνῳδὰ
3447 3687 3690 3779 τυγςίάνει
3733 3707 3786 3773 τῇ

2235 3798 2355 3870 θείᾳ
2386 3800 2599 3870 Γραφῇ,
2627 3801 2839 3870 τρανῶς
2867 3800 3033 3855 αὐτοῦ
3082 3803 3183 3871 τῆς
3216 3805 3541 3872 σκαιότητος
3568 3796 3786 3854 ἐντεῦθεν

2234 3893 2816 3961 παραγεγυμνωμένης
2837 3893 2931 3944 καὶ
2945 3893 3277 3964 τεθριαμδευ
3287 3895 3474 3962 μένης·
3492 3894 3582 3945 καὶ
3594 3890 3786 3943 πλεῖστα

2231 3979 2288 4033 δὲ
2314 3981 2478 4033 αὑτοῦ
2503 3983 2599 4050 τῆς
2617 3983 2960 4052 Μανιχαῖκῆς
2992 3984 3265 4055 μυσαρίας
3290 3986 3631 4040 συλλέλεκται
3652 3998 3784 4048 τερα-

2231 4072 2498 4143 τεύματα,
2519 4074 2788 4143 δαιμόνων
2805 4073 2971 4126 τινῶν
2991 4077 3378 4149 προσηγορίαι,
3397 4079 3486 4130 καὶ
3503 4076 3618 4128 κατ’
3632 4070 3783 4128 αὐτῶν

2231 4165 2570 4236 ὁρκωμοσίαι
2603 4166 2698 4218 ἐπὶ
2743 4166 3068 4236 δυσφήμοις,
3116 4170 3531 4239 προσφωνήσεις
3574 4184 3626 4218 τε
3670 4163 3782 4233 πρὸς

2231 4257 2341 4312 τῶν
2373 4259 2646 4330 δαιμόνων
2684 4259 2917 4330 χώρους,
2953 4260 3047 4313 καὶ
3085 4261 3378 4331 ὁμολογίας
3399 4263 3479 4316 ὅτι
3513 4261 3602 4314 καὶ
3629 4258 3682 4324 ἐξ
3705 4257 3783 4309 αὑ-

2231 4353 2340 4408 τῶν
2374 4356 2661 4409 ἀπόστολοι
2695 4356 2790 4411 καὶ
2838 4357 3134 4427 προφῆται,
3175 4359 3234 4411 τὸ
3265 4359 3418 4430 παρά
3448 4357 3538 4411 τοῦ
3561 4351 3780 4424 διαγγελ-

2231 4447 2456 4518 λομένου
2490 4451 2547 4502 ὲν
2575 4452 2640 4520 τῇ
2696 4449 2920 4522 τοιαύτῃ
2951 4453 3131 4522 γραφῇ
3183 4451 3334 4516 Θεὸν,
3374 4450 3679 4510 πλειστάκις
3704 4460 3780 4498 κε·

2233 4543 2672 4613 χειροτόνηνταιο
2710 4545 2801 4597 καὶ
2839 4549 3101 4616 στοιχεῖον
3143 4545 3200 4599 δὲ
3255 4545 3528 4617 γοητικῶς
3561 4557 3775 4612 προγρι·

2235 4633 2335 4700 φὲν
2370 4631 2506 4704 (55),
2547 4635 2640 4687 καὶ
2692 4635 2860 4707 ψῆφοι
2911 4639 3437 4710 μεταγεγραμμέναι
3489 4635 3612 4704 παρ’
3651 4628 3775 4698 αὑτῷ

617 4748 1069 4824 (24)_Paradisus_
1093 4745 1713 4824 voluptariusetnplane
1740 4743 1977 4824 lasciros
2008 4744 2126 4824 μο-

2238 4747 2636 4824 ιιόπρονῌαύτῶν
2663 4749 2759 4824 τοῦ
2792 4752 3128 4824 παραδείσου
3143 4753 3498 4814 ἐκδάλλωσιν.
3537 4751 3674 4824 amis.
3710 4743 3772 4812 μὴ

543 4813 789 4876 hamedis
819 4820 1167 4887 cognoscitur
1227 4813 1339 4887 Sui'.
1407 4817 1470 4876 II.
1511 4816 1602 4887 28,
1646 4813 1944 4882 XLIII,68,
2007 4816 2120 4881 LV',

541 4891 628 4951 70,
675 4890 804 4953 LVI,
835 4886 925 4951 2ι¹ις
960 4887 1243 4951 LXXVIII,
1268 4886 1358 4952 53,
1397 4898 1451 4942 et
1479 4886 1627 4940 alibi.

613 4963 725 5030 (εδ)
759 4963 884 5015 Stll‘.
922 4958 1099 5021 ιι,

611 5025 723 5101 (26)
751 5031 998 5086 Graviter
1029 5031 1116 5082 hie
1144 5036 1331 5097 peccat
1357 5025 1594 5091 Nicetas,
1629 5027 1755 5081 dum
1785 5027 1957 5101 rerba
1980 5026 2121 5080 Deus

537 5106 675 5157 enim
707 5099 812 5156 non
845 5102 1105 5156 erubescit
1135 5101 1443 5153 neetitcum
1473 5099 1905 5167 praecedentibus
1929 5099 1994 5151 de
2027 5114 2123 5151 vo-

540 5177 749 5245 luptate
793 5173 1217 5245 capiendacum
1272 5170 1509 5223 feminis.
1571 5168 1806 5245 Prorsus
1839 5169 2006 5245 enim
2059 5184 2119 5245 ea

539 5240 699 5298 verba
726 5240 1076 5314 pertinentad
1112 5252 1425 5314 sequentem
1457 5240 1889 5314 versiculum,_i_n
1917 5240 2122 5314 quo‘de

538 5317 644 5370 alia
713 5307 768 5369 re
833 5313 1068 5367 innocua
1129 5307 1322 5379 agitur.
1358 5310 1494 5364 Ecce
1534 5311 1678 5363 enim
1727 5319 1777 5362 et
1821 5307 2121 5362 Maraecius

537 5387 847 5441 rectissime
873 5387 1260 5452 interpretatur
1303 5397 1316 5433 :
1346 5397 1505 5449 porro
1536 5381 1671 5452 Deus
1703 5396 1805 5433 non
1855 5379 2118 5452 erubescet

535 5469 593 5510 ut
652 5467 908 5526 proponat
942 5450 1039 5524 (in)
1106 5453 1436 5522 parubolnm,
1463 5463 1565 5526 etc.
1606 5451 1779 5526 _Garet
1812 5452 1994 5526 itaque
2021 5450 2120 5526 hac

535 5520 726 5583 saltem
751 5520 1114 5595 blasphemia
1141 5525 1465 5595 Alcorauus.
1509 5521 1708 5574 Eodem
1755 5537 1818 5574 ac
1871 5520 2123 5595 Byzantif

536 5615 642 5653 nus
688 5590 889 5652 errore
929 5596 1130 5649 labitur
1180 5595 1342 5647 etiam
1371 5591 1592 5646 Graecus
1643 5601 1834 5644 auctor
1892 5590 2119 5643 secundi

536 5670 784 5736 opusculi
810 5670 1074 5721 adversus
1097 5663 1451 5727 Alcoranum,
1487 5661 1630 5732 apud
1667 5660 1943 5732 Moynium
1991 5659 2115 5713 Var.

536 5754 677 5793 σοον.
712 5749 752 5794 ι.
794 5738 831 5802 1,
858 5754 910 5806 p.
952 5736 1075 5790 447.

609 5809 721 5880 (27)
753 5801 1016 5880 Clioiiiaita
1055 5804 1367 5880 praedictus
1395 5801 1596 5880 p.490,
1627 5801 1787 5880 ειη-(ιιι
1812 5801 2117 5880 Αιοοιτιιιος

537 5872 632 5933 καὶ
665 5872 789 5942 τοὺς
819 5872 1164 5947 Σαμαρείτας
1184 5873 1528 5947 εἰσέρχεσθαι
1547 5944 1555 5947 _
1577 5874 1634 5947 ἐν
1663 5872 1745 5947 τῷΔ
1777 5872 2115 5947 παραδείσῳ,

538 5951 599 6004 οὐ
633 5952 770 6022 πρὸς
798 5951 858 6006 τὸ
889 5943 1214 6013 ἀπολαῦσαι,
1247 5943 1359 6000 ἀλλ’
1385 5946 1470 5996 ira.
1503 5944 1570 5998 τὰ
1615 5943 1846 6013 ὲκφόρια
1887 5944 1982 5996 καὶ
2022 5943 2120 6015 τὴν

2228 4816 2294 4890 διν
2321 4818 2642 4890 ἁποζέσειεν
2663 4820 2691 4872 ὁ
2709 4816 3034 4889 παράδεισος
3057 4839 3070 4852 ⁸
3099 4823 3470 4877 Samaritanos
3495 4817 3772 4890 paradisum

2225 4886 2468 4950 introire,
2527 4905 2654 4962 non,
2687 4901 2743 4942 ut
2791 4886 3072 4960 fruantur,
3127 4896 3216 4947 sed
3273 4905 3328 4947 ut
3374 4886 3694 4962 purgatione}
3732 4893 3772 4933 t’l

2223 4967 2460 5033 stercora
2518 4955 2892 5033 Moslemoritnt
2947 4964 3196 5030 paradiso
3256 4955 3508 5033 ejiciant',
3558 4974 3616 5012 ne
3645 4955 3771 5033 [om

2223 5032 2506 5091 paradisus
2539 5033 2676 5085 male
2701 5032 2858 5086 olent.
2893 5023 2983 5086 Sic
3017 5035 3128 5088 fere
3175 5023 3414 5104 loquitur
3444 5032 3599 5104 etiam
3639 5023 3764 5104 GI!!-

2225 5113 2324 5152 ens
2368 5110 2557 5175 auctor
2622 5105 2845 5175 secundi
2887 5106 3131 5172 opusculi
3165 5093 3617 5175 ιιιιιιιΙέΜογιιίυιιι
3664 5093 3766 5148 Var.

2223 5183 2379 5244 adcr.
2392 5242 2398 5244 _
2411 5171 2518 5244 tLI,
2549 5189 2612 5244 p.
2626 5174 2648 5244 ί
2661 5173 2747 5226 47.
2787 5171 2933 5228 Item,
2950 5171 3291 5244 Zygabenus.

2297 5240 2408 5307 (28)
2440 5241 2566 5298 Sur.
2603 5243 2665 5305 V,
2703 5245 2799 5296 I62
2827 5261 2841 5310 ;
2881 5245 2962 5302 Vl.
2991 5240 3058 5299 85
3089 5262 3206 5312 seq.

2297 5311 2407 5381 (29)
2435 5312 2560 5366 Sur.
2590 5313 2678 5375 Ill,
2715 5315 2783 5366 47
2805 5307 2992 5380 ,XXI,
3020 5317 3123 5382 9|;
3154 5307 3335 5382 LXVI,
3368 5317 3434 5369 15
3459 5323 3510 5368 et
3540 5307 3676 5364 alibi.

2294 5383 2407 5447 (50)
2451 5382 2577 5437 Sur.
2611 5384 2699 5449 IV,
2736 5386 2856 5439 I56.

2300 5453 2410 5521 (51)
2447 5454 2572 5508 Sur.
2607 5454 2672 5512 V.
2717 5456 2839 5508 125.

2297 5513 2412 5596 (52(
2445 5525 2600 5596 Apud
2631 5525 2952 5596 Choniatam
2977 5543 3026 5596 p.
3049 5528 3154 5582 484
3187 5526 3461 5584 concludit
3484 5524 3612 5596 Deus
3632 5513 3762 5596 3??"

2221 5585 2416 5674 εκρίοη
2441 5585 2592 5674 αύτῷ
2622 5599 2651 5648 ὁ
2687 5597 2817 5674 Θεὸς
2853 5613 2864 5626 ·
2892 5585 3021 5674 Οἶδα
3065 5600 3146 5651 δτι
3197 5601 3260 5652 σὺ
3291 5599 3468 5664 ἔλεγες
3520 5591 3605 5645 τὸν
3632 5585 3762 5650 λόγον

2224 5667 2413 5736 τοῦτον
2441 5667 2596 5736 {Scio
2621 5678 2670 5720 te
2703 5667 3009 5736 hujusmodi
3035 5685 3274 5722 sermone
3305 5683 3478 5722 nsunt.

2296 5735 2409 5806 {35)
2451 5735 2676 5792 Videtur
2716 5728 2974 5792 denotare
3023 5741 3298 5793 solitarias
3345 5739 3483 5799 illas,
3537 5728 3761 5806 quIO‘II'?

2224 5803 2412 5879 sensu,
2447 5817 2502 5861 ut
2533 5807 2774 5861 Mosiemi
2814 5807 3071 5874 fatentur,
3115 5811 3368 5879 praeditas
3396 5807 3612 5879 litteras,
3644 5803 3759 5865 (1⁸³⁵

2225 5877 2519 5933 multarum
2536 5887 2796 5934 surarum
2824 5880 2996 5936 initiis
3028 5877 3345 5951 praepositas
3368 5878 3618 5934 videmus.
