3994 6624
283 469 389 534 713

1432 466 1869 530 REFUTATIO
1902 467 2386 532 MOHAMEDIS.

3438 468 3545 533 114

280 580 551 652 διαφόρως
576 577 901 649 τυγχάνουσι
928 575 1041 648 (54)
1067 590 1081 609 ⁸
1136 576 1233 648 τῆς
1269 577 1578 648 προσούσης
1605 578 1662 632 δὲ
1708 575 1859 647 αὐτῷ

1988 586 2148 631 intem
2177 576 2226 632 ei
2260 580 2522 648 perpetuo
2550 573 2833 641 hmrentis,
2868 590 2934 630 ne
2968 575 3196 631 stultum
3221 552 3380 632 suum
3414 592 3549 633 eon-

281 674 483 735 δειλίας
514 664 640 742 περὶ
671 672 770 739 τὴν
815 668 1117 739 ἀποτυχίαν
1143 667 1237 722 τοῦ
1273 667 1503 739 ματαίου
1545 666 1711 722 αὐτοῦ
1735 683 1867 737 φροο

282 767 543 834 νήματος.
571 764 631 816 τὸ
660 763 859 815 οίκείον
894 762 1057 832 ἔργον
1078 761 1323 832 ἐναργῶς
1354 762 1655 831 μαρτυρεῖ·
1682 759 1867 829 σχεδὸν

282 856 393 925 γᾲρ
418 859 474 909 ἐν
503 855 719 925 ἑκάστῳ
752 854 895 925 λόγῳ
927 853 1086 907 τοῦτο
1118 856 1344 905 αἰτεῖται
1382 852 1455 922 μὴ
1480 851 1868 920 διαπιστευθῆδ

281 950 490 1010 vanas:
520 947 706 1000 θεόθεν
734 946 795 1000 τὸ
826 946 1155 1015 θεολοίδορον
1175 945 1333 998 τοῦτο
1361 946 1569 1017 ἢγαγεν
1595 944 1830 1015 γράμμα
1849 958 1866 974 ο

280 1038 420 1109 ὅπερ
474 1037 761 1107 συμσαίνει
817 1039 932 1101 τοῖς
983 1036 1059 1107 μὴ
1086 1036 1146 1101 ἐξ
1185 1036 1362 1107 ἔργων
1395 1037 1495 1107 τὴν
1531 1036 1639 1089 τῶν
1693 1035 1869 1104 λόγων

283 1130 577 1200 βεϐαίωσιν
613 1130 865 1201 ἔχουσινο
901 1131 997 1183 καὶ
1035 1129 1143 1198 γὰρ
1188 1129 1373 1199 ἠγνόει
1407 1132 1435 1182 ὁ
1474 1128 1737 1198 δύστηνος
1767 1128 1868 1197 τῆς

280 1221 373 1275 διὰ
400 1222 498 1287 τὴν
519 1221 727 1293 τόλμην
754 1220 956 1292 ταύτην
992 1221 1259 1293 μενούσης
1289 1221 1438 1293 αὐτῷ
1472 1220 1747 1284 κολάσεως
1769 1220 1870 1290 τὴν

282 1313 663 1383 σφοδρότηταδ
723 1313 837 1368 ἀλλ’
882 1314 964 1367 ὅτι
1008 1329 1073 1378 γε
1120 1314 1371 1385 φανερῶς
1417 1314 1730 1385 ὲθεομάχει,
1775 1311 1872 1366 καὶ

280 1404 407 1457 οὐδὲ
439 1404 622 1481 λαθεῖν
649 1407 777 1469 τοὺς
807 1405 1131 1477 ἀνθρώπους
1163 1403 1309 1476 εἶχεν
1341 1406 1639 1475 ἠπίστατο·
1673 1405 1874 1460 αὐτίκα

279 1495 418 1563 γοῦν
446 1498 503 1548 ἐν
530 1496 607 1567 τῷ
640 1496 788 1566 αὐτῷ
818 1496 1019 1569 πρώτῳ
1044 1497 1156 1569 (55)
1192 1496 1335 1570 λόγῳ
1361 1497 1422 1551 τὸ
1448 1499 1511 1552 ὲκ
1537 1496 1674 1551 Θεοῦ
1701 1496 1873 1550 ταῦτα

280 1588 673 1658 ὲκπεπέμφθαι
705 1589 1003 1660 βεὸαιῶσαι
1031 1591 1297 1661 οἰόμενος,
1342 1589 1483 1643 οὕτω
1519 1589 1683 1659 φησίν
1717 1590 1828 1659 (56)
1854 1603 1871 1619 ⁸

287 1697 312 1729 ί
349 1678 475 1733 Ἐάν
508 1680 631 1731 ἐστε
661 1680 720 1731 ὲν
748 1680 1031 1752 σκανδάλῳ
1063 1681 1191 1752 περὶ
1233 1675 1308 1735 ὧν
1360 1681 1749 1750 κατηγάγομεν
1782 1681 1876 1734 ἐπὶ

276 1770 376 1823 τὸν
401 1769 589 1824 δοῦλον
628 1772 808 1842 ἡμῶν.
837 1773 1075 1841 ἀγάγετε
1114 1774 1255 1847 ᾠδὴν
1285 1774 1400 1844 (57)
1450 1775 1513 1827 ὲκ
1538 1774 1646 1826 τῶν
1673 1772 1875 1843 ὁμοίων

277 1863 509 1925 αὑτοῦ..
551 1865 659 1919 τῶν
686 1868 977 1938 προφητῶν
1006 1868 1208 1939 δηλαδὴ
1247 1869 1442 1937 λέγων,
1477 1887 1495 1920 ι
1518 1869 1615 1922 καὶ
1638 1868 1875 1937 ἀγάγετε

1968 668 2150 724 silium
2183 666 2389 723 frustra
2422 668 2515 731 sit.
2545 669 2660 740 ipse
2714 670 2851 725 liber
2905 670 3061 725 testis
3094 678 3182 725 est
3214 688 3228 724 :
3263 670 3462 726 etenim
3495 671 3550 726 in

1968 761 2117 815 ouini
2167 776 2336 831 prope
2390 762 2629 832 capitulo
2657 763 2789 832 petit
2816 778 2885 818 ne
2926 764 3059 819 ﬁdes
3090 762 3194 818 sibi
3238 763 3548 836 derogetur,

1968 854 2114 923 quod
2175 853 2435 909 divinitus
2494 854 2818 925 injuriosam
2870 855 3010 911 hanc
3055 856 3164 911 Deo
3222 856 3550 927 scripturam

1970 944 2240 1013 acceperit
2273 962 2284 997 :
2315 947 2460 1015 quod
2496 946 2745 1002 accidere
2779 961 2911 1002 sane
2943 947 3009 1001 iis
3036 948 3277 1002 solemne
3302 949 3418 1017 estf,
3455 946 3550 1017 qui

1970 1035 2229 1104 operibus
2276 1038 2392 1093 suis
2425 1037 2644 1093 ﬁrmare
2693 1038 2857 1094 verba
2907 1055 3016 1093 non
3052 1048 3279 1110 queunt.
3312 1041 3376 1094 Et
3422 1056 3557 1096 sane

1972 1124 2262 1195 ignorabat
2294 1126 2461 1181 miser
2483 1141 2658 1196 pmnte
2683 1126 3026 1197 gravitatem,
3058 1142 3181 1196 quae
3212 1127 3390 1196 ipsum
3430 1143 3556 1197 pro-

1972 1224 2093 1286 pter
2126 1215 2340 1273 facinus
2366 1217 2470 1273 hoc
2504 1219 2794 1285 manebat;
2829 1220 3085 1287 quodque
3121 1230 3305 1289 aperte
3332 1218 3438 1273 Deo
3464 1219 3564 1273 atl—

1974 1321 2305 1378 versaretur,
2355 1311 2409 1365 id
2460 1310 2714 1367 homines
2750 1326 2854 1365 non
2888 1312 3055 1367 latere
3100 1312 3324 1367 sciebat.
3359 1310 3558 1366 Statim

1973 1402 2138 1474 igitur
2162 1403 2216 1457 in
2248 1403 2425 1473 primo
2455 1403 2717 1473 capitulo,
2750 1403 2974 1459 missam
2994 1420 3023 1458 a
3050 1405 3158 1459 Deo
3188 1405 3329 1460 hanc
3360 1404 3566 1460 doctri-

1976 1509 2101 1550 nam
2133 1495 2457 1551 conﬁrmare
2489 1497 2703 1562 volens,
2723 1495 2802 1551 sic
2834 1496 2935 1551 ait:
2967 1516 2984 1549 ι
3024 1496 3080 1551 Si
3114 1494 3563 1551 scandalizamini

1976 1587 2030 1642 in
2072 1588 2140 1644 iis
2173 1601 2294 1659 quae
2338 1589 2659 1645 demisimus
2706 1588 2772 1643 ad
2821 1604 3039 1644 Servum
3082 1598 3355 1655 nostrum,
3390 1589 3565 1644 addu-

1976 1679 2083 1735 cite
2119 1680 2391 1735 canticum
2424 1698 2489 1736 ex
2516 1682 2790 1737 similibus
2831 1682 2900 1737 ei.
2939 1702 2958 1734 ι
2991 1680 3065 1735 Ex
3101 1683 3380 1752 prophetis
3413 1681 3567 1736 vide-

1978 1767 2125 1822 licet.
2162 1787 2181 1820 ι
2213 1768 2277 1823 Et
2306 1770 2560 1825 adducite
2593 1778 2760 1824 testes
2792 1773 3028 1836 vestros,
3070 1789 3089 1823 ι
3125 1770 3346 1824 eosdem
3400 1770 3569 1825 nimi-

1980 1876 2101 1915 rum
2165 1862 2459 1932 prophetas
2516 1861 2726 1929 dicens,
2767 1862 2851 1917 vel
2889 1862 3054 1917 etiam
3115 1861 3345 1917 idoneos
3378 1878 3507 1918 vera
3538 1878 3570 1917 a

277 1956 414 2020 τοὺς
440 1957 724 2028 μάρτυρας
754 1960 928 2030 ὑμῶν,
966 1981 986 2013 ι
1020 1961 1150 2025 τοὺς
1182 1961 1378 2025 αὐτοὺς
1428 1961 1604 2029 λέγων
1654 1961 1871 2032 προφή-

1988 1952 2129 2009 ialsis
2176 1954 2513 2010 discernere.
2545 1974 2563 2007 ι
2599 1953 2655 2009 Si
2704 1965 2905 2025 prater
2966 1954 3165 2019 Deum,
3230 1956 3428 2027 inquit,
3485 1966 3573 2012 est

277 2063 420 2113 τας,
452 2048 488 2120 ἢ
519 2049 619 2103 καὶ
643 2050 771 2115 τοὺς
810 2052 1069 2117 δυνατοὺς
1110 2052 1362 2120 ἐξετάσαι
1406 2052 1584 2123 ἀληθῆ
1632 2052 1665 2124 ἦ
1707 2053 1878 2125 ψευδῆ

276 2137 445 2207 λόγον
465 2156 481 2171 ο
518 2158 538 2193 ι
570 2142 619 2194 εί
653 2142 827 2214 πάρεξ
870 2142 1030 2209 Θεοῦ,
1072 2145 1229 2215 φησι,
1262 2145 1415 2198 ἔσται
1443 2143 1647 2215 ἀληθής
1674 2145 1785 2215 (58)
1812 2160 1826 2174 ⁸
1855 2163 1874 2195 ³

184 2304 194 2314 .
277 2228 489 2283 ὡσανεὶ
511 2230 718 2299 ἔλεγεν,
743 2233 826 2286 ὅτι
853 2232 1025 2302 Κάγὼ
1052 2234 1183 2287 Θεὸν
1209 2233 1467 2305 κηρύττω
1491 2234 1565 2297 ὡς
1601 2235 1843 2289 κάκεῖνοι
1860 2248 1881 2265 ⁶

278 2322 404 2377 ἀλλ’
430 2322 623 2378 ἔλαθεν
644 2326 838 2379 ιαυτὸν
865 2326 893 2379 δ
924 2326 1363 2399 καμηλοφορὸδς,
1383 2326 1458 2391 ὼς
1473 2326 1594 2398 οὐχὶ
1612 2327 1673 2380 τὸ
1696 2326 1883 2391 ἁπλῶς

278 2413 420 2467 Θεὸν
468 2414 759 2485 κηρύττειν
815 2417 965 2470 ἐστὶν
1020 2415 1256 2488 ἀληθοῦς
1298 2419 1540 2488 κήρυκος
1565 2458 1580 2483 ,
1616 2418 1712 2471 καὶ⁵
1740 2418 1879 2471 Θεοῦ

276 2503 541 2576 ἀληθοῦς,
566 2505 681 2558 ἀλλ’
725 2507 775 2559 εί
807 2506 1040 2577 ἀληθοῦς
1075 2506 1209 2561 Θεοῦ
1245 2506 1462 2579 ἀληθῶς
1495 2510 1612 2561 ἐστι
1644 2505 1820 2578 κήρυξ
1852 2509 1883 2561 ὁ

287 2595 501 2666 κῆρυξ.
525 2596 671 2670 Τίις]
702 2597 811 2669 γὰρ
848 2598 1032 2671 δνησις
1059 2603 1126 2671 τῇ
1149 2599 1261 2672 ᾠδῇ
1290 2600 1384 2655 τοῦ
1418 2601 1604 2664 Δαδὶδ,
1636 2601 1755 2673 ἥτῇ
1785 2599 1881 2653 τοῦ

292 2688 526 2743 Ἦσαῐου
558 2692 883 2763 προφητείᾳ,
914 2693 948 2764 ἢ
997 2692 1246 2765 Ἑζεκιήλ
1277 2710 1338 2747 τε
1392 2695 1487 2749 καὶ
1516 2694 1730 2765 Δανιὴλ⁹
1786 2694 1883 2747 καὶ¹

277 2782 408 2845 ταῖς
433 2781 544 2835 τῶν
566 2782 770 2837 λοιπῶν
797 2785 1094 2857 προφητῶν
1149 2788 1212 2840 ἐκ
1254 2787 1355 2858 τῆς
1390 2788 1489 2856 σῆς
1523 2785 1883 2858 θεοκηρυξίας

278 2872 473 2939 ἀθέου,
506 2875 713 2945 εἴποιμι
734 2876 800 2930 ἂν
825 2879 960 2947 πρὸς
987 2880 1079 2932 τὸν
1124 2879 1402 2951 βάρϐαρον
1429 2879 1619 2933 τοῦτον
1650 2879 1745 2933 καὶ
1766 2878 1885 2933 θεο-

284 2966 490 3037 μάχον.
524 2968 602 3021 ὅτ’
634 2968 701 3023 ἂν
750 2971 813 3023 τὸ
862 2971 955 3024 σον
1014 2972 1278 3043 κήρυγμα
1314 2973 1404 3026 ἐπ’
1459 2973 1742 3043 ἀνατροπῇ
1780 2971 1880 3025 τοῦ

279 3057 515 3112 ἐκείνων
537 3060 896 3132 κηρύγματος
924 3063 1235 3134 γέγραπται
1262 3079 1277 3130 ;
1314 3064 1480 3118 πόθεν
1523 3062 1617 3118 οὖν
1632 3064 1881 3143 ’ἄλλοθεν

278 3148 390 3219 τὴν
406 3149 678 3218 ἀπόδειξιν
704 3152 867 3221 ἔξεις,
896 3154 997 3225 τῆς
1024 3157 1081 3209 ὲν
1196 3157 1507 3221 ἐπεποίθεις
1551 3156 1883 3223 ἀποδείξεώς

283 3258 375 3294 σοι
406 3241 764 3316 σϐεσθείσηςς
797 3241 832 3317 ἦ
869 3246 978 3317 γὰρ
1003 3248 1125 3318 οὑχὶ
1160 3249 1310 3301 πᾶσα
1342 3249 1376 3319 ἡ
1430 3248 1547 3303 θεία
1590 3250 1684 3302 καὶ
1713 3248 1878 3319 ἀρχέ-

279 3349 448 3402 γονος
504 3335 694 3409 Γραφὴ
740 3339 874 3392 Θεὸν
925 3339 1421 3412 σαρκωθησόμενον
1477 3340 1879 3411 προαγγέλλει;

278 3424 439 3487 ὅστις
463 3426 735 3498 ἀριδηλως
762 3428 1143 3483 ἀποδέδεικται
1162 3431 1426 3503 ὑπάρχων
1448 3431 1475 3483 ὁ
1502 3432 1756 3502 Χριστδς,
1783 3432 1888 3485 κᾶν

282 3517 582 3573 ἐπεπόνθει
632 3521 818 3592 σαρκί.
878 3522 1200 3594 Ἀδιήγητον
1257 3524 1358 3595 τὴν
1413 3524 1607 3593 γενεάν
1662 3524 1889 3588 Ἡσαΐας

285 3610 493 3677 φάσκει
535 3610 625 3667 διὰ
669 3612 729 3666 τὸ
755 3614 930 3667 εἰπεῖν
960 3616 1196 3685 γενεὰν,
1239 3619 1332 3671 καὶ
1358 3615 1457 3688 τὴν
1487 3616 1669 3688 υἱικὴν
1694 3618 1758 3670 ὲκ
1790 3616 1888 3670 τοῦ

286 3703 506 3773 Πατρδς
558 3705 784 3774 πρόοδον
837 3707 1182 3776 ὑπογράψας,
1228 3708 1291 3762 τὸ
1324 3711 1558 3779 πρᾶγμα
1599 3710 1759 3763 τοῦτο
1792 3709 1890 3780 δη-

284 3793 508 3859 λοῦντος
533 3794 631 3850 τοῦ
659 3796 921 3869 ὀνόματος
948 3814 963 3830 ο
1015 3800 1082 3870 ἣν
1132 3798 1199 3852 σὺ
1233 3798 1306 3863 ὡς
1350 3799 1569 3872 ἀμαθὴς
1610 3799 1671 3853 οὐ
1705 3812 1893 3871 1:192-

291 3882 456 3961 δέχῃ.

368 3976 469 4047 λγ’.
520 3978 749 4053 Ἐφεξῆς
778 3981 835 4035 δὲ
862 3980 961 4035 τοῦ
1000 3982 1236 4053 μυθικοῦ
1282 3983 1449 4038 αὐτοῦ
1504 3984 1885 4056 συγγράμμα-

289 4084 387 4134 τος
421 4071 536 4141 (59)
568 4075 896 4155 παρεισάγει
924 4075 1017 4129 τὸν
1043 4077 1175 4131 Θεὸν
1206 4076 1755 4149 συμϐουλευσάμενον
1774 4080 1890 4142 τοῖς

294 4163 555 4232 ἀγγέλοις
584 4167 836 4238 περὶτῆς
863 4167 958 4221 τοῦ
995 4168 1288 4238 ἀνθρώπου
1326 4170 1619 4238 γενέσεως,
1652 4170 1746 4223 καὶ
1778 4188 1890 4223 κω.

1982 2047 2183 2118 aliquis
2210 2063 2398 2104 verax.
2441 2064 2460 2101 ι
2491 2046 2660 2115 Quasi
2695 2049 2845 2105 dicat
2880 2068 2894 2105 :
2928 2050 3041 2123 Ego
3072 2050 3279 2116 Deum,
3313 2066 3467 2121 teque
3508 2067 3573 2106 ac
3678 2050 3691 2053 Ἴ

1982 2138 2084 2203 illi,
2118 2138 2380 2209 praedico.
2434 2139 2542 2195 Sed
2598 2139 2819 2212 ignorat
2874 2141 3204 2197 camelarius
3228 2182 3242 2207 ,
3280 2142 3423 2213 quod
3462 2159 3568 2198 non

1983 2232 2305 2302 simpliciter
2333 2231 2503 2286 Deum
2552 2234 2872 2304 praelicare,
2899 2248 3147 2288 veracem
3182 2236 3403 2288 denotat
3431 2249 3573 2306 pra:-

1984 2323 2280 2378 dicatorem
2307 2322 2398 2378 Dei
2425 2323 2574 2388 veri;
2608 2322 2701 2378 sed
2732 2331 2946 2393 oportet
2971 2323 3083 2378 veri
3109 2323 3200 2379 Dei
3231 2339 3419 2378 verum
3449 2339 3573 2379 esse

1984 2416 2398 2484 praedicatorem
2450 2417 2542 2488 qui
2594 2417 2873 2486 praedicat.
2905 2417 3042 2471 Nam
3080 2432 3332 2488 quaenam
3367 2416 3576 2472 utilitas

1984 2508 2199 2564 cantico
2222 2507 2463 2573 Davidis,
2500 2516 2593 2562 ant
2629 2507 2788 2562 Isaia:
2812 2507 3095 2574 vaticinio,
3123 2521 3218 2563 aut
3248 2507 3575 2570 Ezechielis.

1985 2608 2082 2654 aut
2131 2598 2394 2662 Danielis,
2425 2607 2480 2654 et
2510 2598 2853 2669 reliquorum
2886 2598 3303 2669 prophetarum,
3338 2597 3405 2652 ab
3437 2597 3576 2652 irre-

1984 2690 2176 2763 ligiosa
2202 2700 2294 2746 tua
2327 2690 2419 2746 Dei
2452 2690 2839 2762 praedicatione
2859 2691 3059 2746 accidit
3087 2690 3199 2761 (aio
3234 2691 3421 2762 utique
3442 2688 3573 2745 huic

1984 2786 2223 2841 barbaro
2250 2795 2304 2841 et
2347 2785 2439 2841 Dei
2491 2784 2681 2856 hosti).
2735 2784 2994 2856 quoniam
3039 2794 3097 2839 tu
3130 2784 3573 2855 praedicationem

1986 2887 2136 2933 tuam
2194 2879 2263 2933 ad
2319 2878 2585 2933 doctrina:
2642 2877 2861 2932 illorum
2892 2876 3239 2933 eversionem
3271 2877 3581 2947 scripsisti?

1985 2968 2052 3024 Et
2083 2970 2357 3041 quomodo
2399 2968 2623 3025 aliunde
2670 2967 3197 3024 demonstrationem
3233 2984 3439 3029 sumes.
3487 2969 3581 3023 illa

1986 3062 2084 3117 tibi
2164 3063 2436 3118 exstincta
2510 3060 2600 3116 cui
2674 3060 2994 3116 conﬁdebas
3065 3060 3581 3116 demonstratione?

1986 3152 2179 3212 Nonne
2213 3156 2394 3212 omnis
2422 3163 2580 3210 vetns
2604 3154 2807 3210 divina
2829 3154 3113 3225 Si-riptura
3147 3154 3315 3209 Deum
3348 3154 3465 3210 fore
3495 3154 3583 3208 in-

1983 3250 2322 3305 carnandum
2349 3249 2709 3319 praenuntiat?
2739 3250 2955 3319 qualem
3006 3249 3262 3304 nimirum
3294 3248 3584 3306 manifeste

1989 3343 2241 3399 Christus
2270 3358 2329 3397 se
2361 3342 2632 3407 exhibuit,
2656 3341 2871 3397 etiamsi
2900 3356 3065 3396 carne
3099 3356 3296 3414 passus
3329 3354 3432 3398 est.
3467 3341 3583 3397 lue-

1991 3433 2319 3489 narrabilcm
2375 3433 2509 3488 dicit
2563 3432 2686 3504 ejus
2736 3432 3149 3501 generationem
3203 3432 3391 3489 Isaias.
3444 3431 3583 3487 Dum

1990 3527 2164 3582 utitur
2187 3525 2456 3581 vocabulo
2473 3527 2766 3597 generatio,
2798 3524 2920 3580 Filii
2950 3540 3013 3580 ex
3045 3523 3204 3580 Patre
3232 3540 3584 3597 progressum

1989 3617 2255 3673 describit
2290 3631 2304 3672 :
2338 3633 2577 3688 namque
2618 3617 2759 3673 hanc
2798 3632 2911 3672 rem
2964 3616 3292 3672 vocabulum
3315 3617 3582 3683 ostendit,

1990 3723 2155 3781 quam
2188 3718 2267 3776 tu,
2298 3724 2332 3765 ο
2373 3708 2669 3775 inerudite,
2703 3724 2814 3766 non
2843 3709 3112 3766 admittis.

2070 3975 2159 4032 53.
2191 3974 2400 4032 Deinde
2430 3976 2485 4031 in
2515 3991 2612 4032 sua
2650 3975 2901 4033 fabulosa
2941 3976 3244 4047 scriptione
3286 3977 3588 4034 introducit

1993 4064 2164 4121 Deum
2196 4066 2588 4122 deliberantem
2630 4081 2756 4122 cum
2796 4067 3006 4138 angelis
3033 4067 3102 4123 de
3145 4067 3388 4122 hominis
3430 4083 3587 4123 crea-

1996 4156 2165 4223 tione,
2223 4168 2388 4229 atque
2451 4159 2521 4213 ab
2569 4159 2676 4213 illis
2727 4158 3053 4223 cohibitum,
3111 4159 3371 4228 quoniam
3422 4159 3588 4214 homo

295 4252 557 4323 λυόμενον
586 4261 717 4330 παρ’
742 4259 924 4314 αὐτῶν
950 4260 1023 4324 ὡς
1049 4262 1239 4316 ἀδίκου
1267 4262 1529 4333 ἐσομένου
1565 4263 1732 4316 αὐτοῦ
1752 4280 1770 4293 ’
1795 4263 1882 4316 τον

1995 4250 2216 4306 futurus
2239 4261 2359 4307 erat
2395 4251 2618 4322 iniquus
2646 4269 2660 4306 :
2689 4262 2743 4308 et
2771 4252 3132 4309 nihilominus
3161 4251 3333 4307 Deum
3376 4252 3585 4309 facien-

296 4344 355 4397 δὲ
368 4346 498 4400 Θεὸν
528 4349 624 4402 καὶ
648 4351 952 4422 ποιήσαντα
981 4354 1079 4408 καὶ
1101 4354 1402 4425 σοφίσαντα
1426 4355 1521 4410 τὸν
1551 4356 1723 4427 Ἀδάμ
1751 4356 1882 4429 ὑπὲρ

1996 4354 2127 4412 tein,
2160 4360 2225 4401 ac
2265 4345 2591 4416 sapientiam
2643 4360 2754 4417 pra:
2796 4345 2903 4401 illis
2935 4346 3147 4401 Adamo
3176 4345 3584 4415 conferentem;

298 4438 496 4504 αὐτούς
516 4457 532 4472 '
565 4444 662 4496 καὶ
695 4442 883 4498 τοῦτον
914 4441 1051 4500 εἶναι
1079 4446 1172 4501 τὸν
1211 4448 1500 4513 διδάξαντα
1530 4449 1600 4503 τὰ
1642 4448 1753 4503 τῶν
1806 4449 1882 4503 δν-

1994 4450 2156 4511 atqne
2185 4440 2254 4494 ab
2276 4441 2378 4494 hoc
2398 4439 2530 4495 dicit
2555 4438 2778 4494 nomina
2804 4439 3186 4496 exsistentium
3212 4455 3394 4495 rerum
3414 4455 3589 4495 enun-

299 4546 409 4583 των
432 4532 711 4603 ὀνόματαο
752 4536 976 4610 τοιαύτη
1008 4539 1043 4609 ἡ
1099 4538 1516 4610 ἁνθρωπογονία
1546 4540 1642 4593 τοῦ
1689 4557 1882 4611 παραι⁴

1997 4534 2149 4588 tiata.
2183 4532 2330 4587 Talis
2354 4541 2441 4589 est
2464 4532 2902 4604 anthropogonia
2928 4535 3192 4600 auctoris,
3218 4536 3309 4604 qui
3338 4535 3589 4589 hortatur

300 4620 519 4686 νοῦντος
559 4627 681 4689 ταῖς
722 4627 830 4696 πρὸ
864 4628 1032 4681 αὐτοῦ
1079 4629 1255 4694 θείαις
1308 4632 1555 4702 Γρατραϊς
1592 4632 1882 4685 συναποδέ-

1999 4635 2062 4682 ut
2090 4642 2216 4682 eum
2251 4625 2655 4697 antiquioribus
2681 4641 2742 4681 se
2775 4626 3067 4698 scripturis
3104 4626 3338 4682 Arabica
3366 4644 3587 4699 quoque

298 4715 487 4784 χεσθαι
524 4717 653 4780 τοὺς
690 4718 1015 4789 Ἀραϐικοὺς
1061 4723 1330 4792 ὀνείρους.
1368 4724 1602 4777 Ἔπειτα
1635 4724 1749 4795 (40)
1796 4723 1882 4777 τὸν

2001 4718 2215 4776 somnia
2274 4718 2658 4774 admittantur.
2716 4718 2925 4775 Deinde
2985 4720 3120 4776 dicit
3182 4720 3428 4794 Moysem
3473 4720 3586 4777 Deo

299 4802 542 4860 Μωῦσέα
581 4811 718 4878 φησὶ
748 4809 1063 4882 mammas
1092 4815 1157 4867 ἐκ
1190 4813 1327 4868 Θεοῦ
1359 4813 1720 4869 κελευσθέντα
1749 4814 1890 4868 ὑπο-

299 4895 469 4962 δεῖξαι
497 4900 576 4972 τῷ
602 4901 740 4974 λαῷ,
788 4905 855 4975 ἦν
910 4905 1016 4960 ἔδει
1052 4906 1247 4962 θῦσαιο
1304 4908 1415 4963 τῶν
1459 4909 1516 4963 δὲ
1550 4909 1892 4978 ἀγνοούντων

302 4988 460 5043 ὁποία
489 5007 575 5055 τις
607 4995 675 5048 ἂν
706 4996 814 5067 εἴη,
846 4998 1164 5064 πλειστάκις
1192 5000 1451 5073 δεηθῆναι
1478 5002 1572 5056 τοῦ
1600 5001 1736 5056 Θεοῦ
1762 5003 1891 5072 περὶ

302 5079 527 5135 τοῦτουο
555 5084 650 5136 καὶ
679 5084 853 5153 οὕτως
886 5091 1083 5161 μαθεῖν
1128 5094 1224 5147 καὶ
1256 5093 1423 5148 αὑτὸν
1471 5094 1757 5158 κάκείνους
1802 5095 1893 5149 διά

376 5196 398 5227 ²
423 5193 533 5251 lsa.
573 5208 729 5267 Lvm,
769 5199 826 5255 8.

376 5335 489 5406 ('55)
539 5335 803 5410 lntelligit
836 5339 1069 5396 fortasse
1112 5340 1411 5396 sententias
1459 5340 1750 5409 abrogatas
1797 5354 1897 5395 seu

300 5414 625 5529 ze’lﬁl‘clalas
648 5410 1034 5535 in5Alcorano,
1058 5412 1124 5467 de
1151 5412 1359 5482 quibus
1374 5410 1676 5475 Maraecius
1712 5410 1753 5464 Τ
1757 5422 1894 5466 ract.

336 5492 364 5530 ι
465 5496 512 5529 c.
553 5494 674 5535 can.
748 5522 762 5535 .

336 5492 364 5530 ι
394 5489 512 5529 Alc.
553 5489 674 5535 ean.
709 5489 762 5535 5.

778 5552 891 5628 jam
914 5552 1040 5622 (col.
1056 5552 1181 5628 708,
1206 5562 1325 5628 not.
1345 5551 1439 5625 20)
1461 5568 1566 5607 non
1586 5552 1893 5628 coinputari

302 5633 331 5694 ξι
363 5617 551 5694 Niceta
583 5617 839 5694 Aleoraiii
872 5617 1225 5693 protendunt,
1256 5617 1484 5694 ideoque
1514 5640 1637 5694 qua:
1653 5617 1897 5678 secunda

305 5691 359 5743 in
392 5688 640 5766 vulgatis
658 5688 994 5766 editionibus
1026 5698 1170 5751 Sura
1202 5688 1306 5762 est,
1332 5688 1476 5752 lia-ne
1511 5688 1587 5751 illi
1627 5711 1750 5751 esse
1778 5696 1895 5766 pri-

303 5771 476 5833 mam.
514 5768 569 5833 e_t
600 5762 679 5816 sic
708 5764 987 5833 deinceps.
1178 5794 1185 5795 ν

378 5828 492 5897 (3G)
526 5830 653 5887 Sur.
684 5833 745 5899 ll,
778 5835 869 5890 25.

377 5900 491 5972 (37)
516 5899 786 5959 Nimirum
816 5907 932 5976 ipsa
962 5908 1215 5965 Alcorani
1244 5908 1481 5967 elocutio
1510 5909 1670 5966 habet
1700 5922 1896 5979 quem-

553 5994 826 6059 ΡΔτιιοι.
866 6004 981 6063 Gn.
1019 6006 1143 6065 CV.
1746 6012 1749 6013 ν

1997 4813 2223 4884 lubente
2266 4824 2487 4867 vaccam
2526 4811 2726 4883 populo
2770 4812 3083 4869 ostendisse
3113 4830 3276 4881 quam
3310 4814 3586 4870 immolari

1999 4906 2300 4976 oportebat.
2354 4903 2464 4959 Illis
2505 4916 2689 4959 autem
2739 4905 3122 4975 ignorantibus
3169 4906 3349 4977 qualis
3400 4888 3592 4971 esset,

2001 5011 2379 5067 saepenumero
2409 4995 2510 5049 hac
2539 5010 2702 5064 super
2726 5008 2785 5049 re
2812 4993 2985 5049 Deum
3019 4996 3283 5053 oravisse.
3308 4997 3487 5067 Atque
3514 4998 3590 5053 ita

2002 5105 2120 5145 rem
2148 5089 2371 5144 demum
2401 5086 2753 5157 cognovisse,
2789 5085 3025 5157 illosque
3060 5102 3157 5159 per
3179 5088 3590 5161 symbolaedo-

1998 5340 2128 5395 dam
2164 5337 2502 5410 rhythmum,
2547 5335 2780 5410 ideoque
2835 5334 3116 5410 confertur
3158 5352 3286 5410 eum
3334 5337 3589 5394 canticis.

1996 5410 2195 5465 lrridet
2213 5405 2394 5464 tamen
2426 5409 2566 5480 hanc
2590 5405 2925 5480 Molmmedis
2950 5408 3289 5474 iactantiam.
3308 5409 3593 5480 gratisque

1998 5490 2266 5536 assertam
2293 5477 2602 5532 Alcoranici
2632 5476 2870 5547 rhythmi
2893 5488 3259 5542 venustatem,
3292 5476 3593 5547 specimine

1997 5553 2118 5621 ejus
2149 5551 2284 5606 satis
2316 5548 2526 5604 insulso
2557 5545 2792 5621 prolato,
2819 5545 3120 5603 Maraceius
3152 5558 3191 5603 t.
3224 5548 3265 5612 l,
3300 5545 3590 5607 Prodrotn.

1998 5617 2166 5678 rel‘ut.
2210 5628 2351 5690 part.
2379 5634 2436 5684 ll,
2474 5634 2529 5688 ρ.
2564 5617 2661 5672 Ὠ.

2071 5692 2187 5764 (38)
2212 5689 2475 5764 ’Alcorani
2494 5698 2675 5745 textus
2699 5689 2939 5759 postulat
2972 5698 3032 5746 ut
3063 5690 3363 5760 scribatur,
3392 5693 3440 5747 si
3469 5695 3594 5750 ἐστὶ

2001 5762 2243 5828 ἀληθεῖς,
2281 5765 2329 5817 si
2354 5762 2478 5816 estis
2498 5773 2725 5816 veraces.

2075 5831 2188 5901 (39)
2219 5832 2345 5887 Sur.
2381 5832 2446 5893 ll,
2482 5831 2573 5888 δυ.

2077 5905 2191 5976 (ιο)
2218 5903 2345 5960 Sur.
2377 5903 2443 5971 ιι,
2472 5901 2565 5958 61.

3159 5996 3239 6061 23
