3994 6624
458 435 566 499 715

1691 431 1981 492 ΝΙΕΕΤᾸΞ
2017 431 2197 517 ΒΥΖῇ
2207 431 2253 492 Ν
2258 433 2331 492 TI
2340 432 2424 493 Nl

3605 438 3697 505 716

459 545 661 610 euisse,
694 543 837 599 hanc
862 558 1037 615 neque
1058 541 1292 599 vetulam
1315 558 1435 598 esse
1460 556 1640 613 neque.
1658 542 2033 612 juvcnculatu,

2143 542 2421 612 συμϐόλων
2450 540 2656 607 διδάξαι
2688 541 2768 596 ὄτι
2794 541 2943 596 ἔστιν
2975 540 3097 597 οὔτε
3126 543 3352 611 παλαιά,
3385 548 3697 617 φησὶν,οῦτε

459 641 552 697 sed
577 639 753 694 media
795 638 939 693 inter
969 638 1067 695 has
1101 645 1280 697 aetate.
1309 635 1490 690 colore
1517 649 1730 699 croceo,
1759 635 1948 688 rudem
1980 647 2035 689 ct

460 733 778 786 indomitam
811 748 823 784 :
853 738 1017 798 atque
1048 729 1188 784 hanc
1218 729 1303 783 vis
1334 727 1807 795 illispcrsuasisse
1840 735 1899 781 ut
1932 726 2035 780 itn—

461 825 745 879 mularent.
780 821 871 877 Ille
914 831 1043 876 sunt
1081 821 1386 874 fabularum
1436 820 1554 890 ejus
1608 836 1762 889 nugs:
1797 838 1810 874 :
1841 836 1963 889 qua:
2005 835 2034 873 τι

462 915 618 969 nobis
643 915 900 984 exposita:
917 922 1063 978 sunt,
1087 921 1143 965 ut
1169 912 1285 982 ejus
1313 912 1673 983 impossibilis
1693 928 1815 967 cum
1830 911 2036 967 divinis

462 1006 639 1060 Libris
671 1003 1028 1061 consonantia
1065 1004 1398 1067 innotescat;
1436 1004 1593 1075 cujus
1632 1011 1816 1059 tamen
1860 1004 2035 1074 gratia

460 1100 616 1152 Iidem
652 1111 711 1151 se
746 1095 1054 1151 vcracitatis
1080 1095 1401 1166 adepturum
1436 1096 1679 1167 putabat.

528 1190 617 1245 54.
656 1190 1049 1261 hnpudentiam
1082 1205 1211 1246 vero
1245 1207 1401 1247 suam
1434 1192 1517 1246 vir
1548 1194 1741 1248 atheus
1774 1192 2036 1248 adversus

461 1281 551 1334 Dei
580 1281 755 1337 Patris
774 1284 999 1352 gloriam
1027 1298 1310 1349 exsereus,
1340 1294 1504 1355 atque
1534 1284 1675 1340 hanc
1698 1286 1763 1339 ad
1791 1300 1851 1340 se
1872 1296 2039 1339 attra-

462 1374 587 1427 here
653 1374 923 1429 diabolica
977 1375 1201 1429 vesania
1256 1385 1547 1446 satagens,
1610 1385 1868 1445 tanquam
1922 1377 2037 1445 ipse

460 1462 696 1536 Moysem
726 1465 853 1519 olim
888 1465 1091 1535 alloqui
1139 1466 1353 1532 solitus,
1386 1476 1439 1521 et
1472 1467 1763 1523 Dominum
1819 1482 2037 1539 quoque

460 1556 910 1611 ucstrumJesum
938 1558 1215 1613 Christum
1249 1559 1509 1622 misisset,
1529 1560 1603 1614 ait
1634 1576 1650 1612 :
1692 1579 1708 1611 ι
1740 1560 2038 1617 Αιιυιίωυε

461 1649 630 1721 Moysi
689 1650 1057 1721 scripturam;
1097 1660 1331 1721 postque
1378 1667 1503 1705 eum
1561 1654 1843 1722 apostolos
1878 1653 2039 1713 misi-

461 1756 618 1807 mus;
662 1742 948 1796 attulimus
978 1740 1104 1797 Jesu
1136 1741 1319 1797 Maria:
1354 1741 1494 1796 Filio
1539 1743 1957 1810 revelationem,
1985 1753 2040 1801 ct

463 1832 845 1887 roboravimus
889 1849 1012 1888 eum
1052 1843 1243 1890 sancto
1276 1834 1500 1903 Spiritu.
1543 1854 1562 1887 ι
1600 1832 1723 1890 Haec
1766 1835 2035 1901 scribens,

468 1922 598 1993 quid
636 1924 868 1993 probare
902 1939 962 1979 se
1002 1924 1246 1994 putavit?
1273 1922 1477 1994 Nempe
1505 1923 1665 1987 dicit,
1697 1924 2038 1980 barbaricam

462 2016 601 2069 hanc
635 2015 961 2085 scripturam
1007 2030 1164 2070 suam
1198 2026 1456 2087 tanquam
1491 2015 1733 2071 divinam
1765 2014 1883 2072 fore
1908 2016 2042 2073 reci-

459 2105 709 2176 piendam
746 2126 761 2163 :
812 2109 1064 2163 nesciens
1115 2118 1297 2165 tamen
1332 2124 1390 2165 se
1420 2124 1749 2181 magnopere
1792 2124 1825 2164 a
1872 2123 2041 2180 scopo

455 2198 731 2264 aberrare,
756 2213 865 2268 quo
895 2200 1055 2268 potiri
1077 2200 1351 2270 sperabat.
1377 2199 1531 2255 Dicet
1553 2200 1699 2254 enim
1730 2200 1778 2255 ei
1798 2199 2039 2270 aliquis:

456 2291 742 2358 Quomodo
768 2292 853 2347 vel
882 2293 1264 2363 quamobrem,
1306 2304 1365 2348 ut
1401 2293 1643 2364 Moysen)
1672 2292 2041 2363 reprehende-

457 2396 565 2448 res,
596 2381 783 2438 Jesum
825 2382 1057 2437 misisti?
1115 2382 1270 2449 Quod
1301 2384 1369 2451 si,
1420 2394 1477 2438 ut
1510 2384 1608 2454 par
1651 2391 1758 2451 est,
1790 2392 1953 2454 atque
1982 2392 2044 2439 ut

456 2488 583 2529 vere
622 2482 803 2529 actum
848 2474 982 2540 fuit,
1013 2477 1373 2542 responderet
1404 2494 1419 2531 :
1456 2477 1591 2531 nihil
1636 2477 2043 2547 reprehenden-

458 2568 587 2624 dum
614 2568 669 2621 in
706 2567 890 2638 Moyse
911 2568 1102 2635 fuisse,
1128 2570 1221 2624 scd
1253 2568 1435 2624 Iesum
1455 2570 1524 2624 ad
1550 2569 1697 2624 illius
1731 2569 2039 2624 rudimenta

459 2656 789 2726 perﬁcienda
826 2658 1080 2722 missum,
1121 2673 1221 2714 nec
1256 2673 1366 2713 non
1422 2674 1641 2730 gravem
1683 2659 2038 2715 consuetudi-

460 2762 585 2801 nem
638 2749 942 2803 carnalium
974 2749 1420 2804 ohservationum
1466 2750 1520 2805 in
1560 2750 1839 2806 meliorem
1877 2759 2042 2820 atque

458 2840 724 2909 aptiorem
788 2840 1017 2911 spiritus
1080 2856 1290 2895 morem
1356 2841 1783 2909 immutandam;
1847 2858 2041 2898 rursus

456 2931 584 2988 huic
626 2932 728 3003 ipsi
761 2934 1154 3004 responderent
1183 2952 1198 2989 :
1229 2933 1312 2988 Τιι
1345 2949 1474 2989 vero
1506 2934 1638 3006 quid
1677 2935 1731 2989 in
1782 2934 1911 2991 Jesu
1940 2934 2042 2990 da-

455 3040 674 3092 mnans,
709 3028 922 3082 tertiam
974 3027 1113 3083 hanc
1163 3029 1523 3084 recentiorem
1554 3029 1771 3085 edidisti
1806 3030 2043 3101 scriptu-

455 3117 610 3177 ram?
636 3118 775 3173 Puto
801 3120 928 3189 quia
975 3119 1150 3189 paria,
1182 3119 1265 3173 vel
1304 3119 1492 3174 eadem
1520 3159 1535 3185 ,
1561 3120 1645 3176 vel
1690 3120 1924 3190 majora,
1958 3120 2040 3174 vel

453 3208 618 3263 etiam
671 3209 883 3263 minora
926 3209 1157 3265 doctura
1196 3220 1336 3265 erat.
1371 3211 1537 3283 Atqui
1581 3211 1791 3283 majora
1818 3211 2036 3278 docere,
2066 3240 2108 3297 ε

455 3301 794 3372 impossibile
828 3304 1079 3359 humana:
1104 3314 1315 3360 natura:
1358 3316 1460 3361 est.
1489 3304 1634 3373 Quid
1674 3305 1823 3360 enim
1855 3304 2037 3375 majus

455 3402 559 3459 est,
591 3408 756 3462 quam
787 3401 1008 3464 propter
1043 3396 1136 3450 Dei
1166 3396 1506 3463 mandatum,
1532 3397 1796 3451 mundum
1831 3406 1886 3452 et
1913 3411 2039 3451 cor-

458 3500 558 3553 pus
585 3485 713 3541 odio
751 3486 975 3553 habere,
1008 3486 1118 3543 imo
1148 3498 1203 3543 et
1241 3488 1480 3543 animam
1514 3490 1786 3560 propriam
1820 3488 2039 3544 indubi-

459 3587 635 3631 tanter
661 3579 1160 3648 supernaturalium
1193 3597 1377 3636 rerum
1410 3596 1574 3637 causa
1610 3581 1859 3637 tradere?
1900 3580 2039 3637 Pro-

459 3673 602 3725 lecto
631 3682 868 3739 constat,
904 3674 1040 3729 nihil
1089 3674 1402 3746 huiusmodi
1435 3677 1723 3732 barbarico
1754 3677 1860 3731 hoc
1898 3676 2040 3731 libro

458 3764 747 3831 contineri,
792 3766 903 3821 imo
960 3768 1093 3822 nihil
1139 3770 1379 3825 omnino
1441 3770 1715 3825 excelsum
1772 3770 2043 3840 bonaeque

458 3856 658 3927 frugis;
689 3869 878 3913 contra
926 3875 1058 3915 vero
1104 3860 1319 3916 beluina
1359 3864 1508 3917 unmi
1551 3863 1848 3917 stoliditate
1877 3872 2042 3932 atque

456 3948 729 4003 atheismo
780 3957 953 4004 totum
1000 3946 1351 4006 redundare.’
1382 3952 1502 4007 Jam
1560 3954 1606 4010 si
1649 3954 1798 4024 paria
1845 3952 2041 4007 docere

457 4041 694 4104 dicatur,
725 4056 848 4110 quae
902 4041 1006 4097 fuit
1062 4044 1273 4100 utilitas
1301 4054 1353 4099 et
1387 4045 1560 4117 legem
1594 4054 1649 4100 et
1686 4044 2040 4115 Evangelium

456 4132 770 4187 excitandi?
807 4133 976 4200 illam,
1008 4134 1059 4189 id
1096 4142 1181 4191 est
1230 4136 1423 4206 legem,
1476 4135 1832 4202 deiet-tivam;
1899 4136 2038 4201 hoc,

457 4220 811 4296 Evangelium
855 4227 1104 4297 inquam,
1145 4225 1468 4297 perfectum.
1516 4227 1655 4282 Tum
1687 4229 1852 4283 etiam
1899 4228 2042 4284 male

458 4315 646 4371 ﬁrmos
674 4331 769 4372 eos
796 4317 890 4388 qui
929 4317 1181 4372 alterutri
1211 4320 1462 4374 serviunt
1510 4319 1754 4382 exhibet,
1789 4328 2044 4375 neutros-

456 4421 562 4477 que
615 4407 681 4463 de
736 4423 835 4464 sua
870 4409 1046 4465 salute
1094 4425 1258 4480 posse
1311 4410 1616 4477 conlidere;
1650 4411 1787 4466 alios
1819 4410 2040 4480 quidem

457 4502 927 4573 imperfectionem
957 4516 1287 4573 causantes;
1320 4506 1457 4561 alios
1488 4505 1901 4569 sublimitatem,
1941 4518 2039 4557 ceu

2139 636 2255 701 νέα,
2285 635 2422 688 ἀλλὰ
2450 634 2593 704 μέση
2622 636 2847 699 τούτων,
2880 635 2979 708 τὴν
3013 638 3203 708 χροιὰν
3228 638 3499 709 κρόκινος,
3544 642 3699 713 άγρὶα

2138 730 2234 783 καὶ
2267 730 2577 799 ἀδάμαστος
2604 745 2617 759 ⁶
2650 731 2741 783 καὶ
2778 730 2929 801 μόλις
2959 731 3155 792 αὐτοὺς
3180 732 3363 783 πεῖσαι
3391 733 3586 804 ταύτην
3613 752 3703 788 κα-

2136 822 2443 892 τασφάξαι·
2481 818 2640 876 animi
2688 824 2797 875 τῶν
2837 822 3008 876 αὑτοῦ
3060 823 3396 891 πλασμάτων
3443 826 3500 879 αί
3549 826 3703 895 φλυα-

2139 916 2277 987 ρίαι·
2316 915 2694 986 παρετέθησαν
2721 916 2777 968 δὲ
2804 916 2889 969 ἵνα
2921 915 3103 986 δειχθῇ
3135 916 3196 969 τὸ
3232 915 3589 987 ἀκοινώνητον
3611 922 3703 973 αὐ.

2135 1010 2230 1063 τοῦ
2259 1008 2358 1078 τῆς
2396 1007 2717 1078 συμφωνίας
2747 1008 2883 1071 πρὸς
2929 1008 3027 1077 τὴν
3053 1007 3203 1061 θείαν
3249 1008 3472 1081 Γραφήν
3495 1026 3511 1042 σ
3561 1010 3625 1064 δι’
3648 1005 3705 1065 οῦ

2136 1101 2197 1154 τὸ
2229 1100 2434 1171 ἀληθὴς
2460 1098 2599 1154 εἶναι
2631 1099 3084 1171 πιστευθήσεσθαι
3118 1100 3343 1171 ἤλπιζεν

2207 1193 2297 1248 ).δ’.
2337 1193 2734 1263 Ἀναισχυντῶν
2776 1192 2831 1245 δὲ
2863 1194 2890 1244 ὁ
2928 1192 3085 1255 ἄθεος
3116 1194 3260 1246 κατα
3298 1196 3398 1262 τῆς
3440 1193 3537 1247 τοῦ
3582 1194 3706 1248 Θεοῦ

2139 1288 2233 1341 καὶ
2262 1288 2477 1358 Πατρὸς
2528 1288 2706 1357 δόξης,
2736 1287 2830 1340 καὶ
2859 1286 3063 1357 ταύτην
3113 1291 3191 1350 εἰς
3226 1286 3417 1339 ἑαυτὸν
3462 1288 3709 1358 ἀφαιρεῖν

2138 1379 2506 1449 δαιμονιωδῶς
2544 1378 3030 1450 ὲκφραινοῦμενος,
3065 1378 3157 1430 καὶ
3186 1378 3261 1441 ὡς
3292 1378 3456 1441 αὗτδς
3487 1374 3539 1431 εῐ
3565 1377 3593 1430 ὁ
3638 1378 3711 1447 τῷ

2139 1471 2369 1525 Μωῦσεῖ
2390 1471 2749 1542 συλλαλήσας,
2783 1471 2877 1523 καὶ⁵
2917 1470 3007 1523 τὸν
3050 1468 3254 1536 Κύριον
3309 1468 3469 1539 ἡμῶν
3513 1467 3711 1541 Ἰησοῦν

2139 1562 2373 1630 Χριστὸν
2398 1562 2803 1628 ἐξαποστείλας,
2834 1563 2999 1633 φησίν
3034 1562 3168 1633 (41)·
3196 1582 3213 1615 ι
3238 1561 3620 1632 Ἐπηγάγομεν
3640 1562 3712 1629 τῷ

2138 1655 2363 1708 Μωῦσεῖ
2383 1654 2601 1726 γραφὴν
2627 1693 2642 1719 ,
2675 1657 2769 1708 καὶ
2797 1653 3196 1725 ἀπεστείλαμεν
3230 1651 3347 1723 μετ’
3381 1652 3545 1705 αὑτὸν
3588 1653 3715 1706 ἀπο·

2141 1744 2360 1807 στόλους
2379 1761 2393 1775 ·
2427 1745 2522 1800 καὶ
2549 1746 2901 1816 ἐπηγάγομεν
2930 1745 3007 1817 τῷ
3038 1745 3212 1815 Ἰησοῦ
3245 1744 3346 1816 υίῷ
3376 1743 3599 1817 Μαρίας
3622 1746 3713 1813 τὴν

2141 1834 2467 1907 φανέρωσιν,
2491 1835 2587 1891 καὶ
2621 1836 3110 1909 ὲνεδυναμὼσαμεν
3126 1838 3290 1893 αὑτὸν
3324 1837 3417 1892 διὰ
3446 1835 3542 1889 τοῦ
3567 1836 3713 1904 ἁγίου

2142 1928 2483 1998 Πνεῦματος.
2520 1949 2539 1982 ι
2588 1928 2775 1986 Ταῦτα
2802 1930 2859 1985 δὲ
2890 1930 3143 2001 γράφων,
3200 1929 3251 1983 τί
3284 1926 3714 1993 κατασκευάζειν

2141 2019 2400 2090 ὲνόμισες
2449 2019 2524 2072 Τὸ
2554 2019 2719 2087 φάναι
2761 2019 2856 2075 τοῦ
2900 2019 3065 2075 αὑτοῦ
3114 2019 3249 2074 Θεοῦ
3294 2016 3464 2073 οὖσαν
3494 2018 3587 2072 καὶ
3625 2017 3714 2089 τὴν

2144 2110 2419 2183 βάρδαρον
2463 2112 2671 2182 ταύτην
2720 2112 2968 2184 γραφὴν,
2999 2113 3073 2177 ὡς
3107 2113 3264 2167 θείαν
3312 2110 3715 2183 παραδεχθήσε-

2143 2200 2266 2256 σθαι
2289 2217 2302 2232 ⁶
2338 2201 2607 2271 ἀγνοήσας
2638 2199 2712 2263 ὡς
2743 2201 3005 2271 πάμπολυ
3051 2200 3146 2254 τοῦ
3189 2201 3394 2254 σκοποῦ
3437 2200 3714 2271 διαμάρτοι

2141 2293 2281 2366 ἠὼς
2318 2294 2378 2347 οὐ
2413 2294 2681 2365 κρατῆσαι
2712 2293 2927 2365 ῆλπισε.
2982 2293 3106 2356 Πῶς
3133 2292 3273 2365 γάρ;
3304 2293 3390 2356 τις
3433 2293 3550 2364 ὲρεί
3590 2290 3717 2362 πρδς

2141 2387 2305 2440 αὑτὸν
2332 2428 2346 2450 ,
2389 2386 2484 2439 καὶ
2522 2385 2573 2439 τί
2601 2384 2741 2455 ἔχων
2789 2384 3067 2448 Μωῦσέως
3095 2382 3584 2455 καταμέμψασθαι,
3624 2381 3717 2451 ’1ης

2143 2478 2268 2532 σοῦν
2302 2477 2722 2544 ὲξαπέστειλαςς
2752 2478 2810 2531 El
2838 2477 2894 2530 δὲ
2919 2476 2981 2530 τὸ
3002 2476 3149 2540 είκδς
3169 2477 3261 2529 καὶ
3289 2474 3367 2540 ὡς
3387 2473 3605 2545 άληθῶς
3634 2488 3719 2541 γε·

2141 2571 2296 2639 γονδς
2334 2572 2449 2640 spot
2482 2570 2579 2632 τὸ,
2606 2570 2689 2623 ὅτι
2721 2569 3053 2641 Μέμψασθαι
3089 2568 3189 2639 μὲν
3222 2562 3366 2638 εἶχον
3410 2566 3587 2632 οὑδδν,
3632 2582 3716 2620 τε·

2141 2661 2361 2716 λειῶσαι
2403 2662 2458 2715 δὲ
2503 2662 2574 2715 τά
2628 2660 2779 2732 αὐτῷ
2830 2660 3241 2731 στοιχειωθὲντα
3266 2698 3282 2723 ,
3318 2656 3416 2711 καὶ
3450 2656 3622 2720 ἄλλως
3660 2656 3718 2709 τὸ

2141 2754 2378 2825 ἐπαχθὲς
2412 2755 2508 2808 καὶ
2561 2753 2752 2817 εἰωθὸς
2780 2752 2890 2806 τῶν
2951 2752 3232 2824 σαρκικῶν
3278 2750 3716 2820 παρατηρήσεων

2141 2850 2233 2902 ἐπὶ
2265 2849 2328 2902 τὸ
2355 2846 2558 2918 κοῦφον
2589 2846 2685 2901 καὶ
2737 2846 2951 2917 πρέπον
2984 2844 3302 2915 μεταθεῖναι
3347 2842 3450 2896 τοῦ
3479 2840 3720 2911 Πνεῦμα-

2139 2959 2251 3008 τος,
2277 2942 2438 2997 πάλιν
2487 2940 2623 3013 πρὸς
2661 2939 2822 2995 αὑτὸν
2886 2938 3111 3001 τούτους
3146 2938 3319 2990 εἰπεῖν
3344 2952 3359 2968 ο
3394 2935 3467 2988 Τί
3496 2934 3553 2988 δὲ
3593 2948 3717 2987 κατα

2141 3032 2398 3103 εγνωκὼς
2437 3029 2668 3104 Ἰησοῦν,
2693 3030 2897 3101 ταύτην
2925 3029 3026 3100 τὴν
3071 3028 3389 3099 καινοτέραν
3418 3027 3514 3080 καὶ
3542 3025 3720 3097 τρίτην

2141 3126 2358 3197 γραφὴν
2382 3124 2712 3189 εκδὲδωκαςς
2754 3119 2865 3191 ἆρά
2890 3138 2952 3190 γε
2975 3120 3052 3183 ὡς
3076 3120 3144 3173 τὰ
3174 3121 3264 3173 ἴσα
3295 3120 3388 3173 καὶ
3417 3118 3487 3171 τά
3510 3116 3664 3179 αὐτὰ,
3686 3114 3716 3186 ῆ

2140 3218 2207 3268 τά
2241 3213 2431 3285 μείζω,
2457 3212 2490 3282 ἢ
2515 3211 2609 3265 καὶ
2628 3212 2695 3264 τά
2723 3210 2930 3264 ἐλάττω
2957 3208 3307 3275 διδάξουσανς
3341 3208 3438 3261 καὶ
3465 3207 3531 3259 τά
3559 3204 3718 3275 μείζω

2143 3300 2244 3371 μὲν
2263 3299 2492 3365 διδάξαι,
2533 3298 2643 3353 τῶν
2695 3297 2975 3352 ἀδυνάτων
3005 3300 3071 3369 τῇ
3106 3296 3427 3368 ἀνθρωπίνῃ
3456 3295 3646 3365 φύσει·
3669 3292 3717 3345 τί

2141 3392 2250 3464 γάρ
2276 3391 2436 3445 πλέον
2467 3390 2562 3445 τοῦ
2593 3390 2738 3461 ὑπὲρ
2788 3389 3011 3461 ἐντολῆς
3042 3387 3200 3452 Θεοῦ,
3252 3388 3460 3458 κόσμον
3497 3385 3717 3457 μισῆσαι

2143 3487 2237 3540 καὶ
2282 3486 2464 3556 σῶμα,
2508 3484 2589 3539 ἔτι
2638 3484 2695 3538 δὲ
2744 3486 2839 3538 καὶ
2867 3482 2967 3555 τὴν
3014 3482 3208 3536 ἑαυτοῦ
3235 3480 3415 3553 ψυχὴν
3463 3478 3719 3550 ἁριδήλως

2142 3578 2280 3651 πρὸς
2330 3578 2399 3632 τά
2432 3577 2690 3649 ὑπερφυῆ
2757 3576 3099 3649 μεταθεῖναι;
3149 3573 3289 3629 ἀλλᾶ
3339 3571 3606 3644 πρόδηλον
3642 3570 3719 3623 ὅτι

2141 3671 2296 3726 οὐδὲν
2324 3670 2565 3726 τοιοῦτον
2605 3674 2672 3739 τῇ
2723 3668 3068 3741 βαρδαρὼδει
3117 3666 3293 3740 ταύτῃ
3339 3665 3720 3737 ἐμπεριέχεται

2141 3766 2330 3836 γραφῇ
2354 3778 2370 3795 ·
2401 3761 2517 3817 ἀλλ’
2545 3762 2667 3816 οὐδὲ
2694 3760 2882 3825 ἁπλῶς
2904 3778 2957 3813 τι
2990 3760 3195 3830 ὑψηλὸν
3223 3759 3319 3813 καὶ
3343 3758 3500 3823 ἄξιον
3525 3757 3680 3824 λόγου
3703 3770 3717 3785 ’

2140 3857 2453 3911 τούναντίον
2476 3856 2574 3927 μὲν
2602 3854 2696 3909 οῦν
2731 3856 2826 3909 καὶ
2864 3854 3168 3926 κτηνωδίας
3189 3854 3373 3923 πάσης
3403 3852 3500 3906 καὶ
3540 3850 3722 3911 άθεῖας

2143 3947 2447 4018 ἀνάμεστος
2476 3946 2569 4016 ὅλη
2596 3946 2854 4018 τυγχάνει
2874 3962 2888 3975 ο
2924 3944 2993 3999 τὰ
3028 3944 3118 3997 ίσα
3147 3943 3209 3997 δὲ
3237 3943 3600 3997 διδάσκουσαν
3625 3940 3719 3994 αὖ·

2144 4037 2228 4103 θις
2259 4038 2425 4107 φάναι
2449 4052 2462 4067 ⁸
2494 4038 2605 4091 Καὶ
2631 4037 2714 4101 τίς
2749 4036 2908 4107 χρεία
2938 4038 3031 4089 καὶ
3065 4035 3231 4105 νόμον
3263 4034 3359 4089 καὶ
3397 4032 3723 4103 Εὐαγγέλιον

2143 4132 2401 4203 άνιστᾷνς
2432 4131 2522 4185 τὸν
2548 4130 2649 4201 μὲν
2689 4129 2885 4193 ἐνδεῶς
2939 4129 3132 4199 ἔχοντα
3154 4169 3170 4193 ,
3200 4128 3291 4181 τὸν
3329 4126 3498 4198 νόμον
3524 4126 3720 4193 λέγων’

2144 4224 2205 4277 τὸ
2238 4223 2299 4277 δὲ
2329 4223 2710 4288 τελειωτικῶς,
2744 4222 2804 4275 τὸ
2854 4220 3187 4290 Εὐαγγέλιόν
3219 4236 3362 4290 φημι
3387 4235 3403 4251 ο
3455 4219 3532 4281 ὼς
3558 4218 3719 4285 ἀστη-

2148 4314 2363 4386 ρίκτους
2395 4313 2490 4367 καὶ⁵
2522 4313 2648 4377 τοὺς
2696 4311 2765 4367 τά
2799 4312 3038 4383 ἑκάτερα
3070 4310 3424 4374 δουλεύοντας
3454 4307 3686 4377 καθιστᾷ
3706 4316 3722 4334 ⁸

2149 4407 2271 4477 μηδ’
2305 4407 2600 4477 ὁποτέρους
2628 4404 2849 4475 ἔχοντας
2897 4405 2992 4457 ἐπὶ
3023 4403 3298 4473 σωτηρίαν
3324 4402 3553 4473 θαρρεῖν
3577 4416 3590 4431 ο
3623 4398 3727 4451 τῶν

2148 4499 2246 4567 μὲν
2279 4498 2340 4552 τὸ
2370 4498 2558 4561 ἀτελὲς
2579 4496 2942 4568 αἰτιωμένων,
2962 4494 3068 4548 τῶν
3091 4495 3146 4548 δὲ
3177 4495 3236 4548 τὸ
3261 4494 3466 4564 ὑψηλὸν
3487 4492 3562 4556 ὡς
3592 4490 3725 4559 ὑπὲρ

456 4603 668 4649 naturae
694 4596 946 4650 humana:
976 4598 1342 4668 superiorem,
1366 4614 1395 4653 a
1428 4615 1487 4653 se
1524 4599 1903 4666 deprecantes.
1931 4593 2036 4650 Sed

2143 4590 2427 4661 ἄνθρωπον
2456 4590 2905 4660 παραιτουμένων
2930 4606 2943 4619 ·
2973 4587 3089 4642 ἀλλ’
3116 4588 3398 4660 οὐδετέρου
3431 4588 3567 4660 παρ’
3594 4586 3722 4654 αὐτῇ

458 4684 704 4739 neutrius
752 4686 1053 4742 secundum
1102 4688 1245 4744 idem
1307 4703 1597 4758 exaequare
1655 4686 2044 4756 perfectionem

383 4800 399 4815 η
457 4776 673 4831 videtur
702 4794 715 4831 :
750 4787 917 4833 restat
968 4795 1118 4850 ergo,
1152 4789 1211 4835 ut
1245 4780 1581 4835 Mohantedis
1618 4779 1893 4847 scriptura
1931 4792 2034 4832 ceu

460 4866 671 4923 minora
702 4870 906 4925 docens
941 4871 1068 4926 data
1091 4873 1272 4928 fuerit.
1310 4873 1416 4927 Sed
1445 4871 1491 4927 si
1530 4872 1599 4927 oh
1648 4870 1793 4926 hanc
1821 4885 2044 4925 causam

458 4958 582 5015 data
606 4960 731 5028 fuit,
756 4961 911 5018 valde
934 4966 1038 5019 hoc
1058 4964 1129 5020 sit
1151 4965 1466 5031 ridiculum,
1490 4964 1817 5020 sublimibus
1837 4962 2047 5018 scilicet

459 5049 763 5121 mediisque
787 5050 1087 5121 derelictis,
1112 5055 1279 5109 vitam
1310 5056 1461 5110 humi
1497 5063 1772 5126 repentem
1798 5054 2046 5111 ctbelui—

459 5154 603 5202 nam,
620 5156 741 5211 qua:
760 5140 895 5196 nihil
920 5143 1129 5198 celsum
1152 5152 1385 5213 spectat,
1412 5145 1635 5198 sectari.
1653 5142 1856 5198 Przeter
1876 5159 2043 5214 quam

459 5230 601 5299 quod
635 5249 851 5291 summa
879 5237 967 5291 hic
995 5238 1318 5290 naturaliter
1348 5236 1703 5307 repugnantia
1746 5246 1863 5302 est;
1890 5246 1943 5290 et
1979 5254 2043 5291 ea

457 5337 577 5391 quae
607 5324 833 5381 meliore
865 5335 1016 5382 sorte
1047 5335 1198 5389 sunt,
1224 5326 1594 5381 deterioribus
1630 5325 1995 5381 adversantur
2025 5345 2039 5381 :

456 5415 602 5481 quod
651 5433 784 5473 sane
818 5420 883 5474 de
935 5420 1039 5474 hoc
1085 5419 1223 5474 libro
1260 5435 1449 5475 verum
1496 5419 1677 5475 evadit
1708 5436 1723 5473 :
1759 5422 1960 5475 etenim
1998 5421 2044 5475 is

458 5510 769 5567 contrarius
811 5512 970 5582 plane
1011 5512 1066 5566 in
1102 5513 1359 5568 erunibus
1392 5510 1684 5583 Evangelio
1710 5512 1910 5568 Christi
1939 5522 2042 5568 est.

457 5596 515 5651 Si
548 5617 677 5671 ergo
707 5603 1059 5676 Evangelium
1080 5609 1253 5675 legem
1286 5605 1539 5676 perfecit;
1576 5606 1837 5675 perfectio
1859 5617 2040 5660 autem

458 5706 571 5746 rem
626 5697 800 5767 magis
857 5699 1173 5767 conﬁrmat;
1233 5698 1519 5755 barbarica
1589 5714 1718 5754 vero
1763 5700 2035 5771 scriptura

530 5871 640 5941 (4|)
665 5872 790 5927 Sur.
827 5872 888 5934 ll,
920 5875 1008 5933 87.

2148 4682 2269 4736 καθ’
2299 4682 2429 4735 αὐτὸ
2448 4683 2703 4755 ἀκριϐείᾳ
2733 4684 3043 4753 θεωρεῖται·
3073 4681 3320 4735 λείπεται
3341 4680 3452 4752 ἄρα
3480 4681 3551 4735 τά
3580 4680 3727 4733 ἐλάτ-

2146 4790 2224 4826 τω
2249 4772 2453 4844 ταύτην
2480 4774 2795 4839 διδάξουσαν
2816 4773 3093 4827 δεδόσθαι·
3130 4773 3243 4828 ἀλλ’
3266 4775 3314 4826 εί
3348 4772 3543 4826 τούτου
3571 4770 3724 4840 χάριν

2147 4864 2325 4936 ἐδόθη,
2359 4866 2526 4929 πολὺς
2554 4867 2798 4936 όγέλως,
2836 4866 2907 4920 τά
2956 4866 3135 4937 ὑψηλά
3190 4868 3284 4921 καὶ
3318 4866 3461 4937 μέσα
3504 4864 3723 4918 καταλισι

2147 4959 2369 5025 πόντας,
2398 4960 2466 5012 τὰ
2492 4959 2667 5031 πάντη
2698 4960 2984 5031 χαμερπῆ,
3019 4959 3115 5014 καὶ
3139 4958 3246 5012 τῶν
3276 4958 3490 5026 ἀλόγων
3514 4956 3595 5016 είς
3626 4968 3720 5023 μη·

2145 5048 2235 5102 δὲν
2270 5047 2694 5121 ὑπερϐεϐηκότα
2749 5048 3136 5122 μεταδιώκειν·
3195 5048 3290 5100 καὶ
3318 5044 3495 5107 ἄλλως
3528 5042 3587 5095 δὲ
3633 5039 3729 5110 τὴν

2146 5142 2323 5212 ἄκραν
2354 5142 2599 5210 φυσικῶς
2630 5142 2984 5211 ἐναντιότητα
3016 5140 3153 5212 πρὸς
3180 5140 3248 5192 τά
3279 5134 3453 5208 μείζω
3474 5132 3723 5204 εἰληχότα

2146 5234 2215 5287 τά
2238 5234 2496 5303 ἐλάχιστα
2547 5234 2781 5305 πολέμια
2832 5234 3015 5298 αὐτοῖς
3050 5230 3397 5301 καθειστήκει
3424 5242 3440 5258 ο
3473 5227 3501 5280 ὃ
3547 5225 3612 5296 δὴ
3641 5223 3728 5277 καὶ

2146 5324 2345 5394 ἀληθές
2372 5327 2520 5379 ἐςτιν
2550 5326 2641 5378 ἐπὶ
2668 5328 2734 5397 τῇ
2773 5329 2957 5395 γραφῇ
3006 5324 3179 5394 ταύτῃ
3208 5338 3220 5351 δ
3256 5317 3725 5387 ἀντιτεταγμένοις

2147 5419 2255 5488 γὰρ
2304 5419 2361 5470 ἐν
2392 5419 2526 5471 πᾶσι
2562 5416 2639 5488 τῷ
2686 5416 3007 5489 Εὑαγγελίῳ
3058 5415 3151 5468 τοῦ
3189 5409 3424 5485 Χριστοῦ
3484 5407 3727 5462 διατέτα-

2146 5529 2294 5567 κται.
2329 5512 2391 5564 Εἰ
2420 5512 2513 5566 οῦν
2536 5512 2864 5581 Εὑαγγὲλιον
2896 5512 3091 5575 τελειοί
3116 5510 3205 5562 τὸν
3237 5507 3420 5577 νόμον,
3478 5500 3727 5569 συνιστᾷν

2145 5605 2203 5659 δὲ
2237 5606 2436 5676 μᾶλλον
2457 5607 2517 5659 τὸ
2540 5605 2781 5659 τελειοῦν
2805 5606 2941 5665 ἐστι,
2973 5601 3372 5673 καταστρέφειν
3402 5597 3459 5651 δὲ
3482 5597 3546 5649 τὸ
3562 5595 3731 5653 Eos}-

2145 5698 2328 5769 γέλιον
2372 5700 2406 5770 ἡ
2445 5698 2719 5771 βάρϐαρος
2776 5697 3034 5769 πειρᾶται
3081 5694 3287 5765 γραφὴ,
3332 5685 3731 5760 καταστρέφειν
