3994 6626
399 332 511 443 719

1663 364 1958 435 NICET/E
1993 374 2407 439 ΒΥΖΑΝΤΙΝΙ

3568 386 3675 452 7‘20

404 478 769 547 quorumdam
799 478 1035 553 saltem)
1058 478 1205 552 quod
1237 480 1354 555 ipse
1396 480 1535 538 Deus
1571 482 1892 550 Abrahaml,
1928 500 1965 541 ei

2087 488 2261 561 ρικῶν
2295 489 2577 560 ὀνομάτων
2615 483 2793 563 (οἶμαι
2826 491 2883 546 δὲ
2914 491 2977 565 δὴ
3009 494 3225 560 πάντως
3271 495 3544 568 δαιμόνων
3583 504 3677 557 καὶ

401 574 546 631 Deus
570 572 761 641 Isaaci,
791 574 1006 629 Novum
1043 573 1449 630 Testamentum
1497 574 1569 631 ob
1596 576 1975 646 complcndam

400 668 574 739 legem
598 667 876 732 indixerit,
913 668 1003 738 qui
1042 669 1208 720 etiam
1236 666 1545 723 Moliamedi
1582 668 1976 726 Manicliaicam

403 760 547 815 lianc
569 758 1034 814 abominationem
1059 758 1337 813 tradiderit
1368 774 1525 829 ;qua:
1547 760 1765 829 quidem
1792 769 1974 818 utrum

406 853 695 909 consonet,
734 860 801 898 an
831 854 1020 899 contra
1054 845 1319 912 dissouet,
1353 845 1517 900 homo
1563 850 1977 907 amentissimus

402 952 734 1008 cognoscere
763 936 1055 1005 impotens,
1080 946 1355 991 seetarum
1380 952 1643 1007 personas
1665 940 1975 1008 confundit,

401 1041 456 1087 et
510 1030 743 1084 invicem
795 1028 1210 1098 incongrueutia
1257 1037 1373 1085 toto
1418 1046 1521 1085 suo
1556 1032 1806 1088 fabuloso
1859 1050 1978 1090 scr-

405 1136 569 1176 mone
603 1120 813 1176 recitat.
835 1120 1187 1175 Obliviscitur
1213 1122 1358 1177 enim
1387 1124 1479 1193 qui
1523 1124 1642 1179 haec
1669 1126 1974 1196 componit,

404 1212 657 1281 quisnam
707 1211 780 1266 sit
839 1212 1096 1282 loquens,
1141 1221 1195 1268 et
1238 1215 1489 1283 quisnam
1534 1218 1787 1281 audiens,
1831 1228 1878 1273 el
1912 1219 1978 1274 de

399 1319 510 1373 quo
562 1312 892 1375 argumento
937 1305 1256 1375 loquantur,
1296 1318 1350 1362 et
1388 1318 1574 1364 mutuo
1617 1310 1919 1365 dissideant
1958 1328 1973 1376 ;

401 1397 567 1450 modo
625 1397 792 1451 verba
841 1397 1116 1468 loquentis
1161 1398 1451 1454 conferens
1501 1404 1555 1455 in
1608 1402 1973 1469 audientem;

399 1490 562 1544 modo
592 1489 866 1545 audientis
898 1491 1140 1546 vicissim
1178 1492 1231 1546 in
1260 1491 1595 1563 loquentem,
1621 1503 1675 1549 et
1716 1496 1974 1566 colloquii

400 1581 682 1637 materiem
716 1582 773 1636 in
814 1591 1104 1653 utramque
1139 1591 1347 1653 partem
1378 1602 1395 1651 ;
1421 1584 1513 1654 qui
1546 1593 1629 1638 est
1664 1582 1859 1639 furiosi
1893 1587 1975 1640 vel

400 1673 688 1728 delirantis
724 1674 972 1730 morbus.
1029 1672 1314 1745 Templum
1352 1690 1572 1747 quoque
1606 1675 1739 1731 dicit
1786 1676 1855 1731 ab
1896 1677 1978 1732 ls-

399 1764 569 1820 niaele
590 1775 753 1836 atque
777 1766 1089 1822 Abraliamo
1113 1767 1223 1822 Deo
1246 1766 1594 1833 aedificatum,
1627 1768 1774 1839 quod
1795 1778 1975 1824 tamen

2087 581 2268 635 αὐτῶν
2297 582 2464 637 ὄντων
2495 582 2700 655 τινῶν),
2735 584 2811 649 ὡς
2856 587 3019 649 αὖτὶς
3062 588 3146 659 εἴη
3180 590 3207 641 ὁ
3246 589 3377 655 Θεδς
3426 591 3679 663 ’Δϐραάμ

2085 671 2181 724 καῖ⁹
2207 670 2391 725 Ἰσαὰκ
2413 712 2429 737 ,
2461 673 2489 725 ό
2516 671 2613 741 τὴν
2645 674 2853 745 Καινὴν
2883 675 2975 741 έπῖ
3011 676 3357 749 ἐκπληρώσει
3386 680 3480 734 τοῦ
3510 683 3677 747 νόμου

2086 764 2472 835 ὑπαγορεύσας
2501 806 2516 831 ,
2568 765 2597 818 ό
2650 767 2745 820 καὶ⁸
2774 768 2850 838 τῷ
2898 770 3143 840 Μωὰμετ
3190 772 3288 845 τὴν
3328 775 3677 847 λίανιχαῖκὴν

2082 855 2289 928 ταύτην
2320 856 2682 926 ἐπαναγαγὼν
2715 859 3043 931 βδελυγμίαν
3065 880 3080 896 ο
3118 864 3253 935 μηδὲ
3309 867 3358 918 εἰ
3392 871 3677 937 συμφωνεῖ

2082 948 2239 1013 ὅλως,
2272 949 2305 1021 ἢ
2335 950 2596 1019 διαφωνεῖ
2628 952 2765 1022 αὐτὴ
2790 953 2925 1025 πρὸς
2951 955 3165 1019 ὲκείνας
3192 958 3423 1013 συνιδεῖν
3449 962 3477 1014 ὁ
3508 960 3672 1014 ἀνού-

2086 1057 2279 1105 στατος
2312 1042 2561 1112 δυνηθείς
2582 1061 2597 1077 ⁸
2633 1044 2728 1099 καὶ
2765 1046 2832 1100 τὰ
2876 1051 3147 1118 πρόσωπα
3176 1049 3234 1103 δὲ
3268 1050 3450 1105 αὐτῶν
3475 1070 3675 1121 συγκε-

2084 1132 2296 1202 χυμένα
2322 1136 2416 1188 καὶ
2450 1135 2764 1206 ἀνάρμοστα
2792 1135 2859 1191 δι’
2911 1137 3032 1192 ὅλου
3081 1140 3174 1194 τοῦ
3230 1141 3460 1212 μυθικοῦ
3507 1144 3674 1197 αὑτοῦ

2093 1221 2253 1291 λόγου
2283 1224 2532 1296 ἀλλήλοις
2558 1226 2814 1298 φέρεται·
2842 1226 3333 1301 ἐπιλανθανομένου
3358 1231 3548 1305 ὥσπερ
3577 1236 3675 1287 τοῦ

2081 1315 2254 1369 ταῦτα
2301 1316 2759 1383 ἀνατυπώσαντος
2812 1321 2960 1385 ὅστις
3017 1324 3104 1394 εἴη
3170 1322 3199 1377 ὅ
3236 1339 3297 1377 τε
3344 1324 3524 1378 λαλῶν
3577 1326 3673 1379 καὶ

2084 1404 2321 1472 ἀκούων,
2362 1408 2457 1460 καὶ
2498 1407 2638 1480 ὑπὲρ
2665 1402 2727 1461 οὗ
2762 1409 2966 1478 ελεγον,
3002 1412 3091 1463 καὶ
3129 1411 3425 1479 ἀμοιϐαδὸν
3456 1412 3672 1466 ἀντιτέ-

2085 1498 2311 1565 θεινται,
2345 1500 2423 1570 πῆ
2457 1500 2555 1572 μὲν
2582 1499 2673 1554 τοῦ
2705 1501 2974 1570 λέγοντος,
3005 1504 3083 1566 είς
3107 1502 3167 1556 τὸ
3204 1503 3298 1557 τοῦ
3330 1504 3621 1569 ἀκούοντος
3652 1521 3670 1536 ο

2082 1593 2160 1661 πῆ
2190 1592 2246 1645 δὲ
2282 1590 2377 1645 τοῦ
2419 1592 2711 1656 ἀκούοντος
2738 1595 2816 1657 είς
2844 1592 2906 1646 τὸ
2940 1593 3032 1647 τοῦ
3063 1592 3344 1663 λέγον-’τος⁸
3381 1594 3474 1647 καὶ
3526 1594 3670 1665 ὑπὲρ

2083 1678 2143 1738 οὗ
2184 1683 2367 1753 ἔλεγον
2415 1686 2495 1750 είς
2543 1684 2611 1739 τὰ
2654 1686 2941 1757 ἀμφότερα
2966 1703 2980 1718 ο
3019 1687 3159 1758 ὅπερ
3209 1687 3536 1756 μαινομένου
3573 1690 3673 1741 καὶ

2084 1774 2491 1845 παραπαίοντος
2518 1774 2649 1828 ῖδιον
2698 1775 2890 1839 πάθος.
2922 1774 3067 1830 Ναδν
3098 1776 3154 1829 δὲ
3200 1776 3348 1846 λέγει
3375 1776 3489 1848 (62)
3518 1778 3673 1848 παρᾶ

394 1872 574 1928 neque
618 1873 858 1928 unquam
900 1858 1130 1925 exstitit,
1178 1873 1357 1929 neque
1397 1874 1428 1912 a
1473 1858 1658 1913 divina
1689 1858 1965 1931 Scriptura

2077 1883 2136 1919 τε
2181 1865 2396 1939 Ἰσραὴλ
2441 1868 2535 1920 καὶ
2597 1867 2846 1938 Ἀϐραὰμ
2892 1868 2971 1939 τῷ
3005 1867 3124 1939 Θεῷ
3150 1869 3666 1941 ἀνοικώομηθῆναι,

394 1939 768 2005 memoratur.
804 1950 940 2005 Nam
975 1949 1022 2006 si
1058 1966 1126 2007 nc
1172 1951 1487 2006 unctionem
1540 1951 1760 2022 quidem
1810 1952 1975 2008 unius

393 2039 590 2110 lapidis
633 2040 971 2112 cippumque
999 2042 1121 2097 oleo
1147 2041 1366 2104 linitum
1398 2041 1583 2097 omisit
1612 2042 1773 2098 divus
1802 2043 1974 2099 histo-

389 2132 540 2187 ricus
563 2130 606 2199 ⁸,
636 2132 912 2203 quomodo
962 2134 1234 2206 integrum
1267 2134 1529 2207 templum
1580 2134 1799 2191 silentio
1827 2150 1970 2208 pra:-

392 2223 628 2280 teriisset
651 2224 674 2279 ?

440 2316 550 2379 _57.
592 2315 729 2371 Tum
760 2316 926 2372 etiam
966 2317 1243 2383 admonet,
1273 2327 1334 2373 ut
1367 2317 1435 2373 iis
1469 2318 1561 2389 qui
1588 2317 1845 2374 incusant
1877 2335 1968 2376 as-

387 2409 662 2466 seclarum
688 2423 719 2463 a
749 2424 808 2464 se
839 2409 1193 2479 deceptorum
1230 2424 1439 2464 morem
1474 2410 1668 2464 orandi
1702 2424 1970 2466 conversa

388 2501 455 2556 ad
504 2510 755 2556 austrum
815 2500 978 2567 facie,
1017 2501 1154 2556 nihil
1192 2502 1341 2557 aliud
1390 2502 1559 2557 velint
1613 2502 1967 2573 respondere,

387 2592 497 2648 nisi
539 2593 647 2649 hoc
700 2593 850 2664 ipsos
903 2594 1084 2649 facere
1117 2601 1179 2648 ut
1223 2608 1379 2648 suam
1425 2607 1553 2663 erga
1589 2590 1967 2647 Mobamcdem

384 2686 643 2756 pietatem
669 2684 978 2749 ostendant,
999 2694 1051 2740 et
1075 2683 1143 2739 ab
1172 2684 1239 2741 iis
1256 2684 1665 2755 distinguantur
1698 2685 1790 2757 qui
1812 2685 1971 2741 aliter

386 2778 617 2832 faciunt.
652 2777 829 2833 Macte
856 2777 1103 2849 equidem
1140 2776 1323 2831 divina
1351 2777 1641 2847 sapientia,
1677 2793 1801 2849 qua:
1842 2778 1965 2835 illos

386 2869 493 2924 liae
549 2870 713 2926 etiam
772 2872 988 2925 ratione
1027 2869 1339 2939 distinguit,
1387 2886 1658 2942 verasque
1710 2872 1966 2931 tenebras

393 2963 629 3019 adorare
682 2963 928 3035 coarguit
960 2964 974 3018 ί
1004 2963 1183 3034 Atque
1224 2975 1285 3018 ut
1313 2963 1472 3021 dolus
1497 2964 1619 3036 eius
1652 2974 1839 3037 aperte
1873 2980 1966 3022 eoo

381 3055 703 3128 gnoscatur,
736 3072 803 3111 en
840 3056 987 3111 idolo
1018 3056 1161 3126 apud
1194 3054 1391 3111 Bacam
1424 3058 1625 3127 posito,
1656 3058 1805 3131 quod
1849 3058 1968 3130 ipse

380 3149 681 3204 oratorium
713 3148 1112 3205 observationis
1142 3148 1402 3220 appellat,
1426 3150 1674 3207 infelices
1698 3151 1965 3208 barbaros

375 3242 530 3312 jubet
551 3243 760 3298 cultum
796 3243 1078 3300 exhibere.
1110 3263 1129 3296 ι
1156 3243 1258 3300 Ubi
1287 3245 1458 3311 enim,
1494 3245 1694 3317 inquit,
1730 3244 1966 3313 fueritis,

380 3337 557 3392 levate
590 3334 760 3391 facies
786 3346 996 3393 vestras
1022 3353 1152 3408 erga
1191 3347 1402 3409 partem
1446 3338 1674 3394 oratorii
1708 3338 1969 3395 observa-

380 3433 571 3490 tionis.
605 3450 625 3485 ι
663 3432 892 3505 Duoque
924 3433 1149 3490 nomina
1193 3435 1428 3492 barbara
1458 3435 1644 3507 Zapba
1690 3446 1745 3491 et
1777 3435 1965 3491 Marua

376 3525 446 3580 de
484 3540 713 3581 numero
740 3526 1143 3583 venerabilium
1191 3528 1287 3582 Dei
1325 3528 1610 3584 nominum
1657 3527 1813 3594 dicit,
1866 3526 1961 3583 Dei

387 3631 621 3688 prorsus
651 3615 740 3673 sui
790 3633 1127 3689 suorumque
1172 3618 1527 3691 deceptorum
1577 3620 1960 3677 asseclarum:

375 3721 516 3778 quos
547 3708 656 3763 illic
686 3707 831 3763 circa
866 3708 1142 3780 impurum
1160 3711 1390 3766 oratorii
1412 3711 1701 3767 aedilicium
1733 3712 1966 3767 circum-

376 3799 455 3853 ire
481 3797 660 3869 jubet.
690 3798 841 3855 Sicut
883 3809 1063 3855 autcm
1096 3815 1128 3855 a
1153 3802 1387 3871 quodam
1411 3818 1478 3858 ex
1512 3802 1648 3873 ipsis
1695 3801 1763 3857 ad
1806 3802 1964 3859 Chri-

374 3890 587 3945 stianos
639 3904 909 3946 converso
964 3890 1281 3956 didicimus,
1333 3891 1539 3947 idolum
1570 3902 1655 3949 est
1681 3892 1960 3965 quoddam

370 3983 482 4038 illic
529 3983 583 4039 iu
614 3982 845 4039 aedilicio
881 3984 1063 4039 medio
1111 3993 1378 4040 statutum
1430 4003 1445 4041 :
1483 3986 1575 4057 qui
1606 4001 1739 4042 vero
1769 3986 1960 4041 diabo-

371 4076 457 4133 lici
489 4076 834 4134 Moliamedis
858 4072 1252 4149 jussafaciunt
1280 4080 1508 4136 miseras
1530 4095 1662 4137 suas
1690 4081 1963 4137 inclinan-

370 4176 453 4224 tcs
502 4170 783 4237 cervices,
820 4188 1157 4245 manumque
1206 4182 1446 4229 erectam
1477 4174 1543 4230 ad
1591 4173 1798 4230 idolum
1840 4183 1958 4231 ten-

366 4265 581 4330 dentes,
640 4266 812 4321 altera
866 4276 1050 4323 autem
1102 4283 1292 4323 aurem
1344 4269 1627 4340 propriam
1682 4278 1952 4334 tenentes,

366 4357 420 4410 in
479 4372 674 4429 gyrum
742 4359 933 4414 taudiu
996 4375 1056 4416 se
1104 4361 1412 4425 revolvunt,
1468 4362 1643 4418 donec
1687 4361 1956 4432 vertigine

366 4449 709 4505 tenebricosa
761 4452 1003 4522 correpti
1054 4464 1340 4509 corruunt.
1376 4452 1494 4511 Hoc
1539 4456 1782 4511 arbitror
1831 4470 1955 4513 esse

2074 1965 2167 2019 τὸν
2189 1964 2312 2020 οὔτε
2344 1965 2635 2035 γενόμενον
2671 1965 2911 2031 πώποτε,
2942 1963 3065 2018 οὔτε
3110 1965 3257 2034 παρὰ
3282 1968 3348 2037 τῇ
3376 1965 3497 2036 Θείᾳ
3524 1965 3666 2036 Γρα-

2076 2060 2153 2129 φῇ
2172 2057 2644 2128 μνημονευόμενον
2667 2071 2682 2087 ο
2714 2057 2763 2109 εί
2790 2056 2897 2129 γὰρ
2946 2057 3174 2126 ἀλοιφὴν
3205 2057 3360 2111 λίθου
3391 2058 3553 2128 μόνου
3584 2058 3670 2122 είς

2077 2148 2279 2221 στήλην
2329 2147 2447 2218 Θεῷ
2507 2148 2877 2220 κεχρισμένην
2930 2147 2993 2201 οὗ
3042 2146 3299 2220 παρεῖδεν
3336 2148 3366 2201 ό
3408 2146 3667 2220 θεόπτης,

2074 2241 2192 2306 πῶς
2220 2240 2347 2296 ναὸν
2377 2240 2497 2294 ὅλον
2527 2238 2949 2312 ὰπεσιὼπησεν;

2141 2332 2241 2401 λζ’.
2275 2334 2417 2406 [Ιρδς
2451 2333 2507 2387 δὲ
2542 2333 2669 2397 τοὺς
2721 2330 3195 2404 καταιτιωμένους
3240 2331 3352 2403 (4⁸5)
3396 2331 3526 2395 τοὺς
3570 2331 3669 2384 ὑπ’

2071 2424 2236 2479 αὐτοῦ
2273 2423 2689 2495 πεπλασμένους
2713 2424 2901 2478 ἕνεκεν
2928 2421 3023 2476 τοῦ
3055 2422 3193 2494 πρὸς
3220 2423 3371 2476 νότον
3406 2420 3664 2492 εὔχεσθαι

2073 2517 2492 2589 έστραμμένως,
2524 2516 2604 2589 μὴ
2626 2516 2736 2570 δεῖν
2762 2516 2889 2572 ἄλλο
2917 2533 2972 2569 τι
3001 2515 3238 2586 φάναι,ἢ
3274 2514 3480 2574 ἕνεκεν.
3506 2512 3661 2582 φησι,

2070 2608 2165 2664 τοῦ
2200 2609 2478 2673 ἀποδεῖξαι
2532 2609 2632 2681 τὴν
2661 2607 2797 2679 πρὸς
2829 2609 2920 2662 τὸν
2954 2608 3203 2679 Μωάμετ
3233 2605 3542 2670 εὐλάϐειαν,
3568 2604 3668 2657 καὶ

2070 2700 2165 2756 τοῦ
2223 2700 2600 2773 διακρίνεσθαι
2656 2701 2853 2765 αὐτοὺς
2914 2699 3023 2756 ἀπὸ
3071 2701 3181 2753 τῶν
3242 2698 3317 2771 μὴ
3367 2695 3671 2752 ποιούντων

2069 2794 2239 2849 (ιιῖιτό⁸
2287 2795 2385 2849 καὶ
2419 2793 2479 2848 εὖ
2510 2812 2574 2865 τε
2609 2796 2674 2867 τῇ
2705 2792 2826 2864 θεῖα
2871 2794 3035 2867 σοφίᾳ
3092 2792 3195 2846 κάν
3240 2791 3417 2864 τούτῳ
3466 2791 3669 2854 αὐτοὺς

2071 2888 2542 2961 ἀποδιαστησάσῃ,
2571 2887 2667 2941 καὶ
2687 2886 2766 2957 τῷ
2798 2885 2970 2951 ὅντως
3003 2884 3185 2939 σκότει
3211 2881 3661 2955 προσκυνοῦντας

2067 2978 2339 3055 έλεγξάσῃ
2359 2995 2373 3009 ο
2407 2978 2497 3032 ἴνα
2534 2978 2590 3032 δὲ
2619 2978 2715 3031 καὶ
2747 2977 2776 3031 ό
2799 2976 2946 3040 δόλος
2977 2973 3141 3031 αὑτοῦ
3165 2973 3465 3046 κατάδηλος
3492 2972 3661 3042 γένη-

2066 3091 2178 3139 ται,
2208 3072 2287 3146 τῷ
2311 3074 2390 3137 είς
2419 3071 2573 3126 Βάκα
2598 3069 2839 3141 κειμένῳ
2869 3068 3093 3141 εἰδώλῳ,
3135 3068 3272 3137 ὅπερ
3300 3066 3465 3129 αὐτὸς
3488 3079 3664 3136 προσ-

2071 3164 2293 3236 κύνημα
2319 3162 2790 3233 παρατηρήματος
2821 3159 2996 3225 καλεῖ,
3027 3160 3153 3223 τοὺς
3187 3157 3404 3222 Mlliter);
3451 3154 3662 3228 βαρϐά-

2073 3275 2200 3331 ρους
2239 3257 2564 3330 προσκυνεῖν
2620 3252 3056 3324 παρασκευάζει.
3111 3270 3132 3304 ι
3169 3251 3341 3306 Ἔνθα
3371 3250 3482 3321 γὰρ
3512 3249 3659 3313 ἐστὲ,

2072 3348 2207 3420 φησὶ
2234 3347 2369 3417 (Μ),
2399 3344 2681 3417 ὀρθώσατε
2712 3342 2872 3414 ὑμῶν
2894 3342 2963 3396 τά
2992 3340 3258 3414 πρόσωπα
3284 3340 3364 3405 είς
3402 3339 3466 3393 τὸ
3496 3336 3664 3409 μέρος

2068 3439 2160 3494 τοῦ
2191 3435 2664 3513 προσκυνητηρίου
2692 3433 2789 3489 τοῦ
2839 3433 3331 3507 παρατηρήματος.
3363 3448 3383 3483 ι
3429 3430 3540 3484 Καὶ
3567 3426 3662 3481 δύο

2065 3532 2121 3585 δὲ
2147 3532 2390 3600 ὀνόματα
2421 3529 2675 3601 βάρϐαρα
2704 3526 2762 3580 τό
2784 3543 2843 3580 τε
2867 3524 3026 3596 Ζαφά
3058 3526 3151 3578 κα)⁸
3184 3521 3417 3591 Μαρουά
3452 3520 3565 3593 (65)
3594 3520 3664 3574 ἐκ

2066 3624 2175 3678 τῶν
2201 3622 2518 3692 σεϐασμίων
2544 3616 2685 3674 εἶναι
2724 3617 2875 3688 λέγει
2912 3617 3007 3672 τοῦ
3036 3616 3203 3671 Θεοῦσ
3250 3613 3389 3669 Θεοῦ
3441 3613 3661 3676 πάντως

2063 3716 2158 3772 τοῦ
2192 3715 2391 3771 οἰκείου
2418 3714 2513 3769 καὶ
2541 3716 2654 3777 τοῖς
2689 3710 3087 3789 ἠπατημένοις.
3108 3710 3165 3765 δὲ
3210 3710 3305 3764 ὕπ’
3336 3706 3503 3764 αὑτοῦ
3552 3723 3664 3760 πα-

2065 3807 2469 3879 ραςενομένοις,
2495 3804 2641 3859 κατά
2662 3804 2721 3859 τὸ
2759 3805 2943 3858 ἐκεῖσε
2995 3800 3417 3874 μεμολυμμένον
3446 3799 3655 3868 οἴκημα

2062 3875 2156 3955 τοῦ
2184 3901 2621 3973 προσευκτηρίου
2654 3916 2719 3951 πε
2731 3895 3056 3971 ριγυρεῦσαι
3100 3897 3181 3960 είς
3205 3895 3338 3949 αὐτὸ
3380 3896 3657 3965 προστάσ-

2064 4009 2183 4057 σει·
2215 3992 2375 4058 ὡςδὲ
2407 3992 2558 4061 παρά
2611 4006 2758 4053 τινος
2813 3988 2875 4054 ἐξ
2922 3986 3103 4042 αὐτῶν
3159 3986 3239 4050 εἰς
3294 3984 3657 4055 Χριστιανοὺς

2060 4086 2325 4143 ἐλθόντων
2352 4084 2653 4158 ἐμάθομεν,
2692 4082 2913 4137 εἴδωλόν
2946 4097 2999 4135 τι
3051 4079 3255 4134 λίθινον
3283 4078 3522 4149 κάθηται
3559 4076 3657 4146 5?;-

2060 4180 2151 4235 θεν
2180 4180 2343 4252 μέσον
2369 4179 2462 4234 τοῦ
2495 4178 2646 4233 οἴκου
2670 4194 2687 4210 ·
2715 4175 2811 4232 καὶ
2840 4176 2890 4230 οἱ
2932 4174 3032 4246 τὴν
3063 4172 3369 4246 πρόσταξιν
3404 4171 3508 4226 τοῦ
3530 4170 3651 4225 δαι-

2062 4274 2352 4348 μονιὼδους
2416 4271 2610 4327 τούτου
2683 4268 3059 4344 πληροῦντες,
3141 4266 3458 4328 κεκλικότες
3523 4262 3655 4326 τοὺς

2058 4368 2277 4433 ἀθλίους
2307 4366 2488 4422 αὐτῶν
2519 4365 2773 4437 αὐχένας,
2828 4364 2925 4418 καὶ
2953 4362 3052 4432 τὴν
3089 4363 3247 4432 χεῖρα
3284 4357 3469 4430 ὄρθιον
3515 4357 3652 4425 πρὸς

2058 4462 2191 4516 αὐτὸ
2222 4459 2598 4525 ὲκτετακότες,
2655 4460 2721 4528 τῇ
2786 4473 2848 4510 τε
2891 4456 3056 4526 ἑτέρᾳ
3094 4454 3155 4507 τὸ
3183 4452 3276 4516 οὓς
3304 4450 3486 4505 αὐτῶν
3516 4466 3651 4503 κατ-

366 4540 591 4609 idolum,
625 4553 685 4598 ut
724 4542 827 4615 ipsi
879 4544 1219 4613 fatebuntur,
1266 4546 1517 4606 Veneris.
1546 4549 1625 4605 Re
1657 4565 1790 4606 sane
1826 4566 1954 4605 vera

2074 4551 2306 4622 ἔχοντες,
2338 4546 2684 4618 κυκλοτερῶς
2699 4544 2984 4612 είλοῦνται,
3022 4543 3219 4615 μέχρις
3249 4541 3315 4596 ἂν
3347 4539 3655 4628 σκοτοδινίᾳ

366 4629 480 4685 lucc
513 4631 716 4687 librum
741 4634 893 4689 illum
936 4635 1028 4691 Dei
1073 4637 1277 4693 donum
1321 4655 1444 4697 esse
1486 4656 1552 4696 ac
1581 4641 1648 4697 de
1693 4641 1831 4698 caelo
1856 4640 1954 4698 de-

364 4722 593 4779 missum
628 4728 940 4783 ostendunt.

432 4983 526 5039 '58.
571 4981 751 5040 Unum
808 5001 975 5063 porro
1026 5004 1093 5045 ex
1150 4995 1409 5052 omnibus
1462 4980 1796 5057 animalibus
1849 5018 1950 5059 esu

359 5077 646 5133 submovet
671 5093 923 5149 porcum,
956 5098 1065 5139 nou
1088 5101 1301 5154 canem,
1327 5100 1419 5144 aut
1453 5092 1777 5162 lupum,aut
1800 5097 1945 5154 aliud

358 5170 660 5242 quodlibet,
718 5173 814 5228 sed
869 5176 1130 5236 omnibus
1183 5181 1330 5236 vesci
1385 5183 1635 5241 hortatur
1686 5187 1946 5261 deceptos

433 5310 454 5341 ³
483 5307 618 5368 Gen.
656 5313 960 5381 xxviii,18.

428 5423 542 5497 (ιε)
568 5423 697 5497 sur.
719 5425 787 5497 ιι,
822 5427 948 5481 ias.

429 5494 538 5571 ea
572 5494 698 5571 ξαν.
727 5494 792 5571 ιι,
824 5498 932 5571 ua
961 5513 1077 5571 seq.

430 5566 542 5636 (44)
579 5565 705 5622 Sur.
746 5568 962 5632 ΙΙ,160.

424 5638 537 5709 (45)
570 5638 804 5711 Nomina
836 5641 1069 5695 duorum
1102 5640 1369 5698 montium
1408 5644 1522 5699 haec
1545 5653 1695 5711 sunt,
1733 5656 1793 5703 ut
1815 5663 1944 5703 cen-

351 5718 437 5763 set
471 5711 536 5762 ad
577 5711 706 5765 Sur.
754 5710 816 5777 ll,
848 5712 971 5777 160,
1007 5711 1331 5779 Maraccius,
1375 5731 1476 5770 nec
1521 5731 1630 5771 non
1666 5710 1943 5776 Rclandus

351 5794 441 5846 ομ.
478 5780 573 5859 cit.
600 5796 652 5859 p.
688 5782 781 5835 121
808 5792 861 5838 et
885 5784 1001 5838 ltiti.
1041 5782 1213 5840 Graeci
1242 5800 1531 5859 perperam
1559 5788 1943 5847 intellexerunt

351 5851 574 5923 angelos
605 5854 766 5909 duos.

2061 4642 2361 4714 ληφθέντες
2410 4639 2770 4696 καταπέσωσι
2807 4636 2917 4709 (46)
2939 4652 2955 4667 °
2993 4634 3152 4689 τοῦτο
3180 4629 3336 4704 οἶμαι
3364 4633 3543 4685 έκεῖνο
3570 4626 3650 4683 el-

2062 4746 2148 4790 ναι
2179 4734 2240 4788 τὸ
2266 4734 2483 4788 εἴδωλον
2502 4772 2516 4795 .
2545 4731 2621 4796 ὡς
2656 4730 2811 4785 αὐτοὶ
2835 4732 3013 4801 φαῖεν,
3045 4727 3148 4799 τῆς
3176 4724 3497 4797 Ἀφροδίτης
3513 4723 3649 4794 (67).

2064 4826 2297 4898 Ἀριστά
2323 4842 2385 4895 γε
2417 4823 2753 4896 θεοδὼρητος
2804 4823 2899 4877 καὶ
2928 4821 2985 4889 ἐξ
3030 4818 3266 4893 οὐρανοῦ
3313 4816 3578 4889 δεδομένη
3610 4816 3641 4886 ἡ

2060 4918 2242 4992 βίϐλος
2270 4915 2408 4989 αὕτη
2440 4919 2504 4970 ὲκ
2527 4915 2731 4969 τούτων
2751 4913 3080 4971 δείκνυνται.
3108 4931 3113 4936 ’

2128 5011 2230 5082 λη’.
2266 5010 2364 5063 Ἕν
2402 5008 2459 5062 δὲ
2485 5008 2704 5062 πάντων
2733 5007 2844 5062 τῶν
2890 5004 3044 5072 ζώων
3085 5005 3187 5075 τῆς
3220 5004 3477 5076 βρώσεως
3507 5001 3642 5055 dm-

2051 5102 2334 5175 πέμπεται
2367 5101 2528 5173 μόνον
2570 5099 2663 5153 τὸν
2694 5102 2873 5171 χοῖρον
2907 5099 3041 5171 (48),
3077 5097 3202 5152 οὔτε
3240 5097 3295 5151 δὲ
3328 5094 3492 5158 κύνα,
3516 5091 3644 5146 οὔτε

2050 5192 2236 5262 λύκον,
2276 5190 2400 5247 οὔτε
2451 5190 2600 5259 ἄλλο,
2637 5189 2775 5245 ἀλλὰ
2822 5190 3043 5245 πάντων
3094 5188 3349 5263 μετέχειν
3402 5184 3641 5257 προτρέο

2122 5439 2235 5510 (ιιι)
2265 5438 2561 5495 Notissima
2587 5452 2672 5496 est
2697 5440 2813 5496 bzec
2846 5439 3379 5511 superstitiosorum,
3414 5457 3643 5510 praeser-

2054 5510 2149 5564 tim
2182 5526 2310 5582 vero
2347 5511 2740 5582 Dcrvisiorum,
2777 5510 2931 5582 apud:
2956 5510 3383 5582 Mobamcdanos
3417 5512 3636 5567 eborea.

2123 5580 2237 5650 (47)
2286 5581 2518 5636 Adorari
2564 5597 2592 5652 a
2640 5580 3057 5637 Mohamedanis
3105 5580 3370 5635 Venerem
3417 5584 3639 5652 copiose

2048 5651 2315 5723 docteque
2364 5660 2524 5722 negat
2574 5651 2850 5708 Relandus
2896 5668 2984 5722 op.
3027 5656 3119 5709 cit.
3171 5652 3264 5706 lib.
3315 5667 3376 5718 ll,
3416 5651 3536 5723 r-ap.
3585 5652 3635 5719 5,

2048 5722 2272 5779 Graecos
2307 5737 2613 5794 coarguens
2636 5724 2729 5796 qui
2758 5724 2899 5781 hanc
2917 5724 3024 5782 illis
3052 5723 3417 5782 idololatrian)
3459 5722 3635 5796 impu-

2050 5802 2252 5848 larunt.

2123 5864 2233 5933 (48)
2265 5861 2387 5920 Sur.
2418 5863 2487 5930 ll,
2529 5865 2645 5921 Πῗί.
