3994 6610
264 618 373 687 721

1406 583 1841 687 ιιειτυΤΑΤῖο
1871 624 2352 693 ιιοιιΑιιευιδ.

3432 584 3543 691 ιεε

266 756 369 795 πετ
380 755 433 795 ιι
451 738 560 803 τοῖς
586 736 678 792 ὐπ’
698 734 861 792 αύτοῦ
888 735 1261 809 ἡπατημένοις
1282 735 1418 807 (i9).
1450 756 1469 790 ι
1492 737 1699 808 Φάγετε
1725 737 1857 809 γάρ,

1977 750 2127 793 suos:
2161 756 2179 790 ι
2200 737 2501 807 Comedite,
2528 736 2727 810 inquit,
2760 752 2826 793 ex
2853 735 2940 793 his
2971 751 3093 807 qua:
3122 736 3177 792 in
3205 747 3349 794 terra
3376 753 3539 807 sunt.~

268 834 457 905 φησιν,
508 834 574 885 ἐκ
605 831 716 887 τῶν
762 830 934 886 ὄντων
977 832 1035 885 ἐν
1073 831 1139 901 τῇ
1190 832 1261 901 γῇ
1286 846 1300 860 ·
1334 828 1554 902 καθαρά
1596 831 1707 901 γάρ
1759 830 1855 885 καὶ

267 925 444 981 καλά’
482 924 577 978 ml.
610 924 685 995 μὴ
716 921 1120 989 ἐξακολουθεῖτε
1153 922 1213 976 ἐν
1236 924 1351 987 τοῖς
1393 922 1595 995 ίχνεσιν
1622 922 1715 976 τοῦ
1747 923 1856 977 Σα-

268 1018 440 1071 cava;
475 1015 636 1079 αὐτὸς
679 1014 870 1086 ἐχθρὸς
900 1015 1054 1086 ὑμῶν
1086 1017 1204 1069 ἐστι
1242 1015 1479 1087 φανερός
1504 1031 1519 1047 ο
1553 1033 1573 1068 ι
1610 1014 1856 1069 Σατανᾶν

265 1108 515 1179 δηλονότι
549 1107 730 1162 καλῶν
752 1109 843 1160 τὸν
863 1106 1192 1160 τυπώσαντα
1228 1105 1328 1176 τὴν
1354 1104 1628 1177 διάκρισιν
1660 1103 1767 1160 τῶν
1794 1120 1858 1158 τε

268 1203 528 1273 καθαρῶν
556 1201 651 1257 καὶ
684 1202 1010 1273 ἀκαθάρτων
1040 1200 1183 1255 κατὰ
1210 1200 1301 1254 τὸν
1330 1200 1493 1272 νόμον
1514 1214 1529 1229 ⁸
1554 1201 1718 1272 ὁρᾶτε
1742 1198 1859 1265 πῶς

268 1294 577 1363 ἀναφανδὸν
603 1296 848 1348 Σατανᾶν
874 1293 964 1348 τὸν
1009 1292 1141 1348 Θεὸν
1170 1292 1463 1384 ὀνομάζεμ
1498 1292 1574 1365 μὴ
1605 1292 1807 1356 συνιεὶς
1827 1292 1858 1345 δ

266 1387 506 1451 δείλαιος
539 1388 678 1462 ὅπερ
727 1387 1047 1456 ἐφθέγξατο,
1088 1386 1206 1458 μετ’
1227 1386 1408 1455 ὀλίγον
1454 1386 1619 1457 φησίν
1643 1400 1657 1415 ο
1695 1402 1714 1436 ι
1768 1384 1863 1438 Οἴ-

270 1488 419 1544 τινε³ς
465 1480 521 1534 δὲ
579 1478 1009 1551 άμφιὸάλλονται
1041 1480 1100 1533 ἐν
1145 1481 1266 1544 ταῖς
1312 1480 1578 1551 γραφαῖς,
1633 1476 1773 1531 είσὶν
1802 1478 1861 1530 ἐν

269 1572 585 1643 ἀποστασία
618 1573 826 1644 μακρᾷ.
870 1593 888 1625 ι
928 1569 1084 1625 Ἐστι
1119 1570 1311 1625 τούτου
1358 1571 1538 1641 εὑρεῖν
1570 1570 1865 1641 ἀναισχυν-

268 1664 492 1736 τότερον
516 1664 611 1718 καὶ
630 1666 982 1738 ἀνοητότερον
1000 1682 1014 1730 ;
1034 1664 1299 1733 Καθάπερ
1327 1662 1382 1717 δὲ
1412 1662 1666 1733 πίθηκος,
1687 1660 1866 1734 ὁρμὴν

270 1752 595 1826 ὑποκριθείς
645 1754 880 1820 λέοντος,
916 1753 1200 1824 πιθήκειον
1242 1753 1360 1808 ἀλλ’
1401 1753 1464 1807 ού
1510 1752 1775 1807 λεόντειον
1804 1750 1867 1806 τὸ

275 1844 433 1916 ἇλμα
459 1844 628 1899 ποιῶν
651 1844 992 1915 ἐξελέγχεται
1022 1861 1038 1877 ·
1071 1844 1215 1899 οὕτω
1238 1846 1332 1899 καὶ
1356 1846 1384 1899 ὁ
1426 1844 1684 1915 δύστηνος
1711 1838 1867 1909 οὗτος

266 1937 377 2006 τῆς
417 1935 726 2009 ύπερτάτου
771 1935 1095 2007 νομοθεσίας
1148 1936 1328 2007 ἐαυτῷ
1371 1935 1590 2007 ἀξίωμα
1627 1936 1864 2007 ἐπιγρά-

1961 830 2166 887 munda
2195 841 2252 888 et
2279 832 2423 889 bona
2447 842 2593 888 sunt.
2626 829 2815 901 Neque
2836 829 3056 885 Satanae
3092 830 3320 902 vestigia
3344 848 3545 903 sequa-

1958 923 2091 977 mini
2128 939 2142 977 :
2176 922 2294 995 ipse
2348 924 2495 980 enim
2548 923 2877 979 manifestus
2930 932 3111 979 vester
3172 922 3346 980 hostis
3379 932 3486 980 est.
3521 944 3541 976 ι

1960 1014 2225 1071 Satanam
2268 1032 2465 1088 nempe
2494 1018 2776 1088 appellans
2816 1017 2970 1071 illum
3009 1015 3104 1086 qui
3133 1014 3466 1071 mundorum
3491 1025 3547 1070 et

1960 1105 2367 1165 immundorum
2401 1110 2807 1166 distinctionem
2833 1108 3135 1173 constituit,
3163 1118 3324 1181 prout
3352 1108 3406 1163 in
3429 1108 3549 1178 lege

1960 1196 2041 1252 ﬁt.
2071 1198 2379 1255 Cernitisne
2412 1201 2689 1271 quomodo
2725 1201 2903 1271 palam
2945 1199 3162 1256 Satanae
3215 1215 3414 1255 nomen
3441 1199 3549 1253 Deo

1960 1288 2198 1362 afﬁngit?
2248 1289 2386 1345 Tum
2417 1291 2693 1346 dictorum
2729 1291 2938 1346 oblitus
2976 1292 3163 1355 miser,
3212 1290 3379 1361 paulo
3427 1298 3552 1360 post
3650 1322 3653 1325 η

1962 1381 2039 1436 ait
2071 1398 2085 1436 :
2124 1399 2143 1434 ι
2167 1380 2269 1449 Qui
2299 1392 2484 1438 autem
2522 1385 2576 1438 in
2625 1382 2919 1454 scripturis
2950 1382 3207 1453 ambigue
3232 1396 3292 1437 se
3326 1389 3549 1453 gerunt,

1963 1472 2019 1528 hi
2054 1485 2183 1529 sunt
2214 1474 2267 1529 in
2298 1475 2459 1547 longa
2493 1475 2792 1546 apostasia.
2830 1493 2848 1527 ι
2905 1472 3167 1545 Nunquid
3218 1475 3321 1530 hoc
3364 1473 3551 1545 impu-

1964 1566 2187 1623 dentius
2237 1577 2333 1622 aut
2364 1568 2616 1624 insanius
2650 1568 2882 1624 inveniri
2918 1566 3142 1639 potest?
3177 1558 3336 1623 Sicut
3368 1573 3553 1621 autem

1966 1658 2151 1724 simia,
2186 1657 2359 1715 leonis
2384 1658 2649 1729 impetum
2683 1658 2990 1726 simulans,
3037 1657 3199 1715 simia
3249 1672 3359 1712 non
3398 1656 3556 1713 leone

1966 1754 2192 1825 dignum
2228 1753 2409 1809 facere
2442 1753 2641 1808 saltum
2673 1750 3052 1815 convincitur;
3105 1748 3186 1805 sic
3207 1761 3573 1805 mrumnosus

1967 1846 2074 1903 iste
2112 1847 2358 1904 coalestis
2398 1845 2533 1916 legis
2567 1844 2887 1917 dignitatem
2927 1842 3032 1898 sibi
3063 1840 3375 1906 vindicans,
3419 1836 3557 1895 nihil

1969 1940 2117 1995 aliud
2154 1955 2322 2009 quam
2358 1938 2728 1994 miserandam
2776 1935 3068 1991 ruditatem
3110 1933 3310 1988 habere
3354 1931 3556 2002 depre-

266 2028 406 2099 ψας,
440 2030 537 2101 τῆς
569 2020 957 2099 παροικτίστου
984 2028 1314 2101 άὸελτηρίας
1337 2030 1503 2101 μηδὲν
1533 2029 1673 2101 ἔχων
1699 2029 1865 2084 πλέον

1977 2029 2253 2087 henditur.
2303 2029 2438 2085 Nam
2484 2029 2719 2100 speciem
2748 2024 3154 2088 tantummodo,
3188 2025 3299 2078 imo
3347 2021 3556 2078 nudum

268 2096 601 2194 ἐληλεγκται
624 2096 859 2196 ’σχῆμα
892 2122 1001 2195 γάρ
1033 2096 1214 2194 μόνον,
1245 2096 1444 2196 μᾶλλον
1473 2122 1531 2177 δὲ
1563 2096 1741 2195 ’δνομα
1765 2123 1860 2194 ψι-

1977 2138 2194 2190 nomen,
2214 2122 2419 2191 absque
2439 2138 2498 2177 re
2527 2122 2668 2192 ipsa,
2696 2118 2801 2175 sibi
2823 2116 3108 2188 religionis
3133 2113 3563 2185 circumposuit.

267 2210 390 2281 λδν,
423 2212 543 2266 ἀλλ’
571 2212 671 2267 ούκ
702 2213 833 2268 αὐτὸ
868 2212 928 2267 te
954 2215 1186 2283 πρᾶγμα
1215 2213 1314 2283 τῆς
1351 2212 1664 2278 θεοσεϐείας
1689 2212 1867 2286 ἐαυτῷ

269 2304 628 2375 περιτέθεικε
655 2322 670 2337 ο
706 2305 864 2370 δόξας
892 2304 1024 2373 γοῦν
1052 2323 1115 2359 πε
1123 2306 1179 2377 pi.
1200 2292 1453 2377 νηστείας
1484 2304 1869 2361 διατάττεσθαι

267 2398 393 2460 τοῖς
438 2396 643 2461 ἀθλίοις
697 2396 1014 2469 βαρϐάροις,
1067 2396 1243 2451 ταῦτά
1285 2415 1451 2471 φησιν
1484 2395 1630 2470 (50)·
1675 2415 1695 2450 ι
1746 2398 1869 2469 Μὴν

278 2487 525 2559 Ῥαμίδα
550 2490 719 2552 ἐστὶν,
751 2490 809 2542 ἐν
856 2482 902 2557 ᾧ
933 2489 1178 2560 κατήχθη
1223 2491 1355 2559 ὑμῖν
1390 2490 1452 2544 τδ
1497 2489 1868 2562 ἀνάγνωσμα·

267 2578 614 2649 νηστεύσατε
667 2578 863 2632 αὐτόν·
916 2578 1131 2646 ἐξέσται
1173 2579 1231 2633 δὲ
1260 2580 1390 2650 ὑμῖν
1439 2581 1473 2653 ἡ
1513 2580 1610 2647 νὺξ
1647 2582 1746 2653 τῆς
1774 2600 1872 2651 νη-

282 2670 493 2736 στείας,
536 2671 615 2734 είς
668 2669 816 2741 μίξιν
846 2670 958 2724 τῶν
998 2670 1274 2739 γυναικῶν
1313 2670 1468 2743 ὑμῶν
1494 2688 1509 2703 ·
1563 2667 1725 2728 αὗται
1762 2674 1872 2746 γὰρ

281 2762 439 2833 ὖμῶν
471 2763 550 2825 είς
602 2763 990 2833 σκεπάσματα,
1021 2762 1116 2816 καὶ
1149 2763 1308 2834 ὑμεῖς
1360 2764 1553 2828 αὑταῖς
1586 2766 1708 2820 ἐστε
1742 2784 1873 2821 σκε-

282 2855 554 2924 πάσματα
586 2869 600 2884 ·
624 2853 766 2922 ἔγνω
793 2853 903 2926 γάρ
931 2855 959 2908 δ
981 2854 1114 2918 Θεὸς
1139 2855 1221 2910 ὅτι
1250 2854 1724 2928 παραδουλεύσετε
1754 2860 1875 2924 ταῖς

282 2943 485 3013 ψυχαῖς
516 2943 673 3014 ὑμῶν
706 2945 763 2997 ἐν
791 2947 858 3016 τῇ
886 2944 1128 3016 νηστείᾳ,
1159 2945 1255 2999 καὶ
1288 2942 1446 3010 ἵλεως
1476 2946 1605 3016 ὑμῖν
1631 2947 1875 3016 γίνεται·

288 3033 523 3104 μίχθητε
554 3037 634 3099 εἰς
658 3035 827 3099 αὑτάς
849 3036 928 3099 είς
957 3036 1302 3107 παράκλησιν
1319 3052 1334 3069 ο
1366 3037 1463 3090 καὶ
1490 3038 1693 3107 φάγετε
1714 3037 1881 3093 ἐσπέ-

288 3142 389 3197 ρας
419 3128 516 3181 καῖ
555 3128 732 3189 πίετε,
762 3127 866 3192 ἕως
903 3126 970 3181 ἂν
1010 3127 1072 3180 τὸ
1104 3127 1212 3182 άπὸ
1237 3126 1332 3181 τοῦ
1362 3127 1589 3191 σκότους
1619 3130 1879 3200 φαινόμε-

285 3232 380 3269 νον
411 3215 610 3287 ῥάμμα
660 3216 852 3288 μέλαν,
899 3216 990 3271 διά
1032 3217 1135 3289 τῆς
1184 3217 1399 3289 ἡμέρας
1450 3221 1593 3291 φανῇ
1633 3220 1877 3293 άσπρονο

285 3307 383 3361 καὶ
422 3308 583 3363 πάλιν
633 3307 959 3381 πληρώσατε
1002 3310 1100 3383 τὴν
1132 3311 1387 3383 νηστείαν
1438 3310 1544 3377 ἕως
1582 3313 1687 3382 τῆς
1710 3315 1881 3370 ἐσπέ-

1970 2213 2174 2271 Volens
2237 2214 2423 2284 itaque
2455 2211 2651 2283 jejunii
2700 2212 2873 2283 legem
2937 2209 3186 2264 barbaris
3243 2206 3575 2262 infelicibus.

1970 2305 2132 2371 ferre,
2161 2305 2277 2360 haec
2300 2303 2376 2360 ait
2406 2319 2419 2353 :
2449 2323 2468 2358 ι
2493 2303 2695 2360 Mensis
2728 2313 2813 2359 est
2844 2302 3204 2367 Ramidanus,
3229 2317 3335 2372 quo
3362 2300 3430 2355 ad
3460 2314 3558 2355 vos

1970 2396 2138 2465 lectio
2163 2397 2340 2453 delata
2370 2396 2507 2465 fuit;
2538 2396 2719 2467 ipsum
2758 2395 3027 2467 jejunate.
3072 2392 3272 2463 Jejnnii
3306 2402 3465 2449 noete
3494 2391 3561 2446 li-

1972 2489 2116 2545 cebit
2144 2490 2301 2545 vobis
2323 2504 2447 2545 cum
2481 2489 2744 2544 uxoribus
2778 2488 2974 2543 vestris
3002 2487 3232 2557 copula:
3262 2484 3391 2556 ipsa:
3411 2482 3583 2540 enim.

1974 2592 2107 2638 sunt
2139 2581 2297 2638 vobis
2324 2581 2741 2646 indumenta,et
2773 2594 2871 2636 vos
2905 2579 3012 2635 illis
3039 2593 3193 2649 aeque
3222 2577 3587 2632 indumenta..

1973 2670 2139 2729 Novit
2175 2672 2321 2728 enim
2354 2670 2522 2738 Deus,
2554 2670 2673 2727 fore
2700 2680 2760 2727 ut
2790 2671 3002 2725 animas
3034 2679 3246 2725 vestras
3282 2667 3564 2723 fraudare-

1974 2766 2049 2822 tis
2078 2765 2132 2821 in
2157 2765 2389 2836 jejunio.
2423 2764 2552 2821 ldeo
2578 2764 2735 2820 vobis
2767 2764 3035 2834 indulget.
3054 2760 3418 2818 Concumbite
3438 2773 3565 2814 cum

1977 2859 2086 2915 illis
2112 2859 2182 2914 ad
2213 2858 2509 2926 solatium;
2546 2865 2601 2913 et
2628 2856 2898 2913 eomedite
2945 2869 3171 2925 vespere
3232 2868 3299 2908 ae
3353 2851 3522 2907 bibite
3547 2865 3571 2903 :-

1979 2953 2157 3007 donec
2185 2950 2330 3021 quod
2367 2958 2528 3006 noctu
2564 2949 2848 3005 videbatur
2875 2948 3026 3002 illum
3061 2946 3305 3017 nigrum,
3330 2942 3567 2999 interdiu

1977 3041 2234 3097 videatur
2263 3042 2471 3097 album.
2499 3040 2567 3097 Et
2615 3056 2812 3096 rursus
2843 3040 3130 3095 observate
3158 3036 3433 3109 jejunium
3471 3050 3564 3089 us-

1979 3149 2088 3204 que
2116 3135 2183 3189 ad
2212 3149 2519 3205 vesperam.
2554 3132 2621 3190 Et
2647 3132 2762 3205 [ne]
2807 3132 3142 3204 copulemini
3187 3130 3318 3196 illis,
3348 3129 3478 3183 dum
3513 3127 3565 3181 iu

1982 3228 2229 3283 oratorio
2257 3230 2645 3299 perseveratis.
2680 3226 2807 3283 litec
2832 3234 2916 3282 est
2956 3224 3042 3280 lex
3083 3223 3222 3280 Dei:
3259 3237 3326 3278 ne
3352 3221 3420 3276 ad
3448 3220 3581 3277 illas

1983 3320 2285 3376 aceedatis.
2315 3339 2335 3373 ι
2371 3320 2686 3377 Tantumne
2713 3318 2873 3376 simia
2904 3317 3050 3373 leoni
3095 3315 3263 3381 cedit,
3297 3321 3578 3385 quantum

288 3416 392 3493 ρας
414 3418 431 3431 ⁸
467 3402 566 3455 καὶ
594 3400 724 3475 [μὴ]
761 3402 990 3475 μίχθητε
1014 3403 1206 3468 αὐταῖς
1230 3404 1385 3475 ὑμῶν
1420 3406 1797 3477 ωχναζὸντων
1821 3410 1873 3464 ἐν

1983 3412 2321 3470 detestabilis
2368 3413 2458 3470 hic
2506 3423 2674 3486 atque
2719 3410 3077 3469 exsecrabilis
3116 3426 3148 3466 a
3198 3407 3399 3465 divina:
3429 3405 3572 3461 Scri~

290 3491 369 3562 τῷ
398 3494 892 3567 προσκυνητηρίῳ*
927 3495 1069 3565 α’ύτη
1112 3496 1231 3550 ἐστὶ
1266 3497 1563 3569 νομοθεσία
1591 3498 1751 3563 Θεοῦ,
1785 3502 1873 3556 καὶ

1988 3516 2164 3578 ptum
2201 3507 2559 3579 legislatore?
3550 3544 3551 3547 η

295 3585 373 3657 μὴ
434 3587 691 3658 ἐγγίσητε
742 3585 932 3650 αὑτάς.
974 3605 992 3639 ι
1035 3582 1099 3642 ’Δ
1116 3586 1185 3659 ρά
1230 3604 1292 3657 γε
1342 3589 1595 3644 τοσοῦτον
1645 3590 1879 3665 πίθηκος
1916 3596 2130 3664 λέοντος
2180 3598 2419 3671 ὑστερεῖ,
2464 3600 2589 3655 ὅσον
2617 3591 2773 3665 οὗτος
2834 3598 2863 3652 ὁ
2919 3595 3165 3670 μυσαρος
3232 3596 3326 3651 καὶ
3372 3594 3574 3667 ἐναγὴς

291 3679 387 3733 τού
425 3682 524 3751 τὴν
552 3681 701 3736 θείαν
731 3680 951 3753 Γραςρην
980 3680 1509 3755 νενομοθετηκότος;

365 3799 465 3854 λθ’.
487 3800 642 3855 Μετὰ
658 3800 718 3855 δὲ
742 3800 841 3872 τὴν
861 3798 1121 3872 άθεμιτού
1131 3820 1332 3873 ργητον
1364 3804 1581 3876 ἐκείνην
1602 3807 1883 3877 νηστείαν,

293 3894 376 3955 είς
404 3892 496 3945 τὸν
531 3892 655 3946 καθ’
702 3892 860 3964 ἡμῶν
902 3893 1101 3957 αὐτοὺς
1137 3894 1398 3965 διεγείρει
1448 3896 1707 3966 πόλεμον,
1739 3915 1758 3949 ‹
1789 3899 1891 3951 Φο-

292 3983 547 4050 νεύσατε,
571 3984 768 4053 λέγων,
796 3985 992 4048 αὐτοὺς
1023 3985 1159 4040 ὅπου
1199 3987 1246 4041 δ’
1279 3986 1345 4041 ἂν
1388 3991 1755 4060 συναντήσητε
1792 3991 1891 4043 αύ-

295 4078 443 4139 τοῖς·
487 4096 505 4129 ι
559 4077 719 4146 ὅρους
761 4077 822 4130 δέ
872 4078 1059 4141 αὐτοῖς
1111 4078 1357 4149 ἀγάπης,
1387 4078 1463 4142 ὡς
1505 4080 1673 4143 εἰκὸς,
1718 4080 1890 4145 τιθεὶς

297 4168 465 4237 φησιν
490 4167 640 4239 (51)·
676 4186 695 4221 ι
740 4169 851 4222 Καὶ
905 4170 1056 4233 ὅστις
1102 4169 1161 4225 δὲ
1206 4172 1543 4242 μνησικακεῖ
1589 4173 1674 4241 ἐφ’
1719 4174 1885 4243 ὑμᾶς,

2062 3811 2153 3868 39.
2186 3810 2316 3869 Post
2340 3812 2634 3869 scelestum
2678 3810 2810 3868 illud
2842 3809 3141 3882 jejunium,
3178 3821 3310 3863 suos
3332 3804 3574 3861 concitat

1988 3906 2057 3961 ad
2086 3906 2284 3961 bellum
2325 3917 2516 3962 contra
2549 3922 2648 3963 nos
2696 3904 3021 3977 gerendum.
3082 3918 3102 3949 ι
3139 3898 3449 3962 lnterﬁcite,
3485 3897 3575 3950 in-

1988 3998 2129 4069 quit,
2163 3999 2285 4054 illos
2318 3999 2632 4069 ubicunque
2668 4000 2721 4052 in
2756 4013 2851 4053 eos
2885 3994 3254 4053 incurreritis.
3278 4010 3297 4044 ι
3331 3990 3472 4045 Tum
3505 3989 3569 4044 iis

1990 4088 2163 4158 legem
2191 4090 2477 4146 cbaritatis
2510 4099 2781 4145 statuens.
2815 4097 2876 4141 ut
2899 4102 3000 4156 par
3028 4093 3134 4149 cst,
3166 4084 3277 4137 ait:
3315 4101 3334 4134 ι
3358 4080 3425 4136 Ει
3448 4081 3572 4152 ιιιιί-

1988 4196 2206 4251 cunque
2235 4181 2495 4236 adversus
2524 4194 2619 4234 vos
2646 4180 2783 4233 iram
2813 4177 2992 4243 fovet,
3024 4176 3172 4232 odite
3198 4174 3374 4239 illum,
3404 4182 3574 4243 prout

294 4261 604 4332 ἐχθράνατε
658 4263 823 4316 αὑτὸν
871 4261 1055 4327 καθὼς
1099 4261 1365 4333 ἐχθρανεν
1420 4263 1608 4317 ἐπάνω
1651 4264 1828 4335 ὑμῶν.
1864 4282 1873 4317 ι

1990 4274 2082 4329 ille
2111 4288 2213 4329 vos
2235 4272 2371 4327 odit.
2408 4291 2428 4325 ι
2482 4269 2603 4326 iam
2664 4270 2733 4326 ad
2777 4268 3178 4325 continentiam
3240 4267 3379 4323 falso
3431 4267 3613 4335 ipsos.

298 4355 445 4426 Πρὸς
475 4354 805 4427 ἐγκράτειαν
844 4356 901 4409 δὲ
931 4355 1026 4409 καὶ
1057 4353 1414 4427 σωφροσύνην
1453 4355 1652 4420 αὐτοὺς
1677 4355 1873 4427 ψευδῶς

1994 4366 2516 4437 temperantiamque
2562 4364 2868 4419 adhortans
2927 4362 3046 4417 ait:
3076 4377 3096 4412 ι
3138 4358 3350 4415 Uxores
3384 4365 3597 4412 vestrae.

298 4447 540 4515 ἁλείψων
572 4448 738 4519 φησίν
757 4447 922 4518 (52)’‹
943 4449 1009 4500 Al
1036 4450 1294 4513 γυναῖκες
1314 4447 1472 4518 ὑμῶν
1497 4448 1685 4513 νεατὸς
1712 4448 1873 4519 ὑμῶν

1994 4458 2213 4515 novalia
2244 4468 2423 4513 vestra
2489 4466 2656 4514 sunt:
2686 4454 3040 4528 ingredimini
3070 4454 3122 4509 in
3161 4452 3373 4508 novalia
3400 4457 3599 4506 vestra

299 4539 577 4593 είσέλθετε
599 4542 682 4604 είς
713 4540 841 4603 τοὺς
881 4540 1106 4604 νεατοὺς
1136 4540 1290 4609 ὑμῶν
1321 4541 1446 4595 ὅθεν
1470 4540 1726 4613 βούλεσθε
1752 4560 1767 4575 ο
1800 4544 1873 4603 κα

2000 4552 2147 4607 unde
2174 4550 2495 4618 volueritis;
2538 4558 2593 4605 et
2621 4547 3019 4620 eongredimini
3047 4561 3113 4602 ex
3138 4545 3451 4600 animorum
3488 4557 3582 4597 ve-

302 4628 593 4684 συνέλθετε
647 4632 770 4695 ταῖς
818 4630 1017 4700 ψυχαῖς
1069 4629 1259 4701 ὑμῶν’
1311 4649 1329 4683 ι
1377 4630 1650 4697 τουτέστι,
1703 4632 1873 4686 Πᾶσαι

2001 4648 2242 4696 strorum
2276 4639 2567 4705 sententia,
2594 4657 2612 4691 ι
2644 4639 2696 4693 id
2724 4647 2829 4703 est,
2869 4635 3172 4708 quamlibet
3218 4633 3593 4704 cupiditatem;

300 4722 602 4791 ἐπιθυμίαν
657 4722 765 4777 τῶν
810 4722 999 4793 ψυχῶν
1054 4722 1209 4793 ὑμῶν
1257 4722 1582 4794 πληρώσατε
1609 4741 1623 4756 ⁸
1675 4723 1785 4793 ἄρα
1829 4741 1873 4793 γε

2001 4732 2307 4787 animorum
2360 4739 2665 4787 vestrorum
2719 4729 2954 4799 explete.
2989 4728 3088 4782 Est
3121 4727 3287 4798 igitur
3338 4725 3422 4780 lex
3468 4724 3583 4778 haec

302 4815 588 4887 κτηνὼδης
617 4808 774 4879 οὗτός
794 4816 942 4869 ἐστιν
979 4816 1009 4869 ὁ
1050 4815 1182 4886 βίος,
1219 4815 1252 4886 ἦ
1283 4815 1485 4886 μᾶλλον
1507 4815 1871 4887 δαιμονιώδης

2002 4823 2218 4878 beluina
2257 4822 2338 4877 vel
2370 4822 2556 4893 potius
2583 4794 2878 4876 diabolica.
2903 4817 3043 4873 Tum
3068 4794 3361 4873 divortium
3391 4815 3491 4869 viri
3514 4815 3586 4868 ab

303 4908 533 4972 Δύσεως
572 4907 630 4963 δὲ
677 4907 1062 4979 μνημονεύσας
1106 4911 1366 4978 γυναικὸς
1411 4909 1472 4976 ἐξ
1512 4909 1730 4981 ἀνδρὸς,
1765 4910 1873 4964 τάδε

2001 4931 2175 4974 uxore
2207 4933 2543 4979 memorans,
2566 4919 2647 4971 sic
2669 4915 2967 4984 alloquitur
3009 4911 3301 4965 barbaros:
3335 4927 3353 4959 ι
3382 4908 3437 4960 Si
3461 4906 3587 4976 quis

307 5001 444 5071 φησὶ
468 5003 586 5063 τοῖς
626 4999 926 5072 βαρδάροις
960 5001 1103 5073 (55)·
1143 5019 1162 5054 ι
1213 5002 1342 5055 Ἐάν
1383 5019 1471 5065 τις
1510 5000 1757 5074 ἀπολύσῃ
1792 5019 1873 5071 γυ·

2003 5024 2232 5065 uxorem
2268 5024 2425 5065 suam
2460 5009 2847 5078 repudiaverit,
2870 5019 2977 5062 non
3006 5001 3185 5058 licebit
3207 5001 3276 5065 ei,
3298 5006 3586 5069 postquam

308 5095 474 5146 ναίκα
513 5092 705 5158 αὑτοῦ,
737 5093 923 5147 οὐκέτι
959 5094 1177 5160 ἐξέσται
1220 5093 1371 5164 αὐτῷ
1407 5094 1546 5164 μετὰ
1582 5094 1647 5148 τὸ
1692 5093 1873 5148 άπολυ

2003 5114 2126 5154 eam
2160 5100 2454 5165 dimiserit,
2502 5100 2679 5154 donec
2736 5100 2891 5153 alteri
2939 5099 3059 5153 viro
3094 5091 3398 5161 copuletur.
3431 5089 3586 5153 Ουοιι

310 5181 470 5252 θῆναι
527 5183 719 5255 αὐτὴν,
749 5184 853 5248 ἕως
887 5183 956 5238 ἂν
998 5183 1197 5255 ζευχθῇ
1227 5184 1383 5254 άνδρὶ
1424 5185 1630 5255 ἐτέρῳο
1667 5185 1762 5238 καὶ
1804 5185 1873 5238 ea

2009 5193 2055 5248 si
2091 5201 2144 5248 et
2180 5192 2456 5247 secundus
2483 5206 2604 5246 eam
2634 5191 2941 5254 dimiserit,
2998 5204 3106 5244 non
3140 5190 3225 5239 est
3254 5182 3361 5236 illis
3390 5180 3583 5251 piacu-

311 5273 563 5348 ἀπολύσῃ
610 5275 782 5344 αὐτὴν
814 5278 843 5329 ὁ
877 5276 1152 5347 δεύτερος,
1198 5277 1298 5329 ούκ
1344 5276 1459 5329 ἔστι
1494 5276 1866 5347 κατάκριμαὲ

2010 5284 2143 5347 lum,
2167 5284 2211 5339 si
2246 5284 2314 5339 ad
2346 5283 2663 5354 conjugium
2696 5284 2938 5338 redeant.
2970 5280 3097 5336 llaec
3126 5289 3252 5349 sunt
3293 5273 3462 5337 enim.
3498 5271 3583 5325 ίητ

315 5364 551 5428 ἑαυτοῖς,
584 5365 680 5418 ἐὰν
704 5366 1074 5438 ἐπιστρέψωσι
1100 5365 1236 5437 πρὸς
1262 5366 1529 5437 ἀλλήλους
1553 5382 1567 5397 ·
1598 5360 1744 5423 οὗτοι
1767 5367 1873 5438 γάρ

2009 5378 2150 5449 quit,
2181 5385 2387 5433 statuta
2419 5376 2537 5432 Dei.
2573 5395 2592 5430 ι
2619 5374 2664 5432 Ο
2690 5375 3030 5431 barbaricam
3056 5371 3394 5428 libidinemd

315 5456 503 5527 φησίν,
539 5457 695 5530 νόμοι
739 5458 897 5515 Θεοῦ.
924 5479 955 5513 γι
995 5461 1061 5513 Ὢ
1101 5460 1208 5514 ἀπὸ
1247 5462 1344 5531 τῆς
1386 5458 1726 5533 βαρϐαρικῆς
1758 5462 1893 5515 ἀσω-

317 5550 465 5613 τείας
487 5550 503 5603 l

392 5641 462 5712 μ’.
519 5642 814 5714 Ἑρεθίζων
856 5644 913 5699 δὲ
962 5646 1099 5718 πρὸς
1138 5645 1498 5717 άνδροιρονίαν
1541 5647 1668 5709 τοὺς
1699 5644 1908 5719 βαρϐά-

327 5752 468 5805 ρους,
503 5736 683 5807 ἔδοξεν
729 5739 808 5804 είς
842 5739 1160 5813 προτροπὴν
1213 5739 1456 5809 ἱστορίαν
1496 5739 1773 5813 γραφικὴν
1806 5739 1908 5793 αύ-

2006 5690 2009 5691 .
2076 5644 2167 5709 40,
2211 5643 2485 5699 Barbaros
2528 5650 2709 5697 autem
2762 5641 2829 5696 ad
2886 5637 3246 5694 homicidium
3281 5632 3586 5695 concitans.

2011 5737 2226 5792 videtur
2256 5736 2582 5791 hortamenti
2611 5734 2731 5790 loco
2757 5732 2995 5805 objicere
3020 5730 3302 5786 historiam
3327 5728 3393 5782 de
3416 5728 3585 5781 sacris

395 5934 507 6007 (49)
533 5934 661 5992 Sur.
690 5936 757 6001 ll,
794 5938 915 5996 170.

400 6007 512 6081 (iit!)
538 6008 647 6081 §ur
678 6008 741 6073 V,
776 6010 877 6063 186
900 6026 1016 6081 seq.

397 6077 507 6151 (5|)
542 6078 669 6135 Sur.
704 6078 925 6148 11,192;
976 6132 981 6137 ,

2088 5937 2202 6007 (52)
2234 5937 2360 5993 δην.
2390 5936 2454 5999 ιι.
2481 5936 2615 5991 2-24.

2090 6010 2203 6081 (es)
2233 6010 2355 6066 ειη.
2380 6007 2443 6075 ιι,
2474 6010 2600 6064 εει.
