3994 6604
315 527 423 589 ’ἵΞὸ

1474 521 1912 586 REFUTATIO
1946 524 2424 588 MOHAMEDlS.

3469 531 3597 593 726'

312 643 521 694 δίκαιον
558 634 652 690 καὶ
688 634 1003 706 προφήτηνο
1029 632 1464 704 ἀμφιϐάλλοντος
1493 634 1549 688 δέ
1580 633 1745 687 αὐτοῦ
1776 633 1893 697 πῶς

2004 650 2161 691 senex
2187 636 2355 691 illium
2383 644 2528 691 esset
2552 640 2930 706 suscepturus,
2961 651 3179 708 poenam
3219 640 3474 698 retulisse
3502 645 3577 701 si-

312 731 408 785 ἐπὶ
437 730 623 801 γήρως
651 728 766 793 ἔξει
804 728 939 795 υἱὸν,
972 727 1247 797 ἐπιτίμιον
1295 726 1481 781 λαϐεῖν
1515 726 1726 799 σιωπὴν
1755 728 1895 797 ἠμε-

315 824 427 896 ρῶν
471 821 677 893 τριῶν’
728 819 928 891 ἐφεξῆς
954 819 1010 872 δὲ
1057 819 1184 882 τοὺς
1233 819 1500 887 ἀγγέλους
1540 818 1748 887 εἰσάγει
1779 817 1892 888 (62)

312 912 451 982 πρὸς
488 911 717 980 Μαρίαν
775 909 1087 979 εἰρηκότας,
1127 910 1208 962 ὅτι
1254 909 1321 961 Σὲ
1354 911 1382 962 ό
1429 909 1563 973 Θεὸς
1611 909 1895 975 ἐξελέξατο

310 1003 454 1073 ὑπὲρ
508 1002 609 1064 τὰς
642 1002 735 1055 ἀπ’
766 1000 979 1055 αἰώνων
1022 1004 1322 1070 γυναῖκας⁸
1384 1002 1541 1057 τοῦτο
1585 1004 1642 1058 δὲ
1683 1005 1747 1058 ὲκ
1792 1004 1894 1074 τῆς

310 1095 627 1167 ἐξηγήσεως
673 1095 769 1149 τοῦ
803 1095 1041 1165 ἀφανοῦς
1079 1096 1399 1167 πράγματός
1426 1114 1558 1167 φησι
1614 1097 1751 1168 πρὸς
1801 1098 1894 1151 τὸν

311 1190 583 1258 Μωάμετ,
615 1187 689 1251 ὥς
719 1187 880 1251 αὐτὸς
906 1187 1052 1257 λέγει
1073 1190 1103 1242 ὁ
1132 1188 1266 1260 πρὸς
1290 1187 1450 1242 αὑτὸν
1480 1188 1683 1242 λαλῶν⁹
1717 1190 1895 1260 Ὅπερ

310 1280 737 1348 κατηνέγκαμεν
766 1281 847 1343 εἰς
896 1279 976 1343 σὲ,
1010 1277 1105 1332 σοῦ
1148 1280 1222 1349 μὴ
1256 1278 1407 1343 ὄντος
1434 1279 1614 1333 ἐκεῖσε
1648 1279 1783 1349 (63),
1816 1278 1893 1333 ὅτ’

306 1370 383 1425 ἂν
409 1360 672 1443 ἧπλιιῗσαν
704 1372 884 1425 αὐτῶν
920 1372 1020 1433 τάς
1052 1371 1295 1441 ἀγκάλας
1325 1372 1436 1444 (64)
1468 1372 1710 1441 ἄγγελοι,
1744 1375 1895 1436 ποῖος

310 1466 372 1530 ἐξ
437 1464 617 1517 αὐτῶν
665 1464 1018 1534 προσδέξεται
1068 1465 1167 1534 τὴν
1218 1466 1472 1536 Μαρίαν·
1532 1466 1628 1519 καὶ
1676 1466 1777 1518 οὐκ
1827 1460 1896 1536 ἧς

306 1556 524 1609 ἐκεῖσε·
550 1558 675 1619 τοὺς
696 1556 752 1608 δὲ
779 1555 1047 1624 ἀγγέλους
1077 1556 1213 1626 πρὸς
1229 1556 1400 1626 αὐτὴν
1426 1556 1621 1625 φάναι*
1656 1556 1715 1610 '0
1739 1556 1893 1623 Θεὸς,

307 1648 501 1717 φησιν,
531 1647 943 1717 εὐαγγελίζεταί
991 1665 1050 1701 σε
1086 1650 1178 1702 τὶν
1219 1650 1392 1717 Λόγον
1436 1650 1633 1703 αὑτοῦ·
1660 1651 1896 1723 Χριστὸς

322 1739 534 1809 Ἰησοῦς
557 1741 671 1804 υἰὸς
700 1742 920 1811 Μαρίας
961 1742 1335 1811 ἐπιτυγχάνων
1361 1742 1419 1794 ἐν
1446 1741 1523 1811 τῷ
1555 1742 1654 1814 βίῳ
1699 1742 1894 1813 τούτῳ,

306 1834 406 1887 καὶ
438 1834 499 1887 ἐν
520 1832 598 1903 τῷ
630 1834 876 1905 μέλλοντι
906 1835 1187 1904 ὑπάρχων,
1213 1833 1291 1888 ὢν
1314 1835 1377 1887 ὲκ
1405 1836 1513 1888 τῶν
1542 1836 1891 1905 ἐγγιζόντων,

305 1928 405 1979 καὶ
438 1926 617 1982 λαλῶν
657 1930 768 1989 τοῖς
801 1926 1112 1998 ἀνθρώποις
1154 1926 1263 1981 ἀπὸ
1302 1930 1652 1998 σπαργάνων,
1706 1932 1891 2002 φησὶν,

305 2021 574 2091 ὑπάρχων
598 2021 914 2091 πρεσϐύτης
943 2022 1035 2074 καὶ
1063 2024 1126 2074 ἐκ
1154 2021 1264 2074 τῶν
1286 2022 1603 2094 χρησίμων·
1632 2020 1750 2077 εἶτα
1782 2023 1895 2095 (65)

301 2114 523 2181 εἰσάγει
552 2114 759 2183 ταύτην
794 2115 1146 2185 πειρωμένην
1176 2115 1367 2186 μαθεῖν
1390 2117 1507 2179 πῶς
1541 2116 1695 2171 ἔσται
1721 2117 1897 2191 ταύτῃ

302 2204 426 2267 υίὸς
450 2204 577 2259 ἄνευ
600 2206 818 2275 ἀνδρός⁸
849 2208 975 2269 τοὺς
1003 2206 1058 2259 δὲ
1087 2207 1281 2276 φάναι·
1319 2210 1384 2263 Ὀ
1412 2207 1663 2279 βοῦλεται
1693 2213 1720 2265 ό
1742 2210 1896 2277 Θεὸς,

299 2294 471 2347 τοῦτο
502 2294 596 2348 καὶ⁴
636 2294 879 2363 γίνεται’
913 2295 1009 2349 καὶ
1040 2297 1191 2363 παρά
1227 2296 1338 2349 τῶν
1384 2296 1633 2364 ἀγγέλων
1664 2298 1720 2352 δὲ
1745 2298 1897 2367 λέγει

301 2383 477 2435 αὑτὸν
505 2384 885 2453 μεμαθηκέναι
912 2387 1010 2454 τὴν
1043 2386 1237 2454 σοφίαν
1276 2387 1372 2440 καὶ
1406 2386 1505 2458 τὴν
1546 2388 1772 2460 Γραφὴν
1801 2391 1899 2444 καὶ

301 2475 401 2531 τὸν
438 2477 605 2547 νόμον
650 2478 745 2530 καὶ
781 2479 843 2531 τὸ
875 2479 1227 2547 Εὐαγγέλιον,
1263 2480 1359 2534 καὶ
1390 2481 1728 2538 ἀπεστάλθαι
1762 2485 1900 2538 ἀπό-

300 2568 497 2623 στολον
539 2569 676 2638 πρὸς
721 2569 848 2633 τοὺς
897 2572 1047 2635 υἰοὺς
1088 2571 1321 2643 Ἰσραήλ.
1377 2568 1507 2627 Εἶτα
1544 2573 1657 2646 (66)
1688 2576 1899 2646 εἰσάγει

301 2660 401 2713 τδν
425 2660 665 2732 Χριστὸν
711 2661 876 2733 ὄρνεα
906 2663 972 2716 ἐκ
1007 2662 1181 2733 πηλοῦ
1240 2666 1602 2736 πεποιηκότα,
1647 2668 1898 2741 ἐμφυσή-

303 2770 503 2819 σαντα,
537 2756 632 2809 καὶ
680 2754 977 2820 ζωώσαντα
1007 2757 1214 2811 ταῦτα·
1257 2759 1353 2813 καὶ
1404 2759 1643 2829 τυφλοὺς
1685 2761 1779 2816 καὶ
1813 2762 1901 2815 λε-

301 2846 487 2912 προὺς
544 2847 863 2919 ἰασάμενον,
915 2850 1009 2903 καί
1062 2850 1291 2922 νεκροὺς
1339 2851 1749 2923 ἀναστήσαντα,
1800 2855 1898 2910 καὶ

304 2937 702 3010 προγνώστην·
734 2940 831 2994 καὶ
875 2942 957 2995 ὄτι
980 2940 1115 2995 Θεὸν
1150 2942 1316 2997 αὑτοῦ
1349 2942 1442 2997 τὸν
1484 2943 1618 2999 Θεὸν
1660 2946 1770 3001 τῶν
1800 2948 1897 3001 ἁν-

308 3029 547 3102 θρὼπων
577 3022 763 3087 ἐκάλει
785 3050 800 3064 ·
830 3034 923 3087 καὶ
963 3034 1044 3088 ὅτι
1076 3034 1358 3101 ἐξελέξατο
1391 3036 1573 3107 ἐαυτῷ
1602 3037 1731 3102 τοὺς
1759 3038 1897 3093 ἀπο-

298 3124 534 3187 στόλους
560 3141 574 3155 ο
619 3126 709 3180 καὶ
740 3128 822 3181 ὅτι
847 3124 1001 3186 εἶπεν
1050 3127 1197 3200 αὐτῷ
1235 3128 1264 3180 6
1300 3128 1463 3193 Θεόςο
1506 3130 1647 3196 Ἐγώ
1677 3148 1737 3183 σε
1762 3131 1898 3185 ὑπο-

310 3215 492 3271 ϐάλλω
550 3217 801 3289 θανάτῳ,
859 3218 1017 3287 κάγὼ
1080 3237 1139 3274 σε
1195 3220 1384 3291 ἀνυψῶ
1440 3220 1577 3293 πρός
1634 3240 1739 3292 με,
1802 3223 1899 3277 καὶ

2002 727 2231 782 lentium
2274 728 2464 784 tridui.
2517 728 2723 785 Deinde
2776 730 2996 801 angelos
3048 731 3346 789 introducit
3394 735 3580 792 Maria:

2000 819 2243 875 dicentes
2270 838 2283 875 :
2312 820 2389 877 Te
2424 820 2568 877 Deus
2601 821 2763 893 elegit
2795 837 2902 891 ιιι-ιε
2933 823 3144 879 eunetis
3179 840 3207 879 a
3240 827 3441 882 medulo
3462 844 3582 883 mu-

2000 913 2253 969 lieribus.
2288 911 2343 969 ld
2376 923 2556 968 autem
2594 915 2670 969 ait
2714 930 2779 970 ex
2818 916 3078 986 incogniti
3112 920 3320 991 negotii
3380 935 3578 975 narra-

2000 1007 2153 1062 tione
2206 1006 2509 1062 Mohamedi
2562 1006 2742 1062 facta:
2783 1024 2975 1079 nempe
3021 1010 3169 1079 quod
3225 1011 3317 1067 ille
3344 1013 3436 1083 qui
3473 1014 3578 1069 sibi

2002 1101 2323 1171 loquebatur
2370 1101 2569 1156 dixerit
2597 1118 2610 1154 ι
2640 1100 2755 1158 lloc
2785 1103 2849 1157 ad
2887 1112 2938 1158 te
2968 1103 3287 1167 detulimus.
3345 1106 3439 1176 qui
3469 1108 3583 1162 illic

2002 1210 2110 1248 non
2142 1210 2304 1260 eras;
2362 1209 2484 1248 eum
2542 1209 2672 1249 suas
2726 1197 2902 1267 angeli
2950 1197 3108 1253 ulnas
3169 1198 3578 1271 explicuerunt,

2002 1287 2255 1367 quisnam
2289 1302 2479 1341 eorum
2516 1286 2740 1341 Mariam
2776 1296 2921 1344 esset
2945 1299 3326 1373 suscepturus.
3348 1291 3429 1346 Tu
3450 1307 3580 1347 vero

2002 1366 2109 1432 non
2142 1394 2263 1433 eras
2289 1378 2419 1433 illic.
2454 1381 2688 1450 Angelos
2724 1390 2905 1436 autem
2935 1382 2982 1437 ei
3008 1366 3253 1439 dixisse:
3284 1384 3452 1447 Deus.
3494 1385 3580 1439 in-

2002 1470 2141 1539 quit,
2193 1470 2444 1523 nttntium
2478 1470 2573 1524 tibi
2626 1471 2792 1525 mittit
2824 1470 3064 1527 Verbum
3135 1490 3318 1531 suum.
3363 1474 3465 1531 llic
3498 1483 3581 1529 est

1998 1558 2254 1614 Christus
2272 1558 2431 1615 Jesus
2457 1560 2638 1615 Maria:
2670 1559 2813 1615 ﬁlius
2875 1562 3148 1617 exsistens
3178 1563 3233 1616 in
3274 1564 3375 1618 hac
3399 1564 3504 1616 vita
3528 1572 3581 1617 et

2003 1652 2055 1705 in
2085 1652 2287 1716 futura,
2339 1669 2480 1709 unus
2511 1654 2577 1709 de
2608 1655 3101 1725 propinquantibus
3139 1653 3320 1728 [Deo].
3372 1670 3585 1712 sermne

2002 1746 2196 1801 cinans
2229 1746 2295 1802 ad
2329 1747 2613 1809 homines,
2648 1747 2759 1818 jam
2794 1747 2919 1803 inde
2945 1749 3014 1803 ab
3047 1748 3393 1804 incunabulis
3420 1755 3581 1803 aetate

2002 1838 2208 1902 adulta,
2246 1847 2299 1893 et
2329 1854 2393 1894 ex
2426 1839 2631 1909 probis.
2683 1840 2879 1895 PoSIea
2925 1840 3234 1911 introducit
3262 1840 3413 1895 illam
3441 1840 3583 1896 scire

2000 1930 2293 1994 volentem,
2329 1931 2607 2002 quomodo
2644 1933 2751 1988 sibi
2807 1932 2950 1988 tilius
3015 1933 3125 1988 erit
3176 1933 3387 2003 absque
3415 1932 3584 1987 viro?

1998 2024 2126 2081 illos
2155 2034 2337 2079 autem
2364 2024 2571 2080 dixisse
2597 2041 2611 2078 :
2642 2024 2797 2092 Quod
2831 2025 2971 2079 lleus
3002 2025 3137 2090 vult,
3163 2024 3269 2078 hoc
3300 2023 3376 2078 tit.
3406 2027 3586 2093 Atque

2001 2119 2072 2173 ab
2101 2118 2311 2189 angelis
2342 2119 2522 2188 ipsum
2569 2118 2828 2174 didicisse
2859 2117 2935 2172 ait
2967 2116 3313 2187 sapientiam,
3348 2125 3402 2171 et
3441 2116 3581 2171 scri-

2000 2219 2242 2281 pturam,
2276 2226 2341 2266 ac
2367 2210 2538 2281 legem
2571 2222 2623 2264 et
2651 2208 3026 2279 Evangelium,
3060 2216 3227 2279 atque
3250 2209 3489 2277 iegatum
3513 2207 3581 2261 ad

2000 2304 2220 2359 lsraelis
2258 2304 2398 2358 filios
2429 2303 2681 2357 missum.
2714 2301 2918 2356 Deinde
2943 2301 3223 2355 Christum
3280 2300 3583 2355 introducit

2000 2393 2241 2448 aviculas
2272 2408 2335 2447 ex
2390 2394 2504 2447 luto
2557 2392 2872 2455 facientem,
2905 2393 3147 2472 ﬂatuque
3190 2392 3598 2461 viviﬁcantem,

2000 2500 2285 2554 αινοοςιιηο
2341 2493 2395 2539 ει
2446 2485 2697 2554 Ιοῃνοεοε
2729 2494 3041 2550 sanantem,
3095 2500 3158 2539 ac
3194 2497 3443 2540 mortuos
3498 2499 3583 2536 re-

2000 2576 2394 2639 suscitantem,
2460 2584 2514 2629 ct
2576 2590 2918 2645 praesagum;
2983 2584 3038 2630 et
3092 2574 3238 2646 quod
3298 2574 3585 2629 hominum

2003 2669 2196 2735 Deum,
2259 2668 2426 2723 Deum
2460 2671 2741 2738 proprium
2791 2669 3124 2738 appellaret;
3165 2677 3219 2724 et
3272 2668 3412 2736 quod
3447 2682 3581 2735 apo-

1996 2759 2169 2815 stolos
2192 2758 2295 2814 sibi
2324 2758 2620 2827 delegerit;
2653 2770 2706 2813 et
2736 2759 2885 2828 quod
2913 2758 3115 2814 dixerit
3144 2758 3193 2814 ei
3231 2757 3376 2814 Deus
3420 2775 3434 2813 :
3469 2755 3595 2827 Ego.

1999 2862 2052 2909 te
2101 2852 2265 2909 morti
2300 2851 2558 2921 subjicio,
2586 2860 2640 2907 et
2663 2867 2764 2923 ego
2799 2862 2853 2907 te
2885 2853 3149 2907 extollam
3186 2851 3252 2905 ad
3284 2867 3392 2913 me.
3422 2859 3584 2917 teque

2000 2960 2030 3000 a
2060 2944 2391 3016 negantibus
2423 2944 2678 3014 expiatio.
2719 2945 3170 3014 eonstituamque
3195 2944 3435 2999 asseclas
3461 2952 3584 2997 tuos

1999 3053 2167 3108 supra
2195 3038 2320 3092 illos
2342 3035 2434 3106 qui
2472 3045 2523 3091 te
2552 3043 2911 3105 negaverunt,
2946 3036 2996 3090 iu
3023 3035 3111 3091 die
3137 3033 3581 3090 resurrectionis.

2000 3131 2388 3187 Verumtamen
2434 3138 2700 3198 negantes
2733 3143 2891 3195 poena
2924 3128 3073 3197 gravi
3130 3126 3354 3197 puuiam
3401 3127 3455 3180 iu
3496 3125 3589 3179 fu-

2001 3233 2127 3279 turo
2170 3220 2399 3283 saculo.
2433 3235 2611 3289 neque
2643 3220 2747 3274 erit
2785 3219 2893 3275 illis
2930 3220 3148 3275 vindex.
3181 3219 3427 3289 Speciem
3455 3233 3585 3274 vero

308 3310 597 3381 καθαρίσω
632 3329 692 3365 σε
723 3315 787 3366 ἐκ
824 3313 933 3366 τῶν
966 3312 1362 3385 ἀρνησαμένων
1383 3330 1398 3345 ο
1429 3312 1525 3367 καὶ
1565 3314 1897 3386 καταστήσω

2004 3318 2133 3375 Jesu
2181 3315 2255 3372 ait
2297 3330 2421 3371 esse
2480 3315 2780 3370 secundum
2842 3312 3081 3385 speciem
3145 3316 3304 3384 primi
3362 3314 3583 3379 Adami.

307 3402 436 3467 τοὺς
486 3405 959 3477 ἀκολουθήσαντάς
990 3426 1073 3461 σοι
1125 3408 1312 3461 ἐπάνω
1349 3405 1461 3462 τῶν
1499 3409 1899 3479 ἀρνησαμένων

309 3494 369 3547 ἐν
408 3498 474 3569 τῇ
504 3498 690 3571 ἡμέρᾳ.
737 3501 836 3568 τῆς
884 3501 1271 3565 ἀναστάσεωςσ
1313 3502 1439 3565 τοὺς
1484 3501 1541 3555 δὲ
1581 3502 1897 3574 ἀρνησαμέ-

2007 3426 2169 3482 quem
2206 3408 2349 3464 Deus
2382 3406 2672 3475 formavit;
2702 3406 3090 3476 concluditque
3124 3425 3139 3463 :
3174 3406 3299 3462 Haec
3336 3418 3422 3462 est
3454 3422 3595 3462 vera

2007 3504 2275 3558 narratio.

307 3608 431 3655 νους
455 3593 669 3648 κολάσω
700 3596 920 3652 κόλασιν
951 3596 1173 3667 βαρεῖαν
1202 3597 1259 3650 ἐν
1280 3595 1356 3667 τῷ
1384 3596 1656 3665 μέλλοντι,
1690 3598 1782 3654 καί
1801 3599 1905 3652 οὐκ
1934 3598 2081 3653 ἔστιν
2115 3600 2297 3663 αὐτοῖς
2324 3597 2567 3661 ἔκδικοςο
2597 3594 2660 3650 τὸ
2686 3595 2741 3650 δέ
2763 3589 2903 3658 εἶδος
2927 3594 3027 3665 τῆς
3051 3593 3365 3665 ὁμοιώσεως
3408 3592 3595 3664 Ἰησοῦ

311 3702 477 3754 φησιν
529 3682 669 3743 εἶναι
724 3689 865 3743 κατά
918 3689 980 3746 τὸ
1029 3685 1169 3754 εἶδος
1210 3688 1303 3745 τοῦ
1348 3689 1564 3763 πρώτου
1609 3691 1780 3763 Ἀδὰμ
1832 3691 1893 3749 ὃν
1931 3691 2167 3747 ἔπλασεν
2194 3693 2223 3746 ὁ
2250 3692 2418 3757 Θεός·
2451 3692 2544 3746 καὶ
2615 3689 2944 3763 προστίθησι
2973 3687 3176 3757 λέγων’
3248 3686 3585 3757 Δῦτηὲστὶν

310 3780 343 3849 ἡ
373 3778 634 3850 ἐξήγησις
658 3783 692 3855 ὴ
721 3782 971 3855 ἀληθινή.

384 3872 494 3944 μέν.
540 3875 823 3948 Ἀληθινὴν
875 3876 932 3933 δέ
981 3876 1187 3947 ταύτην
1239 3877 1445 3941 εἰπὼν,
1496 3878 1741 3948 δηλονότι
1787 3879 1903 3936 τῶν

310 3967 476 4022 θείων
504 3968 871 4039 Εὑαγγελίων,
894 3972 970 4033 ὡς
1006 3971 1175 4041 ψευδῆ
1204 3970 1587 4042 ἀπεκρούσατο
1610 3986 1623 4001 ⁸
1656 3972 1758 4027 ποῦ
1788 3972 1899 4044 γάρ

312 4059 464 4130 παρά
492 4061 603 4122 τοῖς
638 4059 801 4124 θείοις
837 4060 1192 4130 Εὑαγγελίοις
1232 4062 1464 4135 Ἰαμόρᾶ
1505 4064 1604 4131 τῆς
1630 4062 1897 4119 Θεοτόκου

312 4149 593 4220 γεννήτωρ
656 4152 1121 4221 καταγγέλλεταις
1178 4154 1244 4208 Τί
1301 4154 1360 4208 δὲ
1413 4155 1713 4226 ποιήσομεν
1772 4156 1899 4219 τοὺς

314 4241 468 4311 παρά
539 4241 619 4313 τῷ
683 4244 869 4316 Λουκᾷ
942 4245 1227 4314 κειμένους
1295 4245 1453 4301 ἐννέα
1523 4248 1622 4317 τῆς
1684 4246 1898 4317 σιωπῆς

313 4332 587 4405 Ζαχαρίου
649 4334 847 4404 μῆνας,
889 4337 984 4390 καὶ
1033 4340 1181 4407 τρεῖς
1233 4337 1447 4407 ἡμέρας
1484 4338 1654 4407 μόνας
1703 4337 1897 4392 τούτου

312 4425 519 4496 ταύτην
560 4426 887 4498 γεγενῆσθαι
915 4428 1204 4496 λέγοντοςς
1256 4428 1357 4482 ποῦ
1392 4429 1450 4482 δὲ
1488 4429 1650 4501 ὄρνεα
1689 4430 1753 4484 ἐκ
1793 4447 1899 4502 πη-

313 4516 406 4571 λοῦ
458 4518 610 4587 παρὰ
652 4517 729 4588 τῷ
782 4518 956 4589 Ἰησοῦ
1003 4519 1351 4591 πλαττόμενα
1401 4521 1495 4576 καὶ
1539 4520 1897 4593 ψυχούμενας

314 4610 428 4663 ἀλλ’
460 4611 631 4673 ὅντως
659 4611 732 4671 ὡς
753 4610 970 4682 ἀληθῶς
1007 4613 1073 4666 ἐκ
1105 4611 1200 4665 τοῦ
1252 4612 1493 4680 ἀφανοῦς
1523 4612 1771 4667 διακένου
1801 4613 1901 4683 τῆς

2069 3878 2161 3933 £2.
2195 3876 2314 3933 Jam
2360 3890 2495 3931 vero
2527 3875 2657 3930 dum
2694 3874 2838 3930 hanc
2886 3888 3072 3929 veram
3115 3872 3214 3936 ait.
3244 3872 3363 3928 sine
3416 3872 3590 3929 dubio

1999 3971 2307 4027 divinorum
2340 3966 2759 4038 Evangeliorum
2790 3965 3073 4020 historiam
3120 3978 3222 4018 ceu
3271 3963 3463 4019 falsam
3506 3980 3597 4017 re-

1994 4062 2133 4134 jieit.
2168 4061 2402 4117 Ubinam
2431 4059 2632 4129 quippe
2660 4058 2801 4126 apud
2842 4057 3023 4111 divina
3056 4055 3347 4121 Evangelia
3374 4055 3588 4110 lambra

1999 4153 2247 4224 Deiparee
2284 4152 2498 4223 genitor
2554 4149 2862 4203 nuntiatur?
2904 4147 3046 4214 Quid
3092 4146 3355 4204 faciemus
3392 4162 3588 4202 novem

1999 4247 2270 4302 mensium
2302 4244 2523 4299 silentio
2566 4241 2849 4297 Zachariae
2891 4240 3033 4310 apud
3079 4238 3281 4295 Lucam
3315 4256 3593 4296 memora-

2002 4346 2203 4399 torum,
2233 4350 2357 4388 eum
2392 4328 2746 4388 Mobamedes
2779 4338 2891 4385 tres
2926 4336 3136 4383 tantum
3158 4328 3210 4384 ei
3236 4327 3452 4383 silentio
3477 4326 3593 4382 dies

2002 4428 2248 4485 Statuat?
2298 4424 2533 4481 Ubinam
2588 4423 2817 4479 aviculae
2865 4422 2966 4478 abs
3012 4421 3142 4477 Jesu
3190 4435 3256 4475 ex
3307 4419 3422 4476 luto
3475 4417 3593 4473 for-

2006 4530 2170 4577 matae
2219 4528 2275 4576 et
2317 4518 2618 4573 animam?
2650 4515 2865 4572 Revera
2895 4531 2959 4571 ex
2992 4514 3164 4585 ipsius
3192 4527 3390 4569 arcana
3424 4527 3594 4568 vana-

2008 4630 2117 4684 que
2174 4612 2449 4668 dementia
2507 4612 2621 4667 haec
2695 4617 2826 4664 sunt
2879 4609 3130 4664 conﬁcta.
3196 4605 3447 4663 llzecciue
3510 4613 3597 4661 est

314 4699 481 4754 αὐτοῦ
524 4701 824 4772 παρανοίας
869 4700 1041 4755 ταῦτα
1084 4701 1431 4757 πέπλασται·
1463 4700 1603 4773 αῦτη
1632 4702 1781 4756 ἐστὶν
1808 4701 1898 4773 βε-

2010 4707 2254 4776 priornm
2287 4720 2346 4759 se
2375 4703 2749 4760 eonlirmatrix
2779 4700 3099 4771 Scriptura?
3133 4700 3237 4754 Sed
3271 4708 3330 4755 ut
3358 4698 3609 4760 videtur.

316 4792 586 4863 σαιωτικὴ
624 4794 738 4849 τῶν
766 4794 871 4865 πρὸ
896 4795 1065 4865 αὐτῆς
1096 4796 1279 4866 γραφή
1300 4812 1313 4863 ;
1338 4794 1455 4850 ἀλλ’
1484 4795 1559 4860 ὡς
1599 4796 1775 4851 ἔοικεν
1804 4797 1903 4849 ὲπ-

318 4882 540 4937 ελάθετο
564 4878 639 4939 ὧν
678 4886 986 4955 ἐπήγγελτο
1008 4902 1023 4917 ·
1064 4886 1097 4957 ἢ
1148 4888 1287 4956 τάχα
1311 4890 1613 4960 κακουργεῖ
1644 4888 1902 4952 κάνθάδε,

321 4976 425 5029 κᾶν
478 4978 553 5048 μὴ
588 4978 864 5033 διέλαθεν·
901 4980 994 5032 δύο
1037 4979 1146 5051 γάρ
1180 4980 1329 5051 αὐτῷ
1372 4980 1504 5053 περὶ
1560 4980 1649 5034 τὸν
1695 4980 1904 5053 Κύριον

321 5069 481 5137 ἡμῶν
542 5070 749 5140 Ἰησοῦν
797 5073 1032 5140 Χριστὸν
1086 5074 1461 5143 προκειμένων
1504 5073 1742 5143 τρόπων,
1780 5074 1902 5126 καθ’

322 5159 415 5224 οῦς
445 5161 505 5213 τὸ
532 5160 664 5224 Θεὸς
699 5162 905 5234 ἀληθὴς
947 5157 1087 5216 εἶναι
1120 5164 1362 5233 ἀναιρεῖν
1407 5164 1748 5233 πειράσεται,
1787 5162 1905 5225 ἑνὸς

325 5253 425 5322 μὲν
461 5252 552 5306 τοῦ
610 5255 835 5325 μηδαμῆ
889 5254 1155 5324 μηδαμῶς
1206 5253 1367 5306 αὐτὸν
1419 5253 1737 5321 ἐληλυθέναι
1771 5254 1907 5307 ἁπο-

322 5345 491 5409 δείξαι
517 5346 837 5410 σπουδάσαι,
863 5347 1053 5417 ἐτέρου
1082 5346 1139 5399 δὲ
1173 5344 1266 5398 τοῦ
1292 5345 1615 5416 ἐληλυθότος
1643 5345 1718 5417 μὴ
1748 5344 1903 5410 Θεὸν,

323 5439 439 5492 ἀλλ’
472 5439 759 5511 ἄνθρωπον
777 5440 930 5510 ψιλὸν
961 5440 1314 5511 ἐπιφημίσαι,
1341 5439 1414 5503 ὡς
1437 5438 1729 5510 δυσχεροῦς
1756 5439 1905 5511 αὐτῷ

399 5618 513 5688 (6‘2)
541 5618 670 5673 Sur.
699 5618 791 5685 Ill,
816 5621 906 5677 ιε.

399 5688 512 5755 (63)
540 5689 664 5743 Sur.
696 5690 783 5756 ΙΙΙ,
822 5693 911 5745 44.

403 5758 516 5829 (64)
561 5762 636 5814 Ita
659 5762 940 5817 evidenter
971 5763 1165 5818 codex.
1213 5760 1522 5818 Maraecius
1576 5762 1906 5816 vocabulum

336 5830 629 5885 Arabieum
657 5832 925 5886 calamum
963 5837 1221 5901 explicat,
1254 5843 1309 5888 et
1349 5833 1597 5887 fabellam
1625 5843 1811 5886 narrat
1843 5833 1911 5887 de

337 5901 564 5974 calamis
589 5904 878 5974 seu_virgis
912 5907 1170 5959 sortiendi
1217 5920 1379 5958 causa
1427 5904 1611 5973 iactis,
1656 5904 1910 5974 quisnam

337 5972 654 6041 angelorum
692 5972 873 6030 Mari-.e
900 5991 1086 6032 ειη-ειη»
1124 5972 1445 6048 susciperet.
1507 5976 1617 6035 CII‘
1654 5972 1782 6029 vero
1817 5972 1914 6028 Ni-

2006 4795 2263 4868 promissi
2298 4794 2383 4850 sui
2411 4794 2612 4848 oblitus
2642 4800 2764 4847 est:
2803 4792 2886 4845 vel
2918 4792 3101 4862 potius
3128 4790 3213 4844 hie
3240 4790 3405 4845 etiam
3436 4787 3597 4844 mali-

2007 4890 2148 4945 tiose
2192 4888 2325 4958 agit,
2362 4886 2575 4941 etiamsi
2626 4900 2729 4941 nos
2787 4898 2895 4938 non
2928 4884 3097 4939 latet.
3130 4882 3268 4939 Cum
3302 4882 3449 4937 enim
3488 4881 3613 4935 duo.

2006 4981 2118 5036 sint
2173 4980 2222 5034 ci
2268 4978 2528 5048 propositi
2566 4978 2709 5033 circa
2757 4976 3051 5031 Dominum
3112 4984 3359 5030 nostrum
3408 4971 3624 5028 Jesum.

2008 5073 2284 5128 Christum
2333 5070 2501 5134 modi,
2542 5070 2743 5139 quibus
2796 5067 2915 5137 ejus
2942 5066 3284 5122 divinitatem
3316 5065 3626 5121 destruere-

2013 5178 2281 5231 conatur;
2315 5180 2479 5231 unus,
2505 5178 2614 5235 quo
2645 5162 3027 5217 demonstrare
3056 5159 3259 5223 studet,
3290 5172 3415 5212 eum
3450 5156 3600 5209 nullo

2015 5258 2178 5312 modo
2249 5255 2582 5322 advenisse;
2642 5254 2799 5315 alter,
2850 5266 2962 5321 quo
3036 5259 3318 5321 pernegat,
3383 5247 3597 5302 etiamsi

2013 5350 2265 5407 Christus
2310 5347 2613 5412 advenerit,
2652 5346 2818 5401 Deum
2865 5344 3057 5410 fuisse,
3104 5342 3351 5413 nihilque
3402 5346 3603 5409 pra-ter

2016 5441 2296 5497 hominem
2341 5439 2621 5496 exstitisse
2658 5438 2806 5503 vult;
2837 5451 2961 5491 cum
3005 5434 3212 5507 primus
3260 5432 3456 5487 modus
3499 5428 3603 5483 dif-

2009 5625 2160 5671 cctas
2188 5615 2319 5691 dicit
2369 5614 2615 5691 ἀγκάλας
2636 5618 2661 5669 ‘l
2710 5614 2965 5691 Fortasse
3002 5610 3285 5691 men'lumx
3313 5607 3599 5691 scripturae

2012 5697 2096 5742 cst
2124 5704 2223 5756 pro
2243 5680 2654 5758 ἀστραγάλους,
2690 5686 2827 5740 talos
2857 5685 3109 5758 lusrn'ios2
3161 5680 3245 5733 vel
3267 5693 3379 5758 pro
3436 5680 3599 5758 καλά-

2017 5749 2175 5830 μονξσέ
2218 5757 2330 5811 Hoc
2355 5749 2501 5830 enim
2532 5749 2895 5830 postremum
2930 5751 3170 5827 postulat
3217 5765 3321 5806 vox
3344 5749 3598 5807 Arabica.

2088 5828 2203 5897 (65l
2234 5832 2364 5883 ευτ’.
2395 5828 2481 5886 ΙΙΙ.
2517 5829 2608 5883 Η.

2089 5899 2200 5971 (66)
2221 5898 2351 5956 Sur.
2386 5898 2477 5967 lli,
2512 5901 2601 5955 43.
