3994 6626
419 493 530 567 197

1666 498 1964 562 NlCET/E
1998 474 2403 560 Bi’ZANTINl

3603 494 3702 563 727.8

425 609 587 668 fit-ilis
618 609 910 668 admodum
957 611 1008 670 ei
1046 622 1211 680 esset,
1252 623 1363 669 tam
1409 611 1632 670 evidens
1684 630 1882 685 nempe
1921 630 2017 669 ne-

2137 610 2259 682 πτρὸς
2290 604 2599 679 ἀνασκιυὴν
2630 604 2723 661 τοῦ
2755 603 2975 679 πρώτου
3021 606 3142 661 λίαν
3169 605 3530 679 ύπὶρχοντος,
3576 610 3705 679 πρὶς

428 705 637 777 gotiuiu
679 706 1056 779 oppugnandi,
1080 707 1148 763 ad
1197 706 1501 764 secundum
1537 706 1821 777 confugit;
1853 706 2024 763 omis-

428 812 599 868 saque
628 799 1025 855 incarnationis
1057 798 1309 864 historia,
1353 798 1458 853 hoc
1484 807 1645 869 pacto
1685 797 2023 853 divinitatem

427 890 550 960 ejus
578 901 823 950 evertere
851 893 1112 963 speravit,
1150 892 1282 947 dum
1318 892 1534 947 nullum
1568 908 1633 948 ex
1672 891 1757 946 his
1790 891 1881 962 qni
1907 890 2028 961 ejus

427 981 767 1039 divinitatem
829 985 1195 1055 prmdiserant
1256 970 1600 1039 memoravit.
1644 982 1782 1037 llinc
1834 983 1914 1046 fit,
1968 992 2029 1037 ut

428 1085 798 1130 consentanea
826 1074 987 1131 dictis
1036 1091 1064 1130 a
1121 1090 1181 1129 se
1235 1076 1514 1146 superius,
1548 1090 1637 1130 res
1678 1074 1881 1130 Christi
1925 1074 2028 1129 hu-

432 1164 635 1218 manati
660 1172 848 1235 pergat
868 1164 1050 1219 dicere
1076 1181 1090 1218 :
1117 1183 1134 1215 ι
1164 1163 1295 1220 Hem
1326 1166 1420 1237 qni
1447 1164 1745 1220 familiares
1776 1163 2028 1235 Scriptu-

432 1269 504 1310 ra:
526 1255 660 1312 estis
691 1256 793 1327 (sic
835 1257 1069 1328 appellat
1103 1257 1210 1313 hoc
1241 1259 1362 1313 loco
1391 1258 1511 1313 illos
1542 1259 1635 1328 qui
1663 1260 1763 1313 sub
1789 1256 2029 1327 Evange-

428 1346 503 1401 lio
522 1344 970 1417 degunt),adeste
999 1347 1064 1403 ad
1089 1363 1402 1404 sermonem
1426 1349 1517 1417 qui
1542 1349 1682 1404 inter
1709 1364 1809 1403 nos
1824 1362 2029 1418 vosque

429 1439 682 1504 vertitur,
732 1447 793 1495 ut
826 1456 894 1497 ne
927 1441 1237 1497 serviamus
1281 1440 1386 1496 nisi
1431 1440 1559 1505 Deo,
1604 1454 1783 1510 neque
1815 1438 1891 1492 illi
1922 1454 2027 1492 un-

428 1549 595 1603 qnam
631 1533 900 1605 quidlibet
926 1534 1299 1590 adsoeiemus.
1338 1552 1355 1584 ι
1388 1533 1527 1601 Quia
1558 1532 1727 1597 enim,
1765 1546 1832 1587 eo
1864 1546 2025 1601 quem

430 1626 675 1684 diximus
709 1628 894 1695 modo,
931 1628 1159 1684 humilia
1194 1629 1261 1684 de
1287 1628 1505 1685 Christo
1536 1628 1769 1692 dixerat,
1802 1636 1857 1681 et
1882 1625 2027 1696 quod

434 1716 605 1775 Deum
657 1721 943 1777 hominum
1005 1724 1119 1793 ipse
1166 1738 1390 1793 quoque
1438 1722 1812 1792 appellaverat
1855 1719 2027 1775 Deum

430 1826 614 1880 suum,
642 1812 895 1870 hortatur
925 1830 1071 1870 nunc
1102 1829 1166 1868 ex
1210 1814 1491 1870 communi
1533 1814 1700 1871 unius
1728 1813 1821 1868 Dei
1872 1814 2030 1868 ξεινοσ-

429 1906 669 1975 catione,
702 1909 795 1979 qui
829 1909 1034 1965 Christi
1065 1918 1119 1965 et
1150 1910 1437 1966 hominum
1462 1910 1737 1981 simulque
1760 1908 2029 1965 Christia'

2128 701 2363 774 φανερὸν
2409 699 2583 762 οῦτως
2621 699 3038 771 ἀπομαχόμενος
3092 702 3345 771 πρᾶγμα,
3377 701 3472 753 ἐπὶ
3506 701 3568 753 τὸ
3596 700 3709 755 δεύ-

2129 811 2294 867 τερον
2324 792 2693 863 καταφεύγει·
2740 792 2955 845 καὶτὸν
3003 792 3162 862 λόγον
3204 790 3577 863 καταδραμὼν
3614 793 3708 863 τῆς

2127 887 2618 959 ὲνανθρωπήσεως,
2668 884 2755 938 διὰ
2802 883 2961 937 τοῦτο
3012 884 3075 938 τὸ
3124 882 3259 947 Θεὸς
3310 879 3454 936 εἶναι
3502 882 3709 937 ἀνελεῖν

2128 977 2347 1050 ἤλπισε,
2391 976 2621 1048 μηδενὸς
2649 974 2759 1029 τῶν
2789 975 2888 1046 τὴν
2931 974 3096 1030 αὐτοῦ
3138 974 3368 1045 θεότητα
3411 974 3709 1045 κηρυττόνο

2127 1090 2237 1126 των
2269 1071 2682 1144 μνημονεύσαςο
2718 1069 2798 1123 διὸ
2836 1069 2929 1124 καὶ
2980 1067 3248 1122 ἀκόλουθα
3275 1070 3390 1132 τοῖς
3431 1066 3711 1138 προθεῐσιν

2128 1166 2271 1220 αῦτά
2299 1165 2430 1237 περὶ
2454 1165 2556 1237 τῆς
2594 1164 3013 1237 ἀνθρωπότητος
3042 1162 3280 1233 Χριστοῦ
3323 1162 3393 1217 τά
3419 1162 3564 1234 ξὲξῆς
3597 1164 3714 1215 tm-

2136 1260 2294 1331 (θέρει
2316 1256 2493 1328 λέγων
2538 1256 2649 1328 (67)
2675 1273 2691 1288 ο
2733 1276 2750 1310 ι
2781 1256 2877 1309 "As
2914 1254 3025 1326 (68)
3057 1255 3107 1309 οί
3139 1256 3325 1307 οίκείοι
3368 1254 3468 1324 τῆς
3490 1253 3713 1324 Γραφῆς

2131 1352 2279 1423 (τοὺς
2306 1352 2411 1406 ὑπὸ
2441 1350 2501 1404 τὸ
2530 1349 2859 1419 Εὖαγγέλιον
2886 1347 3179 1411 τελοῦντας
3215 1345 3452 1401 ἐνταῦθα
3482 1345 3713 1409 καλῶν),

2128 1443 2284 1501 δεῦτε
2313 1446 2393 1508 είς
2424 1445 2516 1498 τὸν
2563 1443 2723 1511 λόγον
2759 1442 2853 1495 τον
2880 1440 3199 1511 στοιχοῦντα
3250 1440 3391 1511 μέσα
3426 1439 3588 1511 ἡμῶν
3620 1440 3715 1492 καὶ

2130 1539 2307 1608 ὑμῶν,
2335 1538 2429 1591 τοῦ
2464 1538 2540 1609 μὴ
2566 1535 2838 1590 δουλεύειν
2885 1537 2934 1588 εί
2963 1534 3040 1606 μὴ
3070 1535 3161 1588 τὸν
3189 1532 3344 1599 Θιδν,
3378 1534 3477 1588 καὶ
3504 1530 3603 1586 τοῦ
3638 1533 3714 1603 μὴ

2132 1632 2304 1687 θεῖναι
2352 1630 2499 1701 αὐτῷ
2548 1628 2802 1684 κοινωνόν
2848 1628 2902 1682 τί
2943 1644 3097 1682 ποτε.
3133 1646 3152 1680 ι
3206 1626 3424 1697 Ἐπειδὴ
3467 1625 3601 1696 γὰρ,
3641 1625 3718 1688 ὼς

2131 1724 2279 1795 αὐτῷ
2333 1722 2526 1786 ἐδόκει,
2584 1721 2708 1776 καθ’
2739 1720 2799 1774 ὃν
2852 1720 3162 1792 εἰρήκαμεν
3209 1718 3431 1790 τρόπον,
3482 1716 3718 1772 ταπεινά

2133 1818 2263 1887 περὶ
2308 1814 2403 1870 τοῦ
2433 1814 2672 1887 Χριστοῦ
2713 1814 2925 1886 εἴρηκε,
2956 1812 3052 1866 καὶ
3096 1812 3176 1866 ὅτι
3208 1809 3341 1866 θεὸν
3389 1809 3586 1863 ἑαυτοῦ
3625 1808 3719 1863 τὸν

2134 1911 2267 1966 Θεὸν
2291 1910 2400 1965 τῶν
2453 1910 2757 1981 ἀνθρώπων
2796 1907 2892 1961 καὶ
2940 1906 3103 1971 αὐτὸς
3129 1906 3418 1967 ἀπεκάλει,
3461 1904 3721 1975 παραινεῖ

432 2013 627 2054 norum
655 2007 712 2056 et
737 2002 1111 2073 Agarenor‘um
1156 2001 1298 2058 Deus
1339 2011 1444 2069 est,
1479 1980 1754 2067 hortatur,
1776 2002 2024 2072 inquam,

2137 2004 2228 2059 νῦν
2256 2005 2319 2062 ὲκ
2349 2003 2452 2074 τῆς
2482 1980 2666 2074 κοινῆς
2692 2000 2787 2055 τοῦ
2813 2000 2975 2071 μόνου
3009 1998 3147 2053 Θεοῦ
3185 1998 3552 2069 ἐπικλήσεως,
3584 1997 3719 2065 Χρι-

432 2106 499 2145 ne
527 2091 849 2164 partiuipem
881 2093 1162 2151 Christum
1202 2094 1380 2151 Patris
1416 2095 1721 2166 maiestatis
1764 2095 2030 2151 confitea-

432 2197 576 2250 mur,
600 2184 653 2239 id
669 2193 774 2252 est,
794 2202 970 2258 neque
990 2187 1518 2245 consubstantialem
1543 2202 1721 2259 neque
1745 2186 1858 2259 pari
1890 2186 2030 2243 solio

430 2277 838 2336 considentem.
874 2280 1031 2347 Quod
1062 2282 1107 2337 si
1148 2282 1503 2347 concedatur,
1537 2281 1672 2336 nihil
1710 2289 1860 2336 vetat
1889 2296 2031 2350 quo-

432 2370 618 2427 minus
646 2371 949 2429 Christiani
980 2374 1049 2429 ad
1091 2375 1377 2444 Agarenos
1410 2375 1698 2433 accedant.
1747 2375 1825 2428 Eo
1876 2374 2030 2429 scili-

431 2471 518 2519 cet
547 2464 688 2535 apud
717 2480 843 2521 eum
868 2465 1123 2525 recidunt
1147 2465 1332 2521 Mariae
1378 2466 1728 2522 annuntiatio
1750 2481 1846 2536 per
1866 2480 2031 2538 ange-

433 2555 541 2621 los,
571 2564 627 2612 et
650 2557 833 2614 Patris
870 2556 938 2615 ad
970 2557 1249 2614 Christum
1284 2559 1449 2621 verba
1478 2568 1532 2615 et
1562 2559 1849 2618 miracula.

505 2759 597 2816 65.
633 2759 740 2817 Sed
785 2763 879 2834 qni
905 2762 1049 2819 lnam
1092 2774 1342 2821 nostrum
1391 2764 1458 2822 de
1487 2764 1731 2822 hominis
1759 2762 2031 2821 dementia

435 2860 722 2921 stuporem
758 2855 1063 2924 superabit,
1086 2856 1180 2926 qui
1216 2854 1415 2928 Moysis
1439 2871 1679 2912 sororem
1706 2856 1834 2911 dicit
1867 2855 2030 2911 Chri-

436 2944 506 3000 sti
542 2944 816 3001 Matrem?
847 2957 902 3003 et
949 2964 1075 3003 cum
1115 2948 1301 3020 Moyse
1332 2949 1682 3005 Christianos
1715 2949 1767 3004 in
1810 2948 2031 3003 deserto

437 3036 653 3094 fuisse?
677 3039 1009 3112 insuperque
1040 3042 1093 3096 in
1130 3040 1445 3097 Salomonis
1490 3043 1716 3112 templo,
1750 3041 2031 3097 Zachariae

433 3138 614 3196 aetate,
635 3126 841 3200 Virgini
868 3132 936 3186 ab
964 3132 1172 3201 angelis
1198 3142 1411 3202 partum
1438 3132 1640 3188 Christi
1676 3132 2034 3203 praedictum?

436 3220 510 3275 ita
540 3229 601 3276 ut
627 3236 695 3277 ex
725 3222 813 3277 his
842 3224 1256 3291 narrationibus
1290 3238 1378 3279 res
1412 3223 1750 3278 contrarium
1783 3223 2030 3279 ordinem

2134 2096 2260 2151 «τοῦ
2299 2095 2394 2155 καὶ
2429 2094 2732 2165 ἀνθρώπων
2754 2094 2847 2147 καὶ
2869 2090 3213 2164 Χριστιανῶν
3238 2091 3333 2148 καὶ
3368 2087 3711 2159 Ἀγαρηνῶν,

2132 2192 2228 2244 καὶ
2263 2190 2461 2261 μηκέτι
2483 2188 2738 2243 κοινωνὸν
2768 2186 3050 2258 ὁμολογεῖν
3073 2185 3171 2256 τῆς
3199 2184 3292 2237 τοῦ
3315 2183 3531 2254 Πατρὸς
3559 2180 3719 2251 δόξης

2131 2282 2224 2338 τὸν
2256 2282 2512 2354 Χριστὸν,
2540 2281 2788 2335 τουτέστι
2822 2281 2957 2351 μήτε
2986 2277 3289 2350 ὀμοούσιον,
3326 2275 3464 2347 μήτε
3496 2274 3719 2343 σύνθρο-

2131 2392 2257 2429 νον·
2295 2376 2345 2429 εί
2384 2376 2443 2429 δὲ
2472 2374 2632 2429 τοῦτο
2677 2373 2881 2443 δοθείη.
2925 2372 3077 2426 οὐδὲν
3116 2370 3315 2426 κωλύει
3370 2369 3720 2441 Χριστιανοίς

2129 2467 2450 2538 ἀγαρίζειν·
2483 2470 2562 2531 είς
2602 2466 2761 2521 τοῦτο
2803 2465 2966 2520 αὐτὸν
3002 2465 3031 2519 ὁ
3073 2465 3173 2535 τῆς
3225 2462 3445 2534 Μαρίας
3490 2462 3722 2528 εὐαγγε-

2132 2562 2325 2632 λισμδς
2352 2560 2506 2633 παρά
2528 2560 2637 2615 τῶν
2670 2558 2940 2629 ἀγγέλων,
2983 2558 3080 2612 καὶ
3108 2558 3164 2611 αἱ
3200 2556 3336 2628 πρὸς
3366 2553 3603 2627 Χριστὸν
3627 2550 3719 2606 τοῦ

2134 2656 2346 2728 Πατρδς
2376 2654 2604 2725 ὁμιλίαι,
2643 2653 2738 2706 καὶ
2767 2651 2839 2705 τὰ
2860 2651 3115 2722 θαύματα
3145 2651 3301 2722 φέρει
3330 2648 3391 2703 τὸ
3412 2647 3564 2711 τέλος

2208 2767 2319 2841 μγῆ
2345 2768 2510 2825 Ποίαν
2530 2768 2587 2822 δὲ
2617 2765 2934 2838 ἐκπλήξεως
2962 2764 3267 2836 ὑπερϐολὴν
3294 2764 3328 2835 ἡ
3359 2762 3454 2816 τοῦ
3485 2759 3719 2833 ματαίου

2130 2862 2322 2917 τούτου
2361 2859 2517 2916 ἄνοια
2540 2860 2601 2915 οὐ
2650 2856 3008 2929 παρατρέχει,
3042 2856 3327 2918 Μωῦσέως
3357 2851 3597 2924 ἀδελφὴν
3625 2851 3722 2920 τὴν

2133 2955 2364 3027 Μητέρα
2403 2951 2642 3026 Χριστοῦ
2691 2950 2983 3013 καλοῦντος
3020 2948 3154 3023 (69),
3200 2948 3297 3001 καὶ
3340 2948 3401 3017 ἐν
3437 2948 3505 3017 τῇ
3530 2944 3723 3015 ἐρήμῳ

2137 3050 2234 3103 σὺν
2262 3049 2469 3119 Μωῦσῇ
2497 3048 2624 3110 τοὺς
2652 3044 3010 3115 Χριστιανοὺς
3041 3038 3183 3097 εἶναι
3206 3084 3219 3108 ,
3247 3041 3343 3095 κα)⁵
3370 3039 3529 3102 αὖθις
3556 3040 3617 3091 ἐν
3646 3035 3722 3106 τῷ

2134 3140 2249 3210 ναῷ
2305 3139 2654 3208 Σολομῶντος
2690 3137 2785 3190 ἐπὶ
2835 3136 3104 3207 Ζαχαρίου
3158 3134 3260 3205 τὴν
3307 3130 3588 3202 Παρθένον
3630 3127 3723 3181 τοῦ

2137 3232 2375 3305 Χριστοῦ
2406 3231 2563 3284 τόκον
2590 3228 3046 3299 εὐαγγελισθῆναι
3080 3227 3209 3297 παρ’
3238 3223 3524 3294 ἀγγέλων;
3556 3220 3635 3284 ὡς
3663 3221 3724 3274 ἐκ

438 3314 641 3371 habere
692 3316 1044 3386 cogitandum
1088 3317 1197 3383 sit;
1245 3316 1597 3373 Salomonem
1653 3317 1838 3389 Moyse
1888 3319 2030 3372 anti-

2138 3326 2329 3381 τούτου
2376 3322 2645 3378 ἀνάπαλιν
2687 3323 2756 3376 τά
2803 3321 3106 3393 πράγματα
3161 3316 3529 3385 ἀκολουθῆσαι
3585 3313 3725 3367 νοεῖν

434 3406 722 3475 quiorem;
748 3406 987 3478 Moysem
1021 3423 1173 3472 vero,
1202 3407 1449 3475 Mariam,
1473 3418 1526 3463 et
1547 3408 1869 3463 Zachariam
1901 3423 2035 3463 con-

436 3499 807 3568 temporales;
840 3508 896 3555 et
926 3510 1050 3571 post
1085 3501 1351 3571 plurimos
1395 3516 1425 3555 a
1460 3501 1644 3571 templi
1674 3500 2036 3555 aedificatione

436 3603 619 3646 annos
649 3589 893 3662 Moysem
942 3591 996 3647 in
1041 3594 1258 3648 deserto
1288 3592 1579 3648 erravisse.
1631 3591 1676 3648 Ο
1731 3593 2035 3647 daemonia-

436 3682 603 3739 ettml
634 3680 680 3737 0
709 3682 968 3738 atheismi
1006 3684 1230 3755 crapula
1263 3684 1516 3739 ebrium!
1549 3682 1594 3739 Ο
1623 3682 1873 3739 infelices
1908 3684 2034 3739 har-

437 3771 625 3837 haros,
664 3773 760 3843 qui
806 3772 1009 3829 librum
1063 3775 1347 3832 mendacia
1381 3775 1509 3830 talia
1543 3774 1911 3832 continentem
1948 3775 2033 3831 di-

434 3864 631 3920 vinum
677 3864 949 3922 credunt!
1000 3864 1343 3938 Interrogent
1389 3867 1600 3922 alienos
1632 3882 1660 3920 a
1711 3874 1898 3923 nostra
1929 3866 2035 3921 [ide

432 3956 717 4024 homines,
749 3957 1154 4024 Samaritanus,
1190 3959 1438 4030 inquam,
1475 3968 1638 4028 atque
1668 3956 1909 4021 Iudaeos.
1952 3959 2035 4013 in-

436 4060 723 4123 terrogent
775 4052 996 4119 Persas,
1037 4052 1377 4123 interrogent
1420 4052 1642 4111 (iuncos
1682 4060 1937 4107 auctores
1978 4062 2033 4106 et

432 4142 755 4211 historicos,
800 4144 854 4200 hi
902 4144 1090 4201 vesani
1142 4153 1197 4200 et
1250 4145 1435 4201 omnis
1495 4145 1680 4216 Iogicm
1730 4143 1928 4214 ignari,
1977 4152 2035 4198 et

439 4235 643 4291 ruentis
679 4237 873 4293 oculos
918 4236 1312 4293 obtenebratos
1359 4249 1643 4308 gerentes;
1672 4248 1835 4309 atque
1866 4238 1933 4293 ab
1966 4238 2034 4293 iis

436 4328 657 4383 discant
697 4328 937 4399 Moysem
969 4330 1266 4386 Salomone
1293 4330 1685 4401 antiquiorem,
1719 4346 1829 4386 non
1856 4342 2035 4401 poste-

437 4421 664 4477 riorem.
695 4420 832 4476 Nam
858 4424 902 4478 si
932 4424 1211 4494 antiquior
1233 4432 1319 4479 est
1343 4423 1641 4480 Salomone
1671 4423 1907 4496 Moyses.
1938 4440 2036 4495 po-

438 4515 640 4571 sterior
686 4524 871 4570 autem
925 4515 1219 4572 Salomone
1247 4516 1527 4583 Christus,
1562 4516 1807 4585 profecto
1859 4517 2034 4588 Moysi

2136 3414 2477 3488 ἀρχεγονὼτε
2485 3432 2578 3486 ρον
2598 3414 2879 3475 Μωῦσέως
2902 3410 3041 3467 εἶναι
3070 3412 3161 3466 τὸν
3186 3408 3533 3480 Σολομῶντα,
3557 3406 3725 3461 Μωῡ-

2139 3508 2233 3563 σέα
2264 3508 2321 3562 δὲ
2357 3507 2454 3563 καὶ
2508 3506 2729 3576 Μαρίαν
2763 3504 2858 3559 καὶ
2897 3502 3175 3575 Ζαχαρίαν
3224 3501 3581 3572 ὁμοχρόνους,
3632 3495 3723 3549 καὶ

2140 3600 2278 3671 μετά
2309 3599 2598 3661 πλείστους
2636 3596 2737 3667 τῆς
2765 3594 3058 3665 οἰκοδομῆς
3086 3592 3181 3647 τοῦ
3228 3592 3358 3647 ναοῦ
3387 3588 3616 3663 χρόνους
3647 3589 3725 3649 εἰς

2137 3693 2343 3764 ἔρημον
2386 3691 2477 3746 τὸν
2503 3690 2745 3746 Μωῦτέα
2786 3689 3113 3743 πλανᾶσθαι.
3149 3688 3212 3740 Ὢ
3246 3684 3357 3740 ἀπὸ
3408 3682 3504 3738 τοῦ
3537 3682 3714 3750 δαιμοο

2136 3784 2356 3847 νιώδους
2394 3786 2406 3838 l
2441 3785 2507 3837 Ὦ
2534 3782 2641 3837 ἀπὸ
2673 3783 2768 3836 τοῦ
2816 3778 3229 3852 μεμεθυσμένου
3277 3775 3356 3849 τῷ
3395 3776 3496 3847 τῆς
3539 3773 3722 3836 ἀθεῖας

2137 3876 2331 3947 κάρῳί
2366 3877 2431 3929 Ὢ
2459 3876 2567 3928 ἀπὸ
2597 3876 2694 3942 τῆς
2733 3873 3053 3944 ἀθλιότητος
3082 3872 3179 3943 τὴν
3221 3870 3373 3924 θείαν
3403 3867 3630 3940 Γραφὴν
3658 3868 3721 3918 τά

2138 3968 2345 4039 πηλίκα
2370 3967 2544 4022 ταῦτα
2564 3966 2735 4037 ψευδῆ
2762 3965 3169 4020 πιστευσάντων
3196 3961 3516 4035 βαρϐάρωνι
3556 3958 3722 4028 Ἐρω-

2136 4060 2385 4114 τάτωσαν
2432 4060 2560 4123 τοὺς
2588 4060 2688 4129 τῆς
2718 4057 2878 4128 ἡμῶν
2927 4057 3167 4121 πίστεως
3199 4055 3405 4120 ξένους,
3449 4048 3720 4123 Σαμαρεῖς

2134 4168 2235 4217 τας
2264 4153 2409 4223 φημὶ
2434 4153 2531 4206 καὶ
2569 4151 2856 4215 Ἰουδαίους
2875 4168 2890 4183 ο
2924 4150 3289 4223 ὲρωτάτωσαν
3320 4147 3560 4218 Πέρσας,
3591 4146 3723 4214 cpu-

2135 4245 2387 4299 τάτωσαν
2446 4248 2785 4315 συγγραφεῖς
2827 4246 2923 4299 καὶ
2968 4243 3419 4315 ἱστοριογράφους
3457 4236 3747 4307 Ἑλλήνων

2134 4336 2186 4389 οι
2216 4336 2459 4407 ἀνόητοι,
2501 4338 2549 4388 οι
2581 4336 2971 4404 ἀδιαλόγιστοι,
3002 4338 3050 4388 οι
3085 4332 3462 4402 ἑσκοτισμένοι
3502 4328 3603 4390 τάς
3628 4327 3722 4396 τῆς

2135 4427 2392 4498 γνώσεως
2440 4430 2681 4499 ὁράσεις,
2729 4428 2824 4481 καὶ
2862 4429 2994 4499 παρ’
3029 4426 3210 4479 αὐτῶν
3265 4422 3596 4496 μαθέτωσαν
3647 4420 3723 4477 ὅτι

2137 4522 2381 4591 Μωῦσῆς
2408 4520 2752 4588 Σολομῶντος
2798 4516 3230 4589 προγενέστερος
3274 4514 3369 4568 καὶ
3397 4514 3458 4566 οὐ
3494 4526 3724 4583 μεταγε-

444 4620 557 4660 non
593 4606 699 4661 fuit
735 4609 1163 4677 contemporaiis
1200 4609 1471 4664 Christus.
1508 4610 1663 4675 Quod
1699 4610 1745 4662 si
1782 4622 2030 4665 conteru-

2137 4610 2426 4679 νέστερος·
2457 4610 2507 4661 εὶ
2550 4610 2609 4662 δὲ
2644 4609 2740 4662 καὶ
2788 4607 3213 4676 προγενέστερος
3250 4604 3350 4675 μὲν
3381 4602 3724 4671 Σολομῶντος

440 4699 646 4767 poralis
669 4700 839 4771 Moysi
873 4716 983 4754 non
1010 4701 1112 4756 fuit
1136 4701 1412 4765 Christus,
1437 4719 1611 4773 neque
1634 4702 1817 4757 Maria:
1832 4701 2030 4773 Moysis

2140 4702 2401 4772 Μωῦσῆς,
2455 4701 2917 4771 μεταγενέστερος
2952 4700 3009 4752 δὲ
3063 4697 3413 4767 Σολομῶντος
3467 4692 3721 4765 Χριστκ1
3766 4750 3775 4759 ο

439 4790 653 4845 sororis
690 4791 859 4856 ﬁlius,
888 4806 1053 4861 quam
1086 4792 1198 4863 jam
1240 4793 1399 4847 fidem
1445 4795 1764 4858 rnerebitur,
1796 4794 1890 4863 qui
1926 4794 2030 4859 tale

2138 4794 2239 4847 οὑκ
2286 4795 2395 4871 ἂρα
2429 4794 2724 4864 ὀμάχρονος
2760 4793 3039 4855 Μωῦσέως
3068 4794 3095 4845 ὁ
3133 4789 3368 4861 Χριστός
3394 4804 3409 4817 θ
3442 4787 3495 4838 εί
3528 4786 3587 4837 δὲ
3630 4782 3723 4863 οῦχ

438 4888 770 4951 tantumque
826 4884 1171 4939 mendacium
1216 4893 1406 4940 contra
1460 4886 1574 4939 veri
1623 4884 1715 4938 Dei
1746 4885 2030 4939 veritatem

2139 4889 2435 4961 ὁμόχρονος
2465 4890 2746 4954 Μωῦσέως
2771 4891 2799 4950 ὁ
2825 4888 3080 4961 Χριστὸς,
3107 4886 3230 4939 οὐδὲ
3260 4885 3361 4952 τῆς
3390 4881 3563 4937 αὐτοῦ
3588 4879 3725 4932 ἀδελ,

440 4976 858 5043 pronuntiavit?
884 4975 1021 5033 Vere
1043 4994 1184 5034 emes
1213 4989 1317 5043 est,
1350 4981 1477 5035 velit
1505 4980 1663 5039 nolit.
1688 4962 2029 5048 improbitas.

2142 4962 2436 5053 φῆςαύτοῦ
2460 4985 2679 5056 Μαρίας
2710 4986 2845 5050 υίὸς,
2872 4984 3017 5046 τίνος
3047 4981 3192 5047 ἄξιος
3219 4980 3374 5033 ἔσται
3396 4981 3425 5031 ὁ
3456 4977 3516 5031 τὸ
3547 4974 3727 5029 τοσοῦ-

437 5086 530 5124 τον
558 5067 755 5138 ψεῦδος
792 5071 934 5124 κατὰ
974 5075 1071 5142 τῆς
1108 5072 1369 5143 ἀληθείας
1408 5073 1501 5127 τοῦ
1544 5074 1714 5136 ὅντως
1744 5072 1879 5125 Θεοῦ
1906 5073 2293 5146 ἐπιφημίζων;
2326 5078 2496 5155 ὅντως
2525 5079 2647 5133 ἐπεὶ
2672 5080 2766 5132 καὶ
2823 5077 3040 5149 ἀληθῶς
3103 5074 3307 5145 τυφλὸν
3369 5074 3405 5146 ἠ
3470 5071 3724 5142 πονηρίαι

442 5163 536 5217 καὶ
566 5162 773 5217 ἑκοῦσα
793 5164 888 5217 καὶ
917 5165 1147 5220 ἄκουσα.

512 5256 601 5313 Η.
634 5257 782 5314 More
811 5274 913 5313 suo
943 5277 1140 5317 rursus
1166 5261 1393 5317 dolosns
1426 5280 1489 5317 ac
1521 5262 1774 5327 mendax,
1803 5263 2031 5333 primam

441 5368 656 5409 sacram
704 5352 878 5408 adem
926 5354 1160 5431 positam
1206 5356 1341 5415 dicit
1375 5356 1691 5415 hominibus
1721 5357 1865 5433 apud
1911 5356 2028 5418 Ma-

2216 5263 2320 5337 μδ’.
2357 5265 2609 5335 Συνήθως
2638 5266 2696 5319 δὲ
2727 5266 2889 5318 πάλιν
2918 5266 2946 5317 ὁ
2977 5262 3151 5321 ὤλιος
3195 5260 3550 5330 ψευδόμενος,
3581 5258 3729 5330 πρῶ·

2140 5375 2231 5416 τον
2262 5355 2411 5419 οἷκον
2458 5359 2603 5431 ίερδν
2629 5354 2903 5415 τεθεῖσθαι
2932 5354 3081 5429 λέγει
3127 5356 3241 5415 τοῖς
3290 5350 3606 5423 ἀνθρώποις
3653 5351 3731 5413 εἰς

514 5575 627 5643 (67)
657 5575 783 5630 Sur.
822 5577 914 5643 Ill,
949 5578 1037 5633 63.

2136 5580 2237 5634 fuit
2285 5579 2424 5648 apud
2467 5576 2722 5632 Hebraeos
2763 5579 2969 5648 Aaron.
3095 5572 3318 5648 quidem
3351 5570 3495 5648 apud
3529 5567 3727 5648 Ducam

517 5648 629 5715 (08)
667 5648 740 5701 Ita
766 5649 994 5705 Graecus
1012 5656 1207 5704 auctor
1239 5646 1559 5716 pronuntiat
1597 5648 2035 5718 interjeetionem

2136 5668 2175 5711 I,
2209 5650 2262 5716 5,
2300 5639 2607 5703 Elisahetha
2637 5657 2755 5703 erat
2788 5650 2853 5701 de
2886 5639 3345 5716 liliahus‘Aaron.
3379 5639 3611 5716 Nonnisi
3642 5642 3729 5710 igi-

441 5713 754 5783 Arahieam,
1239 5713 1251 5716 ⁷
1736 5713 1751 5718 ⁷
2136 5730 2224 5778 tur
2250 5713 2316 5775 ex
2347 5719 2662 5787 conjectura
2708 5717 3037 5787 propriaque
3061 5713 3512 5787 Opinioneaddit
3532 5725 3728 5787 noster

517 5787 629 5857 (69)
666 5787 785 5843 Dixi
808 5788 921 5857 jam
953 5788 1081 5857 (col.
1109 5788 1232 5854 708,
1258 5797 1376 5844 not.
1402 5787 1489 5858 19)
1510 5787 1722 5843 defendi
1745 5788 1813 5841 ab
1832 5788 2037 5857 aliqni-
2134 5790 2351 5851 Nieetas
2392 5782 2648 5859 Moysem,
2687 5782 2739 5844 et
2766 5782 3106 5859 Christianos
3140 5799 3262 5838 eum
3297 5784 3390 5837 illo
3428 5784 3487 5859 in
3513 5782 3727 5859 deserto

445 5852 546 5914 bus
596 5852 699 5913 hoc.
734 5852 853 5915 loco
881 5852 1258 5915 Mohamedem
1283 5878 1298 5924 ;
1326 5875 1437 5913 non
1462 5852 1607 5914 extim
1644 5860 1689 5914 is
1723 5859 1856 5917 dicit
1884 5852 2033 5921 (Sur.
2132 5873 2405 5917 errantes.
2436 5852 2741 5928 Cieteroqui
2774 5867 2881 5912 tam
2912 5855 3414 5928 llerbelotusquam
3453 5852 3726 5928 llelandus

443 5929 588 5996 XIX,
623 5929 717 5999 27)
770 5930 999 5986 Mariam
1032 5945 1277 5985 sororem
1316 5931 1549 5985 Aaronis
1580 5938 1637 5984 et
1679 5930 1904 6000 Moysis.
1938 5932 2035 5986 sed
2135 5933 2283 5991 ultro
2312 5932 2573 5992 fatentur,
2607 5923 2856 6000 crassum
2885 5927 3156 5997 ejusmodi
3189 5940 3437 5984 errorem
3478 5939 3509 5984 a
3541 5923 3725 5983 Moha-

441 5998 1111 6061 Aaronistantummodo.
1146 6000 1317 6055 Porro
1358 6017 1467 6057 non
1520 6017 1661 6057 unus
1704 5998 2037 6058 crcdihiliter
2136 6004 2309 6060 modis
2340 6000 2552 6058 inscitia
2591 6016 2696 6053 non
2729 5998 3045 6054 abhorrere.
