3994 6674
397 477 509 546 731
1514 513 1516 516 -
1611 471 1908 536 NICET/E
1963 473 1998 534 Ε

2105 475 2375 540 ANTINI
2491 501 2494 506 ·
3561 459 3678 543 732

410 589 784 662 dignoscitur;
810 589 969 646 bruta
1019 587 1200 652 ﬁatis;
1231 595 1498 643 excacate
1551 585 1750 640 mentis
1791 595 1985 640 vestra)

2104 587 2274 640 εἰκόνα
2320 587 2455 642 Θεοῦ
2502 587 2683 659 ἔχετε·
2716 588 2888 658 ἄλογα
2927 588 3164 657 γίνεσθε,
3218 588 3509 658 πηρώσατε
3543 590 3672 654 τοὺς

410 682 622 747 oculos,
657 696 850 751 uaeque
893 680 1019 737 caeci
1047 680 1364 744 sectamini;
1404 677 1579 733 nolite
1601 677 1668 732 de
1711 677 1840 732 boni
1869 691 1990 732 ma-

395 775 560 844 .lique
587 774 905 830 discrimine
927 774 1195 829 laborare.
1224 772 1434 841 Quippe
1453 771 1676 825 omnino
1705 771 1819 841 ipse
1844 770 1990 826 sciev

397 868 507 922 .bat
559 868 714 922 nihili
762 882 883 923 esse
942 865 1254 935 peudcndas
1306 879 1478 933 nugas
1530 880 1680 928 suas,
1728 880 1908 934 neque
1959 879 1991 918 a

415 957 752 1012 dementium
804 957 980 1011 sibilis
1010 956 1342 1023 discrepare,
1377 955 1422 1009 si
1458 964 1603 1009 certe
1631 969 1755 1009 eum
1804 953 1991 1008 divina

415 1027 769 1106 conferantur
816 1047 1115 1118 Scriptura,
1159 1047 1240 1101 vel
1285 1048 1448 1102 etiam
1485 1047 1726 1101 humano
1777 1045 1994 1117 ingenio

409 1141 815 1204 examinentur.

485 1317 578 1373 66.
621 1316 777 1384 Quod
805 1329 986 1376 autem
1021 1320 1074 1374 in
1106 1321 1280 1391 prima
1307 1338 1524 1394 quoque
1559 1324 1742 1380 falmla
1784 1326 1992 1382 dictum

415 1405 538 1473 fuit,
565 1424 756 1479 nempe
809 1425 1028 1466 causam
1064 1414 1415 1481 pereuntibus
1467 1431 1590 1469 esse
1619 1415 1848 1486 hujusce
1900 1418 1997 1473 ho-

397 1503 582 1573 .minis
603 1504 794 1570 Deum,
823 1522 965 1562 nunc
991 1523 1210 1579 quoque
1242 1509 1371 1564 dicit
1402 1528 1414 1564 :
1441 1530 1458 1561 ι
1490 1509 1660 1567 Vultis
1688 1513 1876 1584 utique
1894 1515 1996 1569 duo

419 1612 514 1652 ccs
539 1598 638 1653 via:
693 1598 807 1653 lieri
840 1600 1069 1664 homini,
1091 1617 1252 1671 quem
1277 1602 1420 1660 Deus
1441 1603 1566 1659 fecit
1598 1621 1800 1661 errare.
1831 1609 1993 1678 Atqui

417 1689 466 1743 ei
490 1706 652 1760 quem
687 1691 829 1748 Deus
867 1694 993 1749 fecit
1041 1711 1244 1761 errare,
1286 1713 1627 1769 nequaquam
1687 1699 1996 1756 invenietur

419 1787 528 1840 via.
562 1805 580 1838 ι
613 1784 848 1842 Ducebat
878 1803 1009 1844 sane
1035 1790 1158 1844 talis
1189 1790 1280 1845 Dei
1311 1791 1470 1847 talem
1504 1807 1626 1848 esse
1655 1797 1991 1863 praeconem!

420 1875 577 1943 Quod
605 1878 652 1932 si
684 1889 872 1933 nostro
904 1879 1140 1934 sermoni
1177 1883 1419 1936 abnuant
1461 1882 1513 1936 bi
1558 1884 1651 1952 qui
1685 1884 1860 1940 dolosi
1889 1886 1994 1941 bu-

2089 682 2190 748 τῆς
2217 680 2458 744 διανοίας
2491 679 2645 749 ὑμῶν
2691 680 3028 751 ὀφθαλμοὺς,
3060 682 3154 734 καὶ
3196 681 3388 748 τυφλοί
3420 697 3511 750 μοι
3540 681 3675 733 ἀκο-

2093 767 2336 823 λουθεῖτε
2359 786 2373 800 ·
2411 768 2485 839 μὴ
2517 769 2859 841 ἐξασκήσητε
2890 771 2988 840 τὴν
3019 769 3118 822 τοῦ
3162 768 3332 821 καλοῦ
3371 769 3466 822 καὶ
3494 767 3673 822 κακοῦ

2091 863 2364 934 διάκρισιν
2390 864 2548 933 ’ᾔδει
2602 863 2728 934 γὰρ,
2761 865 2876 936 ᾔδει
2917 864 2992 928 ὼς
3034 862 3245 924 οὐδενὸς
3292 861 3574 929 ἀξιολόγου
3605 862 3675 915 τά

2093 958 2225 1028 παρ’
2245 957 2410 1011 αὐτοῦ
2428 958 2492 1024 λη
2501 957 2740 1030 ρούμενα
2767 957 3047 1027 τυγχάνει,
3078 959 3172 1010 καὶ
3190 956 3298 1010 τῶν
3331 956 3678 1026 μαινομένων

2094 1051 2175 1114 είς
2213 1050 2378 1120 μηδὲν
2407 1050 2794 1104 διαλλάττοντα
2821 1049 3240 1119 ποππυσμάτων
3267 1046 3408 1120 [(οά.
3448 1045 3677 1118 regam],
3711 1091 3728 1097 -

2094 1145 2144 1197 εί
2175 1147 2243 1214 τῇ
2275 1143 2393 1215 θείᾳ
2424 1143 2785 1213 παρατεθεῖεν
2815 1144 3028 1215 Γραφῇ.
3065 1142 3097 1213 ἢ
3134 1143 3229 1196 καὶ
3262 1141 3438 1205 ἄλλως
3463 1139 3678 1212 ἀνθρω-

2096 1235 2226 1305 πίνη
2259 1235 2472 1288 συνέσει
2503 1234 2862 1298 ὲξετάζοιντο,

2169 1326 2287 1398 μετ’.
2319 1329 2496 1398 Ὅπερ
2544 1328 2602 1381 δὲ
2641 1329 2744 1383 κὰν
2777 1327 2857 1398 τῷ
2890 1325 3092 1399 πρώτῳ
3125 1325 3280 1398 μύθῳ
3318 1326 3538 1394 ἐλέγετο
3598 1325 3680 1378 δτι

2095 1425 2266 1485 αἴτιος
2289 1422 2397 1476 τῶν
2431 1421 2817 1492 ἀπολλυμένων
2841 1423 2869 1474 6
2905 1421 3096 1474 τούτου
3127 1403 3281 1484 Θεὸς,
3314 1419 3407 1472 καὶ
3444 1417 3542 1470 νῦν
3579 1434 3682 1486 φη-

2097 1532 2182 1568 σιν
2208 1513 2352 1586 (75)·
2403 1532 2422 1566 ι
2473 1513 2667 1566 Θέλετε
2709 1513 2815 1582 ἄρα
2857 1513 3120 1582 ὁδηγῆσαι
3179 1512 3271 1565 τὸν
3319 1509 3628 1578 ἐπλάνησεν
3656 1509 3684 1560 6

2097 1607 2230 1670 Θεός
2255 1623 2267 1636 ·
2308 1607 2400 1660 καὶ
2449 1607 2540 1660 τὸν
2587 1605 2764 1677 πλανᾷ
2789 1607 2819 1659 6
2845 1604 3000 1669 Θεὸς,
3058 1605 3121 1658 οὐ
3160 1604 3234 1674 μὴ
3292 1603 3492 1674 εὑρεθῇ
3531 1600 3684 1670 αὐτῷ

2098 1702 2238 1765 ὁδός.
2278 1720 2298 1753 ι
2328 1700 2475 1753 Ἔδει
2500 1699 2628 1771 γάρ,
2669 1699 2746 1764 ὡς
2776 1699 2942 1762 εἰκὸς,
2973 1697 3216 1751 τοιούτου
3250 1695 3385 1749 Θεοῦ
3436 1692 3686 1747 τοιοῦτον
3731 1757 3736 1760 _

2099 1792 2239 1851 εἶναι
2265 1797 2359 1851 τὸν
2404 1798 2652 1868 κήρυκα·
2684 1797 2734 1849 εί
2781 1796 2838 1849 δὲ
2886 1794 3267 1849 ἁπαναίνοιντο
3298 1793 3364 1871 ὀί
3391 1795 3457 1863 τῇ
3489 1789 3685 1844 τούτου

2103 1888 2478 1960 ζωγρηθέντες
2505 1889 2687 1961 ἀπάτῃ
2713 1888 2847 1960 πρὸς
2871 1887 2962 1942 τὸν
2987 1887 3254 1958 ἡμέτερον
3285 1887 3464 1954 λόγον,
3502 1885 3685 1955 ἠπίως

415 1971 509 2038 jus
534 1971 712 2040 praeda
747 1981 897 2038 sunt,
941 1974 1021 2026 sic
1075 1988 1167 2028 eos
1211 1974 1506 2029 clementer
1555 1977 1758 2047 alloqui
1814 1979 1940 2034 licet
1983 1998 1998 2034 :

2104 1949 2288 2052 ίράνάί
2323 1981 2436 2035 ἐστι
2459 1949 2606 2052 πρὸς
2638 1949 2856 2043 άὸτοῦς,
2889 1980 2967 2043 ὡς
3008 1949 3071 2032 ἐξ
3119 1949 3218 2051 μὲν
3244 1949 3457 2032 πλάνον*
3492 1949 3684 2046 λέγετε

425 2063 537 2118 Vos
562 2065 719 2134 quasi
753 2065 1098 2134 deceptorem
1124 2066 1306 2122 dicitis
1337 2066 1506 2122 Deum
1548 2087 1562 2122 :
1596 2071 1746 2140 atqui
1779 2073 2000 2127 univer-

423 2155 724 2212 salisDcus
751 2158 1009 2227 deceptor
1037 2175 1143 2212 non
1183 2170 1266 2214 est
1300 2176 1316 2214 :
1361 2158 1502 2215 Deus
1550 2163 1697 2216 enim
1755 2165 2000 2219 veritatis

419 2259 474 2302 et
504 2259 610 2313 est,
640 2259 693 2304 et
719 2252 790 2303 ita
815 2266 844 2304 a
878 2252 1062 2306 divina
1098 2253 1380 2322 Scriptura
1417 2255 1740 2324 appellatur.
1774 2256 2000 2312 Menda-

418 2341 563 2398 cium
624 2352 806 2397 autem
856 2352 940 2397 est
1003 2343 1251 2414 deceptio
1300 2363 1315 2400 :
1369 2356 1482 2401 tum
1532 2350 1750 2404 mentiri
1807 2365 1873 2405 ne
1926 2352 1998 2422 pii

421 2434 645 2503 quidem
704 2434 946 2490 hominis
995 2445 1098 2502 est,
1166 2438 1366 2493 nedum
1423 2439 1544 2510 ejus
1589 2444 1681 2512 qui
1723 2443 1997 2500 hominem

421 2525 706 2581 scientiam
747 2527 926 2582 docet.
969 2526 1123 2594 Quod
1153 2531 1198 2584 si
1229 2530 1358 2600 quia
1413 2546 1597 2588 vester
1653 2536 1864 2607 legatus
1901 2539 2000 2594 de-

421 2627 694 2687 ceptorem
723 2620 854 2675 dicit
903 2619 1094 2683 Deum,
1147 2622 1286 2676 idetn
1333 2623 1435 2680 hoc
1471 2627 1626 2682 vobis
1659 2644 1878 2700 quoque
1916 2633 1999 2686 vi-

2098 2073 2254 2136 Θεὸν,
2308 2075 2336 2126 6
2391 2073 2498 2126 τῶν
2531 2073 2670 2126 ὅλων
2728 2073 2860 2136 Θεὸς
2908 2071 3106 2136 πλάνος
3169 2073 3270 2124 οὐκ
3321 2071 3488 2124 ἔστιν.
3551 2068 3686 2128 Θεὸς

2101 2166 2209 2234 γὰρ
2272 2165 2374 2236 τῆς
2432 2165 2696 2236 ἀληθείας
2747 2164 2840 2218 καὶ
2895 2164 3044 2218 ἔστιν
3099 2164 3193 2217 καὶ
3246 2163 3396 2233 παρὰ
3443 2163 3511 2233 τῇ
3563 2159 3688 2232 θείᾳ

2101 2259 2291 2329 Γραφῇ
2342 2258 2702 2327 ὀνομάζεται·
2765 2256 2958 2328 ψεῦδος
3007 2256 3114 2327 γάρ
3159 2256 3307 2309 ἔστιν
3361 2256 3394 2326 ἡ
3451 2252 3684 2322 ἀπάτη·

2099 2347 2390 2418 ψεύδεσθαι
2439 2349 2496 2401 δὲ
2574 2349 2695 2402 οὐδὲ
2754 2348 3012 2411 εὐλαϐοῦς
3073 2347 3364 2420 ἀνθρώπου
3393 2386 3408 2409 ,
3484 2347 3684 2417 μήτιγε

2099 2439 2194 2494 τοῦ
2243 2440 2583 2504 διδάσκοντος
2638 2440 2924 2512 ἄνθρωπον
2971 2441 3206 2511 γνῶσιν·
3275 2442 3324 2493 εί
3377 2437 3435 2492 δὲ
3508 2438 3601 2492 διὰ
3630 2438 3688 2491 τὸ

2103 2533 2267 2601 φάναι
2291 2533 2382 2586 τὸν
2407 2533 2673 2604 ὑμέτερον
2700 2532 2996 2589 ἀπόστολον
3017 2531 3214 2586 πλάνον
3237 2531 3330 2585 τὸν
3351 2530 3506 2595 Θεὸν,
3529 2529 3690 2584 τοῦτο

2101 2625 2197 2676 καὶ
2235 2623 2366 2692 ὑμῖν
2397 2623 2561 2686 δοκεῖ,
2586 2623 2803 2694 άληθῶς
2851 2623 2941 2677 τὸν
2971 2621 3137 2676 αὑτοῦ
3181 2623 3274 2677 καὶ
3306 2624 3471 2694 ἡμεῖς
3506 2637 3686 2692 φαμεν

422 2708 613 2774 detur;
646 2725 770 2764 vere
798 2721 847 2765 et
901 2727 1004 2767 nos
1047 2711 1284 2770 dicimus
1331 2715 1477 2773 illius
1518 2731 1639 2773 esse
1673 2718 1866 2785 Deum,
1906 2725 1998 2791 qui

2104 2715 2194 2768 τὸν
2226 2714 2296 2768 τά
2347 2713 2571 2768 τοιαῦτα
2604 2716 2838 2785 γράφειν
2868 2715 3030 2768 αὐτὸν
3075 2714 3484 2783 προστάσσοντα
3506 2730 3522 2744 ·
3554 2715 3602 2765 εί
3633 2711 3688 2764 δὲ

421 2801 672 2856 eumdem
705 2803 832 2858 talia
863 2804 1304 2872 seriberejussit.
1335 2807 1490 2874 Quod
1517 2811 1561 2864 si
1590 2815 1998 2872 excandescunt

2104 2802 2186 2857 ἔτι
2214 2801 2520 2855 ὲκκαίοιντο
2544 2802 2702 2873 ἡμῶν
2731 2802 2998 2871 λεγόντων
3031 2802 3220 2871 ἕτερον
3245 2798 3482 2873 εἶναιτῷ
3517 2801 3688 2856 Muti-

422 2893 733 2951 dicentibus
762 2896 920 2951 nobis
948 2937 964 2962 ,
991 2898 1268 2959 diversum
1307 2918 1428 2958 esse
1457 2903 1791 2963 Mobamedis
1830 2908 1998 2965 Deum

2107 2910 2209 2964 μετ
2261 2892 2412 2962 παρὰ
2447 2895 2540 2947 τὸν
2569 2893 2742 2956 ὅντως
2772 2894 2901 2948 ὂντα
2929 2893 3082 2960 Θεὸν,
3117 2893 3179 2948 οὗ
3223 2893 3378 2966 παρὰ
3399 2894 3499 2961 τὴν
3528 2892 3688 2964 ἡμῶν

421 3001 450 3037 a
481 3001 610 3041 vero
637 2985 788 3055 Deo;
843 2991 949 3043 hoc
1012 2990 1155 3046 haud
1213 3003 1403 3050 nostro
1457 2997 1874 3064 pradicamcnto
1920 3001 1998 3069 tit,

2104 2986 2443 3057 κατηγορίαν
2471 2986 2672 3056 φαμὲν,
2708 2986 2846 3042 ἀλλὰ
2880 2987 3029 3056 παρὰ
3057 2986 3158 3057 τὴν
3195 2986 3362 3041 αὐτοῦ
3396 2985 3689 3078 ὁμολογίαν

419 3077 513 3132 sed
537 3093 601 3133 ex
633 3077 877 3147 ejusdem
914 3082 1259 3140 confessione
1295 3088 1602 3144 coniicitur.
1648 3089 1998 3162 Deeeptorem

2104 3079 2261 3133 τοῦτο
2281 3080 2583 3134 δείκνυται·
2619 3079 2820 3133 πλάνον
2839 3078 2945 3149 γάρ
2972 3079 3054 3133 δεῖ
3081 3075 3217 3133 εἶναι
3240 3081 3331 3133 τὸν
3355 3075 3689 3149 κακουργεῖν

401 3171 564 3225 .cnim
610 3187 735 3227 esse
790 3185 1008 3245 oportet
1063 3177 1212 3232 illum
1262 3181 1355 3250 qui
1413 3183 1553 3238 male
1602 3183 1784 3241 facere
1821 3188 1998 3258 palam

2105 3173 2187 3234 είς
2214 3169 2274 3223 τὸ
2303 3170 2576 3242 προφανὲς
2617 3169 2691 3239 μὴ
2723 3169 2974 3240 ἰσχύοντα
2995 3210 3010 3234 ,
3045 3171 3078 3242 ἢ
3107 3171 3202 3224 καὶ
3255 3169 3429 3233 ἄλλως
3477 3169 3688 3240 ἀμύνα-

420 3264 644 3334 nequit;
676 3265 758 3320 vel
787 3267 952 3321 etiam
1000 3271 1196 3338 punire
1236 3288 1377 3343 quos
1413 3276 1592 3339 vellet,
1632 3277 1848 3347 publice
1890 3296 1997 3336 non

2108 3262 2231 3316 σθαι
2257 3261 2352 3325 οὓς
2377 3261 2625 3331 βούλεται
2657 3264 2733 3326 είς
2750 3261 2823 3315 ’τὸ
2848 3261 3077 3331 φανερὸν
3103 3262 3162 3314 οὖ
3189 3261 3484 3330 δυνάμενον
3502 3276 3520 3290 ·
3553 3262 3689 3331 ὅπερ

421 3358 616 3412 valet:
671 3374 907 3430 quorum
958 3373 1210 3419 neutrttm
1250 3367 1304 3420 in
1362 3369 1545 3424 Deum,
1585 3386 1775 3427 verum
1833 3375 2000 3430 cadit.

422 3448 789 3513 Quamobrem
844 3461 994 3508 recte
1043 3455 1281 3512 dicimus
1329 3459 1604 3516 diversum
1664 3478 1787 3520 esse
1833 3465 2002 3520 Deum

421 3535 756 3592 Mobamedis
836 3554 868 3592 a
952 3555 1079 3594 vero
1157 3541 1284 3598 Deo.
1335 3543 1402 3600 Et
1468 3559 1614 3604 certe
1660 3551 2002 3622 deceptoretn

421 3639 567 3688 esse,
616 3635 835 3682 constat
876 3643 942 3681 ex
1001 3630 1258 3687 omnibus
1320 3633 1654 3707 Mohamedis
1705 3641 2005 3715 scrjptiun-

401 3717 563 3772 .culis
595 3734 609 3772 :
644 3717 978 3790 iusuperque
1034 3737 1101 3778 ex
1159 3723 1260 3780 bae
1309 3728 1615 3784 vehementi
1647 3733 2003 3790 accusatione

424 3806 540 3862 Dei.
574 3805 708 3862 Nam
742 3811 786 3866 si
827 3826 857 3865 a
879 3811 994 3868 Deo
1028 3813 1168 3869 hanc
1194 3815 1444 3873 dicamus
1475 3820 1772 3890 profectam
1791 3838 2002 3888 vocem,

425 3907 598 3952 semet
647 3910 868 3955 accusat
911 3900 1053 3959 Dens
1107 3903 1472 3976 dcccptorem.
1507 3909 1716 3976 Quodsi
1758 3914 1860 3969 hoc
1889 3915 2003 3971 ﬁeri

424 3991 632 4059 nequit,
663 4007 784 4047 vere
805 4002 986 4049 autem
1011 3995 1157 4067 loqui
1193 4009 1404 4068 oportet
1433 4001 1666 4073 legatum
1690 4020 1704 4070 ;
1730 4017 2000 4075 superest,

424 4089 486 4136 ut
524 4081 628 4138 hoc
661 4099 850 4156 reapse
877 4086 1099 4143 effatum
1128 4090 1198 4145 sit
1227 4091 1319 4146 Dei
1357 4091 1716 4150 Multamcdis.
1755 4096 1848 4152 Est
1871 4114 2002 4170 ergo

417 4173 675 4244 deceptor
729 4176 869 4232 Deus
908 4177 1266 4236 Mobsmedis.
1326 4181 1482 4250 Quod
1537 4184 1582 4238 si
1639 4183 1783 4241 Deus
1830 4188 2003 4258 ipsius

399 4280 527 4319 .non
555 4274 637 4321 est
672 4267 929 4339 deceptor
952 4311 968 4338 ,
1007 4273 1268 4328 mentitur
1315 4287 1463 4331 certe
1494 4275 1872 4345 Mobamedcs,
1908 4281 2001 4351 qui

404 4359 760 4428 deceptorem
795 4363 926 4420 dicit
975 4363 1148 4421 Deum
1208 4383 1393 4423 suum.
1444 4368 1610 4440 Atqui
1647 4369 1843 4427 falsum
1877 4389 2003 4443 pro-

397 4449 638 4515 phetam
705 4460 761 4504 et
806 4451 1082 4522 legatum,
1135 4471 1235 4512 ceu
1289 4458 1638 4530 dereptorem
1694 4463 2003 4520 interﬁcere

421 4552 633 4610 oportet
681 4557 1041 4615 praesentem,
1096 4552 1435 4607 anathemati
1495 4564 1678 4610 autem
1730 4558 2002 4627 subjicere

2095 3353 2198 3408 ,ἐπὶ
2226 3351 2319 3420 τοῦ
2349 3351 2519 3415 ὅντως
2570 3351 2706 3406 Θεοῦ
2741 3350 2927 3422 χώραν
2954 3353 3052 3406 οὐκ
3105 3351 3250 3422 ἔχει·
3307 3351 3450 3405 ὥστε
3507 3351 3690 3414 καλῶς

2103 3444 2358 3514 λέγομεν,
2416 3445 2500 3498 ὅτι
2549 3444 2736 3516 ἕτερος
2782 3444 2965 3508 Θεὸςό
2996 3443 3090 3498 τοῦ
3145 3444 3389 3514 Μωάμετ
3421 3444 3574 3514 παρὰ
3601 3443 3689 3496 τὸν

2104 3537 2282 3606 άληθῆ
2328 3535 2482 3595 Θεὸν,
2515 3535 2702 3607 ἐπειδὴ
2749 3537 2845 3589 καὶ
2876 3535 3075 3599 πλάνος
3116 3537 3282 3598 ἐστὶν,
3319 3536 3413 3589 καὶ
3445 3535 3605 3604 δῆλον
3629 3535 3690 3588 ἐκ

2105 3631 2324 3685 πάντων
2357 3631 2467 3684 τῶν
2500 3630 2632 3702 παρ’
2682 3630 2847 3686 αὐτοῦ
2908 3629 3423 3702 σκιογράφηθὲντων
3445 3638 3459 3656 ·
3515 3627 3598 3681 ἔτι
3626 3643 3688 3694 γε

2109 3721 2215 3793 μὴν
2245 3721 2338 3777 καὶ
2366 3723 2430 3776 ἐκ
2444 3721 2543 3792 τῆς
2569 3721 2806 3792 σφοδρᾶς
2824 3721 3026 3790 ταύτης
3050 3720 3386 3790 κατηγορίας
3412 3719 3507 3773 τοῦ
3530 3718 3685 3773 Θεοῦ.

2105 3813 2170 3868 Et
2201 3815 2311 3885 γὰρ
2351 3813 2502 3884 παρὰ
2525 3811 2661 3866 Θεοῦ
2692 3812 2898 3882 ταύτην
2943 3812 3134 3882 φῶμεν
3166 3810 3418 3881 εἰρῆσθαι
3447 3810 3547 3881 τὴν
3582 3825 3690 3876 (ξω-

2098 3903 2224 3978 νὴν,
2262 3905 2467 3966 ,ἑαυτοῦ
2496 3906 2912 3976 καταμαρτυρεῖ
2939 3904 2967 3956 ὁ
3005 3902 3137 3964 Θεὸς
3164 3902 3247 3956 ὅτι
3285 3900 3486 3964 πλάνος
3521 3901 3686 3952 ἐστίν·

2105 4001 2154 4053 εί
2175 4001 2233 4054 δὲ
2259 3998 2416 4054 τοῦτο
2435 3998 2696 4053 ἀδύνατόν
2718 3999 2888 4057 ἐστιν,
2913 3994 3202 4068 ἀληθεύειν
3230 3995 3285 4048 δὲ
3309 3994 3392 4047 δεῖ
3417 3994 3510 4047 τὸν
3531 3992 3690 4046 Ἀπό-

2106 4091 2314 4154 στολον,
2345 4091 2586 4145 λείπεται
2639 4085 2778 4146 εἶναι
2805 4090 2987 4161 φωνὴν
3008 4089 3105 4141 τοῦ
3137 4089 3272 4142 Θεοῦ
3300 4087 3393 4140 τοῦ
3424 4087 3686 4154 Μωάμετ.

2103 4182 2245 4236 ὥστε
2279 4183 2480 4246 πλάνος
2509 4181 2657 4235 ἐστὶν
2683 4183 2712 4236 6
2734 4180 2866 4244 Θεὸς
2887 4179 2981 4234 τοῦ
3010 4179 3256 4250 Μωάμττ
3283 4195 3295 4209 ·
3330 4179 3376 4230 εί
3405 4178 3461 4230 δὲ
3491 4177 3688 4238 πλάνος

2104 4273 2271 4328 αὑτοῦ
2294 4274 2394 4327 οὐκ
2422 4272 2570 4326 ἐστιν
2593 4273 2621 4326 6
2656 4271 2810 4337 Θεὸς,
2841 4270 3097 4340 ψεύδεται
3126 4270 3235 4340 ἄρα
3263 4269 3534 4338 Μωάμετ,
3560 4266 3690 4320 πλάο

2103 4383 2194 4419 νον
2226 4361 2367 4420 εἶναι
2397 4364 2573 4433 λέγων
2597 4363 2690 4417 τὸν
2715 4363 2851 4416 Θεὸν
2884 4362 3049 4415 αὐτοῦ
3071 4375 3085 4390 ·
3115 4359 3446 4430 ψευδὲμενον
3475 4359 3532 4413 δὲ
3563 4375 3688 4428 προ-

2105 4458 2286 4528 φήτην
2311 4457 2406 4510 καὶ
2437 4457 2758 4519 ἀποστολον,
2781 4453 2855 4517 ὡς
2886 4453 3085 4507 πλάνον
3116 4453 3196 4505 δεῖ
3214 4451 3312 4521 μὲν
3343 4450 3686 4521 ἀναιρεῖσθαι

2105 4549 2390 4621 παρόντα,
2445 4548 2654 4603 ἀπόντα
2701 4547 2756 4600 δὲ
2812 4543 3496 4617 καταμαιθεματίζεσθαι·
3551 4541 3686 4596 ὥστε

420 4635 702 4691 absentem
744 4656 759 4692 :
806 4640 1049 4711 adeoque
1093 4642 1138 4697 si
1189 4659 1352 4700 verax
1399 4654 1485 4701 est
1537 4646 1906 4717 blobamedes,
1942 4650 1998 4707 tit

2107 4641 2201 4696 καὶ
2233 4639 2516 4712 ἀληθεύων
2544 4639 2813 4712 Μωάμετ,
2845 4638 3028 4702 ἄθεος·
3060 4638 3154 4692 καὶ
3181 4635 3533 4707 ψευδόμενος,
3553 4634 3686 4688 ἀπο-

405 4729 619 4784 -albeus
648 4746 664 4784 :
701 4733 746 4786 si
778 4733 1061 4800 mentitur,
1089 4738 1461 4795 exsecrandus
1485 4746 1589 4794 est.

485 4823 579 4876 4⁸1.
622 4821 741 4878 Mox
783 4828 1159 4897 progrediens,
1209 4831 1443 4902 ineptias
1489 4833 1756 4902 quasdam
1786 4843 1841 4890 et
1886 4835 2003 4890 bat-

418 4916 667 4988 tologias,
691 4920 986 4988 quominus
1017 4924 1065 4977 ei
1101 4923 1473 4992 discredatur,
1513 4927 1725 4991 reciuit,
1769 4938 2004 4983 metum-

398 5027 522 5079 .—que
567 5012 743 5080 injicit
793 5014 1004 5070 miseris
1061 5017 1347 5080 barbaris,
1399 5020 1444 5073 si
1507 5017 1644 5074 forte
1689 5020 1856 5075 velint
1895 5021 2000 5076 sibi

415 5105 781 5174 comprobari,
817 5109 959 5176 quod
991 5107 1106 5163 hate
1158 5110 1228 5162 ab
1256 5124 1350 5162 ore
1381 5109 1472 5163 Dei
1507 5111 1780 5178 loquatur.
1813 5109 2003 5167 Sciens

405 5200 584 5261 enim,
612 5214 671 5254 se
703 5199 917 5254 dicente
948 5219 961 5254 :
1002 5200 1128 5257 Ηιιιο
1154 5219 1182 5256 a
1222 5203 1328 5256 Deo
1367 5203 1574 5272 accepi,
1613 5203 1728 5256 lore
1765 5203 1999 5272 aliquem

417 5307 643 5360 prorsus
681 5293 1020 5349 dubitantem
1044 5333 1060 5358 ,
1085 5305 1138 5350 et
1170 5294 1476 5349 absolutam
1515 5295 1589 5348 rei
1624 5295 1998 5365 probationem

416 5385 781 5452 postulantem
808 5387 1188 5456 dicentemque
1220 5405 1233 5441 :
1270 5387 1327 5440 Si
1360 5388 1477 5443 bare
1509 5404 1694 5443 revera
1719 5405 1746 5442 a
1779 5389 1887 5444 Deo
1910 5405 1999 5447 ac-

415 5477 626 5546 cepisti,
657 5479 859 5550 tibique
898 5480 1186 5535 familiaris
1235 5477 1379 5535 Deus
1399 5491 1500 5547 est,
1546 5488 1699 5552 potes
1733 5483 1892 5539 tacile
1917 5484 1999 5539 vel

416 5572 574 5627 nobis
632 5574 1009 5641 spectantibus
1064 5573 1254 5627 eadem
1304 5573 1370 5626 ab
1423 5589 1488 5627 co
1521 5574 1799 5644 postulare
1838 5585 2000 5645 atque

414 5667 703 5735 accipere;
735 5667 851 5736 ipse
883 5675 1143 5736 tanquam
1194 5679 1223 5718 a
1263 5663 1508 5736 Pythone
1549 5667 1848 5736 inspiratus
1875 5667 1950 5720 ait
1982 5685 1996 5722 :

421 5775 440 5810 ι
488 5758 686 5816 l’ctuut
716 5780 746 5817 a
779 5773 830 5817 te
865 5759 1248 5832 scr'pturalcs,
1281 5769 1337 5814 ut
1365 5761 1690 5818 descendere
1720 5777 1883 5833 super
1909 5777 2001 5818 eos

489 5940 603 6008 (ιδ)
633 5939 758 5997 Sut'.
789 5916 879 6007 iv,
922 5943 1014 6000 37.

2104 4732 2390 4805 τρόπαιος.

2185 4838 2294 4910 με’.
2326 4837 2609 4910 Προελθὼν
2666 4838 2722 4891 δὲ
2780 4837 2974 4899 ὕθλους
3001 4834 3155 4898 τινάς
3187 4834 3283 4887 καῖ.
3339 4829 3686 4903 βαττολογίας

2106 4933 2270 4986 πάλιν
2297 4932 2435 5004 ὑπὲρ
2467 4930 2561 4984 τοῦ
2597 4931 2671 5002 μὴ
2704 4928 3130 4998 διαπιστηθῆναι
3165 4923 3524 4995 διαλαμσάνεε
3545 4941 3559 4954 ·
3597 4920 3686 4977 καὶ

2109 5023 2275 5092 φόϐον
2301 5021 2714 5076 ὲπανατείνεται
2742 5023 2856 5083 τοῖς
2877 5017 3248 5087 ταλαιπώροις
3282 5016 3602 5087 βαρϐάροις,
3638 5013 3684 5066 εί

2108 5114 2421 5185 πειραθεῖεν
2449 5111 2826 5185 πληροφορίας
2857 5112 3042 5180 τυχεῖν
3064 5110 3138 5169 ὡς
3162 5107 3332 5161 ταῦτα
3372 5107 3526 5180 παρὰ
3554 5103 3682 5159 Θεοῦ

2105 5207 2362 5279 ἐλαλήθη.
2396 5207 2568 5269 Εἰδὼς
2612 5206 2724 5276 γὰρ
2757 5204 2838 5258 δτι
2886 5202 3051 5255 αὐτοῦ
3091 5200 3358 5268 λεγοντος,
3411 5198 3598 5251 Ταῦτα
3625 5197 3682 5247 ἐκ

2105 5299 2240 5354 Θεοῦ
2269 5297 2558 5369 ἐδεξάμην,
2591 5297 2740 5350 ἔσται
2767 5311 2852 5357 τις
2881 5292 3097 5356 πάντως
3132 5290 3566 5361 διαμφιὸάλλων,
3597 5285 3683 5341 καὶ

2105 5392 2245 5460 πρὸς
2277 5391 2489 5446 τελείαν
2533 5389 2799 5452 πίστωσιν
2827 5384 3207 5454 ἐξαιτούμενος
3240 5382 3334 5436 καὶ
3378 5381 3576 5451 λέγων,
3607 5379 3682 5431 ὅτι

2106 5483 2218 5557 [Et]
2241 5482 2454 5555 άληθῶς
2490 5480 2660 5536 ταῦτα
2710 5480 2774 5531 ὲκ
2817 5476 2950 5530 Θεοῦ
2998 5476 3182 5540 ἐδέξω,
3219 5472 3314 5527 καὶ
3345 5472 3500 5542 φίλος
3544 5467 3682 5524 σουό

2107 5577 2263 5644 Θεὸς,
2295 5575 2519 5630 δύναται
2546 5573 2764 5635 πάντως
2794 5569 2890 5624 καὶ
2921 5567 3080 5639 ἡμῶν
3125 5566 3435 5636 βλεπόντων
3459 5565 3680 5633 αἰτήσα-

2109 5670 2230 5724 σθαι
2285 5668 2524 5723 τοιοῦτον
2556 5665 2647 5719 καὶ
2703 5661 2920 5716 λαϐεῖν·
2963 5659 3129 5732 φησὶν
3169 5656 3303 5727 (⁸76),
3360 5656 3436 5719 ὡς
3499 5657 3563 5708 ὲκ
3592 5647 3679 5706 τοῦ

2106 5760 2514 5833 ἐμπνεὺπαντος
2546 5755 2695 5827 αὐτῷ
2720 5754 2994 5817 Πύθωνος·
3055 5770 3074 5804 ι
3104 5747 3392 5804 Λὶτοῦνταί
3443 5763 3500 5801 σε
3530 5746 3578 5800 οἱ
3604 5746 3674 5798 οίο

2187 5943 2298 6015 (7(3)
2326 5944 2452 6002 Sur.
2482 5941 2573 6010 ιγ,
2597 5939 2717 5997 152.
