3994 6766
441 592 555 661 ’με
1242 558 1249 563 ’
1689 588 1984 654 Nicena
2023 594 2035 653 ι

2142 593 2428 656 ΞΑΝΤΙΝῙ
3607 597 3742 662 736

443 708 608 765 simul
635 717 688 765 et
717 707 918 778 scripta
948 713 1201 762 exurent.
1237 705 1421 761 Altera
1457 719 1621 761 causa
1656 703 1776 770 fuit,
1802 705 1948 777 quod
1975 708 2020 762 si

2142 725 2230 764 κου
2257 711 2350 762 καὶ
2373 705 2444 762 τὰ
2475 706 2836 780 γεγραμμένα
2869 709 3001 780 παρ’
3037 710 3192 781 ἐμοῦ.
3235 710 3467 781 Ἑτέραν
3511 711 3592 778 δε,
3638 715 3743 768 ὅτι

445 808 711 856 annueret
734 799 882 855 credi
909 797 1390 862 resurrectionem,
1441 814 1546 852 non
1594 799 1728 854 satis
1769 800 1874 853 erit
1906 816 2024 854 ser-

444 892 596 946 moni
627 907 754 947 meo
790 903 849 946 ut
879 891 1116 962 legatum
1143 890 1322 961 ipsum
1365 891 1614 960 appellet.
1653 889 1786 945 Nam
1821 891 1865 946 sl
1900 907 2024 947 vere

2124 800 2186 854 Ei
2225 799 2406 870 δοθείη
2452 799 2794 871 πιστωθῆναι
2846 804 2946 872 τὴν
2976 805 3296 869 ἀνάστασιν,
3355 804 3457 876 οὐχ
3493 804 3741 860 ἵσταταί

2129 907 2229 959 μου
2258 891 2288 944 δ
2321 889 2480 959 λόγος
2513 889 2674 964 μέχρι
2711 891 2805 945 τοῦ
2849 892 3146 947 ἀπόστολον
3186 895 3350 948 αὐτὸν
3375 895 3700 949 ἀποκαλεῖν
3721 911 3741 925 ο

442 985 767 1050 resurrexit,
814 1000 1156 1055 quaecunque
1191 985 1353 1040 etiam
1390 985 1526 1040 dixit
1567 987 1877 1041 credentur.
1904 983 2021 1040 Jam

2142 983 2172 1034 ιί
2196 981 2304 1052 γάρ
2337 981 2551 1052 ἀληθῶς
2571 982 2792 1054 ἀνέστη,
2822 985 2917 1038 καὶ
2942 985 3042 1038 ὅσα
3075 985 3222 1055 λέγει
3257 987 3744 1059 πιστευθήσεταιο

443 1077 488 1131 si
520 1077 753 1131 dixerit:
788 1075 959 1132 Filius
985 1077 1078 1131 Dei
1109 1093 1254 1140 sum,
1279 1078 1624 1149 Agarismum
1678 1087 1849 1132 totum
1883 1078 2024 1146 peri-

448 1167 569 1232 mit,
604 1169 732 1236 quia
763 1167 816 1221 in
861 1169 1023 1222 unius
1070 1183 1318 1236 persona:
1365 1169 1554 1224 fraude
1587 1181 1694 1224 tota
1732 1170 1909 1224 fabula
1943 1171 2027 1224 ni-

2124 1072 2299 1142 λέγων
2315 1073 2370 1128 δὲ
2389 1075 2470 1129 ὄτι
2485 1075 2611 1139 Υἱός
2632 1077 2746 1130 ἐστι
2761 1076 2922 1145 Θεοῦ,
2943 1078 3038 1132 τὸν
3067 1079 3405 1150 ’Λγαρισμδν
3422 1081 3747 1136 παντάπα-

2129 1184 2212 1220 σιν
2239 1169 2472 1238 ἀναιρεῖ,
2498 1169 2919 1240 μονοπρόσωπὸν
2940 1189 3060 1224 τινα
3083 1171 3292 1239 πλάνην
3313 1173 3742 1242 μυθευόμενον*

442 1258 597 1313 titur.
647 1260 937 1314 Anuuebat
990 1261 1178 1331 itaque
1239 1262 1417 1333 ipsum
1479 1273 1739 1334 tanquam
1792 1264 2024 1319 alterum

2142 1259 2385 1332 ἠνέσχετο
2416 1259 2508 1315 οῦν
2555 1262 2697 1315 κατὰ
2751 1262 2842 1314 τὸν
2876 1262 3064 1317 Ἦλίαν
3117 1263 3280 1339 αιῦτδν
3331 1264 3746 1334 ἀναληφθέντα

443 1348 619 1404 Eliam
655 1352 834 1420 potius
874 1362 1242 1423 assumptum,
1293 1370 1458 1422 quam
1485 1371 1515 1411 e
1554 1356 1786 1411 mortuis
1816 1358 2026 1414 excita-

442 1452 586 1500 tum.
616 1443 766 1502 Talis
793 1456 879 1502 est
905 1447 1108 1502 diaboli
1149 1448 1356 1502 malitia
1385 1449 1399 1502 l

511 1532 604 1613 49.
636 1529 702 1592 Et
747 1537 910 1608 paulo
955 1547 1096 1607 post,
1129 1539 1308 1594 denuo
1355 1539 1444 1594 hic
1485 1540 1684 1596 stultus
1728 1541 1832 1597 sibi
1884 1541 2030 1598 infa-

444 1625 615 1681 miam
669 1629 994 1694 concilians,
1023 1645 1126 1686 nec
1168 1632 1298 1702 quid
1335 1631 1574 1702 patiatur
1618 1635 1882 1692 sentiens.
1911 1636 2028 1690 ait:

447 1740 472 1773 ς
519 1720 768 1777 Christus
797 1721 978 1788 .lesus,
1015 1725 1199 1780 Maria:
1246 1724 1409 1789 illius,
1453 1726 1662 1799 legatus
1706 1726 1795 1782 Dei
1842 1737 1946 1794 est,
1979 1737 2034 1782 ct

446 1813 694 1882 ejusdem
757 1813 993 1871 Verbum
1057 1819 1202 1887 quod
1274 1817 1328 1872 in
1389 1817 1612 1874 Mariam
1665 1818 1929 1884 immisit,
1978 1830 2034 1877 et.

445 1906 686 1977 Spiritus
715 1924 780 1963 ex
829 1924 914 1963 eo.
960 1927 978 1962 ι
1011 1908 1055 1965 Ο
1102 1925 1292 1967 amens
1340 1920 1397 1968 et
1428 1908 1649 1968 insane!
1693 1905 1737 1968 si
1792 1911 2028 1970 Verbum

447 2001 540 2056 Dei
572 2015 655 2057 est
695 2001 969 2062 Christus.
997 2011 1057 2057 ut
1099 2010 1156 2058 tu
1194 2003 1296 2067 ais,
1328 2005 1596 2060 veraciter
1635 2005 1816 2062 omnia
1863 2003 2028 2063 dicet.

2129 1350 2317 1420 φάναι,
2351 1350 2383 1422 ἦ
2407 1352 2472 1406 ἐκ
2491 1352 2698 1424 νεκρῶν
2718 1354 3052 1423 ἀναστῆναι·
3082 1355 3308 1426 τοιαύτη
3335 1358 3369 1426 ἡ
3395 1355 3494 1410 τοῦ
3528 1355 3741 1410 διαδό-

2075 1493 2080 1497 .
2129 1442 2223 1498 λου
2260 1444 2587 1516 κακουργία.

2203 1538 2313 1608 μθ⁸ο
2355 1539 2464 1593 Καὶ
2497 1541 2614 1608 μετ’
2643 1539 2802 1608 ὀλίγα
2831 1541 2994 1595 πάλιν
3031 1541 3223 1596 ἑαυτὸν
3245 1542 3275 1595 ό
3302 1541 3543 1611 μάταιος
3591 1558 3745 1598 κατι-

2130 1625 2424 1696 αιτχύνων,
2479 1628 2575 1682 καὶ
2627 1629 2761 1699 μηδὲ
2815 1631 3134 1700 αἰσθόμενος
3161 1632 3297 1704 ὅπερ
3345 1633 3583 1703 ἔπασχε,
3614 1650 3747 1704 φη-

2134 1719 2218 1771 σίν
2237 1719 2381 1788 (80)'
2425 1739 2444 1773 ι
2487 1720 2545 1774 ’0
2575 1722 2809 1792 Χριστὸς
2852 1725 3059 1795 Ἰησοῦς
3089 1726 3204 1788 υἱὸς
3233 1725 3455 1797 Μαρίας
3477 1726 3744 1780 ἀπόστο-

2132 1809 2222 1875 λος
2246 1811 2380 1865 Θεοῦ
2411 1813 2526 1868 ἐστι
2555 1815 2650 1867 καὶ
2676 1814 2847 1883 Λόγος
2879 1814 3069 1879 αὑτοῦ,
3113 1817 3172 1870 δν
3199 1817 3427 1888 ἔρριψεν
3455 1819 3600 1888 πρὸς
3623 1818 3745 1888 τὴν

2132 1904 2371 1976 Μαρίαν,
2392 1906 2484 1959 καὶ
2516 1905 2742 1974 Πνεῦμα
2778 1905 2838 1972 ἐξ
2863 1907 3052 1964 αὐτοῦ.
3088 1928 3106 1960 ι
3151 1909 3372 1980 Ἀνόητε
3411 1912 3510 1965 καὶ
3537 1911 3742 1980 παρά·

2134 2015 2269 2066 φρον
2296 2015 2311 2030 ·
2345 1999 2395 2051 εί
2423 1999 2594 2067 Λόγος
2618 1999 2754 2053 Θεάῡ
2783 2002 2811 2054 ὁ
2839 2001 3099 2072 Χριστὸς,
3123 2000 3199 2066 ὡς
3231 2003 3295 2056 σὺ
3329 2002 3458 2074 φὴς,
3489 2003 3745 2073 ἀληθεῦ-

446 2093 612 2163 Αιιιιιί
661 2094 791 2149 dicit
833 2111 891 2150 se
937 2094 1133 2150 Filium
1169 2096 1294 2162 Dei;
1333 2098 1534 2152 etenim
1575 2096 1924 2168 Erangelium
1976 2108 2033 2154 tu

2142 2107 2220 2144 σει
2249 2090 2426 2146 πάντα
2457 2092 2660 2160 λέγων’
2695 2092 2846 2162 λέγει
2896 2094 2954 2148 δὲ
2978 2095 3063 2148 ὅτι
3113 2094 3243 2158 Υίὲς
3277 2097 3398 2149 ἐστι
3426 2093 3523 2150 τοῦ
3552 2094 3741 2148 Θεοῦο

447 2185 570 2255 ipse
615 2186 799 2242 dixisti
857 2186 1036 2258 ipsum
1093 2203 1123 2242 a
1178 2186 1289 2243 Deo
1343 2188 1608 2245 didicisse
1659 2190 2033 2246 :credeudum

447 2279 634 2349 itaque
662 2278 887 2344 Christo
919 2289 1023 2336 est.
1049 2278 1223 2335 Porro
1253 2281 1359 2337 ﬁde
1383 2282 1433 2336 ei
1462 2283 1699 2338 adhibita
1721 2323 1736 2348 ,
1772 2282 2036 2354 irreligio-

446 2373 584 2428 sitas
611 2382 728 2434 tua.
768 2384 818 2430 te
859 2375 977 2445 ipso
1009 2382 1170 2440 teste,
1206 2385 1447 2431 corruet.
1488 2373 1602 2430 lloc
1629 2390 1761 2429 vero
1787 2375 2037 2431 mirabile

447 2469 557 2526 est,
589 2463 734 2533 quod
784 2479 909 2520 cum
959 2462 1051 2518 Dei
1085 2462 1324 2519 Verbum
1376 2463 1608 2535 appellet
1647 2463 1950 2531 Christum,
1982 2473 2036 2520 et

448 2553 723 2623 Spiritum
763 2571 826 2610 ex
872 2571 940 2610 eo
970 2571 1090 2611 esse
1119 2556 1286 2621 dicat,
1321 2556 1466 2611 haud
1529 2558 1697 2612 valuit
1740 2559 2040 2630 intelligere

444 2659 509 2697 ea
541 2661 663 2715 qua!
699 2662 766 2700 ex
800 2645 893 2702 Dei
934 2647 1243 2703 substantia
1274 2649 1715 2716 proﬁciscuntur,
1745 2659 1796 2704 et
1831 2651 1878 2704 ei
1910 2666 2038 2720 pro-

446 2734 564 2804 pria
614 2735 986 2804 eoexsistunt,
1031 2751 1153 2793 esse
1190 2739 1713 2805 consubstantialia;
1757 2749 1921 2810 atque
1966 2743 2036 2796 ita

455 2839 628 2878 unum
672 2823 842 2881 Deum
903 2827 957 2881 iu
1013 2827 1189 2884 tribus
1237 2831 1484 2899 personis
1538 2830 1897 2887 adorandum.
1929 2832 2036 2888 Sed

446 2916 624 2971 nihilo
650 2918 831 2974 secius
864 2919 986 2974 rudi
1033 2920 1340 2988 ignorantia
1372 2924 1686 2991 excutiens,
1721 2924 1910 2995 paucis
1943 2925 2038 2980 ad-

447 3008 581 3065 ditis
608 3011 789 3069 adhuc
818 3013 1002 3086 nugis,
1035 3011 1278 3070 fabulam
1315 3014 1541 3072 claudit.

965 3235 1411 3296 CONFUTATIO
1450 3236 1541 3296 IV.

520 3347 610 3403 50.
641 3348 910 3416 Quartum
944 3351 1332 3425 Mohamedieze
1365 3355 1711 3428 mythologia.-
1736 3356 2035 3428 capitulum

2134 2181 2196 2234 τὸ
2223 2179 2332 2252 γὰρ
2375 2181 2706 2252 Εὐαγγὲλιον
2736 2185 2801 2238 σὺ
2847 2184 3006 2249 αὐτὸς
3052 2185 3282 2256 εἴρηκας
3307 2188 3372 2240 ὲκ
3399 2185 3540 2240 Θεοῦ
3563 2185 3746 2239 αὐτὸν

2138 2271 2368 2342 μαθεῖν’
2422 2274 2778 2346 πιστευθῆναι
2825 2275 2988 2330 αὐτὸν
3053 2276 3166 2330 δείο
3223 2275 3615 2343 πιστευθέντος
3673 2279 3745 2332 δὲ

2137 2364 2325 2431 αὐτοῦ,
2349 2365 2382 2438 ἡ
2407 2365 2472 2438 σὴ
2501 2365 2789 2424 δυσσέϐεια
2819 2369 2881 2422 ὲκ
2897 2369 2995 2440 τῆς
3025 2369 3124 2440 σῆς
3152 2372 3461 2442 μαρτυρίας
3480 2373 3746 2442 ἀνατρα·

2137 2459 2372 2532 στήσεται
2395 2475 2410 2492 ·
2433 2459 2662 2514 τοῦτοδὲ
2682 2460 2831 2514 ἐστιν
2849 2459 3129 2532 θαυμάσαι
3153 2465 3236 2518 ὅτι
3267 2466 3360 2517 καὶ
3383 2462 3522 2518 Θεοῦ
3555 2464 3749 2532 Λόγον

2137 2549 2229 2604 τὸν
2257 2551 2494 2622 Χριστὸν
2518 2551 2722 2618 καλῶν,
2763 2552 2860 2607 καὶ
2886 2553 2947 2607 τὸ
2977 2551 3202 2624 Πνεῦμα
3231 2554 3290 2620 ἐξ
3317 2554 3487 2609 αὐτοῦ
3521 2554 3739 2623 λέγων,

2137 2644 2198 2698 οὐ
2232 2644 2514 2716 δεδύνηται
2572 2645 2639 2699 τά
2685 2646 2750 2700 ἐκ
2805 2649 2906 2717 τῆς
2960 2647 3150 2712 οὐσίας
3189 2647 3576 2718 προερχόμενα
3635 2645 3742 2700 τοῦ

2138 2736 2294 2801 Θεοῦ,
2327 2738 2422 2790 καὶ
2455 2736 2800 2791 ίδιοσῦστατα
2829 2737 2960 2792 ὄντα
2992 2739 3258 2810 όμοοῦσια
3296 2739 3464 2793 αὐτοῦ
3502 2738 3734 2808 νοῆσαι,

2139 2830 2233 2884 καὶ
2263 2829 2435 2893 οὕτως
2461 2829 2558 2884 ἕνα
2580 2829 2715 2884 Θεὸν
2747 2831 2806 2883 ὲν
2839 2830 3020 2902 τρισὶν
3055 2831 3386 2885 ὑποστάσεσι
3411 2831 3742 2903 προσκυνῆ-

2141 2939 2231 2975 σαι
2253 2937 2266 2951 ·
2297 2921 2414 2975 ἀλλ’
2446 2921 2600 2976 οὐδὲν
2637 2921 2840 2994 μᾶλλον
2871 2922 3214 2988 τυφλοποιῶν
3241 2924 3612 2988 ἀπαιδευσίας
3640 2921 3741 2976 καὶ

2139 3014 2199 3066 ἐν
2233 3012 2518 3084 βραχείαις
2549 3013 2766 3086 ἑτέραις
2788 3014 3100 3089 φλυαρίαις,
3128 3014 3439 3070 καταπαύει
3459 3016 3555 3070 τὸν
3592 3017 3741 3088 9M]-

2138 3124 2332 3177 ναφον.

2673 3245 3112 3300 ΕΛΕΓΚΤΙΚΟΣ
3144 3247 3218 3300 A'.

2208 3352 2271 3408 ν’.
2315 3354 2374 3409 ’0
2407 3355 2664 3425 τέταρτος
2685 3356 2786 3426 τῆς
2835 3355 3166 3426 μυθολογίας
3190 3355 3269 3428 τῷ
3307 3356 3560 3429 Μωάμετ
3592 3357 3736 3429 (81),

447 3436 776 3496 inscribitur
813 3443 1018 3498 Mensa.
1053 3443 1288 3500 Blaterat
1329 3457 1508 3501 autem
1539 3447 1608 3503 de
1638 3448 1886 3502 carnium
1937 3465 2033 3504 esu

2142 3448 2668 3520 ἐπιγέγραπταιιμὲν
2692 3447 2851 3518 λόγος
2871 3451 2975 3514 Είς
3009 3448 3124 3517 τὴν
3142 3447 3454 3517 τράπεᾶιν.
3480 3449 3740 3522 παραλα-

451 3530 602 3586 t'erro
656 3548 962 3601 caesarum,
1003 3547 1470 3607 porco-excepto;
1513 3547 1573 3593 ut
1609 3539 1736 3596 hinc
1773 3541 2039 3596 barbaros

452 3622 693 3680 mundos
731 3627 1161 3682 esse-declaret.
1197 3628 1503 3698 Periurium
1543 3640 1594 3686 et
1648 3631 2038 3687 scortationem

441 3713 696 3780 demat,
743 3724 803 3771 ut
849 3718 1025 3775 bonus
1067 3719 1323 3776 videatur
1360 3721 1659 3794 legislator.
1707 3723 1924 3779 Oblitus
1959 3733 2046 3779 est

452 3815 637 3860 autem
689 3818 817 3864 ante
841 3811 1135 3875 dictorum,
1158 3826 1355 3883 nempe
1391 3830 1407 3868 :
1449 3831 1469 3865 ι
1513 3814 1925 3886 Congredimini
1974 3830 2041 3870 ex

448 3899 762 3958 animorum
793 3915 1099 3960 vestrorum
1133 3906 1460 3962 sententia.»
1493 3905 1724 3964 Eosdem
1765 3908 2044 3978 puritlcari

452 3995 568 4048 vult
594 3995 660 4050 ad
693 3997 995 4053 orationem
1025 4009 1239 4064 euntes,
1270 4001 1316 4056 si
1348 4001 1506 4070 copia
1536 4002 1628 4059 sit.
1662 4016 1840 4071 aqua;
1869 4002 1953 4056 sin
1981 4016 2046 4056 ea

452 4088 618 4153 desit,
650 4089 1028 4160 pulvere;qui
1071 4092 1315 4161 quidem,
1351 4100 1411 4146 ut
1453 4107 1646 4148 omnes
1699 4092 1904 4158 sciunt,
1935 4107 2044 4146 non

451 4180 746 4250 purgandi,
777 4182 872 4237 sed
905 4183 1222 4238 sordidandi
1249 4185 1357 4239 vim
1385 4184 1574 4240 habet.
1609 4184 1826 4239 Rursus
1861 4191 2044 4238 autem

451 4274 635 4328 timori
668 4288 770 4328 suo
799 4276 1073 4342 consulit;
1117 4277 1246 4347 quia
1290 4278 1434 4331 enim
1484 4277 1734 4331 audierat
1765 4276 2044 4331 Christum

449 4363 677 4432 dixisse,
695 4365 853 4420 tinem
880 4367 1266 4438 prophetarum
1297 4383 1417 4423 esse
1443 4366 1709 4422 Joannem
1731 4369 1752 4399 '
1774 4384 1791 4436 ;
1811 4367 2050 4437 itemque
2151 4368 2207 4422 δὲ
2264 4367 2358 4438 τῆς

2143 3539 2226 3594 λεῐ
2253 3540 2308 3593 δὲ
2357 3540 2485 3612 περὶ
2519 3539 2776 3610 βρώσεως
2800 3541 2979 3613 κρεῶν
3012 3541 3119 3595 τῶν
3146 3541 3232 3594 διά
3262 3542 3562 3612 μαχαίρας,
3592 3541 3738 3612 πλὴν

2140 3632 2419 3703 χοιρείουο
2449 3631 2525 3696 ὡς
2574 3632 2737 3703 δῆθεν
2782 3635 2848 3688 ἐκ
2897 3634 3090 3689 τοῦτου
3148 3633 3424 3706 καθαροὺς
3451 3636 3738 3705 ἀποφῆναι

2143 3725 2271 3786 τοὺς
2298 3723 2608 3795 βαρῦἀρους
2659 3724 3126 3794 ἐπαγγελλόμενος
3151 3743 3166 3756 ο
3223 3726 3319 3779 καὶ
3349 3725 3644 3796 ἐπιορκίαν
3677 3725 3736 3778 δὲ

2145 3816 2241 3871 καὶ
2273 3816 2529 3886 πορνείαν
2562 3818 2914 3882 καταδικάζει
2938 3818 3074 3890 (82),
3105 3819 3165 3872 τὸ
3186 3819 3333 3885 δόξαι
3356 3819 3561 3887 ἀγαθὸς
3593 3815 3738 3872 εἶναι

2143 3905 2480 3978 νομοθέτηςο
2533 3907 2824 3962 ἐπελάθετο
2843 3908 2920 3972 δὲ,
2971 3909 3047 3972 ὡς
3099 3909 3367 3981 πρότερον
3393 3910 3605 3979 ἔλεγεν,
3653 3910 3737 3963 ὅτι

2153 4016 2172 4050 ι
2201 3997 2491 4052 Συνέλθετε
2539 4001 2658 4062 ταῖς
2689 4000 2887 4070 ψυχαῖς
2930 4000 3124 4070 ὑμῶν’
3181 4019 3200 4054 o
3247 4004 3354 4055 ’καὶ
3407 4001 3736 4073 κιθαρίζειν

2150 4089 2348 4154 αὐτοὺς
2388 4091 2467 4153 είς
2491 4088 2655 4161 εὐχὴν
2687 4091 2862 4154 ίόντας
2897 4090 3182 4161 βούλεται,
3232 4095 3281 4146 εί
3315 4093 3415 4164 μὲν
3445 4095 3734 4165 πάρεστιν,

2149 4181 2331 4235 ὓδατιο
2356 4185 2404 4236 εί
2423 4182 2478 4236 δὲ
2505 4182 2566 4236 οῦ
2599 4183 2862 4253 πάρεστιν
2882 4224 2896 4247 ,
2939 4183 3187 4254 χώματι·
3218 4185 3356 4256 ὅπερ
3390 4186 3525 4238 πᾶσι
3576 4185 3737 4255 δῆλόν

2149 4275 2298 4328 ἔστιν
2318 4275 2378 4327 οὐ
2411 4274 2924 4348 καθαρτικὴν,ἀλλά
2954 4276 3188 4343 πιναράν
3209 4275 3332 4347 ἕχον
3361 4275 3545 4346 φύσιν.
3568 4278 3739 4330 Πάλιν

2297 4367 2362 4438 ῆς
2415 4368 2543 4438 περὶ
2598 4367 2766 4438 φόὸου
2827 4366 2991 4422 αὑτοῦ
3043 4368 3354 4434 ὑποθέσεως
3410 4369 3736 4440 δράττεται·

451 4456 772 4526 Apostolum
795 4460 1241 4528 pronuntiantem
1275 4477 1289 4513 :
1323 4457 1610 4514 Plenitudo
1634 4459 1769 4528 legis
1797 4459 2035 4514 Christus

2150 4459 2336 4529 ἐπειδὴ
2364 4458 2472 4530 γὰρ
2502 4459 2701 4529 ἤκουσε
2730 4458 2824 4511 τοῦ
2855 4459 3091 4531 Χριστοῦ
3116 4460 3389 4529 λέγοντος,
3419 4461 3574 4526 τέλος
3607 4479 3739 4533 προ-

453 4549 522 4601 ad
569 4549 1020 4618 justiﬁeationem
1079 4556 1228 4606 omni
1280 4551 1531 4608 credenti
1567 4554 1624 4618 ⁸,
1677 4564 1928 4615 metuens
1981 4567 2035 4606 η(

2154 4550 2340 4620 φητῶν
2369 4544 2509 4603 εἶναι
2541 4549 2631 4603 τὸν
2676 4549 2964 4620 Ἰωάννηνο
3024 4551 3120 4606 καὶ
3165 4552 3260 4606 τοῦ
3303 4553 3631 4608 Ἀποστόλου
3662 4554 3738 4607 εἰ·

451 4638 598 4694 ῐοτιο
627 4641 797 4711 aliqui
843 4643 893 4696 ei
933 4643 1180 4699 dicereut
1214 4661 1230 4698 :
1261 4643 1380 4700 Non
1420 4656 1505 4702 est
1533 4646 1692 4701 nobis
1744 4647 1886 4702 alius
1929 4662 2035 4717 pro

2155 4643 2368 4706 πόντος,
2411 4661 2428 4694 ι
2467 4642 2746 4713 Πλήρωμα
2767 4643 2933 4714 νόμου
2983 4644 3219 4712 Χριστὸς
3267 4646 3348 4708 είς
3389 4645 3738 4720 δικαιοσύνην

454 4731 618 4798 pheta
646 4733 954 4802 promissus
975 4745 1097 4804 post
1119 4737 1422 4802 Christum;
1447 4754 1549 4793 cur
1573 4754 1703 4810 ergo
1735 4747 1791 4793 tu
1812 4740 2035 4809 legatur:

2154 4733 2317 4784 παντὶ
2339 4731 2419 4803 τῷ
2460 4731 2794 4798 πιστεύοντι,
2824 4749 2843 4784 ι
2884 4733 3144 4804 φοϐηθεὶς
3175 4733 3252 4805 μή
3288 4751 3448 4787 τινων
3477 4735 3618 4806 πρὸς
3649 4735 3740 4788 αὐο

457 4830 512 4876 te
542 4821 636 4876 Dei
667 4839 733 4879 ac
784 4826 1105 4894 pr0phetam
1167 4829 1462 4885 nominas?
1491 4840 1763 4897 metuens,
1798 4829 2035 4900 inquam,

2148 4814 2548 4893 τὸνλεγόντων,
2599 4824 2714 4878 Οὐκ
2754 4825 2951 4896 ἔχομεν
2981 4827 3313 4895 ἐπαγγελίαν
3367 4828 3561 4898 ἑτέρου
3603 4846 3735 4899 προσ

457 4927 527 4966 ne
565 4917 801 4969 mendax
832 4916 1128 4984 videretur,
1167 4918 1372 4974 fatetur
1414 4933 1474 4974 se
1509 4936 1726 4990 quoque
1755 4922 1894 4976 scire
1932 4938 2035 4975 rem

2149 4920 2322 4987 φὴτου
2363 4918 2502 4986 μετά
2532 4910 2801 4987 Χριστόνο
2839 4917 3002 4972 πόθεν
3034 4915 3128 4972 οὖν
3156 4919 3220 4972 σὺ
3275 4919 3469 4973 ἑαυτὸν
3504 4921 3737 4974 ἀπόστο-

457 5006 531 5060 ita
562 5020 625 5062 se
659 5008 859 5064 habere
888 5027 903 5065 :
937 5027 1160 5067 causam
1192 5027 1322 5067 vero
1350 5012 1502 5082 ponit
1529 5013 1796 5068 adventus
1836 5013 1943 5079 sui,
1972 5012 2035 5068 Νι

2147 5006 2238 5060 λον
2283 5007 2420 5061 Θεοῦ
2473 5007 2568 5062 καὶ
2608 5008 2895 5081 προφήτην
2964 5008 3295 5075 ὀνομάζεις
3347 5007 3486 5074 δόξει
3539 5010 3737 5082 ψευδὴς

458 5115 574 5166 vos,
627 5099 873 5172 inquam,
921 5103 1186 5160 diceretis
1243 5105 1517 5159 neminem
1553 5105 1937 5176 evangelistam
1984 5123 2035 5162 at

2152 5095 2313 5165 εἶναι,
2339 5102 2597 5170 ὁμολογεῖ
2621 5100 2718 5154 καὶ
2758 5101 2920 5164 αὐτὸς
2948 5099 3093 5154 οῦτω
3127 5099 3296 5154 ταῦτα
3331 5101 3476 5170 ἔχειν
3514 5102 3735 5156 εἰδέναι*

457 5207 556 5249 vos
599 5194 1122 5264 venissezprobans
1175 5197 1323 5262 hinc,
1376 5195 1654 5251 Christum
1703 5207 1922 5269 propter
1957 5191 2035 5254 ve-

2150 5191 2330 5245 αίτίαν
2351 5191 2408 5245 δὲ
2445 5190 2658 5260 τίθησιν
2693 5187 2795 5256 τῆς
2821 5188 3086 5250 ἐλεύσεως
3112 5186 3298 5254 αὐτοῦ,
3323 5188 3428 5240 Τοῦ
3463 5187 3539 5258 μὴ
3564 5188 3738 5256 λέγειν

455 5295 627 5342 stram
652 5290 940 5344 utilitatem
970 5291 1254 5345 mentitum
1283 5307 1297 5343 :
1330 5288 1555 5360 coruigit
1586 5301 1766 5346 autem
1795 5290 1868 5345 illi
1901 5307 2035 5362 pror‘

2154 5285 2319 5355 ὑμᾶς,
2371 5283 2556 5352 φησὶν,
2608 5281 2722 5335 Οὐκ
2763 5276 2928 5352 ἦλθεν
2959 5281 3091 5351 ἡμῖν
3147 5281 3176 5332 δ
3203 5278 3697 5350 εὐαγγελιζόμενος
3722 5293 3736 5308 ⁶

457 5397 556 5436 sus
581 5397 706 5436 esse
734 5383 1008 5448 mendaci,
1044 5382 1171 5452 quia
1200 5380 1344 5452 quod
1375 5381 1623 5437 futurum
1645 5393 1764 5438 erat
1789 5385 2015 5439 nescivit

2149 5376 2576 5440 κατασκευάζων
2614 5373 2886 5440 ἐντεῦθεν,
2929 5373 3010 5426 ὃτι
3043 5371 3142 5426 Διά
3173 5371 3232 5425 τὸ
3282 5371 3438 5443 ὑμῶν
3463 5373 3739 5444 συμφέρον

455 5475 810 5544 quamobrem
839 5490 924 5530 me
944 5473 1287 5536 adveniente,
1315 5473 1404 5528 ille
1445 5475 1675 5529 mendax
1713 5475 1921 5531 evasit:
1955 5475 2035 5547 qui

2146 5473 2175 5525 ὁ
2206 5471 2442 5542 Χριστὸς
2499 5468 2802 5540 ἐψεύσατο·
2861 5466 3170 5538 ψεύσασθαι
3223 5464 3278 5516 δὲ
3328 5464 3493 5517 αὑτὸν
3543 5465 3738 5536 συνέϐη

456 5577 640 5622 autem
697 5569 980 5634 mentitur,
1037 5582 1106 5620 ne
1161 5565 1304 5622 Deus
1368 5566 1588 5636 quidem
1643 5578 1746 5624 est.
1790 5566 1916 5624 Hzee
1967 5578 2035 5623 cSI

2148 5562 2366 5625 πάντως
2398 5562 2465 5614 τὰ
2494 5560 2759 5632 μέλλοντα
2791 5557 2867 5630 μὴ
2889 5557 3064 5610 εἰδότα
3088 5572 3101 5585 °
3135 5554 3273 5608 ὥστε
3304 5553 3440 5625 ἐμοῦ
3466 5554 3734 5619 ἐλθόντο;,

457 5662 690 5732 benigna
722 5661 1008 5717 inhumani
1040 5659 1282 5718 hominis
1309 5659 1541 5732 species,
1565 5671 1617 5716 et
1650 5661 1843 5718 fabulae
1875 5663 1943 5718 ab
1980 5676 2045 5718 eo

551 5833 787 5890 ’Matth.
831 5853 906 5902 τι,
949 5835 1032 5892 l3.
1107 5835 1129 5866 ⁸
1162 5833 1323 5890 Rom.
1358 5848 1410 5897 ι,
1446 5833 1502 5886 4.

532 5987 644 6062 (80)
689 5991 816 6059 sur.
838 5987 937 6062 liVV,
963 5987 1092 6062 l69.

531 6059 645 6130 (8|)
688 6065 815 6116 ξων.
855 6061 916 6126 V,
956 6059 1008 6112 ἓ.

2153 5657 2360 5720 ἐκεῖνος
2384 5654 2510 5726 tesi
2522 5669 2674 5707 σατο·
2703 5651 3047 5724 ψευσάμενος
3075 5648 3153 5716 δὲ,
3198 5647 3321 5702 οὐδὲ
3358 5646 3490 5711 Θεὸς
3521 5648 3589 5703 ἂν
3613 5648 3696 5719 εἴη
3720 5661 3732 5676 ·

2227 5983 2338 6056 (δε)
2365 5983 2489 6040 Sur.
2531 5981 2593 6054 ν,
2635 5984 2688 6049 o,
2726 5983 2779 6039 τ.
