3994 6666
277 394 381 463 737

1443 394 1880 459 REFUTATIO
1910 396 2413 459 .MOHAMEDIS.

3428 404 3545 470 ἠε

273 506 519 560 τοιοῦτον
551 505 611 560 τὸ
662 506 1044 577 φιλάνθρωπον
1076 506 1169 562 τοῦ
1223 508 1595 581 ἀπανθρώπου
1628 512 1816 583 σχῆμα
1840 554 1855 578 ,

1973 511 2227 579 :onlictae,
2263 527 2448 568 scena.
2480 510 2586 570 Sed
2622 513 2746 569 imle
2779 515 3122 572 comincitur
3155 518 3301 589 quod
3336 520 3547 576 uultmn

274 598 373 651 καὶ
426 600 461 670 ἡ
519 596 692 668 σκηνὴ
722 597 816 650 τοῦ
849 597 1116 668 μυθαρίου
1148 599 1343 654 αὑτοῦ·
1399 600 1682 671 ἐλέγχεται
1713 603 1770 656 δὲ
1802 604 1867 657 ὲκ

271 689 368 745 τοῦ
407 690 575 761 μηδὲν
610 708 660 744 τι
703 691 1042 762 προφητικὸν
1079 692 1302 763 σημεῖον
1334 694 1464 766 παρ’
1494 692 1660 748 αύτοῦ
1712 697 1867 768 εύρί-

276 785 529 840 σκεσθαι.

345 877 449 933 να’.
494 880 575 933 Τὰ
608 879 842 934 εἰωθότα
892 879 951 935 δὲ
996 878 1146 950 αύτῷ
1192 880 1546 950 ψευδηγορῶν
1596 880 1738 935 κατὰ
1768 884 1866 953 τῆς

275 972 431 1035 θείας
465 972 689 1043 Γραφῆς
736 973 872 1043 (85),
907 970 1239 1044 μνημονεύει
1275 971 1371 1025 τοῦ
1405 972 1638 1026 θανάτου
1674 972 1861 1038 Ἅϐελ,

271 1064 372 1119 καὶ
426 1065 637 1135 κόρακα
675 1065 824 1133 λέγει
862 1064 1027 1117 αὑτοῦ
1083 1063 1241 1136 σῶμα
1294 1064 1461 1136 θάψαι
1508 1067 1740 1134 όρωντος
1768 1064 1863 1117 τοῦ

272 1157 441 1220 Κάῖν,
482 1156 576 1208 καὶ
608 1156 673 1209 ὲκ
698 1155 888 1209 τούτου
946 1156 1026 1218 είς
1057 1155 1349 1221 κατάνυξιν
1379 1155 1728 1226 ἐληλυθέναι·
1755 1155 1864 1209 τῶν

273 1247 373 1300 ἐπὶ
404 1249 609 1318 σκηνῆς
659 1246 836 1303 ταῦτα
886 1248 982 1302 καὶ
1039 1248 1346 1319 μεθυόντων
1391 1248 1424 1319 ἢ
1494 1248 1863 1320 μαινομένων.

287 1340 598 1413 Ὅμαλίζων
654 1341 712 1395 δὲ
753 1340 852 1406 τάς
909 1342 1018 1395 τῶν
1054 1341 1346 1413 βαρϐάρων
1385 1343 1611 1414 καρδίας
1635 1342 1772 1410 πρὸς
1804 1341 1865 1395 τὸ

276 1433 691 1502 παραδέξασθαι
762 1435 861 1499 τὰς
913 1434 1078 1489 αὐτοῦ
1140 1434 1526 1506 βλασφημίας,
1592 1437 1864 1506 μέμνηται

277 1526 448 1580 πάλιν
467 1525 704 1597 Χριστοῦ
729 1526 823 1580 καί
849 1526 945 1581 τοῦ
984 1526 1341 1595 Εὖαγγελίου,
1383 1526 1477 1579 καὶ
1510 1526 1702 1581 ἑαυτὸν
1735 1529 1865 1582 ἀνα-

272 1618 500 1689 τρέπων
540 1618 601 1672 οὐ
660 1618 890 1689 συνορᾷ·
930 1620 1065 1690 φησι
1110 1620 1253 1690 γάρο
1292 1640 1310 1672 ι
1340 1620 1771 1690 Ἀπεστείλαμεν
1805 1619 1863 1673 δὲ

273 1711 575 1765 ἀκόλουθον
624 1714 852 1776 τούτων,
904 1713 1123 1765 πάντων
1151 1712 1350 1784 δηλαδὴ
1386 1713 1495 1766 τῶν
1544 1712 1861 1785 προφητῶν,

288 1801 503 1872 Ἰησοῦν
522 1802 614 1857 τὸν
649 1802 763 1857 υίὸν
793 1803 893 1874 τῆς
922 1803 1140 1874 Μαρίας
1179 1806 1259 1867 εἰς
1284 1803 1345 1858 τὸ
1374 1802 1774 1875 ἀληθοποιῆσαι
1797 1805 1865 1857 τά

1968 605 2348 677 propheticum
2382 605 2644 662 indicium
2672 608 2812 679 apud
2847 625 2971 663 cum
3003 612 3372 681 comperiatur

2041 876 2132 932 5!.
2169 876 2286 932 Iam
2324 892 2453 932 vero
2486 888 2746 934 consueta
2778 880 2881 938 sibi
2928 882 3210 940 mendacia
3247 897 3436 943 contra
3466 888 3552 944 di-

1968 961 2155 1018 vinam
2181 962 2521 1035 Scripturam
2552 967 2850 1035 blateraus,
2877 969 3061 1027 Abelis
3092 982 3319 1037 mortem
3350 993 3553 1033 memo-

1968 1063 2074 1122 rat,
2129 1066 2182 1112 et
2216 1072 2246 1111 a
2277 1073 2446 1114 corvo
2491 1059 2625 1115 dicit
2677 1063 2935 1117 traditum
2982 1065 3276 1136 sepulturae
3318 1068 3552 1126 cadaver

1965 1148 2108 1216 ejus,
2159 1160 2439 1220 spectante
2483 1151 2679 1220 Caluo,
2732 1155 2826 1226 qui
2877 1156 3085 1213 idcirco
3135 1165 3553 1232 compunctioue

1966 1248 2142 1295 tactus
2169 1240 2351 1323 fuerit.
2375 1242 2499 1300 ﬂare
2525 1256 2649 1300 sunt
2672 1246 2977 1302 ludentium
3001 1249 3055 1304 in
3080 1266 3243 1307 scena
3283 1262 3338 1309 et
3364 1254 3549 1311 ebrio-

1966 1348 2084 1387 rum
2121 1343 2218 1389 aut
2245 1338 2543 1393 amentium
2575 1340 2816 1411 propria.
2860 1340 2999 1397 Tum
3042 1352 3102 1398 ut
3141 1346 3309 1401 corda
3355 1347 3553 1403 barba-

1966 1441 2155 1481 rorum
2189 1427 2499 1485 demulceat
2526 1432 2593 1487 ad
2623 1448 2749 1488 suas
2780 1434 3129 1505 excipiendas
3161 1436 3551 1509 blasphemias,

1963 1517 2165 1574 Christi
2198 1520 2415 1588 iterum
2459 1525 2710 1581 meminit
2733 1536 2896 1597 atque
2926 1528 3229 1599 Evangelii,
3261 1546 3362 1588 nec
3404 1534 3550 1603 quod

1964 1625 2025 1666 se
2060 1612 2238 1681 ipsum
2265 1622 2471 1670 evertat
2497 1616 2660 1673 videt.
2687 1618 2776 1673 Ait
2804 1619 2951 1673 enim
2984 1637 2997 1674 :
3038 1637 3056 1673 ι
3092 1621 3339 1678 Misimus
3364 1633 3549 1679 autem

1960 1714 2088 1774 post
2135 1706 2361 1778 vestigia
2392 1708 2626 1774 horum,
2665 1712 2911 1766 omnium
2951 1713 3205 1771 videlicet
3256 1717 3553 1787 praphela-

1967 1813 2112 1862 rum,
2149 1796 2335 1855 Jesum
2364 1799 2548 1857 Mariae
2597 1803 2766 1858 lilium
2790 1843 2805 1868 ,
2844 1813 2903 1860 ut
2933 1806 3213 1862 veritatem
3260 1818 3556 1865 tes:aretur

274 1894 388 1964 πρὸ
415 1892 582 1948 αὐτοῦ
611 1893 680 1948 τὰ
704 1893 799 1948 τοῦ
824 1894 1013 1961 νόμου,
1045 1895 1456 1966 καταγαγόντες
1488 1896 1638 1966 αύτῷ
1682 1896 1777 1949 καὶ
1806 1897 1867 1950 τὸ

1973 1889 2119 1946 illius
2149 1907 2271 1963 quae
2294 1902 2422 1949 ante
2453 1894 2632 1966 ipsum
2674 1894 2782 1952 fuit
2814 1898 2981 1969 legis;
3023 1900 3184 1970 eique
3227 1902 3555 1959 tradidimus

274 1985 637 2055 Εὖαγγέλιον,
672 1989 729 2043 ἐν
754 1983 799 2057 ᾧ
832 1988 982 2043 ἐστιν
1005 1989 1286 2062 όδήγησις,
1325 1990 1466 2059 φῶς,
1515 1990 1610 2045 καὶ
1657 1989 1866 2045 δικαιο-

278 2073 443 2145 σύνη,
472 2076 618 2130 κατὰ
657 2076 757 2148 τὴν
814 2077 1047 2149 δύναμιν
1078 2079 1174 2133 τοῦ
1231 2079 1340 2149 πρὸ
1370 2079 1535 2135 αὑτοῦ
1568 2080 1755 2150 νόμου,
1786 2083 1867 2144 εἰς
1906 2076 1907 2079 “

274 2167 537 2238 ὀδήγησιν
559 2169 653 2222 καὶ
681 2168 1016 2239 ἐπαγγελίαν
1042 2171 1153 2234 τοῖς
1178 2170 1551 2242 φοϐουμένοις,
1577 2173 1669 2225 καὶ
1697 2173 1777 2235 είς
1805 2171 1867 2224 τὸ

275 2262 468 2331 κρῖναι
504 2262 629 2326 τοὺς
651 2261 745 2316 τοῦ
778 2263 1113 2331 Εύαγγελίου
1132 2280 1146 2295 ⁸
1182 2264 1368 2318 ἕνεκεν
1398 2263 1525 2330 τῶν,
1553 2264 1868 2334 κατήγαγεν

275 2354 307 2405 ό
334 2352 469 2417 Θεὸς
500 2355 754 2426 ἐντούτῳ
776 2370 793 2387 ο
830 2357 929 2409 καὶ
951 2356 1102 2420 ὅστις
1136 2356 1202 2411 ἂν
1246 2357 1408 2428 κρίνῃ
1451 2357 1564 2428 (84)
1612 2358 1689 2423 είς
1721 2357 1868 2428 ἅπερ

276 2446 600 2516 κατήγαγεν
623 2446 654 2499 δ
677 2446 831 2512 Θεὸς,
865 2440 1015 2502 οὗτοί
1054 2450 1160 2503 είσι
1190 2450 1523 2521 παράνομοι.
1564 2469 1583 2502 ι
1616 2444 1766 2522 *Δρά
1802 2465 1866 2518 γε

279 2538 655 2607 ἑπεγίνωσκεν
685 2537 830 2611 ἅπερ
856 2539 1156 2611 παρελάλει
1179 2540 1208 2593 δ
1241 2541 1472 2612 μάταιος
1498 2559 1513 2609 ;
1539 2543 1585 2595 εἰ
1604 2542 1711 2612 γὰρ
1735 2542 1870 2613 ἀλη-

279 2628 572 2700 θοποιῆσαι
605 2630 673 2685 τὰ
735 2631 843 2702 πρὸ
890 2631 1056 2686 αὐτοῦ
1110 2631 1183 2686 τά
1241 2630 1336 2686 τοῦ
1393 2633 1581 2703 νόμου,
1628 2628 1791 2705 ἦλθεν
1836 2633 1869 2686 ό

276 2720 538 2791 Χριστὸς,
570 2721 666 2776 καὶ
714 2722 776 2777 τὸ
823 2722 1158 2792 Εὐαγγέλιον
1188 2723 1306 2792 φῶς
1349 2724 1444 2777 καὶ
1474 2724 1735 2796 όδήγησιν
1758 2726 1871 2789 τοῖς

278 2812 591 2884 ἀνθρώποις
619 2813 876 2881 δέδωκεν,
898 2816 975 2882 ὡς
1004 2816 1070 2871 σὺ
1111 2816 1420 2887 ὁμολογεῖς,
1453 2817 1549 2871 καὶ
1574 2818 1637 2871 τὸ
1689 2818 1871 2887 κρίσιν

280 2901 447 2967 αὐτὸς
472 2906 646 2958 ποιεῖν
679 2904 887 2975 μέλλει,
937 2907 1021 2962 σοὶ
1045 2909 1099 2961 τί
1133 2908 1509 2981 περιλείπεται
1536 2910 1871 2977 εἰσενεγκεῖν

1967 1979 2345 2053 Evangelium,
2393 1985 2446 2041 in
2495 2002 2603 2057 quo
2631 1997 2716 2044 est
2754 1988 3002 2057 directio,
3051 1992 3166 2059 lux,
3218 2002 3275 2047 et
3317 1992 3557 2063 justitiu.

1966 2074 2268 2130 secundum
2298 2077 2441 2133 vires
2467 2079 2601 2148 legis
2623 2090 2749 2137 ante
2776 2098 2901 2138 eum
2931 2084 3075 2151 latze,
3099 2085 3165 2139 ad
3197 2086 3553 2147 directionem

1967 2174 2023 2218 et
2053 2169 2542 2225 commonitionem
2574 2171 2979 2240 timoratorum,
3009 2184 3173 2246 atque
3207 2188 3265 2232 ut
3286 2178 3554 2249 judicium

1967 2271 2261 2316 exerceant
2291 2260 2567 2335 Evangelii
2607 2266 2852 2321 assecla.
2894 2267 3019 2323 ldco
3056 2268 3109 2324 id
3152 2270 3373 2327 demisit
3424 2272 3556 2327 huic

1969 2349 2133 2407 Deus.
2166 2350 2231 2408 Et
2255 2353 2347 2424 qui
2381 2354 2533 2427 (non)
2574 2355 2969 2425 judicaveriut,
3004 2359 3072 2412 de
3120 2359 3226 2414 illis
3255 2376 3379 2431 quae
3411 2359 3555 2417 Deus

1969 2445 2216 2510 tradidit,
2252 2445 2306 2500 hi
2327 2457 2457 2502 sunt
2490 2450 2933 2517 przevarieautes.
2961 2466 2982 2500 ι
3014 2450 3114 2504 Ain
3140 2466 3291 2516 vero,
3325 2462 3556 2522 putasne

1971 2533 2268 2607 ipsummet
2326 2553 2660 2608 cognoscere
2712 2554 2835 2609 qua:
2884 2539 3015 2594 dicit
3065 2540 3152 2596 hic
3203 2541 3445 2597 stultus?
3495 2541 3556 2597 Si

1970 2628 2118 2683 enim
2156 2629 2227 2684 ob
2265 2630 2699 2685 conﬁrmandam
2741 2630 3027 2687 veritatem
3082 2632 3216 2703 legis
3258 2648 3381 2703 quae
3428 2648 3556 2689 eum

1974 2722 2274 2791 praecessit,
2304 2720 2559 2778 Christus
2598 2722 2781 2791 venit,
2814 2732 2867 2778 et
2910 2723 2955 2778 si
2994 2721 3347 2794 Evangelium
3381 2724 3556 2804 lucent

1972 2811 2459 2884 directioucmque,
2489 2823 2548 2870 ut
2577 2822 2632 2871 tu
2662 2814 2872 2882 lateris,
2916 2816 3307 2887 suppeditavit,
3341 2826 3395 2871 et
3436 2817 3555 2887 ipse

1968 2900 2236 2972 judicium
2273 2901 2519 2958 facturus
2540 2912 2652 2969 est;
2687 2903 2818 2973 quid
2858 2904 2953 2959 tibi
2988 2912 3240 2975 superest
3268 2906 3561 2960 conferen-

278 2997 401 3060 τοῖς
455 2996 803 3069 ἀνθρώποις;
843 3000 1030 3068 Οὐδὲν,
1062 3002 1181 3056 ἀλλ’
1210 3002 1242 3073 ἢ
1274 3004 1418 3057 κατά
1442 3003 1503 3057 τὸ
1557 3002 1648 3058 σὸν
1673 3002 1867 3072 στόμα,

1976 2988 2107 3044 dum
2151 2988 2510 3046 hominibus?
2538 2989 2685 3046 Nihil
2711 2992 2884 3058 aliud,
2921 2992 3027 3048 nisi
3057 3001 3114 3047 ut
3154 3008 3250 3048 ore
3280 3001 3375 3048 tuo
3398 3002 3558 3061 teste,

278 3086 670 3159 ψευδοποιῆσαι
699 3090 770 3145 τὰ
793 3092 900 3161 πρὸ
926 3092 1043 3161 σού,
1076 3093 1170 3147 καὶ
1196 3093 1390 3157 σκότος
1420 3094 1515 3148 κα)⁸
1536 3094 1871 3165 παροδητίαν

277 3178 466 3234 δοῦναι
496 3183 611 3247 τοῖς
642 3182 976 3255 ἀνθρώποις,
1004 3187 1100 3241 καὶ
1129 3186 1187 3240 ἑν
1210 3188 1278 3259 τῇ
1310 3186 1493 3259 κρίσει
1521 3187 1636 3250 τοῖς
1678 3202 1738 3241 σε
1764 3204 1869 3240 πα-

282 3272 701 3345 ραδεδεγμένοις
728 3277 1217 3352 καταδικασθῆναι.

352 3474 456 3545 νβ’.
486 3478 562 3531 Οὐ
582 3479 715 3536 πολὺ
736 3480 796 3535 τὸ
824 3480 884 3537 ἐν
910 3482 1081 3553 μέσῳ,
1110 3483 1205 3539 καὶ
1225 3483 1413 3556 ὥσπερ
1433 3483 1512 3548 είς
1541 3483 1641 3555 τὴν
1660 3482 1872 3538 οἰκείαν

284 3566 681 3643 ἑπανασφήλας
720 3575 939 3645 μανίαν,
981 3575 1108 3631 τάδε
1138 3576 1304 3647 φησίν
1340 3575 1491 3648 (85)·
1526 3595 1545 3629 ι
1582 3576 1680 3630 ’Δε
1712 3577 1872 3647 ὑμεῖς

281 3661 333 3712 oi
358 3662 748 3729 πιστεύσαντες
795 3666 957 3738 (πρὸς
992 3667 1120 3731 τοὺς
1175 3666 1488 3740 βαρϐάρους
1522 3665 1761 3737 φωνῶν),
1793 3666 1870 3739 μὴ

282 3749 503 3817 γίνεσθε
527 3754 918 3830 ἀντιλήπτορες
958 3757 1227 3813 Ἰουδαίων
1249 3758 1282 3830 ἢ
1313 3758 1657 3830 Χριστιανῶν
1679 3776 1695 3791 ο
1721 3759 1873 3823 ὅστις

282 3839 395 3911 γὰρ
420 3842 853 3915 ὑπερασπίζεται
889 3848 1069 3904 αὐτῶν
1102 3848 1163 3915 ἐξ
1217 3849 1395 3920 ὑμῶν,
1448 3844 1605 3915 οὗτος
1634 3850 1872 3922 ὑπάρχει

282 3931 347 3997 ἐξ
377 3933 623 3991 αὐτῶν.»
682 3939 868 3994 Ταῦτα
922 3940 1005 4012 τῷ
1058 3941 1377 4015 eameam
1437 3942 1551 4015 λαῷ
1586 3944 1738 4015 παρὰ
1774 3943 1871 3998 τοῦ

284 4025 623 4097 Εὑαγγελίου
653 4031 912 4102 Χριστοῦ,
942 4034 1019 4099 ὠς
1050 4033 1256 4106 ἔλεγες,
1298 4036 1397 4107 τῆς
1424 4038 1506 4101 είς
1529 4035 1660 4090 Θεὸν
1685 4036 1873 4093 ἕνεκεν

284 4120 572 4186 εὐσεϐείας
594 4123 857 4189 ἀποδίδως
888 4128 957 4182 τά
985 4128 1144 4200 γέρα,
1168 4129 1395 4194 εἰκότως
1417 4146 1481 4199 γε
1500 4145 1516 4159 ο
1541 4130 1594 4185 τί
1633 4130 1744 4200 γὰρ
1779 4131 1873 4184 καὶ

283 4211 417 4267 ἄλλο
442 4215 470 4268 ό
490 4215 737 4280 διάϐολος
773 4220 868 4273 καὶ
895 4220 943 4273 oi
988 4219 1181 4274 τούτου
1217 4221 1550 4293 θεράποντες
1576 4222 1872 4295 παρέξουσι

282 4305 399 4367 τοῖς
420 4305 638 4377 ἐχθροῖς
669 4309 852 4363 αὐτῶν
871 4318 897 4376 ;”
913 4310 1053 4392 ἔστω
1074 4313 1420 4383 Χριστιανοῖς
1454 4314 1552 4384 μὲν
1579 4314 1676 4387 τὴν
1697 4332 1869 4369 παντ-
1900 4339 1945 4396 D

282 4401 483 4470 ουργὸν
509 4401 601 4455 καὶ
615 4404 927 4477 ζωαρχικὴν
951 4388 1111 4476 ἁγίαν
1134 4408 1338 4479 Τριάδα
1357 4408 1876 4479 ὁμολογοῦσι,ταῦτα

286 4490 582 4561 ὑπομένειν
610 4495 824 4551 κελεύει
846 4515 862 4532 ο
905 4499 1183 4565 Ἰουδαίοις
1209 4499 1265 4554 δὲ
1297 4502 1409 4564 τοῖς
1456 4502 1870 4573 ἐπαγγελλομέ-

285 4600 398 4646 νοις
420 4585 520 4656 τῇν
539 4586 634 4641 τοῦ
686 4589 937 4662 Ἀϐραὰμ
990 4591 1175 4645 πίστιν
1206 4591 1534 4659 ἀποσώζειν,
1593 4593 1681 4648 διά
1711 4593 1763 4647 τί
1806 4594 1871 4651 τὰ

284 4675 427 4729 αύτά
452 4677 737 4747 προξενεῖς
764 4682 864 4736 ούκ
891 4683 996 4748 ἔξω
1016 4684 1113 4756 τῆς
1139 4685 1556 4756 κακοφροσύνης
1581 4684 1746 4739 αὐτοῦ
1770 4685 1868 4743 καὶ

278 4767 474 4821 τοῦτο’
512 4769 629 4841 ᾔδει
658 4772 768 4844 γὰρ
818 4775 901 4829 ὅτι
948 4776 1048 4846 τὴν
1096 4777 1335 4849 Χριστοῦ
1376 4778 1605 4850 θεότητα
1642 4780 1670 4833 ό
1704 4779 1868 4851 νόμος

285 4859 671 4918 ἀποδείκνυσιο
712 4864 801 4920 διά
846 4866 1002 4921 τοῦτο
1046 4868 1377 4940 ἀμφοτέροις
1421 4870 1728 4941 ὲχθραίνειν
1778 4888 1871 4924 κε-

284 4953 453 5019 λεύει,
489 4955 613 5010 καθ’
646 4956 770 5011 ὅλου
820 4958 1085 5030 θεομάχος
1150 4962 1413 5035 ὑπάρχων
1436 4980 1451 4996 υ
1505 4963 1588 5017 ὅτι
1617 4963 1675 5017 δὲ
1698 4963 1871 5018 ταῦτα

285 5049 623 5117 παραπαίων
642 5048 903 5119 ἔγραφεν,
931 5052 964 5122 ἢ
993 5054 1064 5109 τὰ
1094 5054 1378 5125 πρότερον,
1406 5055 1439 5127 ἢ
1471 5054 1671 5126 μᾶλλον
1694 5057 1871 5108 εἰπεῖν

286 5139 354 5192 τὰ
378 5141 577 5204 πάντα,
607 5140 856 5196 ἐντεῦθεν
879 5144 1056 5215 δῆλον.
1103 5147 1493 5201 Ἑπισυνάπτει
1524 5146 1633 5217 γὰρ
1659 5146 1869 5212 τούτοις

285 5231 454 5303 ἔτερα
481 5233 644 5300 ὃμοια
693 5236 788 5289 καὶ
845 5241 1159 5307 προσφωνεῖ
1196 5239 1481 5304 Ἰουδαίους
1506 5257 1566 5294 τε
1596 5240 1693 5293 καὶ
1728 5242 1867 5312 X9:-

289 5327 543 5392 στιανοὺς
578 5326 786 5396 λέγων·
824 5349 842 5382 ι
895 5332 992 5385 "Ae
1039 5332 1231 5385 οἰκεῖοι
1278 5332 1532 5403 γραφῶν,
1563 5331 1716 5385 οὐδέν
1745 5333 1870 5385 ὲστε

285 5414 390 5478 ἕως
415 5416 486 5469 ἂν
533 5416 922 5491 ὲξακολουθῆτε
953 5419 1030 5491 τῷ
1070 5420 1240 5490 νόμῳ,
1293 5421 1390 5473 καὶ
1418 5420 1497 5491 τῷ
1529 5422 1868 5493 Εὐαγγελίῳ,

287 5506 383 5561 καὶ
405 5509 517 5573 τοῖς
549 5512 922 5581 κατενεχθεῖσι
947 5514 1100 5585 παρά
1128 5513 1222 5567 τοῦ
1248 5513 1453 5585 Κυρίου
1482 5513 1639 5584 ὑμῶν
1659 5530 1674 5545 ·
1700 5531 1870 5585 προσ·

286 5599 498 5659 τίθεται
545 5602 655 5676 γὰρ
696 5606 761 5658 ὲκ
808 5605 917 5659 τῶν
968 5606 1399 5678 κατενεχθέντων
1425 5607 1557 5679 ἡμῖν
1592 5606 1744 5680 παρὰ
1775 5604 1868 5662 τοῦ

362 5784 477 5857 (εδ)
512 5784 638 5841 Sur.
670 5784 735 5852 ν,
772 5786 987 5852 57.51.

360 5859 477 5932 (ει)
506 5858 674 5917 Arab.
702 5858 777 5930 μὴ
800 5859 986 5931 κρίνῃ.

1971 3080 2108 3138 falsa
2148 3081 2489 3138 demonstres
2520 3098 2643 3153 quae
2674 3092 2800 3139 ante
2832 3092 2885 3139 te
2924 3083 3273 3152 exstiterunt,
3305 3091 3361 3139 et
3402 3093 3560 3140 tene-

1970 3176 2102 3232 bras
2153 3172 2513 3244 fallacemque
2542 3175 2799 3230 ducatum
2858 3173 3174 3231 hominibus
3207 3177 3472 3246 praebeas,
3502 3185 3559 3232 et

1965 3267 2160 3341 iudicii
2217 3278 2459 3339 tempore
2492 3282 2620 3323 cum
2676 3268 2742 3323 iis
2790 3266 2887 3339 qui
2940 3277 2994 3323 te
3041 3268 3385 3323 admiserunt
3424 3283 3562 3325 con.

1971 3360 2092 3417 dem
2102 3358 2272 3415 neris.

2042 3473 2183 3531 Tum
2233 3474 2425 3546 paucis
2470 3473 2790 3546 interiectis,
2817 3472 2874 3529 in
2912 3488 3072 3530 suam
3103 3472 3269 3529 veluti
3311 3472 3565 3531 relabens

1974 3569 2271 3635 insaniam,
2304 3568 2418 3623 haec
2446 3568 2525 3623 ait
2554 3585 2569 3622 :
2605 3587 2623 3622 ι
2650 3566 2822 3623 Οιιοε
2848 3566 3136 3623 credentes
3166 3566 3255 3637 (ad
3284 3565 3553 3621 barbaros

1972 3666 2197 3734 clamat)
2227 3677 2295 3718 ne
2334 3661 2454 3718 sitis
2484 3670 2835 3733 susceptores
2864 3659 3178 3716 Judaeorum
3210 3669 3265 3715 et
3292 3658 3568 3715 Christia-

1973 3770 2194 3811 norum.
2244 3752 2507 3824 Quisquis
2538 3750 2893 3808 vestrum'cis
2926 3749 3324 3822 patrocinatur,
3359 3749 3450 3806 hic
3479 3756 3570 3805 est

1972 3865 2037 3907 ex
2069 3849 2224 3921 ipsis.
2254 3866 2273 3900 ι
2309 3845 2422 3903 llos
2479 3845 2681 3918 populo
2721 3844 2825 3901 sub
2869 3843 3183 3915 evangelica
3210 3834 3416 3897 Christi
3461 3844 3566 3896 du-

1973 3952 2098 4000 catu
2134 3941 2372 4012 degenti,
2402 3948 2461 3994 ut
2494 3939 2702 4004 aiebas.
2736 3937 2962 4009 pietatis
3000 3951 3167 3992 causa
3210 3951 3335 4008 erga
3366 3934 3562 4000 Deum,

1974 4034 2214 4089 honores
2240 4032 2457 4088 tribuis.
2486 4031 2767 4100 Coudigue
2786 4030 3008 4101 quidem
3035 4046 3052 4096 ;
3082 4028 3213 4099 quid
3240 4028 3383 4083 enim
3411 4026 3562 4083 aliud

1973 4124 2230 4180 diabolus
2277 4133 2332 4180 et
2385 4122 2861 4202 hujus-satellitcs
2898 4120 3137 4177 inimicis
3174 4121 3288 4187 suis
3338 4120 3568 4176 exhibe-

1974 4216 2315 4275 buut?Esto
2350 4217 2481 4272 vclit
2532 4215 2899 4281 Christianos,
2938 4214 3035 4286 qui
3078 4214 3327 4270 omnium
3376 4229 3558 4268 rerqu

1974 4309 2295 4368 creatricem
2368 4306 2754 4377 viviﬁcamque
2808 4300 3134 4361 Trinitatem
3193 4302 3563 4369 conﬁtentur,

1974 4404 2117 4459 hanc
2146 4403 2255 4474 pati
2295 4416 2327 4456 a
2366 4414 2425 4455 se
2458 4399 2878 4473 contumeliam;
2926 4396 3131 4454 Iudaeis
3179 4412 3328 4460 vero,
3357 4396 3455 4468 qui
3501 4412 3563 4451 se

1974 4495 2134 4551 fidem
2160 4491 2460 4551 Abrahami
2493 4502 2700 4549 sar-tam
2737 4500 2934 4548 tectam
2982 4501 3167 4548 tenere
3209 4486 3435 4557 dicunt,
3463 4505 3564 4546 cur

1971 4603 2161 4659 parem
2198 4586 2457 4658 injuriam
2503 4582 2676 4641 facit!
2709 4586 2878 4656 Atqui
2914 4600 2981 4641 ne
3006 4585 3109 4640 hoc
3147 4584 3367 4655 quidem
3401 4582 3565 4638 mali-

1971 4683 2061 4738 tiae
2086 4681 2209 4753 ejus
2234 4690 2559 4737 extraneum
2591 4688 2693 4735 est.
2728 4679 2889 4735 Nmit
2911 4679 3081 4744 enim,
3115 4678 3320 4734 Christi
3358 4678 3564 4733 divini-

1974 4780 2141 4828 tatem
2168 4786 2201 4826 a
2235 4770 2355 4841 lege
2399 4770 2766 4826 demonstrari
2795 4786 2810 4824 :
2844 4770 3049 4825 idcirco
3083 4769 3331 4841 utrisque.
3374 4769 3563 4825 inimi-

1971 4879 2070 4921 cos
2107 4862 2263 4934 jubet
2309 4878 2432 4920 esse
2472 4879 2624 4929 suos,
2676 4862 2805 4934 quia
2858 4862 2975 4933 ipse
3023 4861 3328 4932 generatim
3386 4861 3556 4917 Deum

1973 4968 2269 5033 oppugnat.
2303 4959 2457 5027 Quod
2504 4969 2691 5016 autem
2739 4959 2854 5015 hanc
2893 4973 3003 5014 non
3041 4958 3163 5014 sine
3189 4958 3386 5014 delirio
3419 4958 3563 5014 scri-

1976 5053 2089 5119 bat,
2139 5068 2241 5109 nec
2288 5066 2398 5107 non
2428 5051 2631 5123 priora,
2664 5052 2746 5107 vel
2786 5052 2968 5121 potius
3012 5051 3221 5115 omnia,
3260 5049 3387 5104 hinc
3428 5064 3563 5105 con-

1978 5146 2163 5201 stabit.
2196 5145 2448 5201 Subtexit
2474 5144 2619 5200 enim
2646 5145 2732 5200 his
2760 5144 2865 5199 alia
2896 5145 3117 5208 similia,
3147 5154 3203 5199 et
3232 5142 3453 5198 Judaeos
3479 5150 3562 5198 ato

1977 5254 2084 5309 que
2133 5238 2478 5295 Christianos
2521 5239 2595 5294 ita
2650 5238 2952 5310 alloquitur
2984 5255 2999 5292 :
3026 5255 3045 5289 ι
3074 5236 3120 5292 0
3164 5236 3559 5307 scripturales,

1977 5331 2111 5385 nihil
2138 5345 2237 5386 vos
2268 5331 2425 5396 estis,
2457 5328 2699 5401 quandiu
2735 5329 2909 5401 legem
2957 5339 3012 5385 et
3056 5327 3411 5398 Evangelium
3471 5343 3565 5382 se-

1977 5423 2228 5488 ctamini,
2260 5432 2316 5479 et
2344 5424 2395 5479 id
2427 5424 2573 5495 quod
2611 5422 2867 5479 traditum
2898 5437 2930 5478 a
2962 5423 3073 5479 Deo
3103 5431 3289 5478 vestro
3315 5432 3418 5477 est.
3448 5421 3564 5475 Ad-

1976 5513 2125 5569 ditur
2143 5515 2289 5572 enim
2321 5531 2389 5570 ex
2418 5516 2485 5571 iis
2515 5529 2638 5585 qua:
2667 5514 2865 5569 tradita
2901 5524 3029 5573 sunt
3059 5514 3215 5569 nobis
3244 5528 3273 5567 a
3307 5512 3563 5579 Domino,

1978 5621 2133 5663 error
2168 5615 2224 5664 et
2254 5607 2566 5666 inﬁdelitas.
2592 5626 2611 5663 ι
2648 5606 2788 5677 Quid
2821 5607 2935 5681 jam
2980 5607 3139 5665 nobis
3172 5605 3463 5664 dicendum
3493 5605 3567 5662 de

2047 5788 2161 5860 (85)
2191 5789 2318 5845 Sur.
2349 5787 2420 5855 V,
2451 5789 2540 5846 59.
