3994 6662
300 416 445 480 741'

1481 409 1918 470 ΗΕΒΗΤΑΤΙΟ
1958 409 2434 472 MOHAMEDIS.

3455 415 3566 482 74?.

300 547 426 584 πων
449 527 763 588 ὑπόστασιν,
786 525 871 577 ὅτι
896 523 960 576 ὲκ
991 521 1165 594 πηλοῦ
1194 520 1316 577 κατ’
1336 520 1518 574 εἰκόνα
1544 521 1889 590 γεγένηνται,

2004 522 2123 575 facti
2157 522 2357 577 fuerint
2393 541 2407 579 :
2441 533 2494 579 et
2522 525 2666 591 quod
2701 504 3208 597 omniltus'angelis
3234 525 3569 597 imperatqu

300 623 405 676 καὶ
426 623 505 675 ὅτι
531 619 931 689 προστέτακται
971 618 1084 678 τοῖς
1134 614 1381 682 ἀγγέλοις
1414 614 1547 665 πᾶσι
1578 610 1887 681 προσκυνῆ-

300 730 400 765 σαι
429 709 504 779 τῷ
544 709 714 777 Ἀδάμ
735 723 748 736 ’
783 709 875 760 καὶ
927 706 1033 760 τῶν
1067 706 1268 758 λοιπῶν
1312 704 1830 775 προσκυνησάντων,
1860 705 1889 756 ὁ

301 803 509 873 Βελίαρ
534 803 694 872 μόνος
727 800 788 853 ού
819 797 1189 869 προσεκύνησε
1208 813 1221 827 ⁸
1256 796 1350 850 καὶ
1378 798 1457 848 ὅτι
1485 796 1779 865 ἐρωτηθεὶς
1803 794 1892 848 διὰ.

298 897 361 949 τί
397 896 471 965 μὴ
506 893 928 962 προσεκύνησεν,
953 891 1129 944 αἰτίαν
1160 890 1451 943 ἀποδίδωσι
1483 890 1541 942 τὺ
1558 891 1761 942 ἐκεῖνον
1789 887 1890 958 μὲν

301 987 375 1038 ὲκ
400 984 571 1054 πηλοῦ
599 983 871 1053 γενέσθαι,
908 981 1098 1036 ἑαυτὸν
1123 981 1167 1033 δ’
1193 983 1256 1034 ἐκ
1300 981 1495 1051 πυρός·
1532 982 1625 1033 καὶ
1678 981 1762 1033 ὅτι
1792 982 1891 1033 ἑπ-

301 1077 550 1149 ετιμήθη
597 1077 750 1146 παρά
787 1073 955 1134 Θεοῦ,
1009 1075 1103 1127 καὶ
1131 1075 1212 1127 ὅτι
1241 1073 1489 1138 ἀντέλεξε
1534 1072 1612 1143 τῷ
1645 1071 1764 1142 Θεῴ
1796 1073 1893 1126 ὲπ-

298 1170 696 1238 απειλούμενος
728 1166 805 1237 τῷ
838 1167 1009 1236 Ἀδὰμ
1028 1165 1113 1219 διὰ
1141 1166 1242 1234 τήν
1266 1166 1345 1227 εἰς
1385 1152 1546 1217 αὑτὸν
1578 1164 1891 1233 ἀγανάκτη-

302 1282 420 1330 σιν,
455 1262 549 1315 τοῦ
598 1263 673 1332 μὴ
705 1261 1010 1329 περιλιπεῖν
1065 1259 1229 1314 αὑτὸν
1261 1259 1400 1330 πλὴν
1444 1260 1639 1328 ὀλίγων
1687 1258 1794 1312 τῶν
1834 1257 1893 1322 ἐξ

302 1356 476 1410 αὐτοῦ
518 1353 874 1425 σωζομένων⁹
909 1352 1003 1405 καὶ
1048 1352 1146 1423 τήν
1198 1352 1439 1422 ἱστορίαν
1480 1352 1579 1423 τὴν
1631 1350 1774 1404 κατά
1799 1350 1891 1402 τὸν

305 1450 664 1521 παράδεισον,
706 1448 800 1501 καὶ
833 1445 932 1517 τὴν
958 1445 1053 1498 τοῦ
1114 1446 1287 1516 ’Δδάμ
1322 1445 1565 1516 ὲξορίαν·
1600 1446 1648 1497 οἱ
1674 1443 1766 1497 οὖν
1795 1445 1893 1513 τῆς

303 1543 467 1604 θείας
498 1539 717 1611 Γραφῆς
741 1539 997 1609 τρόφιμοι
1034 1535 1242 1590 συνίετε
1283 1537 1499 1600 πάντως
1526 1535 1626 1599 τὰς
1660 1551 1895 1607 προτρο-

302 1635 425 1697 uit;
452 1635 547 1687 καὶ
579 1632 816 1703 ματαίας
846 1630 1166 1702 προσθήκας
1195 1629 1289 1684 τοῦ
1323 1630 1690 1691 ἁπαταιῶνος.
1875 1623 1885 1633 ’

373 1734 468 1779 γε’.
519 1724 576 1778 'U
607 1724 661 1776 δὲ
702 1722 903 1786 σκοπὸς
932 1721 1102 1778 αὐτοῦ
1129 1724 1210 1787 εἰς
1230 1722 1389 1776 τοῦτο
1415 1722 1617 1793 ἀφορᾷ,
1645 1721 1729 1775 ὅτι
1752 1717 1817 1791 δὴ
1843 1719 1893 1773 οί

302 1816 450 1869 Θεοῦ
486 1815 801 1880 ἀθετοῦντες
829 1816 1069 1885 ἐντολήν,
1127 1816 1314 1885 φησὶν,
1347 1814 1710 1869 ἀπόλλυνταιο
1759 1814 1808 1867 οἱ
1838 1812 1895 1864 δὲ

304 1909 695 1978 φυλάττοντες,
732 1904 992 1970 σώζονται
1015 1923 1030 1940 ο
1078 1907 1139 1960 τὸ
1167 1907 1226 1959 δὲ
1258 1907 1411 1971 τέλος
1445 1905 1655 1960 ἑαυτῶν
1696 1920 1894 1973 συντη-

309 2003 401 2068 ρεῖ
421 2017 433 2029 ·
466 1997 867 2062 κατασκευάζει
897 1997 953 2051 δὲ
979 1997 1111 2051 αὐτὸ
1141 1996 1251 2052 ἀπὸ
1299 1998 1473 2069 ’Δδάμ
1499 1997 1596 2052 καὶ
1624 1997 1733 2050 τῶν
1755 1994 1894 2050 καθο

306 2091 444 2161 εξῆς
467 2108 479 2122 ·
512 2089 587 2152 ὼς
615 2091 678 2143 ἐκ
735 2087 928 2143 τούτου
957 2089 1066 2142 τῶν
1108 2088 1274 2142 αὐτοῦ
1303 2086 1478 2157 λόγων
1506 2087 1618 2157 (9i)
1646 2087 1747 2158 τὴν
1791 2102 1899 2139 πα-

307 2182 549 2253 ραδοχὴν
582 2182 1040 2254 πιστευθήσεσθαι
1064 2181 1287 2245 ἐλπίσας
1308 2197 1323 2213 ’
1358 2182 1520 2245 εὐθὺς
1546 2176 1640 2234 οὖν
1670 2195 1898 2251 παρεισο

306 2277 436 2344 ἀγει
464 2274 809 2343 ἀδιάγνωστά
842 2291 966 2329 τινα
1018 2276 1310 2346 ληρήματα
1363 2274 1424 2340 ἐξ
1453 2274 1678 2343 ἀφανῶν
1723 2289 1897 2342 προσ-

304 2368 482 2420 ώπων
538 2368 634 2421 καὶ
686 2366 984 2437 ἀνωνύμων
1051 2368 1133 2431 είς
1194 2369 1454 2438 κήρυγμα
1497 2366 1605 2437 πρὸ
1629 2363 1723 2418 τοῦ
1773 2362 1898 2417 Νῶε

305 2459 613 2514 ἐλθόντωνο
646 2460 739 2513 καὶ
764 2461 820 2512 ὲν
848 2454 929 2522 οἷς
964 2459 1063 2530 μὲν
1113 2458 1515 2527 ἐπιστεύθησαν
1544 2456 1696 2511 θείαν
1743 2457 1897 2511 εὐλο-

305 2554 444 2622 γίαν
478 2550 909 2624 προεξενηκότα·
943 2554 1001 2605 ὲν
1048 2548 1129 2614 οἷς
1153 2551 1211 2605 δὲ
1227 2550 1608 2623 ἠπιστήθησαν
1653 2549 1899 2622 κατάραν

308 2643 605 2715 μεγίστην.
660 2644 815 2697 Μετά
865 2642 1012 2706 Νῶε,
1067 2642 1238 2697 Ζάλετ
1292 2642 1415 2697 τινὰ
1469 2642 1759 2715 προφήτην
1806 2640 1902 2695 καὶ

302 2736 614 2791 ἀπόστολον
639 2737 938 2807 εἰσηγεῖται
973 2736 1198 2804 ἀδελφὸν
1225 2732 1452 2805 Θαμὼθ,
1480 2735 1571 2789 τὸν
1603 2733 1726 2788 οὔτε
1745 2750 1903 2804 γεγο-

304 2828 449 2882 νότα
476 2825 599 2881 οὔτε
635 2825 763 2896 παρ’
804 2826 966 2881 ἀλλου
998 2825 1369 2895 ὀνομασθέντα
1400 2825 1620 2879 πώποτε
1642 2840 1659 2857 ο
1714 2823 1809 2877 ἐπὶ
1839 2823 1902 2876 τὸ

306 2917 451 2970 αὐτὸ
487 2915 643 2971 τοῦτο
667 2916 1110 2988 παραγενόμενος
1141 2915 1235 2970 καὶ
1277 2914 1521 2988 κηρύξας
1540 2932 1556 2948 θ
1587 2915 1681 2969 καὶ
1709 2914 1794 2985 ἐφ’
1820 2907 1901 2977 οἷς

308 3011 421 3081 μὲν
451 3009 745 3081 ἐπιστεύθη
779 3010 872 3065 καὶ
905 3010 1065 3075 αὐτὸς
1094 3006 1185 3064 τὸν
1207 3008 1337 3063 Θεὸν
1365 3006 1569 3082 εὐμενῆ
1593 3009 1898 3081 παρέσχεν·

306 3107 402 3175 ἐφ’
455 3102 535 3169 οἷς
590 3104 647 3158 δὲ
692 3105 991 3175 ἠπιστήθη,
1057 3104 1534 3175 διεφαυλίσθησαν,
1598 3103 1752 3175 φησὶ,
1813 3101 1902 3157 διὰ

1992 614 2176 678 fuerit,
2215 624 2273 670 ut
2294 615 2564 671 Adamum
2592 618 2888 673 adorarent
2914 633 2928 672 :
2957 632 3194 688 cumque
3215 620 3397 675 czeteri
3429 621 3567 677 ado-

1990 717 2225 773 rasseut,
2249 708 2425 763 solum
2451 706 2629 763 Beliar
2656 708 2899 764 uoluisse
2921 709 3249 779 obsequium
3272 712 3566 769 exhibere:

1990 810 2238 867 rogatum
2288 808 2473 855 autem
2527 809 2626 854 cur
2670 812 2781 855 non
2836 801 3110 867 adoraret,
3146 808 3370 858 causam
3418 804 3571 859 intu-

1992 890 2143 957 lisse,
2184 894 2331 962 quod
2381 892 2471 949 ille
2519 908 2582 947 ex
2636 895 2755 949 luto
2783 895 3101 961 exstitisset,
3138 893 3256 964 ipse
3287 905 3468 952 autem
3499 913 3569 953 ex

1993 980 2135 1051 igne.
2173 983 2312 1036 Tum
2355 983 2685 1054 increpitum
2715 983 2887 1041 fuisse
2913 1001 2944 1040 a
2974 986 3105 1049 Deo,
3132 987 3424 1057 ipsumque
3457 988 3570 1044 Deo

1992 1075 2411 1141 contradixisse,
2445 1086 2500 1131 et
2534 1077 2741 1134 Adamo
2790 1079 2955 1134 simul
2992 1080 3410 1147 comminatum,
3443 1096 3571 1137 sus-

1993 1175 2151 1238 cepto
2214 1167 2480 1224 adversus
2522 1184 2647 1223 eum
2684 1170 2833 1236 odio,
2863 1172 3081 1227 nonnisi
3112 1188 3313 1241 paucos
3344 1188 3411 1227 ex
3444 1174 3568 1245 ejus

1992 1265 2229 1333 posteris
2261 1263 2443 1318 salvos
2473 1262 2610 1318 fore.
2641 1262 2819 1336 Pergit
2853 1280 3077 1321 narrare
3098 1267 3351 1336 paradisi
3391 1268 3569 1324 histo-

1992 1354 2156 1416 riam,
2204 1364 2258 1408 et
2304 1354 2497 1409 Adami
2520 1354 2800 1409 exsilium.
2833 1353 3219 1412 Verumtamen
3249 1359 3570 1430 quicunque

1994 1448 2168 1501 sacris
2211 1444 2514 1516 Scripturis
2542 1447 2790 1501 innutriti
2831 1445 3034 1513 fuistis,
3085 1449 3274 1504 devios
3310 1452 3573 1521 decepto-

1994 1536 2077 1591 ris
2133 1550 2404 1592 excursus
2457 1537 2764 1607 stultasque
2815 1537 3121 1595 additiones
3147 1540 3319 1610 probe
3358 1556 3576 1613 cogno-

1993 1626 2167 1682 scitis.

2064 1718 2156 1773 55.
2188 1716 2403 1789 Scopas
2435 1728 2621 1774 autem
2654 1718 2778 1790 ejus
2826 1723 2936 1777 huc
2990 1723 3265 1790 colliueat,
3296 1733 3357 1780 ut
3396 1723 3572 1779 divini

1996 1811 2249 1880 praecepti
2300 1811 2593 1868 violatores
2633 1814 2812 1883 perire
2854 1814 3020 1878 dicat,
3055 1819 3361 1887 morigeros
3389 1827 3573 1873 autem

1994 1899 2216 1955 salvari.
2243 1900 2409 1970 Atqui
2455 1900 2672 1957 illorum
2698 1902 2894 1959 seriem
2926 1906 3235 1971 continuat,
3263 1924 3331 1964 ex
3362 1909 3576 1966 Adamo

1995 2001 2052 2049 et
2087 1992 2345 2063 deinceps
2372 2003 2709 2063 contexens;
2748 1995 3010 2054 nimirum
3043 1999 3171 2056 hinc
3197 2015 3430 2071 sperans
3463 2017 3581 2057 ser-

1997 2099 2220 2140 menum
2251 2099 2476 2141 suorum
2526 2086 2810 2143 traditioni
2854 2089 3013 2144 tidem
3044 2105 3417 2148 accessuram.
3441 2093 3576 2149 .Mox

1997 2175 2179 2244 itaque
2213 2175 2508 2232 introducit
2542 2176 2847 2248 incognitas
2883 2180 3070 2235 nescio
3094 2196 3235 2250 quas
3268 2198 3445 2253 nugas
3478 2184 3580 2239 ob-

1998 2282 2285 2323 scurarum
2334 2276 2393 2323 et
2421 2268 2542 2324 sine
2590 2269 2909 2327 nominibus
2937 2286 3317 2341 personarum,
3351 2293 3474 2345 qtue
3510 2278 3579 2331 ad

1998 2359 2403 2429 praedicandum
2452 2370 2580 2416 ante
2624 2360 2738 2418 Noe
2771 2366 3038 2431 venerint,
3070 2376 3127 2421 et
3168 2375 3437 2437 quatenus
3472 2370 3580 2425 illis

2001 2452 2270 2506 creditum
2323 2451 2450 2516 fuit,
2481 2452 2723 2509 divinam
2782 2455 3217 2514 benedictionem
3282 2458 3579 2516 conferen-

2002 2545 2137 2600 tium
2165 2561 2181 2607 ;
2212 2554 2486 2615 quatenus
2534 2555 2719 2627 autem
2766 2548 3146 2618 discreditum,
3198 2553 3579 2623 gravissimam

2002 2638 2467 2694 maledictionem.
2499 2638 2633 2694 Post
2664 2637 2776 2694 Noe
2808 2639 3052 2697 Zaletum
3108 2644 3403 2714 quemdam
3456 2661 3584 2716 pro-

1999 2730 2221 2800 phetam
2251 2732 2601 2804 legatumque
2640 2732 2959 2799 introducit,
3004 2735 3224 2792 fratrem
3264 2737 3582 2807 Thamothi,

2001 2821 2280 2879 hominem
2328 2826 2423 2895 qui
2486 2843 2768 2899 nunquam
2819 2830 3049 2897 exstitit,
3080 2838 3247 2901 atque
3286 2847 3317 2888 a
3368 2833 3586 2889 nemine

2003 2930 2244 2985 unquam
2273 2918 2591 2975 nominatus
2615 2919 2751 2987 fuit;
2789 2931 3028 2978 attamen
3070 2923 3138 2978 ad
3175 2923 3319 2980 idem
3346 2923 3582 2980 oflicium

2000 3008 2189 3075 venit;
2227 3009 2589 3081 institutaque
2651 3014 3083 3083 pnedicatione,
3125 3016 3172 3071 is
3208 3032 3426 3087 quoque
3476 3018 3586 3073 illis

2002 3100 2097 3170 qui
2126 3101 2232 3156 sibi
2279 3102 2631 3160 crediderunt
2689 3105 2857 3161 Deum
2895 3109 3240 3179 propitiavit;
3278 3110 3351 3164 illi
3400 3120 3582 3165 autem

308 3196 547 3267 σεισμοῦ
571 3199 628 3251 ὲν
672 3199 792 3261 ταῖς
819 3197 1007 3262 αὐλαῖς
1035 3196 1217 3250 αὐτῶν
1244 3196 1603 3269 ὲξαρώμενοι.
1663 3195 1820 3251 Μετά
1844 3196 1898 3251 δὲ

2010 3192 2101 3261 qui
2130 3191 2352 3247 fuerunt
2380 3194 2660 3261 increduli,
2696 3197 2993 3265 perierunt,
3027 3197 3222 3267 inquit,
3249 3206 3407 3252 terrm
3433 3210 3583 3253 tnottt

306 3289 507 3342 ’τοῦτον
556 3288 743 3359 ἕτερον
793 3289 940 3357 λέγει
989 3289 1279 3359 προφήτην
1330 3290 1424 3342 καὶ
1457 3287 1756 3342 ἀπόστολον
1808 3289 1903 3342 καὶ

307 3381 559 3451 κήρυκα,
608 3377 945 3447 Μαδιανίτην
1006 3378 1083 3448 τῷ
1116 3378 1257 3430 ἔθνει
1310 3377 1476 3430 αὐτοῦ
1510 3379 1901 3450 ἀποσταλῆναι,

306 3471 458 3527 Σαῒκ
484 3472 654 3542 ὄνομα
683 3470 859 3541 αὐτῷ·
893 3470 1153 3535 ὡσαύτως
1186 3471 1280 3524 καὶ
1304 3470 1495 3524 τοῦτον
1517 3471 1902 3542 διαμαρτυρά-

314 3581 487 3635 μενον
516 3563 610 3617 καὶ
639 3563 943 3632 ποιήσαντα
969 3564 1113 3616 κατά
1134 3564 1262 3626 τοὺς
1306 3563 1413 3633 τρο
1440 3562 1627 3625 αὑτοῦ,
1657 3562 1753 3625 οὓς
1778 3563 1903 3616 οὔτε

310 3655 585 3724 Μωῦσῆς,
614 3653 736 3707 οὔτε
766 3672 849 3719 τις
877 3654 984 3708 ’τῶν
1014 3650 1315 3726 ἐλλογίμων
1337 3655 1546 3726 ἀνδρῶν
1578 3655 1867 3708 ἐπίσταται
1886 3673 1901 3687 ο

311 3748 413 3799 καὶ
444 3746 539 3798 ἐπὶ
579 3745 792 3809 τούτοις
843 3746 1116 3818 μέμνηται
1146 3747 1428 3810 Μωῢσέως
1464 3746 1599 3800 Θεὸν
1629 3747 1904 3819 κηρύξαν-

310 3854 410 3898 τος
429 3854 446 3869 ·
477 3836 571 3890 καὶ
596 3838 677 3890 ὅτι
702 3838 760 3890 ἐν
787 3833 868 3900 οἷς
900 3837 1021 3906 μὲν,
1040 3837 1205 3906 φησὶν
1230 3836 1363 3910 (92),
1381 3836 1709 3907 ὑπηκούετο,
1728 3838 1785 3889 al
1809 3835 1903 3889 τοῦ

306 3926 456 3981 Θεοῦ
488 3928 801 4000 ἀντιλήψεις
830 3927 1172 3999 προέφθαζον
1190 3945 1204 3959 ο
1232 3930 1292 3982 ὲν
1339 3922 1422 3992 οἷς
1457 3928 1513 3980 δὲ
1536 3928 1902 3998 παρηκούετο,

312 4022 354 4092 ἡ
386 4021 515 4091 δίκη
545 4023 671 4086 τοὺς
717 4022 1055 4100 ὑπευθύνοις
1102 4021 1362 4092 ἀνήλισκε
1389 4036 1403 4051 ·
1438 4021 1532 4074 καὶ
1581 4023 1648 4089 τῇ
1677 4021 1904 4092 τοιαύτη

312 4114 513 4185 ἀγωγῇ
551 4114 887 4186 κεχρημένος
911 4115 969 4182 ἐξ
1003 4113 1221 4185 ἑτοίμου
1258 4113 1387 4185 περὶ
1413 4111 1578 4166 αὑτοῦ
1614 4112 1796 4183 λέγει’

389 4294 503 4361 νς¹.
533 4313 554 4349 ι
595 4296 694 4348 "Ae
725 4295 1002 4368 ἄνθρωποι
1031 4310 1045 4325 ·
1099 4286 1210 4363 ἐγὼ
1262 4291 1561 4356 ἀπόστολός
1599 4293 1715 4362 είμι
1769 4292 1905 4345 Θεοῦ

317 4390 459 4461 πρὸς
488 4390 634 4460 ὑμᾶς
667 4389 892 4453 πάντας.
929 4406 946 4439 ι
987 4387 1181 4450 Καλῶς
1204 4403 1270 4456 γε
1295 4386 1455 4457 ἔργον
1481 4384 1580 4455 μὲν
1616 4385 1763 4448 θείας
1816 4385 1906 4438 δυ-

314 4486 535 4554 νάμεως
554 4483 948 4553 ἐπιφερόμενος
975 4480 1147 4545 οὐδὲν,
1170 4478 1292 4533 οὕτε
1319 4478 1532 4546 σοφίας,
1562 4474 1688 4530 οὔτε
1706 4477 1906 4548 ἀρετῆς

2007 3282 2061 3337 in
2100 3284 2434 3341 habitaculis
2497 3286 2614 3341 suis
2667 3287 2965 3344 maledicti.
2999 3286 3131 3344 Post
3184 3289 3362 3353 hunc,
3416 3290 3582 3343 alium

2004 3377 2138 3433 dicit
2191 3380 2535 3449 praphetam,
2586 3380 2936 3436 Madianitem
2978 3382 3266 3452 legationis
3311 3392 3364 3438 et
3397 3382 3589 3453 prmdi-

2004 3471 2236 3526 cationis
2269 3486 2437 3527 causa
2490 3473 2559 3527 ad
2613 3482 2830 3544 gentem
2891 3489 3047 3530 suam
3102 3475 3369 3542 missum;
3424 3475 3586 3545 eique

2005 3578 2205 3617 nomen
2254 3562 2427 3620 fuisse
2460 3563 2645 3620 Saico.
2680 3563 2836 3620 Hunc
2870 3566 2987 3637 pari
3029 3567 3190 3621 modo
3220 3576 3583 3622 contestatum

2004 3667 2145 3717 esse,
2176 3662 2230 3708 et
2265 3653 2469 3710 similia
2500 3655 2777 3724 prioribus
2826 3658 3026 3725 egisse.
3061 3657 3211 3725 Quos
3254 3668 3437 3713 tamen
3482 3658 3585 3712 ho-

2004 3745 2183 3803 mines
2217 3761 2396 3818 neque
2434 3746 2651 3819 Moyses
2709 3764 2887 3818 neque
2937 3750 3230 3820 quisquam
3291 3751 3585 3805 illustrium

2005 3846 2301 3895 auctorum
2343 3841 2613 3909 agnoscit.
2642 3838 2987 3894 Postremum
3018 3850 3288 3895 memorat
3319 3842 3584 3913 Moysen»,

2006 3933 2191 4000 aitque
2245 3939 2519 4000 quatenus
2542 3932 2817 3985 obeditutn
2851 3931 2900 3984 ei
2934 3931 3055 3997 fuit,
3096 3931 3186 3987 Dei
3219 3934 3585 4001 patrocinium

2005 4020 2282 4085 adfuisse;
2327 4030 2596 4089 quatenus
2625 4034 2755 4074 vero
2781 4021 3029 4075 restitum
3062 4022 3137 4075 illi
3157 4031 3258 4084 est,
3288 4022 3587 4076 vindictam

2006 4124 2130 4164 reos
2165 4119 2531 4178 persecutam.
2582 4112 2761 4180 Atque
2787 4111 2889 4166 hac
2919 4112 3004 4165 via
3033 4112 3135 4168 sibi
3169 4122 3362 4177 strata,
3405 4114 3588 4167 statim

2006 4200 2074 4256 de
2100 4218 2156 4256 se
2180 4204 2297 4272 ipso
2327 4203 2493 4256 dicit:

2076 4294 2169 4350 56.
2206 4311 2224 4345 ι
2270 4293 2314 4348 Ο
2360 4296 2633 4360 homines,
2666 4310 2766 4365 ego
2812 4295 3045 4367 legatus'
3080 4295 3172 4352 Dei
3218 4312 3339 4352 sum
3375 4295 3441 4350 ad
3493 4310 3592 4349 νος

2007 4399 2249 4439 omnes:
2272 4382 2536 4440 Praeclare
2562 4386 2876 4441 enimvero!
2904 4388 2997 4457 qui
3027 4388 3235 4442 nullum
3268 4388 3464 4442 divinae
3488 4384 3613 4456 pou

2010 4478 2193 4532 tentia:
2226 4492 2369 4547 opus
2392 4494 2504 4548 pra:
2534 4494 2593 4534 se.
2623 4480 2748 4547 fert,
2776 4479 2907 4533 nihil
2934 4480 3218 4550 sapienti-.e
3256 4494 3351 4534 aut
3377 4480 3595 4534 virtutis

319 4577 625 4645 ἀξιολόγου,
672 4574 1199 4647 αύτοχειροτονήτως
1232 4571 1288 4624 δὲ
1320 4571 1413 4625 καὶ
1445 4571 1628 4640 πάσης
1685 4570 1898 4624 ἀποδεί-

2006 4569 2165 4625 laude
2193 4571 2389 4642 dignm,
2414 4570 2632 4641 propria
2668 4572 3013 4637 auctoritate,
3045 4584 3098 4627 et
3128 4570 3337 4643 absque
3367 4573 3598 4628 demon-

317 4670 458 4736 ξεως
487 4668 607 4740 δίχα
639 4668 733 4722 καὶ
758 4667 1144 4738 προαγγελίας,
1174 4665 1235 4719 τὸ
1258 4662 1349 4719 τοῦ
1396 4663 1699 4718 ἀποστόλου
1732 4662 1899 4729 ἀξίω-

323 4780 401 4833 μα
428 4760 496 4814 δι’
526 4761 688 4814 αὐτοῦ
719 4761 1189 4829 ἀπενεγκάμενος·
1219 4757 1315 4812 καὶ
1343 4756 1426 4822 τίς
1453 4757 1611 4812 τοῦτο
1637 4759 1809 4812 ποιεῖν
1838 4758 1898 4810 οὐ

319 4852 566 4917 δύναται,
594 4849 702 4905 τῶν
732 4851 873 4905 πάνυ
910 4849 1327 4919 ἀφρονεστάτων
1352 4850 1445 4903 καὶ
1467 4850 1738 4919 ἀγνωσίαν
1764 4847 1899 4903 Θεοῦ

320 4942 592 5014 ἐχόντωνς
627 4942 761 4996 διότι
815 4940 1053 5011 Μωῦσῆς
1106 4939 1426 5011 νομοθέτης,
1484 4944 1579 4995 καὶ
1621 4940 1711 4996 διὰ
1741 4940 1792 4995 τί
1825 4941 1903 5013 μὴ

320 5037 418 5090 καὶ
444 5033 644 5107 Φαραὼ
672 5034 1003 5105 νομοθέτης;
1038 5032 1154 5086 ἀλλ’
1191 5033 1219 5086 ὃ
1254 5037 1445 5098 ποιεῖν,
1474 5034 1523 5086 εί
1552 5033 1646 5087 καὶ
1691 5033 1900 5096 κακῶς,

320 5132 474 5202 ὅμως
526 5129 657 5199 γοῦν
710 5130 861 5181 ποεῖν
890 5126 1160 5198 ἐνόμιζες,
1214 5127 1406 5181 τούτου
1443 5127 1520 5190 ὼς
1547 5126 1769 5179 εὐκόλου
1802 5126 1899 5196 μέο

326 5238 565 5292 μνησαι⁸
595 5220 623 5273 δ
650 5219 704 5272 δὲ
746 5218 1048 5291 προϐλέῲαι
1090 5219 1187 5272 ούκ
1226 5210 1394 5288 εἶχες,
1428 5217 1862 5288 παρεσιώπησας
1886 5233 1900 5247 ’

323 5316 437 5384 ἐγὼ
470 5314 528 5368 δέ
560 5331 619 5366 σε
645 5313 740 5367 καὶ
790 5313 950 5365 τοῦτο
1001 5311 1330 5381 ὑπομνήσω’
1364 5309 1604 5376 Μωῡσῆς
1636 5308 1773 5378 μετά
1806 5305 1900 5362 τού

324 5407 624 5479 νομοθέτης
653 5401 811 5470 εἶναι,
862 5406 954 5458 καὶ
990 5404 1272 5474 προφήτης
1304 5401 1420 5454 ἐστί
1444 5418 1457 5431 ·
1498 5401 1588 5453 καὶ
1628 5401 1726 5472 τῆς
1773 5416 1910 5472 προ-

327 5496 557 5569 φητείας
602 5495 874 5569 ὁσημέραι
920 5495 1017 5558 τὰς
1047 5493 1298 5558 ἐκϐάσεις
1332 5491 1646 5565 θεωροῦμεν
1672 5510 1685 5524 ·
1717 5492 1811 5546 σοῦ
1852 5495 1911 5548 δὲ

2010 4661 2276 4717 stratioue
2326 4668 2421 4715 aut
2479 4659 2853 4729 praedictione,
2895 4660 3051 4730 legati
3100 4662 3206 4716 sibi
3262 4662 3583 4732 dignitatem

2010 4759 2206 4821 sponte
2237 4751 2424 4805 sumit.
2466 4748 2601 4815 Quis
2630 4765 2757 4804 vero
2789 4751 3152 4808 stultissimus
3179 4753 3328 4818 licet,
3370 4759 3423 4807 et
3444 4752 3593 4807 outni

2010 4841 2106 4897 Dei
2145 4843 2457 4913 cognitione
2508 4858 2724 4908 carens,
2772 4841 2825 4895 id
2862 4843 3039 4912 ipsum
3071 4844 3290 4916 aggredi
3322 4843 3597 4913 nequeat?

2008 4934 2064 4990 Si
2091 4936 2349 5005 quoniam
2379 4933 2593 5005 Moyses
2631 4933 2913 5005 legislator
2942 4944 3048 4996 est.
3080 4933 3284 4991 idcirco
3316 4944 3369 4989 et
3401 4934 3592 4990 Maba-

2006 5030 2212 5090 medes,
2246 5027 2438 5099 quidni
2485 5028 2701 5082 Pharao
2750 5043 2968 5098 quoque
3006 5030 3059 5082 in
3095 5029 3466 5099 legislatorum
3496 5045 3597 5083 nu-

2005 5138 2157 5178 mero
2186 5122 2294 5176 sit?
2333 5122 2404 5174 At
2432 5120 2583 5174 enim
2610 5120 2757 5190 quod
2786 5120 2990 5185 facere,
3025 5122 3125 5175 etsi
3159 5122 3319 5187 male,
3363 5123 3595 5191 putabas

2008 5227 2193 5272 tamen
2228 5225 2279 5271 te
2314 5215 2515 5277 facere,
2562 5215 2614 5269 id
2650 5215 2842 5269 saltem
2894 5214 3169 5286 probabili
3212 5217 3428 5273 ratione
3466 5232 3594 5271 nare

2010 5324 2130 5364 rare
2157 5307 2425 5363 debueras
2465 5306 2640 5377 :quia
2696 5315 2876 5362 tamen
2924 5308 3073 5378 quod
3131 5325 3242 5379 prae
3298 5318 3350 5365 te
3399 5309 3592 5373 ferres.

2011 5400 2401 5462 nonhabuisti,
2451 5415 2566 5455 rem
2628 5400 2846 5455 silentio
2901 5403 3301 5467 transmisisti;
3359 5406 3453 5458 sed
3489 5419 3592 5471 ego

2011 5495 2108 5550 tibi
2145 5497 2196 5549 iu
2231 5494 2552 5550 memoriam
2588 5493 2875 5565 reducam.
2913 5492 3126 5566 Moyses
3159 5512 3265 5551 non
3310 5495 3593 5567 legislator
3690 5513 3702 5523 ·

323 5592 378 5645 τί
398 5592 489 5645 καὶ
510 5591 892 5660 θαυμάσομεν;
925 5589 1023 5650 τὰς
1042 5586 1309 5650 ἀσωτείας
1333 5603 1348 5653 ;
1384 5587 1482 5650 τάς
1508 5586 1719 5655 σφαγάς
1742 5604 1755 5653 ;
1785 5590 1898 5651 τοὺς

2014 5587 2414 5653 tantummodo,
2448 5602 2637 5641 verum
2675 5587 2840 5642 etiam
2873 5587 3138 5658 propheta
3179 5598 3316 5653 erat,
3369 5588 3597 5658 ejusque

325 5682 726 5756 ἔμπρησμούς;
765 5682 862 5746 τὰς
908 5677 1229 5752 λεηλασίαςς
1285 5680 1381 5744 τὰς
1430 5677 1776 5749 δυσφημίας;
1811 5680 1907 5734 καὶ

401 5862 514 5935 (9i)
550 5862 676 5923 Sur.
714 5864 827 5933 \‘ll,
855 5866 942 5929 fit,
976 5865 1064 5930 60,
1090 5863 1180 5921 86.
1234 5889 1238 5895 ο

2016 5680 2423 5754 prophetiarum
2459 5680 2703 5753 quotidie
2734 5668 2941 5738 exitum
2981 5682 3277 5739 cernimus.
3313 5680 3368 5737 lu
3414 5693 3465 5739 te
3500 5697 3593 5736 auo

2090 5862 2198 5934 (lli!)
2230 5863 2352 5920 Eur.
2391 5860 2505 5932 ΥΠ,
2537 5864 2655 5930 ibi,
2696 5863 2809 5923 139.
