3994 6672
370 404 488 471 743

1647 392 1947 455 NICET/E
1983 389 2391 453 BYZANTINI

3554 393 3676 458 744

375 529 481 575 tem
531 512 663 585 quid
712 508 1085 567 admiremur?
1133 506 1411 571 libidines,
1445 504 1643 569 credes.
1693 501 1971 567 incendia,

2093 500 2178 571 τῆς
2202 500 2356 563 οείας
2390 498 2616 571 Γραφῆς
2645 499 2772 565 τοὺς
2802 498 3145 572 λιθασμούςς
3196 499 3358 556 λίθων
3403 502 3510 573 γὰρ
3545 504 3680 575 χεί-

374 604 830 676 depraedationes.
881 599 1269 670 blasphemias,
1300 605 1356 652 et
1399 596 1601 651 divina:
1652 591 1955 662 Scriptura:

376 693 777 767 lapidationes?
826 693 1030 748 etenim
1082 691 1321 760 lapidum
1358 688 1532 741 instar
1566 693 1696 742 sunt
1738 684 1956 741 scelesti

378 804 660 846 sermones
684 783 1277 856 tui.-Legalus,inquit,
1303 781 1398 836 Dei
1438 796 1580 836 sum.
1618 780 1823 834 Revera
1869 794 1963 849 ap-

377 892 529 952 paret
547 881 832 948 cujusnam
859 878 949 932 Dei
977 888 1032 931 tu
1052 876 1263 946 legatus
1279 875 1377 940 sis,
1404 873 1495 927 Dei
1522 874 1614 941 qui
1644 873 1755 927 Deo
1776 870 1968 925 adver-

379 981 551 1031 satur,
584 971 882 1029 mendacis,
921 966 1339 1021 calumniatoris
1368 981 1382 1017 :
1414 964 1550 1017 nihil
1582 962 1727 1017 enim
1768 969 1967 1030 printer

380 1062 495 1116 haec
526 1061 687 1116 docet
715 1060 1005 1131 legationis
1036 1066 1142 1112 tute
1181 1072 1399 1121 sermo;
1443 1053 1663 1108 tametsi
1695 1052 1962 1107 auditori-

382 1152 865 1207 husreverentiam
899 1150 1145 1204 incutere
1170 1146 1366 1202 niteris
1396 1145 1509 1199 veri
1545 1144 1639 1198 Dei
1670 1147 1967 1199 mentione.

387 1245 777 1302 Verumtamen
812 1247 949 1301 satis
990 1247 1117 1299 hinc
1146 1242 1488 1313 coargueris,
1523 1240 1665 1311 quod
1698 1239 1831 1294 nihil
1856 1239 1970 1294 Deo

382 1339 608 1409 dignum
640 1337 860 1403 eﬁ‘aris;
895 1346 951 1392 et
998 1335 1143 1406 quod
1174 1336 1353 1406 ipsum
1407 1334 1578 1389 Deum
1612 1330 1971 1402 hlasphemiis

384 1432 704 1497 labefactas,
742 1431 952 1501 tibique
984 1445 1046 1484 ea
1092 1428 1325 1484 ascribis
1370 1443 1492 1498 qua:
1542 1440 1725 1480 rerum
1775 1435 1971 1478 natura

385 1540 495 1580 non
528 1525 757 1595 patitur.
794 1521 929 1578 Nam
960 1521 1237 1592 quomodo
1272 1520 1507 1574 Satanas
1531 1517 1657 1582 erit,
1681 1516 1773 1584 qui
1813 1514 1971 1569 Sata-

386 1633 512 1670 nam
565 1624 619 1670 te
659 1630 877 1686 quoque
930 1615 1232 1669 aﬂirmante
1288 1609 1598 1667 destruxit?
1638 1607 1830 1662 Nonne
1872 1604 1973 1660 viae

388 1707 507 1771 Dei,
536 1717 802 1778 praecepta
860 1708 1031 1778 ipsius
1058 1710 1313 1777 legesque
1350 1701 1713 1775 appellantur,
1740 1713 1883 1769 quas
1915 1706 1972 1752 tu

390 1796 608 1853 Satanae
636 1800 753 1853 vias
782 1812 906 1853 esse
934 1797 1115 1851 dicis?

462 1888 554 1943 57.
586 1887 717 1943 Post
760 1887 896 1953 hac,
947 1895 1208 1956 tauquam
1255 1883 1427 1955 patris
1474 1879 1739 1937 mendacii
1768 1880 1978 1949 legatus
2010 1864 2052 1919 Β

391 1991 446 2037 et
466 1981 750 2052 propheta,
771 1996 893 2036 cum
919 1980 1010 2035 illo
1027 1988 1192 2050 petrae
1214 1978 1402 2033 scissa:
1420 1975 1686 2030 miraculo
1711 1971 1976 2044 quasdam

393 2089 523 2128 snas
557 2074 750 2128 miscet
781 2074 1001 2144 spurias
1036 2072 1270 2137 fabulas,
1300 2079 1360 2125 ut
1383 2071 1573 2140 Moyse
1602 2068 1848 2122 videatur
1882 2079 1980 2120 sa-

394 2164 651 2233 pientior,
672 2173 728 2219 et
761 2165 1072 2219 accuratior
1102 2161 1423 2228 historicus,
1450 2161 1685 2229 ideoque
1716 2157 1792 2211 ait
1818 2172 1831 2207 ε
1862 2172 1881 2207 ι
1913 2153 1981 2209 Et

392 2263 693 2325 eruperunt
738 2270 805 2311 ex
831 2255 922 2309 illa
951 2254 1240 2311 duodecim
1276 2252 1476 2309 fotites.
1519 2270 1537 2303 ι
1573 2252 1638 2306 Ει
1667 2250 1831 2321 paulo
1857 2256 1982 2319 post

394 2347 545 2403 addit
573 2365 586 2401 :
627 2366 646 2399 ι
688 2348 755 2402 Ει
786 2363 911 2402 cum
942 2346 1114 2402 Judtei
1145 2354 1506 2401 contumaces
1536 2344 1590 2396 in
1630 2357 1695 2397 eo
1731 2342 1978 2406 fuerunt,

394 2436 539 2506 quod
584 2438 694 2493 illis
742 2438 972 2492 vetitum
1018 2444 1155 2500 erat,
1206 2436 1444 2491 diximus
1488 2434 1643 2489 illis:
1676 2430 1863 2488 Estote
1893 2433 1969 2487 si-

395 2529 539 2594 miae,
588 2537 644 2585 et
693 2529 819 2584 l'acti
854 2539 982 2585 sunt
1012 2529 1235 2600 quidam
1264 2527 1483 2581 illorum
1528 2526 1701 2581 simia:
1723 2525 1988 2595 capistra-

398 2631 487 2676 tas.
528 2641 547 2674 ι
580 2621 881 2688 Hactenus,
905 2636 1222 2692 quanquam
1266 2618 1409 2674 haud
1443 2619 1829 2687 intempestiva
1866 2627 1985 2672 erat

398 2714 679 2769 sermonis
707 2715 1103 2784 peregrinitas;
1139 2714 1231 2768 sed
1257 2712 1444 2783 plures
1472 2711 1613 2765 idem
1638 2708 1981 2764 mandantes.

398 2806 623 2866 Rursus
666 2823 800 2863 vero
827 2806 897 2863 ad
926 2807 1051 2863 illas
1078 2807 1279 2878 quibus
1327 2813 1443 2860 tota
1489 2804 1611 2875 ejus
1639 2803 1820 2858 oratio
1848 2817 1988 2858 con-

402 2904 607 2959 texitur
638 2900 1009 2972 blaspbemias
1057 2899 1218 2962 redit,
1266 2912 1465 2967 nempe
1501 2896 1669 2950 Deum
1699 2909 1824 2950 esse
1851 2909 1991 2949 cau-

400 3008 521 3050 sam
587 2991 886 3056 malorum,
927 2990 1160 3062 aitque:
1201 3007 1221 3041 ι
1259 2988 1431 3055 Quem
1486 2987 1631 3041 Deus
1663 2984 1866 3058 dirigit,
1899 2985 1988 3041 ille

398 3086 645 3141 directus
704 3093 821 3151 est;
866 3099 1007 3155 quos
1050 3092 1235 3139 autem
1294 3094 1482 3137 errare
1536 3080 1691 3145 facit,
1739 3080 1819 3134 illi
1858 3086 1991 3135 sunt

2072 609 2201 664 ρους
2225 593 2276 645 oi
2314 591 2531 655 ἀσεϐεῖς
2561 608 2654 645 σου
2687 592 2871 662 λόγοι·
2901 592 3061 658 Θεοῦ,
3102 595 3289 665 φησὶν,
3327 594 3485 668 [εἰμί]
3520 594 3678 650 ἀπό-

2067 686 2275 750 στολοςι
2297 684 2462 754 φαίνῃ
2487 685 2595 753 γὰρ
2611 686 2779 750 δντως
2807 687 2960 740 ποίου
2984 687 3119 741 Θεοῦ
3149 688 3449 752 ἀπόστολος
3472 689 3675 759 ὑπάρο

2067 797 2203 850 χεις,
2231 779 2325 832 τοῦ
2360 780 2653 848 Θεομάχου,
2682 778 2776 832 τοῦ
2826 779 3191 850 ψευδηγόρου,
3227 781 3324 834 τοῦ
3378 782 3673 850 συκοψάνο

2066 887 2159 924 του
2185 887 2198 900 ·
2230 871 2382 924 οὐδὲν
2420 873 2529 942 γὰρ
2562 871 2752 924 τούτου
2806 872 2967 926 πλέον
3003 888 3097 925 σου
3129 874 3157 926 6
3192 874 3292 944 τῆς
3350 872 3681 940 ἀποστολῆς

2065 963 2303 1016 διδάσκει
2351 962 2539 1030 λόγος’
2601 963 2707 1017 κᾶν
2754 964 2803 1016 εἰ
2856 964 3129 1018 δυσωπεῖν
3187 965 3490 1036 ἐπιχειρεῖς
3534 970 3681 1029 τοὺς

2066 1054 2368 1119 ἀκούοντας
2408 1058 2470 1110 ἐκ
2501 1055 2601 1126 τῆς
2628 1056 2721 1108 τοῦ
2742 1056 2909 1119 ὅντως
2937 1056 3073 1109 Θεοῦ
3100 1058 3472 1129 προσηγορίας
3497 1074 3511 1089 °
3546 1059 3682 1112 ἀλλ’

2069 1151 2266 1224 ἐλέγχῃ
2296 1152 2360 1205 ἐκ
2387 1151 2479 1205 τοῦ
2506 1152 2672 1223 μηδὲν
2699 1152 2809 1206 τῶν
2847 1155 2922 1222 τῷ
2953 1153 3072 1223 Θεῷ
3097 1154 3484 1224 προσηκόντων
3514 1171 3678 1223 γνω-

2073 1245 2338 1317 μοδοτεῖν,
2371 1246 2467 1317 καὶ
2499 1246 2593 1299 τοῦ
2632 1246 2796 1303 αὐτὸν
2825 1246 2919 1298 τὸν
2949 1246 3083 1299 θεὸν
3118 1247 3496 1319 ἀνατρέποντα
3527 1247 3681 1301 δυσι-

2072 1343 2295 1411 φημεῖν,
2324 1342 2420 1395 καὶ
2452 1342 2787 1413 προσάπτειν
2818 1341 2967 1414 αὐτῷ
2996 1342 3032 1397 ἃ
3062 1343 3184 1396 οὑδὲ
3213 1344 3348 1416 αὑτὴ
3375 1345 3486 1397 τῶν
3519 1357 3680 1415 πρα-

2071 1430 2299 1501 γμάτων
2330 1432 2363 1503 ἡ
2417 1433 2578 1499 φύσις
2610 1434 2846 1503 ἐγχωρεῖ
2865 1449 2879 1465 ·
2915 1434 3034 1497 πῶς
3064 1434 3171 1505 γὰρ
3202 1431 3447 1499 Σατανᾶς
3478 1437 3675 1497 ἔσται,

2071 1525 2100 1576 6
2132 1523 2223 1576 τὸν
2248 1524 2489 1577 Σατανᾶν
2517 1526 2808 1597 καταργῶν
2838 1525 2976 1595 μετᾶ
3012 1526 3139 1593 σοῦ;
3170 1527 3202 1596 ἤ
3234 1528 3356 1598 οὐχὶ
3379 1529 3491 1582 ὁδοὶ
3522 1528 3679 1582 Θεοῦ

2073 1618 2131 1670 αί
2152 1618 2359 1671 ἐντολαὶ
2380 1617 2546 1672 αὐτοῦ
2571 1618 2665 1673 καί
2684 1621 2738 1672 ai
2768 1619 3077 1690 νομοθεσίαι
3099 1620 3260 1676 αὑτοῦ
3281 1622 3682 1695 ὀνομάζονται,

2073 1709 2139 1774 ἃς
2164 1710 2227 1764 σὺ
2258 1711 2410 1776 ὀδοὺς
2435 1712 2543 1782 φὴς
2572 1708 2714 1766 εἶναι
2747 1711 2838 1767 τοῦ
2870 1711 3113 1780 Σατανᾶς

2155 1895 2254 1961 νξ⁹.
2286 1893 2420 1950 Εἶτα
2470 1897 2563 1953 ἐπὶ
2591 1898 2804 1963 τούτοις
2833 1895 2911 1961 ὡς
2950 1898 3045 1952 τοῦ
3076 1896 3285 1972 πατρὸς
3309 1893 3402 1953 τοῦ
3433 1899 3682 1971 ψεύδους

2081 1990 2156 2044 ὢν
2186 1991 2486 2055 ἀπόστολος
2522 1991 2619 2045 καὶ
2648 1993 2961 2063 προφήτης,
3014 1992 3113 2062 τῆς
3146 1993 3287 2048 κατὰ
3316 1992 3413 2063 τὴν
3440 1993 3682 2064 ἀκρότο-

2086 2100 2185 2155 μον
2213 2082 2660 2155 θαυματουργίας
2691 2084 3020 2154 παρεισάγει
3049 2083 3116 2138 τά
3154 2082 3285 2139 νόθα
3339 2083 3507 2139 αὑτοῦ
3564 2103 3680 2157 μυ-

2083 2175 2351 2247 θεύματα.
2385 2177 2461 2239 ὡς
2490 2177 2556 2230 ἂν
2581 2176 2708 2248 δόξῃ
2751 2177 2846 2230 καὶ
2880 2175 3159 2241 Μωΰσὲως
3201 2177 3513 2249 σοφώτερος
3578 2179 3681 2232 καὶ

2083 2268 2475 2340 ἀκριϐέστερος
2525 2265 2663 2322 εἶναι
2728 2267 3019 2339 ἐξηγητὴς,
3084 2268 3177 2324 καί
3233 2286 3433 2342 φησιν·
3506 2289 3527 2323 ι
3567 2272 3683 2324 Καὶ

2084 2362 2319 2434 ἕϐρυσαν
2351 2363 2409 2429 ἐξ
2441 2362 2611 2433 αὐτῆς
2638 2362 2847 2417 δώδεκα
2877 2362 3069 2433 πηγαί.
3108 2381 3128 2417 ι
3184 2365 3293 2417 Καλ⁵
3325 2365 3447 2433 μετ’
3484 2363 3683 2434 ὀλίγον

2085 2453 2443 2525 προστίθησιν
2477 2455 2625 2527 (95)·
2678 2473 2697 2507 ι
2744 2455 2862 2509 Ὄτ⁹
2892 2455 2958 2510 ἂν
2995 2456 3052 2511 δὲ
3107 2455 3401 2527 ἐπέμειναν
3432 2457 3480 2509 οἱ
3540 2456 3683 2509 ’1ου-

2086 2545 2223 2599 δαῖοι
2253 2547 2333 2609 είς
2362 2545 2398 2600 ἃ
2425 2544 2727 2600 ἐκωλύοντο
2752 2546 2810 2612 ἐξ
2835 2547 3035 2613 αὐτῶν,
3068 2547 3295 2617 εἴπομεν
3321 2548 3504 2612 αὐτοῖς
3526 2563 3542 2577 ’
3575 2547 3685 2600 Γέ·

2087 2637 2245 2692 νεσθε
2278 2638 2501 2708 πίθηκοι
2524 2655 2539 2669 °
2575 2639 2669 2692 καὶ
2716 2640 2967 2707 ἐγένοντο
2993 2638 3124 2693 ἔνιοι
3156 2638 3381 2711 πίθηκοι
3413 2646 3685 2708 metito)-

2091 2729 2266 2799 μένοι.
2303 2749 2322 2783 ι
2386 2730 2536 2793 Τέως
2572 2730 2622 2783 εἰ
2675 2731 2768 2784 καὶ
2824 2730 2900 2801 μὴ
2931 2730 3160 2802 ἄκαιρον
3183 2726 3252 2802 ἦν
3284 2730 3346 2785 τὸ
3383 2728 3479 2785 τοῦ
3513 2728 3683 2799 λόγου

2088 2822 2258 2891 ξένον,
2289 2822 2424 2877 ἀλλὰ
2453 2822 2675 2886 πλείους
2704 2821 2835 2876 αὐτὸ
2869 2822 2920 2875 oi
2954 2822 3385 2895 προστάξαντες.
3418 2821 3594 2876 Πάλιν
3623 2819 3681 2873 δὶ

2086 2914 2187 2984 τῆς
2215 2915 2282 2969 δι’
2311 2915 2432 2969 ὅλου
2480 2913 2629 2986 αὐτῷ
2654 2914 2750 2968 τοῦ
2800 2914 2961 2984 λόγου
3011 2913 3356 2986 πλεκομένης
3397 2914 3680 2986 μέμνηται

2087 3008 2416 3079 δυσφημίας,
2451 3008 2547 3062 τοῦ
2575 3008 2667 3061 τὸν
2689 3008 2823 3062 Θεὸν
2845 3004 2986 3063 εἶναι
3012 3008 3120 3062 τῶν
3146 3008 3335 3063 κακῶν
3360 3010 3558 3073 αἴτιον,
3588 3005 3684 3061 καί

2090 3116 2283 3172 φησιν·
2328 3118 2347 3152 ι
2384 3099 2490 3153 Τὸν
2518 3099 2706 3169 ὁδηγεῖ
2732 3102 2761 3154 6
2789 3099 2941 3165 Θεὸς,
2976 3099 3182 3163 ἐκεῖνός
3208 3101 3357 3153 ἐστιν
3388 3099 3681 3171 ὡδηγημι·

399 3177 641 3233 erronci.
678 3195 700 3230 ι
736 3177 801 3233 Et
840 3176 1002 3247 paulo
1051 3186 1176 3247 post
1233 3174 1376 3230 idem
1424 3172 1761 3228 conﬁrmans
1810 3171 1987 3227 dicit:

2093 3210 2210 3257 νοςο
2239 3192 2333 3248 καὶ
2356 3194 2483 3258 τοὺς
2510 3192 2920 3265 πλανᾷ,ὲκεῖνοί
2947 3195 3082 3248 εἰσιν
3104 3192 3641 3264 ἐλλειμματισμένοι.
3658 3208 3679 3244 r

406 3287 425 3322 ι
466 3268 586 3325 Νοιι
652 3269 909 3340 possideo
946 3269 1143 3324 aninue
1195 3282 1333 3322 mere
1366 3266 1483 3321 sive
1528 3264 1818 3320 utilitatem
1875 3263 1991 3319 sive

400 3361 690 3427 damnum,
714 3360 822 3417 nisi
843 3359 990 3431 quod
1022 3359 1257 3414 voluerit
1290 3356 1455 3414 Deus.
1494 3376 1516 3409 ›
1541 3355 1756 3412 Oblitus
1806 3366 1993 3411 autem

402 3453 551 3524 quod
572 3452 737 3523 paulo
762 3459 923 3507 antea
959 3451 1281 3523 prophetam
1312 3466 1372 3508 se
1400 3456 1834 3519 nuncupaverat,
1861 3448 1938 3502 ait
1974 3463 1989 3501 :

409 3563 430 3598 ι
466 3543 625 3610 Quod
679 3543 727 3599 si
770 3542 956 3599 omnia
1009 3543 1229 3610 scirem,
1282 3551 1431 3598 certe
1481 3540 1878 3610 multiplicarer
1924 3555 1991 3594 ex

404 3634 573 3699 bono,
607 3648 787 3704 neque
836 3647 927 3688 me
976 3632 1185 3686 malum
1229 3633 1546 3702 attingeret.
1592 3626 1711 3684 Non
1740 3644 1863 3684 sum
1891 3643 1992 3698 ego

408 3727 514 3781 nisi
552 3725 839 3781 intimator
878 3734 935 3780 et
975 3724 1380 3795 evangelizator
1422 3722 1622 3793 p0pulo
1658 3722 1923 3778 credenti.
1968 3741 1990 3776 ι

408 3816 618 3873 Deinde
642 3817 787 3873 facta
820 3816 1101 3888 aliquanta
1132 3816 1548 3871 idololatrarum
1574 3815 1991 3886 objurgatione;

409 3913 553 3967 hanc
578 3911 724 3966 enim
760 3924 980 3980 semper
1028 3910 1132 3964 sibi
1175 3925 1468 3981 personam
1510 3910 1718 3974 induit;
1765 3908 1995 3978 adjectis

410 4003 697 4058 nonnullis
723 4001 1128 4057 aversabilibus
1156 4013 1210 4058 et
1232 4001 1512 4068 absurdis,
1542 4016 1805 4073 nugacem
1836 4001 1997 4057 fabu-

410 4095 517 4150 lam
547 4093 847 4166 abrumpit.

884 4291 1333 4350 CONFUTATIO
1398 4291 1517 4349 νη.

483 4390 572 4446 58.
613 4387 860 4460 Septima
904 4387 1245 4444 Mohamedis
1280 4386 1464 4442 fabula
1495 4384 1643 4442 caede
1669 4384 1910 4441 humana
1940 4384 2013 4442 et'

412 4483 701 4539 occidione
740 4488 859 4561 tota
883 4479 1152 4534 redundat
1187 4495 1203 4532 :
1246 4477 1566 4533 inscribitur
1602 4475 1749 4531 enim
1794 4474 1994 4530 Manu-

411 4577 627 4632 biarum
664 4552 882 4629 divisio.
912 4573 977 4627 Et
1004 4573 1225 4644 quidem
1254 4571 1448 4626 incitat
1482 4579 1767 4641 armatque
1809 4570 1993 4624 omni-
2029 4552 2072 4607 Ι)

414 4668 579 4724 mode
624 4668 893 4722 barbaros
924 4674 982 4719 ut
1014 4680 1073 4721 se
1105 4664 1544 4720 Christianorum
1577 4661 1844 4734 sanguine
1870 4677 1999 4717 cru-

411 4768 638 4826 entent;
673 4758 869 4829 injecta
911 4759 1211 4828 praesertim
1247 4772 1343 4827 spe
1371 4767 1592 4825 paratre,
1622 4764 1681 4811 ut
1705 4756 1801 4820 ait,
1832 4770 1861 4809 a
1890 4754 2001 4810 Deo

415 4853 690 4911 mercedis
741 4852 796 4907 iu
846 4850 1104 4923 paradiso
1155 4850 1223 4906 iis
1268 4850 1363 4919 qui
1418 4848 1670 4906 cominus
1720 4863 1846 4904 cum
1893 4847 2000 4903 illis

416 4946 866 5019 congrediemur.
887 4943 1147 5012 Quintam
1172 4951 1353 4998 autem
1381 4940 1766 4996 manubiarum
1790 4948 1998 5009 partem

416 5042 528 5097 Deo
560 5038 796 5096 dandam
830 5044 1019 5093 monet
1046 5044 1101 5092 ct
1131 5037 1251 5107 ejus
1280 5034 1460 5104 legato
1488 5047 1629 5087 :non
1658 5029 1804 5085 enim
1834 5042 2001 5098 Opor-

421 5134 570 5187 tebat
620 5132 897 5187 lucrorum
955 5127 1096 5184 haud
1149 5141 1270 5182 esse
1315 5125 1636 5195 participem
1687 5120 1840 5175 illum
1903 5118 1999 5189 qui

418 5225 743 5297 perditionis
771 5238 940 5280 causa
984 5222 1176 5277 iisdem
1201 5229 1315 5275 erat
1354 5238 1368 5273 :
1403 5229 1819 5288 congruumque
1864 5222 2006 5279 erat,

420 5317 633 5374 cruenti
687 5318 871 5389 populi
900 5324 955 5372 et
986 5313 1321 5371 cruentioris
1372 5312 1556 5382 legati,
1604 5316 1833 5365 cruenta
1882 5321 2006 5362 csse

422 5414 689 5468 facinora.
745 5412 809 5466 Et
853 5410 1098 5465 ironicus
1151 5408 1267 5477 ipse
1316 5405 1491 5459 ironia
1534 5401 1656 5456 illos
1706 5399 1783 5454 uti
1827 5398 2003 5469 jubet.

424 5504 593 5560 Nobis
641 5501 1107 5571 interrogantibus
1152 5500 1208 5552 in
1256 5497 1357 5551 hac
1406 5512 1462 5549 re
1492 5504 1545 5548 ct
1591 5491 1885 5557 similibus,
1937 5490 2005 5545 de

427 5598 623 5656 bellica
664 5595 1014 5667 expeditione
1058 5592 1231 5648 siluit.
1280 5589 1669 5644 Verumtamen
1715 5583 2002 5640 sciendum

427 5701 536 5761 est,
579 5689 725 5761 quod
774 5701 977 5760 gnarus
1028 5685 1235 5741 illatam
1276 5697 1398 5739 esse
1451 5679 1611 5737 nobis
1655 5685 1877 5751 propter
1922 5675 2007 5735 in-

514 5864 622 5942 (93)
660 5865 786 5921 Sur.
816 5862 931 5927 νιι,
971 5858 1241 5922 lﬁl,167.
1278 5853 1394 5913 179.
1443 5853 1562 5910 189.
1630 5846 1633 5847 ⁷

2094 3283 2207 3338 Καὶ
2233 3284 2351 3353 μετ’
2380 3283 2538 3353 ὀλίγα
2567 3281 2627 3336 τὸ
2660 3282 2793 3337 αὐτὸ
2840 3283 3097 3354 βεϐαιῶν,
3142 3302 3160 3335 ι
3195 3286 3278 3337 ὅτι
3330 3285 3404 3338 Οὐ
3439 3282 3686 3353 κυριεύω

2092 3378 2192 3448 τῆς
2222 3378 2400 3448 ψυχῆς
2432 3394 2534 3448 μου
2585 3375 2856 3445 ὠφέλειαν
2885 3374 3010 3430 οὔτε
3045 3377 3252 3448 βλάϐην
3274 3418 3289 3442 ,
3339 3376 3456 3431 ἀλλ’
3486 3377 3627 3446 ὅπερ
3654 3374 3682 3427 6

2094 3468 2225 3532 Θεὸς
2256 3468 2421 3520 Θέλει.
2466 3486 2484 3518 ι
2534 3466 2645 3521 Καὶ
2673 3464 3065 3533 ἐπιλαθόμενος
3107 3466 3187 3519 ὄτι
3223 3466 3513 3537 προφήτην
3558 3466 3685 3519 tunc

2092 3561 2185 3616 τὸν
2218 3559 2323 3631 πρὸ
2354 3561 2553 3631 μικροῦ
2580 3560 2944 3632 ἐπεφήμιζεν,
2976 3559 3163 3629 λέγει’
3221 3576 3239 3610 ι
3271 3556 3381 3612 Καὶ
3411 3560 3459 3611 εἰ
3492 3556 3683 3627 ἐγίνω-

2096 3671 2224 3709 σκον
2252 3654 2320 3708 τὰ
2382 3654 2620 3719 ἅπαντα,
2686 3649 2831 3722 εἶχον
2872 3652 3171 3705 πλεονάσαι
3209 3650 3275 3703 ἐκ
3300 3647 3395 3702 τοῦ
3435 3645 3677 3717 ἀγαθοῦ·

2096 3747 2193 3802 καὶ
2219 3746 2319 3799 οὐκ
2347 3740 2492 3817 εἶχέν
2528 3763 2630 3817 μου
2664 3744 2906 3815 ἅψασθαι
2936 3743 3130 3800 δεινόν.
3164 3743 3281 3796 Οὐκ
3328 3739 3448 3812 εἰμὶ
3476 3738 3588 3809 ἐγὼ
3633 3740 3681 3791 εί

2099 3838 2175 3911 μὴ
2203 3838 2509 3909 ἀνατάλτης
2546 3838 2641 3891 καὶ
2684 3834 3079 3907 εὐαγγελιστὴς
3109 3834 3242 3889 λαοῦ
3294 3831 3644 3892 πιστεύοντος
3664 3848 3679 3863 ο

2094 3933 2222 4000 δόξα
2266 3932 2323 3986 δὲ
2361 3931 2557 4002 μικρόν
2586 3946 2639 3983 τι
2673 3927 3022 3998 καταγνῶναι
3076 3927 3188 3980 τῶν
3236 3924 3684 3996 εἰδωλολατρούν-

2094 4042 2204 4079 των
2230 4039 2244 4055 ο
2271 4023 2431 4078 τοῦτο
2465 4023 2573 4095 γὰρ
2602 4022 2689 4077 ἀεὶ
2722 4020 3013 4075 ὑποδύεται
3058 4019 3119 4072 τὸ
3149 4021 3519 4090 προσωπεῖον,
3547 4020 3685 4089 μετὰ

2094 4118 2155 4171 τὸ
2186 4116 2359 4171 θεῖναι
2408 4114 2575 4170 αὐτόν
2630 4132 2685 4170 τι
2724 4113 2834 4168 τῶν
2888 4112 3241 4169 ἀπευκταίων
3274 4111 3371 4166 καὶ
3420 4108 3682 4173 ἁδέκτων,

2096 4209 2398 4281 ἀποτέμνει
2423 4208 2515 4263 τὸν
2544 4207 2850 4279 φλήναφον.
3252 4256 3254 4259 ,

2616 4299 3062 4354 ΕΛΕΓΚΤῙΚΟΣ
3091 4301 3167 4354 Ζ¹.

2168 4394 2270 4468 νη’.
2317 4394 2376 4451 ’0
2403 4394 2631 4466 ἕϐδομος
2665 4392 2832 4465 μῦθος
2881 4393 2960 4465 τῷ
3008 4393 3259 4464 Μωάμετ
3300 4386 3685 4463 ἀνδροκτονίας

2099 4493 2194 4546 καὶ
2224 4490 2538 4564 μιαιφονίας
2569 4487 2925 4560 πεπλήρωται
2957 4488 3010 4557 (9
3022 4486 3069 4554 ί)
3091 4504 3104 4516 ο
3143 4486 3550 4558 ἐπιγέγραπται
3583 4486 3685 4554 γὰρ

2106 4585 2246 4654 Περὶ
2271 4581 2568 4655 μερισμοῦ
2622 4582 2903 4636 σκύλωνο
2940 4578 3244 4650 διανίστησι
3275 4578 3333 4632 δὲ
3362 4577 3456 4632 καὶ
3482 4576 3687 4643 ἐξοπλίι

2107 4676 2192 4742 ζει
2224 4676 2351 4739 τοὺς
2405 4674 2716 4745 βαρϐάρους
2770 4671 3011 4739 παντοίῳ
3064 4670 3253 4741 τρόπῳ
3281 4671 3396 4733 τοῖς
3422 4668 3534 4723 τῶν
3559 4670 3686 4736 Χριι

2113 4768 2348 4823 στιανῶν
2398 4766 2593 4837 αἵμασι
2646 4761 3143 4837 καταχραίνεσοαι·
3197 4756 3493 4832 ἐξαιρέτως
3525 4758 3582 4816 δέ
3621 4757 3685 4829 τῇ

2107 4859 2286 4914 ἐλπίδι
2322 4859 2419 4929 τῆς
2446 4856 2840 4928 ἀποκειμένης,
2875 4855 3032 4926 φησι,
3086 4853 3238 4927 παρὰ
3265 4852 3385 4925 Θεῷ
3420 4852 3685 4925 μισθαπο-

2106 4952 2290 5013 δοσίας
2314 4951 2371 5004 ἐν
2395 4947 2709 5020 παραδείσῳ
2734 4947 2843 5011 τοῖς
2871 4942 3040 5017 ὁμόσε
3063 4943 3305 5018 χωροῦσι
3333 4944 3455 4998 κατ’
3479 4944 3651 4998 αὐτῶν
3667 4956 3681 4970 ·

2108 5042 2366 5113 πέμπτην
2396 5035 2453 5094 δὲ
2480 5041 2674 5111 μοῖραν
2696 5036 2809 5093 τῶν
2840 5036 3049 5091 σκύλων
3079 5036 3157 5108 τῷ
3184 5036 3306 5109 Θεῷ
3334 5053 3468 5108 φησι
3494 5035 3684 5090 διδόναι

2110 5136 2207 5191 καὶ
2259 5136 2337 5207 τῷ
2385 5135 2669 5203 ἀποστόλῳ
2707 5130 2873 5187 αὑτοῦ
2898 5144 2912 5158 ⁸
2952 5131 3014 5185 οὐ
3060 5129 3167 5200 γὰρ
3198 5130 3308 5183 ἔδει
3342 5130 3422 5200 μὴ
3456 5127 3553 5183 καὶ
3583 5124 3686 5179 τῶν

2110 5227 2319 5298 κερδῶν
2348 5226 2532 5288 αὐτοῖς
2565 5224 2896 5293 κοινωνῆσαι
2922 5221 3012 5276 τὸν
3042 5221 3135 5275 καὶ
3164 5220 3266 5291 τῆς
3294 5218 3570 5283 ἀπωλείας
3597 5214 3687 5270 air!

2110 5318 2221 5384 τοῖς
2247 5320 2420 5374 αἴτιον
2441 5335 2454 5348 ·
2486 5318 2591 5372 ἔδει
2620 5316 2675 5371 δὲ
2703 5318 2769 5371 ἐκ
2804 5315 3093 5388 μιαιφόνου
3116 5313 3246 5368 λαοῦ
3277 5313 3371 5367 καί
3400 5323 3686 5383 μιαιφονω-

2110 5413 2272 5484 τέρου
2305 5410 2603 5466 ἀποστόλου
2635 5408 2954 5481 μιαιφόνονς
2996 5404 3138 5461 εἶναι
3184 5406 3285 5471 τὰς
3327 5404 3557 5477 πράξεις
3577 5420 3591 5434 ·
3616 5401 3679 5454 είο

2116 5506 2483 5581 ρωνευόμενος
2507 5502 2563 5558 δέ
2588 5504 2682 5558 καὶ
2708 5502 3019 5575 ειρωνεύειν
3045 5501 3244 5565 αὐτοὺς
3273 5499 3519 5553 κελεύει·
3542 5495 3685 5569 ἡμῶν

2118 5598 2456 5670 αἰτουμένων
2478 5596 2573 5650 καὶ
2602 5598 2659 5650 ἐν
2696 5595 2907 5659 τούτοις
2934 5595 3028 5648 καὶ
3077 5596 3187 5655 τοῖς
3228 5590 3453 5661 ὁμοίοις,
3480 5591 3575 5663 τὴν
3602 5590 3684 5641 ix-

2114 5691 2404 5766 στρατείαν
2424 5688 2750 5759 ἀπεσίγτισεθ
2771 5685 2926 5742 τοῦτο
2948 5686 3001 5741 δὲ
3029 5685 3110 5739 δεῖ
3128 5683 3345 5754 εἰδέναι,
3363 5684 3445 5739 ὅτι
3474 5679 3685 5750 συνιδὼν

2198 5849 2308 5921 (at)
2338 5847 2458 5903 sar.
2498 5843 2635 5911 vm,
2668 5847 2715 5910 ι,
2746 5847 2836 5901 ti.
