3994 6610
301 462 405 528 725

1444 486 1874 551 REFUTATIO
1904 492 2371 561 MOHAMEDIS.

3426 514 3535 589 ,746

296 578 393 645 τὴν
422 575 508 629 διὰ
542 576 637 641 τὰς
672 580 943 652 ἀμέτρους
972 586 1126 656 ἡμῶν
1159 588 1532 661 πλημμελείας
1566 596 1857 665 ἐπενεχθεῖ-

1977 616 2201 660 numera
2243 618 2463 677 peccata
2504 620 2689 667 nostra
2727 615 2821 671 Dei
2856 616 3017 685 iram,
3052 618 3244 675 atheus
3280 620 3370 676 hic
3415 622 3541 677 bar-

295 684 393 719 σαν
438 670 570 739 ἡμῖν
600 672 768 742 ὀργὴν
804 676 867 727 ὲκ
910 676 1068 744 Θεοῦ,
1097 681 1125 732 6
1176 680 1332 745 ἄθεος
1381 678 1536 748 οὗτος
1598 686 1873 757 βάρϐαρος

290 758 507 827 ἥρπασε
530 760 619 813 τὸν
642 764 832 834 καιρὸν
858 767 935 829 εἰς
964 768 1063 838 τὴν
1095 772 1235 825 κατὰ
1256 772 1349 826 τοῦ
1368 775 1603 844 Χριστοῦ
1633 776 1873 847 βλασφη-

294 849 445 917 μίαν,
479 851 571 902 καὶ
604 851 672 904 δι’
701 853 957 924 οὐδεμίαν
987 859 1178 928 ἑτέραν
1212 862 1391 915 αἰτίαν
1420 868 1583 935 φησιν
1617 869 1761 937 ἡμᾶς
1791 870 1873 932 εἰς

290 943 478 1010 χεῖρας
508 942 688 996 αὐτῶν
718 948 1101 1015 παραδίδοσθαι
1133 994 1147 1017 ,
1179 952 1210 1023 ἦ
1258 953 1345 1007 διὰ
1374 954 1434 1008 τὸ
1478 955 1766 1025 σύνθρονον
1793 959 1871 1030 τῷ

290 1031 464 1101 llatth
499 1034 588 1086 τὸν
615 1037 848 1106 Χριστὸν
883 1038 1166 1110 ὁμολογεῖν
1192 1058 1204 1072 ⁸
1251 1045 1333 1097 διὸ
1366 1048 1604 1119 συνεχῶς
1634 1051 1871 1120 ἀποφαί-

286 1138 437 1176 νεται
458 1140 471 1154 ·
513 1126 572 1178 ού
602 1128 711 1198 γὰρ
750 1130 931 1201 ὁδηγεῖ
958 1134 985 1186 6
1014 1134 1146 1198 Θεὸς
1198 1136 1327 1190 λαὸν
1356 1138 1465 1192 τῶν
1498 1143 1831 1213 παρανόμων
1850 1159 1865 1174 ⁸

287 1215 619 1287 πολλαχόθεν
653 1221 710 1275 δὲ
752 1224 899 1277 ἔστιν
947 1228 1111 1283 αὑτὸν
1166 1231 1471 1301 ἅπελέγξαι
1492 1236 1650 1288 τοῦτο
1685 1238 1869 1302 κακῶς

284 1312 739 1381 τεκμαιρόμενον,
778 1320 1024 1385 φυσικῶς
1062 1339 1121 1374 τε
1172 1325 1264 1377 καὶ
1296 1326 1621 1397 Γραφικῶςο
1660 1331 1867 1401 Γραφι-

285 1397 399 1461 κῶς
430 1401 526 1469 μὲν
560 1405 668 1457 ἀπό
695 1424 751 1458 τε
781 1408 875 1461 τοῦ
913 1412 1173 1476 εὐσεϐοῦς
1220 1416 1414 1471 Ἰακὼϐ
1449 1422 1542 1473 καὶ
1576 1422 1667 1474 τοῦ
1702 1423 1865 1493 βεϐή-

282 1488 376 1541 λου
417 1491 607 1561 Ἠσαῦ,
656 1498 849 1567 Ἰωσὴφ
882 1501 936 1554 δὲ
961 1504 1055 1557 καὶ
1080 1506 1357 1579 Πετεφρῆ.
1382 1511 1546 1565 Δαϐἰδ
1574 1530 1632 1564 τε
1656 1488 1750 1566 καὶ
1772 1488 1866 1567 τοῦ

281 1582 601 1655 ἀγνώμονος
642 1590 836 1657 Σαοὺλ,
874 1594 1366 1671 Ναϐουχοδονοσὼρ
1399 1603 1489 1655 καὶ
1533 1603 1642 1656 τῶν
1703 1608 1867 1676 αἰχμ-

282 1670 508 1727 αλώτων
534 1680 848 1747 προφητῶν,
883 1685 976 1736 καὶ
1006 1685 1210 1757 ἐτέρων
1232 1670 1496 1744 πλείστων
1525 1695 1746 1764 ὁμοίωνο

280 1762 456 1828 σικῶς
478 1765 535 1818 δὲ
583 1768 690 1822 ἀπό
737 1788 795 1823 τε
832 1775 1118 1838 προϐάτιον
1149 1782 1243 1832 καὶ
1289 1782 1498 1854 ἀγρίων
1538 1762 1743 1856 θηρίων
1774 1762 1867 1843 καὶ

278 1852 391 1905 τῶν
415 1856 638 1926 ὁμοίων,
666 1860 700 1914 ἃ
731 1864 829 1934 οὐχ
862 1866 936 1930 ὡς
967 1868 1188 1941 χείρονα
1223 1875 1314 1927 καὶ
1360 1852 1458 1944 τῆς
1507 1852 1743 1940 εἰς-Θεὸν
1772 1883 1865 1934 εὑ·
1893 1893 1921 1944 _'

274 1949 568 2014 χαριστέας
595 1951 947 2027 ἀνεπιτήδεια
992 1962 1091 2031 τὴν
1127 1964 1329 2019 ἆλωσιν
1357 1968 1415 2033 ἐξ
1443 1970 1623 2024 αὐτῶν
1654 1974 1862 2044 ὑπομέ-

275 2053 400 2087 νει·
428 2038 543 2091 ἀλλ’
590 2042 663 2107 ὡς
716 2045 903 2117 ἕτερόν
940 2069 1060 2106 τινα
1113 2054 1306 2124 ἔχοντα
1362 2059 1519 2127 λόγον
1552 2038 1862 2135 ἀπόρρητον

272 2126 422 2182 οὕτω
450 2132 727 2191 τέτακται.

795 2318 1233 2379 ΕΛΕΓΚΤΙΚΟΣ
1268 2326 1349 2379 H'.

349 2399 445 2454 νθ’.
490 2404 549 2456 Ὀ
574 2405 756 2474 δγδοος
806 2411 973 2478 μῦθος
1014 2414 1125 2487 (95)
1160 2418 1236 2488 τῷ
1281 2419 1523 2490 Μωάμετ
1560 2424 1862 2496 ἐπιγέγρα-

269 2509 412 2547 πται
444 2496 564 2565 μὲν,
594 2502 700 2566 Εἰς
716 2502 827 2569 τὴν
838 2506 1163 2574 μετάνοιαν
1186 2525 1198 2539 ·
1231 2516 1485 2583 παραινεῖ
1511 2517 1566 2569 δὲ
1586 2520 1696 2582 τοῖς
1724 2520 1859 2592 βαρ-

174 2636 177 2639 .
268 2586 466 2656 ϐάροις
490 2589 793 2662 ὡρισμένον
825 2598 945 2651 τινὰ
979 2601 1173 2671 καιρὸν
1213 2602 1291 2675 τῷ
1322 2607 1450 2659 πότε
1482 2611 1659 2681 χρόνῳ
1694 2586 1860 2683 προσ-

268 2680 462 2745 μεῖναι
504 2684 629 2747 τοὺς
661 2687 1042 2761 Χριστιανοὺς,
1071 2695 1147 2757 ὼς
1196 2695 1262 2749 ἂν
1322 2697 1599 2767 βούλοιντο
1639 2704 1707 2758 τὰ
1738 2705 1861 2759 καθ’

264 2771 505 2839 ἑαυτοὺς
530 2776 810 2834 διαθέσθαι
836 2800 849 2813 ·
886 2785 934 2836 εξ
960 2786 1059 2855 μὲν
1082 2782 1175 2841 οὖν
1210 2789 1419 2844 ἑαυτῶν
1454 2795 1749 2865 ἐγκρατεῖς
1769 2799 1860 2866 γέ-

264 2879 472 2932 νοιντο,
500 2869 593 2922 καὶ
623 2871 990 2929 ἀπεδιαστῶσι
1015 2878 1113 2949 τῆς
1144 2879 1250 2932 τῶν
1273 2881 1561 2954 βαρϐάρων
1600 2905 1861 2962 περικρα-

260 2956 505 3026 τήσεως,
531 2962 766 3033 πόλεμον
794 2968 1111 3041 ἀναίρεσθαι
1145 2974 1283 3044 πρὸς
1334 2976 1561 3042 αὐτούς’
1593 2981 1641 3033 εἰ
1675 2956 1733 3035 δὲ
1762 2956 1858 3054 με·

258 3053 544 3119 ταγνοῖεν,
571 3057 725 3127 φησὶ,
782 3061 875 3113 καὶ
906 3061 1270 3133 θρησκεύουσι
1302 3068 1402 3139 τὴν
1450 3071 1617 3126 αὑτοῦ
1667 3074 1858 3130 δυσσέ-

260 3141 445 3210 ϐειαν,
472 3146 734 3217 ἀδελφοὺς
768 3153 963 3217 αὐτοὺς
1003 3157 1563 3229 προσλαμϐάνεσθαι·
1598 3171 1857 3237 παραινεῖ

259 3228 365 3287 οὖν
394 3240 507 3301 τοῖς
551 3241 903 3311 Χριστιανοῖς
946 3246 1027 3300 ὅτι
1081 3249 1300 3305 κάλλιόν
1353 3255 1469 3309 ἐστι
1515 3264 1853 3331 μετανοῆσαι
1880 3279 1925 3341 C

260 3325 367 3378 καὶ
395 3327 517 3398 ζῇν,
548 3330 1079 3404 ῆΧριστιανίζοντας
1135 3325 1541 3417 ἀποθνήσκειν·
1598 3325 1755 3417 αὖθίς
1798 3372 1855 3409 τε

260 3420 503 3486 ἀναιδῶς
555 3432 858 3482 κατατυπεῖ
906 3434 1032 3496 τοὺς
1089 3434 1306 3502 ἀθλίους
1356 3438 1665 3512 βαρϐάρους
1713 3446 1769 3499 ἐν
1796 3464 1856 3501 τε

259 3509 521 3577 ἀπειλαῖς
570 3517 665 3569 καὶ
713 3518 954 3590 ἐλέγχοις
990 3524 1086 3577 καὶ
1122 3525 1381 3582 ὀνείδεσιν
1433 3509 1508 3596 ὡς
1540 3509 1849 3608 καταρᾳθυ-

261 3600 506 3671 μοῦντας
544 3607 637 3660 τοῦ
696 3611 1039 3683 σεϐάσματος
1089 3616 1253 3671 αὑτοῦ
1282 3634 1295 3647 ⁸
1351 3626 1447 3676 καὶ
1505 3626 1597 3678 ἐπὶ
1643 3629 1855 3695 τούτοις

258 3692 414 3747 κατά
466 3696 527 3749 τὸ
566 3701 829 3772 πρότερον
866 3707 1158 3777 εἰρημένον
1220 3712 1589 3787 πανούργημα
1647 3719 1705 3772 ὲν
1768 3692 1854 3775 svi

258 3786 475 3859 ἐλέγχῳ
537 3793 876 3866 ἀμφοτέρους
934 3804 1190 3872 πειρᾶται
1252 3786 1665 3880 ἐπιστομίζειν,
1720 3818 1854 3870 Ἰου-

257 3880 448 3946 δαίους
473 3900 533 3936 τε
568 3888 661 3939 καὶ
691 3889 1054 3960 Χριστιανοὺς
1081 3895 1222 3950 οὕτω
1253 3900 1581 3970 παραλαλῶν
1612 3922 1627 3936 ’

337 3972 399 4037 ξ’.
442 3994 459 4027 ι
497 3976 760 4045 Λέγουσιν
799 3982 1042 4037 Ἰουδαῖοι
1102 3986 1214 4057 (96)
1265 3989 1346 4042 ὅτι
1404 3993 1432 4045 6
1497 3993 1712 4066 Ἰσραήλ
1738 3998 1848 4068 (97)

258 4064 413 4116 ἐστιν
448 4066 561 4130 υἱὸς
593 4068 728 4122 Θεοῦ
756 4087 771 4103 ν
826 4074 917 4127 καὶ
963 4074 1211 4144 λέγουσιν
1265 4081 1315 4132 οἱ
1365 4064 1679 4152 Χριστιανοῖ
1710 4064 1790 4141 ὅτι

257 4154 500 4222 Χριστός
532 4159 679 4213 ἐστιν
715 4164 744 4214 6
774 4163 899 4227 Υἱὸς
926 4166 1018 4219 τοῦ
1048 4168 1183 4222 Θεοῦ
1208 4188 1222 4204 ο
1256 4172 1417 4226 τοῦτό
1447 4176 1594 4229 ἐστιν
1630 4180 1659 4231 6
1695 4178 1850 4249 λόγος

257 4244 445 4297 αὐτῶν
471 4246 559 4301 διὰ
596 4249 704 4301 τῶν
757 4255 1039 4324 στομάτων
1086 4260 1305 4316 αὐτῶν⁹
1361 4266 1681 4333 ἰσοφωνοῦσι
1739 4275 1848 4337 τοῖς

257 4332 442 4402 λόγοις
470 4338 582 4391 τῶν
608 4341 1004 4414 ἀρνησαμένων
1039 4350 1103 4402 ὲκ
1152 4353 1281 4420 πρίν
1306 4372 1317 4384 ο
1363 4357 1615 4423 φονεύσει
1649 4361 1847 4426 αὐτοὺς

257 4432 286 4483 6
317 4429 471 4497 Θεὸς,
503 4432 691 4488 ἕνεκεν
719 4438 828 4491 τῶν
854 4440 1142 4511 ἀρνοῦνται
1164 4461 1176 4474 ο
1215 4448 1543 4504 ἐπελάϐοντο
1560 4454 1685 4517 τοὺς
1712 4457 1845 4509 ἀπο-

260 4521 483 4586 στόλους
512 4525 692 4585 αὐτῶν
727 4528 964 4595 καὶτοὺς
994 4534 1156 4604 ἱερεῖς
1189 4539 1410 4608 κυρίους
1451 4542 1629 4613 πάρεξ
1671 4545 1805 4599 Θεοῦ
1826 4563 1841 4579 ·

1977 695 2145 752 harus
2220 702 2565 758 occasionem
2642 706 2771 765 hinc
2831 710 3066 780 arripuit
3126 713 3542 784 blasphemandi

1973 784 2174 842 Christi
2210 808 2224 853 ;
2258 793 2570 864 nullamque
2595 798 2756 854 aliam
2787 802 2857 856 ob
2897 817 3121 858 causam
3164 819 3266 860 nos
3312 806 3545 863 traditos

1971 875 2103 932 dicit
2133 880 2347 937 illorum
2382 888 2655 955 manibus,
2690 892 2795 946 nisi
2835 893 2962 963 quia
2988 910 3364 952 consessorem
3394 897 3542 953 Patri

1971 971 2253 1029 Christum
2299 980 2639 1037 conﬁtemur.
2675 985 2800 1040 Ideo
2829 996 3141 1043 constanter
3170 990 3366 1044 eﬁ‘atur
3393 1009 3406 1045 :
3433 1007 3540 1046 non

1971 1063 2117 1117 enim
2166 1066 2354 1137 dirigit
2401 1069 2543 1128 Deus
2578 1077 2833 1144 populum
2886 1090 3251 1149 peccatorem.
3302 1083 3543 1139 Multifa-

1972 1154 2107 1210 riam
2174 1173 2304 1214 vero
2366 1177 2661 1231 possumus
2712 1169 2855 1225 hunc
2918 1188 3014 1228 ceu
3073 1185 3542 1245 argumentantem

1968 1256 2222 1311 perverse
2300 1264 2616 1321 coarguere,
2692 1266 2804 1312 tum
2887 1270 3095 1319 naturae
3155 1266 3362 1321 scilicet
3428 1277 3541 1323 tum
3636 1308 3645 1319 .

1972 1330 2270 1401 Scriptura:
2305 1340 2650 1399 testimoniis.
2682 1346 2837 1415 Apud
2878 1349 3213 1420 Scripturam
3236 1356 3479 1425 quidem,
3512 1374 3544 1413 a

1968 1424 2060 1493 pio
2097 1424 2301 1483 Jacobo
2341 1439 2395 1485 ct
2439 1431 2582 1489 Esau
2626 1452 2882 1506 nequam,
2915 1442 2984 1496 ab
3013 1424 3259 1513 Josepho
3293 1457 3348 1501 et
3394 1447 3545 1502 Puti-

1969 1516 2162 1586 phare,
2195 1534 2225 1573 a
2261 1520 2459 1579 Davide
2482 1536 2535 1580 et
2582 1527 2798 1597 ingrato
2829 1530 3013 1600 Saule,
3043 1550 3072 1588 a
3103 1534 3543 1594 Nabuchodono-

1969 1620 2098 1661 soro
2139 1619 2193 1663 et
2222 1612 2506 1682 prophetis
2543 1620 2794 1687 captivis,
2840 1631 2895 1677 et
2949 1624 3224 1681 similibus
3256 1628 3381 1683 aliis
3422 1629 3542 1697 plu-

1968 1696 2143 1754 rimis.
2181 1701 2259 1755 Ex
2300 1714 2495 1761 natura
2534 1718 2740 1779 autem,
2786 1714 2855 1768 ab
2883 1714 3076 1772 ovibus
3104 1725 3157 1771 et
3197 1718 3542 1776 silvestribus

1968 1786 2120 1857 ieris,
2158 1803 2210 1848 et
2241 1794 2554 1866 hujusmodi
2587 1800 2746 1858 aliis:
2779 1821 2897 1875 qua:
2931 1822 3065 1863 sane
3104 1808 3249 1864 haud
3282 1820 3540 1881 tanquam

1969 1881 2206 1952 pejores,
2237 1896 2291 1941 ct
2323 1890 2505 1947 minus
2530 1902 2745 1963 gratum
2777 1912 2901 1968 erga
2932 1897 3104 1954 Deum
3145 1903 3393 1957 animum
3446 1919 3543 1975 ge—

1968 1983 2148 2029 rentes
2179 1978 2405 2035 exitium
2439 1982 2507 2037 ab
2547 1984 2671 2040 aliis
2704 1990 3084 2057 perpetiuntur
3111 2015 3122 2047 ;
3152 1992 3247 2048 sed
3276 1994 3346 2049 ob
3374 1994 3536 2049 aliam

1966 2067 2313 2125 secretiorem
2348 2086 2567 2130 causam
2600 2076 2673 2131 ita
2704 2077 2808 2134 fuit
2838 2082 3220 2139 constitutum.

2442 2334 2882 2396 CONFUTATIO
2928 2340 3058 2399 Vlll.

2032 2420 2121 2477 59.
2141 2420 2345 2480 Octava
2367 2441 2396 2481 a
2412 2425 2728 2486 Mohamede
2748 2430 2931 2488 fabula
2950 2435 3261 2492 inscribitur
3278 2436 3539 2494 Paeniten-

1963 2515 2060 2568 tia.
2079 2515 2347 2573 Admonet
2373 2530 2555 2576 autem
2573 2522 2857 2591 barbaros,
2881 2536 2940 2579 ut
2961 2525 3239 2582 deﬁnitum
3264 2528 3537 2598 quoddam

1963 2616 2175 2678 tempus
2206 2611 2499 2669 observent
2527 2629 2654 2685 erga
2679 2616 3049 2684 Christianos,
3085 2619 3131 2675 si
3166 2620 3220 2675 hi
3248 2622 3417 2678 velint
3453 2638 3539 2679 res

1961 2715 2091 2757 suas
2124 2710 2377 2760 tractare.
2412 2707 2567 2774 Quod
2605 2709 2652 2762 si
2674 2709 2755 2763 illi
2786 2721 3071 2782 compotes
3100 2714 3183 2769 sui
3206 2715 3533 2784 elﬁciantur,

1959 2800 2015 2848 et
2044 2809 2075 2849 a
2116 2795 2473 2854 barbarorum
2533 2801 2764 2871 imperio
2794 2803 3098 2871 discedant,
3150 2816 3277 2863 tunc
3334 2807 3533 2863 bellum

1960 2898 2147 2942 contra
2190 2903 2284 2944 eos
2332 2891 2767 2962 suscipiendum.
2817 2894 2910 2950 Sin
2961 2912 3113 2964 vero,
3166 2898 3365 2969 inquit,
3408 2900 3532 2955 illos

1958 2980 2292 3048 paenituerit,
2338 2993 2393 3039 et
2434 2985 2657 3055 impiam
2695 2989 2815 3059 ejus
2854 3000 3059 3045 sectam
3107 2992 3532 3061 amplectantur,

1959 3071 2013 3124 in
2069 3070 2299 3128 fratrum
2363 3076 2485 3131 loco
2538 3092 2635 3133 eos
2691 3080 3017 3149 suscipiant.
3071 3082 3344 3138 Admonet
3399 3098 3532 3153 ergo

1958 3161 2324 3231 Christianos,
2356 3166 2559 3224 melius
2592 3184 2717 3225 esse
2751 3172 3014 3241 paenitere
3048 3188 3111 3228 ac
3138 3175 3337 3240 vivere,
3366 3190 3532 3245 quam

1959 3253 2011 3307 in
2043 3253 2471 3315 Christianismo
2502 3271 2810 3330 perstantes
2843 3266 3009 3323 mori.
3036 3264 3159 3321 Mox
3186 3267 3532 3336 impudenter

1959 3346 2137 3415 pulsat
2168 3347 2417 3405 infelices
2465 3351 2766 3419 barbaros,
2819 3357 3019 3424 minis,
3065 3357 3533 3428 increpationibus

1958 3448 2011 3494 et
2040 3442 2323 3507 conviciis,
2354 3451 2616 3515 tanquam
2648 3448 2701 3502 in
2733 3450 2879 3504 cultu
2903 3464 3003 3505 suo
3031 3453 3307 3507 socordes.
3335 3451 3532 3509 Postea

1956 3531 2169 3598 eodem,
2221 3549 2383 3604 quem
2434 3548 2591 3592 antea
2641 3540 2904 3609 diximus,
2954 3551 3072 3597 astu
3125 3544 3317 3599 ambos
3368 3546 3532 3600 unica

1960 3626 2384 3694 reprehensione
2404 3630 2651 3686 inhibere
2688 3643 2942 3702 conatur,
2968 3635 3034 3692 de
3060 3633 3265 3693 Judteis
3290 3637 3454 3693 simul
3478 3647 3533 3692 ct

1954 3717 2282 3780 Christianis
2308 3724 2537 3781 {utiliter
2564 3727 2752 3785 dicens
2789 3746 2805 3784 :

2024 3990 2112 4046 60.
2156 4010 2174 4043 ι
2219 3991 2419 4048 Dicunt
2467 3992 2641 4048 Judaei
2700 3994 2955 4051 lsraelem
3003 4010 3126 4052 esse
3180 3997 3350 4052 ﬁlium
3407 3998 3522 4056 Dei.

1952 4083 2250 4139 Christiani
2300 4085 2556 4140 similiter
2609 4086 2798 4142 dicunt
2835 4087 3113 4143 Christum
3152 4104 3274 4145 esse
3318 4090 3412 4144 Dei
3437 4091 3526 4145 Fi-

1952 4150 2107 4230 iimn.
2143 4176 2242 4230 ilic
2287 4176 2395 4231 illis
2435 4192 2617 4233 sermo
2664 4178 2720 4233 in
2761 4193 2856 4233 ore
2884 4190 3155 4235 versatur.
3208 4181 3528 4237 Consonant

1951 4280 2073 4318 cum
2105 4265 2319 4320 illorum
2362 4268 2710 4324 sermonibus
2750 4270 2842 4339 qui
2881 4271 3124 4327 inﬁdeles
3166 4272 3236 4327 ab
3258 4283 3381 4329 ante
3408 4272 3527 4329 fue-

1951 4366 2099 4411 runt.
2152 4344 2445 4421 Interﬁciet
2474 4358 2597 4415 illos
2628 4359 2775 4416 Deus
2807 4369 3032 4431 propter
3062 4378 3125 4417 ea
3158 4378 3280 4432 quae
3304 4356 3521 4434 negant.

1952 4446 2327 4519 Susceperunt
2359 4451 2639 4520 apostolos
2682 4467 2813 4507 suos
2852 4461 2906 4507 et
2951 4453 3266 4509 sacerdotes
3302 4469 3433 4509 suos
3468 4456 3525 4509 in

1949 4540 2199 4595 dominos
2226 4540 2349 4596 loco
2379 4542 2493 4607 Dei,
2528 4528 2742 4597 necnon
2790 4542 3069 4599 Christum
3122 4544 3290 4599 ﬁlium
3316 4544 3519 4601 Mariae.

258 4612 354 4664 καὶ
378 4612 471 4665 τὸν
500 4614 736 4685 Χριστὸν
770 4619 883 4672 υἱὸν
907 4622 1007 4692 τῆς
1030 4624 1378 4705 Μαρίαςέκαὶ
1400 4629 1496 4683 οὐκ
1520 4631 1845 4705 ἐκελεύσθη-

1962 4632 2114 4701 Atqui
2151 4648 2259 4687 non
2293 4633 2472 4689 fuerat
2510 4635 2618 4691 illis
2656 4636 2972 4690 mandatum
3022 4644 3082 4690 ut
3124 4637 3292 4692 alium
3325 4638 3525 4694 adora-

259 4720 361 4757 σαν
388 4705 664 4764 δουλεύειν
691 4713 738 4766 εὶ
766 4713 839 4783 μὴ
862 4713 996 4767 Θεοῦ
1032 4717 1169 4781 ένός.
1198 4738 1215 4769 ι
1240 4720 1471 4786 Δύσνους
1493 4725 1520 4776 6
1548 4724 1841 4797 βάρϐαρος,

258 4799 385 4851 ἐπεὶ
418 4802 637 4873 ἀμαθὴς
667 4808 761 4858 καί
813 4808 1168 4877 ἀπαίδευτος,·
1219 4814 1267 4866 εὶ
1316 4817 1422 4885 γὰρ
1452 4818 1589 4882 ὅλως
1636 4821 1844 4891 προσῆν

259 4891 411 4962 αὐτῷ
440 4892 632 4965 λογικὴ
658 4897 890 4965 σύνεσις,
927 4902 1033 4956 ἔδει
1057 4906 1123 4959 τά
1158 4907 1293 4977 πρὸς
1318 4907 1551 4979 τοῦνομα
1594 4912 1689 4964 τοῦ
1723 4914 1839 4967 υἱοῦ

261 4988 641 5056 σημαινόμενα
674 4991 808 5060 πρὸς
840 4993 1073 5066 θατέραν
1122 4999 1282 5064 δόξαν
1320 5002 1428 5057 τῶν
1496 5002 1667 5057 ἐθνῶν
1702 5022 1838 5075 προ-
1856 5060 1887 5095 l

260 5081 635 5152 ἀναφωνῆσαι,
655 5086 748 5137 καὶ
779 5089 889 5150 τοῖς
923 5105 985 5156 γε
1003 5090 1139 5159 πρὸς
1166 5094 1326 5146 αὑτὸν
1358 5095 1432 5166 μὴ
1457 5097 1659 5167 σφόδρα
1681 5099 1838 5151 ὲναν-

258 5173 388 5236 τὶως
423 5178 743 5246 φερομένοις
766 5180 1109 5251 όμαλώτερον
1134 5187 1457 5259 ἐπιτιμῆσαι
1483 5206 1497 5220 ·
1530 5191 1841 5244 τούναντίον

258 5264 313 5316 δὲ
340 5268 451 5329 τοῖς
490 5266 559 5319 τά
587 5268 820 5337 μάλιστα
863 5272 1010 5341 αὐτῷ
1041 5272 1462 5345 διαμαχομένοις
1486 5293 1499 5307 ⁸
1538 5280 1592 5331 οἵ
1616 5297 1676 5332 τε
1730 5280 1837 5351 γάρ

273 5354 541 5411 Ἰουδαῖοι’
570 5360 631 5413 οὐ
659 5363 881 5431 γνήσιον
930 5363 1041 5417 υἱὸν
1083 5364 1217 5418 Θεοῦ
1256 5368 1348 5445 τὸν
1389 5370 1605 5443 Ἰσραὴλ
1634 5372 1836 5442 ὀνομά-

262 5451 462 5517 ζουσιν,
498 5452 613 5505 ἀλλ’
640 5455 673 5522 ἢ
725 5455 847 5507 ὅσον
897 5455 1179 5520 ἀποδεῖξαι
1232 5460 1327 5529 τὴν
1379 5462 1508 5531 περ)⁹
1535 5463 1713 5518 αὐτῶν
1742 5465 1836 5518 τοῦ

261 5542 395 5597 Θεοῦ
437 5545 839 5616 ὑπερκειμένην
901 5548 1037 5619 πρὸς
1075 5548 1145 5601 τὰ
1178 5550 1339 5605 λοιπὰ
1388 5551 1514 5623 ἔθνη
1572 5553 1661 5607 διὰ
1714 5558 1839 5621 τοὺς

1950 4735 2087 4791 rent,
2121 4736 2313 4796 praeter
2335 4725 2502 4781 Deum
2538 4744 2728 4783 unum.
2763 4748 2783 4782 ι
2815 4727 2965 4783 Mala:
2992 4731 3192 4787 mentis
3229 4730 3521 4794 barbarus,

1951 4826 2309 4888 prmterquam
2348 4820 2493 4889 quod
2526 4821 2780 4877 indoctus
2826 4830 2879 4876 et
2910 4823 3240 4879 ineruditus.
3283 4823 3423 4878 Nam
3477 4825 3524 4878 si

1948 4909 2237 4965 rationalis
2277 4910 2327 4965 ei
2362 4912 2669 4968 intellectus
2702 4913 2926 4979 inesset,
2971 4914 3247 4970 debuisset
3283 4915 3526 4969 nominis

1948 5001 2047 5055 lilii
2073 5002 2353 5056 notionem
2382 5005 2679 5059 secundum
2712 5006 2987 5060 diversam
3016 5007 3247 5061 duarum
3274 5007 3520 5077 gentium

1948 5095 2319 5166 acccptionem
2359 5096 2698 5164 proclamare
2728 5114 2741 5152 :
2774 5108 2827 5153 et
2852 5099 2973 5154 illos
3005 5098 3227 5169 quidem
3251 5098 3345 5169 qui
3375 5099 3522 5153 haud

1950 5201 2328 5256 magnoperea
2356 5187 2553 5257 placito
2587 5188 2707 5258 ejus
2748 5189 3059 5256 discedunt,
3109 5191 3298 5246 mitius
3339 5189 3523 5261 objur-

1947 5294 2077 5347 gare
2112 5295 2125 5344 ;
2156 5294 2316 5334 secus
2354 5292 2535 5334 autem
2578 5280 2702 5337 illos
2747 5282 2841 5351 qui
2882 5283 3121 5337 maxime
3169 5282 3274 5352 ipsi
3331 5284 3541 5367 δόνει-ον

1948 5378 2158 5425 santur.
2214 5369 2348 5424 Nam
2395 5370 2565 5426 Judaei
2604 5388 2948 5444 nequaquam
2994 5375 3291 5444 genuinum
3328 5372 3421 5429 Dei
3456 5373 3525 5427 ﬁ-
3588 5389 3592 5393 ·

1946 5462 2078 5515 lium
2106 5459 2357 5517 lsraelem
2402 5463 2624 5531 dicunt;
2656 5465 2750 5520 sed
2783 5466 3062 5531 illatenus,
3116 5475 3178 5521 ut
3206 5466 3519 5531 ostendant,

1943 5554 2040 5610 Dei
2084 5570 2327 5611 amorem
2374 5571 2497 5628 erga
2540 5557 2662 5612 illos
2711 5568 2971 5628 praestare
3009 5558 3184 5614 amori
3232 5558 3370 5630 patri
3428 5559 3522 5628 qui

264 5636 507 5707 πατέρας
538 5639 771 5707 στοργήν
799 5652 811 5666 ·
849 5638 964 5701 πῶς
1009 5639 1100 5693 οὖν
1131 5642 1160 5695 6
1196 5642 1309 5706 υἱὸς
1349 5642 1441 5696 τοῦ
1487 5646 1693 5716 πατρὶς
1743 5644 1835 5700 τοῦ

1962 5647 2083 5718 tpud
2112 5658 2336 5703 exteras
2363 5659 2554 5720 gentes
2592 5665 2713 5706 esse
2751 5651 2906 5708 solet.
2946 5650 3231 5719 Quomodo
3272 5651 3362 5707 hic
3390 5663 3521 5721 ergo

335 5850 449 5927 (ἓξ)
483 5849 613 5927 ,ξιπ-
635 5850 743 5927 Ᾰξίν
760 5855 796 5927 1
833 5872 949 5927 seq.

336 5919 447 5989 (96)
480 5919 606 5975 Sur.
635 5922 725 5987 Ix,
756 5926 843 5979 δι.

596 6019 864 6083 Parnm.
904 6022 1017 6083 Gn.
1055 6022 1177 6084 CV.

2022 5862 2135 5932 (97)
2168 5862 2240 5918 ita
2274 5863 2494 5920 Graecus
2521 5862 2715 5919 codex.
2750 5861 2932 5921 Alcor.
2962 5860 3130 5916 Arab.
3168 5859 3354 5916 Ozair.

3072 6015 3151 6079 24
