3882 6474
446 417 553 485 747

1691 420 1984 486 NICETIE
2018 420 2427 483 BYZANTINI
3562 428 3645 497 7i8

456 533 526 590 de
577 541 730 605 patre
780 533 1050 590 mendacii
1098 542 1281 600 natus,
1344 532 1420 587 ait
1462 530 1682 588 Iudaeos
1734 531 2018 586 dominum

2126 529 2353 598 ψεύδους
2405 529 2607 599 φάσκει
2634 528 2833 592 αὐτοὺς
2890 527 3080 602 κύριον
3116 530 3321 586 ἑαυτῶν
3344 535 3428 591 τὸν
3465 539 3648 616 Ἰσραὴλ

450 641 612 682 suum
668 625 928 682 lsraelem
991 625 1096 682 sibi
1147 624 1471 696 sumpsisse,
1536 633 1734 695 praeter
1792 623 2025 681 Deum?

450 715 862 787 luterrogentur
910 715 1080 771 Judaei
1132 724 1312 771 utrum
1368 716 1422 770 id
1478 714 1776 785 aliquando
1839 716 2025 771 animo

451 808 795 877 agitaverint,
834 809 917 863 vel
948 808 1000 863 in
1044 809 1263 864 illorum
1293 807 1596 875 Scripturis
1637 816 1893 863 occurrat
1927 808 2023 863 do-

451 900 632 954 minus
693 899 940 970 ipsorum
1002 899 1190 955 Israel.
1252 898 1547 953 Christiani
1598 906 1780 953 autem
1831 912 2020 953 verum

450 1004 665 1059 reapse,
711 999 876 1059 prout
914 991 1087 1053 decet,
1121 992 1419 1062 genuinum
1448 988 1648 1045 Filium
1683 1005 1807 1045 esse
1848 990 2023 1045 conli-

446 1091 630 1137 tentur
655 1081 959 1150 Christum,
996 1099 1065 1138 ex
1108 1086 1299 1140 eadem
1340 1084 1519 1141 Patris
1550 1082 1647 1139 Dei
1678 1083 1864 1138 divina
1894 1082 2021 1137 sub-

344 1210 353 1223 .
449 1174 709 1242 stantia;
747 1183 912 1245 prout
973 1185 1057 1231 est
1131 1176 1188 1231 in
1230 1191 1294 1232 ea
1338 1175 1616 1247 Scriptura
1690 1191 1856 1246 quam
1906 1174 2024 1244 ipse

443 1263 715 1320 barbarus
753 1263 956 1320 fatetur
984 1280 1016 1321 a
1060 1266 1169 1321 Deo
1218 1266 1496 1332 traditam,
1537 1281 1731 1336 nempe
1759 1268 1813 1320 in
1844 1266 2023 1320 Evan-

442 1358 608 1427 gelio.
657 1356 795 1414 Nam
841 1360 912 1425 si,
964 1370 1026 1415 ut
1076 1359 1305 1425 fatetur,
1367 1359 1629 1415 divinitus
1687 1360 1872 1413 datum
1919 1356 2023 1410 fuit

440 1450 799 1522 Evangelium
826 1469 841 1518 ;
872 1453 925 1507 in
958 1468 1024 1509 eo
1066 1462 1248 1509 autem
1291 1453 1555 1524 scriptum
1596 1460 1701 1515 est,
1736 1459 1818 1504 ter
1849 1450 2018 1504 Deum

440 1541 675 1611 desuper
719 1557 818 1613 pro
861 1543 1083 1600 Christo
1131 1546 1443 1611 clamasse;
1491 1544 1573 1599 bis
1612 1543 1832 1613 quidem
1870 1560 1883 1597 :
1915 1540 2020 1595 Hic

439 1639 515 1686 εει
549 1631 726 1689 Filius
769 1651 914 1689 meus
952 1635 1177 1691 dilectus
1199 1638 1219 1669 °
1250 1654 1263 1702 ;
1298 1636 1466 1691 semel
1494 1643 1676 1689 autem
1716 1651 1729 1688 :
1761 1632 1829 1687 Et
1855 1632 2020 1686 clari-

439 1722 618 1791 ﬁcavi,
645 1733 694 1779 et
714 1726 906 1779 iterum
941 1726 1248 1795 clariﬁcabo
1276 1727 1320 1758 ¹⁰
1338 1742 1358 1792 ;
1379 1725 1508 1796 quid
1535 1725 1830 1779 absurdum
1862 1738 2019 1793 pere-

438 1813 728 1879 grinutnve
772 1813 981 1869 faciunt
1013 1813 1337 1880 Christiani,
1373 1814 1543 1869 Deum
1586 1827 1651 1867 ac
1689 1810 1787 1865 Dei
1820 1808 2016 1863 Filium

2126 620 2481 677 ἐπιλαϐέσθαι
2506 620 2682 693 πάρεξ
2715 620 2883 689 Θεοῦ;
2912 622 3306 694 ὲρωτάσθωσαν
3349 626 3564 689 Ἰουδαῖοι
3586 642 3649 692 εί-

2125 729 2256 766 ποτε
2286 711 2449 767 τοῦτο
2476 713 2890 785 ὲντεθύμηνται,
2921 714 2953 785 ἢ
2986 714 3045 768 ὲν
3072 715 3313 785 Γραφαῐς
3334 719 3497 775 αὐτῶν
3529 728 3651 799 είρη-

2122 821 2217 859 ται
2252 803 2442 873 κύριος
2470 803 2651 857 αὐτῶν
2679 806 2706 858 6
2746 804 2964 876 Ἰσραήλ
2984 820 2997 833 ·
3033 806 3081 858 εί
3108 805 3164 858 δέ
3194 824 3256 876 γε
3283 808 3570 877 Χριστιανοὶ
3590 818 3651 889 τῷ

2122 896 2238 950 δντι
2267 896 2481 967 ἀληθῶς
2513 897 2634 951 καθ’
2664 897 2693 951 ὃ
2722 899 2933 969 πρέπον
2961 898 3080 969 Θεῷ
3130 900 3351 971 γνήσιον
3403 904 3532 970 Υίδν,
3577 912 3653 965 καὶ

2122 987 2224 1057 τῆς
2253 988 2423 1060 αὐτῆς
2448 988 2543 1043 τοῦ
2572 988 2707 1043 Θεοῦ
2740 992 2837 1044 καὶ
2876 991 3090 1062 Πατρδς
3122 992 3309 1056 οὐσίας
3340 995 3423 1048 τὸν
3458 998 3653 1068 Χριστὸν

2124 1079 2483 1151 ὁμολογοῦσιν
2510 1083 2576 1153 τῇ
2608 1080 2761 1154 θεῖκῇ
2797 1084 2976 1155 οὐσία,
3008 1085 3150 1138 κατά
3183 1084 3281 1156 τὴν
3312 1088 3401 1140 καὶ
3427 1092 3543 1163 παρ’
3576 1095 3656 1147 αὐ-

2121 1172 2216 1225 τοῦ
2242 1172 2336 1226 τοῦ
2372 1173 2647 1245 βαρϐάρου
2690 1175 3128 1247 ὁμολογουμένην
3182 1179 3247 1231 ὲκ
3279 1177 3407 1233 Θεοῦ
3445 1183 3658 1241 δεδόσθαι

2122 1266 2338 1336 γραφήν
2367 1264 2461 1319 τοῦ
2499 1265 2853 1335 Εὐαγγελίου.
2879 1269 2942 1321 El
2972 1270 3100 1341 γὰρ,
3132 1270 3207 1333 ὡς
3233 1270 3488 1342 ὁμολογεῖ,
3509 1274 3661 1333 θεόθεν

2121 1355 2332 1410 δέδοται
2359 1357 2417 1412 τὸ
2453 1358 2806 1428 Εὐαγγέλιον,
2844 1361 2904 1413 ὲν
2946 1361 3097 1433 αὐτῷ
3136 1362 3194 1415 δὲ
3250 1363 3558 1435 γέγραπται,
3596 1370 3661 1425 ὅτι

2120 1448 2305 1519 τρίτον
2335 1447 2541 1504 ἄνωθεν
2569 1450 2597 1503 6
2624 1451 2759 1517 Θεὸς
2788 1452 2930 1523 ὑπὲρ
2967 1454 3205 1524 Χριστοῦ
3238 1455 3523 1529 ἐπεϐόησεν
3543 1477 3555 1489 ο
3599 1462 3661 1535 πῆ

2125 1539 2243 1610 μὲν,
2283 1536 2469 1607 Οὗτός
2508 1542 2680 1597 ἐστιν
2716 1545 2750 1597 ὁ
2777 1544 2907 1610 Υἱός
2935 1562 3055 1613 μου
3097 1545 3484 1616 όάγαπητός;
3507 1551 3574 1622 πῆ
3598 1553 3663 1619 δὲ,

2120 1631 2227 1684 Καὶ
2252 1631 2539 1700 ἐδόξασα,
2572 1633 2670 1687 καὶ
2712 1634 2903 1689 πάλιν
2934 1636 3177 1702 δοξάσω
3203 1653 3224 1702 ;
3277 1637 3330 1691 τί
3377 1638 3559 1694 ἄτοπον
3592 1645 3667 1698 καὶ

2122 1719 2271 1785 ξένον
2297 1722 2540 1776 ποιοῦσιν
2562 1723 2611 1776 οἱ
2639 1724 2975 1793 Χριστιανοὶ,
3012 1725 3143 1779 Θεὸν
3176 1726 3269 1781 καὶ
3297 1726 3426 1781 Θεοῦ
3460 1730 3574 1784 Υίὸν
3595 1733 3667 1787 τὸν

2068 1808 2073 1813 ’
2118 1808 2354 1880 Χριστὸν
2388 1810 2815 1880 ὁμολογοῦντες;
2846 1812 2941 1866 τοῦ
2972 1812 3108 1866 Θεοῦ
3143 1814 3275 1867 αὐτὸ
3302 1815 3453 1869 τοῦτο
3486 1836 3667 1889 μαρτυ-

437 1901 719 1957 Christum
771 1904 1099 1961 conlltentes
1128 1906 1152 1959 ?
1181 1906 1293 1961 Deo
1338 1905 1443 1960 hoc
1484 1904 1625 1959 idem
1666 1910 1923 1966 testante,
1966 1908 2020 1954 et

2128 1900 2369 1972 ροῦντος,
2406 1903 2501 1955 καὶ
2533 1903 2693 1957 τοῦτο
2721 1903 2821 1972 μὲν
2868 1906 2932 1958 ὲκ
2975 1906 3074 1976 τῆς
3128 1908 3523 1977 ἐπαινουμένης
3558 1912 3668 1981 παρ’

436 1994 660 2064 quidem
688 1995 741 2050 in
771 1996 990 2053 laudato
1013 1999 1081 2053 ab
1112 1997 1232 2069 ipso
1268 1996 1587 2052 Mohamede
1625 1995 1785 2049 libro.
1829 1991 2017 2059 Quan-

436 2100 601 2156 quam
632 2087 872 2143 arhitror
903 2103 1184 2159 nunquam
1221 2089 1417 2144 lectam
1444 2087 1756 2143 divinorum
1782 2083 2020 2155 Evange-

434 2177 632 2233 liorum
663 2194 695 2234 a
733 2179 971 2235 barbaro
1030 2180 1387 2251 scripturam,
1423 2178 1518 2234 sed
1553 2178 1770 2233 illorum
1806 2185 2017 2230 tantum

434 2272 660 2327 nomine
696 2273 903 2336 audito,
933 2271 1231 2339 laudasse;
1262 2272 1397 2344 quin
1443 2282 1625 2327 tamen
1674 2270 1843 2327 sciret
1879 2270 2018 2325 scri-

435 2373 590 2435 ptum
623 2364 701 2420 ibi
732 2365 881 2435 quod
919 2379 1049 2421 vere
1084 2364 1176 2421 Dei
1207 2364 1381 2420 Filius
1409 2364 1665 2421 Christus
1707 2366 1800 2421 sit.

506 2457 594 2512 6l.
632 2455 790 2524 Quod
820 2467 1000 2513 tamen
1029 2472 1093 2513 ex
1122 2455 1433 2529 antiquiore
1465 2458 1627 2512 etiam
1661 2460 2019 2530 mysticorum

436 2563 500 2603 ac
520 2549 913 2619 prophetarum
939 2548 1224 2619 Scriptura
1255 2549 1597 2619 exploratum
1625 2558 1728 2605 est.
1761 2549 1895 2605 Nam
1926 2567 2023 2622 pa-

436 2655 525 2695 res
584 2641 867 2695 stellarum
922 2656 1152 2697 numero
1180 2642 1427 2698 invenies
1472 2642 1549 2701 rei
1587 2642 1752 2710 hujus
1792 2644 2024 2698 demon-

437 2733 753 2799 strationes,
783 2733 896 2804 jam
937 2735 1063 2791 inde
1085 2750 1115 2791 a
1144 2735 1325 2807 primo
1351 2735 1594 2790 omnium
1627 2736 1766 2791 libro
1799 2735 2021 2808 Moysis,

435 2841 613 2898 usque
633 2827 700 2883 ad
726 2828 1005 2884 Danielem
1021 2827 1341 2899 prophetam
1360 2836 1413 2883 et
1433 2829 1692 2899 reliquos.
1712 2827 1867 2897 Quod
1897 2833 2023 2901 qui-

433 2919 555 2974 dem
579 2918 788 2991 Moyses
815 2931 997 2976 nosset
1024 2919 1117 2975 Dei
1141 2920 1403 2975 unitatem
1429 2928 1661 2990 naturae,
1687 2932 1741 2977 et
1774 2928 2026 2993 proprie-

434 3018 608 3065 tatum
636 3010 687 3065 id
713 3020 797 3066 est
834 3025 1193 3082 personarum
1226 3010 1800 3083 dill‘erentiam,palam
1824 3015 2025 3069 factum

432 3112 666 3159 estcum
708 3103 971 3174 scripsit:
1010 3102 1299 3158 Faciamus
1344 3103 1607 3159 hominem
1637 3106 1706 3160 ad
1743 3107 2027 3177 imaginem

434 3213 498 3250 ac
520 3195 923 3251 similitudinem
955 3205 1191 3251 nostram
1218 3196 1282 3251 “.
1318 3194 1451 3251 Item
1481 3197 1652 3253 dixit:
1684 3196 1820 3254 Ecce
1853 3200 2027 3254 Adam

432 3289 587 3359 quasi
614 3305 750 3342 unus
773 3304 838 3343 ea:
869 3288 1018 3344 nobis
1054 3288 1227 3358 factus
1248 3297 1326 3343 εει
1349 3288 1417 3343 ¹¹.
1459 3289 1702 3360 Denique
1724 3306 1848 3346 cum
1880 3291 2021 3346 scri-

432 3381 582 3452 psit:
617 3382 782 3447 Audi,
833 3380 1025 3447 lsrael,
1062 3380 1320 3435 Dominus
1374 3380 1516 3435 Deus
1572 3392 1717 3446 tuus,
1762 3382 2019 3438 Dominus

434 3493 571 3530 unus
603 3486 680 3531 est
711 3477 775 3533 ¹⁸.
810 3475 873 3531 Vi
912 3477 1193 3532 causativa
1247 3477 1507 3531 nimirum
1550 3486 1605 3532 et
1632 3477 1936 3533 substantia
1968 3489 2023 3535 et

434 3569 847 3640 conspiratione
876 3569 1087 3624 unitatn
1129 3584 1252 3625 esse
1286 3567 1632 3636 Trinitatem,
1668 3570 2021 3625 manifestum

433 3671 557 3717 est:
591 3676 755 3717 secus
793 3662 941 3717 enim
980 3661 1255 3717 contraria
1274 3661 1378 3717 sibi
1403 3662 1735 3732 scripsisset,
1770 3663 2021 3731 superius

434 3753 654 3824 quidem
703 3751 899 3823 positis
949 3751 1183 3808 diversis
1225 3752 1481 3822 personis
1539 3752 2019 3822 colloquentihus;

434 3846 631 3903 deinde
663 3861 829 3901 unam
885 3860 1181 3916 personam
1216 3844 1483 3901 inducens
1547 3844 1880 3915 loquentem,
1919 3860 2017 3900 au-

434 3939 673 3995 dientem
721 3948 884 4010 atque
936 3938 1250 3994 facientem.
1280 3937 1439 4005 Quod
1485 3935 1641 3994 nefas
1671 3945 1774 3993 est.
1801 3935 1937 3993 Tum
1967 3946 2022 3994 et

434 4031 680 4085 omnium
708 4039 957 4085 veterum
991 4031 1381 4101 prophetarum
1413 4028 1881 4084 luculentissimus
1912 4028 2022 4084 Da-

433 4124 561 4191 niel,
586 4124 877 4195 perspicue
908 4130 1125 4194 tempus
1158 4136 1378 4194 quoque
1416 4120 1788 4177 manilestavit
1814 4119 2020 4177 Christi

432 4217 721 4284 adventus,
766 4214 1123 4287 ejusdemque
1164 4214 1483 4285 dignitatem
1535 4214 1882 4286 signiﬁcavit,
1930 4215 2017 4269 di-

432 4326 561 4366 cens
593 4326 608 4363 :
641 4308 1004 4379 Aspiciebam,
1042 4319 1089 4363 et
1114 4324 1230 4363 ecce
1257 4308 1311 4361 in
1342 4307 1567 4361 nubibus
1592 4307 1728 4373 costi,
1766 4315 2018 4377 tanquam

431 4402 610 4458 Filius
644 4403 915 4467 hominis;
946 4403 1092 4472 eique
1120 4401 1279 4454 datus
1314 4407 1389 4453 εει
1425 4401 1613 4466 honor,
1647 4409 1695 4454 et
1729 4399 2013 4463 veneratio,

432 4505 486 4551 et
514 4495 745 4566 reliqua.
774 4493 843 4549 Et
872 4491 1092 4565 quidem
1150 4490 1319 4547 etiam
1375 4489 1679 4560 Autiquum
1706 4487 1915 4543 dierum
1962 4487 2017 4541 in

434 4589 489 4642 in
518 4589 717 4641 throno
742 4585 1020 4641 sedentem
1054 4582 1119 4636 η.

418 4670 419 4673 “
505 4678 594 4735 62.
635 4678 740 4735 Sed
769 4688 979 4733 veteres
1028 4676 1348 4731 omittamus
1394 4673 1726 4745 Scripturas.
1772 4671 1852 4727 Ex
1886 4670 2019 4741 ipsis

434 4770 639 4830 Christi
695 4770 1163 4840 praedictionibus,
1209 4768 1517 4835 harumque
1566 4765 1738 4831 exitu,
1782 4765 1827 4820 si
1871 4770 2041 4817 certe

432 4866 635 4922 stultus
666 4862 1017 4919 Mohamedes
1058 4876 1250 4931 sapere
1278 4859 1481 4929 aliquid
1518 4865 1747 4927 poterat,
1776 4856 2017 4911 divinam

434 4956 583 5012 illius
636 4955 957 5027 dignitatem
1016 4951 1395 5013 intellexisset,
1442 4964 1653 5004 necnon
1709 4945 1806 5001 abs
1852 4943 2020 4999 Joan-

431 5052 518 5106 nis
558 5049 898 5116 testimonio,
935 5063 1099 5119 quem
1133 5047 1251 5117 ipse
1284 5055 1338 5100 et
1373 5045 1695 5115 prOphetam
1734 5040 2016 5110 etjustum

428 5144 708 5199 hominem
742 5143 958 5209 dicens,
993 5141 1250 5197 admittit.
1279 5139 1412 5195 Item
1443 5153 1473 5193 a
1503 5135 1708 5193 Christi
1737 5133 2018 5188 miraculis

429 5255 525 5309 per
549 5238 797 5310 ejusdem
832 5236 1079 5307 symbola
1105 5234 1356 5306 patratis,
1387 5247 1417 5286 a
1441 5229 1725 5302 sepultura
1756 5235 1810 5283 et
1835 5241 2018 5281 resur-

430 5331 693 5387 rectione.
725 5328 830 5385 Sed
863 5329 1001 5384 nihil
1027 5328 1224 5383 horum
1252 5333 1437 5381 mente
1467 5337 1569 5379 sua
1601 5318 2016 5390 comprehendit

426 5420 519 5476 hic
543 5423 820 5477 latronum
852 5421 964 5476 dux
993 5435 1008 5471 :
1042 5434 1216 5490 neque
1245 5418 1295 5473 ei
1334 5414 1485 5472 cordi
1512 5426 1751 5482 unquam
1785 5408 1889 5464 fuit
1920 5407 2014 5461 Dei

430 5516 682 5569 notitiam
711 5515 957 5584 assequi,
1011 5512 1106 5568 sed
1139 5507 1478 5582 decipiendis
1504 5515 1716 5561 tantum
1748 5500 2015 5557 auditori-

2120 1993 2269 2062 αὐτῷ
2319 1993 2503 2063 βίϐλου
2565 1995 2672 2048 τῶν
2738 1995 3124 2065 Εὐαγγελίων’
3186 1998 3325 2063 ἀλλ’,
3372 1995 3550 2069 οἶμαι,
3588 2003 3671 2057 οὐκ

2120 2083 2330 2152 ἀνέγνω
2362 2085 2580 2139 πώποτε
2618 2087 2717 2156 τὴν
2747 2088 2854 2140 τῶν
2896 2088 3053 2142 θείων
3094 2090 3442 2159 Εὐαγγελίων
3478 2092 3664 2163 γραφὴν

2120 2177 2148 2228 6
2174 2175 2468 2247 βάρϐαρος,
2495 2178 2662 2248 μόνην
2684 2178 2742 2243 δὲ
2771 2178 2950 2232 αὐτῶν
2972 2180 3069 2251 τὴν
3098 2183 3467 2254 προσηγορίαν
3487 2183 3671 2237 ἀκούων

2122 2267 2429 2335 ἐξεθείαζεο
2482 2271 2576 2325 καὶ
2631 2271 2730 2325 οὐκ
2783 2271 2922 2343 ᾤετο
2951 2274 3007 2327 ἐν
3053 2274 3239 2339 αὐτοῖς
3287 2275 3580 2347 γεγράφθαι
3604 2277 3670 2330 ὅτι

2121 2362 2338 2433 ἀληθῶς
2372 2362 2499 2427 Υἱὸς
2531 2363 2668 2417 Θεοῦ
2703 2365 2853 2419 ἐστιν
2883 2367 2911 2420 6
2948 2366 3207 2439 Χριστός.

2196 2453 2293 2519 Ea’.
2336 2455 2429 2509 Ἐκ
2461 2455 2518 2510 δὲ
2554 2455 2664 2512 τῶν
2716 2458 2960 2530 ἀπείρων
2988 2459 3090 2531 τῆς
3140 2460 3563 2531 προγενεστέρας
3584 2460 3673 2515 τῶν

2124 2544 2429 2599 θεοπτικῶν
2476 2546 2570 2599 καὶ
2605 2547 2961 2616 προφητικῶν
3010 2548 3268 2620 Γραφῆς·
3303 2550 3539 2620 ἀστέρων
3585 2549 3674 2620 γάρ

2124 2655 2207 2701 τις
2262 2638 2479 2710 ἀριθμῷ
2512 2640 2696 2711 σχεδὸν
2747 2640 3136 2713 ἁμιλλωμένας
3171 2642 3398 2713 εὑρήσει
3429 2642 3522 2706 τὰς
3566 2644 3680 2696 ἀπο-

2123 2730 2340 2798 δείξεις,
2376 2732 2471 2785 ἀπ⁹
2520 2733 2691 2803 αὐτῆς
2722 2736 2822 2805 τῆς
2868 2734 3274 2805 πρωτογράφου
3312 2734 3495 2805 βίϐλου
3540 2735 3678 2788 Maii-

2127 2824 2265 2890 σέως
2293 2824 2398 2887 ἕως
2431 2824 2629 2897 Δανιὴλ
2654 2825 2748 2879 τοῦ
2780 2828 3063 2897 προφήτου
3102 2827 3195 2880 καὶ
3222 2827 3333 2881 τῶν
3359 2825 3679 2880 λοιπῶν.”οτι

2125 2917 2235 2987 γὰρ
2258 2916 2501 2987 Μωῦσῆς
2525 2917 2643 2987 ᾔδει
2695 2917 2785 2972 τοῦ
2818 2916 2977 2971 Θείου
3006 2918 3067 2972 τὸ
3094 2922 3193 2990 τῆς
3229 2918 3445 2988 φύσεως
3488 2918 3676 2989 μοναδι-

2128 3006 2245 3073 κδν,
2280 3008 2376 3060 καὶ
2399 3008 2509 3062 τῶν
2547 3010 2852 3081 ίδιοτήτων,
2910 3011 3081 3081 ήγουν
3109 3012 3220 3065 τῶν
3252 3011 3607 3073 ὑποστάσεων,
3633 3008 3681 3060 τὸ

2126 3098 2404 3170 διάφορον,
2438 3101 2671 3170 φανερόν
2695 3117 2709 3131 ’
2760 3100 2924 3173 ἡνίκα
2953 3101 3182 3174 ἔγραφε,
3235 3101 3577 3171 Ποιήσωμεν
3596 3099 3681 3153 ἄν·

2131 3193 2367 3259 θρωπον
2395 3192 2525 3245 κατ’
2559 3196 2766 3249 εἰκόνα
2794 3193 3093 3264 ἡμετέραν
3124 3194 3223 3247 καὶ
3255 3196 3552 3263 ὁμοίωσιν.
3592 3192 3682 3244 Καὶ

2055 3254 2097 3313 c
2129 3254 2219 3337 ὅτε
2248 3282 2508 3352 ἔφασκεν,
2547 3284 2695 3340 Ἰδοὺ
2729 3254 2988 3357 reperer-
3009 3287 3190 3357 Ἀδὰμ
3219 3254 3303 3353 ὡς
3331 3281 3418 3351 εἷς
3438 3286 3504 3350 ἐξ
3518 3283 3677 3355 ἡμῶν.

2143 3376 2302 3430 Ἀλλά
2342 3376 2437 3430 κιιῖ⁹
2474 3377 2564 3430 ὅτε
2598 3376 2856 3447 ἔγραφεν,
2894 3379 3135 3445 Ἄκουε,
3175 3377 3451 3446 Ἰσραὴλ,
3499 3378 3682 3445 Κύριος

2129 3468 2163 3521 ὁ
2201 3468 2347 3533 Θεός
2387 3482 2524 3533 σου,
2565 3466 2778 3535 Κύριος
2808 3462 2895 3533 εἶς
2918 3466 3049 3521 ἐστι
3072 3482 3087 3497 ·
3120 3464 3197 3537 τῷ
3224 3465 3385 3536 αἰτίῳ
3412 3463 3502 3517 καὶ
3523 3464 3579 3532 τῇ
3608 3460 3682 3511 οῦ-

2129 3558 2223 3630 σίᾳ
2252 3559 2348 3613 καὶ⁹
2408 3560 2685 3630 συμπνοίᾳ
2729 3558 3051 3630 ἑνιξομένην
3083 3558 3357 3627 ἐγίνωσκε
3385 3555 3481 3625 τὴν
3505 3550 3681 3624 Τριάδα

2128 3650 2393 3722 φανερόν·
2417 3651 2450 3722 ἢ
2475 3650 2584 3719 γὰρ
2609 3651 2826 3705 ἐναντία
2858 3650 3040 3721 ἐαυτῷ
3077 3649 3344 3720 ἔγραφεν,
3372 3649 3483 3701 ἀνω
3511 3643 3600 3713 μὲν
3621 3657 3685 3693 τιο

2128 3739 2243 3805 θεὶς
2274 3740 2506 3812 διάφορα
2538 3740 2805 3810 πρόσωπα
2834 3739 3239 3809 διαλεγόμενος,
3264 3734 3553 3806 μετέπειτα
3571 3727 3619 3781 δὲ
3638 3725 3684 3778 ἒν

2133 3832 2292 3903 μόνον
2343 3834 2641 3903 ἐκήρυττεν
2670 3827 2810 3885 εἶναι
2844 3831 3140 3903 πρόσωπον
3198 3828 3264 3882 τό
3322 3844 3383 3880 τε
3416 3824 3564 3892 λέγον
3606 3817 3685 3871 καὶ

2129 3922 2327 3978 ἀκοῦον
2355 3923 2449 3977 καὶ
2477 3924 2664 3979 ποιοῦν
2682 3939 2701 3957 ο
2728 3924 2867 3995 ὅπερ
2889 3923 3166 3993 ἀθέμιτον.
3202 3920 3315 3975 Καὶ
3359 3918 3389 3971 6
3418 3916 3622 3970 πάντων
3640 3909 3686 3961 δὲ

2126 4015 2237 4069 τῶν
2270 4015 2437 4070 πάλαι
2470 4017 2765 4088 προφητῶν
2802 4014 3285 4085 ὲμφαντικὼτατος
3336 4008 3548 4080 Δανιὴλ,
3578 4018 3687 4073 τρι·

2127 4107 2234 4171 νῶς
2251 4108 2345 4160 καὶ
2381 4107 2473 4161 τὸν
2502 4108 2689 4178 χρόνον
2719 4106 2988 4177 ἐδήλωσεν
3025 4104 3120 4175 τῆς
3151 4098 3398 4173 Χριστοῦ
3427 4094 3685 4150 ἐλεύσεως,

2128 4200 2224 4253 καὶ
2243 4200 2341 4270 τὴν
2378 4199 2544 4254 αὐτοῦ
2574 4198 2730 4265 ἀξίαν
2761 4199 3057 4268 ἐσήμανεν,
3095 4194 3263 4265 ἡνίκα
3294 4190 3465 4260 λέγει’
3509 4180 3687 4239 Ἐθεὼ-

2120 4307 2294 4359 pavr,
2324 4290 2420 4343 καὶ
2452 4288 2581 4343 ὶδοὺ
2614 4288 2714 4342 ἐπὶ
2737 4287 2859 4342 τῶν
2887 4285 3161 4355 νεφελῶν
3199 4283 3313 4339 τοῦ
3345 4274 3597 4349 οὐρανοῦ
3622 4272 3685 4336 ὡς

2126 4383 2258 4447 υίὸς
2276 4380 2592 4449 ἀνθρώπου
2617 4396 2631 4410 ·
2688 4380 2787 4433 καὶ
2819 4378 2978 4444 αὐτῷ
3020 4376 3199 4444 ἐδόθη
3234 4378 3273 4446 ἡ
3316 4373 3477 4444 τιμὴ,
3528 4368 3614 4422 καὶ
3658 4365 3688 4431 ἦ

2126 4479 2564 4546 προσκύνησις,
2606 4477 2702 4530 καὶ
2758 4476 2825 4533 τά
2879 4475 3043 4546 έξῆςο
3104 4474 3283 4527 καίτοι
3325 4470 3421 4525 τοῦ
3475 4457 3689 4522 Παλαιοῦ

2126 4571 2235 4623 τῶν
2263 4570 2486 4642 ήμερῶν
2512 4569 2879 4640 καθεζομένου
2908 4567 3001 4621 ἐπὶ
3033 4566 3128 4620 τοῦ
3155 4566 3373 4637 θρόνου,

2196 4661 2294 4735 ξβ’.
2347 4662 2487 4717 Ἀλλ’
2514 4661 2757 4731 ἀφείσθω
2785 4660 2851 4715 τά
2879 4659 2986 4715 ἀπὸ
3024 4658 3132 4713 τῶν
3160 4655 3414 4728 ἀρχαίων
3441 4646 3656 4724 Γραφῶν
3674 4655 3687 4670 ⁶

2121 4756 2423 4811 ἀπἀὐτῶν
2449 4755 2556 4809 τῶν
2604 4754 2695 4807 τοῦ
2743 4751 2981 4826 Χριστοῦ
3039 4751 3431 4821 προρρήσεων,
3485 4742 3573 4796 καὶ
3597 4736 3691 4790 τῶν

2119 4848 2311 4903 τούτου
2339 4848 2638 4913 ὲκϐἀσεων,
2666 4846 2720 4899 εί
2745 4864 2807 4915 γε
2845 4845 3083 4901 συνιέναι
3112 4846 3141 4897 6
3176 4843 3414 4913 μάταιος
3455 4838 3619 4907 ἴσχυε,
3639 4827 3690 4881 τὸ

2121 4947 2218 5017 τῆς
2249 4946 2501 5018 θεότητος
2530 4944 2697 4999 αὐτοῦ
2728 4942 2891 5006 σέϐας
2926 4941 3225 4995 κατέλαϐεν
3261 4939 3332 4993 ἂν
3358 4937 3454 4990 καὶ
3487 4932 3591 4988 ἀπὸ
3608 4928 3693 5018 τῆς

2121 5038 2215 5092 τοῦ
2261 5017 2510 5092 Ἰωάννου
2542 5036 2869 5110 μαρτυρίας.
2904 5035 2963 5089 ὃν
2998 5035 3286 5106 προφήτην
3317 5029 3415 5084 καὶ
3440 5025 3599 5095 ἄνδρα
3624 5017 3690 5110 δίέ
3722 5082 3731 5099 ι

2122 5147 2276 5183 καιον
2304 5128 2465 5193 αὐτὸς
2504 5109 2890 5197 καταγγέλλων
2924 5126 3278 5181 ἀποδέδεκται
3338 5120 3453 5191 (98)
3484 5135 3497 5147 ·
3552 5115 3582 5185 ἢ
3611 5109 3692 5207 ita}

2121 5221 2228 5275 ἀπὸ
2250 5221 2359 5275 τῶν
2390 5219 2848 5291 θαυματουργιῶν
2900 5218 3008 5271 τῶν
3064 5215 3229 5271 αὐτοῦ
3264 5209 3577 5286 συμϐδλων,
3606 5216 3690 5255 του

2122 5315 2317 5384 τάφου,
2348 5315 2513 5386 φημὶ,
2549 5314 2645 5367 καὶ
2687 5313 2785 5382 τῆς
2816 5311 3167 5374 ἀναστάσεως
3192 5324 3207 5339 °
3238 5307 3362 5361 ἀλλ’
3392 5302 3545 5358 οὐδὲν
3588 5292 3694 5386 τού-

2121 5383 2229 5462 των
2259 5383 2607 5478 συνεῶ-ρακεν
2667 5406 2697 5459 6
2745 5404 3089 5483 λοχαγωγός”
3142 5401 3262 5456 οὐδὲ
3299 5398 3413 5468 γάρ
3456 5391 3524 5466 ἦν
3560 5383 3692 5483 αὐτῆς

2123 5498 2271 5562 θείας
2299 5476 2520 5569 φροντὶς
2578 5478 2926 5567 ἐπιγνώσεως
2981 5496 3224 5561 πώποτε,
3274 5492 3420 5563 πλὴν
3466 5490 3586 5541 ὅσον
3611 5476 3693 5534 τοῦ

504 5656 524 5687 ³
557 5654 747 5709 Matth.
792 5671 875 5717 ιιι,
914 5654 1015 5721 l7;
1067 5653 1202 5710 Luc.
1264 5668 1341 5723 Ix,
1394 5650 1484 5707 55.
1564 5648 1607 5682 ¹⁶
1641 5647 1800 5705 Joan.
1861 5660 1959 5712 xu,
1998 5642 2020 5696 ﬁ

2183 5641 2222 5673 “
2257 5639 2393 5696 Gen.
2446 5656 2481 5707 ι,
2529 5639 2619 5695 26.
2699 5640 2902 5697 "Gen.
2952 5639 3180 5713 111,:22.
3259 5636 3307 5670 ¹³
3341 5635 3501 5691 Deut.
3543 5646 3613 5693 Vl,
3642 5626 3689 5681 ι·

434 5726 479 5759 ³⁵
505 5724 644 5785 Dan.
674 5742 771 5793 νιι,
802 5724 902 5780 15.

508 5866 618 5940 (98)
652 5864 779 5921 Sur.
807 5862 899 5930 ιιι,
930 5862 1019 5918 59.
