  <div class='ocr_page' id='page_1' title='image "/cluster/home/n/w/nwhite01/storage/ocr_20150623/105/hvd.32044013678347/384.png"; bbox 0 0 3994 6624; ppageno 0'>
   <div class='ocr_carea' id='block_1_1' title="bbox 315 472 422 537">
    <p class='ocr_par' dir='ltr' id='par_1_1' title="bbox 315 472 422 537">
     <span class='ocr_line' id='line_1_1' title="bbox 315 472 422 537; baseline 0.037 -4"><span class='ocrx_word' id='word_1_1' title='bbox 315 472 422 537; x_wconf 70' lang='grc'><strong>749</strong></span> 
     </span>
    </p>
   </div>
   <div class='ocr_carea' id='block_1_2' title="bbox 1477 480 2409 546">
    <p class='ocr_par' dir='ltr' id='par_1_2' title="bbox 1477 480 2409 546">
     <span class='ocr_line' id='line_1_2' title="bbox 1477 480 2409 546; baseline 0.004 -6"><span class='ocrx_word' id='word_1_2' title='bbox 1477 480 1908 545; x_wconf 80' lang='lat' dir='ltr'><strong>REFUTATIO</strong></span> <span class='ocrx_word' id='word_1_3' title='bbox 1941 482 2409 546; x_wconf 85' lang='lat' dir='ltr'><strong>MOHAMEDIS.</strong></span> 
     </span>
    </p>
   </div>
   <div class='ocr_carea' id='block_1_3' title="bbox 3453 498 3556 559">
    <p class='ocr_par' dir='ltr' id='par_1_3' title="bbox 3453 498 3556 559">
     <span class='ocr_line' id='line_1_3' title="bbox 3453 498 3556 559; baseline -0.01 -1"><span class='ocrx_word' id='word_1_4' title='bbox 3453 498 3556 559; x_wconf 67' lang='lat'><strong>750</strong></span> 
     </span>
    </p>
   </div>
   <div class='ocr_carea' id='block_1_4' title="bbox 312 584 1884 671">
    <p class='ocr_par' dir='ltr' id='par_1_4' title="bbox 312 584 1884 663">
     <span class='ocr_line' id='line_1_4' title="bbox 312 584 1884 663; baseline 0.005 -24"><span class='ocrx_word' id='word_1_5' title='bbox 312 585 550 658; x_wconf 73' lang='grc' dir='ltr'>θηρᾶσαι</span> <span class='ocrx_word' id='word_1_6' title='bbox 600 584 686 639; x_wconf 83' lang='grc' dir='ltr'>διὰ</span> <span class='ocrx_word' id='word_1_7' title='bbox 742 586 842 656; x_wconf 78' lang='grc' dir='ltr'>τῆς</span> <span class='ocrx_word' id='word_1_8' title='bbox 893 589 1262 661; x_wconf 70' lang='grc' dir='ltr'><strong>προσηγορίας</strong></span> <span class='ocrx_word' id='word_1_9' title='bbox 1316 590 1425 646; x_wconf 84' lang='grc' dir='ltr'><strong>τῶν</strong></span> <span class='ocrx_word' id='word_1_10' title='bbox 1477 592 1709 663; x_wconf 82' lang='grc' dir='ltr'>Γραφῶν</span> <span class='ocrx_word' id='word_1_11' title='bbox 1764 595 1884 657; x_wconf 83' lang='grc' dir='ltr'>τοὺς</span> 
     </span>
    </p>
   </div>
   <div class='ocr_carea' id='block_1_5' title="bbox 1986 584 3553 671">
    <p class='ocr_par' dir='ltr' id='par_1_5' title="bbox 1992 596 3553 671">
     <span class='ocr_line' id='line_1_5' title="bbox 1992 596 3553 671; baseline 0.009 -21"><span class='ocrx_word' id='word_1_12' title='bbox 1992 596 2094 652; x_wconf 86' lang='lat' dir='ltr'><strong>bus</strong></span> <span class='ocrx_word' id='word_1_13' title='bbox 2121 598 2642 655; x_wconf 83' lang='lat' dir='ltr'><strong>commemoratione</strong></span> <span class='ocrx_word' id='word_1_14' title='bbox 2675 600 3082 671; x_wconf 84' lang='lat' dir='ltr'><strong>Seripturarum</strong></span> <span class='ocrx_word' id='word_1_15' title='bbox 3122 606 3392 662; x_wconf 79' lang='lat' dir='ltr'><strong>studebat.</strong></span> <span class='ocrx_word' id='word_1_16' title='bbox 3416 607 3553 664; x_wconf 85' lang='lat' dir='ltr'><strong>Nam</strong></span> 
     </span>
    </p>
   </div>
   <div class='ocr_carea' id='block_1_6' title="bbox 308 677 1881 753">
    <p class='ocr_par' dir='ltr' id='par_1_6' title="bbox 308 677 1881 753">
     <span class='ocr_line' id='line_1_6' title="bbox 308 677 1881 753; baseline 0.004 -22"><span class='ocrx_word' id='word_1_17' title='bbox 308 677 628 740; x_wconf 76' lang='grc' dir='ltr'>ἀκούοντας.</span> <span class='ocrx_word' id='word_1_18' title='bbox 658 677 723 730; x_wconf 95' lang='grc' dir='ltr'>Τί</span> <span class='ocrx_word' id='word_1_19' title='bbox 760 679 887 751; x_wconf 84' lang='grc' dir='ltr'>γὰρ,</span> <span class='ocrx_word' id='word_1_20' title='bbox 912 681 1042 750; x_wconf 76' lang='grc' dir='ltr'>φέρε</span> <span class='ocrx_word' id='word_1_21' title='bbox 1066 684 1259 750; x_wconf 77' lang='grc' dir='ltr'>εἰπεῖν,</span> <span class='ocrx_word' id='word_1_22' title='bbox 1278 682 1495 753; x_wconf 85' lang='grc' dir='ltr'>άληθῶς</span> <span class='ocrx_word' id='word_1_23' title='bbox 1524 683 1697 751; x_wconf 87' lang='grc' dir='ltr'>λέγων</span> <span class='ocrx_word' id='word_1_24' title='bbox 1735 701 1881 738; x_wconf 86' lang='grc' dir='ltr'>στοι-</span> 
     </span>
    </p>
   </div>
   <div class='ocr_carea' id='block_1_7' title="bbox 310 769 1884 846">
    <p class='ocr_par' dir='ltr' id='par_1_7' title="bbox 310 769 1884 846">
     <span class='ocr_line' id='line_1_7' title="bbox 310 769 1884 846; baseline 0.005 -25"><span class='ocrx_word' id='word_1_25' title='bbox 310 772 421 839; x_wconf 81' lang='grc' dir='ltr'>χεῖν</span> <span class='ocrx_word' id='word_1_26' title='bbox 446 769 537 822; x_wconf 85' lang='grc' dir='ltr'>τὸν</span> <span class='ocrx_word' id='word_1_27' title='bbox 571 770 667 824; x_wconf 79' lang='grc' dir='ltr'>τοῦ</span> <span class='ocrx_word' id='word_1_28' title='bbox 698 770 851 840; x_wconf 86' lang='grc' dir='ltr'>φίλου</span> <span class='ocrx_word' id='word_1_29' title='bbox 887 773 1059 828; x_wconf 74' lang='grc' dir='ltr'>αὐτοῦ</span> <span class='ocrx_word' id='word_1_30' title='bbox 1083 773 1243 843; x_wconf 89' lang='grc' dir='ltr'>λόγον</span> <span class='ocrx_word' id='word_1_31' title='bbox 1281 776 1374 828; x_wconf 72' lang='grc' dir='ltr'><strong>ἐπὶ</strong></span> <span class='ocrx_word' id='word_1_32' title='bbox 1401 774 1690 846; x_wconf 77' lang='grc' dir='ltr'>βεϐαιώσει</span> <span class='ocrx_word' id='word_1_33' title='bbox 1720 776 1884 833; x_wconf 81' lang='grc' dir='ltr'>τινῶν</span> 
     </span>
    </p>
   </div>
   <div class='ocr_carea' id='block_1_8' title="bbox 308 860 1883 937">
    <p class='ocr_par' dir='ltr' id='par_1_8' title="bbox 308 860 1883 937">
     <span class='ocr_line' id='line_1_8' title="bbox 308 860 1883 937; baseline 0.005 -27"><span class='ocrx_word' id='word_1_34' title='bbox 308 860 650 929; x_wconf 74' lang='grc' dir='ltr'><strong>πραγμάτων</strong></span> <span class='ocrx_word' id='word_1_35' title='bbox 712 861 1098 933; x_wconf 86' lang='grc' dir='ltr'>διηρνημένην,</span> <span class='ocrx_word' id='word_1_36' title='bbox 1163 865 1255 918; x_wconf 72' lang='grc' dir='ltr'><strong>ἐπὶ</strong></span> <span class='ocrx_word' id='word_1_37' title='bbox 1312 864 1457 937; x_wconf 79' lang='grc' dir='ltr'>ἔργῳ</span> <span class='ocrx_word' id='word_1_38' title='bbox 1511 865 1720 920; x_wconf 81' lang='grc' dir='ltr'><strong>τίθεται</strong></span> <span class='ocrx_word' id='word_1_39' title='bbox 1784 867 1883 936; x_wconf 84' lang='grc' dir='ltr'>τὴν</span> 
     </span>
    </p>
   </div>
   <div class='ocr_carea' id='block_1_9' title="bbox 307 951 1881 1028">
    <p class='ocr_par' dir='ltr' id='par_1_9' title="bbox 307 951 1881 1028">
     <span class='ocr_line' id='line_1_9' title="bbox 307 951 1881 1028; baseline 0.004 -25"><span class='ocrx_word' id='word_1_40' title='bbox 307 951 511 1006; x_wconf 84' lang='grc' dir='ltr'>ἐκείνου</span> <span class='ocrx_word' id='word_1_41' title='bbox 540 953 754 1019; x_wconf 87' lang='grc' dir='ltr'>πίστιν;</span> <span class='ocrx_word' id='word_1_42' title='bbox 777 954 844 1009; x_wconf 82' lang='grc' dir='ltr'><strong>Εἰ</strong></span> <span class='ocrx_word' id='word_1_43' title='bbox 872 954 930 1007; x_wconf 82' lang='grc' dir='ltr'>δὲ</span> <span class='ocrx_word' id='word_1_44' title='bbox 959 955 1051 1009; x_wconf 85' lang='grc' dir='ltr'><strong>καί</strong></span> <span class='ocrx_word' id='word_1_45' title='bbox 1078 956 1161 1020; x_wconf 83' lang='grc' dir='ltr'><strong>τίς</strong></span> <span class='ocrx_word' id='word_1_46' title='bbox 1184 974 1285 1009; x_wconf 86' lang='grc' dir='ltr'><strong>που</strong></span> <span class='ocrx_word' id='word_1_47' title='bbox 1308 957 1559 1028; x_wconf 77' lang='grc' dir='ltr'><strong>εὑρεθείη</strong></span> <span class='ocrx_word' id='word_1_48' title='bbox 1592 957 1881 1024; x_wconf 82' lang='grc' dir='ltr'>τοοιοῦτος,</span> 
     </span>
    </p>
   </div>
   <div class='ocr_carea' id='block_1_10' title="bbox 306 1040 1883 1118">
    <p class='ocr_par' dir='ltr' id='par_1_10' title="bbox 306 1040 1883 1118">
     <span class='ocr_line' id='line_1_10' title="bbox 306 1040 1883 1118; baseline 0.005 -26"><span class='ocrx_word' id='word_1_49' title='bbox 306 1040 411 1093; x_wconf 82' lang='grc' dir='ltr'><strong>ὑπὸ</strong></span> <span class='ocrx_word' id='word_1_50' title='bbox 437 1042 684 1113; x_wconf 81' lang='grc' dir='ltr'><strong>κατάραν</strong></span> <span class='ocrx_word' id='word_1_51' title='bbox 733 1046 870 1108; x_wconf 67' lang='grc' dir='ltr'>ἐστὶ,</span> <span class='ocrx_word' id='word_1_52' title='bbox 914 1045 1054 1101; x_wconf 78' lang='grc' dir='ltr'>κατὰ</span> <span class='ocrx_word' id='word_1_53' title='bbox 1104 1048 1204 1116; x_wconf 77' lang='grc' dir='ltr'><strong>τὴν</strong></span> <span class='ocrx_word' id='word_1_54' title='bbox 1243 1047 1508 1118; x_wconf 81' lang='grc' dir='ltr'>Γραφήν⁶</span> <span class='ocrx_word' id='word_1_55' title='bbox 1556 1046 1701 1100; x_wconf 75' lang='grc' dir='ltr'><strong>Οὐαὶ</strong></span> <span class='ocrx_word' id='word_1_56' title='bbox 1749 1046 1883 1116; x_wconf 70' lang='grc' dir='ltr'>γὰρ,</span> 
     </span>
    </p>
   </div>
   <div class='ocr_carea' id='block_1_11' title="bbox 304 1133 1949 1207">
    <p class='ocr_par' dir='ltr' id='par_1_11' title="bbox 304 1133 1949 1207">
     <span class='ocr_line' id='line_1_11' title="bbox 304 1133 1949 1207; baseline 0.002 -23"><span class='ocrx_word' id='word_1_57' title='bbox 304 1134 489 1202; x_wconf 79' lang='grc' dir='ltr'>φησὶν,</span> <span class='ocrx_word' id='word_1_58' title='bbox 538 1133 865 1202; x_wconf 77' lang='grc' dir='ltr'><strong>ἁμαρτωλῷ</strong></span> <span class='ocrx_word' id='word_1_59' title='bbox 886 1135 985 1189; x_wconf 79' lang='grc' dir='ltr'><strong>ἐπὶ</strong></span> <span class='ocrx_word' id='word_1_60' title='bbox 1033 1136 1143 1191; x_wconf 82' lang='grc' dir='ltr'>δύο</span> <span class='ocrx_word' id='word_1_61' title='bbox 1182 1137 1419 1204; x_wconf 78' lang='grc' dir='ltr'>τρίϐους</span> <span class='ocrx_word' id='word_1_62' title='bbox 1470 1136 1886 1207; x_wconf 74' lang='grc' dir='ltr'>πορευομένῳί</span> <span class='ocrx_word' id='word_1_63' title='bbox 1948 1140 1949 1143; x_wconf 68' lang='grc'><em>“</em></span> 
     </span>
    </p>
   </div>
   <div class='ocr_carea' id='block_1_12' title="bbox 301 1220 1881 1300">
    <p class='ocr_par' dir='ltr' id='par_1_12' title="bbox 301 1220 1881 1300">
     <span class='ocr_line' id='line_1_12' title="bbox 301 1220 1881 1300; baseline 0.004 -25"><span class='ocrx_word' id='word_1_64' title='bbox 301 1223 492 1293; x_wconf 77' lang='grc' dir='ltr'>ὥσπερ</span> <span class='ocrx_word' id='word_1_65' title='bbox 519 1224 583 1295; x_wconf 81' lang='grc' dir='ltr'>δὴ</span> <span class='ocrx_word' id='word_1_66' title='bbox 609 1226 703 1278; x_wconf 75' lang='grc' dir='ltr'>καὶ</span> <span class='ocrx_word' id='word_1_67' title='bbox 726 1220 880 1291; x_wconf 76' lang='grc' dir='ltr'>οὗτος</span> <span class='ocrx_word' id='word_1_68' title='bbox 907 1227 935 1279; x_wconf 97' lang='lat'><strong>6</strong></span> <span class='ocrx_word' id='word_1_69' title='bbox 966 1225 1155 1298; x_wconf 76' lang='grc' dir='ltr'>ἄφρων</span> <span class='ocrx_word' id='word_1_70' title='bbox 1184 1245 1242 1281; x_wconf 92' lang='grc' dir='ltr'><strong>τε</strong></span> <span class='ocrx_word' id='word_1_71' title='bbox 1272 1230 1366 1282; x_wconf 78' lang='grc' dir='ltr'>καὶ</span> <span class='ocrx_word' id='word_1_72' title='bbox 1390 1229 1758 1300; x_wconf 81' lang='grc' dir='ltr'><strong>ἀπάνθρωπος</strong></span> <span class='ocrx_word' id='word_1_73' title='bbox 1782 1241 1797 1256; x_wconf 83' lang='grc'><strong><em>⁸</em></strong></span> <span class='ocrx_word' id='word_1_74' title='bbox 1830 1230 1881 1282; x_wconf 90' lang='grc' dir='ltr'><strong>οί</strong></span> 
     </span>
    </p>
   </div>
   <div class='ocr_carea' id='block_1_13' title="bbox 302 1312 1884 1391">
    <p class='ocr_par' dir='ltr' id='par_1_13' title="bbox 302 1312 1884 1391">
     <span class='ocr_line' id='line_1_13' title="bbox 302 1312 1884 1391; baseline 0.004 -24"><span class='ocrx_word' id='word_1_75' title='bbox 302 1315 406 1385; x_wconf 82' lang='grc' dir='ltr'><strong>μέν</strong></span> <span class='ocrx_word' id='word_1_76' title='bbox 428 1333 589 1384; x_wconf 87' lang='grc' dir='ltr'>φασιν</span> <span class='ocrx_word' id='word_1_77' title='bbox 616 1312 753 1371; x_wconf 82' lang='grc' dir='ltr'>εἶναι</span> <span class='ocrx_word' id='word_1_78' title='bbox 780 1317 871 1371; x_wconf 89' lang='grc' dir='ltr'>τὸν</span> <span class='ocrx_word' id='word_1_79' title='bbox 913 1318 1128 1389; x_wconf 81' lang='grc' dir='ltr'>Ἰσραὴλ</span> <span class='ocrx_word' id='word_1_80' title='bbox 1150 1320 1263 1374; x_wconf 82' lang='grc' dir='ltr'>υίὸν</span> <span class='ocrx_word' id='word_1_81' title='bbox 1291 1319 1448 1383; x_wconf 81' lang='grc' dir='ltr'>Θεοῦ,</span> <span class='ocrx_word' id='word_1_82' title='bbox 1481 1320 1529 1374; x_wconf 79' lang='lat' dir='ltr'><strong>oi</strong></span> <span class='ocrx_word' id='word_1_83' title='bbox 1556 1319 1611 1377; x_wconf 73' lang='grc' dir='ltr'><strong>δι</strong></span> <span class='ocrx_word' id='word_1_84' title='bbox 1640 1320 1729 1375; x_wconf 82' lang='grc' dir='ltr'>τὸν</span> <span class='ocrx_word' id='word_1_85' title='bbox 1752 1319 1884 1391; x_wconf 80' lang='grc' dir='ltr'><strong>Χρι⁹</strong></span> 
     </span>
    </p>
   </div>
   <div class='ocr_carea' id='block_1_14' title="bbox 301 1404 1884 1484">
    <p class='ocr_par' dir='ltr' id='par_1_14' title="bbox 301 1404 1884 1484">
     <span class='ocr_line' id='line_1_14' title="bbox 301 1404 1884 1484; baseline 0.004 -26"><span class='ocrx_word' id='word_1_86' title='bbox 301 1407 451 1463; x_wconf 89' lang='grc' dir='ltr'>στόν.</span> <span class='ocrx_word' id='word_1_87' title='bbox 490 1408 555 1463; x_wconf 89' lang='grc' dir='ltr'>Τί</span> <span class='ocrx_word' id='word_1_88' title='bbox 585 1404 679 1463; x_wconf 77' lang='grc' dir='ltr'>οὖν</span> <span class='ocrx_word' id='word_1_89' title='bbox 698 1410 858 1465; x_wconf 78' lang='grc' dir='ltr'>τοῦτο</span> <span class='ocrx_word' id='word_1_90' title='bbox 883 1411 1111 1481; x_wconf 74' lang='grc' dir='ltr'>ἐναργὲς</span> <span class='ocrx_word' id='word_1_91' title='bbox 1141 1413 1364 1483; x_wconf 87' lang='grc' dir='ltr'>σημεῖον</span> <span class='ocrx_word' id='word_1_92' title='bbox 1384 1413 1612 1481; x_wconf 81' lang='grc' dir='ltr'>ψεύδους</span> <span class='ocrx_word' id='word_1_93' title='bbox 1648 1413 1736 1467; x_wconf 79' lang='grc' dir='ltr'><strong>ἀεὶ</strong></span> <span class='ocrx_word' id='word_1_94' title='bbox 1762 1412 1884 1484; x_wconf 73' lang='grc' dir='ltr'>κρίο</span> 
     </span>
    </p>
   </div>
   <div class='ocr_carea' id='block_1_15' title="bbox 298 1501 1883 1577">
    <p class='ocr_par' dir='ltr' id='par_1_15' title="bbox 298 1501 1883 1577">
     <span class='ocr_line' id='line_1_15' title="bbox 298 1501 1883 1577; baseline 0.004 -25"><span class='ocrx_word' id='word_1_95' title='bbox 298 1516 433 1564; x_wconf 80' lang='grc' dir='ltr'>νεις,</span> <span class='ocrx_word' id='word_1_96' title='bbox 475 1501 536 1555; x_wconf 85' lang='grc' dir='ltr'><strong>τδ</strong></span> <span class='ocrx_word' id='word_1_97' title='bbox 562 1502 835 1573; x_wconf 86' lang='grc' dir='ltr'>διαφόρων</span> <span class='ocrx_word' id='word_1_98' title='bbox 889 1503 1200 1574; x_wconf 80' lang='grc' dir='ltr'><strong>προσώπων</strong></span> <span class='ocrx_word' id='word_1_99' title='bbox 1257 1504 1707 1576; x_wconf 79' lang='grc' dir='ltr'>ἀμφιϐαλλόντων</span> <span class='ocrx_word' id='word_1_100' title='bbox 1756 1504 1883 1577; x_wconf 88' lang='grc' dir='ltr'>περί</span> 
     </span>
    </p>
   </div>
   <div class='ocr_carea' id='block_1_16' title="bbox 297 1594 1884 1670">
    <p class='ocr_par' dir='ltr' id='par_1_16' title="bbox 297 1594 1884 1670">
     <span class='ocr_line' id='line_1_16' title="bbox 297 1594 1884 1670; baseline 0.004 -26"><span class='ocrx_word' id='word_1_101' title='bbox 297 1609 445 1657; x_wconf 80' lang='grc' dir='ltr'>τινος</span> <span class='ocrx_word' id='word_1_102' title='bbox 476 1594 551 1665; x_wconf 82' lang='grc' dir='ltr'>μὴ</span> <span class='ocrx_word' id='word_1_103' title='bbox 580 1597 892 1667; x_wconf 82' lang='grc' dir='ltr'>συμφωνεῖν</span> <span class='ocrx_word' id='word_1_104' title='bbox 920 1597 1298 1668; x_wconf 83' lang='grc' dir='ltr'>ἀμφοτέρους;</span> <span class='ocrx_word' id='word_1_105' title='bbox 1350 1598 1445 1655; x_wconf 75' lang='grc' dir='ltr'>καὶ</span> <span class='ocrx_word' id='word_1_106' title='bbox 1478 1598 1762 1670; x_wconf 81' lang='grc' dir='ltr'>ἀναίρεσιν</span> <span class='ocrx_word' id='word_1_107' title='bbox 1781 1598 1884 1652; x_wconf 86' lang='grc' dir='ltr'>οῐει</span> 
     </span>
    </p>
   </div>
   <div class='ocr_carea' id='block_1_17' title="bbox 295 1684 1883 1761">
    <p class='ocr_par' dir='ltr' id='par_1_17' title="bbox 295 1684 1883 1761">
     <span class='ocr_line' id='line_1_17' title="bbox 295 1684 1883 1761; baseline 0.004 -26"><span class='ocrx_word' id='word_1_108' title='bbox 295 1684 395 1736; x_wconf 82' lang='grc' dir='ltr'>τοῦ</span> <span class='ocrx_word' id='word_1_109' title='bbox 428 1687 752 1756; x_wconf 82' lang='grc' dir='ltr'>πράγματος</span> <span class='ocrx_word' id='word_1_110' title='bbox 790 1688 1028 1756; x_wconf 84' lang='grc' dir='ltr'>παντελῆ</span> <span class='ocrx_word' id='word_1_111' title='bbox 1055 1688 1300 1757; x_wconf 82' lang='grc' dir='ltr'>γίνεσθαι</span> <span class='ocrx_word' id='word_1_112' title='bbox 1325 1690 1561 1761; x_wconf 78' lang='grc' dir='ltr'>ὁπηνίκα</span> <span class='ocrx_word' id='word_1_113' title='bbox 1586 1690 1729 1753; x_wconf 82' lang='grc' dir='ltr'>τινὲς</span> <span class='ocrx_word' id='word_1_114' title='bbox 1754 1690 1883 1761; x_wconf 80' lang='grc' dir='ltr'>περὶ</span> 
     </span>
    </p>
   </div>
   <div class='ocr_carea' id='block_1_18' title="bbox 270 1776 1883 1853">
    <p class='ocr_par' dir='ltr' id='par_1_18' title="bbox 270 1776 1883 1853">
     <span class='ocr_line' id='line_1_18' title="bbox 270 1776 1883 1853; baseline 0.004 -25"><span class='ocrx_word' id='word_1_115' title='bbox 270 1776 464 1830; x_wconf 85' lang='grc' dir='ltr'>ἀὐτοῦ</span> <span class='ocrx_word' id='word_1_116' title='bbox 519 1778 808 1849; x_wconf 76' lang='grc' dir='ltr'>διαφόρους</span> <span class='ocrx_word' id='word_1_117' title='bbox 838 1780 1002 1851; x_wconf 73' lang='grc' dir='ltr'>ἔχωσι</span> <span class='ocrx_word' id='word_1_118' title='bbox 1053 1780 1232 1846; x_wconf 82' lang='grc' dir='ltr'><strong>δόξας,</strong></span> <span class='ocrx_word' id='word_1_119' title='bbox 1284 1781 1380 1837; x_wconf 73' lang='grc' dir='ltr'><strong>κα)¹</strong></span> <span class='ocrx_word' id='word_1_120' title='bbox 1416 1784 1483 1853; x_wconf 76' lang='grc' dir='ltr'><strong>τῇ</strong></span> <span class='ocrx_word' id='word_1_121' title='bbox 1536 1781 1643 1834; x_wconf 91' lang='grc' dir='ltr'><strong>τῶν</strong></span> <span class='ocrx_word' id='word_1_122' title='bbox 1678 1781 1883 1852; x_wconf 81' lang='grc' dir='ltr'>ἑτέρων</span> 
     </span>
    </p>
   </div>
   <div class='ocr_carea' id='block_1_19' title="bbox 295 1871 1883 1945">
    <p class='ocr_par' dir='ltr' id='par_1_19' title="bbox 295 1871 1883 1945">
     <span class='ocr_line' id='line_1_19' title="bbox 295 1871 1883 1945; baseline 0.003 -22"><span class='ocrx_word' id='word_1_123' title='bbox 295 1871 485 1941; x_wconf 83' lang='grc' dir='ltr'>μερῶν</span> <span class='ocrx_word' id='word_1_124' title='bbox 512 1872 813 1940; x_wconf 84' lang='grc' dir='ltr'>ἀποφάσει;</span> <span class='ocrx_word' id='word_1_125' title='bbox 843 1874 876 1943; x_wconf 83' lang='grc' dir='ltr'>ἢ</span> <span class='ocrx_word' id='word_1_126' title='bbox 901 1873 1184 1945; x_wconf 72' lang='grc' dir='ltr'>οὐδέτερον</span> <span class='ocrx_word' id='word_1_127' title='bbox 1213 1875 1442 1939; x_wconf 79' lang='grc' dir='ltr'>τούτων,</span> <span class='ocrx_word' id='word_1_128' title='bbox 1476 1875 1508 1943; x_wconf 72' lang='grc' dir='ltr'>ἢ</span> <span class='ocrx_word' id='word_1_129' title='bbox 1533 1875 1883 1929; x_wconf 87' lang='grc' dir='ltr'>παντάπασιν</span> 
     </span>
    </p>
   </div>
   <div class='ocr_carea' id='block_1_20' title="bbox 1984 692 3558 770">
    <p class='ocr_par' dir='ltr' id='par_1_20' title="bbox 1984 692 3558 770">
     <span class='ocr_line' id='line_1_20' title="bbox 1984 692 3558 770; baseline 0.011 -30"><span class='ocrx_word' id='word_1_130' title='bbox 1984 692 2280 756; x_wconf 91' lang='lat' dir='ltr'><strong>quomodo,</strong></span> <span class='ocrx_word' id='word_1_131' title='bbox 2316 704 2436 755; x_wconf 91' lang='lat' dir='ltr'><strong>oro,</strong></span> <span class='ocrx_word' id='word_1_132' title='bbox 2467 692 2577 744; x_wconf 87' lang='lat' dir='ltr'><strong>veri</strong></span> <span class='ocrx_word' id='word_1_133' title='bbox 2625 693 2829 763; x_wconf 80' lang='lat' dir='ltr'><strong>aliquid</strong></span> <span class='ocrx_word' id='word_1_134' title='bbox 2856 694 3080 764; x_wconf 82' lang='lat' dir='ltr'><strong>diceret,</strong></span> <span class='ocrx_word' id='word_1_135' title='bbox 3110 698 3203 767; x_wconf 86' lang='lat' dir='ltr'><strong>qui</strong></span> <span class='ocrx_word' id='word_1_136' title='bbox 3236 714 3295 754; x_wconf 91' lang='lat' dir='ltr'><strong>se</strong></span> <span class='ocrx_word' id='word_1_137' title='bbox 3322 703 3558 770; x_wconf 88' lang='lat' dir='ltr'><strong>sponde-</strong></span> 
     </span>
    </p>
   </div>
   <div class='ocr_carea' id='block_1_21' title="bbox 1983 782 3555 861">
    <p class='ocr_par' dir='ltr' id='par_1_21' title="bbox 1983 782 3555 861">
     <span class='ocr_line' id='line_1_21' title="bbox 1983 782 3555 861; baseline 0.009 -27"><span class='ocrx_word' id='word_1_138' title='bbox 1983 788 2068 835; x_wconf 91' lang='lat' dir='ltr'><strong>ret</strong></span> <span class='ocrx_word' id='word_1_139' title='bbox 2091 782 2251 836; x_wconf 86' lang='lat' dir='ltr'><strong>amici</strong></span> <span class='ocrx_word' id='word_1_140' title='bbox 2280 783 2601 838; x_wconf 89' lang='lat' dir='ltr'><strong>sententiam</strong></span> <span class='ocrx_word' id='word_1_141' title='bbox 2630 786 2784 855; x_wconf 87' lang='lat' dir='ltr'><strong>sequi</strong></span> <span class='ocrx_word' id='word_1_142' title='bbox 2808 786 2879 842; x_wconf 93' lang='lat' dir='ltr'><strong>ob</strong></span> <span class='ocrx_word' id='word_1_143' title='bbox 2896 787 2971 843; x_wconf 87' lang='lat' dir='ltr'><strong>rei</strong></span> <span class='ocrx_word' id='word_1_144' title='bbox 2996 789 3230 861; x_wconf 82' lang='lat' dir='ltr'><strong>alicujus</strong></span> <span class='ocrx_word' id='word_1_145' title='bbox 3258 793 3555 848; x_wconf 86' lang='lat' dir='ltr'><strong>conﬁrma-</strong></span> 
     </span>
    </p>
   </div>
   <div class='ocr_carea' id='block_1_22' title="bbox 1982 869 3557 951">
    <p class='ocr_par' dir='ltr' id='par_1_22' title="bbox 1982 869 3557 951">
     <span class='ocr_line' id='line_1_22' title="bbox 1982 869 3557 951; baseline 0.011 -29"><span class='ocrx_word' id='word_1_146' title='bbox 1982 869 2212 935; x_wconf 88' lang='lat' dir='ltr'><strong>tionem,</strong></span> <span class='ocrx_word' id='word_1_147' title='bbox 2241 883 2296 927; x_wconf 89' lang='lat' dir='ltr'><strong>et</strong></span> <span class='ocrx_word' id='word_1_148' title='bbox 2324 883 2503 929; x_wconf 91' lang='lat' dir='ltr'><strong>tamen</strong></span> <span class='ocrx_word' id='word_1_149' title='bbox 2531 885 2782 944; x_wconf 81' lang='lat' dir='ltr'><strong>negatam</strong></span> <span class='ocrx_word' id='word_1_150' title='bbox 2816 878 2961 934; x_wconf 91' lang='lat' dir='ltr'><strong>circa</strong></span> <span class='ocrx_word' id='word_1_151' title='bbox 2994 878 3047 934; x_wconf 87' lang='lat' dir='ltr'><strong>id</strong></span> <span class='ocrx_word' id='word_1_152' title='bbox 3089 883 3369 951; x_wconf 84' lang='lat' dir='ltr'><strong>negotium</strong></span> <span class='ocrx_word' id='word_1_153' title='bbox 3408 885 3557 940; x_wconf 88' lang='lat' dir='ltr'><strong>illius</strong></span> 
     </span>
    </p>
   </div>
   <div class='ocr_carea' id='block_1_23' title="bbox 1982 960 3558 1045">
    <p class='ocr_par' dir='ltr' id='par_1_23' title="bbox 1982 960 3558 1045">
     <span class='ocr_line' id='line_1_23' title="bbox 1982 960 3558 1045; baseline 0.013 -32"><span class='ocrx_word' id='word_1_154' title='bbox 1982 960 2143 1015; x_wconf 88' lang='lat' dir='ltr'><strong>ﬁdem</strong></span> <span class='ocrx_word' id='word_1_155' title='bbox 2170 964 2647 1032; x_wconf 78' lang='lat' dir='ltr'><strong>recitaret‘tQuod</strong></span> <span class='ocrx_word' id='word_1_156' title='bbox 2696 969 2742 1023; x_wconf 88' lang='lat' dir='ltr'><strong>si</strong></span> <span class='ocrx_word' id='word_1_157' title='bbox 2773 971 2896 1040; x_wconf 89' lang='lat' dir='ltr'><strong>quis</strong></span> <span class='ocrx_word' id='word_1_158' title='bbox 2933 972 3245 1043; x_wconf 91' lang='lat' dir='ltr'><strong>hujusmodi</strong></span> <span class='ocrx_word' id='word_1_159' title='bbox 3285 978 3558 1045; x_wconf 86' lang='lat' dir='ltr'><strong>reperire-</strong></span> 
     </span>
    </p>
   </div>
   <div class='ocr_carea' id='block_1_24' title="bbox 1985 1054 3554 1132">
    <p class='ocr_par' dir='ltr' id='par_1_24' title="bbox 1985 1054 3554 1132">
     <span class='ocr_line' id='line_1_24' title="bbox 1985 1054 3554 1132; baseline 0.008 -27"><span class='ocrx_word' id='word_1_160' title='bbox 1985 1061 2095 1119; x_wconf 87' lang='lat' dir='ltr'><strong>tur,</strong></span> <span class='ocrx_word' id='word_1_161' title='bbox 2130 1054 2184 1107; x_wconf 87' lang='lat' dir='ltr'><strong>in</strong></span> <span class='ocrx_word' id='word_1_162' title='bbox 2208 1056 2643 1113; x_wconf 89' lang='lat' dir='ltr'><strong>maledictionem</strong></span> <span class='ocrx_word' id='word_1_163' title='bbox 2664 1075 2693 1113; x_wconf 93' lang='lat' dir='ltr'><strong>a</strong></span> <span class='ocrx_word' id='word_1_164' title='bbox 2711 1059 2990 1132; x_wconf 84' lang='lat' dir='ltr'><strong>Scriptura</strong></span> <span class='ocrx_word' id='word_1_165' title='bbox 3013 1066 3241 1120; x_wconf 85' lang='lat' dir='ltr'><strong>edictam</strong></span> <span class='ocrx_word' id='word_1_166' title='bbox 3264 1067 3554 1123; x_wconf 87' lang='lat' dir='ltr'><strong>incideret:</strong></span> 
     </span>
    </p>
   </div>
   <div class='ocr_carea' id='block_1_25' title="bbox 1992 1142 3557 1227">
    <p class='ocr_par' dir='ltr' id='par_1_25' title="bbox 1992 1142 3557 1227">
     <span class='ocr_line' id='line_1_25' title="bbox 1992 1142 3557 1227; baseline 0.012 -31"><span class='ocrx_word' id='word_1_167' title='bbox 1992 1142 2084 1196; x_wconf 72' lang='lat' dir='ltr'><strong>Va:</strong></span> <span class='ocrx_word' id='word_1_168' title='bbox 2104 1145 2261 1210; x_wconf 83' lang='lat' dir='ltr'><strong>enim,</strong></span> <span class='ocrx_word' id='word_1_169' title='bbox 2286 1146 2485 1216; x_wconf 84' lang='lat' dir='ltr'><strong>inquit,</strong></span> <span class='ocrx_word' id='word_1_170' title='bbox 2505 1153 3087 1222; x_wconf 76' lang='lat' dir='ltr'><strong>peccatoriqttiduplici</strong></span> <span class='ocrx_word' id='word_1_171' title='bbox 3105 1158 3187 1211; x_wconf 86' lang='lat' dir='ltr'><strong>via</strong></span> <span class='ocrx_word' id='word_1_172' title='bbox 3208 1159 3455 1227; x_wconf 81' lang='lat' dir='ltr'><strong>graditur</strong></span> <span class='ocrx_word' id='word_1_173' title='bbox 3473 1161 3517 1193; x_wconf 81' lang='lat'>&quot;</span> <span class='ocrx_word' id='word_1_174' title='bbox 3541 1178 3557 1215; x_wconf 87' lang='lat'><strong>:</strong></span> 
     </span>
    </p>
   </div>
   <div class='ocr_carea' id='block_1_26' title="bbox 1983 1233 3559 1306">
    <p class='ocr_par' dir='ltr' id='par_1_26' title="bbox 1983 1233 3559 1306">
     <span class='ocr_line' id='line_1_26' title="bbox 1983 1233 3559 1306; baseline 0.012 -19"><span class='ocrx_word' id='word_1_175' title='bbox 1983 1233 2149 1288; x_wconf 89' lang='lat' dir='ltr'><strong>veluti</strong></span> <span class='ocrx_word' id='word_1_176' title='bbox 2199 1252 2391 1306; x_wconf 92' lang='lat' dir='ltr'><strong>reapse</strong></span> <span class='ocrx_word' id='word_1_177' title='bbox 2424 1239 2551 1294; x_wconf 82' lang='lat' dir='ltr'><strong>facit</strong></span> <span class='ocrx_word' id='word_1_178' title='bbox 2606 1241 2694 1296; x_wconf 90' lang='lat' dir='ltr'><strong>hic</strong></span> <span class='ocrx_word' id='word_1_179' title='bbox 2727 1244 2890 1298; x_wconf 88' lang='lat' dir='ltr'><strong>etiam</strong></span> <span class='ocrx_word' id='word_1_180' title='bbox 2926 1260 3164 1303; x_wconf 84' lang='lat' dir='ltr'><strong>vesanus</strong></span> <span class='ocrx_word' id='word_1_181' title='bbox 3209 1259 3262 1304; x_wconf 91' lang='lat' dir='ltr'><strong>et</strong></span> <span class='ocrx_word' id='word_1_182' title='bbox 3301 1250 3559 1306; x_wconf 85' lang='lat' dir='ltr'><strong>inhuma-</strong></span> 
     </span>
    </p>
   </div>
   <div class='ocr_carea' id='block_1_27' title="bbox 1984 1324 3562 1407">
    <p class='ocr_par' dir='ltr' id='par_1_27' title="bbox 1984 1324 3562 1407">
     <span class='ocr_line' id='line_1_27' title="bbox 1984 1324 3562 1407; baseline 0.011 -27"><span class='ocrx_word' id='word_1_183' title='bbox 1984 1324 2293 1383; x_wconf 70' lang='lat' dir='ltr'><strong>nusJudasi</strong></span> <span class='ocrx_word' id='word_1_184' title='bbox 2313 1329 2531 1399; x_wconf 88' lang='lat' dir='ltr'><strong>quidem</strong></span> <span class='ocrx_word' id='word_1_185' title='bbox 2562 1332 2731 1387; x_wconf 89' lang='lat' dir='ltr'><strong>ﬁlium</strong></span> <span class='ocrx_word' id='word_1_186' title='bbox 2756 1333 2847 1388; x_wconf 88' lang='lat' dir='ltr'><strong>Dei</strong></span> <span class='ocrx_word' id='word_1_187' title='bbox 2868 1333 3120 1392; x_wconf 86' lang='lat' dir='ltr'><strong>lsraelem</strong></span> <span class='ocrx_word' id='word_1_188' title='bbox 3140 1338 3364 1407; x_wconf 87' lang='lat' dir='ltr'><strong>dicunt;</strong></span> <span class='ocrx_word' id='word_1_189' title='bbox 3402 1342 3562 1397; x_wconf 85' lang='lat' dir='ltr'><strong>Chri-</strong></span> 
     </span>
    </p>
   </div>
   <div class='ocr_carea' id='block_1_28' title="bbox 1981 1419 3560 1499">
    <p class='ocr_par' dir='ltr' id='par_1_28' title="bbox 1981 1419 3560 1499">
     <span class='ocr_line' id='line_1_28' title="bbox 1981 1419 3560 1499; baseline 0.009 -24"><span class='ocrx_word' id='word_1_190' title='bbox 1981 1419 2146 1475; x_wconf 88' lang='lat' dir='ltr'><strong>stiani</strong></span> <span class='ocrx_word' id='word_1_191' title='bbox 2194 1429 2400 1487; x_wconf 89' lang='lat' dir='ltr'><strong>autem,</strong></span> <span class='ocrx_word' id='word_1_192' title='bbox 2435 1421 2735 1481; x_wconf 86' lang='lat' dir='ltr'><strong>Christum.</strong></span> <span class='ocrx_word' id='word_1_193' title='bbox 2788 1426 2902 1482; x_wconf 80' lang='lat' dir='ltr'><strong>Cur</strong></span> <span class='ocrx_word' id='word_1_194' title='bbox 2938 1436 2996 1482; x_wconf 90' lang='lat' dir='ltr'><strong>tu</strong></span> <span class='ocrx_word' id='word_1_195' title='bbox 3023 1444 3188 1499; x_wconf 88' lang='lat' dir='ltr'><strong>porro</strong></span> <span class='ocrx_word' id='word_1_196' title='bbox 3217 1432 3317 1487; x_wconf 92' lang='lat' dir='ltr'><strong>hoc</strong></span> <span class='ocrx_word' id='word_1_197' title='bbox 3337 1432 3560 1489; x_wconf 85' lang='lat' dir='ltr'><strong>evidens</strong></span> 
     </span>
    </p>
   </div>
   <div class='ocr_carea' id='block_1_29' title="bbox 1981 1514 3562 1593">
    <p class='ocr_par' dir='ltr' id='par_1_29' title="bbox 1981 1514 3562 1593">
     <span class='ocr_line' id='line_1_29' title="bbox 1981 1514 3562 1593; baseline 0.009 -26"><span class='ocrx_word' id='word_1_198' title='bbox 1981 1526 2197 1583; x_wconf 86' lang='lat' dir='ltr'><strong>semper</strong></span> <span class='ocrx_word' id='word_1_199' title='bbox 2220 1514 2435 1584; x_wconf 89' lang='lat' dir='ltr'><strong>judicas</strong></span> <span class='ocrx_word' id='word_1_200' title='bbox 2487 1517 2755 1573; x_wconf 82' lang='lat' dir='ltr'><strong>mendacii</strong></span> <span class='ocrx_word' id='word_1_201' title='bbox 2815 1519 3099 1588; x_wconf 90' lang='lat' dir='ltr'><strong>indicium,</strong></span> <span class='ocrx_word' id='word_1_202' title='bbox 3151 1524 3281 1593; x_wconf 86' lang='lat' dir='ltr'><strong>quia</strong></span> <span class='ocrx_word' id='word_1_203' title='bbox 3328 1525 3562 1581; x_wconf 77' lang='lat' dir='ltr'><strong>diversa:</strong></span> 
     </span>
    </p>
   </div>
   <div class='ocr_carea' id='block_1_30' title="bbox 1982 1607 3561 1679">
    <p class='ocr_par' dir='ltr' id='par_1_30' title="bbox 1982 1607 3561 1679">
     <span class='ocr_line' id='line_1_30' title="bbox 1982 1607 3561 1679; baseline 0.008 -21"><span class='ocrx_word' id='word_1_204' title='bbox 1982 1618 2230 1674; x_wconf 72' lang='lat' dir='ltr'><strong>personat</strong></span> <span class='ocrx_word' id='word_1_205' title='bbox 2264 1607 2331 1661; x_wconf 90' lang='lat' dir='ltr'><strong>de</strong></span> <span class='ocrx_word' id='word_1_206' title='bbox 2385 1622 2444 1662; x_wconf 88' lang='lat' dir='ltr'><strong>re</strong></span> <span class='ocrx_word' id='word_1_207' title='bbox 2496 1608 2677 1678; x_wconf 88' lang='lat' dir='ltr'><strong>aliqua</strong></span> <span class='ocrx_word' id='word_1_208' title='bbox 2714 1609 2874 1666; x_wconf 87' lang='lat' dir='ltr'><strong>aliter</strong></span> <span class='ocrx_word' id='word_1_209' title='bbox 2905 1612 3221 1679; x_wconf 86' lang='lat' dir='ltr'><strong>sentientes,</strong></span> <span class='ocrx_word' id='word_1_210' title='bbox 3273 1615 3561 1671; x_wconf 86' lang='lat' dir='ltr'><strong>sententiis</strong></span> 
     </span>
    </p>
   </div>
   <div class='ocr_carea' id='block_1_31' title="bbox 1983 1697 3560 1773">
    <p class='ocr_par' dir='ltr' id='par_1_31' title="bbox 1983 1697 3560 1773">
     <span class='ocr_line' id='line_1_31' title="bbox 1983 1697 3560 1773; baseline 0.009 -25"><span class='ocrx_word' id='word_1_211' title='bbox 1983 1711 2092 1749; x_wconf 92' lang='lat' dir='ltr'><strong>non</strong></span> <span class='ocrx_word' id='word_1_212' title='bbox 2149 1697 2507 1766; x_wconf 84' lang='lat' dir='ltr'><strong>conspirant?</strong></span> <span class='ocrx_word' id='word_1_213' title='bbox 2538 1701 2932 1772; x_wconf 80' lang='lat' dir='ltr'><strong>existimasque</strong></span> <span class='ocrx_word' id='word_1_214' title='bbox 2961 1704 3154 1773; x_wconf 88' lang='lat' dir='ltr'><strong>perimi</strong></span> <span class='ocrx_word' id='word_1_215' title='bbox 3186 1707 3409 1761; x_wconf 89' lang='lat' dir='ltr'><strong>omnino</strong></span> <span class='ocrx_word' id='word_1_216' title='bbox 3444 1722 3560 1762; x_wconf 89' lang='lat' dir='ltr'><strong>rem</strong></span> 
     </span>
    </p>
   </div>
   <div class='ocr_carea' id='block_1_32' title="bbox 1984 1785 3562 1855">
    <p class='ocr_par' dir='ltr' id='par_1_32' title="bbox 1984 1785 3562 1855">
     <span class='ocr_line' id='line_1_32' title="bbox 1984 1785 3562 1855; baseline 0.008 -17"><span class='ocrx_word' id='word_1_217' title='bbox 1984 1785 2244 1855; x_wconf 87' lang='lat' dir='ltr'><strong>aliquam,</strong></span> <span class='ocrx_word' id='word_1_218' title='bbox 2276 1787 2323 1841; x_wconf 90' lang='lat' dir='ltr'><strong>si</strong></span> <span class='ocrx_word' id='word_1_219' title='bbox 2354 1785 2497 1842; x_wconf 86' lang='lat' dir='ltr'><strong>forte</strong></span> <span class='ocrx_word' id='word_1_220' title='bbox 2541 1790 2790 1844; x_wconf 92' lang='lat' dir='ltr'><strong>nonnulli</strong></span> <span class='ocrx_word' id='word_1_221' title='bbox 2818 1791 3088 1847; x_wconf 72' lang='lat' dir='ltr'><strong>diversam</strong></span> <span class='ocrx_word' id='word_1_222' title='bbox 3114 1793 3182 1848; x_wconf 89' lang='lat' dir='ltr'><strong>de</strong></span> <span class='ocrx_word' id='word_1_223' title='bbox 3218 1794 3310 1850; x_wconf 90' lang='lat' dir='ltr'><strong>illa</strong></span> <span class='ocrx_word' id='word_1_224' title='bbox 3340 1806 3562 1851; x_wconf 87' lang='lat' dir='ltr'><strong>senten-</strong></span> 
     </span>
    </p>
   </div>
   <div class='ocr_carea' id='block_1_33' title="bbox 1984 1876 3557 1955">
    <p class='ocr_par' dir='ltr' id='par_1_33' title="bbox 1984 1876 3557 1955">
     <span class='ocr_line' id='line_1_33' title="bbox 1984 1876 3557 1955; baseline 0.007 -27"><span class='ocrx_word' id='word_1_225' title='bbox 1984 1876 2117 1929; x_wconf 90' lang='lat' dir='ltr'><strong>tiam</strong></span> <span class='ocrx_word' id='word_1_226' title='bbox 2142 1876 2479 1944; x_wconf 81' lang='lat' dir='ltr'><strong>gerant?Et</strong></span> <span class='ocrx_word' id='word_1_227' title='bbox 2524 1877 2597 1932; x_wconf 89' lang='lat' dir='ltr'><strong>ob</strong></span> <span class='ocrx_word' id='word_1_228' title='bbox 2636 1878 3150 1950; x_wconf 77' lang='lat' dir='ltr'><strong>alterutriuspartis</strong></span> <span class='ocrx_word' id='word_1_229' title='bbox 3197 1885 3557 1955; x_wconf 78' lang='lat' dir='ltr'><strong>negationem,</strong></span> 
     </span>
    </p>
   </div>
   <div class='ocr_carea' id='block_1_34' title="bbox 292 1959 1884 2047">
    <p class='ocr_par' dir='ltr' id='par_1_34' title="bbox 292 1963 1884 2037">
     <span class='ocr_line' id='line_1_34' title="bbox 292 1963 1884 2037; baseline 0.003 -22"><span class='ocrx_word' id='word_1_230' title='bbox 292 1965 399 2016; x_wconf 73' lang='grc' dir='ltr'>οὐκ</span> <span class='ocrx_word' id='word_1_231' title='bbox 450 1963 526 2016; x_wconf 83' lang='grc' dir='ltr'>ὢν</span> <span class='ocrx_word' id='word_1_232' title='bbox 555 1965 951 2035; x_wconf 81' lang='grc' dir='ltr'>ἀπελέγχεσθαι</span> <span class='ocrx_word' id='word_1_233' title='bbox 999 1967 1280 2037; x_wconf 85' lang='grc' dir='ltr'>νομίζεις;</span> <span class='ocrx_word' id='word_1_234' title='bbox 1339 1965 1611 2036; x_wconf 75' lang='grc' dir='ltr'>ὑπέρευγέ</span> <span class='ocrx_word' id='word_1_235' title='bbox 1653 1984 1746 2021; x_wconf 88' lang='grc' dir='ltr'><strong>σου</strong></span> <span class='ocrx_word' id='word_1_236' title='bbox 1785 1968 1884 2037; x_wconf 80' lang='grc' dir='ltr'>τῆς</span> 
     </span>
    </p>
   </div>
   <div class='ocr_carea' id='block_1_35' title="bbox 1986 1959 3562 2047">
    <p class='ocr_par' dir='ltr' id='par_1_35' title="bbox 1990 1967 3562 2047">
     <span class='ocr_line' id='line_1_35' title="bbox 1990 1967 3562 2047; baseline 0.008 -28"><span class='ocrx_word' id='word_1_237' title='bbox 1990 1967 2073 2020; x_wconf 87' lang='lat' dir='ltr'><strong>vel</strong></span> <span class='ocrx_word' id='word_1_238' title='bbox 2115 1967 2249 2021; x_wconf 90' lang='lat' dir='ltr'><strong>nihil</strong></span> <span class='ocrx_word' id='word_1_239' title='bbox 2294 1968 2610 2037; x_wconf 87' lang='lat' dir='ltr'><strong>hujusmodi</strong></span> <span class='ocrx_word' id='word_1_240' title='bbox 2673 1979 2839 2037; x_wconf 90' lang='lat' dir='ltr'><strong>stare,</strong></span> <span class='ocrx_word' id='word_1_241' title='bbox 2898 1973 2982 2027; x_wconf 86' lang='lat' dir='ltr'><strong>vel</strong></span> <span class='ocrx_word' id='word_1_242' title='bbox 3036 1974 3259 2029; x_wconf 78' lang='lat' dir='ltr'><strong>omnino</strong></span> <span class='ocrx_word' id='word_1_243' title='bbox 3318 1993 3562 2047; x_wconf 86' lang='lat' dir='ltr'><strong>unquam</strong></span> 
     </span>
    </p>
   </div>
   <div class='ocr_carea' id='block_1_36' title="bbox 292 2057 1885 2130">
    <p class='ocr_par' dir='ltr' id='par_1_36' title="bbox 292 2057 1885 2130">
     <span class='ocr_line' id='line_1_36' title="bbox 292 2057 1885 2130; baseline 0.003 -21"><span class='ocrx_word' id='word_1_244' title='bbox 292 2057 629 2128; x_wconf 76' lang='grc' dir='ltr'>φιλαλήθους</span> <span class='ocrx_word' id='word_1_245' title='bbox 656 2061 912 2127; x_wconf 86' lang='grc' dir='ltr'>γνώσεως</span> <span class='ocrx_word' id='word_1_246' title='bbox 931 2074 945 2090; x_wconf 83' lang='grc'><em>’</em></span> <span class='ocrx_word' id='word_1_247' title='bbox 976 2059 1031 2113; x_wconf 87' lang='grc' dir='ltr'><strong>τί</strong></span> <span class='ocrx_word' id='word_1_248' title='bbox 1070 2058 1164 2115; x_wconf 74' lang='grc' dir='ltr'>οὖν</span> <span class='ocrx_word' id='word_1_249' title='bbox 1198 2062 1452 2130; x_wconf 82' lang='grc' dir='ltr'>ποιήσεις</span> <span class='ocrx_word' id='word_1_250' title='bbox 1485 2058 1645 2129; x_wconf 81' lang='grc' dir='ltr'>ήμῶν</span> <span class='ocrx_word' id='word_1_251' title='bbox 1698 2058 1775 2129; x_wconf 83' lang='grc' dir='ltr'>μὴ</span> <span class='ocrx_word' id='word_1_252' title='bbox 1797 2076 1885 2113; x_wconf 88' lang='grc' dir='ltr'>πι-</span> 
     </span>
    </p>
   </div>
   <div class='ocr_carea' id='block_1_37' title="bbox 292 2147 1882 2220">
    <p class='ocr_par' dir='ltr' id='par_1_37' title="bbox 292 2147 1882 2220">
     <span class='ocr_line' id='line_1_37' title="bbox 292 2147 1882 2220; baseline 0.002 -21"><span class='ocrx_word' id='word_1_253' title='bbox 292 2147 600 2201; x_wconf 87' lang='grc' dir='ltr'>στευόντων</span> <span class='ocrx_word' id='word_1_254' title='bbox 626 2148 704 2219; x_wconf 85' lang='grc' dir='ltr'><strong>τῷ</strong></span> <span class='ocrx_word' id='word_1_255' title='bbox 726 2148 845 2219; x_wconf 90' lang='grc' dir='ltr'>Θεῷ</span> <span class='ocrx_word' id='word_1_256' title='bbox 885 2166 1001 2213; x_wconf 88' lang='grc' dir='ltr'>σου,</span> <span class='ocrx_word' id='word_1_257' title='bbox 1032 2148 1168 2203; x_wconf 77' lang='grc' dir='ltr'>ἀλλὰ</span> <span class='ocrx_word' id='word_1_258' title='bbox 1198 2149 1275 2219; x_wconf 86' lang='grc' dir='ltr'><strong>τῷ</strong></span> <span class='ocrx_word' id='word_1_259' title='bbox 1310 2149 1428 2220; x_wconf 83' lang='grc' dir='ltr'><strong>Θεῷ</strong></span> <span class='ocrx_word' id='word_1_260' title='bbox 1461 2149 1640 2220; x_wconf 89' lang='grc' dir='ltr'>ήμῶν,</span> <span class='ocrx_word' id='word_1_261' title='bbox 1668 2151 1762 2203; x_wconf 72' lang='grc' dir='ltr'>καὶ</span> <span class='ocrx_word' id='word_1_262' title='bbox 1790 2147 1882 2202; x_wconf 84' lang='grc' dir='ltr'>σοῦ</span> 
     </span>
    </p>
   </div>
   <div class='ocr_carea' id='block_1_38' title="bbox 289 2239 1885 2313">
    <p class='ocr_par' dir='ltr' id='par_1_38' title="bbox 289 2239 1885 2313">
     <span class='ocr_line' id='line_1_38' title="bbox 289 2239 1885 2313; baseline 0.003 -22"><span class='ocrx_word' id='word_1_263' title='bbox 289 2239 375 2310; x_wconf 82' lang='grc' dir='ltr'><strong>τῷ</strong></span> <span class='ocrx_word' id='word_1_264' title='bbox 411 2242 751 2312; x_wconf 75' lang='grc' dir='ltr'>νομιζομένῳ</span> <span class='ocrx_word' id='word_1_265' title='bbox 784 2240 904 2311; x_wconf 84' lang='grc' dir='ltr'>Θεῷ</span> <span class='ocrx_word' id='word_1_266' title='bbox 951 2258 1042 2296; x_wconf 92' lang='grc' dir='ltr'><strong>σου</strong></span> <span class='ocrx_word' id='word_1_267' title='bbox 1078 2241 1449 2306; x_wconf 81' lang='grc' dir='ltr'>πιστεύοντος,</span> <span class='ocrx_word' id='word_1_268' title='bbox 1506 2242 1621 2298; x_wconf 79' lang='grc' dir='ltr'>ἀλλ’</span> <span class='ocrx_word' id='word_1_269' title='bbox 1651 2242 1775 2313; x_wconf 81' lang='grc' dir='ltr'>οὐχὶ</span> <span class='ocrx_word' id='word_1_270' title='bbox 1806 2241 1885 2313; x_wconf 84' lang='grc' dir='ltr'><strong>τῷ</strong></span> 
     </span>
    </p>
   </div>
   <div class='ocr_carea' id='block_1_39' title="bbox 290 2330 1883 2404">
    <p class='ocr_par' dir='ltr' id='par_1_39' title="bbox 290 2330 1883 2404">
     <span class='ocr_line' id='line_1_39' title="bbox 290 2330 1883 2404; baseline 0.003 -22"><span class='ocrx_word' id='word_1_271' title='bbox 290 2330 417 2401; x_wconf 84' lang='grc' dir='ltr'>Θεῷ</span> <span class='ocrx_word' id='word_1_272' title='bbox 448 2331 629 2402; x_wconf 80' lang='grc' dir='ltr'>ἡμῶν,</span> <span class='ocrx_word' id='word_1_273' title='bbox 657 2331 779 2386; x_wconf 82' lang='grc' dir='ltr'>εῑπέ</span> <span class='ocrx_word' id='word_1_274' title='bbox 807 2348 822 2398; x_wconf 88' lang='grc'><strong>;</strong></span> <span class='ocrx_word' id='word_1_275' title='bbox 851 2331 954 2385; x_wconf 80' lang='grc' dir='ltr'><strong>Σοῦ</strong></span> <span class='ocrx_word' id='word_1_276' title='bbox 995 2331 1101 2403; x_wconf 83' lang='grc' dir='ltr'><strong>γάρ</strong></span> <span class='ocrx_word' id='word_1_277' title='bbox 1142 2333 1258 2387; x_wconf 77' lang='grc' dir='ltr'>ἐστι</span> <span class='ocrx_word' id='word_1_278' title='bbox 1299 2332 1442 2387; x_wconf 83' lang='grc' dir='ltr'>κατὰ</span> <span class='ocrx_word' id='word_1_279' title='bbox 1466 2332 1556 2385; x_wconf 83' lang='grc' dir='ltr'>τὸν</span> <span class='ocrx_word' id='word_1_280' title='bbox 1597 2334 1883 2404; x_wconf 73' lang='grc' dir='ltr'>προφήτην</span> 
     </span>
    </p>
   </div>
   <div class='ocr_carea' id='block_1_40' title="bbox 288 2422 1884 2496">
    <p class='ocr_par' dir='ltr' id='par_1_40' title="bbox 288 2422 1884 2496">
     <span class='ocr_line' id='line_1_40' title="bbox 288 2422 1884 2496; baseline 0.001 -19"><span class='ocrx_word' id='word_1_281' title='bbox 288 2422 550 2493; x_wconf 78' lang='grc' dir='ltr'>ἀφρόνως</span> <span class='ocrx_word' id='word_1_282' title='bbox 601 2423 798 2486; x_wconf 87' lang='grc' dir='ltr'>είπείν,</span> <span class='ocrx_word' id='word_1_283' title='bbox 829 2424 952 2479; x_wconf 78' lang='grc' dir='ltr'><strong>Οὐκ</strong></span> <span class='ocrx_word' id='word_1_284' title='bbox 1000 2423 1135 2477; x_wconf 79' lang='grc' dir='ltr'>ἐστι</span> <span class='ocrx_word' id='word_1_285' title='bbox 1176 2424 1357 2489; x_wconf 85' lang='grc' dir='ltr'>Θεός·</span> <span class='ocrx_word' id='word_1_286' title='bbox 1415 2425 1463 2479; x_wconf 87' lang='grc' dir='ltr'><strong>εί</strong></span> <span class='ocrx_word' id='word_1_287' title='bbox 1513 2424 1702 2495; x_wconf 73' lang='grc' dir='ltr'>ἕτερος</span> <span class='ocrx_word' id='word_1_288' title='bbox 1751 2424 1884 2496; x_wconf 84' lang='grc' dir='ltr'>παρ’</span> 
     </span>
    </p>
   </div>
   <div class='ocr_carea' id='block_1_41' title="bbox 288 2514 1884 2587">
    <p class='ocr_par' dir='ltr' id='par_1_41' title="bbox 288 2514 1884 2587">
     <span class='ocr_line' id='line_1_41' title="bbox 288 2514 1884 2587; baseline 0.003 -22"><span class='ocrx_word' id='word_1_289' title='bbox 288 2514 573 2585; x_wconf 77' lang='grc' dir='ltr'>ἑκατέρων</span> <span class='ocrx_word' id='word_1_290' title='bbox 599 2514 752 2583; x_wconf 82' lang='grc' dir='ltr'>Θεὸς,</span> <span class='ocrx_word' id='word_1_291' title='bbox 797 2515 875 2569; x_wconf 77' lang='grc' dir='ltr'>ἴδε</span> <span class='ocrx_word' id='word_1_292' title='bbox 928 2514 1032 2569; x_wconf 85' lang='grc' dir='ltr'>ποῦ</span> <span class='ocrx_word' id='word_1_293' title='bbox 1082 2514 1231 2586; x_wconf 75' lang='grc' dir='ltr'>αὐτῷ</span> <span class='ocrx_word' id='word_1_294' title='bbox 1279 2515 1308 2569; x_wconf 92' lang='lat'><strong>6</strong></span> <span class='ocrx_word' id='word_1_295' title='bbox 1346 2516 1607 2586; x_wconf 73' lang='grc' dir='ltr'>κραταιὸς</span> <span class='ocrx_word' id='word_1_296' title='bbox 1662 2515 1884 2587; x_wconf 75' lang='grc' dir='ltr'>ἔλεγχος</span> 
     </span>
    </p>
   </div>
   <div class='ocr_carea' id='block_1_42' title="bbox 287 2605 1884 2677">
    <p class='ocr_par' dir='ltr' id='par_1_42' title="bbox 287 2605 1884 2677">
     <span class='ocr_line' id='line_1_42' title="bbox 287 2605 1884 2677; baseline 0.003 -19"><span class='ocrx_word' id='word_1_297' title='bbox 287 2605 459 2659; x_wconf 80' lang='grc' dir='ltr'>αὐτοῦ</span> <span class='ocrx_word' id='word_1_298' title='bbox 488 2606 881 2677; x_wconf 77' lang='grc' dir='ltr'>κατέστραπτε’</span> <span class='ocrx_word' id='word_1_299' title='bbox 905 2606 1111 2670; x_wconf 87' lang='grc' dir='ltr'>Ὄντως</span> <span class='ocrx_word' id='word_1_300' title='bbox 1130 2606 1480 2677; x_wconf 73' lang='grc' dir='ltr'>ἐπιστρέψει</span> <span class='ocrx_word' id='word_1_301' title='bbox 1511 2610 1545 2662; x_wconf 80' lang='grc' dir='ltr'><em>ὁ</em></span> <span class='ocrx_word' id='word_1_302' title='bbox 1565 2610 1753 2674; x_wconf 77' lang='grc' dir='ltr'>πόνος</span> <span class='ocrx_word' id='word_1_303' title='bbox 1776 2609 1884 2663; x_wconf 85' lang='grc' dir='ltr'><strong>αὐ-</strong></span> 
     </span>
    </p>
   </div>
   <div class='ocr_carea' id='block_1_43' title="bbox 287 2697 1880 2770">
    <p class='ocr_par' dir='ltr' id='par_1_43' title="bbox 287 2697 1880 2770">
     <span class='ocr_line' id='line_1_43' title="bbox 287 2697 1880 2770; baseline 0.003 -20"><span class='ocrx_word' id='word_1_304' title='bbox 287 2698 403 2752; x_wconf 79' lang='grc' dir='ltr'>τοῦ</span> <span class='ocrx_word' id='word_1_305' title='bbox 422 2701 510 2765; x_wconf 81' lang='grc' dir='ltr'>εὶς</span> <span class='ocrx_word' id='word_1_306' title='bbox 539 2699 817 2768; x_wconf 68' lang='grc' dir='ltr'>κεφαλὴν</span> <span class='ocrx_word' id='word_1_307' title='bbox 844 2699 1053 2765; x_wconf 84' lang='grc' dir='ltr'>αὑτοῦ,</span> <span class='ocrx_word' id='word_1_308' title='bbox 1084 2697 1187 2754; x_wconf 77' lang='grc' dir='ltr'>καὶ</span> <span class='ocrx_word' id='word_1_309' title='bbox 1208 2699 1309 2754; x_wconf 72' lang='grc' dir='ltr'><strong>ἐπὶ</strong></span> <span class='ocrx_word' id='word_1_310' title='bbox 1336 2700 1614 2770; x_wconf 71' lang='grc' dir='ltr'>κορυφὴν</span> <span class='ocrx_word' id='word_1_311' title='bbox 1637 2700 1824 2756; x_wconf 84' lang='grc' dir='ltr'>αὐτοῦ</span> <span class='ocrx_word' id='word_1_312' title='bbox 1843 2700 1880 2769; x_wconf 75' lang='grc' dir='ltr'><strong><em>ἠ</em></strong></span> 
     </span>
    </p>
   </div>
   <div class='ocr_carea' id='block_1_44' title="bbox 277 2789 1882 2861">
    <p class='ocr_par' dir='ltr' id='par_1_44' title="bbox 277 2789 1882 2861">
     <span class='ocr_line' id='line_1_44' title="bbox 277 2789 1882 2861; baseline 0.003 -20"><span class='ocrx_word' id='word_1_313' title='bbox 277 2789 659 2860; x_wconf 66' lang='grc' dir='ltr'>,ϐλασφημία</span> <span class='ocrx_word' id='word_1_314' title='bbox 679 2790 869 2847; x_wconf 87' lang='grc' dir='ltr'>αὐτοῦ</span> <span class='ocrx_word' id='word_1_315' title='bbox 891 2790 1295 2859; x_wconf 77' lang='grc' dir='ltr'>καταϐήσεται</span> <span class='ocrx_word' id='word_1_316' title='bbox 1313 2808 1327 2825; x_wconf 75' lang='grc' dir='ltr'><strong>ο</strong></span> <span class='ocrx_word' id='word_1_317' title='bbox 1360 2790 1598 2861; x_wconf 83' lang='grc' dir='ltr'>εὐλόγως</span> <span class='ocrx_word' id='word_1_318' title='bbox 1630 2792 1688 2845; x_wconf 86' lang='grc' dir='ltr'>δὲ</span> <span class='ocrx_word' id='word_1_319' title='bbox 1729 2792 1826 2846; x_wconf 72' lang='grc' dir='ltr'>καὶ</span> <span class='ocrx_word' id='word_1_320' title='bbox 1853 2793 1882 2846; x_wconf 89' lang='lat'><strong>6</strong></span> 
     </span>
    </p>
   </div>
   <div class='ocr_carea' id='block_1_45' title="bbox 283 2882 1876 2955">
    <p class='ocr_par' dir='ltr' id='par_1_45' title="bbox 283 2882 1876 2955">
     <span class='ocr_line' id='line_1_45' title="bbox 283 2882 1876 2955; baseline 0 -18"><span class='ocrx_word' id='word_1_321' title='bbox 283 2886 393 2955; x_wconf 79' lang='grc' dir='ltr'>τῆς</span> <span class='ocrx_word' id='word_1_322' title='bbox 415 2884 706 2955; x_wconf 68' lang='grc' dir='ltr'>παιδίσκης</span> <span class='ocrx_word' id='word_1_323' title='bbox 730 2884 845 2947; x_wconf 82' lang='grc' dir='ltr'>υίὸς</span> <span class='ocrx_word' id='word_1_324' title='bbox 871 2883 1006 2954; x_wconf 88' lang='lat'><strong>(99),</strong></span> <span class='ocrx_word' id='word_1_325' title='bbox 1039 2883 1199 2954; x_wconf 87' lang='grc' dir='ltr'>φύσει</span> <span class='ocrx_word' id='word_1_326' title='bbox 1220 2882 1506 2949; x_wconf 79' lang='grc' dir='ltr'>δοῦλος,ἴν⁹</span> <span class='ocrx_word' id='word_1_327' title='bbox 1522 2882 1695 2946; x_wconf 78' lang='grc' dir='ltr'>οὕτως</span> <span class='ocrx_word' id='word_1_328' title='bbox 1717 2885 1876 2950; x_wconf 82' lang='grc' dir='ltr'>εἴπω,</span> 
     </span>
    </p>
   </div>
   <div class='ocr_carea' id='block_1_46' title="bbox 284 2975 1875 3050">
    <p class='ocr_par' dir='ltr' id='par_1_46' title="bbox 284 2975 1875 3050">
     <span class='ocr_line' id='line_1_46' title="bbox 284 2975 1875 3050; baseline 0.001 -21"><span class='ocrx_word' id='word_1_329' title='bbox 284 2978 599 3046; x_wconf 70' lang='grc' dir='ltr'>τυγχάνων,</span> <span class='ocrx_word' id='word_1_330' title='bbox 630 2976 727 3050; x_wconf 73' lang='grc' dir='ltr'>τὴν</span> <span class='ocrx_word' id='word_1_331' title='bbox 747 2976 841 3030; x_wconf 79' lang='grc' dir='ltr'><strong>τοῦ</strong></span> <span class='ocrx_word' id='word_1_332' title='bbox 872 2975 988 3030; x_wconf 82' lang='grc' dir='ltr'>υἱοῦ</span> <span class='ocrx_word' id='word_1_333' title='bbox 1022 2975 1417 3046; x_wconf 79' lang='grc' dir='ltr'>προσηγορίαν,</span> <span class='ocrx_word' id='word_1_334' title='bbox 1447 2975 1568 3029; x_wconf 74' lang='grc' dir='ltr'>οὐδὲ</span> <span class='ocrx_word' id='word_1_335' title='bbox 1597 2975 1740 3029; x_wconf 73' lang='grc' dir='ltr'>κατὰ</span> <span class='ocrx_word' id='word_1_336' title='bbox 1772 2976 1875 3045; x_wconf 88' lang='grc' dir='ltr'><strong>χά-</strong></span> 
     </span>
    </p>
   </div>
   <div class='ocr_carea' id='block_1_47' title="bbox 288 3068 1879 3143">
    <p class='ocr_par' dir='ltr' id='par_1_47' title="bbox 288 3068 1879 3143">
     <span class='ocr_line' id='line_1_47' title="bbox 288 3068 1879 3143; baseline 0.002 -23"><span class='ocrx_word' id='word_1_337' title='bbox 288 3086 381 3139; x_wconf 89' lang='grc' dir='ltr'><strong>ριν</strong></span> <span class='ocrx_word' id='word_1_338' title='bbox 404 3069 545 3122; x_wconf 85' lang='grc' dir='ltr'>κατὰ</span> <span class='ocrx_word' id='word_1_339' title='bbox 566 3069 657 3122; x_wconf 84' lang='grc' dir='ltr'>τὸν</span> <span class='ocrx_word' id='word_1_340' title='bbox 693 3068 909 3143; x_wconf 74' lang='grc' dir='ltr'>Ἰσραὴλ</span> <span class='ocrx_word' id='word_1_341' title='bbox 939 3068 1312 3140; x_wconf 82' lang='grc' dir='ltr'>φαντασθῆναι</span> <span class='ocrx_word' id='word_1_342' title='bbox 1345 3068 1519 3139; x_wconf 86' lang='grc' dir='ltr'>ίσχύει</span> <span class='ocrx_word' id='word_1_343' title='bbox 1543 3086 1557 3100; x_wconf 79' lang='lat'>&#39;</span> <span class='ocrx_word' id='word_1_344' title='bbox 1585 3068 1879 3141; x_wconf 84' lang='grc' dir='ltr'>δουλοπρε-</span> 
     </span>
    </p>
   </div>
   <div class='ocr_carea' id='block_1_48' title="bbox 286 3159 1880 3232">
    <p class='ocr_par' dir='ltr' id='par_1_48' title="bbox 286 3159 1880 3232">
     <span class='ocr_line' id='line_1_48' title="bbox 286 3159 1880 3232; baseline 0.003 -19"><span class='ocrx_word' id='word_1_345' title='bbox 286 3159 412 3225; x_wconf 85' lang='grc' dir='ltr'><strong>πῶς</strong></span> <span class='ocrx_word' id='word_1_346' title='bbox 434 3161 822 3231; x_wconf 77' lang='grc' dir='ltr'>ἀνηνεγμένος,</span> <span class='ocrx_word' id='word_1_347' title='bbox 843 3161 937 3216; x_wconf 80' lang='grc' dir='ltr'>καὶ</span> <span class='ocrx_word' id='word_1_348' title='bbox 972 3160 1357 3232; x_wconf 85' lang='grc' dir='ltr'>δουλοπρεπῶς</span> <span class='ocrx_word' id='word_1_349' title='bbox 1380 3163 1751 3232; x_wconf 72' lang='grc' dir='ltr'>μεμυημένος,</span> <span class='ocrx_word' id='word_1_350' title='bbox 1785 3164 1880 3219; x_wconf 80' lang='grc' dir='ltr'>καὶ</span> 
     </span>
    </p>
   </div>
   <div class='ocr_carea' id='block_1_49' title="bbox 284 3251 880 3308">
    <p class='ocr_par' dir='ltr' id='par_1_49' title="bbox 284 3251 880 3308">
     <span class='ocr_line' id='line_1_49' title="bbox 284 3251 880 3308; baseline 0.007 -4"><span class='ocrx_word' id='word_1_351' title='bbox 284 3251 484 3305; x_wconf 84' lang='grc' dir='ltr'>τούτου</span> <span class='ocrx_word' id='word_1_352' title='bbox 515 3253 678 3306; x_wconf 86' lang='grc' dir='ltr'>πλέον</span> <span class='ocrx_word' id='word_1_353' title='bbox 708 3252 880 3308; x_wconf 82' lang='grc' dir='ltr'>οὐδέν.</span> 
     </span>
    </p>
   </div>
   <div class='ocr_carea' id='block_1_50' title="bbox 1985 2056 3563 2126">
    <p class='ocr_par' dir='ltr' id='par_1_50' title="bbox 1985 2056 3563 2126">
     <span class='ocr_line' id='line_1_50' title="bbox 1985 2056 3563 2126; baseline 0.008 -17"><span class='ocrx_word' id='word_1_354' title='bbox 1985 2056 2265 2111; x_wconf 74' lang='lat' dir='ltr'><strong>exstitisse</strong></span> <span class='ocrx_word' id='word_1_355' title='bbox 2302 2056 2554 2126; x_wconf 82' lang='lat' dir='ltr'><strong>judicas?</strong></span> <span class='ocrx_word' id='word_1_356' title='bbox 2576 2057 2750 2115; x_wconf 83' lang='lat' dir='ltr'><strong>Macte</strong></span> <span class='ocrx_word' id='word_1_357' title='bbox 2772 2059 2874 2115; x_wconf 88' lang='lat' dir='ltr'><strong>ista</strong></span> <span class='ocrx_word' id='word_1_358' title='bbox 2905 2062 3151 2118; x_wconf 81' lang='lat' dir='ltr'><strong>veritatis</strong></span> <span class='ocrx_word' id='word_1_359' title='bbox 3177 2065 3352 2121; x_wconf 90' lang='lat' dir='ltr'><strong>amica</strong></span> <span class='ocrx_word' id='word_1_360' title='bbox 3382 2077 3563 2122; x_wconf 83' lang='lat' dir='ltr'><strong>mente</strong></span> 
     </span>
    </p>
   </div>
   <div class='ocr_carea' id='block_1_51' title="bbox 1985 2148 3562 2221">
    <p class='ocr_par' dir='ltr' id='par_1_51' title="bbox 1985 2148 3562 2221">
     <span class='ocr_line' id='line_1_51' title="bbox 1985 2148 3562 2221; baseline 0.007 -18"><span class='ocrx_word' id='word_1_361' title='bbox 1985 2156 2080 2203; x_wconf 89' lang='lat' dir='ltr'><strong>tua</strong></span> <span class='ocrx_word' id='word_1_362' title='bbox 2112 2150 2124 2202; x_wconf 78' lang='grc' dir='ltr'><strong>ι</strong></span> <span class='ocrx_word' id='word_1_363' title='bbox 2162 2148 2303 2215; x_wconf 86' lang='lat' dir='ltr'><strong>Quid</strong></span> <span class='ocrx_word' id='word_1_364' title='bbox 2329 2163 2458 2221; x_wconf 88' lang='lat' dir='ltr'><strong>ergo</strong></span> <span class='ocrx_word' id='word_1_365' title='bbox 2498 2148 2688 2217; x_wconf 80' lang='lat' dir='ltr'><strong>facies,</strong></span> <span class='ocrx_word' id='word_1_366' title='bbox 2740 2154 2900 2209; x_wconf 87' lang='lat' dir='ltr'><strong>nobis</strong></span> <span class='ocrx_word' id='word_1_367' title='bbox 2934 2170 3039 2209; x_wconf 93' lang='lat' dir='ltr'><strong>non</strong></span> <span class='ocrx_word' id='word_1_368' title='bbox 3080 2156 3425 2215; x_wconf 88' lang='lat' dir='ltr'><strong>credentibus</strong></span> <span class='ocrx_word' id='word_1_369' title='bbox 3454 2159 3562 2214; x_wconf 89' lang='lat' dir='ltr'><strong>Deo</strong></span> 
     </span>
    </p>
   </div>
   <div class='ocr_carea' id='block_1_52' title="bbox 1987 2243 3559 2317">
    <p class='ocr_par' dir='ltr' id='par_1_52' title="bbox 1987 2243 3559 2317">
     <span class='ocr_line' id='line_1_52' title="bbox 1987 2243 3559 2317; baseline 0.007 -23"><span class='ocrx_word' id='word_1_370' title='bbox 1987 2249 2101 2306; x_wconf 91' lang='lat' dir='ltr'><strong>tuo,</strong></span> <span class='ocrx_word' id='word_1_371' title='bbox 2128 2243 2224 2297; x_wconf 88' lang='lat' dir='ltr'><strong>sed</strong></span> <span class='ocrx_word' id='word_1_372' title='bbox 2246 2244 2481 2299; x_wconf 77' lang='lat' dir='ltr'><strong>nostro?</strong></span> <span class='ocrx_word' id='word_1_373' title='bbox 2522 2250 2574 2297; x_wconf 87' lang='lat' dir='ltr'><strong>te</strong></span> <span class='ocrx_word' id='word_1_374' title='bbox 2597 2253 2779 2299; x_wconf 92' lang='lat' dir='ltr'><strong>autem</strong></span> <span class='ocrx_word' id='word_1_375' title='bbox 2804 2255 2994 2316; x_wconf 86' lang='lat' dir='ltr'><strong>putato</strong></span> <span class='ocrx_word' id='word_1_376' title='bbox 3022 2256 3117 2303; x_wconf 92' lang='lat' dir='ltr'><strong>tuo</strong></span> <span class='ocrx_word' id='word_1_377' title='bbox 3148 2248 3257 2304; x_wconf 91' lang='lat' dir='ltr'><strong>Deo</strong></span> <span class='ocrx_word' id='word_1_378' title='bbox 3283 2252 3559 2317; x_wconf 88' lang='lat' dir='ltr'><strong>credente,</strong></span> 
     </span>
    </p>
   </div>
   <div class='ocr_carea' id='block_1_53' title="bbox 1984 2336 3564 2415">
    <p class='ocr_par' dir='ltr' id='par_1_53' title="bbox 1984 2336 3564 2415">
     <span class='ocr_line' id='line_1_53' title="bbox 1984 2336 3564 2415; baseline 0.006 -26"><span class='ocrx_word' id='word_1_379' title='bbox 1984 2348 2093 2389; x_wconf 87' lang='lat' dir='ltr'><strong>non</strong></span> <span class='ocrx_word' id='word_1_380' title='bbox 2126 2344 2307 2389; x_wconf 87' lang='lat' dir='ltr'><strong>autem</strong></span> <span class='ocrx_word' id='word_1_381' title='bbox 2331 2336 2554 2391; x_wconf 81' lang='lat' dir='ltr'><strong>nostro?</strong></span> <span class='ocrx_word' id='word_1_382' title='bbox 2585 2337 2697 2403; x_wconf 91' lang='lat' dir='ltr'><strong>Die,</strong></span> <span class='ocrx_word' id='word_1_383' title='bbox 2722 2338 2903 2394; x_wconf 83' lang='lat' dir='ltr'><strong>sodes.</strong></span> <span class='ocrx_word' id='word_1_384' title='bbox 2931 2336 3190 2409; x_wconf 89' lang='lat' dir='ltr'><strong>Superest</strong></span> <span class='ocrx_word' id='word_1_385' title='bbox 3210 2342 3326 2407; x_wconf 90' lang='lat' dir='ltr'><strong>tibi,</strong></span> <span class='ocrx_word' id='word_1_386' title='bbox 3357 2352 3416 2397; x_wconf 89' lang='lat' dir='ltr'><strong>ut</strong></span> <span class='ocrx_word' id='word_1_387' title='bbox 3434 2357 3564 2415; x_wconf 88' lang='lat' dir='ltr'><strong>pro-</strong></span> 
     </span>
    </p>
   </div>
   <div class='ocr_carea' id='block_1_54' title="bbox 1984 2426 3560 2505">
    <p class='ocr_par' dir='ltr' id='par_1_54' title="bbox 1984 2426 3560 2505">
     <span class='ocr_line' id='line_1_54' title="bbox 1984 2426 3560 2505; baseline 0.005 -23"><span class='ocrx_word' id='word_1_388' title='bbox 1984 2426 2160 2496; x_wconf 69' lang='lat' dir='ltr'><strong>pheta:</strong></span> <span class='ocrx_word' id='word_1_389' title='bbox 2188 2427 2373 2483; x_wconf 81' lang='lat' dir='ltr'><strong>verbis</strong></span> <span class='ocrx_word' id='word_1_390' title='bbox 2402 2426 2553 2485; x_wconf 88' lang='lat' dir='ltr'><strong>dicas</strong></span> <span class='ocrx_word' id='word_1_391' title='bbox 2588 2448 2601 2484; x_wconf 89' lang='lat'>:</span> <span class='ocrx_word' id='word_1_392' title='bbox 2629 2428 2755 2483; x_wconf 78' lang='lat' dir='ltr'><strong>Non</strong></span> <span class='ocrx_word' id='word_1_393' title='bbox 2791 2439 2866 2485; x_wconf 86' lang='lat' dir='ltr'><strong>est</strong></span> <span class='ocrx_word' id='word_1_394' title='bbox 2911 2431 3052 2488; x_wconf 80' lang='lat' dir='ltr'><strong>Deus</strong></span> <span class='ocrx_word' id='word_1_395' title='bbox 3081 2433 3148 2498; x_wconf 82' lang='grc'><strong>⁸⁸,</strong></span> <span class='ocrx_word' id='word_1_396' title='bbox 3183 2434 3444 2505; x_wconf 87' lang='lat' dir='ltr'><strong>quoniam</strong></span> <span class='ocrx_word' id='word_1_397' title='bbox 3474 2436 3560 2490; x_wconf 52' lang='lat' dir='ltr'><strong>di-</strong></span> 
     </span>
    </p>
   </div>
   <div class='ocr_carea' id='block_1_55' title="bbox 1985 2519 3560 2596">
    <p class='ocr_par' dir='ltr' id='par_1_55' title="bbox 1985 2519 3560 2596">
     <span class='ocr_line' id='line_1_55' title="bbox 1985 2519 3560 2596; baseline 0.004 -23"><span class='ocrx_word' id='word_1_398' title='bbox 1985 2533 2180 2574; x_wconf 85' lang='lat' dir='ltr'><strong>versus</strong></span> <span class='ocrx_word' id='word_1_399' title='bbox 2205 2527 2290 2575; x_wconf 89' lang='lat' dir='ltr'><strong>est</strong></span> <span class='ocrx_word' id='word_1_400' title='bbox 2320 2519 2465 2589; x_wconf 90' lang='lat' dir='ltr'><strong>apud</strong></span> <span class='ocrx_word' id='word_1_401' title='bbox 2518 2522 2710 2585; x_wconf 89' lang='lat' dir='ltr'><strong>ambos</strong></span> <span class='ocrx_word' id='word_1_402' title='bbox 2766 2520 2933 2578; x_wconf 89' lang='lat' dir='ltr'><strong>Deus.</strong></span> <span class='ocrx_word' id='word_1_403' title='bbox 2962 2521 3128 2580; x_wconf 82' lang='lat' dir='ltr'><strong>Vides</strong></span> <span class='ocrx_word' id='word_1_404' title='bbox 3156 2540 3268 2596; x_wconf 92' lang='lat' dir='ltr'><strong>quo</strong></span> <span class='ocrx_word' id='word_1_405' title='bbox 3322 2527 3560 2582; x_wconf 89' lang='lat' dir='ltr'><strong>validum</strong></span> 
     </span>
    </p>
   </div>
   <div class='ocr_carea' id='block_1_56' title="bbox 1984 2610 3566 2683">
    <p class='ocr_par' dir='ltr' id='par_1_56' title="bbox 1984 2610 3566 2683">
     <span class='ocr_line' id='line_1_56' title="bbox 1984 2610 3566 2683; baseline 0.006 -19"><span class='ocrx_word' id='word_1_406' title='bbox 1984 2610 2107 2680; x_wconf 85' lang='lat' dir='ltr'><strong>ejus</strong></span> <span class='ocrx_word' id='word_1_407' title='bbox 2130 2618 2516 2680; x_wconf 82' lang='lat' dir='ltr'><strong>argumentum</strong></span> <span class='ocrx_word' id='word_1_408' title='bbox 2555 2620 2814 2683; x_wconf 86' lang='lat' dir='ltr'><strong>tanquam</strong></span> <span class='ocrx_word' id='word_1_409' title='bbox 2865 2613 3073 2670; x_wconf 78' lang='lat' dir='ltr'><strong>fulmen</strong></span> <span class='ocrx_word' id='word_1_410' title='bbox 3104 2616 3388 2674; x_wconf 88' lang='lat' dir='ltr'><strong>deciderit.</strong></span> <span class='ocrx_word' id='word_1_411' title='bbox 3424 2617 3566 2675; x_wconf 82' lang='lat' dir='ltr'><strong>Vere</strong></span> 
     </span>
    </p>
   </div>
   <div class='ocr_carea' id='block_1_57' title="bbox 1983 2702 3564 2774">
    <p class='ocr_par' dir='ltr' id='par_1_57' title="bbox 1983 2702 3564 2774">
     <span class='ocr_line' id='line_1_57' title="bbox 1983 2702 3564 2774; baseline 0.005 -19"><span class='ocrx_word' id='word_1_412' title='bbox 1983 2712 2310 2759; x_wconf 84' lang='lat' dir='ltr'><strong>convertetur</strong></span> <span class='ocrx_word' id='word_1_413' title='bbox 2332 2702 2483 2758; x_wconf 86' lang='lat' dir='ltr'><strong>labor</strong></span> <span class='ocrx_word' id='word_1_414' title='bbox 2527 2702 2641 2773; x_wconf 86' lang='lat' dir='ltr'><strong>ejus</strong></span> <span class='ocrx_word' id='word_1_415' title='bbox 2662 2705 2717 2757; x_wconf 86' lang='lat' dir='ltr'><strong>in</strong></span> <span class='ocrx_word' id='word_1_416' title='bbox 2750 2715 2912 2774; x_wconf 87' lang='lat' dir='ltr'><strong>caput</strong></span> <span class='ocrx_word' id='word_1_417' title='bbox 2941 2707 3199 2772; x_wconf 71' lang='lat' dir='ltr'><strong>eiusdem,</strong></span> <span class='ocrx_word' id='word_1_418' title='bbox 3228 2719 3277 2762; x_wconf 88' lang='lat' dir='ltr'><strong>et</strong></span> <span class='ocrx_word' id='word_1_419' title='bbox 3310 2709 3365 2762; x_wconf 85' lang='lat' dir='ltr'><strong>in</strong></span> <span class='ocrx_word' id='word_1_420' title='bbox 3401 2710 3564 2764; x_wconf 81' lang='lat' dir='ltr'><strong>verti-</strong></span> 
     </span>
    </p>
   </div>
   <div class='ocr_carea' id='block_1_58' title="bbox 1984 2794 3565 2868">
    <p class='ocr_par' dir='ltr' id='par_1_58' title="bbox 1984 2794 3565 2868">
     <span class='ocr_line' id='line_1_58' title="bbox 1984 2794 3565 2868; baseline 0.007 -22"><span class='ocrx_word' id='word_1_421' title='bbox 1984 2810 2094 2847; x_wconf 84' lang='lat' dir='ltr'><strong>cem</strong></span> <span class='ocrx_word' id='word_1_422' title='bbox 2117 2794 2282 2863; x_wconf 76' lang='lat' dir='ltr'><strong>ipsius</strong></span> <span class='ocrx_word' id='word_1_423' title='bbox 2311 2794 2639 2866; x_wconf 76' lang='lat' dir='ltr'><strong>blasphemia</strong></span> <span class='ocrx_word' id='word_1_424' title='bbox 2674 2797 2889 2868; x_wconf 82' lang='lat' dir='ltr'><strong>propria</strong></span> <span class='ocrx_word' id='word_1_425' title='bbox 2908 2798 3182 2854; x_wconf 75' lang='lat' dir='ltr'><strong>descendet</strong></span> <span class='ocrx_word' id='word_1_426' title='bbox 3204 2801 3269 2853; x_wconf 84' lang='lat'><strong>&quot;.</strong></span> <span class='ocrx_word' id='word_1_427' title='bbox 3300 2800 3565 2857; x_wconf 66' lang='lat' dir='ltr'><strong>Praeclare</strong></span> 
     </span>
    </p>
   </div>
   <div class='ocr_carea' id='block_1_59' title="bbox 1986 2885 3561 2958">
    <p class='ocr_par' dir='ltr' id='par_1_59' title="bbox 1986 2885 3561 2958">
     <span class='ocr_line' id='line_1_59' title="bbox 1986 2885 3561 2958; baseline 0.005 -19"><span class='ocrx_word' id='word_1_428' title='bbox 1986 2885 2208 2940; x_wconf 72' lang='lat' dir='ltr'><strong>famula:</strong></span> <span class='ocrx_word' id='word_1_429' title='bbox 2272 2886 2457 2954; x_wconf 86' lang='lat' dir='ltr'><strong>ﬁlius,</strong></span> <span class='ocrx_word' id='word_1_430' title='bbox 2510 2889 2832 2945; x_wconf 89' lang='lat' dir='ltr'><strong>naturaliter</strong></span> <span class='ocrx_word' id='word_1_431' title='bbox 2876 2899 2935 2944; x_wconf 88' lang='lat' dir='ltr'><strong>ut</strong></span> <span class='ocrx_word' id='word_1_432' title='bbox 2982 2892 3056 2945; x_wconf 87' lang='lat' dir='ltr'><strong>ita</strong></span> <span class='ocrx_word' id='word_1_433' title='bbox 3095 2890 3275 2947; x_wconf 87' lang='lat' dir='ltr'><strong>dicam</strong></span> <span class='ocrx_word' id='word_1_434' title='bbox 3327 2907 3561 2958; x_wconf 89' lang='lat' dir='ltr'><strong>servus,</strong></span> 
     </span>
    </p>
   </div>
   <div class='ocr_carea' id='block_1_60' title="bbox 1985 2977 3565 3054">
    <p class='ocr_par' dir='ltr' id='par_1_60' title="bbox 1985 2977 3565 3054">
     <span class='ocr_line' id='line_1_60' title="bbox 1985 2977 3565 3054; baseline 0.006 -23"><span class='ocrx_word' id='word_1_435' title='bbox 1985 2977 2083 3032; x_wconf 93' lang='lat' dir='ltr'><strong>ﬁlii</strong></span> <span class='ocrx_word' id='word_1_436' title='bbox 2128 2980 2545 3050; x_wconf 82' lang='lat' dir='ltr'><strong>appellationem</strong></span> <span class='ocrx_word' id='word_1_437' title='bbox 2614 2996 2683 3037; x_wconf 90' lang='lat' dir='ltr'><strong>ne</strong></span> <span class='ocrx_word' id='word_1_438' title='bbox 2726 2983 3025 3039; x_wconf 90' lang='lat' dir='ltr'><strong>secundum</strong></span> <span class='ocrx_word' id='word_1_439' title='bbox 3070 2986 3296 3053; x_wconf 76' lang='lat' dir='ltr'><strong>gratiam</strong></span> <span class='ocrx_word' id='word_1_440' title='bbox 3342 2985 3565 3054; x_wconf 89' lang='lat' dir='ltr'><strong>quidem</strong></span> 
     </span>
    </p>
   </div>
   <div class='ocr_carea' id='block_1_61' title="bbox 1986 3069 3563 3145">
    <p class='ocr_par' dir='ltr' id='par_1_61' title="bbox 1986 3069 3563 3145">
     <span class='ocr_line' id='line_1_61' title="bbox 1986 3069 3563 3145; baseline 0.004 -21"><span class='ocrx_word' id='word_1_441' title='bbox 1986 3069 2274 3141; x_wconf 80' lang='lat' dir='ltr'><strong>imaginari</strong></span> <span class='ocrx_word' id='word_1_442' title='bbox 2308 3073 2471 3138; x_wconf 86' lang='lat' dir='ltr'><strong>valet,</strong></span> <span class='ocrx_word' id='word_1_443' title='bbox 2508 3088 2633 3127; x_wconf 90' lang='lat' dir='ltr'><strong>cum</strong></span> <span class='ocrx_word' id='word_1_444' title='bbox 2670 3073 2787 3142; x_wconf 87' lang='lat' dir='ltr'><strong>ipse</strong></span> <span class='ocrx_word' id='word_1_445' title='bbox 2824 3075 3095 3129; x_wconf 83' lang='lat' dir='ltr'><strong>serviliter</strong></span> <span class='ocrx_word' id='word_1_446' title='bbox 3125 3076 3198 3131; x_wconf 87' lang='lat' dir='ltr'><strong>sit</strong></span> <span class='ocrx_word' id='word_1_447' title='bbox 3232 3084 3413 3145; x_wconf 89' lang='lat' dir='ltr'><strong>natus,</strong></span> <span class='ocrx_word' id='word_1_448' title='bbox 3444 3091 3563 3131; x_wconf 88' lang='lat' dir='ltr'><strong>ser-</strong></span> 
     </span>
    </p>
   </div>
   <div class='ocr_carea' id='block_1_62' title="bbox 1987 3163 3215 3237">
    <p class='ocr_par' dir='ltr' id='par_1_62' title="bbox 1987 3163 3215 3237">
     <span class='ocr_line' id='line_1_62' title="bbox 1987 3163 3215 3237; baseline 0.004 -18"><span class='ocrx_word' id='word_1_449' title='bbox 1987 3164 2174 3220; x_wconf 85' lang='lat' dir='ltr'><strong>viliter</strong></span> <span class='ocrx_word' id='word_1_450' title='bbox 2202 3163 2380 3221; x_wconf 88' lang='lat' dir='ltr'><strong>sacris</strong></span> <span class='ocrx_word' id='word_1_451' title='bbox 2413 3165 2680 3230; x_wconf 85' lang='lat' dir='ltr'><strong>initiatus,</strong></span> <span class='ocrx_word' id='word_1_452' title='bbox 2710 3173 2764 3220; x_wconf 91' lang='lat' dir='ltr'><strong>et</strong></span> <span class='ocrx_word' id='word_1_453' title='bbox 2793 3166 2928 3221; x_wconf 88' lang='lat' dir='ltr'><strong>nihil</strong></span> <span class='ocrx_word' id='word_1_454' title='bbox 2958 3167 3215 3237; x_wconf 87' lang='lat' dir='ltr'><strong>amplius.</strong></span> 
     </span>
    </p>
   </div>
   <div class='ocr_carea' id='block_1_63' title="bbox 364 3314 1884 3417">
    <p class='ocr_par' dir='ltr' id='par_1_63' title="bbox 364 3340 1873 3417">
     <span class='ocr_line' id='line_1_63' title="bbox 364 3340 1873 3417; baseline 0.003 -19"><span class='ocrx_word' id='word_1_455' title='bbox 364 3340 463 3413; x_wconf 82' lang='grc' dir='ltr'><strong>ξγ¹.</strong></span> <span class='ocrx_word' id='word_1_456' title='bbox 507 3342 731 3414; x_wconf 79' lang='grc' dir='ltr'>Ἐφεξῆς</span> <span class='ocrx_word' id='word_1_457' title='bbox 754 3343 811 3397; x_wconf 80' lang='grc' dir='ltr'>δὲ</span> <span class='ocrx_word' id='word_1_458' title='bbox 832 3343 893 3397; x_wconf 86' lang='grc' dir='ltr'>τὸ</span> <span class='ocrx_word' id='word_1_459' title='bbox 922 3346 1049 3414; x_wconf 76' lang='grc' dir='ltr'>περὶ</span> <span class='ocrx_word' id='word_1_460' title='bbox 1072 3344 1163 3399; x_wconf 86' lang='grc' dir='ltr'>τὸν</span> <span class='ocrx_word' id='word_1_461' title='bbox 1198 3344 1563 3415; x_wconf 82' lang='grc' dir='ltr'>Ἀντίχριστον</span> <span class='ocrx_word' id='word_1_462' title='bbox 1583 3345 1873 3417; x_wconf 74' lang='grc' dir='ltr'>εἰρημένον</span> 
     </span>
    </p>
   </div>
   <div class='ocr_carea' id='block_1_64' title="bbox 1986 3314 3568 3417">
    <p class='ocr_par' dir='ltr' id='par_1_64' title="bbox 2055 3343 3568 3416">
     <span class='ocr_line' id='line_1_64' title="bbox 2055 3343 3568 3416; baseline 0.005 -18"><span class='ocrx_word' id='word_1_463' title='bbox 2055 3344 2144 3399; x_wconf 80' lang='grc'><strong>65.</strong></span> <span class='ocrx_word' id='word_1_464' title='bbox 2174 3343 2379 3399; x_wconf 88' lang='lat' dir='ltr'><strong>Deinde</strong></span> <span class='ocrx_word' id='word_1_465' title='bbox 2433 3343 2640 3400; x_wconf 72' lang='lat' dir='ltr'><strong>dictum</strong></span> <span class='ocrx_word' id='word_1_466' title='bbox 2693 3346 2763 3401; x_wconf 90' lang='lat' dir='ltr'><strong>ab</strong></span> <span class='ocrx_word' id='word_1_467' title='bbox 2812 3347 3073 3416; x_wconf 85' lang='lat' dir='ltr'><strong>Apostolo</strong></span> <span class='ocrx_word' id='word_1_468' title='bbox 3114 3347 3184 3403; x_wconf 86' lang='lat' dir='ltr'><strong>de</strong></span> <span class='ocrx_word' id='word_1_469' title='bbox 3231 3349 3568 3406; x_wconf 83' lang='lat' dir='ltr'><strong>Antichristo</strong></span> 
     </span>
    </p>
   </div>
   <div class='ocr_carea' id='block_1_65' title="bbox 286 3436 1870 3509">
    <p class='ocr_par' dir='ltr' id='par_1_65' title="bbox 286 3436 1870 3509">
     <span class='ocr_line' id='line_1_65' title="bbox 286 3436 1870 3509; baseline 0.004 -22"><span class='ocrx_word' id='word_1_470' title='bbox 286 3437 519 3504; x_wconf 84' lang='grc' dir='ltr'>σημεῖον</span> <span class='ocrx_word' id='word_1_471' title='bbox 544 3437 622 3506; x_wconf 85' lang='grc' dir='ltr'><strong>τῷ</strong></span> <span class='ocrx_word' id='word_1_472' title='bbox 660 3437 991 3508; x_wconf 81' lang='grc' dir='ltr'>Ἀποστόλῳ,</span> <span class='ocrx_word' id='word_1_473' title='bbox 1022 3436 1270 3509; x_wconf 74' lang='grc' dir='ltr'>ἐναργῶς</span> <span class='ocrx_word' id='word_1_474' title='bbox 1307 3439 1368 3491; x_wconf 84' lang='grc' dir='ltr'>ὲν</span> <span class='ocrx_word' id='word_1_475' title='bbox 1405 3436 1581 3509; x_wconf 83' lang='grc' dir='ltr'>τούτῳ</span> <span class='ocrx_word' id='word_1_476' title='bbox 1604 3439 1749 3494; x_wconf 78' lang='grc' dir='ltr'>ἐστιν</span> <span class='ocrx_word' id='word_1_477' title='bbox 1777 3441 1870 3494; x_wconf 79' lang='grc' dir='ltr'><strong>εὑ·-</strong></span> 
     </span>
    </p>
   </div>
   <div class='ocr_carea' id='block_1_66' title="bbox 1980 3435 3659 3509">
    <p class='ocr_par' dir='ltr' id='par_1_66' title="bbox 1980 3435 3659 3509">
     <span class='ocr_line' id='line_1_66' title="bbox 1980 3435 3659 3509; baseline 0.005 -19"><span class='ocrx_word' id='word_1_478' title='bbox 1980 3435 2222 3505; x_wconf 82' lang='lat' dir='ltr'><strong>signum,</strong></span> <span class='ocrx_word' id='word_1_479' title='bbox 2252 3435 2538 3505; x_wconf 87' lang='lat' dir='ltr'><strong>perspicue</strong></span> <span class='ocrx_word' id='word_1_480' title='bbox 2581 3437 2635 3491; x_wconf 94' lang='lat' dir='ltr'><strong>in</strong></span> <span class='ocrx_word' id='word_1_481' title='bbox 2694 3435 3016 3494; x_wconf 84' lang='lat' dir='ltr'><strong>Mohamede</strong></span> <span class='ocrx_word' id='word_1_482' title='bbox 3060 3440 3381 3509; x_wconf 91' lang='lat' dir='ltr'><strong>conspicere</strong></span> <span class='ocrx_word' id='word_1_483' title='bbox 3419 3442 3565 3497; x_wconf 90' lang='lat' dir='ltr'><strong>licet.</strong></span> <span class='ocrx_word' id='word_1_484' title='bbox 3654 3441 3659 3445; x_wconf 79' lang='grc'><em>’</em></span> 
     </span>
    </p>
   </div>
   <div class='ocr_carea' id='block_1_67' title="bbox 286 3526 2331 3602">
    <p class='ocr_par' dir='ltr' id='par_1_67' title="bbox 286 3526 2331 3602">
     <span class='ocr_line' id='line_1_67' title="bbox 286 3526 2331 3602; baseline 0.001 -24"><span class='ocrx_word' id='word_1_485' title='bbox 286 3528 412 3598; x_wconf 87' lang='grc' dir='ltr'><strong>ρείν</strong></span> <span class='ocrx_word' id='word_1_486' title='bbox 437 3527 543 3597; x_wconf 81' lang='grc' dir='ltr'>(Ι)’</span> <span class='ocrx_word' id='word_1_487' title='bbox 584 3546 603 3579; x_wconf 82' lang='grc' dir='ltr'><strong>ι</strong></span> <span class='ocrx_word' id='word_1_488' title='bbox 638 3527 755 3581; x_wconf 80' lang='grc' dir='ltr'>Κᾶν</span> <span class='ocrx_word' id='word_1_489' title='bbox 785 3528 964 3600; x_wconf 81' lang='grc' dir='ltr'>ἀηδῶς</span> <span class='ocrx_word' id='word_1_490' title='bbox 994 3528 1192 3599; x_wconf 79' lang='grc' dir='ltr'>ἔχωσιν</span> <span class='ocrx_word' id='word_1_491' title='bbox 1224 3529 1274 3581; x_wconf 79' lang='grc' dir='ltr'>οἱ</span> <span class='ocrx_word' id='word_1_492' title='bbox 1314 3529 1703 3602; x_wconf 82' lang='grc' dir='ltr'>ἀρνησάμενοι,</span> <span class='ocrx_word' id='word_1_493' title='bbox 1739 3530 1873 3596; x_wconf 88' lang='grc' dir='ltr'>Θεός</span> <span class='ocrx_word' id='word_1_494' title='bbox 1980 3526 2071 3582; x_wconf 78' lang='lat' dir='ltr'><strong>Ait</strong></span> <span class='ocrx_word' id='word_1_495' title='bbox 2118 3527 2265 3582; x_wconf 89' lang='lat' dir='ltr'><strong>enim</strong></span> <span class='ocrx_word' id='word_1_496' title='bbox 2317 3544 2331 3580; x_wconf 91' lang='lat'><strong>:</strong></span> 
     </span>
    </p>
   </div>
   <div class='ocr_carea' id='block_1_68' title="bbox 2384 3528 3568 3603">
    <p class='ocr_par' dir='ltr' id='par_1_68' title="bbox 2384 3528 3568 3603">
     <span class='ocr_line' id='line_1_68' title="bbox 2384 3528 3568 3603; baseline 0.008 -24"><span class='ocrx_word' id='word_1_497' title='bbox 2384 3544 2404 3579; x_wconf 81' lang='grc' dir='ltr'><strong>ι</strong></span> <span class='ocrx_word' id='word_1_498' title='bbox 2449 3528 2678 3584; x_wconf 88' lang='lat' dir='ltr'><strong>Etiamsi</strong></span> <span class='ocrx_word' id='word_1_499' title='bbox 2732 3528 2964 3584; x_wconf 86' lang='lat' dir='ltr'><strong>moleste</strong></span> <span class='ocrx_word' id='word_1_500' title='bbox 3041 3529 3221 3586; x_wconf 87' lang='lat' dir='ltr'><strong>ferant</strong></span> <span class='ocrx_word' id='word_1_501' title='bbox 3280 3542 3568 3603; x_wconf 83' lang='lat' dir='ltr'><strong>negantes,</strong></span> 
     </span>
    </p>
   </div>
   <div class='ocr_carea' id='block_1_69' title="bbox 284 3619 1884 3704">
    <p class='ocr_par' dir='ltr' id='par_1_69' title="bbox 284 3619 1872 3701">
     <span class='ocr_line' id='line_1_69' title="bbox 284 3619 1872 3701; baseline 0.004 -29"><span class='ocrx_word' id='word_1_502' title='bbox 284 3620 440 3673; x_wconf 70' lang='grc' dir='ltr'>ἐστιν</span> <span class='ocrx_word' id='word_1_503' title='bbox 469 3621 497 3673; x_wconf 91' lang='lat'><strong>6</strong></span> <span class='ocrx_word' id='word_1_504' title='bbox 527 3619 751 3690; x_wconf 76' lang='grc' dir='ltr'>πέμψας</span> <span class='ocrx_word' id='word_1_505' title='bbox 806 3622 899 3674; x_wconf 79' lang='grc' dir='ltr'>τὸν</span> <span class='ocrx_word' id='word_1_506' title='bbox 953 3621 1249 3676; x_wconf 87' lang='grc' dir='ltr'>άπόσοτλον</span> <span class='ocrx_word' id='word_1_507' title='bbox 1280 3621 1470 3689; x_wconf 77' lang='grc' dir='ltr'>αὐτοῦ,</span> <span class='ocrx_word' id='word_1_508' title='bbox 1503 3623 1581 3686; x_wconf 81' lang='grc' dir='ltr'>εἰς</span> <span class='ocrx_word' id='word_1_509' title='bbox 1614 3624 1872 3701; x_wconf 69' lang='grc' dir='ltr'>ὁδῄγησιν</span> 
     </span>
    </p>
   </div>
   <div class='ocr_carea' id='block_1_70' title="bbox 1986 3619 3561 3704">
    <p class='ocr_par' dir='ltr' id='par_1_70' title="bbox 1986 3619 3561 3704">
     <span class='ocr_line' id='line_1_70' title="bbox 1986 3619 3561 3704; baseline 0.005 -31"><span class='ocrx_word' id='word_1_510' title='bbox 1986 3619 2126 3676; x_wconf 91' lang='lat' dir='ltr'><strong>Deus</strong></span> <span class='ocrx_word' id='word_1_511' title='bbox 2145 3628 2231 3704; x_wconf 79' lang='lat' dir='ltr'><strong>est</strong></span> <span class='ocrx_word' id='word_1_512' title='bbox 2262 3619 2356 3690; x_wconf 86' lang='lat' dir='ltr'><strong>qui</strong></span> <span class='ocrx_word' id='word_1_513' title='bbox 2415 3620 2566 3678; x_wconf 87' lang='lat' dir='ltr'><strong>misit</strong></span> <span class='ocrx_word' id='word_1_514' title='bbox 2612 3620 2847 3691; x_wconf 79' lang='lat' dir='ltr'><strong>legatum</strong></span> <span class='ocrx_word' id='word_1_515' title='bbox 2881 3637 3068 3688; x_wconf 89' lang='lat' dir='ltr'><strong>suum,</strong></span> <span class='ocrx_word' id='word_1_516' title='bbox 3103 3624 3174 3679; x_wconf 91' lang='lat' dir='ltr'><strong>ob</strong></span> <span class='ocrx_word' id='word_1_517' title='bbox 3199 3624 3561 3681; x_wconf 86' lang='lat' dir='ltr'><strong>directionem</strong></span> 
     </span>
    </p>
   </div>
   <div class='ocr_carea' id='block_1_71' title="bbox 286 3712 1874 3784">
    <p class='ocr_par' dir='ltr' id='par_1_71' title="bbox 286 3712 1874 3784">
     <span class='ocr_line' id='line_1_71' title="bbox 286 3712 1874 3784; baseline 0.003 -19"><span class='ocrx_word' id='word_1_518' title='bbox 286 3713 389 3765; x_wconf 77' lang='grc' dir='ltr'><strong>κα)⁸</strong></span> <span class='ocrx_word' id='word_1_519' title='bbox 416 3714 495 3777; x_wconf 82' lang='grc' dir='ltr'><strong>είς</strong></span> <span class='ocrx_word' id='word_1_520' title='bbox 527 3712 709 3767; x_wconf 84' lang='grc' dir='ltr'>πίστιν</span> <span class='ocrx_word' id='word_1_521' title='bbox 738 3712 1021 3784; x_wconf 81' lang='grc' dir='ltr'>ἀληθινὴν,</span> <span class='ocrx_word' id='word_1_522' title='bbox 1054 3712 1147 3768; x_wconf 83' lang='grc' dir='ltr'>τοῦ</span> <span class='ocrx_word' id='word_1_523' title='bbox 1187 3714 1470 3778; x_wconf 77' lang='grc' dir='ltr'>δεσπόζειν</span> <span class='ocrx_word' id='word_1_524' title='bbox 1497 3714 1659 3771; x_wconf 83' lang='grc' dir='ltr'>αὑτὸν</span> <span class='ocrx_word' id='word_1_525' title='bbox 1687 3716 1874 3770; x_wconf 80' lang='grc' dir='ltr'>ἐπάνω</span> 
     </span>
    </p>
   </div>
   <div class='ocr_carea' id='block_1_72' title="bbox 284 3806 1874 3878">
    <p class='ocr_par' dir='ltr' id='par_1_72' title="bbox 284 3806 1874 3878">
     <span class='ocr_line' id='line_1_72' title="bbox 284 3806 1874 3878; baseline 0.003 -20"><span class='ocrx_word' id='word_1_526' title='bbox 284 3806 475 3877; x_wconf 75' lang='grc' dir='ltr'>πάσης</span> <span class='ocrx_word' id='word_1_527' title='bbox 505 3806 764 3870; x_wconf 83' lang='grc' dir='ltr'>πίστεως.</span> <span class='ocrx_word' id='word_1_528' title='bbox 806 3824 825 3857; x_wconf 81' lang='grc' dir='ltr'><strong>ι</strong></span> <span class='ocrx_word' id='word_1_529' title='bbox 871 3806 1042 3861; x_wconf 80' lang='grc' dir='ltr'>Τοῦτο</span> <span class='ocrx_word' id='word_1_530' title='bbox 1067 3806 1263 3863; x_wconf 86' lang='grc' dir='ltr'>ταυτόν</span> <span class='ocrx_word' id='word_1_531' title='bbox 1304 3808 1421 3861; x_wconf 77' lang='grc' dir='ltr'>ἐστι</span> <span class='ocrx_word' id='word_1_532' title='bbox 1451 3806 1561 3878; x_wconf 87' lang='grc' dir='ltr'><strong>τῷ,</strong></span> <span class='ocrx_word' id='word_1_533' title='bbox 1604 3809 1874 3863; x_wconf 80' lang='grc' dir='ltr'>Ἀντικεί-</span> 
     </span>
    </p>
   </div>
   <div class='ocr_carea' id='block_1_73' title="bbox 279 3898 1877 3972">
    <p class='ocr_par' dir='ltr' id='par_1_73' title="bbox 279 3898 1877 3972">
     <span class='ocr_line' id='line_1_73' title="bbox 279 3898 1877 3972; baseline 0.003 -21"><span class='ocrx_word' id='word_1_534' title='bbox 279 3915 472 3969; x_wconf 82' lang='grc' dir='ltr'>μενος</span> <span class='ocrx_word' id='word_1_535' title='bbox 502 3898 598 3952; x_wconf 69' lang='grc' dir='ltr'><strong>καί</strong></span> <span class='ocrx_word' id='word_1_536' title='bbox 654 3900 1121 3969; x_wconf 77' lang='grc' dir='ltr'>ὑπεραιρόμενος</span> <span class='ocrx_word' id='word_1_537' title='bbox 1152 3900 1251 3955; x_wconf 76' lang='grc' dir='ltr'><strong>ἐπὶ</strong></span> <span class='ocrx_word' id='word_1_538' title='bbox 1307 3901 1505 3956; x_wconf 82' lang='grc' dir='ltr'>πάντα</span> <span class='ocrx_word' id='word_1_539' title='bbox 1548 3904 1877 3972; x_wconf 75' lang='grc' dir='ltr'>λεγόμενον</span> 
     </span>
    </p>
   </div>
   <div class='ocr_carea' id='block_1_74' title="bbox 289 3990 1877 4061">
    <p class='ocr_par' dir='ltr' id='par_1_74' title="bbox 289 3990 1877 4061">
     <span class='ocr_line' id='line_1_74' title="bbox 289 3990 1877 4061; baseline 0.003 -18"><span class='ocrx_word' id='word_1_540' title='bbox 289 3991 445 4044; x_wconf 77' lang='grc' dir='ltr'><strong>Θεὸν</strong></span> <span class='ocrx_word' id='word_1_541' title='bbox 464 3991 502 4060; x_wconf 79' lang='grc' dir='ltr'><strong>ἢ</strong></span> <span class='ocrx_word' id='word_1_542' title='bbox 530 3990 830 4061; x_wconf 83' lang='grc' dir='ltr'>σέϐασμα·</span> <span class='ocrx_word' id='word_1_543' title='bbox 859 3991 1047 4055; x_wconf 83' lang='grc' dir='ltr'>ἁπλῶς</span> <span class='ocrx_word' id='word_1_544' title='bbox 1075 3991 1170 4047; x_wconf 77' lang='grc' dir='ltr'>τοῦ</span> <span class='ocrx_word' id='word_1_545' title='bbox 1199 3992 1479 4056; x_wconf 75' lang='grc' dir='ltr'>δεσπόζειν</span> <span class='ocrx_word' id='word_1_546' title='bbox 1498 3994 1659 4048; x_wconf 77' lang='grc' dir='ltr'>αὑτὸν</span> <span class='ocrx_word' id='word_1_547' title='bbox 1691 3995 1877 4048; x_wconf 79' lang='grc' dir='ltr'>ἐπάνω</span> 
     </span>
    </p>
   </div>
   <div class='ocr_carea' id='block_1_75' title="bbox 288 4083 1875 4156">
    <p class='ocr_par' dir='ltr' id='par_1_75' title="bbox 288 4083 1875 4156">
     <span class='ocr_line' id='line_1_75' title="bbox 288 4083 1875 4156; baseline 0.001 -20"><span class='ocrx_word' id='word_1_548' title='bbox 288 4083 478 4153; x_wconf 77' lang='grc' dir='ltr'>πάσης</span> <span class='ocrx_word' id='word_1_549' title='bbox 509 4085 767 4147; x_wconf 71' lang='grc' dir='ltr'>πίστεως*</span> <span class='ocrx_word' id='word_1_550' title='bbox 800 4083 1103 4153; x_wconf 73' lang='grc' dir='ltr'>ὲφαυλίσθη</span> <span class='ocrx_word' id='word_1_551' title='bbox 1124 4083 1231 4156; x_wconf 79' lang='grc' dir='ltr'>ἄρα</span> <span class='ocrx_word' id='word_1_552' title='bbox 1263 4085 1392 4155; x_wconf 88' lang='grc' dir='ltr'>παρ’</span> <span class='ocrx_word' id='word_1_553' title='bbox 1420 4084 1568 4154; x_wconf 83' lang='grc' dir='ltr'>αὐτῷ</span> <span class='ocrx_word' id='word_1_554' title='bbox 1601 4086 1694 4139; x_wconf 76' lang='grc' dir='ltr'>καὶ</span> <span class='ocrx_word' id='word_1_555' title='bbox 1723 4088 1756 4155; x_wconf 91' lang='grc' dir='ltr'><strong>ή</strong></span> <span class='ocrx_word' id='word_1_556' title='bbox 1782 4083 1875 4138; x_wconf 77' lang='grc' dir='ltr'><strong>τοῦ</strong></span> 
     </span>
    </p>
   </div>
   <div class='ocr_carea' id='block_1_76' title="bbox 302 4174 1872 4247">
    <p class='ocr_par' dir='ltr' id='par_1_76' title="bbox 302 4174 1872 4247">
     <span class='ocr_line' id='line_1_76' title="bbox 302 4174 1872 4247; baseline -0.001 -19"><span class='ocrx_word' id='word_1_557' title='bbox 302 4174 561 4247; x_wconf 76' lang='grc' dir='ltr'>Ἀϐραὰμ</span> <span class='ocrx_word' id='word_1_558' title='bbox 613 4176 815 4242; x_wconf 87' lang='grc' dir='ltr'>πίστις,</span> <span class='ocrx_word' id='word_1_559' title='bbox 871 4175 995 4229; x_wconf 80' lang='grc' dir='ltr'>καθ’</span> <span class='ocrx_word' id='word_1_560' title='bbox 1023 4176 1091 4247; x_wconf 74' lang='grc' dir='ltr'>ἣν</span> <span class='ocrx_word' id='word_1_561' title='bbox 1121 4174 1285 4241; x_wconf 83' lang='grc' dir='ltr'>αὐτὸς</span> <span class='ocrx_word' id='word_1_562' title='bbox 1312 4176 1589 4230; x_wconf 83' lang='grc' dir='ltr'>πιστεύειν</span> <span class='ocrx_word' id='word_1_563' title='bbox 1620 4175 1836 4245; x_wconf 77' lang='grc' dir='ltr'>ἐνόμιζε</span> <span class='ocrx_word' id='word_1_564' title='bbox 1858 4192 1872 4206; x_wconf 92' lang='grc'><strong>·</strong></span> 
     </span>
    </p>
   </div>
   <div class='ocr_carea' id='block_1_77' title="bbox 288 4267 1880 4341">
    <p class='ocr_par' dir='ltr' id='par_1_77' title="bbox 288 4267 1880 4341">
     <span class='ocr_line' id='line_1_77' title="bbox 288 4267 1880 4341; baseline -0.003 -17"><span class='ocrx_word' id='word_1_565' title='bbox 288 4270 389 4324; x_wconf 76' lang='grc' dir='ltr'>καὶ</span> <span class='ocrx_word' id='word_1_566' title='bbox 417 4271 515 4341; x_wconf 76' lang='grc' dir='ltr'><strong>οὐχ</strong></span> <span class='ocrx_word' id='word_1_567' title='bbox 542 4272 570 4323; x_wconf 88' lang='lat'><strong>6</strong></span> <span class='ocrx_word' id='word_1_568' title='bbox 617 4270 781 4340; x_wconf 87' lang='grc' dir='ltr'>νόμος</span> <span class='ocrx_word' id='word_1_569' title='bbox 834 4270 992 4340; x_wconf 81' lang='grc' dir='ltr'>μόνον</span> <span class='ocrx_word' id='word_1_570' title='bbox 1025 4268 1147 4323; x_wconf 79' lang='grc' dir='ltr'>οὐδὲ</span> <span class='ocrx_word' id='word_1_571' title='bbox 1184 4267 1245 4323; x_wconf 80' lang='grc' dir='ltr'>τὸ</span> <span class='ocrx_word' id='word_1_572' title='bbox 1296 4267 1625 4336; x_wconf 78' lang='grc' dir='ltr'>Εὑαγγέλιον</span> <span class='ocrx_word' id='word_1_573' title='bbox 1645 4281 1660 4298; x_wconf 86' lang='lat'><strong><em>°</em></strong></span> <span class='ocrx_word' id='word_1_574' title='bbox 1694 4267 1880 4321; x_wconf 77' lang='grc' dir='ltr'>ἐπάνω</span> 
     </span>
    </p>
   </div>
   <div class='ocr_carea' id='block_1_78' title="bbox 289 4359 1879 4435">
    <p class='ocr_par' dir='ltr' id='par_1_78' title="bbox 289 4359 1879 4435">
     <span class='ocr_line' id='line_1_78' title="bbox 289 4359 1879 4435; baseline -0.003 -19"><span class='ocrx_word' id='word_1_575' title='bbox 289 4363 404 4435; x_wconf 75' lang='grc' dir='ltr'><strong>γάρ</strong></span> <span class='ocrx_word' id='word_1_576' title='bbox 438 4365 619 4435; x_wconf 86' lang='grc' dir='ltr'>πάσης</span> <span class='ocrx_word' id='word_1_577' title='bbox 652 4363 887 4428; x_wconf 84' lang='grc' dir='ltr'>πίστεώς</span> <span class='ocrx_word' id='word_1_578' title='bbox 912 4369 1096 4432; x_wconf 84' lang='grc' dir='ltr'>φησιν·</span> <span class='ocrx_word' id='word_1_579' title='bbox 1119 4361 1180 4417; x_wconf 78' lang='grc' dir='ltr'>τὸ</span> <span class='ocrx_word' id='word_1_580' title='bbox 1195 4361 1612 4427; x_wconf 77' lang='grc' dir='ltr'><strong>δὲ,ἁληοινὴν,</strong></span> <span class='ocrx_word' id='word_1_581' title='bbox 1642 4359 1879 4430; x_wconf 79' lang='grc' dir='ltr'>εἴρηται,</span> 
     </span>
    </p>
   </div>
   <div class='ocr_carea' id='block_1_79' title="bbox 290 4450 1879 4527">
    <p class='ocr_par' dir='ltr' id='par_1_79' title="bbox 290 4450 1879 4527">
     <span class='ocr_line' id='line_1_79' title="bbox 290 4450 1879 4527; baseline -0.005 -16"><span class='ocrx_word' id='word_1_582' title='bbox 290 4459 369 4520; x_wconf 84' lang='grc' dir='ltr'>ὡς</span> <span class='ocrx_word' id='word_1_583' title='bbox 392 4457 531 4527; x_wconf 76' lang='grc' dir='ltr'>πρὸς</span> <span class='ocrx_word' id='word_1_584' title='bbox 558 4456 659 4520; x_wconf 83' lang='grc' dir='ltr'><strong>τὰς</strong></span> <span class='ocrx_word' id='word_1_585' title='bbox 690 4456 878 4519; x_wconf 85' lang='grc' dir='ltr'>λοιπάς</span> <span class='ocrx_word' id='word_1_586' title='bbox 898 4472 913 4488; x_wconf 79' lang='grc' dir='ltr'><strong><em>ο</em></strong></span> <span class='ocrx_word' id='word_1_587' title='bbox 944 4455 1043 4508; x_wconf 79' lang='grc' dir='ltr'>οὐκ</span> <span class='ocrx_word' id='word_1_588' title='bbox 1075 4453 1220 4507; x_wconf 87' lang='grc' dir='ltr'>ὀκνῶ</span> <span class='ocrx_word' id='word_1_589' title='bbox 1257 4452 1351 4506; x_wconf 77' lang='grc' dir='ltr'><strong>τοῦ</strong></span> <span class='ocrx_word' id='word_1_590' title='bbox 1393 4451 1582 4507; x_wconf 82' lang='grc' dir='ltr'>λοιποῦ</span> <span class='ocrx_word' id='word_1_591' title='bbox 1617 4453 1749 4522; x_wconf 74' lang='grc' dir='ltr'>περ).</span> <span class='ocrx_word' id='word_1_592' title='bbox 1778 4450 1879 4503; x_wconf 85' lang='grc' dir='ltr'><strong>αὺ-</strong></span> 
     </span>
    </p>
   </div>
   <div class='ocr_carea' id='block_1_80' title="bbox 1984 3712 3563 3783">
    <p class='ocr_par' dir='ltr' id='par_1_80' title="bbox 1984 3712 3563 3783">
     <span class='ocr_line' id='line_1_80' title="bbox 1984 3712 3563 3783; baseline 0.005 -19"><span class='ocrx_word' id='word_1_593' title='bbox 1984 3728 2280 3783; x_wconf 82' lang='lat' dir='ltr'><strong>veramque</strong></span> <span class='ocrx_word' id='word_1_594' title='bbox 2310 3712 2682 3783; x_wconf 85' lang='lat' dir='ltr'><strong>tidem,atque</strong></span> <span class='ocrx_word' id='word_1_595' title='bbox 2710 3722 2770 3769; x_wconf 92' lang='lat' dir='ltr'><strong>ut</strong></span> <span class='ocrx_word' id='word_1_596' title='bbox 2792 3715 3107 3771; x_wconf 88' lang='lat' dir='ltr'><strong>dominetur</strong></span> <span class='ocrx_word' id='word_1_597' title='bbox 3124 3718 3345 3773; x_wconf 89' lang='lat' dir='ltr'><strong>cuilibet</strong></span> <span class='ocrx_word' id='word_1_598' title='bbox 3364 3718 3509 3774; x_wconf 91' lang='lat' dir='ltr'><strong>ﬁdei.</strong></span> <span class='ocrx_word' id='word_1_599' title='bbox 3543 3740 3563 3772; x_wconf 76' lang='grc' dir='ltr'><strong>ι</strong></span> 
     </span>
    </p>
   </div>
   <div class='ocr_carea' id='block_1_81' title="bbox 1983 3804 3570 3877">
    <p class='ocr_par' dir='ltr' id='par_1_81' title="bbox 1983 3804 3570 3877">
     <span class='ocr_line' id='line_1_81' title="bbox 1983 3804 3570 3877; baseline 0.001 -16"><span class='ocrx_word' id='word_1_600' title='bbox 1983 3806 2099 3862; x_wconf 85' lang='lat' dir='ltr'><strong>Hoc</strong></span> <span class='ocrx_word' id='word_1_601' title='bbox 2154 3804 2384 3877; x_wconf 91' lang='lat' dir='ltr'><strong>perinde</strong></span> <span class='ocrx_word' id='word_1_602' title='bbox 2437 3814 2523 3861; x_wconf 90' lang='lat' dir='ltr'><strong>est</strong></span> <span class='ocrx_word' id='word_1_603' title='bbox 2556 3817 2723 3877; x_wconf 90' lang='lat' dir='ltr'><strong>atque</strong></span> <span class='ocrx_word' id='word_1_604' title='bbox 2775 3807 2903 3862; x_wconf 90' lang='lat' dir='ltr'><strong>illud</strong></span> <span class='ocrx_word' id='word_1_605' title='bbox 2945 3826 2959 3862; x_wconf 91' lang='lat'>:</span> <span class='ocrx_word' id='word_1_606' title='bbox 3001 3807 3105 3873; x_wconf 85' lang='lat' dir='ltr'><strong>Qui</strong></span> <span class='ocrx_word' id='word_1_607' title='bbox 3160 3810 3473 3864; x_wconf 80' lang='lat' dir='ltr'><strong>adversatur</strong></span> <span class='ocrx_word' id='word_1_608' title='bbox 3519 3820 3570 3865; x_wconf 84' lang='lat' dir='ltr'><strong>et</strong></span> 
     </span>
    </p>
   </div>
   <div class='ocr_carea' id='block_1_82' title="bbox 1985 3897 3570 3970">
    <p class='ocr_par' dir='ltr' id='par_1_82' title="bbox 1985 3897 3570 3970">
     <span class='ocr_line' id='line_1_82' title="bbox 1985 3897 3570 3970; baseline 0.001 -19"><span class='ocrx_word' id='word_1_609' title='bbox 1985 3897 2265 3951; x_wconf 73' lang='lat' dir='ltr'><strong>extollitur</strong></span> <span class='ocrx_word' id='word_1_610' title='bbox 2298 3912 2463 3966; x_wconf 86' lang='lat' dir='ltr'><strong>supra</strong></span> <span class='ocrx_word' id='word_1_611' title='bbox 2520 3914 2672 3951; x_wconf 87' lang='lat' dir='ltr'><strong>omne</strong></span> <span class='ocrx_word' id='word_1_612' title='bbox 2698 3900 2837 3967; x_wconf 87' lang='lat' dir='ltr'><strong>quod</strong></span> <span class='ocrx_word' id='word_1_613' title='bbox 2865 3898 3065 3952; x_wconf 82' lang='lat' dir='ltr'><strong>dicitur</strong></span> <span class='ocrx_word' id='word_1_614' title='bbox 3096 3899 3260 3965; x_wconf 86' lang='lat' dir='ltr'><strong>Deus,</strong></span> <span class='ocrx_word' id='word_1_615' title='bbox 3292 3910 3385 3954; x_wconf 87' lang='lat' dir='ltr'><strong>aut</strong></span> <span class='ocrx_word' id='word_1_616' title='bbox 3430 3901 3570 3970; x_wconf 83' lang='lat' dir='ltr'><strong>quod</strong></span> 
     </span>
    </p>
   </div>
   <div class='ocr_carea' id='block_1_83' title="bbox 1985 3990 3574 4060">
    <p class='ocr_par' dir='ltr' id='par_1_83' title="bbox 1985 3990 3574 4060">
     <span class='ocr_line' id='line_1_83' title="bbox 1985 3990 3574 4060; baseline -0.001 -14"><span class='ocrx_word' id='word_1_617' title='bbox 1985 3992 2179 4046; x_wconf 80' lang='lat' dir='ltr'><strong>colitur</strong></span> <span class='ocrx_word' id='word_1_618' title='bbox 2211 3990 2275 4057; x_wconf 72' lang='grc'><strong>⁸⁸,</strong></span> <span class='ocrx_word' id='word_1_619' title='bbox 2334 3991 2386 4046; x_wconf 91' lang='lat' dir='ltr'><strong>id</strong></span> <span class='ocrx_word' id='word_1_620' title='bbox 2421 3999 2525 4057; x_wconf 88' lang='lat' dir='ltr'><strong>est,</strong></span> <span class='ocrx_word' id='word_1_621' title='bbox 2577 3991 2724 4060; x_wconf 90' lang='lat' dir='ltr'><strong>quod</strong></span> <span class='ocrx_word' id='word_1_622' title='bbox 2766 4005 2994 4059; x_wconf 85' lang='lat' dir='ltr'><strong>prorsus</strong></span> <span class='ocrx_word' id='word_1_623' title='bbox 3044 3990 3270 4045; x_wconf 86' lang='lat' dir='ltr'><strong>cuilibet</strong></span> <span class='ocrx_word' id='word_1_624' title='bbox 3303 3991 3427 4045; x_wconf 86' lang='lat' dir='ltr'><strong>ﬁdei</strong></span> <span class='ocrx_word' id='word_1_625' title='bbox 3472 3992 3574 4045; x_wconf 91' lang='lat' dir='ltr'><strong>do-</strong></span> 
     </span>
    </p>
   </div>
   <div class='ocr_carea' id='block_1_84' title="bbox 1987 4082 3569 4154">
    <p class='ocr_par' dir='ltr' id='par_1_84' title="bbox 1987 4082 3569 4154">
     <span class='ocr_line' id='line_1_84' title="bbox 1987 4082 3569 4154; baseline -0.001 -15"><span class='ocrx_word' id='word_1_626' title='bbox 1987 4086 2250 4139; x_wconf 88' lang='lat' dir='ltr'><strong>minatur.</strong></span> <span class='ocrx_word' id='word_1_627' title='bbox 2313 4083 2457 4154; x_wconf 81' lang='lat' dir='ltr'><strong>Ergo</strong></span> <span class='ocrx_word' id='word_1_628' title='bbox 2514 4082 2658 4152; x_wconf 90' lang='lat' dir='ltr'><strong>apud</strong></span> <span class='ocrx_word' id='word_1_629' title='bbox 2715 4083 2862 4136; x_wconf 85' lang='lat' dir='ltr'><strong>hunc</strong></span> <span class='ocrx_word' id='word_1_630' title='bbox 2910 4082 3215 4151; x_wconf 87' lang='lat' dir='ltr'><strong>despicatui</strong></span> <span class='ocrx_word' id='word_1_631' title='bbox 3270 4091 3354 4137; x_wconf 88' lang='lat' dir='ltr'><strong>est</strong></span> <span class='ocrx_word' id='word_1_632' title='bbox 3402 4083 3569 4137; x_wconf 84' lang='lat' dir='ltr'><strong>etiam</strong></span> 
     </span>
    </p>
   </div>
   <div class='ocr_carea' id='block_1_85' title="bbox 1988 4163 3571 4245">
    <p class='ocr_par' dir='ltr' id='par_1_85' title="bbox 1988 4163 3571 4245">
     <span class='ocr_line' id='line_1_85' title="bbox 1988 4163 3571 4245; baseline -0.002 -13"><span class='ocrx_word' id='word_1_633' title='bbox 1988 4177 2124 4232; x_wconf 88' lang='lat' dir='ltr'><strong>ﬁdes</strong></span> <span class='ocrx_word' id='word_1_634' title='bbox 2152 4175 2477 4241; x_wconf 81' lang='lat' dir='ltr'><strong>Abrahami,</strong></span> <span class='ocrx_word' id='word_1_635' title='bbox 2506 4175 2573 4229; x_wconf 89' lang='lat' dir='ltr'><strong>ad</strong></span> <span class='ocrx_word' id='word_1_636' title='bbox 2600 4174 2759 4244; x_wconf 89' lang='lat' dir='ltr'><strong>cujus</strong></span> <span class='ocrx_word' id='word_1_637' title='bbox 2789 4189 3040 4228; x_wconf 86' lang='lat' dir='ltr'><strong>normam</strong></span> <span class='ocrx_word' id='word_1_638' title='bbox 3083 4189 3141 4229; x_wconf 87' lang='lat' dir='ltr'><strong>se</strong></span> <span class='ocrx_word' id='word_1_639' title='bbox 3187 4189 3407 4245; x_wconf 88' lang='lat' dir='ltr'><strong>quoque</strong></span> <span class='ocrx_word' id='word_1_640' title='bbox 3448 4163 3571 4231; x_wconf 82' lang='lat' dir='ltr'><strong>cre-</strong></span> 
     </span>
    </p>
   </div>
   <div class='ocr_carea' id='block_1_86' title="bbox 1988 4264 3570 4333">
    <p class='ocr_par' dir='ltr' id='par_1_86' title="bbox 1988 4264 3570 4333">
     <span class='ocr_line' id='line_1_86' title="bbox 1988 4264 3570 4333; baseline -0.002 -11"><span class='ocrx_word' id='word_1_641' title='bbox 1988 4267 2119 4323; x_wconf 86' lang='lat' dir='ltr'><strong>dere</strong></span> <span class='ocrx_word' id='word_1_642' title='bbox 2150 4267 2536 4322; x_wconf 81' lang='lat' dir='ltr'><strong>existimabat:</strong></span> <span class='ocrx_word' id='word_1_643' title='bbox 2575 4272 2741 4333; x_wconf 86' lang='lat' dir='ltr'><strong>atque</strong></span> <span class='ocrx_word' id='word_1_644' title='bbox 2788 4264 3039 4319; x_wconf 77' lang='lat' dir='ltr'><strong>exsuﬂlat</strong></span> <span class='ocrx_word' id='word_1_645' title='bbox 3099 4280 3208 4320; x_wconf 85' lang='lat' dir='ltr'><strong>non</strong></span> <span class='ocrx_word' id='word_1_646' title='bbox 3243 4266 3417 4333; x_wconf 82' lang='lat' dir='ltr'><strong>legem</strong></span> <span class='ocrx_word' id='word_1_647' title='bbox 3447 4273 3570 4320; x_wconf 82' lang='lat' dir='ltr'><strong>tan-</strong></span> 
     </span>
    </p>
   </div>
   <div class='ocr_carea' id='block_1_87' title="bbox 1992 4358 3571 4430">
    <p class='ocr_par' dir='ltr' id='par_1_87' title="bbox 1992 4358 3571 4430">
     <span class='ocr_line' id='line_1_87' title="bbox 1992 4358 3571 4430; baseline -0.004 -12"><span class='ocrx_word' id='word_1_648' title='bbox 1992 4363 2278 4418; x_wconf 84' lang='lat' dir='ltr'><strong>tummodo</strong></span> <span class='ocrx_word' id='word_1_649' title='bbox 2331 4369 2385 4416; x_wconf 89' lang='lat' dir='ltr'><strong>et</strong></span> <span class='ocrx_word' id='word_1_650' title='bbox 2445 4359 2841 4430; x_wconf 86' lang='lat' dir='ltr'><strong>Evangelium;</strong></span> <span class='ocrx_word' id='word_1_651' title='bbox 2890 4373 2949 4413; x_wconf 86' lang='lat' dir='ltr'><strong>se</strong></span> <span class='ocrx_word' id='word_1_652' title='bbox 2971 4360 3119 4412; x_wconf 84' lang='lat' dir='ltr'><strong>enim</strong></span> <span class='ocrx_word' id='word_1_653' title='bbox 3173 4358 3399 4413; x_wconf 85' lang='lat' dir='ltr'><strong>cuilibet</strong></span> <span class='ocrx_word' id='word_1_654' title='bbox 3447 4358 3571 4413; x_wconf 84' lang='lat' dir='ltr'><strong>ﬁdei</strong></span> 
     </span>
    </p>
   </div>
   <div class='ocr_carea' id='block_1_88' title="bbox 1992 4448 3571 4523">
    <p class='ocr_par' dir='ltr' id='par_1_88' title="bbox 1992 4448 3571 4523">
     <span class='ocr_line' id='line_1_88' title="bbox 1992 4448 3571 4523; baseline -0.003 -13"><span class='ocrx_word' id='word_1_655' title='bbox 1992 4452 2335 4523; x_wconf 83' lang='lat' dir='ltr'><strong>superiorem</strong></span> <span class='ocrx_word' id='word_1_656' title='bbox 2361 4451 2531 4518; x_wconf 92' lang='lat' dir='ltr'><strong>dicit;</strong></span> <span class='ocrx_word' id='word_1_657' title='bbox 2575 4466 2842 4521; x_wconf 89' lang='lat' dir='ltr'><strong>suamque</strong></span> <span class='ocrx_word' id='word_1_658' title='bbox 2874 4466 3058 4505; x_wconf 85' lang='lat' dir='ltr'><strong>veram</strong></span> <span class='ocrx_word' id='word_1_659' title='bbox 3088 4448 3320 4504; x_wconf 77' lang='lat' dir='ltr'><strong>afﬁrmat</strong></span> <span class='ocrx_word' id='word_1_660' title='bbox 3344 4450 3571 4520; x_wconf 86' lang='lat' dir='ltr'><strong>reliquis</strong></span> 
     </span>
    </p>
   </div>
   <div class='ocr_carea' id='block_1_89' title="bbox 290 4541 1884 4617">
    <p class='ocr_par' dir='ltr' id='par_1_89' title="bbox 290 4542 1884 4617">
     <span class='ocr_line' id='line_1_89' title="bbox 290 4542 1884 4617; baseline -0.003 -16"><span class='ocrx_word' id='word_1_661' title='bbox 290 4547 389 4601; x_wconf 81' lang='grc' dir='ltr'>τοῦ</span> <span class='ocrx_word' id='word_1_662' title='bbox 421 4546 845 4617; x_wconf 72' lang='grc' dir='ltr'>ἐντεθυμῆσθαι,</span> <span class='ocrx_word' id='word_1_663' title='bbox 900 4547 982 4599; x_wconf 84' lang='grc' dir='ltr'>ὅτι</span> <span class='ocrx_word' id='word_1_664' title='bbox 1014 4548 1107 4598; x_wconf 74' lang='grc' dir='ltr'>καὶ</span> <span class='ocrx_word' id='word_1_665' title='bbox 1134 4544 1289 4608; x_wconf 80' lang='grc' dir='ltr'>οὗτος</span> <span class='ocrx_word' id='word_1_666' title='bbox 1329 4542 1693 4615; x_wconf 83' lang='grc' dir='ltr'>Ἀντίχριστός</span> <span class='ocrx_word' id='word_1_667' title='bbox 1738 4545 1884 4597; x_wconf 81' lang='grc' dir='ltr'>ἐστιν</span> 
     </span>
    </p>
   </div>
   <div class='ocr_carea' id='block_1_90' title="bbox 1986 4541 3572 4617">
    <p class='ocr_par' dir='ltr' id='par_1_90' title="bbox 1994 4541 3572 4615">
     <span class='ocr_line' id='line_1_90' title="bbox 1994 4541 3572 4615; baseline -0.005 -14"><span class='ocrx_word' id='word_1_668' title='bbox 1994 4553 2392 4615; x_wconf 88' lang='lat' dir='ltr'><strong>comparatam.</strong></span> <span class='ocrx_word' id='word_1_669' title='bbox 2428 4541 2660 4613; x_wconf 86' lang='lat' dir='ltr'><strong>Jamque</strong></span> <span class='ocrx_word' id='word_1_670' title='bbox 2681 4557 2782 4613; x_wconf 81' lang='lat' dir='ltr'><strong>ego</strong></span> <span class='ocrx_word' id='word_1_671' title='bbox 2812 4557 2920 4598; x_wconf 93' lang='lat' dir='ltr'><strong>non</strong></span> <span class='ocrx_word' id='word_1_672' title='bbox 2954 4542 3193 4612; x_wconf 83' lang='lat' dir='ltr'><strong>ambigo,</strong></span> <span class='ocrx_word' id='word_1_673' title='bbox 3236 4541 3384 4596; x_wconf 84' lang='lat' dir='ltr'><strong>hunc</strong></span> <span class='ocrx_word' id='word_1_674' title='bbox 3414 4541 3572 4596; x_wconf 88' lang='lat' dir='ltr'><strong>dein-</strong></span> 
     </span>
    </p>
   </div>
   <div class='ocr_carea' id='block_1_91' title="bbox 294 4632 1884 4726">
    <p class='ocr_par' dir='ltr' id='par_1_91' title="bbox 294 4632 1884 4726">
     <span class='ocr_line' id='line_1_91' title="bbox 294 4632 1884 4726; baseline -0.004 -33"><span class='ocrx_word' id='word_1_675' title='bbox 294 4639 514 4710; x_wconf 85' lang='grc' dir='ltr'>άληθῶς</span> <span class='ocrx_word' id='word_1_676' title='bbox 539 4655 554 4671; x_wconf 78' lang='grc' dir='ltr'><strong><em>ο</em></strong></span> <span class='ocrx_word' id='word_1_677' title='bbox 587 4641 707 4710; x_wconf 80' lang='grc' dir='ltr'>μετ’</span> <span class='ocrx_word' id='word_1_678' title='bbox 760 4638 937 4709; x_wconf 85' lang='grc' dir='ltr'>ὀλίγον</span> <span class='ocrx_word' id='word_1_679' title='bbox 969 4637 1013 4690; x_wconf 87' lang='grc' dir='ltr'>δ’</span> <span class='ocrx_word' id='word_1_680' title='bbox 1044 4639 1166 4691; x_wconf 84' lang='grc' dir='ltr'>ὅποι</span> <span class='ocrx_word' id='word_1_681' title='bbox 1198 4636 1427 4707; x_wconf 84' lang='grc' dir='ltr'>φέρεται</span> <span class='ocrx_word' id='word_1_682' title='bbox 1452 4637 1481 4688; x_wconf 89' lang='lat'><strong>6</strong></span> <span class='ocrx_word' id='word_1_683' title='bbox 1514 4634 1735 4704; x_wconf 85' lang='grc' dir='ltr'>σύμπας</span> <span class='ocrx_word' id='word_1_684' title='bbox 1784 4632 1884 4726; x_wconf 69' lang='grc' dir='ltr'>τῆς</span> 
     </span>
    </p>
   </div>
   <div class='ocr_carea' id='block_1_92' title="bbox 1986 4632 3569 4726">
    <p class='ocr_par' dir='ltr' id='par_1_92' title="bbox 1995 4632 3569 4705">
     <span class='ocr_line' id='line_1_92' title="bbox 1995 4632 3569 4705; baseline -0.004 -15"><span class='ocrx_word' id='word_1_685' title='bbox 1995 4650 2123 4705; x_wconf 80' lang='lat' dir='ltr'><strong>ceps</strong></span> <span class='ocrx_word' id='word_1_686' title='bbox 2181 4634 2584 4689; x_wconf 85' lang='lat' dir='ltr'><strong>Antichristum</strong></span> <span class='ocrx_word' id='word_1_687' title='bbox 2609 4632 2886 4702; x_wconf 89' lang='lat' dir='ltr'><strong>judicare,</strong></span> <span class='ocrx_word' id='word_1_688' title='bbox 2915 4632 3226 4702; x_wconf 90' lang='lat' dir='ltr'><strong>cujusmodi</strong></span> <span class='ocrx_word' id='word_1_689' title='bbox 3253 4647 3444 4702; x_wconf 88' lang='lat' dir='ltr'><strong>reapse</strong></span> <span class='ocrx_word' id='word_1_690' title='bbox 3465 4639 3569 4687; x_wconf 93' lang='lat' dir='ltr'><strong>est.</strong></span> 
     </span>
    </p>
   </div>
   <div class='ocr_carea' id='block_1_93' title="bbox 294 4723 1884 4801">
    <p class='ocr_par' dir='ltr' id='par_1_93' title="bbox 294 4723 1884 4801">
     <span class='ocr_line' id='line_1_93' title="bbox 294 4723 1884 4801; baseline -0.004 -16"><span class='ocrx_word' id='word_1_691' title='bbox 294 4730 596 4801; x_wconf 82' lang='grc' dir='ltr'>θεομαχίας</span> <span class='ocrx_word' id='word_1_692' title='bbox 627 4732 849 4795; x_wconf 85' lang='grc' dir='ltr'>σκοπὸς,</span> <span class='ocrx_word' id='word_1_693' title='bbox 897 4729 1121 4800; x_wconf 79' lang='grc' dir='ltr'>ἔκδηλος</span> <span class='ocrx_word' id='word_1_694' title='bbox 1172 4730 1419 4799; x_wconf 81' lang='grc' dir='ltr'>γίνεται·</span> <span class='ocrx_word' id='word_1_695' title='bbox 1473 4729 1501 4781; x_wconf 89' lang='lat'><strong>6</strong></span> <span class='ocrx_word' id='word_1_696' title='bbox 1534 4728 1645 4797; x_wconf 90' lang='grc' dir='ltr'><strong>γάρ</strong></span> <span class='ocrx_word' id='word_1_697' title='bbox 1673 4743 1755 4780; x_wconf 90' lang='grc' dir='ltr'><strong>τοι</strong></span> <span class='ocrx_word' id='word_1_698' title='bbox 1782 4723 1884 4787; x_wconf 72' lang='grc' dir='ltr'>ἕως</span> 
     </span>
    </p>
   </div>
   <div class='ocr_carea' id='block_1_94' title="bbox 1986 4723 3573 4801">
    <p class='ocr_par' dir='ltr' id='par_1_94' title="bbox 1994 4723 3573 4795">
     <span class='ocr_line' id='line_1_94' title="bbox 1994 4723 3573 4795; baseline -0.004 -14"><span class='ocrx_word' id='word_1_699' title='bbox 1994 4727 2165 4781; x_wconf 89' lang='lat' dir='ltr'><strong>Paulo</strong></span> <span class='ocrx_word' id='word_1_700' title='bbox 2198 4734 2381 4779; x_wconf 86' lang='lat' dir='ltr'><strong>autem</strong></span> <span class='ocrx_word' id='word_1_701' title='bbox 2413 4733 2901 4795; x_wconf 82' lang='lat' dir='ltr'><strong>pcstapparetquo</strong></span> <span class='ocrx_word' id='word_1_702' title='bbox 2925 4732 3074 4780; x_wconf 91' lang='lat' dir='ltr'><strong>totus</strong></span> <span class='ocrx_word' id='word_1_703' title='bbox 3099 4724 3218 4794; x_wconf 90' lang='lat' dir='ltr'><strong>ejus</strong></span> <span class='ocrx_word' id='word_1_704' title='bbox 3250 4723 3573 4779; x_wconf 82' lang='lat' dir='ltr'><strong>adversandi</strong></span> 
     </span>
    </p>
   </div>
   <div class='ocr_carea' id='block_1_95' title="bbox 295 4816 1884 4894">
    <p class='ocr_par' dir='ltr' id='par_1_95' title="bbox 295 4818 1884 4894">
     <span class='ocr_line' id='line_1_95' title="bbox 295 4818 1884 4894; baseline -0.004 -18"><span class='ocrx_word' id='word_1_705' title='bbox 295 4822 392 4877; x_wconf 78' lang='grc' dir='ltr'>τοῦ</span> <span class='ocrx_word' id='word_1_706' title='bbox 425 4822 521 4877; x_wconf 83' lang='grc' dir='ltr'>νῦν</span> <span class='ocrx_word' id='word_1_707' title='bbox 574 4822 1041 4894; x_wconf 77' lang='grc' dir='ltr'>διισχυριζόμενος</span> <span class='ocrx_word' id='word_1_708' title='bbox 1096 4822 1178 4875; x_wconf 83' lang='grc' dir='ltr'><strong>ότι</strong></span> <span class='ocrx_word' id='word_1_709' title='bbox 1223 4820 1356 4884; x_wconf 77' lang='grc' dir='ltr'>Θεὸς</span> <span class='ocrx_word' id='word_1_710' title='bbox 1388 4818 1514 4874; x_wconf 80' lang='grc' dir='ltr'><strong>Υἱὸν</strong></span> <span class='ocrx_word' id='word_1_711' title='bbox 1539 4819 1637 4873; x_wconf 86' lang='grc' dir='ltr'>οὐκ</span> <span class='ocrx_word' id='word_1_712' title='bbox 1663 4818 1797 4888; x_wconf 81' lang='grc' dir='ltr'>ἔχει,</span> <span class='ocrx_word' id='word_1_713' title='bbox 1827 4818 1884 4871; x_wconf 82' lang='grc' dir='ltr'>οὐ</span> 
     </span>
    </p>
   </div>
   <div class='ocr_carea' id='block_1_96' title="bbox 1986 4816 3573 4894">
    <p class='ocr_par' dir='ltr' id='par_1_96' title="bbox 1991 4816 3573 4887">
     <span class='ocr_line' id='line_1_96' title="bbox 1991 4816 3573 4887; baseline -0.004 -14"><span class='ocrx_word' id='word_1_714' title='bbox 1991 4818 2102 4873; x_wconf 90' lang='lat' dir='ltr'><strong>Deo</strong></span> <span class='ocrx_word' id='word_1_715' title='bbox 2156 4831 2356 4886; x_wconf 88' lang='lat' dir='ltr'><strong>scopus</strong></span> <span class='ocrx_word' id='word_1_716' title='bbox 2417 4817 2797 4871; x_wconf 81' lang='lat' dir='ltr'><strong>tendatznam</strong></span> <span class='ocrx_word' id='word_1_717' title='bbox 2844 4818 2939 4887; x_wconf 88' lang='lat' dir='ltr'><strong>qui</strong></span> <span class='ocrx_word' id='word_1_718' title='bbox 3000 4816 3269 4870; x_wconf 87' lang='lat' dir='ltr'><strong>hactenus</strong></span> <span class='ocrx_word' id='word_1_719' title='bbox 3321 4816 3429 4870; x_wconf 93' lang='lat' dir='ltr'><strong>Deo</strong></span> <span class='ocrx_word' id='word_1_720' title='bbox 3466 4830 3573 4869; x_wconf 88' lang='lat' dir='ltr'><strong>non</strong></span> 
     </span>
    </p>
   </div>
   <div class='ocr_carea' id='block_1_97' title="bbox 297 4908 1884 4988">
    <p class='ocr_par' dir='ltr' id='par_1_97' title="bbox 297 4909 1884 4988">
     <span class='ocr_line' id='line_1_97' title="bbox 297 4909 1884 4988; baseline -0.003 -21"><span class='ocrx_word' id='word_1_721' title='bbox 297 4914 522 4988; x_wconf 77' lang='grc' dir='ltr'>θαρρῶν</span> <span class='ocrx_word' id='word_1_722' title='bbox 555 4914 733 4983; x_wconf 82' lang='grc' dir='ltr'>ἐαυτῷ</span> <span class='ocrx_word' id='word_1_723' title='bbox 754 4913 926 4967; x_wconf 79' lang='grc' dir='ltr'>ταῦτα</span> <span class='ocrx_word' id='word_1_724' title='bbox 956 4912 1377 4982; x_wconf 82' lang='grc' dir='ltr'>φιλονεικοῦντι,</span> <span class='ocrx_word' id='word_1_725' title='bbox 1412 4910 1548 4965; x_wconf 85' lang='grc' dir='ltr'>ἀλλὰ</span> <span class='ocrx_word' id='word_1_726' title='bbox 1585 4909 1884 4978; x_wconf 73' lang='grc' dir='ltr'><strong>διαλογισᾰι⁴</strong></span> 
     </span>
    </p>
   </div>
   <div class='ocr_carea' id='block_1_98' title="bbox 1986 4908 3575 4988">
    <p class='ocr_par' dir='ltr' id='par_1_98' title="bbox 1988 4908 3575 4975">
     <span class='ocr_line' id='line_1_98' title="bbox 1988 4908 3575 4975; baseline -0.006 -6"><span class='ocrx_word' id='word_1_727' title='bbox 1988 4928 2110 4969; x_wconf 90' lang='lat' dir='ltr'><strong>esse</strong></span> <span class='ocrx_word' id='word_1_728' title='bbox 2139 4911 2337 4965; x_wconf 86' lang='lat' dir='ltr'><strong>Filium</strong></span> <span class='ocrx_word' id='word_1_729' title='bbox 2368 4911 2746 4975; x_wconf 89' lang='lat' dir='ltr'><strong>contenderat,</strong></span> <span class='ocrx_word' id='word_1_730' title='bbox 2783 4910 2929 4964; x_wconf 91' lang='lat' dir='ltr'><strong>haud</strong></span> <span class='ocrx_word' id='word_1_731' title='bbox 2984 4910 3089 4964; x_wconf 88' lang='lat' dir='ltr'><strong>sibi</strong></span> <span class='ocrx_word' id='word_1_732' title='bbox 3137 4910 3415 4963; x_wconf 81' lang='lat' dir='ltr'><strong>confidens</strong></span> <span class='ocrx_word' id='word_1_733' title='bbox 3449 4908 3575 4961; x_wconf 75' lang='lat' dir='ltr'><strong>talia</strong></span> 
     </span>
    </p>
   </div>
   <div class='ocr_carea' id='block_1_99' title="bbox 300 5002 1890 5078">
    <p class='ocr_par' dir='ltr' id='par_1_99' title="bbox 300 5002 1890 5078">
     <span class='ocr_line' id='line_1_99' title="bbox 300 5002 1890 5078; baseline -0.004 -18"><span class='ocrx_word' id='word_1_734' title='bbox 300 5025 463 5078; x_wconf 85' lang='grc' dir='ltr'>μενος</span> <span class='ocrx_word' id='word_1_735' title='bbox 493 5010 574 5060; x_wconf 78' lang='grc' dir='ltr'>ὅτι</span> <span class='ocrx_word' id='word_1_736' title='bbox 604 5008 765 5077; x_wconf 81' lang='grc' dir='ltr'>τυχὸν</span> <span class='ocrx_word' id='word_1_737' title='bbox 795 5006 892 5060; x_wconf 82' lang='grc' dir='ltr'>καὶ</span> <span class='ocrx_word' id='word_1_738' title='bbox 920 5006 1056 5077; x_wconf 77' lang='grc' dir='ltr'>ἔχει,</span> <span class='ocrx_word' id='word_1_739' title='bbox 1085 5007 1188 5059; x_wconf 84' lang='grc' dir='ltr'>οὐκ</span> <span class='ocrx_word' id='word_1_740' title='bbox 1216 5006 1507 5061; x_wconf 82' lang='grc' dir='ltr'>ἀναδύεται</span> <span class='ocrx_word' id='word_1_741' title='bbox 1535 5004 1713 5072; x_wconf 83' lang='grc' dir='ltr'>ἑαυτῷ</span> <span class='ocrx_word' id='word_1_742' title='bbox 1730 5002 1890 5055; x_wconf 80' lang='grc' dir='ltr'>τοῦτο</span> 
     </span>
    </p>
   </div>
   <div class='ocr_carea' id='block_1_100' title="bbox 278 5097 1892 5173">
    <p class='ocr_par' dir='ltr' id='par_1_100' title="bbox 278 5097 1892 5173">
     <span class='ocr_line' id='line_1_100' title="bbox 278 5097 1892 5173; baseline -0.002 -20"><span class='ocrx_word' id='word_1_743' title='bbox 278 5101 579 5173; x_wconf 68' lang='grc' dir='ltr'>προσάψαι</span> <span class='ocrx_word' id='word_1_744' title='bbox 619 5101 680 5154; x_wconf 82' lang='grc' dir='ltr'>τὸ</span> <span class='ocrx_word' id='word_1_745' title='bbox 742 5102 1069 5173; x_wconf 82' lang='grc' dir='ltr'>πρόσωπον’</span> <span class='ocrx_word' id='word_1_746' title='bbox 1131 5103 1178 5153; x_wconf 83' lang='grc' dir='ltr'><strong>εἰ</strong></span> <span class='ocrx_word' id='word_1_747' title='bbox 1214 5101 1311 5154; x_wconf 74' lang='grc' dir='ltr'><strong>κα)⁵</strong></span> <span class='ocrx_word' id='word_1_748' title='bbox 1342 5102 1405 5153; x_wconf 78' lang='grc' dir='ltr'>ὲκ</span> <span class='ocrx_word' id='word_1_749' title='bbox 1457 5098 1681 5167; x_wconf 83' lang='grc' dir='ltr'>πλαγίου</span> <span class='ocrx_word' id='word_1_750' title='bbox 1734 5097 1892 5151; x_wconf 83' lang='grc' dir='ltr'>τοῦτο</span> 
     </span>
    </p>
   </div>
   <div class='ocr_carea' id='block_1_101' title="bbox 299 5188 1894 5265">
    <p class='ocr_par' dir='ltr' id='par_1_101' title="bbox 299 5188 1894 5265">
     <span class='ocr_line' id='line_1_101' title="bbox 299 5188 1894 5265; baseline -0.001 -21"><span class='ocrx_word' id='word_1_751' title='bbox 299 5194 604 5264; x_wconf 80' lang='grc' dir='ltr'>ἐπήγαγεν,</span> <span class='ocrx_word' id='word_1_752' title='bbox 664 5194 758 5247; x_wconf 73' lang='grc' dir='ltr'>καὶ</span> <span class='ocrx_word' id='word_1_753' title='bbox 812 5195 1198 5265; x_wconf 86' lang='grc' dir='ltr'>προσποιεῖται</span> <span class='ocrx_word' id='word_1_754' title='bbox 1230 5192 1393 5244; x_wconf 77' lang='grc' dir='ltr'>οἱονεὶ</span> <span class='ocrx_word' id='word_1_755' title='bbox 1455 5188 1894 5259; x_wconf 82' lang='grc' dir='ltr'>σχηματίζεσθαι</span> 
     </span>
    </p>
   </div>
   <div class='ocr_carea' id='block_1_102' title="bbox 302 5281 1895 5355">
    <p class='ocr_par' dir='ltr' id='par_1_102' title="bbox 302 5281 1895 5355">
     <span class='ocr_line' id='line_1_102' title="bbox 302 5281 1895 5355; baseline -0.001 -20"><span class='ocrx_word' id='word_1_756' title='bbox 302 5284 531 5353; x_wconf 75' lang='grc' dir='ltr'>βλακίαν</span> <span class='ocrx_word' id='word_1_757' title='bbox 563 5286 704 5339; x_wconf 75' lang='grc' dir='ltr'>πάνυ</span> <span class='ocrx_word' id='word_1_758' title='bbox 757 5284 1012 5355; x_wconf 72' lang='grc' dir='ltr'>αἰσχράν,</span> <span class='ocrx_word' id='word_1_759' title='bbox 1040 5282 1136 5337; x_wconf 88' lang='grc' dir='ltr'><strong>καί</strong></span> <span class='ocrx_word' id='word_1_760' title='bbox 1167 5299 1330 5352; x_wconf 85' lang='grc' dir='ltr'>φησιν</span> <span class='ocrx_word' id='word_1_761' title='bbox 1364 5282 1441 5351; x_wconf 77' lang='grc'><strong>(2)</strong></span> <span class='ocrx_word' id='word_1_762' title='bbox 1470 5297 1485 5312; x_wconf 84' lang='lat'><strong><em>°</em></strong></span> <span class='ocrx_word' id='word_1_763' title='bbox 1550 5281 1706 5343; x_wconf 76' lang='grc' dir='ltr'>Τινὲς</span> <span class='ocrx_word' id='word_1_764' title='bbox 1758 5298 1895 5351; x_wconf 91' lang='grc' dir='ltr'>συη-</span> 
     </span>
    </p>
   </div>
   <div class='ocr_carea' id='block_1_103' title="bbox 302 5372 1896 5448">
    <p class='ocr_par' dir='ltr' id='par_1_103' title="bbox 302 5372 1896 5448">
     <span class='ocr_line' id='line_1_103' title="bbox 302 5372 1896 5448; baseline -0.001 -21"><span class='ocrx_word' id='word_1_765' title='bbox 302 5375 453 5428; x_wconf 80' lang='grc' dir='ltr'>νοῦσι</span> <span class='ocrx_word' id='word_1_766' title='bbox 486 5375 629 5448; x_wconf 84' lang='lat' dir='ltr'><strong>[cod.</strong></span> <span class='ocrx_word' id='word_1_767' title='bbox 664 5376 953 5448; x_wconf 80' lang='grc' dir='ltr'>σιαινουσι]</span> <span class='ocrx_word' id='word_1_768' title='bbox 1000 5377 1094 5430; x_wconf 78' lang='grc' dir='ltr'>τὸν</span> <span class='ocrx_word' id='word_1_769' title='bbox 1138 5375 1443 5446; x_wconf 81' lang='grc' dir='ltr'>προφήτην,</span> <span class='ocrx_word' id='word_1_770' title='bbox 1503 5372 1598 5427; x_wconf 75' lang='grc' dir='ltr'>καὶ</span> <span class='ocrx_word' id='word_1_771' title='bbox 1642 5373 1896 5441; x_wconf 89' lang='grc' dir='ltr'>λέγουσιν</span> 
     </span>
    </p>
   </div>
   <div class='ocr_carea' id='block_1_104' title="bbox 302 5458 1894 5541">
    <p class='ocr_par' dir='ltr' id='par_1_104' title="bbox 302 5458 1894 5541">
     <span class='ocr_line' id='line_1_104' title="bbox 302 5458 1894 5541; baseline -0.002 -20"><span class='ocrx_word' id='word_1_772' title='bbox 302 5469 382 5522; x_wconf 78' lang='grc' dir='ltr'>ὅτι</span> <span class='ocrx_word' id='word_1_773' title='bbox 415 5469 577 5531; x_wconf 78' lang='grc' dir='ltr'>αὐτὸς</span> <span class='ocrx_word' id='word_1_774' title='bbox 608 5469 737 5532; x_wconf 82' lang='grc' dir='ltr'><strong>Υἱὸς</strong></span> <span class='ocrx_word' id='word_1_775' title='bbox 769 5469 846 5541; x_wconf 72' lang='grc' dir='ltr'>(ὅ)</span> <span class='ocrx_word' id='word_1_776' title='bbox 886 5466 1025 5522; x_wconf 79' lang='grc' dir='ltr'>Θεοῦ</span> <span class='ocrx_word' id='word_1_777' title='bbox 1063 5471 1199 5522; x_wconf 74' lang='grc' dir='ltr'>ἐστι.</span> <span class='ocrx_word' id='word_1_778' title='bbox 1243 5486 1262 5519; x_wconf 76' lang='grc' dir='ltr'><strong>ι</strong></span> <span class='ocrx_word' id='word_1_779' title='bbox 1302 5468 1413 5521; x_wconf 80' lang='grc' dir='ltr'><strong>Καὶ</strong></span> <span class='ocrx_word' id='word_1_780' title='bbox 1447 5463 1547 5518; x_wconf 80' lang='grc' dir='ltr'>οὐκ</span> <span class='ocrx_word' id='word_1_781' title='bbox 1580 5458 1734 5517; x_wconf 75' lang='grc' dir='ltr'>εἶπεν</span> <span class='ocrx_word' id='word_1_782' title='bbox 1757 5464 1840 5518; x_wconf 82' lang='grc' dir='ltr'>ὅτι</span> <span class='ocrx_word' id='word_1_783' title='bbox 1865 5466 1894 5518; x_wconf 89' lang='lat'><strong>6</strong></span> 
     </span>
    </p>
   </div>
   <div class='ocr_carea' id='block_1_105' title="bbox 376 5583 1917 5654">
    <p class='ocr_par' dir='ltr' id='par_1_105' title="bbox 376 5583 1917 5654">
     <span class='ocr_line' id='line_1_105' title="bbox 376 5583 1917 5654; baseline -0.001 -13"><span class='ocrx_word' id='word_1_784' title='bbox 376 5589 421 5621; x_wconf 80' lang='grc'>³⁸</span> <span class='ocrx_word' id='word_1_785' title='bbox 457 5587 627 5644; x_wconf 88' lang='lat' dir='ltr'><strong>Eccli.</strong></span> <span class='ocrx_word' id='word_1_786' title='bbox 661 5604 724 5654; x_wconf 87' lang='grc' dir='ltr'><strong>ιι,</strong></span> <span class='ocrx_word' id='word_1_787' title='bbox 765 5588 851 5642; x_wconf 71' lang='grc'><strong>14.</strong></span> <span class='ocrx_word' id='word_1_788' title='bbox 931 5588 974 5621; x_wconf 75' lang='grc'><strong>⁸⁸</strong></span> <span class='ocrx_word' id='word_1_789' title='bbox 999 5587 1143 5642; x_wconf 87' lang='lat' dir='ltr'><strong>Psal.</strong></span> <span class='ocrx_word' id='word_1_790' title='bbox 1178 5601 1293 5652; x_wconf 68' lang='grc' dir='ltr'>χιιι,</span> <span class='ocrx_word' id='word_1_791' title='bbox 1329 5587 1379 5639; x_wconf 80' lang='lat' dir='ltr'><strong>l.</strong></span> <span class='ocrx_word' id='word_1_792' title='bbox 1444 5584 1487 5617; x_wconf 76' lang='grc'><strong>⁸⁸</strong></span> <span class='ocrx_word' id='word_1_793' title='bbox 1511 5583 1654 5640; x_wconf 81' lang='lat' dir='ltr'><strong>Psal.</strong></span> <span class='ocrx_word' id='word_1_794' title='bbox 1698 5600 1795 5649; x_wconf 86' lang='lat' dir='ltr'><strong>vn,</strong></span> <span class='ocrx_word' id='word_1_795' title='bbox 1828 5585 1917 5639; x_wconf 79' lang='grc'><strong>17.</strong></span> 
     </span>
    </p>
   </div>
   <div class='ocr_carea' id='block_1_106' title="bbox 340 5700 1142 5777">
    <p class='ocr_par' dir='ltr' id='par_1_106' title="bbox 340 5700 1142 5777">
     <span class='ocr_line' id='line_1_106' title="bbox 340 5700 1142 5777; baseline -0.004 -16"><span class='ocrx_word' id='word_1_796' title='bbox 340 5700 346 5707; x_wconf 82' lang='grc'><strong>’</strong></span> <span class='ocrx_word' id='word_1_797' title='bbox 377 5706 489 5777; x_wconf 88' lang='lat'><strong>(99)</strong></span> <span class='ocrx_word' id='word_1_798' title='bbox 508 5704 730 5777; x_wconf 66' lang='lat' dir='ltr'><strong>Nempe</strong></span> <span class='ocrx_word' id='word_1_799' title='bbox 756 5705 951 5772; x_wconf 75' lang='lat' dir='ltr'><strong>Agaris</strong></span> <span class='ocrx_word' id='word_1_800' title='bbox 978 5704 1142 5759; x_wconf 90' lang='lat' dir='ltr'><strong>ﬁlius.</strong></span> 
     </span>
    </p>
   </div>
   <div class='ocr_carea' id='block_1_107' title="bbox 380 5775 869 5847">
    <p class='ocr_par' dir='ltr' id='par_1_107' title="bbox 380 5775 869 5847">
     <span class='ocr_line' id='line_1_107' title="bbox 380 5775 869 5847; baseline -0.002 -17"><span class='ocrx_word' id='word_1_801' title='bbox 380 5775 626 5847; x_wconf 65' lang='lat' dir='ltr'><strong>(usur.</strong></span> <span class='ocrx_word' id='word_1_802' title='bbox 658 5775 748 5847; x_wconf 79' lang='lat' dir='ltr'><strong>Ix,</strong></span> <span class='ocrx_word' id='word_1_803' title='bbox 781 5777 869 5829; x_wconf 71' lang='lat'><strong>53.</strong></span> 
     </span>
    </p>
   </div>
   <div class='ocr_carea' id='block_1_108' title="bbox 381 5845 1474 5922">
    <p class='ocr_par' dir='ltr' id='par_1_108' title="bbox 381 5845 1474 5922">
     <span class='ocr_line' id='line_1_108' title="bbox 381 5845 1474 5922; baseline 0.004 -4"><span class='ocrx_word' id='word_1_804' title='bbox 381 5845 462 5922; x_wconf 57' lang='grc' dir='ltr'>(ἓ)</span> <span class='ocrx_word' id='word_1_805' title='bbox 487 5848 621 5922; x_wconf 62' lang='lat'><strong>5‘&quot;)-</strong></span> <span class='ocrx_word' id='word_1_806' title='bbox 644 5846 737 5913; x_wconf 63' lang='grc' dir='ltr'><strong>ιχ»</strong></span> <span class='ocrx_word' id='word_1_807' title='bbox 754 5848 861 5922; x_wconf 61' lang='grc' dir='ltr'>,βδν</span> <span class='ocrx_word' id='word_1_808' title='bbox 884 5845 976 5922; x_wconf 60' lang='lat'><strong>39-</strong></span> <span class='ocrx_word' id='word_1_809' title='bbox 1161 5921 1164 5922; x_wconf 65' lang='lat'>,</span> <span class='ocrx_word' id='word_1_810' title='bbox 1230 5913 1326 5922; x_wconf 93' lang='lat'><strong>.</strong></span> 
     </span>
    </p>
   </div>
   <div class='ocr_carea' id='block_1_109' title="bbox 383 5855 1893 5990">
    <p class='ocr_par' dir='ltr' id='par_1_109' title="bbox 383 5855 1893 5990">
     <span class='ocr_line' id='line_1_109' title="bbox 383 5855 1474 5922; baseline -0.001 -21"><span class='ocrx_word' id='word_1_811' title='bbox 383 5855 441 5918; x_wconf 67' lang='grc' dir='ltr'><strong>(τι</strong></span> <span class='ocrx_word' id='word_1_812' title='bbox 493 5855 737 5913; x_wconf 66' lang='lat' dir='ltr'><strong>Sunia,</strong></span> <span class='ocrx_word' id='word_1_813' title='bbox 769 5855 976 5911; x_wconf 72' lang='lat'><strong>65,72.</strong></span> <span class='ocrx_word' id='word_1_814' title='bbox 1465 5914 1474 5922; x_wconf 91' lang='lat'>_</span> 
     </span>
     <span class='ocr_line' id='line_1_110' title="bbox 383 5855 1893 5990; baseline -0.007 -17"><span class='ocrx_word' id='word_1_815' title='bbox 383 5855 462 5990; x_wconf 67' lang='grc' dir='ltr'>(ὅ)</span> <span class='ocrx_word' id='word_1_816' title='bbox 486 5917 560 5974; x_wconf 87' lang='lat' dir='ltr'><strong>ita</strong></span> <span class='ocrx_word' id='word_1_817' title='bbox 580 5917 636 5974; x_wconf 80' lang='lat' dir='ltr'><strong>in</strong></span> <span class='ocrx_word' id='word_1_818' title='bbox 667 5918 853 5974; x_wconf 86' lang='lat' dir='ltr'><strong>codice</strong></span> <span class='ocrx_word' id='word_1_819' title='bbox 875 5916 1065 5973; x_wconf 65' lang='lat' dir='ltr'><strong>Graeco</strong></span> <span class='ocrx_word' id='word_1_820' title='bbox 1092 5921 1197 5982; x_wconf 91' lang='lat' dir='ltr'><strong>est,</strong></span> <span class='ocrx_word' id='word_1_821' title='bbox 1230 5913 1379 5981; x_wconf 85' lang='grc' dir='ltr'>Υἱός,</span> <span class='ocrx_word' id='word_1_822' title='bbox 1411 5911 1607 5967; x_wconf 75' lang='lat' dir='ltr'><strong>Filius.</strong></span> <span class='ocrx_word' id='word_1_823' title='bbox 1636 5913 1701 5970; x_wconf 86' lang='lat' dir='ltr'><strong>At</strong></span> <span class='ocrx_word' id='word_1_824' title='bbox 1728 5910 1893 5967; x_wconf 83' lang='lat' dir='ltr'><strong>Arab.</strong></span> 
     </span>
    </p>
   </div>
   <div class='ocr_carea' id='block_1_110' title="bbox 1990 5000 3572 5072">
    <p class='ocr_par' dir='ltr' id='par_1_110' title="bbox 1990 5000 3572 5072">
     <span class='ocr_line' id='line_1_111' title="bbox 1990 5000 3572 5072; baseline -0.004 -15"><span class='ocrx_word' id='word_1_825' title='bbox 1990 5006 2171 5060; x_wconf 86' lang='lat' dir='ltr'><strong>verbis</strong></span> <span class='ocrx_word' id='word_1_826' title='bbox 2234 5004 2535 5067; x_wconf 86' lang='lat' dir='ltr'><strong>vindicare,</strong></span> <span class='ocrx_word' id='word_1_827' title='bbox 2589 5012 2850 5072; x_wconf 89' lang='lat' dir='ltr'><strong>reputans</strong></span> <span class='ocrx_word' id='word_1_828' title='bbox 2912 5012 3097 5056; x_wconf 86' lang='lat' dir='ltr'><strong>tamen</strong></span> <span class='ocrx_word' id='word_1_829' title='bbox 3160 5001 3395 5056; x_wconf 84' lang='lat' dir='ltr'><strong>fortasse</strong></span> <span class='ocrx_word' id='word_1_830' title='bbox 3458 5000 3572 5068; x_wconf 86' lang='lat' dir='ltr'><strong>jam</strong></span> 
     </span>
    </p>
   </div>
   <div class='ocr_carea' id='block_1_111' title="bbox 1993 5094 3573 5163">
    <p class='ocr_par' dir='ltr' id='par_1_111' title="bbox 1993 5094 3573 5163">
     <span class='ocr_line' id='line_1_112' title="bbox 1993 5094 3573 5163; baseline -0.003 -14"><span class='ocrx_word' id='word_1_831' title='bbox 1993 5097 2215 5161; x_wconf 87' lang='lat' dir='ltr'><strong>habere,</strong></span> <span class='ocrx_word' id='word_1_832' title='bbox 2250 5097 2391 5150; x_wconf 90' lang='lat' dir='ltr'><strong>hanc</strong></span> <span class='ocrx_word' id='word_1_833' title='bbox 2418 5096 2527 5149; x_wconf 87' lang='lat' dir='ltr'><strong>sibi</strong></span> <span class='ocrx_word' id='word_1_834' title='bbox 2560 5110 2851 5163; x_wconf 90' lang='lat' dir='ltr'><strong>personam</strong></span> <span class='ocrx_word' id='word_1_835' title='bbox 2885 5110 2991 5148; x_wconf 90' lang='lat' dir='ltr'><strong>non</strong></span> <span class='ocrx_word' id='word_1_836' title='bbox 3023 5094 3222 5158; x_wconf 90' lang='lat' dir='ltr'><strong>induit,</strong></span> <span class='ocrx_word' id='word_1_837' title='bbox 3257 5107 3573 5163; x_wconf 87' lang='lat' dir='ltr'><strong>quanquam</strong></span> 
     </span>
    </p>
   </div>
   <div class='ocr_carea' id='block_1_112' title="bbox 1993 5186 3573 5259">
    <p class='ocr_par' dir='ltr' id='par_1_112' title="bbox 1993 5186 3573 5259">
     <span class='ocr_line' id='line_1_113' title="bbox 1993 5186 3573 5259; baseline -0.004 -16"><span class='ocrx_word' id='word_1_838' title='bbox 1993 5189 2211 5259; x_wconf 88' lang='lat' dir='ltr'><strong>oblique</strong></span> <span class='ocrx_word' id='word_1_839' title='bbox 2239 5188 2291 5242; x_wconf 91' lang='lat' dir='ltr'><strong>id</strong></span> <span class='ocrx_word' id='word_1_840' title='bbox 2316 5188 2429 5259; x_wconf 74' lang='lat' dir='ltr'><strong>agit</strong></span> <span class='ocrx_word' id='word_1_841' title='bbox 2465 5205 2478 5242; x_wconf 88' lang='lat'><strong>:</strong></span> <span class='ocrx_word' id='word_1_842' title='bbox 2511 5187 2735 5241; x_wconf 89' lang='lat' dir='ltr'><strong>simulat</strong></span> <span class='ocrx_word' id='word_1_843' title='bbox 2765 5187 2951 5255; x_wconf 88' lang='lat' dir='ltr'><strong>itaque</strong></span> <span class='ocrx_word' id='word_1_844' title='bbox 2978 5194 3032 5241; x_wconf 91' lang='lat' dir='ltr'><strong>et</strong></span> <span class='ocrx_word' id='word_1_845' title='bbox 3058 5186 3316 5257; x_wconf 81' lang='lat' dir='ltr'><strong>conﬁngit</strong></span> <span class='ocrx_word' id='word_1_846' title='bbox 3359 5195 3573 5254; x_wconf 88' lang='lat' dir='ltr'><strong>turpem</strong></span> 
     </span>
    </p>
   </div>
   <div class='ocr_carea' id='block_1_113' title="bbox 1995 5277 3577 5349">
    <p class='ocr_par' dir='ltr' id='par_1_113' title="bbox 1995 5277 3577 5349">
     <span class='ocr_line' id='line_1_114' title="bbox 1995 5277 3577 5349; baseline -0.004 -14"><span class='ocrx_word' id='word_1_847' title='bbox 1995 5282 2289 5335; x_wconf 87' lang='lat' dir='ltr'><strong>admodum</strong></span> <span class='ocrx_word' id='word_1_848' title='bbox 2320 5280 2700 5344; x_wconf 88' lang='lat' dir='ltr'><strong>stoliditatem,</strong></span> <span class='ocrx_word' id='word_1_849' title='bbox 2736 5279 2923 5349; x_wconf 88' lang='lat' dir='ltr'><strong>aitque</strong></span> <span class='ocrx_word' id='word_1_850' title='bbox 2975 5296 2989 5332; x_wconf 92' lang='lat'><strong>:</strong></span> <span class='ocrx_word' id='word_1_851' title='bbox 3032 5298 3051 5331; x_wconf 81' lang='grc' dir='ltr'><strong>ι</strong></span> <span class='ocrx_word' id='word_1_852' title='bbox 3084 5277 3341 5333; x_wconf 86' lang='lat' dir='ltr'><strong>Nonnulli</strong></span> <span class='ocrx_word' id='word_1_853' title='bbox 3373 5278 3577 5331; x_wconf 84' lang='lat' dir='ltr'><strong>laedunt.</strong></span> 
     </span>
    </p>
   </div>
   <div class='ocr_carea' id='block_1_114' title="bbox 2003 5369 3577 5445">
    <p class='ocr_par' dir='ltr' id='par_1_114' title="bbox 2003 5369 3577 5445">
     <span class='ocr_line' id='line_1_115' title="bbox 2003 5369 3577 5445; baseline -0.003 -20"><span class='ocrx_word' id='word_1_854' title='bbox 2003 5374 2349 5445; x_wconf 80' lang='lat' dir='ltr'><strong>prophetam,</strong></span> <span class='ocrx_word' id='word_1_855' title='bbox 2378 5373 2677 5441; x_wconf 88' lang='lat' dir='ltr'><strong>dicuntque</strong></span> <span class='ocrx_word' id='word_1_856' title='bbox 2705 5371 2882 5442; x_wconf 83' lang='lat' dir='ltr'><strong>ipsum</strong></span> <span class='ocrx_word' id='word_1_857' title='bbox 2913 5386 3035 5427; x_wconf 90' lang='lat' dir='ltr'><strong>esse</strong></span> <span class='ocrx_word' id='word_1_858' title='bbox 3064 5369 3264 5425; x_wconf 86' lang='lat' dir='ltr'><strong>Filium</strong></span> <span class='ocrx_word' id='word_1_859' title='bbox 3297 5369 3412 5424; x_wconf 91' lang='lat' dir='ltr'><strong>Dei.</strong></span> <span class='ocrx_word' id='word_1_860' title='bbox 3452 5388 3471 5421; x_wconf 77' lang='grc' dir='ltr'><strong>ι</strong></span> <span class='ocrx_word' id='word_1_861' title='bbox 3511 5369 3577 5422; x_wconf 79' lang='lat' dir='ltr'><strong>Et</strong></span> 
     </span>
    </p>
   </div>
   <div class='ocr_carea' id='block_1_115' title="bbox 2001 5462 3571 5528">
    <p class='ocr_par' dir='ltr' id='par_1_115' title="bbox 2001 5462 3571 5528">
     <span class='ocr_line' id='line_1_116' title="bbox 2001 5462 3571 5528; baseline -0.004 -9"><span class='ocrx_word' id='word_1_862' title='bbox 2001 5479 2113 5520; x_wconf 92' lang='lat' dir='ltr'><strong>non</strong></span> <span class='ocrx_word' id='word_1_863' title='bbox 2175 5466 2309 5519; x_wconf 82' lang='lat' dir='ltr'><strong>dixit</strong></span> <span class='ocrx_word' id='word_1_864' title='bbox 2343 5464 2627 5519; x_wconf 85' lang='lat' dir='ltr'><strong>exclusivo</strong></span> <span class='ocrx_word' id='word_1_865' title='bbox 2660 5478 2827 5521; x_wconf 89' lang='lat' dir='ltr'><strong>sensu</strong></span> <span class='ocrx_word' id='word_1_866' title='bbox 2867 5472 2920 5519; x_wconf 89' lang='lat' dir='ltr'><strong>et</strong></span> <span class='ocrx_word' id='word_1_867' title='bbox 2948 5464 3169 5520; x_wconf 88' lang='lat' dir='ltr'><strong>unicum</strong></span> <span class='ocrx_word' id='word_1_868' title='bbox 3204 5462 3403 5517; x_wconf 86' lang='lat' dir='ltr'><strong>Filium</strong></span> <span class='ocrx_word' id='word_1_869' title='bbox 3456 5462 3571 5528; x_wconf 87' lang='lat' dir='ltr'><strong>Dei,</strong></span> 
     </span>
    </p>
   </div>
   <div class='ocr_carea' id='block_1_116' title="bbox 1998 5583 2515 5650">
    <p class='ocr_par' dir='ltr' id='par_1_116' title="bbox 1998 5583 2515 5650">
     <span class='ocr_line' id='line_1_117' title="bbox 1998 5583 2515 5650; baseline 0.004 -14"><span class='ocrx_word' id='word_1_870' title='bbox 1998 5585 2042 5615; x_wconf 77' lang='grc'><strong>³⁸</strong></span> <span class='ocrx_word' id='word_1_871' title='bbox 2074 5584 2115 5637; x_wconf 90' lang='lat' dir='ltr'><strong>ll</strong></span> <span class='ocrx_word' id='word_1_872' title='bbox 2147 5583 2340 5640; x_wconf 82' lang='lat' dir='ltr'><strong>Thess.</strong></span> <span class='ocrx_word' id='word_1_873' title='bbox 2370 5598 2431 5650; x_wconf 89' lang='grc' dir='ltr'><strong>ιι,</strong></span> <span class='ocrx_word' id='word_1_874' title='bbox 2460 5586 2515 5639; x_wconf 70' lang='grc'><strong>4.</strong></span> 
     </span>
    </p>
   </div>
   <div class='ocr_carea' id='block_1_117' title="bbox 1989 5696 3578 5768">
    <p class='ocr_par' dir='ltr' id='par_1_117' title="bbox 1989 5696 3578 5768">
     <span class='ocr_line' id='line_1_118' title="bbox 1989 5696 3578 5768; baseline -0.003 -15"><span class='ocrx_word' id='word_1_875' title='bbox 1989 5700 2169 5768; x_wconf 55' lang='lat' dir='ltr'><strong>auris,</strong></span> <span class='ocrx_word' id='word_1_876' title='bbox 2229 5698 2474 5754; x_wconf 91' lang='lat' dir='ltr'><strong>Dicerem</strong></span> <span class='ocrx_word' id='word_1_877' title='bbox 2536 5697 2822 5768; x_wconf 61' lang='lat' dir='ltr'><strong>scriptura;</strong></span> <span class='ocrx_word' id='word_1_878' title='bbox 2884 5697 3086 5752; x_wconf 67' lang='lat' dir='ltr'><strong>Grmca:</strong></span> <span class='ocrx_word' id='word_1_879' title='bbox 3111 5696 3403 5768; x_wconf 78' lang='lat' dir='ltr'><strong>_mcndum</strong></span> <span class='ocrx_word' id='word_1_880' title='bbox 3464 5699 3578 5758; x_wconf 56' lang='lat' dir='ltr'><strong>sit;</strong></span> 
     </span>
    </p>
   </div>
   <div class='ocr_carea' id='block_1_118' title="bbox 1989 5764 3573 5839">
    <p class='ocr_par' dir='ltr' id='par_1_118' title="bbox 1989 5764 3573 5839">
     <span class='ocr_line' id='line_1_119' title="bbox 1989 5764 3573 5839; baseline 0.002 -17"><span class='ocrx_word' id='word_1_881' title='bbox 1989 5786 2090 5839; x_wconf 91' lang='lat' dir='ltr'><strong>pro</strong></span> <span class='ocrx_word' id='word_1_882' title='bbox 2112 5766 2226 5832; x_wconf 84' lang='grc' dir='ltr'>οὖς,</span> <span class='ocrx_word' id='word_1_883' title='bbox 2272 5770 2440 5836; x_wconf 86' lang='lat' dir='ltr'><strong>auris,</strong></span> <span class='ocrx_word' id='word_1_884' title='bbox 2475 5769 2581 5825; x_wconf 87' lang='lat' dir='ltr'><strong>nisi</strong></span> <span class='ocrx_word' id='word_1_885' title='bbox 2622 5764 2747 5825; x_wconf 76' lang='lat' dir='ltr'><strong>mox</strong></span> <span class='ocrx_word' id='word_1_886' title='bbox 2769 5766 2990 5825; x_wconf 88' lang='lat' dir='ltr'><strong>Nicetas</strong></span> <span class='ocrx_word' id='word_1_887' title='bbox 3024 5769 3089 5824; x_wconf 86' lang='lat' dir='ltr'><strong>de</strong></span> <span class='ocrx_word' id='word_1_888' title='bbox 3109 5764 3249 5823; x_wconf 80' lang='lat' dir='ltr'><strong>Filio</strong></span> <span class='ocrx_word' id='word_1_889' title='bbox 3276 5782 3469 5839; x_wconf 84' lang='lat' dir='ltr'><strong>reapse</strong></span> <span class='ocrx_word' id='word_1_890' title='bbox 3494 5771 3573 5825; x_wconf 85' lang='lat' dir='ltr'><strong>lo-</strong></span> 
     </span>
    </p>
   </div>
   <div class='ocr_carea' id='block_1_119' title="bbox 1999 5851 2283 5909">
    <p class='ocr_par' dir='ltr' id='par_1_119' title="bbox 1999 5851 2283 5909">
     <span class='ocr_line' id='line_1_120' title="bbox 1999 5851 2283 5909; baseline -0.004 -16"><span class='ocrx_word' id='word_1_891' title='bbox 1999 5851 2283 5909; x_wconf 84' lang='lat' dir='ltr'><strong>queretur.</strong></span> 
     </span>
    </p>
   </div>
  </div>
