3994 6614
462 454 563 523 ’151

1701 458 2002 521 NICET/E
2040 461 2447 525 BYZANTINI

3613 467 3708 530 752

463 568 529 621 du
558 566 650 621 illo
671 565 917 636 cogitans
945 575 1105 633 quem
1141 559 1423 617 contendit
1448 559 1730 619 destruere
1755 580 1770 629 ;
1800 579 1868 620 ne
1884 567 2028 620 omni

2141 573 2267 636 Υἱός
2294 574 2460 635 ἐστιν,
2504 569 2851 642 λογιζόμενος
2881 570 2939 625 ὃν
2988 571 3195 627 ἀνελεῖν
3244 572 3594 643 ἀγωνίζεται,
3629 578 3709 631 ἵνα

464 675 567 714 suo
624 659 748 713 dolo
783 658 1043 721 nudatus,
1097 671 1203 711 una
1253 670 1377 709 cum
1423 655 1515 709 illo
1574 666 1873 712 corruerat.
1931 657 2039 714 Sed

462 750 675 813 dicunt,
709 750 807 814 ait,
843 748 1019 816 ipsum
1048 761 1172 803 esse
1223 745 1423 800 Filium
1459 746 1552 801 Dei
1604 763 1617 799 :
1654 749 1808 817 quasi
1844 749 1992 804 dicat
2023 768 2035 804 :

466 840 523 895 Si
551 856 638 895 me
667 840 828 895 vultis
851 839 1042 893 Filium
1055 826 1321 904 conﬁteri,
1344 853 1444 908 ego
1464 839 1724 908 praedicto
1745 840 2043 909 proximior

466 946 610 985 sum.
666 931 858 985 Postea
911 929 1172 984 nonnulla
1236 928 1490 985 indecore
1538 930 2039 1002 hlaterans,nuga-

464 1037 699 1091 rumque
738 1037 961 1077 suarum
1002 1020 1307 1092 nugacibus
1330 1020 1888 1078 demonstrationibus
1951 1025 2041 1077 lir-

463 1129 547 1167 ma
558 1129 613 1167 re
634 1113 908 1183 jactitans,
929 1115 1179 1169 nominat
1205 1114 1473 1185 quosdam
1492 1114 1730 1170 Thamut
1750 1126 1804 1169 et
1824 1115 2039 1169 Madian

463 1216 515 1261 et
543 1205 962 1272 Mateuchamat,
1010 1206 1076 1262 ad
1134 1222 1295 1277 quos,
1355 1207 1552 1278 inquit,
1613 1208 1771 1278 legati
1832 1208 2039 1263 revela-

463 1298 666 1353 tionem
708 1313 864 1353 suam
921 1297 1260 1353 deferebant.
1319 1298 1554 1354 Prorsus
1583 1309 1763 1355 autem
1799 1299 1853 1353 hi
1912 1308 2040 1354 sunt

463 1388 750 1458 incogniti,
780 1398 834 1444 ct
856 1389 974 1444 sine
1007 1389 1117 1444 ulla
1150 1389 1491 1459 probatione,
1518 1398 1756 1460 proutet
1792 1391 1907 1461 ipse
1934 1399 2036 1445 est.

460 1480 613 1535 Illico
634 1489 817 1537 autem
843 1480 1111 1536 barbaros
1136 1489 1326 1537 contra
1352 1498 1453 1539 nos
1488 1483 1543 1537 in
1574 1483 1820 1553 praelium
1852 1484 2037 1549 mittit,

462 1580 517 1626 et
543 1587 665 1641 quae
695 1571 763 1626 ad
788 1571 837 1627 id
869 1573 1147 1628 concitare
1169 1572 1349 1628 valeat
1394 1572 1677 1639 allatrans,
1719 1587 1915 1629 vanam
1962 1574 2041 1628 fa-

463 1662 649 1717 bulam
671 1661 970 1719 concludit.

955 1751 1396 1811 CONFUTATIO
1435 1754 1528 1812 IX.

532 1844 623 1898 64.
652 1843 806 1900 Nona
830 1859 860 1900 a
883 1844 1204 1901 Mohamede
1247 1846 1433 1902 fabula
1492 1846 1816 1905 inscribitur
1843 1846 2036 1915 Jonas,

460 1936 597 1991 nihil
627 1947 808 1992 tamen
856 1936 924 1992 de
960 1936 1098 1993 Jona
1131 1938 1184 1992 in
1214 1953 1279 1993 ea
1312 1940 1574 1995 occurrit.
1614 1938 1721 1996 Sed
1755 1942 1938 1997 Statim
1970 1942 2039 1997 ab

459 2029 687 2083 exordio
720 2038 978 2099 tanquam
1004 2046 1254 2101 pugnans
1280 2039 1333 2087 et
1364 2033 1768 2102 reprehendens
1791 2034 2036 2090 etironia

459 2120 693 2190 quadam
726 2129 910 2187 utens,
949 2123 1081 2186 «An,
1116 2122 1312 2191 inquit,
1353 2138 1558 2179 novum
1580 2132 1663 2181 est
1697 2125 2035 2192 hominibus,

458 2210 604 2278 quod
638 2210 779 2265 Deus
809 2210 975 2266 alicui
1006 2211 1213 2267 homini
1240 2227 1307 2267 ex
1339 2212 1557 2269 illorum
1578 2230 1810 2271 numero
1830 2216 2038 2270 revela-

458 2302 598 2357 verit
637 2302 825 2357 testari
842 2302 1157 2359 hominibus
1184 2311 1238 2359 et
1260 2306 1642 2377 evangelizare
1664 2306 2034 2372 credentibus,

457 2394 605 2462 quod
636 2393 773 2463 ipsis
802 2402 888 2450 est
928 2394 1329 2450 incrementum
1361 2411 1549 2452 verum
1578 2412 1610 2453 a
1666 2396 1900 2457 Domino
1951 2399 2035 2468 ip-

459 2484 689 2539 sorum?
736 2504 756 2539 ι
794 2485 922 2541 Haec
948 2486 1159 2543 scilicet
1187 2496 1447 2557 tanquam
1484 2503 1554 2544 ea
1579 2489 1674 2546 Dei
1702 2504 1938 2561 persona
1964 2490 2032 2546 de

458 2591 520 2633 se
578 2578 700 2649 ipso
736 2578 829 2635 ait.
878 2578 1082 2635 Deinde
1132 2579 1345 2636 inducit
1400 2580 1655 2638 homines
1693 2582 1892 2638 merito
1920 2597 2028 2638 non

460 2668 770 2734 credentes,
805 2670 1158 2742 dicentesque
1200 2689 1215 2727 :
1255 2671 1447 2744 Magus
1498 2673 1589 2729 hic
1617 2683 1722 2730 est.
1755 2672 1872 2730 Hoc
1917 2674 2033 2744 ipse

457 2762 527 2819 de
556 2777 636 2819 se.
672 2762 783 2819 Nos
809 2778 939 2819 vero
966 2766 1032 2820 ad
1063 2766 1303 2835 priorem
1327 2767 1600 2824 sermonis
1644 2772 1857 2838 partem
1896 2768 2033 2823 dici-

458 2868 605 2919 mus,
637 2853 781 2909 haud
812 2869 944 2911 sane
975 2871 1177 2911 novum
1209 2872 1349 2924 esse,
1382 2859 1527 2928 quod
1558 2873 1621 2914 ex
1665 2859 1775 2917 Deo
1825 2859 2031 2915 revele-

457 2956 549 3000 tur
571 2946 775 3018 aliquid
808 2957 864 3003 ct
887 2950 1292 3022 evangelizetur
1351 2951 1725 3018 credentibus,
1748 2952 1878 3022 quia
1911 2951 2031 3008 sine

454 3037 622 3093 dubio
654 3040 1058 3095 incrementum
1094 3041 1203 3098 illis
1228 3041 1288 3095 lit
1324 3056 1353 3097 a
1376 3040 1510 3098 Deo.
1544 3043 1699 3110 Quod
1722 3053 1904 3099 tamen
1935 3059 2029 3100 ve-

453 3141 576 3182 rum
612 3128 1008 3186 incrementum
1033 3131 1178 3187 circa
1199 3131 1575 3190 Moliamedem
1609 3133 1813 3189 factum
1844 3136 1938 3201 sit,
1973 3134 2028 3189 id

2143 664 2217 735 μὴ
2268 664 2470 734 γυμνὸς
2501 664 2779 727 παντελῶς
2810 664 2906 717 τοῦ
2973 664 3161 716 δούλου
3215 667 3585 735 καταληφθεὶς
3624 685 3707 720 συ-

2142 754 2394 825 σκελισθῇ
2418 797 2431 817 ,
2464 754 2577 807 ἀλλ’
2614 755 2694 806 ὅτι
2722 754 2884 817 αὐτὸς
2920 754 3049 816 Υἱός
3081 755 3229 807 ἐστιν
3251 771 3266 786 ’
3298 757 3374 818 ὡς
3403 755 3469 807 ἂν
3517 758 3565 808 εί
3602 757 3707 809 ἔλε-

2139 858 2255 909 γεν,
2286 842 2365 895 ὃτι
2398 842 2460 895 Et
2489 843 2672 896 θέλετε
2698 842 2827 896 Υἱδν
2852 842 2987 896 Θεοῦ
3016 843 3321 912 ὁμολογεῖν,
3354 845 3466 913 ἐγὼ
3498 844 3593 897 τοῦ
3622 847 3713 897 λα-

2139 932 2399 1003 λουμένου
2443 932 2772 1004 ἐγγύτερον·
2829 930 2946 987 εἶτα
2992 934 3393 1006 βαττολογήσας
3437 938 3556 991 τινὰ
3589 939 3711 991 ἀσέ-

2143 1044 2309 1096 μνως,
2355 1025 2450 1080 καὶ
2477 1027 2585 1080 τῶν
2629 1027 2795 1080 αὑτοῦ
2848 1027 3126 1099 φλυαριῶν
3183 1029 3271 1083 διὰ
3304 1031 3573 1103 φλυαρίας
3620 1033 3713 1097 τὰς

2139 1118 2440 1184 ἀποδείξεις
2472 1119 2792 1172 πιστοῦσθαι
2828 1119 3217 1191 ἀϐρυνόμενοςρ,
3250 1122 3525 1193 μέμνηταί
3559 1141 3713 1178 τινων

2139 1211 2382 1280 Θαμοὺτ,
2431 1212 2525 1266 καὶ
2556 1212 2799 1281 Μαδιάμ,
2855 1213 2949 1266 καὶ
3006 1214 3384 1285 Ματευχαμάτ
3436 1214 3535 1285 (4),
3584 1217 3714 1285 πρὸς

2140 1300 2233 1365 οὒς
2262 1301 2477 1372 ἔφερον,
2497 1303 2698 1373 φησιν,
2730 1304 2777 1356 οἱ
2808 1304 3095 1357 ἀπόστολοι
3122 1305 3303 1359 αὐτῶν
3342 1307 3442 1376 τὴν
3469 1307 3711 1376 φανέρωο

2142 1409 2244 1458 σιν,
2270 1393 2480 1463 ἀδήλων
2506 1394 2673 1447 ὄντων
2705 1394 2910 1448 τούτων
2944 1396 3039 1451 καὶ
3067 1397 3494 1465 ἀναποδείκτων,
3530 1398 3716 1468 ὥσπερ

2138 1482 2202 1553 δὴ
2233 1483 2325 1535 καὶ
2357 1483 2519 1547 αὐτός
2541 1501 2554 1514 ·
2614 1485 2708 1537 καὶ
2757 1484 2959 1548 εὐθέως
3002 1486 3358 1557 ὲκστρατεύει
3397 1488 3524 1541 καθ’
3558 1488 3716 1557 ἡμῶν

2137 1575 2264 1637 τοὺς
2294 1574 2622 1646 βαρϐάρους,
2652 1576 2835 1630 καῖ’τὰ
2866 1578 2946 1641 εἰς
2976 1576 3134 1631 τοῦτο
3179 1579 3376 1643 αὐτοὺς
3405 1578 3717 1650 ὲρεθίζοντα

2139 1663 2585 1737 καθυλακτήσας,
2615 1670 2920 1723 ἀποκόπτει
2948 1668 3039 1723 τὸν
3074 1669 3377 1741 φλήναφον.

2651 1760 3092 1815 ΕΛΕΓΚΤΙΚΟΣ
3142 1762 3198 1816 Θ¹
3208 1803 3222 1819 .

2212 1850 2305 1915 ξδ’.
2342 1850 2407 1906 '0
2447 1851 2634 1916 ἔνατος
2677 1853 2755 1923 τῷ
2809 1854 3057 1924 Μωάμετ
3092 1854 3261 1924 μῦθος
3311 1855 3716 1929 ἐπιγέγραπται

2150 1946 2247 2016 μὲν
2265 1947 2367 2012 Εἰς
2410 1945 2518 1999 τὸν
2561 1946 2784 2012 Ἰωνᾶν,
2824 1947 2979 2000 οὐδὲν
3036 1947 3091 2001 δὲ
3119 1947 3214 2001 τοῦ
3260 1949 3412 2003 Ἰωνᾶ
3459 1952 3519 2003 ἐν
3569 1952 3717 2021 αὐτῷ

2146 2038 2407 2107 φέρεται·
2439 2036 2555 2091 ἀλλ’
2589 2036 2791 2101 εύθέως
2842 2039 2907 2091 ὲκ
2962 2039 3263 2109 προοιμίων
3292 2040 3368 2111 (5)
3395 2040 3585 2112 ὥσπερ
3623 2060 3718 2112 μα-

2143 2132 2375 2202 χόμενος
2403 2131 2499 2184 καὶ
2533 2130 2782 2199 ἐγκαλῶν
2814 2132 2846 2203 ἢ
2884 2135 3307 2205 είρωνευόμενος
3337 2136 3717 2205 ἐπεισέρχεται

2142 2223 2315 2292 λέγων
2336 2240 2349 2255 ·
2388 2243 2407 2276 ι
2436 2219 2581 2296 *Αρα
2604 2221 2671 2297 ἦν
2706 2228 2818 2288 τοῖς
2856 2224 3162 2296 ἀνθρώποις
3198 2226 3347 2293 ξένον
3398 2230 3480 2282 ὅτι
3509 2228 3720 2282 ἀπεκάο·

2143 2312 2308 2383 λυψεν
2336 2315 2364 2367 ὁ
2392 2313 2525 2376 Θεὸς
2557 2314 2694 2385 πρὸς
2746 2315 3033 2385 ἄνθρωπον
3067 2316 3125 2380 ἐξ
3151 2316 3328 2371 αὐτῶν
3360 2317 3455 2369 τοῦ
3482 2318 3719 2388 διαμαρ-

2144 2404 2413 2475 τύρασθαι
2465 2405 2575 2469 τοῖς
2633 2402 2944 2476 ἀνθρώποις
2995 2405 3086 2459 καὶ
3112 2406 3574 2475 εὐαγγελίσασθαι
3614 2412 3718 2472 τοῖς

2145 2484 2502 2551 πιστεύσασιν
2523 2498 2603 2551 ὅτι
2632 2497 2780 2551 ἐστιν
2809 2498 2993 2561 αὐτοῖς
3024 2500 3280 2570 προκοπὴ
3310 2500 3539 2573 ἀληθινὴ
3570 2505 3717 2570 παρὰ

2143 2588 2236 2642 τοῦ
2268 2590 2473 2659 Κυρίου
2495 2590 2707 2657 abstitit;
2743 2608 2761 2641 ι
2800 2590 2972 2644 ταῦτα
3000 2592 3054 2644 δὲ
3082 2592 3157 2656 ὡς
3190 2593 3253 2646 ὲκ
3302 2594 3600 2664 προσώπου
3629 2597 3717 2665 δῆ-

2141 2678 2233 2734 θεν
2267 2680 2403 2733 Θεοῦ
2432 2680 2580 2749 λέγει
2612 2682 2740 2753 περὶ
2772 2681 2965 2736 αὐτοῦ’
3006 2677 3125 2736 εἶτα
3166 2685 3377 2754 εἰσάγει
3427 2688 3554 2750 τοὺς
3604 2690 3717 2752 καὶ,

2139 2770 2283 2825 κατὰ
2306 2771 2365 2824 τὸ
2388 2773 2558 2839 εἰκὸς,
2588 2772 3003 2838 διαπιστοῦντας
3022 2775 3116 2828 καὶ⁸
3134 2775 3411 2844 λέγοντας,
3439 2778 3522 2831 ὅτι
3553 2775 3719 2843 Οὗτος

2140 2863 2426 2934 φαρμακός
2456 2864 2639 2918 ἐστιν·
2682 2864 2841 2918 τοῦτο
2887 2866 3051 2931 αὐτὸς
3082 2868 3222 2939 ὑπὲρ
3263 2869 3481 2925 ἑαυτοῦ.
3526 2868 3717 2940 Ἡμεῖς

2137 2954 2194 3008 δὲ
2217 2955 2355 3025 πρὸς
2401 2956 2493 3008 τὸν
2527 2955 2743 3027 πρῶτον
2800 2957 2956 3027 λόγον
2993 2960 3055 3013 οὐ
3103 2961 3245 3015 πάνυ
3272 2965 3452 3033 φαμὲν
3481 2963 3637 3029 ξένον
3662 2968 3717 3019 τὸ

2139 3046 2290 3118 παρά
2320 3047 2455 3101 Θεοῦ
2486 3049 2937 3121 ἀποκαλυφθῆναι
2994 3052 3087 3107 καὶ
3117 3054 3573 3125 εύαγγελισθῆναι
3610 3061 3717 3121 τοῖς

2138 3140 2504 3210 πιστεύουσιν,
2535 3143 2618 3195 ὅτι
2648 3141 2796 3196 ἐστιν
2832 3144 3015 3210 αὐτοῖς
3042 3146 3294 3219 προκοπὴ
3328 3148 3557 3221 ἀληθινὴ
3588 3153 3716 3222 παρ’

453 3233 576 3273 cum
619 3229 816 3290 putum
868 3222 1212 3279 mendacium
1268 3234 1557 3296 appareat;
1599 3225 1875 3281 hominem
1930 3227 2026 3298 qui

2135 3234 2303 3288 αὑτοῦ
2326 3252 2341 3267 θ
2367 3235 2472 3300 ἕως
2498 3236 2543 3290 δ’
2571 3237 2636 3292 ἂν
2657 3237 2900 3312 ἀληθεύῃ
2927 3241 3008 3305 τὸ,
3039 3241 3288 3313 προκοπὴ
3314 3242 3570 3314 ἀληθινὴ,
3595 3248 3716 3316 περὶ

452 3310 560 3367 hoc
607 3313 713 3369 sibi
768 3316 1071 3371 revelatum
1118 3317 1273 3386 dicit,
1299 3332 1399 3372 ceu
1430 3333 1561 3374 vere
1591 3318 1906 3384 scelestum,
1948 3331 2031 3376 at-

451 3419 560 3474 que
586 3414 647 3461 ut
688 3406 806 3477 ipse
853 3408 930 3463 ait
984 3424 1227 3480 magum,
1273 3410 1681 3467 abominamur.
1710 3411 2029 3468 Abrahamo

452 3498 529 3552 ita
575 3497 778 3553 factum
837 3501 1066 3566 scimus,
1123 3517 1302 3573 neque
1353 3502 1668 3560 miramur:
1710 3504 1837 3559 Vult
1889 3506 2028 3559 enim

452 3588 595 3644 Deus
622 3607 799 3646 omnes
831 3594 1069 3648 homines
1099 3594 1327 3660 salvare,
1362 3604 1411 3650 et
1441 3596 1509 3649 ad
1543 3597 1865 3667 agnitionem
1894 3598 2028 3651 veri-

453 3682 579 3735 tatis
608 3683 780 3737 venire
818 3684 881 3739 ‘9.
915 3683 1129 3741 Etenim
1159 3702 1225 3741 ex
1277 3686 1617 3743 idololatrica
1648 3687 1869 3743 inscitia
1898 3703 2026 3758 pro-

449 3772 615 3828 cessit
640 3774 982 3832 Ahrahamus
1004 3776 1055 3831 in
1074 3776 1471 3833 incrementum
1494 3793 1681 3834 verum
1715 3779 1912 3835 divinae
1930 3795 2029 3835 no-

449 3862 603 3930 titiae,
627 3865 753 3934 quia
779 3865 896 3921 haec
918 3868 968 3921 ei
1001 3869 1241 3924 revelata
1271 3884 1301 3923 a
1326 3868 1436 3925 Deo
1463 3869 1602 3936 fuit;
1633 3882 1690 3926 et
1712 3886 1837 3926 mox
1858 3886 2024 3941 opera

446 3952 567 4024 ejus
598 3955 851 4027 religiosa
890 3957 1265 4015 manifestiora
1297 3971 1610 4027 evaserunt,
1644 3961 1895 4019 veritatis
1925 3979 2022 4019 co-

446 4047 748 4117 gnitionem
801 4049 1095 4108 lirmantia.
1136 4050 1268 4108 Post
1312 4053 1468 4107 illum
1527 4053 1711 4110 denuo
1766 4055 2023 4112 novimus

447 4137 1085 4209 Moyscmilluminatum
1127 4160 1158 4199 a
1214 4144 1348 4211 Deo,
1385 4146 1457 4202 ob
1486 4148 1800 4203 testandum
1847 4151 2024 4204 homi-

448 4230 630 4297 nibus,
652 4233 796 4303 quod
828 4234 963 4303 ipsis
991 4235 1342 4291 credentibus
1370 4237 1880 4295 [iatincremcntum
1927 4256 2021 4295 ve-

449 4338 571 4377 rum
610 4339 640 4378 a
686 4323 925 4381 Domino
983 4327 1255 4397 ipsorum.
1280 4330 1464 4400 Atque
1495 4331 1570 4385 ita
1599 4347 1792 4402 reapse
1820 4335 2021 4389 evenit.

446 4411 694 4486 Namque
724 4418 793 4471 ab
830 4418 1127 4474 Abrahami
1153 4420 1330 4476 adhuc
1350 4421 1669 4491 imperlecta
1708 4422 1801 4479 Dei
1828 4426 2023 4480 notitia

445 4515 500 4560 ct
529 4507 656 4562 vita:
696 4508 967 4575 instituto,
1002 4510 1073 4565 ad
1118 4510 1504 4581 perfectiorem
1554 4514 1794 4570 divinam
1846 4517 2022 4572 scien-

2131 3326 2297 3382 αὐτοῦ
2336 3346 2352 3362 ο
2382 3329 2571 3383 τούτου
2624 3331 2681 3384 δὲ
2721 3330 2948 3401 ψεύδους
2972 3334 3294 3404 πεφηνότος,
3352 3336 3443 3390 τὸν
3490 3337 3715 3408 λέγοντα

2130 3420 2580 3490 ἀποκεκαλύφθαι
2606 3440 2659 3476 τι
2690 3422 2953 3488 τοιοῦτον,
2984 3423 3059 3488 ὡς
3088 3426 3288 3498 ἀνομον
3320 3428 3560 3498 ἀληθῶς,
3603 3434 3712 3496 καὶ,

2129 3507 2204 3573 ὡς
2234 3510 2397 3574 αὑτός
2428 3529 2584 3582 φησι,
2639 3513 2932 3583 φαρμακὸν
2980 3515 3440 3587 ἀποστρεφόμεθα
3463 3535 3476 3549 ·
3526 3520 3623 3573 τόν
3659 3538 3714 3574 τε

2129 3600 2238 3671 γὰρ
2280 3600 2534 3673 Ἀϐραὰμ
2561 3604 2801 3659 τοιοῦτον
2832 3606 3099 3677 ἔγνωμεν,
3134 3609 3228 3661 καὶ
3268 3610 3328 3662 ού
3359 3609 3712 3682 ξενιζόμεθαο

2132 3696 2304 3749 Θέλει
2328 3698 2441 3766 γὰρ
2466 3700 2499 3751 d
2544 3699 2688 3767 Θεὸς
2717 3701 2950 3768 πάντας
2990 3703 3342 3773 ἀνθρώπους
3368 3706 3589 3774 σῶσαι,
3619 3708 3712 3765 καὶ

2132 3788 2220 3854 είς
2242 3786 2577 3857 ἐπίγνωσιν
2591 3789 2879 3859 ἀληθείας
2904 3793 3125 3848 ἐλθεῖν·
3156 3796 3219 3848 ὲκ
3241 3795 3350 3865 γὰρ
3368 3798 3467 3869 τῆς
3483 3800 3712 3853 εἰδώλων

2127 3878 2401 3946 ἀγνωσίας
2430 3881 2634 3954 προέϐη
2660 3882 2689 3934 ὁ
2728 3883 2978 3956 ’Λϐραάμ
3009 3885 3089 3948 είς
3115 3888 3399 3961 προκοπὴν
3451 3892 3712 3963 ἀληθινὴν

2126 3968 2478 4038 θεογνωσίας,
2504 3972 2591 4025 διὰ
2618 3972 2678 4026 τδ
2703 3974 3165 4047 ἀποκαλυφθῆναι
3197 3980 3344 4051 αὐτῷ
3383 3981 3544 4036 τοῦτο
3563 3986 3709 4055 παρὰ

2123 4061 2260 4115 Θεοῦ
2288 4078 2303 4093 ·
2337 4064 2525 4118 καὶτὰ
2555 4066 2693 4137 ἔργα
2727 4067 2876 4139 αύτῷ
2913 4070 3014 4140 τῆς
3040 4070 3351 4138 θεοσεϐείας
3386 4076 3710 4148 ἑκδηλότερα

2122 4153 2317 4222 γέγονε
2348 4153 2669 4224 βεϐαιοῦντα
2690 4160 2788 4230 τὴν
2817 4163 2913 4232 τῆς
2941 4162 3198 4234 ἀληθείας
3229 4166 3547 4235 ἐπίγνωσιν.
3578 4172 3708 4224 Μετ’

2122 4246 2330 4301 ἐκεῖνον
2360 4248 2521 4304 πάλιν
2556 4250 2802 4322 ἔγνωμεν
2816 4254 3057 4308 Μωῦσέα
3078 4257 3533 4330 ἀποκαλυφθέντα
3562 4265 3708 4336 παρὰ

2122 4339 2259 4393 Θεοῦ
2289 4340 2765 4415 διαμαρτύρασθαι
2800 4349 2912 4407 τοῖς
2947 4339 3280 4419 ἀνθρώποις,
3314 4352 3393 4406 ὅτι
3427 4353 3578 4407 ἔστιν
3613 4356 3709 4409 αὐ-

2122 4435 2235 4496 τοῖς
2271 4436 2522 4506 προκοπὴ
2575 4437 2804 4510 ἀληθινὴ
2832 4442 3152 4496 πιστεύουσι
3188 4445 3339 4515 παρά
3373 4446 3466 4499 τοῦ
3499 4448 3704 4518 Κυρίου

2122 4525 2303 4578 αὐτῶν
2325 4542 2339 4558 ·
2364 4528 2459 4581 καὶ
2494 4530 2713 4597 ἐγένετο
2769 4532 2927 4586 τοῦτο
2953 4550 2967 4564 ⁶
3013 4536 3119 4590 ἀπὸ
3152 4539 3257 4610 γάρ
3290 4538 3391 4609 τῆς
3444 4544 3572 4612 περὶ
3614 4542 3706 4595 τὸν

447 4593 578 4649 tiam
640 4611 929 4669 moresque
968 4599 1195 4657 deduxit
1252 4602 1398 4657 illius
1450 4614 1705 4673 posteros
1762 4607 1868 4661 lex.
1900 4606 2016 4663 Nisi

2134 4616 2387 4689 Ἀϐραὰμ
2442 4593 2797 4688 ἔτι-ἀτελοῦς
2843 4624 3008 4695 οὔσης
3057 4593 3387 4697 θεοένῷσίαὶέ
3429 4593 3703 4687 κάξ

443 4684 592 4739 enim
653 4686 758 4741 hoc
807 4688 1160 4760 concedatur,
1226 4706 1631 4763 supervacanea
1695 4695 2015 4754 fueruntet

2133 4684 2291 4775 τείας,
2327 4684 2420 4762 ἐπὶ
2447 4711 2543 4782 τὴν
2582 4684 2788 4781 μᾶλλον
2827 4684 3038 4771 τελείαν
3066 4684 3395 4789 θεογνωσίαν
3421 4684 3518 4777 καί
3551 4684 3700 4777 πολι-

445 4776 757 4846 importuna
780 4780 966 4835 omnia
1006 4781 1142 4854 legis
1174 4784 1447 4853 instituta,
1484 4796 1539 4843 et
1586 4788 1907 4858 Sabbatum,
1959 4803 2014 4849 et

446 4864 557 4922 Deo
606 4870 967 4939 acceptabiles
1021 4872 1235 4940 hostia),
1280 4892 1415 4946 qua:
1470 4880 1657 4934 omnia
1692 4881 2013 4938 Abrahamo

445 4958 595 5013 fuere
615 4959 891 5032 incognita
911 4981 925 5029 ;
947 4965 1095 5034 quod
1116 4959 1453 5037 impossibile
1471 4980 1575 5027 est.
1600 4970 1730 5027 Post
1749 4972 2008 5044 Moysem,

442 5058 502 5104 ut
539 5065 756 5123 pergam
802 5055 879 5110 uti
928 5057 1277 5115 revelationis
1334 5062 1579 5129 nomine,
1615 5063 1792 5119 donec
1823 5067 2006 5122 exitus

439 5141 628 5197 omnia
658 5144 991 5215 manifestet,
1047 5149 1309 5206 revelavit
1347 5151 1494 5209 Deus
1535 5169 1630 5224 per
1645 5153 1829 5211 Jesum
1853 5156 2012 5212 Chri-

440 5240 587 5289 stum
619 5235 965 5305 hominibus,
1013 5243 1158 5311 quod
1194 5241 1255 5297 fit
1301 5243 1431 5313 ipsis
1477 5246 1871 5303 incrementum
1922 5265 2013 5306 ve—

2119 4800 2270 4854 τείαν
2297 4801 2498 4873 ἀνῆγεν
2528 4805 2654 4869 τοὺς
2683 4807 2847 4861 αὐτοῦ
2877 4811 3135 4878 ἐκγόνους
3171 4814 3199 4863 ὁ
3227 4814 3321 4868 τοῦ
3340 4816 3477 4870 Θεοῦ
3508 4819 3696 4889 νόμοςσ

2119 4892 2169 4944 εί
2202 4892 2311 4964 γὰρ
2341 4894 2416 4965 μὴ
2444 4895 2602 4950 τοῦτο
2628 4898 2778 4971 δοθῇ,
2804 4904 3035 4971 περιττά
3060 4905 3153 4958 καὶ
3185 4906 3390 4979 ἄκαιρα
3426 4911 3602 4965 πάντα
3631 4917 3698 4965 τὰ

2118 4983 2213 5037 τοῦ
2246 4986 2436 5055 νόμου,
2464 4989 2525 5042 τό
2555 5007 2613 5043 τε
2646 4992 2915 5047 σάϐϐατον
2950 4997 3044 5049 καὶ
3079 4998 3135 5049 αί
3172 4999 3443 5055 θεόδεκτοι
3497 5003 3697 5068 θυσίαι,

2112 5076 2268 5131 ἅτινα
2303 5079 2556 5152 ’Λϐραάμ
2587 5083 2686 5139 οὐκ
2710 5085 2848 5156 ᾔδει,
2873 5088 3012 5160 ὅπερ
3042 5090 3325 5161 ἀδύνατον.
3355 5095 3514 5149 Μετά
3537 5096 3698 5149 Μωῡ·

2112 5167 2230 5234 σέα,
2266 5168 2353 5222 ἵνα
2410 5174 2851 5245 καταχρήσωμαι
2886 5177 2965 5248 τῷ
2999 5180 3097 5246 τῆς
3146 5181 3550 5253 ἀποκαλύψεως
3577 5186 3693 5238 ὀνό-

2112 5277 2263 5329 ματι,
2290 5261 2397 5326 ἕως
2421 5262 2487 5317 ἂν
2517 5267 2549 5336 ἡ
2592 5266 2820 5334 ἔκϐασις
2849 5271 2910 5323 τὸ
2939 5273 3046 5325 πᾶν
3078 5272 3316 5346 δηλώσῃ,
3345 5277 3693 5347 ἀπεκάλυψεν

445 5340 590 5392 rum,
629 5327 980 5386 credentibus
1009 5331 1236 5400 scilicet,
1263 5349 1294 5389 a
1330 5333 1591 5403 Domino;
1650 5339 1926 5412 verbaque
1954 5343 2010 5398 in

2133 5350 2294 5417 ιΘεδς
2315 5352 2403 5408 διὰ
2444 5327 2618 5426 Ἰησοῦ
2653 5327 2892 5432 Χριστοῦ
2920 5365 3033 5427 τοῖς
3066 5327 3397 5438 ἀνιθρώπδις,
3440 5370 3522 5423 ὅτι
3547 5327 3692 5423 ἔστιν

440 5435 553 5475 rem
594 5420 792 5476 collata
846 5421 999 5480 fuere
1024 5439 1038 5476 :
1064 5439 1191 5479 nam
1224 5434 1280 5482 et
1312 5428 1405 5484 Dei
1435 5429 1676 5499 cognitio
1698 5430 1918 5499 clarior,
1949 5443 2007 5489 et

434 5513 559 5570 vita).
580 5527 701 5569 mos
732 5515 1042 5572 accuratior
1066 5517 1292 5576 exstitit.
1316 5519 1481 5593 quue
1510 5523 1595 5582 vel
1614 5524 1739 5582 inde
1769 5539 2004 5598 constat,

506 5695 550 5728 "
582 5699 603 5751 Ι
632 5698 774 5758 Tim.
803 5718 865 5772 ιι,
900 5705 959 5760 ι.

505 5861 581 5933 (4)
611 5862 783 5922 Aliter
799 5865 887 5923 hic
900 5867 1047 5924 vides
1075 5869 1217 5940 apud
1238 5869 1587 5933 Maraccium.

2114 5440 2300 5504 αὐτοῖς
2316 5445 2569 5517 προκοπὴ
2591 5448 2817 5521 ἀληθινὴ
2831 5451 2943 5515 τοῖς
2963 5453 3275 5509 πιστεύουσι
3301 5460 3450 5526 παρὰ
3465 5460 3543 5512 Κυ
3551 5458 3687 5529 ρίου·

2080 5616 2087 5622 .
2117 5532 2210 5586 καὶ
2237 5532 2394 5605 ἔσχεν
2421 5537 2450 5590 ό
2470 5536 2627 5607 λόγος
2652 5540 2710 5594 τὸ
2736 5540 2896 5614 ἔργον
2923 5544 3097 5616 πέρας
3123 5563 3137 5579 '
3172 5548 3206 5619 ἦ
3236 5565 3296 5602 τε
3325 5550 3431 5623 γὰρ
3462 5551 3686 5620 Θεογνω-

2189 5888 2267 5960 (5)
2295 5888 2418 5948 Sur.
2451 5890 2520 5961 Χ,
2554 5893 2606 5948 5.
