3882 6474
245 417 348 484 753

1410 434 1840 496 REFUTATIO
1882 380 2350 501 MOHKMEDIS.

3383 448 3489 513 754

242 532 329 587 σία
380 535 715 604 τρανοτέρα,
752 538 845 591 καὶ
895 538 929 609 ἡ
982 539 1228 597 πολιτεία
1281 541 1649 615 ἀκριϐεστέρα
1683 546 1807 600 καθ·

1916 548 2063 617 quod
2122 549 2366 618 antiquis
2396 546 2606 604 dictum
2635 548 2757 617 fuit,
2800 549 2886 608 Ne
2931 553 3186 613 occidam
3215 558 3297 629 “;
3331 561 3489 619 nobis

238 626 435 695 ἔστηκε
456 643 474 659 ο
507 628 602 680 καὶ
628 628 787 696 δῆλον
806 631 867 683 ἐν
917 631 995 702 τῷ
1037 633 1268 697 ἐκείνοις
1301 636 1399 704 μὲν
1428 635 1704 705 λέγεσθαι,
1738 637 1813 707 μὴ

233 717 531 785 φονεῦσαι
559 734 572 747 ⁸
604 721 737 788 ἡμῖν
764 720 842 785 δέ,
867 720 953 789 μὴ
985 722 1356 793 ὀργισθῆναι.

303 806 395 872 ξε’.
430 810 598 863 ρἘπεὶ
628 810 721 864 οὖν
777 815 1027 884 προκοπὴ
1063 815 1288 886 ἀληθινὴ
1339 817 1659 887 καθορᾶται,
1718 820 1814 873 ἐπὶ

236 904 333 971 μὲν
377 903 627 974 ’Δὸραάμ
656 905 764 957 ἀπὸ
805 905 915 958 τῶν
957 906 1194 960 εἰδώλων
1229 908 1503 975 ἀγνωσίας
1548 909 1683 963 Θεοῦ
1719 911 1812 964 ἐπὶ

230 994 382 1063 θεῷ·
423 996 516 1047 καὶ
573 996 785 1065 μάρτυς
815 999 843 1050 6
881 996 994 1067 βίος
1041 999 1208 1052 αὐτοῦ
1233 1016 1248 1032 ο
1282 1000 1391 1053 ἀπὸ
1437 1001 1689 1072 Ἀὕραάμ
1718 1003 1812 1056 ἐπὶ

225 1087 318 1139 τὸν
349 1090 514 1157 νόμον
548 1090 803 1160 προκοπὴ
836 1090 1061 1162 ἀληθινή
1087 1109 1102 1124 ο
1142 1093 1237 1145 καὶ
1291 1096 1615 1165 μαρτυρεῖή
1645 1095 1809 1149 εὐτα-

227 1179 317 1242 ξία
343 1182 442 1250 τῆς
469 1182 793 1251 νομοθεσίας
816 1199 829 1213 ⁸
859 1184 966 1237 ἀπὸ
1017 1183 1074 1237 δὲ
1107 1183 1202 1238 τοῦ
1235 1186 1401 1256 νόμου
1437 1187 1529 1241 ἐπὶ
1553 1187 1646 1242 τὸν
1695 1187 1810 1243 Κύ-

223 1288 345 1341 ριον
374 1259 534 1342 ἦμῶν
584 1275 792 1343 Ἰησοῦν
847 1275 1082 1347 Χριστὸν
1113 1279 1366 1349 προκοπὴ
1397 1278 1629 1350 ἀληθινή
1661 1295 1674 1308 ·
1712 1281 1808 1335 καὶ

224 1362 500 1429 μαρτυρεῖ
536 1362 595 1414 τὸ
648 1362 874 1431 ἀκριϐὲς
922 1367 1021 1434 τῆς
1067 1366 1429 1437 εὐαγγελικῆς
1494 1369 1801 1434 πολιτείας·

217 1452 323 1504 οὐκ
354 1452 467 1505 ἔστι
519 1453 669 1519 ξένον
714 1458 827 1515 τοῖς
883 1455 1209 1526 ἀνθρώποις,
1240 1459 1323 1512 ὅτι
1375 1459 1724 1529 ἀπεκάλυψεν
1777 1463 1807 1515 6

216 1544 356 1606 Θεὸς
382 1544 521 1614 πρὸς
556 1545 843 1616 ἄνθρωπον
876 1548 936 1614 ἐξ
991 1548 1172 1602 αὐτῶν
1206 1549 1301 1603 τοῦ
1328 1550 1805 1622 διαμαρτύρασθαι

214 1635 317 1686 καὶ
362 1635 818 1703 εὐαγγελίσασθαι
870 1641 982 1702 τοῖς
1012 1639 1358 1693 πιστεύουσιν
1409 1642 1493 1694 ὄτι
1521 1641 1636 1695 ἐστι
1673 1659 1806 1712 προ-

211 1726 366 1798 κοπὴ
396 1728 644 1800 ἀληθινή.
682 1730 924 1801 Εἴδωμεν
956 1730 1139 1785 λοιπὸν
1162 1733 1210 1785 εί
1228 1733 1319 1785 καὶ
1342 1734 1433 1787 ἐπὶ
1454 1734 1546 1787 τοῦ
1559 1735 1805 1805 Μωάμετ

209 1818 380 1873 τοῦτο
410 1823 632 1889 γεγονὸς
662 1821 891 1892 εὕρηται
909 1840 921 1853 ·
949 1823 1098 1877 δοκεί
1125 1825 1234 1896 γὰρ
1272 1825 1559 1896 σεμνύνειν
1585 1828 1679 1881 καλ⁵
1703 1828 1803 1898 τὴν

222 1885 839 1982 Ἀϐραάμ-πίστινίκαὶ
869 1914 958 1967 τὸν
985 1885 1171 1986 νόμον,
1204 1885 1308 1971 ’καὶ
1337 1885 1410 1970 ¹τὸ
1441 1885 1798 1988 Εύαγγέλιον·
1833 1885 1880 1947 Β

208 2003 309 2053 καὶ
342 2002 433 2054 τὸν
463 2004 560 2073 μὲν
602 2003 852 2075 ’Δϐραάμ
876 2006 971 2058 καὶ
1001 2008 1091 2060 τὸν
1119 2008 1304 2078 νόμον⁹
1335 2009 1498 2073 αὐτὸς
1530 2011 1631 2063 οὐκ
1659 2010 1807 2079 ὀφεί·

205 2092 294 2146 λει
331 2094 706 2164 παραυξῆσαι,
744 2096 805 2149 τὸ
855 2097 1037 2166 μέντοι
1070 2099 1402 2169 Εὑαγγέλιον
1446 2100 1506 2166 ἐξ
1536 2102 1802 2172 ἀνάγκης.

216 2186 690 2256 Ἐπισκεψώμεθα
721 2183 813 2241 οὖν
855 2189 977 2242 τίνα
1000 2190 1109 2243 τῶν
1163 2190 1394 2245 ἐντολῶν
1422 2191 1517 2245 τοῦ
1563 2192 1804 2263 Χριστοῦ

203 2277 529 2347 ἐπηύξησεν
549 2297 562 2310 ·
602 2275 712 2349 ἆρά
742 2297 805 2348 γε
838 2280 908 2334 τὰ
932 2283 1063 2353 περ)⁵
1106 2283 1206 2354 τῆς
1234 2284 1658 2357 ἀκτημοσύνης;
1695 2281 1808 2356 ἆρά

203 2388 271 2438 γε
307 2371 379 2424 τά
415 2375 546 2443 περὶ
573 2373 964 2445 σωφροσύνης;
994 2372 1104 2446 ἆρά
1127 2392 1190 2443 γε
1217 2376 1286 2429 τά
1309 2375 1438 2447 περὶ
1470 2378 1802 2448 ἀοργησίας;

202 2462 330 2516 ἀλλ’
353 2465 507 2518 οὐδὲν
534 2465 738 2521 τούτων
768 2468 900 2538 παρ’
929 2469 1093 2522 αὑτοῦ
1118 2469 1418 2540 καθορᾶται
1442 2482 1457 2497 ⁸
1484 2470 1684 2540 μᾶλλον
1707 2472 1808 2541 μὲν

202 2553 303 2610 οὖν
365 2559 461 2611 καὶ
512 2559 811 2613 ἀπεναντία
861 2561 1071 2624 τούτοις
1128 2564 1293 2615 πᾶσιν
1349 2562 1557 2633 ἔγραψέ
1606 2580 1665 2617 τε
1711 2566 1807 2618 καὶ

203 2648 412 2719 ἔδρασε
432 2666 448 2682 ο
476 2650 719 2705 λείπεται
748 2652 858 2722 ἀρα
886 2655 1088 2706 ἐννοεῖν
1116 2652 1176 2718 ἐξ
1204 2653 1448 2726 ἀνάγκης
1473 2654 1548 2726 μὴ
1576 2656 1641 2710 ἐκ
1669 2655 1805 2709 Θεοῦ

204 2741 383 2794 αὑτὸν
426 2742 919 2814 ἀποκαλυφθῆναν
978 2746 1011 2814 ἢ
1044 2744 1120 2808 ὡς
1172 2746 1246 2816 μὴ
1291 2746 1809 2819 διαμαρτυράμενον

202 2833 331 2894 τοῖς
386 2832 730 2905 ἀνθρώποις,
790 2835 925 2906 μηδέ
986 2835 1490 2908 εὐαγγελισάμενον
1545 2842 1657 2902 τοῖς
1716 2857 1809 2893 πι-

205 2924 474 2979 στεύουσι
500 2931 782 2997 προκοπὴν
812 2927 1095 2999 ἀληθινὴν,
1124 2930 1238 2982 ἀλλ’
1269 2930 1637 3002 ἀναστροφὴν,
1681 2933 1812 3001 μᾶλ-

202 3016 301 3071 λον
329 3017 391 3071 δὲ
430 3019 816 3092 καταστροφὴν
847 3022 942 3074 καὶ
991 3020 1301 3076 ἀπώλειαν·
1358 3023 1467 3077 ίδοὺ
1514 3024 1579 3093 δὴ
1611 3024 1702 3077 τὸν
1729 3025 1808 3077 ol-

203 3111 367 3164 κεῖον
402 3110 571 3165 αὐτοῦ
620 3111 798 3181 λόγον,
851 3112 1112 3183 γνώμονα
1154 3115 1249 3168 καὶ
1295 3116 1497 3168 κανόνα
1527 3116 1807 3181 λαὸόντες,

204 3202 275 3256 δι’
343 3202 512 3256 αὑτοῦ
564 3203 726 3257 αὑτὸν
781 3205 1172 3275 ἀπηλέγξαμεν
1226 3205 1301 3277 μὴ
1356 3207 1882 3287 ἁποκαλυφθένταο

204 3294 373 3363 παρὰ
406 3294 545 3347 Θεοῦ
566 3310 580 3325 ·
610 3296 728 3349 ἀλλ’
753 3296 830 3361 ὡς
854 3298 1015 3361 αὐτὸς
1038 3298 1138 3367 μὲν
1164 3298 1293 3370 ἔφη,
1324 3302 1617 3371 φαρμακός
1646 3302 1806 3368 ἔστω,

203 3386 253 3436 εἰ
294 3383 552 3454 βούλοιτο
577 3400 591 3416 ⁸
625 3384 767 3457 πλήν
797 3403 861 3455 γε
913 3388 1098 3443 θεόθεν
1124 3388 1277 3442 οὐδὲν
1301 3389 1462 3443 ἔλαϐε
1490 3407 1503 3419 ⁸
1530 3391 1724 3446 τούτου
1752 3393 1809 3445 δὲ

203 3474 494 3549 ἐκπεσὼν,
521 3476 641 3530 ὅποι
669 3476 733 3549 δὴ
790 3478 882 3531 καὶ
937 3478 1244 3545 τετάξεται,
1293 3479 1396 3534 οὐκ
1424 3481 1623 3553 ἄδηλον
1646 3499 1660 3514 ο
1715 3484 1810 3538 καὶ

203 3566 513 3636 ἀληθεύσει
552 3568 580 3620 6
608 3567 870 3639 εἰρηκὼς,
917 3570 1255 3625 Πεσοῦνται
1282 3572 1350 3625 ἐν
1375 3572 1810 3643 ἀμφιϐλήστρῳ

202 3656 422 3712 αὐτῶν
466 3660 522 3712 οι
551 3660 917 3728 ἁμαρτωλοί·
967 3660 1178 3715 τούτων
1232 3662 1396 3717 αὑτοῦ
1427 3663 1534 3719 τῶν
1568 3666 1810 3736 ἀφαυρο-

202 3752 397 3804 τάτων
430 3750 649 3819 λογίων,
685 3750 764 3804 ἔτι
796 3750 1101 3822 σαθρότερα
1137 3752 1386 3822 ῥησείδια
1417 3753 1805 3823 ὑποτιθέμενα,

202 3842 299 3895 διὰ
331 3841 437 3912 τὴν
467 3842 704 3913 παντελῆ
759 3841 1034 3913 χαύνωσιν
1086 3844 1181 3897 καὶ⁴
1225 3845 1535 3915 ἀδράνειαν,
1586 3844 1808 3914 εὔλογον

205 3935 472 4007 παριδεῖν
500 3936 799 4006 ἐκρίναμεν
824 3951 837 3965 ⁶
867 3937 1084 4004 φύσεως
1125 3936 1224 4006 μὲν
1255 3938 1363 4008 γὰρ
1402 3937 1476 4007 τῷ
1513 3938 1627 3991 δντι
1649 3954 1811 4008 πονη-

210 4030 315 4098 ρᾶς
351 4029 448 4080 καὶ
490 4027 815 4093 πολυλάλου,
852 4029 1054 4100 μᾶλλον
1098 4029 1156 4082 δὲ
1191 4029 1433 4100 φλυάρου
1492 4030 1588 4083 καὶ
1638 4047 1809 4099 γραο-

208 4117 470 4188 πρεποῦς
525 4118 823 4189 ἐτύγχανεν
847 4135 860 4148 ·
910 4120 990 4172 ἔτι
1028 4119 1086 4172 δὲ
1119 4122 1213 4174 καὶ
1241 4119 1425 4189 δειλῆς
1467 4121 1561 4173 καὶ
1590 4121 1808 4189 ὀργίλου

207 4213 310 4264 καὶ
345 4208 582 4264 ὑπούλου
613 4212 707 4265 καὶ
763 4211 1212 4283 μεγαλορήμονος
1238 4228 1251 4244 ο
1300 4212 1395 4266 καὶ
1427 4212 1527 4266 οὐκ
1575 4210 1672 4267 οἷδ’
1698 4214 1727 4267 ὃ
1755 4232 1809 4267 τι

208 4301 394 4354 κακὸν
446 4302 664 4355 ἐνέλιπε
714 4302 793 4373 τῷ
843 4303 1076 4375 διαϐόλῳ
1116 4305 1255 4375 ὅπερ
1290 4304 1438 4375 αὐτῷ
1468 4304 1528 4358 ού
1562 4306 1801 4376 προσῆνο

207 4392 387 4461 ὀρθῆς
413 4390 473 4445 δέ
500 4392 734 4463 κρίσεως
773 4394 868 4447 καὶ
900 4394 1138 4457 διανοίας
1167 4394 1428 4463 εύστόχου
1462 4395 1810 4448 παντάπασιν

209 4486 451 4554 ἄμοιρος
474 4484 639 4538 αὐτοῦ
670 4485 700 4537 6
728 4486 836 4549 πᾶς
857 4484 1012 4553 λόγος
1037 4484 1298 4554 τυγχάνει
1324 4501 1338 4516 ο
1365 4485 1445 4537 διδ
1477 4487 1641 4539 αὐτὸν
1666 4503 1808 4556 παρα

1917 648 2121 708 autem,
2155 640 2231 696 Ne
2256 641 2563 697 irascamini
2593 642 2662 699 “.

1985 816 2076 872 65.
2119 816 2321 874 Verum
2360 834 2489 890 ergo
2522 820 2921 877 incrementum
2968 824 3349 894 conspicitur;
3387 828 3491 883 sub

1914 904 2232 963 Abrahamo
2259 911 2477 980 quidem
2521 911 2591 965 ad
2642 911 2989 968 idololatrica
3015 916 3235 971 inscitia
3274 917 3391 983 Dei,
3423 920 3494 973 ad

1914 992 2085 1049 Deum
2118 996 2337 1065 ipsum;
2367 998 2529 1068 cujus
2554 999 2628 1055 rei
2651 1000 2806 1056 testis
2838 1002 2948 1057 vita
2976 1002 3170 1073 ipsius.
3204 1004 3285 1059 Ab
3317 1006 3495 1061 Abra-

1913 1085 2079 1141 hamo
2115 1087 2184 1141 ad
2230 1089 2403 1158 legem
2464 1091 2863 1147 incrementum
2918 1109 3131 1161 verum,
3168 1111 3335 1165 quam
3375 1112 3492 1152 rem

1911 1184 2145 1232 testatur
2169 1178 2528 1250 legislationis
2550 1193 2699 1237 recta
2731 1184 3026 1240 ordinatio.
3043 1187 3089 1238 A
3116 1186 3231 1258 lege
3251 1187 3493 1258 denique

1910 1267 1977 1323 ad
2006 1267 2297 1325 Dominum
2359 1279 2607 1327 nostrum
2639 1270 2829 1329 Jesum
2861 1274 3140 1330 Christum
3182 1277 3493 1334 incremen-

1912 1367 2027 1412 tum
2058 1376 2267 1429 verum,
2294 1371 2458 1432 prout
2485 1364 2903 1421 demonstratur
2932 1383 2963 1422 a
2985 1367 3227 1437 perfecto
3260 1385 3494 1441 evange-

1910 1450 2029 1507 lica:
2089 1452 2216 1508 vitae
2268 1468 2485 1524 genere.
2538 1454 2656 1511 Non
2708 1466 2793 1513 est
2820 1473 2950 1528 ergo
2978 1474 3182 1514 novum
3213 1460 3353 1515 inter
3392 1461 3492 1516 ho.

1908 1543 2107 1609 mines,
2140 1544 2285 1614 quod
2315 1543 2459 1603 Deus
2497 1546 2698 1602 revelet
2724 1548 2887 1603 alicui
2918 1563 2985 1603 ex
3018 1563 3210 1604 eorum
3238 1565 3490 1619 numero,

1908 1645 1970 1690 ut
2009 1646 2243 1692 testetur
2302 1648 2468 1708 atque
2513 1640 2854 1712 evangelizet
2903 1641 3252 1698 credentibus
3302 1657 3495 1698 verum

1909 1727 2026 1783 ﬂeri
2047 1728 2465 1785 incrementum.
2499 1730 2760 1802 Superest
2786 1739 2847 1788 ut
2862 1732 3148 1789 videamus
3176 1744 3358 1788 utrum
3387 1734 3497 1789 sub

1910 1817 2232 1877 Mohamede
2286 1820 2342 1877 id
2393 1822 2690 1894 contigisse
2741 1824 3133 1895 comperiatur.
3200 1823 3415 1881 Etenim
3449 1826 3495 1881 is

1907 1913 2157 1967 venerari
2205 1913 2423 1971 videtur
2477 1915 2777 1972 Abrahami
2838 1917 3021 1984 tidem,
3071 1926 3126 1973 et
3182 1917 3379 1989 legem,
3436 1926 3499 1975 et

1906 2001 2279 2075 Evangelium.
2308 2003 2376 2060 Et
2417 2005 2794 2062 Abrahamum
2825 2007 3050 2077 quidem
3095 2016 3265 2078 atque
3319 2008 3493 2080 legem

1907 2093 1956 2149 is
1991 2109 2099 2149 non
2122 2095 2284 2151 debet
2313 2111 2512 2166 augere
2539 2113 2555 2163 ;
2588 2098 2909 2154 necessarie
2933 2114 3063 2152 vero
3114 2099 3489 2169 Evangelium.

1907 2182 2230 2254 Spectemus
2285 2186 2493 2257 itaque,
2547 2188 2826 2257 quodnam
2859 2189 2928 2245 de
2976 2188 3179 2244 Christi
3218 2189 3497 2246 mandatis

1905 2277 2151 2342 auxerit;
2187 2293 2317 2333 num
2378 2278 2510 2334 illud
2544 2280 2611 2335 de
2655 2296 2765 2335 non
2809 2280 3180 2351 possidendo?
3236 2296 3368 2336 num
3426 2282 3497 2338 de

1907 2369 2221 2440 pudicitia?
2260 2386 2392 2425 num
2425 2371 2494 2427 de
2524 2372 2996 2428 mansuetudine?
3022 2372 3188 2439 Atqui
3219 2372 3358 2427 nihil
3387 2372 3494 2428 bo-

1907 2477 2031 2516 rum
2085 2463 2229 2532 apud
2270 2462 2648 2521 Mohamedem
2696 2464 3077 2535 conspicitur;
3132 2464 3244 2518 imo
3310 2464 3496 2520 omnia

1910 2556 1998 2612 bis
2028 2557 2305 2611 contraria
2363 2557 2586 2627 scripsit
2614 2558 2857 2629 egitque.
2894 2557 3188 2629 Reliquum
3234 2572 3365 2626 ergo
3386 2566 3495 2621 est,

1910 2656 1969 2702 ut
1998 2648 2308 2704 necessario
2344 2658 2600 2719 putemus
2631 2650 2769 2704 nihil
2814 2665 2845 2703 a
2878 2649 2991 2705 Deo
3024 2648 3129 2720 ipsi
3154 2649 3494 2717 revelatum;

1911 2737 2006 2793 sed
2046 2753 2222 2808 neque
2277 2738 2597 2796 hominibus
2634 2740 2941 2810 quidquam
2976 2748 3259 2806 testatum,
3316 2753 3497 2810 neque
3600 2740 3613 2753 '

1910 2844 2101 2883 verum
2141 2829 2542 2885 incrementum
2566 2830 2917 2887 credentibus
2946 2831 3369 2902 evangelizasse,
3399 2831 3497 2886 sed

1911 2921 2324 2976 decrementum
2362 2922 2550 2991 potius
2583 2931 2640 2977 et
2689 2922 3106 2978 subversionem
3157 2930 3322 2991 atque
3371 2920 3495 2974 exi-

1913 3012 2074 3069 tium.
2106 3014 2245 3068 Erce
2301 3013 2447 3069 enim
2483 3014 2707 3086 propria
2746 3015 2895 3070 illius
2925 3015 3093 3071 verba
3124 3030 3225 3070 ceu
3268 3029 3497 3085 gnomo-

1916 3118 2040 3157 nem
2095 3104 2450 3175 regulamque
2498 3107 2699 3170 secuti,
2755 3106 2933 3178 ipsum
2993 3121 3088 3175 per
3143 3107 3501 3176 semetipsum

1916 3197 2274 3261 convicimus,
2305 3199 2510 3254 nullam
2539 3214 2570 3254 a
2600 3199 2710 3255 Deo
2767 3199 3159 3255 revelationem
3194 3199 3499 3269 accepisse.

1917 3288 2046 3355 Sed,
2079 3298 2138 3345 ut
2173 3289 2402 3359 ipsemet
2434 3292 2596 3358 dixit,
2629 3300 2749 3348 esto
2781 3293 2988 3362 utique,
3028 3292 3075 3348 si
3108 3292 3247 3356 vult,
3278 3306 3497 3361 magus,

1914 3384 2009 3439 sed
2072 3394 2220 3440 certe
2273 3383 2524 3439 divinum
2583 3384 2719 3439 nihil
2758 3386 2989 3455 accepit.
3053 3385 3137 3439 Ab
3171 3385 3277 3439 hoc
3318 3383 3493 3454 gradu

1912 3476 2186 3542 dejectus,
2215 3477 2440 3532 ubinam
2472 3478 2546 3533 sit
2576 3477 2951 3546 reponendus,
2984 3485 3133 3546 patet
3160 3491 3175 3529 :
3219 3489 3501 3545 veraxque

1910 3568 2017 3624 erit
2075 3569 2165 3625 ille
2221 3570 2318 3640 qui
2372 3568 2556 3625 dixit:
2596 3567 2839 3624 Incident
2889 3571 2947 3624 in
2986 3568 3305 3623 retiaculum
3345 3582 3502 3623 suum

1910 3667 2211 3728 peccatores
2244 3661 2313 3713 ".
2374 3657 2472 3715 His
2530 3658 2928 3715 inlirmissimis
2982 3658 3105 3730 ejus
3151 3658 3502 3714 sermonibus

1910 3752 2268 3807 marcidiores
2324 3751 2506 3807 adhuc
2559 3751 2927 3808 dictiunculas
2993 3752 3063 3806 ab
3138 3766 3205 3807 eo
3266 3749 3501 3820 subjun-

1911 3855 2048 3908 etas,
2083 3855 2304 3915 propter
2350 3843 2668 3899 [utilitatem
2718 3843 2959 3913 ipsarum
3016 3852 3073 3898 et
3120 3842 3500 3905 inutilitatem,

1911 3937 2109 3992 merito
2190 3951 2223 3990 a
2289 3951 2380 3991 me
2445 3938 2776 3993 omittendas
2840 3935 3105 4005 iudicavi.
3170 3933 3297 3988 Fuit
3352 3933 3500 3987 enim

1912 4028 2259 4084 Mobamedes
2308 4029 2489 4084 indole
2537 4045 2726 4099 prava,
2775 4028 3029 4097 loquace,
3082 4026 3166 4080 vel
3199 4025 3379 4094 potius
3408 4039 3500 4078 vc-

1913 4120 2151 4175 tularum
2214 4134 2368 4175 more
2417 4135 2651 4191 nugace;
2701 4118 3056 4173 formidolosa
3105 4119 3350 4187 insuper,
3390 4114 3501 4170 ira-

1910 4211 2113 4275 cunda,
2198 4208 2481 4279 suspicace
2555 4218 2609 4265 et
2716 4217 3005 4277 arrogante
3056 4225 3071 4261 :
3122 4215 3287 4276 atque
3350 4207 3497 4260 haud

1913 4303 2029 4357 scio
2057 4317 2125 4355 an
2184 4302 2315 4372 quid
2361 4302 2513 4370 pravi
2552 4300 2774 4355 diabolo
2804 4300 2961 4364 resit,
3007 4315 3116 4369 quo
3151 4297 3499 4353 Mobamedes

1911 4392 2168 4448 caruerit.
2232 4394 2403 4448 Recto
2463 4401 2646 4447 autem
2690 4390 2899 4461 judicio
2963 4405 3027 4445 ac
3087 4389 3273 4445 solerti
3322 4399 3501 4443 mente

1915 4484 2095 4540 omnis
2124 4484 2242 4554 ejus
2280 4498 2465 4540 sermo
2496 4498 2721 4553 prorsus
2750 4491 2834 4538 est
2877 4496 3091 4551 expers.
3129 4480 3500 4546 Quamobrem

210 4572 431 4647 ήσομεν
485 4578 543 4631 ἐν
568 4575 779 4641 τούτοις
809 4576 1204 4648 ἀδολεσχοῦντα
1230 4576 1535 4632 καταλῦσαι
1561 4578 1651 4632 τὸν
1677 4578 1807 4651 φλή-

1921 4575 2098 4644 ipsum
2139 4575 2386 4630 sinemus
2418 4589 2541 4629 cum
2571 4573 2658 4629 his
2684 4570 3249 4644 jocularibusiabulze
3269 4585 3383 4626 sua:
3407 4584 3502 4625 co-

210 4686 417 4738 ναφον.

760 4761 1199 4815 ΕΛΕΓΚἹῚΚΟΣ
1238 4759 1295 4816 l'.

288 4851 408 4919 ξς’.
447 4851 506 4903 ’0
529 4851 756 4915 δέκατος
787 4851 955 4921 μῦθος
981 4851 1059 4922 τῷ
1087 4851 1357 4923 Μωάμετ,
1396 4854 1591 4923 Λόγος
1630 4854 1812 4922 Χοῦδ,

212 4942 637 5012 ἐπιγέγραπται
662 4941 761 5011 (6),
799 4943 895 4995 καὶ
922 4941 982 4995 τὸ
1010 4943 1297 5014 προοίμιον
1328 4945 1653 5016 καυχήσεως
1712 4964 1809 4999 πε-

214 5036 513 5105 πλήρωται
547 5032 785 5103 κομψῆς,
839 5033 943 5098 ὅτι,
986 5033 1175 5105 φησιν,
1243 5034 1348 5087 ὑπὸ
1407 5035 1571 5105 σοφοῦ
1617 5036 1811 5106 ἀνδρὸς

215 5123 492 5193 ἐσοφίσθη
515 5123 609 5176 καὶ
631 5122 852 5193 ἐστίχθη
878 5121 975 5175 καὶ
1002 5123 1247 5195 διεκρίθη
1283 5140 1295 5154 ο
1325 5125 1462 5187 τέως
1499 5125 1684 5195 μέντοι
1710 5127 1809 5195 τῆς

1917 4666 2165 4722 ronidem
2198 4665 2504 4736 imponere.

2428 4752 2875 4812 CONFUTATIO
2914 4752 2984 4806 Χ.

1986 4848 2076 4904 66.
2109 4849 2337 4905 Decima'
2357 4864 2387 4905 a
2414 4847 2737 4903 Mohamede
2758 4845 2943 4900 fabula
2972 4846 3288 4901 inscribitur
3314 4844 3500 4899 Sermo

1915 4943 2103 4999 Claudi.
2137 4944 2469 4998 Procemium
2497 4941 2712 5013 egregia
2735 4939 3063 5011 gloriatione
3080 4939 3347 5001 abundat,
3371 4935 3501 5004 quia

1916 5036 2048 5089 dicit
2085 5036 2229 5090 hunc
2262 5049 2571 5091 sermonem
2607 5050 2638 5087 a
2670 5032 2917 5102 sapiente
2945 5031 3063 5084 viro
3096 5031 3373 5099 sapienter
3389 5028 3505 5080 ela-

1920 5127 2197 5194 boratum,
2233 5126 2673 5197 dispositumque
2700 5122 2945 5194 periodis
2971 5131 3026 5177 et
3046 5123 3387 5177 distinctum.
3423 5118 3504 5171 ln-

217 5233 296 5267 πα
308 5215 381 5285 ρὰ
391 5212 491 5267 ἀνθ
498 5212 696 5284 ρώπων
713 5211 963 5282 γνώσεως
980 5213 1168 5283 ἐπιδεῆ
1184 5214 1436 5283 ὁμολογεῖ
1451 5216 1550 5285 τὴν
1564 5214 1658 5267 τοῦ
1675 5215 1807 5268 Θεοῦ

1921 5221 2077 5273 terim
2134 5235 2266 5274 sane
2295 5220 2533 5274 humana
2563 5217 2759 5287 peritia
2791 5225 3040 5288 egentem
3084 5214 3376 5269 comitetur
3408 5210 3502 5263 Dei

217 5305 395 5359 αὑτοῦ
428 5305 658 5376 Γραφήν
692 5321 705 5333 '
736 5305 966 5376 ἄρχεται
996 5304 1053 5358 δὲ
1090 5304 1253 5359 πάλιν
1270 5305 1669 5377 καταπλήττειν
1689 5309 1807 5369 τοὺς

1924 5310 2098 5378 ipsius
2153 5309 2515 5379 Scripturam.
2565 5307 2779 5362 Rursus
2821 5304 3233 5385 autem'ineipit
3260 5301 3504 5355 timorem

220 5394 577 5465 βαρϐάρους,
611 5394 693 5447 ὃτι
725 5393 790 5464 δὴ
811 5393 948 5447 Θεοῦ
979 5396 1120 5447 εἰσιν
1150 5395 1467 5465 νομοθεσίαι
1494 5396 1563 5449 τὰ
1591 5396 1807 5450 τοιαῦτα

1921 5398 2172 5454 barbaris
2228 5400 2496 5464 incutere,
2536 5398 2683 5468 quod
2742 5396 2838 5453 Dei
2884 5398 3030 5467 leges
3085 5394 3215 5459 sint,
3257 5392 3372 5446 hme
3405 5405 3503 5444 sua

222 5486 460 5555 παίγνια
478 5501 491 5514 ·
526 5485 622 5540 καὶ
648 5486 946 5555 καταφοὸετ
966 5484 1182 5553 αὐτοὺς,
1203 5487 1250 5540 εί
1279 5486 1354 5557 μὴ
1384 5486 1672 5554 πείθοιντο,
1705 5476 1807 5542 ἀπό

1933 5490 2146 5546 ludicra
2180 5509 2198 5548 :
2236 5491 2557 5559 territatque
2588 5492 2735 5560 illos,
2790 5490 2897 5547 nisi
2928 5485 3291 5553 crediderint,
3321 5482 3505 5538 futura

300 5662 354 5697 "
379 5661 556 5720 Exod.
589 5678 682 5731 xx,
716 5661 799 5719 l3.
876 5662 921 5693 “
963 5660 1155 5718 Matth.
1187 5677 1240 5729 v,
1270 5660 1362 5717 22.
1545 5666 1589 5697 “
1610 5664 1756 5722 Psal.
1788 5680 1910 5733 οη,
1947 5664 2035 5721 10.

313 5842 390 5910 (ti)
412 5840 541 5897 Sur.
568 5839 662 5909 X1,
694 5841 752 5910 Ξ,
784 5842 837 5910 4,
868 5841 1067 5911 26,40,
1109 5840 1200 5907 42,
1230 5838 1320 5896 49.
