3994 6610
474 458 582 523 ’155

1711 448 1763 509 Ν
1768 397 2004 508 Ῑῦώὣ
2036 446 2441 508 BYZANTINI

3605 454 3706 517 7L6

469 566 775 637 punitione,
794 563 926 618 etiis
945 578 1065 633 qua?
1080 570 1275 633 praeter
1293 560 1751 631 exspectationem
1777 562 2022 618 accidunt

2134 578 2193 613 τε
2221 562 2318 631 τῆς
2350 561 2650 631 μελλούσης
2682 562 2975 630 κολάσεως,
3013 565 3123 618 ἀπό
3146 582 3204 621 τε
3232 567 3339 621 τῶν
3390 569 3705 639 συμϐαινόνο

472 660 723 712 humanm
756 655 880 709 vita:
908 654 1198 709 molestiis.
1222 650 1355 705 Nam
1387 650 1432 706 si
1461 649 1615 720 quid,
1651 650 1846 719 inquit,
1876 649 2033 703 vobis

467 751 683 805 eveniet
734 756 874 802 terra
906 748 1135 811 marive,
1159 746 1208 799 id
1243 744 1428 813 utique
1454 750 1673 813 propter
1707 753 1942 796 vestram
1977 742 2031 794 in

468 841 558 896 his
603 840 1035 896 incredulitatem
1094 835 1396 907 patiemini.
1443 834 1783 903 Adducitque
1840 842 2030 887 testem

468 931 791 1001 prOphetam
822 930 1167 999 legatumque
1197 925 1329 990 Noe,
1358 926 1444 980 cui
1494 940 1619 979 cum
1646 939 1840 979 omnes
1872 923 2030 976 (idem

465 1022 816 1090 denegarem.
851 1033 1044 1073 omnes
1093 1017 1368 1087 perierunt
1402 1034 1414 1069 :
1446 1016 1667 1085 etquod
1696 1030 1837 1070 unus
1888 1013 2032 1068 filio-

465 1127 587 1165 rum
624 1113 742 1180 ejus
792 1109 1131 1175 incredulus,
1163 1108 1322 1178 aquis
1348 1106 1643 1163 suﬂocatus
1682 1106 1863 1169 fuerit,
1901 1118 2033 1158 sene

465 1209 745 1271 spectante
809 1218 823 1255 :
881 1208 936 1255 et
994 1200 1140 1269 quod
1199 1214 1265 1253 ex
1328 1210 1655 1266 unaquaque
1715 1193 2028 1248 animalium

467 1293 648 1362 specie
705 1293 847 1347 haud
882 1302 1090 1363 septem
1145 1306 1209 1347 ac
1238 1291 1347 1346 duo
1375 1291 1553 1359 paria,
1580 1288 1672 1343 sed
1705 1302 1875 1341 unum
1904 1296 2030 1339 tan-

463 1386 749 1440 tummodo
799 1400 899 1455 par
944 1400 1129 1440 secum
1163 1383 1434 1438 detulerit.
1464 1380 1734 1449 Additque
1771 1387 2029 1445 tanquam

464 1478 649 1547 aliquo
695 1478 744 1532 ei
780 1478 1056 1547 aspirante
1085 1495 1098 1532 :
1131 1475 1257 1532 Haec
1286 1492 1353 1531 ex
1417 1473 1661 1529 historiis
1690 1480 2027 1525 remotorum

464 1571 559 1624 tibi
592 1580 721 1625 nota
755 1570 1012 1633 facimus,
1043 1584 1164 1637 qua:
1214 1579 1269 1623 tu
1306 1569 1617 1638 ignorabas,
1682 1564 2029 1634 p0pulusque

464 1673 591 1717 tuus
618 1671 740 1718 ante
770 1664 876 1719 hoc
904 1671 1139 1733 tempus.
1198 1661 1338 1717 Ecce
1374 1669 1554 1715 autem
1590 1660 1707 1729 ipse
1730 1656 2026 1712 Mosaicam

464 1754 802 1824 Scripturam
861 1769 919 1811 se
952 1771 1059 1809 non
1096 1753 1293 1824 legisse
1318 1751 1640 1818 confitetur;
1676 1750 2027 1822 quandoqui-

458 1846 582 1900 dem
617 1846 761 1901 illam
793 1847 933 1902 haud
963 1857 1108 1902 recte
1137 1848 1354 1913 recitat,
1377 1846 1468 1901 sed
1501 1858 1756 1916 perverse
1780 1845 2025 1909 omnino,

2133 670 2241 705 των
2272 654 2420 724 παρὰ
2444 653 2773 723 προσδοκίαν
2808 656 3051 727 ἀνιαρῶν
3100 660 3212 722 τοῖς
3265 660 3576 730 ἀνθρώποις
3604 678 3617 691 ο
3660 663 3711 716 εί

2132 761 2183 795 τι
2208 744 2251 797 δ’
2282 744 2348 797 ἀν
2377 744 2507 815 γάρ,
2540 746 2694 815 φησὶ,
2740 747 3012 820 συμϐαίνῃ
3047 750 3198 819 ὑμῖν,
3235 751 3288 804 εί
3312 769 3371 805 τε
3396 754 3454 805 ὲν
3480 756 3552 823 γῇ
3598 754 3703 807 εἴτε

2134 835 2191 885 ὲν
2229 834 2493 907 θαλάσσῃ,
2523 835 2612 890 διά
2637 836 2735 907 τὴν
2766 838 2893 909 περὶ
2925 840 3099 895 ταῦτα
3127 842 3385 897 ἀπιστίαν
3414 842 3667 896 πείσεσθε
3688 858 3704 875 ο

2134 928 2227 979 καὶ
2258 929 2494 997 παράγει
2522 930 2602 992 είς
2629 932 2937 1001 μαρτυρίαν
2962 934 3250 1005 προφήτην
3273 936 3367 988 καὶ
3410 935 3706 990 ἀπόστολον

2134 1020 2396 1087 γεγονότα
2421 1021 2514 1074 τὸν
2552 1021 2674 1075 Νῶε
2699 1038 2711 1052 ·
2748 1023 2844 1075 καὶ
2894 1025 2975 1078 ὅτι
3028 1026 3247 1080 πάντων
3292 1029 3704 1099 ἀρνησαμένων,

2132 1112 2183 1163 oi
2211 1112 2409 1175 πάντες
2430 1112 2711 1167 ἀπώλοντο
2742 1131 2756 1145 ο
2782 1117 2877 1169 καὶ
2907 1118 2989 1171 ὅτι
3015 1113 3096 1183 εἷς
3128 1120 3239 1173 τῶν
3268 1120 3431 1174 αὑτοῦ
3462 1121 3598 1173 υίῶν
3636 1123 3707 1193 μὴ

2135 1202 2431 1267 πιστεύσας
2456 1206 2732 1277 ἀπεπνίγη
2754 1208 2987 1279 ὁρῶντος
3008 1210 3101 1265 τοῦ
3130 1213 3387 1284 γέροντος
3418 1230 3431 1243 ·
3470 1214 3567 1267 καὶ
3628 1215 3708 1267 ὅτι

2134 1294 2191 1358 ἐξ
2239 1294 2471 1349 ἑκάστου
2510 1298 2684 1361 εἴδους
2741 1299 2917 1366 ζώων,
2964 1303 3061 1373 οὐχ
3089 1303 3228 1358 έπτά
3257 1306 3349 1358 καὶ
3391 1304 3487 1357 δύο
3516 1303 3709 1373 ζυγάς,

2133 1384 2250 1437 ἀλλ’
2282 1384 2387 1437 ἀνά
2418 1386 2546 1456 μίαν
2588 1388 2756 1457 μόνην
2801 1390 2971 1462 ζυγὴν
2992 1394 3111 1462 μετ’
3133 1394 3299 1448 αὑτοῦ
3338 1393 3500 1457 ἔλαϐε
3535 1410 3550 1425 ο
3618 1392 3713 1445 καὶ

2133 1474 2491 1546 προστίθησιν
2518 1478 2595 1542 ὡς
2620 1480 2684 1532 ὲκ
2712 1480 2806 1534 τοῦ
2840 1482 2979 1553 πρὸς
3026 1484 3191 1537 αὐτὸν
3236 1485 3397 1556 δῆθεν
3450 1484 3713 1553 ἐμπνέον-

2131 1583 2243 1629 τος,
2273 1568 2354 1623 ὅτι
2396 1570 2490 1623 Ἕκ
2517 1571 2626 1624 τῶν
2658 1572 2970 1643 ἐξηγήσεων
2991 1574 3097 1632 τῶν
3119 1578 3365 1629 ἀπόντων
3398 1574 3713 1646 δηλοποιοῦ-

2135 1677 2237 1729 μεν
2264 1660 2438 1716 ταῦτα
2463 1664 2598 1734 πρὸς
2631 1666 2720 1718 σι’
2749 1667 2847 1719 ούκ
2877 1663 2945 1737 ἧς
2977 1668 3265 1734 γινώσκων
3294 1668 3435 1723 αύτά
3472 1670 3536 1722 σύ
3571 1686 3586 1700 ⁸
3617 1668 3712 1722 οὒ-

2131 1769 2191 1806 τε
2212 1755 2240 1806 ὁ
2263 1753 2390 1818 λαός
2422 1772 2513 1808 σου
2539 1757 2643 1827 πρὸ
2670 1758 2862 1812 τούτου
2884 1776 2896 1790 ·
2934 1761 3043 1814 ίδοὺ
3066 1761 3122 1814 δὲ
3153 1760 3315 1825 αὐτὸς
3363 1762 3496 1833 περὶ
3546 1762 3713 1815 αὑτοῦ

2131 1845 2385 1914 ὁμολογεῖ
2440 1847 2522 1901 ὅτι
2570 1849 2668 1918 τὴν
2702 1851 3002 1922 Μωσαῖκὴν
3059 1854 3284 1925 Γραφὴν
3320 1855 3422 1907 οὐκ
3475 1855 3711 1921 ἀνέγνω,

459 1947 515 1993 (ἰ
572 1940 676 1995 sibi
743 1941 1228 1996 contradicentem.
1290 1936 1430 1994 Hinc
1490 1947 1731 2002 constat,
1767 1952 1891 1993 eum
1932 1937 2022 2007 qui

2129 1936 2315 2005 ἐπειδὴ
2344 1936 2516 2005 αὐτὴν
2542 1939 2603 1991 οὗ
2634 1940 2899 2009 προφέρει
2926 1940 3123 2012 ὀρθῶς,
3160 1942 3297 1995 ἀλλά
3356 1942 3500 1996 πάνυ
3536 1941 3714 1993 ἐνδια-

460 2032 608 2086 ἰιιεηι)
638 2031 921 2088 historiam
957 2032 1198 2099 dictavit,
1222 2031 1363 2087 haud
1391 2045 1538 2086 nunc
1554 2045 1675 2085 cum
1707 2028 2029 2083 Mohamede

457 2124 632 2194 loqui.
688 2123 791 2179 Sed
854 2124 969 2192 ejus
1018 2125 1197 2194 potius
1247 2125 1543 2194 Scriptura:
1598 2121 1817 2177 falsatio
1847 2121 1929 2175 vel
1958 2121 2027 2174 ab

456 2214 675 2270 homine
727 2214 1023 2271 Manichaeo
1073 2225 1210 2281 erat,
1245 2216 1327 2269 vel
1372 2231 1403 2270 a
1455 2215 1734 2281 daemone;
1765 2214 1847 2268 vel
1914 2214 2029 2283 ipse

454 2304 803 2360 Mohamedes
836 2305 1017 2360 dedita
1055 2320 1219 2375 opera
1273 2304 1587 2359 malitiosus
1617 2312 1719 2366 est,
1754 2304 1943 2358 volens
1969 2315 2028 2357 se

455 2410 621 2463 supra
679 2394 917 2467 Moysem
948 2396 1195 2451 evehere.
1223 2394 1491 2451 Praeterea
1508 2392 1791 2448 Zalethum
1820 2392 2029 2447 inducit

453 2486 799 2555 prophetam,
859 2486 1029 2555 ignoti
1092 2486 1277 2556 populi
1305 2486 1663 2556 magistrum;
1712 2494 1766 2540 et
1800 2485 1943 2553 quod
1981 2485 2025 2538 is

453 2576 531 2630 illi
572 2577 933 2643 mandaverit,
963 2578 1263 2646 quominus
1290 2578 1501 2632 camelo
1530 2577 1746 2631 cuidam
1810 2575 2026 2631 femina:

452 2678 717 2724 nocerent
744 2670 797 2723 in
836 2669 980 2740 agris
1007 2670 1249 2739 pascenti
1287 2679 1374 2724 :et
1403 2671 1545 2741 quod
1580 2669 1655 2723 illi
1689 2668 2022 2739 immorigeri

457 2760 604 2815 illam
673 2761 997 2826 occiderint,
1061 2762 1290 2831 ideoque
1353 2760 1534 2817 traditi
1609 2761 1719 2816 sint
1802 2770 2024 2830 propter

454 2854 728 2908 camelum
755 2854 849 2908 irae
877 2854 970 2909 Dei
997 2854 1053 2909 in
1089 2854 1519 2909 habitationibus
1546 2853 1661 2909 suis
1719 2852 2020 2915 maledicti,

451 2945 547 3015 qui
594 2954 649 3000 et
679 2960 950 3015 nusquam
1002 2946 1375 3017 apparuerint.
1432 2943 1701 2999 Terribile
1731 2957 1757 2997 a
1786 2942 2024 2997 barbaro

450 3036 756 3105 exemplum
784 3036 988 3105 ubique
1016 3036 1336 3105 proponitur
1360 3053 1374 3103 ;
1407 3036 1499 3091 sed
1519 3045 1696 3090 tamen
1727 3036 1803 3089 rei
1822 3035 2022 3090 veritas

448 3124 599 3181 nulla
628 3135 873 3195 apparet.
911 3123 1175 3179 llemorat
1197 3125 1360 3179 etiam
1390 3124 1686 3179 Abrahami
1718 3124 1771 3178 in
1795 3124 2023 3178 meridie

447 3216 741 3281 visionem,
818 3217 1057 3285 itemque
1106 3215 1348 3279 Lotum;
1408 3224 1784 3269 verumtamen
1834 3215 2018 3268 omnia

447 3310 750 3378 corrumpit
776 3318 938 3378 atque
962 3308 1264 3364 confundit.
1289 3307 1466 3363 Simul
1491 3318 1542 3363 et
1583 3308 1886 3363 immissam
1914 3307 2017 3363 So—

446 3402 627 3457 domis
660 3402 795 3456 iram
823 3402 994 3470 ponit,
1022 3410 1077 3455 et
1105 3402 1361 3473 incogniti
1386 3399 1667 3470 cujusdam
1696 3398 1879 3467 Soaipi
1904 3400 2021 3452 Ma-

445 3489 665 3543 dianitaa
697 3489 1027 3543 mentionem
1068 3489 1214 3553 facit,
1264 3492 1311 3543 si
1344 3490 1431 3543 hic
1468 3504 1708 3557 unquam
1745 3488 1886 3541 inter
1921 3488 2021 3541 bo-

444 3580 623 3634 mines
651 3578 771 3634 fuit.
788 3578 896 3636 Res
917 3594 1134 3649 quoque
1158 3579 1462 3634 Pharaonis
1486 3580 1724 3648 attingit,
1746 3579 2021 3647 neotitque

444 3673 515 3727 iis
530 3673 752 3728 stultam
770 3688 925 3729 suam
948 3672 1414 3743 prmdicationem,
1438 3685 1606 3741 seque
1628 3671 1735 3726 illis
1756 3671 2018 3740 aequalem

444 3763 604 3832 facit;
636 3767 702 3821 Et
733 3780 906 3828 meos,
925 3766 1121 3837 inquit,
1145 3780 1424 3825 sermones
1440 3764 1728 3821 admittite.
1750 3764 1924 3835 Atque
1944 3764 2019 3821 ita

446 3857 800 3928 nugatorium
850 3859 957 3913 hoc
1008 3858 1305 3928 capitulum
1355 3857 1581 3913 claudit.
1622 3857 1847 3927 Oportet
1890 3874 2019 3914 vero

451 3962 721 4003 summam
749 3948 966 4003 barbari
1016 3947 1449 4003 animadvertere
1501 3946 2018 4003 inconsiderantiam

443 4042 536 4111 qui
568 4050 677 4095 tam
705 4040 872 4095 libere
919 4054 1181 4110 personas
1226 4040 1464 4095 illustres
1484 4050 1770 4104 meruerat,
1809 4051 2020 4096 contra-

442 4134 583 4188 rium
606 4141 782 4187 tamen
801 4132 906 4187 illis
920 4132 1042 4187 vita:
1054 4133 1361 4189 institutum
1388 4142 1646 4188 sectatur.
1663 4133 1801 4203 Ergo
1814 4133 2017 4187 alteru-

444 4234 585 4279 trum
624 4235 846 4294 peccat;
879 4225 961 4279 vei
991 4225 1136 4279 enim
1168 4240 1228 4280 se
1252 4225 1726 4295 praevaricatorem
1760 4238 1881 4279 esse
1908 4239 2016 4277 non

444 4316 719 4385 intelligit,
754 4317 836 4370 vel
874 4316 924 4372 id
956 4330 1149 4371 omnes
1204 4316 1374 4370 latere
1420 4314 1700 4370 existimat
1734 4332 1748 4368 :
1781 4328 2015 4383 quorum

442 4407 668 4460 alterum
695 4422 926 4461 summae
954 4406 1246 4461 dementia:
1273 4414 1378 4470 est,
1406 4406 1641 4461 alterum
1670 4407 1912 4461 vesania:
1966 4414 2020 4461 et

443 4496 513 4549 im
520 4496 696 4566 puden
706 4496 813 4551 tia).

938 4673 1381 4731 CONFUTATIO
1425 4675 1518 4730 XI.

513 4767 602 4820 67.
650 4764 948 4820 Undecima
1000 4781 1031 4820 a
1080 4765 1393 4821 Mohamede
1447 4766 1627 4821 fabula
1704 4765 2019 4820 inscribitur

443 4857 676 4924 Ioseph;
703 4867 890 4913 narrat
922 4868 1099 4915 autem
1140 4874 1227 4913 res
1252 4859 1430 4928 pudici
1463 4858 1687 4929 Iosephi
1728 4860 1888 4913 modo
1910 4860 2016 4912 im-

443 4949 702 5018 perfecte,
747 4954 914 5006 modo
944 4951 1299 5021 interpolatas
1342 4963 1396 5007 et
1450 4960 1724 5013 extensas,
1767 4948 2015 5019 quaedam

440 5044 604 5098 etiam
638 5042 866 5098 ridicula
900 5053 955 5098 et
1009 5044 1210 5114 turpia,
1254 5063 1273 5095 ι
1308 5054 1361 5099 et
1417 5042 1561 5112 quod
1597 5041 1797 5095 Rachel
1827 5041 1891 5094 ad
1922 5056 2016 5110 pe-

440 5137 536 5190 des
566 5136 685 5205 ejus
736 5136 1094 5206 procubuerit
1166 5153 1291 5192 cum
1345 5136 1541 5191 lsraele
1572 5144 1723 5203 patre
1770 5133 1918 5187 illius
1959 5134 2015 5186 in

437 5227 725 5298 A‘Igyptoa
760 5227 923 5296 Atqui
956 5226 1166 5291 Moyses
1199 5228 1329 5282 dicit
1350 5228 1522 5295 ipsam
1543 5232 1931 5293 przemortuam
1960 5224 2015 5278 in

440 5328 595 5388 partu
620 5318 939 5387 Benjamini.
968 5320 1119 5374 Adeo
1151 5332 1364 5387 semper
1409 5316 1588 5371 studet
1633 5314 1873 5367 fallacem
1922 5315 2004 5369 deo

442 5420 749 5466 monstrare
775 5410 953 5465 virum
993 5412 1203 5466 visione
1232 5410 1326 5464 Dei
1359 5409 1621 5463 donatum
1660 5406 1673 5459 !
1706 5404 2014 5473 Additque:

446 5521 466 5553 ι
500 5506 674 5573 Atque
728 5504 845 5559 hac
898 5520 965 5558 ex
1010 5503 1256 5557 historiis
1298 5500 1646 5567 antiquorum
1712 5497 1805 5550 tibi
1868 5513 2017 5552 reve-

443 5592 620 5646 Zamus
649 5592 899 5647 Arabicis
928 5591 1146 5645 litteris.
1185 5608 1203 5640 ι
1263 5589 1427 5657 Atqui
1458 5588 1583 5640 alibi
1614 5584 1765 5647 dicit,
1800 5602 1858 5643 se
1897 5589 2015 5643 sine

442 5685 647 5753 scripto
679 5684 779 5737 has
812 5682 1043 5751 ineptias
1088 5694 1218 5735 suas
1248 5680 1535 5748 recepisse.
1568 5678 1659 5735 Est
1688 5687 1866 5735 autem
1896 5696 2013 5736 ver-

516 5861 592 5931 t'i)
617 5863 739 5918 Sur.
778 5861 866 5931 XI,
895 5864 984 5925 (il,
1025 5862 1114 5928 69,
1147 5862 1233 5927 70,
1276 5860 1341 5913 76
1371 5877 1486 5932 seq.
1523 5862 1611 5924 85,
1637 5862 1723 5914 98.

2132 2028 2380 2097 στρόφως
2410 2030 2504 2083 καὶ
2529 2030 2923 2101 ἀκαταλλήλως
2970 2034 3104 2102 πρὸς
3131 2033 3334 2102 ἑαυτήν
3367 2051 3382 2065 ο
3448 2032 3717 2102 πρόδηλον

2128 2119 2211 2171 ὅτι
2250 2120 2311 2172 ού
2341 2119 2435 2172 τοῦ
2458 2120 2933 2193 ὑπαγορεύσαντος
2967 2125 3138 2185 αὑτήν
3166 2125 3314 2177 ἐστιν
3353 2126 3385 2193 ἡ
3426 2124 3565 2196 πρὸς
3620 2122 3715 2175 αύ-

2128 2209 2219 2261 τὸν
2248 2210 2455 2279 ὁμιλία,
2482 2212 2577 2264 καὶ
2603 2214 2634 2283 ἡ
2662 2214 2763 2283 τῆς
2795 2215 3022 2286 Γραφῆς
3052 2216 3319 2281 νόθευσις,
3362 2215 3479 2269 ἀλλ’
3534 2215 3567 2285 ἢ
3604 2232 3711 2267 πα-

2130 2302 2200 2370 ρά
2217 2301 2410 2371 ἀνδρὸς
2434 2303 2763 2373 Μανιχαίου,
2804 2304 2836 2375 ἢ
2864 2305 3016 2377 παρά
3036 2306 3310 2377 δαίμονος,
3362 2307 3394 2378 ἢ
3428 2307 3571 2376 τάχα
3618 2308 3713 2359 καὶ

2126 2392 2409 2463 ἐθελοντὴς
2437 2398 2755 2467 κακουργεῖ,
2808 2397 2949 2467 ὑπὲρ
2992 2398 3233 2451 Μωῢσέα
3276 2398 3472 2452 ἑαυτὸν
3506 2398 3714 2469 ἐπᾶραι

2127 2482 2317 2537 θέλων.
2341 2485 2453 2537 Καὶ
2481 2485 2616 2556 πρὸς
2649 2486 2860 2550 τούτοις
2891 2488 2980 2541 τὸν
3006 2488 3176 2542 Ζάλεθ
3218 2491 3526 2558 εἰσηγεῖται
3574 2506 3713 2558 προ-

2127 2576 2307 2646 φήτην
2334 2576 2411 2645 (7)
2438 2576 2533 2630 καὶ
2560 2576 2879 2631 διδάσκαλον
2919 2579 3049 2632 λαοῦ
3087 2580 3382 2648 ’ἀγνώστου
3415 2597 3429 2611 °
3479 2582 3579 2635 xui.
3632 2582 3715 2634 ὅτι

2124 2667 2455 2721 διεστείλατο
2486 2669 2667 2731 αὐτοῖς
2691 2669 2784 2722 τοῦ
2811 2670 2887 2740 μὴ
2929 2671 3131 2741 βλάψαι
3161 2672 3408 2741 κάμηλόν
3446 2689 3573 2726 τινα
3625 2689 3711 2724 νε-

2130 2756 2373 2826 μομένην
2426 2758 2485 2809 ὲν
2528 2756 2758 2827 ἀγροῖς·
2817 2759 2911 2812 καὶ
2962 2760 3045 2812 ὅτι
3085 2762 3281 2814 ἐκεῖνοι
3334 2760 3710 2831 παραϐάντες,

2125 2848 2419 2916 ἐφόνευσαν
2448 2848 2637 2917 αὐτὴν,
2656 2850 2750 2903 καὶ
2776 2850 3213 2921 κατελείφθησαν
3272 2850 3360 2904 διά
3392 2852 3490 2921 τὴν
3522 2851 3713 2921 κάμη-

2124 2940 2215 2993 λον
2239 2940 2297 2993 ὲν
2321 2940 2460 3011 ὀργῇ
2490 2940 2627 2993 Θεοῦ
2658 2943 2739 3005 είς
2786 2941 2884 3003 τὰς
2910 2941 3082 3006 αύλάς
3140 2942 3319 2996 αὐτῶν
3365 2941 3713 3013 ὲξαρὼμενοι

2121 3033 2197 3097 ὡς
2251 3035 2325 3105 μὴ
2390 3034 2653 3103 φανέντες
2683 3051 2697 3066 ο
2758 3034 2989 3104 φοϐερὸν
3040 3034 3222 3089 τὸτοῦ
3260 3036 3541 3107 βαρϐάρου
3575 3035 3712 3089 ὑπό-

2123 3128 2323 3197 δειγμα
2354 3127 2413 3179 ὲν
2439 3128 2593 3188 πᾶσι,
2656 3125 2799 3197 πλὴν
2846 3126 2907 3180 τὸ
2964 3126 3164 3196 ἀληθὲς
3206 3128 3506 3199 πεφηνέναι
3544 3144 3561 3158 ·
3618 3126 3714 3195 μέ·-

2127 3234 2326 3289 μνηται
2359 3219 2415 3272 δὲ
2434 3218 2528 3273 καὶ
2556 3218 2654 3289 τῆς
2677 3218 2805 3287 περὶ
2829 3217 2921 3271 τὸν
2962 3218 3215 3289 Ἀϐραὰμ
3265 3218 3408 3272 κατὰ
3463 3218 3568 3288 τὴν
3613 3219 3710 3287 τῆς

2132 3310 2476 3382 μεσημϐρίας
2500 3308 2788 3374 ὀπτασίαν,
2817 3310 2911 3364 καὶ
2940 3310 3033 3364 τοῦ
3062 3310 3186 3364 Λώτ
3212 3326 3225 3339 ·
3258 3308 3354 3364 καὶ
3379 3308 3710 3379 παρασολοι-

2129 3402 2272 3466 κίζει
2334 3401 2513 3455 πάντα
2564 3402 2657 3455 καὶ
2707 3404 2944 3470 συγχεῖ’
3003 3403 3153 3471 ὅμως
3202 3400 3302 3472 τὴν
3344 3403 3438 3454 ἐπὶ
3496 3400 3704 3467 Σόδομα

2129 3494 2544 3565 κατενεχθεῖσαν
2574 3493 2747 3565 ὀργὴν
2778 3492 2997 3558 ἐξέθετο
3039 3511 3053 3525 ⁸
3088 3493 3251 3547 πάλιν
3284 3492 3341 3545 δὲ
3380 3491 3475 3545 τοῦ
3504 3490 3706 3574 ἇρήλου

2130 3584 2333 3653 Σωαὴπ
2378 3584 2653 3655 μέμνηται
2696 3583 2789 3635 τοῦ
2835 3582 3188 3642 Μαδιανίτου,
3233 3580 3287 3633 εῐ
3341 3595 3428 3643 τις
3463 3579 3574 3650 ἄρα
3609 3580 3705 3631 καὶ

2128 3675 2392 3744 ἐγεγόνει,
2428 3674 2654 3730 καὶτῶν
2694 3673 2786 3727 ἐπὶ
2807 3672 3006 3745 Φαραὼ
3030 3691 3045 3705 ·
3077 3675 3169 3727 καὶ
3196 3672 3578 3729 ὲπισυνάπτει.
3618 3671 3709 3724 καὶ

2126 3770 2227 3840 τὴν
2259 3766 2425 3822 αὐτοῦ
2471 3756 2958 3838 ματαιοκηρυξίαν,
3002 3768 3083 3820 ὅτι
3122 3766 3273 3829 Ἐνός
3312 3782 3458 3828 τινος
3488 3763 3699 3817 τούτων

2130 3860 2266 3924 ίσον,
2303 3861 2394 3912 καὶ
2431 3860 2557 3920 τοὺς
2593 3859 2760 3927 ἐμοὺς
2789 3856 3163 3929 παραδέξασθε
3204 3856 3395 3924 λόγους
3431 3872 3446 3888 ο
3505 3854 3605 3909 καὶ
3651 3854 3709 3906 ὲν

2125 3951 2338 4014 τούτοις
2366 3950 2456 4004 τὸν
2482 3950 2760 4020 φλὴναφον
2791 3950 3090 4019 ὲπετὲμετο
3119 3964 3133 3979 ⁸
3173 3949 3398 4001 σκοπεῖν
3424 3946 3482 4000 δὲ
3520 3946 3601 3999 δεῖ
3648 3943 3709 3997 τὸ

2125 4044 2218 4100 τοῦ
2253 4043 2529 4115 βαρϐάρου
2557 4042 2839 4111 ἀλόγιστον
2872 4044 2927 4095 ἐν
2948 4043 3062 4104 τοῖς
3080 4039 3342 4102 τοιούτοις
3369 4038 3537 4092 αὐτοῦ
3573 4038 3705 4091 ὑπο-

2124 4136 2437 4205 δείγμασιν,
2493 4135 2576 4188 ότι
2620 4134 2729 4186 τῶν
2760 4132 2859 4203 μὲν
2887 4130 3112 4195 ἐνδόξων
3174 4130 3485 4201 προσώπων
3536 4128 3706 4190 ἀδεῶς

2126 4228 2551 4298 ἐμνημόνευσεν,
2580 4226 2679 4296 τὴν
2712 4226 2962 4279 ἐναντίαν
2990 4225 3045 4278 δὲ
3076 4225 3259 4287 αὐτοῖς
3313 4222 3704 4293 πορευόμενος,

2126 4322 2270 4373 δυοῖν
2299 4320 2526 4389 θάτερον
2563 4318 2833 4387 ἔπασχεν·
2871 4318 2903 4387 ἢ
2954 4317 3061 4387 γάρ
3096 4316 3157 4368 ού
3193 4315 3363 4367 συνίει
3410 4313 3575 4367 τοῦτο
3604 4329 3702 4363 πε-

2127 4412 2360 4477 πονθὼς,
2394 4414 2427 4480 ἡ
2456 4410 2639 4463 λαθεῖν
2670 4410 2887 4471 πάντως
2910 4408 3159 4477 ἐνόμισεν
3193 4424 3205 4437 ο
3248 4405 3363 4459 ἔστι
3396 4405 3453 4457 δὲ
3513 4405 3574 4456 τὸ
3607 4403 3704 4471 μὲν

2126 4500 2339 4573 πρῶτον
2386 4500 2573 4563 ἀνοίας
2622 4499 2828 4561 ἁπλῶς,
2890 4498 2951 4550 τὸ
2999 4497 3055 4550 δὲ
3110 4496 3361 4562 δεύτερον
3402 4492 3704 4565 παρανοίας

2051 4622 2095 4677 D
2128 4594 2222 4647 καὶ
2255 4592 2660 4662 ἀναισχυντίας.

2610 4682 3047 4735 ΕΛΕΓΚἸΊΚΟΣ
3101 4679 3203 4736 IA'.

2187 4773 2285 4842 EC'.
2330 4774 2387 4827 Ὀ
2437 4772 2718 4833 ἑνδέκατος
2764 4771 2933 4840 μῦθος
2984 4770 3060 4841 τῷ
3109 4769 3356 4838 Μωάμετ
3403 4768 3703 4837 ἐπιγέγρα-

2116 4882 2247 4921 πται
2280 4866 2378 4935 μὲν
2402 4867 2506 4930 Εἰς
2524 4864 2633 4916 τὸν
2669 4862 2902 4931 Ἰωσὴφ,
2938 4864 3203 4930 διηγεῖται
3246 4862 3303 4914 δὲ
3333 4860 3402 4914 τά
3434 4861 3565 4929 περὶ
3608 4857 3700 4910 τοῦ

2118 4954 2391 5023 σώφρονος
2426 4952 2645 5021 Ἰωσὴφ,
2680 4951 2755 5020 πῆ
2786 4952 2882 5020 μὲν
2916 4950 3135 5019 ἐλλιπῆ,
3190 4950 3268 5019 πῆ
3317 4950 3375 5002 δὲ
3418 4948 3703 5019 παρεμϐε-

2121 5044 2367 5115 ϐλημένα
2393 5042 2832 5111 καὶὲκτεταμένα
2854 5040 3216 5109 καὶγελοιώδη
3245 5040 3339 5093 καὶ
3367 5042 3572 5110 αἰσχρά
3601 5040 3699 5107 (8)’
3790 5098 3799 5107 1

2129 5157 2148 5190 ι
2193 5138 2301 5190 Καὶ
2332 5136 2433 5199 ὅτι,
2465 5135 2650 5203 φησὶν,
2684 5135 2717 5203 ἡ
2759 5133 2961 5203 Ῥαχὴλ
2983 5132 3177 5185 ἔπεσεν
3214 5133 3294 5194 είς
3345 5132 3475 5194 τοὺς
3536 5132 3699 5191 πόδας

2124 5226 2288 5283 αὐτοῦ
2312 5228 2410 5280 σὺν
2451 5224 2666 5295 Ἰσραὴλ
2693 5223 2770 5293 τῷ
2817 5223 2984 5292 πατρὶ
3035 5222 3200 5275 αὑτοῦ
3250 5224 3307 5274 ὲν
3349 5220 3636 5289 Αἰγύπτῳ.
3672 5236 3691 5267 ι

2124 5320 2383 5386 Καίτοιγε
2432 5319 2459 5368 ό
2494 5317 2730 5386 Μωῠσῆς
2784 5314 3211 5385 προτελευτῆσαι
3264 5314 3432 5383 αὐτὴν
3463 5311 3700 5378 λέγει’ὲν

2122 5409 2201 5479 τῷ
2228 5408 2372 5476 τόκῳ
2398 5405 2655 5475 Βενιαμίν
2678 5420 2693 5437 ο
2733 5403 2906 5466 οὕτως
2937 5404 3024 5456 ἀεὶ
3072 5402 3400 5471 ψευδόμενον
3458 5399 3697 5468 φιλονει-

2123 5501 2212 5553 κεῖ
2236 5498 2508 5551 δεικνύναι
2548 5497 2639 5548 τὸν
2695 5494 2929 5562 θεόπτην
2964 5511 2978 5525 ·
3024 5493 3118 5547 καὶ
3168 5491 3546 5561 προστίθησιν,
3612 5490 3694 5541 ὅτι

2118 5608 2136 5640 ι
2179 5588 2350 5641 Τοῦτο
2376 5588 2440 5639 ὲκ
2484 5585 2589 5638 τῶν
2631 5585 2939 5654 διηγήσεων
2973 5585 3081 5636 τῶν
3111 5584 3361 5638 ἀπόντων
3416 5578 3694 5637 ἀποκαλύ-

2111 5697 2321 5750 πτομεν
2337 5678 2506 5731 ταῦτα
2544 5675 2680 5745 πρὸς
2712 5678 2769 5728 σὲ
2796 5674 2885 5730 διὰ
2931 5673 3238 5746 Ἀραϐικῶν
3270 5671 3637 5745 γρτειιμμιᾶπιιδν⁹
3666 5685 3688 5719 s

2192 5861 2265 5931 (8)
2294 5860 2417 5913 Sur.
2459 5856 2576 5923 Xlt,
2616 5856 2735 5911 100.
