3994 6600
298 402 406 465 757

1458 417 1892 480 REFUTATIO
1918 417 2387 481 MOIIAMEDIS.

3441 418 3551 493 758

298 513 546 612 scatit-atra
575 515 809 587 ἀλλαχοῦ
864 537 1030 590 φησιν
1057 522 1139 575 ὅτι
1172 524 1435 596 ἀγράφως
1476 527 1576 592 τὰς
1601 529 1867 603 τερθρείας

1990 529 2179 583 borum
2208 530 2325 597 ejus
2344 544 2541 600 scopus
2572 530 2682 598 hic,
2704 531 2847 602 quod
2875 531 2931 588 Si
2952 533 3249 607 Josephum
3280 538 3546 612 Egyptus

293 606 503 671 ταύτας
524 609 805 663 δέδεκται·
834 614 863 665 6
894 613 951 665 δὲ
986 615 1185 679 σκοπὸς
1209 617 1359 688 αὐτῷ
1388 619 1479 672 τοῦ
1520 621 1676 686 λόγου
1702 622 1876 675 τοιοῦ-

293 715 429 762 τος·
475 700 557 752 ὅτι
616 700 678 753 Ei
729 700 820 754 τὸν
886 705 1142 777 Ἰωσὴφή
1206 710 1478 776 Αἴγυπτος
1522 713 1873 783 παρεδέξατο,

296 790 479 861 πολλῷ
512 792 713 860 μᾶλλον
745 794 843 864 ἐμὲ
869 796 1119 863 δέξασθαι
1176 800 1334 868 ὑμεῖς
1386 803 1699 872 ὲποφειλετε
1720 820 1733 834 °
1785 822 1874 858 το-

297 882 484 935 σοῦτον
512 883 659 954 αὐτῷ
690 885 751 939 τὸ
778 888 966 958 περιὸν
999 893 1097 961 τῆς
1128 891 1385 958 ἀπονοίας
1416 910 1432 925 ·
1461 896 1556 949 καὶ⁹
1587 897 1644 950 ὲν
1668 897 1876 960 τούτοις

293 972 384 1026 τὸν
416 975 693 1047 φλήναφον
722 979 826 1032 ἀπε
835 980 1108 1049 στόμισεν.

788 1090 1228 1147 ΕΛΕΓΚἸῚΚΟΣ
1272 1095 1371 1151 ΙΒ’.

365 1171 470 1245 ξη⁹.
515 1177 589 1231 Τὸ
637 1177 940 1236 δωδέκατον
997 1182 1263 1254 μυθάριον
1299 1187 1381 1258 τῷ
1410 1188 1660 1259 Μωάμετ
1687 1191 1874 1258 ἐπιγέ-

291 1281 536 1334 γραπται
567 1267 664 1336 μὲν
688 1271 791 1335 Εἰς
819 1268 934 1337 τὴν
954 1272 1227 1340 ,βροντήν
1251 1290 1264 1304 ·
1291 1276 1697 1349 ὑπομιμνήσκει
1731 1282 1873 1351 (9)δέ-⁹

290 1357 419 1419 τοὺς
446 1357 743 1421 ἀκούοντας
781 1361 861 1415 δτι
889 1362 981 1417 τὸν
1006 1363 1235 1434 οὐρανὸν
1262 1371 1354 1421 καὶ
1382 1368 1479 1440 τὴν
1524 1371 1628 1440 γῆν
1687 1374 1715 1425 6
1742 1372 1873 1436 Θεὸς

293 1444 573 1514 ἐποίησεν,
603 1447 694 1500 καὶ
712 1448 872 1512 αὐτὸς
899 1450 1103 1523 βρέχει,
1132 1455 1225 1509 καὶ
1254 1457 1492 1527 χάλαζαν
1527 1461 1827 1532 καταφέρει
1852 1476 1867 1492 ⁸

290 1535 491 1590 ὡσανεὶ
511 1538 721 1594 οὐδέπω
752 1540 938 1597 ἄλλοτε
982 1544 1172 1600 τούτου
1209 1550 1592 1619 φημισθέντος,
1625 1554 1705 1606 ὅτι
1755 1571 1814 1607 τε
1845 1558 1873 1609 6

1977 621 2239 688 admisit,
2294 624 2464 678 multo
2520 639 2605 679 me
2668 624 2841 696 magis
2882 628 3087 684 debetis
3140 645 3235 687 vos
3290 636 3550 704 recipere.

1977 710 2149 768 Tanta
2183 724 2265 771 est
2294 716 2501 771 insania
2537 718 2655 794 ejus
2688 719 2701 772 !
2738 721 2916 789 Atque
2949 720 3023 776 ita
3056 724 3277 778 stultam
3304 725 3545 782 fabulam

1976 819 2132 861 suam
2164 807 2461 862 concludit.

2432 1089 2876 1148 CONFDTATIO
2908 1092 3028 1151 XII.

2047 1181 2137 1237 68.
2188 1180 2517 1240 Duodecima
2547 1201 2577 1239 a
2625 1185 2944 1243 Mobamede
2990 1187 3172 1243 fabula
3234 1190 3553 1245 inscribitur

1976 1274 2219 1328 Tom'trtt.
2252 1274 2433 1330 Monet
2459 1284 2642 1330 autem
2685 1277 2980 1344 auditores,
3022 1277 3185 1333 Deum
3219 1280 3413 1335 coelum
3448 1290 3552 1335 ter-

1974 1379 2202 1434 ramque
2250 1364 2443 1420 fecisse
2475 1406 2489 1429 ,
2517 1373 2569 1420 et
2598 1365 2666 1420 ab
2692 1366 2879 1420 eodem
2928 1366 3154 1421 imbrem
3207 1370 3556 1437 grandinem—

1972 1472 2079 1528 que
2112 1456 2357 1511 demitti:
2392 1458 2549 1526 quasi
2581 1472 2849 1527 nusquam
2882 1457 2934 1512 id
2970 1467 3113 1513 esset
3144 1457 3545 1529 famigeratum,

1972 1548 2087 1605 haac
2134 1549 2386 1604 videlicet
2436 1548 2606 1604 Deum
2670 1549 2883 1615 fecisse,
2936 1549 3287 1621 vicissimque
3341 1553 3557 1621 Operari

291 1627 421 1691 Θεὸς
448 1628 619 1682 ταῦτα
650 1632 923 1704 ἐποίησεν,
960 1638 1053 1690 καὶ
1086 1637 1332 1709 ἐνεργεῖν
1378 1641 1661 1698 ἐκέλευσεν
1691 1662 1704 1677 ·
1773 1647 1867 1701 καὶ

1973 1642 2221 1714 iussisse.
2260 1642 2326 1698 Et
2376 1658 2502 1697 mox
2567 1657 2667 1697 ceu
2711 1641 2961 1697 confessa
2997 1643 3243 1712 quaedam
3288 1643 3554 1714 principia

292 1716 483 1772 λοιπὸν
540 1720 727 1793 ὥσπερ
775 1723 949 1796 ἀρχάς
993 1744 1149 1793 τινας
1184 1733 1622 1805 ὁμολογουμένας
1667 1739 1871 1803 ταύτας

291 1810 573 1922 ⁸προσθεὶς,
604 1812 679 1877 ὡς
724 1814 1037 1922 ἀναγκαίως
1075 1820 1305 1878 ἔπεσθαι
1355 1824 1707 1900 ὀφειλομένην
1770 1831 1869 1901 τὴν
1904 1865 1944 1922 Β

290 1900 490 1955 ἑαυτοῦ
517 1908 938 1976 νεκυομαντείαν
960 1911 1281 1983 ἐπισυνάγει
1308 1955 1323 1982 ,
1377 1917 1472 1971 καὶ
1501 1920 1721 1974 τοιαῦτά
1750 1900 1871 1976 τινα

293 1988 608 2064 παραληρεῖ
634 2012 648 2027 ο
702 1997 760 2051 Ὅ
789 1999 921 2064 Θεὸς
951 2000 1151 2075 βροντᾷ
1187 2021 1202 2034 ·
1226 2007 1292 2060 ὲκ
1344 2009 1536 2063 τούτου
1567 2012 1739 2079 γνῶτε
1790 2014 1869 2068 ὅτι

289 2082 582 2170 προφήτης
615 2086 781 2141 αὑτοῦ
810 2092 925 2160 εἰμι
950 2092 1061 2159 ἐγώ
1080 2108 1094 2123 °
1136 2096 1164 2147 6
1191 2094 1323 2159 Θεὸς
1343 2098 1666 2170 ἀστράπτει,
1697 2103 1871 2169 γνῶτε

289 2167 373 2266 ὅτι
400 2175 688 2266 προφήτης
713 2179 879 2234 αὐτοῦ
898 2184 1014 2252 εἰμι
1032 2184 1143 2252 ἐγώ
1163 2202 1176 2215 ·
1199 2188 1227 2240 6
1252 2187 1385 2252 Θεὸς
1407 2167 1605 2260 ἔθηκεν
1624 2193 1682 2245 ἒν
1710 2167 1774 2264 έῇ
1798 2197 1868 2266 γῇ

432 2261 571 2326 ζῶον
600 2269 690 2321 καὶ
720 2272 885 2338 φυτόν
914 2291 928 2305 ο
956 2276 1127 2341 γνῶτε
1151 2278 1233 2330 ὃτι
1257 2281 1544 2353 προφήτης
1569 2284 1732 2339 αὐτοῦ

286 2352 403 2445 έγώ
430 2371 445 2387 ⁸
474 2356 549 2410 ἴδε
580 2360 743 2415 πόθεν
773 2357 883 2417 εἷλε
913 2367 1039 2429 τοὺς
1066 2367 1283 2434 ἀθλίους
1312 2352 1636 2445 βαρϐάρους.
1670 2352 1872 2433 Λοιπὸν

286 2442 345 2494 δὲ
375 2447 469 2499 καὶ
496 2450 655 2518 ἡμεῖς
695 2451 771 2515 ὡς
803 2454 866 2507 ἐκ
900 2456 1094 2510 τούτου
1131 2442 1413 2528 μαθόντες,
1475 2442 1571 2518 καὶ
1600 2466 1669 2519 τά
1728 2470 1871 2523 κατά

291 2530 455 2601 μέρος
474 2542 881 2609 κατανοοῦντες,
915 2546 1039 2599 καθ’
1086 2547 1114 2600 ὃ
1146 2550 1305 2615 αὐτὸς
1350 2553 1594 2609 διδάσκει
1652 2557 1870 2627 εὐφυῶς

290 2627 614 2719 περὶαύτοῦ
646 2632 825 2701 λέγειν
870 2636 1144 2708 δυνάμεθα
1166 2659 1180 2673 ·
1235 2644 1391 2709 Ὀνος
1418 2647 1651 2715 ὀγκᾶται
1681 2664 1696 2679 σ
1731 2651 1871 2719 γνῶ-

396 2716 445 2767 oi
470 2716 754 2811 βάρβαροι,
779 2724 862 2777 ὅτι
886 2726 1133 2798 Μωάμετ
1161 2731 1295 2785 Θεοῦ
1327 2735 1491 2788 αὐτοῦ
1542 2716 1830 2811 προφήτης
1851 2756 1867 2773 ⁸

287 2803 411 2898 βόες
435 2810 747 2898 νμυκῶνται,
770 2816 945 2883 γνῶτε
963 2820 1011 2872 οἱ
1041 2822 1329 2892 βάρϐαροι,
1357 2826 1438 2880 ὅτι
1470 2803 1869 2898 ΜωάμετΘεοῦ

283 2896 1056 2993 αὐτοῦάπόστολος·ὠσαύτως
1088 2913 1143 2965 δὲ
1171 2916 1264 2967 καὶ
1293 2917 1420 2987 περὶ
1435 2896 1626 2972 κυνῶν
1643 2921 1866 2993 ὑλακῆς,

286 2988 385 3039 καὶ
414 2989 741 3065 βομὸύθρων
798 2999 963 3068 ἠχῆς,
1001 3004 1095 3056 καὶ
1148 3004 1255 3056 τῶν
1310 3008 1512 3078 ὁμοίων
1541 3028 1555 3043 ο
1609 3013 1715 3067 τίνι
1758 2988 1868 3070 τῶν

281 3079 560 3177 δυσσεὸῶν
589 3088 753 3142 αὐτὸν
770 3091 1065 3148 ἀπεικάσαι
1112 3096 1178 3149 δι’
1218 3098 1518 3172 ὑπερϐολὴν
1548 3102 1866 3177 θεομαχίας,

1971 1735 2087 1790 haec
2112 1751 2440 1805 proponens,
2469 1743 2728 1803 tanquam
2774 1734 3083 1789 necessario
3132 1744 3550 1790 consecuturam

1973 1829 2402 1899 necyomantiam
2428 1843 2579 1883 suam
2613 1827 2873 1891 adnectit,
2916 1834 2969 1881 et
2999 1826 3370 1895 hujuscemodi
3398 1844 3551 1897 qua:-

1973 1921 2095 1976 dam
2129 1932 2407 1991 nugatur:
2459 1920 2603 1974 Deus
2632 1929 2821 1987 tonat;
2856 1919 2983 1973 hinc
3039 1933 3125 1972 me
3153 1933 3276 1973 esse
3326 1918 3558 1988 prophe-

1975 2021 2083 2067 tam
2110 2011 2256 2067 illius
2291 2010 2660 2083 congnoscite.
2694 2008 2838 2064 Deus
2874 2008 3108 2078 fulgurat
3140 2027 3155 2075 ;
3194 2025 3280 2063 me
3310 2009 3553 2079 prephe-

1972 2114 2085 2161 tam
2120 2104 2240 2176 ejus
2277 2120 2398 2160 esse
2456 2103 2787 2174 cognoscite.
2832 2102 2973 2156 Deus
3013 2102 3066 2155 in
3095 2110 3238 2157 terra
3265 2102 3555 2157 collocavit

1973 2212 2134 2253 omne
2168 2212 2335 2267 genus
2369 2193 2683 2248 animalium
2721 2202 2883 2261 atque
2912 2191 3219 2261 plantarum
3250 2213 3267 2259 ;
3311 2209 3396 2246 me
3423 2207 3548 2262 pro-

1972 2288 2193 2359 phetam
2263 2288 2408 2343 illius
2464 2302 2586 2343 esse
2614 2284 2950 2356 cognoscite.
3011 2282 3228 2349 Viden’,
3279 2283 3555 2355 quomodo

1975 2378 2219 2437 infelices
2250 2378 2512 2433 barbaros
2550 2378 2833 2447 decipiat?
2885 2374 3146 2445 Superest
3194 2385 3252 2430 ut
3294 2391 3391 2430 nos
3415 2388 3555 2446 quo-

1973 2470 2264 2526 dammodo
2292 2470 2360 2524 ab
2388 2484 2455 2524 eo
2476 2469 2767 2534 discentes,
2786 2476 2838 2521 et
2879 2466 3086 2536 singula
3118 2465 3552 2532 considerantes,

1972 2573 2135 2633 prout
2182 2564 2299 2634 ipse
2336 2578 2433 2618 nos
2495 2562 2709 2634 egregie
2759 2562 2937 2626 docet,
2996 2559 3179 2615 dicere
3227 2560 3551 2617 valeamus:

1972 2655 2175 2710 Asinus
2215 2654 2401 2721 rudit;
2433 2656 2763 2726 cognoscite,
2794 2668 2827 2707 o
2880 2646 3120 2716 barbari,
3174 2649 3550 2706 Moliamedem

1971 2761 2093 2801 esse
2130 2744 2221 2800 Dei
2254 2746 2425 2816 ipsius
2473 2745 2817 2816 prophetam.
2852 2744 3044 2799 Vacca:
3100 2744 3393 2814 mugiunt;
3462 2757 3556 2796 co-

1972 2839 2237 2909 gnoscite,
2272 2853 2304 2891 ο
2365 2838 2606 2904 barbari,
2658 2837 3027 2892 Mohamedem
3084 2852 3203 2892 esse
3237 2836 3328 2889 Dei
3378 2835 3554 2906 ipsius

1970 2928 2227 2999 legatum.
2259 2928 2523 2983 Similiter
2555 2930 2621 2983 de
2649 2944 2850 2984 canum
2886 2929 3105 2992 latratu,
3140 2928 3207 2982 de
3261 2940 3551 2995 vesparum

1972 3019 2221 3089 strepitu,
2253 3027 2307 3073 et
2332 3020 2456 3074 aliis
2488 3018 2824 3087 hujusmodi.
2854 3019 3080 3074 Cuinam
3109 3019 3274 3088 impio
3308 3019 3453 3071 hunc
3478 3014 3550 3070 ob

1972 3111 2300 3181 irreligionis
2348 3126 2635 3165 excessum
2687 3125 3025 3179 comparem,
3086 3124 3194 3163 non
3251 3109 3550 3177 comperio.

415 3173 569 3275 Exte"
599 3178 693 3275 και
733 3181 852 3235 οὐδὲ
886 3185 1364 3256 συναισθόμενοςό
1406 3172 1865 3269 παραπαέωνντῆς

1973 3204 2155 3275 Neque
2202 3214 2384 3258 tamen
2441 3203 2645 3258 delirus
2674 3203 2764 3257 hic
2814 3202 3059 3257 sentiens
3134 3200 3353 3270 impiam
3399 3214 3551 3255 suam

282 3261 459 3357 ἀθέου⁸
486 3266 774 3357 φλυαρίας,
827 3272 964 3327 ἀλλὰ
1013 3278 1105 3329 καὶ
1146 3277 1288 3346 μέγα
1318 3280 1406 3334 ἐπ’
1458 3261 1594 3355 αὐτῇ
1629 3261 1863 3357 φρονῶν,

282 3350 385 3447 δτιῄ
411 3353 571 3447 δῆθεν
603 3358 793 3413 ἀκούει
824 3362 1153 3433 βροντῶντος
1174 3369 1307 3423 Θεοῦ
1336 3373 1431 3425 καὶ
1465 3350 1865 3447 ἀστράπτοντος

281 3441 408 3536 όρᾷ,
440 3446 534 3497 καὶ
559 3448 1083 3527 d1).0tc1aﬁra}éyst
1109 3475 1122 3488 ’
1145 3460 1389 3516 ὲκὸοάτω
1418 3441 1583 3518 τοῦτο⁷
1606 3469 1747 3536 μέγα
1774 3441 1866 3525 καί.

281 3534 522 3600 ἐξαίσιον
551 3539 712 3610 ἔργον
735 3543 812 3608 ὡς
843 3546 907 3599 ἐκ
942 3549 1212 3620 στόματος
1238 3552 1331 3606 τοῦ
1382 3534 1739 3626 πηρώσαντος
1764 3562 1863 3615 αὺο

281 3627 377 3679 τοῦ
408 3630 505 3693 τὰς
534 3633 728 3702 νοητὰς
766 3636 1048 3708 αἰσθήσεις
1084 3640 1258 3707 οὕτως
1285 3660 1298 3673 ·

355 3717 451 3817 ςθν.
486 3740 505 3773 ι
562 3724 988 3817 ᾏπεστείλαμέν
1017 3748 1075 3784 σε
1109 3732 1219 3803 (I0)
1248 3736 1383 3807 πρὸς
1417 3737 1570 3804 ἔθνος
1622 3733 1684 3795 οὗ
1722 3760 1865 3817 παρ-

279 3808 448 3877 ῆλθον
472 3816 601 3883 παρ’
626 3816 792 3870 αὑτοῦ
822 3818 949 3891 ἔθνη
1001 3823 1096 3875 τοῦ
1142 3827 1491 3898 ἐντυγχάνειν
1536 3832 1720 3887 ἐπάνω
1764 3808 1863 3889 αῦ-

280 3901 392 3995 τῶν
430 3903 497 3956 τά
529 3905 950 3979 δηλοποιηθέντα
983 3914 1119 3983 πρὸς
1154 3917 1234 3971 σέ.
1272 3936 1291 3970 ι
1343 3922 1404 3973 Ὢ
1453 3922 1561 3975 ἀπὸ
1589 3925 1687 3995 τῆς
1718 3928 1861 3981 ἀνω-

280 3991 431 4087 ἱατω
473 3997 668 4087 σοφίας
696 3999 774 4070 τῷ
802 4003 1083 4073 Μωάμετῑ
1133 4007 1304 4073 ὅντως
1343 4010 1441 4065 νῦν
1497 3991 1754 4087 εὔκαιρον
1802 4020 1865 4074 τὸ

280 4082 559 4153 Γραφικὸν
581 4089 758 4144 ἐκεῖνο
786 4092 949 4161 φάναι
984 4097 1146 4166 ῥητόν
1171 4115 1184 4129 ·
1237 4100 1299 4154 '0
1316 4103 1516 4170 μωρὸς
1538 4082 1702 4174 μωρά
1751 4112 1862 4163 λα*

281 4178 487 4273 ἶζήσει,
514 4182 619 4273 ,καὶ
648 4184 687 4250 ἠ
712 4187 924 4253 καρδία
963 4191 1151 4246 αὐτοῦ
1166 4193 1391 4262 μάταια
1418 4197 1633 4267 νοήσει
1666 4218 1680 4232 ·
1732 4203 1863 4273 περὶ

280 4271 340 4324 δὲ
371 4272 472 4342 τῆς
500 4272 745 4346 βροντῆς,
774 4277 840 4331 δι’
874 4279 939 4351 ἣν
973 4282 1069 4336 καὶ
1091 4284 1123 4353 ἠ
1146 4285 1428 4358 ἐπιγραφὴ
1456 4294 1651 4357 κεῖται,
1689 4271 1821 4362 φησι
1844 4309 1858 4324 ⁸

280 4364 393 4417 Kal
428 4366 661 4430 δοξάζει
699 4371 737 4437 ἡ
763 4370 959 4441 ,ϐρονὴ
1007 4373 1077 4427 ἐν
1114 4374 1190 4443 τῇ
1233 4379 1589 4447 εὐχαριστίᾳ
1632 4384 1819 4438 αὑτοῦ
1845 4402 1859 4418 ’

280 4458 528 4510 τουτέστι
555 4457 743 4525 εῦνους
793 4463 887 4515 καὶ
912 4463 1104 4535 λογική
1138 4469 1286 4539 φωνή
1323 4472 1471 4526 ἐστιν
1528 4475 1561 4543 ἡ
1622 4474 1817 4548 βροντή
1845 4493 1861 4509 ο

279 4550 438 4603 τοῦτο
457 4552 514 4606 δὲ
542 4553 643 4623 τῆς
682 4556 1072 4627 ὲγκρινομένης
1098 4562 1313 4632 γραφῆς
1367 4566 1467 4619 οὐκ
1510 4566 1656 4621 ἔστιν
1692 4586 1706 4601 ·
1766 4546 1861 4623 καὶ
1895 4546 1942 4605 D

279 4644 506 4708 εἰκότως
542 4663 555 4675 ·
583 4643 650 4718 ἦν
684 4648 793 4718 γὰρ
851 4650 917 4703 ἂν
944 4653 1037 4705 καὶ
1078 4654 1206 4725 περὶ
1239 4654 1494 4725 φλοίσϐου
1562 4659 1857 4735 θαλάσσης,

281 4735 375 4787 καὶ
412 4735 591 4804 ῥοίζου
617 4739 845 4807 ἀνέμου,
875 4742 967 4794 καὶ
1002 4743 1203 4813 ἑτέρων
1249 4746 1509 4801 πλειόνων
1542 4751 1701 4806 τοῦτο
1741 4755 1858 4808 δια-

280 4824 522 4878 νοεῖσθαι
557 4842 570 4862 ν
601 4827 716 4879 ἀλλ’
743 4828 956 4883 ἔσονταί
985 4848 1128 4895 τινες
1158 4826 1528 4903 ἀπηχέστατοι
1560 4837 1741 4907 ψόφοι,
1777 4838 1860 4904 οἷς

279 4923 378 4991 οὐχ
414 4922 644 4992 ἁρμόσει
672 4926 732 4977 τὸ
759 4928 1047 4996 εἰρημένον
1078 4946 1092 4960 ι
1124 4930 1223 5000 τῆς
1268 4930 1322 4984 δὲ
1355 4932 1636 5005 δυσφήμου
1692 4937 1858 4992 αὐτοῦ

277 5010 439 5080 δόξης
458 5012 555 5081 τῆς
584 5014 675 5067 τὸν
691 5014 823 5067 Θεὸν
853 5016 1021 5069 αἴτιον
1041 5017 1149 5070 τῶν
1176 5019 1361 5074 κακῶν
1390 5022 1651 5092 τιθείσης,
1669 5024 1860 5096 ὥσπερ

279 5103 343 5171 δὴ
368 5102 465 5156 καὶ
488 5104 595 5156 τῶν
621 5105 823 5171 καλῶν,
843 5106 1217 5178 ἀναιδέστερον
1249 5110 1627 5181 ἐπιμνησθεὶς,
1667 5116 1854 5184 φησιν’

287 5213 305 5244 ι
355 5193 482 5245 Ἐὰν
516 5194 624 5265 γάρ
654 5196 841 5267 ἤθελεν
869 5196 1009 5268 [εοά.
1036 5194 1223 5271 ἦλθεν]
1256 5200 1364 5272 (II)
1398 5204 1426 5257 6
1472 5204 1627 5268 Θεὸς,
1660 5206 1859 5277 ὁδηγῆ-

281 5302 371 5339 σαι
394 5281 542 5356 εἶχεν
576 5288 771 5353 αὐτοὺς
812 5288 1131 5360 ἀνθρώπους
1166 5292 1373 5359 πάντας
1406 5310 1422 5325 ο
1457 5296 1551 5350 καὶ
1579 5297 1638 5350 ὃν
1680 5298 1859 5372 πλανᾷ

278 5379 307 5431 6
339 5379 494 5446 Θεὸς,
526 5382 624 5434 οὐκ
662 5381 813 5437 ἔστιν
864 5383 1029 5437 αὐτοῦ
1078 5384 1360 5457 ὸδήγησις.
1389 5407 1408 5441 ι
1460 5390 1667 5456 Ὄντως
1704 5385 1861 5458 οὗτος

356 5563 403 5593 ³³
436 5561 542 5617 lsa.
577 5580 753 5631 χχιιι,
788 5565 843 5623 6.
918 5567 965 5601 ”
986 5567 1147 5624 Prov.
1178 5584 1291 5639 xxx,
1322 5570 1411 5626 23.

356 5747 434 5814 (9)
478 5747 602 5801 Snr.
644 5747 785 5811 XIII,
819 5751 875 5805 3.

357 5818 473 5887 (ιο)
499 5819 626 5872 Sur.
668 5819 803 5888 xm,
838 5821 929 5876 δε.

1968 3298 2356 3369 nugacitatem,
2389 3297 2500 3350 imo
2531 3309 2855 3365 magnopere
2882 3294 2933 3347 in
2957 3308 3017 3347 ea
3048 3308 3104 3346 se
3122 3292 3358 3361 jactans,
3392 3290 3540 3360 quod

1966 3389 2136 3444 Deum
2170 3396 2449 3444 tonantem
2508 3386 2685 3451 audit,
2737 3395 2791 3440 et
2818 3383 3185 3455 Iulgurantem
3244 3384 3411 3447 videt,
3444 3383 3548 3438 hoc

1968 3481 2145 3552 ipsum
2177 3489 2230 3535 et
2256 3482 2377 3537 aliis
2440 3490 2650 3538 narrat.
2711 3481 2919 3537 Clamet
2947 3496 3077 3536 vero
3110 3480 3215 3535 hoc
3266 3479 3471 3550 grande
3497 3486 3552 3533 et

1966 3570 2292 3627 immensum
2332 3588 2493 3643 Opus,
2518 3581 2778 3643 tanquam
2802 3589 2867 3629 ex
2896 3572 3015 3641 ejus
3049 3586 3164 3639 ore,
3194 3571 3287 3641 qui
3352 3569 3549 3625 mentis

1966 3662 2086 3732 ejus
2117 3677 2337 3717 sensum
2370 3662 2602 3729 obludit,
2635 3662 2853 3727 clamet,
2884 3664 3127 3730 inquam,
3155 3663 3235 3716 sic
3269 3680 3282 3715 :

2035 3752 2128 3808 69.
2167 3772 2186 3805 ι
2223 3750 2473 3809 Misimus
2502 3765 2552 3809 te
2598 3755 2663 3809 ad
2728 3762 2961 3825 gentem,
3014 3753 3101 3807 cui
3153 3755 3550 3821 praecesserunt

1966 3855 2173 3917 gentes,
2193 3854 2250 3900 ut
2280 3848 2536 3901 recitares
2553 3861 2715 3916 super
2740 3861 2834 3900 eas
2850 3860 2967 3915 quae
2986 3842 3347 3898 revelavimus
3368 3841 3484 3896 tibi.
3525 3858 3543 3890 ι
3568 3846 3571 3849 ‘

1968 3937 2011 3994 Ο
2074 3937 2351 3993 οωιοειοιιι
2422 3936 2756 3991 Mohamedis
2815 3931 3345 4005 sapientiam!Vere
3400 3945 3547 3984 nunc

1967 4028 2285 4097 tempestive
2342 4028 2661 4082 recitabitur
2714 4025 3038 4094 scripturale
3104 4024 3310 4079 dictum
3367 4021 3537 4075 illud:

1968 4120 2174 4175 Stultus
2198 4119 2363 4172 stulta
2404 4119 2663 4190 loquetur,
2697 4129 2744 4173 et
2785 4134 2877 4170 cor
2924 4118 3036 4186 ejus
3088 4134 3221 4170 vana
3268 4114 3543 4185 cogitabit.

1967 4208 2041 4265 De
2060 4212 2262 4266 tonitru
2283 4220 2610 4280 autem,quo
2644 4209 2910 4264 vocabulo
2944 4210 3105 4265 etiam
3135 4206 3543 4275 inscriptionem

1966 4300 2123 4358 fecit:
2144 4319 2162 4353 ι
2178 4299 2397 4355 Tonitru
2411 4299 2727 4370 gloriﬁcabit
2740 4301 2897 4353 insua
2912 4300 3203 4370 gratiarum
3223 4297 3425 4350 actione
3443 4295 3507 4348 ".
3523 4314 3542 4347 ι

1965 4392 2021 4447 ld
2049 4400 2152 4458 est,
2192 4393 2449 4446 benevola
2475 4400 2528 4446 et
2560 4391 2842 4446 rationalis
2870 4406 2970 4445 vox
3005 4400 3085 4444 est
3115 4389 3339 4443 tonitru.
3375 4386 3545 4441 Porro

1969 4483 2071 4537 hoc
2110 4491 2420 4537 accuratam
2480 4482 2803 4550 scripturam
2850 4496 2958 4535 non
3006 4479 3208 4544 decet;
3246 4492 3380 4534 sane
3428 4491 3545 4531 mc-

1972 4574 2078 4628 rito
2104 4591 2119 4627 :
2148 4572 2289 4628 idem
2320 4573 2466 4627 enim
2496 4580 2549 4627 et
2580 4572 2646 4627 de
2675 4574 2842 4627 maris
2871 4586 3151 4626 murmure
3192 4578 3242 4625 et
3283 4568 3350 4624 de
3398 4568 3541 4623 venti

1966 4662 2148 4727 sibilo,
2180 4670 2233 4717 et
2267 4662 2333 4717 de
2358 4662 2478 4717 aliis
2529 4660 2779 4731 plurimis
2826 4660 3061 4731 cogitare
3112 4659 3319 4714 liceret.
3372 4657 3544 4711 Erunt

1968 4755 2328 4811 nihilominus
2397 4755 2620 4826 quidam
2682 4755 2984 4824 turpissimi
3028 4753 3286 4822 crepitus,
3343 4751 3542 4818 quibus

1968 4848 2224 4920 prtedicta
2255 4865 2361 4903 non
2390 4849 2735 4905 convenient.
2770 4847 3033 4901 Infamem
3056 4861 3185 4901 vero
3211 4845 3536 4900 sententiam

1969 4955 2145 5006 suam,
2187 4956 2296 5011 quo
2332 4941 2501 4995 Deum
2527 4941 2794 4995 malorum
2826 4954 2980 5008 teque
3013 4953 3077 4992 ac
3116 4940 3385 4991 bonorum
3415 4951 3541 4989 cau-

1965 5048 2079 5087 sam
2111 5032 2342 5097 dixerat,
2372 5048 2519 5088 nunc
2555 5031 2925 5101 impudentius
2944 5028 3207 5082 refricans
3235 5028 3309 5079 ait
3345 5046 3357 5080 :
3403 5045 3419 5076 ι
3445 5024 3539 5077 Et-

1963 5125 2108 5178 enim
2144 5124 2189 5178 si
2224 5124 2364 5179 Deus
2398 5124 2652 5188 voluerit,
2702 5121 2889 5190 utique
2948 5120 3231 5174 universos
3290 5114 3540 5169 homines

1962 5214 2179 5286 diriget.
2210 5213 2275 5269 Et
2332 5228 2494 5283 quem
2540 5212 2683 5266 Deus
2736 5224 2920 5265 errare
2974 5208 3125 5272 facit,
3178 5220 3286 5259 non
3345 5212 3428 5257 est
3489 5201 3535 5254 ei

1968 5306 2213 5360 directio.
2238 5324 2255 5356 ι
2291 5305 2494 5358 Revera
2522 5303 2607 5359 hic
2632 5302 2912 5366 habitavit,
2933 5311 2990 5355 ut
3014 5301 3089 5355 ait
3116 5298 3372 5353 Salomon
3390 5295 3455 5361 ",
3481 5295 3536 5347 in

1966 5397 2104 5453 locis
2136 5412 2276 5467 quos
2307 5396 2451 5452 Deus
2481 5411 2591 5451 non
2624 5394 2864 5467 inspicit.
2897 5393 3107 5449 Rursus
3128 5406 3257 5447 vero
3284 5390 3353 5445 oh
3380 5400 3536 5443 suum

2044 5750 2156 5825 (li)
2178 5753 2302 5810 Sur.
2329 5754 2469 5821 xm,
2501 5757 2587 5810 36.
