3882 6474
439 346 545 412 759
1703 344 1999 408 meum
2032 342 2439 428 szmrmr
3565 337 3654 403 760

441 455 611 512 animi
644 454 919 519 timorem,
947 469 1015 509 ne
1043 453 1183 510 forte
1210 455 1259 510 ei
1289 453 1629 512 discredatur
1650 494 1664 517 ,
1700 454 1836 509 satis
1902 452 2014 522 agit

2144 451 2369 529 ιύλίσθη,
2395 450 2536 505 κατά
2561 449 2652 503 τὸν
2678 448 3090 520 Σολομῶντα,ὲν
3113 445 3295 507 τόποις
3314 445 3405 508 οὓς
3432 446 3526 500 οὐκ
3556 450 3658 501 ἐπι.

432 560 496 601 ἐι
535 546 655 601 ait:
706 564 725 598 ι
768 545 964 600 Dicunt
997 552 1255 614 negantes
1287 584 1302 608 ,
1345 542 1462 597 Non
1500 556 1560 598 es
1607 543 1840 614 legatus.
1880 540 2011 595 Dic:

2144 541 2646 611 momié"l'¢totog
2679 558 2694 573 ο
2736 540 2896 594 πάλιν
2947 539 3003 592 δὲ
3058 537 3161 606 τῆς
3208 536 3480 609 περιδεοῦς
3535 540 3661 607 αὐτῷ

444 639 643 694 sullicit
675 639 809 693 mihi
842 637 997 693 testis
1032 637 1332 693 Deusinter
1348 652 1434 691 me
1458 649 1522 690 ac
1538 650 1668 703 vos;
1716 636 1845 692 etis
1874 633 2017 703 apud

2144 636 2428 699 ιποθέσεως
2477 633 2570 688 τοῦ
2601 633 2676 704 μὴ
2701 631 3067 703 ἀπιπηθῆναι
3094 627 3396 697 ἀντέχεται,
3442 629 3527 682 καί
3575 647 3665 700 φη-

444 743 608 797 quem
640 738 723 783 est
766 727 993 784 scientia
1030 728 1345 797 Scripturae.
1377 746 1395 778 ι
1438 726 1606 782 Deum
1654 726 1905 796 producit
1934 733 2015 780 te-

2144 747 2172 782 ιι
2196 728 2307 799 (12)
2334 746 2347 759 ·
2386 747 2406 781 ‹
2438 728 2704 795 Λέγουσιν
2735 727 2785 779 οῖ
2812 724 3199 795 ἀρνησάμενοι,
3234 722 3348 774 Οὐκ
3381 717 3429 773 εί
3456 722 3665 777 ἀπόστοα

445 826 582 873 stem
616 817 903 886 legationis
933 832 1073 883 suae;
1110 817 1315 870 nullum
1344 816 1632 885 caeteroqui
1659 816 1768 869 Deo
1794 816 2017 885 dignum

2144 837 2208 884 ,ος
2230 836 2247 871 9
2283 819 2426 873 είπέ⁶
2477 818 2743 891 Ἀρκεσθῇ
2771 835 2860 888 μοι
2892 817 2920 869 ὀ
2949 816 3080 879 Θεὸς
3112 815 3319 885 μάρτυς
3345 814 3535 884 μεταξύ
3573 813 3666 893 [τε]

447 901 656 971 profert
683 904 966 967 indicium,
1000 920 1109 958 non
1148 905 1493 969 miraculum,
1521 919 1626 960 non
1656 904 2019 975 prophetiam,

2144 912 2257 981 ;μοῦ
2289 928 2346 963 τε
2384 911 2478 963 καὶ
2507 910 2663 979 ὑμῶν
2688 924 2705 940 ο
2732 910 2824 962 καὶ
2853 909 2998 970 ὅστις
3024 906 3171 959 ἐστὶν
3228 906 3356 976 παρ’
3408 904 3561 956 αὑτοῦ
3605 907 3669 959 εί-

448 1009 556 1049 non
611 997 775 1050 vitam
809 998 1100 1052 virtutibus
1130 999 1441 1064 exercitam,
1470 1014 1570 1055 nec
1604 1000 1764 1054 aliam
1827 1000 2020 1054 saltem

2144 1007 2278 1074 ῖησις
2300 1003 2399 1070 τῆς
2424 1002 2671 1073 Γραφῆς.
2713 1020 2731 1052 ι
2762 999 2893 1052 Θεὸν
2925 997 3284 1069 προϐάλλεται
3320 995 3561 1065 μάρτυρα
3590 997 3670 1066 τῆς

366 1156 369 1157 γ
445 1085 729 1140 scientiam
764 1104 779 1153 ;
821 1087 914 1142 sed
966 1088 1173 1157 absque
1204 1091 1311 1144 ulla
1345 1091 1828 1158 demonstratione,
1858 1091 2021 1156 Deus,

2144 1095 2291 1149 ιύτοῦ
2318 1094 2620 1163 ἀποστολῆς
2652 1110 2667 1126 ο
2692 1092 2829 1146 Θεοῦ
2865 1092 2922 1144 δὲ
2962 1090 3115 1144 οὐδέν
3165 1106 3217 1141 τι
3248 1088 3396 1153 ἀξιον
3447 1089 3674 1158 επιφέρε-

448 1176 649 1248 inquit,
673 1181 838 1236 testis
872 1190 979 1238 est.
1035 1182 1241 1238 Deinde
1293 1199 1599 1255 agnoscens
1648 1200 1803 1240 suam
1836 1193 2026 1240 contra

2144 1204 2214 1240 ιαι
2248 1185 2534 1256 σύμϐολον,
2561 1185 2619 1237 ού
2645 1181 3113 1252 θαυματουργίαν,
3147 1180 3208 1231 οὑ
3236 1177 3580 1251 προφητείαν,
3623 1179 3672 1231 οὗ

448 1266 617 1322 Deum
645 1269 997 1336 calumniam,
1043 1287 1316 1343 suumque
1352 1273 1700 1329 mendacium
1733 1316 1748 1340 ,
1782 1275 2027 1344 quando-

2144 1278 2243 1331 Ξίον
2275 1277 2665 1348 ἐξησκημένον,
2693 1274 2815 1328 οὐδὲ
2846 1273 3033 1336 ἁπλῶς
3055 1271 3258 1340 γνῶσιν
3292 1286 3304 1301 ο
3334 1270 3446 1323 ἀλλ’
3498 1269 3675 1322 ἀναπο-

448 1361 668 1431 quidem
703 1364 1033 1420 confirmare
1062 1365 1268 1421 dictum
1304 1366 1614 1420 nullatenus
1644 1376 1877 1437 poterat,
1902 1382 2029 1421 con—

2144 1371 2376 1435 Βείκτως,
2410 1370 2543 1432 Θεὸς
2583 1368 2818 1438 μάρτυς,
2850 1367 3015 1438 φησίν
3053 1382 3066 1396 ·
3104 1361 3224 1418 εἶτα
3254 1363 3566 1432 αίσθόμενος
3592 1362 3677 1431 τῆς

446 1451 587 1524 fugit
616 1456 682 1510 ad
715 1455 836 1512 illos
866 1458 956 1527 qui
989 1456 1285 1528 Scripturae
1317 1457 1605 1514 scientiam
1646 1457 1885 1522 habent;
1918 1470 2029 1527 quo

2144 1462 2282 1516 κατὰ
2308 1461 2443 1515 Θεοῦ
2469 1461 2855 1529 συκοφαντίας,
2884 1460 2977 1511 καί
3003 1457 3098 1510 τοῦ
3134 1454 3331 1509 ἑαυτοῦ
3357 1454 3571 1523 ψεύδους
3611 1454 3677 1522 (οὐ

449 1545 597 1600 dicto
626 1547 803 1602 illudit
824 1548 1081 1606 barbaris
1108 1559 1238 1603 tunc
1270 1550 1576 1605 litterarum
1609 1549 1834 1618 ignaris,
1870 1548 1943 1604 ita
1972 1557 2033 1604 ut

2144 1554 2242 1626 γὰρ
2267 1550 2554 1625 είχετοῦτο
2588 1551 2755 1605 πόθεν
2818 1548 3195 1619 πιστώσεται),
3244 1545 3569 1615 καταφεύγει
3615 1546 3680 1607 είς

455 1634 704 1692 fraudem
731 1654 883 1695 suam
922 1640 1100 1695 celare
1134 1641 1327 1695 valeat.
1382 1640 1447 1694 Et
1493 1642 1807 1711 quicunque
1846 1641 2029 1707 habet,

451 1728 650 1800 inquit,
691 1732 987 1801 Scripturae
1024 1732 1329 1787 scientiam.
1385 1731 1559 1798 Quam
1590 1732 1729 1788 dicis
1786 1732 2029 1802 scriptu-

451 1836 569 1874 rain
604 1821 627 1874 ?
655 1819 785 1876 Sine
805 1823 973 1877 dubio
996 1823 1280 1879 existimas
1311 1839 1495 1879 veram
1532 1837 1655 1879 esse
1695 1824 1841 1879 illam
1877 1823 2030 1878 Scri-

451 1923 668 1984 pturam
725 1931 848 1985 qua;
877 1916 943 1971 de
993 1924 1045 1971 te
1095 1925 1344 1972 testatur.
1408 1915 1549 1986 Ergo
1596 1915 1814 1970 effatum
1872 1915 2025 1979 illud,

453 2007 793 2061 Abominatio
839 2009 1186 2065 desolatiom’s
1219 2011 1287 2074 ⁸⁵,
1328 2010 1395 2065 de
1442 2019 1492 2065 te
1517 2010 1720 2065 dictum
1746 2008 2032 2065 fuit.Nibil

454 2096 600 2151 aliud
630 2099 869 2155 cordatis
898 2108 1147 2169 superest
1182 2100 1249 2155 de
1278 2108 1329 2154 te
1363 2100 1622 2171 cogitare.
1655 2099 1809 2166 Quod
1841 2100 1886 2155 si
1914 2098 2033 2177 Mo-

454 2188 715 2245 hamedes
755 2206 864 2245 non
896 2200 981 2247 est
1010 2206 1078 2246 eo
1114 2200 1428 2255 contentus,
1485 2202 1539 2247 et
1580 2193 1871 2247 sublimius
1932 2190 2033 2245 ali-

454 2281 588 2350 quid
631 2283 908 2352 postulat;
937 2299 1035 2340 vos
1073 2285 1290 2354 quidem
1323 2285 1519 2339 divinae
1572 2284 1869 2353 Scriptura:
1917 2291 2035 2339 stn-

454 2372 619 2439 diosi,
645 2375 816 2445 probe
845 2375 1001 2432 scitis
1018 2390 1281 2446 quasnam
1309 2375 1383 2430 ibi
1410 2376 1477 2430 de
1510 2374 1829 2430 Mohamede
1858 2375 2035 2444 legato

454 2464 837 2536 pmdictiones
873 2468 1015 2523 Deus
1049 2468 1351 2537 scripserit,
1384 2477 1437 2522 et
1466 2468 1531 2523 de
1553 2468 1725 2537 ipsius
1754 2475 2037 2536 exspecta-

454 2559 624 2613 tione.
664 2558 781 2612 Imo
809 2567 861 2614 et
897 2558 952 2613 in
1010 2559 1171 2615 istius
1210 2560 1351 2613 libro
1400 2559 1683 2613 invenietis
1707 2570 1919 2628 sumpta
1968 2574 2035 2612 ex

457 2649 631 2705 sacris
664 2647 967 2719 Scripturis
994 2650 1326 2715 testimonia,
1355 2657 1717 2717 congruenter
1754 2648 1875 2717 ejus
1906 2650 2038 2717 dog-

458 2740 698 2798 matibus
721 2741 974 2811 applicita
1004 2782 1021 2807 ,
1052 2756 1115 2795 ex
1152 2741 1288 2812 lege,
1332 2740 1638 2810 prophetis,
1666 2748 1829 2809 atque
1854 2738 2038 2792 Evan-

459 2832 621 2903 gelio,
648 2848 785 2904 quos
831 2833 1002 2888 libros
1064 2832 1180 2903 ipse
1222 2832 1437 2887 divinos
1485 2831 1734 2901 judicare
1783 2830 2036 2883 videtur:

457 2940 690 2994 quorum
715 2939 813 2980 ceu
841 2924 945 2980 sibi
963 2935 1216 2981 notorum
1250 2934 1513 2995 praetextu
1547 2922 1814 2978 barbaros
1840 2920 2037 2986 latens,

458 3014 657 3073 fabulae
681 3015 843 3072 finem
871 3016 1021 3073 facit.

958 3280 1398 3339 CONFUTATIO
1428 3281 1566 3337 XIII.

531 3375 621 3433 70.
664 3372 845 3429 Tertia
878 3373 1087 3429 decima
1117 3390 1146 3428 a
1169 3374 1492 3430 Mobamede
1519 3373 1699 3429 fabula
1730 3373 2045 3430 inscribitur

461 3467 774 3532 Abraham;
816 3466 951 3524 nihil
982 3473 1166 3522 tamen
1197 3465 1340 3537 frugi
1369 3467 1434 3522 dc
1456 3467 1560 3522 boe
1584 3466 1806 3521 homine
1830 3475 2041 3534 narrat;

462 3560 558 3615 sed
594 3568 755 3629 prout
789 3559 954 3613 etiam
987 3560 1039 3613 in
1068 3561 1350 3630 superiore
1379 3557 1559 3614 fabula
1582 3598 1597 3623 ,
1631 3546 1869 3614 breviter
1895 3559 1961 3614 de
1985 3573 2043 3613 re

464 3662 649 3709 creata
680 3654 921 3720 locutus,
972 3669 1138 3724 quam
1187 3668 1218 3707 a
1272 3652 1459 3708 divino
1510 3651 1714 3723 Spiritu
1749 3653 1857 3721 regi
1888 3652 2039 3717 dicit,

465 3745 651 3801 subdit
713 3744 1003 3799 ministerii
1077 3744 1161 3800 sui
1233 3744 1546 3814 negotium,
1614 3756 2044 3815 consuetamque

462 3836 860 3904 blaSpbemiam
889 3835 1083 3900 elfutit,
1121 3834 1267 3905 quod
1305 3835 1448 3890 Deus
1496 3850 1657 3904 quem
1704 3834 1818 3889 vult
1855 3850 2042 3890 errare

463 3926 617 3993 facit,
672 3928 1024 3997 vicissimque
1079 3943 1240 3997 quem
1295 3926 1413 3981 vult
1462 3926 1666 3997 dirigit.
1722 3925 2043 3996 Rursusque

462 4018 711 4074 meminit
742 4017 1010 4073 Thamudi
1040 4027 1093 4073 et
1135 4017 1297 4082 Aadi,
1342 4018 1498 4087 juxta
1552 4019 1794 4087 priscum
1841 4018 2041 4074 delita-

465 4120 710 4166 mentum
768 4126 927 4165 suum
970 4129 984 4165 :
1030 4120 1084 4166 et
1139 4111 1283 4180 quod
1336 4119 1621 4180 propterea
1672 4110 1776 4165 sibi
1826 4125 2045 4181 quoque

463 4206 612 4261 credi
644 4206 839 4261 debeat
872 4216 930 4262 ut
969 4205 1064 4259 Dei
1096 4206 1290 4277 legato.
1340 4205 1516 4276 Hujus
1546 4214 1727 4260 autem
1760 4205 2046 4276 legationis

465 4313 579 4354 suae
606 4298 711 4353 hoc
740 4299 869 4354 dicit
898 4298 1178 4363 indicium,
1222 4298 1366 4368 quod
1424 4297 1591 4351 futuri
1644 4307 1773 4353 sunt
1806 4298 1857 4352 in
1888 4314 2045 4366 para-

462 4386 585 4441 diso
611 4386 915 4450 credentes,
976 4400 1101 4440 cum
1165 4384 1429 4440 uxoribus
1472 4385 1588 4440 suis
1628 4393 1680 4439 et
1719 4384 1845 4440 filiis
1880 4386 2043 4440 simul

2134 1648 2259 1710 τοὺς
2292 1646 2502 1708 είδότας
2534 1644 2634 1713 τὴν
2660 1642 2908 1712 Γραφὴν,
2936 1641 2993 1693 ὲν
3027 1638 3104 1710 τῷ
3154 1638 3293 1701 τέως
3328 1641 3451 1701 τοὺς
3499 1636 3681 1707 βαρϐά-

2141 1754 2266 1807 ρους
2296 1735 2608 1805 ἁγνὼστους
2636 1734 2797 1795 ὄντας
2817 1733 3098 1798 διαπαῖξαι
3120 1731 3213 1784 καὶ¹
3247 1729 3429 1783 λαθεῖν
3464 1728 3678 1798 ἰσχύσας·

2132 1827 2243 1882 Καὶ
2274 1828 2420 1891 ὅστις
2450 1826 2569 1879 ἐστὶ
2595 1825 2721 1896 παρ’
2739 1822 2925 1887 αὑτοῦ,
2960 1822 3145 1892 φησὶν,
3180 1822 3388 1891 εἴδησις
3435 1820 3528 1888 τῆς
3557 1821 3682 1890 Γρα-

2131 1920 2239 1990 φῆς
2273 1936 2288 1951 ’
2320 1918 2479 1983 ποίας
2503 1919 2771 1990 Γραφῆς-;
2802 1917 2937 1978 ὅλως
2960 1916 3070 1986 γὰρ
3100 1914 3163 1985 δὴ
3221 1914 3325 1966 οῖει
3381 1910 3553 1981 ἀληθῆ
3604 1912 3683 1981 τὴν

2131 2012 2357 2086 Γραφὴν
2383 2006 2523 2064 εἶναι
2547 2008 2791 2080 καὶπερὶ
2822 2007 2916 2060 σοῦ
2972 2005 3361 2079 μαρτυροῦσαν
3397 2020 3411 2034 ·
3464 2005 3595 2066 είκὸς
3631 2004 3685 2057 τὰ

2134 2103 2390 2175 περὶτοῦ
2414 2102 2840 2170 ,βδελύγματος
2863 2100 2973 2168 τῆς
2998 2098 3353 2167 ἐρημώσεως
3378 2096 3500 2166 περὶ
3520 2096 3603 2148 σοῦ
3627 2096 3687 2149 εί-

2138 2212 2300 2267 ρηται
2331 2211 2345 2226 ⁶
2379 2194 2513 2247 ἀλλὰ
2546 2193 2653 2263 γὰρ
2692 2193 2845 2245 οὐδὲν
2887 2190 3270 2263 περιλείπεται
3323 2190 3434 2250 τοῖς
3479 2187 3686 2240 συνιοῦσι

2134 2286 2464 2341 διανοεῖσθαι
2491 2286 2619 2355 περὶ
2648 2284 2742 2338 σοῦ
2775 2302 2790 2317 ⁸
2821 2286 2869 2338 εί
2900 2285 2954 2336 δὲ
2992 2283 3065 2354 μὴ
3094 2283 3254 2335 τοῦτο
3301 2280 3459 2343 αὐτὸς
3508 2280 3687 2348 ἀνέχοι-

2134 2396 2223 2444 το,
2281 2378 2397 2433 ἀλλ’
2454 2378 2642 2447 ἕτερόν
2689 2394 2742 2431 τι
2787 2376 2996 2447 ὑψηλὸν
3038 2376 3286 2437 ἀπαιτεῖ,
3341 2372 3452 2424 ὅσοι
3473 2371 3564 2437 τὴν
3593 2369 3689 2421 θεό-

2138 2486 2403 2523 πνευστον
2440 2468 2703 2539 μελετᾶτε
2737 2466 2984 2539 Γραφὴν,
3042 2464 3198 2519 αὐτοὶ
3244 2460 3530 2514 ἐπίστασθε
3580 2458 3688 2519 ὅσας

2139 2561 2513 2632 προαγγελίας
2540 2562 2669 2630 περὶ
2718 2558 2965 2628 Μωάμετ
2998 2553 3299 2610 ἀποστόλου
3322 2554 3350 2605 ὁ
3379 2552 3505 2614 Θεὸς
3550 2550 3689 2620 ἔγρα-

2137 2653 2227 2723 ψε,
2265 2655 2360 2706 καὶ
2390 2655 2487 2722 τῆς
2517 2652 2705 2706 τούτου
2730 2649 3064 2721 προσδοκίας
3094 2664 3108 2679 ·
3133 2647 3398 2717 εὑρήσετε
3445 2643 3497 2696 δὲ
3520 2644 3603 2695 καὶ
3644 2642 3690 2694 ἐν

2139 2749 2204 2816 τῇ
2236 2744 2425 2798 τούτου
2464 2745 2758 2815 συγγραφῇ
2788 2741 2886 2805 τὰς
2916 2743 2980 2793 ὲκ
3008 2742 3109 2809 τῆς
3159 2737 3312 2797 θείας
3342 2732 3553 2804 Γραφῆς
3580 2746 3692 2800 μαρ-

2138 2837 2331 2908 τυρίας
2365 2836 2636 2906 εὐστόχως
2670 2836 2727 2887 ἐν
2753 2835 2867 2896 τοῖς
2894 2831 3058 2886 αὐτοῦ
3091 2830 3358 2898 δόγμασιν
3398 2823 3691 2893 ὲξαγομένας

2142 2928 2252 2982 ἀπό
2278 2944 2335 2980 τε
2366 2926 2533 2997 νόμου
2569 2926 2667 2979 καί.¹
2698 2924 2994 2995 προφητῶν
3024 2921 3118 2975 καὶ
3159 2918 3255 2972 τοῦ
3294 2915 3627 2985 Εὐαγγελίου,
3664 2910 3695 2964 ἃ

2142 3019 2448 3091 ὲκθειάζειν
2472 3019 2637 3083 δοκεῖ,
2679 3018 2776 3070 καὶ
2800 3010 2874 3069 ὧν
2904 3016 3008 3069 ὑπὸ
3033 3015 3129 3084 τὴν
3158 3012 3436 3083 πρόφασιν
3489 3010 3578 3077 τῆς
3630 3006 3693 3057 εί·

2066 3130 2108 3187 ο
2142 3115 2348 3185 δήσεως
2385 3112 2512 3175 τοὺς
2547 3110 2858 3183 βαρϐάρους
2894 3106 3097 3173 λαθὼν,
3130 3103 3514 3176 τὸνξφλήναφον
3553 3099 3693 3152 ἔπαυ·

2150 3224 2242 3260 σεν

2644 3292 3083 3349 ΕΛΕΓΚἸἸΚΟΣ
3136 3287 3237 3346 II".

2216 3392 2277 3446 o’.
2311 3391 2384 3444 Τὸ
2413 3388 2862 3462 τρισκαιδέκατον
2901 3384 3012 3455 (15)
3068 3382 3336 3453 μυθάριον
3376 3377 3451 3447 τῷ
3481 3375 3690 3443 Minius:

2145 3486 2249 3551 Εἰς
2287 3484 2384 3555 μὲν
2424 3482 2531 3535 τὸν
2567 3478 2815 3547 Ἀϐραὰμ
2844 3477 3271 3546 ἐπιγέγραπται,
3313 3471 3461 3526 οὐδὲν
3497 3468 3547 3521 δὲ
3576 3466 3697 3555 ἄξιον

2144 3553 2301 3643 λόγου
2337 3573 2467 3644 περὶ
2496 3571 2588 3625 τοῦ
2620 3569 2815 3639 ἀνδρὸς
2855 3567 3153 3635 ἐξηγεῖται,
3180 3563 3317 3618 ἀλλὰ
3345 3560 3483 3616 κατὰ
3502 3559 3583 3612 τὸν
3607 3553 3693 3625 πρὸ

2142 3665 2333 3719 τούτου
2368 3663 2536 3733 μῦθον
2556 3661 2712 3730 ὀλίγα
2736 3677 2802 3713 πε
2812 3658 2865 3730 pl.
2890 3659 2989 3728 τῆς
3014 3657 3247 3717 κτίσεως
3306 3651 3594 3715 καταλέξας
3630 3647 3700 3700 ὅτι

2145 3755 2275 3827 θείῳ
2306 3754 2587 3823 Πνεύματι
2618 3753 2921 3815 διοικεῖται,
2961 3750 3159 3817 ὲπάγει
3208 3748 3278 3801 τὰ
3309 3741 3697 3813 οἰκονομούμενοι

2145 3829 2275 3925 παρζ
2311 3850 2477 3905 αὐτοῦ
2512 3865 2526 3880 ⁸
2562 3847 2656 3903 καί
2688 3863 2820 3916 φησι
2853 3846 2953 3913 τὴν
2987 3841 3192 3911 συνήθη
3236 3831 3698 3925 placentium-riu

2142 3944 2171 3996 ὁ
2200 3919 2332 4006 Θεὸς
2352 3941 2411 3994 ὃν
2439 3939 2584 3992 θέλει
2614 3937 2812 4006 πλανᾷ,
2837 3934 2927 3987 καὶ
2953 3932 3012 3985 ὃν
3036 3931 3180 3984 θέλει
3201 3930 3397 3998 ὁδηγεῖ
3417 3944 3431 3957 ο
3464 3925 3552 3978 καί
3572 3919 3698 3980 αὖθις

2152 4031 2426 4105 μέμνηται
2442 4027 2660 4099 Θαμοὺδ
2682 4026 2776 4079 καὶ
2808 4023 2959 4089 ’Δάδ,
2980 4022 3122 4076 κατά
3141 4021 3234 4073 τὸν
3255 4019 3422 4073 πάλαι
3462 4016 3521 4082 λῆ
3532 4010 3698 4105 ρον

2149 4122 2243 4177 τοῦ
2262 4139 2275 4151 ·
2302 4121 2394 4174 καὶ
2414 4122 2495 4174 ὅτι
2516 4120 2615 4172 Διά
2634 4116 2791 4171 τοῦτο
2822 4114 2977 4183 κάγὼ
3016 4110 3217 4181 ὀφείλω
3281 4107 3604 4175 πιστωθῆναι
3641 4101 3699 4162 ὡς

2145 4213 2278 4269 Θεοῦ
2297 4211 2591 4273 ἀπόστολος
2609 4227 2622 4240 ο
2643 4210 2743 4279 τῆς
2775 4208 2832 4260 δὲ
2854 4205 3047 4259 τούτου
3095 4201 3408 4270 ἀποστολῆς
3450 4197 3700 4268 γνώρισμα

2145 4306 2303 4361 τοῦτό
2322 4320 2505 4375 φησιν’
2528 4304 2611 4356 ὅτι
2630 4303 2904 4362 Ἔσονται,
2923 4298 3107 4369 φησὶν,
3129 4299 3175 4350 οἱ
3191 4296 3375 4349 πιστοὶ⁵
3399 4297 3456 4348 ὲν
3468 4290 3537 4361 τῷ
3551 4305 3699 4358 παρα-

2147 4400 2311 4469 δείσῳ
2351 4398 2474 4459 ταῖς
2492 4395 2701 4449 ἑαυτῶν
2724 4392 3017 4462 γυναιξίτε
3046 4390 3141 4444 καὶ
3174 4392 3387 4451 τέκνοις
3418 4397 3701 4450 συνευφραι-

463 4478 824 4545 deliciantes;
855 4478 1101 4534 infideles
1132 4486 1339 4543 autem,
1368 4477 1421 4531 in
1468 4478 1699 4548 judicio.
1740 4497 1757 4529 ι
1790 4478 2038 4533 Interulze

2144 4493 2356 4563 νόμενοι
2382 4489 2496 4561 (Id)
2518 4504 2531 4518 '
2582 4490 2630 4543 οἱ
2655 4488 2712 4541 δὲ
2732 4486 2974 4551 ἄπιστοι,
2993 4484 3183 4554 φησιν,
3203 4484 3262 4535 ἐν
3287 4483 3351 4552 τῇ
3382 4478 3549 4550 κρίσει
3567 4491 3579 4506 °
3611 4491 3626 4524 ι
3648 4470 3701 4522 τὰ

463 4584 657 4624 eorum
690 4585 754 4625 ex
792 4569 908 4639 pice
942 4568 1184 4631 ccdrina,
1246 4576 1299 4623 et
1322 4568 1597 4637 cooperict
1633 4568 1814 4623 vultus
1849 4583 2039 4623 eorum

464 4662 658 4731 ignis.»
694 4661 870 4730 Atque
900 4660 975 4714 ita
1004 4658 1342 4714 tremendum
1362 4660 1502 4713 diem
1524 4647 1780 4724 irridens,
1808 4659 2044 4715 fabulari

463 4751 685 4807 desinit.
716 4751 1271 4806 Animadvertendum
1316 4760 1399 4807 est
1445 4767 1651 4807 morem
1690 4766 1814 4807 esse
1839 4751 2045 4822 impro-

464 4844 658 4901 borum
683 4838 969 4899 hominum
992 4844 1139 4899 haud
1162 4844 1307 4900 nuda
1336 4845 1574 4915 objicere
1606 4846 1774 4912 retia;
1802 4846 2040 4916 alioquin

465 4940 571 5011 ipsi
605 4942 786 5011 potius
817 4941 1013 5011 praeda:
1047 4939 1246 4997 forent.
1298 4940 1415 4996 Non
1445 4949 1528 4996 est
1572 4957 1703 5013 ergo
1735 4940 2042 4995 mirandum

466 5035 513 5090 si
549 5049 655 5104 qua
688 5034 962 5089 interdum
992 5035 1133 5105 apud
1168 5050 1291 5090 eum
1320 5044 1449 5091 sunt
1474 5036 1785 5090 laudabilia.
1811 5033 2042 5090 Verum-

424 5162 427 5165 ν
468 5135 655 5181 tamen
674 5125 763 5180 illa
790 5136 1006 5196 oportet
1033 5127 1318 5197 explorare
1348 5142 1471 5196 quae
1493 5127 1702 5182 noviter
1730 5126 1845 5196 ipse
1870 5126 2043 5197 ponit,

466 5226 801 5287 quantopere
833 5218 1054 5274 fraudes
1092 5218 1210 5287 ejus
1249 5218 1469 5289 dolique
1502 5219 1858 5277 adversentur
1902 5219 2047 5276 divi-

465 5308 572 5375 nis,
606 5324 635 5364 a
661 5310 863 5381 quibus
890 5310 937 5367 is
964 5310 1227 5381 decerpit,
1262 5309 1494 5382 legibus.

538 5574 752 5630 "-Dan.
783 5590 859 5638 ix,
886 5572 978 5628 ‘27.

541 5714 653 5782 (12)
685 5715 811 5768 Sur.
841 5714 979 5773 XIII.
1014 5716 1105 5770 43.

543 5786 653 5855 (l3)
688 5784 813 5839 Sur.
851 5784 989 5851 XIV,
1027 5787 1110 5841 l0.

2146 4584 2396 4654 καμήσια
2414 4581 2594 4635 αὐτῶν
2618 4580 2728 4634 ἀπὸ
2754 4578 2999 4649 κεδρίας,
3034 4576 3129 4630 καὶ
3165 4574 3429 4629 καλύπτει
3475 4570 3537 4623 τὰ
3565 4565 3701 4636 πρόσ-

2146 4690 2272 4727 ωπα
2300 4671 2482 4725 αὐτῶν
2520 4670 2581 4723 τὸ
2616 4669 2727 4741 πῦρ
2760 4687 2773 4701 ·
2822 4686 2840 4719 ι
2878 4668 2973 4721 καὶ
3018 4666 3194 4728 οὕτως
3237 4659 3583 4723 καταπαίζων
3622 4654 3700 4721 τῆς

2147 4764 2385 4834 φοϐερᾶς
2406 4764 2642 4834 ἡμέρας,
2679 4760 2773 4815 τοῦ
2801 4760 3085 4830 φληνάφου
3122 4757 3359 4826 ἀπέστη.
3417 4747 3700 4815 Ἐπιστῆσαι

2145 4854 2203 4908 δὲ
2232 4855 2313 4908 δεῖ
2336 4855 2417 4906 ὅτι
2452 4855 2547 4906 ἐπὶ
2564 4854 2670 4906 τῶν
2690 4850 3143 4920 κακουργούντων
3177 4847 3308 4899 ῐδιον
3336 4846 3397 4897 τὸ
3425 4843 3495 4913 μὴ
3518 4834 3699 4909 γυμνὰς

2154 4945 2468 5018 προτιθέναι
2497 4945 2595 5007 τὰς
2625 4945 2799 5015 ἄρκυς
2829 4959 2842 4973 ’
2867 4942 2899 5013 ἢ
2928 4940 3036 5011 γὰρ
3061 4938 3127 4992 ἂν
3153 4937 3307 4992 αὐτοὶ
3341 4934 3536 5006 μᾶλλον
3560 4928 3701 4982 ἑάλων

2156 5017 2255 5093 σαν
2288 5055 2301 5068 ·
2336 5038 2396 5091 οὐ
2422 5037 2527 5109 χρὴ
2555 5036 2879 5102 ξενίζεσθαι,
2916 5036 2965 5087 εί
3007 5034 3101 5087 καὶ
3142 5032 3273 5100 παρ’
3333 5025 3479 5097 αὐτῷ
3521 5041 3569 5076 τι
3612 5017 3719 5072 τῶν.

2153 5129 2562 5200 ἐπαινουμένων
2587 5127 2891 5199 θεωρηθείη
2922 5142 2936 5157 ·
2966 5124 3103 5178 ἀλλά
3135 5123 3203 5176 τὰ
3246 5121 3377 5193 παρ’
3420 5114 3575 5173 αὐτοῦ
3607 5127 3702 5165 και·

2152 5222 2413 5293 νιζόμενα
2450 5219 2736 5292 βασανίσαι
2775 5220 2895 5272 δεῖ·
2921 5219 2973 5270 εἰ
2997 5232 3060 5285 γε
3092 5214 3167 5285 μὴ
3214 5212 3422 5282 σφόδρα
3473 5202 3701 5293 διαμάκεξ

2153 5330 2241 5368 ται
2272 5289 2385 5377 τοῖς
2413 5289 2473 5377 ἐξ
2510 5302 2585 5367 ὧν
2632 5311 2948 5383 ἐλήφθησαν
2978 5306 3148 5363 αὐτοῦ
3174 5305 3242 5359 τὰ
3291 5302 3511 5356 δελέατα
3539 5296 3622 5351 καὶ
3652 5289 3700 5343 σί

2154 5405 2360 5459 ἀπάται
2390 5403 2716 5475 θεογράφοις
2752 5402 2959 5471 νόμοις.

2231 5712 2340 5786 (Η)
2370 5713 2494 5770 Sur.
2530 5710 2665 5777 XIV,
2705 5711 2791 5767 49.
