3882 6474
227 365 318 431 761

705 478 1147 535 ΕΛΕΓΚΤΙΚΟΣ
1198 481 1297 536 ΙΔ’.

173 650 179 655 _
283 573 381 628 οα’.
404 574 477 627 Τὸ
488 576 1073 643 τεσσαρεσκαιδέκατον
1098 576 1363 647 μυθάριον
1384 577 1787 647 ἐπιγέγραπται

223 669 317 739 μὲν
354 670 463 733 Εἰς
490 668 597 721 τὸν
632 669 820 737 Νιςτερ
849 670 960 739 (15)
986 686 1001 702 ο
1037 671 1311 739 μέμνηται
1345 670 1402 724 δὲ
1442 669 1610 723 αὐτοῦ
1652 670 1789 740 πρὸς

219 761 294 829 τῷ
343 761 488 815 τέλει
535 761 631 814 τοῦ
700 760 869 830 μύθου
928 762 1010 816 ὅτι
1063 762 1274 832 ἑταῖρος
1312 756 1380 832 ἦν
1429 759 1538 813 τῶν
1562 760 1787 829 Σοδομι·

221 852 325 906 τῶν
379 851 492 922 (16)
527 868 541 882 ·
569 853 598 905 ὁ
639 854 749 914 πᾶς
776 852 832 905 δὲ
881 851 1080 915 σκοπὸς
1108 852 1299 905 τούτου
1327 851 1421 905 τοῦ
1458 850 1628 921 μύθου
1659 851 1789 921 περὶ

220 944 310 996 τοῦ
341 943 416 1013 μὴ
444 942 864 1014 διαπιστηθῆναι
888 943 1050 997 αὐτόν
1074 962 1089 976 ο
1130 943 1224 997 καί
1255 961 1438 1014 φησιν,
1461 943 1543 996 ὅτι
1564 943 1789 1005 Πάντως

221 1033 402 1103 ἐροῦσι
421 1051 504 1086 σοι
534 1034 615 1087 ὅτι
642 1033 978 1104 δαιμονιάρις
1035 1030 1089 1088 εἴ
1135 1033 1308 1103 λέγων
1340 1035 1405 1086 ὲκ
1446 1032 1581 1085 Θεοῦ
1629 1032 1785 1096 δέξα-

223 1127 346 1180 σθαι
377 1126 552 1181 ταῦτα
581 1127 693 1197 (17)
726 1143 740 1156 ·
772 1128 820 1178 εἰ
867 1128 975 1196 γὰρ
1006 1123 1076 1197 ἧς
1110 1127 1381 1197 ἀληθινὸς,
1442 1124 1672 1195 ἄγγελον
1722 1124 1790 1179 ἂν

221 1220 483 1290 κατῆγες.
510 1220 699 1283 Αίτίας
731 1220 787 1273 δὲ
812 1220 997 1290 τίθησι
1024 1219 1117 1273 τοῦ
1153 1219 1227 1289 μὴ
1251 1220 1361 1272 δεῖν
1394 1218 1651 1290 ἔρχεσθαι
1684 1218 1789 1285 ἀγ-

222 1313 402 1381 γελον,
431 1312 524 1364 δύο
558 1326 574 1342 ⁸
599 1313 683 1365 ὅτι
703 1328 762 1365 τε
799 1311 904 1364 είσί
936 1328 1078 1374 τινες
1095 1312 1161 1364 δι’
1187 1310 1279 1373 οὓς
1303 1309 1460 1365 τοῦτο
1493 1310 1786 1363 κωλύεταισ

221 1405 314 1457 καὶ
340 1404 423 1456 ὅτι
454 1402 679 1456 ἐκείνων
714 1402 996 1467 ἐλθόντων,
1023 1401 1084 1455 τὸ
1112 1400 1231 1454 ὅλον
1267 1403 1514 1472 ήνυσται.
1550 1402 1657 1454 Καὶ
1704 1401 1791 1463 τίς

221 1497 378 1567 χάρις
406 1498 520 1561 τοῖς
544 1495 887 1566 ἀνθρώποις;
922 1496 982 1548 Εἰ
1003 1493 1059 1546 δὲ
1088 1493 1183 1547 καὶ
1211 1494 1301 1547 τὸν
1332 1484 1578 1563 οὐρανὸν,
1604 1494 1788 1563 φησὶν,

217 1587 534 1659 ἡνοίξαμεν,
568 1588 786 1641 ἵσταντο
809 1588 874 1640 ἂν
918 1587 967 1640 οί
990 1585 1223 1657 ὁρῶντες
1267 1584 1432 1637 αύτόν
1474 1584 1739 1653 ἔκθαμϐοι
1775 1598 1788 1613 ⁸

218 1682 306 1735 διὰ
330 1681 491 1734 τοῦτο
524 1680 677 1734 οὐδὲν
704 1677 909 1732 τούτων
941 1680 1152 1745 γίνεται
1180 1696 1194 1709 ο
1238 1677 1355 1731 ἀλλ’
1398 1677 1521 1730 ἀντὶ
1561 1675 1789 1740 τούτων,

219 1774 377 1844 φησὶ,
412 1772 590 1836 καλῶς
613 1771 770 1835 εἰδὼς
795 1771 863 1825 τὰ
894 1770 1143 1842 μετέωρα
1163 1785 1176 1799 '
1218 1769 1419 1822 «Ἴδετε
1451 1769 1509 1822 τὸ
1542 1768 1674 1837 ὕψος
1696 1765 1792 1820 τοῦ

217 1866 454 1937 ούρανοῦ
504 1866 597 1919 καὶ
640 1866 767 1928 τοὺς
831 1864 1091 1932 ἀστέρας,
1142 1862 1238 1916 καὶ
1290 1862 1388 1924 τὰς
1444 1860 1797 1930 ἀστροτοξίας

216 1960 532 2030 γινομένας,
563 1958 798 2027 ὁπηνίκα
828 1956 1107 2010 ἀναϐαίνει
1152 1956 1180 2007 ὁ
1208 1956 1454 2017 Σατανᾶς
1480 1940 1802 2023 παρακροᾶ-

221 2055 350 2108 σθαι
401 2053 570 2107 θέλων
632 2051 700 2105 τά
739 2052 797 2104 ἐν
822 2051 901 2121 τῷ
946 2048 1158 2120 ούρανῷ
1213 2046 1517 2117 λαλούμενα
1541 2063 1555 2077 ·
1594 2046 1686 2099 καὶ
1714 2044 1802 2098 διὰ

217 2147 380 2200 τοῦτο
416 2145 744 2202 πιστεύσατε
809 2145 890 2197 ὅτι
944 2141 1241 2204 ἀπόπολός
1286 2141 1446 2211 εἰμι’
1504 2138 1663 2200 ἄλλος
1690 2136 1799 2207 γὰρ

216 2239 379 2293 τοῦτο
402 2240 508 2310 πρὸ
539 2238 670 2308 ἐμοῦ
701 2239 801 2291 οὐκ
834 2236 1090 2303 ἐδίδαξεν.
1125 2255 1144 2289 ι
1184 2231 1320 2289 Εἶτα
1379 2232 1542 2288 πάλιν
1589 2233 1801 2303 μέμνη-

215 2349 309 2384 ται
336 2331 440 2402 τῆς
461 2330 555 2385 τοῦ
599 2330 772 2401 Ἀδὰμ
807 2330 1077 2395 πλάσεως,
1099 2328 1193 2383 καὶ
1227 2328 1327 2399 τῆς
1384 2326 1654 2396 γενέσεως
1707 2323 1800 2378 τοῦ

214 2423 443 2493 Βελίαρ,
482 2424 698 2493 καὶτῆς
732 2416 896 2477 αὐτοῦ
946 2422 1252 2486 ἀπειθείας,
1280 2422 1373 2476 καὶ
1399 2419 1493 2474 τοῦ
1523 2419 1800 2489 Ἀϐραὰμ,

216 2516 315 2568 καὶ
338 2516 437 2585 τῆς
474 2517 716 2586 ἱστορίας
750 2520 851 2587 τῆς
880 2516 1024 2570 κατά
1053 2516 1143 2571 τὸν
1170 2502 1324 2569 Λώτο
1387 2516 1482 2568 καὶ
1510 2513 1802 2584 παρεμϐα-

213 2607 328 2661 λὼν
351 2626 475 2662 τινα
505 2609 700 2675 ἔξωθεν
734 2610 919 2679 ἕτερα,
953 2608 1308 2681 κατορθώσας
1340 2626 1398 2662 τε
1440 2612 1505 2663 ἐκ
1541 2610 1639 2679 τῆς
1665 2607 1804 2661 τού-

217 2717 336 2753 των
377 2701 714 2771 ἐξηγήσεως,
746 2702 821 2765 ὡς
874 2701 1115 2772 ἐνόμιζε,
1162 2703 1223 2756 τὸ
1259 2702 1618 2772 πιστωθῆναι,
1668 2702 1803 2755 καθ-

214 2791 452 2846 άπτεται
485 2794 669 2847 λοιπὸν
698 2796 806 2849 τῶν
835 2796 1092 2849 τιθέντων
1121 2796 1375 2850 κοινωνὸν
1397 2796 1515 2867 Θεῷ
1551 2795 1685 2867 (18)·
1710 2795 1805 2849 καὶ⁵

215 2887 272 2938 ἐν
310 2886 523 2950 τούτοις
551 2886 629 2957 τῷ
661 2887 927 2957 φληνάφῳ
955 2889 1107 2951 τέλος
1138 2887 1373 2957 τίθησιν.

719 2978 1160 3032 ΕΛΕΓΚΤΙΚΟΣ
1209 2976 1311 3031 1Ε’.

285 3068 392 3139 οβ’.
427 3070 502 3123 Τὸ
530 3070 1023 3124 πεντεκαιδέκατον
1059 3069 1327 3142 μυθάριον
1359 3070 1469 3141 (19)
1501 3069 1804 3140 ἐπιγέγρα-

217 3180 356 3216 πται
387 3163 485 3223 μὲν
517 3165 620 3229 Εἰς
658 3162 731 3215 τὰ
762 3163 1053 3231 pel/0‘0“:
1078 3179 1091 3191 '
1152 3162 1425 3233 μέμνηται
1450 3163 1506 3216 δὲ
1539 3163 1647 3215 τῶν
1702 3180 1801 3233 με·

217 3254 425 3309 λισσῶν
448 3255 577 3323 περὶ
605 3254 673 3307 τὰ
711 3255 851 3324 μέσα
879 3253 973 3307 τοῦ
1000 3253 1190 3324 μύθου,
1235 3255 1315 3308 ὅτι
1346 3255 1669 3324 ἐργάζονται
1699 3272 1803 3325 κη-

219 3347 322 3418 ρὸν
348 3347 440 3400 καὶ
471 3346 593 3416 μέλι
620 3364 632 3376 ⁸
667 3345 991 3416 προστίθησι
1017 3345 1076 3398 δὲ
1120 3346 1219 3417 τὴν
1249 3345 1462 3416 ἀπάτην
1494 3346 1682 3413 αὐτοῦ,
1721 3347 1802 3400 ὅτι

216 3440 280 3512 δὴ
343 3441 408 3493 ὲκ
456 3438 593 3492 Θεοῦ
636 3437 808 3491 ταῦτα
838 3437 1083 3490 δέδεκται
1112 3453 1127 3469 ’
1189 3438 1282 3491 καὶ
1319 3439 1627 3507 ἐπιτρέχειν
1657 3437 1805 3491 δοκεῖ

214 3533 326 3596 τὰς
348 3532 406 3583 ὲν
427 3534 492 3601 τῇ
524 3530 700 3584 κτίσει
729 3529 822 3583 τοῦ
852 3529 985 3583 Θεοῦ
1006 3529 1322 3592 δυναστείας
1350 3546 1364 3561 ’
1397 3531 1490 3582 καὶ
1512 3532 1593 3582 ὅτι
1617 3529 1805 3599 ἐποίη-

219 3622 528 3685 σενὸΘεδς
548 3623 617 3674 τά
668 3622 863 3693 κτήνη,
929 3622 1023 3674 καὶ
1079 3621 1269 3674 διοικεῖ
1302 3621 1512 3675 πάντα*
1575 3621 1669 3674 καὶ
1717 3620 1804 3686 ἐξ·

219 3718 459 3786 όμνυται
483 3717 646 3786 ὅρκον
662 3716 889 3785 φρικτὸν
917 3714 1054 3767 κατά
1080 3715 1172 3768 τοῦ
1200 3714 1461 3783 ὀνόματος
1505 3712 1599 3766 τοῦ
1644 3712 1801 3776 Θεοῦ,

219 3807 299 3859 ὅτι
320 3808 444 3859 ὅσοι
475 3805 723 3872 λέγουσιν
753 3805 894 3874 ἔχειν
923 3804 1010 3857 τὸν
1032 3803 1163 3856 Θεὸν
1190 3803 1493 3874 θυγατέρας
1519 3802 1803 3872 ἀγγέλους,

220 3898 711 3969 τιμωρηθήσονται
745 3913 757 3927 ·
786 3896 886 3966 τὴν
913 3896 967 3949 δὲ
990 3879 1202 3948 τελείαν
1224 3897 1519 3966 σαφήνειαν
1544 3894 1637 3947 τοῦ
1669 3911 1803 3964 προ-

220 3988 617 4061 χρηματισμοῦ
662 3988 877 4050 τούτου,
927 3989 982 4039 ὲν
1039 3987 1116 4057 τῷ
1165 3988 1371 4040 ἐπιόντι
1421 3985 1585 4040 αὐτοῦ
1652 3987 1806 4056 μύθῳ

223 4084 484 4152 ὀψόμενοι
540 4078 976 4149 ὲκπλαγήσεσθε.
1018 4080 1310 4150 Μέμνηται
1348 4079 1403 4132 δὲ
1465 4079 1623 4131 πάλιν
1676 4076 1806 4147 περὶ

225 4174 490 4245 βρώσεως
516 4172 717 4243 κρεῶν,
742 4174 830 4224 καί
863 4189 994 4241 φησι
1029 4188 1042 4201 ο
1112 4190 1129 4222 ι
1162 4172 1254 4241 Μὴ
1290 4172 1477 4239 εἴπητε
1513 4172 1594 4223 ὅτι
1649 4168 1806 4222 τοῦτό

224 4269 342 4319 ἐστι
378 4264 704 4334 λελυμένον,
761 4264 855 4316 καὶ
888 4263 1045 4316 τοῦτο
1086 4262 1463 4332 κεκωλυμένον
1506 4261 1599 4315 τοῦ
1644 4261 1808 4331 βλασ-

225 4356 437 4425 φημεῖν
470 4353 655 4405 ἐπάνω
681 4351 773 4404 τοῦ
809 4352 942 4404 Θεοῦ
964 4352 1185 4422 ψεῦσμα
1210 4368 1222 4379 ·
1268 4370 1285 4402 ι
1316 4351 1661 4420 βλασφημίαν
1713 4349 1807 4402 καὶ

1408 369 1839 431 REFUTATIO
1880 370 2351 433 MOHAMEDIS.

1822 483 1870 539 Α

3360 372 3473 437 762

2375 476 2817 535 CONFUTATIO
2852 477 2996 532 XIV.

1954 568 2043 621 7i.
2085 566 2291 634 Quarta
2368 567 2578 623 decima
2638 567 2821 623 fabula
2887 565 3204 622 inscribitur
3256 564 3474 635 Noger,

1888 661 2046 731 cujus
2076 661 2323 716 meminit
2383 660 2528 716 circa
2583 659 2783 716 fabulae
2820 660 2992 730 ipsius
3046 658 3231 725 finem,
3281 674 3476 727 nempe

1889 754 2037 824 quod
2096 754 2301 809 sodalis
2368 753 2778 809 Sodomitarum
2834 752 3020 813 fuerit.
3068 750 3239 807 Totus
3291 758 3475 806 autem

1890 847 2053 915 hujus
2092 846 2285 901 fabula:
2335 861 2537 916 scopus
2589 854 2694 912 est,
2727 859 2797 899 ne
2849 844 2979 900 fides
3031 845 3079 899 ei
3129 844 3474 913 denegetur;

1891 936 2095 990 ideirco
2122 937 2198 991 ait
2234 954 2247 990 :
2282 935 2475 991 Dicent
2522 936 2768 1001 omnino,
2799 934 3175 989 Dzemoniacus
3223 949 3303 996 es,
3360 933 3464 988 sia

1892 1021 2000 1077 Deo
2032 1024 2148 1078 haec
2203 1023 2480 1092 accepisse
2518 1021 2783 1079 affirmas.
2830 1019 2964 1075 Nam
3017 1022 3065 1076 si
3104 1036 3265 1076 verax
3303 1034 3475 1085 esses,

1902 1111 2130 1182 angelos
2161 1112 2507 1168 adduxisses.
2547 1110 2666 1167 Jam
2702 1112 2819 1183 ipse
2870 1127 3088 1177 causas,
3116 1111 3474 1181 quamobrem

1897 1204 2149 1273 angelum
2196 1204 2382 1259 venire
2433 1218 2543 1258 non
2602 1210 2871 1272 oporteat,
2924 1203 3079 1272 ponit
3130 1201 3303 1264 duas;
3358 1209 3472 1255 tum

1896 1293 2024 1363 quia
2086 1293 2139 1347 id
2186 1308 2216 1347 a
2270 1292 2600 1361 quibusdam
2666 1292 3020 1361 prohibetur;
3056 1300 3168 1345 tum
3209 1290 3334 1359 quia
3366 1290 3474 1344 illis

1898 1379 2332 1445 advenientibus,
2363 1387 2559 1434 cuncta
2586 1378 3132 1433 consummahuntur.
3156 1378 3286 1443 Quae
3313 1392 3476 1446 porro

1897 1472 2074 1543 gratia
2107 1472 2212 1526 erit
2267 1470 2619 1526 hominibus?
2658 1488 2678 1521 ι
2715 1469 2871 1535 Quod
2928 1469 2974 1523 si
3033 1469 3233 1524 cmlum
3268 1468 3470 1536 ipsum,

1898 1562 2096 1630 inquit,
2128 1560 2487 1629 aperiremus,
2531 1557 2777 1628 profecto
2826 1557 3213 1611 admirabundi
3257 1566 3476 1625 specta-

1898 1661 2042 1707 rent.
2084 1670 2103 1703 ι
2138 1652 2263 1705 Ideo
2292 1651 2427 1706 nihil
2482 1651 2679 1706 horum
2737 1649 2814 1703 fit.
2858 1649 2963 1705 Sed
2999 1665 3189 1704 eorum
3212 1650 3355 1711 loco,
3398 1649 3484 1703 in-

1899 1745 2040 1813 quit,
2066 1742 2322 1813 praeclare
2362 1743 2542 1798 sciens
2582 1742 2848 1804 cmlestia,
2908 1759 2926 1791 ι
2956 1740 3144 1796 Videte
3171 1740 3299 1795 cmli
3325 1738 3486 1794 celsi-

1832 1809 1875 1864 Β
1906 1809 2147 1890 tudinem
2195 1843 2361 1904 atque
2409 1834 2613 1897 sidera,
2672 1843 2727 1889 et
2790 1833 3033 1889 siderum
3082 1832 3477 1902 jaculationes,

1905 1942 2015 1997 quo
2068 1935 2311 1996 tempore
2367 1926 2615 1982 ascendit
2653 1924 2886 1982 Satanas
2935 1924 3190 1979 audiendi
3253 1921 3486 1990 cupidus

1904 2033 2027 2087 qua:
2056 2018 2110 2072 in
2138 2018 2277 2072 caelo
2326 2001 2669 2072 dicebantur.
2722 2016 2934 2072 Idcirco
2985 2015 3189 2070 credite
3231 2029 3319 2068 me
3363 2027 3488 2067 esse

1904 2109 2142 2178 legatum
2176 2128 2189 2163 :
2226 2110 2329 2164 hoc
2366 2109 2513 2163 enim
2540 2118 2669 2163 ante
2695 2124 2781 2164 me
2804 2123 2965 2163 nemo
2986 2107 3194 2161 docuit.
3226 2123 3247 2156 ι
3281 2104 3486 2158 Deinde

1905 2200 2157 2255 metuinit
2212 2214 2407 2254 rursus
2482 2200 2779 2255 creationis
2854 2198 3088 2265 Adami,
3149 2206 3205 2253 et
3256 2196 3485 2264 originis

1906 2288 2094 2353 Belial,
2133 2296 2299 2357 atque
2329 2289 2450 2357 ejus
2494 2290 2883 2353 contumaciae;
2933 2288 3227 2343 Abrahami
3278 2289 3404 2343 item
3433 2297 3488 2343 et

1905 2380 2145 2459 historiae
2174 2379 2317 2435 Loti.
2340 2378 2480 2435 Tum
2511 2381 2838 2450 quibusdam
2859 2380 3082 2436 insertis
3119 2380 3360 2434 exterius
3388 2380 3486 2433 de-

1905 2472 2176 2542 sumptis,
2230 2482 2394 2541 atque
2463 2472 2566 2526 hac
2626 2471 2937 2526 narratione
2990 2472 3313 2526 existimans
3380 2471 3483 2525 sibi

1906 2565 2065 2619 fidem
2127 2564 2452 2621 conciliasse
2527 2564 2886 2633 reprehendit
2971 2564 3094 2618 illos
3158 2573 3346 2631 postea
3391 2561 3486 2631 qui

1906 2656 2116 2710 socium
2150 2655 2259 2710 Ι)οο
2290 2654 2441 2709 dant.
2499 2654 2674 2725 Atque
2734 2655 2812 2709 ita
2862 2653 3024 2711 finem
3088 2668 3240 2709 vanae
3292 2652 3490 2707 fabula:

1906 2746 2159 2818 imponit.
2514 2770 2521 2773 -

2398 3009 2839 3066 CONFUTATIO
2875 3011 2991 3067 XV.

1976 3104 2068 3158 72.
2105 3103 2311 3170 Quinta
2337 3103 2549 3157 decima
2582 3103 2762 3158 fabula
2800 3103 3119 3158 inscribitur
3153 3103 3286 3172 Apes
3316 3144 3332 3168 ,
3369 3114 3489 3157 me—

1905 3205 2190 3265 moratque
2216 3209 2408 3264 reapse
2458 3210 2588 3263 apes
2638 3196 2783 3250 circa
2815 3194 3011 3250 fabula:
3066 3194 3332 3258 medium,
3358 3194 3487 3263 quia

1903 3304 2083 3343 ceram
2120 3296 2175 3343 et
2227 3288 2333 3342 mel
2360 3286 2631 3342 fabricant
2663 3308 2677 3344 :
2713 3288 2865 3343 addit
2899 3296 3077 3342 tamen
3127 3297 3494 3342 commentum

1904 3394 2089 3445 suum,
2123 3393 2318 3449 nempe
2349 3378 2495 3448 quod
2525 3394 2555 3432 a
2588 3379 2698 3434 Deo
2726 3380 2841 3434 hace
2865 3379 2972 3434 sibi
3008 3379 3205 3434 tradita
3236 3378 3481 3433 fuerunt.

1903 3472 1972 3526 Et
2007 3472 2251 3526 delibare
2282 3471 2499 3527 videtur
2544 3470 2637 3526 Dei
2692 3472 2746 3525 in
2795 3471 3034 3526 creando
3088 3470 3407 3540 potentiam,
3440 3478 3497 3523 et

1905 3565 2053 3633 quod
2087 3562 2232 3619 Deus
2248 3563 2498 3633 jumenta
2530 3563 2743 3629 fecerit,
2769 3571 2934 3633 atque
2979 3562 3164 3617 omnia
3205 3572 3356 3630 regat
3382 3579 3396 3615 :
3418 3560 3500 3629 ju-

1905 3666 2096 3725 ratque
2170 3671 2429 3723 magnum
2498 3653 2888 3725 jusjurandum
2936 3669 3034 3724 per
3109 3652 3203 3707 Dei
3274 3666 3495 3715 nomen,

1906 3748 2050 3817 quod
2084 3747 2462 3816 pmnasluent'
2480 3748 2797 3815 quicunque
2830 3747 2999 3800 Deum
3050 3745 3254 3799 habere
3312 3744 3500 3798 dicunt

1908 3838 2047 3891 ﬁlias
2098 3836 2341 3905 angelos.
2387 3835 2608 3890 Plenam
2666 3844 2851 3889 autem
2917 3833 3285 3903 praedictionis
3337 3832 3500 3899 hujus

1907 3928 2328 3983 declarationem
2368 3925 2420 3977 in
2454 3926 2825 3993 subsequente
2852 3924 3034 3979 fabula
3097 3938 3206 3978 non
3240 3922 3359 3976 sine
3384 3929 3499 3973 stu-

1905 4032 2037 4087 pore
2070 4015 2341 4069 videbitis.
2376 4012 2565 4067 Denuo
2610 4013 2857 4066 carnium
2886 4027 3041 4067 esum
3093 4016 3365 4064 memorat
3408 4007 3498 4059 di-

1906 4122 2085 4169 cens:
2125 4123 2143 4157 ι
2182 4103 2363 4159 Nolite
2420 4105 2602 4159 dicere
2650 4104 2752 4157 hoc
2783 4116 2904 4158 esse
2962 4116 3309 4162 concessum,
3363 4098 3496 4160 illud

1908 4212 2037 4252 vero
2076 4194 2436 4265 prohibitum,
2486 4209 2554 4249 ne
2590 4193 2969 4263 blasphemum
3031 4193 3293 4245 adversus
3332 4188 3497 4240 Deum

1908 4289 2250 4344 mendacium
2276 4285 2566 4357 proferatis
2599 4304 2612 4341 :
2655 4305 2673 4337 ι
2707 4285 3099 4353 blasphemiam
3130 4280 3381 4335 videlicet
3407 4295 3501 4348 ap-

1909 4382 2118 4455 pellans
2149 4391 2313 4449 atque
2357 4378 2703 4434 mendacium
2742 4378 2911 4445 legem
2968 4374 3099 4439 Dei;
3143 4373 3501 4437 hortaturque

223 4447 455 4517 ψεῦσμα
495 4445 675 4497 καλῶν
691 4445 782 4497 τὸν
824 4444 985 4514 νόμον
1024 4443 1117 4497 τοῦ
1150 4442 1284 4495 Θεοῦ
1318 4458 1331 4472 ⁶
1394 4443 1489 4496 καὶ
1548 4444 1801 4511 παραινεῖ

1909 4483 1968 4528 ιιι
2011 4472 2382 4526 Abrahamum
2446 4471 2610 4524 unius
2674 4468 2767 4523 Dei
2818 4466 3138 4521 credulitate
3199 4463 3495 4517 imitentur.

225 4544 291 4609 τῇ
322 4539 510 4590 πίστει
548 4534 796 4605 Ἀϐραὰμ
829 4534 1129 4605 μοναρχίαν
1159 4534 1252 4586 τοῦ
1276 4535 1550 4589 πιστεύειν
1575 4552 1589 4565 ⁸
1648 4534 1807 4591 Ἐθε·

225 4649 286 4683 το
310 4630 449 4700 γὰρ,
482 4629 636 4699 φησὶ,
668 4628 726 4681 τὸ
760 4627 1037 4683 Σάϐϐατον
1070 4629 1254 4683 ἐπάνω
1280 4631 1389 4683 τῶν
1442 4632 1807 4701 ἀμφιϐαλλόνο

228 4740 335 4775 των
369 4723 452 4783 εἰς
478 4720 640 4773 αὐτόν
670 4736 684 4750 ·
713 4720 957 4784 καίτοιγε
987 4721 1084 4773 οὐκ
1108 4722 1375 4791 ἐγίνωσκε
1439 4724 1809 4796 σαϐϐατισμὸν

241 4813 539 4883 ’Ᾱϐραάμσ
574 4812 649 4874 ὡς
683 4813 747 4864 ἐκ
772 4811 962 4865 τούτου
996 4814 1383 4884 στοχάσασθαι,
1419 4817 1502 4870 ὅτι
1552 4820 1644 4871 καὶ
1672 4820 1807 4872 046-

233 4904 483 4966 ϐατίζειν
518 4903 769 4955 ἐϐούλετο
796 4904 923 4965 τοὺς
959 4904 1264 4977 βαρϐάρους
1289 4924 1302 4937 ο
1335 4908 1449 4961 ἀλλ’
1515 4911 1643 4974 ἴσως
1711 4913 1810 4964 οὐκ

230 4994 529 5057 ἀκουσθεὶς
556 4995 613 5047 ὲν
645 4995 724 5065 τῷ
752 4996 895 5067 λόγῳ
917 4997 1112 5068 τούτῳ,
1140 5000 1238 5052 οὐκ
1261 5000 1525 5071 ἐτόλμησε
1552 5003 1678 5072 περὶ
1714 5004 1812 5055 αὑο

229 5089 326 5140 τοῦ
357 5105 410 5139 τι
443 5086 760 5157 προσθεῖναι
786 5104 800 5116 ·
839 5088 935 5142 καὶ
964 5089 1022 5142 ὲν
1042 5091 1253 5155 τούτοις
1292 5093 1320 5145 ὁ
1352 5094 1628 5163 φλήναφος
1667 5094 1814 5165 αὐτῷ

232 5179 535 5233 περιέστη.

309 5198 535 5251 ριεστη.

747 5270 1184 5329 ΕΛΕΓΚἸΊΚΟΣ
1218 5273 1328 5343 ις’.

305 5359 412 5428 ογ’.
446 5361 519 5414 Τὺ
569 5362 958 5419 ἑκκαιδέκατον
1007 5366 1269 5437 μυθάριον
1312 5368 1425 5439 ('20)
1474 5368 1549 5439 τῷ
1578 5371 1821 5442 Μωάμετ

311 5521 774 5598 (l§)__Alcoranns
826 5523 1093 5598 Arabicus
1151 5508 1611 5598 ﬂagrumtquam
1662 5528 1815 5583 Gclal

240 5593 390 5658 apud
429 5593 754 5647 Maraccium
782 5596 964 5648 vallem
994 5597 1142 5649 dicit.
1166 5593 1360 5653 Noster
1398 5593 1617 5656 Griecus
1641 5599 1816 5655 homi-

241 5675 371 5735 nen}
390 5664 689 5735 exislintat,
709 5675 762 5735 et
796 5666 985 5720 scribit
1013 5664 1210 5735 Noger.

318 5732 433 5799 (l6)
461 5731 584 5787 Sur.
606 5734 643 5785 Χ
660 5733 720 5794 ν,
754 5734 841 5789 79.

336 5802 449 5872 (Π)
480 5802 602 5858 Sur.
632 5803 746 5868 XV,
789 5806 1071 5873 7,15,ἓ7,
1093 5806 1181 5863 58.

1913 4565 2114 4618 Statuit
2149 4563 2317 4627 enim,
2361 4563 2560 4632 inquit,
2590 4560 2885 4617 Sabbatum
2938 4574 3103 4628 super
3128 4555 3407 4613 discordes
3435 4552 3504 4606 de

1910 4653 2173 4721 eo.Atqui
2193 4653 2588 4709 sabbatismum
2607 4653 2950 4707 Abrahamus
2979 4648 3269 4723 ignoravit.
3304 4644 3505 4711 Quant-

1910 4746 2099 4800 obrem
2129 4760 2194 4799 ex
2230 4746 2333 4800 hoc
2374 4745 2630 4815 conjicite
2667 4746 2812 4814 quod
2849 4744 3012 4799 etiam
3042 4740 3381 4796 sabbatizare
3408 4753 3503 4789 vo-

1915 4837 2109 4892 luisset
2158 4837 2458 4901 barbaros;
2516 4837 2608 4893 sed
2673 4852 2798 4891 cum
2852 4836 2901 4890 ei
2955 4834 3188 4888 fortasse
3250 4828 3498 4885 suadenti

1918 4945 2026 4983 non
2080 4929 2505 4992 auscultaretur,
2555 4929 2688 4983 nihil
2731 4929 2877 4982 circa
2928 4926 3057 4981 illud
3119 4938 3311 4979 ausum
3381 4934 3503 4973 esse

1918 5021 2274 5077 constituere.
2312 5023 2487 5090 Atque
2518 5021 2570 5074 in
2604 5021 2692 5075 his
2715 5020 2834 5089 ejus
2862 5020 3044 5075 fabula
3076 5016 3324 5087 explicit.

2411 5282 2854 5341 CONFUTATIO
2882 5281 3022 5339 XVI.

2000 5376 2089 5431 75.
2128 5376 2290 5432 Sexta
2325 5376 2533 5432 decima
2563 5393 2593 5431 a
2624 5376 2940 5431 Mohamede
2969 5371 3151 5428 fabula
3187 5366 3505 5424 tuscribitur

1958 5531 2102 5607 .(18)
2126 5532 2469 5607 Christianos
2508 5531 2895 5607 designat,qui
2929 5526 3209 5607 θρίξ-Γαιιὶ
3239 5525 3375 5581 dant
3407 5540 3501 5582 so-

1923 5598 2083 5673 cium
2103 5604 2185 5673 vel
2225 5608 2403 5673 potius
2430 5598 3195 5673 consubstantialemFilium.

2002 5671 2115 5740 (19)
2147 5669 2269 5726 δαὶ».
2306 5672 2447 5732 xw.
2483 5674 2573 5736 es,
2607 5672 2697 5730 εδδ,
2735 5671 2823 5732 57,
2862 5669 2982 5733 ne,
3022 5669 3143 5722 tat.

1992 5741 2102 5813 (20)
2141 5741 2264 5799 Sur.
2296 5743 2458 5811 XV",
2486 5744 2540 5809 ‘2,
2576 5742 2661 5808 15,
2704 5741 2785 5805 lii,
2821 5740 2909 5793 40.
