3994 6622
479 390 590 454 763

1745 388 2037 452 ΝῘΟΕΤᾸΞ
2066 386 2468 451 ΒΥΖᾹΝΤΙΝῙ

3622 384 3719 450 764

478 498 615 553 Filii
663 497 905 553 lsraelis.
946 496 1193 555 Deciarat
1234 500 1436 562 autem,
1467 496 1560 565 Qui
1600 494 1740 551 hanc
1786 495 2043 559 scripsit:

2152 495 2556 565 ἐπιγέγραπται
2594 494 2690 559 Ε’ῖς
2719 490 2861 558 τοὺς
2912 490 3083 557 υἱοὺς
3120 490 3369 560 Ἰσραήλ
3396 490 3509 562 (9.1)
3533 509 3547 523 ·
3589 492 3719 546 ἀπο·

476 585 591 641 Nos
630 584 881 642 dedimus
908 586 1078 659 Moysi
1108 585 1465 655 Seripturam.
1497 584 1607 641 Nos
1627 586 1751 640 item
1778 586 2051 655 judicavi-

481 690 607 734 mus
633 678 700 735 dc
724 679 847 735 filiis
870 678 1085 736 lsraelis
1108 680 1160 734 in
1187 679 1488 749 Scriptura,
1515 679 1629 733 fore
1656 680 1850 735 iterum
1875 680 2046 733 vasti-

474 780 639 826 tatem
681 771 736 825 in
777 779 918 826 terra
943 811 959 838 ,
990 779 1354 842 magnumque
1382 785 1667 827 excessum
1702 782 2047 827 eventurum.

471 862 543 917 At
589 862 733 917 enim
781 863 1091 931 cognoscite
1127 877 1193 917 ex
1256 863 1643 932 sequentibus,
1704 877 1903 918 verene
1958 862 2053 918 hie

474 954 813 1023 Scripturam
858 953 1024 1024 Moysi
1072 953 1369 1009 tradiderit.
1411 951 1544 1008 Nam
1590 954 1871 1023 paululum
1922 967 2050 1024 pro-

472 1057 694 1113 gressus
723 1045 796 1099 ita
813 1044 1098 1116 nugaciter
1120 1045 1295 1116 inquit
1320 1062 1333 1099 :
1367 1062 1386 1097 ι
1407 1044 1473 1100 Ει
1493 1058 1592 1100 nos
1620 1045 1913 1115 unicuique
1935 1045 2049 1099 ho-

474 1135 610 1190 mini
636 1135 702 1191 de
720 1136 861 1192 collo
881 1136 1267 1207 suspendimus
1291 1147 1491 1193 sortem
1519 1137 1712 1207 ipsius.
1731 1132 2052 1208 Continget-

470 1241 579 1296 que
609 1236 670 1282 ut
694 1228 748 1282 in
779 1230 868 1284 die
892 1229 1313 1286 resurrectionis
1336 1229 1449 1285 haec
1476 1230 1549 1284 illi
1577 1229 1737 1286 obvia
1779 1230 2049 1301 scriptura

470 1320 565 1374 flat
596 1336 610 1373 :
649 1319 789 1390 Lege
813 1321 1139 1390 scripturam
1166 1330 1337 1376 tuam.
1366 1339 1387 1373 ι
1426 1319 1536 1376 Hoc
1562 1328 1741 1376 autem
1772 1337 1910 1391 pene
1933 1336 2050 1377 om-

471 1408 635 1463 nibus
650 1409 986 1477 exploratum
1009 1417 1111 1475 est,
1130 1410 1271 1479 quod
1301 1408 1464 1466 sortis
1479 1411 1754 1467 decretum
1770 1426 1832 1466 ac
1854 1411 2045 1477 fatum,

471 1514 580 1553 non
619 1499 795 1554 solum
837 1500 978 1555 haud
1007 1500 1182 1555 suasit
1227 1500 1461 1569 Moyses,
1500 1501 1594 1555 sed
1632 1516 1700 1556 ne
1735 1500 1785 1555 id
1826 1501 2046 1571 quidem

476 1602 782 1644 memorare
808 1590 1001 1645 voluit.
1049 1588 1106 1645 Si
1137 1592 1301 1661 igitur
1327 1592 1392 1646 ad
1428 1591 1521 1646 Dei
1552 1593 1776 1656 gloriam
1817 1594 2048 1662 pertinet

474 1680 643 1733 fatum
668 1680 970 1748 admittere,
997 1683 1073 1736 nil
1102 1683 1300 1737 mirum
1328 1684 1468 1753 quod
1488 1693 1670 1754 postea
1705 1685 1901 1739 tradita
1927 1683 2046 1739 Meo

475 1771 688 1826 bamedi
730 1773 860 1838 sint,
894 1787 1015 1842 quae
1064 1773 1193 1828 olim
1246 1774 1348 1828 sub
1390 1774 1606 1829 silentio
1654 1774 1897 1831 fuerunt.
1948 1774 2043 1830 Sin

2150 584 2401 654 φαίνεται
2436 583 2493 637 δέ
2526 586 2554 637 6
2576 582 2734 637 τοῦτο
2763 583 3105 653 συγγράψας,
3144 581 3225 635 ὅτι
3266 581 3457 652 Ἦμεῖς
3488 583 3723 637 δεδώκα·

2153 693 2254 746 μιν
2281 675 2360 745 τῷ
2400 676 2622 729 Μωῦσεῖ
2648 675 2748 744 τὴν
2780 674 3024 744 Γραφὴν,
3065 674 3159 726 καὶ
3191 673 3273 726 ὅτι
3317 674 3481 742 ἡμεῖς
3512 674 3726 743 ἐκρίνα-

2150 781 2251 836 μεν
2273 765 2353 828 εἰς
2378 765 2501 827 τοὺς
2530 763 2678 826 υἱοὺς
2720 762 2936 833 Ἰσραὴλ
2965 763 3024 814 ἐν
3054 765 3120 833 τῇ
3138 761 3329 831 Γραφῇ
3357 760 3417 813 τὸ
3445 762 3727 828 ἀφανίζειν

2148 856 2207 910 ἐν
2229 859 2295 926 τῇ
2336 858 2405 927 γῇ
2433 855 2704 926 δεύτερον,
2738 854 2832 908 καὶ
2859 853 3155 925 ἐξαρθῆναι
3184 851 3415 923 ἔπαρσιν
3448 853 3696 923 μεγάλην
3714 872 3726 886 ·

2150 949 2405 1002 σκοπεῖτε
2431 948 2488 1001 δέ
2535 949 2598 1002 ἐκ
2626 946 2735 1001 τῶν
2764 946 2912 1017 ἑξῆς,
2945 946 2994 999 εί
3047 943 3266 1014 άληθῶς
3311 935 3468 1006 οὗτός
3504 944 3653 995 ἐστιν
3702 944 3729 996 6

2147 1037 2227 1108 τῷ
2254 1039 2482 1092 Μωῦσεῖ
2508 1038 2604 1108 τὴν
2638 1038 2861 1108 Γραφὴν
2889 1035 3140 1099 δεδωκώς
3161 1051 3177 1066 ι
3208 1033 3404 1105 μικρὸν
3439 1034 3553 1104 γὰρ
3594 1049 3723 1101 προ-

2149 1129 2252 1193 ϐὰς
2276 1127 2535 1199 φλυαρῶν
2566 1145 2705 1199 φησι
2728 1144 2742 1160 ·
2785 1145 2805 1181 ι
2847 1127 2957 1182 Καὶ
2980 1127 3142 1198 ἡμεῖς
3174 1127 3407 1180 ἐκάστου
3438 1123 3726 1193 ἀνθρώπου

2147 1216 2527 1288 ἐκολλήσαμεν
2559 1216 2709 1287 αὐτῷ
2735 1216 2835 1288 τὴν
2865 1218 3060 1288 μοῖραν
3090 1214 3258 1269 αὑτοῦ
3290 1215 3370 1278 εἰς
3398 1213 3491 1267 τὸν
3523 1215 3727 1284 τράχη-

2147 1307 2244 1359 λον
2259 1306 2424 1360 αὑτοῦ
2448 1321 2463 1337 '
2487 1306 2583 1360 καὶ
2609 1305 2851 1360 ἐκϐαίνει
2886 1304 3035 1376 αὐτῷ
3064 1304 3123 1357 ἐν
3146 1306 3214 1376 τῇ
3254 1304 3441 1376 ἡμέρᾳ
3469 1304 3573 1374 τῆς
3600 1305 3728 1357 ἁνα-

2149 1399 2390 1461 στάσεως
2418 1398 2606 1469 γραφὴ
2655 1398 2951 1451 ὑπαντῶσα
2979 1396 3127 1467 αὐτῷ
3162 1396 3301 1468 αῦτη
3320 1413 3337 1428 ·
3395 1396 3731 1463 Ἀνάγνωσον

2145 1490 2244 1559 τὴν
2270 1492 2489 1560 γραφήν
2517 1507 2638 1543 σου.
2684 1508 2704 1543 ι
2736 1488 2907 1542 Τοῦτο
2935 1490 2991 1542 δὲ
3022 1490 3207 1561 σχεδὸν
3232 1488 3396 1543 πᾶσίν
3422 1489 3542 1541 ἐστι
3572 1503 3729 1557 φανε-

2152 1582 2270 1652 ρὸν,
2303 1583 2384 1636 ὅτι
2417 1581 2822 1653 μοιρογραφίαν
2848 1581 2942 1633 καὶ
2963 1581 3327 1652 εἱμαρμένην,
3353 1580 3413 1633 οῦ
3452 1578 3617 1646 μόνον
3639 1580 3730 1630 οὐκ

2146 1675 2434 1741 ἐνουθέτει,
2460 1674 2574 1728 ἀλλ’
2597 1674 2722 1728 οὒτε
2759 1672 3132 1745 μνημονεῦσαι
3154 1673 3418 1744 ἠνέσχετο
3450 1669 3693 1736 Μωῡσῆς
3714 1683 3727 1696 ⁸

2144 1766 2338 1821 οὐκοῦν
2367 1769 2415 1821 εί
2469 1768 2566 1838 μὲν
2593 1765 2728 1837 πρὸς
2776 1765 2916 1819 Θεοῦ
2950 1765 3108 1830 δόξαν
3147 1762 3413 1817 συντείνει
3446 1760 3508 1813 τὸ
3541 1758 3731 1813 ἀποδέο

472 1874 602 1915 vero
626 1856 792 1916 Deum
836 1862 962 1916 mali
990 1876 1143 1932 aeque
1174 1876 1236 1917 ac
1267 1863 1393 1918 boni
1422 1879 1645 1919 causam
1676 1865 1787 1920 vult
1819 1866 2046 1920 demon-

2152 1858 2345 1924 ξασθαι
2380 1825 2744 1930 εἱμαρμένην,
2800 1858 2953 1911 οὐδὲν
2983 1825 3132 1921 ξένον
3165 1857 3215 1909 εἰ
3240 1854 3469 1925 ὕστερον
3504 1852 3576 1906 τά
3617 1854 3732 1904 τότε

473 1961 667 2017 strare,
722 1962 851 2008 tunc
879 1953 1080 2009 frustra
1113 1954 1277 2010 fuisse
1309 1956 1453 2026 leges
1479 1957 1655 2019 datas.
1683 1966 1737 2013 et
1762 1972 2047 2027 pinnarum

474 2042 653 2098 minas
700 2044 959 2109 intentas,
992 2042 1260 2116 coarguit.
1310 2046 1424 2102 Hoc
1453 2059 1635 2103 autem
1664 2059 1747 2105 est
1791 2049 2049 2119 impossi-

472 2131 602 2186 bile.
626 2133 772 2204 Ergo
795 2139 1108 2191 necessario
1134 2138 1393 2192 mentitur
1412 2139 1661 2209 scriptor,
1686 2156 1880 2211 nempe
1904 2141 2050 2211 quod

473 2222 590 2278 haec
622 2223 804 2295 inepta
836 2222 1015 2281 fabula
1046 2237 1321 2283 auctorem
1351 2230 1547 2285 habeat
1577 2232 1728 2285 illum
1753 2233 1845 2302 qui
1877 2231 2049 2304 Moysi

470 2312 643 2380 legem
679 2315 846 2371 dedit.
877 2317 1139 2374 Eumdem
1181 2320 1383 2375 habent
1422 2336 1647 2391 scopum
1671 2324 1813 2393 apud
1847 2322 2048 2393 ipsum,

468 2419 593 2474 quae
620 2416 945 2476 sequuntur.
966 2408 1265 2465 Dicitenim
1299 2428 1313 2465 :
1358 2428 1377 2462 ι
1395 2412 1532 2467 Cum
1557 2412 1775 2482 aliquod
1801 2427 2047 2483 pessum-

472 2494 607 2548 dare
632 2496 889 2566 oppidum
921 2499 1197 2564 volumus,
1222 2499 1480 2567 jubemus
1518 2502 1724 2557 incolas
1753 2504 1869 2571 ejus
1900 2504 2051 2558 luxu-

470 2583 617 2639 riose
649 2600 849 2655 agere;
894 2597 1056 2658 atque
1096 2590 1167 2645 ita
1193 2591 1340 2660 justa
1392 2590 1495 2647 fuit
1524 2592 1591 2647 de
1622 2593 1689 2647 iis
1735 2595 1999 2649 sententia
2032 2613 2047 2652 :

471 2674 810 2733 Exterminio
837 2680 958 2735 illos
985 2683 1507 2739 exterminevimus:
1541 2698 1595 2740 et
1622 2685 1867 2755 profecto
1888 2702 2051 2756 gene-

471 2765 713 2821 rationes
756 2777 879 2836 post
908 2768 1022 2824 Noe
1069 2772 1270 2826 multas
1294 2773 1649 2842 perdidimus.
1686 2793 1705 2827 ι
1731 2775 1893 2845 Atqui
1934 2776 2051 2832 haec

470 2854 639 2910 verba
694 2856 938 2913 Dcumne
992 2860 1276 2917 hominum
1324 2874 1597 2919 amantem
1631 2880 1699 2920 an
1747 2867 2046 2923 daemonem

467 2960 682 3001 osorem
705 2948 931 3003 decent?
966 2949 1184 3006 Deusne
1210 2952 1476 3008 luxuriari
1495 2954 1650 3024 jubet
1672 2972 1737 3010 an
1761 2957 2050 3014 diabolus?

2152 1950 2496 2021 σιωπηθέντα
2520 1950 2671 2021 αὐτῷ
2697 1949 2943 2003 δέδοται·
2969 1950 3019 2002 εί
3043 1948 3101 2002 δὲ
3133 1946 3319 2001 κακῶν
3345 1944 3513 2001 αὑτὸν
3542 1941 3726 2007 αἴτιον,

2150 2040 2341 2113 ῶσπερ
2363 2042 2427 2113 δὴ
2452 2042 2547 2095 καὶ
2574 2042 2684 2096 τῶν
2715 2041 2895 2095 καλῶν
2925 2039 3238 2109 ἀποφαίνει,
3274 2040 3369 2092 καὶ
3419 2039 3487 2091 ἐκ
3536 2036 3728 2089 τούτου

2149 2132 2245 2185 ἐπὶ
2277 2132 2491 2203 ματαίῳ
2506 2131 2606 2195 τὰς
2629 2132 2953 2203 νομοθεσίας
2982 2131 3165 2186 αὐτῶν
3189 2128 3494 2193 τεθεῖσθαι,
3526 2128 3728 2190 καὶτὰς

2151 2224 2402 2287 κολάσεις
2427 2224 2721 2294 ἀπειλῆσαι
2749 2222 2961 2293 ἐλέγχει
2983 2238 2999 2255 ⁸
3024 2221 3182 2276 τοῦτο
3204 2221 3260 2274 δὲ
3286 2220 3554 2275 ἀδύνατον
3576 2236 3588 2249 ³
3612 2218 3729 2287 ψεύ-

2149 2314 2333 2369 δεσθαι
2371 2314 2588 2379 πάντως
2619 2316 2830 2385 ἀνάγκη
2870 2313 2962 2367 τὸν
2994 2311 3301 2383 γράψαντα,
3338 2311 3423 2365 ὅτι
3455 2308 3520 2363 τὸ
3547 2309 3725 2378 ληρῶ-

2149 2407 2238 2470 δες
2262 2406 2418 2459 τοῦτο
2452 2404 2717 2477 μυθάριον
2745 2404 2838 2458 τοῦ
2886 2404 3177 2469 δεδωκότος
3204 2404 3411 2473 Μωῦσῇ
3444 2402 3541 2455 τὸν
3569 2401 3727 2471 νόμον

2150 2500 2268 2553 ἐστί
2293 2515 2307 2530 ⁸
2340 2499 2433 2553 τοῦ
2462 2499 2626 2555 αὐτοῦ
2652 2499 2708 2552 δὲ
2739 2498 2940 2552 σκοποῦ
2963 2498 3112 2568 αὑτῷ
3145 2496 3239 2550 καὶ
3267 2496 3333 2549 τὰ
3358 2495 3489 2564 ἑξῆς
3518 2494 3726 2564 ἔχεται·

2151 2592 2285 2663 φησὶ
2312 2592 2441 2664 γάρ*
2485 2594 2633 2646 ι”Οτ’
2661 2592 2727 2646 ἂν
2760 2590 3024 2662 ἠθέλομεν
3056 2589 3322 2644 ἀπολέσαι
3356 2588 3587 2658 χωρίον,
3612 2588 3728 2639 ἐκε-

2150 2684 2379 2754 λεύομεν
2430 2686 2558 2747 τοὺς
2606 2682 2847 2746 ἑστῶτας
2873 2683 2932 2736 ἐν
2982 2680 3152 2751 αὐτῷ,
3189 2682 3285 2734 καὶ
3324 2679 3646 2750 ὴσώτευσαν
3676 2679 3731 2730 ἐν

2149 2774 2300 2844 αὐτῷ
2323 2791 2339 2808 ο
2372 2777 2467 2829 καὶ
2498 2773 2789 2845 ἐδικαιώθη
2815 2773 3005 2828 ἐπάνω
3053 2771 3218 2826 αὑτοῦ
3248 2770 3405 2840 λόγος
3429 2786 3447 2801 ·
3488 2770 3586 2824 καὶ
3614 2768 3730 2823 ἐδα-

2155 2866 2407 2935 μάσαμεν
2434 2865 2630 2929 αὐτοὺς
2662 2865 2896 2935 δάμασιν
2919 2880 2934 2896 ν
2971 2862 3067 2918 καὶ
3094 2862 3325 2922 πολλοὺς
3368 2860 3730 2929 ἀπωλέσαμεν

2156 2958 2221 3009 ἐκ
2254 2955 2363 3007 τῶν
2413 2955 2618 3023 γενεῶν
2653 2955 2791 3027 μετὰ
2817 2955 2909 3008 τὸν
2938 2953 3085 3008 Νῶε.
3118 2972 3137 3006 ι
3190 2954 3377 3006 Ταῦτα
3407 2952 3480 3005 τὰ
3516 2953 3730 3022 ῥήματα

466 3036 603 3104 Quis
634 3039 1026 3095 evidentiorem
1067 3043 1305 3112 postulet
1342 3045 1859 3103 demonstrationem
1889 3089 1904 3114 ,
1938 3066 2046 3119 quo

2149 3048 2255 3101 τίνι
2308 3047 2506 3117 μᾶλλον
2534 3048 2833 3118 άρμόττει;
2868 3046 2946 3116 τῷ
2986 3044 3353 3117 φιλανθρώπῳ
3400 3043 3528 3113 Θεῷ
3550 3082 3565 3108 ,
3596 3039 3725 3112 ἣτῷ

466 3130 570 3187 sibi
600 3134 926 3200 persuadeat
957 3142 1128 3191 totum
1160 3135 1500 3195 Mohamedis
1540 3140 1737 3195 librum
1770 3156 1800 3196 a
1835 3141 2039 3198 Satana

2154 3139 2523 3212 μισανθρώπῳ
2573 3141 2823 3211 δαίμονι;
2888 3140 3019 3204 Θεὸς
3084 3138 3297 3193 κελεύει
3330 3136 3651 3199 άσωτεύειν,
3698 3135 3729 3203 ἦ

464 3236 589 3278 esse
612 3223 1024 3292 editum?Quod
1050 3227 1096 3281 si
1130 3228 1294 3298 aliqui
1316 3228 1528 3285 dicant:
1562 3230 1851 3295 Quomodo
1879 3234 2046 3291 valuit

2149 3232 2392 3294 διάϐολος
2416 3247 2431 3298 ;
2458 3232 2540 3285 ἐτι
2585 3230 2790 3302 ταύτης
2818 3231 3158 3301 σαφεστέραν
3186 3226 3466 3293 ἀπόδειξιν
3513 3227 3597 3290 τίς
3621 3227 3727 3279 ἐπι-

468 3309 705 3368 Satanas
735 3316 1111 3382 generationes
1136 3319 1333 3373 multas
1365 3328 1489 3389 post
1515 3319 1626 3377 Noe
1654 3323 2046 3392 pessumdare?

2149 3324 2303 3397 ζητεῖ
2328 3324 2420 3379 τοῦ
2452 3324 2979 3396 πεπληροφορῆσθαι
3001 3324 3083 3377 ὃτι
3115 3322 3175 3375 τὸ
3204 3321 3324 3376 ὅλον
3352 3319 3446 3374 τοῦ
3485 3320 3726 3389 Μωάμετ

466 3401 880 3473 respondemus,
908 3404 1055 3478 quod
1083 3409 1292 3464 viribus
1321 3425 1383 3465 ac
1410 3422 1686 3481 potentatu
1721 3416 1874 3483 quasi
1902 3415 2046 3472 divi-

2149 3415 2350 3486 βιϐλίον
2387 3417 2414 3468 6
2448 3416 2693 3478 Σατανᾶς
2726 3415 3032 3481 ἐξέδωκεν;
3082 3415 3131 3467 εί
3175 3413 3233 3468 δέ
3264 3429 3408 3475 τινες
3443 3411 3508 3477 ἐξ
3554 3410 3727 3464 αὐτῶν

466 3510 561 3561 no,
606 3511 949 3568 nequaquam
979 3515 994 3565 ;
1047 3498 1240 3555 fraude
1277 3510 1458 3556 autem
1512 3510 1567 3558 et
1598 3504 1899 3559 tentatione
1935 3519 2046 3573 quo

2149 3508 2352 3560 εἴποιεν
2374 3524 2389 3538 ο
2428 3506 2537 3561 Καὶ
2568 3507 2688 3570 πῶς
2718 3507 2903 3577 ίσχυσε
2936 3506 3180 3568 Σατανᾶς
3207 3504 3435 3567 πολλοὺς
3470 3503 3727 3558 ἀπολέσαι

469 3584 579 3641 illae
616 3587 786 3642 Deum
829 3582 893 3643 ad
935 3591 1267 3646 iracundiam
1303 3593 1549 3658 cierent,
1593 3596 1780 3665 utique
1822 3596 1989 3651 valuit
2024 3609 2039 3663 ;

2149 3601 2210 3653 ἐκ
2237 3599 2346 3652 τῶν
2378 3599 2580 3668 γενεῶν
2628 3599 2767 3670 μετὰ
2795 3599 2885 3653 τὸν
2937 3600 3083 3666 Νῶε,
3140 3599 3373 3671 ἐροῦμεν
3402 3598 3482 3662 ὡς
3528 3598 3589 3662 ἐξ
3611 3598 3727 3650 ἐπι-

464 3676 612 3746 quod
630 3685 685 3730 et
708 3691 853 3732 nunc
880 3692 1134 3749 peragere
1162 3689 1342 3750 potest
1369 3699 1382 3736 :
1418 3684 1722 3752 meritoque
1751 3685 1845 3751 ita,
1867 3701 2042 3756 quan-

2149 3687 2411 3759 κρατείας
2445 3689 2538 3742 καὶ
2565 3688 2883 3752 δεσποτείας
2929 3688 3117 3758 θεῖκῆς
3162 3688 3272 3740 οὐδ’
3316 3688 3454 3751 ὅλως
3482 3703 3498 3717 ο
3555 3688 3632 3751 ὡς
3675 3685 3731 3751 ἐξ

464 3781 632 3834 quam
661 3783 787 3824 casu
830 3769 1073 3837 fortuito,
1100 3773 1367 3829 veraciter
1394 3775 1527 3830 dicit
1551 3776 1827 3832 diabolum
1857 3778 2038 3833 homi-

2149 3781 2364 3852 ἀπάτης
2382 3782 2437 3834 δὲ
2462 3782 2557 3835 καὶ
2586 3782 2679 3835 τοῦ
2709 3782 2953 3853 ἐρεθίσαι
2980 3780 3183 3843 αὐτοὺς
3212 3780 3291 3843 είς
3319 3780 3379 3833 τὸ
3404 3779 3728 3850 παροργίσαι

466 3872 568 3913 nes
598 3860 978 3929 pessumdare.

2149 3872 2235 3925 τδν
2264 3873 2417 3938 Θεὸν,
2450 3873 2635 3943 ἴσχυσε
2655 3890 2668 3904 ⁸
2706 3874 2824 3927 καθ’
2851 3873 2887 3927 ἃ
2911 3876 3003 3927 καὶ
3053 3872 3149 3926 νῦν
3182 3871 3340 3925 τοῦτο
3367 3875 3545 3926 ποιεῖν
3573 3872 3728 3925 δύνα-

461 3964 583 4002 ται⁸
615 3952 708 4003 καὶ
738 3953 964 4018 εἰκότως
1019 3950 1079 4009 ἐν
1118 3956 1294 4030 τούτῳ
1345 3959 1411 4012 ἐκ
1477 3959 1572 4014 τοῦ
1621 3960 1930 4031 αὐτομάτου
2000 3962 2291 4034 ἀληθεύσει
2349 3965 2545 4033 λέγων,
2605 3966 2688 4019 ὅτι
2744 3965 2910 4029 αὐτὸς
2968 3963 3231 4019 ἀπόλλυσι
3293 3964 3421 4028 τοὺς
3511 3963 3723 4035 ἀνθρώ-

465 4059 626 4106 πους.

537 4136 625 4193 τι.
649 4137 854 4204 Quodsi
896 4142 1135 4198 nondum
1160 4142 1248 4198 his
1268 4143 1690 4201 refutationibus
1714 4147 2046 4217 persuaden-

2224 4144 2314 4199 οδ’.
2343 4145 2406 4197 Ei
2435 4143 2491 4197 δὲ
2519 4144 2593 4214 μὴ
2619 4142 2889 4196 πείθοιντο
2910 4140 2974 4196 ἐκ
3002 4142 3112 4197 τῶν
3143 4142 3385 4212 ἐλέγχων
3413 4139 3639 4208 τούτων,
3670 4141 3726 4192 ἐκ

463 4233 571 4293 tur,
601 4231 948 4298 sequentibus
962 4234 1151 4289 saltem
1174 4236 1411 4289 credent.
1438 4234 1650 4292 Etenim
1678 4238 2045 4294 narrationem

2149 4237 2255 4291 τῶν
2305 4234 2502 4305 ἐφεξῆς
2533 4233 2883 4288 πιστεύσουσι
2908 4250 2922 4265 ·
2958 4234 3099 4287 κατὰ
3147 4234 3431 4304 συνέχειαν
3471 4233 3584 4301 γὰρ
3636 4232 3728 4300 τῆς

462 4316 531 4405 de
583 4318 696 4373 Noe
724 4324 1071 4390 continuans,
1113 4340 1347 4395 pergens
1382 4342 1545 4396 porro
1586 4330 1863 4385 connectit
1913 4328 2045 4385 illud

2149 4333 2276 4405 περὶ
2305 4332 2428 4386 Νῶε
2463 4330 2778 4401 ἐξηγήσεως
2806 4327 3010 4397 προῖὼν
3044 4329 3401 4382 ἐπισυνάπτει
3451 4328 3551 4381 καὶ
3580 4324 3727 4380 τοῦτο

459 4404 623 4457 etiam
641 4418 669 4458 a
690 4405 1087 4478 Moysedictum
1109 4412 1175 4466 de
1191 4413 1314 4468 filiis
1338 4412 1426 4468 Dei
1442 4416 1721 4472 etiiliabus
1741 4419 2044 4487 hominum,

2149 4404 2277 4493 περὶ
2301 4422 2411 4475 τῶν
2436 4419 2744 4493 εἰρημένων
2784 4421 3010 4473 Μωῦσεῖ
3035 4419 3169 4473 υἱῶν
3198 4418 3334 4472 Θεοῦ
3366 4419 3461 4472 καὶ
3492 4416 3720 4485 θυγατέ-

460 4502 627 4563 atque
664 4498 780 4553 ait:
813 4498 907 4553 «Et
931 4501 1093 4570 elegit
1121 4503 1276 4558 vobis
1301 4503 1446 4560 Deus
1488 4515 1675 4562 noster
1705 4509 1863 4572 filios,
1894 4525 2045 4564 surn-

2150 4529 2258 4582 ρων
2282 4513 2389 4565 τῶν
2417 4510 2742 4582 ἀνθρώπων,
2786 4508 2929 4562 οὕτω
2963 4508 3139 4578 λέγων
3170 4524 3181 4538 ·
3228 4528 3246 4562 ι
3276 4510 3386 4561 Καὶ
3437 4508 3728 4571 ἐπελέξατο

462 4585 680 4655 psitque
710 4602 775 4641 ex
805 4591 1008 4661 angelis
1047 4591 1305 4649 feminas.
1332 4594 1443 4649 Vos
1465 4604 1646 4653 autem
1677 4600 1856 4655 dicitis
1880 4614 2043 4667 gran-

2149 4602 2278 4671 ὑμῖν
2306 4604 2333 4655 6
2368 4600 2571 4671 Κύριος
2625 4600 2782 4671 ἡμῶν
2812 4599 2998 4662 τέκνα,
3037 4599 3129 4652 xui.
3178 4598 3479 4653 ἐπελάϐετο
3517 4601 3582 4652 ἐκ
3623 4596 3725 4650 τῶν

461 4674 560 4728 ιΙεε
585 4691 921 4734 sermones.»
958 4682 1144 4738 Videte
1183 4684 1516 4756 impietatem
1544 4729 1559 4753 ,
1602 4689 1779 4744 videte
1826 4690 2043 4746 barbari

2149 4692 2390 4761 ἀγγέλων
2418 4692 2637 4762 θηλείας
2659 4709 2674 4722 ο
2702 4691 2859 4761 ὑμεῖς
2879 4691 2936 4744 δὲ
2968 4691 3154 4759 λέγετε
3174 4691 3366 4759 λόγους
3397 4692 3718 4761 μεγάλους.»

463 4765 706 4821 hominis
733 4769 1002 4827 insaniam
1030 4776 1042 4829 i
1073 4775 1210 4841 Quia
1236 4779 1380 4832 enim
1410 4779 1615 4834 dictum
1642 4780 1788 4835 fuita
1816 4780 2039 4852 Moyse:

474 4854 716 4912 Videntes
762 4859 864 4928 ﬁlii
916 4861 1014 4917 Dei
1048 4866 1191 4934 ﬁlias
1226 4867 1499 4922 hominum
1526 4862 1673 4939 quod‘
1697 4871 1933 4940 pulchra
1959 4889 2044 4927 es.

459 4955 596 5009 sent,
641 4964 950 5018 acceperunt
989 4957 1093 5010 sibi
1120 4972 1307 5013 uxores
1341 4960 1389 4991 "
1415 4978 1430 5025 ;
1458 4961 1676 5032 etquod
1706 4978 1770 5018 ex
1815 4964 1880 5019 iis
1906 4978 2044 5033 quos

460 5037 569 5093 illae
615 5056 956 5112 pepererunt,
999 5057 1156 5102 erant
1197 5050 1441 5120 gigantes
1477 5068 1492 5116 ;
1549 5054 1721 5111 nescit
1768 5055 2036 5121 videlicet,

461 5144 622 5196 quem
654 5131 822 5187 Deum
857 5135 1068 5207 Moyses
1107 5128 1359 5207 appﬂlet,
1392 5159 1585 5213 nempe
1617 5147 1876 5201 Enosum.
1911 5146 2043 5212 Qui-

463 5232 591 5269 nam
616 5233 743 5273 vero
777 5223 885 5279 sint
910 5226 1075 5295 hujus
1102 5228 1193 5282 filii
1221 5230 1500 5300 ignorans,
1525 5247 1641 5304 post
1670 5245 1876 5290 tantum
1905 5253 2043 5307 prae-

464 5308 771 5366 cedentium
807 5330 1123 5373 sermonum
1151 5320 1415 5389 laborem,
1451 5327 1502 5379 in
1524 5327 1773 5395 praesenti
1822 5327 2040 5381 demum

465 5398 706 5468 capitulo
738 5403 992 5462 universa
1022 5408 1142 5479 ejus
1172 5424 1296 5481 spes
1328 5415 1610 5471 manifeste
1636 5416 1864 5473 corruit.
1900 5417 2035 5471 Nam

531 5574 579 5609 "
612 5577 747 5636 Gen.
782 5598 857 5650 γι,
877 5584 933 5640 2.

542 5718 653 5785 (2|)
697 5720 1022 5792 Quanquam
1071 5727 1234 5796 vulgo
1286 5729 1602 5784 inscribitur
1652 5731 1881 5787 Arabice
1930 5731 2040 5787 iter

469 5801 827 5859 nouurnum;
857 5802 1089 5851 attamen
1122 5798 1393 5863 nonnulli,
1430 5815 1571 5868 quos
1605 5799 1825 5859 Cra-cus
1853 5804 2036 5874 sequi-

2154 4782 2348 4856 Ὀρᾶτε
2377 4782 2475 4856 τὴν
2510 4783 2786 4846 ἀσέϐειαν,
2838 4784 3003 4851 δρᾶτε
3046 4784 3146 4855 τὴν
3173 4783 3361 4837 ἄνοιαν
3390 4782 3486 4835 τοῦ
3519 4781 3722 4852 βαρϐά-

2146 4877 2275 4950 pou!
2309 4876 2496 4947 ἐπειδὴ
2525 4875 2633 4946 γὰρ
2664 4876 2879 4945 εῐρηται
2921 4874 2997 4944 τῷ
3045 4874 3297 4936 Μωῦσεῖ,
3347 4872 3430 4925 ὅτι
3478 4871 3724 4935 Ἰδόντες

2144 4968 2198 5022 ol
2226 4967 2342 5022 υἱοὶ
2394 4968 2503 5022 τοῦ
2535 4967 2683 5021 Θεοῦ
2726 4966 2831 5031 τὰς
2869 4968 3197 5035 θυγατέρας
3248 4963 3366 5017 τῶν
3404 4963 3724 5031 ἀνθρώπων

2147 5055 2237 5111 ὅτι
2266 5055 2449 5110 καλαί
2492 5057 2670 5119 εἰσιν,
2712 5052 2934 5108 ἔλαϐον
2974 5053 3208 5118 ἑαυτοῖς
3255 5051 3589 5122 γυναῖκας’
3638 5050 3723 5102 καὶ

2146 5148 2228 5201 ὅτι
2258 5148 2322 5201 ἐκ
2350 5148 2459 5200 τῶν
2486 5146 2819 5215 τικτομένων
2873 5148 3056 5209 αὐτοῖς
3084 5138 3226 5216 ἦσαν
3258 5147 3306 5198 οῖ
3337 5144 3613 5213 γίγαντες,
3654 5140 3721 5207 μὴ

2148 5237 2303 5301 είδὼς
2336 5238 2457 5292 τίνα
2498 5237 2654 5290 καλεῖ
2679 5236 2811 5289 Θεὸν
2842 5238 3081 5306 Μωῦσῆς
3113 5237 3196 5288 ὅτι
3242 5235 3332 5287 τὸν
3372 5231 3536 5295 Ἐνώς
3558 5248 3571 5261 ο
3627 5227 3714 5281 καὶ

2147 5328 2289 5391 τίνες
2337 5327 2503 5381 αὐτοῦ
2540 5330 2678 5380 εἰσιν
2720 5328 2825 5379 υἱοὶ
2885 5327 3280 5398 ἀμηχανήσας,
3337 5326 3420 5377 ὅτι
3471 5323 3534 5391 δὴ
3588 5320 3720 5391 μετά

2149 5417 2401 5472 τοσοῦτον
2442 5417 2603 5470 πόνον
2627 5415 2735 5469 τῶν
2771 5415 3150 5489 προλαϐόντων
3167 5415 3360 5483 λόγων,
3389 5413 3446 5465 ἐν
3482 5408 3559 5474 τῷ
3589 5422 3712 5469 παρ-

2147 5742 2256 5805 tur,
2286 5734 2675 5805 inscripserunt
2696 5733 2859 5790 etiam
2886 5734 2990 5805 ﬁlii
3022 5734 3104 5790 vel
3136 5733 3367 5803 ﬁliorum
3398 5730 3632 5799 lsraclis,
3656 5735 3712 5783 ut

2143 5803 2226 5857 Ma
2236 5804 2444 5859 raccins
2467 5805 2706 5859 adnotat.
2776 5841 2782 5845 -
