3994 6602
272 407 381 473 765

1433 406 1869 468 REFUTATIO
1905 406 2381 468 MOHAMEDIS.

3407 410 3519 475 766
3540 378 3541 381 γ

273 525 385 575 όντι
447 518 728 590 κεφαλαίῳ
754 519 1033 574 διαπίπτει
1079 519 1244 577 αὐτοῦ
1277 522 1427 576 πᾶσα
1452 524 1636 587 ἐλπίς’
1669 539 1834 592 φανε-

1970 521 2121 591 loyse
2155 521 2292 576 ﬁlios
2336 520 2430 575 Dei
2474 518 2787 576 naminante
2810 562 2826 588 ,
2861 514 3165 577 Mohamedi
3194 523 3346 578 cordi
3377 537 3522 591 erat,

281 610 387 683 ρῶς
408 612 503 665 τοῦ
535 613 811 675 Μωῦσέως
869 614 1019 676 υἱοὺς
1044 613 1177 667 Θεοῦ
1197 613 1555 683 ὀνομάζοντος
1577 632 1591 647 ·
1620 616 1769 684 αὑτῷ
1790 616 1845 668 δέ

274 702 340 775 ἦν
368 708 401 774 ἡ
426 705 629 774 σπουδὴ
662 704 863 774 μηδένα
891 705 1039 776 αύτῷ
1065 707 1461 777 παραχωρῆσαι
1488 721 1503 739 ο
1541 707 1634 759 καὶ
1660 706 1847 778 ὥσπερ

276 800 629 859 ἐνθουσιάσας
655 798 973 868 ἀνταμείὸει
1002 798 1129 863 τοὺς
1158 799 1514 870 χαρακτῆρας
1541 801 1650 853 τῶν
1681 819 1849 872 προσ.

276 888 440 943 ώπων
470 887 564 939 κα)⁸
585 889 652 940 τά
677 886 790 957 εἴδη
810 902 823 917 '
862 890 957 942 καὶ
989 890 1101 942 τῶν
1159 889 1475 961 θυγατέρων
1505 892 1615 944 τῶν
1640 892 1849 963 ἀνθρὼ-

276 996 394 1030 πων
429 978 757 1032 ἀναπλάττει
779 979 1000 1049 θηλείας
1024 980 1290 1050 ἀγγέλους
1323 982 1465 1035 κατά
1486 983 1578 1036 τὸν
1610 983 1850 1055 Ἕλληνα

281 1070 449 1141 μῦθον
462 1087 484 1127 ν·

424 1162 519 1221 Ιρις
543 1161 585 1209 δ’
607 1159 666 1208 αὖ
700 1158 866 1223 Ἑλένῃ
890 1159 1167 1223 λευκωλένῳ
1197 1161 1395 1222 ἄγγελος
1422 1162 1587 1223 ἦλθεν·
1614 1163 1716 1226 (22)

281 1308 401 1361 ἀντὶ
426 1307 481 1361 δέ
514 1306 622 1359 τῶν
644 1306 775 1359 υίῶν
800 1302 893 1359 τοῦ
920 1304 1056 1360 Θεοῦ
1082 1306 1499 1377 παραλαμϐάνει
1539 1309 1665 1372 τοὺς
1700 1310 1847 1374 υἱοὺς

277 1398 385 1448 τῶν
414 1393 718 1465 ἀνθρώπων
740 1410 757 1427 ·
815 1394 908 1448 καὶ
934 1393 1078 1448 οὕτω
1130 1396 1199 1448 τά
1235 1395 1358 1449 ἕδνα
1391 1397 1490 1465 τῆς
1521 1397 1685 1451 αὑτοῦ
1729 1398 1853 1452 ἀλο-

278 1487 405 1639 ἔίας
428 1487 521 1539 καὶ
546 1483 855 1555 δυσφημίας
897 1486 1011 1543 τοῖς
1057 1484 1262 1552 ἀθλίοις
1290 1486 1586 1561 βαρϐάροις
1636 1489 1851 1558 προικί-

315 1592 383 1629 ει.

315 1592 383 1629 ει.

349 1666 443 1721 os’.
484 1668 557 1720 Τὸ
596 1667 653 1720 δέ
702 1667 918 1721 πάντων
967 1666 1343 1737 ἐλεεινότερον,
1396 1669 1479 1723 ὅτι
1534 1669 1685 1741 παρά
1714 1669 1849 1724 Θεοῦ

277 1762 437 1816 τοῦτο
472 1761 719 1831 γενέσθαι
753 1762 1135 1830 καταγγέλλει.
1165 1782 1183 1814 ι
1223 1762 1543 1827 Ἐπελέξατο
1579 1764 1686 1832 γὰρ
1721 1764 1850 1834 ὑμῖν

1949 612 2158 667 nullum
2181 613 2408 666 omnino
2434 613 2603 667 lilium
2628 613 2735 668 Deo
2757 613 3057 668 concedere
3090 630 3104 669 :
3142 614 3369 684 ideoque
3402 626 3523 671 tan-

1947 720 2110 776 quam
2146 716 2315 761 oestro
2343 706 2599 773 percitus,
2632 719 2985 775 personarum
3019 704 3221 762 formas
3244 716 3297 761 et
3327 724 3523 778 genera
3590 698 3605 723 ’

1949 798 2200 853 immutat
2221 815 2235 864 ;
2254 806 2307 852 et
2332 810 2427 868 pro
2452 797 2664 853 ﬁliabus
2679 798 2984 861 hominum,
3008 798 3269 868 conﬁngit
3292 798 3522 855 feminas

1948 891 2190 961 angelos,
2214 891 2368 961 juxta
2395 890 2638 947 Graecam
2659 888 2898 947 fabulam
2928 906 2946 946 :

2009 1177 2101 1228 Iris
2140 1186 2258 1228 vero
2307 1180 2367 1230 ad
2406 1172 2647 1230 Helenam
2684 1176 2905 1230 candidis
2942 1178 3072 1242 ulnis
3103 1178 3355 1242 praeditam
3386 1179 3527 1242 venit

3041 1239 3255 1306 [nuneia
3282 1239 3519 1303 (angeia).

1950 1319 2106 1376 Filiis
2146 1330 2330 1375 autem
2359 1319 2455 1375 Dei
2497 1320 2641 1376 ﬁlios
2682 1321 2965 1376 hominum
2999 1322 3301 1377 substituit.
3347 1323 3525 1391 Atque

1950 1410 2024 1465 ita
2054 1411 2211 1480 quasi
2236 1412 2489 1480 sponsale
2507 1411 2754 1468 stultitiae
2781 1413 3113 1480 sttaazmunus
3154 1414 3369 1473 miseris
3398 1413 3527 1469 bar-

1950 1501 2100 1559 baris
2138 1502 2379 1559 exhibet.

2020 1678 2112 1734 75.
2148 1676 2303 1745 Quod
2342 1691 2471 1732 vero
2506 1691 2617 1747 prae
2661 1676 2870 1732 exteris
2910 1676 3301 1747 deplorandum
3349 1688 3451 1743 est,
3496 1695 3529 1732 a'

1949 1769 2061 1826 Deo
2090 1770 2193 1824 hoc
2230 1768 2431 1823 factum
2471 1768 2703 1822 afﬁrmat
2733 1785 2748 1822 :
2790 1787 2807 1819 ι
2833 1767 3007 1839 Elegit
3029 1770 3171 1822 enim
3201 1770 3355 1824 vobis
3386 1769 3530 1825 Deus

276 1857 304 1908 ό
327 1854 528 1925 Κύριος
557 1853 711 1925 ἡμῶν
740 1853 905 1907 τέκνα
923 1869 938 1885 ⁸
971 1854 1064 1907 καὶ
1083 1852 1377 1909 ἐπελάϐετο
1399 1855 1462 1907 ἐκ
1479 1852 1585 1907 τῶν
1607 1855 1854 1923 ἀγγέλων

1970 1873 2139 1920 uoster
2174 1864 2335 1925 ﬁlios,
2382 1862 2719 1932 sumpsitque
2756 1876 2824 1916 ex
2881 1861 3088 1931 angelis
3133 1860 3381 1916 feminas.
3418 1859 3531 1916 Vos

275 1947 496 2017 θηλείας
520 1965 535 1981 ο
568 1948 727 2016 ὑμεῖς
754 1946 809 1999 δέ
853 1947 1041 2014 λέγετε
1069 1947 1263 2015 λόγους
1317 1946 1606 2015 μεγάλους.
1637 1965 1655 1998 ι
1713 1948 1852 2012 Τοὺς

275 2040 408 2109 περὶ
435 2038 529 2093 τοῦ
557 2039 691 2093 Θεοῦ
724 2057 910 2110 φησιν,
944 2040 1025 2093 ὅτι
1048 2038 1113 2108 δὴ
1151 2039 1416 2110 φημίζετε
1449 2039 1526 2110 τῷ
1557 2039 1675 2111 Θεῷ
1704 2041 1854 2101 υἱοὺς

273 2130 441 2198 ἔχειν,
476 2130 569 2182 καὶ
589 2128 807 2192 τούτους
830 2128 1185 2199 πεποιηκέναι
1207 2128 1490 2199 γαμϐροὺς
1516 2128 1817 2202 ἀνθρώπων
1834 2146 1850 2161 ⁸

273 2218 481 2284 μᾶλλον
508 2217 607 2288 μὲν
629 2214 721 2271 οὖν
738 2218 1002 2287 ἀγγέλους
1029 2217 1246 2287 θηλείας
1272 2217 1489 2288 νύμφας
1517 2218 1715 2273 δέδωκε
1737 2222 1853 2285 τοῖς

273 2313 413 2372 υἱοῖς
443 2310 552 2363 τῶν
575 2311 669 2363 ἀνθ
680 2309 897 2381 ρώπων’
923 2310 998 2373 ὡς
1015 2309 1106 2363 ἐπὶ
1127 2308 1405 2380 διορθώσει
1422 2310 1530 2364 τῶν
1545 2312 1852 2367 Μωσαῖκῶν

270 2400 502 2453 τοιαῦτα
558 2400 816 2468 φάσκων·
861 2400 1049 2452 τούτου
1088 2399 1247 2469 χάριν
1293 2402 1350 2453 ἐν
1398 2399 1476 2473 τῷ
1524 2402 1629 2473 πρὸ
1661 2400 1851 2456 τούτου

274 2491 438 2563 μύθῳ
476 2490 763 2563 ἐξόμνυται
788 2493 869 2547 ὅτι
893 2493 948 2546 al
976 2491 1185 2563 θήλειαι
1212 2491 1433 2561 ἄγγελοι
1455 2495 1553 2547 οὐκ
1590 2494 1698 2548 εἰσὶ
1719 2495 1852 2549 Θεοῦ

272 2585 610 2655 θυγατέρες’
654 2582 793 2655 πλὴν
822 2587 900 2639 ὅτι
932 2585 1139 2655 θήλειαι
1172 2590 1276 2640 εἰσι
1326 2586 1603 2657 κραταιῶς
1657 2587 1856 2655 ἀγωνί-

271 2674 431 2739 ζεται
456 2677 566 2745 (23)
593 2694 606 2709 ·
630 2675 745 2730 ἀλλ’
773 2678 919 2747 οῐμοι
940 2678 1018 2747 τῷ
1054 2677 1494 2749 ἀμαρτωλοτέρῳ
1521 2676 1700 2748 πάσης
1725 2694 1857 2747 σαρ-

271 2768 374 2831 κός
400 2770 412 2822 1
450 2769 531 2821 ὃτι
562 2766 942 2838 ἀναγκάζομαι
970 2769 1137 2823 θέλων
1169 2770 1387 2838 ἐλέγξαι
1421 2770 1511 2822 τὸν
1544 2766 1738 2839 ἐχθρὸν
1760 2768 1855 2821 τοῦ

270 2861 449 2926 Θεοῦ,
480 2860 651 2915 ταῦτα
685 2862 779 2915 καὶ
810 2861 877 2914 τά
914 2861 1141 2915 τοιαῦτα
1189 2861 1401 2915 λαλεῖν·
1431 2861 1483 2913 τί
1530 2859 1622 2914 οῦν
1668 2859 1858 2913 λοιπὸν

270 2953 422 3023 πρὸς
444 2952 616 3006 ταῦτα
670 2952 887 3022 ἐροῦσιν
916 2953 965 3005 οἱ
995 2951 1307 3021 ἀρνησίθεοι
1361 2951 1697 3021 Σαρακηνοί;
1748 2947 1858 3021 ἄρα

273 3045 717 3115 φιλονεικήσουσι
745 3044 883 3113 μετὰ
908 3043 1347 3114 ταῦτα,οεόπτην
1371 3042 1612 3112 Μωάμετ
1637 3042 1819 3095 καλεῖν
1840 3058 1856 3108 ;

270 3137 309 3209 ἦ
348 3136 553 3207 μᾶλλον
598 3135 847 3188 ἐπαοιδὸν
898 3135 993 3188 καὶ
1024 3135 1197 3206 γόητα
1228 3135 1321 3187 καὶ
1376 3132 1665 3187 ἀπατεῶνα
1700 3132 1860 3185 αὑτὸν

273 3236 563 3303 πεφηνότα
587 3232 904 3285 διαπτύουσι
930 3248 945 3297 ;
982 3227 1381 3299 βαττολογήσας
1428 3225 1483 3278 δέ
1514 3226 1609 3276 καὶ
1654 3225 1856 3293 δυσφη-
1886 3209 1931 3269 C

277 3327 464 3394 μήσας
491 3322 703 3385 τούτοις
729 3322 887 3391 ὅμοια
916 3320 1161 3383 πλείονα,
1185 3318 1373 3387 ῶσπερ
1402 3317 1500 3387 ἤδη
1535 3316 1725 3384 σαφεῖς
1764 3314 1859 3367 καὶ

275 3417 710 3485 ἀναπιρῤήτους
734 3414 797 3465 ἐκ
846 3413 1051 3466 τούτων
1092 3410 1189 3475 τάς
1222 3409 1525 3476 ἀποδείξεις
1552 3407 1860 3476 ποιησάμε-

273 3524 367 3570 νος
394 3506 629 3573 ἐπάγει·
667 3524 684 3555 ι
719 3505 825 3557 Καὶ
844 3496 993 3557 είττέ⁹
1042 3500 1364 3572 Εὐχαριστῶ
1412 3499 1489 3568 τῷ
1514 3497 1634 3568 Θεῷ
1677 3496 1753 3565 τῷ
1787 3496 1861 3566 μὴ

272 3598 597 3651 ἐπιλαϐόντι
623 3595 760 3649 υἱόν.
785 3615 803 3646 ι
838 3594 951 3648 Καὶ
976 3596 1034 3648 ἐν
1053 3594 1263 3656 τούτοις
1295 3590 1370 3663 τῷ
1397 3590 1659 3661 φληνάφῳ
1685 3589 1860 3657 πέρας

152 3714 159 3719 -
272 3690 521 3757 τίθησιν.

790 3770 1232 3829 ΕΛΕΓΚΤῙΚΟΣ
1277 3768 1373 3825 ΙΖ’.

345 3869 463 3934 ος⁹.
496 3868 568 3921 Τὸ
602 3868 1058 3924 ἑπτακαιδέκατον
1095 3865 1353 3936 μυθάριον
1379 3863 1489 3934 (24)
1525 3862 1600 3933 τῷ
1617 3862 1863 3932 Μωάμετ

275 3961 697 4032 ἐπιγέγραπται
756 3958 877 4028 μὲν,
913 3959 1015 4022 Εἰς
1068 3955 1211 4022 τοὺς
1250 3955 1522 4023 ἑταίρους
1571 3954 1675 4008 τοῦ
1710 3969 1866 4019 σπη-

275 4056 487 4117 λαίου,
518 4053 812 4123 ἀφηγεῖται
859 4050 915 4103 δὲ
966 4047 1063 4119 τὴν
1121 4044 1229 4099 τῶν
1259 4045 1431 4113 ἁγίων
1470 4042 1611 4096 ἐπτά
1656 4043 1864 4095 παίδων

275 4148 391 4201 τῶν
429 4147 489 4200 ἐν
526 4143 735 4211 Ἐφέσῳ
763 4142 902 4195 κατά
925 4141 986 4193 τὸ
1018 4137 1276 4210 σπήλαιον
1303 4135 1499 4206 φυγὴν,
1525 4135 1619 4187 καὶ
1639 4133 1730 4186 τὸν
1766 4132 1862 4186 θά-

280 4252 471 4301 νατον,
503 4234 601 4288 καὶ
627 4235 728 4304 τὴν
754 4231 1048 4285 ἀνάστασιν
1067 4246 1082 4260 ο
1116 4227 1322 4281 τούτων
1352 4226 1407 4280 δὲ
1457 4226 1866 4295 ἐμνημόνευσεν

278 4332 308 4383 ὁ
341 4328 566 4398 ἰδιώτης
590 4327 685 4379 καὶ
724 4323 995 4396 βάρὸαρος
1041 4319 1184 4374 κατά
1206 4320 1440 4391 τρόπους
1477 4318 1591 4382 δύο,
1624 4316 1723 4370 ἕνα
1767 4316 1867 4387 μὲν

278 4422 377 4475 τοῦ
403 4420 555 4485 δόξαι
583 4417 808 4488 γραφῶν
836 4415 1045 4470 πολλῶν
1076 4414 1337 4484 ἔμπειρος
1393 4406 1554 4477 εἶναι,
1587 4412 1773 4482 ἕτερον
1810 4410 1869 4463 δέ

277 4512 378 4566 τοῦ
415 4511 735 4580 σφετερίσαι
766 4511 844 4572 είς
871 4508 931 4561 τὸ
963 4506 1155 4560 ἐαυτοῦ
1185 4506 1363 4575 δόγμα
1410 4504 1474 4557 τδ
1523 4505 1644 4557 κατ’
1669 4503 1867 4566 αὐτοὺς

282 4607 511 4674 θαῦμα·
546 4603 733 4673 ἐπειδὴ
772 4603 831 4655 δέ
875 4600 1062 4671 σαφῶς
1106 4599 1221 4671 ᾔδει
1264 4597 1628 4670 Χριστιανοὺς
1668 4597 1866 4659 αὐτοὺς

280 4697 451 4757 ὄντας
478 4695 573 4749 καὶ
608 4694 947 4763 σωζομένους
984 4691 1275 4760 ἀκεραίους
1305 4688 1443 4760 μετά
1467 4688 1713 4754 θάνατον,
1736 4687 1871 4741 ἐτῶν

283 4788 556 4842 πλειόνων
611 4788 1049 4857 προσεποιήσατο
1108 4783 1327 4852 ἄγνοιαν
1379 4782 1710 4851 ἐπαινετήν⁹
1775 4779 1873 4834 καὶ

286 4879 774 4953 σχηματισάμενος
816 4879 1097 4932 ἀκίνδυνον
1150 4876 1417 4945 ὑπόληψιν
1452 4875 1581 4945 περὶ
1631 4874 1765 4927 Θεοῦ
1790 4876 1871 4928 ὅτι

282 4975 453 5047 αὐτὸς
476 4968 618 5026 οἶδεν
645 4973 745 5025 ὅσα
777 4973 943 5033 ποιεῖ,
974 4971 1068 5024 καὶ
1090 4968 1208 5031 πῶς
1233 4969 1371 5021 αὐτὰ
1394 4969 1557 5033 ποιεῖ,
1584 4966 1873 5035 ἐκφεύγειν

286 5069 467 5121 οἴεται
497 5065 595 5136 τὴν
625 5066 733 5118 τῶν
782 5063 991 5116 πολλῶν
1023 5061 1364 5133 πραγμάτων
1393 5059 1639 5130 ἔρευναν,
1665 5060 1730 5129 ἢν
1754 5058 1876 5111 οὐδὲ

289 5164 467 5216 θέλων
498 5160 761 5227 ἐγίνωσκε
783 5173 797 5188 ⁸
837 5157 980 5225 πλὴν
1039 5154 1223 5222 μέντοι
1254 5152 1362 5205 οὐδ’
1395 5152 1592 5213 αὐτοὺς
1629 5148 1876 5219 παρῆλθε

287 5255 418 5324 δίχα
440 5252 639 5322 ψόγουο
670 5252 804 5320 φησὶ
825 5249 961 5319 γάρ’
998 5266 1017 5299 ι
1055 5246 1315 5316 Νομίζεις
1346 5244 1540 5307 αὐτοὺς
1570 5243 1876 5314 ἐγρηγορόο

289 5363 417 5408 τας,
446 5344 545 5397 καὶ
568 5342 722 5395 αὐτοὶ
750 5341 1050 5411 κοιμῶνται
1077 5354 1092 5370 ο
1125 5337 1488 5409 ἀναστρέφει-,ις
1531 5336 1728 5398 αὐτοὺς
1784 5334 1879 5387 ἐπὶ

214 5454 219 5459 ·
291 5438 476 5505 δεξιὸν
505 5437 600 5491 καὶ
626 5436 719 5489 ἐπὶ
764 5434 824 5489 τὸ
854 5432 1164 5504 ἀριστερὸν,
1208 5431 1306 5485 καὶ
1335 5430 1394 5484 τὸ
1422 5428 1606 5484 σκυλὶν
1644 5428 1756 5502 (25)
1786 5428 1880 5482 αύ-

369 5576 487 5647 (22)
516 5576 677 5647 Hom.
718 5573 881 5628 Iliad.
915 5570 1005 5637 111,
1040 5572 1163 5626 121.

362 5639 481 5717 (235
518 5646 797 5717 Relandus
825 5647 878 5698 in
911 5658 1073 5717 opere
1107 5639 1447 5717 szepeeitato
1486 5649 1627 5717 part.
1666 5652 1878 5717 u,_cap.

308 5708 395 5781 μ’,
441 5708 604 5787 negat
634 5731 663 5769 a
696 5708 1104 5769 Molramedanis
1127 5708 1422 5768 existimari
1467 5713 1687 5781 angelos
1728 5708 1881 5764 femi-

302 5803 490 5927 ’Μῗὶη
525 5855 652 5911 Sur.
675 5852 865 5920 xvm,
906 5852 959 5922 8,
990 5854 1072 5918 Π,
1104 5853 1194 5919 23,
1229 5852 1318 5918 δι,
1357 5851 1443 5919 δι,
1481 5850 1569 5916 62,
1603 5850 1689 5904 37.

1898 4567 1945 4627 D

1953 1965 2134 2011 autem
2181 1955 2359 2011 dicitis
2408 1955 2640 2024 grandes
2691 1964 3023 2014 sermones"
3054 1967 3247 2022 nempe
3300 1952 3369 2006 de
3397 1950 3527 2016 Deo,

1952 2047 2390 2120 quandoquidem
2429 2049 2592 2102 Deum
2628 2046 2769 2102 ﬁlios
2808 2046 3007 2100 habere
3032 2044 3315 2110 dictitatis,
3364 2053 3531 2115 atque

1952 2141 2056 2197 hos
2098 2140 2381 2195 hominum
2431 2138 2626 2195 fecisse
2653 2150 2883 2207 generos
2914 2154 2930 2204 ;
2961 2149 3086 2192 eum
3125 2146 3315 2191 contra
3345 2134 3531 2205 potius

1952 2233 2173 2306 angelos
2191 2233 2420 2289 feminas
2444 2232 2571 2288 filiis
2593 2230 2873 2287 hominum
2899 2246 3099 2285 uxores
3130 2230 3379 2285 dederit:
3409 2242 3532 2296 qua:

1953 2326 2159 2381 scilicet
2205 2324 2269 2379 ad
2312 2323 2563 2379 Mosaicae
2610 2322 2853 2378 historiae
2897 2320 3329 2376 emendationem
3376 2317 3530 2372 dicit.

1952 2418 2241 2488 Propterea
2265 2416 2318 2471 in
2350 2415 2687 2487 praecedente
2714 2414 2896 2469 fabula
2918 2412 3144 2483 juravit,
3172 2410 3404 2465 feminas
3430 2423 3534 2462 an-

1954 2498 2104 2580 gelos
2132 2524 2240 2565 non
2280 2524 2404 2565 esse
2442 2507 2539 2561 Dei
2573 2508 2712 2563 ﬁlias
2744 2524 2760 2563 :
2815 2514 2870 2562 et
2915 2505 3267 2561 nihilominus
3312 2500 3536 2571 angelos

1955 2615 2079 2656 esse
2101 2599 2330 2655 feminas
2354 2598 2632 2654 mordicus
2660 2597 2957 2653 contendit.
2999 2596 3101 2650 Sed
3131 2595 3235 2649 heu
3262 2593 3393 2647 mihi
3425 2608 3538 2662 prae

1956 2694 2211 2749 universa
2235 2708 2397 2747 carne
2427 2693 2722 2761 peccatori,
2749 2690 2842 2761 qui
2871 2703 3059 2759 cogor,
3090 2683 3533 2757 quandoquidem

1960 2786 2053 2841 Dei
2083 2786 2295 2840 hostem
2319 2784 2445 2838 volo
2469 2784 2775 2845 confutare,
2814 2789 2893 2835 tot
2923 2779 3160 2847 taliaque
3193 2776 3339 2845 loqui
3370 2777 3383 2830 l
3419 2773 3539 2829 (Σιε-

1963 2874 2172 2945 teroqui
2202 2874 2332 2943 quid
2359 2872 2427 2927 ad
2455 2872 2568 2926 haec
2598 2872 2781 2927 dicent
2807 2870 2899 2924 Dei
2924 2878 3206 2938 negatores
3232 2865 3487 2920 Saraceni
3514 2866 3538 2917 2

1959 2967 2099 3022 Num
2122 2975 2244 3036 post
2264 2965 2379 3019 haec
2400 2964 2583 3018 volent
2604 2964 2780 3017 adhuc
2807 2958 3533 3031 pertinaciterMohamedem

1962 3058 2233 3128 appellare
2278 3056 2370 3111 Dei
2401 3055 2745 3117 familiarem,
2779 3063 2833 3108 et
2871 3068 2978 3107 non
3018 3052 3199 3121 potius
3233 3048 3537 3118 praestigia-

1964 3162 2135 3207 tnrem
2175 3159 2231 3204 et
2260 3162 2476 3217 magum
2499 3147 2523 3201 ἲ
2546 3161 2645 3201 nec
2666 3160 2789 3201 eum
2818 3145 2995 3211 potius
3026 3150 3085 3196 ut
3110 3139 3394 3194 manifeste
3426 3139 3541 3208 pla-

1962 3259 2093 3298 num
2126 3241 2435 3297 convictum
2471 3236 2778 3308 despuent?
2800 3235 3080 3290 lilaterans
3108 3241 3287 3287 autem
3312 3271 3325 3293 ,
3358 3239 3413 3283 et
3452 3228 3542 3283 liis

1962 3333 2118 3404 plura
2143 3329 2341 3386 similia
2368 3326 2945 3399 blasphemans,quasi
2978 3323 3293 3378 manifestas
3321 3329 3375 3375 et
3400 3319 3538 3373 irre-

1962 3425 2214 3480 futabiles
2237 3423 2455 3479 fecisset
2487 3418 2995 3481 demonstrationes,
3023 3415 3172 3470 addit
3202 3432 3216 3467 :
3250 3430 3268 3464 ι
3304 3412 3372 3466 Ει
3414 3410 3539 3465 dic;

1962 3514 2109 3569 Laus
2138 3513 2250 3569 Deo
2275 3512 2367 3584 qui
2396 3512 2564 3567 lilium
2586 3525 2690 3566 non
2726 3506 3037 3580 suscepit!)
3064 3508 3236 3575 Atque
3254 3504 3339 3560 his
3359 3502 3540 3565 dictis,

1961 3602 2161 3659 fabulas
2192 3617 2304 3659 suae
2326 3601 2486 3657 ﬁnem
2521 3599 2770 3671 imponit.

2424 3775 2868 3838 CONFUTATIO
2908 3775 3074 3831 XVII.

2038 3877 2125 3933 76.
2161 3875 2378 3931 Decima
2403 3874 2631 3945 septima
2647 3888 2673 3926 a
2700 3870 3014 3927 Ilohamede
3031 3867 3211 3923 fabula
3228 3864 3547 3921 inscribitur

1967 3968 2189 4023 Sodales
2219 3966 2479 4035 spelunca:
2506 3979 2525 4018 :
2556 3972 2743 4018 narrat
2776 3970 2955 4017 autem
2990 3968 3306 4015 sanctorum
3336 3963 3543 4025 septem

1967 4057 2394 4113 adolescentium
2425 4054 2621 4123 Ephesi
2644 4053 2711 4107 ad
2740 4053 3055 4120 speluncam
3085 4044 3289 4119 fugam,
3309 4055 3363 4102 et
3395 4062 3547 4100 mor-

1966 4158 2075 4204 tem
2126 4158 2179 4203 et
2231 4145 2707 4202 resurrectionem.
2748 4142 2860 4197 Hos
2903 4157 3034 4196 vero
3072 4149 3340 4194 memorat
3376 4138 3546 4193 idiota

1967 4242 2236 4297 barbarus
2266 4238 2470 4308 duplici
2496 4250 2561 4291 ex
2592 4250 2756 4291 causa
2785 4252 2800 4301 ;
2833 4248 2939 4288 una
2965 4232 3184 4303 quidem
3216 4237 3276 4286 ut
3300 4230 3549 4284 videatur

1968 4334 2262 4389 multarum
2297 4330 2689 4399 scripturarum
2734 4342 2937 4397 gnarus
2966 4343 2982 4393 ;
3014 4324 3181 4378 altera
3211 4330 3269 4376 ut
3298 4320 3382 4377 sui
3415 4320 3549 4390 dog-

1968 4424 2132 4480 matis
2154 4421 2437 4492 proprium
2477 4418 2643 4473 faciat
2669 4417 2813 4487 quod
2846 4416 2953 4471 illis
2992 4413 3171 4469 evenit
3202 4410 3543 4466 miraculum.
3628 4438 3633 4443 -

1971 4515 2109 4581 Quia
2139 4527 2267 4568 vero
2301 4511 2467 4581 probe
2494 4508 2698 4565 sciebat
2720 4506 2890 4561 fuisse
2917 4504 3039 4559 illos
3066 4502 3429 4564 Christianos,
3463 4507 3551 4552 at-

1975 4620 2083 4679 que
2123 4606 2425 4661 incolumes
2475 4611 2597 4672 post
2649 4608 2877 4655 mortem
2936 4604 3202 4660 servatos,
3254 4593 3555 4648 multorum

1977 4714 2245 4755 annorum
2270 4695 2549 4753 simulavit
2580 4692 2940 4763 ignorantiam
2965 4689 3311 4748 laudabilem,
3334 4697 3556 4757 prazque

1979 4808 2038 4850 se
2062 4791 2242 4847 ferens
2285 4800 2534 4844 securam
2567 4784 2633 4839 de
2669 4783 2779 4838 Deo
2810 4782 3144 4853 Opinionem,
3182 4791 3376 4847 nempe
3413 4774 3561 4828 scire

1979 4901 2103 4941 eum
2143 4898 2263 4952 qua:
2298 4880 2446 4940 facit,
2485 4887 2539 4933 et
2576 4875 2850 4947 quomodo
2877 4889 2937 4928 ea
2977 4871 3135 4936 facit,
3172 4868 3447 4924 declinare
3473 4864 3558 4918 sio

1979 4980 2134 5045 putat
2166 4972 2459 5026 multarum
2496 4982 2679 5022 rerum
2720 4962 3158 5033 vestigationem,
3206 4972 3371 5028 quam
3405 4969 3473 5008 ne
3506 4953 3555 5008 si

1976 5065 2135 5120 vellet
2158 5063 2374 5132 quidem
2399 5061 2807 5127 assequeretur.
2828 5053 3074 5106 Attamen
3107 5065 3175 5104 ne
3205 5049 3305 5103 hos
3332 5045 3555 5115 quidem

1976 5156 2095 5211 sine
2113 5151 2507 5221 vituperatione
2527 5161 2648 5201 esse
2678 5145 2833 5200 sinit.
2866 5140 3114 5196 Aitenim
3149 5157 3163 5193 :
3212 5155 3230 5188 ι
3258 5135 3559 5191 Existimas

1976 5246 2099 5300 illos
2120 5242 2425 5312 vigilantes,
2458 5247 2512 5291 at
2558 5236 2660 5305 ipsi
2694 5232 2976 5289 dormiunt
3006 5247 3021 5283 :
3070 5241 3258 5282 versas
3299 5240 3393 5279 eos
3424 5223 3561 5276 dex-

1980 5346 2217 5392 trorsum
2243 5343 2296 5389 et
2319 5332 2693 5387 sinistrorsum
2732 5344 2745 5382 :
2777 5334 2830 5381 et
2862 5324 3015 5378 canis
3041 5336 3231 5377 eorum
3261 5315 3561 5373 extendens

1979 5426 2203 5484 brachia
2249 5409 2351 5481 sua
2384 5423 2438 5477 in
2484 5421 2723 5491 pulvere.
2773 5414 3040 5473 Dominus
3084 5413 3188 5468 scit
3228 5424 3316 5464 res
3345 5420 3558 5462 eorum.

2062 5561 2171 5634 (9.5)
2202 5561 2257 5616 ln
2284 5561 2556 5617 Alcorano
2583 5554 2748 5611 Arab.
2772 5555 2957 5634 canis;
2986 5550 3171 5634 itaque
3190 5547 3270 5634 sic
3296 5545 3561 5634 interpfg:

1987 5611 2694 5692 tor‘f'r’aééféiﬁ'iubarum,
2725 5625 2817 5695 qui
2850 5611 2965 5695 cun
2988 5611 3177 5690 legerit
3224 5611 3561 5695 σκυλίν.⁷.ιι1ἱί

1986 5682 2262 5772 quaerant.
2276 5682 2530 5772 Fortasse
2549 5682 2828 5772 proprium
2848 5682 3221 5772 canisﬁome‘n
3239 5686 3339 5741 fuit
3355 5682 3565 5772 scylizf

1986 5750 2531 5825 ῧὲιᾜιὶέέᾱᾷειῖίίξῖῐά
2550 5750 2936 5840 Γειριῖοηιὼιιιυι·
2971 5760 3041 5818 ob
3075 5758 3294 5817 mistum
3342 5750 3564 5814 ex'alb'o

1986 5844 2260 5912 rubroque
2285 5841 2543 5897 colorem.
