3994 6610
433 373 538 438 767

1682 390 1974 452 ΝΙσΕΤκΕ
2013 393 2416 456 BYZANTINI

3565 399 3653 462 768

435 489 632 543 Dicunt
673 487 749 542 illi
781 488 872 558 qui
915 491 1311 559 prmvaluerunt
1341 494 1395 549 in
1446 498 1664 566 negotio
1712 499 1951 569 ipsorum
1984 520 1997 555 :
2028 555 2032 564 η

2135 505 2209 557 ὦν
2240 505 2423 559 ἁπλῶν
2461 504 2598 577 [εοά.
2629 505 2902 577 ἁπλῶνον]
2947 506 3070 569 τοὺς
3101 506 3389 577 βραχίονας
3412 508 3564 562 αὐτοῦ
3587 513 3655 566 είῖ

438 580 837 634 (ῗοηδιὶῑυὶῐηιιε
886 597 1048 651 super
1068 598 1163 638 eos
1204 587 1522 641 oratorium.
1567 587 1780 643 Habent
1825 591 2006 646 dicere

439 669 606 722 fuisse
650 677 781 732 tres.
830 679 1086 738 quartum
1134 673 1376 742 ipsorum
1407 689 1597 731 canem
1622 717 1639 743 ,
1670 689 1723 732 et
1754 679 2004 735 abstrusa

438 775 664 814 narrare
698 761 989 827 videntur;
1020 768 1073 816 ει
1100 764 1222 826 hoc,
1256 765 1451 834 inquit,
1485 783 1657 837 usque
1682 768 1750 823 ad
1778 778 2003 838 septem.

441 850 702 906 Dominus
737 852 838 905 scit
867 868 1174 907 mensuram
1204 856 1574 934 (numerum)
1611 860 1824 914 illorum
1859 879 1874 927 ;
1911 877 2010 916 nec

345 954 352 960 ·
438 941 544 994 nisi
587 942 744 1010 pauci
785 944 964 997 sciunt
999 958 1116 998 eos.
1149 963 1166 996 ι
1192 945 1392 1001 Deinde
1431 951 1704 1006 nonnullis
1747 952 1871 1007 aliis
1915 954 2011 1006 ab-

439 1029 621 1086 surdis
648 1032 966 1099 joculariler
990 1035 1174 1101 dictis,
1204 1039 1532 1094 mentionem
1561 1041 1725 1096 infert
1747 1043 2006 1111 paradisi,

438 1122 664 1191 ejusque
694 1125 1059 1180 conditionem
1089 1129 1314 1197 exponit
1338 1129 1418 1185 sic
1444 1149 1458 1184 :
1493 1130 1634 1187 «Nos
1673 1134 1814 1188 haud
1846 1135 2010 1189 omit-

440 1221 617 1266 t'Inus
658 1213 960 1268 mercedem
1008 1215 1246 1281 illorum,
1287 1219 1381 1287 qui
1422 1219 1558 1275 bene
1597 1222 1825 1291 egerint.
1863 1221 2014 1292 Ipsos

441 1313 622 1357 manet
667 1305 951 1373 paradisus
983 1306 1038 1361 in
1085 1307 1232 1362 Eden
1270 1327 1283 1362 :
1321 1310 1510 1364 subter
1550 1326 1675 1366 cum
1718 1311 2014 1368 decurrunt

444 1394 608 1450 fluvii.
637 1394 750 1450 Illic
781 1406 1048 1452 ornantur
1081 1399 1312 1454 armillis
1346 1401 1550 1467 aureis,
1599 1402 1901 1458 induuntur
1925 1420 2016 1458 ve-

443 1487 616 1541 stibus
645 1503 708 1541 ex
737 1487 964 1542 sindone
987 1491 1202 1557 prasina
1231 1499 1325 1544 aut
1347 1493 1616 1562 styracina
1643 1508 1658 1557 ;
1691 1495 2017 1548 accumben-

446 1589 525 1632 tes
551 1579 622 1632 ibi
651 1581 702 1632 in
725 1580 899 1634 lectis.
925 1579 1071 1635 Bona
1091 1583 1392 1646 retributio,
1413 1592 1466 1637 et
1482 1585 1704 1652 pulchra
1727 1585 1914 1640 fruitio
1936 1588 1948 1639 ι
1992 1605 2012 1639 ι

445 1672 640 1727 Postea
669 1673 986 1739 deblaterat,
1015 1683 1178 1742 prout
1203 1676 1365 1729 etiam
1398 1686 1581 1739 antea,
1626 1677 1692 1731 de
1730 1688 1882 1748 patre
1917 1693 2018 1733 suo

448 1753 633 1829 Belial,
668 1774 723 1820 et
754 1765 820 1818 de
860 1765 1066 1820 Adamo
1113 1780 1175 1820 ac
1222 1764 1404 1836 Moyse
1444 1765 1726 1836 peregrina
1771 1768 2015 1837 quaedam

446 1867 608 1928 atque
629 1857 830 1912 delira.
857 1855 990 1910 Exin
1021 1856 1087 1911 de
1110 1829 1421 1912 Alexandro
1446 1829 1740 1913 Macedone
1773 1829 2016 1928 loquitur
2046 1829 2094 1886 Β

448 1952 528 2005 sic
555 1968 568 2003 :
607 1969 626 2002 ‹
659 1949 803 2019 quod
835 1963 1026 2018 nempe
1059 1948 1252 2003 abierit
1280 1963 1453 2018 usque
1483 1948 1549 2002 ad
1580 1949 1713 2003 solis
1734 1964 2013 2013 occasum,

451 2043 727 2111 Solemque
750 2040 1073 2109 compererit
1095 2040 1146 2093 in
1171 2039 1402 2094 calidam
1435 2055 1630 2109 aquam
1657 2041 1928 2110 demergi:
1965 2053 2021 2095 et

449 2135 594 2203 quod
627 2148 842 2188 murum
875 2133 978 2189 sub
1008 2133 1260 2202 aquilone
1290 2132 1583 2187 muniverit
1613 2141 1797 2188 contra
1825 2133 1940 2203 Gog
1966 2141 2021 2187 et

450 2227 640 2298 Magog
674 2243 688 2280 :
723 2235 778 2280 et
808 2234 952 2295 quod
985 2225 1076 2280 Dei
1111 2225 1275 2280 unius
1297 2224 1474 2279 cultor
1505 2225 1666 2280 fuerit
1691 2225 2019 2290 Alexander,

451 2333 603 2386 aeque
620 2333 682 2372 ac
706 2317 1070 2382 Abrahamus,
1091 2325 1144 2370 et
1161 2315 1382 2370 minime
1401 2316 1674 2372 ethnicus.
1701 2317 1972 2387 Additque
2005 2335 2021 2372 :

451 2405 564 2461 Nos
580 2421 867 2461 narramus
884 2407 951 2460 de
970 2405 1064 2460 illo
1083 2405 1363 2460 historiam
1382 2419 1508 2460 cum
1529 2408 1774 2462 veritate.
1798 2427 1816 2459 ι
1837 2407 2024 2474 Qualis

451 2507 633 2554 autem
667 2499 740 2554 sit
768 2498 931 2568 hujus
956 2497 1031 2552 rei
1067 2497 1287 2562 veritas,
1316 2499 1499 2551 cuncti
1536 2499 1616 2553 vel
1641 2501 1799 2555 nobis
1838 2509 2026 2554 tacen-

455 2591 600 2645 tibus
629 2591 828 2645 sciunt.
868 2589 1109 2659 Denique
1142 2606 1265 2644 cum
1312 2592 1586 2647 consuetis
1622 2592 1725 2648 sibi
1772 2594 2030 2649 marcidis

457 2680 704 2736 formulis
731 2679 967 2734 fabulam
999 2679 1222 2734 claudit.

2108 598 2197 649 τὸν
2225 597 2354 666 χοῦν
2370 613 2383 626 ο
2415 599 2444 649 ὀ
2470 596 2672 666 Κύριος
2702 592 2810 649 οἶδε
2829 600 2897 650 τά
2927 597 3056 667 περὶ
3075 598 3269 660 αὐτούς
3288 617 3301 628 ·
3325 599 3568 666 λέγουσιν
3592 603 3658 654 οἴ·

2108 701 2249 746 τινες
2295 684 2547 752 ἐνίκησαν
2597 685 2783 738 ἐπάνω
2821 685 2914 739 τοῦ
2943 689 3262 756 πράγματος
3293 688 3470 740 αὐτῶν
3493 705 3506 718 ο
3547 691 3664 744 Ἐπ-

2109 774 2373 844 ελάϐομεν
2427 776 2612 830 ἐπάνω
2663 776 2841 830 αὐτῶν
2907 780 3412 850 προσκυνητήριονο
3471 781 3665 850 ἔχουσιν

2110 866 2281 918 εἰπεῖν
2339 868 2524 936 τρεῖς·
2570 867 2828 938 τέταρτος
2890 868 3069 922 αὐτῶν
3116 869 3176 923 τὸ
3234 869 3421 922 σκυλὶν
3469 873 3661 924 αὐτῶν⁶

2110 957 2393 1021 δοκοῦντες
2440 958 2509 1011 τά
2567 960 2774 1013 ἀπόντα
2827 960 3038 1027 λέγειν’
3100 964 3195 1014 καὶ
3252 963 3434 1026 τοῦτο,
3500 967 3667 1033 φησὶν,

2111 1045 2215 1107 ἕως
2234 1046 2342 1098 τῶν
2370 1048 2529 1100 ἐπτά·
2547 1050 2573 1101 ὁ
2591 1048 2795 1117 Κύριος
2825 1045 2929 1102 οἶδε
2949 1049 3008 1102 τὸ
3031 1051 3228 1120 μέτρον
3255 1051 3456 1113 αὐτῶν,
3483 1054 3670 1106 καὶούκ

2113 1135 2315 1188 οἴδασιν
2345 1137 2602 1200 αὐτοὺςεί
2635 1138 2708 1208 μὴ
2734 1138 2924 1206 ὀλίγοι.
2956 1157 2974 1190 ι
3017 1137 3146 1192 Εἶτα
3184 1141 3502 1211 φλυαρήσας
3527 1141 3673 1210 ἕτερά

2113 1243 2234 1280 τινα
2279 1228 2560 1294 ἀλλόκοτα,
2598 1230 2926 1300 μνημονεύει
2957 1232 3052 1286 τοῦ
3089 1233 3442 1305 παραδείσου,
3477 1235 3568 1288 καὶ
3593 1237 3675 1287 ὲκ-

2116 1319 2312 1386 φράζει
2346 1321 2416 1374 τά
2449 1323 2579 1392 περὶ
2616 1323 2782 1376 αὐτοῦ
2829 1324 3004 1392 λέγων
3055 1324 3228 1388 οὕτως
3252 1341 3266 1354 ·
3300 1345 3318 1377 ι
3371 1327 3555 1395 Ἡμεῖς
3590 1329 3678 1380 οὐκ

2115 1409 2529 1481 ἀπορῤίπτομεν
2579 1413 2668 1465 τὸν
2705 1413 2895 1482 μισθὸν
2922 1415 3015 1468 τοῦ
3049 1414 3229 1478 καλῶς
3274 1416 3675 1486 ἐργασαμένουο

2117 1500 2344 1565 ἐκείνοις
2385 1503 2500 1556 ἐστι
2535 1504 2861 1574 παράδεισος
2907 1507 2965 1558 ἐν
3011 1506 3193 1576 Ἐδέμ,
3234 1508 3518 1576 τρέχονται
3562 1508 3682 1561 ὐπο-

2119 1592 2268 1644 κάτω
2301 1593 2462 1646 αὑτὸν
2494 1596 2766 1666 ποταμοί·
2804 1595 3117 1667 ὀρνεύονται
3167 1601 3224 1651 ἐν
3261 1598 3411 1666 αύτῷ
3440 1599 3504 1652 ἐκ
3558 1598 3680 1668 βρα-

2119 1681 2335 1752 χιολίων
2373 1688 2636 1756 χρυσέων,
2672 1686 2926 1758 φοροῦσιν
2953 1689 3141 1757 ἱμάτια
3165 1691 3406 1758 πράσινα
3438 1690 3543 1743 ἀπὸ
3582 1707 3684 1742 σιν-

2121 1772 2332 1843 δόνοςῆ
2385 1777 2684 1858 στφυράκιν
2754 1778 3180 1848 ἀκουμῦίξοντες
3223 1779 3282 1832 ἐν
3318 1779 3468 1848 αὐτῷ
3517 1779 3686 1831 ἐπάνω

2123 1865 2512 1937 ἀνακλιτορίων
2532 1885 2544 1897 ’
2576 1869 2756 1938 ἀγαθὴ
2787 1872 3160 1934 ἀνταπόδοσις,
3193 1871 3289 1924 καὶ
3330 1870 3470 1941 καλὴ
3503 1871 3534 1940 ἡ
3560 1869 3683 1921 ἀπό-

2123 1957 2331 2020 λαυσις.
2361 1979 2380 2011 ι
2442 1959 2668 2030 Ἐφεξῆς
2700 1962 2755 2014 δὲ
2802 1962 3031 2032 φλυαρεῖ
3059 1961 3093 2015 ἃ.
3137 1963 3229 2015 καὶ
3264 1963 3527 2032 πρότερον
3573 1961 3689 2030 περὶ

2122 2047 2216 2100 τοῦ
2243 2049 2450 2119 πατρὸς
2490 2050 2658 2104 αὑτοῦ
2714 2053 2907 2124 Βελίαρ
2937 2054 3031 2107 καὶ
3077 2054 3248 2124 Ἀδὰμ
3275 2053 3374 2106 καὶ
3405 2051 3684 2115 Μωῦσέως,

2127 2135 2252 2200 ξένα
2283 2139 2404 2190 τινά
2425 2140 2517 2192 καὶ
2542 2141 2834 2213 παράφορα
2858 2161 2871 2174 ο
2906 2139 3022 2196 εἶτα
3044 2143 3320 2213 μέμνηται
3361 2142 3690 2213 Ἀλεξάνδρου

2125 2228 2220 2282 τοῦ
2251 2230 2578 2296 Μακεδόνος,
2609 2233 2702 2286 καί
2732 2252 2915 2305 φησιν,
2950 2236 3031 2288 ὅτι
3105 2254 3123 2288 ι
3174 2236 3449 2304 Ἀπῆλθεν
3487 2236 3586 2298 ἕως
3612 2234 3694 2286 δυ-

2130 2321 2284 2388 σμῶν
2318 2322 2490 2393 ἡλίου,
2540 2325 2634 2378 καὶ
2667 2321 2790 2396 εὗρε
2824 2327 2914 2380 τὸν
2951 2327 3102 2396 ἥλιον
3130 2328 3366 2382 δύναντα
3396 2331 3474 2392 εἰς
3511 2327 3695 2397 θερμὸν

2131 2410 2308 2483 ὕδωρο
2339 2415 2430 2468 καὶ
2458 2416 2539 2468 ὅτι
2565 2419 2644 2480 είς
2675 2419 2765 2472 τὸν
2787 2418 2988 2491 βορρᾶν
3016 2419 3332 2490 ἀπετείχισε
3362 2420 3454 2472 τὸν
3486 2421 3581 2485 Ὢγ
3607 2417 3695 2470 καὶ

2131 2504 2346 2573 Μάγωγ
2368 2522 2380 2535 ⁸
2415 2507 2506 2560 καὶ
2529 2509 2608 2562 ὅτι
2635 2510 2965 2581 μοναρχίτης
2987 2506 3053 2581 ἦν
3073 2511 3133 2564 τὸ
3159 2512 3323 2574 σέϐας
3341 2511 3696 2579 Ἀλέξανδρος,

2133 2595 2274 2650 κατά
2298 2597 2389 2650 τὸν
2407 2599 2673 2670 Ἀϐραάμ,
2699 2603 2793 2655 καὶ
2826 2602 2920 2672 οὐχ
2937 2602 3159 2673 Ἕλλην.
3197 2605 3306 2658 Καὶ
3342 2605 3699 2674 προστίθησιν,

2135 2685 2217 2738 ὅτι
2251 2686 2440 2756 Ἡμεῖς
2472 2691 2807 2762 διηγούμεθα
2834 2695 3017 2749 ἐπάνω
3053 2713 3145 2749 σου
3179 2696 3275 2767 τὴν
3301 2697 3566 2766 ἐξήγησιν
3587 2693 3702 2746 ταύο

455 2787 557 2839 την
583 2771 642 2824 ἐν
665 2768 912 2840 ἀληθείᾳ.
941 2786 960 2819 ι
1003 2768 1192 2821 Ὀποία
1216 2769 1274 2822 δὲ
1324 2769 1382 2822 ἐν
1405 2768 1614 2832 τούτοις
1641 2768 1866 2840 ἀλήθεια
1896 2771 2210 2843 πρόσεστιν,
2244 2779 2339 2832 καὶ
2388 2783 2420 2851 ὴ
2432 2783 2546 2852 μῶν
2579 2783 2654 2855 μὴ
2685 2785 2954 2853 λεγόντων
3028 2789 3228 2850 πάντες
3291 2788 3472 2860 [σαςιο
3544 2785 3608 2838 τὰ
3653 2783 3704 2836 δὲ

458 2863 662 2935 συνήθη
688 2861 836 2932 αύτῷ
862 2862 1298 2931 σαπρολαγήσας,
1330 2861 1458 2931 ἐστη
1481 2861 1574 2913 τοῦ
1606 2860 1799 2931 μύθου.

681 2954 869 3012 XVIII.
916 2953 1362 3012 CONFUTATIO
1405 2952 1799 3009 GENERALIS

459 3049 802 3120 Reliquorum
827 3051 1068 3120 omnium,
1086 3046 1408 3120 fabularum,
1426 3062 1541 3120 cum
1565 3047 1886 3120 expositione
1911 3064 2044 3118 pra:-

739 3119 1018 3187 cipuarum
1053 3119 1108 3170 in
1143 3117 1252 3171 illis
1291 3116 1760 3185 blasphemiarum.

530 3209 621 3264 77.
654 3208 785 3275 Quas
806 3217 933 3264 sunt
949 3224 976 3261 a
993 3207 1201 3262 decima
1213 3215 1404 3260 octava
1424 3221 1596 3276 uSque
1619 3207 1683 3262 ad
1708 3207 2039 3277 trigesimam

461 3313 669 3360 sextam
706 3301 965 3366 fabulam,
1003 3308 1190 3369 utpote
1221 3299 1380 3369 plena
1419 3308 1698 3354 consuetae
1733 3299 2039 3356 Mohamedi

463 3394 795 3465 garrulitatis
825 3402 879 3448 et
910 3392 1328 3462 praestigiarum,
1367 3391 1477 3445 imo
1507 3408 1636 3446 vero
1666 3393 2038 3448 conviciorum

463 3495 628 3553 atque
655 3483 951 3548 mendacii,
987 3483 1472 3553 praetermittimus.
1513 3483 1652 3538 Sunt
1679 3485 1823 3539 enim
1855 3486 2040 3540 omnia

467 3590 722 3644 perversa
748 3586 801 3628 et
830 3575 1086 3637 absurda,
1125 3583 1232 3627 tam
1259 3589 1380 3642 qua:
1409 3587 1473 3626 ex
1511 3572 1704 3627 Vetere
1731 3588 1894 3643 quam
1925 3589 2044 3642 qua;

466 3682 532 3721 ex
588 3664 741 3720 Novo
785 3665 1132 3720 Testamento
1171 3665 1487 3735 joculariter
1538 3673 1743 3719 narrat.
1800 3664 2046 3734 Namque

467 3756 696 3810 Mariam
739 3755 891 3826 juxta
951 3758 1185 3826 palmam
1225 3757 1359 3812 dicit
1409 3757 1678 3826 peperisse
1720 3755 1996 3811 Christum
2027 3795 2042 3819 ,

467 3847 594 3902 vitae
639 3863 751 3902 sua:
797 3857 1080 3912 pertaasam
1122 3866 1137 3902 :
1177 3857 1232 3902 et
1283 3865 1350 3903 ex
1391 3857 1548 3902 utero
1596 3847 1715 3916 ejus
1769 3848 2043 3902 Christum

471 3938 870 4008 proclamasse,
913 3947 974 3992 ut
1022 3939 1255 4007 palmam
1301 3945 1631 4003 concuteret,
1669 3938 1947 4008 colligeret
1993 3948 2048 3992 et

473 4027 826 4082 manducaret
868 4030 1166 4098 palmarum
1215 4027 1448 4082 fructum
1496 4027 1743 4082 viridem.
1788 4029 2046 4082 Davidem

472 4131 536 4171 ac
569 4115 914 4172 Salomonem
941 4134 1063 4171 cum
1101 4117 1293 4173 avibus
1319 4127 1371 4171 et
1398 4118 1729 4173 animalibus
1762 4120 2047 4188 loquentes

474 4208 785 4277 prodigiose
825 4207 979 4262 facit.
1020 4207 1300 4266 Diemones
1334 4208 1614 4263 Salomoni
1648 4209 1964 4270 auxiliares,
1997 4216 2051 4262 et

474 4299 682 4364 gundas
729 4301 913 4355 nescio
937 4316 1075 4368 quos
1110 4300 1350 4355 adfuisse
1389 4300 1562 4364 dicit,
1597 4309 1651 4356 et
1688 4301 1864 4356 ventis
1900 4301 2049 4354 illum

476 4389 826 4459 imperavisse
875 4407 938 4446 ac
988 4391 1340 4446 formicarum
1395 4393 1652 4462 mysteria
1687 4393 1952 4448 novisse:
1999 4400 2054 4446 et

475 4496 677 4535 saevum
705 4482 993 4550 quemdam
1027 4483 1228 4552 gallum
1261 4484 1580 4552 magistrum
1613 4483 1732 4552 ejus
1760 4501 1775 4538 :
1799 4494 1853 4537 et
1885 4483 2051 4536 solem

477 4581 640 4639 atque
664 4572 848 4625 lunam
877 4574 1120 4642 equitare
1147 4593 1160 4628 :
1193 4584 1246 4628 et
1273 4573 1548 4630 thoracem
1579 4575 1816 4629 ferreum
1847 4590 1875 4628 a
1896 4573 2055 4626 Davi-

2493 2959 2598 3013 ιη’.
2633 2959 3070 3013 ΕΛΕΓΚΤΙΚΟΣ
3111 2961 3329 3031 nomn

2139 3046 2386 3101 Πάντων
2421 3047 2538 3099 τῶν
2563 3047 2786 3115 ἐφεξῆς
2813 3048 3118 3115 μυθαρίων
3151 3047 3226 3101 δι’
3255 3048 3554 3114 ἐκθέσεως
3599 3047 3706 3102 τῶν

2375 3117 2849 3185 προκεκριμένων
2879 3117 3082 3182 αὐτοῖς
3103 3117 3486 3186 δυσφημιῶν.

2209 3211 2308 3274 οξκ
2349 3209 2430 3261 Τά
2464 3208 2666 3278 μεταξὺ
2704 3208 2796 3261 τοῦ
2822 3209 3288 3263 ὀκτωκαιδεκάτου
3324 3211 3592 3280 μυθαρίου
3621 3211 3705 3263 καὶ

2140 3301 2236 3352 τοῦ
2263 3297 2587 3369 τριακοστοῦ
2612 3299 2770 3352 ἕκτου
2805 3300 2977 3368 μεστά
2999 3300 3128 3352 ὄντα
3157 3302 3256 3370 τῆς
3291 3301 3557 3371 συνήθους
3576 3301 3708 3370 αὐτῷ
3767 3303 3774 3306 “

2141 3389 2457 3460 ἀδολεσχίας
2478 3407 2535 3442 τε
2567 3390 2660 3442 καὶ
2688 3389 2993 3459 τερθρείας,
3023 3389 3220 3460 μᾶλλον
3245 3391 3301 3442 δὲ
3330 3391 3638 3462 δυσφημίας
3658 3408 3710 3444 τε

2145 3484 2237 3536 καὶ
2257 3482 2640 3551 ψευδηγορίας,
2673 3482 3000 3552 παρήκαμεν
3019 3500 3032 3514 ο
3070 3483 3245 3535 πάντα
3262 3484 3376 3554 γὰρ
3399 3486 3711 3554 ἀνατετραμ.

2149 3575 2283 3643 μένα
2311 3573 2403 3626 καὶ
2434 3573 2736 3643 παράλογα,
2773 3574 2842 3626 τά
2875 3590 2934 3626 τε
2961 3573 3070 3628 ἀπὸ
3118 3574 3216 3642 τῆς
3251 3575 3518 3640 Παλαιᾶς,
3567 3576 3631 3629 τά
3658 3592 3709 3627 τε

2144 3665 2252 3718 ἀπὸ
2284 3664 2384 3733 τῆς
2414 3663 2557 3726 Νέας
2583 3664 2860 3733 Διαθήκης
2895 3665 3270 3735 καταφλυαρεί
3305 3666 3421 3735 (26)
3446 3681 3461 3696 ·
3491 3667 3586 3736 τὴν
3615 3667 3711 3734 γὰρ

2146 3755 2365 3825 Μαρίαν
2391 3753 2540 3824 παρά
2573 3754 2790 3822 φοίνικά
2819 3771 2952 3824 φησι
2983 3760 3161 3808 τεκεῖν
3190 3756 3282 3810 τὸν
3308 3758 3566 3827 Χριστὸν,
3588 3758 3712 3808 ἀπο-

2146 3847 2442 3916 λεγομένην
2487 3847 2584 3916 τὴν
2633 3846 2831 3913 ἑαυτῆς
2862 3846 3038 3916 ψυχήν
3059 3863 3075 3876 ο
3104 3847 3198 3900 καὶ
3228 3849 3319 3900 τὸν
3352 3849 3586 3920 Χριστὸν
3612 3847 3712 3916 (‘27)

2147 3939 2256 3992 ἀπὸ
2301 3939 2401 4007 τῆς
2445 3937 2681 4006 γαστρὸς
2731 3938 2896 4006 αὐτῆς
2955 3941 3505 4010 προσπεφωνηκέναι,
3536 3940 3607 4002 ὼς
3654 3940 3713 3991 ἂν

2150 4029 2318 4083 σείσοι
2351 4030 2442 4082 τὸν
2473 4029 2685 4097 φοίνικα
2711 4029 2802 4081 καὶ
2826 4029 3142 4096 κατενέγκοι
3161 4031 3253 4083 καὶ
3283 4032 3449 4098 φάγοι
3477 4032 3716 4100 φοινίκων

2149 4120 2360 4190 καρπὸν
2393 4119 2600 4190 χλωρόν
2641 4119 2774 4187 (28).
2829 4120 2934 4172 Τὸν
2963 4119 3020 4173 δέ
3059 4119 3223 4172 Δαὸὶδ
3266 4122 3362 4173 καὶ
3415 4121 3718 4189 Σολομῶντα

2154 4210 2291 4280 μετὰ
2328 4209 2436 4262 τῶν
2486 4209 2687 4279 ὀρνέων
2719 4209 2812 4262 καὶ
2847 4210 3058 4277 ἀλόγων
3113 4210 3533 4279 διαλεγομένους
3571 4227 3712 4278 τεραο

2150 4300 2366 4354 στεύεται
2415 4300 2558 4371 (‘29)'
2611 4300 2870 4370 δαίμονάς
2926 4319 2983 4353 τε
3019 4300 3246 4371 βοηθοὺς
3277 4301 3355 4370 τῷ
3407 4301 3718 4369 Σολομῶντι,

2153 4394 2250 4447 καὶ
2279 4393 2504 4456 γουνδάς
2528 4409 2679 4454 τινας
2709 4395 2963 4462 παρεῖναι
2995 4391 3142 4458 λέγει
3177 4391 3312 4461 (50),
3349 4392 3446 4444 καὶ
3473 4392 3578 4444 τῶν
3608 4390 3721 4444 ἀνέ-

2157 4502 2274 4554 μων
2312 4485 2497 4554 άρχειν
2523 4525 2536 4548 ,
2575 4483 2671 4536 καὶ
2726 4482 2835 4535 τῶν
2891 4485 3200 4552 μυρμήκων
3250 4485 3530 4551 μυστήρια
3564 4497 3721 4534 κατα-

2155 4577 2294 4628 νοεῖν
2315 4615 2329 4639 ,
2358 4576 2453 4627 καὶ
2483 4573 2672 4644 ἄγριόν
2721 4591 2840 4626 τινα
2871 4573 3138 4643 ἀλέκτορα
3171 4573 3360 4625 τούτου
3393 4573 3721 4631 διδάσκαλον,

477 4662 545 4715 de
570 4663 702 4716 dicit
732 4663 906 4731 primo
938 4664 1215 4718 inventum
1243 4683 1258 4718 :
1306 4680 1473 4735 seque
1509 4666 1751 4732 judicem
1789 4680 1913 4720 cum
1942 4664 2032 4718 Det

2158 4661 2252 4713 καὶ
2273 4661 2366 4712 τὸν
2392 4661 2540 4729 ἥλιον
2559 4661 2652 4712 καὶ
2667 4660 2765 4730 τὴν
2795 4660 3022 4730 σελήνην
3046 4660 3415 4730 καόαλαρίους
3446 4658 3582 4713 εἶναι
3601 4661 3722 4728 (51)·

479 4751 598 4805 fore
614 4752 744 4806 dicit
768 4754 1029 4806 mundum
1054 4755 1396 4823 judicaturo:
1430 4757 1534 4810 alia
1553 4756 1788 4825 denique
1812 4755 2032 4824 turpior:

2163 4751 2376 4804 καὶτὸν
2431 4751 2656 4820 θώρακα
2701 4751 2758 4804 δέ
2804 4751 2895 4804 τὸν
2938 4752 3188 4822 σιδηροῦν
3235 4752 3388 4820 παρά
3437 4751 3534 4805 τοῦ
3577 4750 3728 4804 Δα6“ιδ

478 4851 642 4912 atque
671 4844 970 4909 insaniora,
997 4845 1106 4899 imo
1139 4847 1308 4916 magis
1335 4848 1600 4902 diabolica
1628 4854 1886 4915 nugatur,

2164 4843 2380 4914 πρῶτον
2424 4843 2570 4910 λέγει
2617 4843 2728 4913 (52)
2777 4842 3174 4912 ἐφευρεθῆναι·
3221 4844 3412 4896 ἑαυτόν
3441 4861 3499 4895 τε
3550 4842 3728 4912 κριτὴν

481 4934 622 5002 μετά
667 4932 760 4984 τοῦ
792 4932 924 4985 Θεοῦ
958 4935 1182 5004 φημίζει
1229 4934 1539 5005 κρινοῦντος
1565 4935 1666 5004 τὴν
1688 4932 2045 5002 οἰκουμένηνο
2087 4931 2182 4986 καὶ
2214 4932 2376 5002 ἕτερα
2407 4933 2738 5002 αίσχρὸτερα
2767 4931 2878 5002 (55)
2905 4932 3000 4985 καὶ
3048 4931 3388 5002 ἀλογώτερα,
3417 4933 3618 5003 μᾶλλον
3677 4933 3728 4987 δέ

476 5024 966 5094 δαιμονιωδέστερα
991 5025 1384 5096 καταφλυαρεί.

551 5115 637 5170 78.
671 5113 792 5168 Jam
831 5115 885 5169 in
914 5115 1187 5184 trigesima
1224 5123 1375 5171 sexta
1411 5113 1594 5169 fabula
1636 5112 1845 5168 inducit
1890 5111 2052 5168 Deum

548 5307 666 5382 (26)
696 5308 1122 5382 §ur.jX_|X,25.
1192 5375 1240 5382 __
1299 5375 1310 5382 _
1521 5372 1530 5382 .
1611 5371 1624 5382 _
1877 5367 1921 5382 η
1994 5349 2020 5378 ο.

552 5367 664 5446 (2⁸7)
695 5367 1026 5442 Gabrielem,
1051 5393 1157 5431 non
1185 5375 1483 5435 Christum,
1521 5371 1844 5446 inclamasse
1875 5367 2057 5422 Maria:

479 5440 968 5513 putut'Maraccius
1000 5440 1019 5511 ;’
1049 5446 1140 5500 sed
1176 5452 1552 5513 ulrumﬂrccte,
1592 5455 1697 5493 non
1718 5440 1926 5513 judico.

553 5512 663 5586 (‘28)
693 5517 818 5572 Sur.
849 5517 992 5581 XXI,
1013 5517 1099 5572 79.
1125 5515 1322 5576 Confer
1344 5511 1644 5567 Relandum
1668 5525 1761 5580 op.
1794 5511 1884 5563 cit.
1919 5515 2056 5576 part.

485 5599 545 5648 II,
580 5602 700 5648 cap.
732 5589 824 5642 27».

556 5604 824 5724 (illisi:
854 5653 1066 5716 xxv",
1099 5655 1162 5709 16
1193 5669 1301 5724 ετι..
1333 5651 1422 5706 8|.

559 5723 670 5796 (ξο)
703 5728 826 5796 Sur.
866 5724 1106 5786 XXXIV,
1142 5723 1425 5796 Ἄρη-ἓξ.ᾼᾷ
1473 5785 1666 5796 ,η’-ω
1722 5787 1776 5796 _
1874 5786 1920 5796 __

519 5795 521 5798 ’
563 5786 672 5856 l3”
704 5795 842 5853 Puto
871 5798 923 5852 in
957 5796 1112 5851 Suris
1141 5793 1332 5857 XXXI,
1363 5791 1452 5857 29,
1473 5786 1688 5853 XXXV,
1720 5787 1800 5854 15,
1836 5786 1923 5840 ubi
1948 5801 2063 5840 ver-

2236 5104 2339 5178 οη’.
2379 5105 2462 5156 Ἑν
2495 5104 2678 5174 μέντοι
2701 5104 2778 5174 τῷ
2811 5105 3118 5178 τριακοστῷ
3146 5104 3291 5174 ’έκτῳ
3339 5105 3452 5174 (54)
3493 5100 3730 5175 μυθαρῖῳ

2161 5299 2290 5352 bum
2331 5297 2496 5350 Arab.
2521 5292 2791 5362 signiﬁcat
2827 5289 2878 5362 in
2912 5288 2932 5340 l
2973 5288 3358 5360 conjugatione
3391 5307 3598 5343 currere
3628 5304 3644 5349 ;
3682 5285 3729 5339 in

2162 5371 2196 5422 Ξ
2222 5379 2400 5420 autem
2431 5367 2498 5417 ad
2525 5360 2734 5416 cursum
2755 5360 2996 5430 incitare,
3027 5375 3122 5412 seu
3158 5376 3345 5428 equum
3371 5362 3606 5430 adigere.

2236 5436 2347 5508 (se)
2371 5434 2504 5508 _Sur.
2539 5429 2910 5508 XX_XIV,__IHI‘.

2237 5495 2348 5572 {'53)
2371 5505 2500 5557 I’uta
2541 5504 2592 5555 in
2627 5503 2751 5555 Sur.
2782 5495 3020 5572 XXXIII,
3040 5497 3093 5560 ιι,
3113 5498 3200 5550 ubi
3226 5497 3731 5572 §I_ohai_netl_escon:

2167 5565 2313 5630 cedit
2335 5565 2578 5627 'uxoruni
2626 5570 2928 5636 repudium.
2969 5566 3096 5620 ltcm
3142 5583 3191 5619 ν.
3217 5569 3328 5630 ’56,
3363 5569 3451 5622 ubi
3494 5568 3560 5620 de
3593 5565 3731 5636 Zeidi

2173 5660 2358 5705 uxore,
2393 5659 2555 5710 quam
2595 5635 2786 5695 callida
2835 5636 3107 5706 hypocrisi
3162 5638 3265 5692 sibi
3297 5638 3580 5708 improbus
3621 5635 3731 5687 vin-

2173 5715 2390 5769 dicavit.
2423 5712 2550 5765 Ileln
2584 5727 2634 5762 v.
2659 5711 2724 5761 48
2757 5725 2838 5776 sq.

2250 5785 2359 5853 (δι)
2386 5782 2514 5837 Sur.
2547 5779 2806 5844 xxxv",
2837 5779 2884 5831 ι.

3889 1478 3891 1526 Ι

3891 1572 3893 1626 ι

3893 1668 3895 1744 1

3895 1764 3897 1846 1

3897 1858 3899 1936 1

3899 1954 3901 2042 1

3899 2045 3903 2120 1

3903 2144 3905 2198 ι

3905 2240 3907 2292 ι
