3994 6600
259 419 362 484 769

1452 404 1886 468 REFUTATIO
1924 403 2396 466 MOHAMEDIS.

3419 397 3525 462 770

260 530 476 597 εἰσάγει
499 526 590 580 τὸν
619 522 750 578 Θεὸν
777 519 944 578 αὐτοῦ
979 521 1223 591 Μωάμετ
1277 517 1641 589 ἐξομνύμενον
1678 518 1839 588 ὅρκον

1974 531 2100 570 uum
2123 514 2464 570 Mohamedes
2479 512 2753 583 jurantem
2773 510 3160 583 jusjurandum
3183 509 3522 582 hujusmodi:

260 620 452 674 τοῦτον
471 635 486 652 ο
525 637 544 669 ι
563 617 658 672 Μὰ.
684 616 749 669 τὰ
780 613 954 684 φολκῆ
985 612 1092 666 τῶν
1110 611 1346 680 φολκῶν,
1366 611 1460 663 καὶ
1481 609 1690 678 προσθή
1699 624 1846 677 ματα

262 711 671 783 προσθημόπων
691 708 823 778 (55),
852 707 946 760 καὶ⁷
985 703 1424 774 ἐντυγχανόμενα
1466 702 1655 771 μνήμῃ
1679 717 1692 729 ·
1718 699 1848 763 Θεὸς

262 806 374 874 γάρ
392 803 554 874 ὑμῶν
576 803 721 854 ἐστιν
750 794 829 858 εἷς
851 797 1054 868 Κύριος
1077 797 1186 849 τῶν
1216 794 1463 866 οὐρανῶν
1491 792 1698 861 καὶτῆς
1722 790 1848 860 γῆς,

264 899 357 952 καὶ
384 897 493 949 τῶν
547 895 687 964 μέσα
729 891 911 946 αὐτῶν
932 909 944 922 ·
980 891 1072 944 καὶ
1101 888 1307 958 Κύριος
1341 888 1449 940 τῶν
1477 885 1750 940 ἀνατολῶν
1773 902 1786 916 ο
1825 904 1844 936 ι

263 987 387 1041 εἷτα
426 985 787 1054 ἀποφαίνεται
809 981 884 1045 ὡς
918 984 981 1034 ἐκ
1011 978 1304 1049 προσώπου
1337 977 1547 1030 πολλῶν
1589 975 1732 1030 οὕτω
1760 977 1850 1030 λέ-

263 1095 408 1144 γων·
443 1095 462 1128 ι
516 1077 704 1144 Ἡμεῖς
757 1073 1144 1141 ἐκοσμήσαμεν
1186 1069 1275 1122 τὸν
1310 1067 1535 1139 οὐρανὸν
1574 1068 1665 1120 τὸν
1698 1066 1854 1134 ἐγγί-

266 1170 432 1233 ζοντα
482 1165 897 1236 διακοσμήσεως
949 1163 1343 1233 ἀστέρων·κα“ι
1397 1161 1746 1231 ἐτηρήσαμεν
1792 1157 1851 1224 ἐξ

268 1267 504 1318 ἑκάστου
555 1262 765 1314 Σατανᾶ
808 1257 1140 1327 ἐκστασίμου
1162 1274 1176 1287 ·
1205 1256 1304 1309 οὐκ
1340 1255 1594 1308 ἀκούουσι
1622 1253 1758 1324 πρὸς
1783 1251 1853 1305 τὰ

265 1357 401 1426 δχλη
431 1355 496 1406 τὰ
529 1352 727 1423 ὑψηλά,
758 1352 854 1404 καὶ
884 1348 1257 1413 ἁκοντίζονται
1285 1347 1346 1410 ἐξ
1379 1345 1611 1400 ἑκάστου
1647 1345 1851 1415 μέρους

267 1445 590 1515 ὠθούμενοι.
619 1461 636 1494 ι
681 1442 783 1495 Τὸν
825 1441 880 1494 δὲ
922 1439 1252 1510 παράδεισον
1289 1438 1398 1507 (36)
1438 1436 1711 1506 τέσσαρας
1759 1451 1853 1488 πο-

268 1534 479 1604 ταμοὺς
506 1532 652 1600 λέγει
687 1530 829 1600 ἔχειν
858 1530 917 1596 ἐξ
949 1529 1137 1592 ὓδατος
1171 1527 1442 1580 ἀθολώτου
1462 1526 1556 1579 καὶ
1585 1526 1854 1594 γάλακτος

271 1627 368 1680 καὶ
397 1623 800 1693 άλλασσομένου
826 1621 920 1674 τοῦ
943 1620 1131 1674 νόστου
1177 1617 1366 1682 αὑτοῦ,
1395 1617 1488 1670 καὶ
1501 1616 1646 1670 οῐνου
1679 1617 1852 1687 ήδέος,

272 1717 369 1770 καὶ
410 1715 623 1785 μέλιτος
656 1712 869 1766 ὑλιστοῦ
892 1726 906 1739 ·
943 1712 1000 1763 ἐν
1025 1709 1234 1772 τούτοις
1275 1708 1489 1780 πρόεισι
1545 1708 1706 1781 μέχρι
1757 1706 1852 1760 τοῦ

270 1804 663 1876 πεντηκοστοῦ.
723 1805 811 1857 Ἐν
843 1803 900 1856 δέ
929 1801 1006 1872 τῷ
1060 1799 1413 1870 πεντηκοστῷ
1451 1799 1604 1869 μύθῳ
1627 1838 1642 1864 ,
1677 1797 1851 1862 οὕτως

1957 626 1976 661 ι
2014 607 2115 663 Per
2143 609 2356 663 strabos
2385 606 2690 661 straborum
2712 645 2727 669 ,
2763 613 2818 660 et
2844 620 2938 675 per
2974 605 3309 660 incrementa
3353 605 3561 658 incre-'

1949 709 2282 765 mentorum,
2315 707 2370 754 et
2398 713 2518 768 quae
2549 698 2827 752 memoria:
2858 705 3179 752 occurrunt.
3208 697 3352 752 Deus
3383 695 3530 750 enim

1950 800 2127 846 vester
2152 807 2292 845 unus
2325 790 2586 844 Dominus
2613 789 2897 854 caelorum,
2929 797 2983 843 et
3009 797 3183 852 terra}.
3212 794 3266 842 et
3286 786 3528 842 omnium

1951 899 2133 937 rerum
2169 884 2254 937 his
2292 883 2700 952 interjectarum
2733 900 2748 948 ;
2778 890 2831 936 et
2863 881 3126 938 Dominus
3160 881 3478 936 orientium.
3507 897 3527 931 ι

1953 973 2160 1028 Deinde
2203 975 2508 1044 proclamat
2551 984 2806 1045 tanquam
2841 991 2907 1029 ex
2956 990 3188 1044 persona
3235 974 3540 1029 multorum

1952 1061 2024 1116 ita
2067 1062 2250 1116 dicens
2286 1079 2298 1114 :
2348 1080 2365 1112 ι
2402 1063 2516 1116 Nos
2547 1063 2865 1119 ornavimus
2913 1065 3111 1119 cmlum
3167 1065 3532 1134 propinquum

1953 1163 2269 1206 ornamento
2320 1154 2600 1208 stellarum
2649 1174 2664 1210 :
2710 1165 2763 1209 et
2815 1157 3214 1213 custodivimus
3269 1157 3535 1211 adversus

1953 1259 2398 1314 unumquemque
2451 1246 2709 1300 Satanam
2775 1249 3050 1305 rebellem.
3111 1247 3230 1303 Non
3305 1249 3537 1303 audiunt

1953 1336 2226 1390 exercitus
2260 1337 2529 1404 excelsos,
2565 1346 2618 1392 et
2659 1340 2872 1409 sagittis
2904 1349 3253 1410 appetuntur,
3285 1353 3350 1394 ex
3380 1347 3536 1394 utro-

1954 1445 2060 1499 que
2111 1429 2278 1484 latere
2320 1430 2544 1500 repulsi.
2600 1449 2617 1481 ι
2666 1430 2984 1486 Paradisum
3036 1442 3272 1501 quatuor
3311 1431 3537 1486 ﬂumina

1959 1523 2154 1576 habere
2183 1522 2332 1586 dicit,
2361 1538 2426 1577 ex
2451 1538 2590 1592 aqua
2624 1538 2781 1592 pura,
2813 1523 2949 1578 lacte
2971 1524 3128 1592 cujus
3154 1538 3262 1578 non
3292 1532 3537 1579 mutatur

1957 1629 2139 1683 sapor,
2183 1615 2308 1668 vino
2352 1615 2525 1679 suavi,
2555 1623 2608 1669 et
2641 1615 2799 1668 melle
2833 1613 3110 1669 defaecato.
3157 1613 3279 1669 llaec
3318 1615 3539 1684 scripti-

1958 1714 2080 1760 tans
2116 1706 2362 1775 pervenit
2398 1721 2571 1776 usque
2619 1706 2701 1760 ad
2730 1695 2967 1760 fabulam
3008 1706 3538 1777 quinquagesimam.

1959 1798 2018 1852 In
2070 1797 2521 1868 quinquagesima
2566 1806 2748 1852 autem
2811 1797 2996 1852 fabula
3051 1798 3123 1852 ita
3179 1798 3349 1853 Deum
3407 1795 3543 1851 facit

271 1900 485 1968 εἰσάγει
531 1900 624 1952 τὸν
651 1897 772 1951 θεὸν
817 1894 981 1952 αὐτοῦ
1013 1894 1374 1964 ἐξομνύμενον
1405 1893 1514 1964 (37)
1542 1909 1556 1924 ο
1615 1910 1632 1944 ι
1666 1892 1760 1946 Μὰ
1792 1890 1860 1943 τὰ

1972 1890 2232 1966 iurantem
2269 1907 2283 1943 :
2336 1909 2354 1941 ι
2392 1889 2498 1944 Per
2535 1891 2794 1962 lingentia
2843 1890 3129 1960 lingendo,
3172 1898 3226 1946 et
3265 1897 3542 1960 gestantes

272 1991 574 2062 λιχμοῦντα
603 1990 793 2061 λιχμὸν
830 1988 962 2060 (58),
998 1989 1092 2041 καὶ
1128 1984 1498 2056 βαστάζουσαι
1521 1981 1862 2054 γόμους,κα“ι

269 2084 570 2154 τρέχουσαι
594 2081 826 2146 εὐθείας,
854 2081 948 2134 καὶ
979 2079 1046 2132 τὰ
1070 2078 1360 2149 μερίζοντα
1379 2075 1707 2146 πράγματα,
1756 2075 1862 2128 ύπ-

273 2174 596 2245 ισχνύεσθαι
627 2174 736 2243 γάρ
773 2171 834 2226 τὸ
863 2171 1091 2242 ἀληθές·
1133 2169 1226 2222 καὶ
1255 2169 1388 2238 ὁτιή
1431 2167 1614 2238 κρίσις
1655 2165 1861 2236 φθάσαι

269 2268 408 2336 ἔχει.
450 2286 468 2318 ι
520 2268 608 2320 Ἐν
637 2267 694 2319 δὲ
740 2265 818 2336 τῷ
848 2261 1199 2334 πεντηκοστῷ
1247 2259 1449 2331 πρώτῳ
1488 2259 1642 2330 μύθῳ
1688 2259 1862 2322 οὕτως

270 2359 566 2429 ἐξόμνυται
588 2358 698 2430 (59)
719 2375 734 2388 ·
776 2375 794 2408 ι
821 2357 913 2410 Μὰ
928 2357 988 2408 τὸ
1016 2354 1162 2426 ὸρος,
1184 2355 1278 2406 καὶ
1300 2351 1517 2422 γραφήν
1551 2351 1858 2421 στιχιζομέ-

271 2468 375 2520 νην
401 2455 460 2504 ἐν
485 2451 785 2522 μεμϐράνῳ
817 2447 968 2518 λιτῷ,
1010 2447 1105 2500 καὶ
1142 2446 1202 2499 τὸ
1229 2446 1443 2498 όσπίτιν
1480 2443 1541 2496 τὸ
1572 2443 1856 2514 ᾠκοδομη-

1960 1999 2148 2050 onera,
2179 1993 2231 2038 et
2270 1973 2550 2039 currentes
2599 1995 2769 2050 recta,
2807 1994 2860 2038 et
2893 1983 3274 2054 dispertientes
3305 1985 3540 2052 negotia,

1953 2075 2142 2146 jurare
2181 2076 2388 2131 scilicet
2429 2092 2640 2142 verum,
2672 2085 2726 2131 et
2751 2077 2896 2147 quod
2936 2075 3204 2146 judicium
3249 2084 3542 2130 venturum

1959 2167 2050 2222 sit.
2096 2187 2112 2218 ι
2171 2164 2228 2220 In
2291 2168 2745 2238 quinquagesima
2797 2176 2978 2222 autem
3020 2167 3194 2237 prima
3241 2166 3423 2221 fabula
3463 2165 3543 2221 sic

1956 2258 2105 2329 jurat
2137 2278 2150 2315 :
2197 2279 2214 2310 ι
2250 2259 2350 2314 Per
2375 2271 2636 2327 montem,
2665 2267 2719 2315 et
2759 2259 3088 2329 scripturam
3122 2260 3176 2312 in
3206 2258 3542 2313 membranis

1961 2361 2240 2405 exaratam
2281 2351 2572 2406 subtilibus
2595 2390 2609 2416 ,
2637 2360 2692 2406 et
2721 2367 2814 2422 per
2848 2350 3144 2419 hospitium
3192 2349 3542 2416 aediﬁcatum,

1962 2453 2017 2496 et
2049 2459 2196 2498 mare
2225 2444 2434 2508 datum,
2472 2444 2603 2498 ultio
2634 2443 2842 2498 Domini
2867 2443 3066 2498 veniet.
3109 2460 3128 2493 ι

275 2539 460 2608 μένον,
493 2538 668 2592 καὶτὸ
701 2538 892 2605 στέγος
917 2535 976 2589 τὸ
1008 2533 1364 2604 σηκούμενον,
1406 2531 1502 2584 καὶ
1525 2531 1624 2602 τὴν
1651 2530 1925 2583 θάλασσαν
1957 2529 2055 2602 τήν
2090 2530 2384 2602 δεδομένην
2429 2531 2590 2603 (ιίΟ),·
2633 2532 2715 2586 ὅτι
2805 2535 2838 2604 ή
2921 2532 3145 2595 κόλασις
3199 2529 3292 2584 τοῦ
3333 2528 3545 2602 Κυρίου

270 2630 581 2684 ἐλεύσεται.
607 2649 624 2682 ι

348 2745 446 2802 σθ’.
483 2745 571 2799 Ἐν
598 2744 656 2796 δέ
686 2743 764 2814 τῷ
797 2738 1149 2811 πεντηκοστῷ
1175 2739 1411 2811 δευτέρῳ
1449 2737 1603 2810 μύθῳ
1636 2737 1713 2808 τῷ
1745 2738 1865 2790 ἐπι-

2037 2735 2127 2790 79.
2165 2733 2305 2787 Tum
2335 2733 2498 2788 etiam
2525 2732 2579 2786 in
2602 2733 3055 2803 quinquagesima
3080 2734 3318 2789 secunda
3341 2733 3545 2804 fabula,

271 2843 566 2913 γράφοντι,
586 2839 688 2902 Εἰς
704 2835 811 2889 τὸν
830 2834 1076 2902 ἀστέρα,
1093 2832 1264 2896 οὕτως
1282 2831 1569 2902 ἐξόμνυται
1593 2831 1726 2900 πρὸς
1742 2830 1866 2892 τοὺς

1972 2845 2088 2899 quae
2145 2828 2462 2883 inscribitur
2521 2825 2711 2889 Stella.
2749 2829 2827 2882 sic
2872 2829 3023 2897 jurat
3074 2829 3141 2883 ad
3190 2830 3396 2885 Arabes
3450 2844 3550 2899 pro

275 2932 534 3002 ’Ἄραϐας
565 2929 706 2998 ὑπὲρ
735 2925 828 2978 τοῦ
851 2925 1094 2994 Μωάμετ
1134 2923 1245 2995 (εΗ)
1268 2940 1282 2954 ·
1335 2942 1352 2974 ι
1377 2921 1470 2976 Μὰ
1499 2921 1558 2975 τὸ
1579 2921 1776 2986 ἄστρον
1805 2919 1866 2972 τὸ

1972 2919 2288 2975 Monamede
2319 2938 2330 2972 :
2371 2937 2390 2969 ι
2427 2918 2533 2973 Per
2581 2921 2791 2974 stellam
2829 2921 3144 2985 occiduam,
3179 2936 3290 2975 non
3319 2929 3403 2975 est
3451 2921 3549 2975 de-

271 3026 543 3095 δυόμενον
561 3039 573 3052 ο
611 3020 710 3073 οὐκ
736 3017 1012 3088 ἐπλανήθη
1028 3019 1056 3070 ὁ
1081 3017 1294 3085 ἑταῖρος
1317 3013 1492 3084 ὑμῶν,
1517 3013 1640 3066 οὐδὲ
1663 3011 1866 3081 ήνόμη-

1973 3015 2162 3079 ceptus
2194 3010 2381 3065 socius
2415 3018 2615 3073 vester,
2655 3025 2832 3079 neque
2861 3027 2890 3064 a
2917 3013 3101 3081 regula
3136 3012 3409 3076 discessit,
3441 3027 3546 3065 non

276 3131 407 3168 σεν’
440 3115 541 3167 οὐκ
573 3109 873 3181 ἐφθέγξατο
927 3110 992 3161 ἐκ
1023 3106 1328 3179 θελήματος
1351 3121 1364 3135 ’
1397 3106 1498 3157 οὐκ
1541 3103 1685 3155 ἐστιν
1720 3098 1866 3172 αὺτῷ

1972 3103 2308 3159 estlocutus
2339 3102 2560 3170 propria
2591 3101 2895 3166 voluntate,
2928 3101 3063 3154 nihil
3097 3109 3180 3155 est
3223 3101 3277 3154 in
3322 3115 3389 3154 eo
3442 3099 3550 3154 nisi

274 3209 332 3261 εί
379 3207 456 3278 μὴ
486 3201 829 3271 ἀποκάλυψις
884 3198 1360 3266 ἁποκαλυφθεῖσα’
1418 3193 1617 3259 ἔδειξεν
1663 3193 1866 3264 αὑτῷό

1973 3194 2253 3250 revelatio.
2290 3192 2698 3247 Demonstravit
2730 3192 2778 3245 ei
2809 3191 2902 3260 qui
2934 3191 3148 3246 validus
3201 3191 3410 3245 viribus
3441 3198 3546 3253 est,

279 3298 508 3369 ἰσχυρὸς
531 3297 611 3360 εἰς
638 3294 863 3363 δύναμιν
889 3291 1023 3361 (42),
1043 3292 1070 3343 ό
1099 3287 1438 3359 εύθεώρητος
1455 3303 1468 3317 ·
1503 3287 1598 3340 καὶ
1623 3283 1866 3338 ἐκάθισε’

1974 3287 2066 3358 qui
2101 3286 2260 3341 facile
2300 3285 2555 3350 videtur;
2587 3292 2641 3338 et
2670 3283 2832 3338 sedit.
2870 3283 2990 3352 Ipse
3021 3281 3176 3336 estin
3200 3282 3548 3336 ﬁrmamento

276 3365 380 3448 adi.
413 3365 574 3452 αὑτός
610 3387 755 3438 ἐστιν
778 3386 833 3437 ἐν
861 3382 940 3453 τῷ
970 3378 1310 3451 στερεώματι
1338 3379 1417 3449 τῷ
1459 3377 1742 3448 ἀνωτέρῳ·
1780 3374 1866 3429 καὶ

1979 3375 2388 3446 superiorezet
2433 3372 2696 3436 accessit,
2741 3379 2796 3425 et
2833 3384 3135 3440 suspensus
3186 3377 3308 3424 est:
3340 3378 3398 3424 et
3450 3369 3581 3424 fuit.

273 3484 505 3554 ἧγγισε,
536 3463 626 3533 καὶ
651 3476 989 3548 ἐκρεμάσθη,
1015 3475 1112 3528 καὶ
1134 3474 1348 3541 ἐγένετο
1375 3471 1573 3542 μέτρον
1591 3469 1685 3523 δύο
1701 3468 1870 3535 τόξων

275 3577 318 3648 ἢ
350 3573 679 3643 ἐγγύτερονο
714 3571 808 3624 καὶ
833 3567 1155 3637 ἀπεκάλυψε
1186 3565 1320 3636 πρὸς
1349 3563 1439 3617 τὸν
1473 3561 1658 3616 δοῦλον
1705 3558 1870 3614 αὑτοῦ

275 3668 313 3720 ὃ
347 3662 732 3732 ἀπεκάλυψεν·
758 3661 858 3725 οὐκ
888 3659 1157 3729 ἐψεύσατο
1191 3657 1258 3710 τὰ
1282 3655 1433 3716 ἐντὸς
1473 3654 1533 3706 τὸ
1566 3650 1704 3706 εἶδεν
1727 3667 1741 3683 ·
1778 3652 1874 3705 καὶ

275 3757 397 3828 γάρ
425 3753 566 3808 εῐδεν
604 3752 734 3806 αὐτό
754 3767 768 3782 ⁸
796 3749 1099 3804 κατάϐασιν
1126 3747 1292 3816 ἄλλην
1340 3745 1506 3814 ἐγγὺς
1536 3742 1630 3796 τοῦ
1655 3742 1872 3813 δένδρου

276 3852 380 3907 τοῦ
433 3849 710 3921 σιδηρὶτου
752 3847 1016 3900 ἐνέδωκέ·
1053 3862 1073 3896 ι
1108 3843 1202 3896 καὶ
1235 3840 1350 3912 μετ’
1373 3839 1552 3908 ὀλίγον
1577 3839 1875 3907 ἀποφαίνε-

275 3961 378 3997 ται
436 3939 824 4009 καταγγέλλων
851 3936 994 3990 οὕτω
1021 3937 1216 4003 λέγων’
1247 3951 1265 3983 ι
1293 3933 1402 3985 Καὶ
1428 3930 1544 3993 πῶς
1573 3931 1620 3982 οἱ
1657 3929 1875 3998 ἄγγελοί

279 4037 426 4088 εἰσιν
451 4035 532 4096 εἰς
562 4033 686 4092 τοὺς
715 4028 1002 4099 οὐρανοὺς,
1042 4025 1115 4096 μὴ
1155 4022 1443 4093 ὠφελοῦσα
1472 4022 1505 4090 ή
1529 4019 1876 4090 παράκλησις

279 4125 467 4180 αὐτῶν
494 4124 544 4177 τί
579 4139 709 4176 ποτε
736 4139 750 4188 ;
789 4139 808 4173 ι
848 4119 935 4172 Ἐν
953 4119 1008 4172 δὲ
1036 4117 1112 4188 τῷ
1143 4113 1494 4185 πεντηκοστῷ
1523 4111 1691 4183 τρίτῳ
1725 4110 1878 4181 μύθῳ

284 4215 578 4289 βουληθεὶς
607 4215 781 4266 εἰπεῖν
831 4213 960 4282 περὶ
995 4209 1102 4263 τῶν
1129 4208 1231 4277 τῆς
1263 4205 1490 4276 σελήνης
1541 4204 1751 4269 παθῶν,
1785 4203 1878 4257 καὶ

287 4311 368 4380 μὴ
391 4307 552 4367 εἰδὼς
582 4306 662 4359 ὃτι
689 4305 754 4357 ἐκ
783 4303 874 4357 τοῦ
906 4300 1353 4369 άποσκιάσματος
1384 4297 1480 4367 τῆς
1507 4297 1610 4366 γῆς
1637 4294 1880 4358 σκοτίζεο

284 4418 408 4462 ται,
443 4396 610 4467 φησίν
641 4396 774 4465 (45)’
809 4412 825 4444 ι
864 4393 1130 4460 Ἤγγικεν
1152 4391 1184 4460 ή
1209 4388 1330 4460 ὥρα
1347 4389 1439 4441 καὶ
1467 4385 1693 4457 ἐσχίσθη
1721 4387 1754 4455 ἡ
1789 4401 1880 4436 σε-

284 4489 430 4560 λήνη
467 4487 613 4558 (Mr
644 4485 738 4540 καὶ
764 4483 859 4537 ἐὰν
883 4480 1128 4552 θεωρῶσι
1158 4475 1878 4550 σημεῖον,ἀποστρέφονται,

287 4584 387 4636 καὶ
415 4582 639 4654 λέγουσι
662 4596 674 4610 ⁸
699 4575 1027 4648 Φαρμακεία
1051 4573 1168 4627 ἐστὶ
1199 4571 1572 4642 παρεχομένη,
1603 4569 1698 4623 καὶ
1719 4569 1880 4638 ἐψευ-

288 4675 611 4743 δοποίησαν.
639 4690 658 4723 ι
690 4672 800 4724 Καὶ
819 4669 992 4732 οὕτως
1021 4665 1324 4735 ἀδολεσχῶν
1358 4664 1604 4734 πρόεισιν
1625 4663 1728 4726 ἕως
1753 4663 1880 4732 ἐξη·
1916 4700 1959 4756 D

291 4763 492 4821 κοστοῦ
524 4763 720 4832 μύθου.
769 4762 858 4814 Ἐν
895 4760 952 4812 δὲ
980 4758 1058 4828 τῷ
1088 4755 1368 4828 ἑξηκοστῷ
1421 4755 1575 4826 μύθῳ
1609 4755 1882 4824 συγκαλυ-

289 4857 538 4928 ψάμενος
564 4855 752 4925 ὥσπερ
791 4852 968 4922 σκότῳ
995 4850 1072 4922 τῷ
1101 4851 1199 4920 τῆς
1235 4848 1418 4912 ἀνοίας
1447 4847 1481 4919 ἢ
1521 4845 1882 4917 ἀναισθησίας

367 5052 486 5122 ('55)
528 5050 706 5104 Alium
759 5050 1164 5122 planesensum
1195 5043 1406 5122 habent
1456 5040 1617 5121 verba
1653 5039 1885 5122 arabica

295 5109 569 5178 ordinavit
595 5137 613 5186 ;
655 5109 991 5190 agit'avit.7Et
1017 5118 1098 5190 sic
1115 5115 1287 5190 habet
1313 5111 1636 5190 Maraccius.
1663 5109 1884 5162 Graecus

297 5204 484 5248 autem
536 5179 742 5256 noster,
791 5189 921 5260 quid
961 5186 1194 5241 Arabice
1235 5183 1447 5251 legerit,
1493 5179 1738 5232 divinare
1776 5192 1885 5232 non

302 5280 509 5318 austm.

377 5335 496 5400 (eo)
528 5330 659 5385 Sur.
684 5328 908 5400 (XLvn,
947 5327 1034 5382 te.

377 5399 493 5471 (57)
527 5401 654 5455 Sur.
681 5399 767 5465 LI,
796 5402 844 5454 l.

375 5457 865 5543 (‘38)Arabice'est
903 5467 1155 5528 verbum.
1205 5462 1426 5534 sparsit.
1482 5458 1682 5515 Noster
1726 5457 1887 5513 aliter

303 5545 438 5613 Iegit
469 5541 553 5613 vel
581 5541 870 5613 itttellexit.

375 5609 489 5683 (59)
518 5610 650 5683 Sur.
680 5609 792 5683 tu,
826 5611 877 5663 ι.

378 5667 492 5752 (40')
527 5667 1034 5752 arabicejerbum,
1075 5672 1330 5747 implevit.
1365 5670 1563 5726 Noster
1590 5667 1771 5724 aliter.

403 5746 490 5819 41)
528 5751 654 5805 Stir.
685 5746 820 5813 LIII,

403 5753 490 5819 41)
528 5753 654 5805 Stir.
685 5753 820 5813 LIII,
861 5753 911 5805 I.

378 5753 496 5894 ίιε)
552 5820 807 5892 Intelligit
848 5818 1164 5884 Gabrielem,
1202 5815 1346 5886 quod
1382 5825 1578 5868 nomen
1610 5811 1683 5866 ita
1710 5807 1883 5877 signi-

1974 3466 2314 3521 intervallum
2348 3465 2580 3520 duorum
2609 3477 2862 3527 arcuum,
2921 3468 3018 3515 aut
3061 3460 3418 3530 propinquius
3448 3477 3462 3514 :
3499 3469 3554 3512 et

1974 3558 2412 3614 revelavitservo
2445 3570 2548 3610 suo
2582 3553 2728 3625 quod
2765 3553 3063 3618 revelavit;
3101 3568 3206 3606 non
3249 3560 3331 3606 est
3353 3552 3554 3606 menti-

1974 3662 2065 3707 tus
2096 3650 2240 3721 quod
2271 3650 2414 3702 intra
2448 3647 2618 3700 vidit:
2649 3659 2887 3714 namque
2931 3642 2985 3698 id
3017 3643 3172 3699 vidit.
3219 3641 3550 3697 Descensum

1976 3744 2142 3800 alium
2173 3742 2330 3811 juxta
2358 3739 2596 3810 plantam
2650 3736 2898 3792 sideritin
2949 3735 3194 3790 tradidit.
3238 3751 3257 3786 ι
3295 3733 3360 3788 Ει
3392 3733 3554 3802 paulo

1977 3843 2101 3905 post
2132 3831 2321 3888 deﬁnit
2347 3831 2548 3885 diserte
2574 3828 2761 3882 dicens
2791 3843 2804 3879 :
2841 3844 2860 3877 ι
2898 3825 3180 3892 Quomodo
3214 3824 3392 3893 angeli
3425 3831 3554 3877 sunt

1976 3924 2034 3978 in
2060 3923 2218 3986 coalo,
2246 3936 2369 3976 cum
2393 3920 2608 3976 illorum
2629 3915 2950 3971 intercessio
2977 3929 3258 3983 nunquam
3284 3912 3497 3981 prosit?
3530 3930 3547 3962 ι

1977 4015 2037 4070 In
2071 4015 2524 4084 quinquagesima
2579 4011 2736 4066 tertia
2788 4008 2969 4062 fabula
3023 4007 3206 4061 dicere
3255 4003 3444 4058 volens
3488 4001 3555 4055 de

1978 4105 2124 4160 luna:
2182 4103 2579 4175 passionibus,
2645 4103 3018 4171 ignoransque
3092 4094 3372 4151 obscurari
3433 4107 3554 4146 eam

1981 4209 2141 4253 terra:
2166 4198 2380 4260 umbra.
2407 4198 2481 4249 ait
2516 4213 2529 4249 :
2565 4212 2582 4245 ι
2613 4190 3087 4262 Appmpinquavit
3111 4189 3267 4252 hora,
3295 4195 3349 4240 et
3379 4185 3554 4240 scissa

1980 4301 2068 4349 est
2118 4291 2270 4345 luna.
2309 4287 2464 4353 Quod
2498 4287 2542 4342 si
2588 4285 2826 4340 viderint
2872 4284 3111 4352 signum,
3169 4287 3421 4334 avertunt
3474 4290 3552 4340 se,

1979 4383 2279 4450 dicuntque
2331 4398 2346 4434 :
2399 4376 2738 4446 Praestigium
2788 4385 2873 4430 est
2929 4373 3072 4442 quod
3125 4370 3434 4430 exhibetur,
3502 4375 3557 4418 et

1983 4474 2316 4532 mendaciter
2345 4471 2616 4526 fecerunt.
2658 4487 2676 4520 ι
2721 4466 2905 4536 Atque
2935 4465 3010 4518 ita
3059 4460 3400 4518 ludibundus
3431 4473 3557 4527 per-

1985 4568 2060 4640 git
2083 4579 2255 4636 usque
2274 4564 2340 4618 ad
2377 4561 2768 4632 sexagesimam
2804 4557 3066 4612 fabulam.
3103 4554 3162 4609 In
3215 4550 3556 4620 sexagesima

1989 4638 2170 4716 autem
2189 4657 2371 4711 fabula
2387 4653 2635 4725 operiens
2651 4651 2809 4723 quasi
2829 4647 3068 4705 tenebris
3087 4643 3405 4715 ignorantiae
3418 4650 3470 4694 et
3487 4638 3558 4692 fa-

1977 4749 2209 4807 tuitati's
2245 4745 2476 4802 infelicis
2508 4744 2706 4799 animae
2730 4755 2842 4797 sua:
2869 4737 3082 4798 oculos,
3108 4736 3200 4789 dat
3233 4747 3291 4786 se
3315 4727 3558 4800 praccipi-

1989 4851 2098 4898 tem
2130 4841 2185 4894 in
2210 4837 2481 4894 mendacii
2505 4831 2740 4890 inauditi
2767 4829 3114 4890 barathrum,
3146 4832 3311 4892 atque
3350 4820 3425 4874 ita
3459 4819 3558 4872 de-

1987 5037 2135 5091 tleat.

2060 5107 2173 5176 (45)
2203 5103 2332 5176 βυτ·
2363 5099 2502 5176 LIV,
2533 5098 2585 5151 ί·
2639 5164 2652 5176 .
2748 5162 2763 5176 .
2803 5161 2816 5176 .
2852 5175 2857 5176 ,

2061 5151 2184 5246 (id),
2203 5151 2402 5246 1265.;
2401 5151 2655 5246 hleorani
2685 5151 3550 5246 celeberrimgsniquia’rel‘ertur,

1991 5221 2522 5300 ut‘m-ult—i'eredunt,
2557 5237 2623 5289 ad
2661 5231 2953 5286 ridiculum
3006 5221 3342 5300 Moliamedis
3389 5221 3556 5300 mira-

1992 5294 2390 5371 culum—lunam
2414 5294 2729 5371 scindentis.
2765 5302 2804 5371 A_
2815 5300 2878 5371 lii
2892 5307 3076 5371 tamen
3104 5294 3558 5371 intelligunt_ser-

2567 5373 2655 5426 die
2711 5368 2903 5440 judicii
2968 5363 3223 5440 extremi,
3275 5359 3386 5440 quo
3428 5359 3558 5412 luna

1994 5431 2448 5510 sein-del—urfﬂac
2475 5431 2729 5512 superré
2752 5437 2956 5491 multus
2984 5442 3069 5487 est
3107 5431 3409 5512 Maraccius
3441 5438 3556 5512 tuin

1993 5497 2496 5584 BEé'iSéBfuiizi'ni
2523 5497 2815 5584 prodronio
2847 5513 2987 5572 part.
3023 5517 3082 5564 II,
3117 5516 3236 5567 cap.
3273 5500 3335 5584 4,.
3366 5497 3554 5584 p.19.

1994 5569 2707 5647 liine'certehlohaniedani
2747 5569 2952 5647 morem
2972 5578 3344 5647 sumpserunt
3371 5569 3557 5647 lunam

1995 5638 2234 5719 scissam
2252 5638 2366 5714 seu"
2384 5638 2722 5710 dimidiatam
2746 5646 2944 5717 ubique
2969 5643 3023 5699 in
3058 5638 3175 5699 suis
3205 5638 3554 5695 emblemati-

1995 5737 2097 5791 bus
2125 5726 2452 5789 ostentandi.
