3994 6596
518 408 622 473 ’171
1788 407 1839 468 Ν
1853 406 2067 468 ΙΟΕΤ.’Ῑ

2174 408 2537 472 ΥΖΑΝΤῙΝῘ
3670 415 3766 479 ’Πὲ

522 521 650 575 lirat
684 535 699 573 :
743 537 762 571 ι
800 518 1021 575 Etcum
1048 518 1368 576 dixithsus
1410 519 1581 576 Filius
1612 518 1794 574 Maria!
1836 539 1849 575 :
1900 519 1945 574 Ο
1994 520 2067 575 ﬁli

2192 522 2319 586 τοὺς
2346 523 2449 592 τῆς
2487 523 2678 587 ἀθλίας
2709 522 2876 578 αὑτοῦ
2905 523 3086 595 ψυχῆς
3132 522 3448 594 ὀφθαλμοὺς
3467 564 3482 587 ,
3517 525 3611 578 xui.
3638 530 3767 581 κατὰ

521 611 758 677 lsraclis,
788 627 888 683 ego
919 628 1040 668 sum
1071 613 1160 668 Dei
1195 615 1401 685 legatus
1436 614 1503 668 ad
1546 629 1663 678 vos,
1698 623 1757 668 ut
1802 629 1931 668 vera
1969 629 2067 669 οδες

2199 614 2449 681 κρημνὸν
2474 614 2714 684 άρῤήτου
2745 613 2976 684 ψεύδους
3000 614 3190 668 ἑαυτὸν
3227 614 3466 682 ὠθήσας,
3500 616 3641 668 οὕτω
3674 635 3769 670 πα-

518 703 837 757 conﬁrmem
863 720 985 773 quae
1018 714 1145 761 ante
1168 721 1254 759 me
1283 707 1336 759 in
1391 706 1509 775 lege
1541 708 1791 772 fuerunt,
1838 718 2001 778 atque
2033 724 2064 761 u

2199 705 2420 775 ραλαλεῖ
2443 721 2456 736 ⁸
2515 725 2533 757 ι
2570 708 2680 760 Καὶ
2706 708 2785 759 ὅτ’
2814 709 2881 761 ἂν
2902 702 3055 760 εἶπεν
3089 708 3200 777 (45)
3247 707 3455 778 Ἰησοῦς
3503 708 3628 771 Υἱὸς
3656 710 3769 761 Μαρ-

517 794 883 864 evangelizem
919 796 1151 865 legatum
1196 805 1317 866 post
1357 813 1444 852 me
1485 807 1800 860 venturum,
1850 801 1938 854 cui
1986 814 2067 854 not

2196 794 2355 865 ρίειις⁸
2416 797 2514 849 ’Λε
2560 799 2666 850 υἱοὶ
2711 798 2949 869 Ἰσραὴλ,
2986 798 3096 866 ἑγὼ
3154 798 3456 862 ἀπόστολος
3482 801 3595 870 είμι
3642 800 3768 854 Θεοῦ

518 898 640 937 men
674 882 998 941 Mohamedi.
1044 885 1220 942 Simul
1244 903 1307 942 ac
1331 899 1513 944 autem
1560 890 1701 944 hanc
1738 891 1844 947 illis
1886 893 2063 947 revela

2194 886 2331 957 πρὸς
2354 887 2519 955 ὑμᾶς,
2577 888 2924 957 άληθοποιῶν
2956 891 3022 944 τὰ
3076 888 3387 959 ἔμπροσθέν
3430 907 3531 959 μου
3564 893 3627 944 ὲκ
3681 891 3768 943 τοῦ

516 976 715 1032 tionem
740 979 941 1042 attulit,
981 981 1274 1036 dixerunt:
1308 982 1422 1039 Hoc
1463 992 1547 1040 est
1588 986 1945 1057 priestigium.
1980 988 2067 1057 Ag:

2193 976 2384 1046 νόμου,
2410 978 2503 1031 καὶ
2529 979 3019 1048 εὐαγγελιζόμενος
3045 983 3123 1044 είς
3154 982 3453 1035 ἀπόστολον
3488 983 3770 1053 ἐρχόμενον

514 1084 643 1123 vero
674 1071 803 1140 quid
830 1071 1075 1141 iniquius
1100 1073 1215 1128 fieri
1262 1084 1460 1144 potest.
1499 1093 1659 1146 quam
1695 1079 2067 1148 blasphemian

2194 1066 2312 1136 μετ’
2354 1068 2475 1136 ἑμὲ,
2527 1068 2699 1139 ὄνομα
2755 1071 2903 1140 αύτῴ
2960 1072 3239 1142 Μωάμετ·
3276 1073 3371 1126 καὶ
3402 1073 3521 1142 ἅμα
3552 1074 3771 1141 ἤνεγκεν

513 1158 622 1214 Deo
654 1162 929 1218 ascribere
966 1182 983 1214 ι
1014 1180 1189 1235 neque
1227 1167 1392 1236 lmjus
1419 1169 1495 1222 rei
1541 1170 1831 1239 scriptoris
1883 1186 2085 1225 nomen

508 1252 701 1309 saltem
736 1253 1030 1322 proferre?
1059 1256 1359 1327 Oportebat
1398 1259 1569 1323 enim,
1602 1262 1871 1328 siquidem
1924 1271 2086 1316 tantae

509 1341 585 1396 rei
620 1344 899 1410 praedictio
929 1350 1202 1403 contineri
1232 1350 1452 1405 silentio
1484 1353 1765 1421 nequibat,
1798 1369 1866 1407 an
1892 1369 2083 1409 revera

496 1450 536 1499 Aa
568 1434 791 1491 Christo
820 1437 1018 1495 fuisset
1045 1443 1413 1510 pronuntiata,
1449 1446 1667 1513 exponi.
1712 1444 2080 1511 Quamobrem

506 1542 684 1597 neque
709 1529 970 1599 cuiquam
1002 1533 1324 1589 nominatim
1356 1535 1457 1589 hoc
1483 1533 1704 1590 eii‘atum
1740 1536 1947 1603 tribuit,
1988 1553 2083 1593 ne-

504 1618 843 1687 quelocum,
873 1637 1048 1693 neque
1076 1634 1309 1695 tempus,
1357 1642 1535 1697 neque
1589 1629 1929 1698 probabilem
1978 1629 2082 1685 ali-

501 1726 667 1781 quam
702 1727 927 1768 causam
959 1716 1226 1787 assignat,
1247 1719 1603 1788 quamobrem
1640 1721 1788 1776 hunc
1821 1722 2079 1778 advenire

499 1803 814 1871 expediret:
836 1807 960 1875 quia
990 1809 1105 1862 haec
1126 1817 1180 1863 et
1211 1809 1295 1864 his
1317 1810 1536 1878 similia,
1568 1812 1879 1869 immaniter
1902 1815 2074 1883 abiis,

2186 1157 2370 1217 αὐτοῖς
2418 1158 2516 1228 τὴν
2553 1160 2894 1229 φανέρωσιν·
2945 1162 3186 1227 είπασιν,
3226 1162 3377 1232 Αὕτη
3410 1162 3531 1213 ἐστὶ
3560 1179 3772 1232 φαρμα-

2188 1248 2319 1301 κεία
2348 1266 2360 1279 ·
2393 1249 2486 1302 καὶ
2520 1250 2602 1313 τίς
2629 1251 2958 1322 ἀδικώτερος
2987 1253 3084 1306 τοῦ
3125 1252 3577 1325 βλασφημοῦντος
3597 1256 3772 1307 ὲπάνω

2186 1338 2280 1391 τοῦ
2311 1339 2446 1392 Θεοῦ
2479 1340 2734 1411 ψεῦσμα;
2768 1362 2787 1395 ι
2844 1344 2965 1397 οὐδὲ
2999 1344 3089 1398 τὸν
3121 1346 3584 1415 συγγραψάμενον
3624 1344 3771 1398 τοῦτο

2186 1432 2492 1503 τολμήσαις
2536 1435 2640 1487 κᾶν
2670 1436 2810 1489 κατὰ
2842 1439 3207 1507 συκοφαντίαν
3254 1438 3583 1508 ἐξονομάσαι
3610 1454 3625 1466 ·
3663 1437 3770 1507 ᾔδει

2185 1523 2295 1594 γὰρ
2321 1526 2605 1596 ἀμήχανον
2631 1527 2704 1590 ὡς
2735 1524 2804 1599 ἦν
2832 1532 3009 1600 σιωπῇ
3061 1531 3122 1584 τὸ
3155 1532 3299 1601 μέγα
3329 1530 3489 1584 τοῦτο
3521 1530 3767 1599 διάγγελ-

2187 1630 2285 1683 μα,
2322 1615 2376 1667 εἴ
2417 1632 2479 1684 γε
2508 1617 2601 1668 καὶ
2616 1617 2752 1681 ὅλως
2777 1618 2912 1689 πρὸς
2945 1620 3180 1689 Χριστὸν
3210 1620 3637 1689 άναπεφὼνητο,
3669 1636 3769 1672 πα-

2186 1705 2583 1777 ραδοθήσεσθαι
2608 1726 2622 1740 ⁸
2682 1710 2766 1764 διδ
2798 1709 2923 1763 οὔτε
2955 1712 3064 1765 τινὶ
3095 1712 3254 1765 τοῦτο
3298 1712 3564 1782 ὀνομαστὶ
3602 1728 3769 1782 προσ-

2183 1800 2416 1870 αναρτᾷ,
2446 1798 2570 1853 οὔτε
2604 1802 2795 1867 τόπου,
2836 1801 2958 1856 οὔτε
2986 1804 3200 1874 χρόνου,
3226 1803 3350 1857 οὔτε
3376 1804 3519 1866 τινὸς
3548 1802 3766 1870 εὐλόγου

500 1910 623 1963 qua:
649 1911 774 1951 vere
800 1898 1077 1963 dicuntur,
1128 1901 1410 1957 recedunt.
1465 1905 1726 1975 Alioquin
1755 1907 1920 1962 etiam
1951 1923 2067 1964 cum

2182 1891 2362 1956 αἰτίας
2382 1895 2792 1966 άπομέμνηται,
2825 1897 2948 1951 καθ’
2976 1899 3043 1968 ἢν
3083 1897 3399 1952 ἐλεύσεσθαι
3440 1896 3636 1950 τοῦτον
3658 1895 3767 1947 ἐνὸν

499 1987 707 2041 nullum
755 1989 957 2044 Christi
1010 1993 1214 2048 dictum
1258 1994 1591 2053 Christianis
1654 1986 1905 2055 odiosum
1966 2016 2083 2057 cer-

495 2090 670 2147 neret,
721 2082 1045 2153 simpliciter
1082 2089 1453 2155 pronuntiavit
1495 2108 1509 2145 :
1562 2110 1582 2143 ι
1619 2091 1755 2147 Cum
1801 2092 1939 2148 dixit
1987 2092 2079 2150 Je-

494 2186 611 2237 sus,
643 2190 661 2224 ›
695 2173 946 2232 barbaris
974 2191 1169 2251 nempe
1204 2193 1304 2235 ceu
1329 2180 1509 2236 adhuc
1531 2182 1651 2238 sine
1682 2192 1863 2240 mente
1889 2185 2074 2255 pueris

494 2262 751 2322 illudens.

562 2598 650 2656 80.
685 2600 744 2656 in
769 2604 1109 2675 sexagesima
1140 2610 1372 2678 septima
1394 2608 1572 2668 fabula
1602 2613 1850 2684 sicjurat
1874 2635 1887 2673 :
1913 2637 1931 2670 ι
1968 2618 2070 2675 Per

487 2694 785 2759 calamum,
814 2706 869 2753 et
901 2714 961 2754 ea
995 2716 1117 2770 qua:
1138 2703 1477 2769 scribuntur,
1511 2722 1619 2761 non
1648 2723 1708 2766 es
1737 2725 1835 2780 per
1861 2712 2069 2769 bonita-

486 2792 594 2841 tem
620 2786 718 2842 Dei
744 2788 1154 2859 daemoniacus;
1184 2803 1238 2847 et
1273 2803 1358 2851 est
1403 2796 1501 2853 tibi
1537 2813 1750 2855 merces
1778 2802 1899 2859 sine
1934 2818 2066 2861 con-

485 2878 659 2945 vicio;
712 2890 879 2951 atque
906 2897 967 2939 es
997 2883 1052 2939 in
1102 2885 1439 2944 formatione
1494 2905 1713 2961 magna.
1752 2911 1770 2946 ι
1813 2895 1868 2950 ln
1911 2911 2064 2953 sexa-

480 2969 688 3040 gesima
748 2982 942 3029 octava
991 2973 1196 3042 fabula,
1246 2993 1411 3051 quam
1454 2980 1707 3038 inscribit
1763 2985 1928 3052 Acca.
1986 2990 2061 3046 ita

479 3061 793 3119 exorditur:
832 3065 1039 3133 «Acca;
1065 3067 1193 3136 quid
1216 3077 1299 3125 est
1317 3084 1445 3125 arca
1467 3071 1490 3124 ?
1516 3080 1570 3126 et
1596 3073 1737 3129 unde
1759 3090 2060 3145 cognosces

477 3150 609 3219 quid
639 3152 708 3207 sit
738 3168 866 3209 acea
891 3155 914 3209 ?
942 3163 996 3211 et
1023 3157 1243 3227 negavit
1273 3168 1331 3214 ut
1359 3158 1552 3216 lalsam
1595 3160 1787 3221 horam
1821 3163 2057 3225 Thamu-

2181 1979 2272 2055 ἦν,
2291 1984 2459 2039 διὰτὸ
2486 1987 2709 2049 τούτων.
2741 1990 2836 2043 xui.
2867 1991 2977 2044 τῶν
3022 1990 3232 2054 τούτοις
3262 1989 3484 2061 ὁμοίων,
3510 1990 3609 2041 ἐπὶ
3640 1987 3767 2042 πάν-

2182 2092 2291 2131 των
2318 2077 2427 2130 τῶν
2456 2079 2674 2151 ἀληθῶς
2698 2080 3005 2153 λεγομένων
3039 2083 3459 2153 φυλαττομένων
3491 2078 3765 2158 τδψεῦδος

2180 2168 2543 2239 ἀποίχεσθαιο
2600 2172 2696 2225 καὶ
2745 2172 2921 2237 άλλως
2957 2174 3065 2227 τῶν
3107 2172 3346 2244 Χριστοῦ
3394 2171 3579 2243 ῥητῶν
3620 2169 3764 2223 οὐδὲν

2177 2260 2321 2331 ὀρῶν
2342 2262 2496 2335 παρὰ
2520 2264 2869 2336 Χριστιανοτς
2895 2266 3375 2337 ἁποστυγούμενον
3393 2281 3408 2296 ·
3431 2264 3557 2318 ὅθεν
3580 2263 3763 2325 ἁπλῶς

2174 2354 2557 2422 ἀποφαίνεται,
2581 2357 2729 2411 ι’οτ’
2752 2359 2819 2413 ἂν
2832 2354 3039 2413 εἷπεν-ι
3064 2360 3266 2414 ὡσανεὶ
3293 2358 3490 2422 παῖδας
3506 2358 3762 2427 ἀνοήτους

2172 2445 2483 2513 διαπαίζων
2517 2451 2645 2515 τοὺς
2685 2451 3022 2524 βαρϐάρους.

2241 2586 2315 2641 π’.
2352 2588 2440 2642 Ἐν
2464 2589 2522 2643 δὲ
2585 2591 2664 2662 τῷ
2710 2592 2989 2663 ἑξηκοστῷ
3022 2592 3238 2664 ἑϐδόμῳ
3300 2590 3456 2664 μύθῳ
3496 2590 3639 2663 (46),
3681 2588 3759 2653 ὲξο

2171 2677 2406 2749 όμνυται
2430 2682 2602 2747 οὕτως
2617 2701 2631 2715 ’
2654 2702 2672 2735 ι
2697 2684 2788 2738 Μὰ
2815 2686 2906 2740 τὸν
2924 2685 3169 2757 κάλαμον
3200 2686 3293 2739 καὶ
3312 2686 3380 2739 τά
3403 2684 3756 2756 στιχίζουσιν,

2166 2770 2268 2824 οὐκ
2293 2767 2406 2826 εἷσε
2435 2774 2515 2839 είς
2542 2776 2609 2828 τὰ
2637 2775 2822 2844 ἀγαθὲ
2860 2776 3025 2830 αὐτοῦ
3066 2776 3417 2848 δαιμονιάρις
3436 2791 3452 2806 ·
3504 2776 3607 2830 καὶ
3648 2775 3757 2828 ἑστι

2168 2880 2250 2917 σοι
2289 2866 2479 2935 μισθὸς
2521 2868 2649 2921 ἄνευ
2695 2867 3000 2939 ὀνειδισμοῦ
3058 2868 3213 2940 (ιη-
3266 2871 3361 2922 xui.
3410 2865 3530 2922 eius
3575 2868 3757 2922 ἑπάνω

2164 2958 2482 3029 πλάσματος
2534 2962 2792 3031 μεγάλου.
2833 2982 2852 3016 ι
2905 2963 2992 3017 Ἐν
3041 2962 3099 3018 δὲ
3130 2963 3207 3035 τῷ
3259 2962 3545 3035 ἑξηκοστῷ
3591 2964 3756 3037 ὀγδόῳ

2165 3051 2321 3124 μύθῳ
2348 3055 2706 3126 ἑπιγράφοντι
2737 3057 2837 3122 Εἰς
2864 3056 2934 3111 τὰ
2952 3058 3109 3113 ἀκκά
3139 3058 3274 3130 (48),
3299 3058 3472 3118 οὕτως
3500 3060 3747 3130 ἅρχεταν

2165 3161 2186 3197 ι
2228 3145 2316 3216 Τῷ
2341 3147 2504 3202 ἁκκά’
2534 3148 2586 3201 τί
2610 3151 2725 3203 ἑστι
2758 3149 2819 3202 τὸ
2848 3150 3030 3216 άκκά;
3065 3151 3160 3205 xui.
3188 3151 3351 3205 πόθεν
3380 3148 3522 3214 οἷδες
3556 3153 3613 3204 τί
3638 3154 3750 3205 ἑστι

477 3243 584 3300 dus
610 3253 664 3300 et
685 3245 925 3304 Aadus.»
950 3248 1421 3321 Hmcnugabatur,
1447 3253 1712 3311 barbaros
1737 3256 2052 3329 decipiens;

2174 3238 2219 3292 ιδ
2246 3240 2424 3307 ὰκκά;
2452 3240 2547 3295 xui.
2578 3239 2965 3312 ἑψευδοποίησε
3004 3242 3226 3314 Θαμοὺθ
3255 3245 3347 3297 xui.
3390 3244 3520 3296 Ἀἁδ
3543 3245 3627 3306 είς
3655 3244 3749 3313 τὴν

474 3336 756 3405 quasiipse
784 3340 1141 3412 sciretignota
1168 3343 1453 3412 quaedam;
1480 3346 1765 3417 pergitque
1795 3365 1969 3422 usque
1986 3354 2055 3411 ad

2174 3330 2309 3406 ὒραν
2333 3333 2467 3405 (49).
2500 3354 2519 3387 ι
2542 3334 2726 3391 Ταῦτα
2757 3336 2813 3390 δὲ
2844 3336 3347 3408 ἑφλυάρειάπατῶν
3378 3337 3509 3400 τοὺς
3547 3336 3748 3409 βαρϐά-

473 3431 934 3500 septuagesimam
972 3446 1225 3503 quartam
1252 3438 1525 3505 garriens.
1562 3438 1622 3494 In
1647 3446 2053 3514 septuagesima

2174 3441 2290 3488 οους
2306 3466 2321 3492 ,
2351 3426 2433 3480 ὅτι
2451 3427 2668 3489 πάντως
2689 3429 2978 3501 ἀπόρρητά
3002 3447 3124 3483 τινα
3140 3430 3399 3499 γινώσκει
3419 3445 3434 3461 ·
3461 3430 3559 3485 καὶ
3583 3432 3747 3485 ἄνεισι

471 3530 668 3590 quarta
691 3538 814 3593 qua:
838 3524 1155 3581 inscribitur
1180 3528 1540 3596 Resurrectio,
1565 3532 1647 3589 sic
1668 3534 1850 3605 jurat:
1892 3557 1910 3590 ι
1935 3538 2053 3594 Non

2174 3514 2499 3588 Βατταρίζων
2532 3517 2637 3581 ἕως
2690 3518 3094 3590 ἑϐδομηκοστοῦ
3128 3518 3394 3590 τετάρτου
3433 3518 3578 3591 [βοά.
3634 3519 3747 3573 δευ-

468 3612 597 3683 juro
615 3616 862 3683 perdiem
888 3620 1330 3686 resurrectionis,
1347 3638 1523 3692 neque
1543 3639 1637 3693 per
1654 3626 1892 3683 animam
1916 3630 2054 3701 ligno-

2174 3609 2365 3682 :épou].
2410 3612 2502 3667 Ἐν
2534 3612 2590 3666 δὲ
2622 3612 2698 3684 τῷ
2744 3612 3134 3685 ἑϐδομηκοστῷ
3163 3613 3410 3685 τετάρτῳ
3460 3612 3603 3686 [εοιί.
3636 3613 3746 3664 δευ-

472 3715 670 3762 ratam.
704 3705 1169 3780 steptuagesima
1215 3721 1365 3768 sexta
1404 3713 1582 3770 fabula
1599 3731 1721 3786 quae
1740 3717 2055 3778 inscribitur

2174 3702 2323 3776 τέρῳ]
2357 3704 2509 3775 μύθῳ
2527 3706 2907 3777 ἑπιγράφοντι,
2929 3709 3033 3772 Εἰς
3054 3706 3168 3775 τὴν
3192 3706 3561 3770 ἀνάστασιν,
3580 3706 3744 3767 οὕτως

2158 3798 2473 3868 ἀπόμνυται
2502 3800 2648 3870 (5υ)’
2689 3818 2707 3852 ι
2750 3799 2864 3853 Ούκ
2904 3799 3090 3870 ὀμνύω
3119 3801 3199 3863 εἰς
3224 3798 3324 3871 τὴν
3381 3800 3603 3870 ἡμέραν
3648 3798 3742 3866 τῆς

2152 3889 2535 3955 ἀναστάσεων
2565 3892 2659 3945 xui.
2710 3892 2810 3945 οὐκ
2842 3891 3028 3961 ὀμνύω
3063 3893 3145 3956 είς
3173 3891 3273 3962 τὴν
3298 3892 3479 3963 ψυχὴν
3506 3892 3612 3965 τὴν
3654 3907 3740 3961 με·

2160 3984 2529 4056 μορφωμένην
2561 3982 2694 4055 (51).
2734 4002 2753 4035 ι
2787 3984 2859 4037 Τὸ
2880 3984 2936 4037 δὲ
2957 3984 3356 4055 ἑϐδομηκοστὸν
3376 3986 3535 4038 ἕκτον
3571 3983 3739 4055 μυθά-

2156 4092 2272 4148 ριον
2287 4073 2400 4145 (52)
2419 4076 2843 4146 ἐπιγέγραπται,
2860 4078 2961 4143 Εἰς
2980 4076 3086 4143 τὰς
3106 4076 3554 4143 ἀπολυομένας·
3584 4078 3741 4147 ἄρχε-

2153 4182 2244 4219 ται
2274 4165 2329 4219 δὲ
2360 4165 2533 4229 οὕτως
2555 4182 2569 4197 ·
2614 4185 2632 4218 ι
2662 4166 2755 4221 Μὰ
2791 4166 2890 4231 τὰς
2938 4167 3323 4237 ἀπολυομένας
3378 4167 3617 4237 ὀρδίνου,
3650 4168 3738 4219 xui.

2153 4258 2484 4327 καταιγίδων
2518 4259 2791 4327 καταιγὶς,
2823 4259 3049 4313 καὶτῶν
3079 4259 3441 4315 άπλωθέντων
3470 4260 3734 4329 ἅπλωμα·

472 3795 676 3863 Μίδεω,
695 3799 773 3855 sic
790 3799 981 3870 incipit
1006 3821 1017 3857 :
1046 3800 1178 3857 «Per
1195 3803 1393 3860 missas
1415 3806 1729 3875 ordinatim,
1749 3818 1804 3865 et
1822 3827 1915 3881 per
1930 3828 2055 3883 pro—

468 3890 661 3946 cellam
706 3893 1090 3962 procellarum,
1142 3906 1197 3952 et
1214 3898 1584 3967 expandentes
1620 3903 2053 3971 expansione,“

467 3994 780 4052 separantes
793 3986 1153 4056 separatione,
1174 3999 1226 4043 et
1241 3989 1574 4060 injicientem
1589 3994 1905 4051 memoriam
1922 4012 2053 4068 apo,

466 4077 750 4149 logeticam
767 4087 821 4133 et
862 4083 1351 4152 protestationem;
1386 4086 1533 4157 quod
1556 4086 1656 4143 fuit
1686 4090 2046 4160 promissum,

461 4169 698 4227 eveniet.
745 4188 764 4222 ι
796 4172 1211 4245 Septuagesima
1249 4185 1444 4233 octava
1488 4178 1670 4235 fabula
1720 4182 1802 4236 sic
1833 4197 1863 4237 a
1895 4183 2049 4253 jure-

457 4257 694 4324 jurando
718 4261 909 4331 incipit
936 4280 950 4317 :
981 4283 999 4314 ι
1041 4264 1146 4320 Per
1173 4267 1553 4325 εδειηιιιειηεε
1577 4269 1786 4338 funem,
1808 4281 1861 4328 οι
1891 4274 2049 4329 aure.
2153 4258 2488 4367 καταιγίδων
2518 4259 2791 4367 καταιγὶς,
2823 4259 2917 4313 καὶ
3079 4259 3631 4367 άπλωθέντωννᾶπὶω

464 4358 651 4405 rentes
675 4352 979 4419 ablatione,
1014 4371 1112 4426 per
1146 4366 1429 4415 natantem
1452 4363 1754 4429 natatione,
1793 4379 1891 4435 per
1912 4381 2042 4435 pro.

2174 4353 2245 4407 tui.
2267 4352 2596 4424 χωρησάσης
2622 4353 2875 4424 χώρημα,
2908 4354 3004 4407 καὶ
3028 4352 3327 4422 ριπτούσης
3360 4354 3585 4426 μνήμην
3607 4355 3736 4405 ἀπο·

456 4442 735 4511 jicientem
766 4446 1123 4515 proiectione,
1148 4460 1313 4520 etper
1346 4452 1719 4511 moderantem
1742 4458 2042 4527 negotium,

2174 4443 2443 4515 ,ογητικὴν
2465 4444 2559 4497 xui.
2587 4445 2991 4516 διαμαρτυρίαν
3016 4463 3030 4476 ·
3068 4445 3464 4517 ύπισχνύεσθαι
3500 4446 3612 4517 γάρ
3644 4445 3735 4516 τὴν

459 4547 570 4602 quo
601 4533 687 4588 die
730 4534 818 4589 liet
848 4544 1009 4615 terra:
1052 4548 1236 4594 motus
1279 4543 1593 4598 concussio.
1634 4562 1653 4596 ι
1694 4543 2042 4615 Octogesima

2174 4538 2380 4597 ηλευσιν.
2404 4558 2424 4592 ι
2450 4540 2523 4592 Τὸ
2540 4539 2939 4611 ἑϐδομηκοστὸν
2963 4540 3146 4609 ὃγδοον
3173 4539 3441 4612 μυθάριον
3463 4540 3575 4612 (53)
3597 4539 3733 4593 οὕτω

458 4634 651 4693 quarta
691 4608 871 4677 fabula
907 4624 976 4678 ab
1003 4624 1316 4697 huiusmodi
1336 4629 1695 4700 jurejurando
1723 4608 2039 4690 exorditur:

2179 4630 2207 4697 ξ
2236 4632 2399 4702 ὅρκου
2429 4608 2690 4703 ἄρχεται)
2780 4633 2875 4687 Μὰ
2903 4608 3013 4699 τὰς
3040 4608 3441 4704 ἀνασπωμὲνας
3474 4608 3727 4705 βόλισμα,

464 4712 598 4767 «Per
626 4712 826 4767 coelum
848 4716 1129 4783 turritum,
1149 4726 1203 4773 et
1224 4719 1369 4774 diem
1394 4722 1723 4790 condictam,
1744 4740 1841 4794 per
1858 4727 2045 4783 testill-

2174 4724 2240 4776 ια).
2268 4723 2609 4795 άφελομένας
2638 4725 2923 4796 ἀφέλωμαι,
2966 4725 3062 4780 xu‘t
3105 4725 3489 4797 κολυμὸούσης
3531 4726 3729 4793 κάλυμ-

456 4815 670 4859 cantem
693 4814 749 4861 et
781 4807 1157 4873 testiﬁcatum,
1178 4809 1366 4866 aholiti
1398 4821 1529 4868 sunt
1556 4814 1775 4872 sodales
1805 4818 2045 4886 alachut,

2174 4814 2260 4877 ἱον,
2293 4814 2387 4868 καὶ
2420 4814 2831 4887 προσαλλούσης
2861 4816 3220 4887 προϐάλωμα,
3278 4816 3374 4869 καὶ
3424 4816 3727 4883 διοικούσης

452 4897 598 4967 quod
629 4898 812 4968 ignem
857 4899 1093 4955 habebat
1131 4902 1198 4956 ad
1232 4904 1697 4964 comburendum.
1734 4926 1754 4961 ι
1803 4908 2040 4981 Octoge-

2174 4908 2378 4978 ιρᾶγμα
2475 4908 2657 4981 ἡμέρᾳ
2674 4910 2730 4962 ὲν
2824 4910 2959 4962 σείει
2989 4912 3017 4962 ὁ
3046 4910 3290 4979 σεισμός.
3326 4929 3345 4962 ι
3380 4910 3456 4963 Τὸ
3475 4911 3727 4980 ὀγδοηκο-

450 4989 589 5044 sima
616 4990 806 5061 quinta
840 4990 1020 5046 fabula
1050 5008 1081 5048 a
1105 4994 1468 5065 jurejurando
1494 4998 1686 5069 incipit
1725 5001 1799 5056 ita
1835 5019 1847 5055 :
1892 5022 1910 5054 ι
1934 5003 2037 5061 Per

2174 5000 2275 5055 ττὸν
2321 5001 2585 5071 τέταρτον
2623 5004 2889 5074 μυθάριον
2926 5004 3038 5074 (54)
3099 5004 3164 5058 ἑκ
3203 5004 3452 5058 τοιούτου
3504 5005 3723 5075 ἄρχεται

448 5084 646 5140 emtum
697 5092 752 5139 et
798 5084 1108 5143 altaricum.
1145 5086 1213 5146 Et
1271 5091 1547 5160 quomodo
1599 5091 1741 5147 scies
1788 5093 1917 5164 quid
1964 5095 2035 5150 sit

2176 5110 2307 5164 ρκου
2336 5111 2348 5126 ⁸
2387 5115 2407 5147 ι
2444 5096 2535 5149 Μὰ
2564 5096 2656 5151 τὸν
2706 5096 2934 5168 ούρανδν
2967 5097 3059 5151 τὸν
3120 5099 3578 5168 πεπυργωμένον,
3634 5096 3723 5149 καὶ

445 5175 780 5231 altaricum?
811 5178 979 5233 Stella
1024 5181 1327 5238 terebrans.
1362 5182 1610 5255 Namque
1640 5186 1788 5239 omni
1832 5187 2030 5245 animae

2174 5186 2238 5256 ἢν
2260 5186 2477 5258 ἡμέραν
2508 5189 2607 5258 τῆς
2652 5190 2961 5260 συνταγῆς⁶
2990 5189 3086 5243 καὶ
3119 5190 3331 5261 μάρτυς
3386 5200 3484 5244 και
3518 5206 3720 5260 μαρτυ-

443 5268 730 5324 exsistenti
779 5270 1039 5340 praesidet
1085 5283 1296 5331 custos.
1356 5294 1376 5332 ο
1421 5274 1770 5346 Octogesima
1834 5287 2028 5337 octava

2174 5280 2431 5353 ούμενος³
2467 5283 2805 5355 ἑσφράγισαν
2855 5283 2953 5357 [ita
2987 5284 3128 5361 cod.]
3169 5287 3217 5338 oi
3243 5286 3451 5357 ἑταῖροι
3474 5284 3566 5339 τοῦ
3594 5285 3721 5361 diu-

515 5448 630 5521 (L5)
665 5450 794 5505 Sur.
832 5450 972 5518 LXI,
1010 5452 1067 5508 6.

531 5522 624 5585 46)
654 5523 782 5577 Sur.
815 5521 1050 5584 LXVIII.
1090 5522 1141 5577 1.

532 5591 622 5661 47)
660 5592 893 5668 _Arabice
942 5596 1186 5663 perennis
1236 5597 1319 5652 vel
1349 5596 1583 5668 inﬁnita,
1618 5611 1678 5658 ut
1716 5610 1866 5659 certe
1918 5603 2033 5658 vult

444 5659 768 5717 ilaracmus.

506 5731 621 5794 (48)
646 5732 883 5801 Arabice
915 5733 1127 5801 fatalis.

505 5802 619 5870 (49)
659 5800 786 5855 Sur.
822 5802 1011 5866 LXIX,
1052 5805 1103 5858 l.

506 5871 621 5942 (50)
649 5871 778 5929 Sur.
810 5872 1024 5941 Lxxv,
1062 5877 1108 5932 ι.

2212 5467 2326 5538 (51)
2364 5469 2446 5524 ita
2490 5467 2615 5524 cod.
2645 5463 3126 5538 pepopcpwpév'qv.
3167 5463 3346 5538 Quod
3373 5464 3419 5516 si
3466 5461 3714 5538 Maraecii

2134 5535 2656 5608 interpretationem
2725 5535 2900 5591 inavis
2973 5535 3173 5606 sequi,
3223 5536 3434 5591 scribes
3516 5535 3714 5599 Graece,

2135 5612 2503 5682 μεμερρμὲνην

2203 5677 2482 5747 (suiSui.
2510 5677 2775 5745 LXXVII,
2814 5678 2866 5732 ι.

2202 5750 2316 5813 (55)
2353 5749 2478 5804 Su'r.
2506 5748 2744 5805 LXXIX.
2789 5749 2840 5801 1.

2199 5819 2315 5893 (54)
2349 5818 2473 5873 Sur.
2507 5817 2768 5885 LXXXV,
2802 5819 2853 5874 l.
