3994 6610
286 451 401 516 773

1459 436 1892 501 REFUTATIO
1931 410 2409 504 MOIIAMEDIS.

3437 438 3550 514 774

284 558 422 632 χουθ
453 556 588 627 (55),
614 554 675 609 τὸ
698 552 810 625 πῦρ
843 555 963 625 ἔχον
990 552 1089 624 τὴν
1115 549 1330 605 καῦσιν.
1357 569 1375 603 ι
1412 550 1486 603 Τὸ
1516 547 1874 620 ὀγδοηκοστὸν

1982 546 2160 604 fabula
2194 549 2263 604 ab
2294 550 2397 605 lioe
2424 544 2787 619 jurejurando
2813 548 3096 606 exorditur
3121 570 3135 608 :
3173 572 3191 606 ι
3212 552 3318 610 Per
3339 556 3556 615 dilucu-

283 654 542 722 πέμπτον
596 649 861 722 μυθάριον
910 646 1022 717 (56)
1057 645 1116 710 ἐξ
1162 645 1326 716 ὅρκου
1366 642 1593 715 ἄρχεται
1654 640 1865 703 οὕτως·

286 763 308 797 ι
349 744 439 797 Μὰ
476 743 567 795 τὸν
599 740 827 813 οὐρανὸν
854 738 1062 792 καὶτὸν
1086 736 1380 806 ἀλταρικὸν
1400 751 1415 766 ·
1443 736 1538 787 καὶ
1572 732 1625 786 τί
1647 728 1784 794 οῐδες
1815 730 1869 784 τι

279 837 351 889 τὸ
380 833 675 904 ἀλταρικόν
704 831 852 902 (57);
900 831 929 883 ὁ
958 829 1133 900 ἀστὴρ
1166 829 1194 881 ὁ
1228 825 1530 897 τρυπητὴς,
1589 825 1671 877 ὅτι
1720 824 1871 875 πᾶσα

1977 642 2113 708 lum,
2138 654 2192 697 ct
2222 642 2409 697 decem
2437 651 2645 707 noctes,
2677 650 2731 696 et
2756 656 2855 712 per
2876 643 3323 713 conjunctionem
3357 664 3423 704 ac
3455 665 3551 705 se-

1979 733 2341 802 parationem,
2376 742 2429 787 et
2474 748 2568 802 per
2598 740 2809 787 noctem
2854 749 2979 788 cum
3032 734 3371 807 intenditur;
3423 757 3555 795 num

1976 833 2059 876 est
2086 825 2137 875 in
2167 822 2653 891 liisjusjurandum
2696 823 3013 880 hominibus
3042 823 3227 895 Oger?
3267 846 3286 879 ι

279 924 435 995 ψυχὴ
455 924 563 977 τῶν
608 924 779 977 ὄντων
812 921 997 976 ἐπάνω
1026 920 1195 990 αὐτῆς
1226 918 1417 989 φύλαξ.
1464 937 1483 970 ο
1518 916 1595 970 Τὸ
1619 913 1975 985 ὀγδοηκοστὸν
2002 913 2186 976 ὄγδοον
2229 916 2493 985 μυθάριον
2533 917 2645 987 (58)
2694 918 2755 982 ἐξ
2826 919 2991 990 ὅρκου
3054 920 3282 989 ἄρχεται
3363 922 3539 974 τοιού-

280 1033 379 1068 του
403 1032 415 1045 ·
453 1035 470 1067 ι
524 1015 617 1069 Μὰ
658 1015 717 1068 τὸ
746 1010 933 1082 αὖγος,
966 1015 1057 1067 καὶ
1079 1014 1135 1067 αἰ
1161 1012 1355 1074 νύκτες
1383 1010 1534 1076 δέκα,
1565 1010 1659 1063 καὶ
1696 1007 1913 1079 ηζυγὴ,
1955 1009 2049 1061 καὶ
2076 1010 2110 1079 ὴ
2140 1007 2409 1080 ἀποζυγὴ,
2451 1009 2545 1063 καί
2588 1011 2621 1079 ἡ
2668 1010 2762 1076 νὺξ
2805 1010 2883 1063 ὅτ’
2911 1009 2979 1064 ἂν
3017 1011 3386 1080 ἔφαπλοῦταιο
3442 1009 3556 1084 ἄρα

278 1109 434 1161 ἐστιν
456 1112 511 1161 ὲν
546 1108 753 1171 τούτοις
780 1109 942 1178 ὅρκος
972 1110 1083 1169 τοῖς
1111 1106 1243 1175 ὅγερ
1277 1104 1429 1175 (59);
1476 1121 1494 1154 ι

357 1200 469 1256 πα’.
509 1202 581 1254 Τὸ
606 1202 961 1272 ὀγδοηκοστὸν
987 1199 1172 1254 ἔνατον
1211 1198 1477 1269 μυθάριον
1537 1194 1650 1267 (60)
1680 1195 1738 1259 ἐξ
1768 1196 1877 1248 ἀπ-

280 1296 539 1365 ομόσεως
564 1296 824 1365 τοιαύτης
872 1293 1131 1364 ἄρχεται’
1170 1293 1314 1346 σΟύκ
1351 1290 1538 1361 ὀμνύω
1562 1291 1641 1352 εἰς
1670 1288 1877 1356 ταύτην

280 1389 386 1456 τὴν
408 1386 620 1457 χώραν⁸
674 1387 769 1439 καὶ
817 1385 911 1438 σοῦ
965 1386 1117 1448 ὅντος
1158 1385 1217 1437 ὲν
1262 1382 1432 1454 ταύτῃ
1457 1384 1521 1454 τῇ
1553 1379 1741 1451 χώρει.⁹
1784 1378 1879 1433 καὶ

282 1480 483 1547 γονεὺς
531 1480 625 1532 καὶ
665 1478 734 1532 τά
773 1478 1067 1548 ἐγέννησε’
1120 1478 1217 1531 καὶ
1263 1476 1373 1548 γὰρ
1425 1474 1744 1543 ὲπλάσαμεν
1787 1473 1880 1525 τὸν

278 1574 576 1645 ἄνθρωπον
597 1575 653 1626 ὲν
680 1572 825 1642 ἰσχύϊ
860 1571 998 1644 (61).
1040 1589 1058 1623 ι
1106 1570 1179 1622 Τὸ
1206 1562 1573 1639 ἐνενηκοστὸν
1607 1565 1875 1636 μυθάριον

277 1668 352 1720 ὲκ
388 1666 641 1721 τοιούτων
661 1666 886 1738 ἄρχεται
916 1665 1095 1734 ὅρκων
1126 1662 1238 1733 (62)
1263 1679 1276 1693 ·
1322 1679 1340 1712 ι
1372 1660 1467 1714 Μά
1489 1660 1582 1712 τὸν
1611 1658 1762 1729 ἥλιον
1786 1654 1883 1711 καί.

273 1758 385 1822 τὰς
416 1759 641 1821 ἀκτῖνας
665 1757 851 1823 αὑτοῦ,
888 1758 981 1809 κα).
1008 1754 1109 1825 τὴν
1145 1753 1377 1823 σελήνην
1403 1752 1480 1805 ὅτ’
1505 1750 1570 1804 ἂν
1608 1750 1875 1821 ἀκολουθῇ

274 1847 437 1917 αὖτῷ
460 1866 474 1880 ·
500 1849 595 1901 καὶ
632 1849 731 1918 τὴν
761 1846 975 1919 ἡμέραν
997 1846 1074 1899 ὅτ’
1108 1844 1176 1898 ἂν
1206 1844 1471 1915 ὲπιφαίνῃ
1500 1841 1650 1912 αὐτῷ
1672 1857 1686 1871 ⁸
1721 1842 1816 1894 κα)⁵
1841 1844 1874 1911 ἡ

271 1942 380 2007 νὺξ
408 1941 485 1993 ὅτ’
520 1940 586 1993 ἂν
614 1938 894 2013 ἐπιψαύσῃ
930 1939 1069 2010 αὐτῇ
1091 1954 1106 1969 ο
1140 1936 1235 1991 καί
1262 1936 1355 1990 τὸν
1402 1936 1659 2009 οὐρανὸν,
1689 1934 1786 1988 κα).
1819 1934 1881 1987 τὸ

2052 1190 2139 1247 8|.
2176 1190 2521 1261 Octogesima
2553 1207 2695 1247 nona
2726 1193 2908 1249 fabula
2947 1194 3029 1249 sic
3070 1193 3369 1264 dejerando
3421 1170 3561 1248 inci-

1984 1284 2065 1353 pit
2094 1301 2107 1337 :
2146 1301 2163 1335 ι
2214 1281 2331 1337 Non
2354 1284 2483 1354 juro
2512 1299 2606 1354 per
2645 1285 2785 1341 hanc
2842 1287 3140 1356 regionem,
3172 1297 3226 1341 et
3260 1295 3315 1341 tu
3352 1286 3560 1343 resides

1985 1377 2042 1431 in
2074 1378 2175 1430 hac
2200 1378 2455 1446 regione;
2498 1386 2551 1432 et
2594 1392 2692 1448 per
2719 1388 3092 1448 generantem,
3128 1387 3182 1434 et
3208 1395 3304 1447 per
3336 1394 3399 1435 ea
3436 1394 3559 1449 quae

1987 1469 2198 1539 genuit.
2233 1468 2444 1523 Etenim
2478 1470 2757 1525 hominem
2804 1470 3166 1527 formavimus
3220 1472 3276 1526 in
3331 1471 3558 1526 fortitu-

1985 1559 2135 1613 dine.
2170 1578 2190 1612 ι
2229 1557 2594 1630 Nonngesima
2637 1560 2823 1616 fabula
2849 1562 2920 1616 ab
2946 1562 3032 1616 bis
3055 1562 3384 1633 iuramentis
3415 1563 3558 1618 inci-

1985 1652 2065 1722 pit
2103 1670 2118 1707 :
2154 1670 2172 1703 ι
2218 1652 2320 1707 Per
2370 1653 2540 1708 solem
2575 1663 2628 1708 et
2647 1655 2832 1710 radios
2864 1654 3025 1724 ejus:
3056 1671 3152 1725 per
3190 1655 3373 1709 lunam
3430 1670 3557 1710 cum

1984 1746 2338 1815 subsequitur
2377 1745 2531 1800 illum
2567 1755 2663 1801 :et
2697 1762 2791 1816 per
2834 1747 2976 1802 diem
3029 1763 3152 1802 cum
3188 1748 3237 1802 ei
3278 1754 3506 1817 apparet
3539 1763 3555 1800 :

1983 1848 2037 1894 et
2066 1856 2163 1910 per
2194 1849 2408 1896 noctem
2434 1857 2559 1896 cum
2585 1842 2634 1896 ei
2664 1843 2933 1898 illucescit
2966 1861 2979 1897 :
3014 1852 3069 1899 et
3104 1858 3201 1914 per
3232 1843 3456 1907 caelum,
3503 1851 3559 1896 et

1983 1933 2075 2002 qui
2113 1933 2246 1988 illud
2283 1936 2491 1989 creavit
2525 1954 2539 1991 :
2578 1950 2673 2005 per
2696 1945 2917 2003 terram,
2958 1945 3013 1990 et
3049 1936 3142 2006 qui
3195 1951 3317 1991 eam
3359 1934 3560 1989 funda.

271 2032 502 2086 ἔκτισεν
534 2032 696 2087 αὐτόν
720 2048 734 2064 ο
762 2033 854 2085 καὶ
877 2033 975 2101 τὴν
1015 2031 1141 2100 γῆν,
1178 2030 1274 2084 καὶ
1300 2029 1359 2082 τὸ
1381 2029 1621 2104 ηδρασεν
1651 2028 1825 2099 αὐτὴν
1855 2041 1871 2058 ’

1985 2025 2108 2079 vit:
2136 2036 2191 2080 et
2223 2040 2317 2095 per
2348 2026 2611 2092 animam,
2641 2036 2695 2081 et
2720 2027 2811 2097 qui
2842 2026 3163 2096 coaaquavit.
3210 2045 3229 2078 ι
3273 2023 3429 2079 Nunc
3459 2039 3558 2096 per

270 2122 384 2176 καὶ
401 2122 502 2194 τὴν
532 2122 732 2194 ψυχὴν,
758 2122 851 2176 καὶ
878 2122 938 2176 τὸ
968 2122 1158 2175 ῐσασεν
1183 2136 1197 2150 ’
1232 2140 1252 2173 ι
1282 2122 1423 2174 κατὰ
1452 2120 1633 2193 πάσης
1652 2119 1756 2188 γῆς
1779 2118 1875 2171 νῦν

270 2215 597 2286 ἐξόμνυται.
628 2215 700 2268 Τὸ
734 2214 1087 2285 ἐνενηκοστὸν
1112 2212 1331 2285 πρῶτον
1367 2212 1636 2283 μυθάριον
1668 2209 1780 2282 (65)
1809 2212 1874 2264 ἐκ

269 2307 527 2361 τοιούτου
556 2308 782 2378 ἄρχεται
805 2308 969 2378 ὅρκου
990 2322 1005 2337 ο
1044 2327 1062 2358 ε
1097 2306 1189 2361 Μά
1212 2304 1309 2376 τὴν
1338 2303 1509 2358 νύκτα
1539 2304 1615 2357 ὅτ’
1639 2302 1705 2356 ἂν
1736 2318 1876 2369 παρ-

272 2397 533 2451 ίσταται·
564 2398 659 2450 καί
704 2397 801 2467 τὴν
831 2395 1045 2468 ἡμέραν
1072 2395 1151 2449 ὅτ’
1181 2394 1249 2448 ἂν
1278 2392 1583 2464 ὲκκαθαίρῃ
1610 2408 1625 2423 ·
1652 2390 1747 2445 καὶ
1782 2390 1874 2443 τὸν

270 2492 589 2562 ποιήσαντα
646 2488 736 2541 τὸν
782 2486 991 2560 spem
1025 2486 1117 2541 καὶ
1169 2485 1270 2556 τὴν
1316 2484 1560 2554 θήλειαν,
1592 2484 1729 2536 ὃτιὸ
1760 2482 1874 2553 βίος

270 2580 441 2652 ὑμῶν
488 2583 602 2634 ἐστι
653 2578 960 2651 πολλαχῶς.
1004 2599 1019 2627 ι
1070 2577 1145 2630 Τὸ
1206 2575 1558 2649 ἐνενηκοστὸν
1619 2574 1875 2649 δεύτερον

271 2674 551 2743 μυθάριον
595 2670 708 2743 (64)
757 2669 932 2734 οὕτως
982 2669 1042 2737 ἐξ
1080 2670 1247 2742 ὅρκου
1297 2669 1561 2739 ἄρχεταιο
1603 2687 1623 2719 ε
1657 2668 1751 2722 Μά
1774 2668 1873 2738 τὴν

270 2762 500 2830 πρωῖαν
525 2760 618 2813 καί
643 2759 742 2830 τὴν
763 2758 935 2813 νύκτα
968 2758 1045 2811 ὅτ’
1076 2759 1142 2812 ἂν
1168 2758 1350 2829 ἠρεμῇ
1373 2773 1387 2789 °
1424 2756 1525 2811 οὐκ
1553 2754 1734 2810 ιίασέν
1758 2773 1815 2810 σε
1845 2759 1874 2811 ὀ

269 2852 489 2924 Κύριος
520 2851 594 2905 ὢν
624 2851 745 2904 οὐδὲ
772 2850 1092 2921 ὲξεκάκησε.
1136 2868 1156 2901 ι
1197 2849 1272 2902 Τὸ
1310 2848 1662 2919 ἐνενηκοστὸν
1691 2849 1873 2921 τρίτον

273 2945 551 3017 μυθάριον
571 2942 683 3016 (65)
710 2944 769 2995 ὲν
790 2941 1005 3006 τούτοις
1031 2942 1264 3015 πληροῖ·
1296 2960 1315 2993 ι
1360 2941 1485 2994 Ὅτ’
1510 2940 1575 2994 ἂν
1605 2940 1663 2994 δὲ
1689 2943 1873 2995 εὐκαιο

273 3038 481 3109 ρήσῃς,
506 3034 764 3105 ἀγώνιζε,
789 3034 925 3106 πρὸς
945 3033 1037 3087 τὸν
1056 3032 1188 3087 Θεὸν
1212 3032 1455 3104 δεήθητι.
1485 3051 1504 3085 ι
1530 3031 1603 3086 Τὸ
1622 3034 1875 3102 ἐνενηκο-

273 3127 411 3179 στὸν
452 3127 713 3195 τέταρτον
756 3122 1021 3195 μυθάριον
1048 3122 1162 3194 (66)
1205 3121 1379 3185 οὕτως
1424 3122 1686 3192 ἄρχεται·
1718 3140 1737 3175 ι
1776 3121 1869 3176 Μά

271 3218 383 3281 τὰς
414 3219 588 3279 συκᾶς
638 3217 732 3272 κα)⁸
776 3217 874 3281 τάς
908 3216 1094 3281 ἐλαίας
1117 3231 1132 3247 ⁸
1156 3217 1218 3271 τὸ
1261 3217 1391 3271 Σινά
1424 3216 1516 3271 καὶ
1564 3217 1666 3289 τὴν
1688 3217 1874 3287 χώραν

275 3308 384 3381 τὴν
428 3308 632 3379 ἄφοδον
653 3326 668 3341 ο
700 3307 932 3380 καὶγὰρ
971 3307 1297 3379 ὲπλάσαμεν
1331 3309 1425 3362 τὸν
1467 3307 1758 3380 ἄνθρωπον
1792 3311 1873 3373 εἰς

1983 2116 2297 2172 universam
2324 2125 2527 2172 terram
2557 2118 2729 2188 jurat.
2754 2116 3120 2187 Nonagesima
3154 2119 3328 2188 prima
3369 2116 3555 2171 fabula

1982 2208 2434 2279 abjurejurando
2465 2211 2657 2281 incipit
2686 2228 2701 2264 :
2736 2230 2753 2262 ι
2787 2211 2889 2266 Per
2919 2220 3133 2266 noctem
3178 2226 3303 2266 cum
3346 2209 3500 2265 adest
3538 2228 3553 2266 :

1980 2316 2077 2370 per
2103 2300 2245 2355 diem
2280 2304 2499 2370 quando
2535 2302 2595 2356 iit
2644 2302 2884 2357 clarior:
2918 2317 3013 2371 per
3058 2318 3182 2357 eum
3215 2302 3307 2371 qui
3339 2318 3557 2357 mascu-

1980 2391 2093 2445 lum
2124 2406 2189 2446 ac
2225 2390 2482 2447 feminam
2517 2392 2683 2459 fecit;
2719 2402 2866 2448 certe
2897 2394 3005 2448 vita
3034 2402 3214 2448 vestra
3244 2404 3328 2449 est
3363 2394 3550 2449 multi-

1982 2481 2145 2537 faria.
2180 2502 2198 2534 ›
2230 2481 2598 2554 Nonagesima
2639 2485 2880 2540 secunda
2930 2484 3115 2540 fabula
3161 2486 3235 2540 ita
3276 2487 3485 2556 pariter
3524 2501 3555 2539 a

1977 2573 2335 2645 jurejurando
2367 2575 2601 2645 incipit:
2644 2577 2806 2631 rPer
2844 2578 3168 2632 matutinum
3223 2586 3461 2648 tempus,
3503 2588 3557 2631 et

1980 2679 2078 2733 per
2111 2674 2326 2721 noctem
2360 2681 2483 2720 cum
2523 2677 2607 2721 est
2663 2668 3009 2737 intempesta,
3044 2683 3152 2723 non
3182 2668 3469 2739 dereliquit
3505 2679 3557 2722 te

1982 2755 2254 2812 Dominus
2286 2773 2466 2828 neque
2497 2768 2781 2813 aversatus
2804 2769 2907 2815 est.
2949 2779 2968 2811 ι
3002 2759 3365 2829 Nouagesima
3398 2759 3557 2814 tertia

1979 2846 2161 2903 fabula
2195 2850 2275 2905 sic
2297 2850 2639 2905 concluditur
2672 2869 2685 2904 :
2726 2870 2745 2903 ι
2773 2850 2909 2905 Cum
2933 2860 3111 2906 autem
3143 2852 3236 2905 tibi
3262 2852 3555 2914 vacaverit,

1980 2941 2048 2995 da
2075 2956 2296 3011 operam
2332 2950 2392 2996 ut
2430 2941 2597 2997 Deum
2647 2958 2861 2998 exores.
2900 2962 2919 2995 ι
2954 2941 3318 3012 Nonagesima
3352 2953 3555 3012 quarta

1990 3032 2171 3086 fabula
2196 3033 2277 3088 sic
2308 3033 2536 3102 incipit:
2576 3052 2594 3085 ί
2640 3033 2741 3088 Per
2774 3035 2909 3088 licus
2934 3046 2983 3088 et
3008 3034 3180 3100 oleas,
3218 3043 3273 3089 et
3298 3033 3474 3100 Sinai,
3500 3044 3554 3088 et

1982 3126 2261 3195 regionem
2297 3140 2570 3180 securam.
2618 3124 2829 3180 Etenim
2872 3126 3147 3180 hominem
3196 3126 3557 3181 formavimus

1978 3214 2236 3284 prarclara
2263 3214 2556 3280 erectione,
2590 3223 2641 3269 et
2670 3230 2794 3269 mox
2828 3215 3196 3284 depressimus
3224 3231 3347 3271 eum
3374 3217 3439 3272 ad
3474 3217 3558 3269 in-

1979 3306 2126 3361 ilma.
2163 3325 2182 3358 ι
2227 3304 2502 3373 Quantum
2540 3307 2753 3362 esthoc
2778 3306 3059 3362 Creatoris
3096 3308 3381 3362 hominum
3434 3308 3556 3378 jus-

274 3379 452 3455 καλὸν
477 3399 787 3470 ἀνάστημα,
817 3379 913 3453 καί
942 3399 1361 3470 ὑπεστρέψαμεν
1389 3399 1553 3453 αὐτὸν
1579 3379 1735 3453 κάτω
1764 3399 1873 3453 τῶν

1982 3399 2270 3469 iurandum
2294 3400 2307 3452 l
2335 3398 2441 3453 Sed
2473 3408 2528 3454 et
2552 3399 2656 3453 hoc
2690 3398 2808 3469 ipso
2834 3399 3012 3469 majus
3036 3408 3122 3454 est
3148 3416 3244 3470 pro
3274 3415 3385 3470 quo
3407 3399 3557 3468 jurat

276 3492 638 3546 κατωτάτων.
684 3509 701 3541 ι
741 3491 828 3555 Ὠς
859 3491 1032 3561 μέγας
1058 3493 1087 3545 ὁ
1114 3491 1211 3544 τοῦ
1244 3490 1591 3563 Δημιουργοῦ
1642 3491 1752 3545 τῶν
1776 3493 1873 3546 ἀν-

279 3583 525 3655 θρώπων
556 3583 753 3654 δρκοςί
796 3582 987 3637 τούτου
1010 3583 1067 3637 δὲ
1100 3582 1283 3654 μεῖζον
1316 3583 1378 3636 τὸ
1406 3584 1538 3655 περὶ
1583 3574 1645 3637 οὗ
1678 3584 1875 3654 ὄμνυσι

279 3676 623 3748 κατόρθωμα
643 3692 658 3707 ο
694 3695 713 3728 ι
744 3675 855 3730 Καὶ
878 3673 1302 3746 ύπεστρέψαμεν
1330 3675 1517 3741 αὐτὸν,
1542 3675 1700 3747 φησὶ,
1726 3675 1876 3730 κάτω

278 3770 395 3822 τῶν
428 3769 763 3824 κατωτάτων
783 3784 799 3800 ·
832 3787 852 3821 ι
878 3768 1103 3832 εἰκότως
1126 3768 1220 3823 τοῦ
1249 3768 1497 3839 Μωάμετ
1526 3763 1680 3833 οὗτος
1707 3768 1875 3837 ὤφει-

279 3861 378 3914 λεν
409 3857 550 3914 εἶναι
586 3861 724 3924 Θεός.
757 3861 832 3914 Τὸ
853 3862 1206 3933 ἐνενηκοστὸν
1230 3861 1389 3915 ἕκτον
1419 3861 1681 3932 μυθάριον
1705 3860 1876 3924 οὕτως

282 3953 520 4022 ἄρχεται
553 3951 688 4023 (6⁸7)⁸
724 3970 743 4003 ι
795 3950 988 4021 Ἡμεῖς
1021 3951 1116 4005 κα).
1144 3950 1457 4020 ἠνέγκαμεν
1481 3949 1643 4003 αὐτὸν
1666 3948 1747 4012 εἰς
1776 3948 1876 4017 τὴν

283 4045 465 4098 νᾶκτα
492 4044 593 4114 τὴν
621 4042 936 4114 ὡρισμένην
966 4057 979 4071 ⁸
1017 4045 1114 4095 καὶ
1137 4041 1189 4097 τί
1219 4037 1366 4104 οἰδας
1394 4042 1446 4093 τί
1473 4042 1619 4094 ἐστιν
1649 4042 1684 4112 ή
1712 4038 1808 4105 νὺξ
1841 4040 1874 4110 ἡ

282 4134 573 4207 ὡρισμένη
605 4134 757 4205 (68);
795 4132 1176 4188 καλλίωννὲστ).
1207 4132 1397 4203 χιλίων
1432 4132 1617 4203 μηνῶν
1638 4148 1653 4163 ο
1702 4148 1875 4185 κατα-

285 4228 553 4299 φέρουσιν
569 4227 618 4280 οἱ
642 4226 885 4296 ἄγγελοι,
906 4226 1002 4279 καὶ
1028 4225 1090 4278 τὸ
1118 4223 1337 4294 πνεῦμα
1360 4224 1417 4277 ὲν
1440 4224 1578 4295 αὐτῇ
1605 4224 1875 4294 ἐπιτροπῇ

285 4319 387 4372 τοῦ
428 4319 636 4390 Κυρίου
666 4318 847 4374 αὐτῶν
903 4317 965 4382 ἐξ
1009 4316 1244 4370 ἑκάστου
1289 4316 1647 4387 πράγματοςο
1684 4316 1877 4386 εἰρήνη

289 4410 443 4465 ἐστὶν
465 4410 671 4481 ἐκείνη,
697 4411 804 4474 ἕως
823 4412 890 4464 ἂν
919 4410 1176 4482 ἀνατείλῃ
1201 4409 1262 4463 τὸ
1282 4405 1471 4477 αὖγος.
1521 4426 1539 4460 ι
1577 4407 1650 4460 Τὸ
1695 4409 1882 4478 ἐνενη-

288 4502 489 4557 κοστὸν
517 4502 747 4574 ἕϐδομον
769 4503 1033 4575 μυθάριον
1046 4504 1157 4575 (69)
1171 4501 1595 4573 ἐπιγέγραπται,
1610 4502 1715 4566 Εἰς
1737 4499 1880 4566 τοὺς

290 4597 763 4665 ἀρνησαμένους
797 4596 930 4665 (70)·
968 4598 1060 4650 καί
1086 4597 1236 4650 δοκεῖ
1261 4593 1613 4649 καταπείθειν
1632 4594 1758 4656 τοὺς
1789 4593 1877 4645 ἐν-

289 4689 666 4758 τυγχάνοντας
689 4690 756 4758 τῇ
805 4687 1243 4759 ἀφιλοσογραφίᾳ
1291 4686 1457 4740 αὐτοῦ
1508 4686 1590 4740 ὅτι
1644 4687 1709 4738 ἐκ
1741 4682 1878 4737 Θεοῦ

291 4777 469 4839 ἐστιν,
505 4774 569 4827 ὲκ
611 4774 705 4827 τοῦ
764 4775 985 4843 ἐνέγκαι
1044 4774 1226 4845 βιϐλία
1257 4775 1593 4847 ἀγνιζόμενα
1638 4775 1789 4837 ὄντα,
1818 4774 1877 4826 ἐν

294 4867 486 4929 αὐτοῖς
507 4866 717 4935 γραφαὶ
746 4866 903 4938 ὀρθαί
923 4883 936 4897 ’
968 4866 1066 4938 τὴν
1092 4867 1147 4921 δὲ
1180 4868 1447 4938 ὀρθότητα
1468 4866 1645 4921 αὐτῶν
1670 4868 1879 4937 ἀκροα-

295 4958 395 5013 ταὶ
420 4960 775 5029 κρινέτωσαν.
800 4959 874 5012 Τὸ
903 4960 1254 5031 ἐνενηκοστὸν
1272 4960 1453 5029 ὃγδοον
1477 4959 1743 5031 μυθάριον
1765 4956 1879 5030 (7|)

376 5116 495 5189 (55)
536 5116 1216 5189 Arabicurndvocabulum
1252 5118 1519 5189 signiﬁcat
1555 5117 1782 5187 foveam.

403 5188 493 5254 56)
525 5188 651 5244 Sur.
688 5186 969 5253 LXXXVI,
1001 5189 1051 5241 1.

405 5257 498 5328 57)
524 5257 907 5329 Controversia
933 5266 1018 5313 est
1044 5258 1110 5312 de
1144 5258 1393 5314 vocabuli
1425 5258 1641 5313 Arabici
1693 5274 1881 5329 sensu,

309 5338 493 5383 utrum
531 5344 726 5399 nempe
760 5328 832 5383 sit
836 5328 1214 5450 {bosphoruh
1244 5344 1311 5382 an
1341 5339 1498 5383 noctu
1520 5329 1752 5387 veniens.

382 5397 497 5450 (58)
528 5398 655 5450 Sur.
689 5397 830 5450 LXX
894 5396 982 5450 IX.
1017 5399 1068 5450 1.

382 5397 497 5460 (58)
528 5396 1068 5463 ΞυΓᾙΙλΧΧΧΙΧΛ.

387 5468 503 5538 (59)
535 5467 652 5523 Non
674 5478 757 5524 est
788 5484 959 5523 ausus
1017 5467 1243 5525 Graecus
1273 5466 1493 5527 Nicetas
1548 5471 1879 5532 vocabulum

311 5538 604 5593 Arabicum
648 5539 1013 5608 interpretari.

412 5608 502 5675 60)
547 5608 672 5664 Sur.
706 5608 814 5673 XC,
844 5609 897 5662 1.

410 5679 502 5744 6i)
542 5677 851 5754 Voc._arab.
877 5678 973 5754 sic
991 5694 1097 5735 non
1140 5679 1659 5754 absurdeAintelligi
1715 5698 1881 5753 posse

312 5749 548 5805 videtur.
583 5750 685 5804 Sed
714 5760 893 5804 tamen
924 5748 1228 5810 Maraccius
1245 5751 1441 5809 maluit
1468 5753 1523 5810 in
1545 5748 1805 5815 wr'umim.

387 5818 502 5889 (62)
532 5817 658 5875 Sur.
690 5819 824 5889 XCI,
854 5821 906 5874 I.

393 5890 510 5967 (65)
536 5888 661 5946 Sur.
698 5888 856 5957 XCII,
898 5891 950 5945 1.

1976 3489 2210 3558 facinus,
2250 3510 2269 3543 ι
2295 3492 2361 3546 Et
2398 3493 2767 3562 depressimus
2795 3508 2952 3557 cum,
2982 3492 3179 3564 inquit,
3213 3493 3282 3547 ad
3312 3493 3552 3547 intima.»

1976 3580 2169 3639 Merito
2199 3599 2334 3640 sane
2369 3583 2705 3639 Mobamedis
2727 3584 2875 3639 hunc
2916 3586 3202 3653 oportebat
3223 3600 3345 3641 esse
3370 3584 3555 3640 deum.

1974 3677 2339 3748 Nonagesima
2368 3684 2521 3731 sexta
2564 3675 2745 3730 fabula
2779 3677 2859 3732 sic
2899 3678 3132 3748 incipit:
3169 3696 3188 3730 ι
3222 3676 3336 3733 Nos
3367 3677 3557 3732 attuli-

1976 3783 2101 3824 mus
2120 3784 2245 3823 eum
2271 3768 2323 3822 in
2359 3778 2520 3823 nocte
2547 3768 2832 3837 praeﬁnita.
2872 3769 2938 3823 Et
2978 3770 3121 3825 unde
3147 3771 3288 3826 scies
3312 3772 3445 3841 quid
3476 3770 3555 3825 sit

1977 3876 2083 3915 nox
2106 3861 2414 3931 praeﬁnita?
2449 3860 2639 3917 Melior
2668 3873 2752 3917 est
2780 3864 2929 3918 mille
2954 3866 3266 3921 mensibus.
3320 3865 3557 3921 Descen-

1977 3951 2114 4006 dunt
2144 3952 2342 4022 augeli,
2393 3962 2446 4007 et
2486 3953 2713 4022 spiritus
2746 3955 2798 4009 in
2824 3955 2940 4025 ipsa
2978 3968 3111 4011 nqu
3144 3958 3358 4011 Domini
3399 3960 3553 4029 ipso-

1977 4057 2099 4096 rum
2129 4043 2195 4097 de
2230 4045 2375 4097 omni
2406 4059 2484 4097 re.
2520 4044 2631 4098 Pax
2662 4055 2746 4100 est
2778 4047 2869 4100 illa
2906 4048 3083 4117 (nox),
3133 4048 3307 4103 donec
3346 4051 3558 4104 oriatur

1979 4147 2205 4187 aurora.
2248 4152 2267 4184 ι
2326 4133 2690 4205 Nonagesima
2737 4137 2969 4206 septima
3022 4139 3205 4193 tabula
3242 4139 3558 4196 inscribitur

1981 4221 2293 4296 Negantes;
2329 4226 2653 4296 videturque
2690 4229 2921 4283 suadere
2946 4229 3248 4300 legentibus
3285 4230 3557 4286 inﬁcetam

1978 4316 2305 4385 scripturam
2366 4330 2545 4383 suam,
2568 4318 2710 4387 quod
2729 4333 2792 4373 ea
2816 4318 2937 4373 sita
2969 4318 3097 4385 Deo,
3123 4319 3381 4389 quoniam
3401 4321 3560 4377 alter:

1980 4406 2149 4463 libros
2177 4406 2491 4476 depuratos,
2514 4404 2717 4478 quibus
2732 4410 3083 4465 continentur
3108 4419 3268 4465 recta.-
3319 4411 3558 4479 scriptu~

1981 4512 2075 4552 rae.
2118 4496 2508 4553 Verumtamen
2548 4500 2615 4555 de
2658 4500 2850 4555 harum
2898 4501 3231 4555 rectitudine
3282 4502 3561 4557 auditores

1977 4586 2252 4657 judicent.
2316 4586 2684 4658 Nonagesima
2750 4598 2945 4645 octava
2994 4590 3178 4645 fabula
3240 4591 3560 4647 inscribitur

1988 4676 2165 4733 Terra:
2191 4685 2388 4744 motus,
2419 4678 2550 4747 quia
2591 4680 2978 4735 inclamabitur
3011 4682 3275 4737 adversus
3308 4691 3562 4753 P€ccat0-

1986 4783 2103 4833 res,
2133 4768 2297 4823 sicuti
2318 4769 2481 4823 etiam
2506 4780 2695 4824 contra
2740 4770 3117 4828 Moliamedem
3167 4773 3262 4843 qui
3309 4773 3375 4827 de
3416 4773 3563 4826 Illas~

1984 4861 2226 4932 phemiis
2255 4861 2369 4919 suis
2391 4862 2753 4931 iudicabitur.
2786 4862 3150 4935 Nonagesima
3203 4880 3343 4920 nona
3377 4864 3563 4919 fabula

1989 4953 2315 5009 inscribitur
2341 4953 2645 5023 Currentes,
2673 4956 2969 5028 incipitque
2996 4971 3026 5010 a
3049 4957 3407 5028 jurejurando
3438 4957 3518 5010 sic
3545 4972 3561 5011 :

2070 5111 2185 5181 (64)
2218 5110 2345 5181 Sur.
2379 5111 2562 5179 XCIII,
2588 5116 2639 5169 1.

2068 5180 2179 5250 (65)
2217 5180 2342 5237 Sur.
2380 5182 2564 5249 XCIV,
2593 5186 2645 5241 7.

2065 5204 2179 5321 (33$
2212 5204 2342 5307 ἓξὲξ·
2371 5204 2613 5309 ἒέἰν”ι¹

2088 5320 2177 5391 67)
2208 5321 2334 5376 Sur.
2367 5321 2576 5389 xcvu.
2610 5325 2660 5380 I.

2088 5391 2178 5459 68)
2219 5391 2337 5470 N0}
2365 5392 2496 5470 haec
2512 5395 2744 5452 celebris
2784 5396 3013 5470 nlkadar
3040 5399 3183 5470 apud
3210 5395 3561 5470 Moliameda-

1990 5476 2117 5525 nos,
2149 5478 2255 5531 qua
2284 5461 2428 5519 Deus
2466 5465 2747 5521 decretum
2780 5469 2848 5522 de
2880 5469 3044 5525 rebus
3075 5461 3240 5525 iotius
3270 5467 3397 5521 anni
3428 5466 3559 5523 edit.

1987 5531 2804 5620 Caerar‘oquivoca‘buwm‘illud
2837 5539 3178 5613 polysemum
3208 5546 3313 5596 est.

2058 5600 2173 5671 (69)
2206 5600 2335 5658 Sur.
2369 5602 2603 5667 xcvul.
2640 5609 2691 5661 ι.

1985 5671 2179 5799 mimi
2233 5673 2481 5731 Sumitur
2540 5677 2631 5734 hic
2680 5678 2873 5739 titulus
2912 5695 2945 5737 a
2994 5680 3191 5754 primis
3250 5680 3406 5740 Surze
3439 5692 3564 5734 ver-

2060 5813 2175 5886 (7I)
2207 5812 2335 5873 Sur.
2366 5814 2554 5887 XCIX,
2593 5818 2642 5874 I.
