3994 6600
518 394 625 460 775

1785 387 2081 450 NICET/E
2126 386 2532 448 BYZANTINI

3659 386 3752 450 776

522 527 541 558 ι
582 504 967 559 Percurrentes
1016 514 1141 556 cum
1189 500 1410 563 latratu,
1460 509 1513 554 et
1565 500 1901 555 excutientcs
1944 502 2070 556 scina

2191 501 2592 570 ἐπιγέγραπται
2647 498 2767 567 μὲν,
2805 500 2908 564 Εἰς
2959 496 3064 552 τὸν
3095 497 3355 567 σεισμὸν
3387 496 3497 564 τῆς
3524 496 3653 567 γῆς,
3681 499 3753 551 ὅτι

512 598 678 661 tilias,
731 609 784 653 et
844 597 1111 652 instantes
1165 595 1394 649 invicem
1448 610 1624 663 usque
1669 595 1735 648 ad
1800 609 2078 659 auroram,

511 699 566 744 et
615 690 899 744 turbantes
953 699 1229 757 stagnum,
1277 689 1330 742 in
1380 686 1524 756 quod
1584 694 1813 739 vomunt
1863 699 2077 740 omnes.

510 776 669 832 Certe
694 778 855 831 homo
895 794 925 831 a
970 777 1202 832 Domino
1238 775 1619 845 inseparabilis
1641 785 1746 830 est.
1787 793 1806 826 ι
1906 816 1907 819 η

2190 592 2520 659 καταϐοήσει
2547 589 2656 642 τῶν
2686 588 3028 660 ἁμαρτωλῶν
3051 606 3067 622 ’
3101 588 3301 642 ὡσανεὶ
3346 588 3538 641 τούτου
3562 588 3645 641 διὰ
3669 590 3757 650 τὰς

2187 682 2498 752 δυσφημίας
2552 681 2758 744 ταύτας
2792 681 3232 751 δεδικαιωμένου.
3293 679 3366 732 Τὸ
3418 680 3757 749 ἐνενηκοστὸν

2183 771 2374 827 ἔνατον
2398 773 2665 844 μυθάριον
2693 774 2805 844 (72)
2823 774 3229 844 ἐπιγέγραπται
3256 772 3489 843 μὲν.Εις
3510 772 3614 837 τὰς
3641 788 3759 838 τρεέ-

511 872 742 940 χούσας
764 888 780 903 ο
812 871 1038 942 ἄρχεται
1061 871 1117 923 δὲ
1150 868 1210 934 ἐξ
1234 872 1397 939 ὅρκου
1432 868 1638 933 οὕτως·
1672 888 1691 921 ι
1730 868 1822 922 Μὰ
1856 866 1955 930 τὰς
1993 866 2311 938 δραμούσας
2364 868 2423 921 ἐν
2456 867 2795 939 ὑλακτισμῷ,
2826 868 2918 922 κα)⁸
2949 869 3049 931 τὰς
3128 866 3539 927 ἐνδεικνυούσας
3599 881 3759 933 πυρο-

510 962 686 1025 ϐόλια,
716 965 808 1016 καὶ
843 964 1277 1032 περιπιπτούσας
1309 964 1388 1025 είς
1414 961 1601 1030 αὖγος,
1629 961 1723 1015 καὶ
1752 960 2086 1030 ταράξαντες
2124 963 2203 1025 εἰς
2233 962 2365 1015 αὐτὸ
2394 961 2796 1032 ὑδροστάτημα,
2830 962 2924 1015 καὶ
2956 960 3252 1030 ἐμέσαντες
3282 961 3362 1023 εἰς
3422 958 3555 1012 αὐτὸ
3632 958 3760 1010 πάν·

510 1072 597 1114 τες
615 1053 747 1124 (75)·
776 1055 803 1105 6
830 1054 937 1124 γὰρ
964 1055 1248 1125 ἄνθρωπος
1276 1054 1366 1108 τοῦ
1392 1054 1598 1125 Κυρίου
1622 1053 1924 1124 ἀχώριστος
1947 1054 2080 1127 (³74).ῐ
2112 1073 2131 1106 ι

577 1146 664 1197 82.
700 1144 1009 1201 Centesima
1044 1148 1224 1203 fabula
1254 1149 1573 1203 inscribitur
1613 1149 1770 1204 Care.
1806 1147 1897 1201 Sic
1941 1162 2072 1202 vero

509 1236 736 1303 incipit:
778 1257 795 1289 ι
832 1239 989 1303 Care,
1018 1253 1071 1294 ct
1120 1241 1264 1295 unde
1310 1242 1449 1295 scies
1494 1241 1623 1310 quid
1660 1240 1728 1294 sit
1764 1240 1936 1293 care?
1972 1238 2074 1293 nisi

508 1329 621 1383 dies
654 1331 836 1399 inqua
868 1330 1005 1386 ﬁunt
1047 1333 1299 1388 homines
1348 1334 1489 1388 sicut
1524 1334 1736 1387 scabies
1795 1332 2010 1386 dill‘usa.
2051 1350 2069 1383 ι

505 1422 813 1476 Ccntcsima
852 1424 1090 1479 secunda
1133 1424 1314 1478 fabula
1341 1425 1657 1479 inscribitur
1676 1424 1895 1490 Alexar,
1924 1434 1976 1477 et
1996 1424 2077 1478 sic

507 1515 739 1583 incipit:
775 1533 794 1565 ι
850 1514 955 1570 Per
1002 1516 1225 1582 alexar,
1262 1527 1408 1572 certe
1450 1518 1613 1572 homo
1661 1516 1764 1570 erit
1812 1516 1864 1569 in
1923 1516 2077 1569 invo-

504 1606 682 1661 luero.
722 1626 740 1659 ι
776 1607 1087 1663 Centesima
1116 1620 1308 1679 quarta
1337 1610 1518 1665 fabula
1552 1610 1867 1665 inscribitur
1897 1609 2073 1665 Soda-

503 1694 577 1748 les
607 1697 918 1765 elephantis.
952 1698 1046 1753 Est
1070 1708 1248 1753 autem
1284 1700 1480 1769 exigua
1504 1709 1555 1754 et
1580 1701 1906 1756 miserabilis
1936 1703 2073 1757 scri-

2254 1146 2367 1215 πβκ
2392 1146 2465 1197 Τὸ
2504 1145 2793 1199 ἑκατοστὸν
2839 1144 3104 1214 μυθάριον
3143 1140 3278 1213 (75),
3323 1140 3429 1207 Εἰς
3478 1139 3544 1193 τὸ
3600 1138 3755 1207 stupe,

2183 1239 2587 1308 ἐπιγέγραπται
2607 1254 2620 1269 ο
2656 1238 2882 1309 ἄρχεται
2921 1237 2977 1289 δὲ
3009 1236 3180 1298 οὕτως
3206 1252 3219 1263 ·
3276 1254 3295 1286 ι
3325 1235 3476 1304 Καρέ
3510 1232 3649 1303 (76),
3678 1235 3763 1284 καὶ

2183 1327 2236 1379 τί
2274 1323 2413 1391 οϊδες
2442 1328 2493 1380 τί
2516 1330 2630 1380 ἐστι
2660 1329 2831 1396 καρέ;
2862 1327 2920 1395 ’ἢ
2957 1326 3139 1397 ἡμέρα
3169 1326 3226 1378 ἐν
3319 1325 3560 1393 γίνονται
3603 1324 3652 1374 οί
3680 1323 3763 1375 ἄν·

2186 1420 2395 1489 θρωποι
2423 1420 2498 1483 ὼς
2528 1418 2685 1488 ψώρα
2720 1420 2831 1489 (77)
2862 1416 3257 1488 διεσπαρμένη.
3302 1435 3320 1467 i
3362 1416 3436 1468 T6
3476 1414 3762 1468 ἑκατοστὸν

2183 1512 2433 1582 δεύτερον
2460 1510 2723 1583 μυθάριον
2755 1511 2891 1581 (78),
2915 1512 3017 1576 Εἰς
3048 1511 3155 1563 τόν
3182 1508 3429 1575 ἀλέξαρ,
3464 1506 3761 1573 ἐπιγέγρα-

2182 1618 2315 1656 πται
2340 1619 2354 1634 ·
2384 1601 2609 1671 ἄρχεται
2635 1601 2693 1654 δὲ
2720 1599 2893 1664 οὕτως
2916 1618 2930 1633 ο
2969 1618 2987 1651 ι
3029 1599 3124 1653 Μὰ
3150 1599 3240 1651 τὸν
3287 1596 3486 1667 ἀλέξαρ
3519 1596 3656 1665 (79),
3685 1597 3760 1648 ὅτι

2179 1695 2208 1747 6
2237 1692 2524 1763 ἄνθρωπός
2549 1693 2696 1745 ἐστιν
2727 1694 2783 1745 ἐν
2805 1694 3079 1762 είλήματι.
3107 1709 3124 1743 i
3156 1691 3229 1743 Τὸ
3253 1689 3544 1743 ἑκατοστὸν
3572 1690 3764 1758 τέταρ-

504 1789 803 1855 ptiuncula.
853 1788 1159 1845 Centesima
1229 1792 1458 1860 septima
1517 1791 1701 1846 fabula
1753 1792 2070 1848 inscribitur

2176 1806 2265 1842 τον
2284 1787 2546 1859 μυθάριον
2562 1786 2697 1858 (80),
2717 1789 2820 1852 Εἰς
2834 1785 2972 1850 τοὺς
2997 1783 3271 1852 ἑταίρους
3286 1782 3394 1835 τοῦ
3408 1779 3758 1848 ἐλέφαντος·

504 1880 827 1944 Cant/tarus,
856 1890 908 1935 et
934 1881 1015 1937 sic
1050 1882 1239 1951 incipit
1270 1902 1284 1938 :
1321 1902 1339 1934 ‹
1380 1883 1491 1939 Nos
1530 1884 1780 1939 dedimus
1808 1884 1905 1939 tibi
1940 1900 2071 1939 cau-

505 1975 745 2027 tharum.
777 1973 842 2027 Et
879 1989 973 2028 ora
1017 1973 1307 2029 Dominum
1371 1985 1563 2031 tuum:
1596 1984 1649 2032 et
1679 1978 1869 2047 jugula
1906 1996 1918 2031 :
1949 1993 2071 2032 nam

502 2067 598 2135 qui
633 2075 683 2120 te
708 2067 843 2132 odit,
900 2065 1016 2136 ipse
1060 2068 1419 2138 discerpetur.
1460 2088 1478 2121 ι
1523 2071 1843 2136 Quaeramus
1893 2080 2072 2126 autem

501 2158 567 2211 de
594 2158 879 2212 cantharo.
916 2158 1225 2214 Centesima
1256 2161 1469 2215 decima
1527 2161 1711 2216 Iabula
1760 2162 2074 2217 inscribitur

500 2246 735 2316 Bulaap,
768 2264 928 2318 quem
959 2258 1146 2318 utpote
1172 2250 1422 2320 iniquum
1458 2251 1511 2305 in
1542 2251 1665 2322 igne
1690 2252 1869 2321 peruri
1903 2251 2074 2311 conti-

504 2350 667 2405 tctur,
697 2356 867 2395 uxore
899 2342 1017 2410 ejus
1046 2341 1322 2396 fornacem
1352 2343 1697 2398 incendente.
1761 2342 2071 2400 Centesima

504 2434 795 2486 undecima
826 2432 1007 2487 fabula
1037 2433 1109 2487 ita
1140 2449 1200 2488 se
1230 2434 1433 2489 habet:
1470 2434 1615 2504 t',Dic
1636 2454 1649 2490 :
1674 2436 1786 2505 ipse
1813 2448 1895 2492 est
1928 2438 2073 2493 Deus

503 2538 645 2576 unus
675 2522 971 2591 ὁλόσφυρος
1021 2524 1114 2592 qui
1151 2537 1252 2577 nec
1310 2522 1497 2593 genuit
1548 2539 1647 2579 nec
1698 2526 1910 2595 genitus
1968 2536 2072 2589 est,

504 2631 607 2668 nec
664 2630 761 2684 par
817 2614 1014 2684 aliquis
1068 2615 1171 2684 ipsi
1221 2625 1327 2670 est.
1369 2634 1388 2666 ι
1448 2616 1674 2672 Etiamsi
1746 2618 2072 2673 vocabulum

500 2706 799 2775 ὀλόσφυρος
826 2721 934 2760 non
986 2706 1209 2760 denotet
1238 2706 1465 2775 sphaaraa
1496 2707 1743 2777 tiguram,
1796 2719 1943 2762 certe
1990 2718 2073 2763 ta-

502 2813 626 2852 men
655 2799 923 2867 signiticat
952 2797 1181 2853 densum
1200 2806 1254 2853 et
1278 2798 1534 2861 solidum,
1568 2813 1688 2867 quae
1716 2800 1962 2868 corporis
1990 2809 2073 2854 est

500 2891 719 2959 propria
755 2891 1015 2961 qualitas.
1058 2890 1371 2946 Centesima
1400 2890 1723 2946 duodecima
1757 2891 2074 2946 inscribitur

499 2983 838 3053 Confugiam.
868 2982 960 3039 Est
984 2993 1165 3038 autem
1194 2985 1536 3053 praestigiosa
1560 2985 1921 3048 exclamatio;
1949 2998 2071 3037 nam

498 3076 572 3128 ita
607 3090 665 3129 se
690 3074 849 3129 habet
892 3092 905 3129 :
949 3093 967 3127 ι
1010 3073 1108 3129 Dic
1138 3092 1151 3126 :
1184 3074 1493 3145 confugiam
1518 3073 1586 3128 ad
1618 3073 1906 3128 Dominum
1935 3074 2074 3128 dilu—

496 3165 641 3232 culi;
675 3181 706 3220 a
733 3165 877 3220 malo
910 3167 1055 3235 quod
1095 3166 1183 3221 ille
1208 3168 1435 3230 creavit,
1472 3182 1500 3220 a
1535 3166 1679 3220 malo
1705 3167 1877 3221 stella:
1907 3165 2067 3235 jacu-

497 3257 680 3317 lantis.
714 3272 845 3323 cum
869 3257 1191 3318 intenditur,
1233 3273 1263 3310 a
1290 3258 1435 3311 malo
1461 3265 1750 3325 sputorum
1785 3257 1837 3309 in
1868 3257 2066 3319 nodos,

496 3364 527 3402 a
561 3349 705 3403 malo
741 3349 959 3404 invidia:
1007 3349 1322 3404 invidentis.
1368 3368 1386 3400 ι
1421 3347 1732 3403 Centesima
1786 3346 1941 3401 tertia
1976 3345 2071 3399 de-

494 3441 637 3494 cima
665 3438 871 3503 fabula,
908 3440 1245 3508 praestigiosa
1290 3440 1416 3494 item
1460 3439 1784 3494 exclamatio
1832 3448 1936 3492 est.
1976 3436 2067 3490 ln-

495 3533 755 3587 scribitur
772 3533 919 3599 enim
948 3548 1102 3601 teque
1125 3532 1463 3601 Confugiam,
1496 3541 1659 3601 atque
1680 3531 1753 3585 ita
1783 3544 1840 3585 se
1860 3530 2020 3584 habet
2050 3548 2063 3584 :

502 3644 519 3675 ι
568 3622 895 3693 Confugiam
928 3626 995 3679 ad
1023 3625 1308 3678 hominum
1357 3623 1672 3691 Dominum,
1734 3638 1916 3692 regem
1972 3624 2070 3676 ho-

497 3718 730 3780 minum,
784 3716 954 3772 Deum
1017 3716 1328 3781 hominum,
1360 3731 1391 3770 a
1436 3716 1579 3770 malo
1630 3716 2069 3770 susurrationum

495 3805 828 3871 dmmonum,
862 3806 955 3875 qui
992 3815 1285 3859 susurrant
1328 3806 1382 3859 in
1436 3805 1720 3860 hominum
1777 3806 1941 3860 corda
1988 3820 2068 3859 :a

493 3895 840 3950 daemonibus
872 3903 925 3950 et
950 3895 1293 3950 hominibus.
1342 3913 1361 3947 ι
1404 3896 1582 3965 Atque
1617 3896 1700 3950 bis
1725 3894 1905 3961 dictis,
1943 3896 2071 3951 silet

493 3988 714 4041 demum
748 3998 855 4043 tota
890 3987 1229 4043 Mohamcdis
1264 3987 1599 4058 mythologia
1638 3997 1693 4042 et
1720 3988 1896 4057 fraus,
1930 4004 2063 4045 con-

492 4095 688 4148 gruum
711 4079 1034 4148 blasphemo
1067 4078 1226 4133 initio
1268 4079 1429 4133 ﬁnem
1462 4080 1771 4148 imponens.

2177 1882 2292 1935 ἐστι
2326 1883 2382 1936 δὲ
2414 1882 2586 1953 μικρὰ
2617 1881 2709 1933 καὶ
2734 1879 2926 1949 οἰκτρὰ
2950 1875 3329 1947 ματαιολογία.
3369 1874 3442 1927 Τὸ
3472 1871 3759 1925 έκατοστῆν

2175 1974 2403 2042 ἕϐδομον
2439 1971 2721 2043 μυθάριον,
2758 1973 2861 2037 Εἰς
2883 1971 2991 2023 τὸν
3018 1969 3325 2037 καύθαρον
3351 1964 3463 2036 (81)
3488 1983 3501 1997 ο
3531 1964 3760 2034 ἄρχεται

2176 2066 2231 2119 δὲ
2263 2064 2469 2127 οὕτως·
2513 2085 2531 2115 ι
2581 2064 2770 2132 Ἡμεῖς
2808 2062 3094 2132 ἐδώκαμέν
3130 2078 3211 2114 σοι
3233 2060 3325 2115 τὸν
3357 2058 3635 2129 καύθαρον
3666 2057 3759 2111 καὶ

2175 2153 2329 2223 εὖξαι
2366 2157 2501 2227 πρὸς
2527 2155 2619 2209 τὸν
2644 2155 2848 2225 Κύριόν
2879 2170 2995 2216 σου,
3024 2154 3120 2206 καὶ
3151 2152 3373 2222 σφάξον,
3417 2151 3500 2204 ὅτι
3531 2152 3559 2203 ὁ
3586 2148 3757 2220 μισῶν

2180 2267 2240 2302 σε
2271 2249 2432 2311 αὑτός
2462 2250 2609 2301 ἐστιν
2634 2252 2661 2301 6
2687 2247 3116 2317 διχοτομημένος
3136 2260 3151 2276 ο
3192 2263 3209 2296 ι
3249 2244 3581 2315 ζητήσωμεν
3611 2233 3665 2293 δέ
3697 2239 3760 2293 τὰ

2176 2342 2307 2411 περὶ
2346 2339 2439 2395 τοῦ
2489 2339 2783 2409 κανθάρου.
2842 2338 2915 2390 Τὸ
2966 2335 3259 2409 ἐκατοστοὸν
3312 2336 3538 2389 δέκατον
3599 2332 3760 2401 μυθά-

2178 2450 2314 2504 ριον,
2344 2433 2446 2497 Εἰς
2468 2431 2574 2484 τὸν
2600 2431 2889 2485 Βουλαὰπ
2932 2426 3166 2497 (82-85),
3194 2426 3251 2481 ὃν
3275 2426 3459 2481 ἄδικον
3500 2424 3759 2493 γεγονότα

2174 2525 2232 2577 ἐν
2258 2523 2390 2593 πυρὶ
2433 2521 2682 2575 καίεσθαι
2726 2521 2999 2590 ὁμολογεῖ,
3024 2520 3121 2589 τῆς
3144 2521 3311 2573 αὐτοῦ
3339 2519 3600 2589 γυναικὸς
3631 2518 3758 2571 ὑπο-

2177 2616 2441 2685 καιούσης
2474 2614 2726 2683 κάμινον.
2752 2612 2825 2664 Τὸ
2865 2612 3154 2665 ἑκατοστὸν
3187 2612 3472 2665 ἑνδέκατον
3496 2610 3757 2679 μυθάριον

2176 2706 2288 2777 ἔχει
2315 2706 2485 2769 οὕτως
2503 2706 2633 2776 (84)*
2664 2726 2681 2757 ι
2709 2707 2860 2771 Εἰπὲ,
2880 2705 3042 2769 αὐτός
3068 2706 3182 2757 ἐστι
3207 2704 3338 2768 Θεὸς
3356 2702 3457 2768 εἷς,
3483 2703 3619 2767 Θεὸς
3643 2701 3755 2754 616c-

2178 2818 2385 2871 σφυρος
2405 2816 2419 2830 ⁸
2449 2801 2548 2853 οὑκ
2572 2802 2881 2870 ἐγέννησεν,
2908 2799 3030 2852 οὐδὲ
3053 2798 3316 2867 ἐγεννήθη
3340 2814 3354 2829 ⁸
3387 2797 3509 2850 οὐδὲ
3543 2796 3756 2863 ἐγένετο

2176 2896 2358 2964 ὅμοιος
2382 2892 2529 2962 αὑτῷ
2552 2904 2565 2918 ’
2608 2911 2627 2944 ι
2659 2894 2706 2944 εἰ
2736 2892 2809 2963 μὴ
2835 2892 2897 2945 τὸ
2920 2892 3108 2962 σχῆμα
3132 2891 3230 2961 τῆς
3262 2890 3496 2961 σφαίρας
3528 2889 3681 2958 δηλοί
3702 2887 3757 2939 τὸ

2175 2986 2493 3056 όλόσφυρον,
2539 2984 2679 3037 ἀλλά
2712 3000 2774 3051 γε
2834 2985 2894 3036 τὸ
2948 2982 3153 3036 πυκνὸν
3209 2982 3306 3034 καὶ
3361 2981 3752 3051 πεπιλημένον,

2176 3080 2313 3150 ὅπερ
2343 3079 2438 3132 καὶ
2463 3078 2596 3131 αὐτὸ
2622 3076 2714 3130 τοῦ
2753 3076 3004 3147 σώματος
3038 3076 3167 3129 ἴδιον
3192 3077 3332 3146 (85).
3357 3076 3430 3129 Τὸ
3460 3074 3757 3129 δωδέκατον

2177 3171 2269 3226 καὶ
2307 3170 2596 3225 ἑκατοστὸν
2653 3170 3082 3240 ἐπιγέγραπται,
3129 3170 3234 3233 Εἰς
3290 3167 3354 3221 τὸ
3417 3166 3751 3235 φεύξομαι·

2177 3265 2293 3316 ἔστι
2321 3263 2376 3317 δὲ
2404 3262 2634 3334 γοητικὴ
2659 3260 2995 3331 ἐπιφώνησις
3020 3278 3032 3292 ·
3065 3259 3179 3329 ἔχει
3196 3260 3304 3331 γὰρ
3326 3259 3499 3322 οὕτως
3517 3274 3531 3288 ⁸
3556 3277 3575 3309 ι
3604 3256 3749 3321 Εἰπὲ,

2178 3355 2447 3425 φεύξομαι
2476 3356 2553 3417 είς
2576 3355 2664 3408 τὸν
2695 3353 2898 3421 Κύριον
2918 3352 3011 3405 τοῦ
3034 3352 3470 3422 διαφαύσματος,
3499 3355 3567 3406 ἐκ
3591 3350 3749 3406 κακοῦ

2174 3445 2268 3499 τοῦ
2308 3444 2507 3497 ἔπλασε
2542 3444 2673 3513 (86),
2707 3442 2802 3496 κα)⁹
2849 3444 2911 3495 ἐκ
2955 3442 3130 3495 κακοῦ
3165 3442 3264 3508 τῆς
3300 3444 3654 3513 ἁστροτοξίας
3681 3444 3749 3497 ὅτ’

2174 3533 2240 3587 ἂν
2273 3533 2617 3603 ἐκτείνηται·
2653 3534 2746 3585 καὶ
2775 3534 2839 3585 ἐκ
2873 3532 3043 3584 κακοῦ
3079 3533 3491 3602 ἐμπτυσμάτων
3517 3535 3599 3598 είς
3633 3536 3750 3595 τοὺς

2170 3626 2408 3697 κύμϐους
2457 3625 2568 3695 (87)
2595 3643 2609 3659 ·
2660 3626 2756 3679 καὶ
2794 3625 2857 3677 ἐκ
2888 3624 3059 3678 κακοῦ
3117 3624 3315 3693 φθόνου
3346 3626 3692 3694 φθονοῦντος.
3726 3645 3744 3678 ι

2170 3719 2279 3772 Καὶ
2307 3720 2368 3770 τὸ
2396 3716 2685 3773 ἑκατοστὸν
2711 3717 3163 3787 τρισκαιδέκατον
3204 3718 3495 3791 μυθάριον,
3523 3719 3747 3789 γοητική

2170 3810 2318 3861 ἐστιν
2359 3807 2728 3877 ἐπιφώνησις’
2759 3806 3167 3875 ἐπιγέγραπται
3196 3810 3327 3878 γὰρ,
3375 3812 3480 3874 Εἰς
3517 3811 3585 3862 τὸ
3612 3808 3749 3877 φεύ-

2169 3900 2345 3969 ξομαι
2366 3899 2476 3969 (88)
2497 3915 2509 3927 ·
2540 3897 2651 3968 ἔχει
2687 3898 2744 3952 δὲ
2774 3897 2967 3962 οὕτως’
3011 3917 3029 3949 ι
3069 3900 3223 3965 Εἰπὲ,
3256 3900 3531 3969 φεύξομαι
3560 3902 3639 3963 είς
3664 3900 3749 3952 τὸν

2175 3992 2379 4061 Κύριον
2413 3989 2521 4044 τῶν
2552 3989 2875 4059 ἀνθρώπων,
2913 3989 3136 4058 βασιλέα
3189 3991 3518 4062 ἀνθρώπων,
3549 3994 3579 4046 6
3618 3991 3741 4053 Θεὸς

2176 4083 2284 4136 τῶν
2316 4080 2621 4150 ἀνθρώπων
2644 4097 2658 4111 ο
2688 4083 2751 4134 ἐκ
2780 4080 2953 4134 κακοῦ
2975 4080 3393 4153 ψιθυρισμάτων
3429 4084 3539 4139 τῶν
3566 4085 3748 4152 δαιμό-

491 4189 595 4226 νων
616 4176 691 4237 si;
716 4173 815 4236 τὰς
845 4173 1073 4243 καρδίας
1103 4170 1213 4225 τῶν
1233 4171 1558 4243 ἀνθρώπων,
1588 4177 1651 4227 ἐκ
1673 4175 1780 4228 τῶν
1801 4176 2071 4246 δαιμόνων
2109 4177 2201 4230 καὶ
2242 4175 2563 4246 ἀνθρώπων.
2604 4194 2621 4225 ι
2651 4176 2758 4228 Καὶ
2784 4176 2841 4226 ἐν
2874 4174 3082 4238 τούτοις
3110 4176 3425 4246 πεφίμωται
3493 4175 3661 4229 αὑτοῦ
3718 4177 3747 4243 ἡ

492 4266 643 4317 πᾶσα
673 4264 966 4335 μυθολογία
990 4265 1084 4317 καὶ
1116 4264 1357 4336 γοητεία,
1383 4264 1691 4335 πρόσφορον
1714 4269 1779 4336 τῇ
1811 4266 2077 4337 δυσφήμῳ
2117 4268 2256 4338 ἀρχῇ
2287 4266 2698 4337 ἐπενεγκαμένη
2726 4266 2900 4330 τέλος.

563 4360 651 4414 85.
677 4360 791 4428 Age
819 4374 949 4413 vero
977 4375 1043 4413 ex
1076 4360 1161 4414 his
1189 4359 1448 4413 omnibus
1474 4374 1567 4427 per
1590 4375 1709 4428 quae
1734 4358 2070 4417 Mohamedis

2246 4368 2357 4430 πγ’.
2399 4362 2492 4414 Ἐκ
2512 4362 2567 4415 δὲ
2592 4362 2808 4415 πάντων
2849 4361 2956 4414 τῶν
2988 4361 3457 4433 παραληφθέντων
3491 4365 3573 4426 εἰς
3594 4364 3746 4434 ὅρκον

490 4451 637 4505 Deus
657 4452 827 4521 jurat,
854 4450 1012 4505 facile
1034 4460 1118 4506 est
1137 4465 1490 4519 cognoscere,
1508 4451 1730 4519 quinam
1757 4451 1914 4506 istius
1930 4450 2070 4508 Deus

2180 4452 2254 4523 τῷ
2288 4453 2378 4506 τοῦ
2408 4453 2653 4521 Μωάμετ
2669 4446 2808 4521 Θεῷ,
2838 4452 2966 4522 ῥᾷόν
2992 4453 3107 4507 ἐστι
3133 4454 3364 4506 συνιδεῖν
3395 4455 3480 4517 τίς
3507 4456 3745 4525 ὑπῆρχεν

492 4542 566 4595 sit
601 4560 613 4596 :
648 4542 759 4595 imo
796 4557 930 4596 vero
965 4556 1058 4609 per
1110 4541 1258 4595 hunc
1289 4542 1675 4596 intermedium
1710 4543 1911 4598 multos
1954 4559 2070 4603 esse

2176 4547 2203 4599 6
2236 4544 2425 4597 τούτου
2446 4545 2575 4608 Θεός
2598 4560 2611 4575 ⁸
2649 4544 2848 4614 μᾶλλον
2868 4544 2923 4597 δὲ
2955 4545 3043 4597 διὰ
3077 4545 3244 4614 μέσου
3274 4546 3466 4600 τούτου
3496 4550 3546 4600 οἱ
3568 4548 3744 4600 πολλοὶ

492 4632 665 4701 ipsius
688 4632 840 4695 deos,
864 4633 1072 4701 absque
1090 4632 1198 4688 alio
1224 4647 1451 4699 prorsus
1470 4644 1795 4703 argumento
1816 4643 2071 4704 apparet:

586 4766 672 4821 72)
715 4766 842 4821 Sur.
883 4767 946 4821 C.

967 4837 1188 4894 Graecus
1219 4846 1399 4893 textus
1428 4837 1496 4892 ab
1522 4837 1779 4903 Arabico,
1828 4845 1886 4892 ut
1918 4847 2063 4894 certe

486 4923 634 4963 nunc
676 4924 735 4962 se
759 4908 941 4961 habet.

556 4976 668 5047 (7d)
697 4979 864 5048 Arab.
889 4980 1148 5048 ingratus.
1186 4978 1375 5047 Itaque
1409 4976 1607 5046 (Graece
1654 4978 1871 5048 videtur
1894 5047 1897 5048 ν
1920 4981 2059 5033 scri-

486 5046 725 5118 bendum
763 5047 839 5116 τῷ
878 5046 1066 5117 Κύρίῳ
1102 5050 1396 5118 ἀχάριστος
1434 5050 1555 5117 (pro
1583 5046 1931 5118 ἀχώριστος),
1966 5050 2062 5102 ad-

483 5134 659 5171 versus
697 5117 979 5188 [geminam
1008 5120 1269 5188 ingratus.

553 5188 666 5256 (75)
698 5185 826 5241 Sur.
855 5187 940 5241 (ll.

557 5254 670 5328 (76)
704 5256 841 5328 Care
866 5256 1171 5325 explicatur
1194 5256 1462 5326 pulsatrt'a:
1503 5258 1554 5310 in
1590 5255 1678 5328 edi.
1705 5254 1981 5310 Maraccii.

552 5326 665 5395 ('77)
707 5326 1007 5380 Maraccius
1036 5329 1268 5395 explicat
1298 5343 1416 5381 voc.
1446 5328 1615 5381 Arab.
1650 5327 1933 5380 locustam.
1969 5328 2056 5381 Si-

482 5397 893 5469 giiili‘catietiatn
904 5466 919 5469 _
930 5396 1276 5469 papilionem.

552 5466 666 5537 (78)
694 5468 837 5537 ειη,
856 5465 995 5530 cm,
1030 5466 1080 5517 ι.

547 5535 660 5605 (79)
693 5535 943 5605 lintclligei
964 5546 1163 5605 tempus
1194 5536 1636 5604 pomeridianum.

550 5541 639 5605 (79
695 5541 966 5605 lntcllige.

550 5541 663 5676 (80)
697 5604 822 5659 Sur.

546 5673 661 5745 (8i)
690 5675 815 5731 Sur.
846 5674 1028 5729 CVIII.
1060 5673 1193 5728 Cod.
1226 5675 1313 5728 hic
1344 5684 1393 5745 et
1419 5674 1553 5727 infra
1574 5674 1902 5745 _xav0apov;
1954 5674 2048 5728 sed

479 5742 650 5799 tertio
683 5746 801 5798 loco
839 5757 984 5799 recte
1014 5760 1041 5797 a
1072 5745 1107 5796 2
1133 5760 1205 5797 m.
1241 5744 1538 5799 καυθάρου.
1573 5742 1663 5796 Est
1698 5742 1876 5797 autem
1928 5760 2049 5797 con-

478 5826 722 5871 troversa
752 5817 863 5872 haec
899 5832 1003 5870 vox
1030 5816 1299 5880 Arabica;
1338 5813 1499 5883 vulgo
1529 5824 1708 5868 tamen
1731 5813 2047 5882 intelligitur

2176 4634 2343 4689 αὑτοῦ
2390 4634 2533 4687 θεοί·
2574 4635 2667 4688 καὶ
2704 4634 2827 4705 δίχα
2866 4635 3064 4700 παντὸς
3111 4637 3300 4707 ἐτέρου
3338 4637 3566 4710 ἐλέγχου
3586 4633 3661 4694 ὧν
3688 4654 3741 4691 τε

2173 4770 2358 4824 ﬂuvius
2383 4778 2476 4824 aut

2242 4839 2441 4912 _§ze85)
2471 4839 2711 4912 Fuit__hic
2741 4841 3078 4898 Mohamedis
3107 4852 3364 4912 patruus.

2236 4910 2480 4978 (84)Sur.
2510 4909 2645 4966 CIX.

2232 4979 2492 5058 (85)_Su_r.
2527 4980 2711 5035 CXIII.
2747 5011 2812 5058 τέ
2840 4982 2939 5036 Hic
2967 4982 3185 5058 demum
3226 4986 3307 5039 vel
3355 4989 3580 5058 proprio
3622 4998 3736 5044 stu-

2158 5050 2251 5105 dio
2282 5051 2365 5103 vel
2397 5050 2571 5104 aliena
2614 5051 2913 5106 monitione
2961 5055 3228 5119 eruditus,
3265 5050 3731 5114 ver'um'vocabuli

2157 5120 2377 5199 Arabici
2405 5119 2767 5190 signiﬁcatum
2821 5123 3338 5199 agnoscitﬁicetas,
3375 5131 3735 5199 ementlatque

2158 5191 2321 5264 tacite
2340 5205 2578 5264 errorem
2598 5206 2754 5264 quem
2779 5201 2922 5245 retro
2940 5194 3201 5263 (001.705)
3224 5196 3541 5264 scripserat.
3557 5191 3735 5253 Gram-

2156 5259 2425 5313 ntaticalis
2458 5275 2583 5327 ergo
2616 5260 2761 5320 illius
2809 5259 3057 5316 vocabuli
3091 5259 3283 5319 sen'sus
3312 5259 3397 5320 est
3426 5268 3619 5322 densus
3654 5271 3732 5323 vel

2154 5330 2380 5392 solidus,
2436 5331 2527 5405 sed
2587 5330 2743 5405 quasi
2779 5333 3149 5405 metaphorice
3215 5337 3377 5389 etiam
3435 5351 3728 5405 perpetuus,

2155 5399 2697 5477 quatcntts__dissolvi
2752 5403 2991 5477 nequit.__
3015 5404 3340 5477 Peccaverat
3392 5399 3615 5477 insuper
3641 5407 3729 5461 Ni-

2154 5468 2775 5547 cct'a‘sscr-ibettsncitato
2792 5468 2922 5547 leto
2947 5470 3268 5541 όλόσφαιρος
3288 5490 3388 5544 pro
3413 5468 3726 5547 ὁλόέφυρος.

2230 5535 2519 5615 (βῦὶήξξος.
2550 5537 2682 5615 dicit
2716 5541 3010 5615 defendens
3028 5535 3199 5615 suam
3226 5535 3724 5615 reprehensionem

2161 5606 2287 5677 (σοι.
2319 5606 2442 5674 705)
2475 5606 2828 5675 Mohamedis,
2876 5610 2970 5678 qui
3024 5612 3193 5667 Deum
3218 5606 3417 5671 fecisse
3450 5619 3727 5673 videbatur

2161 5676 2512 5727 materialem.

2156 5687 2512 5730 materialem.

2374 5744 2611 5829 ξξψῖυίεβ
2641 5748 2989 5829 ευρεΐειίοειε
3020 5749 3400 5829 fascinationis
3441 5773 3627 5829 genus.
3654 5786 3720 5797 -

2227 5813 2339 5886 (88)
2373 5813 2682 5871 Ειίιιηιίιοο
2709 5813 2761 5871 et
2796 5834 2909 5888 seq.
2946 5823 3066 5876 loco
3095 5826 3267 5881 codex
3298 5813 3577 5901 φείσὸμαι.

2506 4771 2732 4840 piscina.
