3882 6474
393 415 506 478 ΤΠ

1526 402 1958 466 REFUTATIO
2010 386 2487 462 MOHAMEDIS.

3551 397 3662 465 778
3733 421 3738 426 '

386 536 478 596 εἰς
523 529 621 601 τὴν
668 528 818 582 θείαν
858 525 1086 598 Γραφὴν
1124 525 1474 595 παρῴνησεν,
1505 517 1582 577 ὧν
1627 538 1684 576 τε
1719 519 1860 574 κατά
1887 519 1986 588 τῆς

2096 525 2206 570 tum
2252 517 2383 587 quia
2437 515 2705 570 adversus
2761 530 2975 570 sacram
3028 514 3366 587 Scripturam
3412 517 3656 585 insaniit,

385 623 556 692 δόξης
575 620 669 674 τοῦ
693 619 827 672 Θεοῦ
847 617 1134 688 ἠσέϐησεν,
1161 609 1236 670 ὧν
1265 633 1326 669 τε
1372 615 1513 669 κατὰ
1538 613 1648 667 τῶν
1677 613 1851 681 άγίων
1881 611 1978 664 αὺ-

385 716 495 769 τοῦ
549 713 795 782 ἀγγέλων
853 712 1224 782 ὲδυσφήμησε,
1280 709 1379 780 τῆς
1424 725 1484 762 τε
1538 707 1761 778 βαθείας
1813 701 1978 758 αὑτοῦ

390 806 698 875 ἀγνωσίας,
727 804 822 858 καὶ
863 803 1070 869 ἁπλῶς,
1121 803 1196 867 ὡς
1228 802 1384 872 ἔφην,
1416 801 1555 872 ξδίχα
1601 798 1744 861 τινὸς
1792 795 1980 869 ἑτέρου

391 899 629 968 ἐλέγχου
659 895 930 968 ἀριδήλως
972 893 1447 964 κτισματολάτρης
1498 891 1594 946 καὶ
1630 887 1981 957 δεισιδαίμων

393 990 665 1060 ὑπάρχων
709 986 1226 1056 καταλαμϐάνεται·
1263 985 1360 1040 καὶ
1393 985 1568 1055 μάτην
1605 979 1980 1054 μεγαλαυχοῦ-

391 1099 489 1135 σιν
525 1082 574 1134 οἱ
611 1081 827 1148 ἀνόητοι
867 1078 1194 1149 Σαρακηνοὶ,
1253 1077 1345 1130 ἐπὶ
1394 1075 1471 1146 τῷ
1499 1075 1656 1144 γόητι
1709 1073 1884 1142 τούτῳ
1907 1071 1982 1134 ὡς

389 1171 663 1244 ἀληθινὴν
691 1171 888 1235 αὐτοὺς
921 1170 1254 1239 θεογνωσίαν
1281 1168 1552 1234 διδάξαντι
1569 1183 1582 1197 ⁸
1609 1164 1984 1237 προκάλυμμα

391 1265 514 1334 γάρ
559 1265 716 1335 μόνον
769 1263 830 1316 τὸ
862 1263 955 1314 τοῦ
995 1261 1157 1332 μόνου
1189 1259 1323 1313 Θεοῦ
1381 1258 1735 1329 περιεὸάλετο
1774 1257 1978 1324 δνομα⁶

393 1359 549 1411 κατὰ
573 1356 630 1408 δὲ
672 1355 732 1408 τὸ
766 1352 991 1422 λεληθὸς
1035 1352 1562 1424 κτισματολατρείαν
1599 1349 1694 1402 καὶ
1738 1347 1983 1416 Ἐλληνι-

396 1449 544 1520 σμὸν
577 1449 756 1510 αὐτοῖς
797 1447 1155 1516 είσηγήσατοο
1189 1444 1283 1498 καὶ
1303 1443 1483 1513 δῆλον,
1515 1443 1590 1506 ὼς
1613 1442 1767 1513 ἔφην,
1788 1443 1851 1494 ὲκ
1876 1439 1984 1493 τῶν

393 1541 663 1596 τοιούτων
719 1540 882 1592 αὑτοῦ
921 1539 1138 1608 ὅρκων·
1196 1536 1316 1599 πῶς
1360 1536 1469 1606 γὰρ
1520 1531 1588 1606 ἦν
1620 1532 1844 1587 δυνατὸν
1893 1532 1984 1584 τὸν

396 1633 586 1704 ἀληθῆ
617 1631 752 1685 Θεὸν
781 1630 1021 1701 ὀμνύντα
1051 1628 1194 1683 κατὰ
1223 1629 1384 1692 κυνὸς
1412 1626 1700 1698 δρομικοῦ,
1733 1627 1825 1679 καὶ
1861 1625 1986 1678 σκό-

393 1742 534 1788 τους
577 1720 890 1794 νυκτερινοῦ
917 1762 930 1786 ,
969 1721 1062 1774 κα).
1103 1719 1211 1773 τῶν
1263 1719 1451 1772 τούτου
1485 1717 1782 1788 χειρόνων;
1845 1713 1986 1770 Ἀλλ’

397 1815 598 1885 ἐπειδὴ
655 1814 914 1885 φορτικὸς
945 1809 1012 1884 ἦν
1047 1813 1227 1875 αὐτοῖς
1268 1811 1364 1864 xui.
1394 1810 1775 1880 άπαράδεκτος
1814 1807 1874 1873 ἐξ
1900 1808 1986 1860 εύ-

401 1907 562 1968 Θείας
585 1905 1028 1976 προτρεπόμενος
1053 1904 1249 1966 αὐτοὺς
1284 1901 1568 1973 λατρεύειν
1597 1905 1662 1973 τῇ
1689 1902 1863 1954 κτίσει
1895 1903 1988 1954 καὶ

397 2000 524 2060 τοῖς
545 1997 814 2066 δαίμοσιν,
852 1996 1271 2067 προοιμιάζεται
1303 1995 1400 2064 μὲν
1437 1994 1555 2057 ἑνὸς
1601 1992 1736 2046 Θεοῦ
1765 1993 1985 2061 γνῶσιν,

395 2087 487 2151 ὡς
513 2087 578 2140 ἂν
599 2088 687 2142 διὰ
702 2087 894 2140 τούτου
926 2087 1154 2155 ἐκφύγοι
1175 2085 1273 2156 τὴν
1295 2087 1393 2155 τῆς
1416 2084 1706 2148 πολυθεΐας
1732 2083 1986 2153 ὑποψίαν

399 2180 574 2233 πάλιν
597 2178 654 2232 δὲ
680 2179 888 2232 τούτων
912 2179 1009 2231 οὐκ
1035 2178 1259 2247 άναίδην
1290 2179 1386 2231 καὶ
1425 2178 1579 2240 θεοὺς
1607 2177 1750 2246 ἔχειν
1782 2175 1850 2228 τὰ
1876 2177 1991 2229 xtl-

402 2288 601 2340 σματα
649 2272 911 2340 ἐκφωνεί·
967 2269 1103 2324 ἀλλὰ
1157 2270 1256 2340 τὴν
1305 2269 1678 2340 προσηγορίαν
1725 2267 1818 2320 τοῦ
1856 2267 1990 2321 Θεοῦ

403 2367 733 2437 ἁποσιωπᾷ·
782 2367 845 2419 τὸ
882 2366 940 2420 δὲ
975 2365 1218 2436 καθῆκον
1245 2370 1373 2437 περὶ
1394 2365 1530 2419 Θεοῦ
1563 2366 1749 2430 σέϐας,
1783 2365 1844 2418 τὸ
1869 2365 1990 2418 κατ’

404 2456 578 2510 αὐτὸν
611 2458 778 2527 ὅρκῳ,
808 2458 972 2528 φημὶ,
1005 2458 1312 2529 προσάπτει
1347 2458 1496 2529 αὐτῷ
1521 2475 1535 2489 ·
1565 2457 1706 2512 ὥστε
1734 2459 1793 2524 ἐξ
1819 2459 1991 2527 ἀνάγ-

403 2564 520 2614 κης
550 2546 832 2615 συμϐαίνει
855 2551 966 2610 τοῖς
997 2547 1075 2616 τῷ
1107 2545 1215 2616 θεῷ
1252 2546 1345 2600 τοῦ
1381 2547 1624 2616 Μωάμετ
1647 2543 1991 2616 λατρεύουσι,

401 2636 505 2690 διὰ
565 2638 728 2704 μέσου
786 2637 978 2690 τούτου
1014 2639 1079 2708 τῇ
1133 2637 1308 2690 κτίσει
1337 2637 1430 2690 καὶ
1475 2640 1584 2700 τοῖς
1632 2637 1846 2706 δαίμοσι
1901 2636 1993 2689 λα-

405 2729 659 2799 τρεύεινο
697 2729 788 2783 τὸν
812 2731 865 2784 δὲ
895 2730 1026 2783 Θεὸν
1057 2729 1150 2784 τοῦ
1200 2725 1450 2802 Ἀϐραὰμ
1476 2729 1706 2802 ὀμνύναι
1753 2731 1994 2801 Μωῦσῆς

410 2823 521 2892 μὲν
565 2821 794 2889 εἰσάγει,
827 2824 887 2874 οὐ
922 2823 1041 2876 κατ’
1073 2822 1232 2876 ἄλλου
1289 2823 1344 2875 δέ
1392 2839 1535 2884 τινος
1566 2821 1795 2892 ὀμνύναι
1823 2821 1990 2889 λέγει,

403 2914 555 2967 ἀλλὰ
578 2915 700 2968 καθ’
731 2916 926 2967 ἑαυτοῦ
950 2931 963 2944 ·
1004 2915 1141 2968 Κατ’
1172 2914 1434 2984 ἐμαυτοῦ
1470 2914 1598 2984 γὰρ,
1636 2914 1820 2983 φησὶν,
1848 2912 1997 2982 ὤμο-

405 3021 503 3057 σα
526 3021 538 3033 ·
574 3006 711 3059 ἰῖέστε
734 3009 760 3059 ὁ
794 3007 886 3059 τὸν
916 3006 1049 3059 Θεὸν
1071 3008 1163 3060 τοῦ
1197 3008 1445 3078 Ἀϐραὰμ
1469 3008 1665 3070 σέϐων,
1684 3008 1783 3075 οὐχ
1808 3006 1996 3076 ἕτερόν

405 3115 540 3150 τινα
568 3097 696 3151 Θεὸν
720 3098 808 3152 διά
846 3099 1012 3168 μέσου
1049 3099 1213 3154 αὑτοῦ
1241 3099 1409 3162 σέϐει,
1432 3100 1547 3152 ἀλλ’
1569 3100 1732 3154 αὐτὸν
1763 3101 1991 3152 ἐκεῖνον·

2083 619 2196 663 tum
2254 608 2382 678 quia
2416 609 2687 662 adversus
2738 606 2833 661 Dei
2878 609 3219 678 majestatem
3253 609 3514 678 peccavit,
3541 621 3657 665 tum

2081 701 2210 770 quia
2270 701 2337 756 de
2385 701 2592 756 sanctis
2641 699 3062 769 blasphemavit.
3127 701 3277 755 Adde
3331 701 3656 770 profundam

2081 791 2327 862 ejusdem
2384 791 2680 847 inscitiam.
2717 789 2956 846 Omnino
2985 791 3260 847 evidenter
3305 793 3508 861 absque
3551 791 3659 846 alio

2082 886 2278 954 quovis
2307 893 2628 956 argumento
2651 893 3027 939 creaturarum
3069 885 3330 940 adorator
3383 895 3438 939 et
3463 900 3660 954 supcr-

2083 976 2328 1031 stitiosus
2399 975 2765 1031 convincitur.
2830 976 3057 1033 Temere
3113 977 3296 1049 itaque
3357 978 3660 1049 gloriantur

2084 1067 2266 1122 stolidi
2319 1066 2579 1122 Saraceni
2617 1068 2683 1123 de
2733 1069 2840 1123 hoc
2902 1069 3220 1138 impostore,
3262 1070 3421 1140 quasi
3472 1087 3657 1126 veram

2083 1160 2233 1230 ipsos
2286 1159 2378 1214 Dei
2432 1161 2680 1215 notitiam
2729 1161 2998 1216 docuerit.
3067 1161 3312 1233 Namque
3362 1143 3661 1234 pra~te§tus

2087 1254 2467 1309 tantummodo
2525 1269 2715 1317 causa,
2770 1254 2862 1309 Dei
2919 1257 3083 1310 unius
3117 1273 3226 1326 pra:
3258 1273 3316 1312 se
3353 1258 3524 1312 tendit
3559 1274 3660 1312 noo

2086 1363 2241 1413 men;
2265 1348 2494 1401 latenter
2525 1363 2654 1402 vero
2678 1347 3040 1402 idololatrian)
3071 1358 3123 1402 et
3145 1350 3531 1405 ethnicismum
3554 1352 3660 1405 illis

2088 1440 2317 1493 invexit.
2375 1437 2543 1509 quue
2601 1447 2840 1505 constat,
2896 1449 2954 1493 ut
3028 1440 3160 1503 dixi,
3217 1456 3284 1496 ex
3347 1443 3660 1518 hujusmOdi

2083 1531 2412 1602 iuramentis
2468 1531 2609 1602 ejus.
2661 1530 2795 1587 Nam
2837 1533 2928 1604 qui
2982 1533 3097 1587 ﬁeri
3134 1543 3350 1604 poterat
3396 1543 3454 1589 ut
3500 1551 3662 1590 verus

2088 1625 2233 1680 Deus
2286 1641 2383 1695 per
2412 1641 2603 1680 canem
2636 1625 2882 1680 velocem
2951 1625 3183 1694 iuraret,
3213 1641 3310 1696 per
3365 1635 3664 1681 nocturnas

2087 1717 2363 1781 tenebras,
2399 1726 2452 1770 et
2473 1733 2570 1787 per
2605 1718 2689 1774 his
2737 1718 3045 1772 deteriora?
3083 1719 3189 1773 Sed
3227 1719 3356 1788 quia
3399 1719 3663 1773 molestus

2091 1808 2288 1864 fuisset
2352 1809 2458 1864 illis
2514 1809 2862 1865 Mohamedcs
2908 1821 2960 1865 et
3020 1811 3244 1864 minime
3287 1810 3585 1874 credibilis,
3620 1812 3664 1863 si

2095 1911 2238 1956 recta
2268 1916 2364 1956 eos
2403 1901 2467 1956 ad
2499 1911 2769 1956 creatura:
2795 1903 3218 1972 dwmonumque
3246 1903 3452 1957 cultum
3489 1903 3667 1972 impu-

2094 1992 2280 2056 lisset;
2315 1991 2476 2046 initio
2502 1993 2723 2062 quidem
2755 1994 2917 2050 unius
2949 1994 3040 2048 Dei
3085 1995 3340 2049 notitiam
3382 1996 3569 2058 tradit,
3610 2005 3668 2049 ut

2093 2087 2175 2142 sic
2205 2085 2548 2157 polythcismi
2571 2085 2937 2156 suspicionem
2970 2087 3121 2141 vitet.
3161 2088 3294 2142 item
3323 2089 3462 2142 haud
3488 2088 3666 2158 impu-

2093 2176 2282 2231 denter
2313 2185 2372 2231 ut
2396 2185 2678 2231 creaturas
2707 2177 2883 2232 instar
2911 2177 3002 2232 Dei
3035 2180 3294 2244 habeant,
3327 2179 3546 2243 clamat,
3573 2181 3666 2232 sed

2095 2269 2190 2324 Dei
2223 2284 2425 2324 nomen
2457 2271 2680 2335 reticet;
2711 2271 3072 2326 nihilominus
3105 2272 3521 2327 convenientem
3557 2271 3668 2324 Deo

2094 2363 2381 2419 honorem.
2442 2363 2533 2430 qui
2576 2377 2672 2431 per
2701 2361 3101 2432 'jusjurandum
3167 2363 3348 2427 datur,
3384 2364 3550 2428 hune,
3585 2363 3670 2414 in-

2095 2469 2282 2524 quam,
2318 2455 2586 2508 creaturis
2626 2463 2884 2524 tanquam
2921 2453 3028 2508 Deo
3067 2454 3181 2509 dat.
3224 2455 3297 2508 Ex
3331 2469 3439 2524 quo
3476 2468 3672 2507 neces-

2097 2547 2245 2602 sario
2276 2546 2652 2616 consequitur,
2682 2558 2740 2601 ut
2767 2549 2856 2617 qui
2894 2546 3231 2602 Mohamedis
3271 2547 3431 2601 deum
3460 2548 3669 2611 colunt,

2097 2639 2202 2693 hoc
2227 2640 2572 2703 intermedio,
2611 2647 2724 2693 tum
2757 2649 3036 2695 creaturas
3065 2651 3179 2694 tum
3207 2639 3370 2694 etiam
3397 2641 3672 2695 dremones

2097 2731 2299 2787 colant.
2325 2731 2619 2785 Abrahami
2649 2747 2779 2786 sane
2805 2732 2969 2786 Deum
2997 2732 3205 2786 inducit
3227 2732 3499 2802 jurantctn
3523 2731 3672 2803 Moy-

2104 2842 2214 2889 ses,
2246 2825 2336 2879 sed
2367 2840 2464 2894 per
2496 2825 2657 2878 aliam
2694 2839 2805 2877 rem
2859 2825 3060 2878 nullam
3106 2825 3210 2879 nisi
3246 2841 3342 2895 per
3372 2839 3430 2880 se
3451 2825 3625 2894 ipsum
3656 2837 3671 2876 :

2099 2915 2205 2970 Per
2254 2915 2614 2985 ntentetipsum
2633 2915 2814 2984 juravi
2842 2915 2907 2980 ³⁷,
2946 2915 3140 2985 inquit.
3181 2915 3540 2981 Quamobrem
3578 2915 3673 2984 qui

2098 3007 2267 3062 Deum
2291 3007 2584 3062 Abrahami
2620 3007 2768 3073 colit,
2807 3007 2974 3062 alium
3007 3007 3173 3061 Deum
3203 3007 3528 3062 intermedio
3554 3009 3674 3077 ipso

2100 3116 2208 3155 non
2255 3101 2406 3166 colit,
2446 3101 2538 3154 sed
2600 3100 2750 3154 illum
2809 3099 3011 3168 ipsum.
3063 3099 3447 3154 Mohamedani
3487 3111 3670 3155 autem

409 3192 474 3242 oi.
509 3191 565 3244 δὲ
591 3190 666 3260 τῷ
705 3191 801 3244 τοῦ
843 3191 1088 3262 Μωάμετ
1141 3192 1492 3261 λατρεύοντες
1533 3192 1670 3262 Θεῷ,
1703 3193 1770 3246 δι’
1821 3189 1984 3243 αὑτοῦ

2096 3198 2221 3248 dum
2281 3192 2448 3247 Deum
2485 3193 2696 3256 colunt,
2746 3192 3070 3246 intermedio
3135 3193 3323 3247 eodem
3379 3203 3568 3248 noctes
3619 3205 3676 3249 ct

409 3281 632 3333 ἐκείνου
661 3281 864 3344 νύκτας
910 3298 970 3334 τε
1019 3283 1112 3334 καὶ
1145 3281 1311 3344 κύνας
1355 3282 1448 3335 καὶ
1482 3284 1649 3345 συκᾶς
1683 3284 1776 3334 καὶ
1809 3281 1994 3344 ὲλαίας

407 3376 516 3426 καὶ
542 3373 715 3426 πάντα
736 3374 805 3426 τὰ
827 3374 1199 3444 προειρημένα
1222 3373 1546 3444 μυθεύματα
1573 3373 1990 3444 προσκυνοῦσιν·

409 3464 506 3517 διὸ
559 3464 622 3535 δὴ
652 3464 749 3536 τὴν
803 3465 1012 3536 πλάνην
1047 3467 1504 3536 κατανοήσαντες,
1558 3466 1649 3518 καὶ
1708 3467 1800 3519 τὸν
1847 3465 1994 3518 δόλον

408 3557 718 3620 συνιέντες,
751 3557 1166 3627 άποστήτωσαν,
1201 3559 1250 3610 εί
1303 3557 1593 3628 βούλοιντο,
1627 3557 1728 3628 τῆς
1756 3557 1850 3610 τοῦ
1888 3576 1994 3628 μα-

407 3649 576 3701 ταίου
603 3649 792 3704 τούτου
821 3650 1186 3720 παροδηγίας*
1221 3651 1319 3703 καὶ
1373 3650 1509 3722 μόνῃ
1547 3653 1610 3721 τῇ
1647 3649 1766 3720 θείᾳ.
1804 3651 1992 3720 Γραφῇ

409 3740 828 3808 στοιχήσαντες,
879 3740 1012 3808 παρ’
1061 3739 1231 3810 αὐτῆς
1280 3738 1378 3810 τὴν
1430 3739 1644 3792 τελείαν
1699 3741 1794 3794 καὶ
1825 3741 1994 3811 μόνην

406 3829 599 3899 ἂληθῆ
623 3830 952 3898 θεογνωσίαν
977 3829 1410 3902 διδαχθήτωσαν·
1439 3833 1576 3902 πρὸς
1597 3835 1661 3904 ἢν
1679 3834 1747 3887 τά
1768 3834 1997 3905 κίϐδηλα

405 3921 615 3973 τούτου
669 3921 908 3993 μυθάρια
968 3923 1394 3994 συγκρινόμενα,
1445 3926 1544 3995 τὴν
1597 3926 1718 3978 ὅσον
1763 3927 1996 3998 κοπρίαν

407 4015 561 4082 πρὸς
613 4013 842 4084 ὕδρυζον
893 4017 1093 4087 χρυσὸν
1130 4018 1628 4090 παραϐαλλομένην
1679 4019 1996 4076 ἀπόπτωσιν

407 4107 701 4177 πάσχοντα
731 4111 1116 4182 ἀπελέγχεται.

945 4206 1340 4259 ΛΠΑΝΤΗΣῙΣ
1369 4206 1468 4261 ΙΘ’.

406 4292 580 4379 Πρρς
608 4293 1005 4379 τὸνήίιντζςυὰμετι
1053 4297 1244 4379 3521.151);-
1290 4299 1833 4379 _éx.1ay6arépermf
1875 4299 1998 4379 ,τὴν

491 4367 681 4434 Λόγος
712 4366 820 4436 (89)
851 4368 1060 4436 φωνὴν
1081 4368 1179 4421 ἐπὶ
1213 4369 1318 4422 τοῦ
1362 4366 1778 4422 ἐνῡποστὰτου
1803 4366 1996 4440 Λόγου

495 4434 594 4487 καὶ
626 4437 762 4490 Υἰοῡ
794 4437 898 4490 τοῦ
928 4438 1095 4493 Θεοῦ.

2096 3300 2258 3340 canes
2281 3294 2333 3340 et
2377 3286 2511 3339 licus
2539 3294 2591 3340 ct
2618 3283 2782 3350 oleas,
2803 3293 2855 3339 et
2875 3286 3124 3354 praedicta
3155 3285 3335 3340 omnia
3369 3295 3674 3342 commenta

2097 3381 2348 3434 adorant.
2415 3378 2582 3450 Igitur
2635 3393 2823 3434 errore
2871 3380 3088 3435 demum
3144 3381 3384 3451 cognito,
3441 3381 3676 3450 doloque

2097 3473 2393 3534 intellecto,
2429 3472 2713 3535 recedant,
2744 3471 2788 3525 si
2823 3478 2971 3526 certe
3009 3471 3224 3535 volunt,
3255 3473 3322 3530 ab
3345 3473 3508 3542 hujus
3526 3474 3676 3528 stulti

2097 3579 2328 3617 erroueo
2371 3565 2569 3618 ducatu
2623 3564 2872 3634 :unique
2930 3564 3124 3619 divinae
3153 3564 3451 3644 Scriptura:
3491 3568 3647 3620 adhm

2097 3665 2297 3718 rentes,
2325 3655 2391 3708 ab
2414 3655 2601 3710 eadem
2627 3657 2925 3726 perfectum
2947 3656 3238 3726 solumque
3259 3673 3444 3712 verum
3469 3658 3675 3712 cultum

2097 3746 2344 3813 discant;
2409 3743 2534 3801 cum
2576 3763 2682 3817 qua
2749 3747 2932 3802 divina
2991 3747 3272 3817 Scriptura
3300 3763 3469 3802 cassa:
3511 3748 3677 3818 hujus

2099 3839 2339 3894 hominis
2384 3840 2753 3894 fabulationes
2807 3849 3156 3910 comparatae,
3219 3855 3319 3894 ceu
3360 3840 3405 3894 si
3462 3849 3678 3896 stercus

2097 3944 2222 3984 cum
2255 3945 2388 3984 auro
2419 3930 2610 3985 obrizo
2643 3928 2980 3999 conferatur,
3025 3931 3182 3984 ruina
3221 3930 3423 3986 diaboli
3452 3945 3675 4000 compe-

2097 4023 2327 4078 rientur.
2395 4023 2414 4054 '-

2539 4204 3043 4262 CONTRADICTIO
3081 4205 3224 4260 XIX.

2097 4298 2358 4352 Adversus
2375 4297 2731 4352 Molmmedem
2744 4339 2756 4358 ,
2771 4300 2859 4368 qui
2880 4297 3033 4351 vocab
3045 4297 3128 4350 uln
3139 4315 3186 4350 m
3204 4295 3426 4351 VERBUM
3448 4297 3675 4368 simplici

2171 4371 2382 4494 ibatione
2428 4369 2676 4438 intelligit
2705 4370 2758 4420 in
2784 4370 3179 4439 enhypostatico
3222 4368 3388 4422 Verbo
3437 4379 3486 4420 et
3526 4367 3674 4422 Filio

2220 4457 2288 4494 et.
3092 4489 3100 4494 _

2220 4457 2288 4495 ει.

495 4527 602 4582 τπδ’.
634 4521 734 4582 Ὧν
783 4531 838 4584 αἱ
885 4529 1065 4583 οὐσίαι
1109 4531 1274 4601 ἧτουν
1297 4531 1352 4583 αἱ
1384 4531 1574 4600 φύσεις
1601 4532 1868 4604 διάφοροι,
1899 4535 1991 4588 καὶ

2170 4531 2262 4586 84.
2311 4530 2556 4597 Quorum
2593 4530 2934 4594 substantiae,
2985 4531 3037 4585 id
3067 4539 3153 4586 est
3186 4539 3416 4597 natura,
3449 4532 3679 4588 diversa:

407 4622 564 4676 αὐτὰ
602 4623 816 4686 πάντως
838 4622 958 4676 κατ’
994 4623 1181 4676 οὐσίαν
1211 4623 1445 4697 διάφορα
1467 4641 1482 4653 ·
1509 4623 1545 4678 ὃ.
1577 4624 1634 4677 δὲ
1663 4624 1836 4688 οὕτως
1866 4627 2002 4697 πρὸς

405 4713 628 4784 ἄλληλα
656 4714 924 4784 διαφέρει,
965 4716 1061 4769 καὶ
1111 4715 1208 4779 τὰς
1264 4715 1542 4778 οὐσιώδεις
1588 4717 1855 4788 ἰδιότητας
1895 4719 2004 4772 τῶν

407 4803 638 4875 φύσεων
665 4804 954 4874 διαφόρους
987 4807 1082 4859 καὶ
1133 4807 1421 4875 ἀνομοίους
1466 4806 1578 4877 ἔχει
1603 4826 1616 4840 ·
1668 4803 1742 4864 ὧν
1773 4806 1865 4864 οὖν
1895 4812 2002 4882 ἄρα

406 4895 479 4949 αι
509 4895 687 4948 οὐσίαι
710 4895 872 4966 ῆτουν
905 4895 962 4948 αἱ
1000 4896 1193 4964 φύσεις
1221 4897 1488 4968 διάφοροι,
1525 4900 1620 4954 καὶ
1646 4902 1699 4953 αἱ
1725 4900 2004 4965 οὐσιῶδεις

404 4985 603 5042 αὐτῶν
637 4987 901 5058 ίδιότητες
929 4987 1038 5040 τῶν
1075 4987 1292 5056 φύσεων
1323 4989 1571 5061 διάφοροι
1621 4993 1716 5046 καὶ
1736 4993 2000 5062 ἀνόμοιοι.

403 5080 484 5133 Εἰ
515 5075 608 5132 οὖν
647 5080 778 5144 Θεὸς
828 5082 922 5134 καὶ
971 5081 1202 5149 ἄγγελος
1261 5081 1355 5134 καὶ
1389 5082 1674 5154 ἄνθρωπος
1715 5086 2004 5156 διαφόρους

403 5172 533 5242 ἔχει
582 5171 682 5236 τάς
713 5173 923 5238 οὐσίας,
980 5174 1079 5228 καὶ
1135 5175 1289 5227 αὐτοὶ
1324 5175 1571 5247 διάφοροι
1631 5178 1696 5232 ἂν
1727 5174 1836 5232 εἷεν
1866 5181 2003 5250 πρὸς

402 5262 646 5325 ἑαυτούς
668 5281 682 5294 ’
718 5267 767 5318 εί
802 5265 858 5318 δὲ
889 5266 1210 5338 διαφέρουσι
1243 5267 1378 5337 πρὸς
1404 5269 1654 5334 ἑαυτοὺς,
1693 5270 1786 5323 καὶ
1814 5271 1869 5323 αἱ
1906 5273 2001 5324 οὑ-

403 5356 634 5420 σιώδεις
681 5357 860 5410 αὐτῶν
921 5357 1182 5428 ἰδιότητες
1227 5359 1335 5413 τῶν
1382 5359 1598 5430 φύσεων
1633 5361 1879 5432 διάφοροι
1909 5365 2000 5418 καὶ

399 5449 667 5518 ἀνόμοιοι
695 5449 880 5503 τέλεον
911 5450 1124 5504 ἔσονται
1155 5453 1290 5522 πρὸς
1317 5453 1517 5517 ἑαυτάς
1542 5470 1558 5486 ο
1589 5455 1785 5509 οὐκοῦν
1811 5456 1997 5527 ἕτερον

397 5541 552 5597 Θεοῦ
603 5541 695 5596 καὶ
750 5543 1000 5612 ἀγγέλων
1060 5546 1153 5598 καὶ
1179 5545 1483 5616 ἀνθρώπων
1533 5547 1593 5600 τὸ
1621 5548 1838 5618 λογικὸν
1869 5553 2006 5622 πρὸς

488 5657 533 5691 ³⁷
557 5656 698 5715 Gen.
734 5674 872 5723 xm,
903 5657 992 5713 l6.

2103 4636 2248 4694 sunt,
2284 4641 2349 4680 ea
2391 4625 2510 4696 ipsa
2539 4625 2758 4680 omnino
2793 4625 3228 4682 substantialiter
3258 4627 3471 4682 diversa
3499 4637 3628 4682 sunt
3661 4645 3676 4680 :

2102 4736 2224 4790 qua:
2256 4728 2438 4774 autem
2502 4719 2735 4774 invicem
2768 4720 2848 4774 sic
2885 4719 3165 4785 dill‘erunt,
3193 4735 3254 4774 ea
3285 4720 3678 4776 substantiales

2101 4827 2322 4882 quoque
2353 4821 2670 4866 naturarum
2705 4810 3066 4881 proprietates
3093 4812 3336 4867 diversas
3354 4811 3677 4867 dissimiles-

2104 4921 2209 4976 que
2240 4905 2460 4958 habent.
2494 4905 2664 4974 Igitur
2701 4919 2939 4974 quorum
2970 4905 3310 4969 substantitr,
3340 4905 3392 4959 id
3441 4913 3524 4958 est
3577 4920 3679 4958 na-

2105 5009 2262 5066 tura),
2293 4997 2574 5062 dilferunt,
2635 4997 2957 5050 corumdem
3001 4997 3394 5052 substantiales
3460 5013 3680 5066 quoque

2102 5100 2422 5145 naturarum
2455 5088 2813 5160 proprietates
2840 5088 3068 5142 diversa:
3097 5097 3415 5158 suntatque
3437 5090 3677 5144 dissimi-

2102 5183 2202 5238 les.
2238 5181 2294 5236 Si
2329 5198 2462 5252 ergo
2523 5179 2667 5234 Deus
2689 5189 2740 5234 et
2772 5179 3000 5250 angelus
3034 5189 3087 5233 et
3110 5179 3274 5233 homo
3304 5179 3548 5234 diversas
3581 5180 3680 5234 ha-

2101 5278 2229 5332 hent
2260 5274 2617 5340 substantias,
2647 5273 2748 5342 ipsi
2771 5287 2992 5342 quoque
3013 5273 3215 5327 diversi
3251 5281 3412 5328 erunt
3436 5273 3577 5327 inter
3598 5289 3677 5328 se.

2109 5369 2265 5436 Quod
2301 5369 2345 5424 si
2376 5367 2432 5422 hi
2456 5366 2710 5422 diﬂ‘erunt
2739 5365 2883 5420 inter
2911 5380 2989 5430 se,
3016 5365 3408 5420 substantiales
3461 5380 3681 5436 quoque

2105 5461 2248 5531 apud
2285 5475 2379 5515 eos
2435 5471 2755 5514 naturarum
2794 5456 3155 5527 proprietates
3179 5455 3406 5512 diversa:
3435 5456 3681 5511 dissimi-

2103 5554 2293 5623 lesque
2321 5565 2550 5622 prorsus
2579 5557 2765 5606 erunt
2813 5548 2954 5604 inter
2998 5564 3077 5604 se.
3109 5547 3301 5620 Itaque
3338 5549 3551 5605 diversa
3596 5561 3682 5605 est

485 5781 886 5860 _(89_)_(}hristus
924 5780 1149 5837 Verbum
1179 5779 1275 5836 Dei
1313 5781 1392 5837 vel
1429 5797 1494 5837 ea:
1524 5780 1654 5852 Deo,
1684 5783 1988 5856 appellatur
2027 5799 2056 5842 a
2090 5782 2413 5844 Mohamcde
2439 5781 2592 5860 _Sur.
2622 5781 2712 5854 lll,
2746 5783 2834 5841 45.
2888 5782 3088 5844 Recole
3141 5794 3324 5842 autem
3377 5785 3520 5858 apud
3581 5800 3680 5844 nos

395 5855 521 5913 col.
561 5854 680 5912 7‘29.

783 5952 1053 6014 PATROL.
1096 5951 1214 6012 Gn.
1259 5950 1380 6014 CV.

3253 5951 3327 6011 25
