3994 6610
342 438 349 443 ·
420 413 530 480 779

1656 415 1951 477 meam
2005 382 2414 479 BYZANTINI

3581 425 3680 490 780

419 528 652 585 invicem
685 526 779 584 Dei
814 536 867 585 et
897 527 1217 599 angelorum
1278 538 1333 585 et
1382 529 1665 585 hominum
1718 532 1981 587 rationali:

2108 533 2336 605 ἄλληλα,
2377 534 2440 587 οὑ
2473 530 2634 604 μόνον
2662 532 2737 596 ὼς
2766 531 2993 604 ποιητοῦ
3030 532 3168 608 πρὸς
3201 533 3437 608 ποίημα,
3461 536 3583 593 οὑδὲ
3614 539 3683 603 ὠς

418 621 672 686 facultas,
703 637 810 676 non
868 622 1044 676 solum
1079 632 1340 693 tanquam
1369 620 1645 677 Creatoris
1691 638 1818 694 erga
1853 639 2007 679 crea-

416 725 616 780 turam,
645 725 694 770 et
730 714 1107 770 imtnatcrialis
1128 730 1253 784 erga
1279 715 1577 779 materiale,
1612 715 1707 771 sed
1733 726 2007 784 quatenus

417 808 471 862 in
505 823 612 863 uno
632 816 718 864 est
747 807 974 863 verbum
1008 807 1382 863 tantummodo
1409 810 1683 862 internum
1706 826 1721 876 ;
1745 810 1796 862 in
1832 809 2006 863 altero

414 899 580 952 etiam
640 897 1037 953 enuntiativum
1067 914 1081 961 ;
1124 897 1178 950 in
1211 897 1372 951 tertio
1404 897 1642 967 denique
1671 897 1794 968 plus
1838 912 2005 967 quam

412 989 685 1045 internum
704 997 758 1044 et
784 987 1200 1043 enuntiativum.
1219 987 1284 1042 Et
1310 1003 1433 1043 cum
1458 988 1673 1043 illorum
1709 988 1852 1043 haud
1866 988 2001 1043 sub-

412 1081 663 1137 stantiale
688 1081 758 1137 sit
787 1081 1035 1147 verbum,
1056 1096 1165 1136 non
1195 1080 1340 1134 enim
1358 1089 1511 1135 extra
1533 1080 1665 1135 illud
1710 1080 1763 1135 in
1785 1095 1895 1151 quo
1925 1089 2007 1134 est

410 1172 670 1242 procedit,
694 1175 819 1238 quia
838 1171 1160 1228 naturaliter
1176 1180 1555 1242 comparatum
1576 1178 1660 1227 est
1694 1180 1753 1227 ut
1778 1172 2000 1226 verbum

408 1268 461 1322 in
489 1266 755 1322 creaturis
794 1282 823 1321 a
868 1267 1116 1337 subjecto
1146 1282 1245 1324 suo
1274 1284 1382 1322 non
1413 1268 1678 1333 discedat,
1709 1269 1801 1323 sed
1850 1269 1904 1323 in
1935 1284 2000 1323 eo

405 1358 713 1424 subsident;
743 1358 835 1414 Dei
861 1369 1040 1414 tamen
1060 1359 1416 1415 substantiale
1434 1369 1517 1416 est
1539 1361 1777 1417 Verbum
1796 1369 1850 1416 et
1875 1361 2009 1415 insi-

405 1460 542 1518 tum,
558 1468 867 1522 quanquam
886 1452 1215 1507 indivisibile
1230 1467 1294 1508 ac
1313 1453 1674 1523 inseparabile
1694 1453 1762 1508 ab
1780 1467 1846 1507 eo
1863 1453 2007 1509 unde

405 1543 672 1614 procedit,
700 1553 753 1600 et
772 1544 858 1599 cui
884 1544 1025 1600 inest
1045 1560 1062 1612 ;
1079 1544 1206 1615 quia
1227 1553 1280 1599 et
1298 1545 1600 1601 increatum
1623 1554 1772 1601 estet
1796 1544 2007 1616 ingeni-

402 1648 545 1691 tum.
566 1635 703 1691 Male
722 1637 885 1707 igitur
910 1637 1163 1694 indoctus
1185 1637 1553 1700 Mobamedes,
1574 1653 1809 1709 quorum
1827 1638 2006 1693 diver-

401 1724 464 1786 sa
476 1730 776 1786 substantia
791 1741 893 1795 est,
912 1746 1074 1786 unam
1092 1732 1448 1802 eamdemque
1464 1733 2005 1802 patavitnaturarum

400 1837 526 1878 esse
566 1823 953 1893 proprietatem
982 1840 996 1877 :
1028 1832 1081 1878 et
1106 1824 1390 1879 hominum
1423 1825 1592 1879 verbo
1620 1825 1764 1895 quod
1794 1826 1988 1880 dilabi-

400 1929 490 1974 tur
521 1933 586 1973 ac
605 1918 922 1989 dissipatur,
954 1919 1132 1974 simile
1159 1934 1281 1975 esse
1311 1918 1405 1974 Dei
1430 1918 1687 1984 Verbum,
1720 1921 1863 1990 quod
1894 1936 1990 1991 per

399 2005 723 2067 se'subsistit
747 2012 1016 2082 habetque
1043 2012 1443 2077 exsistentiam,
1466 2012 1770 2067 aiiirmavit.

396 2102 519 2160 XX.
550 2104 819 2167 Adversus
866 2105 1101 2158 eumdem
1156 2107 1437 2168 dicentem,
1486 2104 1656 2158 Deum
1720 2105 1985 2161 malorum

726 2192 870 2246 wque
901 2192 964 2229 ac
989 2176 1243 2229 bonorum
1275 2192 1388 2230 esse
1418 2192 1659 2230 causam.

464 2267 553 2323 85.
585 2267 809 2323 illorum
840 2283 963 2337 qua:
995 2268 1371 2323 involuntarie
1401 2276 1724 2336 operantur,
1758 2267 1863 2322 alia
1887 2282 1984 2339 per

396 2376 455 2417 se
474 2372 791 2432 operantur,
819 2362 923 2416 alia
952 2376 1049 2432 per
1084 2361 1368 2417 accidens.
1397 2359 1577 2416 Veluti
1601 2361 1748 2431 ignis
1778 2377 1873 2432 per
1920 2378 2012 2427 se,

394 2454 613 2521 quidem
677 2452 961 2520 calefacit;
1021 2468 1118 2523 per
1168 2452 1426 2508 accidens
1480 2464 1685 2521 autem,
1758 2463 1982 2525 propter

395 2548 730 2613 contrariam
756 2547 1255 2614 circumstantiam,
1289 2544 1565 2616 frigefacil.
1593 2564 1607 2613 ;
1640 2548 1765 2603 item
1798 2564 1895 2618 per
1920 2564 1981 2605 se

395 2637 622 2709 quidem
664 2639 963 2705 illuminat,
998 2647 1222 2710 propter
1248 2638 1482 2710 alicujus
1518 2648 1699 2694 autem
1729 2641 1979 2711 corporis

395 2726 856 2793 obstructionem,
890 2726 1147 2783 tenebras
1177 2728 1342 2799 parit.
1373 2728 1635 2784 Similiter
1666 2728 1721 2783 in
1761 2731 1976 2786 exteris

394 2816 679 2881 omnibus,
732 2818 1070 2887 operationis
1099 2819 1408 2890 analogiam
1466 2821 1592 2891 quis
1651 2822 1974 2891 observans,

396 2923 510 2964 rem
541 2908 614 2964 ita
637 2923 694 2965 se
714 2910 918 2967 habere
949 2912 1269 2982 comperiet.
1296 2913 1368 2967 At
1408 2912 1496 2968 illa
1519 2929 1643 2985 quae
1672 2914 1977 2972 voluntarie

394 3012 580 3073 agunt,
606 3002 959 3060 frustratione
981 3014 1231 3075 excepta,
1265 3015 1458 3061 cuncta
1486 3022 1583 3077 per
1612 3022 1670 3063 se
1699 3018 1886 3079 agunt.
1916 3007 1974 3065 Si

391 3095 557 3167 igitur
572 3097 718 3154 Deus
732 3112 965 3168 operans
987 3097 1392 3155 frustrationem
1415 3115 1521 3155 non
1535 3101 1760 3171 patitur,
1789 3102 1979 3173 utique

2110 624 2277 677 ἀΰλου
2316 623 2412 677 καὶ
2442 624 2654 688 ἐνύλου,
2692 624 2807 678 ἀλλ’
2837 626 2914 689 ὡς
2970 628 3064 680 τοῦ
3119 627 3220 697 μὲν
3249 628 3339 682 τὸν
3388 630 3685 685 ἐνδιάθετον

2108 716 2326 785 ἔχοντος
2359 717 2521 787 μόνον
2547 717 2725 785 λόγον.
2755 718 2851 770 τοῦ
2881 718 2936 773 δὲ
2969 720 3063 772 καὶ
3079 719 3170 774 τὸν
3209 723 3562 792 προφορικόν·
3598 724 3684 777 τοῦ

2107 810 2185 873 δὲ,
2213 811 2352 882 ὑπὲρ
2376 811 2467 864 τὸν
2483 811 2788 865 ἐνδιάθετον
2809 814 2903 866 καὶ
2930 814 3267 884 προφορικόν
3288 833 3301 847 ο
3331 816 3425 869 mi.
3450 817 3561 869 τῶν
3591 817 3684 886 μὲν

2107 905 2358 968 ἀνούσιος
2402 904 2478 957 ὢν
2526 904 2737 973 δ’).όγος
2759 922 2796 963 ο.
2831 904 2894 958 οὑ
2938 904 3048 977 γὰρ
3078 906 3237 971 ἐκτὸς
3265 907 3362 961 τοὺ
3392 908 3449 961 ἐν
3472 901 3515 976 ᾧ
3544 910 3683 961 ἐστιν

2109 997 2437 1065 ὑφίστασθαι
2463 1000 2491 1052 ό
2518 998 2676 1067 λόγος
2702 998 2814 1060 τοῖς
2842 997 3106 1067 κτίσμασι
3143 1000 3410 1068 πέφυκεν,
3446 1000 3562 1053 ἀλλ’
3614 1000 3683 1065 ὡς

2107 1089 2167 1141 ἐν
2198 1074 2579 1161 ὑποκειμένῳ*
2634 1091 2729 1145 τοῦ
2791 1092 2849 1145 δέ
2893 1090 3134 1145 ἐνουσίου
3194 1091 3347 1154 δντος
3396 1091 3557 1161 λόγου
3594 1093 3684 1146 καὶ

2106 1180 2500 1252 ἐνυπάρκτου,
2590 1184 2639 1236 εί
2724 1184 2820 1237 κιιι)⁸
2897 1183 3285 1256 ἀνεκφοίτητος
3380 1183 3476 1237 καὶ
3545 1184 3684 1255 ἀχώ-

2108 1289 2311 1343 ριστος,
2366 1274 2460 1328 τοὺ
2508 1274 2567 1340 ἐξ
2620 1266 2682 1329 οὗ
2719 1276 2990 1347 προῆλθεν
3026 1273 3144 1346 ἃμα
3191 1276 3287 1329 καὶ
3336 1278 3394 1328 ἐν
3450 1269 3495 1344 ᾧ
3540 1277 3682 1330 ἐστιν

2107 1365 2510 1435 ὑφισταμένου·
2591 1368 2715 1420 ἐπεὶ
2774 1369 2867 1420 καὶ
2906 1369 3163 1432 ἄκτιστος
3204 1369 3299 1421 καὶ
3357 1368 3681 1437 ἀγέννητος·

2106 1459 2293 1521 κακῶς
2316 1453 2409 1512 οὖν
2436 1457 2543 1528 ἄρα
2577 1460 2605 1511 ὁ
2633 1457 2852 1528 ἀμαθὴς
2907 1459 3174 1528 Μωάμετ,
3209 1459 3318 1513 τῶν
3348 1458 3469 1513 κατ’
3498 1457 3683 1515 οὐσίαν

2103 1550 2491 1621 διαφερόντων,
2527 1550 2657 1621 μίαν
2681 1550 2776 1604 καὶ
2810 1551 2907 1620 τὴν
2940 1549 3108 1621 αὑτὴν
3154 1550 3423 1606 ὑπέλαϐεν
3451 1551 3682 1621 οὖσιλέδη

2108 1642 2343 1712 ἰδιότητα
2406 1642 2514 1696 τῶν
2557 1642 2773 1712 φύσεων
2796 1658 2813 1674 ·
2867 1643 2962 1697 καὶ
2988 1641 3067 1713 τῷ
3096 1641 3376 1713 σκεδαστῷ
3406 1643 3498 1696 καὶ
3529 1642 3681 1714 διαρ-

2106 1735 2281 1805 ρέοντι
2305 1734 2413 1789 τῶν
2436 1733 2737 1806 ἀνθρώπων
2758 1733 2920 1805 λόγῳ,
2948 1736 3143 1789 ταυτδν
3166 1729 3305 1789 εἶναι
3328 1735 3404 1807 τῷ
3430 1735 3524 1789 τοῦ
3547 1735 3677 1789 Θεοῦ

2104 1826 2263 1897 Λόγῳ
2290 1824 2367 1897 τῷ
2395 1826 2515 1880 καθ’
2534 1826 2694 1881 ἑαυτὸ
2716 1826 3090 1898 ὑφισταμένῳ,
3109 1827 3205 1881 κα)⁸
3227 1827 3291 1881 τὸ
3316 1822 3453 1881 εἶναι
3482 1826 3676 1899 ἔχοντι,

2023 1896 2065 1951 Β
2094 1896 2538 1990 ἀνωμολόγησεν.

2094 2101 2177 2157 Κ’.
2214 2102 2369 2171 Πρὸς
2391 2103 2499 2158 τὸν·
2519 2102 2707 2157 αὑτὸν
2724 2102 2984 2173 λέγοντα
3001 2102 3109 2157 τὸν
3135 2102 3283 2157 Θεὸν
3308 2103 3505 2157 altior
3525 2097 3675 2158 εἶναι

2183 2173 2305 2227 τῶν
2342 2172 2545 2228 κακῶν
2576 2174 2708 2228 ὤσπ
2721 2192 2786 2243 sp
2810 2172 2892 2243 δὴ
2924 2176 3022 2228 καὶ
3054 2173 3170 2228 τῶν
3185 2174 3423 2244 ἀγαθῶν
3449 2174 3583 2245 (90).

2163 2273 2269 2322 πε’.
2305 2266 2426 2321 Τῶν
2480 2266 2759 2338 ἀθελήτως
2789 2265 3157 2338 ἐνεργούντων
3184 2265 3221 2320 ἃ
3252 2266 3352 2337 μὲν
3382 2266 3504 2320 καθ’
3547 2265 3675 2319 αὑτὸ

2091 2360 2325 2432 ἐνεργεῖ,
2358 2358 2399 2414 ἃ
2443 2358 2499 2413 δὲ
2556 2360 2699 2413 κατὰ
2730 2358 3078 2430 συμϐεϐηκός
3100 2375 3114 2390 ο
3165 2352 3276 2413 οἷον
3307 2358 3367 2412 τὸ
3415 2357 3527 2430 πῦρ
3555 2357 3673 2413 καθ’

2088 2451 2220 2511 αὑτὸ
2278 2451 2377 2520 μὲν
2434 2450 2742 2523 θερμαίνει,
2795 2451 2938 2509 κατὰ
2972 2450 3316 2522 συμϐεϐηκὸς
3361 2449 3419 2503 δὲ
3457 2451 3547 2505 διὰ
3576 2450 3673 2521 τήν

2086 2541 2533 2612 ἀντιπερίστασιν
2557 2542 2751 2614 ψύχει·
2777 2544 2871 2596 καὶ
2900 2543 3063 2598 πάλιν
3101 2542 3223 2596 καθ’
3258 2542 3393 2596 αὑτὸ
3421 2541 3521 2611 μέν
3558 2558 3671 2612 φω-

2084 2635 2247 2702 τίζει,
2282 2636 2362 2690 ,δι’
2420 2636 2802 2709 ἀντιφράσεως
2851 2635 2908 2690 δέ
2976 2653 3121 2701 τινος
3179 2634 3431 2707 σώματος
3484 2636 3672 2699 σκότος

2086 2730 2264 2783 ποιεῖ’
2300 2728 2562 2794 ὡσαύτως
2592 2728 2648 2782 δὲ
2676 2728 2772 2782 καὶ
2789 2728 2881 2782 ἐπὶ
2904 2728 3011 2782 τῶν
3038 2727 3214 2781 ἄλλων
3236 2728 3522 2796 ἁπάντων,
3543 2728 3672 2781 ἀνα-

2085 2820 2261 2889 λόγως
2291 2825 2359 2893 τῇ
2416 2821 2667 2892 ἐνεργείᾳ
2700 2838 2786 2886 τις
2839 2820 3172 2886 ἀκολουθῶν,
3221 2820 3450 2893 εὑρήσει
3502 2818 3671 2883 οὑτως

2085 2911 2209 2983 ἔχον
2234 2930 2249 2944 ο
2279 2912 2388 2967 τῶν
2416 2912 2472 2964 δέ
2512 2910 2756 2981 θελητῶς
2779 2909 3146 2981 ἐνεργούντων
3170 2909 3311 2981 πλήν
3345 2908 3665 2981 ἀποτυχίας,

2084 3004 2267 3059 πάντα
2294 3003 2419 3057 καθ’
2440 3002 2571 3057 αὑτὸ
2591 3003 2826 3073 ἐνεργεῖ.
2860 3003 2923 3055 Εί
2952 2997 3045 3057 οὖν
3082 3000 3214 3065 Θεὸς
3238 2998 3483 3071 ἐνεργῶν
3528 3001 3665 3053 ἀπο·

2082 3094 2278 3167 τυχίας
2328 3095 2576 3161 ἄδεκτος,
2623 3093 2801 3147 πάντα
2828 3092 2936 3164 ἄρα
2967 3093 3091 3147 καθ’
3113 3091 3243 3146 αὑτὸ
3267 3091 3483 3162 ἐνεργεῖ
3504 3106 3518 3121 ’
3550 3088 3667 3144 καθ’

390 3203 486 3258 per
513 3203 571 3245 se
587 3198 867 3260 operatur.
888 3188 991 3246 Per
1013 3205 1073 3247 se
1086 3198 1268 3246 autem
1299 3206 1556 3262 operans,
1575 3192 1720 3248 bona
1736 3208 1891 3264 atque
1912 3210 1978 3252 ac

2089 3188 2217 3245 αὑτὸ
2240 3187 2297 3241 δὲ
2328 3186 2593 3257 ἐνεργῶν,
2615 3186 2686 3240 τὰ
2715 3184 2897 3254 ἀγαθὰ
2920 3186 3014 3238 καὶ
3040 3183 3109 3238 τὰ
3138 3183 3285 3237 κακὰ
3314 3182 3435 3237 κατ’
3463 3183 3669 3237 ἐκεῖνον

389 3277 535 3333 mala
557 3278 861 3334 secundum
895 3278 1271 3337 Mohamedem
1293 3290 1572 3353 operatur.
1601 3276 1745 3355 Ergo
1763 3263 1979 3340 contra-

2089 3282 2333 3352 ἐνεργεῖ·
2381 3279 2642 3335 τάναντία
2700 3279 2808 3350 ἄρα
2836 3278 2979 3332 κατὰ
3004 3277 3096 3331 τὸν
3141 3278 3387 3347 Μωάμετ
3419 3278 3665 3347 ἐνεργεῖ·

390 3370 471 3424 ria
492 3368 649 3439 juxta
671 3370 918 3441 ejusdem
939 3373 1268 3427 sententiam
1282 3382 1541 3441 operatur
1571 3390 1586 3429 :
1618 3372 1693 3429 ita
1712 3383 1771 3430 ut
1793 3390 1858 3431 ex
1883 3390 1979 3431 ea-

389 3462 513 3517 dem
537 3476 725 3527 causa,
750 3461 892 3516 mala
909 3477 1064 3532 aeque
1085 3478 1147 3518 ac
1168 3464 1312 3518 bona
1344 3464 1662 3534 procedant.
1700 3466 1867 3536 Atqui
1913 3480 1979 3523 ea

390 3569 514 3624 qua:
540 3569 637 3624 per
662 3568 723 3609 se
750 3570 815 3608 ex
851 3569 957 3607 una
988 3570 1150 3609 causa
1173 3554 1495 3624 procedunt,
1523 3556 1799 3611 contraria
1840 3557 1979 3612 inter

390 3662 451 3701 se
483 3660 605 3700 esse
632 3659 739 3699 non
803 3653 1057 3716 possunt,
1085 3661 1153 3700 ne
1187 3660 1377 3714 causa,
1431 3661 1498 3701 ex
1532 3662 1642 3717 qua
1702 3649 1979 3706 contraria

389 3726 718 3810 procedunt,
788 3740 932 3794 mala
986 3739 1153 3794 simul
1208 3740 1461 3808 bonaque
1510 3754 1635 3796 esse
1684 3739 1975 3808 videatur;

388 3830 535 3903 quod
562 3829 940 3901 blasphemum
990 3839 1074 3885 est
1099 3839 1153 3887 et
1185 3830 1546 3900 inexpiabile;
1590 3846 1720 3902 ergo
1744 3845 1811 3886 ex
1862 3829 1975 3886 Deo

388 3922 533 3984 mala
593 3937 704 3977 non
756 3930 926 3978 sunt:
960 3921 1104 3977 mala
1137 3932 1318 3977 autem
1379 3931 1601 3997 peccata
1643 3923 1785 3991 dico,
1851 3937 1977 3994 qua:

386 4026 440 4070 ct
470 4030 754 4086 pcenarum
804 4017 1083 4071 causativa
1113 4024 1262 4071 sunt.
1299 4014 1475 4072 Prave
1525 4016 1692 4088 igitur
1748 4032 1973 4074 causam

384 4109 591 4179 peccati
619 4107 791 4164 Deum
829 4123 947 4164 esse
976 4108 1112 4164 dixit
1138 4109 1338 4179 impius
1367 4107 1739 4165 Mohamedes.

388 4203 535 4260 XXI.
578 4204 844 4260 Adversus
873 4204 1117 4259 eumdem
1149 4220 1310 4273 prave
1341 4204 1621 4269 dicentem,
1655 4205 1892 4260 homines
1914 4207 1972 4259 in

645 4275 897 4346 paradiso
931 4275 1264 4346 conjugalem
1290 4276 1454 4329 vitam
1486 4285 1723 4330 acturos.

455 4366 546 4424 86.
572 4366 766 4423 Omnis
789 4366 1065 4422 sensualis
1097 4375 1299 4422 natura
1323 4366 1687 4422 materialiter
1710 4381 1968 4438 operans,

385 4476 614 4532 scopum
652 4461 816 4517 habet
844 4460 1180 4530 operationis
1210 4474 1475 4515 sensuum
1509 4476 1760 4526 suorum,
1809 4461 1969 4530 juxta

384 4552 749 4608 materialium
780 4567 962 4608 rerum
989 4551 1367 4619 alfectionem;
1398 4552 1557 4607 ﬁnem
1584 4565 1714 4607 vero
1739 4567 1968 4623 genera-

2084 3372 2227 3427 ὥστε
2279 3372 2343 3426 ἐκ
2374 3370 2477 3442 τῆς
2505 3369 2678 3439 αὐτῆς
2729 3368 2910 3433 αἰτίας
2951 3367 3020 3423 τὰ
3066 3367 3249 3437 ἀγαθὰ
3286 3368 3381 3421 καὶ
3420 3367 3493 3421 τὰ
3526 3365 3667 3422 κακὰ

2085 3462 2420 3538 προέρχεται
2444 3477 2458 3491 ⁸
2487 3459 2558 3514 τὰ
2586 3460 2643 3514 δὲ
2676 3458 2800 3515 καθ’
2827 3458 2970 3514 αὑτὰ
3000 3459 3064 3512 ἐκ
3100 3459 3231 3530 μιᾶς
3259 3458 3440 3522 αίτίας
3471 3473 3666 3528 προερ-

2084 3555 2312 3627 χόμενα,
2340 3555 2400 3607 οὑ
2433 3553 2684 3608 δύνανται
2731 3551 2955 3606 ἐναντία
2989 3550 3242 3622 ἀλλήλοις
3273 3544 3437 3617 εἶναι,
3468 3549 3560 3604 ἵνα
3592 3547 3662 3619 μὴ

2082 3651 2145 3702 τὸ
2173 3649 2367 3714 αἴτιον,
2404 3647 2463 3713 ἐξ
2478 3642 2539 3702 οὑ
2572 3646 2641 3700 τὰ
2669 3645 2885 3699 ἐναντία
2918 3644 3186 3716 πρόεισιν,
3227 3643 3346 3714 ἅμα
3372 3642 3544 3697 κακὸν
3573 3644 3664 3696 καὶ

2082 3739 2285 3810 ἀγαθὸν
2333 3739 2517 3811 δειχθῇ
2574 3733 2737 3795 εἶναι.
2776 3738 2839 3791 Εἰ
2876 3735 2933 3790 δὲ
2985 3734 3144 3790 τοῦτο
3199 3735 3521 3806 βλάσφημον
3572 3736 3663 3787 καὶ

2084 3834 2326 3901 ἀνίατον,
2362 3834 2462 3887 οὑκ
2488 3832 2594 3903 ἄρα
2616 3834 2681 3887 ἐκ
2704 3830 2798 3884 τοὺ
2821 3829 2955 3885 Θεοῦ
2979 3829 3047 3885 τὰ
3071 3828 3218 3883 κακά
3235 3847 3249 3861 ·
3275 3830 3423 3883 κακὰ
3443 3828 3501 3881 δὲ
3522 3828 3661 3895 λέγω

2080 3926 2151 3981 τὰ
2178 3925 2573 3997 ἁμαρτήματα,
2608 3926 2751 3994 ἅπερ
2776 3924 2883 3977 sici
2908 3923 3000 3977 καὶ
3028 3922 3138 3977 τῶν
3160 3922 3442 3993 τιμωριῶν
3464 3920 3659 3992 παραί-

2080 4018 2188 4075 τία.
2236 4017 2437 4081 Κακῶς
2482 4012 2575 4071 οὗν
2624 4016 2734 4087 ἄρα
2764 4015 2936 4070 αἴτιον
2963 4015 3063 4086 τῆς
3104 4014 3378 4085 ἁμαρτίας
3410 4015 3503 4068 τὸν
3532 4012 3658 4067 θεὸν

2080 4112 2108 4165 ὁ
2135 4109 2338 4182 ἀσεϐὴς
2361 4109 2467 4179 ἔφη
2490 4109 2759 4177 Μωάμετ.

2080 4204 2213 4259 KA'.
2247 4202 2404 4271 Πρὸς
2441 4201 2549 4256 τὸν
2585 4200 2774 4256 αὑτὸν
2800 4199 2997 4267 κακῶς
3016 4201 3274 4271 λέγοντα
3311 4200 3463 4271 κατᾲ
3484 4196 3658 4260 συζυο

2185 4270 2318 4344 γιας
2339 4272 2532 4327 πάλιν
2556 4273 2627 4327 ὲν
2654 4271 2997 4341 παραδείσῳ
3026 4270 3366 4325 διαιτᾶσθαι
3396 4270 3553 4341 (90').

2150 4364 2273 4430 πς’.
2306 4366 2465 4418 Πᾶσα
2495 4365 2528 4434 ἡ
2573 4362 2870 4435 αἰσθητικὴ
2924 4362 3087 4434 φύσις
3109 4361 3310 4426 ἐνὺλως
3340 4361 3653 4433 ἐνεργοῦσα,

2080 4459 2282 4513 σκοπὸν
2315 4457 2428 4529 ἔχει
2450 4456 2543 4512 τοῦ
2584 4459 2825 4529 ἐνεργεῖν
2855 4456 2968 4519 τοῖς
2990 4454 3370 4526 αἰσθητηρίοις
3400 4453 3543 4509 κατὰ
3559 4455 3655 4523 τήν

2077 4551 2186 4605 τῶν
2209 4550 2410 4606 ὑλικῶν
2440 4550 2781 4619 πραγμάτων
2820 4547 3197 4618 προσπάθειαν
3218 4565 3232 4580 ·
3275 4546 3429 4609 τέλος
3459 4546 3536 4611 δέ,
3560 4546 3655 4617 τὴν

384 4647 612 4701 tionem.
650 4643 754 4699 Sed
784 4643 913 4713 quia
935 4643 1084 4698 omni
1124 4644 1417 4699 mutationi
1438 4659 1503 4700 ac
1521 4644 1695 4701 motui
1727 4659 1969 4716 congrua

2089 4643 2331 4713 γέννησιν
2355 4658 2369 4675 ο
2393 4641 2510 4696 ἀλλ’
2535 4639 2725 4711 ἐπειδὴ
2757 4639 2905 4712 πάσῃ
2945 4637 3215 4709 μεταϐολῇ
3249 4636 3282 4708 ἢ
3325 4636 3421 4690 καὶ
3444 4638 3653 4709 κινήσει

383 4746 470 4795 est
516 4735 710 4807 quies;
746 4734 980 4789 mutatio
1023 4734 1105 4789 vel
1151 4744 1357 4800 motus,
1388 4749 1587 4802 secus;
1644 4733 1717 4789 ita
1742 4750 1972 4804 genera-

384 4830 518 4886 tioni
561 4827 840 4885 contraria
890 4835 976 4884 est
1027 4828 1330 4898 corruptio.
1363 4826 1433 4885 Et
1480 4843 1512 4883 a
1538 4827 1721 4883 divina
1747 4828 1967 4899 quidem
1999 4858 2008 4877 ο

383 4925 668 4997 Scriptura
714 4923 1057 4995 promittitur
1096 4924 1472 4991 resurrectio;
1514 4923 1607 4980 sed
1639 4938 1748 4979 non
1771 4938 1965 4994 quem-

380 5019 675 5075 admodum
722 5034 750 5072 a
802 5018 1155 5089 generatione
1212 5016 1410 5072 transit
1446 5017 1614 5072 homo
1647 5016 1716 5071 ad
1766 5031 1961 5071 corru-

379 5111 647 5182 ptionem,
681 5110 753 5165 ita
779 5110 983 5181 pariter
1021 5124 1052 5163 a
1083 5109 1438 5180 corruptione
1473 5108 1540 5165 ad
1572 5106 1859 5177 pristinam
1876 5122 1963 5163 re—

379 5214 623 5259 vertetur
681 5203 1088 5273 generationem
1134 5221 1147 5257 :
1206 5203 1406 5259 etenim
1493 5215 1675 5271 neque
1742 5199 1965 5271 copulas

378 5312 557 5367 neque
606 5294 936 5350 concubitus
994 5308 1172 5364 neque
1215 5303 1405 5364 partus
1454 5294 1738 5363 corruptio
1791 5293 1962 5347 novit.

376 5390 593 5462 Alioqui
625 5390 671 5444 si
700 5389 815 5443 haec
834 5387 952 5443 fieri
981 5387 1393 5456 concederetur,
1424 5402 1564 5457 opus
1589 5385 1730 5442 foret
1757 5389 1965 5441 discer-

377 5499 507 5539 nere
556 5481 967 5551 corruptionem
1023 5479 1079 5533 in
1123 5480 1425 5536 masculum
1450 5490 1614 5550 atque
1666 5478 1960 5542 feminam;

378 5576 520 5649 quod
548 5584 632 5632 est
674 5573 1031 5643 impossibile.
1089 5571 1209 5629 Non
1231 5575 1418 5643 itaque
1450 5581 1509 5629 ut
1554 5572 1837 5643 generatio
1864 5571 1960 5625 ho-

450 5772 561 5842 (90)
593 5770 716 5826 Sur.
753 5771 814 5837 ll,
847 5772 901 5827 7.
926 5778 980 5825 et
1008 5783 1151 5838 saepe
1171 5767 1330 5842 alibi.
1364 5769 1548 5842 Porro,
1581 5769 1650 5824 ab
1680 5768 1783 5842 hac
1811 5782 1952 5842 quo-

379 5837 484 5911 que
509 5837 860 5897 accusatione
889 5837 1124 5911 conatur
1153 5839 1484 5895 Alcorauum
1519 5840 1814 5893 defendere
1844 5837 1946 5911 ιιυτ

376 5908 571 5971 landus
611 5929 700 5984 op.
743 5914 837 5972 cit.
872 5919 1015 5984 part.
1039 5909 1102 5966 ll.
1131 5924 1248 5981 cap.
1288 5911 1353 5978 4;
1379 5925 1487 5981 quo
1521 5918 1698 5967 tamen
1724 5911 1849 5982 jure
1870 5908 1954 5964 vel

2073 4736 2383 4807 πρόσφορος
2441 4734 2664 4805 ἠρεμία,
2726 4730 3067 4803 ήμεταϐολὴ
3117 4731 3150 4801 ἢ
3193 4731 3405 4797 κίνησις
3437 4728 3653 4784 ἐναντία

2070 4828 2247 4883 ἐστίν’
2288 4826 2385 4880 καὶ
2436 4829 2502 4897 τῇ
2532 4825 2743 4895 γενέσει
2773 4824 2881 4896 ἄρα
2934 4822 3154 4877 ἐναντία
3207 4820 3417 4891 φθορά’
3468 4820 3651 4889 ἐπειδὴ

2069 4922 2162 4976 καὶ⁵
2188 4920 2484 4982 ἁναϐίωσις
2508 4918 2643 4989 πρὸς
2665 4919 2729 4989 τῇ
2758 4917 2877 4988 θείᾳ
2908 4917 3099 4987 Γραφῇ
3135 4914 3536 4983 ἐπαγγέλλεται
3554 4930 3569 4943 ο
3591 4913 3649 4964 οὐ

2064 5012 2186 5069 καθ’
2212 5012 2240 5065 ὂ
2256 5010 2454 5078 νῧνδιὰ
2471 5010 2771 5079 γεννήσεως
2785 5010 2862 5071 είς
2885 5006 3090 5077 φθορὰν
3111 5005 3395 5076 ἄνθρωπος
3412 5004 3646 5075 ἔρχεται,

2064 5103 2206 5157 οὑτω
2236 5102 2329 5155 καὶ
2361 5100 2468 5154 ἀπὸ
2491 5099 2698 5171 φθορᾶς
2738 5095 2894 5160 αὖθις
2936 5096 3077 5150 κατὰ
3112 5095 3210 5165 τὴν
3243 5093 3471 5165 πρώτην
3495 5100 3651 5148 ὲπαν.

2065 5193 2184 5267 ήξει
2207 5195 2461 5264 γέννησιν
2484 5207 2497 5222 ·
2519 5191 2643 5244 ἐπεὶ
2665 5190 2798 5261 μηδέ
2828 5189 3003 5260 μίξεις
3027 5189 3122 5242 καὶ
3141 5186 3426 5251 συνουσίας
3446 5188 3539 5241 καὶ
3561 5187 3648 5239 τό-

2064 5306 2190 5351 κους
2214 5290 2246 5358 ή
2272 5286 2446 5358 φθορὰ
2474 5281 2633 5339 οἶδεν·
2672 5285 2705 5356 ἢ
2734 5284 2841 5355 γὰρ
2862 5283 2925 5337 ἂν
2941 5281 3174 5336 δεδόσθω
3188 5281 3363 5336 ταῦτα
3378 5280 3541 5351 ἔχειν,
3560 5279 3646 5333 καὶ

2063 5378 2380 5448 διαιρείσθω
2414 5380 2447 5450 ή
2486 5378 2659 5451 φθορὰ
2686 5379 2765 5440 εἰς
2787 5376 2952 5446 ἄρσεν
2982 5375 3077 5428 καί¹
3106 5374 3240 5445 θῆλυ
3265 5391 3278 5406 ·
3309 5373 3428 5429 ἀλλ’
3458 5372 3645 5426 ἀδύνα-

2068 5492 2159 5528 τον
2181 5492 2194 5506 ο
2229 5475 2329 5527 οὑκ
2358 5474 2464 5543 ἄρα
2495 5472 2571 5534 ὡς
2604 5472 2636 5542 ή
2674 5470 2925 5539 γέννησις
2958 5468 3189 5539 προάγει
3228 5466 3318 5520 τὸν
3344 5465 3639 5535 ἄνθρωπον,

2069 5568 2211 5620 οὕτω
2242 5570 2332 5620 καί
2358 5569 2390 5637 ἡ
2425 5565 2599 5635 φθορὰ
2620 5563 2707 5617 διὰ
2742 5562 3048 5633 γεννήσεως
3091 5558 3518 5622 πολυπλασιάζει
3547 5557 3639 5608 αύ-

2062 5764 2417 5840 quantine-nc,
2450 5762 2539 5840 a_l_ii
2564 5761 2830 5840 judicent.
3099 5829 3109 5840 ,
3244 5838 3252 5840 _
3327 5827 3360 5840 ,,
3409 5827 3421 5838 ,

2080 5827 2094 5836 ’
2134 5827 2431 5975 (impigre
2466 5834 2533 5902 li,
2563 5827 2653 5899 25,
2703 5842 2756 5887 σει
2795 5846 2937 5900 saepe
2983 5828 3147 5896 alibi,
3199 5838 3259 5883 ut
3309 5827 3422 5883 dixi
3476 5837 3631 5894 supra

2066 5923 2155 5979 (to
2185 5946 2197 5958 .
2238 5922 2255 5959 Α
2367 5942 2379 5957 .
