3994 6600
374 440 483 508 781

1476 434 1917 499 REFUTATIO
1973 433 2447 495 MOHAMEDIS.

3537 444 3647 507 782

373 563 465 616 τόν
486 576 500 591 ο
558 560 684 614 ἐπεὶ
738 554 938 612 ταυτὸν
970 553 1124 609 ἔσται
1154 550 1411 622 γέννησις
1434 551 1529 604 καὶ
1566 550 1766 621 φθορὰ,
1819 552 1953 620 ὅπερ

2063 547 2265 603 minem
2297 545 2570 618 producit,
2594 547 2676 603 sic
2705 548 2868 605 etiam
2903 552 3187 624 corruptio
3218 569 3313 625 per
3334 561 3643 628 generatio-

374 655 682 726 ἀμήχανον.
719 652 780 704 Ei
803 638 901 704 οὖν
920 647 1061 703 κατὰ
1087 647 1340 716 γέννησιν
1367 644 1427 698 οὐ
1458 645 1787 714 προέρχεται
1812 644 1870 697 ὲν
1893 644 1960 714 τῇ

375 746 673 799 ἀναστάσει
695 746 722 796 ό
751 741 849 797 ἄνθ
859 758 1060 812 ρωπος,
1090 738 1213 793 οὐδὲ
1248 739 1347 793 ὅσα
1367 736 1466 808 τῆς
1490 735 1797 806 γεννήσεως
1818 737 1963 789 ἐστιν

374 837 700 906 ἐνεργήσει·
747 833 873 886 ἐπεὶ
927 831 1061 903 μηδὲ
1095 830 1302 902 φθορὰν
1351 829 1514 883 πάλιν
1554 825 1798 891 ὲλπίζει’
1829 825 1963 880 εἰδὲ

371 930 475 983 ὃσα
501 929 602 998 τῆς
636 925 946 998 γεννήσεώς
975 926 1125 978 ἐστιν
1147 924 1249 977 οὑκ
1286 922 1517 994 ὲνεργεῖ,
1550 920 1694 983 τίνος
1719 919 1904 974 ἕνεκεν
1926 922 1962 990 ἡ

372 1018 468 1073 τοῦ
503 1019 734 1094 ἄρρενος
770 1021 861 1072 καὶ
913 1018 1013 1089 τῆς
1075 1016 1298 1086 θηλείας
1358 1014 1501 1069 κατὰ
1532 1068 1537 1073 ,
1565 1012 1963 1082 συνουσιασμόν

376 1112 561 1182 μίξις;
592 1112 781 1175 τέλους
828 1110 939 1182 γάρ
990 1110 1063 1181 μὴ
1096 1109 1482 1181 προκειμένου,
1531 1107 1815 1178 ἀποίχεται
1868 1105 1963 1159 καὶΙ

374 1203 601 1269 σκοπός.
660 1205 722 1257 Et
776 1202 835 1257 δὲ
889 1202 1117 1274 οὐδεμία
1143 1200 1303 1274 χρεία
1334 1201 1562 1273 ἀρῤενος
1616 1200 1711 1253 καὶ
1738 1196 1961 1270 θηλείας

377 1294 579 1364 μίξεως
610 1295 749 1365 μετά
781 1292 883 1363 τὴν
911 1293 1231 1360 ἀνάστασιν,
1280 1292 1333 1345 τί
1364 1292 1506 1345 είποι
1536 1290 1632 1345 καὶ
1658 1290 1713 1344 τί
1745 1289 1961 1359 ποιήσει

371 1386 404 1437 ὁ
440 1383 769 1456 καμηλώδης
794 1383 1061 1455 Μωάμετ,
1088 1385 1168 1447 είς
1189 1384 1426 1455 ἀρρενας
1450 1384 1543 1436 καὶ
1571 1380 1793 1454 θηλείας
1820 1380 1961 1435 διαι-

378 1477 635 1546 ρεθέντας
666 1473 1160 1549 σιόὺςθάνθρὼπους
1198 1475 1341 1531 κατά
1378 1474 1639 1544 συζυγίας
1689 1475 1748 1529 ὲν
1781 1491 1958 1545 παρα-

370 1569 537 1640 δείσῳ
569 1569 877 1623 διαιτᾶσθαι
906 1568 1179 1635 κελεύωνς
1217 1568 1265 1622 εί
1301 1568 1357 1622 δέ
1406 1585 1490 1633 τις
1532 1565 1829 1638 προόάλλει
1862 1567 1961 1638 τὴν

371 1665 443 1717 ὲκ
463 1664 568 1734 γῆς
589 1665 685 1717 τοῦ
723 1664 898 1733 Ἀδὰμ
924 1662 1145 1731 πλάσιν,
1178 1664 1273 1718 καὶ
1301 1663 1392 1717 τὸν
1419 1663 1555 1734 μετὰ
1578 1661 1750 1717 ταῦτα
1777 1662 1957 1728 τόκον,

374 1754 511 1808 ἴστω
538 1755 621 1808 ὅτι
657 1756 774 1808 ἐκεῖ
804 1757 902 1826 μὲν
922 1754 1017 1808 τοῦ
1054 1754 1129 1826 μὴ
1161 1755 1316 1819 όντος
1352 1756 1433 1817 είς
1465 1755 1524 1808 τὸ
1554 1748 1694 1807 εἶναι
1723 1748 1791 1825 ἦν
1821 1754 1958 1826 πρό-

369 1846 511 1911 οδος,
542 1847 635 1902 καὶ
670 1846 759 1900 διὰ
783 1847 847 1900 τδ
875 1848 1180 1920 τηρηθῆναι
1221 1847 1281 1901 τὸ
1310 1846 1647 1919 ἀνθρώπειον
1688 1848 1844 1917 γένος
1871 1847 1959 1902 διὰ

2067 656 2190 696 nem
2216 655 2340 695 cum
2367 640 2719 711 multiplicat.
2740 643 2998 715 Alioquin
3024 646 3167 702 idem
3192 661 3339 705 esset
3364 657 3644 721 generatio

2062 742 2117 788 et
2145 733 2462 802 corruptio;
2495 734 2640 803 quod
2697 743 2781 797 est
2830 736 3190 807 impossibile.
3237 740 3294 795 Si
3330 758 3456 814 ergo
3500 746 3644 804 haud

2064 827 2416 895 generatione
2474 828 2799 896 producitur
2833 831 2887 884 in
2924 835 3328 911 resurrectione
3378 840 3561 907 homo,
3600 843 3647 896 is

2064 934 2132 974 ne
2158 919 2249 974 illa
2279 919 2499 991 quidem
2536 934 2723 990 postea
2758 926 3077 994 operahitur
3102 943 3225 997 quae
3254 942 3379 986 sunt
3426 936 3643 1003 pr0pria

2061 1012 2471 1081 generationis;
2508 1028 2632 1067 nam
2676 1030 2854 1086 neque
2882 1020 3298 1088 corruptionem
3332 1023 3514 1078 denuo
3549 1042 3647 1080 cx-

2061 1117 2293 1180 spectat.
2326 1107 2383 1161 Si
2413 1121 2541 1175 ergo
2574 1122 2695 1176 qua:
2726 1116 2854 1162 sunt
2886 1111 3256 1179 generationis
3290 1114 3509 1183 pmpria
3532 1116 3646 1184 jam

2064 1216 2171 1255 non
2199 1200 2330 1269 agit,
2366 1214 2467 1253 cur
2491 1199 2603 1268 jam
2638 1201 2867 1255 masculi
2904 1216 2967 1256 ac
3020 1201 3237 1258 fcminm
3265 1221 3361 1274 per
3389 1208 3649 1261 concubi-

2061 1304 2176 1349 tum
2208 1292 2392 1347 mistio
2424 1291 2555 1347 fiat?
2576 1291 2709 1346 Nam
2745 1292 2851 1347 fine
2893 1310 2997 1348 non
3027 1299 3326 1366 proposito,
3363 1291 3650 1370 rci'pcrse-

2062 1387 2209 1442 cutio
2263 1385 2487 1441 desinit.
2531 1384 2686 1451 Quod
2719 1385 2764 1441 si
2794 1387 2976 1442 nullus
3003 1388 3114 1457 jam
3154 1400 3288 1446 uSllS
3310 1393 3413 1447 erit
3439 1393 3646 1449 concu-

2061 1478 2211 1535 bitus
2276 1478 2507 1533 masculi
2569 1494 2635 1533 ac
2694 1478 2912 1533 fentinzc
2959 1490 3078 1551 post
3136 1487 3645 1553 rcssurrcctionem,

2061 1569 2192 1640 quid
2241 1568 2520 1624 dicit'aut
2568 1570 2698 1640 quid
2728 1568 2859 1625 facit
2901 1572 3231 1629 camelarius
3276 1575 3645 1643 Mohamedes,

2060 1662 2190 1717 dum
2239 1661 2292 1715 in
2328 1662 2604 1719 masculos
2659 1678 2723 1719 ac
2779 1663 3015 1721 feminas
3063 1668 3354 1724 diStinctos
3398 1670 3648 1726 homines

2061 1751 2403 1807 conditione'
2426 1752 2701 1823 conjugali
2758 1754 2942 1809 vivere
3002 1756 3054 1808 in
3116 1759 3371 1827 paradiso
3419 1762 3649 1815 statuit?

2060 1843 2215 1911 Quod
2243 1845 2290 1900 si
2330 1844 2457 1916 quis
2505 1845 2730 1915 objiciat
2772 1846 2965 1901 Adami
3002 1862 3068 1903 cr
3108 1849 3332 1917 pulvere
3364 1849 3645 1908 formatio-

368 1937 471 2009 τὴν
507 1938 806 1993 ἔκπτωσιν.
844 1935 976 1994 Ὧδέ
1002 1957 1064 2007 γε
1095 1940 1202 2012 μὴν
1226 1941 1387 2011 χρεία
1426 1939 1520 1993 τοῦ
1554 1939 1770 2012 πρώτου
1801 1940 1953 1995 οὐδα-

2068 1954 2213 2001 nem,
2248 1947 2301 1993 et
2333 1946 2521 2008 postea
2555 1938 2984 2009 generationem,
3011 1940 3096 1995 hic
3130 1942 3266 1997 sciat
3317 1954 3445 1999 tunc
3476 1944 3646 2000 fuisse

370 2029 613 2099 μῶς,ὄτι
642 2029 737 2084 καὶ
763 2030 902 2102 ὑπὲρ
932 2032 992 2084 τὸ
1030 2031 1252 2103 πρῶτον
1272 2047 1287 2062 ⁸
1322 2031 1526 2102 φθορᾶς
1559 2031 1691 2103 γὰρ,
1728 2030 1822 2085 καὶ
1849 2031 1953 2085 τῶν

2060 2048 2091 2087 a
2132 2046 2242 2087 non
2269 2032 2569 2088 exsistcnte
2611 2034 2679 2088 ad
2714 2034 3090 2090 exsistentiam
3132 2037 3448 2106 transitum,
3482 2050 3647 2109 atque

365 2124 471 2190 τῆς
500 2122 706 2192 φθορᾶς
733 2122 922 2176 αίτίων
946 2121 1135 2177 παθῶν
1165 2121 1459 2193 ἀπαλλαγή
1491 2125 1637 2177 ἐστιν
1668 2112 1953 2193 ὴάνάστα-

2061 2135 2121 2179 ιιι
2172 2136 2592 2181 conservaretur
2630 2136 2753 2197 post
2805 2130 3018 2198 lapsqu
3078 2146 3251 2200 genus
3317 2132 3642 2188 humanum.

371 2229 480 2276 σις,
514 2213 633 2282 ἦτοι
675 2212 1002 2283 ἀνάπλασις,
1046 2214 1164 2270 ἀλλ’
1212 2215 1332 2286 οὐχὶ
1356 2214 1611 2285 γέννησις
1663 2216 1757 2269 καὶ⁴
1808 2216 1953 2288 πάθη

2060 2216 2215 2272 Nunc
2244 2227 2425 2273 autem
2452 2219 2605 2275 nulla
2642 2230 2727 2276 est
2773 2223 3075 2278 necessitas
3120 2224 3321 2293 prioris
3370 2226 3471 2291 rei,
3515 2229 3644 2297 quia

366 2304 700 2375 γεννήσεως,
733 2305 937 2377 φθορᾶς
959 2305 1348 2379 προηγούμενα
1373 2304 1455 2372 οἷς
1477 2306 1614 2379 αὐτὴ
1640 2308 1956 2377 ἀναγκαίως

364 2394 583 2465 ἕψεται.

2058 2322 2301 2377 praesens
2346 2317 2522 2365 status
2555 2311 2787 2380 priorem
2833 2322 3055 2383 superat
3094 2315 3337 2386 :qnippe
3384 2318 3510 2387 quia
3560 2334 3626 2373 ci

2059 2404 2399 2473 ruptionem,
2446 2412 2501 2459 et
2534 2405 2902 2474 corruptionis
2943 2424 3167 2463 causam
3206 2412 3511 2480 passiones,
3554 2431 3644 2470 rc-

366 2491 639 2548 surrectio
673 2492 938 2561 destruit;
973 2509 1095 2565 quas
1111 2493 1329 2565 quidem
1363 2493 1685 2550 rcformatio
1713 2504 1817 2559 est,
1846 2511 1955 2552 non
1995 2504 2180 2553 tamen
2238 2498 2537 2567 generatio,
2580 2514 2758 2570 neque
2818 2502 3190 2571 generationis
3256 2507 3461 2575 passio,
3522 2525 3644 2579 qua:

365 2586 712 2655 corruptioni
746 2598 1012 2658 praeeunt,
1041 2600 1096 2644 et
1123 2605 1260 2660 quas
1285 2590 1402 2659 ipsa
1444 2592 1729 2661 corruptio
1778 2593 2094 2648 necessario
2122 2596 2499 2666 subsequitur.

365 2679 500 2735 κδ’.
525 2684 685 2758 Πρὸς
712 2684 1029 2758 torqueri)?
1052 2684 1291 2755 ἀμαθῶς
1315 2686 1436 2758 ἅμα
1464 2688 1561 2742 καί
1594 2687 1826 2756 ἀσεϐῶς
1854 2691 1957 2744 λέ-

441 2770 630 2829 γονταᾼ
656 2756 903 2829 θηλείας
955 2752 1109 2829 εἶναι
1151 2752 1491 2829 ἀγγέλους,
1559 2760 1657 2813 καὶ
1714 2752 1959 2829 ratirati;

440 2825 765 2879 συνελθεῖν
793 2825 935 2890 τοὺς
953 2825 1053 2879 ἐπὶ
1084 2825 1215 2881 Νῶε
1241 2825 1596 2898 ἀνθρώπους
1632 2830 1767 2901 (91).

440 2916 551 2979 κζ’.
574 2916 757 2970 Πάντα
785 2917 855 2972 τὰ
880 2918 940 2983 ἐξ
976 2910 1293 2992 ἑτεροειδῶν
1332 2921 1476 2975 κατά
1508 2924 1765 2995 γέννησιν
1789 2922 1956 2993 ἀλλή-

364 3007 483 3070 λοις
511 3009 828 3081 συνιόντα,ἢ
856 3009 989 3065 ἄλλο
1013 3029 1068 3065 τι
1088 3013 1264 3083 πάντη
1295 3014 1445 3085 παρὰ
1462 3014 1531 3069 τὰ
1554 3014 1613 3080 ἐξ
1631 3010 1706 3069 ὧν
1728 3016 1954 3087 προελη-

363 3098 543 3164 λύθει,
576 3101 608 3172 ἢ
637 3100 712 3172 πῆ
756 3102 855 3174 μὲν
902 3104 1084 3158 αὐτῶν
1114 3106 1355 3176 μετέχει,
1403 3110 1479 3179 πῆ
1514 3106 1571 3160 δὲ
1597 3107 1691 3162 καὶ
1715 3108 1955 3180 διενηνο-

365 3192 503 3261 χότα
538 3192 753 3263 πρόεισι
777 3210 792 3226 ο
822 3195 919 3249 καὶ
947 3197 981 3267 ἢ
1010 3198 1243 3267 κρείττω
1263 3198 1412 3253 ἐστὶν
1444 3199 1554 3253 τῶν
1584 3202 1952 3271 προαγόντων,

364 3280 402 3351 ἢ
428 3282 616 3353 χείρω.
642 3283 703 3337 El
729 3284 824 3339 οὖν
852 3288 917 3340 ὲκ
941 3288 1183 3353 συνόδου,
1202 3289 1277 3351 ὡς
1307 3290 1659 3361 τερατεύεται
1682 3292 1953 3363 Μωάμετ,

363 3374 673 3446 ἀνθρώπων
705 3380 798 3432 καὶ
827 3379 1074 3449 ἀγγέλων
1107 3382 1417 3454 προήρχετό
1444 3401 1568 3438 τινα
1609 3387 1950 3456 γεννήματα,

2054 2691 2219 2770 XXll.
2252 2693 2511 2748 Adversus
2549 2695 2788 2770 eumdem
2815 2695 3126 2770 insipienter
3164 2698 3326 2753 simul
3376 2710 3427 2753 et
3486 2702 3644 2770 impie

2126 2764 2382 2835 dicentem
2424 2766 2638 2835 angelos
2662 2782 2771 2820 esse
2800 2768 3048 2835 feminas,
3090 2779 3139 2821 et
3196 2786 3315 2824 cum
3337 2773 3418 2825 his
3448 2764 3644 2826 concu-

2124 2836 2295 2888 buisse
2319 2834 2435 2889 Noe
2463 2834 2783 2904 temporibus
2801 2834 3068 2892 homines.

2122 2926 2209 2981 87.
2267 2925 2620 2998 Quzecunque
2664 2944 2728 2984 ex
2778 2929 3155 3002 heterogencis
3205 2950 3302 3004 per
3336 2937 3645 3007 generatio-

2052 3034 2174 3073 nem
2206 3019 2437 3075 inviccm
2472 3022 2827 3088 conveniunt,
2866 3024 2950 3078 vel
2995 3025 3274 3081 diversum
3335 3029 3461 3098 quid
3511 3045 3642 3084 cva-

2057 3109 2196 3164 dunt
2244 3112 2312 3164 ab
2356 3111 2462 3166 illis
2514 3112 2659 3168 unde
2718 3117 3069 3183 procedunt,
3125 3120 3207 3172 vel
3264 3121 3456 3188 partim
3518 3121 3644 3176 inde

2056 3203 2403 3273 participant,
2428 3207 2626 3274 partim
2645 3206 2933 3263 dissimilia
2962 3210 3299 3280 procedunt;
3325 3224 3377 3267 et
3406 3214 3485 3269 vel
3514 3229 3644 3271 sunt

2058 3297 2284 3353 meliora
2318 3297 2622 3355 factoribus
2655 3300 2772 3356 suis
2815 3301 2897 3355 vel
2943 3303 3238 3358 deteriora.
3277 3306 3334 3361 Si
3390 3322 3520 3379 ergo
3574 3326 3640 3364 cx

2057 3392 2270 3461 copula,
2301 3393 2832 3463 utmonstroseﬂicit
2856 3394 3223 3463 Mobamedes,
3269 3400 3549 3456 hominum
3588 3415 3644 3459 et

363 3467 403 3537 ἢ
423 3466 552 3521 ἄλλο
582 3485 636 3522 τι
670 3470 889 3535 πάντως
923 3472 1055 3543 παρ’
1086 3475 1325 3546 ἑκάτερα
1363 3475 1470 3530 ἔδει
1492 3472 1662 3530 εἶναι·
1692 3479 1786 3531 καὶ
1814 3478 1953 3532 ἔστω

2060 3482 2372 3553 angelorum
2406 3483 2669 3556 genitura:
2692 3484 2888 3555 aliqua:
2911 3486 3093 3540 ﬁerent
3121 3505 3135 3555 ;
3162 3504 3246 3543 res
3289 3500 3412 3545 nata
3458 3493 3539 3547 vel
3563 3494 3647 3548 di-

362 3563 428 3613 σὸ
447 3564 764 3632 τικτόμενον
795 3565 854 3630 ἐξ
875 3562 1054 3621 αὐτῶν
1078 3566 1200 3622 οὔτε
1235 3570 1464 3638 ἄγγελος
1492 3570 1616 3625 οὒτε
1643 3572 1739 3627 ἄνθ
1748 3589 1949 3644 ρωπος,

361 3653 648 3708 τουτέστιν
676 3654 799 3710 οὔτε
827 3657 1021 3727 θνητὸν
1046 3658 1171 3714 οὔτε
1202 3661 1491 3728 ἀθάνατον,
1527 3663 1651 3719 οὗτε
1682 3666 1953 3737 σαρκοφό-

366 3761 466 3813 ρον
487 3744 611 3799 οὔτε
634 3746 945 3818 ἀσώματον,
963 3750 1153 3824 ὥσπερ
1183 3754 1429 3824 ἡμίονος,
1450 3755 1574 3809 οὔτε
1597 3775 1953 3829 χρεμετιστι-

364 3837 464 3890 κόν
487 3838 656 3906 ἐστιν,
695 3839 819 3894 οὔτε
864 3843 1276 3915 όγκηθμητικόν
1299 3862 1313 3876 ⁸
1345 3847 1460 3901 ἀλλ’
1483 3849 1604 3902 οὐδὲ
1631 3852 1795 3919 μέσον
1827 3852 1953 3923 θνηη

362 3927 461 3981 τοῦ
486 3930 580 3982 καὶ
630 3931 926 4000 ἀθανάτου,
986 3936 1107 3990 οὐδὲ
1141 3938 1330 3993 ἐνύλου
1369 3941 1463 3995 καὶ
1520 3943 1719 3997 ἀΰ>.ουο
1772 3946 1952 4018 οίγάρ

361 4019 621 4087 γίγαντες
660 4026 756 4079 καὶ
785 4026 1101 4097 ἐτελεύτων,
1131 4033 1225 4085 καὶ
1250 4032 1426 4087 ἔνυλοι
1456 4034 1704 4106 ὑπῆρχον
1743 4038 1952 4109 ἄνθρω-

364 4129 483 4169 ποι.
516 4117 630 4171 Οὐκ
650 4117 761 4190 ἄρα
782 4122 921 4176 κατὰ
944 4124 1201 4195 γέννησιν
1222 4126 1433 4196 ἀνδρῶν
1455 4128 1711 4197 ἀγγέλοις
1740 4133 1949 4187 συνιόν-

364 4224 499 4297 των,
529 4210 658 4265 ἄλλο
687 4228 740 4266 τι
773 4215 1018 4271 ἐτίκτετο
1055 4219 1089 4289 ἡ
1137 4221 1252 4273 ἐστι
1280 4221 1350 4275 τὰ
1378 4224 1706 4292 τικτόμενα,
1742 4226 1821 4295 πῆ
1853 4228 1951 4297 μὲν

364 4296 480 4350 τῶν
510 4300 804 4357 τικτόντων
837 4306 1155 4377 μετέχοντα,
1186 4312 1260 4381 πῆ
1282 4311 1339 4365 δὲ
1358 4310 1760 4371 διαλλάττοντα.
1796 4296 1951 4371 Διαλ-

365 4386 611 4443 λαττέτω
628 4391 721 4448 οὖν
738 4396 879 4450 κατὰ
892 4397 952 4457 τὸ
973 4399 1166 4469 θνητὸν
1181 4401 1275 4455 τοῦ
1294 4402 1602 4472 ἀνθρώπου,
1625 4407 1657 4478 ἢ
1678 4410 1951 4480 μετεχέτω

366 4480 512 4534 κατὰ
542 4481 605 4534 τὸ
634 4483 852 4540 ένυλον·
902 4488 1267 4547 διαλλαττέτω
1312 4496 1476 4549 πάλιν
1529 4498 1764 4567 ἀγγέλου
1805 4503 1951 4557 κατὰ

365 4572 428 4625 τὸ
452 4570 744 4643 ἀθάνατον,
788 4578 883 4632 καὶ
914 4581 1192 4651 μετεχέτω
1232 4585 1372 4639 κατὰ
1400 4585 1461 4639 τὸ
1490 4586 1782 4658 ἀσώματον
1807 4605 1821 4619 ·
1856 4593 1949 4646 καὶ

364 4663 510 4719 ἔστω
534 4666 745 4739 θνητὸν,
770 4670 1038 4727 ἀθάνατον
1056 4692 1071 4707 ·
1103 4676 1198 4728 καὶ
1220 4676 1426 4743 ένυλον,
1449 4680 1769 4752 ἀσώματον·
1810 4686 1949 4740 ἀλλά

363 4757 630 4815 ἀδύνατον
661 4778 674 4793 ·
707 4764 885 4819 ἐνυλοι
935 4766 1046 4839 γὰρ
1086 4770 1263 4837 μόνως
1292 4772 1387 4827 καὶ
1434 4773 1621 4845 θνητοὶ
1671 4777 1947 4849 ἄνθρωποι

368 4853 547 4922 μόνως
568 4849 707 4926 ἦσαν
731 4858 783 4911 οί
812 4860 1069 4928 γίγαντες
1091 4878 1106 4894 ο
1148 4864 1249 4919 οὐκ
1296 4865 1404 4938 ἀρα
1449 4867 1662 4939 ἀνδρῶν
1694 4872 1948 4940 ἀγγέλοις

365 4944 680 5015 συνιόντων,
707 4948 785 5018 πῆ
810 4951 911 5021 μὲν
943 4952 1011 5007 τὰ
1041 4956 1336 5027 τικτόμενα
1362 4960 1566 5015 τούτων
1595 4967 1832 5035 μετεῖχε,
1869 4967 1945 5038 πῆ

363 5036 423 5091 δὲ
452 5038 798 5109 διήλλαττενο
832 5043 968 5100 ἀλλὰ
989 5044 1279 5115 δέδεικται,
1308 5050 1389 5105 ὅτι
1416 5051 1701 5125 οὐδέτερόν
1720 5072 1771 5107 τι
1797 5036 1947 5127 παρά

364 5132 563 5188 ταῦτα.
624 5136 739 5189 Οὐκ
789 5136 897 5206 ἄρα
928 5139 1008 5209 lix
1037 5141 1267 5194 συνόδων
1313 5143 1524 5213 ἀνδρῶν
1558 5146 1652 5199 καὶ
1698 5148 1948 5217 ἀγγέλων

364 5223 592 5280 δυνατόν
638 5244 690 5281 τι
746 5229 1036 5298 τεχθῆναι·
1073 5233 1156 5284 ὅτι
1196 5234 1331 5303 μηδὲ
1380 5237 1528 5306 παρὰ
1561 5237 1631 5290 τά
1679 5241 1947 5310 εἰρημένα

366 5317 624 5389 τεχθῆναί
655 5338 709 5374 τι
736 5322 971 5405 δύναται.
1009 5324 1069 5390 ἐξ
1091 5328 1408 5396 ὲτεροειδῶν
1432 5344 1445 5358 ·
1486 5331 1601 5385 ἀλλ’
1634 5334 1754 5386 οὐδὲ
1791 5336 1952 5403 φύσιν

367 5408 481 5479 ἔχει
515 5411 576 5462 τὸ
599 5415 853 5483 πρᾶγμα.
897 5416 957 5469 ΕΞ
989 5418 1095 5484 γὰρ
1144 5420 1237 5470 καὶ
1269 5418 1418 5487 δοθῇ,
1469 5421 1607 5492 ὅπερ
1644 5424 1947 5494 ἀμήχανον,

370 5502 525 5573 ἀνδρὶ
556 5508 915 5574 συγγενέσθαι
955 5509 1204 5579 ἀγγέλῳ,
1247 5511 1305 5562 ἐν
1351 5514 1478 5583 ποίᾳ
1517 5515 1700 5586 μήτρᾳ
1743 5519 1953 5585 συνέξει

369 5596 465 5648 καὶ
505 5596 715 5659 ζωὼσει
748 5600 806 5654 τὸ
836 5605 1129 5673 ἀσώματον
1188 5604 1249 5658 τὸ
1286 5608 1479 5676 σῶμα,
1532 5609 1659 5679 ποία
1692 5610 1748 5663 δὲ
1791 5613 1953 5685 ὁμοίᾳ

446 5780 561 5909 φι)
589 5782 762 5853 Negat
791 5786 937 5841 hunc
965 5804 1087 5845 esse
1131 5789 1653 5849 Mohamedanorum
1708 5811 1951 5851 errorem

446 5874 450 5904 τ
480 5857 658 5908 andus
685 5872 774 5909 OD.
803 5858 892 5909 cit.
920 5858 1015 5909 lib.
1054 5876 1111 5909 Il-
1144 5861 1229 5909 45-
1263 5867 1650 5909 ennlomlilmm
1684 5868 1859 5909 Inmnn
1886 5884 1948 5909 (ιιι

373 5851 1015 5934 Beianduiochitaljb.
1054 5876 1113 5926 ιι,
1144 5861 1230 5924 15.
1263 5867 1650 5934 contenditque
1683 5868 1859 5923 locum
1886 5884 1950 5922 ex

374 5923 515 5981 Sura
557 5923 826 5995 XXXVII,
857 5929 979 5998 150,
1014 5923 1354 5989 contrarium
1395 5923 1578 6006 potius
1620 5937 1945 6009 signiﬁcare.

2056 3586 2210 3626 versa
2234 3588 2459 3642 prorsus
2478 3589 2507 3628 a
2530 3575 2776 3645 pariente
2799 3575 2970 3643 fieret,
2996 3588 3164 3647 atque
3186 3580 3260 3635 ita
3293 3597 3393 3636 nec
3420 3585 3643 3655 angelus

2055 3674 2199 3721 esset
2217 3666 2492 3722 nccbomo
2511 3684 2526 3733 ;
2544 3667 2593 3722 id
2610 3676 2712 3733 est,
2740 3684 2917 3739 neque
2943 3671 3189 3726 mortalis
3207 3688 3383 3744 neque
3415 3676 3641 3732 immor-

2055 3757 2202 3823 talis,
2226 3772 2403 3829 neque
2428 3760 2662 3816 carnalis
2689 3776 2864 3831 neque
2888 3762 3279 3832 incorporalis;
3304 3768 3430 3822 muli
3449 3770 3639 3837 instar,

2055 3850 2147 3919 qui
2171 3867 2345 3922 neque
2368 3852 2646 3908 hinniendi
2672 3870 2849 3925 neque
2874 3856 3103 3911 rudendi
3126 3856 3435 3917 facultatem
3459 3864 3640 3921 habet.

2054 3942 2158 3998 Sed
2218 3959 2395 4014 neque
2425 3960 2514 4001 res
2553 3947 2729 4002 media
2767 3958 2913 4004 esset
2952 3950 3095 4005 inter
3147 3955 3433 4009 mortalem
3463 3957 3643 4012 etim-

2053 4037 2359 4104 mortalem,
2378 4048 2431 4093 et
2452 4039 2592 4094 inter
2609 4041 2949 4095 materialetn
2971 4052 3024 4097 et
3048 4043 3478 4102 immaterialem.
3500 4050 3637 4105 Nam

2055 4126 2302 4196 gigantes
2321 4138 2469 4185 certe
2487 4139 2541 4184 et
2562 4132 2764 4186 mortui
2800 4142 2947 4196 sunt,
2974 4144 3029 4189 et
3060 4138 3371 4194 materiales
3391 4140 3641 4199 homines

2053 4220 2295 4275 fuerunt.
2321 4219 2443 4275 Non
2490 4222 2673 4292 itaque
2693 4237 2757 4278 ex
2808 4223 2939 4281 vin's
2991 4227 3308 4299 angelisque
3346 4237 3639 4301 generandi

2054 4327 2217 4369 causa
2277 4317 2635 4383 coeuntibus,
2676 4317 2916 4387 genitum
2962 4322 3259 4393 quidquam
3309 4325 3503 4381 fuisset
3555 4328 3643 4382 di-

2051 4418 2268 4459 versum
2301 4420 2332 4459 a
2355 4406 2720 4476 gignentibus,
2755 4409 2900 4477 quod
2954 4412 3152 4479 partim
3185 4414 3406 4469 eosdem
3460 4419 3635 4486 parti-

2051 4496 2277 4566 ciparet,
2305 4499 2500 4567 partim
2533 4499 2889 4571 discreparet.
2922 4504 3051 4559 Esto
3079 4504 3244 4574 igitur
3274 4507 3403 4563 illud
3436 4510 3639 4564 discre-

2051 4604 2188 4660 pans
2210 4591 2279 4646 ab
2307 4592 2526 4648 homine
2550 4633 2565 4659 ,
2601 4603 2873 4664 quatenus
2915 4597 3003 4653 hic
3040 4609 3125 4655 est
3187 4602 3435 4658 manalis
3474 4618 3641 4669 ;cnn-

2052 4692 2211 4751 gruat
2244 4693 2449 4748 autem,
2485 4698 2757 4757 quatenus
2817 4691 2957 4746 idem
3002 4704 3088 4749 est
3132 4694 3451 4752 materialis.
3508 4698 3640 4753 Esto

2052 4775 2169 4831 vice
2196 4792 2353 4833 versa
2389 4779 2709 4850 discrepans
2739 4784 2808 4838 ab
2841 4787 3054 4858 angelo,
3092 4800 3365 4859 quatenus
3424 4792 3513 4848 hic
3557 4803 3643 4848 est

2057 4868 2421 4937 inunortalis;
2465 4884 2733 4944 congruat
2771 4887 2994 4944 autem,
3054 4891 3326 4950 quatenus
3362 4885 3500 4939 idem
3555 4897 3642 4941 est

2057 4960 2431 5030 incorporeus.
2460 4966 2463 4967 ⁷
2496 4966 2674 5036 Atque
2728 4968 2802 5022 ita
2866 4972 3119 5039 mortale,
3164 4976 3235 5028 sit
3289 4977 3636 5042 immortale;

2055 5056 2356 5120 materiale,
2389 5058 2460 5111 sit
2488 5060 2862 5129 incorporeum
2896 5080 2908 5129 ;
2956 5065 3104 5133 quod
3139 5076 3223 5121 est
3273 5070 3631 5139 impossibile.

2056 5145 2192 5201 Nam
2224 5148 2469 5219 gigantes
2518 5152 2653 5206 nihil
2716 5155 2862 5209 aliud
2900 5156 3121 5212 fuerunt
3175 5177 3338 5231 quam
3377 5163 3634 5219 materia-

2056 5240 2135 5295 les
2168 5244 2534 5311 mortalesque
2564 5247 2835 5304 homines.
2866 5248 2983 5305 Non
3010 5267 3142 5323 ergo
3191 5269 3257 5309 ex
3291 5256 3533 5310 virorum
3586 5269 3641 5312 et.

2056 5337 2372 5407 angelorum
2409 5340 2699 5395 concubitu
2730 5343 3027 5413 quidquam
3052 5346 3195 5416 gigni
3227 5358 3403 5418 potest
3435 5368 3449 5417 ;
3485 5351 3634 5420 quia,

2056 5439 2253 5498 praater
2298 5432 2466 5497 dicta,
2502 5434 2634 5488 nihil
2688 5452 2752 5489 ex
2805 5437 3184 5509 hcterogencis
3235 5442 3378 5511 gigni
3438 5456 3633 5512 potest.

2056 5520 2242 5593 Neque
2276 5524 2416 5580 hanc
2446 5535 2638 5583 natura
2684 5544 2794 5583 rem
2829 5530 3052 5599 patitur.
3089 5531 3221 5584 Nam
3253 5536 3294 5597 si
3328 5532 3465 5589 fat-te
3507 5551 3639 5591 con-

2058 5618 2302 5684 cedatur,
2353 5620 2406 5674 id
2457 5624 2602 5691 quod
2662 5624 2774 5678 fieri
2816 5626 3029 5696 nequit,
3091 5627 3208 5680 viro
3265 5645 3387 5683 cmn
3442 5630 3638 5700 angelo

2066 5798 2561 5885 {Eccum-colam?)
2603 5822 2725 5862 cum
2765 5806 3029 5885 adnJam
3070 5826 3189 5881 qua:
3216 5812 3541 5885 Euthymius
3582 5815 3637 5869 in

2063 5870 2323 5943 l'enopft'n
2344 5876 2494 5945 dicit,
2527 5893 2591 5933 ea
2627 5896 2691 5935 cx
2725 5891 2913 5937 nostro
2941 5870 3132 5939 Niceta
3165 5877 3365 5941 haurit.
