3994 6602
393 377 496 440 733
1656 373 1948 435 NICET/E
2014 373 2418 436 BYZANTINI
3548 382 3654 450 ’ῖεῇ

391 493 557 550 mire,
601 501 835 556 quanam
879 487 930 542 in
993 488 1148 543 vulva
1193 489 1548 560 incorporeus
1601 490 1875 562 concipiet
1911 501 1950 546 et

2073 491 2168 543 καὶ
2197 490 2519 562 καταλλήλῳ
2561 490 2658 564 ὕλῃ
2691 491 2916 564 αὐξήσει
2947 492 3040 547 τὸν
3072 493 3267 563 δγκον;
3317 495 3432 561 πῶς
3460 497 3527 552 δὲ.
3563 502 3656 553 καὶ⁸

387 579 684 632 vivitieahit
719 593 919 647 corpus
978 578 1246 648 aliquod?
1308 595 1546 650 quanam
1615 579 1779 634 simili
1825 595 1950 663 .C()II'

2073 583 2418 653 ὲγγαστρίως
2452 583 2705 654 περιάξει
2743 601 2757 650 ;
2824 584 2938 647 πῶς
2994 585 3049 638 δὲ
3091 587 3186 639 καὶ
3224 587 3551 660 γαλουχήσει
3599 591 3658 644 τδ

385 687 630 742 gruaque
661 673 886 726 tnateria
906 672 1124 742 augebit
1153 673 1403 742 concepti
1437 673 1632 727 molem
1653 673 1675 725 ?
1696 674 1950 742 quomodt

2074 675 2283 744 χυμοὺς
2317 674 2645 744 θρεπτικοῦς
2677 674 2867 738 εἰωθὸς
2887 675 3227 730 ἐπισπᾶσθαι
3259 675 3398 740 ζῶον
3445 680 3477 749 ἡ
3508 679 3660 734 ἀναι-

385 766 438 820 in
474 774 631 818 utero
671 764 1020 819 circumferet
1050 765 1371 834 ?quomodo
1397 764 1620 819 lactabit
1646 765 1668 818 ?
1697 766 1950 830 quomodt

2078 782 2177 836 μος
2223 768 2316 819 καὶ
2342 765 2505 829 ἀῦλος
2536 767 2727 836 φύσις;
2785 769 2887 822 οὐκ
2917 767 3024 839 ἄρα
3057 768 3389 839 συλλήψεται
3432 769 3660 837 ἄγγελος

384 857 674 910 nutritivos
706 856 964 910 humores
993 871 1183 926 sugere
1217 855 1381 910 solito
1419 856 1647 910 animali
1713 855 1942 926 suppedi

2076 856 2135 921 ἐξ
2167 857 2395 928 ἀνδρός·
2434 858 2547 912 ἀλλ’
2594 859 2716 912 οὐδὲ
2774 860 2999 915 δυνατὸν
3049 860 3202 930 ἀνδρὶ
3257 859 3476 931 ἀγγέλῳ
3529 862 3660 933 πρὸς

381 947 513 1000 tabit
541 949 830 1018 exsanguis
851 957 903 1002 et
935 947 1309 1001 immaterialis
1342 947 1579 1001 natura?
1612 948 1755 1018 Ergo
1808 965 1950 1020 auge

2077 951 2366 1005 συνουσίαν
2392 951 2566 1005 ἐλθεῖν
2585 968 2599 986 ο
2646 953 2818 1008 ἀπτδν
2858 953 2957 1024 μὲν
2985 952 3094 1025 γὰρ
3122 953 3183 1005 τὸ
3207 954 3317 1006 τῶν
3353 952 3659 1024 ἀνθρώπων

383 1041 464 1093 'us
499 1057 560 1094 ex
596 1041 708 1093 viro
747 1057 854 1093 non
911 1039 1202 1109 concipiet.
1249 1039 1354 1095 Sed
1396 1056 1575 1110 neque
1625 1041 1740 1096 lieri
1793 1051 1947 1111 potes

2073 1041 2253 1112 σῶμα,
2284 1043 2496 1116 ἀναφὴς
2517 1044 2573 1097 δὲ
2597 1047 2624 1098 ὁ
2653 1045 2885 1114 ἄγγελος
2906 1062 2920 1077 ’
2971 1040 3016 1115 ᾧ
3070 1047 3127 1100 δὲ
3161 1049 3272 1118 ἀφῇ
3311 1048 3408 1118 οὐχ
3461 1049 3659 1103 ὑποπίς

325 1168 341 1176 ς
381 1141 439 1184 ιιι
465 1133 545 1186 vir
574 1133 639 1186 ad
669 1132 843 1200 angeli
885 1133 1240 1187 concubitum
1275 1133 1496 1188 veniat:
1534 1133 1743 1204 quippe
1786 1134 1950 1187 homi-

2070 1153 2217 1202 πτει,
2247 1137 2367 1191 οὐδὲ
2421 1139 2707 1210 μετέχεται
2744 1142 2876 1211 παρ’
2914 1140 3108 1194 αὑτοῦ·
3150 1143 3198 1194 εἰ
3232 1141 3290 1194 δὲ
3339 1142 3660 1212 μετέχεσθαι

379 1239 504 1275 num
572 1222 832 1291 tangibile
885 1238 1089 1292 corpus
1142 1231 1263 1285 est,
1320 1223 1662 1293 intangibilis
1715 1224 1960 1293 angelus.
2067 1231 2394 1293 παράὑτοῦ
2423 1233 2482 1285 οὐ
2513 1232 2571 1286 δύ

378 1315 528 1380 Quod
559 1325 738 1370 autem
777 1315 880 1370 sub
937 1325 1141 1370 tactum
1199 1331 1309 1370 non
1347 1316 1515 1380 cadit,
1572 1317 1748 1371 eidem
1800 1317 1950 1371 homt

2065 1321 2223 1394 ἀνδρὶ
2278 1324 2712 1396 συνεισέρχεται.
2772 1325 2976 1391 Κακῶς
3034 1327 3126 1380 οὖν
3166 1327 3275 1399 ἄρα
3324 1327 3418 1380 καὶ
3449 1327 3661 1392 ἀσεϐῶς

377 1423 483 1462 non
514 1408 904 1472 communicat,
935 1406 1055 1462 Jam
1093 1408 1138 1463 si
1172 1409 1400 1477 angelus
1437 1407 1503 1463 ad
1536 1423 1656 1464 eam
1710 1422 1960 1463 commu-

374 1502 590 1555 nionem
619 1501 760 1556 tralti
798 1502 1006 1570 nequit,
1041 1517 1107 1555 ne
1140 1501 1243 1555 viri
1284 1501 1504 1572 quidem
1541 1500 1752 1570 copulm
1792 1500 1962 1556 obno-

2068 1414 2313 1484 Μωάμετ
2344 1415 2562 1488 θηλείας
2590 1417 2944 1489 τερατεύεται
2977 1419 3269 1487 ἀγγέλους,
3300 1420 3396 1472 καὶ
3437 1420 3661 1482 ταύταις

2069 1504 2393 1576 ἀνθρώπους
2417 1509 2696 1564 συνελθεῖν
2733 1509 3067 1581 βλασφημεῖ.

375 1597 498 1653 sius
531 1598 655 1653 erit.
686 1597 821 1651 Male
867 1596 1033 1666 igitur
1084 1596 1356 1666 impieque
1381 1594 1734 1650 Mobamedes
1761 1596 2020 1668 contingit
2055 1597 2291 1657 feminas
2317 1605 2560 1674 angelos,
2592 1612 2795 1661 etcum
2842 1604 2929 1660 his
2961 1602 3207 1674 cepulari
3233 1601 3487 1659 homines
3515 1602 3660 1660 blas-

373 1696 613 1763 phemat.

381 1791 567 1845 XXIII.
605 1791 864 1844 Adversus
895 1788 1130 1842 eumdem
1161 1786 1416 1842 dicentem
1445 1787 1577 1842 nihil
1615 1785 1783 1840 valere
1826 1801 1950 1840 sau-

2061 1787 2184 1842 ΚΓ.
2215 1788 2370 1857 Πρὸς
2394 1790 2504 1844 τὸν
2529 1789 2718 1844 αὐτὸν
2737 1789 2998 1858 λέγοντα
3022 1786 3219 1857 μηδὲν
3252 1787 3512 1858 ἰσχύειν
3547 1785 3660 1858 τὴν

444 1873 669 1929 εισι-ιιηι,
703 1863 790 1932 qui
822 1863 881 1936 lin
915 1861 1044 1915 cwlo
1075 1867 1233 1924 sunt,
1269 1858 1573 1930 angelorum
1625 1859 1956 1912 intercessio-

445 1951 586 1987 ιιριη.

441 2022 530 2078 88.
559 2022 669 2077 Nisi
689 2021 1036 2078 Moltamedes
1067 2019 1358 2078 confessus
1390 2018 1587 2076 fuisset
1629 2019 1952 2090 angelorum

348 2115 858 2178 "intercessionem,
895 2112 1251 2182 quaerendum
1305 2111 1448 2165 foret
1479 2125 1606 2164 num
1666 2109 1783 2178 ipse
1833 2124 1955 2163 eam

372 2207 484 2260 ﬁeri
523 2220 681 2274 posse
736 2202 1097 2258 existimaret.
1157 2201 1262 2256 Sed
1325 2200 1454 2270 quia
1495 2200 1634 2254 hanc
1682 2199 1954 2266 concedit,

367 2297 461 2352 sed
498 2297 741 2350 inutilem
775 2295 1004 2350 afﬁrmat
1052 2311 1066 2361 ;
1101 2293 1454 2364 quaerendum
1500 2274 1770 2362 superest,
1803 2306 1954 2362 qua:-

369 2409 494 2448 nam
527 2393 691 2463 hujus
726 2389 1099 2447 frustrationis
1132 2403 1299 2444 causa
1329 2387 1422 2442 sit.
1447 2385 1584 2441 Nam
1619 2385 1664 2440 si
1693 2386 1808 2440 haec
1835 2384 1962 2456 qui-

369 2491 492 2540 dem
528 2486 653 2539 talis
687 2491 791 2554 est,
828 2482 883 2538 id
921 2483 980 2537 iit
1009 2481 1090 2537 vel
1123 2479 1253 2551 quia
1290 2479 1434 2534 Deus
1487 2475 1850 2547 implacabilis
1879 2484 1961 2532 est

368 2595 532 2648 prece
559 2579 803 2648 qualibet
836 2595 852 2644 ;
897 2577 983 2631 vel
1022 2576 1149 2646 quia
1188 2573 1366 2646 angeli
1422 2570 1720 2642 improprie
1767 2580 1959 2640 postu-

369 2672 505 2728 lant.
537 2669 694 2726 Nunc
725 2670 854 2740 quia
902 2671 1058 2739 prius
1106 2667 1244 2723 illud
1306 2682 1372 2721 ne
1409 2663 1785 2720 Mobamedem
1835 2663 1959 2734 qui-

367 2767 491 2819 dem
520 2764 810 2819 admittere
837 2773 1055 2820 constat
1101 2779 1166 2819 ex
1203 2761 1324 2833 ejus
1361 2761 1428 2817 ad
1483 2777 1674 2832 preces
1704 2761 1960 2816 adhorta~

369 2857 633 2922 tionibus,
665 2863 915 2933 superest
941 2865 1002 2911 ut
1057 2863 1335 2926 putemus,
1369 2853 1616 2924 angelos,
1671 2861 1961 2922 propterea

366 2949 510 3018 quod
550 2948 686 3003 male
708 2955 916 3017 petunt,
937 2962 1044 3002 non
1075 2946 1339 3002 exaudiri.
1363 2945 1530 3017 Atqui
1569 2945 1711 3000 male
1755 2955 1959 3016 petere,

367 3046 380 3097 i
408 3045 508 3098 tem
542 3051 625 3098 est
673 3058 736 3098 ac
765 3041 905 3097 male
933 3041 1107 3097 velle:
1132 3049 1262 3096 sunt
1307 3055 1436 3110 ergo
1464 3038 1642 3109 angeli
1677 3037 1956 3093 malevoli.

2129 1855 2456 2001 gpedpgéazr
2516 1860 2639 1914 τῶν
2716 1861 2789 1914 ἐν
2820 1855 3141 1928 ὀὺρακοῖς
3218 1855 3405 1929 ἁγίων
3481 1855 3660 1944 ιὶγγέέ⁸

2175 1948 2257 1984 ων
2414 1971 2428 1985 .

2175 1948 2257 1984 ων
2287 1948 2428 1985 ίυΖΙ.

2129 2020 2243 2093 πη’.
2279 2024 2344 2077 Et
2377 2023 2476 2094 μὲν
2503 2023 2666 2088 αὐτὸς
2696 2023 2794 2094 οὐχ
2825 2022 3094 2094 ὡμολόγει
3124 2020 3423 2092 πρεσϐείαν
3483 2019 3654 2088 ἀγγέ-

2059 2113 2186 2180 λων,
2214 2107 2461 2183 ἐζητεῖτο
2487 2114 2552 2168 ἂν
2595 2117 2644 2169 εί
2672 2115 2780 2187 ἄρα.
2815 2116 2966 2168 ἐστὶν
2998 2113 3148 2184 αὐτῷ
3183 2111 3448 2178 δοξαστόν
3466 2127 3480 2140 ο
3507 2112 3658 2163 ἐπει.

2059 2205 2122 2276 δὴ
2148 2205 2204 2259 δὲ
2227 2203 2386 2258 τοῦτο
2413 2205 2596 2259 δίδωσι
2627 2205 2749 2274 μὲν,
2785 2206 3045 2277 ἀνόνητον
3077 2207 3133 2260 δὲ
3160 2205 3329 2275 αὐτὴν
3363 2203 3657 2272 ἀποφαίνε·

2058 2315 2169 2364 ται,
2213 2296 2700 2368 ζητείσθωλοιπὺν
2734 2300 2818 2363 τίς
2849 2302 2882 2367 ὴ
2921 2299 3069 2352 αἰτία
3095 2299 3194 2369 τῆς
3221 2297 3527 2368 ἀποτυχίας
3559 2296 3656 2350 αὖ·

2058 2392 2161 2461 τῆς
2180 2407 2196 2424 ο
2221 2394 2270 2445 εί
2294 2392 2402 2463 ἄρα
2435 2391 2529 2446 καὶ
2556 2391 2710 2446 ἔσται
2730 2409 2744 2423 ⁶
2777 2394 2894 2464 ἦτοι
2920 2393 3019 2464 μὲν
3041 2391 3152 2464 γὰρ
3169 2390 3486 2462 ἀμείλικτός
3508 2391 3655 2443 ἐστιν

2059 2480 2088 2534 ὀ
2113 2479 2246 2542 Θεὸς
2272 2480 2363 2534 ἐπὶ
2386 2481 2535 2553 πάσῃ
2560 2482 2810 2553 αἰτήσει,
2843 2482 2876 2553 ἢ
2909 2482 3129 2551 ἄγγελοι
3159 2481 3445 2544 ἀνοικείως
3468 2481 3653 2533 αἰτοῦ-

2063 2588 2165 2624 σιν.
2198 2571 2356 2625 Ἐπεὶ
2375 2571 2431 2625 δὲ
2459 2573 2522 2626 τὸ
2550 2573 2768 2643 πρῶτον
2791 2574 2913 2627 οὐδὲ
2941 2573 3106 2636 αὐτὸς
3125 2571 3468 2643 ἀποδέχεται,
3496 2571 3653 2643 δῆλον

2063 2665 2127 2718 ὲκ
2157 2664 2252 2718 τοῦ
2287 2669 2576 2737 παραινεῖν
2615 2666 2869 2739 εὔχεσθαι
2893 2683 2904 2695 ·
2953 2666 3201 2720 λείπεται
3241 2665 3352 2737 ἄρα
3400 2668 3517 2729 τοῖς
3555 2666 3655 2733 ἀγ⁴

2062 2758 2240 2827 γέλοις
2265 2759 2473 2815 οἴεσθαι
2521 2760 2706 2826 κακῶς
2739 2761 2981 2815 αἰτοῦσιν
3010 2761 3086 2834 μὴ
3125 2760 3423 2816 ἀκούεσθαι
3448 2777 3462 2789 ’
3499 2760 3565 2812 τὸ
3597 2759 3650 2812 δὲ

2063 2853 2250 2918 κακῶς
2294 2854 2583 2920 αἰτεῖσθαι,
2640 2854 2835 2909 ταυτὸν
2892 2854 2972 2926 τῷ
3022 2854 3208 2917 κακῶς
3241 2853 3418 2907 θέλειν
3463 2851 3648 2906 ἐστίν’

2063 2943 2205 3000 ὥστε
2236 2946 2378 3000 κατά
2415 2947 2614 3001 ταυτὸν
2665 2946 2987 3011 κακοθελεῖς
3027 2948 3075 3000 οί
3110 2946 3334 3016 ἄγγελοι
3362 2962 3377 2980 ο
3412 2945 3653 3000 κακοθε·

2061 3035 2160 3106 λὴς
2180 3035 2235 3090 δέ
2267 3035 2382 3090 ὲστί
2409 3053 2494 3100 τις
2542 3035 2576 3108 ἢ
2605 3036 2665 3102 ἐξ
2691 3036 2912 3106 ἀγνοίας
2933 3076 2949 3101 ,
2981 3037 3014 3108 ἢ
3054 3039 3119 3090 ὲκ
3157 3036 3496 3108 μοχθηρίαςο
3538 3035 3655 3099 πῶς

364 3135 660 3190 Malevolus
711 3144 890 3190 autem
922 3133 1122 3205 aliquis
1150 3142 1253 3197 est,
1285 3133 1370 3188 vel
1401 3148 1465 3188 ex
1500 3132 1736 3195 inscitia,
1778 3130 1862 3186 vel
1893 3146 1950 3186 ex

2063 3129 2120 3183 δέ
2149 3147 2233 3192 τις
2259 3128 2395 3192 ὅλως
2419 3128 2578 3201 οἰηθῇ
2603 3129 2710 3183 τῶν
2738 3128 3145 3200 εὐφρονούντων
3190 3129 3248 3182 ὲν
3283 3127 3479 3200 ἀγνοίᾳ
3514 3122 3652 3181 εἶναι

373 3231 742 3299 improbitate.
773 3227 1163 3283 Verumtamen
1188 3226 1312 3297 quis
1346 3226 1604 3282 cordatus
1652 3223 1951 3288 existimet,

367 3325 418 3378 in
464 3319 770 3391 ignorantia
823 3318 953 3372 boni
1015 3316 1223 3374 versari
1271 3316 1396 3372 illos
1426 3315 1521 3386 qui
1583 3315 1689 3386 ipsi
1745 3313 1954 3367 innatae

364 3411 646 3481 sapientiae
672 3409 893 3464 astant?
919 3407 1198 3478 quomodo
1221 3407 1351 3462 item
1405 3405 1580 3461 malos
1610 3421 1704 3461 eos
1735 3403 1955 3475 judica-

365 3504 463 3567 I;it,
505 3502 596 3570 qui
625 3514 842 3556 summo
891 3498 1260 3568 bonojugiter
1319 3495 1687 3552 saturantur?
1723 3493 1882 3562 Quod
1910 3493 1956 3548 si

366 3597 479 3650 haec
504 3592 868 3663 impossibilia
899 3601 1048 3656 sunt,
1085 3590 1346 3644 mentitur
1373 3588 1492 3645 sine
1537 3589 1704 3644 dubio
1759 3587 1954 3642 Mehe-

366 3686 550 3740 medcs
581 3703 594 3752 ;
637 3685 746 3739 imo
790 3700 916 3740 vero
948 3684 1314 3754 blasphemat,
1344 3684 1565 3739 inutiles
1594 3682 1784 3738 dicens
1831 3696 1957 3737 san-

365 3787 576 3831 ('IOI‘IIID
605 3776 924 3844 angelorum
956 3775 1403 3831 intercessiones.

363 3868 557 3926 XXIV.
593 3871 856 3924 Adversus
908 3869 1144 3923 eumdem
1187 3869 1467 3934 dicentem,
1515 3869 1683 3924 Deum
1725 3869 1954 3925 solidum

509 3959 656 4006 esse;
683 3950 730 3994 et
756 3957 915 4011 neque
942 3941 1206 4006 genuisse.
1233 3956 1394 4010 neque
1416 3941 1650 4011 genitum
1680 3957 1810 3996 esse.

432 4099 521 4153 89.
541 4097 642 4163 Qui
665 4095 849 4151 omnia
867 4094 1125 4166 produxit
1164 4095 1244 4165 ex}
1268 4094 1459 4160 nihilo,
1485 4095 1650 4150 rebus
1666 4109 1695 4149 a
1715 4108 1773 4150 se
1796 4094 1954 4149 Iactis

362 4205 589 4258 prorsus
640 4198 695 4244 et
734 4189 949 4244 inﬁnite
978 4187 1137 4244 debet
1177 4203 1273 4258 per
1311 4187 1498 4243 omnia
1544 4202 1667 4242 esse
1716 4187 1951 4254 melior,

367 4279 699 4346 substantia,
725 4281 952 4347 viribus,
972 4277 1669 4348 voluntate,perpetuitate,
1694 4275 1949 4332 elIicacia.

358 4372 513 4438 Quod
536 4373 578 4426 si
600 4373 672 4426 ita
691 4387 799 4427 non
818 4382 920 4438 est,
938 4389 1005 4426 ne
1017 4372 1281 4442 produxit
1298 4372 1519 4441 quidem
1537 4371 1660 4426 illas
1673 4386 1738 4426 ex
1757 4371 1948 4426 nihilo.

2061 3213 2156 3269 τοῦ
2186 3215 2391 3286 ἀγαθοῦ
2427 3218 2553 3280 τοὺς
2598 3218 2953 3287 παρεστῶτας
2970 3221 3036 3290 τῇ
3073 3218 3398 3291 αὑτοσοφίᾳ;
3436 3217 3556 3280 πῶς
3597 3217 3653 3271 δὲ

2061 3305 2155 3358 καὶ
2178 3306 2486 3378 μοχθηροὺς
2511 3305 2638 3370 τοὺς
2666 3307 2727 3360 τὸ
2759 3307 2964 3377 ἀγαθὸν
3006 3307 3219 3372 ἀενάως
3279 3307 3645 3379 ὲμπιπλωμέ-

2058 3416 2220 3468 νους;
2255 3401 2317 3454 Et
2347 3401 2404 3454 δὲ
2441 3401 2617 3456 ταῦτα
2645 3401 2902 3470 ἀδύνατα,
2954 3401 3212 3472 ψεύδεται
3246 3401 3354 3474 ἄρα
3382 3403 3650 3473 Μωάμετ,

2055 3490 2264 3564 ’μᾶλλον
2325 3493 2382 3546 δὲ
2447 3492 2782 3566 βλασφημεῖ,
2843 3495 3140 3567 ἀνωφελεῖς
3187 3495 3286 3560 τάς
3330 3495 3438 3548 τῶν
3482 3495 3650 3566 ἁγίων

2059 3584 2308 3654 ἀγγέλων
2336 3584 2636 3658 πρεσϐείας
2658 3587 3118 3658 ἀποφαινόμενος.

2058 3864 2185 3920 ΚΔ’.
2223 3863 2378 3932 Πρὸς
2403 3864 2510 3918 τὸν·
2547 3863 2736 3918 αὐτὸν
2763 3863 3021 3933 λέγοντα
3045 3878 3058 3894 ο
3107 3862 3172 3916 '0
3203 3863 3348 3928 Θεὸς
3375 3863 3648 3932 did-agu-

2122 3937 2241 4061 ράὲ
2273 3934 2384 4004 (93)
2445 3935 2654 3990 ἐστιν’
2711 3936 2822 3988 οὐκ
2881 3933 3251 4004 ἐγέννησεν,
3313 3935 3424 3988 οὐκ
3481 3935 3646 4005 ἐγεν-

2125 4022 2202 4061 νη
2244 4023 2303 4061 n.

2125 4022 2303 4074 νηυη.

2127 4096 2236 4153 πθ’.
2283 4097 2342 4152 'O
2358 4097 2536 4152 πάντα
2571 4095 2912 4169 παραγαγὼν
2941 4095 2999 4161 ἐξ
3029 4095 3130 4150 οὐκ
3150 4095 3345 4162 ὄντων,
3381 4095 3646 4166 κρείττων

2054 4188 2348 4260 ἀπειράκις
2380 4189 2489 4242 τῶν
2527 4189 2882 4262 πραχθέντων
2929 4189 2993 4240 ἐκ
3043 4186 3245 4250 παντὸς
3275 4186 3340 4240 ἂν
3374 4189 3458 4257 εἴη
3503 4187 3644 4240 κατὰ

2056 4281 2255 4345 πάντα,
2291 4279 2469 4352 οὐσίᾳ,
2496 4279 2745 4350 δυνάμει,
2777 4280 3015 4352 θελήσει,
3051 4282 3337 4351 ἀῖδιότητι,
3367 4281 3462 4335 καὶ
3485 4283 3641 4352 ἐνερ-

2053 4371 2210 4442 γείᾳο
2239 4373 2287 4424 εί
2311 4371 2420 4442 γὰρ
2459 4372 2557 4443 μὴ,
2594 4372 2716 4425 οὐδὲ
2749 4370 2808 4437 ἐξ
2836 4372 2936 4426 οὐκ
2967 4372 3136 4427 ὄντων
3186 4373 3326 4427 αύτά
3357 4374 3597 4443 παράγει
3624 4387 3638 4402 ·

358 4465 512 4532 Quod
553 4466 724 4520 sinon
758 4465 1035 4535 produxit,
1069 4465 1258 4520 eadem
1298 4478 1362 4518 ac
1396 4464 1487 4518 ille
1514 4464 1948 4534 sempiternitate

2061 4466 2102 4518 εί
2132 4465 2187 4518 δὲ
2218 4465 2293 4536 μὴ
2337 4465 2585 4537 παράγῃ,
2623 4466 2720 4536 τῆς
2746 4466 2920 4537 αὐτῆς
2946 4467 3040 4521 τοῦ
3081 4466 3254 4521 ἀϊδίου
3282 4470 3378 4522 καὶ
3404 4469 3640 4539 ἀνάρχου

355 4568 408 4613 et
440 4559 558 4613 sine
590 4558 859 4628 principio
890 4558 1062 4628 gloria
1095 4565 1306 4614 cunctae
1347 4572 1435 4612 res
1485 4565 1614 4612 sunt
1658 4555 1897 4626 praedita:
1929 4572 1942 4609 :

356 4668 486 4721 ergo
509 4653 671 4710 etiam
713 4652 921 4708 viribus
972 4666 1132 4722 pares
1180 4660 1327 4718 sunt,
1378 4659 1432 4707 et
1490 4651 1640 4705 illum
1674 4653 1769 4721 qui
1823 4651 1946 4707 sine

357 4743 514 4797 initio
543 4750 625 4798 est
645 4751 955 4812 exaequant.
987 4741 1145 4809 Quod
1178 4742 1223 4797 si
1254 4757 1414 4812 pares
1455 4742 1657 4796 habent
1697 4741 1866 4808 vires,
1897 4741 1944 4796 is

355 4836 571 4904 quidem
620 4835 712 4904 qui
764 4833 972 4904 absque
1013 4833 1167 4888 initio
1215 4839 1334 4897 est,
1369 4832 1509 4887 idem
1549 4841 1632 4887 est
1673 4831 1817 4902 quod
1853 4845 1942 4886 res

355 4938 566 4983 rae-terte
624 4942 836 4983 omnes.
895 4928 1058 4997 Atqui
1097 4927 1343 4982 videmus
1385 4926 1528 4980 haud
1581 4925 1760 4978 omnia
1814 4938 1943 4993 qua-

355 5034 510 5078 tenus
557 5023 777 5087 omnia,
827 5021 921 5076 sed
983 5029 1244 5091 tanquam
1294 5033 1464 5073 unum
1523 5019 1707 5072 omnia
1755 5032 1943 5073 move-

354 5117 436 5183 ri;
474 5116 576 5172 etsi
611 5116 860 5186 quaedam
917 5116 1058 5170 inter
1109 5113 1315 5180 omnia,
1373 5111 1599 5167 meliora
1660 5110 1937 5175 videntur,

351 5209 598 5277 quardam
632 5223 761 5262 vero
795 5207 1092 5262 deteriora;
1131 5205 1237 5261 Sed
1262 5205 1398 5260 nihil
1440 5219 1630 5259 eorum
1678 5203 1942 5258 immutao

352 5301 458 5355 bile
481 5313 564 5356 est
587 5300 670 5355 vel
697 5300 976 5354 immobile
1012 5317 1024 5354 :
1062 5299 1199 5354 adeo
1235 5308 1294 5354 ut
1341 5299 1386 5354 si
1415 5297 1601 5352 omnia
1643 5297 1938 5362 alternant,

350 5406 452 5446 nec
485 5401 758 5461 quatenus
811 5391 995 5444 omnia
1027 5398 1176 5456 sunt,
1203 5397 1518 5454 moventur,
1549 5389 1641 5443 sed
1680 5396 1941 5459 tanquam

275 5503 279 5506 ν
349 5500 542 5549 unum,
570 5499 675 5540 non
707 5491 837 5540 sunt
864 5483 1047 5538 omnia
1081 5480 1232 5553 paria
1260 5483 1310 5538 ei
1341 5482 1435 5551 qui
1467 5482 1584 5536 sine
1623 5480 1779 5536 initio
1809 5490 1926 5538 est:

420 5683 531 5750 (9'2)
556 5682 683 5736 Sttr.
707 5681 851 5746 XXI,
879 5683 973 5741 9.8.

421 5755 532 5824 (1‘5)
563 5753 698 5807 Cod.
727 5753 1050 5824 ὀλὸσφαιρος
1082 5753 1172 5809 hic
1200 5761 1254 5808 et
1277 5752 1438 5808 infra.
1488 5751 1743 5807 Attamen
1799 5768 1933 5808 con-

349 5834 452 5881 stat
484 5841 524 5880 s:
548 5823 833 5880 ribetnlum
869 5823 1036 5883 t‘uiSse
1070 5825 1388 5896 ὁλόσιρυρος.
1421 5823 1542 5879 .Iam
1574 5839 1702 5879 vero
1745 5834 1798 5880 ct
1839 5839 1932 5881 su-

2049 4557 2324 4623 εύκλείας,
2352 4557 2422 4611 τὰ
2452 4560 2630 4613 πάντα
2680 4559 2941 4631 τυγχάνει
2968 4577 2981 4591 ⁸
3017 4560 3213 4615 οὐκοῦν
3245 4562 3340 4614 καὶ
3371 4562 3637 4630 ίσοσθενῆ,

2046 4650 2141 4702 καὶ
2169 4651 2618 4704 συνεπεκτείνετο
2650 4649 2716 4705 ἂν
2765 4651 2845 4720 τῷ
2879 4651 3102 4723 άνάρχῳ
3124 4668 3138 4682 ·
3172 4653 3222 4705 εί
3249 4653 3304 4705 δὲ
3353 4651 3635 4714 ίσοσθενεῖ,

2045 4740 2200 4794 ἔσται
2230 4741 2328 4796 καὶ
2364 4743 2392 4795 ὁ
2442 4741 2680 4814 ἄναρχος
2730 4743 2924 4808 ταυτὸς
2963 4748 3077 4808 τοῖς
3111 4746 3299 4800 πᾶσιν.
3341 4744 3504 4798 Ἀλλά
3533 4742 3640 4814 μὴν

2041 4833 2259 4906 ὁρῶμεν
2291 4835 2390 4906 οὐχ
2412 4835 2486 4899 ὡς
2512 4836 2690 4889 πάντα
2723 4835 2791 4889 τὰ
2811 4837 3011 4902 πάντα,
3046 4836 3160 4890 ἀλλ’
3179 4836 3254 4900 ὡς
3280 4836 3340 4888 ἓν
3369 4835 3437 4890 τά
3463 4838 3638 4890 πάντα

2043 4926 2324 4998 ἀγόμενα·
2362 4927 2540 4981 καίτοι
2582 4926 2618 4982 ἃ
2646 4928 2745 4999 μὲν
2770 4928 2829 4982 ὲν
2863 4931 2975 4992 τοῖς
3022 4930 3157 4982 πᾶσι
3209 4929 3448 5000 κρείττω
3498 4928 3641 4980 δοκεῖ

2043 5018 2209 5087 εἶναι,
2238 5021 2274 5076 ἃ.
2306 5022 2362 5075 δὲ
2388 5023 2558 5094 χείρω
2579 5039 2592 5052 ·
2625 5022 2738 5076 ἀλλ’
2768 5023 2923 5076 οὐδὲν
2951 5022 3131 5076 αὐτῶν
3163 5021 3523 5075 ἀναλλοίωτον
3547 5021 3638 5073 καὶ

2043 5113 2481 5186 ἀμετακίνητον·
2517 5113 2657 5168 ὥστε
2698 5115 2748 5167 εί
2787 5114 2856 5168 τά
2899 5113 3080 5168 πάντα
3121 5114 3364 5184 ἀμείϐει,
3401 5115 3496 5165 καὶ
3542 5113 3637 5180 οὐχ

2043 5206 2120 5270 ὼς
2155 5206 2334 5261 πάντα
2356 5207 2570 5275 ἄγεται,
2600 5206 2715 5260 ἀλλ’
2739 5206 2814 5270 ὡς
2843 5207 2921 5273 ἓν,
2951 5207 3052 5260 οὐκ
3087 5207 3336 5276 ίσοσθενῆ
3363 5208 3432 5259 τὰ
3461 5207 3635 5258 πάντα

2043 5297 2122 5368 τῷ
2152 5297 2374 5370 ἀνάρχῳ
2396 5313 2410 5328 ·
2435 5299 2483 5350 εί
2514 5297 2570 5350 δὲ
2610 5297 2685 5369 μὴ
2718 5297 2991 5368 ίσοσθενῆ,
3040 5297 3159 5350 οὐδὲ
3198 5297 3470 5349 συναῖδιαο
3511 5298 3554 5349 εί
3581 5296 3636 5347 δὲ

2051 5391 2127 5462 μὴ
2161 5389 2430 5456 συναῖδια,
2461 5391 2590 5443 ὂντα
2619 5389 2697 5459 δὲ,
2745 5389 2898 5461 παρά
2950 5388 3042 5442 τοῦ
3095 5389 3338 5460 ἀνάρχου
3387 5388 3636 5456 δηλοιότι

2042 5483 2291 5556 προήχθη
2314 5499 2328 5514 ο
2365 5485 2414 5536 εἰ
2444 5483 2502 5537 δὲ
2529 5482 2690 5548 αὐτὸς
2717 5482 2896 5537 πάντα
2926 5481 3188 5554 παράγει,
3240 5482 3504 5553 κρείττων
3532 5467 3645 5549 ἄρα’

2047 5683 2234 5753 peritis
2253 5683 2384 5752 (col.
2411 5683 2562 5755 776),
2587 5692 2642 5739 et
2665 5683 2770 5739 hoc
2795 5684 2957 5740 etiam
2980 5679 3465 5755 loco,palinod_iam
3494 5678 3633 5755 canit

2044 5750 2236 5826 auctor
2259 5750 2478 5810 illorum
2510 5750 2630 5824 quin
2675 5769 2954 5824 perperam
3004 5750 3301 5826 scripserat
3345 5753 3474 5826 (col.
3509 5750 3631 5820 708)

2043 5825 2110 5880 (le
2139 5825 2360 5882 Arabici
2388 5826 2632 5882 vocabuli
2663 5826 2988 5900 signiﬁcatu.
