3994 6614
349 403 456 469 785

1452 407 1887 468 ΗΕΡΗΤΑΤΙΟ
1927 409 2380 470 MOHAMEDIS

3521 407 3624 472 786

348 513 642 586 ἀπειράκις
672 511 779 568 τῶν
807 512 1198 584 παραχθέντων
1321 515 1520 581 παντὸς
1566 518 1632 571 ἂν
1664 519 1749 586 εἴη
1786 519 1927 573 κατὰ

2032 520 2172 590 quod
2201 521 2247 575 si
2285 519 2512 590 imparia
2535 519 2764 583 viribus,
2807 533 2874 574 ne
2907 527 3175 575 comtcrna
3207 519 3424 590 quidem
3455 534 3576 576 sunt
3610 541 3622 576 :

348 607 548 671 πάντα,
575 605 753 676 οὐσίᾳ,
791 605 1040 676 δυνάμει,
1073 606 1357 678 ἀῖδιὸτητι,
1391 608 1628 680 θελήσει,
1663 611 1758 666 καὶ
1787 613 1936 683 ἐνερ-

347 699 496 769 γείᾳ.
545 697 762 769 Ἐπειδὴ
788 696 846 750 δὲ
873 697 1002 768 τρία
1035 697 1148 764 εἴδη
1175 698 1306 770 γένη
1333 699 1432 770 τῆς
1455 701 1666 768 οὐσίας,
1685 703 1846 774 σῶμά
1875 722 1936 758 τε

346 790 442 843 καὶ
469 787 763 859 ἀσώματον
793 790 888 843 καὶ
921 790 981 843 τὸ
1005 792 1069 844 ἐκ
1091 789 1299 844 τούτων
1332 793 1522 862 μικτόν
1549 811 1564 826 ο
1600 797 1937 868 γνωριστικά

343 879 424 942 δὲ,
452 879 706 950 σώματος
734 879 856 950 μὲν,
889 880 950 934 τὸ
973 882 1134 952 τριχῆ
1154 881 1456 948 διαστατὺν,
1489 883 1550 937 τὸ
1582 885 1808 949 πυκνὸν,
1841 889 1936 942 καὶ

343 971 406 1024 τὸ
433 973 634 1041 μανόν’
672 972 975 1043 ἀσωμάτου
1008 974 1088 1040 δὲ,
1132 973 1195 1028 τὸ
1223 976 1299 1046 μὴ
1337 977 1618 1048 πανταχοῦ
1652 981 1932 1050 παρεῖναι,

343 1063 441 1115 καὶ
484 1065 558 1134 μὴ
605 1063 744 1134 ὑπὲρ
771 1064 832 1117 τὸ
863 1066 991 1128 πᾶν,
1023 1066 1070 1118 εί
1101 1067 1194 1119 καὶ
1241 1066 1556 1138 ἀσώματον,
1586 1069 1723 1123 ἀλλὰ
1775 1088 1937 1141 περι-

342 1154 588 1222 γραπτὸν
611 1153 706 1206 καὶ
735 1153 867 1208 αὐτὸ
897 1153 1114 1218 πάντως
1131 1154 1210 1210 δν.
1254 1156 1376 1210 Ἐπὶ
1391 1156 1449 1210 δὲ
1476 1159 1576 1228 τῆς
1597 1159 1934 1231 δημιουργοῦ

341 1245 553 1310 οὐσίας,
585 1245 637 1298 τί
665 1245 945 1318 δώσομεν;
989 1247 1191 1317 μᾶλλον
1219 1248 1276 1302 δὲ
1307 1249 1443 1320 πρὸς
1472 1251 1652 1317 τοῦτο,
1685 1254 1734 1306 εί
1762 1254 1936 1308 ταῦτα

341 1336 501 1390 οὐσία
529 1336 779 1406 λέγονταί
799 1355 858 1391 τε
889 1339 984 1393 καὶ
1006 1338 1137 1404 εἰσὶ,
1180 1340 1239 1394 τὸ
1271 1340 1448 1396 ταῦτα
1480 1344 1806 1413 πεποιηκὸς,
1860 1345 1938 1408 ὡς

341 1430 631 1493 δέδεικται,
666 1433 720 1486 τί
746 1432 922 1498 ἔσται,
975 1435 1071 1488 καὶ
1091 1434 1144 1488 τί
1171 1435 1305 1489 αὐτὸ
1354 1436 1734 1508 ὀνομάσομενς
1782 1439 1936 1493 οὐδὲν

345 1523 448 1592 μὲν
477 1524 583 1595 γάρ
609 1523 802 1595 ἕξομεν
844 1527 1136 1596 ὁριστικῶς
1162 1545 1175 1556 ’
1223 1527 1282 1595 ἐξ
1337 1528 1684 1600 ὑπερθέσεως
1715 1530 1772 1584 δέ
1809 1530 1936 1584 τού-

341 1629 450 1665 των
490 1615 1006 1686 προσαγορεύσομεν
1059 1617 1406 1689 ὑπερούσιον.
1464 1621 1526 1674 Ei
1561 1620 1655 1674 οὖν
1705 1623 1937 1693 ὕπερού-

344 1707 511 1769 σιοςό
553 1709 919 1780 Δημιουργὸς,
977 1711 1198 1781 μακρὰν
1248 1711 1416 1767 αὐτοῦ
1453 1713 1829 1786 ἀποϐήσεσται
1876 1716 1936 1770 τὺ

344 1799 516 1869 μανὸν
545 1803 638 1855 καὶ
671 1803 730 1856 τὸ
775 1804 975 1857 πυκνὸν
1025 1803 1121 1858 καὶ
1166 1805 1228 1858 τὸ
1275 1807 1435 1878 τριχῆ
1477 1807 1764 1863 διαστατόν
1788 1825 1801 1839 ο
1838 1809 1931 1863 καὶ

2043 615 2187 684 quod
2221 615 2266 671 si
2297 629 2404 668 non
2430 622 2700 668 comterna
2737 621 2884 680 sunt,
2912 623 2965 668 et
2997 621 3179 667 tamen
3217 612 3512 678 exsistunt,
3539 630 3627 667 se-

2047 709 2236 779 quitur
2271 715 2330 762 ut
2360 707 2428 762 ab
2456 721 2522 761 eo
2551 706 2645 777 qui
2677 706 2796 762 sine
2826 704 2983 760 init-io
3005 713 3091 761 est
3118 705 3381 776 produCIa
3408 703 3625 759 fuerim.

2037 799 2194 866 Quod
2217 799 2262 855 si
2281 799 2370 854 hic
2387 799 2571 854 omnia
2590 797 2862 869 producit,
2878 799 3102 853 omnino
3130 798 3448 870 inﬁniteque
3467 799 3628 852 relzus

2036 905 2064 944 a
2089 905 2148 945 se
2175 888 2454 959 productis
2473 887 2665 943 melior
2683 887 2806 952 erit,
2826 888 3158 952 substantia,
3178 889 3406 950 viribus,
3433 904 3628 959 perpe-

2038 982 2253 1048 tuitate,
2275 982 2555 1037 voluntate
2608 988 2770 1050 atque
2795 980 3056 1036 efﬁcacia.
3077 980 3347 1047 Quoniam
3371 997 3496 1036 vero
3519 983 3620 1034 tria

2036 1082 2166 1130 sunt
2187 1080 2386 1128 creatae
2413 1073 2734 1130 substantiae
2766 1085 2985 1143 genera,
3007 1087 3354 1141 corporeum,
3376 1071 3628 1140 incorpo-

2036 1181 2194 1220 reum
2230 1173 2284 1220 et
2314 1180 2383 1219 ex
2432 1173 2668 1234 utroque
2704 1165 2962 1227 mistum;
2999 1172 3052 1218 et
3090 1163 3348 1233 quoniam
3381 1164 3628 1232 corporis

2035 1255 2254 1325 quidem
2284 1255 2714 1311 demonstrativa
2749 1262 2897 1320 sunt,
2918 1255 3109 1325 triplex
3137 1254 3401 1318 extensio,
3421 1254 3629 1308 etden-

2037 1351 2198 1415 sit‘as,
2231 1365 2295 1404 ac
2328 1349 2528 1405 raritas
2557 1368 2572 1417 ;
2607 1349 2917 1419 incorporei
2953 1358 3155 1410 autem,
3189 1358 3248 1403 ut
3303 1363 3480 1417 neque
3510 1349 3632 1402 ubi-

2037 1458 2144 1514 que
2173 1443 2264 1510 sit,
2294 1458 2473 1513 neque
2505 1458 2670 1513 super
2701 1445 2884 1499 omnia
2917 1454 2966 1497 et
2999 1457 3312 1512 quanquam
3343 1442 3416 1497 sit
3441 1441 3626 1497 incor-

2038 1549 2284 1604 poreum,
2313 1534 2676 1590 nihilominus
2713 1534 2853 1590 idem
2885 1535 2956 1590 sit
2989 1534 3494 1603 circumscriptum.
3557 1533 3632 1585 De

2037 1626 2316 1683 Creatoris
2377 1637 2557 1682 autem
2597 1628 2906 1684 substantia
2941 1627 3072 1698 quid
3127 1636 3432 1681 statuemus
3465 1626 3487 1678 ?
3520 1625 3632 1679 lmo

2041 1735 2189 1783 vero,
2217 1720 2265 1774 si
2327 1720 2431 1776 illze
2487 1736 2574 1776 res
2621 1720 2929 1776 substantia
2958 1728 3176 1774 suntet
3230 1719 3506 1783 dicuntur,
3553 1719 3630 1770 uti

2040 1811 2475 1868 demonstratum
2509 1819 2612 1875 est,
2647 1812 2775 1880 quid
2803 1812 2930 1875 erit,
2965 1821 3058 1864 aut
3090 1811 3218 1878 quid
3273 1810 3633 1880 appellabitur

341 1893 589 1948 ἀπόλωλε
639 1896 885 1966 Μωάμετ
924 1898 984 1951 τὸ
1035 1899 1356 1970 ὀλόσφυρον,
1409 1901 1790 1973 πεφοϐημένος
1837 1903 1927 1974 τὴν

2041 1901 2154 1971 ipse
2187 1902 2464 1957 Creator?
2511 1902 2716 1957 nullam
2757 1902 2904 1957 enim
2965 1903 3302 1972 reperiemus
3352 1901 3620 1956 deﬁnitio-

341 1986 573 2040 κένωσιν
601 1987 687 2041 διὰ
706 1987 804 2060 τὴν
840 1989 1066 2061 πρόοδον
1095 1989 1190 2043 τοῦ
1240 1992 1370 2046 Υίοῦ
1397 1993 1490 2046 καὶ
1518 1993 1716 2061 Λόγου.
1765 1992 1936 2048 Τοῦτο

336 2077 404 2148 δὴ
436 2081 532 2134 καὶ⁸
561 2081 652 2133 ἐπὶ
705 2081 985 2152 δυνάμεως
1018 2083 1114 2137 καλ⁸
1146 2085 1418 2156 κινήσεως
1461 2085 1560 2139 καὶ
1607 2086 1928 2157 ἐνεργείας·

335 2169 398 2222 τὸ
423 2171 562 2242 ὑπὲρ
597 2171 828 2242 κίνησιν,
863 2174 1003 2245 ὑπὲρ
1027 2174 1276 2245 δύναμιν,
1336 2175 1431 2228 καὶ
1461 2175 1602 2247 ὑπὲρ
1649 2177 1934 2248 ἐνέργειαν

337 2263 552 2334 ἀνάγκη
588 2263 833 2331 δοξάζειν
852 2284 865 2298 ο
895 2267 940 2320 εξ
981 2268 1035 2321 δὲ
1061 2267 1235 2321 ταῦτα
1251 2266 1424 2331 οὕτως
1454 2267 1586 2338 ἔχει,
1616 2267 1692 2340 μὴ
1719 2268 1930 2341 φοϐηθῇ

333 2356 585 2426 Μωάμετ
613 2357 703 2410 τὸν
731 2354 954 2430 συμφυῆ
980 2360 1072 2413 καὶ¹
1097 2360 1364 2414 συναῖδιον
1385 2359 1479 2413 τοῦ
1500 2361 1712 2432 Πατρδς
1733 2361 1926 2429 Λόγον,

335 2447 554 2502 ἁκούων
600 2451 944 2522 Δημιουργὸν
979 2452 1109 2506 ὄντα
1143 2452 1323 2524 πάσης
1363 2452 1619 2517 κτίσεως,
1675 2454 1767 2506 καὶ
1798 2455 1926 2507 ἀνα·

334 2543 642 2614 καινιστὴν,
684 2546 778 2598 καὶ
812 2546 931 2599 Υίον
965 2545 1039 2610 ὡς
1064 2548 1127 2599 ἐκ
1147 2547 1469 2616 γεννήτορος
1495 2545 1589 2597 τοῦ
1611 2545 1702 2599 νοῦ
1729 2545 1926 2615 προελ-

336 2631 530 2688 Θόντα’
560 2637 966 2708 ἀνεκφοιτήτως
1002 2639 1112 2709 γὰρ
1156 2636 1536 2710 προεληλύθει,
1567 2639 1662 2691 καὶ
1687 2637 1838 2708 μένει
1865 2639 1924 2690 ἐν

335 2726 516 2797 ἑαυτῷ
545 2729 656 2800 (94)
703 2731 762 2783 ού
799 2717 940 2784 κατὰ
973 2731 1179 2802 σχέσιν,
1207 2731 1268 2784 οὐ
1300 2731 1443 2786 κατὰ
1484 2730 1806 2800 συνάφειαν,
1859 2731 1921 2784 οὐ

333 2818 479 2872 κατὰ
517 2822 741 2892 μνήμην
765 2861 780 2885 ,
819 2822 931 2876 ἀλλ’
989 2822 1130 2893 ὑπὲρ
1162 2824 1337 2876 ταῦτα
1363 2839 1376 2855 ·
1415 2821 1740 2895 ὑπερούσιος
1786 2822 1917 2894 γὰρ,

332 2909 419 2963 ὅτι
453 2909 513 2975 ἐξ
535 2913 861 2982 ὑπερουσίου
896 2915 989 2967 καὶ
1014 2914 1380 2984 ὑπερουσίως.

2035 1992 2285 2047 nem.Ut
2346 2001 2528 2046 autem
2578 2005 2741 2060 supra
2798 1990 2922 2046 illas
2977 1989 3295 2052 extollatur,
3337 1988 3633 2058 appellabi-

2035 2100 2160 2140 mus
2199 2100 2324 2140 eum
2396 2083 3000 2152 supersuhstantialem.
3042 2082 3098 2135 Si
3141 2097 3271 2152 ergo
3330 2081 3628 2150 superSub-

2033 2175 2306 2231 stantialis
2354 2184 2436 2230 est
2477 2174 2723 2236 Creator,
2771 2174 2962 2244 procul
3023 2188 3088 2227 co
3138 2175 3242 2228 erit
3305 2174 3503 2228 raritas
3576 2183 3631 2226 et

2031 2269 2294 2333 densitas,
2336 2278 2389 2323 et
2426 2267 2618 2337 triplex
2648 2267 2940 2331 dimensio,
2981 2267 3230 2336 peritque
3286 2265 3628 2320 Mohamcdis

2037 2362 2295 2427 solidum,
2341 2361 2719 2431 cnjttscemodi
2769 2377 2893 2414 eum
2955 2359 3248 2428 appellarit
3281 2359 3501 2424 timens,
3563 2375 3628 2413 ne

2037 2457 2190 2511 licrct
2226 2454 2473 2509 vacuitas
2506 2463 2725 2524 propter
2747 2453 2866 2507 Filii
2899 2462 2954 2508 et
2998 2443 3161 2506 verbi
3186 2453 3622 2522 productionem.

2033 2547 2294 2601 Similiter
2319 2544 2606 2600 dicendum
2632 2543 2796 2598 estde
2812 2543 3088 2598 attributis
3113 2543 3385 2613 potentiae,
3414 2552 3628 2609 motus;

2029 2647 2081 2692 et
2107 2636 2365 2692 efﬁcaciae
2410 2651 2606 2706 nempe
2635 2632 2940 2688 credendus
2966 2644 3050 2689 est
3077 2635 3328 2703 superior
3357 2635 3506 2688 omni
3537 2649 3630 2703 po-

2030 2727 2232 2790 lentiae,
2269 2725 2439 2780 motui
2469 2734 2522 2779 et
2557 2723 2828 2779 emeaeiae.
2868 2723 3002 2791 Quae
3045 2724 3091 2779 si
3119 2725 3189 2779 ita
3217 2740 3276 2780 se
3314 2725 3536 2789 habent,
3566 2741 3639 2777 ne-

2028 2830 2356 2889 expavescat
2378 2818 2723 2874 Mohamedes
2745 2818 2872 2873 dum
2897 2819 3381 2874 connaturalem'et
3406 2827 3633 2870 coaeter-

2026 2930 2154 2966 num
2187 2911 2333 2966 Patri
2367 2911 2599 2965 Verbum
2630 2911 2784 2966 audit
2823 2927 2944 2966 esse
2968 2910 3231 2966 factorem
3267 2910 3448 2964 omnis
3480 2925 3634 2963 crea-

333 3006 472 3056 turae
502 3019 564 3058 ac
592 3005 1036 3070 instauratorem,
1063 3021 1116 3062 et
1141 3006 1338 3062 Filium
1365 3016 1550 3077 utpote
1571 3024 1634 3064 ex
1660 3008 1970 3080 generantis
1989 3015 2169 3062 mente
2201 3021 2574 3077 progressum.
2596 3005 2806 3061 Etenim
2827 3006 2944 3062 sine
2962 3005 3306 3075 separatione
3335 3004 3598 3074 processi'
3616 3044 3630 3066 .

334 3111 627 3170 manetque
659 3101 711 3154 in
741 3116 798 3156 se
829 3101 950 3172 ipso
985 3118 1090 3158 non
1121 3104 1422 3159 secundum
1458 3105 1804 3172 relationem,
1842 3120 1949 3158 non
1979 3103 2280 3159 secundum
2333 3103 2808 3173 conjunctionem,
2851 3117 3029 3172 neque
3073 3101 3377 3156 secundum
3420 3115 3631 3153 metm.-

334 3198 497 3261 riam,
539 3195 634 3252 sed
702 3198 864 3252 modo
910 3198 998 3254 his
1067 3199 1326 3256 omnibus
1371 3199 1691 3256 sublimiore
1723 3219 1737 3257 :
1773 3209 1858 3258 cst
1886 3199 2032 3256 enim
2068 3198 2647 3270 supersuhstantialis,
2704 3197 2831 3270 quia
2865 3208 2948 3253 est
3003 3213 3067 3252 ex
3118 3197 3631 3269 supersuhstantialt

331 3300 385 3348 et
418 3293 1039 3360 supersuhstantialiter.

405 3384 455 3448 ις’
478 3423 492 3435 .
528 3381 620 3454 Μὴ
643 3380 736 3436 οὖν
764 3383 988 3452 λεγέτω,
1013 3383 1073 3436 Εἰ
1109 3383 1208 3438 οὐκ
1240 3385 1526 3459 ἐγεννήθη,
1557 3387 1677 3442 οὐδὲ
1699 3389 1920 3460 ἐγέννηο
1953 3393 1996 3452 C

333 3490 430 3528 σεν
453 3491 468 3506 ο
503 3475 611 3528 ίδοὺ
639 3475 748 3545 γὰρ
777 3475 993 3546 ὁρῶμεν
1017 3476 1099 3528 ὅτι
1122 3474 1312 3546 ὥσπερ
1348 3478 1449 3531 οὐκ
1482 3480 1774 3552 ἐγεννήθη,
1799 3482 1922 3536 οὐδὲ

333 3565 774 3638 ἐδημιουργήθη·
803 3567 896 3620 δύο
919 3568 1029 3640 γὰρ
1057 3568 1231 3623 ταῦτα
1273 3570 1589 3639 ἀναγκαίως
1630 3575 1657 3626 ό
1687 3574 1922 3644 ἄναρχος

333 3656 469 3728 ἔχει.
494 3656 660 3712 Ἀλλά
689 3661 798 3731 μὴν
826 3660 1043 3732 ὁρῶμεν
1065 3661 1147 3714 ὅτι
1177 3662 1224 3714 εί
1250 3662 1345 3716 καὶ
1379 3662 1453 3734 μὴ
1485 3663 1917 3738 ἐδημιουργήοη,

332 3749 450 3803 ἀλλ’
481 3751 938 3824 ἐδημιούργησεν.
999 3754 1061 3807 El
1111 3754 1204 3808 οὖν
1251 3755 1311 3810 τδ
1355 3756 1414 3812 ἒν
1443 3756 1660 3811 δίδωσιν
1715 3758 1923 3822 ἐκεῖνος

331 3841 723 3912 ἐνηργηκέναι,
748 3845 840 3897 καὶ
870 3843 1027 3897 τοῦτο
1061 3845 1210 3916 αὐτῷ
1240 3845 1389 3912 δόξα,
1430 3847 1522 3901 τοῦ
1552 3849 1756 3920 ἐτέρου,
1778 3849 1922 3913 τίνος

330 3934 522 3988 ἕνεκεν
550 3936 876 4008 ἐστέρηται;
911 3937 1089 3990 καίτοι
1116 3956 1178 4007 γε
1212 3940 1272 3991 οὐ
1307 3939 1547 4012 τοσαύτη
1605 3941 1756 4012 αὐτῷ
1787 3943 1819 4012 ἡ
1856 3944 1920 3994 ἐκ

331 4027 431 4098 τῆς
460 4027 688 4090 κτίσεως
721 4031 1114 4101 προσαγομένη
1145 4030 1296 4097 δόξα,
1328 4033 1426 4102 ὅση
1528 4033 1616 4086 διὰ
1650 4033 1740 4086 τὸν
1763 4033 1918 4086 Υίόν·

333 4119 516 4190 πολλῷ
530 4119 637 4192 γὰρ
668 4123 850 4174 πλεῖον
879 4122 1000 4174 ὅσον
1029 4123 1121 4175 καὶ
1147 4124 1180 4194 ἡ
1210 4122 1396 4176 τούτου
1422 4122 1522 4193 τῆς
1569 4123 1798 4176 ἐκείνων
1827 4125 1920 4177 οὐ-

333 4213 455 4276 σίας
480 4212 821 4284 ὑπέρκειται.
847 4215 1006 4267 Ὥστε
1035 4214 1190 4284 κρείτ
1201 4234 1302 4268 των
1322 4215 1465 4269 κατά
1486 4215 1644 4270 τοῦτο
1664 4217 1759 4270 καὶ
1783 4218 1924 4287 μᾶλ-

331 4305 424 4359 λον
452 4300 522 4376 ἦν
579 4306 739 4359 αὑτὸν
766 4307 963 4375 λέγειν,
992 4307 1044 4360 εί
1074 4325 1138 4376 γε
1196 4309 1460 4379 συνῆκεν,
1503 4310 1586 4364 ὅτι
1631 4310 1788 4364 Ἐπεὶ
1821 4312 1922 4366 οὐκ

331 4399 620 4472 ἐγεννήθη,
675 4401 764 4458 διὰ
792 4400 946 4454 τοῦτο
981 4402 1181 4470 μᾶλλον
1223 4404 1516 4474 ἐγέννησεν
1543 4418 1557 4433 ⁶
1609 4403 1799 4476 ὥσπερ
1829 4406 1921 4457 καὶ

335 4491 412 4561 μὴ
441 4491 886 4562 δημιουργηθεὶς,
909 4491 1312 4562 ἐδημιούργησε
1333 4511 1345 4523 ·
1375 4496 1468 4547 καὶ
1497 4495 1688 4549 τούτου
1707 4496 1922 4549 ἀπόδει-

332 4579 412 4646 ξις
443 4583 526 4636 ὅτι
555 4583 582 4634 ὁ
617 4583 848 4653 Χριστὸς
885 4584 1011 4645 Υἱὸς
1057 4586 1153 4638 καὶ
1204 4587 1374 4654 Λόγος
1421 4587 1704 4656 ὁμοούσιός
1732 4605 1792 4641 τε
1845 4589 1922 4660 τῷ

331 4674 452 4744 Θεῷ
475 4677 569 4728 καὶ
607 4679 797 4748 Πατρὶ,
831 4679 864 4747 ἡ
895 4679 1060 4732 αὐτοῦ
1093 4681 1304 4734 ἐκείνου
1350 4679 1651 4752 παρουσία·
1685 4681 1782 4751 τῆς
1815 4683 1922 4754 γὰρ

331 4766 634 4837 παρουσίας
663 4767 830 4820 αὐτοῦ
872 4771 1009 4837 μετὰ
1044 4771 1243 4834 πολλὰς
1275 4771 1612 4842 προφητείας
1641 4773 1736 4825 καὶ
1765 4772 1924 4826 τοῦτο

331 4858 736 4927 ἀναμφίλεκτον
766 4863 1012 4930 σημεῖον,
1061 4863 1094 4932 ἡ
1143 4863 1279 4934 πρὸς
1328 4863 1390 4916 τὸ
1415 4866 1665 4934 κρεῖττον
1693 4865 1799 4918 τῶν
1823 4867 1919 4919 ἀν-

332 4949 571 5020 θρώπων
610 4952 918 5020 μετάθεσις,
960 4954 1019 5006 οὐ
1055 4954 1216 5025 μόνον
1274 4955 1568 5026 βαρϐάρων
1601 4958 1698 5010 καὶ
1736 4957 1921 5028 Ἑλλή-

331 5059 462 5104 νων,
493 5041 628 5094 ἀλλά
657 5046 752 5097 καὶ
806 5045 916 5097 τῶν
950 5046 1040 5098 ὑπ’
1090 5048 1254 5100 αὐτὸν
1302 5048 1394 5100 τὸν
1443 5049 1670 5102 παλαιὸν
1718 5050 1912 5119 νόμονο

333 5131 473 5200 πρὸς
512 5134 610 5201 μὲν
641 5133 731 5186 τὸν
758 5136 942 5204 νόμον,
975 5137 1228 5190 τοσοῦτον
1259 5138 1316 5190 τὸ
1353 5139 1518 5208 μέσον
1543 5140 1640 5210 τῆς
1669 5141 1914 5212 χάριτος,

333 5224 435 5293 ὃση
471 5226 608 5296 πρὸς
645 5227 854 5280 παιδίον
895 5229 1136 5299 ὑπεροχὴ
1191 5232 1532 5300 πρεσϐύτου·
1571 5233 1708 5304 πρὸς
1747 5235 1802 5288 δὲ
1855 5235 1924 5288 τά

332 5315 498 5370 λοιπὰ
525 5317 674 5388 ἔθνη,
717 5319 840 5371 ὅσον
873 5322 899 5374 ὁ
937 5321 1098 5388 φύσει
1135 5321 1422 5392 ἄνθρωπος
1463 5323 1558 5377 τοῦ
1603 5325 1763 5393 φύσει
1803 5327 1921 5380 017.0-

331 5425 429 5476 γου
451 5423 464 5435 °
499 5408 608 5463 ἔδει
640 5411 750 5482 γὰρ
780 5413 874 5465 καὶ
907 5411 1122 5478 φύσεως
1165 5416 1256 5468 καὶ
1285 5414 1444 5483 λόγου
1478 5414 1640 5480 ψιλοῦ
1669 5417 1918 5490 ἀνώτερα

332 5499 620 5554 παιδεῦσαι
651 5504 744 5556 καὶ
769 5504 1110 5576 συμπρᾶξαι,
1151 5505 1223 5570 ὠς
1255 5507 1419 5559 αὑτὸν
1450 5509 1661 5562 ἐκεῖνον
1696 5509 1918 5564 ἐλθόντα

331 5591 424 5646 τὸν
455 5592 592 5647 Θεοῦ
620 5595 813 5663 Λόγον.
849 5597 958 5650 Καὶ
983 5598 1120 5669 πρὸς
1149 5597 1355 5662 τούτοις
1380 5603 1604 5668 σημεῖον
1627 5600 1832 5671 ἕτερον,
1859 5603 1918 5655 τὸ

331 5683 432 5753 τὴν
460 5683 614 5738 θείαν
643 5686 737 5741 καὶ
771 5688 998 5761 νομικὴν
1021 5689 1276 5762 λατρείαν
1312 5693 1402 5745 καὶ
1441 5693 1762 5764 ἱερωσύνην,
1819 5693 1914 5748 καὶ

2105 3386 2194 3442 90.
2228 3383 2304 3439 Ne
2338 3383 2523 3454 itaque
2545 3381 2781 3440 ulterius
2819 3383 2964 3438 dicat
2997 3401 3010 3436 :
3048 3383 3104 3436 Si
3139 3397 3245 3436 non
3281 3390 3363 3437 est
3395 3382 3631 3453 genitus,

2025 3497 2094 3536 ne
2145 3480 2334 3552 genuit
2364 3478 2608 3549 quidem.
2653 3476 2792 3532 Ecce
2823 3478 2968 3531 enim
3005 3477 3288 3532 cernimus
3313 3515 3327 3539 ,
3363 3476 3508 3539 «mod
3554 3478 3628 3530 si-

2025 3571 2133 3627 cuti
2189 3585 2296 3624 non
2328 3576 2412 3623 est
2447 3567 2686 3638 genitus,
2732 3567 2807 3622 ita
2841 3581 2909 3621 ne
2939 3578 3157 3622 creatus
3188 3564 3408 3636 quidem
3450 3582 3463 3618 :
3521 3564 3635 3619 haec

2024 3665 2170 3720 enim
2199 3663 2306 3715 duo
2326 3658 2847 3722 necessario‘hahet,
2874 3645 2965 3729 qui
2999 3659 3116 3714 sine
3138 3657 3294 3712 initio
3321 3668 3423 3712 est.
3457 3656 3620 3726 Atqui

2023 3758 2185 3827 plane
2216 3757 2515 3821 cernimus,
2552 3753 2698 3822 quod
2741 3751 2841 3807 etsi
2877 3767 2983 3807 non
3034 3751 3133 3805 fuit
3162 3764 3401 3811 creatus.
3444 3760 3626 3805 tamen

2025 3847 2250 3908 creavit.
2288 3846 2346 3900 Si
2392 3859 2523 3917 ergo
2548 3860 2715 3899 unum
2770 3842 3024 3898 concedit
3069 3841 3423 3898 Mohamcdcs
3467 3843 3536 3896 ab
3568 3856 3632 3895 eo

2025 3947 2328 4008 peractum,
2359 3946 2520 4007 atque
2557 3937 2658 3990 hoc
2694 3944 2836 3990 tenet
2866 3933 3235 4004 (rreationis)
3284 3935 3505 4002 dogma,
3535 3949 3634 3987 cur

2025 4033 2196 4086 altero
2229 4030 2490 4085 attributo
2527 4028 2695 4083 Deum
2733 4027 2973 4098 spoliat?
3004 4025 3066 4079 Et
3089 4027 3308 4096 quidem
3343 4041 3451 4078 non
3511 4038 3627 4078 tan.

2027 4136 2137 4178 tam
2187 4123 2349 4176 habet
2378 4137 2407 4174 a
2439 4120 2714 4176 creatione
2747 4118 2972 4189 gloriam
3001 4159 3015 4183 ,
3057 4126 3318 4188 quantam
3356 4133 3384 4170 a
3433 4115 3571 4170 Filio
3617 4132 3629 4173 ς

2026 4216 2195 4270 multo
2253 4213 2399 4268 enim
2468 4211 2642 4283 magis
2697 4211 2914 4266 excellit
2943 4210 3066 4264 Filii
3110 4209 3415 4264 substantia
3457 4224 3625 4278 quam

2025 4317 2424 4363 creaturarum.
2455 4303 2800 4374 Quapropter
2829 4303 2877 4359 si
2911 4313 3061 4358 recte
3092 4317 3325 4372 saperet.
3352 4302 3530 4372 potius
3559 4301 3628 4354 ab

2024 4417 2090 4456 eo
2117 4399 2223 4454 dici
2257 4399 2548 4469 oportebat
2576 4415 2588 4450 :
2629 4395 2902 4463 Quoniam
2943 4395 3083 4449 Deus
3116 4410 3222 4448 non
3270 4402 3353 4447 est
3385 4393 3571 4464 genitu
3597 4427 3624 4455 ι,

2027 4493 2229 4547 idcirco
2257 4490 2429 4560 magis
2465 4489 2692 4560 genuit;
2726 4488 2886 4552 sicut,
2914 4487 3174 4558 quoniam
3217 4500 3326 4539 non
3361 4495 3446 4540 est
3473 4501 3596 4539 crca
3620 4522 3632 4530 .

2031 4596 2141 4649 tus,
2180 4583 2409 4639 creavit.
2439 4582 2592 4648 Quod
2617 4591 2798 4636 autem
2835 4581 3086 4636 Christus
3111 4619 3126 4646 ,
3161 4580 3333 4634 Filius
3364 4579 3630 4634 Verbum-

2028 4694 2158 4748 que,
2193 4677 2678 4734 consubstantialis
2712 4676 2824 4730 Deo
2864 4676 3010 4731 Patri
3037 4676 3129 4740 sit,
3166 4674 3218 4728 id
3243 4674 3488 4745 ejusdem
3528 4675 3622 4728 ad.

1960 4746 2000 4800 θ
2033 4746 2229 4828 ventus
2277 4770 2692 4826 demonstravit.
2751 4769 2966 4824 Etenim
3016 4767 3286 4824 adventus
3335 4769 3453 4837 ejus
3507 4779 3628 4838 post

2033 4864 2201 4918 multa
2233 4863 2512 4929 vaticinia,
2543 4863 2646 4917 hoc
2673 4877 2892 4931 quoque
2918 4860 3201 4916 induhium
3231 4861 3489 4936 indicium
3522 4871 3626 4924 est,

2029 4971 2225 5026 nempe
2275 4954 2555 5008 hominum
2596 4954 2662 5007 ad
2718 4953 2996 5007 meliorem
3031 4952 3261 5022 'frugem
3315 4953 3624 5014 conversio,

2027 5061 2206 5116 neque
2246 5045 2604 5100 barbarorum
2634 5042 3038 5105 tantummodo,
3062 5057 3250 5094 verum
3280 5041 3443 5094 etiam
3476 5041 3627 5095 Grae-

2024 5154 2237 5200 corum,
2255 5152 2354 5192 nec
2377 5151 2486 5190 non
2517 5135 2734 5189 illormn
2760 5133 2850 5204 qui
2885 5134 2988 5189 sub
3008 5143 3185 5188 vetere
3211 5134 3327 5202 lege
3350 5134 3624 5187 vivebant.

2030 5228 2097 5283 Et
2129 5228 2347 5298 quidem
2373 5227 2576 5282 Christi
2615 5225 2784 5296 gratia
2816 5234 3128 5295 comparata
3172 5241 3297 5280 cum
3332 5225 3470 5296 lege,
3498 5241 3623 5294 per-

2029 5321 2153 5376 inde
2190 5330 2273 5376 cst
2312 5335 2376 5374 ac
2417 5319 2721 5389 proceritas
2755 5318 2952 5373 maturi
3002 5319 3102 5372 viri
3135 5319 3203 5372 ad
3241 5327 3455 5374 aetatem
3492 5335 3624 5388 pue-

2024 5413 2179 5468 rilem
2213 5430 2226 5466 :
2269 5428 2392 5467 cum
2420 5409 2634 5467 caeteris
2663 5419 2844 5466 autem
2877 5411 3112 5466 ethnicis
3148 5411 3369 5475 collata,
3399 5411 3624 5480 perinde

2026 5515 2110 5561 est
2137 5521 2198 5559 ac
2229 5514 2422 5558 natura
2459 5503 2720 5570 hominis,
2755 5504 2822 5559 ad
2861 5515 3110 5559 naturam
3146 5505 3444 5559 animantis
3487 5506 3624 5559 irra—

2025 5597 2266 5652 tionalis.
2294 5595 2592 5665 Oportebat
2613 5595 2760 5650 enim
2785 5604 2838 5650 et
2865 5605 3056 5650 natura
3084 5605 3136 5650 ct
3165 5597 3397 5666 simplici
3421 5599 3622 5657 oratio.

2022 5691 2108 5746 nis
2156 5691 2205 5744 vi
2255 5689 2561 5745 excelsiora
2603 5690 2798 5744 docere
2845 5699 2898 5744 ct
2953 5690 3154 5756 facere,
3215 5701 3376 5761 prout
3427 5709 3617 5763 reapse

408 5863 519 5935 (ill)
551 5864 625 5920 lta
651 5867 770 5922 cod.
812 5867 916 5924 Sed
950 5869 994 5924 si
1019 5870 1228 5927 scribas
1258 5872 1420 5943 αὖτῷ,
1452 5873 1829 5946 intelligasqttc
1869 5874 2109 5940 Patrem,
2143 5874 2288 5929 dices
2321 5872 2509 5930 Latine
2549 5883 2819 5944 ntanetqttc
2862 5874 2911 5927 in
2949 5873 3079 5942 ipso,
3138 5872 3190 5928 id
3221 5884 3301 5931 cst
3333 5874 3386 5929 in
3430 5873 3609 5929 l‘atre.
