  <div class='ocr_page' id='page_1' title='image "/cluster/home/n/w/nwhite01/storage/ocr_20150623/105/hvd.32044013678347/403.png"; bbox 0 0 3994 6624; ppageno 0'>
   <div class='ocr_carea' id='block_1_1' title="bbox 388 387 3657 484">
    <p class='ocr_par' dir='ltr' id='par_1_1' title="bbox 388 387 3657 484">
     <span class='ocr_line' id='line_1_1' title="bbox 388 387 3657 484; baseline 0.01 -34"><span class='ocrx_word' id='word_1_1' title='bbox 388 387 492 451; x_wconf 79' lang='lat'><strong>787</strong></span> <span class='ocrx_word' id='word_1_2' title='bbox 1657 398 1951 461; x_wconf 80' lang='lat' dir='ltr'><strong>NICET/E</strong></span> <span class='ocrx_word' id='word_1_3' title='bbox 1989 401 2389 467; x_wconf 81' lang='lat' dir='ltr'><strong>BYZANTINI</strong></span> <span class='ocrx_word' id='word_1_4' title='bbox 3080 444 3085 445; x_wconf 51' lang='grc' dir='ltr'>ί</span> <span class='ocrx_word' id='word_1_5' title='bbox 3556 418 3657 484; x_wconf 81' lang='grc'><strong>788</strong></span> 
     </span>
    </p>
   </div>
   <div class='ocr_carea' id='block_1_2' title="bbox 387 499 1953 600">
    <p class='ocr_par' dir='ltr' id='par_1_2' title="bbox 387 499 1951 582">
     <span class='ocr_line' id='line_1_2' title="bbox 387 499 1951 582; baseline 0.007 -26"><span class='ocrx_word' id='word_1_6' title='bbox 387 500 519 556; x_wconf 77' lang='lat' dir='ltr'><strong>iecit</strong></span> <span class='ocrx_word' id='word_1_7' title='bbox 574 499 704 557; x_wconf 90' lang='lat' dir='ltr'><strong>illud</strong></span> <span class='ocrx_word' id='word_1_8' title='bbox 744 517 868 558; x_wconf 89' lang='lat' dir='ltr'><strong>cum</strong></span> <span class='ocrx_word' id='word_1_9' title='bbox 912 504 1061 561; x_wconf 90' lang='lat' dir='ltr'><strong>venit</strong></span> <span class='ocrx_word' id='word_1_10' title='bbox 1106 506 1198 562; x_wconf 83' lang='lat' dir='ltr'><strong>Dei</strong></span> <span class='ocrx_word' id='word_1_11' title='bbox 1228 506 1489 564; x_wconf 50' lang='lat' dir='ltr'><strong>Verbum</strong></span> <span class='ocrx_word' id='word_1_12' title='bbox 1542 528 1555 566; x_wconf 91' lang='lat'><strong>:</strong></span> <span class='ocrx_word' id='word_1_13' title='bbox 1616 519 1951 582; x_wconf 69' lang='lat' dir='ltr'><strong>prmtereaqu</strong></span> 
     </span>
    </p>
   </div>
   <div class='ocr_carea' id='block_1_3' title="bbox 2066 499 3654 600">
    <p class='ocr_par' dir='ltr' id='par_1_3' title="bbox 2083 514 3654 600">
     <span class='ocr_line' id='line_1_3' title="bbox 2083 514 3654 600; baseline 0.01 -31"><span class='ocrx_word' id='word_1_14' title='bbox 2083 514 2145 569; x_wconf 84' lang='grc' dir='ltr'><strong>τδ</strong></span> <span class='ocrx_word' id='word_1_15' title='bbox 2173 516 2275 588; x_wconf 84' lang='grc' dir='ltr'>τῆς</span> <span class='ocrx_word' id='word_1_16' title='bbox 2304 518 2584 589; x_wconf 79' lang='grc' dir='ltr'><strong>βασιλείας</strong></span> <span class='ocrx_word' id='word_1_17' title='bbox 2613 523 2821 593; x_wconf 87' lang='grc' dir='ltr'>χρίσμα</span> <span class='ocrx_word' id='word_1_18' title='bbox 2854 521 3170 595; x_wconf 80' lang='grc' dir='ltr'><strong>μεταθεῖναι</strong></span> <span class='ocrx_word' id='word_1_19' title='bbox 3209 522 3301 579; x_wconf 70' lang='grc' dir='ltr'><strong>ἐπὶ</strong></span> <span class='ocrx_word' id='word_1_20' title='bbox 3338 524 3438 597; x_wconf 76' lang='grc' dir='ltr'>τὴν</span> <span class='ocrx_word' id='word_1_21' title='bbox 3463 528 3617 600; x_wconf 75' lang='grc' dir='ltr'>χάριν</span> <span class='ocrx_word' id='word_1_22' title='bbox 3638 550 3654 569; x_wconf 87' lang='grc'><strong>·</strong></span> 
     </span>
    </p>
   </div>
   <div class='ocr_carea' id='block_1_4' title="bbox 385 593 1953 693">
    <p class='ocr_par' dir='ltr' id='par_1_4' title="bbox 385 593 1949 675">
     <span class='ocr_line' id='line_1_4' title="bbox 385 593 1949 675; baseline 0.007 -27"><span class='ocrx_word' id='word_1_23' title='bbox 385 593 605 663; x_wconf 80' lang='lat' dir='ltr'><strong>signum</strong></span> <span class='ocrx_word' id='word_1_24' title='bbox 638 594 871 651; x_wconf 87' lang='lat' dir='ltr'><strong>alterum</strong></span> <span class='ocrx_word' id='word_1_25' title='bbox 912 599 1191 663; x_wconf 84' lang='lat' dir='ltr'><strong>exhibere,</strong></span> <span class='ocrx_word' id='word_1_26' title='bbox 1217 601 1265 655; x_wconf 92' lang='lat' dir='ltr'><strong>id</strong></span> <span class='ocrx_word' id='word_1_27' title='bbox 1302 612 1406 668; x_wconf 90' lang='lat' dir='ltr'><strong>est,</strong></span> <span class='ocrx_word' id='word_1_28' title='bbox 1442 602 1687 659; x_wconf 85' lang='lat' dir='ltr'><strong>divinum</strong></span> <span class='ocrx_word' id='word_1_29' title='bbox 1725 604 1949 675; x_wconf 78' lang='lat' dir='ltr'><strong>legalem</strong></span> 
     </span>
    </p>
   </div>
   <div class='ocr_carea' id='block_1_5' title="bbox 2066 593 3657 693">
    <p class='ocr_par' dir='ltr' id='par_1_5' title="bbox 2085 593 3657 693">
     <span class='ocr_line' id='line_1_5' title="bbox 2085 593 3657 693; baseline 0.006 -31"><span class='ocrx_word' id='word_1_30' title='bbox 2085 609 2147 664; x_wconf 90' lang='grc' dir='ltr'>οὐ</span> <span class='ocrx_word' id='word_1_31' title='bbox 2174 611 2368 682; x_wconf 82' lang='grc' dir='ltr'>μικρὸν</span> <span class='ocrx_word' id='word_1_32' title='bbox 2400 611 2508 685; x_wconf 78' lang='grc' dir='ltr'><strong>γὰρ</strong></span> <span class='ocrx_word' id='word_1_33' title='bbox 2534 613 2693 668; x_wconf 82' lang='grc' dir='ltr'>τοῦτο</span> <span class='ocrx_word' id='word_1_34' title='bbox 2730 593 3058 681; x_wconf 82' lang='grc' dir='ltr'>ἀποδείξεως</span> <span class='ocrx_word' id='word_1_35' title='bbox 3086 617 3362 688; x_wconf 76' lang='grc' dir='ltr'>ἐνέχυρον,</span> <span class='ocrx_word' id='word_1_36' title='bbox 3393 593 3501 671; x_wconf 38' lang='grc' dir='ltr'>’τοῦ</span> <span class='ocrx_word' id='word_1_37' title='bbox 3532 593 3657 693; x_wconf 77' lang='grc' dir='ltr'>κλη-</span> 
     </span>
    </p>
   </div>
   <div class='ocr_carea' id='block_1_6' title="bbox 384 690 1953 780">
    <p class='ocr_par' dir='ltr' id='par_1_6' title="bbox 384 690 1950 767">
     <span class='ocr_line' id='line_1_6' title="bbox 384 690 1950 767; baseline 0.007 -25"><span class='ocrx_word' id='word_1_38' title='bbox 384 700 491 758; x_wconf 87' lang='lat' dir='ltr'><strong>que</strong></span> <span class='ocrx_word' id='word_1_39' title='bbox 521 690 723 744; x_wconf 86' lang='lat' dir='ltr'><strong>cultum</strong></span> <span class='ocrx_word' id='word_1_40' title='bbox 743 706 806 747; x_wconf 87' lang='lat' dir='ltr'><strong>ac</strong></span> <span class='ocrx_word' id='word_1_41' title='bbox 832 693 1223 756; x_wconf 82' lang='lat' dir='ltr'><strong>sacerdotium,</strong></span> <span class='ocrx_word' id='word_1_42' title='bbox 1274 713 1486 751; x_wconf 84' lang='lat' dir='ltr'><strong>necnon</strong></span> <span class='ocrx_word' id='word_1_43' title='bbox 1514 698 1692 767; x_wconf 80' lang='lat' dir='ltr'><strong>regale</strong></span> <span class='ocrx_word' id='word_1_44' title='bbox 1712 698 1950 755; x_wconf 81' lang='lat' dir='ltr'><strong>chrisma</strong></span> 
     </span>
    </p>
   </div>
   <div class='ocr_carea' id='block_1_7' title="bbox 2066 690 3655 780">
    <p class='ocr_par' dir='ltr' id='par_1_7' title="bbox 2082 690 3655 780">
     <span class='ocr_line' id='line_1_7' title="bbox 2082 690 3655 780; baseline 0.007 -24"><span class='ocrx_word' id='word_1_45' title='bbox 2082 704 2312 775; x_wconf 86' lang='grc' dir='ltr'>ρονὸμον</span> <span class='ocrx_word' id='word_1_46' title='bbox 2338 704 2448 759; x_wconf 84' lang='grc' dir='ltr'>τῶν</span> <span class='ocrx_word' id='word_1_47' title='bbox 2480 704 2573 759; x_wconf 88' lang='grc' dir='ltr'><strong>τοῦ</strong></span> <span class='ocrx_word' id='word_1_48' title='bbox 2624 706 2837 779; x_wconf 80' lang='grc' dir='ltr'>Πατρδς</span> <span class='ocrx_word' id='word_1_49' title='bbox 2863 709 3181 780; x_wconf 81' lang='grc' dir='ltr'><strong>κτισμάτων</strong></span> <span class='ocrx_word' id='word_1_50' title='bbox 3210 714 3301 765; x_wconf 72' lang='grc' dir='ltr'>τὸν</span> <span class='ocrx_word' id='word_1_51' title='bbox 3330 711 3479 765; x_wconf 79' lang='grc' dir='ltr'>Υίόν.</span> <span class='ocrx_word' id='word_1_52' title='bbox 3513 712 3574 766; x_wconf 85' lang='lat' dir='ltr'><strong>El</strong></span> <span class='ocrx_word' id='word_1_53' title='bbox 3602 690 3655 767; x_wconf 65' lang='grc' dir='ltr'>δὲ</span> 
     </span>
    </p>
   </div>
   <div class='ocr_carea' id='block_1_8' title="bbox 384 781 1953 880">
    <p class='ocr_par' dir='ltr' id='par_1_8' title="bbox 384 781 1953 854">
     <span class='ocr_line' id='line_1_8' title="bbox 384 781 1953 854; baseline 0.008 -19"><span class='ocrx_word' id='word_1_54' title='bbox 384 781 686 836; x_wconf 80' lang='lat' dir='ltr'><strong>transferre</strong></span> <span class='ocrx_word' id='word_1_55' title='bbox 715 784 779 836; x_wconf 86' lang='lat' dir='ltr'><strong>ad</strong></span> <span class='ocrx_word' id='word_1_56' title='bbox 827 786 1078 854; x_wconf 81' lang='lat' dir='ltr'><strong>gratiam.</strong></span> <span class='ocrx_word' id='word_1_57' title='bbox 1112 785 1227 841; x_wconf 86' lang='lat' dir='ltr'><strong>Non</strong></span> <span class='ocrx_word' id='word_1_58' title='bbox 1257 790 1400 842; x_wconf 91' lang='lat' dir='ltr'><strong>enim</strong></span> <span class='ocrx_word' id='word_1_59' title='bbox 1434 791 1547 846; x_wconf 67' lang='lat' dir='ltr'><strong>haec</strong></span> <span class='ocrx_word' id='word_1_60' title='bbox 1583 792 1715 847; x_wconf 88' lang='lat' dir='ltr'><strong>levis</strong></span> <span class='ocrx_word' id='word_1_61' title='bbox 1743 791 1953 847; x_wconf 44' lang='lat' dir='ltr'><strong>demont</strong></span> 
     </span>
    </p>
   </div>
   <div class='ocr_carea' id='block_1_9' title="bbox 2066 781 3655 880">
    <p class='ocr_par' dir='ltr' id='par_1_9' title="bbox 2082 796 3655 880">
     <span class='ocr_line' id='line_1_9' title="bbox 2082 796 3655 880; baseline 0.009 -32"><span class='ocrx_word' id='word_1_62' title='bbox 2082 796 2257 867; x_wconf 81' lang='grc' dir='ltr'>μικρὰ</span> <span class='ocrx_word' id='word_1_63' title='bbox 2286 797 2434 869; x_wconf 78' lang='grc' dir='ltr'>αὐτῷ</span> <span class='ocrx_word' id='word_1_64' title='bbox 2458 798 2556 852; x_wconf 90' lang='grc' dir='ltr'>νῦν</span> <span class='ocrx_word' id='word_1_65' title='bbox 2584 800 2756 854; x_wconf 88' lang='grc' dir='ltr'>ταῦτα</span> <span class='ocrx_word' id='word_1_66' title='bbox 2781 800 3051 871; x_wconf 87' lang='grc' dir='ltr'>φαίνεται,</span> <span class='ocrx_word' id='word_1_67' title='bbox 3086 803 3373 859; x_wconf 81' lang='grc' dir='ltr'>ἀπείθειαν</span> <span class='ocrx_word' id='word_1_68' title='bbox 3403 807 3497 860; x_wconf 82' lang='grc' dir='ltr'>καὶ</span> <span class='ocrx_word' id='word_1_69' title='bbox 3526 807 3655 880; x_wconf 76' lang='grc' dir='ltr'><strong>βαρ-</strong></span> 
     </span>
    </p>
   </div>
   <div class='ocr_carea' id='block_1_10' title="bbox 383 874 1953 965">
    <p class='ocr_par' dir='ltr' id='par_1_10' title="bbox 383 874 1948 947">
     <span class='ocr_line' id='line_1_10' title="bbox 383 874 1948 947; baseline 0.006 -19"><span class='ocrx_word' id='word_1_70' title='bbox 383 874 578 928; x_wconf 82' lang='lat' dir='ltr'><strong>stratio</strong></span> <span class='ocrx_word' id='word_1_71' title='bbox 634 884 757 938; x_wconf 87' lang='lat' dir='ltr'><strong>est,</strong></span> <span class='ocrx_word' id='word_1_72' title='bbox 810 882 954 947; x_wconf 83' lang='lat' dir='ltr'><strong>quod</strong></span> <span class='ocrx_word' id='word_1_73' title='bbox 1008 879 1183 935; x_wconf 85' lang='lat' dir='ltr'><strong>Patris</strong></span> <span class='ocrx_word' id='word_1_74' title='bbox 1236 891 1609 937; x_wconf 79' lang='lat' dir='ltr'><strong>creaturarum</strong></span> <span class='ocrx_word' id='word_1_75' title='bbox 1673 884 1844 940; x_wconf 72' lang='lat' dir='ltr'><strong>lueres</strong></span> <span class='ocrx_word' id='word_1_76' title='bbox 1904 885 1948 939; x_wconf 87' lang='lat' dir='ltr'><strong>si</strong></span> 
     </span>
    </p>
   </div>
   <div class='ocr_carea' id='block_1_11' title="bbox 2066 874 3655 965">
    <p class='ocr_par' dir='ltr' id='par_1_11' title="bbox 2078 874 3655 965">
     <span class='ocr_line' id='line_1_11' title="bbox 2078 874 3655 965; baseline 0.007 -24"><span class='ocrx_word' id='word_1_77' title='bbox 2078 888 2315 962; x_wconf 84' lang='grc' dir='ltr'>ϐαρικὴν</span> <span class='ocrx_word' id='word_1_78' title='bbox 2345 891 2443 944; x_wconf 83' lang='grc' dir='ltr'>σὺν</span> <span class='ocrx_word' id='word_1_79' title='bbox 2477 892 2779 965; x_wconf 86' lang='grc' dir='ltr'>θρασύτητι</span> <span class='ocrx_word' id='word_1_80' title='bbox 2804 893 3079 965; x_wconf 78' lang='grc' dir='ltr'>ἀμάθειαν</span> <span class='ocrx_word' id='word_1_81' title='bbox 3112 896 3381 963; x_wconf 82' lang='grc' dir='ltr'><strong>νοσοῦντι,</strong></span> <span class='ocrx_word' id='word_1_82' title='bbox 3412 874 3536 951; x_wconf 77' lang='grc' dir='ltr'>τότε</span> <span class='ocrx_word' id='word_1_83' title='bbox 3564 874 3655 952; x_wconf 76' lang='grc' dir='ltr'>καὶ</span> 
     </span>
    </p>
   </div>
   <div class='ocr_carea' id='block_1_12' title="bbox 390 963 1953 1059">
    <p class='ocr_par' dir='ltr' id='par_1_12' title="bbox 390 963 1951 1058">
     <span class='ocr_line' id='line_1_12' title="bbox 390 963 1951 1058; baseline 0.008 -42"><span class='ocrx_word' id='word_1_84' title='bbox 390 963 583 1019; x_wconf 84' lang='lat' dir='ltr'><strong>Filius.</strong></span> <span class='ocrx_word' id='word_1_85' title='bbox 617 966 771 1031; x_wconf 82' lang='lat' dir='ltr'><strong>Quod</strong></span> <span class='ocrx_word' id='word_1_86' title='bbox 798 968 843 1022; x_wconf 92' lang='lat' dir='ltr'><strong>si</strong></span> <span class='ocrx_word' id='word_1_87' title='bbox 878 970 990 1024; x_wconf 69' lang='lat' dir='ltr'><strong>hinc</strong></span> <span class='ocrx_word' id='word_1_88' title='bbox 1024 968 1328 1026; x_wconf 81' lang='lat' dir='ltr'><strong>Moliamedi</strong></span> <span class='ocrx_word' id='word_1_89' title='bbox 1358 973 1553 1058; x_wconf 68' lang='lat' dir='ltr'><strong>exigua</strong></span> <span class='ocrx_word' id='word_1_90' title='bbox 1583 975 1854 1038; x_wconf 87' lang='lat' dir='ltr'><strong>videntur,</strong></span> <span class='ocrx_word' id='word_1_91' title='bbox 1880 990 1951 1043; x_wconf 86' lang='lat' dir='ltr'><strong>qu</strong></span> 
     </span>
    </p>
   </div>
   <div class='ocr_carea' id='block_1_13' title="bbox 2066 963 3653 1059">
    <p class='ocr_par' dir='ltr' id='par_1_13' title="bbox 2080 963 3653 1059">
     <span class='ocr_line' id='line_1_13' title="bbox 2080 963 3653 1059; baseline 0.005 -23"><span class='ocrx_word' id='word_1_92' title='bbox 2080 981 2155 1052; x_wconf 80' lang='grc' dir='ltr'>μὴ</span> <span class='ocrx_word' id='word_1_93' title='bbox 2189 982 2509 1053; x_wconf 85' lang='grc' dir='ltr'>βουλόμενος</span> <span class='ocrx_word' id='word_1_94' title='bbox 2556 963 2767 1056; x_wconf 85' lang='grc' dir='ltr'>μεγάλα</span> <span class='ocrx_word' id='word_1_95' title='bbox 2818 963 2989 1041; x_wconf 85' lang='grc' dir='ltr'>ταῦτα</span> <span class='ocrx_word' id='word_1_96' title='bbox 3045 987 3536 1059; x_wconf 81' lang='grc' dir='ltr'>ἀνομολογήσειεν·</span> <span class='ocrx_word' id='word_1_97' title='bbox 3568 990 3653 1044; x_wconf 80' lang='grc' dir='ltr'><strong>ὅτε</strong></span> 
     </span>
    </p>
   </div>
   <div class='ocr_carea' id='block_1_14' title="bbox 383 1046 1953 1150">
    <p class='ocr_par' dir='ltr' id='par_1_14' title="bbox 383 1046 1953 1122">
     <span class='ocr_line' id='line_1_14' title="bbox 383 1046 1953 1122; baseline 0.006 -12"><span class='ocrx_word' id='word_1_98' title='bbox 383 1056 761 1113; x_wconf 70' lang='lat' dir='ltr'><strong>incredulitate</strong></span> <span class='ocrx_word' id='word_1_99' title='bbox 798 1069 849 1113; x_wconf 89' lang='lat' dir='ltr'><strong>et</strong></span> <span class='ocrx_word' id='word_1_100' title='bbox 882 1060 1167 1117; x_wconf 86' lang='lat' dir='ltr'><strong>barbarica</strong></span> <span class='ocrx_word' id='word_1_101' title='bbox 1188 1081 1310 1119; x_wconf 78' lang='lat' dir='ltr'><strong>cum</strong></span> <span class='ocrx_word' id='word_1_102' title='bbox 1346 1046 1512 1121; x_wconf 74' lang='lat' dir='ltr'><strong>feroci</strong></span> <span class='ocrx_word' id='word_1_103' title='bbox 1543 1066 1727 1121; x_wconf 86' lang='lat' dir='ltr'><strong>animo</strong></span> <span class='ocrx_word' id='word_1_104' title='bbox 1758 1067 1953 1122; x_wconf 85' lang='lat' dir='ltr'><strong>insciti:</strong></span> 
     </span>
    </p>
   </div>
   <div class='ocr_carea' id='block_1_15' title="bbox 2066 1046 3653 1150">
    <p class='ocr_par' dir='ltr' id='par_1_15' title="bbox 2076 1046 3653 1150">
     <span class='ocr_line' id='line_1_15' title="bbox 2076 1046 3653 1150; baseline 0.006 -24"><span class='ocrx_word' id='word_1_105' title='bbox 2076 1046 2170 1126; x_wconf 66' lang='grc' dir='ltr'><strong>καλ</strong></span> <span class='ocrx_word' id='word_1_106' title='bbox 2189 1046 2262 1127; x_wconf 44' lang='grc' dir='ltr'><strong>’τὸ</strong></span> <span class='ocrx_word' id='word_1_107' title='bbox 2285 1046 2436 1145; x_wconf 77' lang='grc' dir='ltr'><strong>ῥῆμα</strong></span> <span class='ocrx_word' id='word_1_108' title='bbox 2461 1046 2568 1129; x_wconf 56' lang='grc' dir='ltr'><strong>τὸδ’</strong></span> <span class='ocrx_word' id='word_1_109' title='bbox 2606 1046 2817 1149; x_wconf 64' lang='grc' dir='ltr'>Ιίατρὸς</span> <span class='ocrx_word' id='word_1_110' title='bbox 2851 1079 2990 1150; x_wconf 85' lang='grc' dir='ltr'>πρὸς</span> <span class='ocrx_word' id='word_1_111' title='bbox 3021 1078 3114 1132; x_wconf 76' lang='grc' dir='ltr'>τὸν</span> <span class='ocrx_word' id='word_1_112' title='bbox 3143 1046 3270 1133; x_wconf 64' lang='grc' dir='ltr'>Ῠίδν</span> <span class='ocrx_word' id='word_1_113' title='bbox 3437 1081 3653 1135; x_wconf 74' lang='grc' dir='ltr'>Ἡσαΐου</span> 
     </span>
    </p>
   </div>
   <div class='ocr_carea' id='block_1_16' title="bbox 381 1137 1973 1227">
    <p class='ocr_par' dir='ltr' id='par_1_16' title="bbox 381 1137 1973 1227">
     <span class='ocr_line' id='line_1_16' title="bbox 381 1137 1973 1227; baseline 0.008 -27"><span class='ocrx_word' id='word_1_114' title='bbox 381 1137 593 1203; x_wconf 77' lang='lat' dir='ltr'><strong>laborat</strong></span> <span class='ocrx_word' id='word_1_115' title='bbox 626 1165 641 1215; x_wconf 89' lang='lat'><strong>;</strong></span> <span class='ocrx_word' id='word_1_116' title='bbox 675 1159 803 1206; x_wconf 90' lang='lat' dir='ltr'><strong>tunc</strong></span> <span class='ocrx_word' id='word_1_117' title='bbox 836 1154 962 1207; x_wconf 83' lang='lat' dir='ltr'><strong>velit</strong></span> <span class='ocrx_word' id='word_1_118' title='bbox 990 1155 1125 1209; x_wconf 89' lang='lat' dir='ltr'><strong>nolit</strong></span> <span class='ocrx_word' id='word_1_119' title='bbox 1171 1173 1365 1227; x_wconf 85' lang='lat' dir='ltr'><strong>magna</strong></span> <span class='ocrx_word' id='word_1_120' title='bbox 1399 1158 1513 1213; x_wconf 62' lang='lat' dir='ltr'><strong>haec</strong></span> <span class='ocrx_word' id='word_1_121' title='bbox 1540 1174 1661 1215; x_wconf 90' lang='lat' dir='ltr'><strong>esse</strong></span> <span class='ocrx_word' id='word_1_122' title='bbox 1687 1160 1973 1213; x_wconf 83' lang='lat' dir='ltr'><strong>conﬁtebi-</strong></span> 
     </span>
    </p>
   </div>
   <div class='ocr_carea' id='block_1_17' title="bbox 377 1242 1975 1322">
    <p class='ocr_par' dir='ltr' id='par_1_17' title="bbox 377 1242 1975 1322">
     <span class='ocr_line' id='line_1_17' title="bbox 377 1242 1975 1322; baseline 0.011 -31"><span class='ocrx_word' id='word_1_123' title='bbox 377 1246 487 1304; x_wconf 90' lang='lat' dir='ltr'><strong>tur,</strong></span> <span class='ocrx_word' id='word_1_124' title='bbox 519 1256 643 1295; x_wconf 85' lang='lat' dir='ltr'><strong>eum</strong></span> <span class='ocrx_word' id='word_1_125' title='bbox 688 1242 865 1301; x_wconf 78' lang='lat' dir='ltr'><strong>Patris</strong></span> <span class='ocrx_word' id='word_1_126' title='bbox 908 1247 1113 1302; x_wconf 91' lang='lat' dir='ltr'><strong>dictum</strong></span> <span class='ocrx_word' id='word_1_127' title='bbox 1156 1249 1222 1304; x_wconf 88' lang='lat' dir='ltr'><strong>ad</strong></span> <span class='ocrx_word' id='word_1_128' title='bbox 1276 1249 1505 1319; x_wconf 87' lang='lat' dir='ltr'><strong>Filium,</strong></span> <span class='ocrx_word' id='word_1_129' title='bbox 1538 1267 1633 1307; x_wconf 89' lang='lat' dir='ltr'><strong>ore</strong></span> <span class='ocrx_word' id='word_1_130' title='bbox 1662 1250 1813 1307; x_wconf 75' lang='lat' dir='ltr'><strong>Isaia:</strong></span> <span class='ocrx_word' id='word_1_131' title='bbox 1845 1268 1975 1322; x_wconf 84' lang='lat' dir='ltr'><strong>pro-</strong></span> 
     </span>
    </p>
   </div>
   <div class='ocr_carea' id='block_1_18' title="bbox 374 1331 1970 1410">
    <p class='ocr_par' dir='ltr' id='par_1_18' title="bbox 374 1331 1970 1410">
     <span class='ocr_line' id='line_1_18' title="bbox 374 1331 1970 1410; baseline 0.008 -24"><span class='ocrx_word' id='word_1_132' title='bbox 374 1331 550 1401; x_wconf 64' lang='lat' dir='ltr'><strong>pheta:</strong></span> <span class='ocrx_word' id='word_1_133' title='bbox 596 1335 901 1404; x_wconf 84' lang='lat' dir='ltr'><strong>prolatum,</strong></span> <span class='ocrx_word' id='word_1_134' title='bbox 959 1340 1288 1410; x_wconf 90' lang='lat' dir='ltr'><strong>completum</strong></span> <span class='ocrx_word' id='word_1_135' title='bbox 1328 1351 1516 1396; x_wconf 89' lang='lat' dir='ltr'><strong>cernet</strong></span> <span class='ocrx_word' id='word_1_136' title='bbox 1552 1360 1565 1397; x_wconf 90' lang='lat'><strong>:</strong></span> <span class='ocrx_word' id='word_1_137' title='bbox 1612 1342 1877 1409; x_wconf 78' lang='lat' dir='ltr'><strong>Quoniam</strong></span> <span class='ocrx_word' id='word_1_138' title='bbox 1920 1353 1970 1398; x_wconf 87' lang='lat' dir='ltr'><strong>et</strong></span> 
     </span>
    </p>
   </div>
   <div class='ocr_carea' id='block_1_19' title="bbox 374 1426 1970 1504">
    <p class='ocr_par' dir='ltr' id='par_1_19' title="bbox 374 1426 1970 1504">
     <span class='ocr_line' id='line_1_19' title="bbox 374 1426 1970 1504; baseline 0.008 -26"><span class='ocrx_word' id='word_1_139' title='bbox 374 1428 567 1481; x_wconf 75' lang='lat' dir='ltr'><strong>arietes</strong></span> <span class='ocrx_word' id='word_1_140' title='bbox 617 1426 861 1483; x_wconf 85' lang='lat' dir='ltr'><strong>Nabeoth</strong></span> <span class='ocrx_word' id='word_1_141' title='bbox 890 1431 959 1483; x_wconf 82' lang='lat' dir='ltr'><strong>ad</strong></span> <span class='ocrx_word' id='word_1_142' title='bbox 994 1443 1047 1486; x_wconf 84' lang='lat' dir='ltr'><strong>te</strong></span> <span class='ocrx_word' id='word_1_143' title='bbox 1088 1434 1286 1488; x_wconf 79' lang='lat' dir='ltr'><strong>venient</strong></span> <span class='ocrx_word' id='word_1_144' title='bbox 1313 1434 1379 1500; x_wconf 69' lang='grc'><strong>⁸⁸,</strong></span> <span class='ocrx_word' id='word_1_145' title='bbox 1430 1450 1529 1489; x_wconf 90' lang='lat' dir='ltr'><strong>ceu</strong></span> <span class='ocrx_word' id='word_1_146' title='bbox 1580 1436 1673 1504; x_wconf 91' lang='lat' dir='ltr'><strong>qui</strong></span> <span class='ocrx_word' id='word_1_147' title='bbox 1711 1436 1970 1490; x_wconf 87' lang='lat' dir='ltr'><strong>nimirum</strong></span> 
     </span>
    </p>
   </div>
   <div class='ocr_carea' id='block_1_20' title="bbox 375 1519 1965 1596">
    <p class='ocr_par' dir='ltr' id='par_1_20' title="bbox 375 1519 1965 1596">
     <span class='ocr_line' id='line_1_20' title="bbox 375 1519 1965 1596; baseline 0.008 -27"><span class='ocrx_word' id='word_1_148' title='bbox 375 1531 520 1571; x_wconf 79' lang='lat' dir='ltr'><strong>ntinc</strong></span> <span class='ocrx_word' id='word_1_149' title='bbox 550 1519 599 1573; x_wconf 90' lang='lat' dir='ltr'><strong>ei</strong></span> <span class='ocrx_word' id='word_1_150' title='bbox 639 1521 859 1576; x_wconf 89' lang='lat' dir='ltr'><strong>obedire</strong></span> <span class='ocrx_word' id='word_1_151' title='bbox 892 1538 997 1577; x_wconf 90' lang='lat' dir='ltr'><strong>non</strong></span> <span class='ocrx_word' id='word_1_152' title='bbox 1034 1525 1305 1579; x_wconf 85' lang='lat' dir='ltr'><strong>sustinent</strong></span> <span class='ocrx_word' id='word_1_153' title='bbox 1340 1542 1355 1592; x_wconf 87' lang='lat'>;</span> <span class='ocrx_word' id='word_1_154' title='bbox 1407 1526 1675 1596; x_wconf 84' lang='lat' dir='ltr'><strong>siquidem</strong></span> <span class='ocrx_word' id='word_1_155' title='bbox 1726 1526 1965 1582; x_wconf 80' lang='lat' dir='ltr'><strong>Nabeoth</strong></span> 
     </span>
    </p>
   </div>
   <div class='ocr_carea' id='block_1_21' title="bbox 372 1614 1966 1691">
    <p class='ocr_par' dir='ltr' id='par_1_21' title="bbox 372 1614 1966 1691">
     <span class='ocr_line' id='line_1_21' title="bbox 372 1614 1966 1691; baseline 0.006 -27"><span class='ocrx_word' id='word_1_156' title='bbox 372 1614 755 1683; x_wconf 73' lang='lat' dir='ltr'><strong>primogenitus</strong></span> <span class='ocrx_word' id='word_1_157' title='bbox 819 1615 1068 1672; x_wconf 78' lang='lat' dir='ltr'><strong>lsmaelia</strong></span> <span class='ocrx_word' id='word_1_158' title='bbox 1098 1621 1142 1651; x_wconf 74' lang='lat'><strong><em>”</em></strong></span> <span class='ocrx_word' id='word_1_159' title='bbox 1192 1619 1531 1691; x_wconf 78' lang='lat' dir='ltr'><strong>intelligitur.</strong></span> <span class='ocrx_word' id='word_1_160' title='bbox 1572 1620 1691 1676; x_wconf 83' lang='lat' dir='ltr'><strong>Jam</strong></span> <span class='ocrx_word' id='word_1_161' title='bbox 1736 1622 1783 1677; x_wconf 91' lang='lat' dir='ltr'><strong>si</strong></span> <span class='ocrx_word' id='word_1_162' title='bbox 1834 1621 1966 1675; x_wconf 85' lang='lat' dir='ltr'><strong>nihil</strong></span> 
     </span>
    </p>
   </div>
   <div class='ocr_carea' id='block_1_22' title="bbox 373 1705 1968 1781">
    <p class='ocr_par' dir='ltr' id='par_1_22' title="bbox 373 1705 1968 1781">
     <span class='ocr_line' id='line_1_22' title="bbox 373 1705 1968 1781; baseline 0.009 -25"><span class='ocrx_word' id='word_1_163' title='bbox 373 1705 756 1761; x_wconf 79' lang='lat' dir='ltr'><strong>vaticiniorum</strong></span> <span class='ocrx_word' id='word_1_164' title='bbox 792 1708 944 1764; x_wconf 78' lang='lat' dir='ltr'><strong>Isaiae</strong></span> <span class='ocrx_word' id='word_1_165' title='bbox 988 1727 1226 1781; x_wconf 78' lang='lat' dir='ltr'><strong>unquam</strong></span> <span class='ocrx_word' id='word_1_166' title='bbox 1261 1714 1465 1768; x_wconf 81' lang='lat' dir='ltr'><strong>exitum</strong></span> <span class='ocrx_word' id='word_1_167' title='bbox 1511 1714 1735 1777; x_wconf 87' lang='lat' dir='ltr'><strong>habuit,</strong></span> <span class='ocrx_word' id='word_1_168' title='bbox 1769 1730 1837 1770; x_wconf 88' lang='lat' dir='ltr'><strong>ne</strong></span> <span class='ocrx_word' id='word_1_169' title='bbox 1865 1715 1968 1770; x_wconf 87' lang='lat' dir='ltr'><strong>hoc</strong></span> 
     </span>
    </p>
   </div>
   <div class='ocr_carea' id='block_1_23' title="bbox 371 1796 1961 1874">
    <p class='ocr_par' dir='ltr' id='par_1_23' title="bbox 371 1796 1961 1874">
     <span class='ocr_line' id='line_1_23' title="bbox 371 1796 1961 1874; baseline 0.009 -29"><span class='ocrx_word' id='word_1_170' title='bbox 371 1796 591 1863; x_wconf 84' lang='lat' dir='ltr'><strong>quidem</strong></span> <span class='ocrx_word' id='word_1_171' title='bbox 627 1798 988 1867; x_wconf 79' lang='lat' dir='ltr'><strong>complebitur</strong></span> <span class='ocrx_word' id='word_1_172' title='bbox 1018 1818 1031 1854; x_wconf 91' lang='lat'><strong>:</strong></span> <span class='ocrx_word' id='word_1_173' title='bbox 1073 1801 1157 1856; x_wconf 93' lang='lat' dir='ltr'><strong>sin</strong></span> <span class='ocrx_word' id='word_1_174' title='bbox 1193 1813 1407 1867; x_wconf 57' lang='lat' dir='ltr'><strong>extera,</strong></span> <span class='ocrx_word' id='word_1_175' title='bbox 1440 1803 1543 1859; x_wconf 86' lang='lat' dir='ltr'><strong>hoc</strong></span> <span class='ocrx_word' id='word_1_176' title='bbox 1574 1804 1800 1874; x_wconf 85' lang='lat' dir='ltr'><strong>perinde</strong></span> <span class='ocrx_word' id='word_1_177' title='bbox 1835 1819 1961 1860; x_wconf 89' lang='lat' dir='ltr'><strong>eve-</strong></span> 
     </span>
    </p>
   </div>
   <div class='ocr_carea' id='block_1_24' title="bbox 368 1886 1961 1961">
    <p class='ocr_par' dir='ltr' id='par_1_24' title="bbox 368 1886 1961 1961">
     <span class='ocr_line' id='line_1_24' title="bbox 368 1886 1961 1961; baseline 0.009 -23"><span class='ocrx_word' id='word_1_178' title='bbox 368 1889 502 1940; x_wconf 75' lang='lat' dir='ltr'><strong>niet.</strong></span> <span class='ocrx_word' id='word_1_179' title='bbox 539 1886 689 1943; x_wconf 80' lang='lat' dir='ltr'><strong>Tunc</strong></span> <span class='ocrx_word' id='word_1_180' title='bbox 713 1892 953 1956; x_wconf 81' lang='lat' dir='ltr'><strong>demum,</strong></span> <span class='ocrx_word' id='word_1_181' title='bbox 981 1892 1125 1961; x_wconf 89' lang='lat' dir='ltr'><strong>quod</strong></span> <span class='ocrx_word' id='word_1_182' title='bbox 1157 1909 1302 1949; x_wconf 88' lang='lat' dir='ltr'><strong>nunc</strong></span> <span class='ocrx_word' id='word_1_183' title='bbox 1333 1895 1433 1950; x_wconf 89' lang='lat' dir='ltr'><strong>iste</strong></span> <span class='ocrx_word' id='word_1_184' title='bbox 1455 1895 1522 1950; x_wconf 92' lang='lat' dir='ltr'><strong>de</strong></span> <span class='ocrx_word' id='word_1_185' title='bbox 1547 1896 1707 1953; x_wconf 88' lang='lat' dir='ltr'><strong>nobis</strong></span> <span class='ocrx_word' id='word_1_186' title='bbox 1727 1896 1961 1953; x_wconf 87' lang='lat' dir='ltr'><strong>absurde</strong></span> 
     </span>
    </p>
   </div>
   <div class='ocr_carea' id='block_1_25' title="bbox 369 1977 1964 2059">
    <p class='ocr_par' dir='ltr' id='par_1_25' title="bbox 369 1977 1964 2059">
     <span class='ocr_line' id='line_1_25' title="bbox 369 1977 1964 2059; baseline 0.008 -28"><span class='ocrx_word' id='word_1_187' title='bbox 369 1977 731 2049; x_wconf 85' lang='lat' dir='ltr'><strong>blasphemat,</strong></span> <span class='ocrx_word' id='word_1_188' title='bbox 760 1993 907 2037; x_wconf 86' lang='lat' dir='ltr'><strong>recte</strong></span> <span class='ocrx_word' id='word_1_189' title='bbox 932 1993 1121 2039; x_wconf 88' lang='lat' dir='ltr'><strong>contra</strong></span> <span class='ocrx_word' id='word_1_190' title='bbox 1144 2000 1203 2041; x_wconf 92' lang='lat' dir='ltr'><strong>se</strong></span> <span class='ocrx_word' id='word_1_191' title='bbox 1226 1984 1406 2056; x_wconf 90' lang='lat' dir='ltr'><strong>ipsum</strong></span> <span class='ocrx_word' id='word_1_192' title='bbox 1438 1987 1542 2042; x_wconf 91' lang='lat' dir='ltr'><strong>diei</strong></span> <span class='ocrx_word' id='word_1_193' title='bbox 1564 1988 1783 2045; x_wconf 86' lang='lat' dir='ltr'><strong>audiet:</strong></span> <span class='ocrx_word' id='word_1_194' title='bbox 1818 1988 1964 2059; x_wconf 92' lang='lat' dir='ltr'><strong>quod</strong></span> 
     </span>
    </p>
   </div>
   <div class='ocr_carea' id='block_1_26' title="bbox 368 2071 1736 2148">
    <p class='ocr_par' dir='ltr' id='par_1_26' title="bbox 368 2071 1736 2148">
     <span class='ocr_line' id='line_1_26' title="bbox 368 2071 1736 2148; baseline 0.01 -26"><span class='ocrx_word' id='word_1_195' title='bbox 368 2085 563 2139; x_wconf 78' lang='lat' dir='ltr'><strong>nempe</strong></span> <span class='ocrx_word' id='word_1_196' title='bbox 598 2071 741 2128; x_wconf 87' lang='lat' dir='ltr'><strong>Deus</strong></span> <span class='ocrx_word' id='word_1_197' title='bbox 783 2090 889 2128; x_wconf 93' lang='lat' dir='ltr'><strong>non</strong></span> <span class='ocrx_word' id='word_1_198' title='bbox 920 2073 1107 2147; x_wconf 82' lang='lat' dir='ltr'><strong>dirigit</strong></span> <span class='ocrx_word' id='word_1_199' title='bbox 1136 2079 1397 2148; x_wconf 83' lang='lat' dir='ltr'><strong>populum</strong></span> <span class='ocrx_word' id='word_1_200' title='bbox 1438 2090 1736 2136; x_wconf 72' lang='lat' dir='ltr'><strong>errantem.</strong></span> 
     </span>
    </p>
   </div>
   <div class='ocr_carea' id='block_1_27' title="bbox 365 2162 1964 2237">
    <p class='ocr_par' dir='ltr' id='par_1_27' title="bbox 365 2162 1964 2237">
     <span class='ocr_line' id='line_1_27' title="bbox 365 2162 1964 2237; baseline 0.009 -22"><span class='ocrx_word' id='word_1_201' title='bbox 365 2162 534 2237; x_wconf 47' lang='lat' dir='ltr'><strong>XXV.</strong></span> <span class='ocrx_word' id='word_1_202' title='bbox 568 2165 959 2222; x_wconf 76' lang='lat' dir='ltr'><strong>Demonstratio</strong></span> <span class='ocrx_word' id='word_1_203' title='bbox 988 2171 1127 2237; x_wconf 77' lang='lat' dir='ltr'><strong>quod</strong></span> <span class='ocrx_word' id='word_1_204' title='bbox 1176 2171 1383 2225; x_wconf 76' lang='lat' dir='ltr'><strong>alienus</strong></span> <span class='ocrx_word' id='word_1_205' title='bbox 1422 2185 1808 2237; x_wconf 79' lang='lat' dir='ltr'><strong>extraneusque</strong></span> <span class='ocrx_word' id='word_1_206' title='bbox 1829 2176 1897 2229; x_wconf 70' lang='lat' dir='ltr'><strong>sit</strong></span> <span class='ocrx_word' id='word_1_207' title='bbox 1931 2192 1964 2229; x_wconf 87' lang='lat' dir='ltr'><strong>a</strong></span> 
     </span>
    </p>
   </div>
   <div class='ocr_carea' id='block_1_28' title="bbox 442 2234 1963 2308">
    <p class='ocr_par' dir='ltr' id='par_1_28' title="bbox 442 2234 1963 2308">
     <span class='ocr_line' id='line_1_28' title="bbox 442 2234 1963 2308; baseline 0.007 -20"><span class='ocrx_word' id='word_1_208' title='bbox 442 2234 536 2308; x_wconf 81' lang='lat' dir='ltr'><strong>Dei</strong></span> <span class='ocrx_word' id='word_1_209' title='bbox 586 2234 1045 2308; x_wconf 72' lang='lat' dir='ltr'><strong>[wderepopulus</strong></span> <span class='ocrx_word' id='word_1_210' title='bbox 1103 2240 1489 2306; x_wconf 81' lang='lat' dir='ltr'><strong>lsmaeliticus,</strong></span> <span class='ocrx_word' id='word_1_211' title='bbox 1534 2234 1824 2297; x_wconf 73' lang='lat' dir='ltr'><strong>secundum</strong></span> <span class='ocrx_word' id='word_1_212' title='bbox 1867 2246 1963 2300; x_wconf 78' lang='lat' dir='ltr'><strong>Dei</strong></span> 
     </span>
    </p>
   </div>
   <div class='ocr_carea' id='block_1_29' title="bbox 436 2304 1961 2382">
    <p class='ocr_par' dir='ltr' id='par_1_29' title="bbox 436 2304 1961 2382">
     <span class='ocr_line' id='line_1_29' title="bbox 436 2304 1961 2382; baseline 0.009 -26"><span class='ocrx_word' id='word_1_213' title='bbox 436 2307 609 2382; x_wconf 70' lang='lat' dir='ltr'><strong>ipsius</strong></span> <span class='ocrx_word' id='word_1_214' title='bbox 649 2304 1030 2382; x_wconf 56' lang='lat' dir='ltr'><strong>testiinonium.</strong></span> <span class='ocrx_word' id='word_1_215' title='bbox 1067 2309 1134 2364; x_wconf 79' lang='lat' dir='ltr'><strong>Et</strong></span> <span class='ocrx_word' id='word_1_216' title='bbox 1175 2314 1313 2381; x_wconf 78' lang='lat' dir='ltr'><strong>quod</strong></span> <span class='ocrx_word' id='word_1_217' title='bbox 1341 2304 1491 2382; x_wconf 69' lang='lat' dir='ltr'><strong>quem</strong></span> <span class='ocrx_word' id='word_1_218' title='bbox 1530 2314 1711 2368; x_wconf 82' lang='lat' dir='ltr'><strong>dicunt</strong></span> <span class='ocrx_word' id='word_1_219' title='bbox 1749 2317 1812 2371; x_wconf 87' lang='lat' dir='ltr'><strong>de</strong></span> <span class='ocrx_word' id='word_1_220' title='bbox 1833 2317 1961 2370; x_wconf 74' lang='lat' dir='ltr'><strong>caelo</strong></span> 
     </span>
    </p>
   </div>
   <div class='ocr_carea' id='block_1_30' title="bbox 432 2379 1964 2499">
    <p class='ocr_par' dir='ltr' id='par_1_30' title="bbox 432 2379 1964 2499">
     <span class='ocr_line' id='line_1_30' title="bbox 432 2379 1964 2499; baseline 0.01 -72"><span class='ocrx_word' id='word_1_221' title='bbox 432 2379 695 2499; x_wconf 45' lang='grc' dir='ltr'><strong>Ζςεὲρὶδδε</strong></span> <span class='ocrx_word' id='word_1_222' title='bbox 723 2379 957 2460; x_wconf 51' lang='grc' dir='ltr'>βώτιωη,</span> <span class='ocrx_word' id='word_1_223' title='bbox 987 2381 1033 2435; x_wconf 82' lang='lat' dir='ltr'><strong>is</strong></span> <span class='ocrx_word' id='word_1_224' title='bbox 1078 2398 1109 2435; x_wconf 92' lang='lat' dir='ltr'><strong>a</strong></span> <span class='ocrx_word' id='word_1_225' title='bbox 1156 2379 1287 2437; x_wconf 77' lang='lat' dir='ltr'><strong>duce</strong></span> <span class='ocrx_word' id='word_1_226' title='bbox 1325 2379 1565 2453; x_wconf 76' lang='lat' dir='ltr'><strong>ipsorum</strong></span> <span class='ocrx_word' id='word_1_227' title='bbox 1614 2387 1853 2443; x_wconf 74' lang='lat' dir='ltr'><strong>dwmone</strong></span> <span class='ocrx_word' id='word_1_228' title='bbox 1898 2404 1964 2442; x_wconf 84' lang='lat' dir='ltr'><strong>ac</strong></span> 
     </span>
     <span class='ocr_line' id='line_1_31' title="bbox 474 2458 778 2499; baseline 0 0"><span class='ocrx_word' id='word_1_229' title='bbox 474 2464 523 2499; x_wconf 84' lang='lat' dir='ltr'><strong>ta</strong></span> <span class='ocrx_word' id='word_1_230' title='bbox 565 2474 590 2499; x_wconf 75' lang='grc' dir='ltr'><strong>υ</strong></span> <span class='ocrx_word' id='word_1_231' title='bbox 619 2466 647 2499; x_wconf 91' lang='grc'><strong><em>0</em></strong></span> <span class='ocrx_word' id='word_1_232' title='bbox 687 2458 778 2499; x_wconf 70' lang='grc' dir='ltr'><strong>8η.</strong></span> 
     </span>
    </p>
   </div>
   <div class='ocr_carea' id='block_1_31' title="bbox 474 2458 778 2502">
    <p class='ocr_par' dir='ltr' id='par_1_31' title="bbox 474 2458 778 2502">
     <span class='ocr_line' id='line_1_32' title="bbox 474 2458 778 2502; baseline 0.01 -3"><span class='ocrx_word' id='word_1_233' title='bbox 474 2458 647 2501; x_wconf 68' lang='lat' dir='ltr'><strong>tabula</strong></span> <span class='ocrx_word' id='word_1_234' title='bbox 687 2458 778 2502; x_wconf 79' lang='lat' dir='ltr'><strong>sit.</strong></span> 
     </span>
    </p>
   </div>
   <div class='ocr_carea' id='block_1_32' title="bbox 428 2605 1960 2690">
    <p class='ocr_par' dir='ltr' id='par_1_32' title="bbox 428 2605 1960 2690">
     <span class='ocr_line' id='line_1_33' title="bbox 428 2605 1960 2690; baseline 0.009 -30"><span class='ocrx_word' id='word_1_235' title='bbox 428 2606 517 2660; x_wconf 84' lang='lat'><strong>9|.</strong></span> <span class='ocrx_word' id='word_1_236' title='bbox 567 2605 703 2662; x_wconf 85' lang='lat' dir='ltr'><strong>Cum</strong></span> <span class='ocrx_word' id='word_1_237' title='bbox 754 2606 898 2663; x_wconf 84' lang='lat' dir='ltr'><strong>Deus</strong></span> <span class='ocrx_word' id='word_1_238' title='bbox 949 2610 1324 2666; x_wconf 73' lang='lat' dir='ltr'><strong>Abraliainum</strong></span> <span class='ocrx_word' id='word_1_239' title='bbox 1371 2614 1807 2673; x_wconf 85' lang='lat' dir='ltr'><strong>eircumeisionis</strong></span> <span class='ocrx_word' id='word_1_240' title='bbox 1854 2617 1960 2690; x_wconf 85' lang='lat' dir='ltr'><strong>legi</strong></span> 
     </span>
    </p>
   </div>
   <div class='ocr_carea' id='block_1_33' title="bbox 364 2698 1952 2781">
    <p class='ocr_par' dir='ltr' id='par_1_33' title="bbox 364 2698 1952 2781">
     <span class='ocr_line' id='line_1_34' title="bbox 364 2698 1952 2781; baseline 0.008 -28"><span class='ocrx_word' id='word_1_241' title='bbox 364 2698 623 2765; x_wconf 85' lang='lat' dir='ltr'><strong>initiavit,</strong></span> <span class='ocrx_word' id='word_1_242' title='bbox 669 2700 949 2771; x_wconf 82' lang='lat' dir='ltr'><strong>liliumque</strong></span> <span class='ocrx_word' id='word_1_243' title='bbox 978 2704 1028 2758; x_wconf 89' lang='lat' dir='ltr'><strong>ei</strong></span> <span class='ocrx_word' id='word_1_244' title='bbox 1063 2718 1129 2759; x_wconf 81' lang='lat' dir='ltr'><strong>ex</strong></span> <span class='ocrx_word' id='word_1_245' title='bbox 1159 2705 1324 2761; x_wconf 80' lang='lat' dir='ltr'><strong>Sarra</strong></span> <span class='ocrx_word' id='word_1_246' title='bbox 1357 2707 1527 2762; x_wconf 87' lang='lat' dir='ltr'><strong>libera</strong></span> <span class='ocrx_word' id='word_1_247' title='bbox 1544 2709 1791 2766; x_wconf 87' lang='lat' dir='ltr'><strong>lsaaeum</strong></span> <span class='ocrx_word' id='word_1_248' title='bbox 1824 2728 1952 2781; x_wconf 88' lang='lat' dir='ltr'><strong>pro-</strong></span> 
     </span>
    </p>
   </div>
   <div class='ocr_carea' id='block_1_34' title="bbox 363 2792 1941 2876">
    <p class='ocr_par' dir='ltr' id='par_1_34' title="bbox 363 2792 1941 2876">
     <span class='ocr_line' id='line_1_35' title="bbox 363 2792 1941 2876; baseline 0.011 -31"><span class='ocrx_word' id='word_1_249' title='bbox 363 2792 534 2858; x_wconf 88' lang='lat' dir='ltr'><strong>misit,</strong></span> <span class='ocrx_word' id='word_1_250' title='bbox 564 2793 892 2849; x_wconf 85' lang='lat' dir='ltr'><strong>miraculum</strong></span> <span class='ocrx_word' id='word_1_251' title='bbox 914 2796 1228 2853; x_wconf 84' lang='lat' dir='ltr'><strong>Abrahamo</strong></span> <span class='ocrx_word' id='word_1_252' title='bbox 1258 2800 1308 2854; x_wconf 88' lang='lat' dir='ltr'><strong>id</strong></span> <span class='ocrx_word' id='word_1_253' title='bbox 1339 2802 1514 2857; x_wconf 91' lang='lat' dir='ltr'><strong>visum</strong></span> <span class='ocrx_word' id='word_1_254' title='bbox 1534 2813 1619 2859; x_wconf 88' lang='lat' dir='ltr'><strong>est</strong></span> <span class='ocrx_word' id='word_1_255' title='bbox 1642 2816 1695 2859; x_wconf 89' lang='lat' dir='ltr'><strong>et</strong></span> <span class='ocrx_word' id='word_1_256' title='bbox 1716 2815 1941 2876; x_wconf 86' lang='lat' dir='ltr'><strong>stupore</strong></span> 
     </span>
    </p>
   </div>
   <div class='ocr_carea' id='block_1_35' title="bbox 361 2885 1950 2959">
    <p class='ocr_par' dir='ltr' id='par_1_35' title="bbox 361 2885 1950 2959">
     <span class='ocr_line' id='line_1_36' title="bbox 361 2885 1950 2959; baseline 0.011 -21"><span class='ocrx_word' id='word_1_257' title='bbox 361 2885 607 2955; x_wconf 82' lang='lat' dir='ltr'><strong>plenum,</strong></span> <span class='ocrx_word' id='word_1_258' title='bbox 639 2888 787 2958; x_wconf 84' lang='lat' dir='ltr'><strong>quod</strong></span> <span class='ocrx_word' id='word_1_259' title='bbox 834 2904 982 2945; x_wconf 89' lang='lat' dir='ltr'><strong>anno</strong></span> <span class='ocrx_word' id='word_1_260' title='bbox 1028 2906 1131 2946; x_wconf 90' lang='lat' dir='ltr'><strong>suo</strong></span> <span class='ocrx_word' id='word_1_261' title='bbox 1156 2895 1478 2959; x_wconf 84' lang='lat' dir='ltr'><strong>centesimo,</strong></span> <span class='ocrx_word' id='word_1_262' title='bbox 1539 2896 1718 2953; x_wconf 67' lang='lat' dir='ltr'><strong>Sarrae</strong></span> <span class='ocrx_word' id='word_1_263' title='bbox 1768 2908 1950 2955; x_wconf 89' lang='lat' dir='ltr'><strong>autem</strong></span> 
     </span>
    </p>
   </div>
   <div class='ocr_carea' id='block_1_36' title="bbox 371 2980 1957 3065">
    <p class='ocr_par' dir='ltr' id='par_1_36' title="bbox 371 2980 1957 3065">
     <span class='ocr_line' id='line_1_37' title="bbox 371 2980 1957 3065; baseline 0.012 -34"><span class='ocrx_word' id='word_1_264' title='bbox 371 2980 752 3049; x_wconf 83' lang='lat' dir='ltr'><strong>nonagesimo,</strong></span> <span class='ocrx_word' id='word_1_265' title='bbox 814 2980 983 3039; x_wconf 81' lang='lat' dir='ltr'><strong>lilium</strong></span> <span class='ocrx_word' id='word_1_266' title='bbox 1028 2986 1375 3057; x_wconf 81' lang='lat' dir='ltr'><strong>susciperet:</strong></span> <span class='ocrx_word' id='word_1_267' title='bbox 1418 2990 1603 3061; x_wconf 86' lang='lat' dir='ltr'><strong>itaque</strong></span> <span class='ocrx_word' id='word_1_268' title='bbox 1636 2992 1801 3048; x_wconf 88' lang='lat' dir='ltr'><strong>etiam</strong></span> <span class='ocrx_word' id='word_1_269' title='bbox 1844 3010 1957 3065; x_wconf 76' lang='lat' dir='ltr'><strong>pra:</strong></span> 
     </span>
    </p>
   </div>
   <div class='ocr_carea' id='block_1_37' title="bbox 365 3071 1954 3153">
    <p class='ocr_par' dir='ltr' id='par_1_37' title="bbox 365 3071 1954 3153">
     <span class='ocr_line' id='line_1_38' title="bbox 365 3071 1954 3153; baseline 0.011 -28"><span class='ocrx_word' id='word_1_270' title='bbox 365 3071 646 3128; x_wconf 85' lang='lat' dir='ltr'><strong>hilaritate</strong></span> <span class='ocrx_word' id='word_1_271' title='bbox 680 3073 823 3128; x_wconf 86' lang='lat' dir='ltr'><strong>risit.</strong></span> <span class='ocrx_word' id='word_1_272' title='bbox 855 3075 997 3131; x_wconf 90' lang='lat' dir='ltr'><strong>Ante</strong></span> <span class='ocrx_word' id='word_1_273' title='bbox 1033 3086 1215 3133; x_wconf 87' lang='lat' dir='ltr'><strong>tamen</strong></span> <span class='ocrx_word' id='word_1_274' title='bbox 1279 3081 1429 3135; x_wconf 88' lang='lat' dir='ltr'><strong>illum</strong></span> <span class='ocrx_word' id='word_1_275' title='bbox 1490 3084 1954 3153; x_wconf 84' lang='lat' dir='ltr'><strong>promissionibus</strong></span> 
     </span>
    </p>
   </div>
   <div class='ocr_carea' id='block_1_38' title="bbox 2074 1168 3650 1247">
    <p class='ocr_par' dir='ltr' id='par_1_38' title="bbox 2074 1168 3650 1247">
     <span class='ocr_line' id='line_1_39' title="bbox 2074 1168 3650 1247; baseline 0.004 -27"><span class='ocrx_word' id='word_1_276' title='bbox 2074 1168 2169 1221; x_wconf 85' lang='grc' dir='ltr'><strong>τοῦ</strong></span> <span class='ocrx_word' id='word_1_277' title='bbox 2203 1172 2486 1241; x_wconf 79' lang='grc' dir='ltr'>προφήτου</span> <span class='ocrx_word' id='word_1_278' title='bbox 2536 1171 2990 1243; x_wconf 83' lang='grc' dir='ltr'>προλελεγμένον,</span> <span class='ocrx_word' id='word_1_279' title='bbox 3024 1173 3403 1247; x_wconf 81' lang='grc' dir='ltr'>πληρούμενον</span> <span class='ocrx_word' id='word_1_280' title='bbox 3428 1174 3650 1243; x_wconf 68' lang='grc' dir='ltr'>ὄψεται·</span> 
     </span>
    </p>
   </div>
   <div class='ocr_carea' id='block_1_39' title="bbox 2075 1259 3653 1337">
    <p class='ocr_par' dir='ltr' id='par_1_39' title="bbox 2075 1259 3653 1337">
     <span class='ocr_line' id='line_1_40' title="bbox 2075 1259 3653 1337; baseline 0.003 -26"><span class='ocrx_word' id='word_1_281' title='bbox 2075 1259 2195 1313; x_wconf 89' lang='grc' dir='ltr'><strong>Ὅτι</strong></span> <span class='ocrx_word' id='word_1_282' title='bbox 2219 1260 2315 1314; x_wconf 76' lang='grc' dir='ltr'><strong>καί</strong></span> <span class='ocrx_word' id='word_1_283' title='bbox 2348 1261 2501 1329; x_wconf 75' lang='grc' dir='ltr'>κριοὶ</span> <span class='ocrx_word' id='word_1_284' title='bbox 2527 1264 2766 1318; x_wconf 81' lang='grc' dir='ltr'>Ναϐεὼθ</span> <span class='ocrx_word' id='word_1_285' title='bbox 2793 1264 3021 1333; x_wconf 82' lang='grc' dir='ltr'>ἥξουσί</span> <span class='ocrx_word' id='word_1_286' title='bbox 3053 1281 3154 1321; x_wconf 86' lang='grc' dir='ltr'><strong>σοι</strong></span> <span class='ocrx_word' id='word_1_287' title='bbox 3180 1282 3195 1297; x_wconf 72' lang='grc' dir='ltr'><strong>ο</strong></span> <span class='ocrx_word' id='word_1_288' title='bbox 3226 1266 3301 1329; x_wconf 79' lang='grc' dir='ltr'><strong>ὡς</strong></span> <span class='ocrx_word' id='word_1_289' title='bbox 3340 1264 3434 1319; x_wconf 92' lang='grc' dir='ltr'><strong>νῦν</strong></span> <span class='ocrx_word' id='word_1_290' title='bbox 3455 1266 3653 1337; x_wconf 70' lang='grc' dir='ltr'>δηλαξὴ</span> 
     </span>
    </p>
   </div>
   <div class='ocr_carea' id='block_1_40' title="bbox 2070 1347 3653 1430">
    <p class='ocr_par' dir='ltr' id='par_1_40' title="bbox 2070 1347 3653 1430">
     <span class='ocr_line' id='line_1_41' title="bbox 2070 1347 3653 1430; baseline 0.006 -30"><span class='ocrx_word' id='word_1_291' title='bbox 2070 1347 2171 1401; x_wconf 75' lang='grc' dir='ltr'>οὐκ</span> <span class='ocrx_word' id='word_1_292' title='bbox 2195 1350 2540 1421; x_wconf 76' lang='grc' dir='ltr'>ἀνεχομένων</span> <span class='ocrx_word' id='word_1_293' title='bbox 2568 1353 2720 1424; x_wconf 84' lang='grc' dir='ltr'><strong>αὐτῷ</strong></span> <span class='ocrx_word' id='word_1_294' title='bbox 2756 1354 2972 1420; x_wconf 78' lang='grc' dir='ltr'>ὑπεῖξαι</span> <span class='ocrx_word' id='word_1_295' title='bbox 3002 1371 3018 1387; x_wconf 72' lang='grc'><strong><em>⁸</em></strong></span> <span class='ocrx_word' id='word_1_296' title='bbox 3060 1356 3115 1409; x_wconf 76' lang='grc' dir='ltr'>εἴ</span> <span class='ocrx_word' id='word_1_297' title='bbox 3134 1373 3194 1425; x_wconf 81' lang='grc' dir='ltr'>γε</span> <span class='ocrx_word' id='word_1_298' title='bbox 3224 1356 3455 1430; x_wconf 72' lang='grc' dir='ltr'>Ναϐεὼθ</span> <span class='ocrx_word' id='word_1_299' title='bbox 3501 1374 3653 1425; x_wconf 79' lang='grc' dir='ltr'>πρω-</span> 
     </span>
    </p>
   </div>
   <div class='ocr_carea' id='block_1_41' title="bbox 2069 1440 3653 1520">
    <p class='ocr_par' dir='ltr' id='par_1_41' title="bbox 2069 1440 3653 1520">
     <span class='ocr_line' id='line_1_42' title="bbox 2069 1440 3653 1520; baseline 0.004 -26"><span class='ocrx_word' id='word_1_300' title='bbox 2069 1440 2317 1508; x_wconf 79' lang='grc' dir='ltr'>τότοκος</span> <span class='ocrx_word' id='word_1_301' title='bbox 2358 1443 2609 1514; x_wconf 73' lang='grc' dir='ltr'>Ἰσραὴλ</span> <span class='ocrx_word' id='word_1_302' title='bbox 2658 1446 3059 1518; x_wconf 80' lang='grc' dir='ltr'>ἑρμηνεύεται.</span> <span class='ocrx_word' id='word_1_303' title='bbox 3100 1448 3164 1503; x_wconf 86' lang='grc' dir='ltr'>Εί</span> <span class='ocrx_word' id='word_1_304' title='bbox 3198 1449 3297 1519; x_wconf 82' lang='grc' dir='ltr'><strong>μὲν</strong></span> <span class='ocrx_word' id='word_1_305' title='bbox 3328 1449 3438 1520; x_wconf 75' lang='grc' dir='ltr'><strong>γὰρ</strong></span> <span class='ocrx_word' id='word_1_306' title='bbox 3486 1450 3653 1518; x_wconf 73' lang='grc' dir='ltr'>μηδὲν</span> 
     </span>
    </p>
   </div>
   <div class='ocr_carea' id='block_1_42' title="bbox 2069 1530 3651 1612">
    <p class='ocr_par' dir='ltr' id='par_1_42' title="bbox 2069 1530 3651 1612">
     <span class='ocr_line' id='line_1_43' title="bbox 2069 1530 3651 1612; baseline 0.005 -25"><span class='ocrx_word' id='word_1_307' title='bbox 2069 1531 2291 1587; x_wconf 84' lang='grc' dir='ltr'>πώποτε</span> <span class='ocrx_word' id='word_1_308' title='bbox 2319 1530 2482 1607; x_wconf 82' lang='grc' dir='ltr'>ἦλθεν</span> <span class='ocrx_word' id='word_1_309' title='bbox 2509 1538 2590 1600; x_wconf 87' lang='grc' dir='ltr'><strong>είς</strong></span> <span class='ocrx_word' id='word_1_310' title='bbox 2626 1540 2800 1609; x_wconf 81' lang='grc' dir='ltr'>πέρας</span> <span class='ocrx_word' id='word_1_311' title='bbox 2826 1539 2934 1594; x_wconf 83' lang='grc' dir='ltr'><strong>τῶν</strong></span> <span class='ocrx_word' id='word_1_312' title='bbox 2970 1541 3195 1595; x_wconf 77' lang='grc' dir='ltr'>Ἡσαῖου</span> <span class='ocrx_word' id='word_1_313' title='bbox 3223 1541 3508 1612; x_wconf 76' lang='grc' dir='ltr'><strong>ῥημάτων,</strong></span> <span class='ocrx_word' id='word_1_314' title='bbox 3535 1542 3651 1595; x_wconf 78' lang='grc' dir='ltr'>οὐδὲ</span> 
     </span>
    </p>
   </div>
   <div class='ocr_carea' id='block_1_43' title="bbox 2071 1624 3650 1699">
    <p class='ocr_par' dir='ltr' id='par_1_43' title="bbox 2071 1624 3650 1699">
     <span class='ocr_line' id='line_1_44' title="bbox 2071 1624 3650 1699; baseline 0.006 -22"><span class='ocrx_word' id='word_1_315' title='bbox 2071 1624 2225 1680; x_wconf 85' lang='grc' dir='ltr'>τοῦτο</span> <span class='ocrx_word' id='word_1_316' title='bbox 2242 1627 2523 1683; x_wconf 79' lang='grc' dir='ltr'><strong>ἐλεύσεται</strong></span> <span class='ocrx_word' id='word_1_317' title='bbox 2543 1648 2557 1661; x_wconf 89' lang='grc'><strong>·</strong></span> <span class='ocrx_word' id='word_1_318' title='bbox 2593 1632 2641 1683; x_wconf 84' lang='grc' dir='ltr'><strong>εί</strong></span> <span class='ocrx_word' id='word_1_319' title='bbox 2668 1631 2725 1685; x_wconf 81' lang='grc' dir='ltr'>δὲ</span> <span class='ocrx_word' id='word_1_320' title='bbox 2751 1632 2819 1686; x_wconf 83' lang='grc' dir='ltr'>τὰ</span> <span class='ocrx_word' id='word_1_321' title='bbox 2847 1631 3031 1699; x_wconf 81' lang='grc' dir='ltr'>λοιπὰ,</span> <span class='ocrx_word' id='word_1_322' title='bbox 3056 1634 3150 1687; x_wconf 76' lang='grc' dir='ltr'><strong>καὶ</strong></span> <span class='ocrx_word' id='word_1_323' title='bbox 3176 1632 3337 1686; x_wconf 86' lang='grc' dir='ltr'>τοῦτο</span> <span class='ocrx_word' id='word_1_324' title='bbox 3359 1650 3373 1664; x_wconf 87' lang='grc'><strong>·</strong></span> <span class='ocrx_word' id='word_1_325' title='bbox 3411 1633 3507 1687; x_wconf 78' lang='grc' dir='ltr'>καὶ</span> <span class='ocrx_word' id='word_1_326' title='bbox 3530 1634 3650 1686; x_wconf 80' lang='grc' dir='ltr'>τότε</span> 
     </span>
    </p>
   </div>
   <div class='ocr_carea' id='block_1_44' title="bbox 2068 1719 3650 1797">
    <p class='ocr_par' dir='ltr' id='par_1_44' title="bbox 2068 1719 3650 1797">
     <span class='ocr_line' id='line_1_45' title="bbox 2068 1719 3650 1797; baseline 0.005 -25"><span class='ocrx_word' id='word_1_327' title='bbox 2068 1719 2128 1773; x_wconf 81' lang='grc' dir='ltr'>τὸ</span> <span class='ocrx_word' id='word_1_328' title='bbox 2157 1724 2281 1778; x_wconf 86' lang='grc' dir='ltr'>καθ’</span> <span class='ocrx_word' id='word_1_329' title='bbox 2306 1724 2463 1794; x_wconf 80' lang='grc' dir='ltr'>ἡμῶν</span> <span class='ocrx_word' id='word_1_330' title='bbox 2491 1722 2640 1795; x_wconf 83' lang='grc' dir='ltr'><strong>αὐτῷ</strong></span> <span class='ocrx_word' id='word_1_331' title='bbox 2672 1724 3125 1797; x_wconf 79' lang='grc' dir='ltr'>δυσφημούμενον</span> <span class='ocrx_word' id='word_1_332' title='bbox 3179 1726 3530 1797; x_wconf 84' lang='grc' dir='ltr'><strong>παραλόγως,</strong></span> <span class='ocrx_word' id='word_1_333' title='bbox 3562 1728 3650 1780; x_wconf 79' lang='grc' dir='ltr'><strong>εὐ-</strong></span> 
     </span>
    </p>
   </div>
   <div class='ocr_carea' id='block_1_45' title="bbox 2067 1816 3651 1891">
    <p class='ocr_par' dir='ltr' id='par_1_45' title="bbox 2067 1816 3651 1891">
     <span class='ocr_line' id='line_1_46' title="bbox 2067 1816 3651 1891; baseline -0.001 -19"><span class='ocrx_word' id='word_1_334' title='bbox 2067 1819 2241 1889; x_wconf 81' lang='grc' dir='ltr'><strong>λόγως</strong></span> <span class='ocrx_word' id='word_1_335' title='bbox 2266 1821 2389 1874; x_wconf 85' lang='grc' dir='ltr'>κατ’</span> <span class='ocrx_word' id='word_1_336' title='bbox 2414 1816 2580 1872; x_wconf 83' lang='grc' dir='ltr'>αὐτοῦ</span> <span class='ocrx_word' id='word_1_337' title='bbox 2610 1817 2996 1885; x_wconf 78' lang='grc' dir='ltr'>ἐπακούσεται,</span> <span class='ocrx_word' id='word_1_338' title='bbox 3030 1819 3111 1874; x_wconf 82' lang='grc' dir='ltr'><strong>ὅτι</strong></span> <span class='ocrx_word' id='word_1_339' title='bbox 3144 1818 3243 1891; x_wconf 86' lang='grc' dir='ltr'>οὐχ</span> <span class='ocrx_word' id='word_1_340' title='bbox 3266 1819 3450 1890; x_wconf 79' lang='grc' dir='ltr'>ὁδηγεῖ</span> <span class='ocrx_word' id='word_1_341' title='bbox 3479 1819 3651 1882; x_wconf 82' lang='grc' dir='ltr'>ὀΘεὺς</span> 
     </span>
    </p>
   </div>
   <div class='ocr_carea' id='block_1_46' title="bbox 2066 1910 2845 1983">
    <p class='ocr_par' dir='ltr' id='par_1_46' title="bbox 2066 1910 2845 1983">
     <span class='ocr_line' id='line_1_47' title="bbox 2066 1910 2845 1983; baseline 0.001 -14"><span class='ocrx_word' id='word_1_342' title='bbox 2066 1914 2158 1969; x_wconf 78' lang='grc' dir='ltr'>τὸν</span> <span class='ocrx_word' id='word_1_343' title='bbox 2185 1911 2316 1967; x_wconf 78' lang='grc' dir='ltr'>λαὸν</span> <span class='ocrx_word' id='word_1_344' title='bbox 2350 1912 2441 1967; x_wconf 80' lang='grc' dir='ltr'>τὸν</span> <span class='ocrx_word' id='word_1_345' title='bbox 2466 1910 2845 1983; x_wconf 83' lang='grc' dir='ltr'><strong>πλανώμενον.</strong></span> 
     </span>
    </p>
   </div>
   <div class='ocr_carea' id='block_1_47' title="bbox 2065 2189 3652 2259">
    <p class='ocr_par' dir='ltr' id='par_1_47' title="bbox 2065 2189 3652 2259">
     <span class='ocr_line' id='line_1_48' title="bbox 2065 2189 3652 2259; baseline -0.001 -14"><span class='ocrx_word' id='word_1_346' title='bbox 2065 2190 2194 2246; x_wconf 84' lang='lat' dir='ltr'><strong>KE&#39;.</strong></span> <span class='ocrx_word' id='word_1_347' title='bbox 2233 2189 2569 2257; x_wconf 79' lang='grc' dir='ltr'><strong>Ἀπόδειξις</strong></span> <span class='ocrx_word' id='word_1_348' title='bbox 2599 2191 2689 2243; x_wconf 81' lang='grc' dir='ltr'>ὅτι</span> <span class='ocrx_word' id='word_1_349' title='bbox 2736 2189 3306 2259; x_wconf 64' lang='grc' dir='ltr'>ἀπηλλοτριωμένοι·</span> <span class='ocrx_word' id='word_1_350' title='bbox 3342 2189 3439 2243; x_wconf 76' lang='grc' dir='ltr'><strong>καὶ</strong></span> <span class='ocrx_word' id='word_1_351' title='bbox 3471 2189 3652 2256; x_wconf 78' lang='grc' dir='ltr'>ξένος</span> 
     </span>
    </p>
   </div>
   <div class='ocr_carea' id='block_1_48' title="bbox 2135 2260 3650 2331">
    <p class='ocr_par' dir='ltr' id='par_1_48' title="bbox 2135 2260 3650 2331">
     <span class='ocr_line' id='line_1_49' title="bbox 2135 2260 3650 2331; baseline -0.005 -16"><span class='ocrx_word' id='word_1_352' title='bbox 2135 2261 2242 2331; x_wconf 84' lang='grc' dir='ltr'>τῆς</span> <span class='ocrx_word' id='word_1_353' title='bbox 2302 2262 2409 2316; x_wconf 84' lang='grc' dir='ltr'><strong>τοῦ</strong></span> <span class='ocrx_word' id='word_1_354' title='bbox 2454 2261 2601 2316; x_wconf 83' lang='grc' dir='ltr'><strong>Θεοῦ</strong></span> <span class='ocrx_word' id='word_1_355' title='bbox 2645 2260 2938 2329; x_wconf 80' lang='grc' dir='ltr'><strong>διαθήκης</strong></span> <span class='ocrx_word' id='word_1_356' title='bbox 2966 2264 2998 2314; x_wconf 89' lang='grc' dir='ltr'><em>ὀ</em></span> <span class='ocrx_word' id='word_1_357' title='bbox 3054 2261 3442 2330; x_wconf 74' lang='grc' dir='ltr'>Ἰσμαηλίτης</span> <span class='ocrx_word' id='word_1_358' title='bbox 3474 2262 3650 2326; x_wconf 74' lang='grc' dir='ltr'>λαὸς,</span> 
     </span>
    </p>
   </div>
   <div class='ocr_carea' id='block_1_49' title="bbox 2134 2331 3647 2402">
    <p class='ocr_par' dir='ltr' id='par_1_49' title="bbox 2134 2331 3647 2402">
     <span class='ocr_line' id='line_1_50' title="bbox 2134 2331 3647 2402; baseline -0.003 -15"><span class='ocrx_word' id='word_1_359' title='bbox 2134 2332 2287 2387; x_wconf 84' lang='grc' dir='ltr'>κατὰ</span> <span class='ocrx_word' id='word_1_360' title='bbox 2313 2332 2429 2402; x_wconf 74' lang='grc' dir='ltr'><strong>τὴν</strong></span> <span class='ocrx_word' id='word_1_361' title='bbox 2462 2332 2649 2386; x_wconf 81' lang='grc' dir='ltr'>αὑτοῦ</span> <span class='ocrx_word' id='word_1_362' title='bbox 2685 2332 2792 2386; x_wconf 84' lang='grc' dir='ltr'><strong>τοῦ</strong></span> <span class='ocrx_word' id='word_1_363' title='bbox 2828 2332 2979 2402; x_wconf 85' lang='grc' dir='ltr'><strong>Θεοῦ</strong></span> <span class='ocrx_word' id='word_1_364' title='bbox 3000 2333 3336 2402; x_wconf 78' lang='grc' dir='ltr'><strong>μαρτυρίαν</strong></span> <span class='ocrx_word' id='word_1_365' title='bbox 3359 2347 3371 2359; x_wconf 89' lang='grc'><strong>·</strong></span> <span class='ocrx_word' id='word_1_366' title='bbox 3420 2334 3514 2385; x_wconf 76' lang='grc' dir='ltr'><strong>καὶ</strong></span> <span class='ocrx_word' id='word_1_367' title='bbox 3556 2331 3647 2384; x_wconf 80' lang='grc' dir='ltr'><strong>ὅτι</strong></span> 
     </span>
    </p>
   </div>
   <div class='ocr_carea' id='block_1_50' title="bbox 2135 2401 3646 2474">
    <p class='ocr_par' dir='ltr' id='par_1_50' title="bbox 2135 2401 3646 2474">
     <span class='ocr_line' id='line_1_51' title="bbox 2135 2401 3646 2474; baseline -0.023 -16"><span class='ocrx_word' id='word_1_368' title='bbox 2135 2403 2217 2471; x_wconf 77' lang='grc' dir='ltr'><strong>ἣν</strong></span> <span class='ocrx_word' id='word_1_369' title='bbox 2272 2401 2690 2474; x_wconf 71' lang='grc' dir='ltr'>λέγουσινρξ</span> <span class='ocrx_word' id='word_1_370' title='bbox 2738 2401 3010 2474; x_wconf 62' lang='grc' dir='ltr'>οὐρανρῦ</span> <span class='ocrx_word' id='word_1_371' title='bbox 3053 2402 3365 2474; x_wconf 52' lang='grc' dir='ltr'><strong>εἰληφέναι</strong></span> <span class='ocrx_word' id='word_1_372' title='bbox 3402 2403 3646 2474; x_wconf 30' lang='lat' dir='ltr'><strong>ﬁmum?</strong></span> 
     </span>
    </p>
   </div>
   <div class='ocr_carea' id='block_1_51' title="bbox 2132 2471 3648 2543">
    <p class='ocr_par' dir='ltr' id='par_1_51' title="bbox 2132 2471 3648 2543">
     <span class='ocr_line' id='line_1_52' title="bbox 2132 2471 3648 2543; baseline -0.002 -15"><span class='ocrx_word' id='word_1_373' title='bbox 2132 2474 2243 2529; x_wconf 84' lang='grc' dir='ltr'><strong>τοῦ</strong></span> <span class='ocrx_word' id='word_1_374' title='bbox 2271 2471 2755 2542; x_wconf 65' lang='grc' dir='ltr'><strong>στρατηγοῦντος</strong></span> <span class='ocrx_word' id='word_1_375' title='bbox 2794 2472 3001 2539; x_wconf 82' lang='grc' dir='ltr'>αὐτοῖς</span> <span class='ocrx_word' id='word_1_376' title='bbox 3041 2473 3173 2527; x_wconf 86' lang='grc' dir='ltr'>ἐστι</span> <span class='ocrx_word' id='word_1_377' title='bbox 3219 2472 3503 2543; x_wconf 78' lang='grc' dir='ltr'>δαίμονος</span> <span class='ocrx_word' id='word_1_378' title='bbox 3545 2471 3648 2526; x_wconf 76' lang='grc' dir='ltr'><strong>καί</strong></span> 
     </span>
    </p>
   </div>
   <div class='ocr_carea' id='block_1_52' title="bbox 2133 2546 2441 2599">
    <p class='ocr_par' dir='ltr' id='par_1_52' title="bbox 2133 2546 2441 2599">
     <span class='ocr_line' id='line_1_53' title="bbox 2133 2546 2441 2599; baseline -0.003 0"><span class='ocrx_word' id='word_1_379' title='bbox 2133 2546 2441 2599; x_wconf 75' lang='grc' dir='ltr'>διαϐόλου.</span> 
     </span>
    </p>
   </div>
   <div class='ocr_carea' id='block_1_53' title="bbox 2135 2633 3646 2706">
    <p class='ocr_par' dir='ltr' id='par_1_53' title="bbox 2135 2633 3646 2706">
     <span class='ocr_line' id='line_1_54' title="bbox 2135 2633 3646 2706; baseline -0.003 -17"><span class='ocrx_word' id='word_1_380' title='bbox 2135 2640 2243 2703; x_wconf 60' lang='grc' dir='ltr'>ιμ’.</span> <span class='ocrx_word' id='word_1_381' title='bbox 2303 2634 2410 2687; x_wconf 88' lang='grc' dir='ltr'>Τοῦ</span> <span class='ocrx_word' id='word_1_382' title='bbox 2446 2633 2582 2687; x_wconf 83' lang='grc' dir='ltr'><strong>Θεοῦ</strong></span> <span class='ocrx_word' id='word_1_383' title='bbox 2630 2633 2722 2687; x_wconf 70' lang='grc' dir='ltr'>τὸν</span> <span class='ocrx_word' id='word_1_384' title='bbox 2768 2633 2869 2703; x_wconf 83' lang='grc' dir='ltr'>τῆς</span> <span class='ocrx_word' id='word_1_385' title='bbox 2906 2635 3212 2706; x_wconf 83' lang='grc' dir='ltr'>περιτομῆς</span> <span class='ocrx_word' id='word_1_386' title='bbox 3259 2633 3352 2688; x_wconf 80' lang='grc' dir='ltr'><strong>τὸν</strong></span> <span class='ocrx_word' id='word_1_387' title='bbox 3392 2633 3646 2704; x_wconf 76' lang='grc' dir='ltr'>Ἀϐραὰμ</span> 
     </span>
    </p>
   </div>
   <div class='ocr_carea' id='block_1_54' title="bbox 2067 2725 3646 2798">
    <p class='ocr_par' dir='ltr' id='par_1_54' title="bbox 2067 2725 3646 2798">
     <span class='ocr_line' id='line_1_55' title="bbox 2067 2725 3646 2798; baseline -0.001 -19"><span class='ocrx_word' id='word_1_388' title='bbox 2067 2727 2334 2798; x_wconf 85' lang='grc' dir='ltr'>μυοῦντος</span> <span class='ocrx_word' id='word_1_389' title='bbox 2370 2727 2557 2796; x_wconf 85' lang='grc' dir='ltr'>νόμον,</span> <span class='ocrx_word' id='word_1_390' title='bbox 2593 2726 2690 2779; x_wconf 75' lang='grc' dir='ltr'>καὶ</span> <span class='ocrx_word' id='word_1_391' title='bbox 2737 2726 2905 2780; x_wconf 83' lang='grc' dir='ltr'>παῖδα</span> <span class='ocrx_word' id='word_1_392' title='bbox 2948 2725 3101 2795; x_wconf 82' lang='grc' dir='ltr'>αὐτῷ</span> <span class='ocrx_word' id='word_1_393' title='bbox 3128 2727 3193 2779; x_wconf 81' lang='grc' dir='ltr'>ὲκ</span> <span class='ocrx_word' id='word_1_394' title='bbox 3216 2725 3317 2795; x_wconf 78' lang='grc' dir='ltr'>τῆς</span> <span class='ocrx_word' id='word_1_395' title='bbox 3351 2725 3646 2794; x_wconf 79' lang='grc' dir='ltr'><strong>ἐλευθέρας</strong></span> 
     </span>
    </p>
   </div>
   <div class='ocr_carea' id='block_1_55' title="bbox 2060 2815 3645 2889">
    <p class='ocr_par' dir='ltr' id='par_1_55' title="bbox 2060 2815 3645 2889">
     <span class='ocr_line' id='line_1_56' title="bbox 2060 2815 3645 2889; baseline -0.003 -17"><span class='ocrx_word' id='word_1_396' title='bbox 2060 2818 2278 2889; x_wconf 69' lang='grc' dir='ltr'>Σάρρας</span> <span class='ocrx_word' id='word_1_397' title='bbox 2297 2816 2386 2869; x_wconf 72' lang='grc' dir='ltr'>τὸν</span> <span class='ocrx_word' id='word_1_398' title='bbox 2423 2815 2609 2869; x_wconf 79' lang='grc' dir='ltr'>Ἰσαὰκ</span> <span class='ocrx_word' id='word_1_399' title='bbox 2638 2815 3065 2886; x_wconf 72' lang='grc' dir='ltr'>ὑπισχνουμένου</span> <span class='ocrx_word' id='word_1_400' title='bbox 3094 2856 3108 2879; x_wconf 90' lang='grc'><strong>,</strong></span> <span class='ocrx_word' id='word_1_401' title='bbox 3158 2818 3237 2880; x_wconf 84' lang='grc' dir='ltr'><strong>είς</strong></span> <span class='ocrx_word' id='word_1_402' title='bbox 3272 2815 3373 2869; x_wconf 84' lang='grc' dir='ltr'>θαύ</span> <span class='ocrx_word' id='word_1_403' title='bbox 3387 2816 3555 2887; x_wconf 76' lang='grc' dir='ltr'>ματος</span> <span class='ocrx_word' id='word_1_404' title='bbox 3583 2832 3645 2868; x_wconf 90' lang='grc' dir='ltr'><strong>τε</strong></span> 
     </span>
    </p>
   </div>
   <div class='ocr_carea' id='block_1_56' title="bbox 2062 2907 3646 2981">
    <p class='ocr_par' dir='ltr' id='par_1_56' title="bbox 2062 2907 3646 2981">
     <span class='ocr_line' id='line_1_57' title="bbox 2062 2907 3646 2981; baseline -0.001 -17"><span class='ocrx_word' id='word_1_405' title='bbox 2062 2910 2156 2964; x_wconf 74' lang='grc' dir='ltr'>καὶ</span> <span class='ocrx_word' id='word_1_406' title='bbox 2180 2908 2495 2980; x_wconf 78' lang='grc' dir='ltr'>ἐκπλήξεως</span> <span class='ocrx_word' id='word_1_407' title='bbox 2527 2907 2683 2977; x_wconf 87' lang='grc' dir='ltr'>λόγον</span> <span class='ocrx_word' id='word_1_408' title='bbox 2717 2907 2863 2975; x_wconf 77' lang='grc' dir='ltr'>ἔδοξε</span> <span class='ocrx_word' id='word_1_409' title='bbox 2892 2908 2971 2980; x_wconf 81' lang='grc' dir='ltr'>τῷ</span> <span class='ocrx_word' id='word_1_410' title='bbox 2995 2908 3245 2981; x_wconf 79' lang='grc' dir='ltr'>Ἀϐραὰμ</span> <span class='ocrx_word' id='word_1_411' title='bbox 3271 2910 3302 2977; x_wconf 86' lang='grc' dir='ltr'>ἡ</span> <span class='ocrx_word' id='word_1_412' title='bbox 3337 2910 3395 2961; x_wconf 77' lang='grc' dir='ltr'><strong>ὲν</strong></span> <span class='ocrx_word' id='word_1_413' title='bbox 3420 2911 3485 2979; x_wconf 79' lang='grc' dir='ltr'>τῇ</span> <span class='ocrx_word' id='word_1_414' title='bbox 3513 2909 3646 2962; x_wconf 78' lang='grc' dir='ltr'><strong>ἑκα-</strong></span> 
     </span>
    </p>
   </div>
   <div class='ocr_carea' id='block_1_57' title="bbox 2058 3001 3644 3075">
    <p class='ocr_par' dir='ltr' id='par_1_57' title="bbox 2058 3001 3644 3075">
     <span class='ocr_line' id='line_1_58' title="bbox 2058 3001 3644 3075; baseline -0.003 -18"><span class='ocrx_word' id='word_1_415' title='bbox 2058 3001 2345 3075; x_wconf 80' lang='grc' dir='ltr'>τονταετίᾳ</span> <span class='ocrx_word' id='word_1_416' title='bbox 2367 3002 2466 3073; x_wconf 82' lang='grc' dir='ltr'>τῆς</span> <span class='ocrx_word' id='word_1_417' title='bbox 2514 3002 2681 3056; x_wconf 83' lang='grc' dir='ltr'>αὐτοῦ</span> <span class='ocrx_word' id='word_1_418' title='bbox 2730 3001 2912 3071; x_wconf 77' lang='grc' dir='ltr'>ζωῆς,</span> <span class='ocrx_word' id='word_1_419' title='bbox 2963 3003 3057 3057; x_wconf 73' lang='grc' dir='ltr'><strong>καὶ</strong></span> <span class='ocrx_word' id='word_1_420' title='bbox 3088 3004 3154 3073; x_wconf 85' lang='grc' dir='ltr'>τῇ</span> <span class='ocrx_word' id='word_1_421' title='bbox 3187 3002 3644 3073; x_wconf 66' lang='grc' dir='ltr'>ὲνενηκονταετὶςι</span> 
     </span>
    </p>
   </div>
   <div class='ocr_carea' id='block_1_58' title="bbox 2058 3093 3645 3168">
    <p class='ocr_par' dir='ltr' id='par_1_58' title="bbox 2058 3093 3645 3168">
     <span class='ocr_line' id='line_1_59' title="bbox 2058 3093 3645 3168; baseline -0.003 -17"><span class='ocrx_word' id='word_1_422' title='bbox 2058 3097 2155 3167; x_wconf 79' lang='grc' dir='ltr'>τῆς</span> <span class='ocrx_word' id='word_1_423' title='bbox 2170 3098 2405 3168; x_wconf 76' lang='grc' dir='ltr'>Σάρρας,</span> <span class='ocrx_word' id='word_1_424' title='bbox 2434 3093 2766 3158; x_wconf 78' lang='grc' dir='ltr'>παιδοποιία,</span> <span class='ocrx_word' id='word_1_425' title='bbox 2790 3095 2868 3160; x_wconf 81' lang='grc' dir='ltr'>ὡς</span> <span class='ocrx_word' id='word_1_426' title='bbox 2892 3095 2989 3149; x_wconf 75' lang='grc' dir='ltr'><strong>καὶ</strong></span> <span class='ocrx_word' id='word_1_427' title='bbox 3016 3093 3245 3164; x_wconf 83' lang='grc' dir='ltr'><strong>γελάσαι</strong></span> <span class='ocrx_word' id='word_1_428' title='bbox 3273 3096 3435 3150; x_wconf 83' lang='grc' dir='ltr'>αὐτὸν</span> <span class='ocrx_word' id='word_1_429' title='bbox 3454 3096 3518 3147; x_wconf 79' lang='grc' dir='ltr'>ἐκ</span> <span class='ocrx_word' id='word_1_430' title='bbox 3541 3096 3645 3165; x_wconf 59' lang='grc' dir='ltr'>τῆς</span> 
     </span>
    </p>
   </div>
   <div class='ocr_carea' id='block_1_59' title="bbox 360 3163 1953 3275">
    <p class='ocr_par' dir='ltr' id='par_1_59' title="bbox 360 3163 1947 3243">
     <span class='ocr_line' id='line_1_60' title="bbox 360 3163 1947 3243; baseline 0.01 -26"><span class='ocrx_word' id='word_1_431' title='bbox 360 3165 675 3219; x_wconf 85' lang='lat' dir='ltr'><strong>nuntiatum</strong></span> <span class='ocrx_word' id='word_1_432' title='bbox 713 3163 983 3230; x_wconf 81' lang='lat' dir='ltr'><strong>isaacum,</strong></span> <span class='ocrx_word' id='word_1_433' title='bbox 1018 3184 1116 3238; x_wconf 89' lang='lat' dir='ltr'><strong>pro</strong></span> <span class='ocrx_word' id='word_1_434' title='bbox 1155 3172 1405 3238; x_wconf 84' lang='lat' dir='ltr'><strong>lsmacle,</strong></span> <span class='ocrx_word' id='word_1_435' title='bbox 1432 3174 1528 3243; x_wconf 83' lang='lat' dir='ltr'><strong>qui</strong></span> <span class='ocrx_word' id='word_1_436' title='bbox 1565 3176 1677 3243; x_wconf 88' lang='lat' dir='ltr'><strong>jam</strong></span> <span class='ocrx_word' id='word_1_437' title='bbox 1712 3186 1874 3231; x_wconf 90' lang='lat' dir='ltr'><strong>natus</strong></span> <span class='ocrx_word' id='word_1_438' title='bbox 1896 3177 1947 3233; x_wconf 90' lang='lat' dir='ltr'><strong>ei</strong></span> 
     </span>
    </p>
   </div>
   <div class='ocr_carea' id='block_1_60' title="bbox 2066 3163 3641 3275">
    <p class='ocr_par' dir='ltr' id='par_1_60' title="bbox 2066 3163 3641 3262">
     <span class='ocr_line' id='line_1_61' title="bbox 2066 3163 3641 3262; baseline -0.001 -19"><span class='ocrx_word' id='word_1_439' title='bbox 2066 3163 2459 3262; x_wconf 68' lang='grc' dir='ltr'>περιχαρείας*</span> <span class='ocrx_word' id='word_1_440' title='bbox 2502 3187 2608 3258; x_wconf 82' lang='grc' dir='ltr'>πρὸ</span> <span class='ocrx_word' id='word_1_441' title='bbox 2661 3187 2716 3240; x_wconf 76' lang='grc' dir='ltr'>δὲ</span> <span class='ocrx_word' id='word_1_442' title='bbox 2750 3186 2845 3241; x_wconf 89' lang='grc' dir='ltr'><strong>τοῦ</strong></span> <span class='ocrx_word' id='word_1_443' title='bbox 2884 3188 2943 3240; x_wconf 78' lang='grc' dir='ltr'><strong>ὲν</strong></span> <span class='ocrx_word' id='word_1_444' title='bbox 2982 3163 3341 3257; x_wconf 75' lang='grc' dir='ltr'>ἐπαγγελίαις</span> <span class='ocrx_word' id='word_1_445' title='bbox 3387 3163 3641 3259; x_wconf 84' lang='grc' dir='ltr'>κειμένου</span> 
     </span>
    </p>
   </div>
   <div class='ocr_carea' id='block_1_61' title="bbox 359 3261 1949 3336">
    <p class='ocr_par' dir='ltr' id='par_1_61' title="bbox 359 3261 1949 3336">
     <span class='ocr_line' id='line_1_62' title="bbox 359 3261 1949 3336; baseline 0.011 -25"><span class='ocrx_word' id='word_1_446' title='bbox 359 3268 497 3325; x_wconf 74' lang='lat' dir='ltr'><strong>erat,</strong></span> <span class='ocrx_word' id='word_1_447' title='bbox 556 3261 800 3317; x_wconf 86' lang='lat' dir='ltr'><strong>oravisse</strong></span> <span class='ocrx_word' id='word_1_448' title='bbox 837 3261 1212 3318; x_wconf 83' lang='lat' dir='ltr'><strong>Abrahamum</strong></span> <span class='ocrx_word' id='word_1_449' title='bbox 1248 3274 1413 3336; x_wconf 88' lang='lat' dir='ltr'><strong>atque</strong></span> <span class='ocrx_word' id='word_1_450' title='bbox 1476 3270 1548 3321; x_wconf 84' lang='lat' dir='ltr'><strong>ita</strong></span> <span class='ocrx_word' id='word_1_451' title='bbox 1582 3269 1790 3326; x_wconf 83' lang='lat' dir='ltr'><strong>dixisse</strong></span> <span class='ocrx_word' id='word_1_452' title='bbox 1839 3272 1949 3328; x_wconf 90' lang='lat' dir='ltr'><strong>sci-</strong></span> 
     </span>
    </p>
   </div>
   <div class='ocr_carea' id='block_1_62' title="bbox 360 3351 1947 3420">
    <p class='ocr_par' dir='ltr' id='par_1_62' title="bbox 360 3351 1947 3420">
     <span class='ocr_line' id='line_1_63' title="bbox 360 3351 1947 3420; baseline 0.009 -16"><span class='ocrx_word' id='word_1_453' title='bbox 360 3367 482 3407; x_wconf 83' lang='lat' dir='ltr'><strong>nius</strong></span> <span class='ocrx_word' id='word_1_454' title='bbox 516 3372 529 3407; x_wconf 88' lang='lat'>:</span> <span class='ocrx_word' id='word_1_455' title='bbox 562 3351 781 3408; x_wconf 78' lang='lat' dir='ltr'><strong>Utinam</strong></span> <span class='ocrx_word' id='word_1_456' title='bbox 810 3353 1008 3410; x_wconf 67' lang='lat' dir='ltr'><strong>Iamne!</strong></span> <span class='ocrx_word' id='word_1_457' title='bbox 1034 3356 1119 3410; x_wconf 86' lang='lat' dir='ltr'><strong>hic</strong></span> <span class='ocrx_word' id='word_1_458' title='bbox 1136 3359 1271 3411; x_wconf 86' lang='lat' dir='ltr'><strong>vivat</strong></span> <span class='ocrx_word' id='word_1_459' title='bbox 1301 3376 1482 3414; x_wconf 87' lang='lat' dir='ltr'><strong>coram</strong></span> <span class='ocrx_word' id='word_1_460' title='bbox 1510 3363 1596 3417; x_wconf 84' lang='lat' dir='ltr'><strong>te!</strong></span> <span class='ocrx_word' id='word_1_461' title='bbox 1640 3363 1728 3417; x_wconf 82' lang='lat' dir='ltr'><strong>Ait</strong></span> <span class='ocrx_word' id='word_1_462' title='bbox 1769 3375 1947 3420; x_wconf 84' lang='lat' dir='ltr'><strong>autem</strong></span> 
     </span>
    </p>
   </div>
   <div class='ocr_carea' id='block_1_63' title="bbox 358 3444 1948 3525">
    <p class='ocr_par' dir='ltr' id='par_1_63' title="bbox 358 3444 1948 3525">
     <span class='ocr_line' id='line_1_64' title="bbox 358 3444 1948 3525; baseline 0.01 -30"><span class='ocrx_word' id='word_1_463' title='bbox 358 3444 660 3505; x_wconf 64' lang='lat' dir='ltr'><strong>Aura/mmo</strong></span> <span class='ocrx_word' id='word_1_464' title='bbox 684 3446 822 3501; x_wconf 75' lang='lat' dir='ltr'><strong>Deus</strong></span> <span class='ocrx_word' id='word_1_465' title='bbox 854 3467 866 3501; x_wconf 88' lang='lat'><strong>:</strong></span> <span class='ocrx_word' id='word_1_466' title='bbox 897 3447 1105 3518; x_wconf 79' lang='lat' dir='ltr'><strong>Utique,</strong></span> <span class='ocrx_word' id='word_1_467' title='bbox 1131 3467 1190 3505; x_wconf 83' lang='lat' dir='ltr'><strong>eu</strong></span> <span class='ocrx_word' id='word_1_468' title='bbox 1214 3449 1380 3505; x_wconf 87' lang='lat' dir='ltr'><strong>Sarra</strong></span> <span class='ocrx_word' id='word_1_469' title='bbox 1403 3467 1643 3509; x_wconf 73' lang='lat' dir='ltr'><strong>uxorma</strong></span> <span class='ocrx_word' id='word_1_470' title='bbox 1662 3461 1831 3525; x_wconf 82' lang='lat' dir='ltr'><strong>pariet</strong></span> <span class='ocrx_word' id='word_1_471' title='bbox 1853 3459 1948 3511; x_wconf 83' lang='lat' dir='ltr'><strong>tibi</strong></span> 
     </span>
    </p>
   </div>
   <div class='ocr_carea' id='block_1_64' title="bbox 361 3537 1942 3612">
    <p class='ocr_par' dir='ltr' id='par_1_64' title="bbox 361 3537 1942 3612">
     <span class='ocr_line' id='line_1_65' title="bbox 361 3537 1942 3612; baseline 0.008 -23"><span class='ocrx_word' id='word_1_472' title='bbox 361 3537 558 3599; x_wconf 79' lang='lat' dir='ltr'><strong>ﬁlium,</strong></span> <span class='ocrx_word' id='word_1_473' title='bbox 592 3539 906 3610; x_wconf 76' lang='lat' dir='ltr'><strong>vocabisque</strong></span> <span class='ocrx_word' id='word_1_474' title='bbox 937 3558 1121 3595; x_wconf 73' lang='lat' dir='ltr'><strong>nomen</strong></span> <span class='ocrx_word' id='word_1_475' title='bbox 1151 3542 1265 3611; x_wconf 77' lang='lat' dir='ltr'><strong>ejus</strong></span> <span class='ocrx_word' id='word_1_476' title='bbox 1301 3542 1551 3598; x_wconf 80' lang='lat' dir='ltr'><strong>lsaacum</strong></span> <span class='ocrx_word' id='word_1_477' title='bbox 1577 3546 1645 3612; x_wconf 81' lang='grc' dir='ltr'><strong>³ο,</strong></span> <span class='ocrx_word' id='word_1_478' title='bbox 1674 3558 1942 3603; x_wconf 87' lang='lat' dir='ltr'><strong>statuam-</strong></span> 
     </span>
    </p>
   </div>
   <div class='ocr_carea' id='block_1_65' title="bbox 358 3630 1944 3706">
    <p class='ocr_par' dir='ltr' id='par_1_65' title="bbox 358 3630 1944 3706">
     <span class='ocr_line' id='line_1_66' title="bbox 358 3630 1944 3706; baseline 0.008 -22"><span class='ocrx_word' id='word_1_479' title='bbox 358 3645 466 3699; x_wconf 85' lang='lat' dir='ltr'><strong>que</strong></span> <span class='ocrx_word' id='word_1_480' title='bbox 500 3630 681 3687; x_wconf 71' lang='lat' dir='ltr'><strong>ftedus</strong></span> <span class='ocrx_word' id='word_1_481' title='bbox 706 3647 885 3687; x_wconf 84' lang='lat' dir='ltr'><strong>meum</strong></span> <span class='ocrx_word' id='word_1_482' title='bbox 923 3649 1047 3688; x_wconf 88' lang='lat' dir='ltr'><strong>eum</strong></span> <span class='ocrx_word' id='word_1_483' title='bbox 1082 3633 1465 3706; x_wconf 82' lang='lat' dir='ltr'><strong>lsaaeo.quein</strong></span> <span class='ocrx_word' id='word_1_484' title='bbox 1495 3639 1589 3693; x_wconf 89' lang='lat' dir='ltr'><strong>tibi</strong></span> <span class='ocrx_word' id='word_1_485' title='bbox 1612 3639 1774 3695; x_wconf 83' lang='lat' dir='ltr'><strong>Sarra</strong></span> <span class='ocrx_word' id='word_1_486' title='bbox 1801 3642 1944 3697; x_wconf 69' lang='lat' dir='ltr'><strong>circa</strong></span> 
     </span>
    </p>
   </div>
   <div class='ocr_carea' id='block_1_66' title="bbox 344 3725 1945 3803">
    <p class='ocr_par' dir='ltr' id='par_1_66' title="bbox 344 3725 1945 3803">
     <span class='ocr_line' id='line_1_67' title="bbox 344 3725 1945 3803; baseline 0.007 -25"><span class='ocrx_word' id='word_1_487' title='bbox 344 3725 468 3779; x_wconf 85' lang='lat' dir='ltr'><strong>hoc</strong></span> <span class='ocrx_word' id='word_1_488' title='bbox 490 3726 665 3794; x_wconf 84' lang='lat' dir='ltr'><strong>ipsum</strong></span> <span class='ocrx_word' id='word_1_489' title='bbox 700 3734 912 3796; x_wconf 86' lang='lat' dir='ltr'><strong>tempus</strong></span> <span class='ocrx_word' id='word_1_490' title='bbox 932 3727 1106 3796; x_wconf 86' lang='lat' dir='ltr'><strong>pariet</strong></span> <span class='ocrx_word' id='word_1_491' title='bbox 1131 3728 1304 3784; x_wconf 86' lang='lat' dir='ltr'><strong>altero</strong></span> <span class='ocrx_word' id='word_1_492' title='bbox 1332 3746 1497 3786; x_wconf 84' lang='lat' dir='ltr'><strong>anno.</strong></span> <span class='ocrx_word' id='word_1_493' title='bbox 1523 3731 1566 3786; x_wconf 92' lang='grc' dir='ltr'>Ο</span> <span class='ocrx_word' id='word_1_494' title='bbox 1593 3749 1755 3803; x_wconf 83' lang='lat' dir='ltr'><strong>quain</strong></span> <span class='ocrx_word' id='word_1_495' title='bbox 1780 3751 1945 3790; x_wconf 78' lang='lat' dir='ltr'><strong>acru-</strong></span> 
     </span>
    </p>
   </div>
   <div class='ocr_carea' id='block_1_67' title="bbox 360 3814 1944 3893">
    <p class='ocr_par' dir='ltr' id='par_1_67' title="bbox 360 3814 1944 3893">
     <span class='ocr_line' id='line_1_68' title="bbox 360 3814 1944 3893; baseline 0.006 -26"><span class='ocrx_word' id='word_1_496' title='bbox 360 3821 477 3869; x_wconf 84' lang='lat' dir='ltr'><strong>rate</strong></span> <span class='ocrx_word' id='word_1_497' title='bbox 499 3814 613 3869; x_wconf 58' lang='lat' dir='ltr'><strong>hac</strong></span> <span class='ocrx_word' id='word_1_498' title='bbox 640 3816 809 3870; x_wconf 65' lang='lat' dir='ltr'><strong>verba</strong></span> <span class='ocrx_word' id='word_1_499' title='bbox 834 3817 1231 3889; x_wconf 79' lang='lat' dir='ltr'><strong>vigilanterque</strong></span> <span class='ocrx_word' id='word_1_500' title='bbox 1256 3821 1464 3891; x_wconf 84' lang='lat' dir='ltr'><strong>prolata</strong></span> <span class='ocrx_word' id='word_1_501' title='bbox 1498 3822 1715 3878; x_wconf 82' lang='lat' dir='ltr'><strong>fuerunt</strong></span> <span class='ocrx_word' id='word_1_502' title='bbox 1744 3825 1755 3878; x_wconf 84' lang='lat' dir='ltr'><strong>l</strong></span> <span class='ocrx_word' id='word_1_503' title='bbox 1791 3842 1809 3876; x_wconf 76' lang='grc' dir='ltr'>ι</span> <span class='ocrx_word' id='word_1_504' title='bbox 1841 3826 1944 3893; x_wconf 90' lang='lat' dir='ltr'><strong>En,</strong></span> 
     </span>
    </p>
   </div>
   <div class='ocr_carea' id='block_1_68' title="bbox 364 3904 1946 3983">
    <p class='ocr_par' dir='ltr' id='par_1_68' title="bbox 364 3904 1946 3983">
     <span class='ocr_line' id='line_1_69' title="bbox 364 3904 1946 3983; baseline 0.011 -26"><span class='ocrx_word' id='word_1_505' title='bbox 364 3904 565 3974; x_wconf 89' lang='lat' dir='ltr'><strong>inquit,</strong></span> <span class='ocrx_word' id='word_1_506' title='bbox 599 3906 761 3961; x_wconf 84' lang='lat' dir='ltr'><strong>Sarra</strong></span> <span class='ocrx_word' id='word_1_507' title='bbox 800 3923 939 3961; x_wconf 78' lang='lat' dir='ltr'><strong>uxor</strong></span> <span class='ocrx_word' id='word_1_508' title='bbox 977 3918 1091 3964; x_wconf 89' lang='lat' dir='ltr'><strong>tua.</strong></span> <span class='ocrx_word' id='word_1_509' title='bbox 1122 3929 1139 3961; x_wconf 75' lang='grc' dir='ltr'>ι</span> <span class='ocrx_word' id='word_1_510' title='bbox 1172 3912 1339 3983; x_wconf 82' lang='lat' dir='ltr'><strong>Atqui</strong></span> <span class='ocrx_word' id='word_1_511' title='bbox 1382 3912 1547 3969; x_wconf 85' lang='lat' dir='ltr'><strong>Sarra</strong></span> <span class='ocrx_word' id='word_1_512' title='bbox 1577 3926 1804 3972; x_wconf 86' lang='lat' dir='ltr'><strong>eatenus</strong></span> <span class='ocrx_word' id='word_1_513' title='bbox 1838 3928 1946 3973; x_wconf 85' lang='lat' dir='ltr'><strong>ste-</strong></span> 
     </span>
    </p>
   </div>
   <div class='ocr_carea' id='block_1_69' title="bbox 364 3998 1946 4080">
    <p class='ocr_par' dir='ltr' id='par_1_69' title="bbox 364 3998 1946 4080">
     <span class='ocr_line' id='line_1_70' title="bbox 364 3998 1946 4080; baseline 0.008 -28"><span class='ocrx_word' id='word_1_514' title='bbox 364 3998 481 4055; x_wconf 89' lang='lat' dir='ltr'><strong>rilis</strong></span> <span class='ocrx_word' id='word_1_515' title='bbox 509 3998 705 4067; x_wconf 76' lang='lat' dir='ltr'><strong>fuerat,</strong></span> <span class='ocrx_word' id='word_1_516' title='bbox 756 4001 830 4056; x_wconf 90' lang='lat' dir='ltr'><strong>ita</strong></span> <span class='ocrx_word' id='word_1_517' title='bbox 865 4011 921 4057; x_wconf 89' lang='lat' dir='ltr'><strong>ut</strong></span> <span class='ocrx_word' id='word_1_518' title='bbox 951 4010 1226 4072; x_wconf 88' lang='lat' dir='ltr'><strong>oporteret</strong></span> <span class='ocrx_word' id='word_1_519' title='bbox 1273 4008 1506 4078; x_wconf 82' lang='lat' dir='ltr'><strong>Agarem</strong></span> <span class='ocrx_word' id='word_1_520' title='bbox 1548 4010 1732 4079; x_wconf 90' lang='lat' dir='ltr'><strong>potius</strong></span> <span class='ocrx_word' id='word_1_521' title='bbox 1760 4011 1946 4080; x_wconf 84' lang='lat' dir='ltr'><strong>appel-</strong></span> 
     </span>
    </p>
   </div>
   <div class='ocr_carea' id='block_1_70' title="bbox 362 4091 1941 4173">
    <p class='ocr_par' dir='ltr' id='par_1_70' title="bbox 362 4091 1941 4173">
     <span class='ocr_line' id='line_1_71' title="bbox 362 4091 1941 4173; baseline 0.01 -27"><span class='ocrx_word' id='word_1_522' title='bbox 362 4091 464 4147; x_wconf 88' lang='lat' dir='ltr'><strong>lari</strong></span> <span class='ocrx_word' id='word_1_523' title='bbox 484 4108 711 4148; x_wconf 83' lang='lat' dir='ltr'><strong>uxorem</strong></span> <span class='ocrx_word' id='word_1_524' title='bbox 732 4093 875 4164; x_wconf 87' lang='lat' dir='ltr'><strong>ejus,</strong></span> <span class='ocrx_word' id='word_1_525' title='bbox 898 4111 1021 4166; x_wconf 66' lang='lat' dir='ltr'><strong>quae</strong></span> <span class='ocrx_word' id='word_1_526' title='bbox 1055 4091 1179 4165; x_wconf 57' lang='lat' dir='ltr'><strong>jam&#39;</strong></span> <span class='ocrx_word' id='word_1_527' title='bbox 1200 4098 1482 4155; x_wconf 78' lang='lat' dir='ltr'><strong>lsmaelcm</strong></span> <span class='ocrx_word' id='word_1_528' title='bbox 1504 4115 1807 4173; x_wconf 80' lang='lat' dir='ltr'><strong>pepererat.</strong></span> <span class='ocrx_word' id='word_1_529' title='bbox 1836 4106 1941 4162; x_wconf 85' lang='lat' dir='ltr'><strong>Sed</strong></span> 
     </span>
    </p>
   </div>
   <div class='ocr_carea' id='block_1_71' title="bbox 361 4186 1943 4270">
    <p class='ocr_par' dir='ltr' id='par_1_71' title="bbox 361 4186 1943 4270">
     <span class='ocr_line' id='line_1_72' title="bbox 361 4186 1943 4270; baseline 0.009 -29"><span class='ocrx_word' id='word_1_530' title='bbox 361 4186 508 4241; x_wconf 87' lang='lat' dir='ltr'><strong>enim</strong></span> <span class='ocrx_word' id='word_1_531' title='bbox 545 4188 729 4244; x_wconf 81' lang='lat' dir='ltr'><strong>carnis</strong></span> <span class='ocrx_word' id='word_1_532' title='bbox 780 4187 900 4254; x_wconf 82' lang='lat' dir='ltr'><strong>ﬁlii,</strong></span> <span class='ocrx_word' id='word_1_533' title='bbox 934 4206 1041 4244; x_wconf 90' lang='lat' dir='ltr'><strong>non</strong></span> <span class='ocrx_word' id='word_1_534' title='bbox 1093 4200 1224 4245; x_wconf 86' lang='lat' dir='ltr'><strong>sunt</strong></span> <span class='ocrx_word' id='word_1_535' title='bbox 1256 4192 1553 4248; x_wconf 84' lang='lat' dir='ltr'><strong>Abrahami</strong></span> <span class='ocrx_word' id='word_1_536' title='bbox 1586 4195 1681 4250; x_wconf 81' lang='lat' dir='ltr'><strong>lilii</strong></span> <span class='ocrx_word' id='word_1_537' title='bbox 1714 4216 1727 4251; x_wconf 89' lang='lat'>:</span> <span class='ocrx_word' id='word_1_538' title='bbox 1767 4214 1943 4270; x_wconf 87' lang='lat' dir='ltr'><strong>neque</strong></span> 
     </span>
    </p>
   </div>
   <div class='ocr_carea' id='block_1_72' title="bbox 360 4281 1938 4361">
    <p class='ocr_par' dir='ltr' id='par_1_72' title="bbox 360 4281 1938 4361">
     <span class='ocr_line' id='line_1_73' title="bbox 360 4281 1938 4361; baseline 0.007 -26"><span class='ocrx_word' id='word_1_539' title='bbox 360 4297 490 4335; x_wconf 89' lang='lat' dir='ltr'><strong>caro</strong></span> <span class='ocrx_word' id='word_1_540' title='bbox 523 4281 845 4350; x_wconf 81' lang='lat' dir='ltr'><strong>simpliciter</strong></span> <span class='ocrx_word' id='word_1_541' title='bbox 878 4293 962 4337; x_wconf 90' lang='lat' dir='ltr'><strong>est</strong></span> <span class='ocrx_word' id='word_1_542' title='bbox 993 4284 1289 4341; x_wconf 86' lang='lat' dir='ltr'><strong>Abrahami</strong></span> <span class='ocrx_word' id='word_1_543' title='bbox 1329 4302 1487 4341; x_wconf 80' lang='lat' dir='ltr'><strong>uxor.</strong></span> <span class='ocrx_word' id='word_1_544' title='bbox 1541 4305 1559 4337; x_wconf 78' lang='grc' dir='ltr'>ι</span> <span class='ocrx_word' id='word_1_545' title='bbox 1600 4288 1707 4353; x_wconf 87' lang='grc' dir='ltr'><strong>Εη,</strong></span> <span class='ocrx_word' id='word_1_546' title='bbox 1739 4290 1938 4361; x_wconf 89' lang='lat' dir='ltr'><strong>inquit,</strong></span> 
     </span>
    </p>
   </div>
   <div class='ocr_carea' id='block_1_73' title="bbox 360 4377 1942 4447">
    <p class='ocr_par' dir='ltr' id='par_1_73' title="bbox 360 4377 1942 4447">
     <span class='ocr_line' id='line_1_74' title="bbox 360 4377 1942 4447; baseline 0.006 -17"><span class='ocrx_word' id='word_1_547' title='bbox 360 4378 526 4432; x_wconf 81' lang='lat' dir='ltr'><strong>Sarra</strong></span> <span class='ocrx_word' id='word_1_548' title='bbox 551 4390 689 4430; x_wconf 84' lang='lat' dir='ltr'><strong>uxor</strong></span> <span class='ocrx_word' id='word_1_549' title='bbox 711 4386 826 4431; x_wconf 86' lang='lat' dir='ltr'><strong>tua.</strong></span> <span class='ocrx_word' id='word_1_550' title='bbox 861 4396 882 4430; x_wconf 70' lang='grc' dir='ltr'>ι</span> <span class='ocrx_word' id='word_1_551' title='bbox 922 4378 978 4432; x_wconf 86' lang='lat' dir='ltr'><strong>Si</strong></span> <span class='ocrx_word' id='word_1_552' title='bbox 1014 4377 1179 4433; x_wconf 87' lang='lat' dir='ltr'><strong>Sarra</strong></span> <span class='ocrx_word' id='word_1_553' title='bbox 1208 4396 1344 4434; x_wconf 75' lang='lat' dir='ltr'><strong>uxor</strong></span> <span class='ocrx_word' id='word_1_554' title='bbox 1366 4392 1456 4437; x_wconf 86' lang='lat' dir='ltr'><strong>tua</strong></span> <span class='ocrx_word' id='word_1_555' title='bbox 1482 4392 1584 4447; x_wconf 90' lang='lat' dir='ltr'><strong>cst,</strong></span> <span class='ocrx_word' id='word_1_556' title='bbox 1606 4399 1715 4437; x_wconf 91' lang='lat' dir='ltr'><strong>non</strong></span> <span class='ocrx_word' id='word_1_557' title='bbox 1739 4393 1823 4440; x_wconf 89' lang='lat' dir='ltr'><strong>est</strong></span> <span class='ocrx_word' id='word_1_558' title='bbox 1849 4397 1942 4442; x_wconf 88' lang='lat' dir='ltr'><strong>tua</strong></span> 
     </span>
    </p>
   </div>
   <div class='ocr_carea' id='block_1_74' title="bbox 359 4468 1935 4547">
    <p class='ocr_par' dir='ltr' id='par_1_74' title="bbox 359 4468 1935 4547">
     <span class='ocr_line' id='line_1_75' title="bbox 359 4468 1935 4547; baseline 0.006 -24"><span class='ocrx_word' id='word_1_559' title='bbox 359 4483 501 4524; x_wconf 82' lang='lat' dir='ltr'><strong>uxor</strong></span> <span class='ocrx_word' id='word_1_560' title='bbox 524 4468 692 4538; x_wconf 81' lang='lat' dir='ltr'><strong>Agar.</strong></span> <span class='ocrx_word' id='word_1_561' title='bbox 722 4469 991 4525; x_wconf 75' lang='lat' dir='ltr'><strong>Przeclare</strong></span> <span class='ocrx_word' id='word_1_562' title='bbox 1022 4472 1153 4527; x_wconf 90' lang='lat' dir='ltr'><strong>item</strong></span> <span class='ocrx_word' id='word_1_563' title='bbox 1186 4473 1390 4528; x_wconf 92' lang='lat' dir='ltr'><strong>dictum</strong></span> <span class='ocrx_word' id='word_1_564' title='bbox 1423 4494 1437 4530; x_wconf 87' lang='lat'><strong>:</strong></span> <span class='ocrx_word' id='word_1_565' title='bbox 1472 4478 1643 4546; x_wconf 83' lang='lat' dir='ltr'><strong>pariet</strong></span> <span class='ocrx_word' id='word_1_566' title='bbox 1677 4477 1790 4543; x_wconf 82' lang='lat' dir='ltr'><strong>tibi,</strong></span> <span class='ocrx_word' id='word_1_567' title='bbox 1818 4494 1935 4547; x_wconf 85' lang='lat' dir='ltr'><strong>pro,</strong></span> 
     </span>
    </p>
   </div>
   <div class='ocr_carea' id='block_1_75' title="bbox 2066 3278 3640 3352">
    <p class='ocr_par' dir='ltr' id='par_1_75' title="bbox 2066 3278 3640 3352">
     <span class='ocr_line' id='line_1_76' title="bbox 2066 3278 3640 3352; baseline -0.002 -16"><span class='ocrx_word' id='word_1_568' title='bbox 2066 3284 2274 3348; x_wconf 78' lang='grc' dir='ltr'>Ἰσαὰκ,</span> <span class='ocrx_word' id='word_1_569' title='bbox 2311 3281 2440 3352; x_wconf 76' lang='grc' dir='ltr'>περὶ</span> <span class='ocrx_word' id='word_1_570' title='bbox 2472 3280 2567 3333; x_wconf 91' lang='grc' dir='ltr'><strong>τοῦ</strong></span> <span class='ocrx_word' id='word_1_571' title='bbox 2608 3282 2665 3333; x_wconf 82' lang='grc' dir='ltr'><strong>ὲν</strong></span> <span class='ocrx_word' id='word_1_572' title='bbox 2689 3278 2849 3352; x_wconf 77' lang='grc' dir='ltr'>χερσὶ</span> <span class='ocrx_word' id='word_1_573' title='bbox 2873 3281 3012 3344; x_wconf 86' lang='grc' dir='ltr'>τέως</span> <span class='ocrx_word' id='word_1_574' title='bbox 3043 3280 3387 3345; x_wconf 80' lang='grc' dir='ltr'><strong>καθεστῶτος</strong></span> <span class='ocrx_word' id='word_1_575' title='bbox 3411 3280 3640 3350; x_wconf 79' lang='grc' dir='ltr'>Ἰσμαὴλ</span> 
     </span>
    </p>
   </div>
   <div class='ocr_carea' id='block_1_76' title="bbox 2048 3371 3640 3447">
    <p class='ocr_par' dir='ltr' id='par_1_76' title="bbox 2048 3371 3640 3447">
     <span class='ocr_line' id='line_1_77' title="bbox 2048 3371 3640 3447; baseline -0.002 -17"><span class='ocrx_word' id='word_1_576' title='bbox 2048 3377 2272 3447; x_wconf 72' lang='grc' dir='ltr'>αἰτῆσαι</span> <span class='ocrx_word' id='word_1_577' title='bbox 2330 3374 2425 3429; x_wconf 73' lang='grc' dir='ltr'><strong>καὶ</strong></span> <span class='ocrx_word' id='word_1_578' title='bbox 2476 3373 2650 3437; x_wconf 73' lang='grc' dir='ltr'>οὕτως</span> <span class='ocrx_word' id='word_1_579' title='bbox 2678 3374 2886 3443; x_wconf 76' lang='grc' dir='ltr'>φάναιο</span> <span class='ocrx_word' id='word_1_580' title='bbox 2955 3374 3203 3445; x_wconf 71' lang='grc' dir='ltr'>ἰσμαὴλ</span> <span class='ocrx_word' id='word_1_581' title='bbox 3264 3371 3443 3442; x_wconf 84' lang='grc' dir='ltr'>οὗτος</span> <span class='ocrx_word' id='word_1_582' title='bbox 3493 3374 3640 3440; x_wconf 76' lang='grc' dir='ltr'>ζήτω</span> 
     </span>
    </p>
   </div>
   <div class='ocr_carea' id='block_1_77' title="bbox 2045 3464 3632 3539">
    <p class='ocr_par' dir='ltr' id='par_1_77' title="bbox 2045 3464 3632 3539">
     <span class='ocr_line' id='line_1_78' title="bbox 2045 3464 3632 3539; baseline -0.001 -15"><span class='ocrx_word' id='word_1_583' title='bbox 2045 3471 2326 3524; x_wconf 77' lang='grc' dir='ltr'><strong>ἐναντίον</strong></span> <span class='ocrx_word' id='word_1_584' title='bbox 2380 3485 2521 3524; x_wconf 89' lang='grc' dir='ltr'>σου.</span> <span class='ocrx_word' id='word_1_585' title='bbox 2558 3464 2709 3523; x_wconf 58' lang='lat' dir='ltr'><strong>Ehe</strong></span> <span class='ocrx_word' id='word_1_586' title='bbox 2755 3470 2824 3524; x_wconf 82' lang='grc' dir='ltr'>δὲ</span> <span class='ocrx_word' id='word_1_587' title='bbox 2858 3469 2893 3523; x_wconf 83' lang='grc' dir='ltr'><strong><em>ό</em></strong></span> <span class='ocrx_word' id='word_1_588' title='bbox 2932 3469 3077 3536; x_wconf 77' lang='grc' dir='ltr'>Θεὸς</span> <span class='ocrx_word' id='word_1_589' title='bbox 3126 3470 3278 3539; x_wconf 80' lang='grc' dir='ltr'>πρὸς</span> <span class='ocrx_word' id='word_1_590' title='bbox 3338 3470 3632 3538; x_wconf 66' lang='grc' dir='ltr'>Ἀϐραάμο</span> 
     </span>
    </p>
   </div>
   <div class='ocr_carea' id='block_1_78' title="bbox 2046 3557 3634 3630">
    <p class='ocr_par' dir='ltr' id='par_1_78' title="bbox 2046 3557 3634 3630">
     <span class='ocr_line' id='line_1_79' title="bbox 2046 3557 3634 3630; baseline -0.001 -13"><span class='ocrx_word' id='word_1_591' title='bbox 2046 3562 2181 3625; x_wconf 73' lang='grc' dir='ltr'><strong>Ναὶ,</strong></span> <span class='ocrx_word' id='word_1_592' title='bbox 2216 3561 2343 3615; x_wconf 75' lang='grc' dir='ltr'>ἰδοὺ</span> <span class='ocrx_word' id='word_1_593' title='bbox 2379 3560 2577 3630; x_wconf 66' lang='lat' dir='ltr'><strong>Eappa</strong></span> <span class='ocrx_word' id='word_1_594' title='bbox 2605 3562 2643 3628; x_wconf 74' lang='grc' dir='ltr'>ἢ</span> <span class='ocrx_word' id='word_1_595' title='bbox 2702 3557 2856 3628; x_wconf 80' lang='grc' dir='ltr'>γυνή</span> <span class='ocrx_word' id='word_1_596' title='bbox 2896 3578 3014 3616; x_wconf 90' lang='grc' dir='ltr'><strong>σου</strong></span> <span class='ocrx_word' id='word_1_597' title='bbox 3058 3560 3292 3626; x_wconf 82' lang='grc' dir='ltr'>τέξεταί</span> <span class='ocrx_word' id='word_1_598' title='bbox 3327 3574 3431 3616; x_wconf 84' lang='grc' dir='ltr'><strong>σοι</strong></span> <span class='ocrx_word' id='word_1_599' title='bbox 3482 3560 3634 3626; x_wconf 80' lang='grc' dir='ltr'>υἱὸν,</span> 
     </span>
    </p>
   </div>
   <div class='ocr_carea' id='block_1_79' title="bbox 2054 3654 3639 3726">
    <p class='ocr_par' dir='ltr' id='par_1_79' title="bbox 2054 3654 3639 3726">
     <span class='ocr_line' id='line_1_80' title="bbox 2054 3654 3639 3726; baseline -0.002 -16"><span class='ocrx_word' id='word_1_600' title='bbox 2054 3655 2157 3710; x_wconf 82' lang='grc' dir='ltr'>καὶ</span> <span class='ocrx_word' id='word_1_601' title='bbox 2193 3654 2477 3723; x_wconf 75' lang='grc' dir='ltr'>καλέσεις</span> <span class='ocrx_word' id='word_1_602' title='bbox 2522 3654 2590 3710; x_wconf 83' lang='grc' dir='ltr'>τὸ</span> <span class='ocrx_word' id='word_1_603' title='bbox 2614 3654 2805 3725; x_wconf 79' lang='grc' dir='ltr'>ὄνομα</span> <span class='ocrx_word' id='word_1_604' title='bbox 2828 3654 3017 3711; x_wconf 83' lang='grc' dir='ltr'>αὑτοῦ</span> <span class='ocrx_word' id='word_1_605' title='bbox 3057 3656 3259 3711; x_wconf 79' lang='grc' dir='ltr'>Ἰσαάκ</span> <span class='ocrx_word' id='word_1_606' title='bbox 3279 3671 3295 3687; x_wconf 76' lang='grc'><strong><em>⁸</em></strong></span> <span class='ocrx_word' id='word_1_607' title='bbox 3332 3656 3428 3711; x_wconf 70' lang='grc' dir='ltr'>καὶ</span> <span class='ocrx_word' id='word_1_608' title='bbox 3456 3657 3639 3726; x_wconf 69' lang='grc' dir='ltr'>στήσω</span> 
     </span>
    </p>
   </div>
   <div class='ocr_carea' id='block_1_80' title="bbox 2046 3746 3638 3821">
    <p class='ocr_par' dir='ltr' id='par_1_80' title="bbox 2046 3746 3638 3821">
     <span class='ocr_line' id='line_1_81' title="bbox 2046 3746 3638 3821; baseline -0.002 -18"><span class='ocrx_word' id='word_1_609' title='bbox 2046 3749 2146 3821; x_wconf 81' lang='grc' dir='ltr'><strong>τὴν</strong></span> <span class='ocrx_word' id='word_1_610' title='bbox 2172 3746 2436 3820; x_wconf 81' lang='grc' dir='ltr'><strong>διαθήκην</strong></span> <span class='ocrx_word' id='word_1_611' title='bbox 2466 3764 2569 3818; x_wconf 89' lang='grc' dir='ltr'><strong>μου</strong></span> <span class='ocrx_word' id='word_1_612' title='bbox 2597 3747 2735 3820; x_wconf 80' lang='grc' dir='ltr'>πρὸς</span> <span class='ocrx_word' id='word_1_613' title='bbox 2768 3748 2979 3814; x_wconf 78' lang='grc' dir='ltr'>Ἰσαὰκ,</span> <span class='ocrx_word' id='word_1_614' title='bbox 3015 3748 3073 3804; x_wconf 83' lang='grc' dir='ltr'><strong>δν</strong></span> <span class='ocrx_word' id='word_1_615' title='bbox 3097 3748 3316 3814; x_wconf 80' lang='grc' dir='ltr'>τέξεταί</span> <span class='ocrx_word' id='word_1_616' title='bbox 3340 3765 3424 3801; x_wconf 90' lang='grc' dir='ltr'><strong>σοι</strong></span> <span class='ocrx_word' id='word_1_617' title='bbox 3450 3748 3638 3819; x_wconf 68' lang='grc' dir='ltr'>Σάρρα</span> 
     </span>
    </p>
   </div>
   <div class='ocr_carea' id='block_1_81' title="bbox 2047 3841 3636 3917">
    <p class='ocr_par' dir='ltr' id='par_1_81' title="bbox 2047 3841 3636 3917">
     <span class='ocr_line' id='line_1_82' title="bbox 2047 3841 3636 3917; baseline 0.001 -18"><span class='ocrx_word' id='word_1_618' title='bbox 2047 3846 2129 3909; x_wconf 80' lang='grc' dir='ltr'><strong>είς</strong></span> <span class='ocrx_word' id='word_1_619' title='bbox 2158 3845 2250 3899; x_wconf 79' lang='grc' dir='ltr'>τὸν</span> <span class='ocrx_word' id='word_1_620' title='bbox 2278 3844 2471 3915; x_wconf 73' lang='grc' dir='ltr'>καιρὸν</span> <span class='ocrx_word' id='word_1_621' title='bbox 2503 3842 2717 3909; x_wconf 81' lang='grc' dir='ltr'>τοῦτον,</span> <span class='ocrx_word' id='word_1_622' title='bbox 2753 3843 2813 3899; x_wconf 78' lang='grc' dir='ltr'><strong>ὲν</strong></span> <span class='ocrx_word' id='word_1_623' title='bbox 2847 3844 2929 3917; x_wconf 78' lang='grc' dir='ltr'><strong>τῷ</strong></span> <span class='ocrx_word' id='word_1_624' title='bbox 2956 3842 3190 3913; x_wconf 68' lang='grc' dir='ltr'>ἐνιαυτῷ</span> <span class='ocrx_word' id='word_1_625' title='bbox 3218 3842 3297 3913; x_wconf 83' lang='grc' dir='ltr'><strong>τῷ</strong></span> <span class='ocrx_word' id='word_1_626' title='bbox 3331 3842 3530 3913; x_wconf 82' lang='grc' dir='ltr'><strong>ἑτέρῳ·</strong></span> <span class='ocrx_word' id='word_1_627' title='bbox 3560 3841 3636 3902; x_wconf 74' lang='grc' dir='ltr'><strong>ὡς</strong></span> 
     </span>
    </p>
   </div>
   <div class='ocr_carea' id='block_1_82' title="bbox 2046 3933 3635 4007">
    <p class='ocr_par' dir='ltr' id='par_1_82' title="bbox 2046 3933 3635 4007">
     <span class='ocr_line' id='line_1_83' title="bbox 2046 3933 3635 4007; baseline -0.004 -15"><span class='ocrx_word' id='word_1_628' title='bbox 2046 3939 2167 3994; x_wconf 87' lang='grc' dir='ltr'>λίαν</span> <span class='ocrx_word' id='word_1_629' title='bbox 2215 3938 2273 3991; x_wconf 79' lang='grc' dir='ltr'>δὲ</span> <span class='ocrx_word' id='word_1_630' title='bbox 2312 3937 2409 3992; x_wconf 81' lang='grc' dir='ltr'><strong>καὶ</strong></span> <span class='ocrx_word' id='word_1_631' title='bbox 2456 3936 2595 3991; x_wconf 79' lang='grc' dir='ltr'>αὐτὰ</span> <span class='ocrx_word' id='word_1_632' title='bbox 2640 3936 2709 3989; x_wconf 77' lang='grc' dir='ltr'><strong>τὰ</strong></span> <span class='ocrx_word' id='word_1_633' title='bbox 2762 3936 2884 3992; x_wconf 81' lang='grc' dir='ltr'>θεῖα</span> <span class='ocrx_word' id='word_1_634' title='bbox 2919 3936 3058 4007; x_wconf 77' lang='grc' dir='ltr'>ῥητὰ</span> <span class='ocrx_word' id='word_1_635' title='bbox 3082 3934 3371 4007; x_wconf 84' lang='grc' dir='ltr'>ἀκριϐείας</span> <span class='ocrx_word' id='word_1_636' title='bbox 3413 3933 3635 4000; x_wconf 80' lang='grc' dir='ltr'>ἁπάσης</span> 
     </span>
    </p>
   </div>
   <div class='ocr_carea' id='block_1_83' title="bbox 2047 4025 3623 4103">
    <p class='ocr_par' dir='ltr' id='par_1_83' title="bbox 2047 4025 3623 4103">
     <span class='ocr_line' id='line_1_84' title="bbox 2047 4025 3623 4103; baseline -0.006 -16"><span class='ocrx_word' id='word_1_637' title='bbox 2047 4030 2356 4102; x_wconf 80' lang='grc' dir='ltr'>ὑπερϐολὴν</span> <span class='ocrx_word' id='word_1_638' title='bbox 2375 4029 2745 4103; x_wconf 73' lang='grc' dir='ltr'>παρελαύνειί</span> <span class='ocrx_word' id='word_1_639' title='bbox 2783 4047 2801 4081; x_wconf 75' lang='grc' dir='ltr'>ι</span> <span class='ocrx_word' id='word_1_640' title='bbox 2842 4030 2999 4093; x_wconf 76' lang='grc' dir='ltr'>Ἰδοὺ,</span> <span class='ocrx_word' id='word_1_641' title='bbox 3027 4029 3181 4100; x_wconf 76' lang='grc' dir='ltr'>φησὶ,</span> <span class='ocrx_word' id='word_1_642' title='bbox 3211 4030 3399 4100; x_wconf 74' lang='grc' dir='ltr'>Σάρρα</span> <span class='ocrx_word' id='word_1_643' title='bbox 3430 4029 3462 4097; x_wconf 86' lang='grc' dir='ltr'>ή</span> <span class='ocrx_word' id='word_1_644' title='bbox 3491 4025 3623 4095; x_wconf 83' lang='grc' dir='ltr'>γυνή</span> 
     </span>
    </p>
   </div>
   <div class='ocr_carea' id='block_1_84' title="bbox 2048 4118 3632 4193">
    <p class='ocr_par' dir='ltr' id='par_1_84' title="bbox 2048 4118 3632 4193">
     <span class='ocr_line' id='line_1_85' title="bbox 2048 4118 3632 4193; baseline -0.006 -14"><span class='ocrx_word' id='word_1_645' title='bbox 2048 4140 2209 4179; x_wconf 72' lang='grc' dir='ltr'>σουῚ</span> <span class='ocrx_word' id='word_1_646' title='bbox 2240 4123 2420 4177; x_wconf 84' lang='grc' dir='ltr'>καίτοι</span> <span class='ocrx_word' id='word_1_647' title='bbox 2458 4123 2629 4187; x_wconf 81' lang='grc' dir='ltr'>ἄπαις</span> <span class='ocrx_word' id='word_1_648' title='bbox 2660 4122 2797 4187; x_wconf 85' lang='grc' dir='ltr'>τέως</span> <span class='ocrx_word' id='word_1_649' title='bbox 2826 4123 3123 4193; x_wconf 78' lang='grc' dir='ltr'>ἐτύγχανεν</span> <span class='ocrx_word' id='word_1_650' title='bbox 3149 4123 3181 4193; x_wconf 82' lang='grc' dir='ltr'><strong>ή</strong></span> <span class='ocrx_word' id='word_1_651' title='bbox 3210 4121 3415 4192; x_wconf 79' lang='grc' dir='ltr'><strong>Σάρρα·</strong></span> <span class='ocrx_word' id='word_1_652' title='bbox 3439 4120 3549 4174; x_wconf 78' lang='grc' dir='ltr'>ἔδει</span> <span class='ocrx_word' id='word_1_653' title='bbox 3576 4118 3632 4171; x_wconf 85' lang='grc' dir='ltr'>δὲ</span> 
     </span>
    </p>
   </div>
   <div class='ocr_carea' id='block_1_85' title="bbox 2048 4212 3635 4290">
    <p class='ocr_par' dir='ltr' id='par_1_85' title="bbox 2048 4212 3635 4290">
     <span class='ocr_line' id='line_1_86' title="bbox 2048 4212 3635 4290; baseline -0.004 -18"><span class='ocrx_word' id='word_1_654' title='bbox 2048 4219 2251 4290; x_wconf 81' lang='grc' dir='ltr'>μᾶλλον</span> <span class='ocrx_word' id='word_1_655' title='bbox 2286 4217 2386 4289; x_wconf 85' lang='grc' dir='ltr'>τὴν</span> <span class='ocrx_word' id='word_1_656' title='bbox 2420 4218 2600 4287; x_wconf 74' lang='grc' dir='ltr'>Ἅγαρ</span> <span class='ocrx_word' id='word_1_657' title='bbox 2627 4215 2792 4271; x_wconf 79' lang='grc' dir='ltr'>αὐτοῦ</span> <span class='ocrx_word' id='word_1_658' title='bbox 2818 4216 3105 4269; x_wconf 85' lang='grc' dir='ltr'>καλεῖσθαι</span> <span class='ocrx_word' id='word_1_659' title='bbox 3143 4216 3381 4284; x_wconf 84' lang='grc' dir='ltr'>γυναῖκα</span> <span class='ocrx_word' id='word_1_660' title='bbox 3405 4212 3635 4282; x_wconf 81' lang='grc' dir='ltr'>τεξαμέ-</span> 
     </span>
    </p>
   </div>
   <div class='ocr_carea' id='block_1_86' title="bbox 2045 4306 3629 4381">
    <p class='ocr_par' dir='ltr' id='par_1_86' title="bbox 2045 4306 3629 4381">
     <span class='ocr_line' id='line_1_87' title="bbox 2045 4306 3629 4381; baseline -0.003 -18"><span class='ocrx_word' id='word_1_661' title='bbox 2045 4329 2143 4380; x_wconf 91' lang='grc' dir='ltr'><strong>νην</strong></span> <span class='ocrx_word' id='word_1_662' title='bbox 2172 4310 2321 4381; x_wconf 83' lang='grc' dir='ltr'><strong>αὑτῷ</strong></span> <span class='ocrx_word' id='word_1_663' title='bbox 2354 4309 2446 4363; x_wconf 82' lang='grc' dir='ltr'>τὸν</span> <span class='ocrx_word' id='word_1_664' title='bbox 2483 4309 2709 4380; x_wconf 75' lang='grc' dir='ltr'>Ἰσμαήλ</span> <span class='ocrx_word' id='word_1_665' title='bbox 2730 4324 2742 4338; x_wconf 86' lang='grc'><strong>·</strong></span> <span class='ocrx_word' id='word_1_666' title='bbox 2776 4308 2892 4363; x_wconf 80' lang='grc' dir='ltr'>ἀλλ’</span> <span class='ocrx_word' id='word_1_667' title='bbox 2921 4308 2983 4361; x_wconf 78' lang='grc' dir='ltr'>οὐ</span> <span class='ocrx_word' id='word_1_668' title='bbox 3000 4309 3069 4361; x_wconf 75' lang='grc' dir='ltr'>τὰ</span> <span class='ocrx_word' id='word_1_669' title='bbox 3091 4309 3258 4361; x_wconf 83' lang='grc' dir='ltr'>τέκνα</span> <span class='ocrx_word' id='word_1_670' title='bbox 3284 4307 3381 4376; x_wconf 84' lang='grc' dir='ltr'>τῆς</span> <span class='ocrx_word' id='word_1_671' title='bbox 3410 4306 3629 4378; x_wconf 77' lang='grc' dir='ltr'>σαρκὸς,</span> 
     </span>
    </p>
   </div>
   <div class='ocr_carea' id='block_1_87' title="bbox 2042 4397 3627 4472">
    <p class='ocr_par' dir='ltr' id='par_1_87' title="bbox 2042 4397 3627 4472">
     <span class='ocr_line' id='line_1_88' title="bbox 2042 4397 3627 4472; baseline -0.004 -15"><span class='ocrx_word' id='word_1_672' title='bbox 2042 4402 2216 4457; x_wconf 86' lang='grc' dir='ltr'>ταῦτα</span> <span class='ocrx_word' id='word_1_673' title='bbox 2243 4405 2411 4457; x_wconf 87' lang='grc' dir='ltr'>τέκνα</span> <span class='ocrx_word' id='word_1_674' title='bbox 2436 4402 2529 4456; x_wconf 89' lang='grc' dir='ltr'><strong>τοῦ</strong></span> <span class='ocrx_word' id='word_1_675' title='bbox 2572 4402 2824 4472; x_wconf 85' lang='grc' dir='ltr'>Ἀϐραάμ</span> <span class='ocrx_word' id='word_1_676' title='bbox 2843 4418 2858 4434; x_wconf 75' lang='grc' dir='ltr'><strong><em>ο</em></strong></span> <span class='ocrx_word' id='word_1_677' title='bbox 2893 4401 3055 4471; x_wconf 77' lang='grc' dir='ltr'>οὐδ“ή</span> <span class='ocrx_word' id='word_1_678' title='bbox 3082 4399 3269 4464; x_wconf 85' lang='grc' dir='ltr'>ἁπλῶς</span> <span class='ocrx_word' id='word_1_679' title='bbox 3300 4398 3459 4470; x_wconf 78' lang='grc' dir='ltr'>σὰρξ,</span> <span class='ocrx_word' id='word_1_680' title='bbox 3493 4397 3627 4467; x_wconf 83' lang='grc' dir='ltr'>αὕτη</span> 
     </span>
    </p>
   </div>
   <div class='ocr_carea' id='block_1_88' title="bbox 2044 4494 3625 4567">
    <p class='ocr_par' dir='ltr' id='par_1_88' title="bbox 2044 4494 3625 4567">
     <span class='ocr_line' id='line_1_89' title="bbox 2044 4494 3625 4567; baseline -0.004 -18"><span class='ocrx_word' id='word_1_681' title='bbox 2044 4498 2182 4565; x_wconf 85' lang='grc' dir='ltr'>γυνὴ</span> <span class='ocrx_word' id='word_1_682' title='bbox 2209 4498 2303 4550; x_wconf 87' lang='grc' dir='ltr'><strong>τοῦ</strong></span> <span class='ocrx_word' id='word_1_683' title='bbox 2320 4497 2589 4567; x_wconf 74' lang='grc' dir='ltr'>Ἀϐραάμ.</span> <span class='ocrx_word' id='word_1_684' title='bbox 2619 4515 2637 4547; x_wconf 74' lang='grc' dir='ltr'>ι</span> <span class='ocrx_word' id='word_1_685' title='bbox 2663 4496 2819 4563; x_wconf 80' lang='grc' dir='ltr'>Ἰδοὺ,</span> <span class='ocrx_word' id='word_1_686' title='bbox 2849 4496 3006 4565; x_wconf 73' lang='grc' dir='ltr'>φησὶ,</span> <span class='ocrx_word' id='word_1_687' title='bbox 3038 4494 3222 4566; x_wconf 62' lang='lat' dir='ltr'><strong>Eappa</strong></span> <span class='ocrx_word' id='word_1_688' title='bbox 3247 4494 3279 4561; x_wconf 80' lang='grc' dir='ltr'><strong>ἡ</strong></span> <span class='ocrx_word' id='word_1_689' title='bbox 3310 4496 3446 4563; x_wconf 82' lang='grc' dir='ltr'>γυνή</span> <span class='ocrx_word' id='word_1_690' title='bbox 3472 4508 3562 4544; x_wconf 84' lang='grc' dir='ltr'><strong>σου</strong></span> <span class='ocrx_word' id='word_1_691' title='bbox 3581 4508 3625 4543; x_wconf 73' lang='grc' dir='ltr'>ἰ</span> 
     </span>
    </p>
   </div>
   <div class='ocr_carea' id='block_1_89' title="bbox 360 4559 1953 4662">
    <p class='ocr_par' dir='ltr' id='par_1_89' title="bbox 360 4559 1930 4637">
     <span class='ocr_line' id='line_1_90' title="bbox 360 4559 1930 4637; baseline 0.006 -25"><span class='ocrx_word' id='word_1_692' title='bbox 360 4559 589 4614; x_wconf 83' lang='lat' dir='ltr'><strong>similem</strong></span> <span class='ocrx_word' id='word_1_693' title='bbox 616 4560 734 4617; x_wconf 86' lang='lat' dir='ltr'><strong>tibi.</strong></span> <span class='ocrx_word' id='word_1_694' title='bbox 771 4579 789 4612; x_wconf 76' lang='grc' dir='ltr'>ι</span> <span class='ocrx_word' id='word_1_695' title='bbox 828 4560 1171 4633; x_wconf 84' lang='lat' dir='ltr'><strong>Vocabisque</strong></span> <span class='ocrx_word' id='word_1_696' title='bbox 1199 4580 1393 4621; x_wconf 91' lang='lat' dir='ltr'><strong>nomen</strong></span> <span class='ocrx_word' id='word_1_697' title='bbox 1430 4567 1550 4637; x_wconf 90' lang='lat' dir='ltr'><strong>ejus</strong></span> <span class='ocrx_word' id='word_1_698' title='bbox 1576 4566 1821 4624; x_wconf 79' lang='lat' dir='ltr'><strong>lsaacnm</strong></span> <span class='ocrx_word' id='word_1_699' title='bbox 1862 4590 1874 4625; x_wconf 90' lang='lat'><strong>:</strong></span> <span class='ocrx_word' id='word_1_700' title='bbox 1912 4589 1930 4621; x_wconf 72' lang='grc' dir='ltr'>ι</span> 
     </span>
    </p>
   </div>
   <div class='ocr_carea' id='block_1_90' title="bbox 2066 4559 3632 4662">
    <p class='ocr_par' dir='ltr' id='par_1_90' title="bbox 2066 4559 3632 4662">
     <span class='ocr_line' id='line_1_91' title="bbox 2066 4559 3632 4662; baseline -0.011 -15"><span class='ocrx_word' id='word_1_701' title='bbox 2066 4559 2093 4644; x_wconf 17' lang='grc' dir='ltr'>τί</span> <span class='ocrx_word' id='word_1_702' title='bbox 2118 4592 2151 4660; x_wconf 84' lang='grc' dir='ltr'>ἡ</span> <span class='ocrx_word' id='word_1_703' title='bbox 2173 4559 2367 4662; x_wconf 34' lang='grc' dir='ltr'>,Σάρρα</span> <span class='ocrx_word' id='word_1_704' title='bbox 2394 4559 2542 4660; x_wconf 40' lang='grc' dir='ltr'>γυνή’</span> <span class='ocrx_word' id='word_1_705' title='bbox 2579 4608 2695 4653; x_wconf 90' lang='grc' dir='ltr'>σου,</span> <span class='ocrx_word' id='word_1_706' title='bbox 2724 4590 2785 4642; x_wconf 84' lang='grc' dir='ltr'>οὐ</span> <span class='ocrx_word' id='word_1_707' title='bbox 2805 4559 2951 4658; x_wconf 63' lang='grc' dir='ltr'><strong>⁷γυνῆ</strong></span> <span class='ocrx_word' id='word_1_708' title='bbox 2988 4604 3082 4641; x_wconf 90' lang='grc' dir='ltr'><strong>σου</strong></span> <span class='ocrx_word' id='word_1_709' title='bbox 3202 4559 3405 4656; x_wconf 52' lang='grc' dir='ltr'>Ἀτάρ,</span> <span class='ocrx_word' id='word_1_710' title='bbox 3435 4559 3632 4645; x_wconf 41' lang='grc' dir='ltr'>-Καλῶς</span> 
     </span>
    </p>
   </div>
   <div class='ocr_carea' id='block_1_91' title="bbox 357 4652 1939 4729">
    <p class='ocr_par' dir='ltr' id='par_1_91' title="bbox 357 4652 1939 4729">
     <span class='ocr_line' id='line_1_92' title="bbox 357 4652 1939 4729; baseline 0.008 -23"><span class='ocrx_word' id='word_1_711' title='bbox 357 4668 487 4722; x_wconf 77' lang='lat' dir='ltr'><strong>ergo</strong></span> <span class='ocrx_word' id='word_1_712' title='bbox 504 4652 690 4708; x_wconf 88' lang='lat' dir='ltr'><strong>divino</strong></span> <span class='ocrx_word' id='word_1_713' title='bbox 704 4664 837 4707; x_wconf 88' lang='lat' dir='ltr'><strong>nutu</strong></span> <span class='ocrx_word' id='word_1_714' title='bbox 860 4670 1240 4725; x_wconf 88' lang='lat' dir='ltr'><strong>nomenpuero</strong></span> <span class='ocrx_word' id='word_1_715' title='bbox 1259 4657 1596 4729; x_wconf 87' lang='lat' dir='ltr'><strong>impositum.</strong></span> <span class='ocrx_word' id='word_1_716' title='bbox 1622 4680 1639 4712; x_wconf 81' lang='grc' dir='ltr'>ι</span> <span class='ocrx_word' id='word_1_717' title='bbox 1664 4660 1939 4717; x_wconf 72' lang='grc' dir='ltr'>διοιυοηισ</span> 
     </span>
    </p>
   </div>
   <div class='ocr_carea' id='block_1_92' title="bbox 360 4744 1943 4819">
    <p class='ocr_par' dir='ltr' id='par_1_92' title="bbox 360 4744 1943 4819">
     <span class='ocr_line' id='line_1_93' title="bbox 360 4744 1943 4819; baseline 0.01 -21"><span class='ocrx_word' id='word_1_718' title='bbox 360 4760 469 4815; x_wconf 86' lang='lat' dir='ltr'><strong>que</strong></span> <span class='ocrx_word' id='word_1_719' title='bbox 499 4744 677 4801; x_wconf 68' lang='lat' dir='ltr'><strong>[indos</strong></span> <span class='ocrx_word' id='word_1_720' title='bbox 712 4762 893 4801; x_wconf 90' lang='lat' dir='ltr'><strong>meum</strong></span> <span class='ocrx_word' id='word_1_721' title='bbox 917 4762 1041 4802; x_wconf 90' lang='lat' dir='ltr'><strong>cum</strong></span> <span class='ocrx_word' id='word_1_722' title='bbox 1077 4749 1218 4819; x_wconf 89' lang='lat' dir='ltr'><strong>ipso.</strong></span> <span class='ocrx_word' id='word_1_723' title='bbox 1249 4769 1269 4802; x_wconf 74' lang='grc' dir='ltr'>ι</span> <span class='ocrx_word' id='word_1_724' title='bbox 1294 4752 1409 4808; x_wconf 78' lang='lat' dir='ltr'><strong>[loc</strong></span> <span class='ocrx_word' id='word_1_725' title='bbox 1438 4763 1521 4810; x_wconf 88' lang='lat' dir='ltr'><strong>est</strong></span> <span class='ocrx_word' id='word_1_726' title='bbox 1556 4754 1943 4814; x_wconf 71' lang='lat' dir='ltr'><strong>familiaritatis</strong></span> 
     </span>
    </p>
   </div>
   <div class='ocr_carea' id='block_1_93' title="bbox 362 4838 1941 4911">
    <p class='ocr_par' dir='ltr' id='par_1_93' title="bbox 362 4838 1941 4911">
     <span class='ocr_line' id='line_1_94' title="bbox 362 4838 1941 4911; baseline 0.008 -19"><span class='ocrx_word' id='word_1_727' title='bbox 362 4854 491 4894; x_wconf 80' lang='lat' dir='ltr'><strong>eum</strong></span> <span class='ocrx_word' id='word_1_728' title='bbox 528 4838 636 4894; x_wconf 87' lang='lat' dir='ltr'><strong>Deo</strong></span> <span class='ocrx_word' id='word_1_729' title='bbox 679 4841 917 4911; x_wconf 79' lang='lat' dir='ltr'><strong>signum.</strong></span> <span class='ocrx_word' id='word_1_730' title='bbox 951 4841 1176 4897; x_wconf 84' lang='lat' dir='ltr'><strong>Addidit</strong></span> <span class='ocrx_word' id='word_1_731' title='bbox 1227 4843 1392 4900; x_wconf 81' lang='lat' dir='ltr'><strong>etiam</strong></span> <span class='ocrx_word' id='word_1_732' title='bbox 1444 4862 1502 4903; x_wconf 91' lang='lat' dir='ltr'><strong>sc</strong></span> <span class='ocrx_word' id='word_1_733' title='bbox 1564 4850 1806 4905; x_wconf 77' lang='lat' dir='ltr'><strong>futurum</strong></span> <span class='ocrx_word' id='word_1_734' title='bbox 1866 4852 1941 4905; x_wconf 90' lang='lat' dir='ltr'><strong>illi</strong></span> 
     </span>
    </p>
   </div>
   <div class='ocr_carea' id='block_1_94' title="bbox 363 4932 1945 5012">
    <p class='ocr_par' dir='ltr' id='par_1_94' title="bbox 363 4932 1945 5012">
     <span class='ocr_line' id='line_1_95' title="bbox 363 4932 1945 5012; baseline 0.007 -26"><span class='ocrx_word' id='word_1_735' title='bbox 363 4932 559 4998; x_wconf 84' lang='lat' dir='ltr'><strong>Deum,</strong></span> <span class='ocrx_word' id='word_1_736' title='bbox 582 4934 811 5005; x_wconf 89' lang='lat' dir='ltr'><strong>ejusque</strong></span> <span class='ocrx_word' id='word_1_737' title='bbox 842 4944 965 5005; x_wconf 88' lang='lat' dir='ltr'><strong>post</strong></span> <span class='ocrx_word' id='word_1_738' title='bbox 994 4934 1168 5006; x_wconf 87' lang='lat' dir='ltr'><strong>ipsum</strong></span> <span class='ocrx_word' id='word_1_739' title='bbox 1204 4939 1420 4994; x_wconf 91' lang='lat' dir='ltr'><strong>semini.</strong></span> <span class='ocrx_word' id='word_1_740' title='bbox 1454 4940 1672 5011; x_wconf 84' lang='lat' dir='ltr'><strong>Quippe</strong></span> <span class='ocrx_word' id='word_1_741' title='bbox 1723 4959 1945 5012; x_wconf 86' lang='lat' dir='ltr'><strong>separa-</strong></span> 
     </span>
    </p>
   </div>
   <div class='ocr_carea' id='block_1_95' title="bbox 361 5026 1939 5104">
    <p class='ocr_par' dir='ltr' id='par_1_95' title="bbox 361 5026 1939 5104">
     <span class='ocr_line' id='line_1_96' title="bbox 361 5026 1939 5104; baseline 0.006 -23"><span class='ocrx_word' id='word_1_742' title='bbox 361 5027 430 5082; x_wconf 89' lang='lat' dir='ltr'><strong>tis</strong></span> <span class='ocrx_word' id='word_1_743' title='bbox 458 5042 557 5082; x_wconf 91' lang='lat' dir='ltr'><strong>nec</strong></span> <span class='ocrx_word' id='word_1_744' title='bbox 585 5027 766 5099; x_wconf 77' lang='lat' dir='ltr'><strong>dignis</strong></span> <span class='ocrx_word' id='word_1_745' title='bbox 793 5026 995 5083; x_wconf 88' lang='lat' dir='ltr'><strong>habitis</strong></span> <span class='ocrx_word' id='word_1_746' title='bbox 1041 5027 1135 5084; x_wconf 92' lang='lat' dir='ltr'><strong>Dei</strong></span> <span class='ocrx_word' id='word_1_747' title='bbox 1172 5028 1399 5097; x_wconf 82' lang='lat' dir='ltr'><strong>foedere,</strong></span> <span class='ocrx_word' id='word_1_748' title='bbox 1448 5044 1501 5087; x_wconf 87' lang='lat' dir='ltr'><strong>et</strong></span> <span class='ocrx_word' id='word_1_749' title='bbox 1538 5034 1625 5087; x_wconf 92' lang='lat' dir='ltr'><strong>illa</strong></span> <span class='ocrx_word' id='word_1_750' title='bbox 1661 5035 1780 5104; x_wconf 85' lang='lat' dir='ltr'><strong>ejus</strong></span> <span class='ocrx_word' id='word_1_751' title='bbox 1816 5052 1939 5091; x_wconf 80' lang='lat' dir='ltr'><strong>eum</strong></span> 
     </span>
    </p>
   </div>
   <div class='ocr_carea' id='block_1_96' title="bbox 360 5119 1942 5188">
    <p class='ocr_par' dir='ltr' id='par_1_96' title="bbox 360 5119 1942 5188">
     <span class='ocr_line' id='line_1_97' title="bbox 360 5119 1942 5188; baseline 0.007 -14"><span class='ocrx_word' id='word_1_752' title='bbox 360 5121 546 5176; x_wconf 86' lang='lat' dir='ltr'><strong>lsaaco</strong></span> <span class='ocrx_word' id='word_1_753' title='bbox 602 5119 975 5177; x_wconf 79' lang='lat' dir='ltr'><strong>faniiliaritate</strong></span> <span class='ocrx_word' id='word_1_754' title='bbox 1005 5137 1069 5177; x_wconf 88' lang='lat' dir='ltr'><strong>ac</strong></span> <span class='ocrx_word' id='word_1_755' title='bbox 1128 5123 1300 5188; x_wconf 89' lang='lat' dir='ltr'><strong>cultu,</strong></span> <span class='ocrx_word' id='word_1_756' title='bbox 1360 5124 1670 5183; x_wconf 86' lang='lat' dir='ltr'><strong>lsmaelitis.</strong></span> <span class='ocrx_word' id='word_1_757' title='bbox 1717 5128 1942 5185; x_wconf 90' lang='lat' dir='ltr'><strong>Addidit</strong></span> 
     </span>
    </p>
   </div>
   <div class='ocr_carea' id='block_1_97' title="bbox 357 5214 1942 5281">
    <p class='ocr_par' dir='ltr' id='par_1_97' title="bbox 357 5214 1942 5281">
     <span class='ocr_line' id='line_1_98' title="bbox 357 5214 1942 5281; baseline 0.007 -15"><span class='ocrx_word' id='word_1_758' title='bbox 357 5215 540 5270; x_wconf 87' lang='lat' dir='ltr'><strong>enim:</strong></span> <span class='ocrx_word' id='word_1_759' title='bbox 580 5232 600 5267; x_wconf 79' lang='grc' dir='ltr'>ι</span> <span class='ocrx_word' id='word_1_760' title='bbox 625 5215 691 5269; x_wconf 90' lang='lat' dir='ltr'><strong>de</strong></span> <span class='ocrx_word' id='word_1_761' title='bbox 721 5214 952 5269; x_wconf 89' lang='lat' dir='ltr'><strong>lsmacle</strong></span> <span class='ocrx_word' id='word_1_762' title='bbox 981 5224 1185 5269; x_wconf 85' lang='lat' dir='ltr'><strong>autem.</strong></span> <span class='ocrx_word' id='word_1_763' title='bbox 1210 5234 1229 5268; x_wconf 73' lang='grc' dir='ltr'>ι</span> <span class='ocrx_word' id='word_1_764' title='bbox 1260 5216 1399 5281; x_wconf 76' lang='lat' dir='ltr'><strong>Quid</strong></span> <span class='ocrx_word' id='word_1_765' title='bbox 1423 5218 1670 5273; x_wconf 80' lang='lat' dir='ltr'><strong>esthoc?</strong></span> <span class='ocrx_word' id='word_1_766' title='bbox 1700 5236 1829 5276; x_wconf 87' lang='lat' dir='ltr'><strong>num</strong></span> <span class='ocrx_word' id='word_1_767' title='bbox 1854 5222 1942 5278; x_wconf 90' lang='lat' dir='ltr'><strong>hic</strong></span> 
     </span>
    </p>
   </div>
   <div class='ocr_carea' id='block_1_98' title="bbox 358 5308 1941 5381">
    <p class='ocr_par' dir='ltr' id='par_1_98' title="bbox 358 5308 1941 5381">
     <span class='ocr_line' id='line_1_99' title="bbox 358 5308 1941 5381; baseline 0.008 -20"><span class='ocrx_word' id='word_1_768' title='bbox 358 5308 586 5363; x_wconf 87' lang='lat' dir='ltr'><strong>alterius</strong></span> <span class='ocrx_word' id='word_1_769' title='bbox 618 5308 718 5362; x_wconf 88' lang='lat' dir='ltr'><strong>viri</strong></span> <span class='ocrx_word' id='word_1_770' title='bbox 757 5325 943 5365; x_wconf 83' lang='lat' dir='ltr'><strong>semen</strong></span> <span class='ocrx_word' id='word_1_771' title='bbox 975 5320 1081 5377; x_wconf 86' lang='lat' dir='ltr'><strong>est,</strong></span> <span class='ocrx_word' id='word_1_772' title='bbox 1121 5320 1176 5366; x_wconf 86' lang='lat' dir='ltr'><strong>et</strong></span> <span class='ocrx_word' id='word_1_773' title='bbox 1222 5327 1332 5365; x_wconf 86' lang='lat' dir='ltr'><strong>non</strong></span> <span class='ocrx_word' id='word_1_774' title='bbox 1377 5313 1563 5381; x_wconf 84' lang='lat' dir='ltr'><strong>potius</strong></span> <span class='ocrx_word' id='word_1_775' title='bbox 1618 5314 1806 5370; x_wconf 81' lang='lat' dir='ltr'><strong>famuli</strong></span> <span class='ocrx_word' id='word_1_776' title='bbox 1863 5318 1941 5373; x_wconf 88' lang='lat' dir='ltr'><strong>tui</strong></span> 
     </span>
    </p>
   </div>
   <div class='ocr_carea' id='block_1_99' title="bbox 358 5400 704 5456">
    <p class='ocr_par' dir='ltr' id='par_1_99' title="bbox 358 5400 704 5456">
     <span class='ocr_line' id='line_1_100' title="bbox 358 5400 704 5456; baseline -0.012 -1"><span class='ocrx_word' id='word_1_777' title='bbox 358 5400 654 5456; x_wconf 83' lang='lat' dir='ltr'><strong>Abraliami</strong></span> <span class='ocrx_word' id='word_1_778' title='bbox 680 5402 704 5450; x_wconf 84' lang='lat'><strong>?</strong></span> 
     </span>
    </p>
   </div>
   <div class='ocr_carea' id='block_1_100' title="bbox 430 5579 1934 5665">
    <p class='ocr_par' dir='ltr' id='par_1_100' title="bbox 430 5579 1934 5665">
     <span class='ocr_line' id='line_1_101' title="bbox 430 5579 1934 5665; baseline 0.01 -30"><span class='ocrx_word' id='word_1_779' title='bbox 430 5579 522 5635; x_wconf 72' lang='lat'><strong>92.</strong></span> <span class='ocrx_word' id='word_1_780' title='bbox 572 5600 590 5633; x_wconf 89' lang='grc'><strong><em>‹</em></strong></span> <span class='ocrx_word' id='word_1_781' title='bbox 626 5580 699 5637; x_wconf 90' lang='lat' dir='ltr'><strong>Dc</strong></span> <span class='ocrx_word' id='word_1_782' title='bbox 726 5582 952 5640; x_wconf 87' lang='lat' dir='ltr'><strong>lsmacle</strong></span> <span class='ocrx_word' id='word_1_783' title='bbox 976 5595 1180 5639; x_wconf 86' lang='lat' dir='ltr'><strong>autem.</strong></span> <span class='ocrx_word' id='word_1_784' title='bbox 1217 5605 1233 5638; x_wconf 78' lang='grc' dir='ltr'>ι</span> <span class='ocrx_word' id='word_1_785' title='bbox 1276 5586 1516 5646; x_wconf 85' lang='lat' dir='ltr'><strong>Alterius</strong></span> <span class='ocrx_word' id='word_1_786' title='bbox 1545 5590 1648 5647; x_wconf 92' lang='lat' dir='ltr'><strong>hoc</strong></span> <span class='ocrx_word' id='word_1_787' title='bbox 1678 5595 1934 5665; x_wconf 84' lang='lat' dir='ltr'><strong>proposi-</strong></span> 
     </span>
    </p>
   </div>
   <div class='ocr_carea' id='block_1_101' title="bbox 2048 4678 3628 4751">
    <p class='ocr_par' dir='ltr' id='par_1_101' title="bbox 2048 4678 3628 4751">
     <span class='ocr_line' id='line_1_102' title="bbox 2048 4678 3628 4751; baseline -0.006 -14"><span class='ocrx_word' id='word_1_788' title='bbox 2048 4685 2105 4737; x_wconf 82' lang='grc' dir='ltr'>δὲ</span> <span class='ocrx_word' id='word_1_789' title='bbox 2139 4683 2258 4750; x_wconf 68' lang='grc' dir='ltr'>καὶ,</span> <span class='ocrx_word' id='word_1_790' title='bbox 2299 4683 2531 4747; x_wconf 82' lang='grc' dir='ltr'>τέξεταί</span> <span class='ocrx_word' id='word_1_791' title='bbox 2578 4699 2699 4746; x_wconf 84' lang='grc' dir='ltr'>σοι,</span> <span class='ocrx_word' id='word_1_792' title='bbox 2737 4682 2858 4735; x_wconf 72' lang='grc' dir='ltr'><strong>ἀντὶ</strong></span> <span class='ocrx_word' id='word_1_793' title='bbox 2907 4681 3023 4747; x_wconf 87' lang='grc' dir='ltr'>τοῦ,</span> <span class='ocrx_word' id='word_1_794' title='bbox 3079 4680 3267 4751; x_wconf 85' lang='grc' dir='ltr'>ὅμοιόν</span> <span class='ocrx_word' id='word_1_795' title='bbox 3305 4696 3408 4734; x_wconf 83' lang='grc' dir='ltr'>σοι.</span> <span class='ocrx_word' id='word_1_796' title='bbox 3465 4698 3483 4731; x_wconf 77' lang='grc' dir='ltr'>ι</span> <span class='ocrx_word' id='word_1_797' title='bbox 3527 4678 3628 4732; x_wconf 77' lang='grc' dir='ltr'><strong>Καὶ</strong></span> 
     </span>
    </p>
   </div>
   <div class='ocr_carea' id='block_1_102' title="bbox 2048 4773 3628 4846">
    <p class='ocr_par' dir='ltr' id='par_1_102' title="bbox 2048 4773 3628 4846">
     <span class='ocr_line' id='line_1_103' title="bbox 2048 4773 3628 4846; baseline -0.003 -17"><span class='ocrx_word' id='word_1_798' title='bbox 2048 4776 2298 4838; x_wconf 78' lang='grc' dir='ltr'>καλέσεις</span> <span class='ocrx_word' id='word_1_799' title='bbox 2320 4776 2381 4828; x_wconf 85' lang='grc' dir='ltr'>τὸ</span> <span class='ocrx_word' id='word_1_800' title='bbox 2409 4776 2580 4846; x_wconf 72' lang='grc' dir='ltr'>ὄνομα</span> <span class='ocrx_word' id='word_1_801' title='bbox 2610 4774 2779 4829; x_wconf 85' lang='grc' dir='ltr'>αὑτοῦ</span> <span class='ocrx_word' id='word_1_802' title='bbox 2822 4775 3009 4830; x_wconf 83' lang='grc' dir='ltr'>Ἰσαάκ</span> <span class='ocrx_word' id='word_1_803' title='bbox 3028 4791 3042 4804; x_wconf 91' lang='grc'><strong>·</strong></span> <span class='ocrx_word' id='word_1_804' title='bbox 3082 4793 3102 4827; x_wconf 74' lang='grc' dir='ltr'>ι</span> <span class='ocrx_word' id='word_1_805' title='bbox 3149 4773 3443 4844; x_wconf 83' lang='grc' dir='ltr'>θεόκλητος</span> <span class='ocrx_word' id='word_1_806' title='bbox 3469 4776 3576 4845; x_wconf 82' lang='grc' dir='ltr'><strong>ἄρα</strong></span> <span class='ocrx_word' id='word_1_807' title='bbox 3602 4773 3628 4823; x_wconf 84' lang='grc' dir='ltr'><strong><em>ὁ</em></strong></span> 
     </span>
    </p>
   </div>
   <div class='ocr_carea' id='block_1_103' title="bbox 2051 4867 3621 4941">
    <p class='ocr_par' dir='ltr' id='par_1_103' title="bbox 2051 4867 3621 4941">
     <span class='ocr_line' id='line_1_104' title="bbox 2051 4867 3621 4941; baseline -0.002 -21"><span class='ocrx_word' id='word_1_808' title='bbox 2051 4870 2200 4932; x_wconf 85' lang='grc' dir='ltr'>παῖς.</span> <span class='ocrx_word' id='word_1_809' title='bbox 2253 4885 2272 4919; x_wconf 76' lang='grc' dir='ltr'>ι</span> <span class='ocrx_word' id='word_1_810' title='bbox 2292 4867 2404 4922; x_wconf 76' lang='grc' dir='ltr'><strong>Καὶ</strong></span> <span class='ocrx_word' id='word_1_811' title='bbox 2436 4869 2622 4939; x_wconf 85' lang='grc' dir='ltr'>στήσω</span> <span class='ocrx_word' id='word_1_812' title='bbox 2645 4869 2743 4940; x_wconf 81' lang='grc' dir='ltr'>τὴν</span> <span class='ocrx_word' id='word_1_813' title='bbox 2768 4869 3039 4940; x_wconf 74' lang='grc' dir='ltr'><strong>διαθήκην</strong></span> <span class='ocrx_word' id='word_1_814' title='bbox 3067 4886 3169 4939; x_wconf 91' lang='grc' dir='ltr'><strong>μου</strong></span> <span class='ocrx_word' id='word_1_815' title='bbox 3214 4868 3350 4941; x_wconf 81' lang='grc' dir='ltr'>πρὸς</span> <span class='ocrx_word' id='word_1_816' title='bbox 3382 4868 3565 4922; x_wconf 82' lang='grc' dir='ltr'>αὐτόν.</span> <span class='ocrx_word' id='word_1_817' title='bbox 3606 4885 3621 4917; x_wconf 75' lang='grc' dir='ltr'>ι</span> 
     </span>
    </p>
   </div>
   <div class='ocr_carea' id='block_1_104' title="bbox 2049 4958 3626 5030">
    <p class='ocr_par' dir='ltr' id='par_1_104' title="bbox 2049 4958 3626 5030">
     <span class='ocr_line' id='line_1_105' title="bbox 2049 4958 3626 5030; baseline -0.001 -19"><span class='ocrx_word' id='word_1_818' title='bbox 2049 4958 2220 5012; x_wconf 84' lang='grc' dir='ltr'>Τοῦτο</span> <span class='ocrx_word' id='word_1_819' title='bbox 2242 4959 2339 5027; x_wconf 85' lang='grc' dir='ltr'>τῆς</span> <span class='ocrx_word' id='word_1_820' title='bbox 2364 4959 2444 5022; x_wconf 84' lang='grc' dir='ltr'><strong>είς</strong></span> <span class='ocrx_word' id='word_1_821' title='bbox 2468 4958 2600 5012; x_wconf 80' lang='grc' dir='ltr'>Θεὸν</span> <span class='ocrx_word' id='word_1_822' title='bbox 2622 4959 2947 5021; x_wconf 81' lang='grc' dir='ltr'>οἰκειώσεως</span> <span class='ocrx_word' id='word_1_823' title='bbox 2964 4961 3218 5030; x_wconf 77' lang='grc' dir='ltr'>σημεῖονο</span> <span class='ocrx_word' id='word_1_824' title='bbox 3248 4961 3500 5030; x_wconf 84' lang='grc' dir='ltr'>ἐπήγαγε</span> <span class='ocrx_word' id='word_1_825' title='bbox 3527 4958 3626 5028; x_wconf 83' lang='grc' dir='ltr'>γὰρ</span> 
     </span>
    </p>
   </div>
   <div class='ocr_carea' id='block_1_105' title="bbox 2051 5046 3625 5124">
    <p class='ocr_par' dir='ltr' id='par_1_105' title="bbox 2051 5046 3625 5124">
     <span class='ocr_line' id='line_1_106' title="bbox 2051 5046 3625 5124; baseline 0 -20"><span class='ocrx_word' id='word_1_826' title='bbox 2051 5046 2191 5105; x_wconf 79' lang='grc' dir='ltr'>εἶναι</span> <span class='ocrx_word' id='word_1_827' title='bbox 2237 5050 2403 5108; x_wconf 81' lang='grc' dir='ltr'>αὐτοῦ</span> <span class='ocrx_word' id='word_1_828' title='bbox 2432 5050 2584 5117; x_wconf 79' lang='grc' dir='ltr'>Θεὸς,</span> <span class='ocrx_word' id='word_1_829' title='bbox 2620 5051 2713 5105; x_wconf 76' lang='grc' dir='ltr'><strong>καὶ</strong></span> <span class='ocrx_word' id='word_1_830' title='bbox 2743 5052 2820 5123; x_wconf 82' lang='grc' dir='ltr'>τῷ</span> <span class='ocrx_word' id='word_1_831' title='bbox 2852 5053 3127 5124; x_wconf 87' lang='grc' dir='ltr'>σπέρματι</span> <span class='ocrx_word' id='word_1_832' title='bbox 3166 5051 3332 5107; x_wconf 80' lang='grc' dir='ltr'>αὑτοῦ</span> <span class='ocrx_word' id='word_1_833' title='bbox 3384 5053 3503 5122; x_wconf 84' lang='grc' dir='ltr'>μετ’</span> <span class='ocrx_word' id='word_1_834' title='bbox 3535 5052 3625 5106; x_wconf 85' lang='grc' dir='ltr'><strong>αὑ-</strong></span> 
     </span>
    </p>
   </div>
   <div class='ocr_carea' id='block_1_106' title="bbox 2052 5143 3651 5216">
    <p class='ocr_par' dir='ltr' id='par_1_106' title="bbox 2052 5143 3651 5216">
     <span class='ocr_line' id='line_1_107' title="bbox 2052 5143 3651 5216; baseline 0.001 -18"><span class='ocrx_word' id='word_1_835' title='bbox 2052 5145 2169 5198; x_wconf 73' lang='grc' dir='ltr'>τόν*</span> <span class='ocrx_word' id='word_1_836' title='bbox 2199 5143 2274 5205; x_wconf 84' lang='grc' dir='ltr'><strong>ὡς</strong></span> <span class='ocrx_word' id='word_1_837' title='bbox 2316 5144 2787 5216; x_wconf 82' lang='grc' dir='ltr'>ἁντιδιῃρημένων</span> <span class='ocrx_word' id='word_1_838' title='bbox 2816 5146 2910 5200; x_wconf 72' lang='grc' dir='ltr'>καὶ</span> <span class='ocrx_word' id='word_1_839' title='bbox 2940 5146 3016 5216; x_wconf 86' lang='grc' dir='ltr'>μὴ</span> <span class='ocrx_word' id='word_1_840' title='bbox 3064 5145 3507 5216; x_wconf 79' lang='grc' dir='ltr'>καταξιουμένων</span> <span class='ocrx_word' id='word_1_841' title='bbox 3534 5146 3651 5216; x_wconf 83' lang='grc' dir='ltr'>τῆς⁹</span> 
     </span>
    </p>
   </div>
   <div class='ocr_carea' id='block_1_107' title="bbox 2051 5238 3625 5311">
    <p class='ocr_par' dir='ltr' id='par_1_107' title="bbox 2051 5238 3625 5311">
     <span class='ocr_line' id='line_1_108' title="bbox 2051 5238 3625 5311; baseline 0.001 -22"><span class='ocrx_word' id='word_1_842' title='bbox 2051 5238 2189 5306; x_wconf 81' lang='grc' dir='ltr'>πρὸς</span> <span class='ocrx_word' id='word_1_843' title='bbox 2218 5238 2410 5299; x_wconf 83' lang='grc' dir='ltr'>αὐτοὺς</span> <span class='ocrx_word' id='word_1_844' title='bbox 2444 5239 2539 5293; x_wconf 88' lang='grc' dir='ltr'><strong>τοῦ</strong></span> <span class='ocrx_word' id='word_1_845' title='bbox 2568 5239 2703 5293; x_wconf 86' lang='grc' dir='ltr'>Θεοῦ</span> <span class='ocrx_word' id='word_1_846' title='bbox 2751 5239 3037 5311; x_wconf 84' lang='grc' dir='ltr'>διαθήκης,</span> <span class='ocrx_word' id='word_1_847' title='bbox 3072 5239 3400 5304; x_wconf 83' lang='grc' dir='ltr'>οίκειὼσεώς</span> <span class='ocrx_word' id='word_1_848' title='bbox 3432 5257 3491 5293; x_wconf 90' lang='grc' dir='ltr'>τε</span> <span class='ocrx_word' id='word_1_849' title='bbox 3539 5239 3625 5294; x_wconf 79' lang='grc' dir='ltr'>καὶ</span> 
     </span>
    </p>
   </div>
   <div class='ocr_carea' id='block_1_108' title="bbox 2051 5330 3624 5405">
    <p class='ocr_par' dir='ltr' id='par_1_108' title="bbox 2051 5330 3624 5405">
     <span class='ocr_line' id='line_1_109' title="bbox 2051 5330 3624 5405; baseline 0.002 -23"><span class='ocrx_word' id='word_1_850' title='bbox 2051 5330 2307 5402; x_wconf 76' lang='grc' dir='ltr'>λατρείας</span> <span class='ocrx_word' id='word_1_851' title='bbox 2334 5330 2444 5385; x_wconf 83' lang='grc' dir='ltr'>τῶν</span> <span class='ocrx_word' id='word_1_852' title='bbox 2482 5332 2840 5404; x_wconf 83' lang='grc' dir='ltr'>Ἰσμαηλιτῶν</span> <span class='ocrx_word' id='word_1_853' title='bbox 2867 5348 2881 5363; x_wconf 84' lang='grc'><em>’</em></span> <span class='ocrx_word' id='word_1_854' title='bbox 2915 5334 3163 5405; x_wconf 79' lang='grc' dir='ltr'>ἐπήγαγε</span> <span class='ocrx_word' id='word_1_855' title='bbox 3195 5335 3325 5404; x_wconf 84' lang='grc' dir='ltr'>γὰρ,</span> <span class='ocrx_word' id='word_1_856' title='bbox 3364 5353 3383 5387; x_wconf 76' lang='grc' dir='ltr'>ι</span> <span class='ocrx_word' id='word_1_857' title='bbox 3416 5335 3549 5405; x_wconf 74' lang='grc' dir='ltr'>Περὶ</span> <span class='ocrx_word' id='word_1_858' title='bbox 3572 5332 3624 5388; x_wconf 84' lang='grc' dir='ltr'>δὲ</span> 
     </span>
    </p>
   </div>
   <div class='ocr_carea' id='block_1_109' title="bbox 2066 5420 3624 5498">
    <p class='ocr_par' dir='ltr' id='par_1_109' title="bbox 2066 5420 3624 5498">
     <span class='ocr_line' id='line_1_110' title="bbox 2066 5420 3624 5498; baseline 0.004 -24"><span class='ocrx_word' id='word_1_859' title='bbox 2066 5420 2308 5493; x_wconf 73' lang='grc' dir='ltr'>Ἰσμαήλ.</span> <span class='ocrx_word' id='word_1_860' title='bbox 2347 5442 2366 5476; x_wconf 83' lang='grc'>›</span> <span class='ocrx_word' id='word_1_861' title='bbox 2426 5424 2492 5477; x_wconf 86' lang='lat' dir='ltr'><strong>Ti</strong></span> <span class='ocrx_word' id='word_1_862' title='bbox 2541 5425 2729 5492; x_wconf 86' lang='grc' dir='ltr'>τοῦτο;</span> <span class='ocrx_word' id='word_1_863' title='bbox 2783 5426 2973 5497; x_wconf 79' lang='grc' dir='ltr'>ἐτέρου</span> <span class='ocrx_word' id='word_1_864' title='bbox 3032 5421 3187 5492; x_wconf 74' lang='grc' dir='ltr'>οὗτός</span> <span class='ocrx_word' id='word_1_865' title='bbox 3234 5429 3384 5481; x_wconf 82' lang='grc' dir='ltr'>ἐστιν</span> <span class='ocrx_word' id='word_1_866' title='bbox 3438 5427 3624 5498; x_wconf 76' lang='grc' dir='ltr'>ἀνδρὸς</span> 
     </span>
    </p>
   </div>
   <div class='ocr_carea' id='block_1_110' title="bbox 2058 5512 3523 5591">
    <p class='ocr_par' dir='ltr' id='par_1_110' title="bbox 2058 5512 3523 5591">
     <span class='ocr_line' id='line_1_111' title="bbox 2058 5512 3523 5591; baseline 0.006 -26"><span class='ocrx_word' id='word_1_867' title='bbox 2058 5512 2296 5583; x_wconf 77' lang='grc' dir='ltr'>σπέρμα,</span> <span class='ocrx_word' id='word_1_868' title='bbox 2321 5514 2436 5567; x_wconf 81' lang='grc' dir='ltr'>ἀλλ’</span> <span class='ocrx_word' id='word_1_869' title='bbox 2460 5515 2582 5585; x_wconf 70' lang='grc' dir='ltr'>οὐχὶ</span> <span class='ocrx_word' id='word_1_870' title='bbox 2610 5515 2705 5570; x_wconf 85' lang='grc' dir='ltr'><strong>τοῦ</strong></span> <span class='ocrx_word' id='word_1_871' title='bbox 2735 5516 2827 5570; x_wconf 90' lang='grc' dir='ltr'><strong>σοῦ</strong></span> <span class='ocrx_word' id='word_1_872' title='bbox 2859 5517 3190 5590; x_wconf 82' lang='grc' dir='ltr'>θεράποντος</span> <span class='ocrx_word' id='word_1_873' title='bbox 3238 5519 3523 5591; x_wconf 83' lang='grc' dir='ltr'>’Ᾱϐραάμ;</span> 
     </span>
    </p>
   </div>
   <div class='ocr_carea' id='block_1_111' title="bbox 2122 5603 3620 5687">
    <p class='ocr_par' dir='ltr' id='par_1_111' title="bbox 2122 5603 3620 5687">
     <span class='ocr_line' id='line_1_112' title="bbox 2122 5603 3620 5687; baseline 0.015 -35"><span class='ocrx_word' id='word_1_874' title='bbox 2122 5603 2229 5675; x_wconf 56' lang='grc' dir='ltr'><strong>ιιβκ</strong></span> <span class='ocrx_word' id='word_1_875' title='bbox 2272 5625 2289 5659; x_wconf 80' lang='grc' dir='ltr'>ι</span> <span class='ocrx_word' id='word_1_876' title='bbox 2328 5608 2459 5681; x_wconf 77' lang='grc' dir='ltr'>Περὶ</span> <span class='ocrx_word' id='word_1_877' title='bbox 2487 5609 2547 5663; x_wconf 83' lang='grc' dir='ltr'>δὲ</span> <span class='ocrx_word' id='word_1_878' title='bbox 2592 5610 2846 5683; x_wconf 73' lang='grc' dir='ltr'>Ἰσμαήλ·</span> <span class='ocrx_word' id='word_1_879' title='bbox 2882 5632 2901 5666; x_wconf 71' lang='grc' dir='ltr'>ι</span> <span class='ocrx_word' id='word_1_880' title='bbox 2940 5613 3106 5686; x_wconf 76' lang='grc' dir='ltr'>ἄλλης</span> <span class='ocrx_word' id='word_1_881' title='bbox 3143 5613 3459 5681; x_wconf 75' lang='grc' dir='ltr'>ὑποθέσεως</span> <span class='ocrx_word' id='word_1_882' title='bbox 3485 5613 3620 5687; x_wconf 78' lang='grc' dir='ltr'>ἁρχὴ</span> 
     </span>
    </p>
   </div>
   <div class='ocr_carea' id='block_1_112' title="bbox 434 5691 2057 5786">
    <p class='ocr_par' dir='ltr' id='par_1_112' title="bbox 434 5691 2057 5786">
     <span class='ocr_line' id='line_1_113' title="bbox 434 5691 2057 5786; baseline 0.015 -43"><span class='ocrx_word' id='word_1_883' title='bbox 434 5692 481 5725; x_wconf 72' lang='grc'><strong>’⁸</strong></span> <span class='ocrx_word' id='word_1_884' title='bbox 508 5691 744 5759; x_wconf 78' lang='lat' dir='ltr'><strong>‘lsa.u,</strong></span> <span class='ocrx_word' id='word_1_885' title='bbox 770 5696 819 5751; x_wconf 85' lang='lat'><strong>7.</strong></span> <span class='ocrx_word' id='word_1_886' title='bbox 896 5699 940 5729; x_wconf 78' lang='grc'>²⁰</span> <span class='ocrx_word' id='word_1_887' title='bbox 966 5697 1102 5752; x_wconf 80' lang='lat' dir='ltr'><strong>Gcn.</strong></span> <span class='ocrx_word' id='word_1_888' title='bbox 1137 5714 1263 5765; x_wconf 81' lang='lat' dir='ltr'><strong>xxv,</strong></span> <span class='ocrx_word' id='word_1_889' title='bbox 1293 5700 1375 5755; x_wconf 69' lang='lat'><strong>13.</strong></span> <span class='ocrx_word' id='word_1_890' title='bbox 1444 5702 1489 5734; x_wconf 78' lang='grc' dir='ltr'><strong>³ο</strong></span> <span class='ocrx_word' id='word_1_891' title='bbox 1514 5702 1650 5760; x_wconf 86' lang='lat' dir='ltr'><strong>Gen.</strong></span> <span class='ocrx_word' id='word_1_892' title='bbox 1688 5723 1822 5774; x_wconf 74' lang='lat' dir='ltr'><strong>xvii,</strong></span> <span class='ocrx_word' id='word_1_893' title='bbox 1860 5708 2057 5786; x_wconf 75' lang='grc' dir='ltr'>17,ἐιι.</span> 
     </span>
    </p>
   </div>
   <div class='ocr_carea' id='block_1_113' title="bbox 433 5849 1118 5924">
    <p class='ocr_par' dir='ltr' id='par_1_113' title="bbox 433 5849 1118 5924">
     <span class='ocr_line' id='line_1_114' title="bbox 433 5849 1118 5924; baseline 0.01 -20"><span class='ocrx_word' id='word_1_894' title='bbox 433 5849 542 5923; x_wconf 79' lang='lat'><strong>(95)</strong></span> <span class='ocrx_word' id='word_1_895' title='bbox 576 5851 703 5909; x_wconf 90' lang='lat' dir='ltr'><strong>Sur.</strong></span> <span class='ocrx_word' id='word_1_896' title='bbox 740 5852 803 5921; x_wconf 88' lang='lat' dir='ltr'><strong>ll,</strong></span> <span class='ocrx_word' id='word_1_897' title='bbox 834 5854 961 5924; x_wconf 76' lang='lat'><strong>259,</strong></span> <span class='ocrx_word' id='word_1_898' title='bbox 992 5856 1118 5915; x_wconf 75' lang='grc'>265.</span> 
     </span>
    </p>
   </div>
  </div>
