  <div class='ocr_page' id='page_1' title='image "/cluster/home/n/w/nwhite01/storage/ocr_20150623/105/hvd.32044013678347/404.png"; bbox 0 0 3994 6618; ppageno 0'>
   <div class='ocr_carea' id='block_1_1' title="bbox 325 381 435 448">
    <p class='ocr_par' dir='ltr' id='par_1_1' title="bbox 325 381 435 448">
     <span class='ocr_line' id='line_1_1' title="bbox 325 381 435 448; baseline -0.018 -1"><span class='ocrx_word' id='word_1_1' title='bbox 325 381 435 448; x_wconf 80' lang='lat'><strong>789</strong></span> 
     </span>
    </p>
   </div>
   <div class='ocr_carea' id='block_1_2' title="bbox 1503 379 2450 445">
    <p class='ocr_par' dir='ltr' id='par_1_2' title="bbox 1503 379 2450 445">
     <span class='ocr_line' id='line_1_2' title="bbox 1503 379 2450 445; baseline 0.006 -6"><span class='ocrx_word' id='word_1_2' title='bbox 1503 379 1940 442; x_wconf 80' lang='lat' dir='ltr'><strong>REFUTATIO</strong></span> <span class='ocrx_word' id='word_1_3' title='bbox 1971 380 2450 445; x_wconf 79' lang='lat' dir='ltr'><strong>MOHAMEDIS.</strong></span> 
     </span>
    </p>
   </div>
   <div class='ocr_carea' id='block_1_3' title="bbox 3485 377 3596 443">
    <p class='ocr_par' dir='ltr' id='par_1_3' title="bbox 3485 377 3596 443">
     <span class='ocr_line' id='line_1_3' title="bbox 3485 377 3596 443; baseline 0.009 -1"><span class='ocrx_word' id='word_1_4' title='bbox 3485 377 3596 443; x_wconf 76' lang='lat'><strong>790</strong></span> 
     </span>
    </p>
   </div>
   <div class='ocr_carea' id='block_1_4' title="bbox 325 492 1940 571">
    <p class='ocr_par' dir='ltr' id='par_1_4' title="bbox 325 492 1940 568">
     <span class='ocr_line' id='line_1_4' title="bbox 325 492 1940 568; baseline -0.002 -16"><span class='ocrx_word' id='word_1_5' title='bbox 325 493 633 568; x_wconf 77' lang='grc' dir='ltr'>διῃρημένη</span> <span class='ocrx_word' id='word_1_6' title='bbox 663 493 764 565; x_wconf 82' lang='grc' dir='ltr'>τῆς</span> <span class='ocrx_word' id='word_1_7' title='bbox 816 492 956 548; x_wconf 84' lang='grc' dir='ltr'><strong>κατά</strong></span> <span class='ocrx_word' id='word_1_8' title='bbox 1005 493 1105 566; x_wconf 83' lang='grc' dir='ltr'><strong>τήν</strong></span> <span class='ocrx_word' id='word_1_9' title='bbox 1145 494 1374 567; x_wconf 73' lang='grc' dir='ltr'>πρώτην</span> <span class='ocrx_word' id='word_1_10' title='bbox 1411 493 1738 549; x_wconf 79' lang='grc' dir='ltr'><strong>ἀκολουθίαν</strong></span> <span class='ocrx_word' id='word_1_11' title='bbox 1781 513 1940 564; x_wconf 21' lang='grc' dir='ltr'>συν-η</span> 
     </span>
    </p>
   </div>
   <div class='ocr_carea' id='block_1_5' title="bbox 2047 492 3596 571">
    <p class='ocr_par' dir='ltr' id='par_1_5' title="bbox 2047 494 3596 571">
     <span class='ocr_line' id='line_1_5' title="bbox 2047 494 3596 571; baseline -0.003 -18"><span class='ocrx_word' id='word_1_12' title='bbox 2047 499 2182 555; x_wconf 80' lang='lat' dir='ltr'><strong>ionis</strong></span> <span class='ocrx_word' id='word_1_13' title='bbox 2235 499 2459 555; x_wconf 83' lang='lat' dir='ltr'><strong>initium</strong></span> <span class='ocrx_word' id='word_1_14' title='bbox 2518 507 2623 567; x_wconf 88' lang='lat' dir='ltr'><strong>est,</strong></span> <span class='ocrx_word' id='word_1_15' title='bbox 2659 515 2689 555; x_wconf 89' lang='lat' dir='ltr'><strong>a</strong></span> <span class='ocrx_word' id='word_1_16' title='bbox 2721 497 3025 571; x_wconf 82' lang='lat' dir='ltr'><strong>superioris</strong></span> <span class='ocrx_word' id='word_1_17' title='bbox 3075 503 3367 554; x_wconf 80' lang='lat' dir='ltr'><strong>contextus</strong></span> <span class='ocrx_word' id='word_1_18' title='bbox 3415 494 3596 551; x_wconf 87' lang='lat' dir='ltr'><strong>conti-</strong></span> 
     </span>
    </p>
   </div>
   <div class='ocr_carea' id='block_1_6' title="bbox 327 585 1917 660">
    <p class='ocr_par' dir='ltr' id='par_1_6' title="bbox 327 585 1917 660">
     <span class='ocr_line' id='line_1_6' title="bbox 327 585 1917 660; baseline -0.001 -17"><span class='ocrx_word' id='word_1_19' title='bbox 327 589 546 660; x_wconf 83' lang='grc' dir='ltr'>εχείας·</span> <span class='ocrx_word' id='word_1_20' title='bbox 575 588 608 658; x_wconf 81' lang='grc' dir='ltr'>ἡ</span> <span class='ocrx_word' id='word_1_21' title='bbox 639 585 696 640; x_wconf 68' lang='grc' dir='ltr'>δὲ</span> <span class='ocrx_word' id='word_1_22' title='bbox 723 585 1021 641; x_wconf 83' lang='grc' dir='ltr'>ἀκολουθία</span> <span class='ocrx_word' id='word_1_23' title='bbox 1047 588 1148 656; x_wconf 82' lang='grc' dir='ltr'><strong>τὴν</strong></span> <span class='ocrx_word' id='word_1_24' title='bbox 1178 587 1243 641; x_wconf 81' lang='grc' dir='ltr'><strong>ὲκ</strong></span> <span class='ocrx_word' id='word_1_25' title='bbox 1273 589 1371 659; x_wconf 76' lang='grc' dir='ltr'><strong>τῆς</strong></span> <span class='ocrx_word' id='word_1_26' title='bbox 1415 586 1681 658; x_wconf 75' lang='grc' dir='ltr'><strong>διαθήκης</strong></span> <span class='ocrx_word' id='word_1_27' title='bbox 1719 588 1917 641; x_wconf 86' lang='grc' dir='ltr'>οίκειό-</span> 
     </span>
    </p>
   </div>
   <div class='ocr_carea' id='block_1_7' title="bbox 327 678 1917 753">
    <p class='ocr_par' dir='ltr' id='par_1_7' title="bbox 327 678 1917 753">
     <span class='ocr_line' id='line_1_7' title="bbox 327 678 1917 753; baseline -0.002 -18"><span class='ocrx_word' id='word_1_28' title='bbox 327 699 473 753; x_wconf 89' lang='grc' dir='ltr'>τητα</span> <span class='ocrx_word' id='word_1_29' title='bbox 503 679 790 734; x_wconf 76' lang='grc' dir='ltr'><strong>ἀπέσωσεν</strong></span> <span class='ocrx_word' id='word_1_30' title='bbox 820 679 909 742; x_wconf 85' lang='grc' dir='ltr'><strong>ἂν,</strong></span> <span class='ocrx_word' id='word_1_31' title='bbox 939 679 988 732; x_wconf 83' lang='grc' dir='ltr'><strong>εί</strong></span> <span class='ocrx_word' id='word_1_32' title='bbox 1023 678 1103 750; x_wconf 79' lang='grc' dir='ltr'><strong>μή</strong></span> <span class='ocrx_word' id='word_1_33' title='bbox 1131 679 1360 744; x_wconf 78' lang='grc' dir='ltr'><strong>διεκόπη</strong></span> <span class='ocrx_word' id='word_1_34' title='bbox 1389 678 1554 746; x_wconf 80' lang='grc' dir='ltr'>ἑτέρα</span> <span class='ocrx_word' id='word_1_35' title='bbox 1577 678 1718 751; x_wconf 81' lang='grc' dir='ltr'>ἀρχή</span> <span class='ocrx_word' id='word_1_36' title='bbox 1744 696 1758 710; x_wconf 80' lang='grc' dir='ltr'><strong><em>ο</em></strong></span> <span class='ocrx_word' id='word_1_37' title='bbox 1786 678 1917 732; x_wconf 78' lang='grc' dir='ltr'>τίδὲ</span> 
     </span>
    </p>
   </div>
   <div class='ocr_carea' id='block_1_8' title="bbox 328 770 1915 844">
    <p class='ocr_par' dir='ltr' id='par_1_8' title="bbox 328 770 1915 844">
     <span class='ocr_line' id='line_1_8' title="bbox 328 770 1915 844; baseline -0.002 -17"><span class='ocrx_word' id='word_1_38' title='bbox 328 773 437 844; x_wconf 81' lang='grc' dir='ltr'>φὴς</span> <span class='ocrx_word' id='word_1_39' title='bbox 475 773 612 836; x_wconf 76' lang='grc' dir='ltr'>ὅλως</span> <span class='ocrx_word' id='word_1_40' title='bbox 644 773 772 844; x_wconf 79' lang='grc' dir='ltr'>περὶ</span> <span class='ocrx_word' id='word_1_41' title='bbox 806 772 1069 842; x_wconf 83' lang='grc' dir='ltr'>Ἰσμαήλ;</span> <span class='ocrx_word' id='word_1_42' title='bbox 1109 789 1127 824; x_wconf 76' lang='grc' dir='ltr'><strong>ι</strong></span> <span class='ocrx_word' id='word_1_43' title='bbox 1168 771 1301 843; x_wconf 81' lang='grc' dir='ltr'>Περὶ</span> <span class='ocrx_word' id='word_1_44' title='bbox 1343 771 1399 824; x_wconf 76' lang='grc' dir='ltr'>δὲ</span> <span class='ocrx_word' id='word_1_45' title='bbox 1450 770 1694 841; x_wconf 85' lang='grc' dir='ltr'>’1σμαὴλ,</span> <span class='ocrx_word' id='word_1_46' title='bbox 1727 772 1915 840; x_wconf 77' lang='grc' dir='ltr'>φησὶν,</span> 
     </span>
    </p>
   </div>
   <div class='ocr_carea' id='block_1_9' title="bbox 335 863 1917 934">
    <p class='ocr_par' dir='ltr' id='par_1_9' title="bbox 335 863 1917 934">
     <span class='ocr_line' id='line_1_9' title="bbox 335 863 1917 934; baseline -0.002 -14"><span class='ocrx_word' id='word_1_47' title='bbox 335 868 448 921; x_wconf 78' lang='grc' dir='ltr'>ἰδοὺ</span> <span class='ocrx_word' id='word_1_48' title='bbox 511 865 791 934; x_wconf 84' lang='grc' dir='ltr'>εύλόγηκα</span> <span class='ocrx_word' id='word_1_49' title='bbox 845 863 1030 930; x_wconf 76' lang='grc' dir='ltr'>αὐτὸν,</span> <span class='ocrx_word' id='word_1_50' title='bbox 1081 865 1172 918; x_wconf 70' lang='grc' dir='ltr'>καὶ</span> <span class='ocrx_word' id='word_1_51' title='bbox 1227 863 1446 928; x_wconf 80' lang='grc' dir='ltr'>αὑξανῶ</span> <span class='ocrx_word' id='word_1_52' title='bbox 1501 863 1663 918; x_wconf 81' lang='grc' dir='ltr'>αὐτὸν</span> <span class='ocrx_word' id='word_1_53' title='bbox 1709 863 1917 934; x_wconf 88' lang='grc' dir='ltr'>σφόδρα</span> 
     </span>
    </p>
   </div>
   <div class='ocr_carea' id='block_1_10' title="bbox 330 955 1921 1028">
    <p class='ocr_par' dir='ltr' id='par_1_10' title="bbox 330 955 1921 1028">
     <span class='ocr_line' id='line_1_10' title="bbox 330 955 1921 1028; baseline -0.001 -18"><span class='ocrx_word' id='word_1_54' title='bbox 330 958 564 1028; x_wconf 82' lang='grc' dir='ltr'>σφόδρα.</span> <span class='ocrx_word' id='word_1_55' title='bbox 591 976 608 1009; x_wconf 77' lang='grc' dir='ltr'><strong>ι</strong></span> <span class='ocrx_word' id='word_1_56' title='bbox 642 955 802 1009; x_wconf 84' lang='grc' dir='ltr'>Ἀλλά</span> <span class='ocrx_word' id='word_1_57' title='bbox 829 955 1035 1028; x_wconf 89' lang='grc' dir='ltr'>ταύτην</span> <span class='ocrx_word' id='word_1_58' title='bbox 1064 955 1161 1027; x_wconf 81' lang='grc' dir='ltr'>τὴν</span> <span class='ocrx_word' id='word_1_59' title='bbox 1185 955 1565 1025; x_wconf 76' lang='grc' dir='ltr'>εύλογίαν,καὶ</span> <span class='ocrx_word' id='word_1_60' title='bbox 1598 956 1666 1009; x_wconf 78' lang='grc' dir='ltr'><strong>τὰ</strong></span> <span class='ocrx_word' id='word_1_61' title='bbox 1698 955 1921 1009; x_wconf 84' lang='grc' dir='ltr'>πετεινά</span> 
     </span>
    </p>
   </div>
   <div class='ocr_carea' id='block_1_11' title="bbox 327 1043 1921 1118">
    <p class='ocr_par' dir='ltr' id='par_1_11' title="bbox 327 1043 1921 1118">
     <span class='ocr_line' id='line_1_11' title="bbox 327 1043 1921 1118; baseline -0.001 -18"><span class='ocrx_word' id='word_1_62' title='bbox 327 1045 428 1100; x_wconf 86' lang='grc' dir='ltr'><strong>τοῦ</strong></span> <span class='ocrx_word' id='word_1_63' title='bbox 476 1043 708 1114; x_wconf 85' lang='grc' dir='ltr'>ούρανοῦ</span> <span class='ocrx_word' id='word_1_64' title='bbox 743 1044 836 1097; x_wconf 70' lang='grc' dir='ltr'><strong>καὶ</strong></span> <span class='ocrx_word' id='word_1_65' title='bbox 867 1047 998 1107; x_wconf 78' lang='grc' dir='ltr'>τοὺς</span> <span class='ocrx_word' id='word_1_66' title='bbox 1035 1043 1228 1116; x_wconf 87' lang='grc' dir='ltr'>ίχθύας</span> <span class='ocrx_word' id='word_1_67' title='bbox 1254 1048 1354 1116; x_wconf 82' lang='grc' dir='ltr'><strong>τῆς</strong></span> <span class='ocrx_word' id='word_1_68' title='bbox 1384 1044 1664 1115; x_wconf 81' lang='grc' dir='ltr'><strong>Θαλάσσης</strong></span> <span class='ocrx_word' id='word_1_69' title='bbox 1697 1044 1921 1118; x_wconf 80' lang='grc' dir='ltr'>εὐλόγη-</span> 
     </span>
    </p>
   </div>
   <div class='ocr_carea' id='block_1_12' title="bbox 332 1131 1918 1211">
    <p class='ocr_par' dir='ltr' id='par_1_12' title="bbox 332 1131 1918 1211">
     <span class='ocr_line' id='line_1_12' title="bbox 332 1131 1918 1211; baseline 0.001 -19"><span class='ocrx_word' id='word_1_70' title='bbox 332 1154 466 1200; x_wconf 74' lang='grc' dir='ltr'>σας·</span> <span class='ocrx_word' id='word_1_71' title='bbox 500 1136 652 1190; x_wconf 81' lang='grc' dir='ltr'>οΰπω</span> <span class='ocrx_word' id='word_1_72' title='bbox 675 1137 733 1192; x_wconf 75' lang='grc' dir='ltr'>δὲ</span> <span class='ocrx_word' id='word_1_73' title='bbox 761 1131 902 1208; x_wconf 76' lang='grc' dir='ltr'>αὕτη</span> <span class='ocrx_word' id='word_1_74' title='bbox 934 1136 1080 1202; x_wconf 84' lang='grc' dir='ltr'>ίδίως</span> <span class='ocrx_word' id='word_1_75' title='bbox 1115 1136 1420 1211; x_wconf 83' lang='grc' dir='ltr'>ἀνθρώπων</span> <span class='ocrx_word' id='word_1_76' title='bbox 1444 1136 1571 1204; x_wconf 78' lang='grc' dir='ltr'>ἀξία</span> <span class='ocrx_word' id='word_1_77' title='bbox 1604 1140 1637 1209; x_wconf 78' lang='grc' dir='ltr'>ἡ</span> <span class='ocrx_word' id='word_1_78' title='bbox 1669 1138 1918 1209; x_wconf 81' lang='grc' dir='ltr'><strong>εὐλογία·</strong></span> 
     </span>
    </p>
   </div>
   <div class='ocr_carea' id='block_1_13' title="bbox 339 1229 1922 1303">
    <p class='ocr_par' dir='ltr' id='par_1_13' title="bbox 339 1229 1922 1303">
     <span class='ocr_line' id='line_1_13' title="bbox 339 1229 1922 1303; baseline 0.001 -18"><span class='ocrx_word' id='word_1_79' title='bbox 339 1251 359 1285; x_wconf 79' lang='lat' dir='ltr'><strong>t</strong></span> <span class='ocrx_word' id='word_1_80' title='bbox 395 1231 616 1286; x_wconf 81' lang='grc' dir='ltr'><strong>Δώδεκα</strong></span> <span class='ocrx_word' id='word_1_81' title='bbox 657 1231 786 1302; x_wconf 78' lang='grc' dir='ltr'>ἔθνη</span> <span class='ocrx_word' id='word_1_82' title='bbox 817 1230 1068 1303; x_wconf 83' lang='grc' dir='ltr'>γεννήσει</span> <span class='ocrx_word' id='word_1_83' title='bbox 1091 1247 1106 1263; x_wconf 77' lang='grc'><strong><em>⁸</em></strong></span> <span class='ocrx_word' id='word_1_84' title='bbox 1140 1251 1158 1283; x_wconf 76' lang='grc' dir='ltr'><strong>ι</strong></span> <span class='ocrx_word' id='word_1_85' title='bbox 1186 1229 1280 1286; x_wconf 69' lang='grc' dir='ltr'>καὶ</span> <span class='ocrx_word' id='word_1_86' title='bbox 1309 1232 1360 1286; x_wconf 92' lang='grc' dir='ltr'><strong>τί</strong></span> <span class='ocrx_word' id='word_1_87' title='bbox 1397 1231 1586 1296; x_wconf 88' lang='grc' dir='ltr'>τοῦτο,</span> <span class='ocrx_word' id='word_1_88' title='bbox 1621 1231 1784 1286; x_wconf 81' lang='grc' dir='ltr'>ὅτ’ἂν</span> <span class='ocrx_word' id='word_1_89' title='bbox 1820 1232 1922 1302; x_wconf 77' lang='grc' dir='ltr'><strong>τῆς</strong></span> 
     </span>
    </p>
   </div>
   <div class='ocr_carea' id='block_1_14' title="bbox 333 1323 1922 1396">
    <p class='ocr_par' dir='ltr' id='par_1_14' title="bbox 333 1323 1922 1396">
     <span class='ocr_line' id='line_1_14' title="bbox 333 1323 1922 1396; baseline 0.003 -20"><span class='ocrx_word' id='word_1_90' title='bbox 333 1323 488 1387; x_wconf 82' lang='grc' dir='ltr'>Θείας</span> <span class='ocrx_word' id='word_1_91' title='bbox 529 1324 815 1394; x_wconf 78' lang='grc' dir='ltr'>εὐμενείας</span> <span class='ocrx_word' id='word_1_92' title='bbox 851 1325 1134 1395; x_wconf 71' lang='grc' dir='ltr'><strong>ἀλλότριος</strong></span> <span class='ocrx_word' id='word_1_93' title='bbox 1187 1325 1476 1396; x_wconf 74' lang='grc' dir='ltr'><strong>τυγχάνῃς</strong></span> <span class='ocrx_word' id='word_1_94' title='bbox 1518 1325 1658 1378; x_wconf 85' lang='grc' dir='ltr'>ὥστε</span> <span class='ocrx_word' id='word_1_95' title='bbox 1697 1326 1806 1379; x_wconf 77' lang='grc' dir='ltr'>οὐδ’</span> <span class='ocrx_word' id='word_1_96' title='bbox 1854 1326 1922 1380; x_wconf 82' lang='grc' dir='ltr'><strong>ἂν</strong></span> 
     </span>
    </p>
   </div>
   <div class='ocr_carea' id='block_1_15' title="bbox 335 1414 1924 1489">
    <p class='ocr_par' dir='ltr' id='par_1_15' title="bbox 335 1414 1924 1489">
     <span class='ocr_line' id='line_1_15' title="bbox 335 1414 1924 1489; baseline 0.001 -21"><span class='ocrx_word' id='word_1_97' title='bbox 335 1415 434 1486; x_wconf 82' lang='grc' dir='ltr'>τὴν</span> <span class='ocrx_word' id='word_1_98' title='bbox 460 1417 540 1478; x_wconf 77' lang='grc' dir='ltr'>εἰς</span> <span class='ocrx_word' id='word_1_99' title='bbox 576 1415 782 1484; x_wconf 84' lang='grc' dir='ltr'>πλῆθος</span> <span class='ocrx_word' id='word_1_100' title='bbox 807 1414 1034 1486; x_wconf 75' lang='grc' dir='ltr'>αὔξησιν</span> <span class='ocrx_word' id='word_1_101' title='bbox 1077 1416 1256 1486; x_wconf 78' lang='grc' dir='ltr'>ἔσχεν,</span> <span class='ocrx_word' id='word_1_102' title='bbox 1305 1418 1354 1470; x_wconf 82' lang='grc' dir='ltr'>ει</span> <span class='ocrx_word' id='word_1_103' title='bbox 1401 1417 1476 1488; x_wconf 81' lang='grc' dir='ltr'>μὴ</span> <span class='ocrx_word' id='word_1_104' title='bbox 1512 1417 1764 1488; x_wconf 76' lang='grc' dir='ltr'>Ἀϐραὰμ</span> <span class='ocrx_word' id='word_1_105' title='bbox 1788 1419 1924 1489; x_wconf 72' lang='grc' dir='ltr'>ᾐτή-</span> 
     </span>
    </p>
   </div>
   <div class='ocr_carea' id='block_1_16' title="bbox 339 1506 1924 1580">
    <p class='ocr_par' dir='ltr' id='par_1_16' title="bbox 339 1506 1924 1580">
     <span class='ocr_line' id='line_1_16' title="bbox 339 1506 1924 1580; baseline 0.003 -22"><span class='ocrx_word' id='word_1_106' title='bbox 339 1524 473 1560; x_wconf 81' lang='grc' dir='ltr'>σατο</span> <span class='ocrx_word' id='word_1_107' title='bbox 493 1522 507 1537; x_wconf 83' lang='lat'><strong><em>°</em></strong></span> <span class='ocrx_word' id='word_1_108' title='bbox 551 1526 568 1558; x_wconf 82' lang='grc' dir='ltr'><strong>ι</strong></span> <span class='ocrx_word' id='word_1_109' title='bbox 593 1506 724 1560; x_wconf 80' lang='grc' dir='ltr'>Ἰδοὺ</span> <span class='ocrx_word' id='word_1_110' title='bbox 751 1506 886 1578; x_wconf 85' lang='grc' dir='ltr'>γὰρ,</span> <span class='ocrx_word' id='word_1_111' title='bbox 913 1508 1102 1580; x_wconf 79' lang='grc' dir='ltr'>φησὶν,</span> <span class='ocrx_word' id='word_1_112' title='bbox 1137 1509 1420 1579; x_wconf 77' lang='grc' dir='ltr'>ἐπήκουσά</span> <span class='ocrx_word' id='word_1_113' title='bbox 1452 1526 1544 1562; x_wconf 93' lang='grc' dir='ltr'><strong>σου</strong></span> <span class='ocrx_word' id='word_1_114' title='bbox 1567 1525 1580 1538; x_wconf 84' lang='lat'><strong><em>°</em></strong></span> <span class='ocrx_word' id='word_1_115' title='bbox 1615 1527 1634 1562; x_wconf 70' lang='grc' dir='ltr'><strong>ι</strong></span> <span class='ocrx_word' id='word_1_116' title='bbox 1666 1509 1843 1574; x_wconf 83' lang='grc' dir='ltr'>ἄλλως</span> <span class='ocrx_word' id='word_1_117' title='bbox 1864 1527 1924 1563; x_wconf 82' lang='grc' dir='ltr'><strong>τε</strong></span> 
     </span>
    </p>
   </div>
   <div class='ocr_carea' id='block_1_17' title="bbox 337 1598 1926 1674">
    <p class='ocr_par' dir='ltr' id='par_1_17' title="bbox 337 1598 1926 1674">
     <span class='ocr_line' id='line_1_17' title="bbox 337 1598 1926 1674; baseline 0.005 -26"><span class='ocrx_word' id='word_1_118' title='bbox 337 1598 435 1652; x_wconf 81' lang='grc' dir='ltr'><strong>τοῦ</strong></span> <span class='ocrx_word' id='word_1_119' title='bbox 479 1599 609 1670; x_wconf 90' lang='grc' dir='ltr'><strong>Χάμ</strong></span> <span class='ocrx_word' id='word_1_120' title='bbox 637 1599 770 1653; x_wconf 76' lang='grc' dir='ltr'>πολὺ</span> <span class='ocrx_word' id='word_1_121' title='bbox 805 1600 1046 1655; x_wconf 85' lang='grc' dir='ltr'>ὲλάττων</span> <span class='ocrx_word' id='word_1_122' title='bbox 1092 1601 1430 1670; x_wconf 81' lang='grc' dir='ltr'><strong>καθέστηκεν</strong></span> <span class='ocrx_word' id='word_1_123' title='bbox 1473 1603 1726 1674; x_wconf 85' lang='grc' dir='ltr'>Ἰσμαήλ.</span> <span class='ocrx_word' id='word_1_124' title='bbox 1757 1604 1822 1656; x_wconf 91' lang='grc' dir='ltr'>Τί</span> <span class='ocrx_word' id='word_1_125' title='bbox 1867 1602 1926 1658; x_wconf 84' lang='grc' dir='ltr'>δὲ</span> 
     </span>
    </p>
   </div>
   <div class='ocr_carea' id='block_1_18' title="bbox 339 1689 1926 1769">
    <p class='ocr_par' dir='ltr' id='par_1_18' title="bbox 339 1689 1926 1769">
     <span class='ocr_line' id='line_1_18' title="bbox 339 1689 1926 1769; baseline 0.003 -25"><span class='ocrx_word' id='word_1_126' title='bbox 339 1692 421 1754; x_wconf 83' lang='grc' dir='ltr'><strong>είς</strong></span> <span class='ocrx_word' id='word_1_127' title='bbox 449 1691 624 1761; x_wconf 81' lang='grc' dir='ltr'>μάτην</span> <span class='ocrx_word' id='word_1_128' title='bbox 656 1691 750 1745; x_wconf 76' lang='grc' dir='ltr'>καὶ</span> <span class='ocrx_word' id='word_1_129' title='bbox 779 1691 840 1744; x_wconf 79' lang='grc' dir='ltr'>τὸ</span> <span class='ocrx_word' id='word_1_130' title='bbox 868 1689 1094 1761; x_wconf 82' lang='grc' dir='ltr'>πλῆθος,</span> <span class='ocrx_word' id='word_1_131' title='bbox 1113 1691 1188 1745; x_wconf 70' lang='grc' dir='ltr'><strong>ὅτ’</strong></span> <span class='ocrx_word' id='word_1_132' title='bbox 1210 1691 1277 1747; x_wconf 83' lang='grc' dir='ltr'>ἂν</span> <span class='ocrx_word' id='word_1_133' title='bbox 1302 1692 1577 1764; x_wconf 78' lang='grc' dir='ltr'>ἄχρηστον</span> <span class='ocrx_word' id='word_1_134' title='bbox 1608 1691 1676 1769; x_wconf 72' lang='grc' dir='ltr'>ᾖς</span> <span class='ocrx_word' id='word_1_135' title='bbox 1703 1694 1926 1760; x_wconf 77' lang='grc' dir='ltr'><strong>εἰκότως</strong></span> 
     </span>
    </p>
   </div>
   <div class='ocr_carea' id='block_1_19' title="bbox 339 1782 1927 1858">
    <p class='ocr_par' dir='ltr' id='par_1_19' title="bbox 339 1782 1927 1858">
     <span class='ocr_line' id='line_1_19' title="bbox 339 1782 1927 1858; baseline 0.001 -21"><span class='ocrx_word' id='word_1_136' title='bbox 339 1782 452 1855; x_wconf 86' lang='grc' dir='ltr'><strong>γάρ</strong></span> <span class='ocrx_word' id='word_1_137' title='bbox 486 1783 551 1838; x_wconf 84' lang='grc' dir='ltr'><strong>ἂν</strong></span> <span class='ocrx_word' id='word_1_138' title='bbox 576 1783 752 1856; x_wconf 81' lang='grc' dir='ltr'>ἀκούῃ</span> <span class='ocrx_word' id='word_1_139' title='bbox 781 1784 931 1855; x_wconf 86' lang='grc' dir='ltr'><strong>παρά</strong></span> <span class='ocrx_word' id='word_1_140' title='bbox 954 1783 1049 1838; x_wconf 88' lang='grc' dir='ltr'><strong>τοῦ</strong></span> <span class='ocrx_word' id='word_1_141' title='bbox 1093 1783 1322 1839; x_wconf 78' lang='grc' dir='ltr'><strong>Ἡσαΐου</strong></span> <span class='ocrx_word' id='word_1_142' title='bbox 1347 1802 1360 1818; x_wconf 78' lang='grc' dir='ltr'><strong>ο</strong></span> <span class='ocrx_word' id='word_1_143' title='bbox 1403 1805 1420 1838; x_wconf 80' lang='grc' dir='ltr'><strong>ι</strong></span> <span class='ocrx_word' id='word_1_144' title='bbox 1446 1785 1809 1858; x_wconf 83' lang='grc' dir='ltr'>Ἐγεννήθητέ</span> <span class='ocrx_word' id='word_1_145' title='bbox 1836 1802 1927 1857; x_wconf 85' lang='grc' dir='ltr'><strong>μοι</strong></span> 
     </span>
    </p>
   </div>
   <div class='ocr_carea' id='block_1_20' title="bbox 2021 587 3597 654">
    <p class='ocr_par' dir='ltr' id='par_1_20' title="bbox 2021 587 3597 654">
     <span class='ocr_line' id='line_1_20' title="bbox 2021 587 3597 654; baseline -0.001 -8"><span class='ocrx_word' id='word_1_146' title='bbox 2021 592 2287 648; x_wconf 89' lang='lat' dir='ltr'><strong>nuatione</strong></span> <span class='ocrx_word' id='word_1_147' title='bbox 2353 592 2700 650; x_wconf 89' lang='lat' dir='ltr'><strong>distinctum.</strong></span> <span class='ocrx_word' id='word_1_148' title='bbox 2757 591 3056 649; x_wconf 81' lang='lat' dir='ltr'><strong>Contextus</strong></span> <span class='ocrx_word' id='word_1_149' title='bbox 3113 598 3316 654; x_wconf 88' lang='lat' dir='ltr'><strong>autem,</strong></span> <span class='ocrx_word' id='word_1_150' title='bbox 3373 587 3597 646; x_wconf 75' lang='lat' dir='ltr'><strong>fmderis</strong></span> 
     </span>
    </p>
   </div>
   <div class='ocr_carea' id='block_1_21' title="bbox 2018 680 3594 756">
    <p class='ocr_par' dir='ltr' id='par_1_21' title="bbox 2018 680 3594 756">
     <span class='ocr_line' id='line_1_21' title="bbox 2018 680 3594 756; baseline -0.003 -17"><span class='ocrx_word' id='word_1_151' title='bbox 2018 684 2299 740; x_wconf 80' lang='lat' dir='ltr'><strong>vinculum</strong></span> <span class='ocrx_word' id='word_1_152' title='bbox 2332 685 2522 756; x_wconf 91' lang='lat' dir='ltr'><strong>utique</strong></span> <span class='ocrx_word' id='word_1_153' title='bbox 2551 693 2952 751; x_wconf 91' lang='lat' dir='ltr'><strong>conservasset,</strong></span> <span class='ocrx_word' id='word_1_154' title='bbox 2984 684 3087 740; x_wconf 91' lang='lat' dir='ltr'><strong>nisi</strong></span> <span class='ocrx_word' id='word_1_155' title='bbox 3113 683 3346 738; x_wconf 87' lang='lat' dir='ltr'><strong>alterum</strong></span> <span class='ocrx_word' id='word_1_156' title='bbox 3377 680 3594 736; x_wconf 89' lang='lat' dir='ltr'><strong>initium</strong></span> 
     </span>
    </p>
   </div>
   <div class='ocr_carea' id='block_1_22' title="bbox 2019 772 3602 850">
    <p class='ocr_par' dir='ltr' id='par_1_22' title="bbox 2019 772 3602 850">
     <span class='ocr_line' id='line_1_22' title="bbox 2019 772 3602 850; baseline -0.004 -16"><span class='ocrx_word' id='word_1_157' title='bbox 2019 777 2327 848; x_wconf 89' lang='lat' dir='ltr'><strong>sejunctnm</strong></span> <span class='ocrx_word' id='word_1_158' title='bbox 2378 777 2591 836; x_wconf 77' lang='lat' dir='ltr'><strong>fuisset.</strong></span> <span class='ocrx_word' id='word_1_159' title='bbox 2649 778 2755 834; x_wconf 85' lang='lat' dir='ltr'><strong>Sed</strong></span> <span class='ocrx_word' id='word_1_160' title='bbox 2802 778 2935 850; x_wconf 91' lang='lat' dir='ltr'><strong>quid</strong></span> <span class='ocrx_word' id='word_1_161' title='bbox 2986 777 3209 833; x_wconf 88' lang='lat' dir='ltr'><strong>demum</strong></span> <span class='ocrx_word' id='word_1_162' title='bbox 3257 775 3325 830; x_wconf 91' lang='lat' dir='ltr'><strong>de</strong></span> <span class='ocrx_word' id='word_1_163' title='bbox 3357 772 3602 842; x_wconf 32' lang='lat' dir='ltr'><strong>,lsmaelc</strong></span> 
     </span>
    </p>
   </div>
   <div class='ocr_carea' id='block_1_23' title="bbox 2019 863 3603 938">
    <p class='ocr_par' dir='ltr' id='par_1_23' title="bbox 2019 863 3603 938">
     <span class='ocr_line' id='line_1_23' title="bbox 2019 863 3603 938; baseline -0.004 -14"><span class='ocrx_word' id='word_1_164' title='bbox 2019 868 2139 924; x_wconf 80' lang='lat' dir='ltr'><strong>ais?</strong></span> <span class='ocrx_word' id='word_1_165' title='bbox 2158 886 2176 920; x_wconf 82' lang='grc' dir='ltr'><strong>ι</strong></span> <span class='ocrx_word' id='word_1_166' title='bbox 2199 867 2352 936; x_wconf 86' lang='lat' dir='ltr'><strong>Quod</strong></span> <span class='ocrx_word' id='word_1_167' title='bbox 2372 870 2566 925; x_wconf 88' lang='lat' dir='ltr'><strong>attinet</strong></span> <span class='ocrx_word' id='word_1_168' title='bbox 2590 869 2655 925; x_wconf 91' lang='lat' dir='ltr'><strong>ad</strong></span> <span class='ocrx_word' id='word_1_169' title='bbox 2681 867 2986 934; x_wconf 90' lang='lat' dir='ltr'><strong>lsmaelem,</strong></span> <span class='ocrx_word' id='word_1_170' title='bbox 3009 867 3207 938; x_wconf 90' lang='lat' dir='ltr'><strong>inquit,</strong></span> <span class='ocrx_word' id='word_1_171' title='bbox 3239 879 3366 922; x_wconf 86' lang='lat' dir='ltr'><strong>ecce</strong></span> <span class='ocrx_word' id='word_1_172' title='bbox 3396 874 3449 919; x_wconf 89' lang='lat' dir='ltr'><strong>ct</strong></span> <span class='ocrx_word' id='word_1_173' title='bbox 3473 863 3603 918; x_wconf 85' lang='lat' dir='ltr'><strong>huic</strong></span> 
     </span>
    </p>
   </div>
   <div class='ocr_carea' id='block_1_24' title="bbox 2019 958 3702 1034">
    <p class='ocr_par' dir='ltr' id='par_1_24' title="bbox 2019 958 3702 1034">
     <span class='ocr_line' id='line_1_24' title="bbox 2019 958 3702 1034; baseline -0.002 -18"><span class='ocrx_word' id='word_1_174' title='bbox 2019 960 2296 1025; x_wconf 86' lang='lat' dir='ltr'><strong>benedixi,</strong></span> <span class='ocrx_word' id='word_1_175' title='bbox 2324 962 2641 1034; x_wconf 90' lang='lat' dir='ltr'><strong>augeboque</strong></span> <span class='ocrx_word' id='word_1_176' title='bbox 2669 962 2819 1018; x_wconf 91' lang='lat' dir='ltr'><strong>illum</strong></span> <span class='ocrx_word' id='word_1_177' title='bbox 2848 977 3012 1033; x_wconf 90' lang='lat' dir='ltr'><strong>quam</strong></span> <span class='ocrx_word' id='word_1_178' title='bbox 3039 963 3290 1016; x_wconf 78' lang='lat' dir='ltr'><strong>maxime.</strong></span> <span class='ocrx_word' id='word_1_179' title='bbox 3318 979 3336 1012; x_wconf 71' lang='grc' dir='ltr'><strong>ι</strong></span> <span class='ocrx_word' id='word_1_180' title='bbox 3366 958 3605 1016; x_wconf 74' lang='lat' dir='ltr'><strong>Caetero-</strong></span> <span class='ocrx_word' id='word_1_181' title='bbox 3695 1026 3702 1030; x_wconf 17' lang='grc' dir='ltr'><strong>ξ</strong></span> 
     </span>
    </p>
   </div>
   <div class='ocr_carea' id='block_1_25' title="bbox 2020 1053 3603 1126">
    <p class='ocr_par' dir='ltr' id='par_1_25' title="bbox 2020 1053 3603 1126">
     <span class='ocr_line' id='line_1_25' title="bbox 2020 1053 3603 1126; baseline -0.002 -20"><span class='ocrx_word' id='word_1_182' title='bbox 2020 1053 2155 1124; x_wconf 91' lang='lat' dir='ltr'><strong>quin</strong></span> <span class='ocrx_word' id='word_1_183' title='bbox 2209 1053 2530 1126; x_wconf 74' lang='lat' dir='ltr'><strong>huiusmodi</strong></span> <span class='ocrx_word' id='word_1_184' title='bbox 2574 1054 2956 1111; x_wconf 87' lang='lat' dir='ltr'><strong>benedictione</strong></span> <span class='ocrx_word' id='word_1_185' title='bbox 3006 1053 3325 1109; x_wconf 83' lang='lat' dir='ltr'><strong>volucribus</strong></span> <span class='ocrx_word' id='word_1_186' title='bbox 3380 1064 3603 1122; x_wconf 86' lang='lat' dir='ltr'><strong>quoque</strong></span> 
     </span>
    </p>
   </div>
   <div class='ocr_carea' id='block_1_26' title="bbox 2024 1143 3604 1218">
    <p class='ocr_par' dir='ltr' id='par_1_26' title="bbox 2024 1143 3604 1218">
     <span class='ocr_line' id='line_1_26' title="bbox 2024 1143 3604 1218; baseline -0.003 -17"><span class='ocrx_word' id='word_1_187' title='bbox 2024 1145 2149 1201; x_wconf 73' lang='grc' dir='ltr'>εωιί</span> <span class='ocrx_word' id='word_1_188' title='bbox 2198 1155 2255 1202; x_wconf 87' lang='lat' dir='ltr'><strong>et</strong></span> <span class='ocrx_word' id='word_1_189' title='bbox 2297 1146 2472 1202; x_wconf 87' lang='lat' dir='ltr'><strong>maris</strong></span> <span class='ocrx_word' id='word_1_190' title='bbox 2536 1146 2780 1218; x_wconf 81' lang='lat' dir='ltr'><strong>piscibus</strong></span> <span class='ocrx_word' id='word_1_191' title='bbox 2829 1144 3158 1201; x_wconf 82' lang='lat' dir='ltr'><strong>benedixisti</strong></span> <span class='ocrx_word' id='word_1_192' title='bbox 3205 1162 3220 1212; x_wconf 92' lang='lat'><strong>;</strong></span> <span class='ocrx_word' id='word_1_193' title='bbox 3265 1158 3441 1213; x_wconf 84' lang='lat' dir='ltr'><strong>neque</strong></span> <span class='ocrx_word' id='word_1_194' title='bbox 3487 1143 3604 1196; x_wconf 76' lang='lat' dir='ltr'><strong>lure</strong></span> 
     </span>
    </p>
   </div>
   <div class='ocr_carea' id='block_1_27' title="bbox 2023 1232 3603 1307">
    <p class='ocr_par' dir='ltr' id='par_1_27' title="bbox 2023 1232 3603 1307">
     <span class='ocr_line' id='line_1_27' title="bbox 2023 1232 3603 1307; baseline -0.004 -15"><span class='ocrx_word' id='word_1_195' title='bbox 2023 1236 2338 1294; x_wconf 89' lang='lat' dir='ltr'><strong>hominibus</strong></span> <span class='ocrx_word' id='word_1_196' title='bbox 2371 1238 2504 1294; x_wconf 85' lang='lat' dir='ltr'><strong>satis</strong></span> <span class='ocrx_word' id='word_1_197' title='bbox 2529 1238 2691 1307; x_wconf 84' lang='lat' dir='ltr'><strong>digna</strong></span> <span class='ocrx_word' id='word_1_198' title='bbox 2745 1237 3052 1294; x_wconf 86' lang='lat' dir='ltr'><strong>benedictio</strong></span> <span class='ocrx_word' id='word_1_199' title='bbox 3105 1247 3210 1292; x_wconf 89' lang='lat' dir='ltr'><strong>est.</strong></span> <span class='ocrx_word' id='word_1_200' title='bbox 3249 1256 3265 1289; x_wconf 82' lang='grc' dir='ltr'><strong>ι</strong></span> <span class='ocrx_word' id='word_1_201' title='bbox 3302 1232 3603 1290; x_wconf 89' lang='lat' dir='ltr'><strong>Duodecim</strong></span> 
     </span>
    </p>
   </div>
   <div class='ocr_carea' id='block_1_28' title="bbox 2023 1323 3606 1400">
    <p class='ocr_par' dir='ltr' id='par_1_28' title="bbox 2023 1323 3606 1400">
     <span class='ocr_line' id='line_1_28' title="bbox 2023 1323 3606 1400; baseline -0.006 -17"><span class='ocrx_word' id='word_1_202' title='bbox 2023 1329 2254 1399; x_wconf 92' lang='lat' dir='ltr'><strong>populos</strong></span> <span class='ocrx_word' id='word_1_203' title='bbox 2297 1329 2504 1400; x_wconf 83' lang='lat' dir='ltr'><strong>gignet.</strong></span> <span class='ocrx_word' id='word_1_204' title='bbox 2544 1347 2563 1380; x_wconf 75' lang='grc' dir='ltr'><strong>ι</strong></span> <span class='ocrx_word' id='word_1_205' title='bbox 2598 1327 2703 1383; x_wconf 92' lang='lat' dir='ltr'><strong>Sed</strong></span> <span class='ocrx_word' id='word_1_206' title='bbox 2732 1328 2864 1399; x_wconf 87' lang='lat' dir='ltr'><strong>quid</strong></span> <span class='ocrx_word' id='word_1_207' title='bbox 2899 1328 3004 1382; x_wconf 93' lang='lat' dir='ltr'><strong>hoc</strong></span> <span class='ocrx_word' id='word_1_208' title='bbox 3038 1327 3257 1382; x_wconf 89' lang='lat' dir='ltr'><strong>demum</strong></span> <span class='ocrx_word' id='word_1_209' title='bbox 3287 1333 3398 1387; x_wconf 91' lang='lat' dir='ltr'><strong>est,</strong></span> <span class='ocrx_word' id='word_1_210' title='bbox 3435 1323 3480 1378; x_wconf 92' lang='lat' dir='ltr'><strong>si</strong></span> <span class='ocrx_word' id='word_1_211' title='bbox 3520 1323 3606 1376; x_wconf 84' lang='lat' dir='ltr'><strong>di-</strong></span> 
     </span>
    </p>
   </div>
   <div class='ocr_carea' id='block_1_29' title="bbox 2023 1414 3606 1476">
    <p class='ocr_par' dir='ltr' id='par_1_29' title="bbox 2023 1414 3606 1476">
     <span class='ocr_line' id='line_1_29' title="bbox 2023 1414 3606 1476; baseline -0.004 0"><span class='ocrx_word' id='word_1_212' title='bbox 2023 1421 2150 1476; x_wconf 89' lang='lat' dir='ltr'><strong>vina</strong></span> <span class='ocrx_word' id='word_1_213' title='bbox 2177 1420 2556 1476; x_wconf 79' lang='lat' dir='ltr'><strong>benevolentia</strong></span> <span class='ocrx_word' id='word_1_214' title='bbox 2581 1420 2794 1476; x_wconf 88' lang='lat' dir='ltr'><strong>alienus</strong></span> <span class='ocrx_word' id='word_1_215' title='bbox 2823 1419 2970 1475; x_wconf 84' lang='lat' dir='ltr'><strong>erit?</strong></span> <span class='ocrx_word' id='word_1_216' title='bbox 2998 1419 3114 1474; x_wconf 88' lang='lat' dir='ltr'><strong>lmo</strong></span> <span class='ocrx_word' id='word_1_217' title='bbox 3135 1433 3204 1472; x_wconf 86' lang='lat' dir='ltr'><strong>ne</strong></span> <span class='ocrx_word' id='word_1_218' title='bbox 3235 1414 3606 1471; x_wconf 85' lang='lat' dir='ltr'><strong>multitudinis</strong></span> 
     </span>
    </p>
   </div>
   <div class='ocr_carea' id='block_1_30' title="bbox 2026 1509 3609 1584">
    <p class='ocr_par' dir='ltr' id='par_1_30' title="bbox 2026 1509 3609 1584">
     <span class='ocr_line' id='line_1_30' title="bbox 2026 1509 3609 1584; baseline -0.003 -16"><span class='ocrx_word' id='word_1_219' title='bbox 2026 1513 2248 1584; x_wconf 89' lang='lat' dir='ltr'><strong>quidem</strong></span> <span class='ocrx_word' id='word_1_220' title='bbox 2303 1512 2706 1569; x_wconf 88' lang='lat' dir='ltr'><strong>incrementum</strong></span> <span class='ocrx_word' id='word_1_221' title='bbox 2757 1511 3061 1576; x_wconf 91' lang='lat' dir='ltr'><strong>habuisset,</strong></span> <span class='ocrx_word' id='word_1_222' title='bbox 3109 1510 3218 1566; x_wconf 88' lang='lat' dir='ltr'><strong>nisi</strong></span> <span class='ocrx_word' id='word_1_223' title='bbox 3261 1509 3609 1564; x_wconf 78' lang='lat' dir='ltr'><strong>Abraliamus</strong></span> 
     </span>
    </p>
   </div>
   <div class='ocr_carea' id='block_1_31' title="bbox 2030 1595 3612 1675">
    <p class='ocr_par' dir='ltr' id='par_1_31' title="bbox 2030 1595 3612 1675">
     <span class='ocr_line' id='line_1_31' title="bbox 2030 1595 3612 1675; baseline -0.004 -17"><span class='ocrx_word' id='word_1_224' title='bbox 2030 1619 2132 1675; x_wconf 85' lang='lat' dir='ltr'><strong>pro</strong></span> <span class='ocrx_word' id='word_1_225' title='bbox 2160 1604 2254 1659; x_wconf 90' lang='lat' dir='ltr'><strong>illo</strong></span> <span class='ocrx_word' id='word_1_226' title='bbox 2278 1613 2514 1660; x_wconf 84' lang='lat' dir='ltr'><strong>orasset.</strong></span> <span class='ocrx_word' id='word_1_227' title='bbox 2541 1623 2560 1656; x_wconf 81' lang='grc' dir='ltr'><strong>ι</strong></span> <span class='ocrx_word' id='word_1_228' title='bbox 2587 1604 2726 1660; x_wconf 87' lang='lat' dir='ltr'><strong>Ecce</strong></span> <span class='ocrx_word' id='word_1_229' title='bbox 2752 1603 2925 1666; x_wconf 90' lang='lat' dir='ltr'><strong>enim,</strong></span> <span class='ocrx_word' id='word_1_230' title='bbox 2947 1601 3124 1673; x_wconf 87' lang='lat' dir='ltr'><strong>inquit</strong></span> <span class='ocrx_word' id='word_1_231' title='bbox 3155 1599 3322 1662; x_wconf 91' lang='lat' dir='ltr'><strong>Deus,</strong></span> <span class='ocrx_word' id='word_1_232' title='bbox 3355 1595 3612 1654; x_wconf 80' lang='lat' dir='ltr'><strong>exaudivi</strong></span> 
     </span>
    </p>
   </div>
   <div class='ocr_carea' id='block_1_32' title="bbox 2029 1687 3608 1765">
    <p class='ocr_par' dir='ltr' id='par_1_32' title="bbox 2029 1687 3608 1765">
     <span class='ocr_line' id='line_1_32' title="bbox 2029 1687 3608 1765; baseline -0.006 -16"><span class='ocrx_word' id='word_1_233' title='bbox 2029 1702 2103 1750; x_wconf 91' lang='lat' dir='ltr'><strong>te.</strong></span> <span class='ocrx_word' id='word_1_234' title='bbox 2147 1713 2168 1747; x_wconf 77' lang='grc' dir='ltr'><strong>ι</strong></span> <span class='ocrx_word' id='word_1_235' title='bbox 2198 1693 2508 1765; x_wconf 61' lang='lat' dir='ltr'><strong>Ceteroqui</strong></span> <span class='ocrx_word' id='word_1_236' title='bbox 2543 1693 2752 1749; x_wconf 89' lang='lat' dir='ltr'><strong>Chamo</strong></span> <span class='ocrx_word' id='word_1_237' title='bbox 2785 1693 2958 1748; x_wconf 92' lang='lat' dir='ltr'><strong>multo</strong></span> <span class='ocrx_word' id='word_1_238' title='bbox 3007 1692 3188 1747; x_wconf 89' lang='lat' dir='ltr'><strong>minor</strong></span> <span class='ocrx_word' id='word_1_239' title='bbox 3237 1689 3340 1746; x_wconf 79' lang='lat' dir='ltr'><strong>fuit</strong></span> <span class='ocrx_word' id='word_1_240' title='bbox 3391 1687 3608 1744; x_wconf 89' lang='lat' dir='ltr'><strong>lsmael.</strong></span> 
     </span>
    </p>
   </div>
   <div class='ocr_carea' id='block_1_33' title="bbox 2027 1782 3613 1857">
    <p class='ocr_par' dir='ltr' id='par_1_33' title="bbox 2027 1782 3613 1857">
     <span class='ocr_line' id='line_1_33' title="bbox 2027 1782 3613 1857; baseline -0.006 -14"><span class='ocrx_word' id='word_1_241' title='bbox 2027 1787 2130 1843; x_wconf 90' lang='lat' dir='ltr'><strong>Cui</strong></span> <span class='ocrx_word' id='word_1_242' title='bbox 2159 1788 2299 1844; x_wconf 92' lang='lat' dir='ltr'><strong>bono</strong></span> <span class='ocrx_word' id='word_1_243' title='bbox 2343 1797 2526 1844; x_wconf 87' lang='lat' dir='ltr'><strong>autem</strong></span> <span class='ocrx_word' id='word_1_244' title='bbox 2572 1786 2887 1853; x_wconf 89' lang='lat' dir='ltr'><strong>multitudo,</strong></span> <span class='ocrx_word' id='word_1_245' title='bbox 2919 1787 2964 1842; x_wconf 92' lang='lat' dir='ltr'><strong>si</strong></span> <span class='ocrx_word' id='word_1_246' title='bbox 3006 1785 3230 1857; x_wconf 87' lang='lat' dir='ltr'><strong>quidem</strong></span> <span class='ocrx_word' id='word_1_247' title='bbox 3278 1782 3422 1839; x_wconf 89' lang='lat' dir='ltr'><strong>haud</strong></span> <span class='ocrx_word' id='word_1_248' title='bbox 3460 1795 3613 1856; x_wconf 78' lang='lat' dir='ltr'><strong>com-</strong></span> 
     </span>
    </p>
   </div>
   <div class='ocr_carea' id='block_1_34' title="bbox 341 1862 1940 1947">
    <p class='ocr_par' dir='ltr' id='par_1_34' title="bbox 341 1873 1926 1947">
     <span class='ocr_line' id='line_1_34' title="bbox 341 1873 1926 1947; baseline 0.002 -21"><span class='ocrx_word' id='word_1_249' title='bbox 341 1877 425 1937; x_wconf 85' lang='grc' dir='ltr'><strong>είς</strong></span> <span class='ocrx_word' id='word_1_250' title='bbox 455 1873 796 1945; x_wconf 88' lang='grc' dir='ltr'>πλησμονήν.</span> <span class='ocrx_word' id='word_1_251' title='bbox 832 1893 851 1928; x_wconf 75' lang='grc' dir='ltr'><strong>ι</strong></span> <span class='ocrx_word' id='word_1_252' title='bbox 893 1875 957 1928; x_wconf 85' lang='grc' dir='ltr'><strong><em>Ὢ</em></strong></span> <span class='ocrx_word' id='word_1_253' title='bbox 979 1874 1082 1946; x_wconf 83' lang='grc' dir='ltr'>τῆς</span> <span class='ocrx_word' id='word_1_254' title='bbox 1106 1875 1200 1929; x_wconf 89' lang='grc' dir='ltr'><strong>τοῦ</strong></span> <span class='ocrx_word' id='word_1_255' title='bbox 1227 1875 1364 1929; x_wconf 89' lang='grc' dir='ltr'><strong>Θεοῦ</strong></span> <span class='ocrx_word' id='word_1_256' title='bbox 1398 1877 1796 1947; x_wconf 76' lang='grc' dir='ltr'>προγνώσεωςῐ</span> <span class='ocrx_word' id='word_1_257' title='bbox 1844 1877 1926 1931; x_wconf 78' lang='grc' dir='ltr'>ὅτι</span> 
     </span>
    </p>
   </div>
   <div class='ocr_carea' id='block_1_35' title="bbox 2047 1862 3610 1947">
    <p class='ocr_par' dir='ltr' id='par_1_35' title="bbox 2047 1873 3610 1937">
     <span class='ocr_line' id='line_1_35' title="bbox 2047 1873 3610 1937; baseline -0.006 -1"><span class='ocrx_word' id='word_1_258' title='bbox 2047 1881 2195 1936; x_wconf 82' lang='lat' dir='ltr'><strong>noda</strong></span> <span class='ocrx_word' id='word_1_259' title='bbox 2255 1881 2508 1937; x_wconf 79' lang='lat' dir='ltr'><strong>evadet?</strong></span> <span class='ocrx_word' id='word_1_260' title='bbox 2551 1879 2744 1936; x_wconf 81' lang='lat' dir='ltr'><strong>Merito</strong></span> <span class='ocrx_word' id='word_1_261' title='bbox 2809 1879 2958 1936; x_wconf 90' lang='lat' dir='ltr'><strong>enim</strong></span> <span class='ocrx_word' id='word_1_262' title='bbox 3029 1877 3222 1933; x_wconf 85' lang='lat' dir='ltr'><strong>audies</strong></span> <span class='ocrx_word' id='word_1_263' title='bbox 3282 1877 3351 1932; x_wconf 91' lang='lat' dir='ltr'><strong>ab</strong></span> <span class='ocrx_word' id='word_1_264' title='bbox 3412 1873 3610 1930; x_wconf 88' lang='lat' dir='ltr'><strong>Isaia:</strong></span> 
     </span>
    </p>
   </div>
   <div class='ocr_carea' id='block_1_36' title="bbox 343 1966 1926 2041">
    <p class='ocr_par' dir='ltr' id='par_1_36' title="bbox 343 1966 1926 2041">
     <span class='ocr_line' id='line_1_36' title="bbox 343 1966 1926 2041; baseline 0.001 -21"><span class='ocrx_word' id='word_1_265' title='bbox 343 1966 556 2020; x_wconf 79' lang='grc' dir='ltr'>καὶτοῦ</span> <span class='ocrx_word' id='word_1_266' title='bbox 573 1966 826 2039; x_wconf 78' lang='grc' dir='ltr'>’Δὸραάμ</span> <span class='ocrx_word' id='word_1_267' title='bbox 847 1966 980 2023; x_wconf 83' lang='grc' dir='ltr'>Θεὸν</span> <span class='ocrx_word' id='word_1_268' title='bbox 1007 1967 1381 2033; x_wconf 88' lang='grc' dir='ltr'>λιτανεύοντος</span> <span class='ocrx_word' id='word_1_269' title='bbox 1404 1969 1542 2041; x_wconf 82' lang='grc' dir='ltr'>ὑπὲρ</span> <span class='ocrx_word' id='word_1_270' title='bbox 1569 1968 1662 2023; x_wconf 86' lang='grc' dir='ltr'><strong>τοῦ</strong></span> <span class='ocrx_word' id='word_1_271' title='bbox 1681 1969 1926 2041; x_wconf 81' lang='grc' dir='ltr'>Ἰσμαὴλ,</span> 
     </span>
    </p>
   </div>
   <div class='ocr_carea' id='block_1_37' title="bbox 343 2058 1931 2131">
    <p class='ocr_par' dir='ltr' id='par_1_37' title="bbox 343 2058 1931 2131">
     <span class='ocr_line' id='line_1_37' title="bbox 343 2058 1931 2131; baseline 0 -19"><span class='ocrx_word' id='word_1_272' title='bbox 343 2059 444 2128; x_wconf 82' lang='grc' dir='ltr'><strong>τὴν</strong></span> <span class='ocrx_word' id='word_1_273' title='bbox 471 2059 552 2122; x_wconf 85' lang='grc' dir='ltr'>εἰς</span> <span class='ocrx_word' id='word_1_274' title='bbox 582 2058 785 2129; x_wconf 80' lang='grc' dir='ltr'>πλῆθος</span> <span class='ocrx_word' id='word_1_275' title='bbox 817 2058 1046 2131; x_wconf 77' lang='grc' dir='ltr'>αὔξησιν</span> <span class='ocrx_word' id='word_1_276' title='bbox 1080 2059 1177 2113; x_wconf 75' lang='grc' dir='ltr'>καὶ</span> <span class='ocrx_word' id='word_1_277' title='bbox 1210 2059 1372 2130; x_wconf 87' lang='grc' dir='ltr'>μόνον</span> <span class='ocrx_word' id='word_1_278' title='bbox 1405 2060 1692 2131; x_wconf 83' lang='grc' dir='ltr'>κομίζεται</span> <span class='ocrx_word' id='word_1_279' title='bbox 1714 2077 1726 2092; x_wconf 78' lang='grc' dir='ltr'><strong>ο</strong></span> <span class='ocrx_word' id='word_1_280' title='bbox 1748 2059 1846 2130; x_wconf 81' lang='grc' dir='ltr'><strong>τῆς</strong></span> <span class='ocrx_word' id='word_1_281' title='bbox 1873 2059 1931 2113; x_wconf 83' lang='grc' dir='ltr'>δὲ</span> 
     </span>
    </p>
   </div>
   <div class='ocr_carea' id='block_1_38' title="bbox 342 2148 1932 2222">
    <p class='ocr_par' dir='ltr' id='par_1_38' title="bbox 342 2148 1932 2222">
     <span class='ocr_line' id='line_1_38' title="bbox 342 2148 1932 2222; baseline 0.002 -20"><span class='ocrx_word' id='word_1_282' title='bbox 342 2149 612 2220; x_wconf 79' lang='grc' dir='ltr'><strong>διαθήκης</strong></span> <span class='ocrx_word' id='word_1_283' title='bbox 641 2151 734 2203; x_wconf 90' lang='grc' dir='ltr'><strong>τοῦ</strong></span> <span class='ocrx_word' id='word_1_284' title='bbox 775 2149 911 2204; x_wconf 87' lang='grc' dir='ltr'>Θεοῦ</span> <span class='ocrx_word' id='word_1_285' title='bbox 949 2149 1098 2216; x_wconf 83' lang='grc' dir='ltr'>ξένος</span> <span class='ocrx_word' id='word_1_286' title='bbox 1159 2148 1253 2204; x_wconf 76' lang='grc' dir='ltr'><strong>καὶ</strong></span> <span class='ocrx_word' id='word_1_287' title='bbox 1294 2151 1574 2222; x_wconf 85' lang='grc' dir='ltr'>ἀλλότριος</span> <span class='ocrx_word' id='word_1_288' title='bbox 1628 2151 1718 2204; x_wconf 80' lang='grc' dir='ltr'>ὑπ’</span> <span class='ocrx_word' id='word_1_289' title='bbox 1767 2151 1932 2205; x_wconf 79' lang='grc' dir='ltr'>αὑτοῦ</span> 
     </span>
    </p>
   </div>
   <div class='ocr_carea' id='block_1_39' title="bbox 344 2239 1934 2314">
    <p class='ocr_par' dir='ltr' id='par_1_39' title="bbox 344 2239 1934 2314">
     <span class='ocr_line' id='line_1_39' title="bbox 344 2239 1934 2314; baseline 0.004 -23"><span class='ocrx_word' id='word_1_290' title='bbox 344 2239 444 2292; x_wconf 89' lang='grc' dir='ltr'><strong>τοῦ</strong></span> <span class='ocrx_word' id='word_1_291' title='bbox 476 2239 612 2293; x_wconf 88' lang='grc' dir='ltr'>Θεοῦ</span> <span class='ocrx_word' id='word_1_292' title='bbox 651 2241 1136 2296; x_wconf 86' lang='grc' dir='ltr'>ἀποδιαστέλλεται</span> <span class='ocrx_word' id='word_1_293' title='bbox 1159 2284 1176 2309; x_wconf 91' lang='grc'><strong>,</strong></span> <span class='ocrx_word' id='word_1_294' title='bbox 1229 2241 1304 2306; x_wconf 85' lang='grc' dir='ltr'>ὡς</span> <span class='ocrx_word' id='word_1_295' title='bbox 1341 2241 1526 2296; x_wconf 87' lang='grc' dir='ltr'>’ῐσαάκ</span> <span class='ocrx_word' id='word_1_296' title='bbox 1578 2243 1740 2314; x_wconf 87' lang='grc' dir='ltr'>μόνον</span> <span class='ocrx_word' id='word_1_297' title='bbox 1781 2243 1934 2308; x_wconf 76' lang='grc' dir='ltr'>ὖντος</span> 
     </span>
    </p>
   </div>
   <div class='ocr_carea' id='block_1_40' title="bbox 344 2331 1936 2406">
    <p class='ocr_par' dir='ltr' id='par_1_40' title="bbox 344 2331 1936 2406">
     <span class='ocr_line' id='line_1_40' title="bbox 344 2331 1936 2406; baseline 0.003 -21"><span class='ocrx_word' id='word_1_298' title='bbox 344 2331 500 2396; x_wconf 79' lang='grc' dir='ltr'>ἀξίου</span> <span class='ocrx_word' id='word_1_299' title='bbox 526 2332 727 2404; x_wconf 84' lang='grc' dir='ltr'>ταύτην</span> <span class='ocrx_word' id='word_1_300' title='bbox 757 2333 1139 2404; x_wconf 84' lang='grc' dir='ltr'>κληρονομεῖν,</span> <span class='ocrx_word' id='word_1_301' title='bbox 1167 2333 1254 2388; x_wconf 85' lang='grc' dir='ltr'>διὰ</span> <span class='ocrx_word' id='word_1_302' title='bbox 1276 2333 1366 2388; x_wconf 73' lang='grc' dir='ltr'><strong>τὸν</strong></span> <span class='ocrx_word' id='word_1_303' title='bbox 1385 2332 1444 2399; x_wconf 72' lang='grc' dir='ltr'><strong>ἐξ</strong></span> <span class='ocrx_word' id='word_1_304' title='bbox 1474 2333 1640 2388; x_wconf 83' lang='grc' dir='ltr'>αύτοῦ</span> <span class='ocrx_word' id='word_1_305' title='bbox 1672 2333 1936 2406; x_wconf 84' lang='grc' dir='ltr'>μέλλοντα</span> 
     </span>
    </p>
   </div>
   <div class='ocr_carea' id='block_1_41' title="bbox 347 2425 1937 2500">
    <p class='ocr_par' dir='ltr' id='par_1_41' title="bbox 347 2425 1937 2500">
     <span class='ocr_line' id='line_1_41' title="bbox 347 2425 1937 2500; baseline 0.003 -23"><span class='ocrx_word' id='word_1_306' title='bbox 347 2425 714 2497; x_wconf 79' lang='grc' dir='ltr'>προέρχεσθαι</span> <span class='ocrx_word' id='word_1_307' title='bbox 759 2426 1127 2499; x_wconf 83' lang='grc' dir='ltr'>εύλογημένον</span> <span class='ocrx_word' id='word_1_308' title='bbox 1180 2427 1418 2500; x_wconf 83' lang='grc' dir='ltr'>Χριστὸν</span> <span class='ocrx_word' id='word_1_309' title='bbox 1465 2429 1559 2482; x_wconf 74' lang='grc' dir='ltr'><strong>καὶ</strong></span> <span class='ocrx_word' id='word_1_310' title='bbox 1615 2428 1770 2484; x_wconf 83' lang='grc' dir='ltr'>Θεόν.</span> <span class='ocrx_word' id='word_1_311' title='bbox 1823 2430 1937 2483; x_wconf 68' lang='grc' dir='ltr'>Καὶ</span> 
     </span>
    </p>
   </div>
   <div class='ocr_carea' id='block_1_42' title="bbox 346 2516 1936 2592">
    <p class='ocr_par' dir='ltr' id='par_1_42' title="bbox 346 2516 1936 2592">
     <span class='ocr_line' id='line_1_42' title="bbox 346 2516 1936 2592; baseline 0.004 -22"><span class='ocrx_word' id='word_1_312' title='bbox 346 2516 513 2570; x_wconf 85' lang='grc' dir='ltr'>τοῦτο</span> <span class='ocrx_word' id='word_1_313' title='bbox 545 2518 603 2572; x_wconf 73' lang='grc' dir='ltr'>δὲ</span> <span class='ocrx_word' id='word_1_314' title='bbox 644 2517 920 2589; x_wconf 72' lang='grc' dir='ltr'>Θαυμάσαι</span> <span class='ocrx_word' id='word_1_315' title='bbox 947 2519 1096 2574; x_wconf 78' lang='grc' dir='ltr'>ἐστιν</span> <span class='ocrx_word' id='word_1_316' title='bbox 1158 2521 1241 2574; x_wconf 85' lang='grc' dir='ltr'><strong>ὅτι</strong></span> <span class='ocrx_word' id='word_1_317' title='bbox 1281 2520 1411 2591; x_wconf 76' lang='grc' dir='ltr'>περὶ</span> <span class='ocrx_word' id='word_1_318' title='bbox 1446 2521 1544 2592; x_wconf 73' lang='grc' dir='ltr'>μὲν</span> <span class='ocrx_word' id='word_1_319' title='bbox 1572 2520 1792 2575; x_wconf 85' lang='grc' dir='ltr'>πάντων</span> <span class='ocrx_word' id='word_1_320' title='bbox 1826 2521 1936 2576; x_wconf 82' lang='grc' dir='ltr'>τῶν</span> 
     </span>
    </p>
   </div>
   <div class='ocr_carea' id='block_1_43' title="bbox 347 2609 1938 2684">
    <p class='ocr_par' dir='ltr' id='par_1_43' title="bbox 347 2609 1938 2684">
     <span class='ocr_line' id='line_1_43' title="bbox 347 2609 1938 2684; baseline 0.004 -23"><span class='ocrx_word' id='word_1_321' title='bbox 347 2609 520 2662; x_wconf 75' lang='grc' dir='ltr'>ἐθνῶν</span> <span class='ocrx_word' id='word_1_322' title='bbox 556 2609 771 2682; x_wconf 76' lang='grc' dir='ltr'>εἴρηται</span> <span class='ocrx_word' id='word_1_323' title='bbox 813 2614 879 2682; x_wconf 78' lang='grc' dir='ltr'>τῇ</span> <span class='ocrx_word' id='word_1_324' title='bbox 934 2612 1281 2684; x_wconf 79' lang='grc' dir='ltr'>προφητείᾳ,</span> <span class='ocrx_word' id='word_1_325' title='bbox 1334 2613 1410 2677; x_wconf 85' lang='grc' dir='ltr'>ὼς</span> <span class='ocrx_word' id='word_1_326' title='bbox 1461 2612 1938 2683; x_wconf 78' lang='grc' dir='ltr'>Μνησθήσονται</span> 
     </span>
    </p>
   </div>
   <div class='ocr_carea' id='block_1_44' title="bbox 349 2704 1936 2777">
    <p class='ocr_par' dir='ltr' id='par_1_44' title="bbox 349 2704 1936 2777">
     <span class='ocr_line' id='line_1_44' title="bbox 349 2704 1936 2777; baseline 0.003 -20"><span class='ocrx_word' id='word_1_327' title='bbox 349 2704 449 2757; x_wconf 77' lang='grc' dir='ltr'><strong>καί</strong></span> <span class='ocrx_word' id='word_1_328' title='bbox 482 2704 1043 2775; x_wconf 62' lang='grc' dir='ltr'>ἑστία-τραφήσονται</span> <span class='ocrx_word' id='word_1_329' title='bbox 1076 2708 1230 2776; x_wconf 84' lang='grc' dir='ltr'>πρὸς</span> <span class='ocrx_word' id='word_1_330' title='bbox 1254 2706 1478 2777; x_wconf 83' lang='grc' dir='ltr'><strong>Κύριον</strong></span> <span class='ocrx_word' id='word_1_331' title='bbox 1502 2707 1702 2764; x_wconf 79' lang='grc' dir='ltr'>πάντα</span> <span class='ocrx_word' id='word_1_332' title='bbox 1727 2709 1800 2764; x_wconf 85' lang='grc' dir='ltr'>τὰ</span> <span class='ocrx_word' id='word_1_333' title='bbox 1827 2707 1936 2762; x_wconf 84' lang='grc' dir='ltr'>πέ-</span> 
     </span>
    </p>
   </div>
   <div class='ocr_carea' id='block_1_45' title="bbox 341 2795 1934 2872">
    <p class='ocr_par' dir='ltr' id='par_1_45' title="bbox 341 2795 1934 2872">
     <span class='ocr_line' id='line_1_45' title="bbox 341 2795 1934 2872; baseline 0.003 -22"><span class='ocrx_word' id='word_1_334' title='bbox 341 2812 500 2865; x_wconf 82' lang='grc' dir='ltr'>ρατα</span> <span class='ocrx_word' id='word_1_335' title='bbox 521 2795 630 2866; x_wconf 84' lang='grc' dir='ltr'>τῆς</span> <span class='ocrx_word' id='word_1_336' title='bbox 655 2798 782 2869; x_wconf 71' lang='grc' dir='ltr'>γῆς.</span> <span class='ocrx_word' id='word_1_337' title='bbox 811 2801 1046 2864; x_wconf 80' lang='grc' dir='ltr'>Τούτους</span> <span class='ocrx_word' id='word_1_338' title='bbox 1071 2800 1128 2854; x_wconf 74' lang='grc' dir='ltr'>δὲ</span> <span class='ocrx_word' id='word_1_339' title='bbox 1158 2801 1459 2872; x_wconf 84' lang='grc' dir='ltr'>ἀμετόχους</span> <span class='ocrx_word' id='word_1_340' title='bbox 1482 2801 1582 2872; x_wconf 86' lang='grc' dir='ltr'><strong>τῆς</strong></span> <span class='ocrx_word' id='word_1_341' title='bbox 1610 2801 1777 2855; x_wconf 79' lang='grc' dir='ltr'>αὑτοῦ</span> <span class='ocrx_word' id='word_1_342' title='bbox 1817 2802 1934 2855; x_wconf 74' lang='grc' dir='ltr'>διαο</span> 
     </span>
    </p>
   </div>
   <div class='ocr_carea' id='block_1_46' title="bbox 351 2889 1940 2965">
    <p class='ocr_par' dir='ltr' id='par_1_46' title="bbox 351 2889 1940 2965">
     <span class='ocr_line' id='line_1_46' title="bbox 351 2889 1940 2965; baseline 0.006 -23"><span class='ocrx_word' id='word_1_343' title='bbox 351 2889 531 2958; x_wconf 83' lang='grc' dir='ltr'>θήκης</span> <span class='ocrx_word' id='word_1_344' title='bbox 577 2889 740 2955; x_wconf 74' lang='grc' dir='ltr'>αὐτὸς</span> <span class='ocrx_word' id='word_1_345' title='bbox 774 2893 961 2957; x_wconf 80' lang='grc' dir='ltr'>ὀΘεδς</span> <span class='ocrx_word' id='word_1_346' title='bbox 1015 2893 1254 2965; x_wconf 80' lang='grc' dir='ltr'>ἔκρινεν,</span> <span class='ocrx_word' id='word_1_347' title='bbox 1309 2896 1528 2960; x_wconf 78' lang='grc' dir='ltr'>πάντως</span> <span class='ocrx_word' id='word_1_348' title='bbox 1587 2896 1676 2950; x_wconf 75' lang='grc' dir='ltr'>διὰ</span> <span class='ocrx_word' id='word_1_349' title='bbox 1733 2896 1796 2951; x_wconf 83' lang='grc' dir='ltr'><strong>τὸ</strong></span> <span class='ocrx_word' id='word_1_350' title='bbox 1846 2897 1940 2952; x_wconf 75' lang='grc' dir='ltr'><strong>τὸν</strong></span> 
     </span>
    </p>
   </div>
   <div class='ocr_carea' id='block_1_47' title="bbox 351 2981 1689 3059">
    <p class='ocr_par' dir='ltr' id='par_1_47' title="bbox 351 2981 1689 3059">
     <span class='ocr_line' id='line_1_47' title="bbox 351 2981 1689 3059; baseline 0.007 -25"><span class='ocrx_word' id='word_1_351' title='bbox 351 2981 732 3053; x_wconf 78' lang='grc' dir='ltr'>ἀντικείμενον</span> <span class='ocrx_word' id='word_1_352' title='bbox 757 2985 1053 3056; x_wconf 87' lang='grc' dir='ltr'>λεγόμενον</span> <span class='ocrx_word' id='word_1_353' title='bbox 1076 2987 1308 3058; x_wconf 83' lang='grc' dir='ltr'>δαίμονα</span> <span class='ocrx_word' id='word_1_354' title='bbox 1338 2987 1689 3059; x_wconf 88' lang='grc' dir='ltr'>θεραπεύειν.</span> 
     </span>
    </p>
   </div>
   <div class='ocr_carea' id='block_1_48' title="bbox 427 3073 1932 3151">
    <p class='ocr_par' dir='ltr' id='par_1_48' title="bbox 427 3073 1932 3151">
     <span class='ocr_line' id='line_1_48' title="bbox 427 3073 1932 3151; baseline 0.002 -21"><span class='ocrx_word' id='word_1_355' title='bbox 427 3079 536 3142; x_wconf 57' lang='grc' dir='ltr'><strong>ῑιγη</strong></span> <span class='ocrx_word' id='word_1_356' title='bbox 578 3073 641 3129; x_wconf 79' lang='lat' dir='ltr'><strong>Ei</strong></span> <span class='ocrx_word' id='word_1_357' title='bbox 674 3076 767 3130; x_wconf 77' lang='grc' dir='ltr'>οὖν</span> <span class='ocrx_word' id='word_1_358' title='bbox 813 3079 978 3142; x_wconf 82' lang='grc' dir='ltr'>αὐτὸς</span> <span class='ocrx_word' id='word_1_359' title='bbox 1004 3081 1032 3132; x_wconf 86' lang='grc' dir='ltr'>ὁ</span> <span class='ocrx_word' id='word_1_360' title='bbox 1057 3078 1191 3144; x_wconf 73' lang='grc' dir='ltr'>Θεὸς</span> <span class='ocrx_word' id='word_1_361' title='bbox 1224 3078 1567 3150; x_wconf 85' lang='grc' dir='ltr'>ἀμεθέκτους</span> <span class='ocrx_word' id='word_1_362' title='bbox 1597 3080 1798 3143; x_wconf 72' lang='grc' dir='ltr'>αὐτοὺς</span> <span class='ocrx_word' id='word_1_363' title='bbox 1829 3081 1932 3151; x_wconf 81' lang='grc' dir='ltr'>τῆς</span> 
     </span>
    </p>
   </div>
   <div class='ocr_carea' id='block_1_49' title="bbox 355 3163 1941 3243">
    <p class='ocr_par' dir='ltr' id='par_1_49' title="bbox 355 3163 1941 3243">
     <span class='ocr_line' id='line_1_49' title="bbox 355 3163 1941 3243; baseline 0.004 -25"><span class='ocrx_word' id='word_1_364' title='bbox 355 3163 528 3227; x_wconf 75' lang='grc' dir='ltr'><strong>αὑτοῦ¹</strong></span> <span class='ocrx_word' id='word_1_365' title='bbox 579 3166 847 3239; x_wconf 79' lang='grc' dir='ltr'>διαθήκης</span> <span class='ocrx_word' id='word_1_366' title='bbox 901 3169 1150 3241; x_wconf 79' lang='grc' dir='ltr'>ἐποίησε,</span> <span class='ocrx_word' id='word_1_367' title='bbox 1204 3170 1490 3225; x_wconf 74' lang='grc' dir='ltr'>καὶτοῦτο</span> <span class='ocrx_word' id='word_1_368' title='bbox 1541 3170 1699 3243; x_wconf 76' lang='grc' dir='ltr'>δῆλον</span> <span class='ocrx_word' id='word_1_369' title='bbox 1732 3174 1797 3226; x_wconf 85' lang='grc' dir='ltr'><strong>ὲκ</strong></span> <span class='ocrx_word' id='word_1_370' title='bbox 1845 3171 1941 3224; x_wconf 88' lang='grc' dir='ltr'><strong>τοῦ</strong></span> 
     </span>
    </p>
   </div>
   <div class='ocr_carea' id='block_1_50' title="bbox 359 3260 1944 3336">
    <p class='ocr_par' dir='ltr' id='par_1_50' title="bbox 359 3260 1944 3336">
     <span class='ocr_line' id='line_1_50' title="bbox 359 3260 1944 3336; baseline 0.002 -24"><span class='ocrx_word' id='word_1_371' title='bbox 359 3260 528 3331; x_wconf 80' lang='grc' dir='ltr'>μέχρι</span> <span class='ocrx_word' id='word_1_372' title='bbox 556 3263 651 3314; x_wconf 78' lang='grc' dir='ltr'><strong>καὶ</strong></span> <span class='ocrx_word' id='word_1_373' title='bbox 676 3261 771 3316; x_wconf 85' lang='grc' dir='ltr'><strong>νῦν</strong></span> <span class='ocrx_word' id='word_1_374' title='bbox 805 3262 879 3334; x_wconf 83' lang='grc' dir='ltr'>μὴ</span> <span class='ocrx_word' id='word_1_375' title='bbox 909 3263 1305 3334; x_wconf 87' lang='grc' dir='ltr'>καταδέχεσθαι</span> <span class='ocrx_word' id='word_1_376' title='bbox 1331 3263 1531 3328; x_wconf 78' lang='grc' dir='ltr'>αὐτοὺς</span> <span class='ocrx_word' id='word_1_377' title='bbox 1560 3267 1625 3336; x_wconf 76' lang='grc' dir='ltr'>τῇ</span> <span class='ocrx_word' id='word_1_378' title='bbox 1656 3264 1944 3335; x_wconf 78' lang='grc' dir='ltr'>ίσαγγελίᾳ</span> 
     </span>
    </p>
   </div>
   <div class='ocr_carea' id='block_1_51' title="bbox 357 3351 1948 3427">
    <p class='ocr_par' dir='ltr' id='par_1_51' title="bbox 357 3351 1948 3427">
     <span class='ocr_line' id='line_1_51' title="bbox 357 3351 1948 3427; baseline 0.001 -21"><span class='ocrx_word' id='word_1_379' title='bbox 357 3351 463 3422; x_wconf 82' lang='grc' dir='ltr'><strong>τῆς</strong></span> <span class='ocrx_word' id='word_1_380' title='bbox 489 3352 638 3417; x_wconf 82' lang='grc' dir='ltr'>θείας</span> <span class='ocrx_word' id='word_1_381' title='bbox 665 3353 888 3426; x_wconf 85' lang='grc' dir='ltr'>Γραφῆς</span> <span class='ocrx_word' id='word_1_382' title='bbox 914 3355 1344 3427; x_wconf 82' lang='grc' dir='ltr'>μαθητεύεσθαι’</span> <span class='ocrx_word' id='word_1_383' title='bbox 1367 3355 1531 3410; x_wconf 86' lang='grc' dir='ltr'>πόθεν</span> <span class='ocrx_word' id='word_1_384' title='bbox 1562 3357 1591 3409; x_wconf 87' lang='grc' dir='ltr'>ὁ</span> <span class='ocrx_word' id='word_1_385' title='bbox 1617 3355 1948 3427; x_wconf 74' lang='grc' dir='ltr'>καμηλώδης</span> 
     </span>
    </p>
   </div>
   <div class='ocr_carea' id='block_1_52' title="bbox 357 3444 1949 3520">
    <p class='ocr_par' dir='ltr' id='par_1_52' title="bbox 357 3444 1949 3520">
     <span class='ocr_line' id='line_1_52' title="bbox 357 3444 1949 3520; baseline 0.004 -25"><span class='ocrx_word' id='word_1_386' title='bbox 357 3444 495 3514; x_wconf 88' lang='grc' dir='ltr'>γόης</span> <span class='ocrx_word' id='word_1_387' title='bbox 525 3445 734 3510; x_wconf 70' lang='grc' dir='ltr'>ἐκεῖνος</span> <span class='ocrx_word' id='word_1_388' title='bbox 762 3447 862 3514; x_wconf 83' lang='grc' dir='ltr'><strong>τὴν</strong></span> <span class='ocrx_word' id='word_1_389' title='bbox 887 3447 1078 3518; x_wconf 85' lang='grc' dir='ltr'>τρίτην</span> <span class='ocrx_word' id='word_1_390' title='bbox 1111 3447 1378 3520; x_wconf 83' lang='grc' dir='ltr'>διαθήκην</span> <span class='ocrx_word' id='word_1_391' title='bbox 1409 3448 1685 3519; x_wconf 70' lang='grc' dir='ltr'>ἐκόμισεν,</span> <span class='ocrx_word' id='word_1_392' title='bbox 1717 3448 1949 3513; x_wconf 83' lang='grc' dir='ltr'>ἀναιδῶς</span> 
     </span>
    </p>
   </div>
   <div class='ocr_carea' id='block_1_53' title="bbox 357 3535 1948 3612">
    <p class='ocr_par' dir='ltr' id='par_1_53' title="bbox 357 3535 1948 3612">
     <span class='ocr_line' id='line_1_53' title="bbox 357 3535 1948 3612; baseline 0.002 -23"><span class='ocrx_word' id='word_1_393' title='bbox 357 3535 458 3590; x_wconf 88' lang='grc' dir='ltr'><strong>τοῦ</strong></span> <span class='ocrx_word' id='word_1_394' title='bbox 487 3535 624 3590; x_wconf 89' lang='grc' dir='ltr'>Θεοῦ</span> <span class='ocrx_word' id='word_1_395' title='bbox 657 3537 1146 3610; x_wconf 74' lang='grc' dir='ltr'>καταψευσάμενος</span> <span class='ocrx_word' id='word_1_396' title='bbox 1177 3539 1470 3611; x_wconf 84' lang='grc' dir='ltr'>οὐρανόθεν</span> <span class='ocrx_word' id='word_1_397' title='bbox 1495 3539 1698 3612; x_wconf 83' lang='grc' dir='ltr'>λήρους</span> <span class='ocrx_word' id='word_1_398' title='bbox 1721 3539 1816 3593; x_wconf 77' lang='grc' dir='ltr'><strong>καὶ</strong></span> <span class='ocrx_word' id='word_1_399' title='bbox 1843 3538 1948 3610; x_wconf 88' lang='grc' dir='ltr'>μύ-</span> 
     </span>
    </p>
   </div>
   <div class='ocr_carea' id='block_1_54' title="bbox 362 3629 1951 3704">
    <p class='ocr_par' dir='ltr' id='par_1_54' title="bbox 362 3629 1951 3704">
     <span class='ocr_line' id='line_1_54' title="bbox 362 3629 1951 3704; baseline 0 -20"><span class='ocrx_word' id='word_1_400' title='bbox 362 3629 492 3694; x_wconf 81' lang='grc' dir='ltr'>θους</span> <span class='ocrx_word' id='word_1_401' title='bbox 520 3630 614 3684; x_wconf 72' lang='grc' dir='ltr'><strong>καὶ</strong></span> <span class='ocrx_word' id='word_1_402' title='bbox 644 3631 914 3695; x_wconf 87' lang='grc' dir='ltr'>ἀσωτείας</span> <span class='ocrx_word' id='word_1_403' title='bbox 941 3632 1037 3686; x_wconf 73' lang='grc' dir='ltr'>καὶ</span> <span class='ocrx_word' id='word_1_404' title='bbox 1080 3632 1350 3704; x_wconf 82' lang='grc' dir='ltr'>φλυαρίας</span> <span class='ocrx_word' id='word_1_405' title='bbox 1385 3632 1660 3702; x_wconf 84' lang='grc' dir='ltr'>ἀγνωσίας</span> <span class='ocrx_word' id='word_1_406' title='bbox 1681 3649 1741 3686; x_wconf 90' lang='grc' dir='ltr'><strong>τε</strong></span> <span class='ocrx_word' id='word_1_407' title='bbox 1769 3633 1951 3704; x_wconf 85' lang='grc' dir='ltr'>πάσης</span> 
     </span>
    </p>
   </div>
   <div class='ocr_carea' id='block_1_55' title="bbox 362 3722 1952 3796">
    <p class='ocr_par' dir='ltr' id='par_1_55' title="bbox 362 3722 1952 3796">
     <span class='ocr_line' id='line_1_55' title="bbox 362 3722 1952 3796; baseline 0.001 -21"><span class='ocrx_word' id='word_1_408' title='bbox 362 3722 459 3775; x_wconf 75' lang='grc' dir='ltr'><strong>καὶ</strong></span> <span class='ocrx_word' id='word_1_409' title='bbox 487 3722 760 3792; x_wconf 86' lang='grc' dir='ltr'>ἀμαθείας</span> <span class='ocrx_word' id='word_1_410' title='bbox 805 3724 1210 3796; x_wconf 81' lang='grc' dir='ltr'>μεμεστωμένα</span> <span class='ocrx_word' id='word_1_411' title='bbox 1264 3723 1515 3796; x_wconf 71' lang='grc' dir='ltr'>δέχεεθαι</span> <span class='ocrx_word' id='word_1_412' title='bbox 1545 3723 1952 3794; x_wconf 77' lang='grc' dir='ltr'>ἀλαζονευόμε-</span> 
     </span>
    </p>
   </div>
   <div class='ocr_carea' id='block_1_56' title="bbox 363 3813 1952 3888">
    <p class='ocr_par' dir='ltr' id='par_1_56' title="bbox 363 3813 1952 3888">
     <span class='ocr_line' id='line_1_56' title="bbox 363 3813 1952 3888; baseline 0.003 -23"><span class='ocrx_word' id='word_1_413' title='bbox 363 3829 490 3880; x_wconf 76' lang='grc' dir='ltr'>νοςς</span> <span class='ocrx_word' id='word_1_414' title='bbox 521 3813 598 3868; x_wconf 83' lang='grc' dir='ltr'>ὅτ’</span> <span class='ocrx_word' id='word_1_415' title='bbox 625 3813 690 3869; x_wconf 85' lang='grc' dir='ltr'>ἂν</span> <span class='ocrx_word' id='word_1_416' title='bbox 721 3815 856 3887; x_wconf 79' lang='grc' dir='ltr'>λέγῃ</span> <span class='ocrx_word' id='word_1_417' title='bbox 887 3815 1109 3888; x_wconf 78' lang='grc' dir='ltr'>Μαρίαν</span> <span class='ocrx_word' id='word_1_418' title='bbox 1138 3815 1236 3886; x_wconf 78' lang='grc' dir='ltr'>τὴν</span> <span class='ocrx_word' id='word_1_419' title='bbox 1268 3815 1551 3881; x_wconf 83' lang='grc' dir='ltr'>Μωΰσέως</span> <span class='ocrx_word' id='word_1_420' title='bbox 1580 3816 1820 3888; x_wconf 77' lang='grc' dir='ltr'>ἀδελφὴν</span> <span class='ocrx_word' id='word_1_421' title='bbox 1859 3817 1952 3870; x_wconf 74' lang='grc' dir='ltr'><strong>τὸν</strong></span> 
     </span>
    </p>
   </div>
   <div class='ocr_carea' id='block_1_57' title="bbox 365 3903 1954 3980">
    <p class='ocr_par' dir='ltr' id='par_1_57' title="bbox 365 3903 1954 3980">
     <span class='ocr_line' id='line_1_57' title="bbox 365 3903 1954 3980; baseline 0.004 -25"><span class='ocrx_word' id='word_1_422' title='bbox 365 3904 606 3974; x_wconf 75' lang='grc' dir='ltr'>Χριστὸν</span> <span class='ocrx_word' id='word_1_423' title='bbox 643 3907 900 3978; x_wconf 77' lang='grc' dir='ltr'>γεννῆσαι</span> <span class='ocrx_word' id='word_1_424' title='bbox 923 3903 1190 3980; x_wconf 83' lang='grc' dir='ltr'><strong>(96),-ἆρα</strong></span> <span class='ocrx_word' id='word_1_425' title='bbox 1221 3908 1608 3963; x_wconf 79' lang='grc' dir='ltr'>ὑπολέλειπται</span> <span class='ocrx_word' id='word_1_426' title='bbox 1642 3908 1954 3980; x_wconf 81' lang='grc' dir='ltr'>ἀφροσύνης</span> 
     </span>
    </p>
   </div>
   <div class='ocr_carea' id='block_1_58' title="bbox 367 3997 1954 4073">
    <p class='ocr_par' dir='ltr' id='par_1_58' title="bbox 367 3997 1954 4073">
     <span class='ocr_line' id='line_1_58' title="bbox 367 3997 1954 4073; baseline 0.002 -21"><span class='ocrx_word' id='word_1_427' title='bbox 367 3997 670 4070; x_wconf 77' lang='grc' dir='ltr'>ὑπερϐολὴ,</span> <span class='ocrx_word' id='word_1_428' title='bbox 723 4001 817 4052; x_wconf 70' lang='grc' dir='ltr'>καὶ</span> <span class='ocrx_word' id='word_1_429' title='bbox 861 4001 1136 4070; x_wconf 62' lang='grc' dir='ltr'>ἀγνωσίας</span> <span class='ocrx_word' id='word_1_430' title='bbox 1189 4001 1456 4073; x_wconf 78' lang='grc' dir='ltr'>ὑπεροχὴ,</span> <span class='ocrx_word' id='word_1_431' title='bbox 1522 4001 1587 4072; x_wconf 81' lang='grc' dir='ltr'>ἦν</span> <span class='ocrx_word' id='word_1_432' title='bbox 1635 4001 1798 4066; x_wconf 82' lang='grc' dir='ltr'>αὐτὸς</span> <span class='ocrx_word' id='word_1_433' title='bbox 1831 4000 1954 4056; x_wconf 85' lang='grc' dir='ltr'>καθ’</span> 
     </span>
    </p>
   </div>
   <div class='ocr_carea' id='block_1_59' title="bbox 369 4088 1956 4166">
    <p class='ocr_par' dir='ltr' id='par_1_59' title="bbox 369 4088 1956 4166">
     <span class='ocr_line' id='line_1_59' title="bbox 369 4088 1956 4166; baseline 0.003 -22"><span class='ocrx_word' id='word_1_434' title='bbox 369 4091 568 4145; x_wconf 70' lang='grc' dir='ltr'>ἑαυτοῦ</span> <span class='ocrx_word' id='word_1_435' title='bbox 597 4095 626 4147; x_wconf 83' lang='grc' dir='ltr'><strong>ὁ</strong></span> <span class='ocrx_word' id='word_1_436' title='bbox 658 4093 986 4166; x_wconf 85' lang='grc' dir='ltr'>μαινόμενος</span> <span class='ocrx_word' id='word_1_437' title='bbox 1015 4088 1171 4158; x_wconf 74' lang='grc' dir='ltr'>οὗτος</span> <span class='ocrx_word' id='word_1_438' title='bbox 1193 4094 1254 4148; x_wconf 87' lang='grc' dir='ltr'><strong>ού</strong></span> <span class='ocrx_word' id='word_1_439' title='bbox 1291 4092 1617 4164; x_wconf 69' lang='grc' dir='ltr'>κατεχέετος</span> <span class='ocrx_word' id='word_1_440' title='bbox 1651 4095 1814 4148; x_wconf 78' lang='grc' dir='ltr'>πόσον</span> <span class='ocrx_word' id='word_1_441' title='bbox 1846 4094 1956 4166; x_wconf 75' lang='grc' dir='ltr'>γὰρ</span> 
     </span>
    </p>
   </div>
   <div class='ocr_carea' id='block_1_60' title="bbox 373 4181 1957 4256">
    <p class='ocr_par' dir='ltr' id='par_1_60' title="bbox 373 4181 1957 4256">
     <span class='ocr_line' id='line_1_60' title="bbox 373 4181 1957 4256; baseline 0.003 -20"><span class='ocrx_word' id='word_1_442' title='bbox 373 4181 442 4236; x_wconf 82' lang='grc' dir='ltr'><strong>ἂν</strong></span> <span class='ocrx_word' id='word_1_443' title='bbox 478 4181 642 4237; x_wconf 83' lang='grc' dir='ltr'>αὑτὸν</span> <span class='ocrx_word' id='word_1_444' title='bbox 671 4182 850 4236; x_wconf 72' lang='grc' dir='ltr'>οἴεσθε</span> <span class='ocrx_word' id='word_1_445' title='bbox 880 4183 1288 4254; x_wconf 83' lang='grc' dir='ltr'>καταγελᾶσθαι</span> <span class='ocrx_word' id='word_1_446' title='bbox 1334 4185 1399 4238; x_wconf 79' lang='grc' dir='ltr'>ὲκ</span> <span class='ocrx_word' id='word_1_447' title='bbox 1439 4185 1630 4237; x_wconf 87' lang='grc' dir='ltr'>τούτου</span> <span class='ocrx_word' id='word_1_448' title='bbox 1662 4185 1812 4256; x_wconf 87' lang='grc' dir='ltr'><strong>παρά</strong></span> <span class='ocrx_word' id='word_1_449' title='bbox 1848 4187 1957 4240; x_wconf 83' lang='grc' dir='ltr'>τῶν</span> 
     </span>
    </p>
   </div>
   <div class='ocr_carea' id='block_1_61' title="bbox 385 4273 1954 4348">
    <p class='ocr_par' dir='ltr' id='par_1_61' title="bbox 385 4273 1954 4348">
     <span class='ocr_line' id='line_1_61' title="bbox 385 4273 1954 4348; baseline 0.003 -21"><span class='ocrx_word' id='word_1_450' title='bbox 385 4273 678 4341; x_wconf 85' lang='grc' dir='ltr'>Ἰουδαίων,</span> <span class='ocrx_word' id='word_1_451' title='bbox 733 4275 886 4347; x_wconf 76' lang='grc' dir='ltr'>ποιρά</span> <span class='ocrx_word' id='word_1_452' title='bbox 932 4275 1040 4330; x_wconf 84' lang='grc' dir='ltr'><strong>τῶν</strong></span> <span class='ocrx_word' id='word_1_453' title='bbox 1095 4274 1474 4348; x_wconf 85' lang='grc' dir='ltr'>Σαμαρειτῶν,</span> <span class='ocrx_word' id='word_1_454' title='bbox 1529 4276 1684 4348; x_wconf 83' lang='grc' dir='ltr'><strong>παρά</strong></span> <span class='ocrx_word' id='word_1_455' title='bbox 1735 4278 1954 4332; x_wconf 87' lang='grc' dir='ltr'>πάντων</span> 
     </span>
    </p>
   </div>
   <div class='ocr_carea' id='block_1_62' title="bbox 374 4366 1958 4444">
    <p class='ocr_par' dir='ltr' id='par_1_62' title="bbox 374 4366 1958 4444">
     <span class='ocr_line' id='line_1_62' title="bbox 374 4366 1958 4444; baseline 0.001 -22"><span class='ocrx_word' id='word_1_456' title='bbox 374 4366 564 4432; x_wconf 79' lang='grc' dir='ltr'>ἁπλῶς</span> <span class='ocrx_word' id='word_1_457' title='bbox 579 4367 688 4422; x_wconf 81' lang='grc' dir='ltr'><strong>τῶν</strong></span> <span class='ocrx_word' id='word_1_458' title='bbox 719 4368 1011 4439; x_wconf 80' lang='grc' dir='ltr'>μετιόντων</span> <span class='ocrx_word' id='word_1_459' title='bbox 1035 4370 1133 4442; x_wconf 75' lang='grc' dir='ltr'><strong>τὴν</strong></span> <span class='ocrx_word' id='word_1_460' title='bbox 1163 4369 1406 4424; x_wconf 80' lang='grc' dir='ltr'>Παλαιὰν</span> <span class='ocrx_word' id='word_1_461' title='bbox 1439 4369 1471 4440; x_wconf 80' lang='grc' dir='ltr'>ἢ</span> <span class='ocrx_word' id='word_1_462' title='bbox 1501 4370 1594 4424; x_wconf 78' lang='grc' dir='ltr'>καὶ</span> <span class='ocrx_word' id='word_1_463' title='bbox 1621 4371 1718 4442; x_wconf 83' lang='grc' dir='ltr'>τὴν</span> <span class='ocrx_word' id='word_1_464' title='bbox 1746 4371 1958 4444; x_wconf 79' lang='grc' dir='ltr'>Καινὴν</span> 
     </span>
    </p>
   </div>
   <div class='ocr_carea' id='block_1_63' title="bbox 372 4460 1959 4536">
    <p class='ocr_par' dir='ltr' id='par_1_63' title="bbox 372 4460 1959 4536">
     <span class='ocr_line' id='line_1_63' title="bbox 372 4460 1959 4536; baseline 0.003 -22"><span class='ocrx_word' id='word_1_465' title='bbox 372 4461 692 4534; x_wconf 84' lang='grc' dir='ltr'>Διαθήκην;</span> <span class='ocrx_word' id='word_1_466' title='bbox 729 4460 898 4515; x_wconf 86' lang='grc' dir='ltr'>Πόθεν</span> <span class='ocrx_word' id='word_1_467' title='bbox 932 4461 1046 4528; x_wconf 79' lang='grc' dir='ltr'>οὖν,</span> <span class='ocrx_word' id='word_1_468' title='bbox 1092 4465 1279 4534; x_wconf 71' lang='grc' dir='ltr'>φησὶν,</span> <span class='ocrx_word' id='word_1_469' title='bbox 1315 4463 1620 4536; x_wconf 74' lang='grc' dir='ltr'>ἐθάρρησεν</span> <span class='ocrx_word' id='word_1_470' title='bbox 1665 4464 1835 4536; x_wconf 75' lang='grc' dir='ltr'>αὐτὴν</span> <span class='ocrx_word' id='word_1_471' title='bbox 1865 4465 1959 4519; x_wconf 80' lang='grc' dir='ltr'>οὐ·</span> 
     </span>
    </p>
   </div>
   <div class='ocr_carea' id='block_1_64' title="bbox 2041 1967 3615 2038">
    <p class='ocr_par' dir='ltr' id='par_1_64' title="bbox 2041 1967 3615 2038">
     <span class='ocr_line' id='line_1_64' title="bbox 2041 1967 3615 2038; baseline -0.006 -11"><span class='ocrx_word' id='word_1_472' title='bbox 2041 1992 2060 2027; x_wconf 79' lang='grc' dir='ltr'><strong>ι</strong></span> <span class='ocrx_word' id='word_1_473' title='bbox 2088 1973 2268 2030; x_wconf 85' lang='lat' dir='ltr'><strong>Geniti</strong></span> <span class='ocrx_word' id='word_1_474' title='bbox 2301 1975 2434 2029; x_wconf 92' lang='lat' dir='ltr'><strong>mihi</strong></span> <span class='ocrx_word' id='word_1_475' title='bbox 2457 1974 2590 2030; x_wconf 86' lang='lat' dir='ltr'><strong>estis</strong></span> <span class='ocrx_word' id='word_1_476' title='bbox 2613 1973 2681 2029; x_wconf 89' lang='lat' dir='ltr'><strong>ad</strong></span> <span class='ocrx_word' id='word_1_477' title='bbox 2708 1988 2970 2029; x_wconf 90' lang='lat' dir='ltr'><strong>nauseam</strong></span> <span class='ocrx_word' id='word_1_478' title='bbox 3004 1970 3070 2024; x_wconf 83' lang='grc'><strong>³¹.</strong></span> <span class='ocrx_word' id='word_1_479' title='bbox 3096 1989 3116 2023; x_wconf 76' lang='grc' dir='ltr'><strong>ι</strong></span> <span class='ocrx_word' id='word_1_480' title='bbox 3143 1969 3187 2024; x_wconf 93' lang='grc' dir='ltr'><strong>Ο</strong></span> <span class='ocrx_word' id='word_1_481' title='bbox 3205 1968 3298 2024; x_wconf 89' lang='lat' dir='ltr'><strong>Dei</strong></span> <span class='ocrx_word' id='word_1_482' title='bbox 3324 1967 3615 2038; x_wconf 75' lang='lat' dir='ltr'><strong>praescieri-</strong></span> 
     </span>
    </p>
   </div>
   <div class='ocr_carea' id='block_1_65' title="bbox 2035 2056 3617 2135">
    <p class='ocr_par' dir='ltr' id='par_1_65' title="bbox 2035 2056 3617 2135">
     <span class='ocr_line' id='line_1_65' title="bbox 2035 2056 3617 2135; baseline -0.009 -14"><span class='ocrx_word' id='word_1_483' title='bbox 2035 2066 2165 2122; x_wconf 89' lang='lat' dir='ltr'><strong>tiam</strong></span> <span class='ocrx_word' id='word_1_484' title='bbox 2201 2067 2215 2121; x_wconf 87' lang='lat'><strong>!</strong></span> <span class='ocrx_word' id='word_1_485' title='bbox 2248 2065 2597 2120; x_wconf 87' lang='lat' dir='ltr'><strong>Abrahamus</strong></span> <span class='ocrx_word' id='word_1_486' title='bbox 2630 2064 2800 2120; x_wconf 89' lang='lat' dir='ltr'><strong>Deum</strong></span> <span class='ocrx_word' id='word_1_487' title='bbox 2843 2079 2942 2135; x_wconf 89' lang='lat' dir='ltr'><strong>pro</strong></span> <span class='ocrx_word' id='word_1_488' title='bbox 2972 2062 3203 2119; x_wconf 88' lang='lat' dir='ltr'><strong>Ismaele</strong></span> <span class='ocrx_word' id='word_1_489' title='bbox 3249 2074 3436 2124; x_wconf 87' lang='lat' dir='ltr'><strong>orans,</strong></span> <span class='ocrx_word' id='word_1_490' title='bbox 3481 2056 3617 2112; x_wconf 86' lang='lat' dir='ltr'><strong>nihil</strong></span> 
     </span>
    </p>
   </div>
   <div class='ocr_carea' id='block_1_66' title="bbox 2039 2147 3617 2228">
    <p class='ocr_par' dir='ltr' id='par_1_66' title="bbox 2039 2147 3617 2228">
     <span class='ocr_line' id='line_1_66' title="bbox 2039 2147 3617 2228; baseline -0.008 -14"><span class='ocrx_word' id='word_1_491' title='bbox 2039 2158 2189 2214; x_wconf 85' lang='lat' dir='ltr'><strong>aliud</strong></span> <span class='ocrx_word' id='word_1_492' title='bbox 2234 2158 2492 2228; x_wconf 88' lang='lat' dir='ltr'><strong>impetrat</strong></span> <span class='ocrx_word' id='word_1_493' title='bbox 2527 2172 2693 2228; x_wconf 88' lang='lat' dir='ltr'><strong>quam</strong></span> <span class='ocrx_word' id='word_1_494' title='bbox 2741 2154 2926 2226; x_wconf 88' lang='lat' dir='ltr'><strong>populi</strong></span> <span class='ocrx_word' id='word_1_495' title='bbox 2965 2155 3361 2210; x_wconf 87' lang='lat' dir='ltr'><strong>incrementum</strong></span> <span class='ocrx_word' id='word_1_496' title='bbox 3394 2167 3408 2204; x_wconf 88' lang='lat'><strong>:</strong></span> <span class='ocrx_word' id='word_1_497' title='bbox 3446 2164 3474 2202; x_wconf 90' lang='lat' dir='ltr'><strong>a</strong></span> <span class='ocrx_word' id='word_1_498' title='bbox 3514 2147 3617 2202; x_wconf 78' lang='lat' dir='ltr'><strong>fa:-</strong></span> 
     </span>
    </p>
   </div>
   <div class='ocr_carea' id='block_1_67' title="bbox 2033 2239 3620 2312">
    <p class='ocr_par' dir='ltr' id='par_1_67' title="bbox 2033 2239 3620 2312">
     <span class='ocr_line' id='line_1_67' title="bbox 2033 2239 3620 2312; baseline -0.01 -6"><span class='ocrx_word' id='word_1_499' title='bbox 2033 2250 2162 2306; x_wconf 89' lang='lat' dir='ltr'><strong>dere</strong></span> <span class='ocrx_word' id='word_1_500' title='bbox 2185 2257 2366 2304; x_wconf 88' lang='lat' dir='ltr'><strong>autem</strong></span> <span class='ocrx_word' id='word_1_501' title='bbox 2395 2247 2489 2304; x_wconf 89' lang='lat' dir='ltr'><strong>Dei</strong></span> <span class='ocrx_word' id='word_1_502' title='bbox 2515 2248 2728 2303; x_wconf 87' lang='lat' dir='ltr'><strong>alienus</strong></span> <span class='ocrx_word' id='word_1_503' title='bbox 2755 2256 2808 2301; x_wconf 91' lang='lat' dir='ltr'><strong>et</strong></span> <span class='ocrx_word' id='word_1_504' title='bbox 2827 2254 3142 2308; x_wconf 84' lang='lat' dir='ltr'><strong>extraneus,</strong></span> <span class='ocrx_word' id='word_1_505' title='bbox 3163 2243 3284 2312; x_wconf 91' lang='lat' dir='ltr'><strong>ipso</strong></span> <span class='ocrx_word' id='word_1_506' title='bbox 3305 2240 3399 2295; x_wconf 90' lang='lat' dir='ltr'><strong>Dei</strong></span> <span class='ocrx_word' id='word_1_507' title='bbox 3417 2255 3511 2294; x_wconf 90' lang='lat' dir='ltr'><strong>ore</strong></span> <span class='ocrx_word' id='word_1_508' title='bbox 3528 2239 3620 2291; x_wconf 90' lang='lat' dir='ltr'><strong>hic</strong></span> 
     </span>
    </p>
   </div>
   <div class='ocr_carea' id='block_1_68' title="bbox 2037 2333 3616 2407">
    <p class='ocr_par' dir='ltr' id='par_1_68' title="bbox 2037 2333 3616 2407">
     <span class='ocr_line' id='line_1_68' title="bbox 2037 2333 3616 2407; baseline -0.008 -9"><span class='ocrx_word' id='word_1_509' title='bbox 2037 2342 2419 2407; x_wconf 88' lang='lat' dir='ltr'><strong>constituitur,</strong></span> <span class='ocrx_word' id='word_1_510' title='bbox 2481 2355 2582 2396; x_wconf 88' lang='lat' dir='ltr'><strong>ceu</strong></span> <span class='ocrx_word' id='word_1_511' title='bbox 2632 2340 2678 2395; x_wconf 93' lang='lat' dir='ltr'><strong>si</strong></span> <span class='ocrx_word' id='word_1_512' title='bbox 2735 2339 2886 2395; x_wconf 86' lang='lat' dir='ltr'><strong>solus</strong></span> <span class='ocrx_word' id='word_1_513' title='bbox 2930 2339 3085 2394; x_wconf 87' lang='lat' dir='ltr'><strong>lsaac</strong></span> <span class='ocrx_word' id='word_1_514' title='bbox 3137 2335 3335 2407; x_wconf 88' lang='lat' dir='ltr'><strong>dignus</strong></span> <span class='ocrx_word' id='word_1_515' title='bbox 3383 2341 3530 2389; x_wconf 88' lang='lat' dir='ltr'><strong>esset</strong></span> <span class='ocrx_word' id='word_1_516' title='bbox 3566 2333 3616 2386; x_wconf 83' lang='lat' dir='ltr'><strong>id</strong></span> 
     </span>
    </p>
   </div>
   <div class='ocr_carea' id='block_1_69' title="bbox 2039 2423 3618 2504">
    <p class='ocr_par' dir='ltr' id='par_1_69' title="bbox 2039 2423 3618 2504">
     <span class='ocr_line' id='line_1_69' title="bbox 2039 2423 3618 2504; baseline -0.009 -15"><span class='ocrx_word' id='word_1_517' title='bbox 2039 2433 2347 2504; x_wconf 89' lang='lat' dir='ltr'><strong>possidere,</strong></span> <span class='ocrx_word' id='word_1_518' title='bbox 2395 2439 2618 2503; x_wconf 88' lang='lat' dir='ltr'><strong>propter</strong></span> <span class='ocrx_word' id='word_1_519' title='bbox 2660 2431 2929 2486; x_wconf 88' lang='lat' dir='ltr'><strong>oriturum</strong></span> <span class='ocrx_word' id='word_1_520' title='bbox 2981 2443 3047 2484; x_wconf 84' lang='lat' dir='ltr'><strong>ex</strong></span> <span class='ocrx_word' id='word_1_521' title='bbox 3096 2427 3215 2498; x_wconf 87' lang='lat' dir='ltr'><strong>ipso</strong></span> <span class='ocrx_word' id='word_1_522' title='bbox 3270 2423 3618 2479; x_wconf 88' lang='lat' dir='ltr'><strong>benedictum</strong></span> 
     </span>
    </p>
   </div>
   <div class='ocr_carea' id='block_1_70' title="bbox 2039 2515 3622 2592">
    <p class='ocr_par' dir='ltr' id='par_1_70' title="bbox 2039 2515 3622 2592">
     <span class='ocr_line' id='line_1_70' title="bbox 2039 2515 3622 2592; baseline -0.009 -10"><span class='ocrx_word' id='word_1_523' title='bbox 2039 2526 2318 2582; x_wconf 91' lang='lat' dir='ltr'><strong>Christum</strong></span> <span class='ocrx_word' id='word_1_524' title='bbox 2361 2536 2427 2580; x_wconf 88' lang='lat' dir='ltr'><strong>ac</strong></span> <span class='ocrx_word' id='word_1_525' title='bbox 2472 2522 2667 2580; x_wconf 90' lang='lat' dir='ltr'><strong>Deum.</strong></span> <span class='ocrx_word' id='word_1_526' title='bbox 2722 2523 2902 2592; x_wconf 85' lang='lat' dir='ltr'><strong>Atque</strong></span> <span class='ocrx_word' id='word_1_527' title='bbox 2928 2521 3031 2576; x_wconf 91' lang='lat' dir='ltr'><strong>hoc</strong></span> <span class='ocrx_word' id='word_1_528' title='bbox 3064 2518 3312 2574; x_wconf 86' lang='lat' dir='ltr'><strong>mirabile</strong></span> <span class='ocrx_word' id='word_1_529' title='bbox 3337 2524 3440 2582; x_wconf 88' lang='lat' dir='ltr'><strong>est,</strong></span> <span class='ocrx_word' id='word_1_530' title='bbox 3477 2515 3622 2585; x_wconf 87' lang='lat' dir='ltr'><strong>quod</strong></span> 
     </span>
    </p>
   </div>
   <div class='ocr_carea' id='block_1_71' title="bbox 2053 2608 3622 2688">
    <p class='ocr_par' dir='ltr' id='par_1_71' title="bbox 2053 2608 3622 2688">
     <span class='ocr_line' id='line_1_71' title="bbox 2053 2608 3622 2688; baseline -0.007 -15"><span class='ocrx_word' id='word_1_531' title='bbox 2053 2618 2120 2673; x_wconf 90' lang='lat' dir='ltr'><strong>de</strong></span> <span class='ocrx_word' id='word_1_532' title='bbox 2144 2616 2355 2672; x_wconf 67' lang='lat' dir='ltr'><strong>ueteris</strong></span> <span class='ocrx_word' id='word_1_533' title='bbox 2377 2616 2594 2673; x_wconf 87' lang='lat' dir='ltr'><strong>cunctis</strong></span> <span class='ocrx_word' id='word_1_534' title='bbox 2614 2615 2868 2688; x_wconf 81' lang='lat' dir='ltr'><strong>gentibus</strong></span> <span class='ocrx_word' id='word_1_535' title='bbox 2897 2613 3104 2669; x_wconf 90' lang='lat' dir='ltr'><strong>dictum</strong></span> <span class='ocrx_word' id='word_1_536' title='bbox 3133 2622 3217 2667; x_wconf 89' lang='lat' dir='ltr'><strong>est</strong></span> <span class='ocrx_word' id='word_1_537' title='bbox 3249 2626 3278 2665; x_wconf 92' lang='lat' dir='ltr'><strong>a</strong></span> <span class='ocrx_word' id='word_1_538' title='bbox 3313 2608 3622 2678; x_wconf 84' lang='lat' dir='ltr'><strong>pmphetia,</strong></span> 
     </span>
    </p>
   </div>
   <div class='ocr_carea' id='block_1_72' title="bbox 2041 2700 3623 2765">
    <p class='ocr_par' dir='ltr' id='par_1_72' title="bbox 2041 2700 3623 2765">
     <span class='ocr_line' id='line_1_72' title="bbox 2041 2700 3623 2765; baseline -0.008 0"><span class='ocrx_word' id='word_1_539' title='bbox 2041 2707 2159 2765; x_wconf 77' lang='lat' dir='ltr'><strong>fore</strong></span> <span class='ocrx_word' id='word_1_540' title='bbox 2191 2717 2251 2764; x_wconf 92' lang='lat' dir='ltr'><strong>ut</strong></span> <span class='ocrx_word' id='word_1_541' title='bbox 2295 2707 2708 2762; x_wconf 80' lang='lat' dir='ltr'><strong>reminiscamur</strong></span> <span class='ocrx_word' id='word_1_542' title='bbox 2744 2715 2793 2760; x_wconf 86' lang='lat' dir='ltr'><strong>et</strong></span> <span class='ocrx_word' id='word_1_543' title='bbox 2823 2713 3202 2759; x_wconf 74' lang='lat' dir='ltr'><strong>convertantur</strong></span> <span class='ocrx_word' id='word_1_544' title='bbox 3237 2702 3304 2756; x_wconf 85' lang='lat' dir='ltr'><strong>ad</strong></span> <span class='ocrx_word' id='word_1_545' title='bbox 3336 2700 3623 2754; x_wconf 82' lang='lat' dir='ltr'><strong>Dominum</strong></span> 
     </span>
    </p>
   </div>
   <div class='ocr_carea' id='block_1_73' title="bbox 2041 2792 3626 2871">
    <p class='ocr_par' dir='ltr' id='par_1_73' title="bbox 2041 2792 3626 2871">
     <span class='ocr_line' id='line_1_73' title="bbox 2041 2792 3626 2871; baseline -0.006 -15"><span class='ocrx_word' id='word_1_546' title='bbox 2041 2802 2272 2856; x_wconf 76' lang='lat' dir='ltr'><strong>universi</strong></span> <span class='ocrx_word' id='word_1_547' title='bbox 2301 2801 2431 2871; x_wconf 75' lang='lat' dir='ltr'><strong>ﬁnes</strong></span> <span class='ocrx_word' id='word_1_548' title='bbox 2463 2809 2617 2854; x_wconf 76' lang='lat' dir='ltr'><strong>terra:</strong></span> <span class='ocrx_word' id='word_1_549' title='bbox 2643 2800 2709 2852; x_wconf 82' lang='grc'><strong>³¹.</strong></span> <span class='ocrx_word' id='word_1_550' title='bbox 2752 2797 3058 2853; x_wconf 83' lang='lat' dir='ltr'><strong>lstnaelitas</strong></span> <span class='ocrx_word' id='word_1_551' title='bbox 3089 2805 3274 2851; x_wconf 91' lang='lat' dir='ltr'><strong>autem</strong></span> <span class='ocrx_word' id='word_1_552' title='bbox 3321 2795 3466 2848; x_wconf 89' lang='lat' dir='ltr'><strong>haud</strong></span> <span class='ocrx_word' id='word_1_553' title='bbox 3510 2792 3626 2847; x_wconf 77' lang='lat' dir='ltr'><strong>fore</strong></span> 
     </span>
    </p>
   </div>
   <div class='ocr_carea' id='block_1_74' title="bbox 2044 2885 3627 2965">
    <p class='ocr_par' dir='ltr' id='par_1_74' title="bbox 2044 2885 3627 2965">
     <span class='ocr_line' id='line_1_74' title="bbox 2044 2885 3627 2965; baseline -0.006 -17"><span class='ocrx_word' id='word_1_554' title='bbox 2044 2892 2344 2965; x_wconf 88' lang='lat' dir='ltr'><strong>participes</strong></span> <span class='ocrx_word' id='word_1_555' title='bbox 2431 2890 2678 2956; x_wconf 73' lang='lat' dir='ltr'><strong>fmderis,</strong></span> <span class='ocrx_word' id='word_1_556' title='bbox 2748 2893 2865 2960; x_wconf 88' lang='lat' dir='ltr'><strong>ipse</strong></span> <span class='ocrx_word' id='word_1_557' title='bbox 2928 2887 3074 2944; x_wconf 75' lang='lat' dir='ltr'><strong>Deus</strong></span> <span class='ocrx_word' id='word_1_558' title='bbox 3134 2886 3440 2957; x_wconf 83' lang='lat' dir='ltr'><strong>judicavit,</strong></span> <span class='ocrx_word' id='word_1_559' title='bbox 3505 2885 3627 2939; x_wconf 89' lang='lat' dir='ltr'><strong>ideo</strong></span> 
     </span>
    </p>
   </div>
   <div class='ocr_carea' id='block_1_75' title="bbox 2046 2979 3625 3055">
    <p class='ocr_par' dir='ltr' id='par_1_75' title="bbox 2046 2979 3625 3055">
     <span class='ocr_line' id='line_1_75' title="bbox 2046 2979 3625 3055; baseline -0.006 -17"><span class='ocrx_word' id='word_1_560' title='bbox 2046 3000 2275 3055; x_wconf 89' lang='lat' dir='ltr'><strong>prorsus</strong></span> <span class='ocrx_word' id='word_1_561' title='bbox 2315 2984 2444 3055; x_wconf 89' lang='lat' dir='ltr'><strong>quia</strong></span> <span class='ocrx_word' id='word_1_562' title='bbox 2497 2982 2875 3039; x_wconf 88' lang='lat' dir='ltr'><strong>adversarium</strong></span> <span class='ocrx_word' id='word_1_563' title='bbox 2924 2979 3041 3048; x_wconf 84' lang='lat' dir='ltr'><strong>ejus</strong></span> <span class='ocrx_word' id='word_1_564' title='bbox 3075 2980 3383 3035; x_wconf 56' lang='lat' dir='ltr'><strong>daemonem</strong></span> <span class='ocrx_word' id='word_1_565' title='bbox 3419 2979 3625 3031; x_wconf 84' lang='lat' dir='ltr'><strong>colunt.</strong></span> 
     </span>
    </p>
   </div>
   <div class='ocr_carea' id='block_1_76' title="bbox 2123 3069 3625 3146">
    <p class='ocr_par' dir='ltr' id='par_1_76' title="bbox 2123 3069 3625 3146">
     <span class='ocr_line' id='line_1_76' title="bbox 2123 3069 3625 3146; baseline -0.006 -14"><span class='ocrx_word' id='word_1_566' title='bbox 2123 3075 2212 3132; x_wconf 76' lang='lat'><strong>95.</strong></span> <span class='ocrx_word' id='word_1_567' title='bbox 2258 3075 2314 3132; x_wconf 92' lang='lat' dir='ltr'><strong>Si</strong></span> <span class='ocrx_word' id='word_1_568' title='bbox 2361 3091 2492 3146; x_wconf 81' lang='lat' dir='ltr'><strong>ergo</strong></span> <span class='ocrx_word' id='word_1_569' title='bbox 2539 3075 2656 3146; x_wconf 87' lang='lat' dir='ltr'><strong>ipse</strong></span> <span class='ocrx_word' id='word_1_570' title='bbox 2704 3075 2848 3130; x_wconf 88' lang='lat' dir='ltr'><strong>Deus</strong></span> <span class='ocrx_word' id='word_1_571' title='bbox 2899 3072 3108 3129; x_wconf 58' lang='lat' dir='ltr'><strong>fus-dere</strong></span> <span class='ocrx_word' id='word_1_572' title='bbox 3163 3087 3266 3126; x_wconf 87' lang='lat' dir='ltr'><strong>suo</strong></span> <span class='ocrx_word' id='word_1_573' title='bbox 3318 3069 3625 3125; x_wconf 75' lang='lat' dir='ltr'><strong>lsmaelitas</strong></span> 
     </span>
    </p>
   </div>
   <div class='ocr_carea' id='block_1_77' title="bbox 2049 3163 3630 3238">
    <p class='ocr_par' dir='ltr' id='par_1_77' title="bbox 2049 3163 3630 3238">
     <span class='ocr_line' id='line_1_77' title="bbox 2049 3163 3630 3238; baseline -0.006 -13"><span class='ocrx_word' id='word_1_574' title='bbox 2049 3169 2299 3234; x_wconf 80' lang='lat' dir='ltr'><strong>exclusit,</strong></span> <span class='ocrx_word' id='word_1_575' title='bbox 2357 3168 2520 3238; x_wconf 87' lang='lat' dir='ltr'><strong>idque</strong></span> <span class='ocrx_word' id='word_1_576' title='bbox 2563 3166 2688 3221; x_wconf 88' lang='lat' dir='ltr'><strong>inde</strong></span> <span class='ocrx_word' id='word_1_577' title='bbox 2747 3174 2988 3231; x_wconf 88' lang='lat' dir='ltr'><strong>constat,</strong></span> <span class='ocrx_word' id='word_1_578' title='bbox 3025 3164 3157 3236; x_wconf 90' lang='lat' dir='ltr'><strong>quia</strong></span> <span class='ocrx_word' id='word_1_579' title='bbox 3190 3179 3361 3235; x_wconf 84' lang='lat' dir='ltr'><strong>usque</strong></span> <span class='ocrx_word' id='word_1_580' title='bbox 3392 3163 3458 3216; x_wconf 89' lang='lat' dir='ltr'><strong>ad</strong></span> <span class='ocrx_word' id='word_1_581' title='bbox 3489 3163 3630 3216; x_wconf 87' lang='lat' dir='ltr'><strong>hanc</strong></span> 
     </span>
    </p>
   </div>
   <div class='ocr_carea' id='block_1_78' title="bbox 2050 3255 3632 3328">
    <p class='ocr_par' dir='ltr' id='par_1_78' title="bbox 2050 3255 3632 3328">
     <span class='ocr_line' id='line_1_78' title="bbox 2050 3255 3632 3328; baseline -0.008 -10"><span class='ocrx_word' id='word_1_582' title='bbox 2050 3262 2197 3318; x_wconf 89' lang='lat' dir='ltr'><strong>diem</strong></span> <span class='ocrx_word' id='word_1_583' title='bbox 2245 3261 2539 3316; x_wconf 88' lang='lat' dir='ltr'><strong>noluerunt</strong></span> <span class='ocrx_word' id='word_1_584' title='bbox 2575 3275 2607 3315; x_wconf 91' lang='lat' dir='ltr'><strong>a</strong></span> <span class='ocrx_word' id='word_1_585' title='bbox 2644 3258 2842 3314; x_wconf 71' lang='lat' dir='ltr'><strong>divina:</strong></span> <span class='ocrx_word' id='word_1_586' title='bbox 2893 3258 3192 3328; x_wconf 71' lang='lat' dir='ltr'><strong>Scriptum</strong></span> <span class='ocrx_word' id='word_1_587' title='bbox 3240 3256 3485 3326; x_wconf 85' lang='lat' dir='ltr'><strong>angelica</strong></span> <span class='ocrx_word' id='word_1_588' title='bbox 3533 3255 3632 3308; x_wconf 86' lang='lat' dir='ltr'><strong>do-</strong></span> 
     </span>
    </p>
   </div>
   <div class='ocr_carea' id='block_1_79' title="bbox 2053 3349 3633 3422">
    <p class='ocr_par' dir='ltr' id='par_1_79' title="bbox 2053 3349 3633 3422">
     <span class='ocr_line' id='line_1_79' title="bbox 2053 3349 3633 3422; baseline -0.006 -10"><span class='ocrx_word' id='word_1_589' title='bbox 2053 3355 2230 3412; x_wconf 91' lang='lat' dir='ltr'><strong>ctrina</strong></span> <span class='ocrx_word' id='word_1_590' title='bbox 2270 3353 2476 3409; x_wconf 89' lang='lat' dir='ltr'><strong>erudiri</strong></span> <span class='ocrx_word' id='word_1_591' title='bbox 2507 3372 2521 3422; x_wconf 89' lang='lat'><strong>;</strong></span> <span class='ocrx_word' id='word_1_592' title='bbox 2550 3353 2823 3408; x_wconf 86' lang='lat' dir='ltr'><strong>undenam</strong></span> <span class='ocrx_word' id='word_1_593' title='bbox 2871 3351 3202 3408; x_wconf 84' lang='lat' dir='ltr'><strong>camelarius</strong></span> <span class='ocrx_word' id='word_1_594' title='bbox 3241 3351 3501 3420; x_wconf 87' lang='lat' dir='ltr'><strong>deceptor</strong></span> <span class='ocrx_word' id='word_1_595' title='bbox 3543 3349 3633 3403; x_wconf 90' lang='lat' dir='ltr'><strong>illc</strong></span> 
     </span>
    </p>
   </div>
   <div class='ocr_carea' id='block_1_80' title="bbox 2052 3435 3632 3514">
    <p class='ocr_par' dir='ltr' id='par_1_80' title="bbox 2052 3435 3632 3514">
     <span class='ocr_line' id='line_1_80' title="bbox 2052 3435 3632 3514; baseline -0.008 -12"><span class='ocrx_word' id='word_1_596' title='bbox 2052 3446 2274 3502; x_wconf 85' lang='lat' dir='ltr'><strong>tertium</strong></span> <span class='ocrx_word' id='word_1_597' title='bbox 2314 3443 2494 3501; x_wconf 76' lang='lat' dir='ltr'><strong>ftedus</strong></span> <span class='ocrx_word' id='word_1_598' title='bbox 2525 3444 2876 3514; x_wconf 85' lang='lat' dir='ltr'><strong>impudenter</strong></span> <span class='ocrx_word' id='word_1_599' title='bbox 2905 3441 3123 3506; x_wconf 87' lang='lat' dir='ltr'><strong>detulit,</strong></span> <span class='ocrx_word' id='word_1_600' title='bbox 3156 3439 3487 3496; x_wconf 88' lang='lat' dir='ltr'><strong>calumniam</strong></span> <span class='ocrx_word' id='word_1_601' title='bbox 3519 3435 3632 3491; x_wconf 85' lang='lat' dir='ltr'><strong>Deo</strong></span> 
     </span>
    </p>
   </div>
   <div class='ocr_carea' id='block_1_81' title="bbox 2059 3533 3635 3609">
    <p class='ocr_par' dir='ltr' id='par_1_81' title="bbox 2059 3533 3635 3609">
     <span class='ocr_line' id='line_1_81' title="bbox 2059 3533 3635 3609; baseline -0.004 -17"><span class='ocrx_word' id='word_1_602' title='bbox 2059 3538 2268 3595; x_wconf 76' lang='lat' dir='ltr'><strong>faciens</strong></span> <span class='ocrx_word' id='word_1_603' title='bbox 2298 3538 2572 3609; x_wconf 73' lang='lat' dir='ltr'><strong>iactanter</strong></span> <span class='ocrx_word' id='word_1_604' title='bbox 2605 3535 2857 3600; x_wconf 86' lang='lat' dir='ltr'><strong>dicendo,</strong></span> <span class='ocrx_word' id='word_1_605' title='bbox 2905 3549 2964 3591; x_wconf 86' lang='lat' dir='ltr'><strong>se</strong></span> <span class='ocrx_word' id='word_1_606' title='bbox 2997 3533 3066 3589; x_wconf 89' lang='lat' dir='ltr'><strong>de</strong></span> <span class='ocrx_word' id='word_1_607' title='bbox 3099 3533 3240 3588; x_wconf 63' lang='lat' dir='ltr'><strong>caelo</strong></span> <span class='ocrx_word' id='word_1_608' title='bbox 3283 3546 3458 3603; x_wconf 82' lang='lat' dir='ltr'><strong>nugas</strong></span> <span class='ocrx_word' id='word_1_609' title='bbox 3505 3546 3635 3586; x_wconf 86' lang='lat' dir='ltr'><strong>suas</strong></span> 
     </span>
    </p>
   </div>
   <div class='ocr_carea' id='block_1_82' title="bbox 2053 3624 3637 3700">
    <p class='ocr_par' dir='ltr' id='par_1_82' title="bbox 2053 3624 3637 3700">
     <span class='ocr_line' id='line_1_82' title="bbox 2053 3624 3637 3700; baseline -0.006 -12"><span class='ocrx_word' id='word_1_610' title='bbox 2053 3643 2108 3688; x_wconf 91' lang='lat' dir='ltr'><strong>et</strong></span> <span class='ocrx_word' id='word_1_611' title='bbox 2141 3631 2354 3688; x_wconf 84' lang='lat' dir='ltr'><strong>fabulas</strong></span> <span class='ocrx_word' id='word_1_612' title='bbox 2387 3639 2442 3687; x_wconf 89' lang='lat' dir='ltr'><strong>et</strong></span> <span class='ocrx_word' id='word_1_613' title='bbox 2471 3630 2707 3700; x_wconf 83' lang='lat' dir='ltr'><strong>ineptias</strong></span> <span class='ocrx_word' id='word_1_614' title='bbox 2736 3627 2956 3683; x_wconf 86' lang='lat' dir='ltr'><strong>inscitia</strong></span> <span class='ocrx_word' id='word_1_615' title='bbox 2985 3625 3418 3697; x_wconf 85' lang='lat' dir='ltr'><strong>insipientiaque</strong></span> <span class='ocrx_word' id='word_1_616' title='bbox 3447 3624 3637 3695; x_wconf 86' lang='lat' dir='ltr'><strong>plenas</strong></span> 
     </span>
    </p>
   </div>
   <div class='ocr_carea' id='block_1_83' title="bbox 2054 3717 3635 3796">
    <p class='ocr_par' dir='ltr' id='par_1_83' title="bbox 2054 3717 3635 3796">
     <span class='ocr_line' id='line_1_83' title="bbox 2054 3717 3635 3796; baseline -0.007 -15"><span class='ocrx_word' id='word_1_617' title='bbox 2054 3725 2351 3796; x_wconf 87' lang='lat' dir='ltr'><strong>accipere?</strong></span> <span class='ocrx_word' id='word_1_618' title='bbox 2381 3724 2486 3791; x_wconf 90' lang='lat' dir='ltr'><strong>Qui</strong></span> <span class='ocrx_word' id='word_1_619' title='bbox 2539 3723 2616 3778; x_wconf 91' lang='lat' dir='ltr'><strong>ait</strong></span> <span class='ocrx_word' id='word_1_620' title='bbox 2648 3721 2877 3776; x_wconf 79' lang='lat' dir='ltr'><strong>Mariam</strong></span> <span class='ocrx_word' id='word_1_621' title='bbox 2916 3719 3122 3792; x_wconf 79' lang='lat' dir='ltr'><strong>Moysis</strong></span> <span class='ocrx_word' id='word_1_622' title='bbox 3169 3733 3417 3775; x_wconf 91' lang='lat' dir='ltr'><strong>sororem</strong></span> <span class='ocrx_word' id='word_1_623' title='bbox 3469 3717 3635 3772; x_wconf 89' lang='lat' dir='ltr'><strong>Chri-</strong></span> 
     </span>
    </p>
   </div>
   <div class='ocr_carea' id='block_1_84' title="bbox 2055 3807 3636 3885">
    <p class='ocr_par' dir='ltr' id='par_1_84' title="bbox 2055 3807 3636 3885">
     <span class='ocr_line' id='line_1_84' title="bbox 2055 3807 3636 3885; baseline -0.008 -14"><span class='ocrx_word' id='word_1_624' title='bbox 2055 3825 2201 3871; x_wconf 91' lang='lat' dir='ltr'><strong>stum</strong></span> <span class='ocrx_word' id='word_1_625' title='bbox 2253 3815 2554 3885; x_wconf 87' lang='lat' dir='ltr'><strong>peperisse,</strong></span> <span class='ocrx_word' id='word_1_626' title='bbox 2605 3827 2674 3866; x_wconf 88' lang='lat' dir='ltr'><strong>an</strong></span> <span class='ocrx_word' id='word_1_627' title='bbox 2725 3825 3001 3866; x_wconf 87' lang='lat' dir='ltr'><strong>summam</strong></span> <span class='ocrx_word' id='word_1_628' title='bbox 3044 3809 3290 3881; x_wconf 87' lang='lat' dir='ltr'><strong>aliquam</strong></span> <span class='ocrx_word' id='word_1_629' title='bbox 3347 3807 3636 3863; x_wconf 89' lang='lat' dir='ltr'><strong>stultitiam</strong></span> 
     </span>
    </p>
   </div>
   <div class='ocr_carea' id='block_1_85' title="bbox 2055 3898 3640 3978">
    <p class='ocr_par' dir='ltr' id='par_1_85' title="bbox 2055 3898 3640 3978">
     <span class='ocr_line' id='line_1_85' title="bbox 2055 3898 3640 3978; baseline -0.006 -15"><span class='ocrx_word' id='word_1_630' title='bbox 2055 3908 2500 3978; x_wconf 84' lang='lat' dir='ltr'><strong>exquisitamque</strong></span> <span class='ocrx_word' id='word_1_631' title='bbox 2533 3904 2809 3961; x_wconf 88' lang='lat' dir='ltr'><strong>inscitiam</strong></span> <span class='ocrx_word' id='word_1_632' title='bbox 2844 3903 3051 3968; x_wconf 78' lang='lat' dir='ltr'><strong>omisit,</strong></span> <span class='ocrx_word' id='word_1_633' title='bbox 3084 3917 3251 3972; x_wconf 85' lang='lat' dir='ltr'><strong>quam</strong></span> <span class='ocrx_word' id='word_1_634' title='bbox 3285 3901 3518 3956; x_wconf 89' lang='lat' dir='ltr'><strong>insanus</strong></span> <span class='ocrx_word' id='word_1_635' title='bbox 3555 3898 3640 3954; x_wconf 91' lang='lat' dir='ltr'><strong>hic</strong></span> 
     </span>
    </p>
   </div>
   <div class='ocr_carea' id='block_1_86' title="bbox 2058 3992 3641 4069">
    <p class='ocr_par' dir='ltr' id='par_1_86' title="bbox 2058 3992 3641 4069">
     <span class='ocr_line' id='line_1_86' title="bbox 2058 3992 3641 4069; baseline -0.005 -15"><span class='ocrx_word' id='word_1_636' title='bbox 2058 4000 2114 4055; x_wconf 91' lang='lat' dir='ltr'><strong>in</strong></span> <span class='ocrx_word' id='word_1_637' title='bbox 2153 4007 2319 4069; x_wconf 90' lang='lat' dir='ltr'><strong>caput</strong></span> <span class='ocrx_word' id='word_1_638' title='bbox 2344 3998 2629 4069; x_wconf 81' lang='lat' dir='ltr'><strong>pmprium</strong></span> <span class='ocrx_word' id='word_1_639' title='bbox 2660 4010 2767 4050; x_wconf 91' lang='lat' dir='ltr'><strong>non</strong></span> <span class='ocrx_word' id='word_1_640' title='bbox 2801 3994 3096 4050; x_wconf 71' lang='lat' dir='ltr'><strong>effuderit?</strong></span> <span class='ocrx_word' id='word_1_641' title='bbox 3117 3993 3467 4063; x_wconf 86' lang='lat' dir='ltr'><strong>Quantopere</strong></span> <span class='ocrx_word' id='word_1_642' title='bbox 3494 3992 3641 4046; x_wconf 88' lang='lat' dir='ltr'><strong>hunc</strong></span> 
     </span>
    </p>
   </div>
   <div class='ocr_carea' id='block_1_87' title="bbox 2058 4079 3640 4154">
    <p class='ocr_par' dir='ltr' id='par_1_87' title="bbox 2058 4079 3640 4154">
     <span class='ocr_line' id='line_1_87' title="bbox 2058 4079 3640 4154; baseline -0.007 -11"><span class='ocrx_word' id='word_1_643' title='bbox 2058 4105 2087 4144; x_wconf 94' lang='lat' dir='ltr'><strong>a</strong></span> <span class='ocrx_word' id='word_1_644' title='bbox 2133 4087 2338 4143; x_wconf 83' lang='lat' dir='ltr'><strong>Juda-is</strong></span> <span class='ocrx_word' id='word_1_645' title='bbox 2369 4088 2438 4142; x_wconf 92' lang='lat' dir='ltr'><strong>ob</strong></span> <span class='ocrx_word' id='word_1_646' title='bbox 2487 4087 2549 4140; x_wconf 89' lang='lat' dir='ltr'><strong>id-</strong></span> <span class='ocrx_word' id='word_1_647' title='bbox 2585 4085 2801 4140; x_wconf 85' lang='lat' dir='ltr'><strong>irrideri</strong></span> <span class='ocrx_word' id='word_1_648' title='bbox 2846 4085 3070 4154; x_wconf 79' lang='lat' dir='ltr'><strong>putatis,</strong></span> <span class='ocrx_word' id='word_1_649' title='bbox 3105 4091 3161 4138; x_wconf 92' lang='lat' dir='ltr'><strong>et</strong></span> <span class='ocrx_word' id='word_1_650' title='bbox 3195 4099 3224 4136; x_wconf 89' lang='lat' dir='ltr'><strong>a</strong></span> <span class='ocrx_word' id='word_1_651' title='bbox 3255 4079 3640 4145; x_wconf 85' lang='lat' dir='ltr'><strong>Samarilanis,</strong></span> 
     </span>
    </p>
   </div>
   <div class='ocr_carea' id='block_1_88' title="bbox 2061 4173 3644 4252">
    <p class='ocr_par' dir='ltr' id='par_1_88' title="bbox 2061 4173 3644 4252">
     <span class='ocr_line' id='line_1_88' title="bbox 2061 4173 3644 4252; baseline -0.006 -16"><span class='ocrx_word' id='word_1_652' title='bbox 2061 4193 2228 4252; x_wconf 88' lang='lat' dir='ltr'><strong>atque</strong></span> <span class='ocrx_word' id='word_1_653' title='bbox 2253 4183 2322 4237; x_wconf 89' lang='lat' dir='ltr'><strong>ab</strong></span> <span class='ocrx_word' id='word_1_654' title='bbox 2341 4179 2598 4234; x_wconf 88' lang='lat' dir='ltr'><strong>omnibus</strong></span> <span class='ocrx_word' id='word_1_655' title='bbox 2629 4187 2898 4249; x_wconf 76' lang='lat' dir='ltr'><strong>quotquot</strong></span> <span class='ocrx_word' id='word_1_656' title='bbox 2924 4175 3090 4232; x_wconf 87' lang='lat' dir='ltr'><strong>Vetus</strong></span> <span class='ocrx_word' id='word_1_657' title='bbox 3106 4177 3430 4244; x_wconf 82' lang='lat' dir='ltr'><strong>Novumquc</strong></span> <span class='ocrx_word' id='word_1_658' title='bbox 3454 4173 3644 4228; x_wconf 85' lang='lat' dir='ltr'><strong>Testa-</strong></span> 
     </span>
    </p>
   </div>
   <div class='ocr_carea' id='block_1_89' title="bbox 2062 4270 3644 4343">
    <p class='ocr_par' dir='ltr' id='par_1_89' title="bbox 2062 4270 3644 4343">
     <span class='ocr_line' id='line_1_89' title="bbox 2062 4270 3644 4343; baseline -0.006 -12"><span class='ocrx_word' id='word_1_659' title='bbox 2062 4284 2307 4332; x_wconf 87' lang='lat' dir='ltr'><strong>mentum</strong></span> <span class='ocrx_word' id='word_1_660' title='bbox 2337 4274 2646 4330; x_wconf 87' lang='lat' dir='ltr'><strong>noverunt?</strong></span> <span class='ocrx_word' id='word_1_661' title='bbox 2677 4271 2963 4340; x_wconf 84' lang='lat' dir='ltr'><strong>Quomodo</strong></span> <span class='ocrx_word' id='word_1_662' title='bbox 2995 4271 3163 4343; x_wconf 81' lang='lat' dir='ltr'><strong>igitur</strong></span> <span class='ocrx_word' id='word_1_663' title='bbox 3184 4286 3349 4325; x_wconf 83' lang='lat' dir='ltr'><strong>ausus</strong></span> <span class='ocrx_word' id='word_1_664' title='bbox 3371 4280 3474 4334; x_wconf 88' lang='lat' dir='ltr'><strong>est,</strong></span> <span class='ocrx_word' id='word_1_665' title='bbox 3499 4270 3644 4322; x_wconf 87' lang='lat' dir='ltr'><strong>dicet</strong></span> 
     </span>
    </p>
   </div>
   <div class='ocr_carea' id='block_1_90' title="bbox 2062 4358 3645 4440">
    <p class='ocr_par' dir='ltr' id='par_1_90' title="bbox 2062 4358 3645 4440">
     <span class='ocr_line' id='line_1_90' title="bbox 2062 4358 3645 4440; baseline -0.007 -15"><span class='ocrx_word' id='word_1_666' title='bbox 2062 4369 2280 4440; x_wconf 85' lang='lat' dir='ltr'><strong>aliquis,</strong></span> <span class='ocrx_word' id='word_1_667' title='bbox 2315 4368 2514 4422; x_wconf 83' lang='lat' dir='ltr'><strong>librum</strong></span> <span class='ocrx_word' id='word_1_668' title='bbox 2566 4365 2720 4420; x_wconf 88' lang='lat' dir='ltr'><strong>illum</strong></span> <span class='ocrx_word' id='word_1_669' title='bbox 2767 4364 3041 4434; x_wconf 84' lang='lat' dir='ltr'><strong>appellare</strong></span> <span class='ocrx_word' id='word_1_670' title='bbox 3081 4361 3361 4419; x_wconf 65' lang='lat' dir='ltr'><strong>caelestem</strong></span> <span class='ocrx_word' id='word_1_671' title='bbox 3392 4358 3645 4430; x_wconf 78' lang='lat' dir='ltr'><strong>?Nempe</strong></span> 
     </span>
    </p>
   </div>
   <div class='ocr_carea' id='block_1_91' title="bbox 2064 4453 3645 4535">
    <p class='ocr_par' dir='ltr' id='par_1_91' title="bbox 2064 4453 3645 4535">
     <span class='ocr_line' id='line_1_91' title="bbox 2064 4453 3645 4535; baseline -0.009 -17"><span class='ocrx_word' id='word_1_672' title='bbox 2064 4463 2192 4535; x_wconf 88' lang='lat' dir='ltr'><strong>quia</strong></span> <span class='ocrx_word' id='word_1_673' title='bbox 2232 4461 2532 4532; x_wconf 89' lang='lat' dir='ltr'><strong>inspiratus</strong></span> <span class='ocrx_word' id='word_1_674' title='bbox 2569 4457 2672 4513; x_wconf 82' lang='lat' dir='ltr'><strong>fuit</strong></span> <span class='ocrx_word' id='word_1_675' title='bbox 2705 4457 2773 4512; x_wconf 90' lang='lat' dir='ltr'><strong>ab</strong></span> <span class='ocrx_word' id='word_1_676' title='bbox 2803 4472 2870 4512; x_wconf 91' lang='lat' dir='ltr'><strong>eo</strong></span> <span class='ocrx_word' id='word_1_677' title='bbox 2907 4456 3000 4528; x_wconf 93' lang='lat' dir='ltr'><strong>qui</strong></span> <span class='ocrx_word' id='word_1_678' title='bbox 3032 4455 3168 4510; x_wconf 82' lang='lat' dir='ltr'><strong>dixit</strong></span> <span class='ocrx_word' id='word_1_679' title='bbox 3197 4473 3210 4510; x_wconf 90' lang='lat'><strong>:</strong></span> <span class='ocrx_word' id='word_1_680' title='bbox 3243 4453 3452 4508; x_wconf 84' lang='lat' dir='ltr'><strong>Ponant</strong></span> <span class='ocrx_word' id='word_1_681' title='bbox 3495 4453 3645 4506; x_wconf 74' lang='lat' dir='ltr'><strong>(ltro-</strong></span> 
     </span>
    </p>
   </div>
   <div class='ocr_carea' id='block_1_92' title="bbox 377 4546 1940 4629">
    <p class='ocr_par' dir='ltr' id='par_1_92' title="bbox 377 4551 1940 4625">
     <span class='ocr_line' id='line_1_92' title="bbox 377 4551 1940 4625; baseline 0.001 -20"><span class='ocrx_word' id='word_1_682' title='bbox 377 4551 568 4624; x_wconf 88' lang='grc' dir='ltr'>ρανίαν</span> <span class='ocrx_word' id='word_1_683' title='bbox 599 4551 826 4607; x_wconf 85' lang='grc' dir='ltr'>καλέσαι</span> <span class='ocrx_word' id='word_1_684' title='bbox 850 4553 1062 4624; x_wconf 78' lang='grc' dir='ltr'>βίϐλονς</span> <span class='ocrx_word' id='word_1_685' title='bbox 1106 4555 1202 4607; x_wconf 84' lang='grc' dir='ltr'>Ἐκ</span> <span class='ocrx_word' id='word_1_686' title='bbox 1234 4552 1328 4608; x_wconf 89' lang='grc' dir='ltr'><strong>τοῦ</strong></span> <span class='ocrx_word' id='word_1_687' title='bbox 1360 4553 1771 4625; x_wconf 76' lang='grc' dir='ltr'>ἐμπνευσθῆναι</span> <span class='ocrx_word' id='word_1_688' title='bbox 1796 4554 1940 4609; x_wconf 68' lang='grc' dir='ltr'>αύτὸι</span> 
     </span>
    </p>
   </div>
   <div class='ocr_carea' id='block_1_93' title="bbox 2047 4546 3646 4629">
    <p class='ocr_par' dir='ltr' id='par_1_93' title="bbox 2065 4546 3646 4618">
     <span class='ocr_line' id='line_1_93' title="bbox 2065 4546 3646 4618; baseline -0.008 -7"><span class='ocrx_word' id='word_1_689' title='bbox 2065 4573 2190 4612; x_wconf 86' lang='lat' dir='ltr'><strong>num</strong></span> <span class='ocrx_word' id='word_1_690' title='bbox 2221 4571 2394 4608; x_wconf 86' lang='lat' dir='ltr'><strong>meum</strong></span> <span class='ocrx_word' id='word_1_691' title='bbox 2426 4554 2480 4607; x_wconf 84' lang='lat' dir='ltr'><strong>in</strong></span> <span class='ocrx_word' id='word_1_692' title='bbox 2511 4551 2733 4606; x_wconf 80' lang='lat' dir='ltr'><strong>nubibus</strong></span> <span class='ocrx_word' id='word_1_693' title='bbox 2763 4549 2902 4618; x_wconf 76' lang='grc' dir='ltr'>εωίί,</span> <span class='ocrx_word' id='word_1_694' title='bbox 2940 4549 3132 4603; x_wconf 82' lang='lat' dir='ltr'><strong>similis</strong></span> <span class='ocrx_word' id='word_1_695' title='bbox 3164 4565 3254 4604; x_wconf 88' lang='lat' dir='ltr'><strong>ero</strong></span> <span class='ocrx_word' id='word_1_696' title='bbox 3280 4547 3554 4602; x_wconf 79' lang='lat' dir='ltr'><strong>Altissimo</strong></span> <span class='ocrx_word' id='word_1_697' title='bbox 3579 4546 3646 4610; x_wconf 84' lang='grc'><strong>³³,</strong></span> 
     </span>
    </p>
   </div>
   <div class='ocr_carea' id='block_1_94' title="bbox 375 4644 1961 4718">
    <p class='ocr_par' dir='ltr' id='par_1_94' title="bbox 375 4644 1961 4718">
     <span class='ocr_line' id='line_1_94' title="bbox 375 4644 1961 4718; baseline 0.003 -21"><span class='ocrx_word' id='word_1_698' title='bbox 375 4645 530 4717; x_wconf 76' lang='grc' dir='ltr'>παρὰ</span> <span class='ocrx_word' id='word_1_699' title='bbox 562 4644 654 4698; x_wconf 85' lang='grc' dir='ltr'><strong>τοῦ</strong></span> <span class='ocrx_word' id='word_1_700' title='bbox 689 4646 1001 4718; x_wconf 70' lang='grc' dir='ltr'>εἰρηκότος*</span> <span class='ocrx_word' id='word_1_701' title='bbox 1052 4647 1229 4715; x_wconf 60' lang='lat' dir='ltr'><strong>etiam</strong></span> <span class='ocrx_word' id='word_1_702' title='bbox 1269 4646 1379 4702; x_wconf 72' lang='grc' dir='ltr'><strong>τὸν</strong></span> <span class='ocrx_word' id='word_1_703' title='bbox 1425 4646 1646 4716; x_wconf 78' lang='grc' dir='ltr'>θρόνον</span> <span class='ocrx_word' id='word_1_704' title='bbox 1694 4665 1815 4717; x_wconf 80' lang='grc' dir='ltr'><strong>μου</strong></span> <span class='ocrx_word' id='word_1_705' title='bbox 1860 4647 1961 4702; x_wconf 73' lang='grc' dir='ltr'><strong>ἐπὶ</strong></span> 
     </span>
    </p>
   </div>
   <div class='ocr_carea' id='block_1_95' title="bbox 377 4734 1962 4809">
    <p class='ocr_par' dir='ltr' id='par_1_95' title="bbox 377 4734 1962 4809">
     <span class='ocr_line' id='line_1_95' title="bbox 377 4734 1962 4809; baseline 0.003 -20"><span class='ocrx_word' id='word_1_706' title='bbox 377 4734 500 4789; x_wconf 85' lang='grc' dir='ltr'><strong>τῶν</strong></span> <span class='ocrx_word' id='word_1_707' title='bbox 528 4737 804 4805; x_wconf 64' lang='grc' dir='ltr'>νεφελῶν</span> <span class='ocrx_word' id='word_1_708' title='bbox 837 4739 944 4792; x_wconf 87' lang='grc' dir='ltr'><strong>τοῦ</strong></span> <span class='ocrx_word' id='word_1_709' title='bbox 980 4737 1265 4807; x_wconf 75' lang='grc' dir='ltr'>οὐρανοῦ,</span> <span class='ocrx_word' id='word_1_710' title='bbox 1289 4738 1388 4794; x_wconf 78' lang='grc' dir='ltr'>καὶ</span> <span class='ocrx_word' id='word_1_711' title='bbox 1424 4738 1640 4809; x_wconf 76' lang='grc' dir='ltr'>ἔσομαι</span> <span class='ocrx_word' id='word_1_712' title='bbox 1665 4737 1867 4808; x_wconf 79' lang='grc' dir='ltr'>ὅμοιος</span> <span class='ocrx_word' id='word_1_713' title='bbox 1884 4737 1962 4806; x_wconf 86' lang='grc' dir='ltr'>τῷ</span> 
     </span>
    </p>
   </div>
   <div class='ocr_carea' id='block_1_96' title="bbox 388 4823 1960 4901">
    <p class='ocr_par' dir='ltr' id='par_1_96' title="bbox 388 4823 1960 4901">
     <span class='ocr_line' id='line_1_96' title="bbox 388 4823 1960 4901; baseline 0.002 -21"><span class='ocrx_word' id='word_1_714' title='bbox 388 4823 680 4894; x_wconf 62' lang='grc' dir='ltr'><strong>⁸Υψίστῳ,</strong></span> <span class='ocrx_word' id='word_1_715' title='bbox 711 4825 807 4879; x_wconf 89' lang='grc' dir='ltr'><strong>τοῦ</strong></span> <span class='ocrx_word' id='word_1_716' title='bbox 835 4828 985 4892; x_wconf 75' lang='grc' dir='ltr'>ὄντος</span> <span class='ocrx_word' id='word_1_717' title='bbox 1013 4827 1108 4881; x_wconf 77' lang='grc' dir='ltr'><strong>καὶ</strong></span> <span class='ocrx_word' id='word_1_718' title='bbox 1141 4827 1437 4898; x_wconf 82' lang='grc' dir='ltr'>λεγομένου</span> <span class='ocrx_word' id='word_1_719' title='bbox 1468 4827 1670 4901; x_wconf 81' lang='grc' dir='ltr'>πατρὸς</span> <span class='ocrx_word' id='word_1_720' title='bbox 1693 4828 1787 4883; x_wconf 87' lang='grc' dir='ltr'><strong>τοῦ</strong></span> <span class='ocrx_word' id='word_1_721' title='bbox 1826 4829 1960 4899; x_wconf 70' lang='grc' dir='ltr'>ψεύ·</span> 
     </span>
    </p>
   </div>
   <div class='ocr_carea' id='block_1_97' title="bbox 377 4917 1962 4993">
    <p class='ocr_par' dir='ltr' id='par_1_97' title="bbox 377 4917 1962 4993">
     <span class='ocr_line' id='line_1_97' title="bbox 377 4917 1962 4993; baseline 0.003 -23"><span class='ocrx_word' id='word_1_722' title='bbox 377 4917 523 4982; x_wconf 84' lang='grc' dir='ltr'>δους.</span> <span class='ocrx_word' id='word_1_723' title='bbox 555 4917 650 4981; x_wconf 87' lang='grc' dir='ltr'>Τίς</span> <span class='ocrx_word' id='word_1_724' title='bbox 676 4920 784 4990; x_wconf 92' lang='grc' dir='ltr'><strong>γάρ</strong></span> <span class='ocrx_word' id='word_1_725' title='bbox 817 4919 882 4974; x_wconf 84' lang='grc' dir='ltr'><strong>ἂν</strong></span> <span class='ocrx_word' id='word_1_726' title='bbox 927 4921 1060 4984; x_wconf 76' lang='grc' dir='ltr'>ὅλως</span> <span class='ocrx_word' id='word_1_727' title='bbox 1085 4921 1324 4991; x_wconf 78' lang='grc' dir='ltr'>ἐντυχὼν</span> <span class='ocrx_word' id='word_1_728' title='bbox 1371 4924 1437 4992; x_wconf 78' lang='grc' dir='ltr'>τῇ</span> <span class='ocrx_word' id='word_1_729' title='bbox 1471 4921 1592 4992; x_wconf 75' lang='grc' dir='ltr'>θείᾳ</span> <span class='ocrx_word' id='word_1_730' title='bbox 1639 4923 1828 4993; x_wconf 81' lang='grc' dir='ltr'>Γραφῇ</span> <span class='ocrx_word' id='word_1_731' title='bbox 1861 4923 1962 4976; x_wconf 81' lang='grc' dir='ltr'>οὐκ</span> 
     </span>
    </p>
   </div>
   <div class='ocr_carea' id='block_1_98' title="bbox 379 5011 1962 5086">
    <p class='ocr_par' dir='ltr' id='par_1_98' title="bbox 379 5011 1962 5086">
     <span class='ocr_line' id='line_1_98' title="bbox 379 5011 1962 5086; baseline 0.001 -22"><span class='ocrx_word' id='word_1_732' title='bbox 379 5011 791 5084; x_wconf 82' lang='grc' dir='ltr'>ἐκπλαγήσεται</span> <span class='ocrx_word' id='word_1_733' title='bbox 822 5013 898 5084; x_wconf 80' lang='grc' dir='ltr'>τῷ</span> <span class='ocrx_word' id='word_1_734' title='bbox 935 5013 1154 5083; x_wconf 85' lang='grc' dir='ltr'>μεγέθει</span> <span class='ocrx_word' id='word_1_735' title='bbox 1204 5013 1298 5066; x_wconf 85' lang='grc' dir='ltr'><strong>τοῦ</strong></span> <span class='ocrx_word' id='word_1_736' title='bbox 1332 5014 1581 5084; x_wconf 70' lang='grc' dir='ltr'>ψεύδους,</span> <span class='ocrx_word' id='word_1_737' title='bbox 1614 5014 1692 5067; x_wconf 84' lang='grc' dir='ltr'>ὅτ’</span> <span class='ocrx_word' id='word_1_738' title='bbox 1720 5013 1785 5066; x_wconf 83' lang='grc' dir='ltr'><strong>ἂν</strong></span> <span class='ocrx_word' id='word_1_739' title='bbox 1829 5013 1962 5086; x_wconf 80' lang='grc' dir='ltr'>λέγῃ</span> 
     </span>
    </p>
   </div>
   <div class='ocr_carea' id='block_1_99' title="bbox 380 5105 1960 5176">
    <p class='ocr_par' dir='ltr' id='par_1_99' title="bbox 380 5105 1960 5176">
     <span class='ocr_line' id='line_1_99' title="bbox 380 5105 1960 5176; baseline 0.003 -21"><span class='ocrx_word' id='word_1_740' title='bbox 380 5105 619 5174; x_wconf 77' lang='grc' dir='ltr'>Χριστὸν</span> <span class='ocrx_word' id='word_1_741' title='bbox 651 5107 714 5158; x_wconf 82' lang='grc' dir='ltr'><strong>ὲκ</strong></span> <span class='ocrx_word' id='word_1_742' title='bbox 738 5105 958 5175; x_wconf 86' lang='grc' dir='ltr'>Μαρίας</span> <span class='ocrx_word' id='word_1_743' title='bbox 985 5107 1084 5175; x_wconf 82' lang='grc' dir='ltr'>τῆς</span> <span class='ocrx_word' id='word_1_744' title='bbox 1121 5106 1354 5176; x_wconf 79' lang='grc' dir='ltr'>ἀδελφῆς</span> <span class='ocrx_word' id='word_1_745' title='bbox 1387 5105 1666 5169; x_wconf 80' lang='grc' dir='ltr'>Μωῠσέως</span> <span class='ocrx_word' id='word_1_746' title='bbox 1697 5107 1960 5176; x_wconf 73' lang='grc' dir='ltr'>γεγεννῆ-</span> 
     </span>
    </p>
   </div>
   <div class='ocr_carea' id='block_1_100' title="bbox 383 5196 1960 5271">
    <p class='ocr_par' dir='ltr' id='par_1_100' title="bbox 383 5196 1960 5271">
     <span class='ocr_line' id='line_1_100' title="bbox 383 5196 1960 5271; baseline 0.003 -23"><span class='ocrx_word' id='word_1_747' title='bbox 383 5196 544 5262; x_wconf 79' lang='grc' dir='ltr'>σθαις</span> <span class='ocrx_word' id='word_1_748' title='bbox 579 5198 642 5249; x_wconf 84' lang='grc' dir='ltr'>Ὦ</span> <span class='ocrx_word' id='word_1_749' title='bbox 663 5199 757 5251; x_wconf 87' lang='grc' dir='ltr'><strong>τοῦ</strong></span> <span class='ocrx_word' id='word_1_750' title='bbox 780 5199 991 5269; x_wconf 84' lang='grc' dir='ltr'>μακροῦ</span> <span class='ocrx_word' id='word_1_751' title='bbox 1005 5201 1190 5270; x_wconf 82' lang='grc' dir='ltr'>γήρως</span> <span class='ocrx_word' id='word_1_752' title='bbox 1220 5201 1318 5270; x_wconf 88' lang='grc' dir='ltr'>τῆς</span> <span class='ocrx_word' id='word_1_753' title='bbox 1346 5200 1623 5271; x_wconf 72' lang='grc' dir='ltr'>Παρθένου</span> <span class='ocrx_word' id='word_1_754' title='bbox 1643 5201 1656 5253; x_wconf 80' lang='grc' dir='ltr'><strong>ί</strong></span> <span class='ocrx_word' id='word_1_755' title='bbox 1678 5199 1960 5270; x_wconf 86' lang='grc' dir='ltr'>δισχιλίων</span> 
     </span>
    </p>
   </div>
   <div class='ocr_carea' id='block_1_101' title="bbox 383 5289 1965 5364">
    <p class='ocr_par' dir='ltr' id='par_1_101' title="bbox 383 5289 1965 5364">
     <span class='ocr_line' id='line_1_101' title="bbox 383 5289 1965 5364; baseline 0.004 -24"><span class='ocrx_word' id='word_1_756' title='bbox 383 5289 494 5360; x_wconf 81' lang='grc' dir='ltr'>γάρ</span> <span class='ocrx_word' id='word_1_757' title='bbox 532 5308 648 5354; x_wconf 81' lang='grc' dir='ltr'><strong>πως</strong></span> <span class='ocrx_word' id='word_1_758' title='bbox 678 5293 864 5361; x_wconf 76' lang='grc' dir='ltr'>σχεδὸν</span> <span class='ocrx_word' id='word_1_759' title='bbox 900 5293 1036 5346; x_wconf 87' lang='grc' dir='ltr'><strong>ὲτῶν</strong></span> <span class='ocrx_word' id='word_1_760' title='bbox 1065 5292 1346 5362; x_wconf 82' lang='grc' dir='ltr'>περιόδους</span> <span class='ocrx_word' id='word_1_761' title='bbox 1385 5291 1750 5364; x_wconf 86' lang='grc' dir='ltr'>παρεληλύθει</span> <span class='ocrx_word' id='word_1_762' title='bbox 1804 5292 1965 5363; x_wconf 85' lang='grc' dir='ltr'>μέχρι</span> 
     </span>
    </p>
   </div>
   <div class='ocr_carea' id='block_1_102' title="bbox 385 5380 1962 5455">
    <p class='ocr_par' dir='ltr' id='par_1_102' title="bbox 385 5380 1962 5455">
     <span class='ocr_line' id='line_1_102' title="bbox 385 5380 1962 5455; baseline 0.003 -23"><span class='ocrx_word' id='word_1_763' title='bbox 385 5381 624 5452; x_wconf 77' lang='grc' dir='ltr'>Χριστοῦ</span> <span class='ocrx_word' id='word_1_764' title='bbox 656 5385 985 5455; x_wconf 74' lang='grc' dir='ltr'>γεννήσεως,</span> <span class='ocrx_word' id='word_1_765' title='bbox 1021 5383 1116 5454; x_wconf 84' lang='grc' dir='ltr'>ἀφ’</span> <span class='ocrx_word' id='word_1_766' title='bbox 1156 5380 1220 5438; x_wconf 71' lang='grc' dir='ltr'><strong>οὗ</strong></span> <span class='ocrx_word' id='word_1_767' title='bbox 1269 5384 1460 5454; x_wconf 81' lang='grc' dir='ltr'>Μαρία</span> <span class='ocrx_word' id='word_1_768' title='bbox 1485 5385 1552 5438; x_wconf 78' lang='grc' dir='ltr'>τὰ</span> <span class='ocrx_word' id='word_1_769' title='bbox 1579 5382 1831 5454; x_wconf 78' lang='grc' dir='ltr'>κύμϐαλα</span> <span class='ocrx_word' id='word_1_770' title='bbox 1866 5386 1962 5437; x_wconf 84' lang='grc' dir='ltr'>ἀν-</span> 
     </span>
    </p>
   </div>
   <div class='ocr_carea' id='block_1_103' title="bbox 2068 4639 3646 4718">
    <p class='ocr_par' dir='ltr' id='par_1_103' title="bbox 2068 4639 3646 4718">
     <span class='ocr_line' id='line_1_103' title="bbox 2068 4639 3646 4718; baseline -0.007 -15"><span class='ocrx_word' id='word_1_771' title='bbox 2068 4648 2137 4703; x_wconf 90' lang='lat' dir='ltr'><strong>ab</strong></span> <span class='ocrx_word' id='word_1_772' title='bbox 2173 4661 2258 4714; x_wconf 90' lang='lat' dir='ltr'><strong>eo,</strong></span> <span class='ocrx_word' id='word_1_773' title='bbox 2309 4645 2556 4718; x_wconf 86' lang='lat' dir='ltr'><strong>inquam,</strong></span> <span class='ocrx_word' id='word_1_774' title='bbox 2594 4645 2686 4714; x_wconf 90' lang='lat' dir='ltr'><strong>qui</strong></span> <span class='ocrx_word' id='word_1_775' title='bbox 2714 4653 2798 4699; x_wconf 86' lang='lat' dir='ltr'><strong>cst</strong></span> <span class='ocrx_word' id='word_1_776' title='bbox 2828 4651 2882 4698; x_wconf 90' lang='lat' dir='ltr'><strong>et</strong></span> <span class='ocrx_word' id='word_1_777' title='bbox 2907 4641 3110 4697; x_wconf 87' lang='lat' dir='ltr'><strong>dicitur</strong></span> <span class='ocrx_word' id='word_1_778' title='bbox 3160 4639 3430 4696; x_wconf 87' lang='lat' dir='ltr'><strong>mendacii</strong></span> <span class='ocrx_word' id='word_1_779' title='bbox 3468 4646 3646 4709; x_wconf 86' lang='lat' dir='ltr'><strong>pater.</strong></span> 
     </span>
    </p>
   </div>
   <div class='ocr_carea' id='block_1_104' title="bbox 2067 4733 3651 4809">
    <p class='ocr_par' dir='ltr' id='par_1_104' title="bbox 2067 4733 3651 4809">
     <span class='ocr_line' id='line_1_104' title="bbox 2067 4733 3651 4809; baseline -0.007 -12"><span class='ocrx_word' id='word_1_780' title='bbox 2067 4741 2200 4809; x_wconf 86' lang='lat' dir='ltr'><strong>Quis</strong></span> <span class='ocrx_word' id='word_1_781' title='bbox 2247 4740 2394 4796; x_wconf 88' lang='lat' dir='ltr'><strong>enim</strong></span> <span class='ocrx_word' id='word_1_782' title='bbox 2435 4740 2632 4794; x_wconf 63' lang='lat' dir='ltr'><strong>divina:</strong></span> <span class='ocrx_word' id='word_1_783' title='bbox 2668 4738 2966 4806; x_wconf 72' lang='lat' dir='ltr'><strong>Scriptura:</strong></span> <span class='ocrx_word' id='word_1_784' title='bbox 3003 4738 3230 4808; x_wconf 84' lang='lat' dir='ltr'><strong>peritus,</strong></span> <span class='ocrx_word' id='word_1_785' title='bbox 3267 4751 3376 4790; x_wconf 85' lang='lat' dir='ltr'><strong>non</strong></span> <span class='ocrx_word' id='word_1_786' title='bbox 3410 4733 3651 4804; x_wconf 85' lang='lat' dir='ltr'><strong>stupebit</strong></span> 
     </span>
    </p>
   </div>
   <div class='ocr_carea' id='block_1_105' title="bbox 2067 4827 3652 4896">
    <p class='ocr_par' dir='ltr' id='par_1_105' title="bbox 2067 4827 3652 4896">
     <span class='ocr_line' id='line_1_105' title="bbox 2067 4827 3652 4896; baseline -0.008 -6"><span class='ocrx_word' id='word_1_787' title='bbox 2067 4833 2338 4890; x_wconf 86' lang='lat' dir='ltr'><strong>mendacii</strong></span> <span class='ocrx_word' id='word_1_788' title='bbox 2363 4831 2761 4887; x_wconf 83' lang='lat' dir='ltr'><strong>immanitatem</strong></span> <span class='ocrx_word' id='word_1_789' title='bbox 2798 4872 2812 4896; x_wconf 94' lang='lat'><strong>,</strong></span> <span class='ocrx_word' id='word_1_790' title='bbox 2853 4847 2977 4886; x_wconf 85' lang='lat' dir='ltr'><strong>cum</strong></span> <span class='ocrx_word' id='word_1_791' title='bbox 3011 4833 3086 4884; x_wconf 84' lang='lat' dir='ltr'><strong>ait</strong></span> <span class='ocrx_word' id='word_1_792' title='bbox 3111 4828 3462 4884; x_wconf 78' lang='lat' dir='ltr'><strong>Mohamedes</strong></span> <span class='ocrx_word' id='word_1_793' title='bbox 3492 4827 3652 4881; x_wconf 62' lang='grc' dir='ltr'><strong>(211τὶ-</strong></span> 
     </span>
    </p>
   </div>
   <div class='ocr_carea' id='block_1_106' title="bbox 2067 4919 3649 4996">
    <p class='ocr_par' dir='ltr' id='par_1_106' title="bbox 2067 4919 3649 4996">
     <span class='ocr_line' id='line_1_106' title="bbox 2067 4919 3649 4996; baseline -0.009 -12"><span class='ocrx_word' id='word_1_794' title='bbox 2067 4940 2212 4984; x_wconf 84' lang='lat' dir='ltr'><strong>Stum</strong></span> <span class='ocrx_word' id='word_1_795' title='bbox 2257 4941 2322 4981; x_wconf 86' lang='lat' dir='ltr'><strong>ex</strong></span> <span class='ocrx_word' id='word_1_796' title='bbox 2348 4925 2516 4980; x_wconf 82' lang='lat' dir='ltr'><strong>Maria</strong></span> <span class='ocrx_word' id='word_1_797' title='bbox 2558 4924 2760 4996; x_wconf 82' lang='lat' dir='ltr'><strong>Moysis</strong></span> <span class='ocrx_word' id='word_1_798' title='bbox 2796 4939 2987 4980; x_wconf 88' lang='lat' dir='ltr'><strong>sorore</strong></span> <span class='ocrx_word' id='word_1_799' title='bbox 3025 4934 3212 4976; x_wconf 88' lang='lat' dir='ltr'><strong>natum</strong></span> <span class='ocrx_word' id='word_1_800' title='bbox 3242 4919 3320 4975; x_wconf 85' lang='lat' dir='ltr'><strong>?o</strong></span> <span class='ocrx_word' id='word_1_801' title='bbox 3353 4921 3649 4989; x_wconf 80' lang='lat' dir='ltr'><strong>longaevam</strong></span> 
     </span>
    </p>
   </div>
   <div class='ocr_carea' id='block_1_107' title="bbox 2071 5013 3648 5091">
    <p class='ocr_par' dir='ltr' id='par_1_107' title="bbox 2071 5013 3648 5091">
     <span class='ocr_line' id='line_1_107' title="bbox 2071 5013 3648 5091; baseline -0.005 -20"><span class='ocrx_word' id='word_1_802' title='bbox 2071 5019 2300 5091; x_wconf 80' lang='lat' dir='ltr'><strong>virginis</strong></span> <span class='ocrx_word' id='word_1_803' title='bbox 2331 5027 2668 5074; x_wconf 89' lang='lat' dir='ltr'><strong>senectutem</strong></span> <span class='ocrx_word' id='word_1_804' title='bbox 2701 5020 2714 5072; x_wconf 89' lang='lat' dir='ltr'><strong>l</strong></span> <span class='ocrx_word' id='word_1_805' title='bbox 2748 5018 2946 5071; x_wconf 88' lang='lat' dir='ltr'><strong>etenim</strong></span> <span class='ocrx_word' id='word_1_806' title='bbox 2985 5016 3067 5070; x_wconf 88' lang='lat' dir='ltr'><strong>bis</strong></span> <span class='ocrx_word' id='word_1_807' title='bbox 3100 5015 3247 5070; x_wconf 87' lang='lat' dir='ltr'><strong>mille</strong></span> <span class='ocrx_word' id='word_1_808' title='bbox 3275 5013 3444 5069; x_wconf 81' lang='lat' dir='ltr'><strong>ferme</strong></span> <span class='ocrx_word' id='word_1_809' title='bbox 3472 5026 3648 5065; x_wconf 86' lang='lat' dir='ltr'><strong>anno-</strong></span> 
     </span>
    </p>
   </div>
   <div class='ocr_carea' id='block_1_108' title="bbox 2073 5101 3650 5176">
    <p class='ocr_par' dir='ltr' id='par_1_108' title="bbox 2073 5101 3650 5176">
     <span class='ocr_line' id='line_1_108' title="bbox 2073 5101 3650 5176; baseline -0.01 -8"><span class='ocrx_word' id='word_1_810' title='bbox 2073 5123 2195 5168; x_wconf 79' lang='lat' dir='ltr'><strong>rum</strong></span> <span class='ocrx_word' id='word_1_811' title='bbox 2240 5109 2612 5166; x_wconf 83' lang='lat' dir='ltr'><strong>revolutiones</strong></span> <span class='ocrx_word' id='word_1_812' title='bbox 2659 5109 3091 5163; x_wconf 88' lang='lat' dir='ltr'><strong>intercesserunt</strong></span> <span class='ocrx_word' id='word_1_813' title='bbox 3126 5121 3301 5176; x_wconf 89' lang='lat' dir='ltr'><strong>usque</strong></span> <span class='ocrx_word' id='word_1_814' title='bbox 3341 5106 3408 5158; x_wconf 86' lang='lat' dir='ltr'><strong>ad</strong></span> <span class='ocrx_word' id='word_1_815' title='bbox 3445 5101 3650 5158; x_wconf 82' lang='lat' dir='ltr'><strong>Christi</strong></span> 
     </span>
    </p>
   </div>
   <div class='ocr_carea' id='block_1_109' title="bbox 2074 5189 3647 5270">
    <p class='ocr_par' dir='ltr' id='par_1_109' title="bbox 2074 5189 3647 5270">
     <span class='ocr_line' id='line_1_109' title="bbox 2074 5189 3647 5270; baseline -0.01 -10"><span class='ocrx_word' id='word_1_816' title='bbox 2074 5204 2438 5267; x_wconf 76' lang='lat' dir='ltr'><strong>nativitatem,</strong></span> <span class='ocrx_word' id='word_1_817' title='bbox 2478 5217 2544 5256; x_wconf 77' lang='lat' dir='ltr'><strong>ex</strong></span> <span class='ocrx_word' id='word_1_818' title='bbox 2572 5215 2681 5270; x_wconf 92' lang='lat' dir='ltr'><strong>quo</strong></span> <span class='ocrx_word' id='word_1_819' title='bbox 2730 5198 2896 5254; x_wconf 85' lang='lat' dir='ltr'><strong>Maria</strong></span> <span class='ocrx_word' id='word_1_820' title='bbox 2949 5198 3259 5269; x_wconf 86' lang='lat' dir='ltr'><strong>cymbalum</strong></span> <span class='ocrx_word' id='word_1_821' title='bbox 3306 5191 3544 5262; x_wconf 78' lang='lat' dir='ltr'><strong>pulsavit</strong></span> <span class='ocrx_word' id='word_1_822' title='bbox 3583 5189 3647 5246; x_wconf 78' lang='lat'><strong>“.</strong></span> 
     </span>
    </p>
   </div>
   <div class='ocr_carea' id='block_1_110' title="bbox 2073 5285 3651 5352">
    <p class='ocr_par' dir='ltr' id='par_1_110' title="bbox 2073 5285 3651 5352">
     <span class='ocr_line' id='line_1_110' title="bbox 2073 5285 3651 5352; baseline -0.008 0"><span class='ocrx_word' id='word_1_823' title='bbox 2073 5297 2339 5352; x_wconf 75' lang='lat' dir='ltr'><strong>Praeclare</strong></span> <span class='ocrx_word' id='word_1_824' title='bbox 2379 5295 2508 5350; x_wconf 91' lang='lat' dir='ltr'><strong>hinc</strong></span> <span class='ocrx_word' id='word_1_825' title='bbox 2529 5310 2661 5350; x_wconf 86' lang='lat' dir='ltr'><strong>sane</strong></span> <span class='ocrx_word' id='word_1_826' title='bbox 2685 5293 3150 5349; x_wconf 85' lang='lat' dir='ltr'><strong>demonstrabitur</strong></span> <span class='ocrx_word' id='word_1_827' title='bbox 3190 5305 3257 5345; x_wconf 85' lang='lat' dir='ltr'><strong>ex</strong></span> <span class='ocrx_word' id='word_1_828' title='bbox 3302 5287 3499 5342; x_wconf 87' lang='lat' dir='ltr'><strong>Davide</strong></span> <span class='ocrx_word' id='word_1_829' title='bbox 3529 5285 3651 5340; x_wconf 54' lang='lat' dir='ltr'><strong>.Ies‘</strong></span> 
     </span>
    </p>
   </div>
   <div class='ocr_carea' id='block_1_111' title="bbox 2074 5375 3650 5456">
    <p class='ocr_par' dir='ltr' id='par_1_111' title="bbox 2074 5375 3650 5456">
     <span class='ocr_line' id='line_1_111' title="bbox 2074 5375 3650 5456; baseline -0.01 -14"><span class='ocrx_word' id='word_1_830' title='bbox 2074 5389 2168 5442; x_wconf 67' lang='grc' dir='ltr'><strong>εωί</strong></span> <span class='ocrx_word' id='word_1_831' title='bbox 2237 5389 2348 5442; x_wconf 91' lang='lat' dir='ltr'><strong>lilio</strong></span> <span class='ocrx_word' id='word_1_832' title='bbox 2416 5391 2748 5456; x_wconf 82' lang='lat' dir='ltr'><strong>propagatus</strong></span> <span class='ocrx_word' id='word_1_833' title='bbox 2806 5381 3108 5438; x_wconf 84' lang='lat' dir='ltr'><strong>Chrisms!</strong></span> <span class='ocrx_word' id='word_1_834' title='bbox 3157 5378 3408 5434; x_wconf 68' lang='lat' dir='ltr'><strong>[haccine</strong></span> <span class='ocrx_word' id='word_1_835' title='bbox 3469 5375 3650 5430; x_wconf 85' lang='lat' dir='ltr'><strong>divina</strong></span> 
     </span>
    </p>
   </div>
   <div class='ocr_carea' id='block_1_112' title="bbox 463 5579 1940 5651">
    <p class='ocr_par' dir='ltr' id='par_1_112' title="bbox 463 5579 1940 5650">
     <span class='ocr_line' id='line_1_112' title="bbox 463 5579 1940 5650; baseline 0.003 -14"><span class='ocrx_word' id='word_1_836' title='bbox 463 5579 512 5614; x_wconf 73' lang='lat'><strong>&quot;</strong></span> <span class='ocrx_word' id='word_1_837' title='bbox 541 5581 648 5638; x_wconf 86' lang='lat' dir='ltr'><strong>lsa.</strong></span> <span class='ocrx_word' id='word_1_838' title='bbox 683 5598 724 5650; x_wconf 81' lang='lat' dir='ltr'><strong>t,</strong></span> <span class='ocrx_word' id='word_1_839' title='bbox 756 5582 842 5640; x_wconf 73' lang='grc'><strong>14.</strong></span> <span class='ocrx_word' id='word_1_840' title='bbox 920 5584 965 5616; x_wconf 84' lang='grc'><strong>³²</strong></span> <span class='ocrx_word' id='word_1_841' title='bbox 997 5582 1143 5639; x_wconf 67' lang='lat' dir='ltr'><strong>Psal.</strong></span> <span class='ocrx_word' id='word_1_842' title='bbox 1182 5599 1297 5650; x_wconf 74' lang='lat' dir='ltr'><strong>XXI,</strong></span> <span class='ocrx_word' id='word_1_843' title='bbox 1320 5583 1412 5640; x_wconf 72' lang='lat'><strong>28.</strong></span> <span class='ocrx_word' id='word_1_844' title='bbox 1493 5586 1538 5618; x_wconf 84' lang='grc'><strong>³³</strong></span> <span class='ocrx_word' id='word_1_845' title='bbox 1585 5584 1688 5642; x_wconf 88' lang='lat' dir='ltr'><strong>lsa.</strong></span> <span class='ocrx_word' id='word_1_846' title='bbox 1731 5603 1844 5646; x_wconf 79' lang='lat' dir='ltr'><strong>xrv.</strong></span> <span class='ocrx_word' id='word_1_847' title='bbox 1875 5587 1940 5641; x_wconf 78' lang='grc' dir='ltr'>Η</span> 
     </span>
    </p>
   </div>
   <div class='ocr_carea' id='block_1_113' title="bbox 2047 5579 2536 5651">
    <p class='ocr_par' dir='ltr' id='par_1_113' title="bbox 2047 5585 2536 5651">
     <span class='ocr_line' id='line_1_113' title="bbox 2047 5585 2536 5651; baseline -0.008 -7"><span class='ocrx_word' id='word_1_848' title='bbox 2047 5587 2084 5619; x_wconf 69' lang='grc'><strong><em>³⁵</em></strong></span> <span class='ocrx_word' id='word_1_849' title='bbox 2111 5587 2284 5643; x_wconf 88' lang='lat' dir='ltr'><strong>Exod.</strong></span> <span class='ocrx_word' id='word_1_850' title='bbox 2317 5603 2406 5651; x_wconf 90' lang='lat' dir='ltr'><strong>xv,</strong></span> <span class='ocrx_word' id='word_1_851' title='bbox 2445 5585 2536 5640; x_wconf 75' lang='grc'><strong>20.</strong></span> 
     </span>
    </p>
   </div>
   <div class='ocr_carea' id='block_1_114' title="bbox 463 5760 3656 5891">
    <p class='ocr_par' dir='ltr' id='par_1_114' title="bbox 463 5760 3656 5891">
     <span class='ocr_line' id='line_1_114' title="bbox 463 5760 3656 5891; baseline -0.001 -71"><span class='ocrx_word' id='word_1_852' title='bbox 463 5761 572 5834; x_wconf 85' lang='lat'><strong>(96</strong></span> <span class='ocrx_word' id='word_1_853' title='bbox 588 5761 754 5846; x_wconf 46' lang='lat' dir='ltr'><strong>illac</strong></span> <span class='ocrx_word' id='word_1_854' title='bbox 781 5763 847 5846; x_wconf 78' lang='lat' dir='ltr'><strong>de</strong></span> <span class='ocrx_word' id='word_1_855' title='bbox 877 5779 936 5820; x_wconf 89' lang='lat' dir='ltr'><strong>re</strong></span> <span class='ocrx_word' id='word_1_856' title='bbox 965 5765 1203 5847; x_wconf 79' lang='lat' dir='ltr'><strong>diximus</strong></span> <span class='ocrx_word' id='word_1_857' title='bbox 1235 5765 1346 5891; x_wconf 40' lang='lat' dir='ltr'><strong>Vin</strong></span> <span class='ocrx_word' id='word_1_858' title='bbox 1397 5763 1501 5845; x_wconf 81' lang='lat' dir='ltr'><strong>col.</strong></span> <span class='ocrx_word' id='word_1_859' title='bbox 1533 5765 1821 5847; x_wconf 31' lang='lat' dir='ltr'><strong>708,..adn.</strong></span> <span class='ocrx_word' id='word_1_860' title='bbox 1856 5768 1941 5846; x_wconf 66' lang='lat' dir='ltr'><strong>lt),</strong></span> <span class='ocrx_word' id='word_1_861' title='bbox 1974 5778 2028 5822; x_wconf 90' lang='lat' dir='ltr'><strong>et</strong></span> <span class='ocrx_word' id='word_1_862' title='bbox 2050 5769 2155 5826; x_wconf 89' lang='lat' dir='ltr'><strong>col.</strong></span> <span class='ocrx_word' id='word_1_863' title='bbox 2180 5768 2450 5837; x_wconf 69' lang='lat' dir='ltr'><strong>737,adn.</strong></span> <span class='ocrx_word' id='word_1_864' title='bbox 2485 5768 2556 5825; x_wconf 81' lang='lat'><strong>69</strong></span> <span class='ocrx_word' id='word_1_865' title='bbox 2582 5780 2931 5839; x_wconf 87' lang='lat' dir='ltr'><strong>;quanqnam</strong></span> <span class='ocrx_word' id='word_1_866' title='bbox 2965 5763 3125 5838; x_wconf 86' lang='lat' dir='ltr'><strong>paulo</strong></span> <span class='ocrx_word' id='word_1_867' title='bbox 3155 5761 3319 5821; x_wconf 87' lang='lat' dir='ltr'><strong>latius</strong></span> <span class='ocrx_word' id='word_1_868' title='bbox 3363 5760 3492 5821; x_wconf 80' lang='lat' dir='ltr'><strong>facit</strong></span> <span class='ocrx_word' id='word_1_869' title='bbox 3523 5760 3656 5819; x_wconf 90' lang='lat' dir='ltr'><strong>illud</strong></span> 
     </span>
     <span class='ocr_line' id='line_1_115' title="bbox 463 5836 2044 5891; baseline 0.001 -1"><span class='ocrx_word' id='word_1_870' title='bbox 463 5850 666 5891; x_wconf 80' lang='lat' dir='ltr'><strong>moons</strong></span> <span class='ocrx_word' id='word_1_871' title='bbox 695 5847 931 5891; x_wconf 83' lang='lat' dir='ltr'><strong>soattum</strong></span> <span class='ocrx_word' id='word_1_872' title='bbox 965 5836 1204 5891; x_wconf 74' lang='lat' dir='ltr'><strong>Nicetes.</strong></span> <span class='ocrx_word' id='word_1_873' title='bbox 1289 5838 1455 5891; x_wconf 80' lang='lat' dir='ltr'><strong>tdCSIS</strong></span> <span class='ocrx_word' id='word_1_874' title='bbox 1479 5837 1697 5891; x_wconf 75' lang='lat' dir='ltr'><strong>Eusebii</strong></span> <span class='ocrx_word' id='word_1_875' title='bbox 1722 5839 2044 5891; x_wconf 84' lang='lat' dir='ltr'><strong>chromcon.</strong></span> 
     </span>
    </p>
   </div>
   <div class='ocr_carea' id='block_1_115' title="bbox 402 5836 1204 5907">
    <p class='ocr_par' dir='ltr' id='par_1_115' title="bbox 402 5836 1204 5907">
     <span class='ocr_line' id='line_1_116' title="bbox 402 5836 1204 5907; baseline 0.005 -17"><span class='ocrx_word' id='word_1_876' title='bbox 402 5836 666 5907; x_wconf 84' lang='lat' dir='ltr'><strong>temporis</strong></span> <span class='ocrx_word' id='word_1_877' title='bbox 695 5837 931 5906; x_wconf 87' lang='lat' dir='ltr'><strong>spatium</strong></span> <span class='ocrx_word' id='word_1_878' title='bbox 965 5836 1204 5895; x_wconf 84' lang='lat' dir='ltr'><strong>Nicetas.</strong></span> 
     </span>
    </p>
   </div>
   <div class='ocr_carea' id='block_1_116' title="bbox 1289 5837 2044 5895">
    <p class='ocr_par' dir='ltr' id='par_1_116' title="bbox 1289 5837 2044 5895">
     <span class='ocr_line' id='line_1_117' title="bbox 1289 5837 2044 5895; baseline 0.004 -4"><span class='ocrx_word' id='word_1_879' title='bbox 1289 5837 1455 5892; x_wconf 87' lang='lat' dir='ltr'><strong>idcsis</strong></span> <span class='ocrx_word' id='word_1_880' title='bbox 1479 5837 1697 5893; x_wconf 85' lang='lat' dir='ltr'><strong>Eusebii</strong></span> <span class='ocrx_word' id='word_1_881' title='bbox 1722 5839 2044 5895; x_wconf 84' lang='lat' dir='ltr'><strong>chronicon.</strong></span> 
     </span>
    </p>
   </div>
  </div>
