3994 6616
469 353 570 418 791

1734 354 2029 420 NICET/E
2071 359 2475 421 BYZANTINI

3601 375 3688 440 79?.

463 470 746 540 Scriptura
800 480 883 526 cst
923 471 946 524 ?
986 472 1071 528 hic
1105 474 1343 531 cmlestis
1405 475 1594 530 liber?
1631 474 1675 531 Ο
1707 475 1975 532 inscitiam

2138 478 2456 548 εκρούσατο.
2506 481 2720 553 Σφόδρα
2753 483 2932 538 δὲκαὶ
2973 487 3139 542 Δαϐὶδ
3192 488 3305 552 υίὸς
3351 491 3445 544 τοῦ
3489 491 3687 562 Ἰεσσαὶ,

465 575 497 614 o
529 561 828 616 infelicium
857 563 1213 620 barbarorum
1250 569 1575 623 dementiam
1620 570 1632 623 ἰ

2141 571 2206 624 ἐκ
2239 572 2432 625 τούτου
2462 573 2515 626 δέ
2547 575 2576 627 ὁ
2608 575 2841 646 Χριστὸς
2876 581 3246 650 καταγόμενος
3293 583 3686 640 ἀποδείκνυται’

464 651 621 706 τοῦτο
657 652 777 706 θεία
804 654 1025 726 Γραφή;
1075 659 1231 712 τοῦτο
1256 661 1502 731 οὐράνιον
1550 661 1786 732 βιϐλίον;
1845 660 1890 713 ῶ
1928 659 2035 715 ἀπὸ
2072 661 2170 732 τῆς
2202 663 2453 732 ἀλογίαςί
2515 665 2561 719 ὣ
2591 667 2699 720 ἀπὸ
2760 669 2860 740 τῆς
2925 673 3111 737 ἀνοίας
3164 674 3273 728 τῶν
3322 675 3522 730 ἀθλίων
3579 677 3682 748 βαρ-

465 751 646 822 ϐάρων
669 759 681 809 ί

534 850 622 906 94.
667 853 834 924 lgitttr
872 864 982 910 tum
1021 856 1146 924 quia
1179 871 1210 910 ει
1253 855 1451 910 divina:
1500 855 1798 924 Scriptura:
1845 863 2028 909 mente

460 945 670 1000 alienus
719 961 943 1013 prorsus
991 957 1041 1002 et
1085 955 1379 1003 extraneus
1423 958 1508 1004 est
1562 949 1650 1004 hic
1703 949 2027 1005 maledictus

461 1035 699 1100 ipsorum
755 1037 890 1092 liber
925 1055 940 1104 ;
971 1049 1081 1092 tum
1124 1040 1250 1110 quia
1288 1039 1427 1096 Deus
1469 1041 1582 1111 ipse
1614 1041 1863 1111 indignos
1907 1041 2026 1097 illos

458 1126 659 1181 fmderc
689 1143 790 1182 suo
831 1130 1090 1199 judicavit
1127 1149 1140 1198 ;
1175 1129 1308 1188 Satis
1347 1147 1672 1203 cognoscere
1713 1147 2022 1202 possumus,

455 1217 780 1271 camelinum
833 1219 973 1274 hunc
1005 1221 1202 1274 librum
1244 1223 1443 1277 habere
1489 1231 1763 1277 auctorem
1813 1222 2020 1276 daemo-

454 1323 574 1360 nem
625 1310 719 1379 qui
771 1311 838 1365 de
893 1313 1032 1366 cmlo
1070 1314 1292 1368 excidit.
1343 1313 1556 1384 Quippe
1599 1314 1863 1384 quidquid
1914 1314 2024 1369 Deo

453 1401 817 1469 abalienatur,
849 1404 899 1457 in
926 1406 1255 1460 contrariam
1280 1405 1544 1460 datmonis
1563 1415 1772 1475 partem
1799 1405 2018 1475 migrat.

449 1490 584 1546 Nam
619 1495 664 1549 si
695 1493 786 1550 Dei
818 1511 939 1551 esse
968 1495 1233 1564 lsaacum,
1268 1499 1401 1564 veri,
1443 1499 1687 1569 inquam,
1730 1497 1846 1563 Dei,
1881 1497 2022 1551 indi-

451 1585 594 1639 cium
630 1586 979 1642 manifestum
1010 1599 1113 1652 est,
1161 1591 1304 1660 quod
1337 1590 1679 1645 constituerit
1725 1604 1848 1644 cum
1901 1588 2019 1658 ipso

449 1677 630 1734 fmdus
660 1695 674 1744 ;
715 1697 733 1730 ι
767 1679 1035 1746 Statuam,
1073 1681 1266 1752 inquit,
1292 1681 1470 1737 fmdus
1519 1697 1697 1738 meum
1727 1698 1849 1738 cum
1879 1683 2014 1752 ipso,

451 1780 511 1824 ut
531 1771 631 1826 sim
657 1771 778 1842 ejus
806 1773 965 1840 Deus,
986 1790 1195 1830 necnon
1223 1777 1446 1831 seminis
1465 1777 1584 1845 ejus
1609 1786 1729 1846 post
1748 1777 1957 1846 ipsum;
1991 1795 2010 1828 ι

446 1865 712 1922 indicium
746 1869 984 1925 vicissim
1013 1878 1097 1925 est
1131 1886 1235 1924 non
1269 1887 1388 1926 esse
1420 1869 1816 1926 lsmaelitarum
1846 1871 2014 1925 Deum

449 1961 799 2028 peculiarem,
832 1979 1143 2032 quanquam
1171 1966 1379 2019 ratione
1417 1966 1710 2019 creationis
1737 1966 1806 2019 sit
1835 1981 1849 2031 ;
1884 1966 2012 2027 hoc.

446 2051 685 2119 inquam,
718 2051 790 2104 rei
833 2053 953 2120 ejus
985 2052 1243 2107 indicium
1282 2062 1387 2116 est,
1434 2053 1578 2122 quod
1617 2061 1857 2107 statuere
1887 2067 2010 2106 cum

445 2142 551 2197 illis
604 2142 782 2198 fmdus
851 2143 992 2199 Deus
1052 2145 1305 2198 noluerit.
1360 2144 1620 2199 Diabolus
1684 2145 1864 2213 itaque
1929 2150 2013 2198 est

442 2233 657 2286 illorum
705 2235 862 2297 deus,
905 2235 995 2306 qui
1044 2234 1210 2290 Deum
1251 2239 1509 2298 simulat:
1547 2251 1860 2306 quanquam
1891 2251 2009 2290 me-

439 2334 602 2380 tuens
624 2342 688 2380 ne
720 2327 809 2381 tali
840 2343 1008 2397 scopo
1037 2344 1137 2383 suo
1167 2330 1402 2394 excidat,
1443 2329 1630 2384 dolose
1661 2343 1857 2382 nomen
1882 2343 2010 2398 pro.

439 2419 618 2486 prium
657 2421 868 2485 reticet,
919 2421 1061 2490 quod
1096 2422 1234 2491 apud
1281 2438 1472 2477 omnes
1520 2422 1767 2476 homines
1798 2421 2004 2476 infame

423 2499 543 2575 est,
601 2513 820 2582 verique
859 2513 1039 2582 potius
1079 2514 1168 2568 Dei
1201 2514 1613 2584 appellationem
1644 2530 1756 2583 pra:
1791 2529 1849 2569 se
1881 2513 2004 2570 fert.

444 2603 538 2659 Est
565 2603 707 2658 enim
738 2605 839 2660 hoc
874 2615 1195 2661 consuetum
1235 2607 1464 2677 improbi
1493 2607 1654 2678 hujus
1685 2607 2004 2663 artiﬁcium.

439 2694 498 2747 Si
543 2709 672 2763 ergo
721 2698 877 2749 deum
913 2711 1070 2751 suum
1115 2697 1313 2752 habere
1364 2698 1656 2752 Abrahami
1690 2697 1858 2754 Deum
1903 2714 2001 2754 cu-

435 2787 595 2855 piunt
631 2787 682 2841 hi
719 2789 960 2852 barbari,
1010 2790 1236 2858 impium
1288 2791 1437 2845 illum
1485 2790 2006 2864 fraudulentumque

437 2880 658 2947 hbrttm,
695 2881 921 2953 ejusque
968 2896 1193 2952 pravum
1225 2895 1525 2949 auct0rem,
1560 2885 1788 2940 stultum
1822 2886 2004 2941 homi-

436 2990 584 3037 nrm,
625 2976 857 3044 t'jlll'Cfll.
914 2979 1120 3047 unique
1175 2978 1550 3032 assentiantur
1599 2978 1799 3032 divina)
1853 2978 2004 3035 Scri-

2206 851 2306 920 ἰτδῖ
2339 854 2639 926 Τοιγαροῦν
2669 855 2779 910 ἀπό
2819 875 2878 911 τε
2912 858 3010 929 τῆς
3043 860 3184 914 κατά
3219 860 3442 932 Γραφὴν
3465 862 3689 928 διανοίας

2136 941 2292 1012 ξένης
2318 945 2412 996 καὶ
2442 943 2727 1014 ἀλλοτρίας
2759 947 3130 1018 τυγχανούσης
3154 949 3252 1020 τῆς
3288 952 3567 1023 ὲπαράτου
3605 955 3690 1005 azi-

2132 1035 2240 1087 τῶν
2274 1035 2456 1104 βίϐλου
2495 1036 2630 1106 πρὸς
2665 1037 2764 1106 τὴν
2793 1036 2940 1091 Θείαν
2970 1038 3227 1108 Γραφὴν,
3263 1041 3371 1093 ἀπό
3401 1058 3458 1093 τε
3487 1041 3578 1094 τοῦ
3611 1042 3690 1097 τὸν

2133 1126 2266 1179 Θεὸν
2299 1127 2399 1195 τῆς
2437 1126 2600 1180 αὐτοῦ
2631 1127 2899 1200 διαθήκης
2951 1129 3208 1196 ἀναξίους
3259 1131 3456 1194 αὐτοὺς
3497 1134 3687 1203 κρῖναι,

2130 1222 2366 1276 συνιδεῖν
2394 1223 2544 1277 ἔστιν
2573 1226 2653 1278 ’ότι
2685 1225 2778 1277 τοῦ
2809 1225 3100 1295 οὐρανόθεν
3132 1228 3390 1291 πεσόντος
3416 1230 3534 1282 ἐστὶ
3583 1229 3690 1283 δαίο

2132 1329 2292 1382 μονος
2346 1313 2379 1383 ἡ
2429 1313 2808 1384 καμηλόθυτος
2867 1313 3049 1385 ἐκείνη
3083 1315 3295 1385 βίϐλος·
3333 1320 3441 1371 πᾶν
3476 1321 3585 1389 γὰρ
3639 1319 3690 1372 τί)

2131 1401 2648 1474 ἀπηλλοτριωμένον
2681 1402 2836 1467 Θεοῦ,
2879 1404 2958 1466 είς
2991 1405 3088 1475 τὴν
3114 1405 3362 1458 ἐναντίαν
3393 1407 3486 1461 καὶ
3511 1408 3691 1478 δαιμοο

2125 1491 2289 1565 νιώδη
2319 1494 2674 1564 περιίσταται
2705 1496 2931 1564 μοῖραν*
2954 1496 3002 1547 εί
3031 1495 3138 1565 γὰρ
3165 1495 3257 1549 τοῦ
3287 1497 3419 1550 Θεοῦ
3448 1494 3588 1552 εἶναι
3611 1499 3691 1553 τόν

2141 1584 2346 1650 Ἰσαὰκ,
2382 1585 2476 1640 τοῦ
2523 1586 2692 1648 ὅντως
2729 1586 2786 1638 δὲ
2842 1587 2977 1641 Θεοῦ
3031 1591 3257 1658 σημεῖον
3305 1593 3576 1660 ἐμφανὲς,
3636 1593 3691 1646 τὸ

2127 1677 2322 1749 στῆσαι
2351 1679 2515 1732 αὑτὸν
2548 1678 2683 1748 πρὸς
2713 1679 2862 1749 αύτῷ
2891 1679 2988 1750 τὴν
3012 1681 3178 1734 αὑτοῦ
3211 1681 3476 1753 διαθήκην
3507 1685 3691 1756 (ιΣτη-

2049 1738 2092 1794 Β
2123 1738 2363 1841 σω’γάρ,
2398 1773 2550 1842 φησι,
2591 1738 2698 1842 ⁷τὴν
2745 1738 3009 1843 διαθήκην
3039 1791 3140 1844 μου
3169 1774 3304 1844 πρὸς
3337 1738 3522 1838 alt-Em:
3553 1738 3686 1829 είνάι

2119 1862 2283 1917 αὑτοῦ
2313 1863 2445 1926 θεὸς
2478 1864 2570 1916 καὶ
2601 1863 2678 1934 τῷ
2728 1864 3002 1935 σπέρματι
3060 1865 3224 1918 αὑτοῦ
3262 1868 3379 1936 μετ’
3407 1867 3573 1920 αὑτὸν
3603 1886 3619 1918 ι
3645 1870 3684 1937 ),

2118 1956 2342 2024 σημεῖον
2371 1953 2463 2006 τοῦ
2503 1954 2578 2026 μὴ
2609 1951 2748 2008 εἶναι
2805 1955 2938 2008 Θεὸν
2996 1957 3104 2010 τῶν
3147 1959 3508 2029 Ἰσμαηλιτῶν
3571 1960 3686 2014 κατ’

2115 2047 2408 2109 οίκείωσιν,
2445 2049 2494 2100 εί
2519 2049 2612 2100 καὶ
2650 2048 2725 2118 τῷ
2750 2049 3126 2121 δημιουργικῷ
3151 2051 3292 2124 λόγῳ
3317 2053 3516 2118 ἔνεστι,
3535 2055 3592 2108 τὸ
3616 2055 3688 2126 μὴ

2154 2138 2380 2205 ξιῶσθαι
2405 2141 2595 2210 στῆναι
2629 2141 2764 2211 πρὸς
2787 2141 2986 2206 αὐτοὺς
3007 2143 3105 2213 τὴν
3130 2143 3222 2196 τοῦ
3241 2143 3374 2197 Θεοῦ
3399 2145 3682 2215 διαθήκην.

2125 2231 2182 2283 '0
2214 2229 2456 2295 διάϐολος
2503 2230 2612 2304 ἄρα
2640 2230 2761 2294 θεὸς
2791 2233 2992 2297 αὐτῶν,
3021 2234 3048 2286 ό
3082 2235 3174 2288 τοῦ
3196 2235 3330 2289 Θεοῦ
3353 2235 3684 2305 καταψευδό·

2113 2339 2309 2392 μενος·
2365 2325 2414 2376 εἰ
2445 2325 2538 2378 καὶ
2569 2324 2718 2396 φόϐῳ
2763 2323 2854 2379 τοῦ
2907 2327 3262 2381 ἐκπεσεῖσθαι
3319 2329 3410 2380 τοῦ
3444 2328 3682 2381 τοιούτου

2113 2415 2317 2470 σκοποῦ
2351 2416 2411 2469 τὸ
2437 2417 2630 2470 ἐαυτοῦ
2662 2418 2894 2490 δολερῶς
2939 2423 3336 2492 ἀποσιωπήσας
3367 2421 3560 2492 ὄνομα,
3601 2423 3684 2476 διὰ

2108 2510 2168 2563 τὸ
2196 2509 2296 2580 ήδη
2313 2509 2700 2577 διαϐεϐλῆσθαι
2726 2512 2878 2584 παρὰ
2902 2515 3120 2568 πάντων
3143 2514 3238 2568 ἀνθ
3249 2514 3446 2586 ρώπων
3472 2516 3572 2586 τὴν
3595 2515 3680 2568 τοῦ

2107 2600 2259 2664 ὄντος
2293 2599 2427 2654 Θεοῦ
2461 2604 2833 2674 προσηγορίαν
2891 2605 3290 2675 προϐάλλεται·
3355 2606 3588 2677 σύνηθες
3625 2607 3678 2660 δέ

2106 2693 2184 2764 τῷ
2235 2693 2456 2764 πονηρῷ
2514 2693 2689 2765 τούτῳ
2717 2696 2751 2766 ἡ
2789 2695 3012 2767 τοιαύτη
3043 2697 3280 2768 μεθοδία.
3331 2698 3392 2750 Εί
3437 2695 3530 2752 οῦν
3565 2698 3678 2751 θεὸν

2108 2787 2319 2842 ἑαυτῶν
2365 2787 2510 2858 ἐχειν
2575 2789 2666 2842 τὸν
2719 2789 2814 2842 τοῦ
2856 2790 3112 2860 Ἀϐραὰμ
3158 2791 3290 2844 Θεὸν
3329 2793 3377 2844 οί
3414 2790 3678 2861 βάρϐαροι

2106 2878 2446 2950 γλιχόμενοι,
2477 2878 2575 2952 τὴν
2605 2880 2864 2950 ἀθέμιτον
2911 2881 3126 2951 ἐκείνην
3161 2883 3255 2935 καὶ
3284 2883 3570 2952 ἀπατηλήν
3603 2883 3677 2952 βί-

2107 2970 2254 3034 ϐλον,
2317 2973 2408 3024 καὶ
2466 2972 2561 3025 τὸν
2619 2970 2823 3042 ταύτην
2881 2973 3400 3042 σκαιογραφήσαντα
3456 2973 3679 3042 μάταιον

433 3076 628 3135 pturm,
681 3075 839 3136 atque
869 3067 989 3135 ejus
1041 3082 1230 3121 norma
1267 3076 1543 3137 regantur.
1578 3067 1682 3121 Aut
1722 3069 1766 3122 si
1815 3067 1999 3122 volunt

2108 3061 2392 3134 ἄνθρωπον
2449 3062 2903 3134 ἐξαρνείσθωσαν,
2937 3064 3032 3116 καὶ
3087 3064 3474 3134 στοιχείτωσαν
3541 3065 3672 3138 μόνη

431 3160 632 3213 librum
674 3175 830 3214 suum
867 3159 993 3214 huic
1024 3169 1376 3230 anteponere,
1413 3169 1466 3213 et
1502 3159 1874 3214 adversarium
1906 3159 2001 3213 Dei

431 3251 727 3306 Abrahami
782 3251 1012 3306 adorare
1065 3269 1079 3317 ;
1125 3252 1331 3322 pudore
1395 3251 1805 3319 suﬂ‘undantur,
1875 3252 2001 3321 quia

433 3345 653 3398 nomine
700 3355 858 3399 tenus
910 3343 1019 3398 Deo
1071 3346 1364 3399 Ahrahami
1429 3345 1854 3416 gloriantur;et
1912 3361 2000 3400 res

431 3445 596 3506 atque
644 3437 951 3507 Scriptttras
1015 3439 1444 3494 inconciliabiles
1481 3438 1684 3493 frustra
1748 3439 1997 3508 proferre

429 3529 848 3582 convincar-tur.
897 3526 1145 3597 Namque
1177 3545 1206 3582 α
1237 3529 1484 3582 demente
1534 3529 1671 3582 nihil
1717 3528 1919 3591 dill'ert,
1956 3531 2000 3584 is

430 3623 523 3691 qui
557 3622 685 3676 dicit
709 3619 1047 3675 Pharaonem
1077 3633 1129 3676 et
1158 3621 1460 3692 Augustum
1489 3621 1678 3676 eadem
1723 3630 1880 3674 a-tate
1913 3637 1998 3674 re-

429 3732 643 3787 gnasse.
670 3714 782 3769 lloe
805 3715 945 3769 enim
971 3715 1283 3770 necessario
1310 3715 1684 3784 consequitur,
1715 3715 1759 3768 si
1792 3713 1998 3785 Moysis

427 3823 585 3862 soror
617 3806 892 3862 Christum
939 3807 1146 3878 peperit
1175 3824 1188 3862 :
1220 3808 1292 3861 ita
1323 3815 1382 3860 ut
1409 3805 1661 3862 Christus
1709 3807 1793 3861 his
1849 3807 1996 3861 mille

425 3915 600 3956 annos
641 3913 824 3964 natus,
883 3901 974 3954 tali
1019 3916 1142 3955 cum
1185 3900 1337 3956 senio
1379 3910 1504 3954 ante
1552 3900 1783 3954 Pilatum
1831 3915 1998 3969 appa-

425 3995 594 4051 ruerit
627 4011 642 4062 ;
670 4002 724 4050 et
753 3994 920 4049 Maria
955 3994 1174 4049 totidem
1213 4005 1305 4048 aut
1352 3993 1512 4049 etiam
1562 3995 1746 4064 plures
1797 3993 1996 4048 vixerit

423 4103 617 4144 annos.

417 4283 606 4341 XXVI.
654 4283 810 4350 Quod
847 4283 996 4338 nulla
1032 4286 1098 4338 sit
1137 4283 1345 4338 utilitas
1373 4283 1626 4352 Agarcnt‘s
1662 4300 1714 4336 se
1763 4284 1992 4336 circnm-

488 4358 807 4415 cidentibus,
855 4358 1070 4426 ideoque
1103 4357 1410 4421 nutantibus
1441 4355 1590 4407 deum
1618 4371 1768 4426 suum
1805 4355 1992 4407 habere

2106 3158 2171 3226 τῇ
2207 3155 2326 3228 θείᾳ
2373 3157 2586 3227 Γραφῇ,
2637 3156 2728 3209 καὶ
2774 3155 2865 3208 ὑπ’
2911 3157 3080 3225 αὐτῆς
3139 3157 3672 3228 ποδηγεῖσθωσαψῆ

2105 3249 2322 3320 ἐκείνην
2350 3249 2551 3320 ταύτης
2600 3249 3016 3320 προκρίναντες,
3050 3252 3140 3303 τὸν
3177 3252 3553 3322 ἀντικείμενον
3586 3253 3678 3304 τοῦ

2104 3342 2240 3395 Θεοῦ
2288 3343 2382 3396 τοῦ
2421 3342 2673 3413 ’Λϐραὰμ
2721 3343 3184 3410 προσκυνοῦντες,
3222 3345 3672 3413 ἐγκαλυπτέσθω-

2106 3450 2226 3499 σαν,
2256 3435 2328 3498 ῶς
2353 3434 2493 3503 ψιλῷ
2520 3434 2596 3505 τῷ
2629 3434 2719 3488 τοῦ
2739 3436 2996 3505 Ἀϐραὰμ
3021 3436 3243 3506 ὀνόματι
3279 3436 3438 3506 μόνον
3468 3437 3674 3490 καλλω-

2103 3527 2386 3596 πιζόμενοι
2427 3527 2520 3580 καὶ
2545 3527 2890 3598 ἀκατάλληλα
2921 3530 3034 3590 τοῖς
3052 3529 3335 3599 πράγμασι
3361 3529 3454 3582 καὶ
3490 3532 3671 3598 γράμ-

2106 3640 2240 3693 μασι
2279 3622 2739 3691 κενοφωνοῦντες,
2775 3623 3276 3694 ἐξελεγχέσθωσανε
3344 3626 3670 3694 μαινομένου

2101 3715 2209 3786 γάρ
2242 3715 2399 3794 οὐδὲν
2423 3715 2727 3786 διενήνοχεν
2750 3716 2778 3768 ὀ
2809 3715 2982 3785 λέγων
3007 3715 3096 3768 τὸν
3120 3716 3318 3787 Φαραὼ
3345 3718 3437 3770 καὶ
3462 3717 3670 3786 Αύγου·

2103 3824 2224 3860 στον
2249 3808 2392 3861 κατά
2418 3807 2613 3862 ταυτὸν
2661 3808 3082 3878 συμϐασιλεύειν
3116 3809 3323 3880 χρόνον.
3353 3809 3526 3862 Τοῦτο
3564 3813 3669 3881 γὰρ

2099 3900 2327 3955 ἕπεσθαι
2383 3903 2598 3973 ἀνάγκη
2660 3903 2756 3972 τῆς
2811 3901 3048 3972 ἀδελφῆς
3114 3903 3390 3965 Μωῦσέως
3436 3904 3671 3973 Χριστὸν

2099 3990 2334 4058 κυούσης
2354 4007 2368 4020 θ
2396 3991 2428 4061 ἢ
2464 3990 2696 4062 Χριστὸν
2750 3992 2888 4060 μετά
2917 3990 3190 4061 δισχιλίων
3218 3992 3355 4044 ἐτῶν
3387 3992 3670 4061 περιόδους

2096 4080 2328 4151 γέροντα
2367 4079 2596 4149 ὀφθῆναι
2623 4079 2700 4149 τῷ
2731 4080 2948 4150 Πιλάτιρ
2967 4097 2981 4112 ο
3005 4081 3037 4150 ἢ
3065 4080 3161 4152 τὴν
3193 4080 3411 4151 Μαρίαν
3435 4081 3669 4135 τοσαῦτα

2097 4172 2417 4243 περιϐιῶναι
2449 4171 2482 4242 ἢ
2511 4171 2578 4225 τὰ
2611 4172 2834 4226 πλείονα
2861 4173 2978 4244 ἔτη.

2095 4283 2242 4350 KG’.
2283 4284 2415 4353 Ὅτι
2438 4282 2686 4352 οὐδεμία
2718 4283 2931 4349 ὄνησις
2955 4283 3078 4348 τοῖς
3123 4282 3474 4353 Ἀγαρηνοῖς
3516 4300 3664 4352 περ(-

2166 4352 2570 4421 τεμνομένοις,
2610 4354 2706 4406 καὶ
2750 4353 2846 4406 διὰ
2905 4353 3082 4407 τοῦτο
3113 4352 3408 4420 οἰομένοις
3437 4353 3666 4408 ἑαυτῶν

485 4428 775 4480 Abrahami
795 4423 997 4487 Deum:
1032 4435 1085 4477 ut
1116 4427 1233 4477 hinc
1252 4426 1604 4478 demonstrent
1626 4441 1735 4477 vere
1754 4425 1985 4492 ipsorum

2162 4424 2301 4477 θεὸν
2358 4423 2524 4489 ἔχειν
2571 4425 2678 4475 τὸν
2707 4423 2812 4476 τοῦ
2854 4424 3109 4492 Ἀϐραὰμ
3167 4426 3335 4486 Θεὸν,
3388 4425 3538 4491 πρὸς
3600 4425 3662 4477 τὸ

489 4498 674 4562 Deum,
697 4513 808 4551 esse
838 4496 1003 4549 Deum
1025 4496 1336 4548 Abraltami.

485 4589 748 4644 llerilium
777 4575 1170 4659 praeceptorum
1200 4589 1304 4642 alia
1344 4588 1408 4641 ad
1437 4587 1716 4642 utilitatem
1741 4587 1988 4641 subdito-

412 4698 533 4737 rutn
563 4682 887 4746 redundant,
921 4682 965 4736 si
996 4682 1352 4734 observentur
1383 4697 1395 4745 ;
1427 4681 1528 4734 alia
1563 4681 1694 4733 hero
1723 4689 1984 4750 prosunt;

411 4777 515 4831 alia
538 4776 806 4846 utrisque.
827 4776 1087 4829 Similiter
1104 4784 1158 4828 et
1179 4774 1579 4836 inohedicntize,
1595 4773 1712 4827 alia:
1731 4772 1985 4837 subditis,

410 4869 530 4922 alia:
571 4867 846 4929 dominis,
880 4866 998 4920 aliae
1032 4867 1276 4934 utrisque
1307 4864 1694 4918 detrimentum
1729 4863 1982 4916 all‘erunt.

408 4961 631 5017 Cunctis
648 4975 778 5016 vero
793 4961 1128 5030 exploratum
1153 4967 1256 5021 est,
1278 4959 1418 5028 quod
1447 4957 1492 5012 si
1512 4958 1633 5026 quis
1657 4963 1982 5025 pra-ceptum

407 5053 627 5125 aliquod
663 5052 872 5108 domini
912 5052 1215 5113 violaverit,
1261 5066 1425 5119 seque
1460 5049 1660 5104 suimet
1702 5047 1981 5101 dominum

407 5147 772 5212 constituerit,
796 5147 974 5202 adhuc
998 5154 1177 5200 tamen
1197 5159 1346 5213 spem
1379 5143 1574 5198 retinet
1597 5141 1663 5194 ad
1695 5139 1980 5209 pristinam

406 5239 828 5294 hcnevolcntiam
845 5238 1122 5292 dominum
1141 5252 1300 5292 suum
1320 5233 1586 5289 flectendi.
1605 5231 1980 5286 Verumtamen

405 5329 450 5384 si
484 5330 652 5384 alium
673 5330 896 5385 omnino
929 5330 1208 5385 dominum
1228 5328 1330 5383 sibi
1364 5324 1640 5389 asciverit,
1669 5323 1982 5378 intolerabi-

403 5421 507 5478 lem
551 5423 652 5479 sibi
708 5423 912 5478 domini
955 5423 1040 5476 sui
1093 5422 1230 5475 iram
1269 5427 1552 5491 provocat,
1590 5418 1802 5472 etiamsi
1844 5417 1982 5472 forte

403 5523 598 5572 cuncta
651 5515 796 5571 illius
839 5515 1089 5569 mandata
1127 5514 1414 5582 diligenter
1459 5511 1743 5581 peregerit.
1792 5511 1979 5580 Neque

402 5616 685 5676 tantopere
715 5621 908 5660 servus
937 5605 1026 5658 ille
1058 5605 1334 5674 proprium
1368 5619 1424 5658 se
1456 5603 1660 5657 domini
1699 5604 1842 5657 illius
1883 5603 1978 5658 de-

402 5707 704 5764 monstrat,
737 5700 931 5768 plaeita
967 5699 1207 5768 ejusdem
1238 5698 1607 5766 exsequendo,
1643 5706 1978 5768 quantopere

404 5792 635 5846 alienum
685 5805 740 5846 se
782 5792 849 5846 ah
886 5791 976 5845 illo
1018 5790 1277 5858 declarat,
1323 5791 1485 5844 alium
1544 5790 1655 5847 sibi
1695 5787 1972 5844 dominum

2164 4493 2354 4556 δεῖξαι
2385 4493 2473 4546 ὅτι
2510 4493 2750 4561 ἀληθῶς
2776 4493 2974 4547 αὐτῶν
3005 4498 3038 4548 ό
3083 4497 3227 4560 Θεὸς
3256 4495 3362 4548 τοῦ
3389 4495 3660 4563 Ἀϐραάμ.

2161 4585 2271 4653 ιν,ε’.“
2305 4586 2425 4640 Τῶν
2459 4585 2794 4640 δεσποτικῶν
2836 4587 3274 4657 προσταγμάτων
3315 4587 3380 4640 τὰ
3432 4588 3532 4657 μὲν
3585 4588 3662 4648 είς

2089 4680 2214 4742 τοὺς
2256 4679 2531 4749 ὑπηκόους
2562 4679 2716 4749 φέρει
2748 4679 2808 4732 τὸ
2843 4680 3032 4748 κέρδος
3063 4681 3140 4733 ὅτ’
3185 4680 3252 4733 ἂν
3304 4680 3658 4749 φυλάττηται.

2089 4773 2157 4826 τὰ
2185 4771 2240 4824 δὲ
2267 4773 2346 4835 εἰς
2368 4771 2459 4824 τὸν
2489 4771 2772 4841 δεσπότην,
2806 4771 2876 4824 τὰ
2907 4771 2962 4824 δὲ
2989 4773 3077 4824 ἐπ’
3109 4773 3312 4842 ἀμφοῖν
3333 4786 3348 4802 ο
3383 4771 3570 4840 ὥσπερ
3597 4769 3658 4838 δὴ

2089 4863 2186 4917 καὶ
2200 4862 2640 4933 ἀποκρουόμενα,
2668 4863 2735 4914 τὰ
2754 4864 2853 4932 μὲν
2867 4864 2946 4925 είς
2963 4865 3088 4926 τοὺς
3104 4863 3401 4932 ὑπηκόους,
3422 4864 3490 4914 τὰ
3507 4863 3560 4915 δὲ
3581 4862 3659 4923 εἰς

2087 4959 2212 5020 τοὺς
2241 4956 2525 5022 δεσπότας,
2549 4957 2617 5009 τὰ
2641 4957 2697 5009 δέ
2731 4957 2822 5008 καὶ
2855 4959 2930 5019 είς
2959 4956 3302 5028 ἀμφοτέρους
3330 4957 3428 5025 τὴν
3456 4954 3658 5026 ζημίαν
3688 5019 3693 5030 Ι

2088 5050 2309 5117 ἐπάγει.
2337 5049 2546 5110 Πάντες
2579 5043 2670 5100 οὖν
2695 5049 2852 5101 τοῦτο
2886 5051 3082 5112 ίσασιν,
3117 5049 3198 5100 δτι
3236 5047 3338 5100 κᾶν
3360 5050 3551 5101 ὁποίαν
3576 5063 3690 5132 τιςέ

2085 5142 2152 5196 ἂν
2206 5143 2290 5212 εἴη
2350 5140 2636 5212 ὴθετηκὼς
2679 5139 2772 5192 τοῦ
2802 5141 3060 5193 δεσπότου
3103 5139 3343 5209 ἐντολὴν,
3408 5140 3567 5192 αὐτὸν
3596 5137 3654 5188 δέ

2085 5235 2279 5289 ἐαυτοῦ
2308 5235 2662 5305 ἐπιγράφοιτο
2701 5233 2926 5304 κύριον,
2983 5233 3093 5301 ἔχει
3143 5228 3300 5294 αὖθις
3352 5231 3538 5284 ἐλπίδα
3574 5229 3653 5288 εἰς

2083 5327 2182 5396 τὴν
2235 5326 2458 5396 πρώτην
2509 5322 2723 5377 εὔνοιαν
2767 5323 3176 5376 ἐπισπάσασθαι
3229 5323 3321 5376 τὸν
3353 5324 3646 5402 δεσπότην·

2083 5420 2269 5490 ἕτερον
2302 5419 2358 5469 δὲ
2395 5415 2591 5470 ἐαυτοῦ
2623 5417 2809 5486 κύριον
2840 5417 3301 5488 ἐπιγραφόμενος,
3331 5416 3656 5469 ἀνύποιστον

2083 5513 2181 5582 τὴν
2218 5511 2388 5582 ὀργὴν
2422 5509 2542 5562 καθ’
2569 5509 2762 5562 ἑαυτοῦ
2788 5509 2885 5580 τὴν
2913 5509 3008 5562 τοῦ
3039 5510 3304 5563 δεσπότου
3339 5509 3642 5576 ἐφέλκεται,

2084 5604 2185 5658 κᾶν
2227 5604 2402 5665 πάσας
2451 5601 2550 5666 τὰς
2603 5600 2817 5665 ἐντολὰς
2863 5602 3028 5656 αὐτοῦ
3063 5602 3367 5665 σπουδαίως
3401 5602 3639 5668 ἐπιτελῇ⁶

2082 5695 2176 5749 καὶ
2204 5696 2263 5746 ού
2300 5692 2554 5746 τοσοῦτον
2581 5695 2608 5746 ὁ
2636 5693 2852 5762 οἰκέτης
2888 5693 3096 5755 ἐκεῖνος
3132 5692 3411 5762 γνῶριμόν
3442 5709 3499 5744 τε
3523 5693 3642 5743 ἐαυ-

2081 5787 2170 5841 τὺν
2206 5786 2493 5854 καθίστησι
2519 5784 2612 5839 τοῦ
2649 5787 2840 5842 ἑαυτοῦ
2870 5787 3130 5840 δεσπότου
3159 5785 3347 5860 δοῦλον
3381 5780 3538 5848 εἶναι,
3576 5783 3638 5833 ἐκ
