  <div class='ocr_page' id='page_1' title='image "/cluster/home/n/w/nwhite01/storage/ocr_20150623/105/hvd.32044013678347/406.png"; bbox 0 0 3882 6474; ppageno 0'>
   <div class='ocr_carea' id='block_1_1' title="bbox 254 284 371 348">
    <p class='ocr_par' dir='ltr' id='par_1_1' title="bbox 254 284 371 348">
     <span class='ocr_line' id='line_1_1' title="bbox 254 284 371 348; baseline 0.017 -2"><span class='ocrx_word' id='word_1_1' title='bbox 254 284 371 348; x_wconf 81' lang='grc'><strong>793</strong></span> 
     </span>
    </p>
   </div>
   <div class='ocr_carea' id='block_1_2' title="bbox 1436 285 2381 352">
    <p class='ocr_par' dir='ltr' id='par_1_2' title="bbox 1436 285 2381 352">
     <span class='ocr_line' id='line_1_2' title="bbox 1436 285 2381 352; baseline 0.005 -6"><span class='ocrx_word' id='word_1_2' title='bbox 1436 285 1873 350; x_wconf 78' lang='lat' dir='ltr'><strong>REFUTATIO</strong></span> <span class='ocrx_word' id='word_1_3' title='bbox 1905 289 2381 352; x_wconf 78' lang='lat' dir='ltr'><strong>MOHAMEDIS.</strong></span> 
     </span>
    </p>
   </div>
   <div class='ocr_carea' id='block_1_3' title="bbox 3414 287 3522 354">
    <p class='ocr_par' dir='ltr' id='par_1_3' title="bbox 3414 287 3522 354">
     <span class='ocr_line' id='line_1_3' title="bbox 3414 287 3522 354; baseline -0.019 0"><span class='ocrx_word' id='word_1_4' title='bbox 3414 287 3522 354; x_wconf 67' lang='grc'><strong>794</strong></span> 
     </span>
    </p>
   </div>
   <div class='ocr_carea' id='block_1_4' title="bbox 258 393 1831 470">
    <p class='ocr_par' dir='ltr' id='par_1_4' title="bbox 258 393 1831 470">
     <span class='ocr_line' id='line_1_4' title="bbox 258 393 1831 470; baseline 0.003 -22"><span class='ocrx_word' id='word_1_5' title='bbox 258 395 363 450; x_wconf 83' lang='grc' dir='ltr'><strong>τοῦ</strong></span> <span class='ocrx_word' id='word_1_6' title='bbox 395 394 464 450; x_wconf 83' lang='grc' dir='ltr'>τὰ</span> <span class='ocrx_word' id='word_1_7' title='bbox 495 394 706 448; x_wconf 81' lang='grc' dir='ltr'>ἐκείνου</span> <span class='ocrx_word' id='word_1_8' title='bbox 762 393 970 465; x_wconf 79' lang='grc' dir='ltr'>ἀρεστά</span> <span class='ocrx_word' id='word_1_9' title='bbox 1021 395 1313 460; x_wconf 75' lang='grc' dir='ltr'>ἐπιτελεῖν,</span> <span class='ocrx_word' id='word_1_10' title='bbox 1365 397 1490 450; x_wconf 81' lang='grc' dir='ltr'>ὅσον</span> <span class='ocrx_word' id='word_1_11' title='bbox 1554 398 1831 470; x_wconf 81' lang='grc' dir='ltr'><strong>ἀλλότριος</strong></span> 
     </span>
    </p>
   </div>
   <div class='ocr_carea' id='block_1_5' title="bbox 1937 393 3520 470">
    <p class='ocr_par' dir='ltr' id='par_1_5' title="bbox 1941 400 3520 468">
     <span class='ocr_line' id='line_1_5' title="bbox 1941 400 3520 468; baseline 0 -13"><span class='ocrx_word' id='word_1_12' title='bbox 1941 400 2584 468; x_wconf 84' lang='lat' dir='ltr'><strong>asciscendo.Quodnam</strong></span> <span class='ocrx_word' id='word_1_13' title='bbox 2605 400 2748 457; x_wconf 88' lang='lat' dir='ltr'><strong>enim</strong></span> <span class='ocrx_word' id='word_1_14' title='bbox 2782 400 2976 458; x_wconf 88' lang='lat' dir='ltr'><strong>medici</strong></span> <span class='ocrx_word' id='word_1_15' title='bbox 3000 400 3236 458; x_wconf 78' lang='lat' dir='ltr'><strong>famulus</strong></span> <span class='ocrx_word' id='word_1_16' title='bbox 3261 401 3520 456; x_wconf 88' lang='lat' dir='ltr'><strong>indicium</strong></span> 
     </span>
    </p>
   </div>
   <div class='ocr_carea' id='block_1_6' title="bbox 253 485 1838 558">
    <p class='ocr_par' dir='ltr' id='par_1_6' title="bbox 253 485 1838 558">
     <span class='ocr_line' id='line_1_6' title="bbox 253 485 1838 558; baseline 0.003 -20"><span class='ocrx_word' id='word_1_17' title='bbox 253 487 640 555; x_wconf 76' lang='grc' dir='ltr'><strong>ἀναφαίνεται,</strong></span> <span class='ocrx_word' id='word_1_18' title='bbox 672 488 736 540; x_wconf 82' lang='grc' dir='ltr'>ὲκ</span> <span class='ocrx_word' id='word_1_19' title='bbox 769 485 865 539; x_wconf 88' lang='grc' dir='ltr'><strong>τοῦ</strong></span> <span class='ocrx_word' id='word_1_20' title='bbox 897 485 1086 558; x_wconf 70' lang='grc' dir='ltr'>ἕτερον</span> <span class='ocrx_word' id='word_1_21' title='bbox 1120 487 1314 541; x_wconf 81' lang='grc' dir='ltr'>ἑαυτοῦ</span> <span class='ocrx_word' id='word_1_22' title='bbox 1350 489 1710 543; x_wconf 74' lang='grc' dir='ltr'><strong>εἰσποιεῖσθαι</strong></span> <span class='ocrx_word' id='word_1_23' title='bbox 1749 490 1838 544; x_wconf 82' lang='grc' dir='ltr'>δε-</span> 
     </span>
    </p>
   </div>
   <div class='ocr_carea' id='block_1_7' title="bbox 259 577 1839 653">
    <p class='ocr_par' dir='ltr' id='par_1_7' title="bbox 259 577 1839 653">
     <span class='ocr_line' id='line_1_7' title="bbox 259 577 1839 653; baseline 0.004 -23"><span class='ocrx_word' id='word_1_24' title='bbox 259 581 494 649; x_wconf 82' lang='grc' dir='ltr'>σπότην.</span> <span class='ocrx_word' id='word_1_25' title='bbox 516 582 672 633; x_wconf 87' lang='grc' dir='ltr'>Ποῖον</span> <span class='ocrx_word' id='word_1_26' title='bbox 696 580 806 651; x_wconf 73' lang='grc' dir='ltr'>γάρ</span> <span class='ocrx_word' id='word_1_27' title='bbox 836 582 1061 652; x_wconf 85' lang='grc' dir='ltr'>σημεῖον</span> <span class='ocrx_word' id='word_1_28' title='bbox 1091 577 1311 652; x_wconf 84' lang='grc' dir='ltr'>οἰκέτης</span> <span class='ocrx_word' id='word_1_29' title='bbox 1343 583 1530 653; x_wconf 88' lang='grc' dir='ltr'>ἰατροῦ</span> <span class='ocrx_word' id='word_1_30' title='bbox 1550 584 1839 651; x_wconf 77' lang='grc' dir='ltr'><strong>ἐπάγεται,</strong></span> 
     </span>
    </p>
   </div>
   <div class='ocr_carea' id='block_1_8' title="bbox 253 667 1840 745">
    <p class='ocr_par' dir='ltr' id='par_1_8' title="bbox 253 667 1840 745">
     <span class='ocr_line' id='line_1_8' title="bbox 253 667 1840 745; baseline 0.004 -22"><span class='ocrx_word' id='word_1_31' title='bbox 253 669 359 724; x_wconf 85' lang='grc' dir='ltr'><strong>τοῦ</strong></span> <span class='ocrx_word' id='word_1_32' title='bbox 391 667 530 725; x_wconf 72' lang='grc' dir='ltr'>εἶναι</span> <span class='ocrx_word' id='word_1_33' title='bbox 580 671 742 726; x_wconf 82' lang='grc' dir='ltr'>αὑτὸν</span> <span class='ocrx_word' id='word_1_34' title='bbox 772 672 962 744; x_wconf 88' lang='grc' dir='ltr'>κύριον</span> <span class='ocrx_word' id='word_1_35' title='bbox 1008 672 1101 726; x_wconf 89' lang='grc' dir='ltr'><strong>νῦν</strong></span> <span class='ocrx_word' id='word_1_36' title='bbox 1133 673 1222 727; x_wconf 88' lang='grc' dir='ltr'><strong>τὸν</strong></span> <span class='ocrx_word' id='word_1_37' title='bbox 1257 673 1475 745; x_wconf 86' lang='grc' dir='ltr'>ἰατρόν;</span> <span class='ocrx_word' id='word_1_38' title='bbox 1531 675 1610 728; x_wconf 83' lang='grc' dir='ltr'><strong>ὅτ’</strong></span> <span class='ocrx_word' id='word_1_39' title='bbox 1655 673 1721 729; x_wconf 81' lang='grc' dir='ltr'><strong>ἂν</strong></span> <span class='ocrx_word' id='word_1_40' title='bbox 1769 675 1840 729; x_wconf 85' lang='grc' dir='ltr'>τὰ</span> 
     </span>
    </p>
   </div>
   <div class='ocr_carea' id='block_1_9' title="bbox 255 761 1840 838">
    <p class='ocr_par' dir='ltr' id='par_1_9' title="bbox 255 761 1840 838">
     <span class='ocr_line' id='line_1_9' title="bbox 255 761 1840 838; baseline 0.006 -26"><span class='ocrx_word' id='word_1_41' title='bbox 255 761 365 830; x_wconf 79' lang='grc' dir='ltr'><strong>μὲν</strong></span> <span class='ocrx_word' id='word_1_42' title='bbox 417 763 515 830; x_wconf 83' lang='grc' dir='ltr'><strong>τῆς</strong></span> <span class='ocrx_word' id='word_1_43' title='bbox 555 762 756 834; x_wconf 79' lang='grc' dir='ltr'>τέχνης</span> <span class='ocrx_word' id='word_1_44' title='bbox 808 765 990 828; x_wconf 83' lang='grc' dir='ltr'>καλῶς</span> <span class='ocrx_word' id='word_1_45' title='bbox 1024 765 1284 833; x_wconf 83' lang='grc' dir='ltr'><strong>γινώσκει</strong></span> <span class='ocrx_word' id='word_1_46' title='bbox 1340 768 1436 820; x_wconf 71' lang='grc' dir='ltr'><strong>καί⁸</strong></span> <span class='ocrx_word' id='word_1_47' title='bbox 1486 769 1717 838; x_wconf 77' lang='grc' dir='ltr'>πράττει</span> <span class='ocrx_word' id='word_1_48' title='bbox 1763 768 1840 832; x_wconf 89' lang='grc' dir='ltr'><strong>ώς</strong></span> 
     </span>
    </p>
   </div>
   <div class='ocr_carea' id='block_1_10' title="bbox 252 843 1842 922">
    <p class='ocr_par' dir='ltr' id='par_1_10' title="bbox 252 843 1842 922">
     <span class='ocr_line' id='line_1_10' title="bbox 252 843 1842 922; baseline 0.004 -22"><span class='ocrx_word' id='word_1_49' title='bbox 252 847 456 902; x_wconf 78' lang='grc' dir='ltr'>ἑαυτοῦ</span> <span class='ocrx_word' id='word_1_50' title='bbox 489 848 734 918; x_wconf 80' lang='grc' dir='ltr'>βούλεται</span> <span class='ocrx_word' id='word_1_51' title='bbox 767 843 1055 921; x_wconf 77' lang='grc' dir='ltr'>δεσπότης,</span> <span class='ocrx_word' id='word_1_52' title='bbox 1104 851 1293 922; x_wconf 80' lang='grc' dir='ltr'>ἑτέρου</span> <span class='ocrx_word' id='word_1_53' title='bbox 1332 852 1390 905; x_wconf 82' lang='grc' dir='ltr'>δὲ</span> <span class='ocrx_word' id='word_1_54' title='bbox 1434 853 1696 906; x_wconf 83' lang='grc' dir='ltr'>δεσπότου</span> <span class='ocrx_word' id='word_1_55' title='bbox 1727 853 1842 907; x_wconf 87' lang='grc' dir='ltr'>δοῦ-</span> 
     </span>
    </p>
   </div>
   <div class='ocr_carea' id='block_1_11' title="bbox 252 940 1838 1019">
    <p class='ocr_par' dir='ltr' id='par_1_11' title="bbox 252 940 1838 1019">
     <span class='ocr_line' id='line_1_11' title="bbox 252 940 1838 1019; baseline 0.006 -28"><span class='ocrx_word' id='word_1_56' title='bbox 252 940 354 994; x_wconf 83' lang='grc' dir='ltr'><strong>λον</strong></span> <span class='ocrx_word' id='word_1_57' title='bbox 393 942 582 994; x_wconf 78' lang='grc' dir='ltr'>ἑαυτὸν</span> <span class='ocrx_word' id='word_1_58' title='bbox 618 943 959 1014; x_wconf 76' lang='grc' dir='ltr'>ὑπογράφεις</span> <span class='ocrx_word' id='word_1_59' title='bbox 1008 945 1161 999; x_wconf 80' lang='grc' dir='ltr'>οὐδὲν</span> <span class='ocrx_word' id='word_1_60' title='bbox 1201 945 1309 1016; x_wconf 88' lang='grc' dir='ltr'><strong>γάρ</strong></span> <span class='ocrx_word' id='word_1_61' title='bbox 1363 947 1500 999; x_wconf 90' lang='grc' dir='ltr'>εἰσιν</span> <span class='ocrx_word' id='word_1_62' title='bbox 1538 946 1726 1019; x_wconf 76' lang='grc' dir='ltr'>ἕτερον</span> <span class='ocrx_word' id='word_1_63' title='bbox 1782 950 1838 1001; x_wconf 87' lang='grc' dir='ltr'><strong>αἰ</strong></span> 
     </span>
    </p>
   </div>
   <div class='ocr_carea' id='block_1_12' title="bbox 253 1031 1840 1113">
    <p class='ocr_par' dir='ltr' id='par_1_12' title="bbox 253 1031 1840 1113">
     <span class='ocr_line' id='line_1_12' title="bbox 253 1031 1840 1113; baseline 0.006 -29"><span class='ocrx_word' id='word_1_64' title='bbox 253 1031 447 1086; x_wconf 71' lang='grc' dir='ltr'>λοιπαὶ</span> <span class='ocrx_word' id='word_1_65' title='bbox 472 1035 686 1088; x_wconf 72' lang='grc' dir='ltr'>ἐντολαὶ</span> <span class='ocrx_word' id='word_1_66' title='bbox 730 1036 826 1090; x_wconf 88' lang='grc' dir='ltr'><strong>τοῦ</strong></span> <span class='ocrx_word' id='word_1_67' title='bbox 864 1035 1024 1103; x_wconf 89' lang='grc' dir='ltr'>Θεοῦ,</span> <span class='ocrx_word' id='word_1_68' title='bbox 1057 1038 1230 1110; x_wconf 81' lang='grc' dir='ltr'>ἀλλ’ἢ</span> <span class='ocrx_word' id='word_1_69' title='bbox 1273 1038 1456 1093; x_wconf 86' lang='grc' dir='ltr'>αὐτῶν</span> <span class='ocrx_word' id='word_1_70' title='bbox 1490 1041 1702 1113; x_wconf 87' lang='grc' dir='ltr'>ἰατρεία</span> <span class='ocrx_word' id='word_1_71' title='bbox 1745 1041 1840 1094; x_wconf 76' lang='grc' dir='ltr'><strong>καὶ</strong></span> 
     </span>
    </p>
   </div>
   <div class='ocr_carea' id='block_1_13' title="bbox 251 1123 1840 1202">
    <p class='ocr_par' dir='ltr' id='par_1_13' title="bbox 251 1123 1840 1202">
     <span class='ocr_line' id='line_1_13' title="bbox 251 1123 1840 1202; baseline 0.006 -26"><span class='ocrx_word' id='word_1_72' title='bbox 251 1123 528 1194; x_wconf 70' lang='grc' dir='ltr'>ὠφέλεια·</span> <span class='ocrx_word' id='word_1_73' title='bbox 559 1129 593 1198; x_wconf 82' lang='grc' dir='ltr'><strong>ή</strong></span> <span class='ocrx_word' id='word_1_74' title='bbox 623 1127 678 1180; x_wconf 76' lang='grc' dir='ltr'>δὲ</span> <span class='ocrx_word' id='word_1_75' title='bbox 719 1131 800 1192; x_wconf 74' lang='grc' dir='ltr'><strong>εἰς</strong></span> <span class='ocrx_word' id='word_1_76' title='bbox 833 1129 966 1183; x_wconf 91' lang='grc' dir='ltr'>Θεὸν</span> <span class='ocrx_word' id='word_1_77' title='bbox 1001 1131 1206 1195; x_wconf 80' lang='grc' dir='ltr'>πίστις,</span> <span class='ocrx_word' id='word_1_78' title='bbox 1246 1133 1327 1194; x_wconf 90' lang='grc' dir='ltr'><strong>εἰς</strong></span> <span class='ocrx_word' id='word_1_79' title='bbox 1349 1130 1513 1186; x_wconf 80' lang='grc' dir='ltr'>αὐτὸν</span> <span class='ocrx_word' id='word_1_80' title='bbox 1545 1133 1643 1202; x_wconf 80' lang='grc' dir='ltr'><strong>τὴν</strong></span> <span class='ocrx_word' id='word_1_81' title='bbox 1681 1132 1840 1197; x_wconf 80' lang='grc' dir='ltr'>δόξαν</span> 
     </span>
    </p>
   </div>
   <div class='ocr_carea' id='block_1_14' title="bbox 250 1214 1838 1294">
    <p class='ocr_par' dir='ltr' id='par_1_14' title="bbox 250 1214 1838 1294">
     <span class='ocr_line' id='line_1_14' title="bbox 250 1214 1838 1294; baseline 0.006 -27"><span class='ocrx_word' id='word_1_82' title='bbox 250 1214 612 1287; x_wconf 75' lang='grc' dir='ltr'>ἀποκομίζει,</span> <span class='ocrx_word' id='word_1_83' title='bbox 640 1218 1003 1289; x_wconf 83' lang='grc' dir='ltr'>βεϐαιούντων</span> <span class='ocrx_word' id='word_1_84' title='bbox 1029 1222 1186 1292; x_wconf 81' lang='grc' dir='ltr'>ἡμῶν</span> <span class='ocrx_word' id='word_1_85' title='bbox 1202 1223 1286 1276; x_wconf 82' lang='grc' dir='ltr'>ὅτι</span> <span class='ocrx_word' id='word_1_86' title='bbox 1315 1223 1447 1287; x_wconf 81' lang='grc' dir='ltr'>Θεὸς</span> <span class='ocrx_word' id='word_1_87' title='bbox 1473 1224 1678 1294; x_wconf 86' lang='grc' dir='ltr'>ἀληθής</span> <span class='ocrx_word' id='word_1_88' title='bbox 1699 1227 1838 1290; x_wconf 79' lang='grc' dir='ltr'>ἐστι,</span> 
     </span>
    </p>
   </div>
   <div class='ocr_carea' id='block_1_15' title="bbox 253 1310 1841 1390">
    <p class='ocr_par' dir='ltr' id='par_1_15' title="bbox 253 1310 1841 1390">
     <span class='ocr_line' id='line_1_15' title="bbox 253 1310 1841 1390; baseline 0.007 -29"><span class='ocrx_word' id='word_1_89' title='bbox 253 1311 356 1362; x_wconf 71' lang='grc' dir='ltr'>καὶ</span> <span class='ocrx_word' id='word_1_90' title='bbox 403 1310 486 1363; x_wconf 79' lang='grc' dir='ltr'>ὅτι</span> <span class='ocrx_word' id='word_1_91' title='bbox 528 1313 560 1382; x_wconf 81' lang='grc' dir='ltr'><strong>ή</strong></span> <span class='ocrx_word' id='word_1_92' title='bbox 592 1313 898 1386; x_wconf 83' lang='grc' dir='ltr'>Δεσποτικὴ</span> <span class='ocrx_word' id='word_1_93' title='bbox 936 1315 1118 1385; x_wconf 83' lang='grc' dir='ltr'>σχέσις</span> <span class='ocrx_word' id='word_1_94' title='bbox 1157 1315 1522 1382; x_wconf 78' lang='grc' dir='ltr'>ἀδιάσπαστος</span> <span class='ocrx_word' id='word_1_95' title='bbox 1565 1322 1841 1390; x_wconf 81' lang='grc' dir='ltr'>συντηρεῖ-</span> 
     </span>
    </p>
   </div>
   <div class='ocr_carea' id='block_1_16' title="bbox 251 1401 1839 1479">
    <p class='ocr_par' dir='ltr' id='par_1_16' title="bbox 251 1401 1839 1479">
     <span class='ocr_line' id='line_1_16' title="bbox 251 1401 1839 1479; baseline 0.009 -27"><span class='ocrx_word' id='word_1_96' title='bbox 251 1417 376 1456; x_wconf 85' lang='grc' dir='ltr'>ται.</span> <span class='ocrx_word' id='word_1_97' title='bbox 410 1403 622 1476; x_wconf 83' lang='grc' dir='ltr'>’Ὠσπερ</span> <span class='ocrx_word' id='word_1_98' title='bbox 651 1401 745 1459; x_wconf 82' lang='grc' dir='ltr'><strong>οὖν</strong></span> <span class='ocrx_word' id='word_1_99' title='bbox 773 1407 868 1461; x_wconf 73' lang='grc' dir='ltr'><strong>καὶ</strong></span> <span class='ocrx_word' id='word_1_100' title='bbox 891 1407 947 1459; x_wconf 90' lang='grc' dir='ltr'><strong>αί</strong></span> <span class='ocrx_word' id='word_1_101' title='bbox 979 1407 1268 1479; x_wconf 78' lang='grc' dir='ltr'>ἀθετήσεις</span> <span class='ocrx_word' id='word_1_102' title='bbox 1302 1409 1412 1462; x_wconf 82' lang='grc' dir='ltr'><strong>τῶν</strong></span> <span class='ocrx_word' id='word_1_103' title='bbox 1455 1410 1657 1464; x_wconf 86' lang='grc' dir='ltr'>λοιπῶν</span> <span class='ocrx_word' id='word_1_104' title='bbox 1688 1413 1839 1466; x_wconf 83' lang='grc' dir='ltr'>ὲντο-</span> 
     </span>
    </p>
   </div>
   <div class='ocr_carea' id='block_1_17' title="bbox 252 1490 1839 1574">
    <p class='ocr_par' dir='ltr' id='par_1_17' title="bbox 252 1490 1839 1574">
     <span class='ocr_line' id='line_1_17' title="bbox 252 1490 1839 1574; baseline 0.009 -30"><span class='ocrx_word' id='word_1_105' title='bbox 252 1490 566 1566; x_wconf 54' lang='lat' dir='ltr'><strong>tempe»</strong></span> <span class='ocrx_word' id='word_1_106' title='bbox 601 1497 702 1567; x_wconf 81' lang='grc' dir='ltr'>μὲν</span> <span class='ocrx_word' id='word_1_107' title='bbox 725 1499 906 1552; x_wconf 75' lang='grc' dir='ltr'>αὐτῶν</span> <span class='ocrx_word' id='word_1_108' title='bbox 939 1499 1183 1567; x_wconf 83' lang='grc' dir='ltr'>γίνονται</span> <span class='ocrx_word' id='word_1_109' title='bbox 1213 1501 1455 1573; x_wconf 78' lang='grc' dir='ltr'>ὸλεθρος,</span> <span class='ocrx_word' id='word_1_110' title='bbox 1485 1504 1518 1574; x_wconf 84' lang='grc' dir='ltr'><strong>ή</strong></span> <span class='ocrx_word' id='word_1_111' title='bbox 1543 1504 1599 1556; x_wconf 79' lang='grc' dir='ltr'>δὲ</span> <span class='ocrx_word' id='word_1_112' title='bbox 1620 1504 1720 1574; x_wconf 89' lang='grc' dir='ltr'><strong>τῆς</strong></span> <span class='ocrx_word' id='word_1_113' title='bbox 1741 1505 1839 1558; x_wconf 87' lang='grc' dir='ltr'>αύ-</span> 
     </span>
    </p>
   </div>
   <div class='ocr_carea' id='block_1_18' title="bbox 250 1583 1835 1667">
    <p class='ocr_par' dir='ltr' id='par_1_18' title="bbox 250 1583 1835 1667">
     <span class='ocr_line' id='line_1_18' title="bbox 250 1583 1835 1667; baseline 0.011 -32"><span class='ocrx_word' id='word_1_114' title='bbox 250 1583 357 1636; x_wconf 86' lang='grc' dir='ltr'><strong>τοῦ</strong></span> <span class='ocrx_word' id='word_1_115' title='bbox 383 1586 699 1653; x_wconf 78' lang='grc' dir='ltr'>δεσποτείας</span> <span class='ocrx_word' id='word_1_116' title='bbox 716 1591 1054 1663; x_wconf 77' lang='grc' dir='ltr'>παραγραφὴ</span> <span class='ocrx_word' id='word_1_117' title='bbox 1078 1593 1242 1646; x_wconf 83' lang='grc' dir='ltr'>αὐτὸν</span> <span class='ocrx_word' id='word_1_118' title='bbox 1267 1594 1476 1666; x_wconf 75' lang='grc' dir='ltr'>ὑϐρίζει</span> <span class='ocrx_word' id='word_1_119' title='bbox 1501 1595 1591 1648; x_wconf 88' lang='grc' dir='ltr'><strong>τὸν</strong></span> <span class='ocrx_word' id='word_1_120' title='bbox 1613 1596 1835 1667; x_wconf 83' lang='grc' dir='ltr'>Κύριον·</span> 
     </span>
    </p>
   </div>
   <div class='ocr_carea' id='block_1_19' title="bbox 251 1678 1836 1758">
    <p class='ocr_par' dir='ltr' id='par_1_19' title="bbox 251 1678 1836 1758">
     <span class='ocr_line' id='line_1_19' title="bbox 251 1678 1836 1758; baseline 0.008 -29"><span class='ocrx_word' id='word_1_121' title='bbox 251 1678 394 1732; x_wconf 82' lang='grc' dir='ltr'>πότε</span> <span class='ocrx_word' id='word_1_122' title='bbox 458 1679 549 1734; x_wconf 79' lang='grc' dir='ltr'><strong>οὖν</strong></span> <span class='ocrx_word' id='word_1_123' title='bbox 600 1683 974 1755; x_wconf 79' lang='grc' dir='ltr'>σφοδροτέρως</span> <span class='ocrx_word' id='word_1_124' title='bbox 1039 1686 1162 1739; x_wconf 85' lang='grc' dir='ltr'>καθ’</span> <span class='ocrx_word' id='word_1_125' title='bbox 1203 1686 1360 1758; x_wconf 84' lang='grc' dir='ltr'>ἡμῶν</span> <span class='ocrx_word' id='word_1_126' title='bbox 1413 1687 1836 1758; x_wconf 83' lang='grc' dir='ltr'>ὀργισθήσεται;</span> 
     </span>
    </p>
   </div>
   <div class='ocr_carea' id='block_1_20' title="bbox 1942 491 3518 564">
    <p class='ocr_par' dir='ltr' id='par_1_20' title="bbox 1942 491 3518 564">
     <span class='ocr_line' id='line_1_20' title="bbox 1942 491 3518 564; baseline -0.001 -16"><span class='ocrx_word' id='word_1_127' title='bbox 1942 491 2182 560; x_wconf 90' lang='lat' dir='ltr'><strong>exhibet,</strong></span> <span class='ocrx_word' id='word_1_128' title='bbox 2227 509 2389 548; x_wconf 92' lang='lat' dir='ltr'><strong>suum</strong></span> <span class='ocrx_word' id='word_1_129' title='bbox 2427 508 2548 548; x_wconf 87' lang='lat' dir='ltr'><strong>esse</strong></span> <span class='ocrx_word' id='word_1_130' title='bbox 2584 493 2864 548; x_wconf 90' lang='lat' dir='ltr'><strong>dominum</strong></span> <span class='ocrx_word' id='word_1_131' title='bbox 2901 495 2993 564; x_wconf 90' lang='lat' dir='ltr'><strong>qui</strong></span> <span class='ocrx_word' id='word_1_132' title='bbox 3040 510 3185 549; x_wconf 89' lang='lat' dir='ltr'><strong>nunc</strong></span> <span class='ocrx_word' id='word_1_133' title='bbox 3218 494 3462 548; x_wconf 90' lang='lat' dir='ltr'><strong>medetur</strong></span> <span class='ocrx_word' id='word_1_134' title='bbox 3503 511 3518 557; x_wconf 88' lang='lat'><strong>;</strong></span> 
     </span>
    </p>
   </div>
   <div class='ocr_carea' id='block_1_21' title="bbox 1941 582 3520 656">
    <p class='ocr_par' dir='ltr' id='par_1_21' title="bbox 1941 582 3520 656">
     <span class='ocr_line' id='line_1_21' title="bbox 1941 582 3520 656; baseline 0.001 -20"><span class='ocrx_word' id='word_1_135' title='bbox 1941 583 1985 637; x_wconf 87' lang='lat' dir='ltr'><strong>si</strong></span> <span class='ocrx_word' id='word_1_136' title='bbox 2017 593 2186 637; x_wconf 88' lang='lat' dir='ltr'><strong>artem</strong></span> <span class='ocrx_word' id='word_1_137' title='bbox 2214 583 2430 654; x_wconf 82' lang='lat' dir='ltr'><strong>quidem</strong></span> <span class='ocrx_word' id='word_1_138' title='bbox 2461 585 2594 640; x_wconf 83' lang='lat' dir='ltr'><strong>bene</strong></span> <span class='ocrx_word' id='word_1_139' title='bbox 2621 594 2813 640; x_wconf 90' lang='lat' dir='ltr'><strong>noscat</strong></span> <span class='ocrx_word' id='word_1_140' title='bbox 2840 596 3220 656; x_wconf 81' lang='lat' dir='ltr'><strong>exercentque,</strong></span> <span class='ocrx_word' id='word_1_141' title='bbox 3248 594 3409 656; x_wconf 90' lang='lat' dir='ltr'><strong>prout</strong></span> <span class='ocrx_word' id='word_1_142' title='bbox 3433 582 3520 639; x_wconf 90' lang='lat' dir='ltr'><strong>sui</strong></span> 
     </span>
    </p>
   </div>
   <div class='ocr_carea' id='block_1_22' title="bbox 1940 673 3523 739">
    <p class='ocr_par' dir='ltr' id='par_1_22' title="bbox 1940 673 3523 739">
     <span class='ocr_line' id='line_1_22' title="bbox 1940 673 3523 739; baseline 0.001 -12"><span class='ocrx_word' id='word_1_143' title='bbox 1940 673 2146 728; x_wconf 88' lang='lat' dir='ltr'><strong>domini</strong></span> <span class='ocrx_word' id='word_1_144' title='bbox 2178 675 2429 730; x_wconf 81' lang='lat' dir='ltr'><strong>voluntas</strong></span> <span class='ocrx_word' id='word_1_145' title='bbox 2457 682 2560 739; x_wconf 89' lang='lat' dir='ltr'><strong>est,</strong></span> <span class='ocrx_word' id='word_1_146' title='bbox 2591 675 2762 731; x_wconf 86' lang='lat' dir='ltr'><strong>nihilo</strong></span> <span class='ocrx_word' id='word_1_147' title='bbox 2787 685 2964 730; x_wconf 89' lang='lat' dir='ltr'><strong>tamen</strong></span> <span class='ocrx_word' id='word_1_148' title='bbox 2999 675 3180 730; x_wconf 92' lang='lat' dir='ltr'><strong>minus</strong></span> <span class='ocrx_word' id='word_1_149' title='bbox 3211 673 3438 729; x_wconf 72' lang='lat' dir='ltr'><strong>alterius</strong></span> <span class='ocrx_word' id='word_1_150' title='bbox 3461 688 3523 728; x_wconf 90' lang='lat' dir='ltr'><strong>se</strong></span> 
     </span>
    </p>
   </div>
   <div class='ocr_carea' id='block_1_23' title="bbox 1941 766 3522 838">
    <p class='ocr_par' dir='ltr' id='par_1_23' title="bbox 1941 766 3522 838">
     <span class='ocr_line' id='line_1_23' title="bbox 1941 766 3522 838; baseline -0.001 -16"><span class='ocrx_word' id='word_1_151' title='bbox 1941 766 2146 822; x_wconf 89' lang='lat' dir='ltr'><strong>domini</strong></span> <span class='ocrx_word' id='word_1_152' title='bbox 2193 783 2410 823; x_wconf 88' lang='lat' dir='ltr'><strong>servum</strong></span> <span class='ocrx_word' id='word_1_153' title='bbox 2449 767 2663 823; x_wconf 88' lang='lat' dir='ltr'><strong>faciat?</strong></span> <span class='ocrx_word' id='word_1_154' title='bbox 2701 767 2834 822; x_wconf 85' lang='lat' dir='ltr'><strong>Nam</strong></span> <span class='ocrx_word' id='word_1_155' title='bbox 2888 768 3094 838; x_wconf 87' lang='lat' dir='ltr'><strong>reliqua</strong></span> <span class='ocrx_word' id='word_1_156' title='bbox 3140 767 3233 821; x_wconf 89' lang='lat' dir='ltr'><strong>Dei</strong></span> <span class='ocrx_word' id='word_1_157' title='bbox 3270 767 3522 820; x_wconf 88' lang='lat' dir='ltr'><strong>mandata</strong></span> 
     </span>
    </p>
   </div>
   <div class='ocr_carea' id='block_1_24' title="bbox 1942 857 3518 931">
    <p class='ocr_par' dir='ltr' id='par_1_24' title="bbox 1942 857 3518 931">
     <span class='ocr_line' id='line_1_24' title="bbox 1942 857 3518 931; baseline -0.002 -19"><span class='ocrx_word' id='word_1_158' title='bbox 1942 857 2078 912; x_wconf 85' lang='lat' dir='ltr'><strong>nihil</strong></span> <span class='ocrx_word' id='word_1_159' title='bbox 2111 859 2254 913; x_wconf 87' lang='lat' dir='ltr'><strong>aliud</strong></span> <span class='ocrx_word' id='word_1_160' title='bbox 2287 869 2435 922; x_wconf 83' lang='grc' dir='ltr'>ευηι,</span> <span class='ocrx_word' id='word_1_161' title='bbox 2454 876 2618 931; x_wconf 91' lang='lat' dir='ltr'><strong>quam</strong></span> <span class='ocrx_word' id='word_1_162' title='bbox 2645 859 2924 914; x_wconf 86' lang='lat' dir='ltr'><strong>hominum</strong></span> <span class='ocrx_word' id='word_1_163' title='bbox 2952 858 3163 914; x_wconf 84' lang='lat' dir='ltr'><strong>medela</strong></span> <span class='ocrx_word' id='word_1_164' title='bbox 3193 866 3246 913; x_wconf 92' lang='lat' dir='ltr'><strong>et</strong></span> <span class='ocrx_word' id='word_1_165' title='bbox 3277 857 3518 912; x_wconf 75' lang='lat' dir='ltr'><strong>utilitas:</strong></span> 
     </span>
    </p>
   </div>
   <div class='ocr_carea' id='block_1_25' title="bbox 1944 949 3520 1022">
    <p class='ocr_par' dir='ltr' id='par_1_25' title="bbox 1944 949 3520 1022">
     <span class='ocr_line' id='line_1_25' title="bbox 1944 949 3520 1022; baseline -0.001 -19"><span class='ocrx_word' id='word_1_166' title='bbox 1944 949 2075 1006; x_wconf 86' lang='lat' dir='ltr'><strong>fides</strong></span> <span class='ocrx_word' id='word_1_167' title='bbox 2105 951 2158 1005; x_wconf 89' lang='lat' dir='ltr'><strong>in</strong></span> <span class='ocrx_word' id='word_1_168' title='bbox 2208 951 2376 1005; x_wconf 88' lang='lat' dir='ltr'><strong>Deum</strong></span> <span class='ocrx_word' id='word_1_169' title='bbox 2411 961 2612 1018; x_wconf 84' lang='lat' dir='ltr'><strong>tamen,</strong></span> <span class='ocrx_word' id='word_1_170' title='bbox 2654 952 2719 1006; x_wconf 90' lang='lat' dir='ltr'><strong>ad</strong></span> <span class='ocrx_word' id='word_1_171' title='bbox 2754 951 2917 1021; x_wconf 86' lang='lat' dir='ltr'><strong>hujus</strong></span> <span class='ocrx_word' id='word_1_172' title='bbox 2958 951 3186 1022; x_wconf 76' lang='lat' dir='ltr'><strong>gloriam</strong></span> <span class='ocrx_word' id='word_1_173' title='bbox 3233 950 3520 1013; x_wconf 82' lang='lat' dir='ltr'><strong>redundat,</strong></span> 
     </span>
    </p>
   </div>
   <div class='ocr_carea' id='block_1_26' title="bbox 1941 1041 3522 1111">
    <p class='ocr_par' dir='ltr' id='par_1_26' title="bbox 1941 1041 3522 1111">
     <span class='ocr_line' id='line_1_26' title="bbox 1941 1041 3522 1111; baseline -0.003 -13"><span class='ocrx_word' id='word_1_174' title='bbox 1941 1043 2335 1099; x_wconf 81' lang='lat' dir='ltr'><strong>aﬂirmantibus</strong></span> <span class='ocrx_word' id='word_1_175' title='bbox 2378 1045 2560 1108; x_wconf 87' lang='lat' dir='ltr'><strong>nobis,</strong></span> <span class='ocrx_word' id='word_1_176' title='bbox 2598 1045 2765 1099; x_wconf 89' lang='lat' dir='ltr'><strong>Deum</strong></span> <span class='ocrx_word' id='word_1_177' title='bbox 2802 1059 2991 1100; x_wconf 87' lang='lat' dir='ltr'><strong>revera</strong></span> <span class='ocrx_word' id='word_1_178' title='bbox 3031 1059 3170 1111; x_wconf 89' lang='lat' dir='ltr'><strong>esse,</strong></span> <span class='ocrx_word' id='word_1_179' title='bbox 3215 1051 3269 1098; x_wconf 91' lang='lat' dir='ltr'><strong>et</strong></span> <span class='ocrx_word' id='word_1_180' title='bbox 3297 1041 3522 1096; x_wconf 88' lang='lat' dir='ltr'><strong>relatio-</strong></span> 
     </span>
    </p>
   </div>
   <div class='ocr_carea' id='block_1_27' title="bbox 1942 1131 3538 1192">
    <p class='ocr_par' dir='ltr' id='par_1_27' title="bbox 1942 1131 3538 1192">
     <span class='ocr_line' id='line_1_27' title="bbox 1942 1131 3538 1192; baseline -0.003 -3"><span class='ocrx_word' id='word_1_181' title='bbox 1942 1151 2065 1190; x_wconf 89' lang='lat' dir='ltr'><strong>nem</strong></span> <span class='ocrx_word' id='word_1_182' title='bbox 2120 1152 2242 1192; x_wconf 91' lang='lat' dir='ltr'><strong>cum</strong></span> <span class='ocrx_word' id='word_1_183' title='bbox 2276 1136 2508 1191; x_wconf 92' lang='lat' dir='ltr'><strong>Domino</strong></span> <span class='ocrx_word' id='word_1_184' title='bbox 2551 1152 2578 1190; x_wconf 92' lang='lat' dir='ltr'><strong>a</strong></span> <span class='ocrx_word' id='word_1_185' title='bbox 2624 1136 2779 1192; x_wconf 90' lang='lat' dir='ltr'><strong>nobis</strong></span> <span class='ocrx_word' id='word_1_186' title='bbox 2815 1136 3140 1192; x_wconf 91' lang='lat' dir='ltr'><strong>incolumem</strong></span> <span class='ocrx_word' id='word_1_187' title='bbox 3181 1131 3538 1190; x_wconf 68' lang='lat' dir='ltr'><strong>eonservari.’</strong></span> 
     </span>
    </p>
   </div>
   <div class='ocr_carea' id='block_1_28' title="bbox 1945 1226 3523 1298">
    <p class='ocr_par' dir='ltr' id='par_1_28' title="bbox 1945 1226 3523 1298">
     <span class='ocr_line' id='line_1_28' title="bbox 1945 1226 3523 1298; baseline -0.001 -16"><span class='ocrx_word' id='word_1_188' title='bbox 1945 1228 2206 1283; x_wconf 86' lang='lat' dir='ltr'><strong>Similiter</strong></span> <span class='ocrx_word' id='word_1_189' title='bbox 2234 1229 2570 1298; x_wconf 89' lang='lat' dir='ltr'><strong>reliquorum</strong></span> <span class='ocrx_word' id='word_1_190' title='bbox 2591 1237 2983 1297; x_wconf 67' lang='lat' dir='ltr'><strong>praeceptorum</strong></span> <span class='ocrx_word' id='word_1_191' title='bbox 3009 1228 3332 1283; x_wconf 88' lang='lat' dir='ltr'><strong>violationes</strong></span> <span class='ocrx_word' id='word_1_192' title='bbox 3363 1226 3523 1281; x_wconf 79' lang='lat' dir='ltr'><strong>nobis</strong></span> 
     </span>
    </p>
   </div>
   <div class='ocr_carea' id='block_1_29' title="bbox 1943 1320 3522 1390">
    <p class='ocr_par' dir='ltr' id='par_1_29' title="bbox 1943 1320 3522 1390">
     <span class='ocr_line' id='line_1_29' title="bbox 1943 1320 3522 1390; baseline -0.003 -16"><span class='ocrx_word' id='word_1_193' title='bbox 1943 1321 2164 1390; x_wconf 89' lang='lat' dir='ltr'><strong>quidem</strong></span> <span class='ocrx_word' id='word_1_194' title='bbox 2208 1321 2461 1376; x_wconf 78' lang='lat' dir='ltr'><strong>exitiales</strong></span> <span class='ocrx_word' id='word_1_195' title='bbox 2503 1329 2652 1386; x_wconf 84' lang='lat' dir='ltr'><strong>sunt,</strong></span> <span class='ocrx_word' id='word_1_196' title='bbox 2689 1322 2783 1376; x_wconf 88' lang='lat' dir='ltr'><strong>sed</strong></span> <span class='ocrx_word' id='word_1_197' title='bbox 2816 1321 2984 1376; x_wconf 89' lang='lat' dir='ltr'><strong>divini</strong></span> <span class='ocrx_word' id='word_1_198' title='bbox 3031 1320 3262 1374; x_wconf 90' lang='lat' dir='ltr'><strong>dominii</strong></span> <span class='ocrx_word' id='word_1_199' title='bbox 3302 1320 3522 1390; x_wconf 80' lang='lat' dir='ltr'><strong>negatio</strong></span> 
     </span>
    </p>
   </div>
   <div class='ocr_carea' id='block_1_30' title="bbox 1943 1412 3523 1484">
    <p class='ocr_par' dir='ltr' id='par_1_30' title="bbox 1943 1412 3523 1484">
     <span class='ocr_line' id='line_1_30' title="bbox 1943 1412 3523 1484; baseline -0.002 -16"><span class='ocrx_word' id='word_1_200' title='bbox 1943 1413 2044 1484; x_wconf 89' lang='lat' dir='ltr'><strong>ipsi</strong></span> <span class='ocrx_word' id='word_1_201' title='bbox 2078 1413 2306 1468; x_wconf 90' lang='lat' dir='ltr'><strong>Domino</strong></span> <span class='ocrx_word' id='word_1_202' title='bbox 2337 1414 2727 1468; x_wconf 85' lang='lat' dir='ltr'><strong>contumeliam</strong></span> <span class='ocrx_word' id='word_1_203' title='bbox 2761 1413 2906 1468; x_wconf 80' lang='lat' dir='ltr'><strong>facit.</strong></span> <span class='ocrx_word' id='word_1_204' title='bbox 2945 1412 3305 1479; x_wconf 86' lang='lat' dir='ltr'><strong>Quandonam</strong></span> <span class='ocrx_word' id='word_1_205' title='bbox 3340 1412 3523 1480; x_wconf 89' lang='lat' dir='ltr'><strong>itaque</strong></span> 
     </span>
    </p>
   </div>
   <div class='ocr_carea' id='block_1_31' title="bbox 1942 1507 3523 1580">
    <p class='ocr_par' dir='ltr' id='par_1_31' title="bbox 1942 1507 3523 1580">
     <span class='ocr_line' id='line_1_31' title="bbox 1942 1507 3523 1580; baseline -0.001 -19"><span class='ocrx_word' id='word_1_206' title='bbox 1942 1510 2163 1580; x_wconf 78' lang='lat' dir='ltr'><strong>gravius</strong></span> <span class='ocrx_word' id='word_1_207' title='bbox 2196 1510 2353 1566; x_wconf 91' lang='lat' dir='ltr'><strong>nobis</strong></span> <span class='ocrx_word' id='word_1_208' title='bbox 2383 1511 2651 1566; x_wconf 84' lang='lat' dir='ltr'><strong>irascetur</strong></span> <span class='ocrx_word' id='word_1_209' title='bbox 2682 1509 2827 1565; x_wconf 85' lang='lat' dir='ltr'><strong>Deus</strong></span> <span class='ocrx_word' id='word_1_210' title='bbox 2851 1511 2874 1564; x_wconf 83' lang='lat'><strong>?</strong></span> <span class='ocrx_word' id='word_1_211' title='bbox 2896 1509 3102 1578; x_wconf 83' lang='lat' dir='ltr'><strong>Nempe</strong></span> <span class='ocrx_word' id='word_1_212' title='bbox 3128 1523 3252 1563; x_wconf 83' lang='lat' dir='ltr'><strong>cum</strong></span> <span class='ocrx_word' id='word_1_213' title='bbox 3285 1507 3330 1562; x_wconf 88' lang='lat' dir='ltr'><strong>is</strong></span> <span class='ocrx_word' id='word_1_214' title='bbox 3361 1523 3391 1562; x_wconf 89' lang='lat' dir='ltr'><strong>a</strong></span> <span class='ocrx_word' id='word_1_215' title='bbox 3421 1521 3523 1560; x_wconf 81' lang='lat' dir='ltr'><strong>no-</strong></span> 
     </span>
    </p>
   </div>
   <div class='ocr_carea' id='block_1_32' title="bbox 1941 1597 3522 1673">
    <p class='ocr_par' dir='ltr' id='par_1_32' title="bbox 1941 1597 3522 1673">
     <span class='ocr_line' id='line_1_32' title="bbox 1941 1597 3522 1673; baseline -0.004 -17"><span class='ocrx_word' id='word_1_216' title='bbox 1941 1601 2027 1658; x_wconf 89' lang='lat' dir='ltr'><strong>bis</strong></span> <span class='ocrx_word' id='word_1_217' title='bbox 2070 1602 2378 1673; x_wconf 76' lang='lat' dir='ltr'><strong>negabitur,</strong></span> <span class='ocrx_word' id='word_1_218' title='bbox 2411 1612 2470 1658; x_wconf 90' lang='lat' dir='ltr'><strong>ut</strong></span> <span class='ocrx_word' id='word_1_219' title='bbox 2505 1618 2696 1658; x_wconf 90' lang='lat' dir='ltr'><strong>omnes</strong></span> <span class='ocrx_word' id='word_1_220' title='bbox 2726 1602 2923 1658; x_wconf 88' lang='lat' dir='ltr'><strong>sciunt.</strong></span> <span class='ocrx_word' id='word_1_221' title='bbox 2961 1599 3112 1655; x_wconf 81' lang='lat' dir='ltr'><strong>Hanc</strong></span> <span class='ocrx_word' id='word_1_222' title='bbox 3137 1615 3284 1655; x_wconf 89' lang='lat' dir='ltr'><strong>nunc</strong></span> <span class='ocrx_word' id='word_1_223' title='bbox 3315 1599 3382 1654; x_wconf 90' lang='lat' dir='ltr'><strong>de</strong></span> <span class='ocrx_word' id='word_1_224' title='bbox 3413 1597 3522 1652; x_wconf 90' lang='lat' dir='ltr'><strong>Deo</strong></span> 
     </span>
    </p>
   </div>
   <div class='ocr_carea' id='block_1_33' title="bbox 1942 1690 3522 1758">
    <p class='ocr_par' dir='ltr' id='par_1_33' title="bbox 1942 1690 3522 1758">
     <span class='ocr_line' id='line_1_33' title="bbox 1942 1690 3522 1758; baseline -0.004 -10"><span class='ocrx_word' id='word_1_225' title='bbox 1942 1693 2244 1748; x_wconf 82' lang='lat' dir='ltr'><strong>doctrinam</strong></span> <span class='ocrx_word' id='word_1_226' title='bbox 2290 1694 2434 1749; x_wconf 91' lang='lat' dir='ltr'><strong>circa</strong></span> <span class='ocrx_word' id='word_1_227' title='bbox 2474 1694 2843 1748; x_wconf 87' lang='lat' dir='ltr'><strong>Abrahamum</strong></span> <span class='ocrx_word' id='word_1_228' title='bbox 2888 1708 2952 1747; x_wconf 90' lang='lat' dir='ltr'><strong>ac</strong></span> <span class='ocrx_word' id='word_1_229' title='bbox 2986 1690 3360 1747; x_wconf 85' lang='lat' dir='ltr'><strong>Mobamedem</strong></span> <span class='ocrx_word' id='word_1_230' title='bbox 3401 1703 3522 1758; x_wconf 85' lang='lat' dir='ltr'><strong>per.-</strong></span> 
     </span>
    </p>
   </div>
   <div class='ocr_carea' id='block_1_34' title="bbox 250 1756 1831 1845">
    <p class='ocr_par' dir='ltr' id='par_1_34' title="bbox 250 1769 1831 1845">
     <span class='ocr_line' id='line_1_34' title="bbox 250 1769 1831 1845; baseline 0.008 -23"><span class='ocrx_word' id='word_1_231' title='bbox 250 1770 640 1842; x_wconf 84' lang='grc' dir='ltr'>ἀθετούμενος,</span> <span class='ocrx_word' id='word_1_232' title='bbox 672 1769 849 1845; x_wconf 74' lang='grc' dir='ltr'>οἶμαι,</span> <span class='ocrx_word' id='word_1_233' title='bbox 878 1776 906 1830; x_wconf 85' lang='grc' dir='ltr'>ὃ</span> <span class='ocrx_word' id='word_1_234' title='bbox 939 1777 1143 1840; x_wconf 84' lang='grc' dir='ltr'>πάντες</span> <span class='ocrx_word' id='word_1_235' title='bbox 1174 1777 1345 1832; x_wconf 75' lang='grc' dir='ltr'>ἴσασι.</span> <span class='ocrx_word' id='word_1_236' title='bbox 1397 1780 1597 1834; x_wconf 88' lang='grc' dir='ltr'>Τοῦτον</span> <span class='ocrx_word' id='word_1_237' title='bbox 1624 1779 1718 1833; x_wconf 80' lang='grc' dir='ltr'><strong>οὖν</strong></span> <span class='ocrx_word' id='word_1_238' title='bbox 1747 1780 1831 1834; x_wconf 77' lang='grc' dir='ltr'><strong>τὸν</strong></span> 
     </span>
    </p>
   </div>
   <div class='ocr_carea' id='block_1_35' title="bbox 1937 1756 3524 1845">
    <p class='ocr_par' dir='ltr' id='par_1_35' title="bbox 1946 1756 3524 1842">
     <span class='ocr_line' id='line_1_35' title="bbox 1946 1756 3524 1842; baseline -0.003 -2"><span class='ocrx_word' id='word_1_239' title='bbox 1946 1793 2261 1841; x_wconf 88' lang='lat' dir='ltr'><strong>tractemus.</strong></span> <span class='ocrx_word' id='word_1_240' title='bbox 2316 1787 2461 1840; x_wconf 83' lang='lat' dir='ltr'><strong>Dixit</strong></span> <span class='ocrx_word' id='word_1_241' title='bbox 2495 1785 2637 1842; x_wconf 88' lang='lat' dir='ltr'><strong>Deus</strong></span> <span class='ocrx_word' id='word_1_242' title='bbox 2687 1786 2996 1842; x_wconf 85' lang='lat' dir='ltr'><strong>Abrahamo</strong></span> <span class='ocrx_word' id='word_1_243' title='bbox 3029 1801 3044 1840; x_wconf 90' lang='lat'><strong>:</strong></span> <span class='ocrx_word' id='word_1_244' title='bbox 3081 1804 3099 1836; x_wconf 87' lang='grc'><strong><em>‹</em></strong></span> <span class='ocrx_word' id='word_1_245' title='bbox 3134 1756 3524 1839; x_wconf 78' lang='lat' dir='ltr'><strong>Circumcidite</strong></span> 
     </span>
    </p>
   </div>
   <div class='ocr_carea' id='block_1_36' title="bbox 250 1860 1837 1943">
    <p class='ocr_par' dir='ltr' id='par_1_36' title="bbox 250 1860 1837 1943">
     <span class='ocr_line' id='line_1_36' title="bbox 250 1860 1837 1943; baseline 0.008 -30"><span class='ocrx_word' id='word_1_246' title='bbox 250 1860 414 1931; x_wconf 79' lang='grc' dir='ltr'>λόγον</span> <span class='ocrx_word' id='word_1_247' title='bbox 444 1865 538 1919; x_wconf 86' lang='grc' dir='ltr'><strong>ἐπί</strong></span> <span class='ocrx_word' id='word_1_248' title='bbox 567 1885 626 1920; x_wconf 88' lang='grc' dir='ltr'><strong>τε</strong></span> <span class='ocrx_word' id='word_1_249' title='bbox 673 1868 928 1940; x_wconf 80' lang='grc' dir='ltr'>Ἀϐραὰμ</span> <span class='ocrx_word' id='word_1_250' title='bbox 986 1871 1083 1924; x_wconf 82' lang='grc' dir='ltr'>καὶ</span> <span class='ocrx_word' id='word_1_251' title='bbox 1111 1871 1355 1942; x_wconf 88' lang='grc' dir='ltr'>Μωάμετ</span> <span class='ocrx_word' id='word_1_252' title='bbox 1406 1872 1536 1943; x_wconf 83' lang='grc' dir='ltr'><strong>περί</strong></span> <span class='ocrx_word' id='word_1_253' title='bbox 1564 1872 1698 1928; x_wconf 83' lang='grc' dir='ltr'>Θεοῦ</span> <span class='ocrx_word' id='word_1_254' title='bbox 1738 1890 1837 1941; x_wconf 80' lang='grc' dir='ltr'><strong>γυ-</strong></span> 
     </span>
    </p>
   </div>
   <div class='ocr_carea' id='block_1_37' title="bbox 254 1955 1836 2038">
    <p class='ocr_par' dir='ltr' id='par_1_37' title="bbox 254 1955 1836 2038">
     <span class='ocr_line' id='line_1_37' title="bbox 254 1955 1836 2038; baseline 0.007 -31"><span class='ocrx_word' id='word_1_255' title='bbox 254 1958 564 2028; x_wconf 81' lang='grc' dir='ltr'>μνάσομεν.</span> <span class='ocrx_word' id='word_1_256' title='bbox 586 1955 752 2015; x_wconf 79' lang='grc' dir='ltr'>Εἶπεν</span> <span class='ocrx_word' id='word_1_257' title='bbox 787 1963 815 2016; x_wconf 86' lang='grc' dir='ltr'><strong>ό</strong></span> <span class='ocrx_word' id='word_1_258' title='bbox 836 1961 970 2027; x_wconf 85' lang='grc' dir='ltr'>Θεὸς</span> <span class='ocrx_word' id='word_1_259' title='bbox 993 1961 1070 2034; x_wconf 83' lang='grc' dir='ltr'>τῷ</span> <span class='ocrx_word' id='word_1_260' title='bbox 1085 1964 1337 2034; x_wconf 82' lang='grc' dir='ltr'>Ἀϐραάμ</span> <span class='ocrx_word' id='word_1_261' title='bbox 1355 1982 1368 1995; x_wconf 92' lang='grc'><strong>·</strong></span> <span class='ocrx_word' id='word_1_262' title='bbox 1403 1983 1422 2016; x_wconf 81' lang='grc' dir='ltr'><strong>ι</strong></span> <span class='ocrx_word' id='word_1_263' title='bbox 1443 1965 1836 2038; x_wconf 84' lang='grc' dir='ltr'>Περιτεμεῖσθε</span> 
     </span>
    </p>
   </div>
   <div class='ocr_carea' id='block_1_38' title="bbox 249 2046 1838 2127">
    <p class='ocr_par' dir='ltr' id='par_1_38' title="bbox 249 2046 1838 2127">
     <span class='ocr_line' id='line_1_38' title="bbox 249 2046 1838 2127; baseline 0.007 -28"><span class='ocrx_word' id='word_1_264' title='bbox 249 2046 356 2119; x_wconf 76' lang='grc' dir='ltr'>τὴν</span> <span class='ocrx_word' id='word_1_265' title='bbox 381 2051 756 2122; x_wconf 88' lang='grc' dir='ltr'>ἀκροϐυστίαν</span> <span class='ocrx_word' id='word_1_266' title='bbox 797 2056 897 2126; x_wconf 88' lang='grc' dir='ltr'><strong>τῆς</strong></span> <span class='ocrx_word' id='word_1_267' title='bbox 933 2057 1136 2127; x_wconf 85' lang='grc' dir='ltr'>σαρκὸς</span> <span class='ocrx_word' id='word_1_268' title='bbox 1169 2057 1358 2126; x_wconf 83' lang='grc' dir='ltr'>ὑμῶν·</span> <span class='ocrx_word' id='word_1_269' title='bbox 1400 2076 1418 2108; x_wconf 73' lang='grc' dir='ltr'><strong>ι</strong></span> <span class='ocrx_word' id='word_1_270' title='bbox 1479 2059 1626 2110; x_wconf 89' lang='grc' dir='ltr'>ποιεῖ</span> <span class='ocrx_word' id='word_1_271' title='bbox 1681 2057 1838 2110; x_wconf 89' lang='grc' dir='ltr'>τοῦτο</span> 
     </span>
    </p>
   </div>
   <div class='ocr_carea' id='block_1_39' title="bbox 251 2143 1840 2221">
    <p class='ocr_par' dir='ltr' id='par_1_39' title="bbox 251 2143 1840 2221">
     <span class='ocr_line' id='line_1_39' title="bbox 251 2143 1840 2221; baseline 0.006 -28"><span class='ocrx_word' id='word_1_272' title='bbox 251 2143 347 2194; x_wconf 75' lang='grc' dir='ltr'><strong>καὶ</strong></span> <span class='ocrx_word' id='word_1_273' title='bbox 371 2144 642 2216; x_wconf 81' lang='grc' dir='ltr'>Μωάμετ.</span> <span class='ocrx_word' id='word_1_274' title='bbox 687 2143 856 2202; x_wconf 75' lang='grc' dir='ltr'>Εἶπεν</span> <span class='ocrx_word' id='word_1_275' title='bbox 896 2149 925 2202; x_wconf 84' lang='grc' dir='ltr'><strong>ὁ</strong></span> <span class='ocrx_word' id='word_1_276' title='bbox 975 2148 1108 2214; x_wconf 87' lang='grc' dir='ltr'>Θεὸς</span> <span class='ocrx_word' id='word_1_277' title='bbox 1151 2149 1228 2221; x_wconf 85' lang='grc' dir='ltr'>τῷ</span> <span class='ocrx_word' id='word_1_278' title='bbox 1262 2150 1540 2220; x_wconf 74' lang='grc' dir='ltr'>Ἁϐραάμ·</span> <span class='ocrx_word' id='word_1_279' title='bbox 1581 2169 1600 2202; x_wconf 73' lang='grc' dir='ltr'><strong>ι</strong></span> <span class='ocrx_word' id='word_1_280' title='bbox 1637 2150 1712 2204; x_wconf 86' lang='grc' dir='ltr'><strong>Οὐ</strong></span> <span class='ocrx_word' id='word_1_281' title='bbox 1744 2150 1840 2203; x_wconf 87' lang='grc' dir='ltr'>λα-</span> 
     </span>
    </p>
   </div>
   <div class='ocr_carea' id='block_1_40' title="bbox 251 2234 1832 2312">
    <p class='ocr_par' dir='ltr' id='par_1_40' title="bbox 251 2234 1832 2312">
     <span class='ocr_line' id='line_1_40' title="bbox 251 2234 1832 2312; baseline 0.004 -26"><span class='ocrx_word' id='word_1_282' title='bbox 251 2234 510 2304; x_wconf 85' lang='grc' dir='ltr'>τρεύσεις</span> <span class='ocrx_word' id='word_1_283' title='bbox 545 2237 665 2308; x_wconf 86' lang='grc' dir='ltr'>Θεῷ</span> <span class='ocrx_word' id='word_1_284' title='bbox 699 2239 892 2311; x_wconf 79' lang='grc' dir='ltr'>ἑτέρῳ,</span> <span class='ocrx_word' id='word_1_285' title='bbox 931 2239 1071 2312; x_wconf 79' lang='grc' dir='ltr'>πλὴν</span> <span class='ocrx_word' id='word_1_286' title='bbox 1100 2239 1308 2312; x_wconf 80' lang='grc' dir='ltr'>Κυρίου</span> <span class='ocrx_word' id='word_1_287' title='bbox 1353 2240 1445 2293; x_wconf 84' lang='grc' dir='ltr'><strong>τοῦ</strong></span> <span class='ocrx_word' id='word_1_288' title='bbox 1487 2239 1623 2294; x_wconf 83' lang='grc' dir='ltr'>Θεοῦ</span> <span class='ocrx_word' id='word_1_289' title='bbox 1660 2257 1782 2293; x_wconf 90' lang='grc' dir='ltr'>σου·</span> <span class='ocrx_word' id='word_1_290' title='bbox 1813 2260 1832 2293; x_wconf 75' lang='grc' dir='ltr'><strong>ι</strong></span> 
     </span>
    </p>
   </div>
   <div class='ocr_carea' id='block_1_41' title="bbox 253 2325 1837 2404">
    <p class='ocr_par' dir='ltr' id='par_1_41' title="bbox 253 2325 1837 2404">
     <span class='ocr_line' id='line_1_41' title="bbox 253 2325 1837 2404; baseline 0.006 -27"><span class='ocrx_word' id='word_1_291' title='bbox 253 2325 414 2380; x_wconf 87' lang='grc' dir='ltr'>τοῦτο</span> <span class='ocrx_word' id='word_1_292' title='bbox 441 2328 669 2400; x_wconf 83' lang='grc' dir='ltr'>ποιῆσαι</span> <span class='ocrx_word' id='word_1_293' title='bbox 700 2332 947 2400; x_wconf 84' lang='grc' dir='ltr'>Μωάμετ</span> <span class='ocrx_word' id='word_1_294' title='bbox 973 2332 1072 2386; x_wconf 88' lang='grc' dir='ltr'><strong>ούκ</strong></span> <span class='ocrx_word' id='word_1_295' title='bbox 1096 2333 1348 2402; x_wconf 79' lang='grc' dir='ltr'>ἀνέχεται</span> <span class='ocrx_word' id='word_1_296' title='bbox 1371 2349 1385 2364; x_wconf 85' lang='grc'><strong>·</strong></span> <span class='ocrx_word' id='word_1_297' title='bbox 1409 2334 1707 2402; x_wconf 84' lang='grc' dir='ltr'>προσκυνεῖ</span> <span class='ocrx_word' id='word_1_298' title='bbox 1729 2333 1837 2404; x_wconf 82' lang='grc' dir='ltr'><strong>γάρ</strong></span> 
     </span>
    </p>
   </div>
   <div class='ocr_carea' id='block_1_42' title="bbox 255 2420 1836 2497">
    <p class='ocr_par' dir='ltr' id='par_1_42' title="bbox 255 2420 1836 2497">
     <span class='ocr_line' id='line_1_42' title="bbox 255 2420 1836 2497; baseline 0.004 -25"><span class='ocrx_word' id='word_1_299' title='bbox 255 2420 330 2489; x_wconf 81' lang='grc' dir='ltr'><strong>τῷ</strong></span> <span class='ocrx_word' id='word_1_300' title='bbox 351 2421 580 2493; x_wconf 69' lang='grc' dir='ltr'>Χουϐἀρ</span> <span class='ocrx_word' id='word_1_301' title='bbox 609 2422 812 2495; x_wconf 83' lang='grc' dir='ltr'>εἰδώλῳ</span> <span class='ocrx_word' id='word_1_302' title='bbox 840 2423 954 2478; x_wconf 81' lang='grc' dir='ltr'>δντι</span> <span class='ocrx_word' id='word_1_303' title='bbox 989 2425 1342 2496; x_wconf 80' lang='grc' dir='ltr'>ἀρχαιοτάτῳ</span> <span class='ocrx_word' id='word_1_304' title='bbox 1374 2426 1502 2496; x_wconf 85' lang='grc' dir='ltr'><strong>περί</strong></span> <span class='ocrx_word' id='word_1_305' title='bbox 1524 2426 1622 2495; x_wconf 84' lang='grc' dir='ltr'><strong>τὴν</strong></span> <span class='ocrx_word' id='word_1_306' title='bbox 1645 2426 1836 2497; x_wconf 83' lang='grc' dir='ltr'>Ἐθρι-</span> 
     </span>
    </p>
   </div>
   <div class='ocr_carea' id='block_1_43' title="bbox 255 2511 1838 2588">
    <p class='ocr_par' dir='ltr' id='par_1_43' title="bbox 255 2511 1838 2588">
     <span class='ocr_line' id='line_1_43' title="bbox 255 2511 1838 2588; baseline 0.004 -25"><span class='ocrx_word' id='word_1_307' title='bbox 255 2511 608 2584; x_wconf 80' lang='grc' dir='ltr'>ϐονέρημον,</span> <span class='ocrx_word' id='word_1_308' title='bbox 646 2517 740 2570; x_wconf 80' lang='grc' dir='ltr'><strong>καὶ</strong></span> <span class='ocrx_word' id='word_1_309' title='bbox 779 2515 858 2587; x_wconf 85' lang='grc' dir='ltr'>τῷ</span> <span class='ocrx_word' id='word_1_310' title='bbox 902 2517 1106 2587; x_wconf 82' lang='grc' dir='ltr'>Μάκαχ</span> <span class='ocrx_word' id='word_1_311' title='bbox 1135 2556 1150 2580; x_wconf 88' lang='grc'><strong>,</strong></span> <span class='ocrx_word' id='word_1_312' title='bbox 1187 2518 1324 2588; x_wconf 86' lang='grc' dir='ltr'>ὅπερ</span> <span class='ocrx_word' id='word_1_313' title='bbox 1357 2519 1523 2587; x_wconf 67' lang='grc' dir='ltr'>φασὶν</span> <span class='ocrx_word' id='word_1_314' title='bbox 1550 2518 1631 2580; x_wconf 85' lang='grc' dir='ltr'><strong>εἰς</strong></span> <span class='ocrx_word' id='word_1_315' title='bbox 1665 2516 1838 2570; x_wconf 84' lang='grc' dir='ltr'>τύπον</span> 
     </span>
    </p>
   </div>
   <div class='ocr_carea' id='block_1_44' title="bbox 253 2604 1837 2681">
    <p class='ocr_par' dir='ltr' id='par_1_44' title="bbox 253 2604 1837 2681">
     <span class='ocr_line' id='line_1_44' title="bbox 253 2604 1837 2681; baseline 0.003 -23"><span class='ocrx_word' id='word_1_316' title='bbox 253 2604 352 2674; x_wconf 87' lang='grc' dir='ltr'><strong>τῆς</strong></span> <span class='ocrx_word' id='word_1_317' title='bbox 396 2606 720 2680; x_wconf 75' lang='grc' dir='ltr'>’Δφροδίτης</span> <span class='ocrx_word' id='word_1_318' title='bbox 750 2609 1152 2681; x_wconf 80' lang='grc' dir='ltr'>διαγεγράφθαι</span> <span class='ocrx_word' id='word_1_319' title='bbox 1183 2609 1333 2680; x_wconf 88' lang='lat'><strong>(97).</strong></span> <span class='ocrx_word' id='word_1_320' title='bbox 1383 2611 1459 2663; x_wconf 84' lang='grc' dir='ltr'><strong>Οὐ</strong></span> <span class='ocrx_word' id='word_1_321' title='bbox 1491 2609 1712 2664; x_wconf 85' lang='grc' dir='ltr'>δύναται</span> <span class='ocrx_word' id='word_1_322' title='bbox 1743 2609 1837 2663; x_wconf 78' lang='grc' dir='ltr'><strong>οὖν</strong></span> 
     </span>
    </p>
   </div>
   <div class='ocr_carea' id='block_1_45' title="bbox 255 2697 1834 2774">
    <p class='ocr_par' dir='ltr' id='par_1_45' title="bbox 255 2697 1834 2774">
     <span class='ocr_line' id='line_1_45' title="bbox 255 2697 1834 2774; baseline 0.005 -26"><span class='ocrx_word' id='word_1_323' title='bbox 255 2697 385 2751; x_wconf 87' lang='grc' dir='ltr'>Θεὸν</span> <span class='ocrx_word' id='word_1_324' title='bbox 415 2697 612 2753; x_wconf 78' lang='grc' dir='ltr'>ἑαυτοῦ</span> <span class='ocrx_word' id='word_1_325' title='bbox 646 2701 790 2773; x_wconf 79' lang='grc' dir='ltr'>ἔχειν</span> <span class='ocrx_word' id='word_1_326' title='bbox 828 2705 854 2757; x_wconf 86' lang='grc' dir='ltr'><strong>ὁ</strong></span> <span class='ocrx_word' id='word_1_327' title='bbox 884 2703 1131 2774; x_wconf 81' lang='grc' dir='ltr'>Μωάμετ</span> <span class='ocrx_word' id='word_1_328' title='bbox 1171 2703 1262 2757; x_wconf 90' lang='grc' dir='ltr'><strong>τὸν</strong></span> <span class='ocrx_word' id='word_1_329' title='bbox 1293 2701 1428 2756; x_wconf 83' lang='grc' dir='ltr'>Θεὸν</span> <span class='ocrx_word' id='word_1_330' title='bbox 1477 2703 1755 2774; x_wconf 75' lang='grc' dir='ltr'>Ἀϐραὰμ,</span> <span class='ocrx_word' id='word_1_331' title='bbox 1785 2704 1834 2756; x_wconf 88' lang='grc' dir='ltr'><strong>εἰ</strong></span> 
     </span>
    </p>
   </div>
   <div class='ocr_carea' id='block_1_46' title="bbox 259 2787 1837 2865">
    <p class='ocr_par' dir='ltr' id='par_1_46' title="bbox 259 2787 1837 2865">
     <span class='ocr_line' id='line_1_46' title="bbox 259 2787 1837 2865; baseline 0.005 -26"><span class='ocrx_word' id='word_1_332' title='bbox 259 2787 353 2841; x_wconf 75' lang='grc' dir='ltr'>καὶ</span> <span class='ocrx_word' id='word_1_333' title='bbox 377 2787 647 2859; x_wconf 87' lang='grc' dir='ltr'>σύμϐολον</span> <span class='ocrx_word' id='word_1_334' title='bbox 693 2793 915 2863; x_wconf 74' lang='grc' dir='ltr'>ἐντολῆς</span> <span class='ocrx_word' id='word_1_335' title='bbox 945 2791 1112 2847; x_wconf 78' lang='grc' dir='ltr'>αὑτοῦ</span> <span class='ocrx_word' id='word_1_336' title='bbox 1147 2795 1246 2865; x_wconf 80' lang='grc' dir='ltr'>τὴν</span> <span class='ocrx_word' id='word_1_337' title='bbox 1280 2793 1587 2865; x_wconf 84' lang='grc' dir='ltr'>περιτομὴν</span> <span class='ocrx_word' id='word_1_338' title='bbox 1630 2795 1837 2863; x_wconf 78' lang='grc' dir='ltr'>ἐπάγε-</span> 
     </span>
    </p>
   </div>
   <div class='ocr_carea' id='block_1_47' title="bbox 259 2879 1835 2956">
    <p class='ocr_par' dir='ltr' id='par_1_47' title="bbox 259 2879 1835 2956">
     <span class='ocr_line' id='line_1_47' title="bbox 259 2879 1835 2956; baseline 0.005 -25"><span class='ocrx_word' id='word_1_339' title='bbox 259 2894 370 2945; x_wconf 78' lang='grc' dir='ltr'>ται,</span> <span class='ocrx_word' id='word_1_340' title='bbox 400 2879 488 2934; x_wconf 81' lang='grc' dir='ltr'>διὰ</span> <span class='ocrx_word' id='word_1_341' title='bbox 516 2881 577 2935; x_wconf 89' lang='grc' dir='ltr'><strong>τὸ</strong></span> <span class='ocrx_word' id='word_1_342' title='bbox 601 2884 680 2948; x_wconf 86' lang='grc' dir='ltr'><strong>εἰς</strong></span> <span class='ocrx_word' id='word_1_343' title='bbox 703 2883 889 2954; x_wconf 77' lang='grc' dir='ltr'>ἕτερον</span> <span class='ocrx_word' id='word_1_344' title='bbox 913 2885 1103 2940; x_wconf 82' lang='grc' dir='ltr'>ἑαυτὸν</span> <span class='ocrx_word' id='word_1_345' title='bbox 1133 2886 1454 2956; x_wconf 77' lang='grc' dir='ltr'>μεθιστάναι</span> <span class='ocrx_word' id='word_1_346' title='bbox 1479 2885 1612 2940; x_wconf 85' lang='grc' dir='ltr'>Θεόν</span> <span class='ocrx_word' id='word_1_347' title='bbox 1633 2903 1646 2917; x_wconf 78' lang='grc' dir='ltr'><strong>ο</strong></span> <span class='ocrx_word' id='word_1_348' title='bbox 1672 2887 1835 2951; x_wconf 77' lang='grc' dir='ltr'>αὐτὸς</span> 
     </span>
    </p>
   </div>
   <div class='ocr_carea' id='block_1_48' title="bbox 263 2972 1835 3051">
    <p class='ocr_par' dir='ltr' id='par_1_48' title="bbox 263 2972 1835 3051">
     <span class='ocr_line' id='line_1_48' title="bbox 263 2972 1835 3051; baseline 0.005 -26"><span class='ocrx_word' id='word_1_349' title='bbox 263 2972 365 3043; x_wconf 82' lang='grc' dir='ltr'>γάρ</span> <span class='ocrx_word' id='word_1_350' title='bbox 392 2974 609 3045; x_wconf 84' lang='grc' dir='ltr'>εἰρήκει</span> <span class='ocrx_word' id='word_1_351' title='bbox 630 2990 646 3007; x_wconf 92' lang='grc'><strong>·</strong></span> <span class='ocrx_word' id='word_1_352' title='bbox 688 2995 707 3030; x_wconf 77' lang='grc' dir='ltr'><strong>ι</strong></span> <span class='ocrx_word' id='word_1_353' title='bbox 749 2978 894 3048; x_wconf 73' lang='grc' dir='ltr'>Πλὴν</span> <span class='ocrx_word' id='word_1_354' title='bbox 929 2979 1131 3050; x_wconf 81' lang='grc' dir='ltr'>Κυρίου</span> <span class='ocrx_word' id='word_1_355' title='bbox 1155 2979 1248 3032; x_wconf 87' lang='grc' dir='ltr'><strong>τοῦ</strong></span> <span class='ocrx_word' id='word_1_356' title='bbox 1283 2977 1420 3033; x_wconf 88' lang='grc' dir='ltr'>Θεοῦ</span> <span class='ocrx_word' id='word_1_357' title='bbox 1448 2996 1542 3032; x_wconf 89' lang='grc' dir='ltr'><strong>σου</strong></span> <span class='ocrx_word' id='word_1_358' title='bbox 1565 2996 1578 3009; x_wconf 93' lang='grc'><strong>·</strong></span> <span class='ocrx_word' id='word_1_359' title='bbox 1611 2999 1629 3031; x_wconf 77' lang='grc' dir='ltr'><strong><em>ι</em></strong></span> <span class='ocrx_word' id='word_1_360' title='bbox 1659 2981 1692 3050; x_wconf 88' lang='grc' dir='ltr'><strong>ἡ</strong></span> <span class='ocrx_word' id='word_1_361' title='bbox 1725 2979 1835 3051; x_wconf 79' lang='grc' dir='ltr'><strong>γὰρ</strong></span> 
     </span>
    </p>
   </div>
   <div class='ocr_carea' id='block_1_49' title="bbox 265 3067 1902 3159">
    <p class='ocr_par' dir='ltr' id='par_1_49' title="bbox 265 3067 1902 3159">
     <span class='ocr_line' id='line_1_49' title="bbox 265 3067 1902 3159; baseline 0.005 -39"><span class='ocrx_word' id='word_1_362' title='bbox 265 3067 440 3133; x_wconf 79' lang='grc' dir='ltr'>ἁπλῶς</span> <span class='ocrx_word' id='word_1_363' title='bbox 469 3071 762 3143; x_wconf 79' lang='grc' dir='ltr'>περιτομὴ,</span> <span class='ocrx_word' id='word_1_364' title='bbox 798 3075 998 3144; x_wconf 82' lang='grc' dir='ltr'>σαρκὸς</span> <span class='ocrx_word' id='word_1_365' title='bbox 1037 3075 1173 3145; x_wconf 80' lang='grc' dir='ltr'>μόνη</span> <span class='ocrx_word' id='word_1_366' title='bbox 1223 3076 1370 3128; x_wconf 79' lang='grc' dir='ltr'>ἐστὶν</span> <span class='ocrx_word' id='word_1_367' title='bbox 1417 3075 1708 3146; x_wconf 82' lang='grc' dir='ltr'>ἀφαίρεσις</span> <span class='ocrx_word' id='word_1_368' title='bbox 1737 3074 1830 3142; x_wconf 77' lang='grc' dir='ltr'><strong>τοῦ</strong></span> <span class='ocrx_word' id='word_1_369' title='bbox 1859 3099 1902 3159; x_wconf 75' lang='lat' dir='ltr'>C</span> 
     </span>
    </p>
   </div>
   <div class='ocr_carea' id='block_1_50' title="bbox 270 3163 1829 3238">
    <p class='ocr_par' dir='ltr' id='par_1_50' title="bbox 270 3163 1829 3238">
     <span class='ocr_line' id='line_1_50' title="bbox 270 3163 1829 3238; baseline 0.006 -28"><span class='ocrx_word' id='word_1_370' title='bbox 270 3163 742 3233; x_wconf 80' lang='grc' dir='ltr'>περιτεμνομένου,</span> <span class='ocrx_word' id='word_1_371' title='bbox 798 3165 914 3218; x_wconf 86' lang='grc' dir='ltr'>ἀλλ’</span> <span class='ocrx_word' id='word_1_372' title='bbox 943 3166 1043 3219; x_wconf 74' lang='grc' dir='ltr'><strong>οὐκ</strong></span> <span class='ocrx_word' id='word_1_373' title='bbox 1073 3166 1348 3234; x_wconf 79' lang='grc' dir='ltr'>ἀπόδειξις</span> <span class='ocrx_word' id='word_1_374' title='bbox 1403 3167 1502 3238; x_wconf 82' lang='grc' dir='ltr'><strong>τῆς</strong></span> <span class='ocrx_word' id='word_1_375' title='bbox 1542 3167 1684 3221; x_wconf 84' lang='grc' dir='ltr'><strong>κατά</strong></span> <span class='ocrx_word' id='word_1_376' title='bbox 1728 3167 1829 3236; x_wconf 85' lang='grc' dir='ltr'><strong>τὴν</strong></span> 
     </span>
    </p>
   </div>
   <div class='ocr_carea' id='block_1_51' title="bbox 269 3243 1831 3328">
    <p class='ocr_par' dir='ltr' id='par_1_51' title="bbox 269 3243 1831 3328">
     <span class='ocr_line' id='line_1_51' title="bbox 269 3243 1831 3328; baseline 0.008 -31"><span class='ocrx_word' id='word_1_377' title='bbox 269 3243 497 3302; x_wconf 78' lang='grc' dir='ltr'>δουλείαν</span> <span class='ocrx_word' id='word_1_378' title='bbox 540 3251 634 3305; x_wconf 74' lang='grc' dir='ltr'>καὶ</span> <span class='ocrx_word' id='word_1_379' title='bbox 682 3251 1002 3306; x_wconf 84' lang='grc' dir='ltr'>δεσποτείαν</span> <span class='ocrx_word' id='word_1_380' title='bbox 1045 3255 1318 3324; x_wconf 80' lang='grc' dir='ltr'>σχέσεως·</span> <span class='ocrx_word' id='word_1_381' title='bbox 1365 3255 1556 3328; x_wconf 84' lang='grc' dir='ltr'>ὥσπερ</span> <span class='ocrx_word' id='word_1_382' title='bbox 1595 3256 1718 3310; x_wconf 78' lang='grc' dir='ltr'>οὐδὲ</span> <span class='ocrx_word' id='word_1_383' title='bbox 1771 3256 1831 3310; x_wconf 88' lang='grc' dir='ltr'><strong>τὸ</strong></span> 
     </span>
    </p>
   </div>
   <div class='ocr_carea' id='block_1_52' title="bbox 271 3340 1831 3420">
    <p class='ocr_par' dir='ltr' id='par_1_52' title="bbox 271 3340 1831 3420">
     <span class='ocr_line' id='line_1_52' title="bbox 271 3340 1831 3420; baseline 0.008 -29"><span class='ocrx_word' id='word_1_384' title='bbox 271 3340 554 3410; x_wconf 84' lang='grc' dir='ltr'>κεχρῆσθαι</span> <span class='ocrx_word' id='word_1_385' title='bbox 578 3342 670 3397; x_wconf 88' lang='grc' dir='ltr'><strong>τὸν</strong></span> <span class='ocrx_word' id='word_1_386' title='bbox 702 3347 768 3398; x_wconf 84' lang='grc' dir='ltr'>ὲκ</span> <span class='ocrx_word' id='word_1_387' title='bbox 803 3344 898 3398; x_wconf 88' lang='grc' dir='ltr'><strong>τοῦ</strong></span> <span class='ocrx_word' id='word_1_388' title='bbox 947 3346 1131 3416; x_wconf 77' lang='grc' dir='ltr'>ἰατροῦ</span> <span class='ocrx_word' id='word_1_389' title='bbox 1165 3347 1572 3418; x_wconf 88' lang='grc' dir='ltr'>δραπετεύοντα</span> <span class='ocrx_word' id='word_1_390' title='bbox 1611 3349 1831 3420; x_wconf 82' lang='grc' dir='ltr'>οἰκέτην</span> 
     </span>
    </p>
   </div>
   <div class='ocr_carea' id='block_1_53' title="bbox 270 3430 1825 3513">
    <p class='ocr_par' dir='ltr' id='par_1_53' title="bbox 270 3430 1825 3513">
     <span class='ocr_line' id='line_1_53' title="bbox 270 3430 1825 3513; baseline 0.007 -29"><span class='ocrx_word' id='word_1_391' title='bbox 270 3430 332 3484; x_wconf 87' lang='grc' dir='ltr'><strong>τά</strong></span> <span class='ocrx_word' id='word_1_392' title='bbox 357 3433 451 3504; x_wconf 87' lang='grc' dir='ltr'>’τῆς</span> <span class='ocrx_word' id='word_1_393' title='bbox 482 3436 758 3507; x_wconf 80' lang='grc' dir='ltr'>ἰατρικῆς,</span> <span class='ocrx_word' id='word_1_394' title='bbox 802 3440 880 3502; x_wconf 87' lang='grc' dir='ltr'><strong>εἰς</strong></span> <span class='ocrx_word' id='word_1_395' title='bbox 906 3439 1094 3511; x_wconf 77' lang='grc' dir='ltr'>ἕτερον</span> <span class='ocrx_word' id='word_1_396' title='bbox 1132 3441 1598 3513; x_wconf 83' lang='grc' dir='ltr'>ἀνακεχωρηκότα</span> <span class='ocrx_word' id='word_1_397' title='bbox 1628 3442 1825 3495; x_wconf 89' lang='grc' dir='ltr'>δεσπό-</span> 
     </span>
    </p>
   </div>
   <div class='ocr_carea' id='block_1_54' title="bbox 269 3521 1828 3603">
    <p class='ocr_par' dir='ltr' id='par_1_54' title="bbox 269 3521 1828 3603">
     <span class='ocr_line' id='line_1_54' title="bbox 269 3521 1828 3603; baseline 0.009 -31"><span class='ocrx_word' id='word_1_398' title='bbox 269 3537 379 3592; x_wconf 88' lang='grc' dir='ltr'>την,</span> <span class='ocrx_word' id='word_1_399' title='bbox 407 3523 495 3577; x_wconf 88' lang='grc' dir='ltr'><strong>τοῦ</strong></span> <span class='ocrx_word' id='word_1_400' title='bbox 541 3521 683 3578; x_wconf 80' lang='grc' dir='ltr'>εἶναι</span> <span class='ocrx_word' id='word_1_401' title='bbox 732 3527 896 3582; x_wconf 77' lang='grc' dir='ltr'>αὑτὸν</span> <span class='ocrx_word' id='word_1_402' title='bbox 927 3529 1021 3582; x_wconf 84' lang='grc' dir='ltr'><strong>τοῦ</strong></span> <span class='ocrx_word' id='word_1_403' title='bbox 1065 3530 1250 3601; x_wconf 86' lang='grc' dir='ltr'>ἰατροῦ</span> <span class='ocrx_word' id='word_1_404' title='bbox 1281 3532 1500 3603; x_wconf 79' lang='grc' dir='ltr'>οἰκέτην</span> <span class='ocrx_word' id='word_1_405' title='bbox 1550 3532 1828 3597; x_wconf 82' lang='grc' dir='ltr'>ἀπόδειξις</span> 
     </span>
    </p>
   </div>
   <div class='ocr_carea' id='block_1_55' title="bbox 268 3607 1827 3694">
    <p class='ocr_par' dir='ltr' id='par_1_55' title="bbox 268 3607 1827 3694">
     <span class='ocr_line' id='line_1_55' title="bbox 268 3607 1827 3694; baseline 0.009 -30"><span class='ocrx_word' id='word_1_406' title='bbox 268 3607 364 3674; x_wconf 72' lang='grc' dir='ltr'><strong>ἦν·</strong></span> <span class='ocrx_word' id='word_1_407' title='bbox 410 3615 585 3686; x_wconf 80' lang='grc' dir='ltr'>μάτην</span> <span class='ocrx_word' id='word_1_408' title='bbox 616 3617 725 3690; x_wconf 85' lang='grc' dir='ltr'>ἄρα</span> <span class='ocrx_word' id='word_1_409' title='bbox 754 3619 877 3673; x_wconf 84' lang='grc' dir='ltr'>θεὸν</span> <span class='ocrx_word' id='word_1_410' title='bbox 908 3620 1088 3674; x_wconf 68' lang='grc' dir='ltr'>αὐτῶν</span> <span class='ocrx_word' id='word_1_411' title='bbox 1127 3622 1422 3694; x_wconf 77' lang='grc' dir='ltr'>Ἀγαρηνοὶ</span> <span class='ocrx_word' id='word_1_412' title='bbox 1468 3623 1684 3692; x_wconf 82' lang='grc' dir='ltr'>λέγουσι</span> <span class='ocrx_word' id='word_1_413' title='bbox 1733 3624 1827 3678; x_wconf 85' lang='grc' dir='ltr'><strong>τὸν</strong></span> 
     </span>
    </p>
   </div>
   <div class='ocr_carea' id='block_1_56' title="bbox 267 3707 2792 3792">
    <p class='ocr_par' dir='ltr' id='par_1_56' title="bbox 267 3707 2792 3792">
     <span class='ocr_line' id='line_1_56' title="bbox 267 3707 2792 3792; baseline 0.004 -33"><span class='ocrx_word' id='word_1_414' title='bbox 267 3707 388 3762; x_wconf 88' lang='grc' dir='ltr'>Θεὸν</span> <span class='ocrx_word' id='word_1_415' title='bbox 422 3713 512 3766; x_wconf 89' lang='grc' dir='ltr'><strong>τοῦ</strong></span> <span class='ocrx_word' id='word_1_416' title='bbox 546 3714 829 3786; x_wconf 86' lang='grc' dir='ltr'>Ἀϐραάμ·</span> <span class='ocrx_word' id='word_1_417' title='bbox 869 3717 1144 3787; x_wconf 78' lang='grc' dir='ltr'>ἐφάνησαν</span> <span class='ocrx_word' id='word_1_418' title='bbox 1188 3718 1298 3790; x_wconf 83' lang='grc' dir='ltr'><strong>γάρ</strong></span> <span class='ocrx_word' id='word_1_419' title='bbox 1345 3719 1686 3789; x_wconf 74' lang='grc' dir='ltr'>ψευδόμενοι.</span> <span class='ocrx_word' id='word_1_420' title='bbox 1742 3720 1806 3774; x_wconf 84' lang='grc' dir='ltr'>Εἰ</span> <span class='ocrx_word' id='word_1_421' title='bbox 1845 3718 1952 3791; x_wconf 83' lang='grc' dir='ltr'><strong>γὰρ</strong></span> <span class='ocrx_word' id='word_1_422' title='bbox 1995 3720 2090 3774; x_wconf 77' lang='grc' dir='ltr'><strong>καὶ</strong></span> <span class='ocrx_word' id='word_1_423' title='bbox 2117 3715 2185 3792; x_wconf 79' lang='grc' dir='ltr'>ἦν</span> <span class='ocrx_word' id='word_1_424' title='bbox 2228 3718 2411 3773; x_wconf 67' lang='grc' dir='ltr'>αύτῶν</span> <span class='ocrx_word' id='word_1_425' title='bbox 2457 3735 2587 3770; x_wconf 85' lang='grc' dir='ltr'>ποτε</span> <span class='ocrx_word' id='word_1_426' title='bbox 2635 3717 2792 3780; x_wconf 80' lang='grc' dir='ltr'>θεὸς,</span> 
     </span>
    </p>
   </div>
   <div class='ocr_carea' id='block_1_57' title="bbox 262 3807 1690 3885">
    <p class='ocr_par' dir='ltr' id='par_1_57' title="bbox 262 3807 1690 3885">
     <span class='ocr_line' id='line_1_57' title="bbox 262 3807 1690 3885; baseline 0.008 -24"><span class='ocrx_word' id='word_1_427' title='bbox 262 3807 468 3881; x_wconf 80' lang='grc' dir='ltr'>Χουϐάρ</span> <span class='ocrx_word' id='word_1_428' title='bbox 493 3811 591 3864; x_wconf 77' lang='grc' dir='ltr'>καὶ</span> <span class='ocrx_word' id='word_1_429' title='bbox 624 3811 720 3865; x_wconf 85' lang='grc' dir='ltr'><strong>τοῦ</strong></span> <span class='ocrx_word' id='word_1_430' title='bbox 743 3813 1011 3885; x_wconf 88' lang='grc' dir='ltr'>Μωάμετ,</span> <span class='ocrx_word' id='word_1_431' title='bbox 1047 3815 1146 3868; x_wconf 71' lang='grc' dir='ltr'><strong>οὐκ</strong></span> <span class='ocrx_word' id='word_1_432' title='bbox 1173 3814 1320 3869; x_wconf 77' lang='grc' dir='ltr'>ἐστιν</span> <span class='ocrx_word' id='word_1_433' title='bbox 1343 3816 1523 3871; x_wconf 82' lang='grc' dir='ltr'>αὐτῶν</span> <span class='ocrx_word' id='word_1_434' title='bbox 1547 3816 1690 3882; x_wconf 84' lang='grc' dir='ltr'>θεός.</span> 
     </span>
    </p>
   </div>
   <div class='ocr_carea' id='block_1_58' title="bbox 633 3908 1415 3978">
    <p class='ocr_par' dir='ltr' id='par_1_58' title="bbox 633 3908 1415 3978">
     <span class='ocr_line' id='line_1_58' title="bbox 633 3908 1415 3978; baseline 0.009 -15"><span class='ocrx_word' id='word_1_435' title='bbox 633 3908 762 3965; x_wconf 85' lang='grc' dir='ltr'><strong>ΚΖ’.</strong></span> <span class='ocrx_word' id='word_1_436' title='bbox 807 3911 998 3966; x_wconf 74' lang='grc' dir='ltr'><strong>Ἀλλο</strong></span> <span class='ocrx_word' id='word_1_437' title='bbox 1027 3915 1114 3978; x_wconf 81' lang='grc' dir='ltr'><strong>εἰς</strong></span> <span class='ocrx_word' id='word_1_438' title='bbox 1149 3912 1214 3967; x_wconf 82' lang='grc' dir='ltr'>τὸ</span> <span class='ocrx_word' id='word_1_439' title='bbox 1244 3916 1415 3971; x_wconf 82' lang='grc' dir='ltr'>αὐτό.</span> 
     </span>
    </p>
   </div>
   <div class='ocr_carea' id='block_1_59' title="bbox 323 3986 1828 4076">
    <p class='ocr_par' dir='ltr' id='par_1_59' title="bbox 323 3986 1828 4076">
     <span class='ocr_line' id='line_1_59' title="bbox 323 3986 1828 4076; baseline 0.003 -20"><span class='ocrx_word' id='word_1_440' title='bbox 323 3999 432 4068; x_wconf 75' lang='grc' dir='ltr'>ι,ς’.</span> <span class='ocrx_word' id='word_1_441' title='bbox 476 4002 595 4057; x_wconf 82' lang='grc' dir='ltr'><strong>Πᾶν</strong></span> <span class='ocrx_word' id='word_1_442' title='bbox 643 4002 706 4056; x_wconf 82' lang='grc' dir='ltr'><strong>τὸ</strong></span> <span class='ocrx_word' id='word_1_443' title='bbox 753 4001 812 4056; x_wconf 77' lang='grc' dir='ltr'>ὃν</span> <span class='ocrx_word' id='word_1_444' title='bbox 861 3986 1100 4075; x_wconf 71' lang='grc' dir='ltr'>ἀληθῶξ,</span> <span class='ocrx_word' id='word_1_445' title='bbox 1154 4005 1214 4070; x_wconf 79' lang='grc' dir='ltr'><strong>ἐξ</strong></span> <span class='ocrx_word' id='word_1_446' title='bbox 1261 4007 1526 4076; x_wconf 79' lang='grc' dir='ltr'>ὀνόματος</span> <span class='ocrx_word' id='word_1_447' title='bbox 1576 4007 1692 4076; x_wconf 78' lang='grc' dir='ltr'><strong>ἅμα</strong></span> <span class='ocrx_word' id='word_1_448' title='bbox 1734 4006 1828 4060; x_wconf 70' lang='grc' dir='ltr'><strong>καὶ</strong></span> 
     </span>
    </p>
   </div>
   <div class='ocr_carea' id='block_1_60' title="bbox 258 4093 1830 4168">
    <p class='ocr_par' dir='ltr' id='par_1_60' title="bbox 258 4093 1830 4168">
     <span class='ocr_line' id='line_1_60' title="bbox 258 4093 1830 4168; baseline 0.003 -22"><span class='ocrx_word' id='word_1_449' title='bbox 258 4093 572 4165; x_wconf 76' lang='grc' dir='ltr'>πράγματος</span> <span class='ocrx_word' id='word_1_450' title='bbox 602 4095 966 4166; x_wconf 74' lang='grc' dir='ltr'>γνωρίζεται·</span> <span class='ocrx_word' id='word_1_451' title='bbox 996 4097 1122 4150; x_wconf 79' lang='grc' dir='ltr'>εἰδὲ</span> <span class='ocrx_word' id='word_1_452' title='bbox 1156 4098 1418 4168; x_wconf 85' lang='grc' dir='ltr'>διαιροῖτο</span> <span class='ocrx_word' id='word_1_453' title='bbox 1458 4101 1538 4161; x_wconf 89' lang='grc' dir='ltr'><strong>εἰς</strong></span> <span class='ocrx_word' id='word_1_454' title='bbox 1587 4098 1702 4164; x_wconf 88' lang='grc' dir='ltr'>δύο,</span> <span class='ocrx_word' id='word_1_455' title='bbox 1746 4099 1830 4163; x_wconf 81' lang='grc' dir='ltr'><strong>εἰς</strong></span> 
     </span>
    </p>
   </div>
   <div class='ocr_carea' id='block_1_61' title="bbox 254 4183 1826 4260">
    <p class='ocr_par' dir='ltr' id='par_1_61' title="bbox 254 4183 1826 4260">
     <span class='ocr_line' id='line_1_61' title="bbox 254 4183 1826 4260; baseline 0.008 -28"><span class='ocrx_word' id='word_1_456' title='bbox 254 4197 313 4234; x_wconf 84' lang='grc' dir='ltr'><strong>τε</strong></span> <span class='ocrx_word' id='word_1_457' title='bbox 341 4183 504 4253; x_wconf 72' lang='grc' dir='ltr'>ὄνομα</span> <span class='ocrx_word' id='word_1_458' title='bbox 526 4184 710 4255; x_wconf 87' lang='grc' dir='ltr'>μόνον,</span> <span class='ocrx_word' id='word_1_459' title='bbox 763 4185 858 4239; x_wconf 77' lang='grc' dir='ltr'>καί.</span> <span class='ocrx_word' id='word_1_460' title='bbox 887 4189 1119 4257; x_wconf 75' lang='grc' dir='ltr'>πρᾶγμα</span> <span class='ocrx_word' id='word_1_461' title='bbox 1155 4188 1334 4257; x_wconf 87' lang='grc' dir='ltr'>μόνον,</span> <span class='ocrx_word' id='word_1_462' title='bbox 1363 4187 1562 4259; x_wconf 77' lang='grc' dir='ltr'>πλανᾷ.</span> <span class='ocrx_word' id='word_1_463' title='bbox 1615 4191 1826 4260; x_wconf 84' lang='grc' dir='ltr'>Ὀνομα</span> 
     </span>
    </p>
   </div>
   <div class='ocr_carea' id='block_1_62' title="bbox 255 4271 1827 4354">
    <p class='ocr_par' dir='ltr' id='par_1_62' title="bbox 255 4271 1827 4354">
     <span class='ocr_line' id='line_1_62' title="bbox 255 4271 1827 4354; baseline 0.006 -30"><span class='ocrx_word' id='word_1_464' title='bbox 255 4271 308 4324; x_wconf 79' lang='grc' dir='ltr'>δὲ</span> <span class='ocrx_word' id='word_1_465' title='bbox 336 4275 489 4343; x_wconf 83' lang='grc' dir='ltr'>μόνον</span> <span class='ocrx_word' id='word_1_466' title='bbox 531 4275 684 4329; x_wconf 86' lang='grc' dir='ltr'>καλῶ</span> <span class='ocrx_word' id='word_1_467' title='bbox 722 4276 783 4329; x_wconf 88' lang='grc' dir='ltr'><strong>τὸ</strong></span> <span class='ocrx_word' id='word_1_468' title='bbox 825 4275 1030 4348; x_wconf 76' lang='grc' dir='ltr'>ἔρημον</span> <span class='ocrx_word' id='word_1_469' title='bbox 1071 4277 1165 4330; x_wconf 84' lang='grc' dir='ltr'><strong>τοῦ</strong></span> <span class='ocrx_word' id='word_1_470' title='bbox 1198 4280 1399 4332; x_wconf 81' lang='grc' dir='ltr'>οἰκείου</span> <span class='ocrx_word' id='word_1_471' title='bbox 1441 4280 1658 4351; x_wconf 85' lang='grc' dir='ltr'>ἀληθῶς</span> <span class='ocrx_word' id='word_1_472' title='bbox 1685 4283 1827 4354; x_wconf 84' lang='grc' dir='ltr'>πρά-</span> 
     </span>
    </p>
   </div>
   <div class='ocr_carea' id='block_1_63' title="bbox 255 4369 1824 4442">
    <p class='ocr_par' dir='ltr' id='par_1_63' title="bbox 255 4369 1824 4442">
     <span class='ocr_line' id='line_1_63' title="bbox 255 4369 1824 4442; baseline 0.006 -24"><span class='ocrx_word' id='word_1_473' title='bbox 255 4381 485 4435; x_wconf 82' lang='grc' dir='ltr'>γματος·</span> <span class='ocrx_word' id='word_1_474' title='bbox 533 4371 768 4439; x_wconf 76' lang='grc' dir='ltr'>πρᾶγμα</span> <span class='ocrx_word' id='word_1_475' title='bbox 809 4369 865 4424; x_wconf 78' lang='grc' dir='ltr'>δὲ</span> <span class='ocrx_word' id='word_1_476' title='bbox 911 4370 1071 4440; x_wconf 90' lang='grc' dir='ltr'>μόνον</span> <span class='ocrx_word' id='word_1_477' title='bbox 1104 4371 1165 4425; x_wconf 91' lang='grc' dir='ltr'><strong>τὸ</strong></span> <span class='ocrx_word' id='word_1_478' title='bbox 1230 4371 1437 4442; x_wconf 77' lang='grc' dir='ltr'>ἔρημον</span> <span class='ocrx_word' id='word_1_479' title='bbox 1485 4373 1579 4426; x_wconf 87' lang='grc' dir='ltr'><strong>τοῦ</strong></span> <span class='ocrx_word' id='word_1_480' title='bbox 1621 4375 1824 4428; x_wconf 77' lang='grc' dir='ltr'>οἰκείου</span> 
     </span>
    </p>
   </div>
   <div class='ocr_carea' id='block_1_64' title="bbox 256 4459 1824 4547">
    <p class='ocr_par' dir='ltr' id='par_1_64' title="bbox 256 4459 1824 4547">
     <span class='ocr_line' id='line_1_64' title="bbox 256 4459 1824 4547; baseline 0.006 -37"><span class='ocrx_word' id='word_1_481' title='bbox 256 4459 465 4532; x_wconf 82' lang='grc' dir='ltr'>ἀληθῶς</span> <span class='ocrx_word' id='word_1_482' title='bbox 496 4463 585 4517; x_wconf 81' lang='grc' dir='ltr'><strong>όνό</strong></span> <span class='ocrx_word' id='word_1_483' title='bbox 595 4480 786 4532; x_wconf 87' lang='grc' dir='ltr'>ματος,</span> <span class='ocrx_word' id='word_1_484' title='bbox 809 4462 924 4517; x_wconf 86' lang='grc' dir='ltr'>ἀλλ’</span> <span class='ocrx_word' id='word_1_485' title='bbox 951 4465 1052 4517; x_wconf 84' lang='grc' dir='ltr'><strong>οὐκ</strong></span> <span class='ocrx_word' id='word_1_486' title='bbox 1078 4463 1360 4535; x_wconf 85' lang='grc' dir='ltr'>ἀνώνυμον</span> <span class='ocrx_word' id='word_1_487' title='bbox 1378 4481 1392 4495; x_wconf 78' lang='grc' dir='ltr'><strong><em>ο</em></strong></span> <span class='ocrx_word' id='word_1_488' title='bbox 1412 4465 1472 4547; x_wconf 61' lang='grc' dir='ltr'>ἐξ</span> <span class='ocrx_word' id='word_1_489' title='bbox 1495 4469 1698 4536; x_wconf 79' lang='grc' dir='ltr'>ἀμφοῖν</span> <span class='ocrx_word' id='word_1_490' title='bbox 1723 4467 1824 4538; x_wconf 83' lang='grc' dir='ltr'><strong>μὲν</strong></span> 
     </span>
    </p>
   </div>
   <div class='ocr_carea' id='block_1_65' title="bbox 1943 1873 3525 1948">
    <p class='ocr_par' dir='ltr' id='par_1_65' title="bbox 1943 1873 3525 1948">
     <span class='ocr_line' id='line_1_65' title="bbox 1943 1873 3525 1948; baseline -0.004 -17"><span class='ocrx_word' id='word_1_491' title='bbox 1943 1881 2264 1948; x_wconf 72' lang='grc' dir='ltr'>νταιριιιίιιηι</span> <span class='ocrx_word' id='word_1_492' title='bbox 2288 1878 2472 1932; x_wconf 89' lang='lat' dir='ltr'><strong>carnis</strong></span> <span class='ocrx_word' id='word_1_493' title='bbox 2491 1886 2716 1933; x_wconf 68' lang='lat' dir='ltr'><strong>vestrae:</strong></span> <span class='ocrx_word' id='word_1_494' title='bbox 2744 1895 2762 1928; x_wconf 77' lang='grc' dir='ltr'><strong>ι</strong></span> <span class='ocrx_word' id='word_1_495' title='bbox 2794 1876 2897 1931; x_wconf 88' lang='lat' dir='ltr'><strong>hoc</strong></span> <span class='ocrx_word' id='word_1_496' title='bbox 2914 1875 3041 1930; x_wconf 81' lang='lat' dir='ltr'><strong>facit</strong></span> <span class='ocrx_word' id='word_1_497' title='bbox 3059 1875 3220 1930; x_wconf 84' lang='lat' dir='ltr'><strong>etiam</strong></span> <span class='ocrx_word' id='word_1_498' title='bbox 3244 1873 3525 1926; x_wconf 76' lang='lat' dir='ltr'><strong>Mohame-</strong></span> 
     </span>
    </p>
   </div>
   <div class='ocr_carea' id='block_1_66' title="bbox 1939 1962 3520 2024">
    <p class='ocr_par' dir='ltr' id='par_1_66' title="bbox 1939 1962 3520 2024">
     <span class='ocr_line' id='line_1_66' title="bbox 1939 1962 3520 2024; baseline -0.006 0"><span class='ocrx_word' id='word_1_499' title='bbox 1939 1969 2054 2024; x_wconf 89' lang='lat' dir='ltr'><strong>des.</strong></span> <span class='ocrx_word' id='word_1_500' title='bbox 2097 1968 2244 2023; x_wconf 83' lang='lat' dir='ltr'><strong>Dixit</strong></span> <span class='ocrx_word' id='word_1_501' title='bbox 2283 1968 2426 2024; x_wconf 87' lang='lat' dir='ltr'><strong>Deus</strong></span> <span class='ocrx_word' id='word_1_502' title='bbox 2453 1969 2805 2023; x_wconf 85' lang='lat' dir='ltr'><strong>Abrahamo:</strong></span> <span class='ocrx_word' id='word_1_503' title='bbox 2848 1987 2866 2019; x_wconf 82' lang='grc' dir='ltr'><strong>ι</strong></span> <span class='ocrx_word' id='word_1_504' title='bbox 2897 1965 3017 2021; x_wconf 83' lang='grc' dir='ltr'>Νοη</span> <span class='ocrx_word' id='word_1_505' title='bbox 3065 1965 3317 2020; x_wconf 85' lang='lat' dir='ltr'><strong>adorabis</strong></span> <span class='ocrx_word' id='word_1_506' title='bbox 3350 1962 3520 2016; x_wconf 91' lang='lat' dir='ltr'><strong>Deum</strong></span> 
     </span>
    </p>
   </div>
   <div class='ocr_carea' id='block_1_67' title="bbox 1939 2056 3521 2130">
    <p class='ocr_par' dir='ltr' id='par_1_67' title="bbox 1939 2056 3521 2130">
     <span class='ocr_line' id='line_1_67' title="bbox 1939 2056 3521 2130; baseline -0.004 -16"><span class='ocrx_word' id='word_1_507' title='bbox 1939 2069 2134 2130; x_wconf 62' lang='lat' dir='ltr'><strong>praeter</strong></span> <span class='ocrx_word' id='word_1_508' title='bbox 2155 2060 2449 2116; x_wconf 90' lang='lat' dir='ltr'><strong>Dominum</strong></span> <span class='ocrx_word' id='word_1_509' title='bbox 2477 2071 2625 2115; x_wconf 90' lang='lat' dir='ltr'><strong>tuum</strong></span> <span class='ocrx_word' id='word_1_510' title='bbox 2653 2077 2666 2113; x_wconf 89' lang='lat'><strong>:</strong></span> <span class='ocrx_word' id='word_1_511' title='bbox 2692 2080 2710 2111; x_wconf 74' lang='grc' dir='ltr'><strong>ι</strong></span> <span class='ocrx_word' id='word_1_512' title='bbox 2745 2061 2847 2114; x_wconf 87' lang='grc' dir='ltr'>Ιιοε</span> <span class='ocrx_word' id='word_1_513' title='bbox 2876 2074 3034 2130; x_wconf 83' lang='lat' dir='ltr'><strong>agere</strong></span> <span class='ocrx_word' id='word_1_514' title='bbox 3056 2056 3397 2111; x_wconf 82' lang='lat' dir='ltr'><strong>Mohamedcs</strong></span> <span class='ocrx_word' id='word_1_515' title='bbox 3414 2069 3521 2108; x_wconf 92' lang='lat' dir='ltr'><strong>non</strong></span> 
     </span>
    </p>
   </div>
   <div class='ocr_carea' id='block_1_68' title="bbox 1938 2148 3520 2224">
    <p class='ocr_par' dir='ltr' id='par_1_68' title="bbox 1938 2148 3520 2224">
     <span class='ocr_line' id='line_1_68' title="bbox 1938 2148 3520 2224; baseline -0.006 -17"><span class='ocrx_word' id='word_1_516' title='bbox 1938 2154 2178 2224; x_wconf 88' lang='lat' dir='ltr'><strong>patitur;</strong></span> <span class='ocrx_word' id='word_1_517' title='bbox 2211 2153 2405 2208; x_wconf 90' lang='lat' dir='ltr'><strong>adorat</strong></span> <span class='ocrx_word' id='word_1_518' title='bbox 2432 2153 2577 2209; x_wconf 90' lang='lat' dir='ltr'><strong>enim</strong></span> <span class='ocrx_word' id='word_1_519' title='bbox 2603 2153 2806 2207; x_wconf 90' lang='lat' dir='ltr'><strong>idolum</strong></span> <span class='ocrx_word' id='word_1_520' title='bbox 2833 2151 3054 2206; x_wconf 89' lang='lat' dir='ltr'><strong>Chubar</strong></span> <span class='ocrx_word' id='word_1_521' title='bbox 3075 2148 3520 2219; x_wconf 83' lang='lat' dir='ltr'><strong>antiquissimum</strong></span> 
     </span>
    </p>
   </div>
   <div class='ocr_carea' id='block_1_69' title="bbox 1940 2235 3519 2312">
    <p class='ocr_par' dir='ltr' id='par_1_69' title="bbox 1940 2235 3519 2312">
     <span class='ocr_line' id='line_1_69' title="bbox 1940 2235 3519 2312; baseline -0.006 -14"><span class='ocrx_word' id='word_1_522' title='bbox 1940 2243 1992 2298; x_wconf 90' lang='lat' dir='ltr'><strong>in</strong></span> <span class='ocrx_word' id='word_1_523' title='bbox 2024 2244 2240 2298; x_wconf 91' lang='lat' dir='ltr'><strong>deserto</strong></span> <span class='ocrx_word' id='word_1_524' title='bbox 2272 2243 2499 2297; x_wconf 86' lang='lat' dir='ltr'><strong>Etbribo</strong></span> <span class='ocrx_word' id='word_1_525' title='bbox 2531 2260 2546 2309; x_wconf 88' lang='lat'><strong>;</strong></span> <span class='ocrx_word' id='word_1_526' title='bbox 2585 2244 2823 2312; x_wconf 89' lang='lat' dir='ltr'><strong>itemque</strong></span> <span class='ocrx_word' id='word_1_527' title='bbox 2855 2241 3098 2306; x_wconf 79' lang='lat' dir='ltr'><strong>Macach,</strong></span> <span class='ocrx_word' id='word_1_528' title='bbox 3131 2239 3276 2309; x_wconf 84' lang='lat' dir='ltr'><strong>quod</strong></span> <span class='ocrx_word' id='word_1_529' title='bbox 3311 2237 3379 2291; x_wconf 83' lang='lat' dir='ltr'><strong>ad</strong></span> <span class='ocrx_word' id='word_1_530' title='bbox 3411 2235 3519 2290; x_wconf 83' lang='lat' dir='ltr'><strong>Ve-</strong></span> 
     </span>
    </p>
   </div>
   <div class='ocr_carea' id='block_1_70' title="bbox 1937 2329 3515 2405">
    <p class='ocr_par' dir='ltr' id='par_1_70' title="bbox 1937 2329 3515 2405">
     <span class='ocr_line' id='line_1_70' title="bbox 1937 2329 3515 2405; baseline -0.006 -16"><span class='ocrx_word' id='word_1_531' title='bbox 1937 2335 2085 2390; x_wconf 88' lang='lat' dir='ltr'><strong>neris</strong></span> <span class='ocrx_word' id='word_1_532' title='bbox 2107 2335 2329 2405; x_wconf 79' lang='lat' dir='ltr'><strong>figurant</strong></span> <span class='ocrx_word' id='word_1_533' title='bbox 2360 2335 2698 2388; x_wconf 80' lang='lat' dir='ltr'><strong>elaboratum</strong></span> <span class='ocrx_word' id='word_1_534' title='bbox 2724 2333 2896 2388; x_wconf 90' lang='lat' dir='ltr'><strong>aiunt.</strong></span> <span class='ocrx_word' id='word_1_535' title='bbox 2925 2332 3122 2400; x_wconf 78' lang='lat' dir='ltr'><strong>Nequit</strong></span> <span class='ocrx_word' id='word_1_536' title='bbox 3142 2330 3324 2399; x_wconf 87' lang='lat' dir='ltr'><strong>itaque</strong></span> <span class='ocrx_word' id='word_1_537' title='bbox 3347 2329 3515 2382; x_wconf 74' lang='lat' dir='ltr'><strong>Deum</strong></span> 
     </span>
    </p>
   </div>
   <div class='ocr_carea' id='block_1_71' title="bbox 1938 2421 3514 2486">
    <p class='ocr_par' dir='ltr' id='par_1_71' title="bbox 1938 2421 3514 2486">
     <span class='ocr_line' id='line_1_71' title="bbox 1938 2421 3514 2486; baseline -0.007 -3"><span class='ocrx_word' id='word_1_538' title='bbox 1938 2443 2096 2483; x_wconf 88' lang='lat' dir='ltr'><strong>suum</strong></span> <span class='ocrx_word' id='word_1_539' title='bbox 2129 2428 2329 2483; x_wconf 91' lang='lat' dir='ltr'><strong>habere</strong></span> <span class='ocrx_word' id='word_1_540' title='bbox 2362 2427 2711 2482; x_wconf 83' lang='lat' dir='ltr'><strong>Mohamedes</strong></span> <span class='ocrx_word' id='word_1_541' title='bbox 2749 2424 3042 2479; x_wconf 80' lang='lat' dir='ltr'><strong>Abrahami</strong></span> <span class='ocrx_word' id='word_1_542' title='bbox 3080 2425 3268 2486; x_wconf 83' lang='lat' dir='ltr'><strong>Deum,</strong></span> <span class='ocrx_word' id='word_1_543' title='bbox 3300 2421 3514 2476; x_wconf 84' lang='lat' dir='ltr'><strong>etiamsi</strong></span> 
     </span>
    </p>
   </div>
   <div class='ocr_carea' id='block_1_72' title="bbox 1938 2515 3519 2590">
    <p class='ocr_par' dir='ltr' id='par_1_72' title="bbox 1938 2515 3519 2590">
     <span class='ocr_line' id='line_1_72' title="bbox 1938 2515 3519 2590; baseline -0.006 -15"><span class='ocrx_word' id='word_1_544' title='bbox 1938 2519 2245 2590; x_wconf 87' lang='lat' dir='ltr'><strong>symbolum</strong></span> <span class='ocrx_word' id='word_1_545' title='bbox 2305 2520 2546 2574; x_wconf 86' lang='lat' dir='ltr'><strong>mandati</strong></span> <span class='ocrx_word' id='word_1_546' title='bbox 2605 2521 2724 2588; x_wconf 88' lang='lat' dir='ltr'><strong>ejus</strong></span> <span class='ocrx_word' id='word_1_547' title='bbox 2785 2517 3260 2573; x_wconf 88' lang='lat' dir='ltr'><strong>circumcisionem</strong></span> <span class='ocrx_word' id='word_1_548' title='bbox 3318 2515 3456 2584; x_wconf 72' lang='lat' dir='ltr'><strong>gerit</strong></span> <span class='ocrx_word' id='word_1_549' title='bbox 3503 2555 3519 2580; x_wconf 93' lang='lat'><strong>,</strong></span> 
     </span>
    </p>
   </div>
   <div class='ocr_carea' id='block_1_73' title="bbox 1937 2603 3523 2680">
    <p class='ocr_par' dir='ltr' id='par_1_73' title="bbox 1937 2603 3523 2680">
     <span class='ocr_line' id='line_1_73' title="bbox 1937 2603 3523 2680; baseline -0.005 -16"><span class='ocrx_word' id='word_1_550' title='bbox 1937 2609 2378 2680; x_wconf 91' lang='lat' dir='ltr'><strong>quandoquidem</strong></span> <span class='ocrx_word' id='word_1_551' title='bbox 2426 2609 2492 2664; x_wconf 85' lang='lat' dir='ltr'><strong>ad</strong></span> <span class='ocrx_word' id='word_1_552' title='bbox 2545 2610 2710 2663; x_wconf 83' lang='lat' dir='ltr'><strong>alium</strong></span> <span class='ocrx_word' id='word_1_553' title='bbox 2767 2624 2826 2664; x_wconf 92' lang='lat' dir='ltr'><strong>se</strong></span> <span class='ocrx_word' id='word_1_554' title='bbox 2875 2606 3040 2661; x_wconf 70' lang='lat' dir='ltr'><strong>Deum</strong></span> <span class='ocrx_word' id='word_1_555' title='bbox 3081 2605 3375 2660; x_wconf 85' lang='lat' dir='ltr'><strong>transtulit.</strong></span> <span class='ocrx_word' id='word_1_556' title='bbox 3427 2603 3523 2658; x_wconf 88' lang='lat' dir='ltr'><strong>Ille</strong></span> 
     </span>
    </p>
   </div>
   <div class='ocr_carea' id='block_1_74' title="bbox 1936 2695 3520 2772">
    <p class='ocr_par' dir='ltr' id='par_1_74' title="bbox 1936 2695 3520 2772">
     <span class='ocr_line' id='line_1_74' title="bbox 1936 2695 3520 2772; baseline -0.004 -17"><span class='ocrx_word' id='word_1_557' title='bbox 1936 2710 2117 2756; x_wconf 90' lang='lat' dir='ltr'><strong>autem</strong></span> <span class='ocrx_word' id='word_1_558' title='bbox 2157 2701 2400 2772; x_wconf 86' lang='lat' dir='ltr'><strong>jusserat</strong></span> <span class='ocrx_word' id='word_1_559' title='bbox 2432 2721 2444 2757; x_wconf 91' lang='lat'>:</span> <span class='ocrx_word' id='word_1_560' title='bbox 2494 2720 2512 2752; x_wconf 77' lang='grc' dir='ltr'><strong>ι</strong></span> <span class='ocrx_word' id='word_1_561' title='bbox 2547 2699 2766 2755; x_wconf 88' lang='lat' dir='ltr'><strong>Nullum</strong></span> <span class='ocrx_word' id='word_1_562' title='bbox 2798 2708 2992 2770; x_wconf 69' lang='lat' dir='ltr'><strong>praater</strong></span> <span class='ocrx_word' id='word_1_563' title='bbox 3027 2697 3316 2752; x_wconf 88' lang='lat' dir='ltr'><strong>Dominum</strong></span> <span class='ocrx_word' id='word_1_564' title='bbox 3349 2695 3520 2749; x_wconf 73' lang='lat' dir='ltr'><strong>Deum</strong></span> 
     </span>
    </p>
   </div>
   <div class='ocr_carea' id='block_1_75' title="bbox 1937 2785 3522 2861">
    <p class='ocr_par' dir='ltr' id='par_1_75' title="bbox 1937 2785 3522 2861">
     <span class='ocr_line' id='line_1_75' title="bbox 1937 2785 3522 2861; baseline -0.007 -13"><span class='ocrx_word' id='word_1_565' title='bbox 1937 2800 2090 2848; x_wconf 87' lang='lat' dir='ltr'><strong>tuum</strong></span> <span class='ocrx_word' id='word_1_566' title='bbox 2118 2794 2283 2848; x_wconf 91' lang='lat' dir='ltr'><strong>coles.</strong></span> <span class='ocrx_word' id='word_1_567' title='bbox 2325 2811 2342 2844; x_wconf 80' lang='grc' dir='ltr'><strong>ι</strong></span> <span class='ocrx_word' id='word_1_568' title='bbox 2374 2791 2508 2847; x_wconf 87' lang='lat' dir='ltr'><strong>Nam</strong></span> <span class='ocrx_word' id='word_1_569' title='bbox 2537 2792 2766 2861; x_wconf 77' lang='lat' dir='ltr'><strong>simplex</strong></span> <span class='ocrx_word' id='word_1_570' title='bbox 2800 2791 3168 2854; x_wconf 81' lang='lat' dir='ltr'><strong>circumcisio,</strong></span> <span class='ocrx_word' id='word_1_571' title='bbox 3198 2787 3378 2844; x_wconf 85' lang='lat' dir='ltr'><strong>carnis</strong></span> <span class='ocrx_word' id='word_1_572' title='bbox 3399 2785 3522 2856; x_wconf 89' lang='lat' dir='ltr'><strong>qui-</strong></span> 
     </span>
    </p>
   </div>
   <div class='ocr_carea' id='block_1_76' title="bbox 1937 2884 3518 2955">
    <p class='ocr_par' dir='ltr' id='par_1_76' title="bbox 1937 2884 3518 2955">
     <span class='ocr_line' id='line_1_76' title="bbox 1937 2884 3518 2955; baseline -0.007 -14"><span class='ocrx_word' id='word_1_573' title='bbox 1937 2887 2058 2941; x_wconf 90' lang='lat' dir='ltr'><strong>dem</strong></span> <span class='ocrx_word' id='word_1_574' title='bbox 2091 2895 2170 2942; x_wconf 88' lang='lat' dir='ltr'><strong>est</strong></span> <span class='ocrx_word' id='word_1_575' title='bbox 2203 2886 2404 2941; x_wconf 85' lang='lat' dir='ltr'><strong>ablatio</strong></span> <span class='ocrx_word' id='word_1_576' title='bbox 2439 2885 2558 2955; x_wconf 85' lang='lat' dir='ltr'><strong>ejus</strong></span> <span class='ocrx_word' id='word_1_577' title='bbox 2587 2887 2680 2955; x_wconf 86' lang='lat' dir='ltr'><strong>qui</strong></span> <span class='ocrx_word' id='word_1_578' title='bbox 2709 2884 3153 2948; x_wconf 87' lang='lat' dir='ltr'><strong>circumciditur,</strong></span> <span class='ocrx_word' id='word_1_579' title='bbox 3188 2896 3296 2934; x_wconf 92' lang='lat' dir='ltr'><strong>non</strong></span> <span class='ocrx_word' id='word_1_580' title='bbox 3337 2888 3518 2933; x_wconf 79' lang='lat' dir='ltr'><strong>tamen</strong></span> 
     </span>
    </p>
   </div>
   <div class='ocr_carea' id='block_1_77' title="bbox 1935 2972 3540 3033">
    <p class='ocr_par' dir='ltr' id='par_1_77' title="bbox 1935 2972 3540 3033">
     <span class='ocr_line' id='line_1_77' title="bbox 1935 2972 3540 3033; baseline -0.006 0"><span class='ocrx_word' id='word_1_581' title='bbox 1935 2979 2332 3033; x_wconf 82' lang='lat' dir='ltr'><strong>demonstratio</strong></span> <span class='ocrx_word' id='word_1_582' title='bbox 2380 2979 2522 3033; x_wconf 89' lang='lat' dir='ltr'><strong>inter</strong></span> <span class='ocrx_word' id='word_1_583' title='bbox 2551 2977 2868 3033; x_wconf 86' lang='lat' dir='ltr'><strong>servitutem</strong></span> <span class='ocrx_word' id='word_1_584' title='bbox 2901 2989 2951 3030; x_wconf 90' lang='lat' dir='ltr'><strong>et</strong></span> <span class='ocrx_word' id='word_1_585' title='bbox 2995 2975 3335 3030; x_wconf 82' lang='lat' dir='ltr'><strong>dominatum</strong></span> <span class='ocrx_word' id='word_1_586' title='bbox 3373 2972 3540 3026; x_wconf 12' lang='lat' dir='ltr'><strong>rela-e</strong></span> 
     </span>
    </p>
   </div>
   <div class='ocr_carea' id='block_1_78' title="bbox 1937 3062 3516 3138">
    <p class='ocr_par' dir='ltr' id='par_1_78' title="bbox 1937 3062 3516 3138">
     <span class='ocr_line' id='line_1_78' title="bbox 1937 3062 3516 3138; baseline -0.006 -15"><span class='ocrx_word' id='word_1_587' title='bbox 1937 3069 2102 3125; x_wconf 82' lang='lat' dir='ltr'><strong>tionis</strong></span> <span class='ocrx_word' id='word_1_588' title='bbox 2129 3087 2142 3125; x_wconf 91' lang='lat'>:</span> <span class='ocrx_word' id='word_1_589' title='bbox 2193 3069 2334 3126; x_wconf 91' lang='lat' dir='ltr'><strong>sicut</strong></span> <span class='ocrx_word' id='word_1_590' title='bbox 2360 3069 2544 3135; x_wconf 88' lang='lat' dir='ltr'><strong>etiam,</strong></span> <span class='ocrx_word' id='word_1_591' title='bbox 2577 3085 2686 3123; x_wconf 89' lang='lat' dir='ltr'><strong>non</strong></span> <span class='ocrx_word' id='word_1_592' title='bbox 2732 3068 2850 3122; x_wconf 88' lang='lat' dir='ltr'><strong>ideo</strong></span> <span class='ocrx_word' id='word_1_593' title='bbox 2879 3067 3008 3138; x_wconf 85' lang='lat' dir='ltr'><strong>quia</strong></span> <span class='ocrx_word' id='word_1_594' title='bbox 3037 3080 3227 3120; x_wconf 90' lang='lat' dir='ltr'><strong>servus</strong></span> <span class='ocrx_word' id='word_1_595' title='bbox 3256 3062 3516 3132; x_wconf 80' lang='lat' dir='ltr'><strong>fugitivus</strong></span> 
     </span>
    </p>
   </div>
   <div class='ocr_carea' id='block_1_79' title="bbox 1937 3154 3516 3224">
    <p class='ocr_par' dir='ltr' id='par_1_79' title="bbox 1937 3154 3516 3224">
     <span class='ocr_line' id='line_1_79' title="bbox 1937 3154 3516 3224; baseline -0.009 -6"><span class='ocrx_word' id='word_1_596' title='bbox 1937 3164 2145 3219; x_wconf 90' lang='lat' dir='ltr'><strong>domini</strong></span> <span class='ocrx_word' id='word_1_597' title='bbox 2202 3163 2287 3219; x_wconf 91' lang='lat' dir='ltr'><strong>sui</strong></span> <span class='ocrx_word' id='word_1_598' title='bbox 2345 3162 2540 3218; x_wconf 88' lang='lat' dir='ltr'><strong>medici</strong></span> <span class='ocrx_word' id='word_1_599' title='bbox 2595 3171 2767 3216; x_wconf 87' lang='lat' dir='ltr'><strong>artem</strong></span> <span class='ocrx_word' id='word_1_600' title='bbox 2807 3173 3044 3224; x_wconf 76' lang='lat' dir='ltr'><strong>exercet,</strong></span> <span class='ocrx_word' id='word_1_601' title='bbox 3088 3171 3214 3210; x_wconf 90' lang='lat' dir='ltr'><strong>cum</strong></span> <span class='ocrx_word' id='word_1_602' title='bbox 3249 3155 3315 3208; x_wconf 90' lang='lat' dir='ltr'><strong>ad</strong></span> <span class='ocrx_word' id='word_1_603' title='bbox 3348 3154 3516 3208; x_wconf 83' lang='lat' dir='ltr'><strong>alium</strong></span> 
     </span>
    </p>
   </div>
   <div class='ocr_carea' id='block_1_80' title="bbox 1937 3247 3518 3324">
    <p class='ocr_par' dir='ltr' id='par_1_80' title="bbox 1937 3247 3518 3324">
     <span class='ocr_line' id='line_1_80' title="bbox 1937 3247 3518 3324; baseline -0.009 -14"><span class='ocrx_word' id='word_1_604' title='bbox 1937 3252 2243 3324; x_wconf 80' lang='lat' dir='ltr'><strong>Confugerit</strong></span> <span class='ocrx_word' id='word_1_605' title='bbox 2266 3253 2572 3318; x_wconf 90' lang='lat' dir='ltr'><strong>dominum,</strong></span> <span class='ocrx_word' id='word_1_606' title='bbox 2603 3267 2710 3306; x_wconf 89' lang='lat' dir='ltr'><strong>nou</strong></span> <span class='ocrx_word' id='word_1_607' title='bbox 2737 3251 2877 3314; x_wconf 91' lang='lat' dir='ltr'><strong>ideo,</strong></span> <span class='ocrx_word' id='word_1_608' title='bbox 2910 3251 3154 3320; x_wconf 89' lang='lat' dir='ltr'><strong>inquam,</strong></span> <span class='ocrx_word' id='word_1_609' title='bbox 3177 3247 3518 3300; x_wconf 86' lang='lat' dir='ltr'><strong>demonstrat</strong></span> 
     </span>
    </p>
   </div>
   <div class='ocr_carea' id='block_1_81' title="bbox 1937 3336 3518 3409">
    <p class='ocr_par' dir='ltr' id='par_1_81' title="bbox 1937 3336 3518 3409">
     <span class='ocr_line' id='line_1_81' title="bbox 1937 3336 3518 3409; baseline -0.011 -5"><span class='ocrx_word' id='word_1_610' title='bbox 1937 3362 1996 3404; x_wconf 84' lang='lat' dir='ltr'><strong>se</strong></span> <span class='ocrx_word' id='word_1_611' title='bbox 2040 3346 2236 3402; x_wconf 89' lang='lat' dir='ltr'><strong>medici</strong></span> <span class='ocrx_word' id='word_1_612' title='bbox 2274 3361 2395 3400; x_wconf 90' lang='lat' dir='ltr'><strong>esse</strong></span> <span class='ocrx_word' id='word_1_613' title='bbox 2439 3345 2724 3400; x_wconf 90' lang='lat' dir='ltr'><strong>famulum.</strong></span> <span class='ocrx_word' id='word_1_614' title='bbox 2777 3344 3002 3398; x_wconf 87' lang='lat' dir='ltr'><strong>Temere</strong></span> <span class='ocrx_word' id='word_1_615' title='bbox 3052 3341 3234 3409; x_wconf 83' lang='lat' dir='ltr'><strong>itaque</strong></span> <span class='ocrx_word' id='word_1_616' title='bbox 3280 3336 3518 3406; x_wconf 79' lang='lat' dir='ltr'><strong>Agareni</strong></span> 
     </span>
    </p>
   </div>
   <div class='ocr_carea' id='block_1_82' title="bbox 1940 3429 3517 3496">
    <p class='ocr_par' dir='ltr' id='par_1_82' title="bbox 1940 3429 3517 3496">
     <span class='ocr_line' id='line_1_82' title="bbox 1940 3429 3517 3496; baseline -0.01 0"><span class='ocrx_word' id='word_1_617' title='bbox 1940 3441 2102 3496; x_wconf 91' lang='lat' dir='ltr'><strong>deum</strong></span> <span class='ocrx_word' id='word_1_618' title='bbox 2139 3455 2298 3496; x_wconf 90' lang='lat' dir='ltr'><strong>suum</strong></span> <span class='ocrx_word' id='word_1_619' title='bbox 2332 3439 2522 3494; x_wconf 88' lang='lat' dir='ltr'><strong>dicunt</strong></span> <span class='ocrx_word' id='word_1_620' title='bbox 2559 3437 2854 3492; x_wconf 85' lang='lat' dir='ltr'><strong>Abrahami</strong></span> <span class='ocrx_word' id='word_1_621' title='bbox 2903 3435 3095 3489; x_wconf 84' lang='lat' dir='ltr'><strong>Deum.</strong></span> <span class='ocrx_word' id='word_1_622' title='bbox 3131 3431 3264 3485; x_wconf 81' lang='lat' dir='ltr'><strong>Nam</strong></span> <span class='ocrx_word' id='word_1_623' title='bbox 3299 3429 3517 3483; x_wconf 69' lang='lat' dir='ltr'><strong>etiamsi</strong></span> 
     </span>
    </p>
   </div>
   <div class='ocr_carea' id='block_1_83' title="bbox 1927 3521 3516 3596">
    <p class='ocr_par' dir='ltr' id='par_1_83' title="bbox 1927 3521 3516 3596">
     <span class='ocr_line' id='line_1_83' title="bbox 1927 3521 3516 3596; baseline -0.008 -9"><span class='ocrx_word' id='word_1_624' title='bbox 1927 3531 2059 3587; x_wconf 90' lang='lat' dir='ltr'><strong>olim</strong></span> <span class='ocrx_word' id='word_1_625' title='bbox 2093 3531 2234 3586; x_wconf 89' lang='lat' dir='ltr'><strong>forte</strong></span> <span class='ocrx_word' id='word_1_626' title='bbox 2265 3530 2449 3596; x_wconf 88' lang='lat' dir='ltr'><strong>fuerit,</strong></span> <span class='ocrx_word' id='word_1_627' title='bbox 2482 3546 2626 3584; x_wconf 92' lang='lat' dir='ltr'><strong>nunc</strong></span> <span class='ocrx_word' id='word_1_628' title='bbox 2647 3540 2793 3583; x_wconf 89' lang='lat' dir='ltr'><strong>certe</strong></span> <span class='ocrx_word' id='word_1_629' title='bbox 2821 3543 2944 3582; x_wconf 89' lang='lat' dir='ltr'><strong>cum</strong></span> <span class='ocrx_word' id='word_1_630' title='bbox 2971 3525 3225 3580; x_wconf 85' lang='lat' dir='ltr'><strong>Chubare</strong></span> <span class='ocrx_word' id='word_1_631' title='bbox 3251 3533 3303 3578; x_wconf 89' lang='lat' dir='ltr'><strong>et</strong></span> <span class='ocrx_word' id='word_1_632' title='bbox 3331 3521 3516 3575; x_wconf 66' lang='lat' dir='ltr'><strong>Multu-</strong></span> 
     </span>
    </p>
   </div>
   <div class='ocr_carea' id='block_1_84' title="bbox 1936 3624 3349 3693">
    <p class='ocr_par' dir='ltr' id='par_1_84' title="bbox 1936 3624 3349 3693">
     <span class='ocr_line' id='line_1_84' title="bbox 1936 3624 3349 3693; baseline -0.006 -15"><span class='ocrx_word' id='word_1_633' title='bbox 1936 3624 2113 3687; x_wconf 88' lang='lat' dir='ltr'><strong>mede,</strong></span> <span class='ocrx_word' id='word_1_634' title='bbox 2145 3624 2280 3678; x_wconf 91' lang='lat' dir='ltr'><strong>deus</strong></span> <span class='ocrx_word' id='word_1_635' title='bbox 2307 3624 2553 3693; x_wconf 87' lang='lat' dir='ltr'><strong>ipsorum</strong></span> <span class='ocrx_word' id='word_1_636' title='bbox 2585 3638 2692 3675; x_wconf 91' lang='lat' dir='ltr'><strong>non</strong></span> <span class='ocrx_word' id='word_1_637' title='bbox 2723 3631 2828 3675; x_wconf 90' lang='lat' dir='ltr'><strong>cst.</strong></span> <span class='ocrx_word' id='word_1_638' title='bbox 3347 3648 3349 3650; x_wconf 88' lang='grc'><strong>-</strong></span> 
     </span>
    </p>
   </div>
   <div class='ocr_carea' id='block_1_85' title="bbox 2867 3709 3517 3782">
    <p class='ocr_par' dir='ltr' id='par_1_85' title="bbox 2867 3709 3517 3782">
     <span class='ocr_line' id='line_1_85' title="bbox 2867 3709 3517 3782; baseline -0.012 -14"><span class='ocrx_word' id='word_1_639' title='bbox 2867 3714 3004 3768; x_wconf 80' lang='grc' dir='ltr'><strong>ἀλλά</strong></span> <span class='ocrx_word' id='word_1_640' title='bbox 3053 3711 3148 3766; x_wconf 86' lang='grc' dir='ltr'><strong>νῦν</strong></span> <span class='ocrx_word' id='word_1_641' title='bbox 3218 3709 3355 3782; x_wconf 85' lang='grc' dir='ltr'><strong>μετά</strong></span> <span class='ocrx_word' id='word_1_642' title='bbox 3423 3710 3517 3761; x_wconf 87' lang='grc' dir='ltr'><strong>τοῦ</strong></span> 
     </span>
    </p>
   </div>
   <div class='ocr_carea' id='block_1_86' title="bbox 2280 3905 3180 3970">
    <p class='ocr_par' dir='ltr' id='par_1_86' title="bbox 2280 3905 3180 3970">
     <span class='ocr_line' id='line_1_86' title="bbox 2280 3905 3180 3970; baseline -0.013 -8"><span class='ocrx_word' id='word_1_643' title='bbox 2280 3906 2495 3962; x_wconf 74' lang='lat' dir='ltr'><strong>XXVII.</strong></span> <span class='ocrx_word' id='word_1_644' title='bbox 2528 3905 2604 3958; x_wconf 84' lang='lat' dir='ltr'><strong>De</strong></span> <span class='ocrx_word' id='word_1_645' title='bbox 2631 3905 2807 3958; x_wconf 80' lang='lat' dir='ltr'><strong>eodem</strong></span> <span class='ocrx_word' id='word_1_646' title='bbox 2851 3907 3180 3970; x_wconf 73' lang='lat' dir='ltr'><strong>argumento.</strong></span> 
     </span>
    </p>
   </div>
   <div class='ocr_carea' id='block_1_87' title="bbox 2006 3985 3516 4070">
    <p class='ocr_par' dir='ltr' id='par_1_87' title="bbox 2006 3985 3516 4070">
     <span class='ocr_line' id='line_1_87' title="bbox 2006 3985 3516 4070; baseline -0.013 -10"><span class='ocrx_word' id='word_1_647' title='bbox 2006 4002 2094 4060; x_wconf 84' lang='lat'><strong>96.</strong></span> <span class='ocrx_word' id='word_1_648' title='bbox 2148 4005 2318 4056; x_wconf 84' lang='lat' dir='ltr'><strong>Omne</strong></span> <span class='ocrx_word' id='word_1_649' title='bbox 2361 3999 2509 4070; x_wconf 91' lang='lat' dir='ltr'><strong>quod</strong></span> <span class='ocrx_word' id='word_1_650' title='bbox 2556 4014 2680 4052; x_wconf 87' lang='lat' dir='ltr'><strong>vere</strong></span> <span class='ocrx_word' id='word_1_651' title='bbox 2718 3995 2952 4061; x_wconf 81' lang='lat' dir='ltr'><strong>exsistit,</strong></span> <span class='ocrx_word' id='word_1_652' title='bbox 2989 4009 3056 4046; x_wconf 81' lang='lat' dir='ltr'><strong>ex</strong></span> <span class='ocrx_word' id='word_1_653' title='bbox 3094 3989 3316 4045; x_wconf 89' lang='lat' dir='ltr'><strong>nomine</strong></span> <span class='ocrx_word' id='word_1_654' title='bbox 3353 3985 3516 4042; x_wconf 91' lang='lat' dir='ltr'><strong>simul</strong></span> 
     </span>
    </p>
   </div>
   <div class='ocr_carea' id='block_1_88' title="bbox 1935 4082 3515 4164">
    <p class='ocr_par' dir='ltr' id='par_1_88' title="bbox 1935 4082 3515 4164">
     <span class='ocr_line' id='line_1_88' title="bbox 1935 4082 3515 4164; baseline -0.011 -12"><span class='ocrx_word' id='word_1_655' title='bbox 1935 4105 1990 4152; x_wconf 93' lang='lat' dir='ltr'><strong>et</strong></span> <span class='ocrx_word' id='word_1_656' title='bbox 2014 4111 2080 4150; x_wconf 88' lang='lat' dir='ltr'><strong>ex</strong></span> <span class='ocrx_word' id='word_1_657' title='bbox 2107 4111 2165 4150; x_wconf 89' lang='lat' dir='ltr'><strong>re</strong></span> <span class='ocrx_word' id='word_1_658' title='bbox 2205 4093 2575 4164; x_wconf 79' lang='lat' dir='ltr'><strong>cognoscitur.</strong></span> <span class='ocrx_word' id='word_1_659' title='bbox 2622 4090 2677 4144; x_wconf 88' lang='lat' dir='ltr'><strong>Si</strong></span> <span class='ocrx_word' id='word_1_660' title='bbox 2731 4097 2912 4143; x_wconf 91' lang='lat' dir='ltr'><strong>autem</strong></span> <span class='ocrx_word' id='word_1_661' title='bbox 2963 4087 3016 4140; x_wconf 91' lang='lat' dir='ltr'><strong>in</strong></span> <span class='ocrx_word' id='word_1_662' title='bbox 3067 4085 3177 4140; x_wconf 87' lang='lat' dir='ltr'><strong>duo</strong></span> <span class='ocrx_word' id='word_1_663' title='bbox 3222 4082 3515 4145; x_wconf 76' lang='lat' dir='ltr'><strong>dividatur,</strong></span> 
     </span>
    </p>
   </div>
   <div class='ocr_carea' id='block_1_89' title="bbox 1936 4173 3518 4258">
    <p class='ocr_par' dir='ltr' id='par_1_89' title="bbox 1936 4173 3518 4258">
     <span class='ocr_line' id='line_1_89' title="bbox 1936 4173 3518 4258; baseline -0.012 -14"><span class='ocrx_word' id='word_1_664' title='bbox 1936 4204 2130 4258; x_wconf 88' lang='lat' dir='ltr'><strong>nempe</strong></span> <span class='ocrx_word' id='word_1_665' title='bbox 2159 4188 2212 4242; x_wconf 93' lang='lat' dir='ltr'><strong>in</strong></span> <span class='ocrx_word' id='word_1_666' title='bbox 2246 4200 2443 4239; x_wconf 91' lang='lat' dir='ltr'><strong>nomen</strong></span> <span class='ocrx_word' id='word_1_667' title='bbox 2473 4184 2649 4239; x_wconf 92' lang='lat' dir='ltr'><strong>solum</strong></span> <span class='ocrx_word' id='word_1_668' title='bbox 2681 4195 2909 4250; x_wconf 89' lang='lat' dir='ltr'><strong>remque</strong></span> <span class='ocrx_word' id='word_1_669' title='bbox 2935 4177 3129 4242; x_wconf 86' lang='lat' dir='ltr'><strong>solam,</strong></span> <span class='ocrx_word' id='word_1_670' title='bbox 3161 4175 3382 4245; x_wconf 83' lang='lat' dir='ltr'><strong>decipit.</strong></span> <span class='ocrx_word' id='word_1_671' title='bbox 3409 4173 3518 4226; x_wconf 80' lang='lat' dir='ltr'><strong>No-</strong></span> 
     </span>
    </p>
   </div>
   <div class='ocr_carea' id='block_1_90' title="bbox 1935 4267 3516 4344">
    <p class='ocr_par' dir='ltr' id='par_1_90' title="bbox 1935 4267 3516 4344">
     <span class='ocr_line' id='line_1_90' title="bbox 1935 4267 3516 4344; baseline -0.011 -10"><span class='ocrx_word' id='word_1_672' title='bbox 1935 4295 2060 4334; x_wconf 91' lang='lat' dir='ltr'><strong>men</strong></span> <span class='ocrx_word' id='word_1_673' title='bbox 2103 4279 2279 4335; x_wconf 90' lang='lat' dir='ltr'><strong>solum</strong></span> <span class='ocrx_word' id='word_1_674' title='bbox 2331 4285 2512 4330; x_wconf 88' lang='lat' dir='ltr'><strong>autem</strong></span> <span class='ocrx_word' id='word_1_675' title='bbox 2555 4275 2792 4344; x_wconf 87' lang='lat' dir='ltr'><strong>appello,</strong></span> <span class='ocrx_word' id='word_1_676' title='bbox 2828 4271 2974 4340; x_wconf 88' lang='lat' dir='ltr'><strong>quod</strong></span> <span class='ocrx_word' id='word_1_677' title='bbox 3023 4267 3243 4339; x_wconf 88' lang='lat' dir='ltr'><strong>propria</strong></span> <span class='ocrx_word' id='word_1_678' title='bbox 3297 4280 3418 4318; x_wconf 83' lang='lat' dir='ltr'><strong>vere</strong></span> <span class='ocrx_word' id='word_1_679' title='bbox 3458 4279 3516 4317; x_wconf 91' lang='lat' dir='ltr'><strong>re</strong></span> 
     </span>
    </p>
   </div>
   <div class='ocr_carea' id='block_1_91' title="bbox 1931 4356 3511 4440">
    <p class='ocr_par' dir='ltr' id='par_1_91' title="bbox 1931 4356 3511 4440">
     <span class='ocr_line' id='line_1_91' title="bbox 1931 4356 3511 4440; baseline -0.012 -12"><span class='ocrx_word' id='word_1_680' title='bbox 1931 4381 2082 4429; x_wconf 89' lang='lat' dir='ltr'><strong>caret</strong></span> <span class='ocrx_word' id='word_1_681' title='bbox 2106 4391 2120 4428; x_wconf 89' lang='lat'><strong>:</strong></span> <span class='ocrx_word' id='word_1_682' title='bbox 2154 4371 2506 4440; x_wconf 87' lang='lat' dir='ltr'><strong>vicissimque</strong></span> <span class='ocrx_word' id='word_1_683' title='bbox 2529 4370 2700 4425; x_wconf 88' lang='lat' dir='ltr'><strong>solam</strong></span> <span class='ocrx_word' id='word_1_684' title='bbox 2731 4381 2869 4431; x_wconf 73' lang='lat' dir='ltr'><strong>rem,</strong></span> <span class='ocrx_word' id='word_1_685' title='bbox 2896 4380 3017 4435; x_wconf 74' lang='lat' dir='ltr'><strong>quae</strong></span> <span class='ocrx_word' id='word_1_686' title='bbox 3044 4378 3144 4417; x_wconf 89' lang='lat' dir='ltr'><strong>suo</strong></span> <span class='ocrx_word' id='word_1_687' title='bbox 3169 4376 3297 4414; x_wconf 90' lang='lat' dir='ltr'><strong>vero</strong></span> <span class='ocrx_word' id='word_1_688' title='bbox 3330 4356 3511 4412; x_wconf 88' lang='lat' dir='ltr'><strong>nomi-</strong></span> 
     </span>
    </p>
   </div>
   <div class='ocr_carea' id='block_1_92' title="bbox 1931 4451 3516 4529">
    <p class='ocr_par' dir='ltr' id='par_1_92' title="bbox 1931 4451 3516 4529">
     <span class='ocr_line' id='line_1_92' title="bbox 1931 4451 3516 4529; baseline -0.011 -8"><span class='ocrx_word' id='word_1_689' title='bbox 1931 4482 2000 4522; x_wconf 90' lang='lat' dir='ltr'><strong>ne</strong></span> <span class='ocrx_word' id='word_1_690' title='bbox 2028 4475 2198 4529; x_wconf 89' lang='lat' dir='ltr'><strong>caret,</strong></span> <span class='ocrx_word' id='word_1_691' title='bbox 2232 4465 2324 4520; x_wconf 88' lang='lat' dir='ltr'><strong>sed</strong></span> <span class='ocrx_word' id='word_1_692' title='bbox 2362 4472 2544 4518; x_wconf 89' lang='lat' dir='ltr'><strong>tamen</strong></span> <span class='ocrx_word' id='word_1_693' title='bbox 2576 4477 2683 4516; x_wconf 90' lang='lat' dir='ltr'><strong>non</strong></span> <span class='ocrx_word' id='word_1_694' title='bbox 2711 4469 2793 4515; x_wconf 87' lang='lat' dir='ltr'><strong>est</strong></span> <span class='ocrx_word' id='word_1_695' title='bbox 2823 4471 3116 4528; x_wconf 80' lang='lat' dir='ltr'><strong>anonyma.</strong></span> <span class='ocrx_word' id='word_1_696' title='bbox 3149 4455 3223 4508; x_wconf 84' lang='lat' dir='ltr'><strong>Ex</strong></span> <span class='ocrx_word' id='word_1_697' title='bbox 3248 4451 3516 4506; x_wconf 78' lang='lat' dir='ltr'><strong>ambobus</strong></span> 
     </span>
    </p>
   </div>
   <div class='ocr_carea' id='block_1_93' title="bbox 253 4551 1831 4632">
    <p class='ocr_par' dir='ltr' id='par_1_93' title="bbox 253 4553 1823 4632">
     <span class='ocr_line' id='line_1_93' title="bbox 253 4553 1823 4632; baseline 0.004 -27"><span class='ocrx_word' id='word_1_698' title='bbox 253 4553 344 4608; x_wconf 79' lang='grc' dir='ltr'><strong>οῦν</strong></span> <span class='ocrx_word' id='word_1_699' title='bbox 367 4556 562 4622; x_wconf 81' lang='grc' dir='ltr'>γνῶσις</span> <span class='ocrx_word' id='word_1_700' title='bbox 583 4557 791 4628; x_wconf 74' lang='grc' dir='ltr'>ἀληθὴς</span> <span class='ocrx_word' id='word_1_701' title='bbox 819 4556 1158 4622; x_wconf 89' lang='grc' dir='ltr'>συνίσταται,</span> <span class='ocrx_word' id='word_1_702' title='bbox 1184 4559 1247 4612; x_wconf 81' lang='grc' dir='ltr'>ὲκ</span> <span class='ocrx_word' id='word_1_703' title='bbox 1271 4559 1329 4612; x_wconf 82' lang='grc' dir='ltr'>δὲ</span> <span class='ocrx_word' id='word_1_704' title='bbox 1354 4559 1584 4632; x_wconf 84' lang='grc' dir='ltr'>Θατὲρου</span> <span class='ocrx_word' id='word_1_705' title='bbox 1615 4560 1823 4630; x_wconf 87' lang='grc' dir='ltr'>ἀπάτη·</span> 
     </span>
    </p>
   </div>
   <div class='ocr_carea' id='block_1_94' title="bbox 1937 4551 3513 4632">
    <p class='ocr_par' dir='ltr' id='par_1_94' title="bbox 1937 4551 3513 4628">
     <span class='ocr_line' id='line_1_94' title="bbox 1937 4551 3513 4628; baseline -0.01 -14"><span class='ocrx_word' id='word_1_706' title='bbox 1937 4574 2061 4614; x_wconf 90' lang='lat' dir='ltr'><strong>vera</strong></span> <span class='ocrx_word' id='word_1_707' title='bbox 2087 4558 2328 4628; x_wconf 80' lang='lat' dir='ltr'><strong>cognitio</strong></span> <span class='ocrx_word' id='word_1_708' title='bbox 2360 4555 2649 4612; x_wconf 84' lang='lat' dir='ltr'><strong>coniicitur</strong></span> <span class='ocrx_word' id='word_1_709' title='bbox 2679 4571 2693 4618; x_wconf 87' lang='lat'><strong>;</strong></span> <span class='ocrx_word' id='word_1_710' title='bbox 2726 4568 2788 4608; x_wconf 83' lang='lat' dir='ltr'><strong>ex</strong></span> <span class='ocrx_word' id='word_1_711' title='bbox 2829 4551 3092 4605; x_wconf 87' lang='lat' dir='ltr'><strong>alterutro</strong></span> <span class='ocrx_word' id='word_1_712' title='bbox 3124 4556 3304 4601; x_wconf 88' lang='lat' dir='ltr'><strong>autem</strong></span> <span class='ocrx_word' id='word_1_713' title='bbox 3335 4559 3513 4598; x_wconf 85' lang='lat' dir='ltr'><strong>error.</strong></span> 
     </span>
    </p>
   </div>
   <div class='ocr_carea' id='block_1_95' title="bbox 253 4649 1823 4726">
    <p class='ocr_par' dir='ltr' id='par_1_95' title="bbox 253 4649 1823 4726">
     <span class='ocr_line' id='line_1_95' title="bbox 253 4649 1823 4726; baseline 0.004 -25"><span class='ocrx_word' id='word_1_714' title='bbox 253 4649 346 4702; x_wconf 70' lang='grc' dir='ltr'>καὶ</span> <span class='ocrx_word' id='word_1_715' title='bbox 368 4650 520 4705; x_wconf 87' lang='grc' dir='ltr'>τοῦτό</span> <span class='ocrx_word' id='word_1_716' title='bbox 549 4654 668 4705; x_wconf 74' lang='grc' dir='ltr'>ἐστι</span> <span class='ocrx_word' id='word_1_717' title='bbox 700 4651 760 4706; x_wconf 87' lang='grc' dir='ltr'><strong>τὸ</strong></span> <span class='ocrx_word' id='word_1_718' title='bbox 807 4653 994 4706; x_wconf 88' lang='grc' dir='ltr'>ποιοῦν</span> <span class='ocrx_word' id='word_1_719' title='bbox 1029 4655 1274 4723; x_wconf 84' lang='grc' dir='ltr'>ὁμονοεῖν</span> <span class='ocrx_word' id='word_1_720' title='bbox 1301 4653 1372 4706; x_wconf 86' lang='grc' dir='ltr'>’τε</span> <span class='ocrx_word' id='word_1_721' title='bbox 1395 4654 1494 4708; x_wconf 75' lang='grc' dir='ltr'>καὶ</span> <span class='ocrx_word' id='word_1_722' title='bbox 1524 4654 1823 4726; x_wconf 80' lang='grc' dir='ltr'>ἀλλοτρίως</span> 
     </span>
    </p>
   </div>
   <div class='ocr_carea' id='block_1_96' title="bbox 252 4741 1823 4818">
    <p class='ocr_par' dir='ltr' id='par_1_96' title="bbox 252 4741 1823 4818">
     <span class='ocr_line' id='line_1_96' title="bbox 252 4741 1823 4818; baseline 0.004 -23"><span class='ocrx_word' id='word_1_723' title='bbox 252 4741 390 4812; x_wconf 73' lang='grc' dir='ltr'>ἔχειν</span> <span class='ocrx_word' id='word_1_724' title='bbox 420 4741 546 4815; x_wconf 84' lang='grc' dir='ltr'>περί</span> <span class='ocrx_word' id='word_1_725' title='bbox 577 4763 629 4797; x_wconf 90' lang='grc' dir='ltr'><strong>τι</strong></span> <span class='ocrx_word' id='word_1_726' title='bbox 666 4747 802 4816; x_wconf 90' lang='grc' dir='ltr'>πρὸς</span> <span class='ocrx_word' id='word_1_727' title='bbox 839 4747 1070 4810; x_wconf 80' lang='grc' dir='ltr'>ἑαυτοὺς</span> <span class='ocrx_word' id='word_1_728' title='bbox 1100 4749 1226 4808; x_wconf 76' lang='grc' dir='ltr'>τοὺς</span> <span class='ocrx_word' id='word_1_729' title='bbox 1269 4746 1621 4817; x_wconf 81' lang='grc' dir='ltr'>ἀνθρώπους·</span> <span class='ocrx_word' id='word_1_730' title='bbox 1665 4747 1823 4818; x_wconf 80' lang='grc' dir='ltr'>διττὴ</span> 
     </span>
    </p>
   </div>
   <div class='ocr_carea' id='block_1_97' title="bbox 251 4835 1821 4916">
    <p class='ocr_par' dir='ltr' id='par_1_97' title="bbox 251 4835 1821 4916">
     <span class='ocr_line' id='line_1_97' title="bbox 251 4835 1821 4916; baseline 0.006 -29"><span class='ocrx_word' id='word_1_731' title='bbox 251 4835 304 4888; x_wconf 78' lang='grc' dir='ltr'>δὲ</span> <span class='ocrx_word' id='word_1_732' title='bbox 335 4838 420 4891; x_wconf 91' lang='grc' dir='ltr'><strong>τοῦ</strong></span> <span class='ocrx_word' id='word_1_733' title='bbox 448 4839 612 4910; x_wconf 85' lang='grc' dir='ltr'>μόνου</span> <span class='ocrx_word' id='word_1_734' title='bbox 640 4840 903 4909; x_wconf 83' lang='grc' dir='ltr'>ὀνόματος</span> <span class='ocrx_word' id='word_1_735' title='bbox 929 4842 1185 4914; x_wconf 81' lang='grc' dir='ltr'>ἡάπάτη,</span> <span class='ocrx_word' id='word_1_736' title='bbox 1212 4843 1288 4896; x_wconf 81' lang='grc' dir='ltr'>ὅτ’</span> <span class='ocrx_word' id='word_1_737' title='bbox 1314 4841 1379 4896; x_wconf 86' lang='grc' dir='ltr'>ἂν</span> <span class='ocrx_word' id='word_1_738' title='bbox 1401 4843 1570 4914; x_wconf 83' lang='grc' dir='ltr'>μηδὲν</span> <span class='ocrx_word' id='word_1_739' title='bbox 1599 4843 1821 4916; x_wconf 86' lang='grc' dir='ltr'>μηδαμῆ</span> 
     </span>
    </p>
   </div>
   <div class='ocr_carea' id='block_1_98' title="bbox 255 4931 1822 5006">
    <p class='ocr_par' dir='ltr' id='par_1_98' title="bbox 255 4931 1822 5006">
     <span class='ocr_line' id='line_1_98' title="bbox 255 4931 1822 5006; baseline 0.003 -23"><span class='ocrx_word' id='word_1_740' title='bbox 255 4931 504 5003; x_wconf 76' lang='grc' dir='ltr'>σημαίνῃ,</span> <span class='ocrx_word' id='word_1_741' title='bbox 539 4931 634 4985; x_wconf 81' lang='grc' dir='ltr'><strong>καὶ</strong></span> <span class='ocrx_word' id='word_1_742' title='bbox 661 4933 739 4985; x_wconf 78' lang='grc' dir='ltr'><strong>ὅτ’</strong></span> <span class='ocrx_word' id='word_1_743' title='bbox 772 4932 838 4986; x_wconf 81' lang='grc' dir='ltr'>ἂν</span> <span class='ocrx_word' id='word_1_744' title='bbox 873 4933 965 4986; x_wconf 88' lang='grc' dir='ltr'><strong>τοῦ</strong></span> <span class='ocrx_word' id='word_1_745' title='bbox 1002 4934 1205 4988; x_wconf 85' lang='grc' dir='ltr'>οἰκείου</span> <span class='ocrx_word' id='word_1_746' title='bbox 1240 4935 1534 5006; x_wconf 80' lang='grc' dir='ltr'>ἀφαιρεθὲν</span> <span class='ocrx_word' id='word_1_747' title='bbox 1558 4936 1822 5005; x_wconf 87' lang='grc' dir='ltr'>πράγμα-</span> 
     </span>
    </p>
   </div>
   <div class='ocr_carea' id='block_1_99' title="bbox 254 5024 1822 5098">
    <p class='ocr_par' dir='ltr' id='par_1_99' title="bbox 254 5024 1822 5098">
     <span class='ocr_line' id='line_1_99' title="bbox 254 5024 1822 5098; baseline 0.006 -28"><span class='ocrx_word' id='word_1_748' title='bbox 254 5035 342 5082; x_wconf 88' lang='grc' dir='ltr'><strong>τος</strong></span> <span class='ocrx_word' id='word_1_749' title='bbox 366 5024 681 5095; x_wconf 79' lang='grc' dir='ltr'>προσκέοιτο</span> <span class='ocrx_word' id='word_1_750' title='bbox 707 5025 786 5096; x_wconf 84' lang='grc' dir='ltr'>τῷ</span> <span class='ocrx_word' id='word_1_751' title='bbox 812 5026 1093 5080; x_wconf 87' lang='grc' dir='ltr'>ἀπεοικότι</span> <span class='ocrx_word' id='word_1_752' title='bbox 1109 5043 1124 5058; x_wconf 91' lang='grc'><strong>·</strong></span> <span class='ocrx_word' id='word_1_753' title='bbox 1143 5026 1201 5080; x_wconf 89' lang='grc' dir='ltr'><strong>τὸ</strong></span> <span class='ocrx_word' id='word_1_754' title='bbox 1219 5027 1274 5080; x_wconf 82' lang='grc' dir='ltr'>δὲ</span> <span class='ocrx_word' id='word_1_755' title='bbox 1301 5030 1564 5097; x_wconf 88' lang='grc' dir='ltr'>σημαῖνον</span> <span class='ocrx_word' id='word_1_756' title='bbox 1591 5028 1822 5098; x_wconf 78' lang='grc' dir='ltr'>διάφορα</span> 
     </span>
    </p>
   </div>
   <div class='ocr_carea' id='block_1_100' title="bbox 254 5111 1818 5188">
    <p class='ocr_par' dir='ltr' id='par_1_100' title="bbox 254 5111 1818 5188">
     <span class='ocr_line' id='line_1_100' title="bbox 254 5111 1818 5188; baseline 0.005 -25"><span class='ocrx_word' id='word_1_757' title='bbox 254 5111 442 5184; x_wconf 83' lang='grc' dir='ltr'>ἀληθῆ,</span> <span class='ocrx_word' id='word_1_758' title='bbox 467 5118 668 5170; x_wconf 87' lang='grc' dir='ltr'>οἰκεῖον</span> <span class='ocrx_word' id='word_1_759' title='bbox 698 5117 763 5170; x_wconf 80' lang='grc' dir='ltr'>ἂν</span> <span class='ocrx_word' id='word_1_760' title='bbox 795 5118 1028 5170; x_wconf 83' lang='grc' dir='ltr'>ἑκάστου</span> <span class='ocrx_word' id='word_1_761' title='bbox 1057 5119 1152 5172; x_wconf 73' lang='grc' dir='ltr'><strong>καὶ</strong></span> <span class='ocrx_word' id='word_1_762' title='bbox 1183 5119 1320 5187; x_wconf 83' lang='grc' dir='ltr'>ὁμοῦ</span> <span class='ocrx_word' id='word_1_763' title='bbox 1364 5119 1581 5172; x_wconf 85' lang='grc' dir='ltr'>καλοῖτο</span> <span class='ocrx_word' id='word_1_764' title='bbox 1611 5119 1782 5188; x_wconf 80' lang='grc' dir='ltr'>δνομα</span> <span class='ocrx_word' id='word_1_765' title='bbox 1803 5133 1818 5148; x_wconf 89' lang='grc'><strong>·</strong></span> 
     </span>
    </p>
   </div>
   <div class='ocr_carea' id='block_1_101' title="bbox 253 5207 1823 5280">
    <p class='ocr_par' dir='ltr' id='par_1_101' title="bbox 253 5207 1823 5280">
     <span class='ocr_line' id='line_1_101' title="bbox 253 5207 1823 5280; baseline 0.004 -25"><span class='ocrx_word' id='word_1_766' title='bbox 253 5207 480 5276; x_wconf 74' lang='grc' dir='ltr'>πρᾶγμα</span> <span class='ocrx_word' id='word_1_767' title='bbox 525 5208 583 5261; x_wconf 81' lang='grc' dir='ltr'>δὲ</span> <span class='ocrx_word' id='word_1_768' title='bbox 611 5208 811 5280; x_wconf 77' lang='grc' dir='ltr'>ἀληθὲς</span> <span class='ocrx_word' id='word_1_769' title='bbox 852 5208 969 5262; x_wconf 74' lang='grc' dir='ltr'>ἐστι</span> <span class='ocrx_word' id='word_1_770' title='bbox 1002 5210 1096 5263; x_wconf 70' lang='grc' dir='ltr'><strong>καὶ</strong></span> <span class='ocrx_word' id='word_1_771' title='bbox 1139 5209 1485 5279; x_wconf 81' lang='grc' dir='ltr'>ὀνομάζεται,</span> <span class='ocrx_word' id='word_1_772' title='bbox 1523 5210 1584 5262; x_wconf 92' lang='grc' dir='ltr'><strong>τὸ</strong></span> <span class='ocrx_word' id='word_1_773' title='bbox 1607 5209 1715 5262; x_wconf 88' lang='grc' dir='ltr'><strong>τῶν</strong></span> <span class='ocrx_word' id='word_1_774' title='bbox 1744 5211 1823 5263; x_wconf 89' lang='grc' dir='ltr'>οἰ-</span> 
     </span>
    </p>
   </div>
   <div class='ocr_carea' id='block_1_102' title="bbox 253 5297 1821 5372">
    <p class='ocr_par' dir='ltr' id='par_1_102' title="bbox 253 5297 1821 5372">
     <span class='ocr_line' id='line_1_102' title="bbox 253 5297 1821 5372; baseline 0.003 -22"><span class='ocrx_word' id='word_1_775' title='bbox 253 5297 410 5353; x_wconf 84' lang='grc' dir='ltr'>κείων</span> <span class='ocrx_word' id='word_1_776' title='bbox 431 5300 530 5369; x_wconf 87' lang='grc' dir='ltr'><strong>τῆς</strong></span> <span class='ocrx_word' id='word_1_777' title='bbox 561 5301 750 5364; x_wconf 74' lang='grc' dir='ltr'>οὐσίας</span> <span class='ocrx_word' id='word_1_778' title='bbox 776 5301 1040 5365; x_wconf 79' lang='grc' dir='ltr'>ἀνενδεῶς</span> <span class='ocrx_word' id='word_1_779' title='bbox 1077 5302 1171 5354; x_wconf 77' lang='grc' dir='ltr'><strong>καὶ</strong></span> <span class='ocrx_word' id='word_1_780' title='bbox 1197 5301 1504 5372; x_wconf 80' lang='grc' dir='ltr'>ἁπερίττως</span> <span class='ocrx_word' id='word_1_781' title='bbox 1527 5301 1700 5365; x_wconf 77' lang='grc' dir='ltr'>σῶζον</span> <span class='ocrx_word' id='word_1_782' title='bbox 1730 5300 1821 5354; x_wconf 78' lang='grc' dir='ltr'>λό-</span> 
     </span>
    </p>
   </div>
   <div class='ocr_carea' id='block_1_103' title="bbox 241 5396 1822 5470">
    <p class='ocr_par' dir='ltr' id='par_1_103' title="bbox 241 5396 1822 5470">
     <span class='ocr_line' id='line_1_103' title="bbox 241 5396 1822 5470; baseline 0.001 -22"><span class='ocrx_word' id='word_1_783' title='bbox 241 5411 340 5463; x_wconf 73' lang='grc' dir='ltr'>γον</span> <span class='ocrx_word' id='word_1_784' title='bbox 359 5413 372 5424; x_wconf 92' lang='grc'><strong>·</strong></span> <span class='ocrx_word' id='word_1_785' title='bbox 398 5396 571 5467; x_wconf 74' lang='grc' dir='ltr'>ὄνομα</span> <span class='ocrx_word' id='word_1_786' title='bbox 595 5396 652 5449; x_wconf 82' lang='grc' dir='ltr'>δὲ</span> <span class='ocrx_word' id='word_1_787' title='bbox 678 5397 901 5467; x_wconf 83' lang='grc' dir='ltr'>ἀληθὲς,</span> <span class='ocrx_word' id='word_1_788' title='bbox 937 5400 1075 5470; x_wconf 82' lang='grc' dir='ltr'>ὅπερ</span> <span class='ocrx_word' id='word_1_789' title='bbox 1128 5399 1156 5451; x_wconf 86' lang='grc'>6</span> <span class='ocrx_word' id='word_1_790' title='bbox 1188 5397 1280 5450; x_wconf 86' lang='grc' dir='ltr'><strong>τοῦ</strong></span> <span class='ocrx_word' id='word_1_791' title='bbox 1315 5398 1639 5469; x_wconf 82' lang='grc' dir='ltr'>πράγματος</span> <span class='ocrx_word' id='word_1_792' title='bbox 1665 5397 1822 5466; x_wconf 81' lang='grc' dir='ltr'>λόγος</span> 
     </span>
    </p>
   </div>
   <div class='ocr_carea' id='block_1_104' title="bbox 235 5489 1821 5562">
    <p class='ocr_par' dir='ltr' id='par_1_104' title="bbox 235 5489 1821 5562">
     <span class='ocr_line' id='line_1_104' title="bbox 235 5489 1821 5562; baseline 0 -20"><span class='ocrx_word' id='word_1_793' title='bbox 235 5489 530 5560; x_wconf 76' lang='grc' dir='ltr'>σημαίνειν</span> <span class='ocrx_word' id='word_1_794' title='bbox 561 5489 830 5560; x_wconf 79' lang='grc' dir='ltr'>βούλεται.</span> <span class='ocrx_word' id='word_1_795' title='bbox 851 5490 988 5544; x_wconf 78' lang='grc' dir='ltr'>Οὔτε</span> <span class='ocrx_word' id='word_1_796' title='bbox 1016 5491 1110 5544; x_wconf 79' lang='grc' dir='ltr'><strong>οὖν</strong></span> <span class='ocrx_word' id='word_1_797' title='bbox 1136 5491 1196 5544; x_wconf 91' lang='grc' dir='ltr'><strong>τὸ</strong></span> <span class='ocrx_word' id='word_1_798' title='bbox 1226 5492 1456 5562; x_wconf 80' lang='grc' dir='ltr'>πρᾶγμα</span> <span class='ocrx_word' id='word_1_799' title='bbox 1485 5490 1562 5554; x_wconf 83' lang='grc' dir='ltr'>ὡς</span> <span class='ocrx_word' id='word_1_800' title='bbox 1587 5491 1821 5561; x_wconf 78' lang='grc' dir='ltr'>πρᾶγμα</span> 
     </span>
    </p>
   </div>
   <div class='ocr_carea' id='block_1_105' title="bbox 232 5581 1818 5656">
    <p class='ocr_par' dir='ltr' id='par_1_105' title="bbox 232 5581 1818 5656">
     <span class='ocr_line' id='line_1_105' title="bbox 232 5581 1818 5656; baseline -0.003 -17"><span class='ocrx_word' id='word_1_801' title='bbox 232 5583 424 5654; x_wconf 81' lang='grc' dir='ltr'>πλανᾷ</span> <span class='ocrx_word' id='word_1_802' title='bbox 442 5600 456 5612; x_wconf 94' lang='grc'><strong>·</strong></span> <span class='ocrx_word' id='word_1_803' title='bbox 490 5581 615 5636; x_wconf 77' lang='grc' dir='ltr'>οὔτε</span> <span class='ocrx_word' id='word_1_804' title='bbox 636 5583 697 5637; x_wconf 90' lang='grc' dir='ltr'><strong>τὸ</strong></span> <span class='ocrx_word' id='word_1_805' title='bbox 725 5584 917 5654; x_wconf 76' lang='grc' dir='ltr'>ὄνομα,</span> <span class='ocrx_word' id='word_1_806' title='bbox 945 5585 1018 5649; x_wconf 81' lang='grc' dir='ltr'><strong>ώς</strong></span> <span class='ocrx_word' id='word_1_807' title='bbox 1045 5584 1216 5656; x_wconf 73' lang='grc' dir='ltr'>ὄνομα</span> <span class='ocrx_word' id='word_1_808' title='bbox 1245 5584 1444 5638; x_wconf 82' lang='grc' dir='ltr'>οἰκείου</span> <span class='ocrx_word' id='word_1_809' title='bbox 1475 5585 1818 5654; x_wconf 81' lang='grc' dir='ltr'>πράγματος,</span> 
     </span>
    </p>
   </div>
   <div class='ocr_carea' id='block_1_106' title="bbox 1931 4635 3515 4721">
    <p class='ocr_par' dir='ltr' id='par_1_106' title="bbox 1931 4635 3515 4721">
     <span class='ocr_line' id='line_1_106' title="bbox 1931 4635 3515 4721; baseline -0.01 -17"><span class='ocrx_word' id='word_1_810' title='bbox 1931 4649 2108 4721; x_wconf 81' lang='lat' dir='ltr'><strong>Atque</strong></span> <span class='ocrx_word' id='word_1_811' title='bbox 2136 4650 2238 4704; x_wconf 82' lang='lat' dir='ltr'><strong>hoc</strong></span> <span class='ocrx_word' id='word_1_812' title='bbox 2271 4657 2375 4713; x_wconf 88' lang='lat' dir='ltr'><strong>est,</strong></span> <span class='ocrx_word' id='word_1_813' title='bbox 2404 4647 2550 4718; x_wconf 88' lang='lat' dir='ltr'><strong>quod</strong></span> <span class='ocrx_word' id='word_1_814' title='bbox 2587 4644 2900 4702; x_wconf 90' lang='lat' dir='ltr'><strong>consentire</strong></span> <span class='ocrx_word' id='word_1_815' title='bbox 2927 4641 3010 4696; x_wconf 90' lang='lat' dir='ltr'><strong>vel</strong></span> <span class='ocrx_word' id='word_1_816' title='bbox 3039 4638 3332 4695; x_wconf 85' lang='lat' dir='ltr'><strong>dissentire</strong></span> <span class='ocrx_word' id='word_1_817' title='bbox 3372 4635 3515 4690; x_wconf 82' lang='lat' dir='ltr'><strong>inter</strong></span> 
     </span>
    </p>
   </div>
   <div class='ocr_carea' id='block_1_107' title="bbox 1932 4734 3516 4808">
    <p class='ocr_par' dir='ltr' id='par_1_107' title="bbox 1932 4734 3516 4808">
     <span class='ocr_line' id='line_1_107' title="bbox 1932 4734 3516 4808; baseline -0.011 -9"><span class='ocrx_word' id='word_1_818' title='bbox 1932 4759 1992 4800; x_wconf 90' lang='lat' dir='ltr'><strong>se</strong></span> <span class='ocrx_word' id='word_1_819' title='bbox 2022 4742 2269 4797; x_wconf 88' lang='lat' dir='ltr'><strong>homines</strong></span> <span class='ocrx_word' id='word_1_820' title='bbox 2295 4740 2362 4794; x_wconf 93' lang='lat' dir='ltr'><strong>de</strong></span> <span class='ocrx_word' id='word_1_821' title='bbox 2393 4741 2573 4808; x_wconf 88' lang='lat' dir='ltr'><strong>aliqua</strong></span> <span class='ocrx_word' id='word_1_822' title='bbox 2608 4754 2666 4792; x_wconf 91' lang='lat' dir='ltr'><strong>re</strong></span> <span class='ocrx_word' id='word_1_823' title='bbox 2697 4737 2848 4792; x_wconf 89' lang='lat' dir='ltr'><strong>facit.</strong></span> <span class='ocrx_word' id='word_1_824' title='bbox 2882 4734 3086 4803; x_wconf 89' lang='lat' dir='ltr'><strong>Duplex</strong></span> <span class='ocrx_word' id='word_1_825' title='bbox 3125 4746 3286 4800; x_wconf 89' lang='lat' dir='ltr'><strong>porro</strong></span> <span class='ocrx_word' id='word_1_826' title='bbox 3317 4737 3398 4784; x_wconf 90' lang='lat' dir='ltr'><strong>est</strong></span> <span class='ocrx_word' id='word_1_827' title='bbox 3428 4743 3516 4782; x_wconf 86' lang='lat' dir='ltr'><strong>so-</strong></span> 
     </span>
    </p>
   </div>
   <div class='ocr_carea' id='block_1_108' title="bbox 1930 4821 3514 4902">
    <p class='ocr_par' dir='ltr' id='par_1_108' title="bbox 1930 4821 3514 4902">
     <span class='ocr_line' id='line_1_108' title="bbox 1930 4821 3514 4902; baseline -0.012 -11"><span class='ocrx_word' id='word_1_828' title='bbox 1930 4837 2040 4891; x_wconf 91' lang='lat' dir='ltr'><strong>lius</strong></span> <span class='ocrx_word' id='word_1_829' title='bbox 2061 4835 2299 4889; x_wconf 89' lang='lat' dir='ltr'><strong>nominis</strong></span> <span class='ocrx_word' id='word_1_830' title='bbox 2322 4833 2600 4902; x_wconf 85' lang='lat' dir='ltr'><strong>deccptio:</strong></span> <span class='ocrx_word' id='word_1_831' title='bbox 2625 4831 2843 4901; x_wconf 89' lang='lat' dir='ltr'><strong>quando</strong></span> <span class='ocrx_word' id='word_1_832' title='bbox 2863 4827 3108 4883; x_wconf 87' lang='lat' dir='ltr'><strong>videlicet</strong></span> <span class='ocrx_word' id='word_1_833' title='bbox 3130 4825 3264 4878; x_wconf 91' lang='lat' dir='ltr'><strong>nihil</strong></span> <span class='ocrx_word' id='word_1_834' title='bbox 3289 4821 3514 4876; x_wconf 91' lang='lat' dir='ltr'><strong>omnino</strong></span> 
     </span>
    </p>
   </div>
   <div class='ocr_carea' id='block_1_109' title="bbox 1932 4915 3514 4998">
    <p class='ocr_par' dir='ltr' id='par_1_109' title="bbox 1932 4915 3514 4998">
     <span class='ocr_line' id='line_1_109' title="bbox 1932 4915 3514 4998; baseline -0.01 -15"><span class='ocrx_word' id='word_1_835' title='bbox 1932 4927 2222 4998; x_wconf 79' lang='lat' dir='ltr'><strong>significat,</strong></span> <span class='ocrx_word' id='word_1_836' title='bbox 2242 4937 2296 4982; x_wconf 90' lang='lat' dir='ltr'><strong>et</strong></span> <span class='ocrx_word' id='word_1_837' title='bbox 2317 4927 2536 4996; x_wconf 85' lang='lat' dir='ltr'><strong>quando</strong></span> <span class='ocrx_word' id='word_1_838' title='bbox 2557 4941 2586 4979; x_wconf 93' lang='lat' dir='ltr'><strong>a</strong></span> <span class='ocrx_word' id='word_1_839' title='bbox 2617 4924 2835 4994; x_wconf 88' lang='lat' dir='ltr'><strong>propria</strong></span> <span class='ocrx_word' id='word_1_840' title='bbox 2863 4938 2920 4976; x_wconf 92' lang='lat' dir='ltr'><strong>re</strong></span> <span class='ocrx_word' id='word_1_841' title='bbox 2940 4922 3296 4978; x_wconf 90' lang='lat' dir='ltr'><strong>abstractum,</strong></span> <span class='ocrx_word' id='word_1_842' title='bbox 3322 4915 3514 4968; x_wconf 69' lang='lat' dir='ltr'><strong>aliena:</strong></span> 
     </span>
    </p>
   </div>
   <div class='ocr_carea' id='block_1_110' title="bbox 1930 5008 3508 5088">
    <p class='ocr_par' dir='ltr' id='par_1_110' title="bbox 1930 5008 3508 5088">
     <span class='ocr_line' id='line_1_110' title="bbox 1930 5008 3508 5088; baseline -0.013 -12"><span class='ocrx_word' id='word_1_843' title='bbox 1930 5021 2221 5076; x_wconf 87' lang='lat' dir='ltr'><strong>addicitur.</strong></span> <span class='ocrx_word' id='word_1_844' title='bbox 2283 5020 2438 5086; x_wconf 85' lang='lat' dir='ltr'><strong>Quod</strong></span> <span class='ocrx_word' id='word_1_845' title='bbox 2497 5019 2652 5088; x_wconf 87' lang='lat' dir='ltr'><strong>plura</strong></span> <span class='ocrx_word' id='word_1_846' title='bbox 2712 5032 2837 5071; x_wconf 88' lang='lat' dir='ltr'><strong>vera</strong></span> <span class='ocrx_word' id='word_1_847' title='bbox 2887 5013 3175 5084; x_wconf 77' lang='lat' dir='ltr'><strong>significat,</strong></span> <span class='ocrx_word' id='word_1_848' title='bbox 3231 5008 3508 5078; x_wconf 86' lang='lat' dir='ltr'><strong>proprium</strong></span> 
     </span>
    </p>
   </div>
   <div class='ocr_carea' id='block_1_111' title="bbox 1929 5105 3508 5184">
    <p class='ocr_par' dir='ltr' id='par_1_111' title="bbox 1929 5105 3508 5184">
     <span class='ocr_line' id='line_1_111' title="bbox 1929 5105 3508 5184; baseline -0.01 -15"><span class='ocrx_word' id='word_1_849' title='bbox 1929 5115 2365 5184; x_wconf 88' lang='lat' dir='ltr'><strong>uniuscujusque</strong></span> <span class='ocrx_word' id='word_1_850' title='bbox 2401 5113 2674 5180; x_wconf 84' lang='lat' dir='ltr'><strong>simulque</strong></span> <span class='ocrx_word' id='word_1_851' title='bbox 2705 5109 2905 5164; x_wconf 90' lang='lat' dir='ltr'><strong>dicitur</strong></span> <span class='ocrx_word' id='word_1_852' title='bbox 2937 5123 3158 5162; x_wconf 90' lang='lat' dir='ltr'><strong>nomen.</strong></span> <span class='ocrx_word' id='word_1_853' title='bbox 3193 5105 3298 5158; x_wconf 78' lang='lat' dir='ltr'><strong>Res</strong></span> <span class='ocrx_word' id='word_1_854' title='bbox 3326 5111 3508 5155; x_wconf 84' lang='lat' dir='ltr'><strong>autem</strong></span> 
     </span>
    </p>
   </div>
   <div class='ocr_carea' id='block_1_112' title="bbox 1927 5197 3514 5273">
    <p class='ocr_par' dir='ltr' id='par_1_112' title="bbox 1927 5197 3514 5273">
     <span class='ocr_line' id='line_1_112' title="bbox 1927 5197 3514 5273; baseline -0.011 -11"><span class='ocrx_word' id='word_1_855' title='bbox 1927 5217 1982 5262; x_wconf 91' lang='lat' dir='ltr'><strong>et</strong></span> <span class='ocrx_word' id='word_1_856' title='bbox 2008 5223 2135 5262; x_wconf 88' lang='lat' dir='ltr'><strong>vera</strong></span> <span class='ocrx_word' id='word_1_857' title='bbox 2176 5215 2260 5262; x_wconf 88' lang='lat' dir='ltr'><strong>est</strong></span> <span class='ocrx_word' id='word_1_858' title='bbox 2287 5219 2341 5260; x_wconf 86' lang='lat' dir='ltr'><strong>et</strong></span> <span class='ocrx_word' id='word_1_859' title='bbox 2363 5204 2562 5258; x_wconf 87' lang='lat' dir='ltr'><strong>dicitur</strong></span> <span class='ocrx_word' id='word_1_860' title='bbox 2584 5245 2599 5270; x_wconf 95' lang='lat'><strong>,</strong></span> <span class='ocrx_word' id='word_1_861' title='bbox 2629 5217 2751 5273; x_wconf 65' lang='lat' dir='ltr'><strong>qua:</strong></span> <span class='ocrx_word' id='word_1_862' title='bbox 2781 5201 2902 5257; x_wconf 90' lang='lat' dir='ltr'><strong>sine</strong></span> <span class='ocrx_word' id='word_1_863' title='bbox 2930 5198 3146 5255; x_wconf 89' lang='lat' dir='ltr'><strong>defectu</strong></span> <span class='ocrx_word' id='word_1_864' title='bbox 3187 5207 3242 5251; x_wconf 89' lang='lat' dir='ltr'><strong>et</strong></span> <span class='ocrx_word' id='word_1_865' title='bbox 3272 5197 3392 5250; x_wconf 89' lang='lat' dir='ltr'><strong>sine</strong></span> <span class='ocrx_word' id='word_1_866' title='bbox 3425 5209 3514 5246; x_wconf 86' lang='lat' dir='ltr'><strong>re-</strong></span> 
     </span>
    </p>
   </div>
   <div class='ocr_carea' id='block_1_113' title="bbox 1925 5291 3507 5368">
    <p class='ocr_par' dir='ltr' id='par_1_113' title="bbox 1925 5291 3507 5368">
     <span class='ocr_line' id='line_1_113' title="bbox 1925 5291 3507 5368; baseline -0.01 -13"><span class='ocrx_word' id='word_1_867' title='bbox 1925 5299 2224 5356; x_wconf 89' lang='lat' dir='ltr'><strong>dundantia</strong></span> <span class='ocrx_word' id='word_1_868' title='bbox 2251 5297 2640 5368; x_wconf 89' lang='lat' dir='ltr'><strong>proprietatum</strong></span> <span class='ocrx_word' id='word_1_869' title='bbox 2671 5293 2990 5349; x_wconf 75' lang='lat' dir='ltr'><strong>substantia:</strong></span> <span class='ocrx_word' id='word_1_870' title='bbox 3010 5291 3274 5346; x_wconf 86' lang='lat' dir='ltr'><strong>rationem</strong></span> <span class='ocrx_word' id='word_1_871' title='bbox 3306 5295 3507 5341; x_wconf 77' lang='lat' dir='ltr'><strong>servat.</strong></span> 
     </span>
    </p>
   </div>
   <div class='ocr_carea' id='block_1_114' title="bbox 1931 5379 3510 5461">
    <p class='ocr_par' dir='ltr' id='par_1_114' title="bbox 1931 5379 3510 5461">
     <span class='ocr_line' id='line_1_114' title="bbox 1931 5379 3510 5461; baseline -0.01 -12"><span class='ocrx_word' id='word_1_872' title='bbox 1931 5392 2130 5448; x_wconf 81' lang='lat' dir='ltr'><strong>Verum</strong></span> <span class='ocrx_word' id='word_1_873' title='bbox 2153 5393 2389 5461; x_wconf 90' lang='lat' dir='ltr'><strong>denique</strong></span> <span class='ocrx_word' id='word_1_874' title='bbox 2412 5405 2608 5444; x_wconf 89' lang='lat' dir='ltr'><strong>nomen</strong></span> <span class='ocrx_word' id='word_1_875' title='bbox 2636 5399 2738 5451; x_wconf 87' lang='lat' dir='ltr'><strong>est,</strong></span> <span class='ocrx_word' id='word_1_876' title='bbox 2767 5387 2912 5458; x_wconf 90' lang='lat' dir='ltr'><strong>quod</strong></span> <span class='ocrx_word' id='word_1_877' title='bbox 2934 5386 3010 5440; x_wconf 88' lang='lat' dir='ltr'><strong>rei</strong></span> <span class='ocrx_word' id='word_1_878' title='bbox 3040 5386 3177 5439; x_wconf 66' lang='lat' dir='ltr'><strong>ratio</strong></span> <span class='ocrx_word' id='word_1_879' title='bbox 3201 5379 3510 5450; x_wconf 77' lang='lat' dir='ltr'><strong>significare</strong></span> 
     </span>
    </p>
   </div>
   <div class='ocr_carea' id='block_1_115' title="bbox 1924 5478 3509 5556">
    <p class='ocr_par' dir='ltr' id='par_1_115' title="bbox 1924 5478 3509 5556">
     <span class='ocr_line' id='line_1_115' title="bbox 1924 5478 3509 5556; baseline -0.009 -14"><span class='ocrx_word' id='word_1_880' title='bbox 1924 5488 2060 5542; x_wconf 86' lang='lat' dir='ltr'><strong>vult.</strong></span> <span class='ocrx_word' id='word_1_881' title='bbox 2095 5485 2282 5556; x_wconf 82' lang='lat' dir='ltr'><strong>Neque</strong></span> <span class='ocrx_word' id='word_1_882' title='bbox 2333 5499 2441 5548; x_wconf 82' lang='lat' dir='ltr'><strong>res,</strong></span> <span class='ocrx_word' id='word_1_883' title='bbox 2479 5491 2752 5552; x_wconf 84' lang='lat' dir='ltr'><strong>quatenus</strong></span> <span class='ocrx_word' id='word_1_884' title='bbox 2783 5497 2871 5535; x_wconf 90' lang='lat' dir='ltr'><strong>res</strong></span> <span class='ocrx_word' id='word_1_885' title='bbox 2899 5489 3003 5544; x_wconf 89' lang='lat' dir='ltr'><strong>est,</strong></span> <span class='ocrx_word' id='word_1_886' title='bbox 3033 5478 3234 5547; x_wconf 83' lang='lat' dir='ltr'><strong>decipit</strong></span> <span class='ocrx_word' id='word_1_887' title='bbox 3269 5494 3283 5530; x_wconf 91' lang='lat'><strong>:</strong></span> <span class='ocrx_word' id='word_1_888' title='bbox 3331 5488 3509 5544; x_wconf 85' lang='lat' dir='ltr'><strong>neque</strong></span> 
     </span>
    </p>
   </div>
   <div class='ocr_carea' id='block_1_116' title="bbox 1924 5570 3506 5650">
    <p class='ocr_par' dir='ltr' id='par_1_116' title="bbox 1924 5570 3506 5650">
     <span class='ocr_line' id='line_1_116' title="bbox 1924 5570 3506 5650; baseline -0.009 -14"><span class='ocrx_word' id='word_1_889' title='bbox 1924 5595 2146 5647; x_wconf 90' lang='lat' dir='ltr'><strong>nomen,</strong></span> <span class='ocrx_word' id='word_1_890' title='bbox 2173 5587 2442 5650; x_wconf 88' lang='lat' dir='ltr'><strong>quatenus</strong></span> <span class='ocrx_word' id='word_1_891' title='bbox 2473 5591 2668 5632; x_wconf 90' lang='lat' dir='ltr'><strong>nomen</strong></span> <span class='ocrx_word' id='word_1_892' title='bbox 2696 5586 2778 5630; x_wconf 89' lang='lat' dir='ltr'><strong>est</strong></span> <span class='ocrx_word' id='word_1_893' title='bbox 2803 5573 3036 5644; x_wconf 66' lang='lat' dir='ltr'><strong>propriae</strong></span> <span class='ocrx_word' id='word_1_894' title='bbox 3059 5571 3159 5641; x_wconf 89' lang='lat' dir='ltr'><strong>rei,</strong></span> <span class='ocrx_word' id='word_1_895' title='bbox 3185 5570 3241 5625; x_wconf 89' lang='lat' dir='ltr'><strong>in</strong></span> <span class='ocrx_word' id='word_1_896' title='bbox 3263 5583 3506 5625; x_wconf 84' lang='lat' dir='ltr'><strong>errorem</strong></span> 
     </span>
    </p>
   </div>
   <div class='ocr_carea' id='block_1_117' title="bbox 213 5757 2992 5843">
    <p class='ocr_par' dir='ltr' id='par_1_117' title="bbox 213 5757 2992 5843">
     <span class='ocr_line' id='line_1_117' title="bbox 213 5757 2992 5843; baseline -0.003 -27"><span class='ocrx_word' id='word_1_897' title='bbox 213 5839 218 5843; x_wconf 20' lang='grc'><strong><em>1</em></strong></span> <span class='ocrx_word' id='word_1_898' title='bbox 308 5761 424 5831; x_wconf 71' lang='lat'><strong>(97)</strong></span> <span class='ocrx_word' id='word_1_899' title='bbox 457 5761 654 5818; x_wconf 71' lang='lat' dir='ltr'><strong>Recole</strong></span> <span class='ocrx_word' id='word_1_900' title='bbox 675 5778 794 5833; x_wconf 72' lang='lat' dir='ltr'><strong>qua:</strong></span> <span class='ocrx_word' id='word_1_901' title='bbox 827 5763 1204 5820; x_wconf 86' lang='lat' dir='ltr'><strong>annotavimus</strong></span> <span class='ocrx_word' id='word_1_902' title='bbox 1242 5765 1342 5818; x_wconf 87' lang='lat' dir='ltr'><strong>col.</strong></span> <span class='ocrx_word' id='word_1_903' title='bbox 1365 5764 1484 5829; x_wconf 72' lang='lat'><strong>7-2.0,</strong></span> <span class='ocrx_word' id='word_1_904' title='bbox 1532 5781 1585 5817; x_wconf 92' lang='lat' dir='ltr'><strong>n.</strong></span> <span class='ocrx_word' id='word_1_905' title='bbox 1621 5763 1709 5832; x_wconf 66' lang='lat' dir='ltr'><strong>i7,</strong></span> <span class='ocrx_word' id='word_1_906' title='bbox 1738 5779 1860 5819; x_wconf 91' lang='lat' dir='ltr'><strong>cum</strong></span> <span class='ocrx_word' id='word_1_907' title='bbox 1904 5761 2146 5820; x_wconf 78' lang='lat' dir='ltr'><strong>Rclaudo</strong></span> <span class='ocrx_word' id='word_1_908' title='bbox 2177 5761 2314 5816; x_wconf 77' lang='lat' dir='ltr'><strong>hanc</strong></span> <span class='ocrx_word' id='word_1_909' title='bbox 2347 5757 2710 5817; x_wconf 84' lang='lat' dir='ltr'><strong>idololatriam</strong></span> <span class='ocrx_word' id='word_1_910' title='bbox 2743 5762 2992 5826; x_wconf 80' lang='lat' dir='ltr'><strong>negante.</strong></span> 
     </span>
    </p>
   </div>
  </div>
