3994 6628
450 380 556 443 795

1695 371 1992 434 ΝΙΟΕΤᾹΞ
2032 371 2444 433 ΒΥΖΑΝΤΙΝΙ
3607 365 3697 431 796

452 492 664 549 inducit
698 508 712 545 :
743 487 836 546 sed
869 495 926 543 ut
951 487 1178 544 alterius
1213 487 1288 543 rei
1323 486 1377 542 in
1417 486 1586 542 altera
1621 500 1678 541 re
1707 501 1927 550 nomen,
1964 495 2045 540 at-

2153 484 2368 555 ἀπατᾷ·
2404 480 2523 537 ἀλλ’
2557 482 2633 546 ὡς
2680 481 2844 537 ἄλλου
2892 482 3218 556 πράγματος
3269 481 3326 537 ὲν
3366 481 3539 554 ἑτέρῳ
3589 484 3704 552 πρᾶο

448 598 558 655 que
599 591 658 638 ut
694 581 919 637 alterius
964 581 1202 635 nominis
1262 580 1314 634 in
1360 579 1529 635 altero
1582 578 1801 633 nomine
1841 592 1946 645 res,
1982 576 2035 633 id

450 674 668 729 demum
703 673 758 727 in
794 687 1037 727 errorem
1075 671 1259 725 trahit.

520 765 609 821 97.
660 765 755 820 llis
802 762 874 817 ita
920 778 979 817 se
1029 760 1374 826 habentibus,
1421 761 1578 816 facile
1615 769 1695 816 est
1736 758 2033 815 barbarum

452 860 598 911 hunc
624 868 920 925 coarguere
944 852 1223 923 populum,
1249 854 1340 922 qui
1374 861 1576 907 temere
1606 851 1698 906 Dei
1735 851 2031 906 Abrahami

451 946 812 1017 appellatione
860 947 961 1000 sibi
1017 945 1199 1000 fucum
1234 945 1405 1000 facit:
1454 961 1631 1016 neque
1667 946 1813 999 enim
1857 945 1944 999 hie
1969 944 2036 999 ab

450 1039 714 1110 Agarenis
734 1054 924 1107 reapse
953 1038 1170 1102 colitur,
1197 1037 1412 1093 etiamsi
1446 1039 1803 1108 particulares
1823 1038 2036 1107 aliquas

450 1138 609 1184 notas
649 1130 793 1184 illius
827 1146 937 1199 pra:
977 1144 1035 1184 se
1078 1128 1260 1184 ferunt
1294 1139 1346 1183 et
1384 1132 1717 1185 conlitentur
1741 1170 1755 1192 ,
1787 1129 2038 1184 videlicet

450 1221 951 1286 eircumeisionem,
978 1230 1031 1275 et
1061 1222 1208 1291 quod
1234 1221 1345 1275 sint
1368 1222 1601 1291 populus
1627 1220 1716 1277 Dei
1738 1221 2034 1276 Ahrahami

445 1313 783 1382 iactantiam.
832 1313 984 1369 Sicut
1024 1314 1169 1369 enim
1224 1315 1369 1370 haud
1419 1317 1552 1371 satis
1585 1326 1668 1371 est
1715 1315 2037 1370 exhibemhe

454 1406 692 1461 hominis
719 1407 947 1470 notitiae,
978 1407 1019 1462 si
1047 1406 1173 1477 quis
1198 1407 1342 1462 dicat
1380 1407 1627 1479 bipedem
1651 1419 1702 1462 et
1728 1409 2034 1474 mortalem,

450 1513 782 1568 quamquam
816 1514 1004 1567 reapse
1033 1500 1189 1569 bipes
1222 1502 1582 1571 mortalisque
1608 1510 1691 1555 est
1711 1500 1913 1567 homo;
1942 1500 2035 1554 sed

453 1606 561 1646 non
596 1592 857 1646 continuo
887 1594 1001 1648 hzec
1028 1593 1309 1647 hominem
1331 1592 1621 1658 deliniunt,
1653 1593 1781 1665 quia
1811 1608 1917 1646 non
1950 1593 2038 1648 di-

453 1692 587 1738 cunt
644 1684 997 1754 principalem
1058 1695 1267 1741 natura:
1338 1686 1591 1740 humanae
1649 1686 2037 1756 propriamque

456 1785 640 1829 notant
685 1794 698 1840 ;
736 1782 807 1831 ita
841 1792 964 1832 eum
1006 1778 1094 1833 isti
1124 1778 1313 1833 dicunt
1337 1777 1497 1833 deum
1540 1793 1598 1833 se
1632 1777 1832 1833 habere
1867 1776 2036 1833 Deum

453 1869 786 1935 Abrahami,
833 1880 887 1925 et
933 1885 1155 1925 carnem
1202 1869 1601 1925 circumcidere
1629 1910 1645 1934 ,
1694 1885 2039 1940 nequaquam

454 1961 631 2029 ipsum
678 1962 827 2016 illum
862 1963 1081 2032 pr0prie
1117 1978 1351 2033 vereque
1398 1963 1568 2019 Deum
1603 1963 1985 2018 demonstrant
2020 1981 2036 2033 ;

453 2050 582 2120 quia
628 2050 873 2122 symbola
918 2052 1009 2106 illa
1063 2053 1350 2118 omittunt,
1395 2068 1514 2123 quae
1560 2054 1711 2107 illum
1766 2056 2041 2125 praecipue

454 2142 735 2198 denotant.
775 2142 911 2197 Nam
954 2160 1078 2198 cum
1133 2147 1309 2216 gentis
1366 2162 1554 2201 eorum
1613 2145 1724 2201 dux
1765 2146 2041 2202 contraria

454 2232 554 2303 legi
610 2233 702 2288 Dei
750 2235 1043 2289 Abrahami
1079 2234 1344 2304 imperat,
1388 2250 1568 2290 nonne
1601 2236 1831 2289 alterum
1869 2234 2039 2289 Deum

453 2324 557 2378 sub
588 2323 733 2381 illius
760 2326 985 2380 nomine
1016 2325 1264 2380 invehit?
1288 2327 1465 2393 Atque
1497 2326 1635 2380 hanc
1664 2324 2037 2394 deceptionem

453 2435 693 2490 quanam
718 2436 815 2476 nos
840 2418 2042 2489 rationecontingeredicimus,animadverti-

457 2523 528 2566 te.
566 2511 709 2566 Dixit
736 2511 1032 2566 Abrahami
1066 2510 1209 2567 Deus
1236 2511 1362 2566 filiis
1393 2510 1513 2580 ejus
1546 2528 1558 2565 :
1593 2510 1709 2565 Non
1742 2510 2041 2566 adorabitis

457 2602 621 2655 ullam
655 2600 927 2656 idolorum
966 2602 1197 2667 iconem,
1227 2617 1404 2671 neque
1443 2602 1549 2657 illis
1580 2602 1787 2657 cultum
1815 2602 2040 2657 exhibe-

458 2693 608 2758 bitis,
636 2708 830 2764 nempe
850 2710 948 2750 ceu
970 2694 1099 2749 Deo.
1124 2693 1269 2749 Dixit
1292 2694 1433 2749 Deus
1464 2695 1747 2765 Agarenis,
1777 2702 1833 2749 ut
1866 2695 2039 2761 aiunt,

456 2804 554 2857 per
581 2788 813 2858 legatum
849 2804 1008 2843 suum
1045 2806 1059 2843 :
1086 2787 1324 2843 Adorate
1348 2786 1691 2853 Chubarum,
1721 2787 1812 2842 Dei
1844 2789 2040 2852 instar,

455 2878 602 2947 qued
637 2887 722 2933 est
752 2878 955 2933 idolum
992 2889 1044 2934 et
1074 2877 1306 2933 Veneris
1342 2878 1717 2933 simulacrum.
1748 2878 2042 2934 Videamus

454 2970 567 3042 jam
597 2970 727 3042 quid
765 2987 1054 3027 commune
1088 2971 1160 3028 sit
1194 2971 1510 3028 Abrahamo
1540 2989 1665 3028 cum
1701 2971 2039 3038 Mahamede,

452 3072 511 3120 et
536 3064 667 3135 quid
694 3065 994 3121 diversum.
1022 3064 1319 3121 Videamus
1353 3066 1506 3131 item,
1542 3082 1792 3137 quamam
1829 3067 2041 3137 potiora

457 3158 659 3213 indicia
710 3158 841 3221 sint,
872 3158 1073 3227 quibus
1122 3156 1262 3212 Deus
1291 3157 1360 3213 ab
1407 3158 1719 3214 hominibus
1750 3158 1889 3213 Deus
1920 3172 2043 3213 esse

452 3248 751 3305 denotatur
776 3268 789 3304 :
816 3251 1233 3320 etquandonam
1256 3250 1505 3305 videatur
1537 3251 1783 3315 quidem,
1811 3251 1907 3305 sed
1939 3265 2045 3304 non

353 3388 362 3404 ,
457 3342 576 3398 sit:
625 3343 846 3414 quando
886 3344 1013 3399 item
1066 3343 1249 3414 potius
1292 3346 1359 3399 ad
1403 3344 1742 3400 iracundiam
1786 3358 2052 3415 provoce-

460 3444 572 3492 tur.

534 3524 624 3581 98.
654 3525 731 3580 Ex
764 3525 832 3582 iis
854 3527 1138 3596 praeceptis
1170 3542 1289 3598 quae
1317 3526 1475 3582 nobis
1502 3534 1712 3581 tantum
1748 3525 2053 3596 suifragan-

466 3627 576 3684 tur,
622 3620 803 3673 minor
857 3620 1259 3691 obscuriorque
1302 3619 1546 3691 exsurgit
1597 3620 1887 3675 indieativa
1925 3629 2051 3675 nota

466 3711 564 3765 Dei
601 3730 614 3766 :
646 3711 756 3767 imo
784 3712 927 3767 nulla
960 3722 1044 3767 est
1077 3712 1372 3777 interdum,
1408 3728 1534 3768 cum
1562 3714 1612 3769 ei
1642 3730 1750 3769 non
1776 3713 2049 3769 obeditur.

468 3803 546 3858 Ex
572 3805 639 3860 iis
669 3814 847 3859 autem
880 3806 1185 3876 praeceptis,
1218 3808 1419 3877 quibus
1448 3806 1701 3878 majestas
1737 3807 1855 3877 ejus
1873 3817 2055 3863 osten-

470 3896 632 3959 ditur,
664 3895 847 3950 verior
891 3895 1157 3966 longeque
1192 3896 1364 3967 major
1390 3897 1630 3964 emicat;
1679 3896 1823 3952 sicut
1859 3906 1913 3952 et
1940 3897 2054 3952 vice

470 4002 645 4041 versa.
684 3985 938 4057 Suscepit
968 3987 1316 4043 Abrahamus
1340 3988 1840 4053 circumcisionem,
1898 3997 2052 4058 post-

470 4093 633 4147 quam
660 4077 827 4134 Deum
855 4088 1151 4149 agnoverat
1174 4088 1228 4135 et
1262 4080 1406 4134 idola
1439 4081 1611 4150 patris
1638 4080 1721 4136 sui
1758 4079 2053 4149 abiecerat.

470 4170 831 4236 Quandonam
878 4187 1009 4242 ergo
1037 4173 1083 4228 is
1116 4173 1223 4227 Deo
1257 4174 1428 4245 magis
1462 4175 1663 4243 placuit
1696 4175 1719 4227 ?
1754 4172 2056 4227 idolorum-

473 4279 540 4318 ue
569 4265 874 4332 negatione,
905 4280 973 4319 an
1002 4266 1185 4320 carnis
1216 4266 1636 4321 circumcisione
1665 4268 1687 4321 τ
1730 4266 1906 4330 Patet,
1938 4265 2059 4320 ido-

472 4356 579 4411 lico
609 4358 791 4425 potius
826 4358 1093 4429 abnegato
1129 4360 1318 4415 cultu:
1358 4375 1482 4413 nam
1526 4360 1740 4414 nonnisi
1792 4376 1889 4415 ceu
1933 4359 2055 4416 ﬁdei

2144 595 2316 648 γματι
2367 578 2559 648 δνομα,
2593 580 2685 630 καί
2714 577 2790 641 ὡς
2815 577 2977 631 ἄλλου
3019 578 3283 649 ὀνόματος
3314 580 3372 632 ἐν
3403 578 3577 649 ἑτέρῳ
3610 577 3709 631 (ivd-

2148 686 2278 741 ματι
2304 672 2537 741 πρᾶγμα
2568 670 2600 739 ἠ
2630 670 2813 740 ἀπάτη
2846 668 3154 739 συμϐαίνει.

2188 751 2319 829 ἰιζα
2363 762 2583 815 Τούτων
2637 762 2812 825 οὕτως
2864 762 3098 833 ἑχόντων
3144 762 3328 835 ῥᾴδιον
3386 762 3606 831 ἐλέγξαι
3660 765 3713 817 τὸ

2147 852 2421 925 βάρϐαρον
2457 855 2613 908 τοῦτο
2644 855 2830 924 φῦλον,
2878 856 2955 920 ὠς
2995 857 3075 920 είς
3112 857 3289 927 μάτην
3332 858 3397 928 τῇ
3449 858 3543 910 τοῦ
3590 856 3713 911 Θεοῦ

2158 946 2411 1017 Ἀϐραὰμ
2464 945 2656 1017 κλήσει
2703 946 2929 1011 ἑαυτοὺς
2988 947 3354 1014 ἐξαπατῶσιν,
3416 948 3517 1003 οὐκ
3560 949 3715 1003 αὖτοῦ

2146 1035 2358 1108 ἀληθῶς
2394 1038 2483 1091 ὑπ’
2513 1038 2693 1092 αὑτῶν
2722 1037 3139 1111 λατρευομένόυ,
3168 1039 3270 1095 κᾶν
3297 1042 3342 1093 εί
3378 1042 3582 1110 μερικά
3607 1060 3718 1096 τινα

2146 1128 2503 1200 γνωρίσματα
2535 1128 2700 1181 αὑτοῦ
2733 1130 3084 1199 ὲπιφέρονταί
3130 1148 3191 1183 τε
3236 1129 3329 1185 καὶ
3377 1130 3716 1201 ὁμολογοῦσι,

2148 1222 2248 1291 τήν
2278 1238 2335 1272 τε
2365 1236 2429 1273 πε
2439 1220 2667 1291 ριτομὴν
2688 1220 2783 1273 καὶ
2807 1219 2868 1274 τὸ
2892 1221 3069 1290 λέγειν
3092 1221 3289 1286 αὐτοὺς
3306 1223 3435 1276 λαὸν
3467 1217 3605 1275 εἶναι
3630 1222 3718 1275 τοῦ

2146 1313 2279 1367 Θεοῦ
2316 1314 2586 1384 Ἀϐραάμ.
2618 1314 2706 1377 Ὠς
2731 1316 2840 1385 γὰρ
2869 1314 2967 1367 οὐκ
2999 1315 3162 1385 ἀρκεῖ
3190 1314 3288 1386 τὴν
3317 1314 3410 1368 τοῦ
3434 1314 3719 1386 ἀνθρώπου

2146 1404 2347 1472 γνῶσιν
2389 1404 2737 1473 παραστῆσαι
2771 1405 2831 1457 τὸ
2856 1406 3033 1457 εἰπεῖν
3076 1405 3265 1458 δίπουν
3300 1406 3516 1476 θνητὸν,
3548 1408 3720 1460 καίτοι

2146 1496 2334 1549 δίπουν
2366 1496 2558 1565 θνητὸν
2602 1498 2815 1566 ἀληθῶς
2846 1500 2873 1551 ὀ
2905 1497 3193 1567 ἄνθρωπος
3215 1515 3228 1529 ο
3280 1498 3393 1551 ἀλλ’
3428 1500 3528 1553 οὐκ
3588 1500 3717 1553 εὐθὺ

2144 1588 2238 1643 τὸν
2262 1587 2551 1659 ἄνθρωπον
2573 1588 2749 1643 ταῦτα
2780 1590 2950 1661 δηλοῖ,
2982 1590 3070 1643 διὰ
3105 1592 3166 1645 τὸ
3200 1591 3274 1661 μὴ
3299 1586 3463 1660 φάναι
3488 1592 3588 1662 τὴν
3624 1610 3721 1645 κυ-

2151 1680 2284 1751 ρίως
2311 1681 2730 1752 παραστατικὴν
2758 1681 2858 1751 τῆς
2883 1681 3173 1752 ἀνθρώπου
3206 1682 3419 1751 φύσεως
3435 1682 3718 1754 διαφοράνο

2146 1769 2320 1833 οὕτως
2361 1770 2562 1825 οὐδὲτὸ
2589 1770 2753 1839 φάναι
2788 1772 2984 1836 αὐτοὺς
3027 1772 3149 1826 θεὸν
3176 1772 3318 1843 ἔχειν
3341 1774 3435 1826 τοῦ
3470 1773 3722 1845 Ἀϐραὰμ

2075 1851 2117 1910 Β
2146 1862 2236 1915 τὸν
2270 1862 2421 1923 Θεὸν,
2459 1861 2553 1915 καὶ
2582 1863 2681 1933 τὴν
2714 1861 2892 1933 σάρκα
2925 1864 3377 1935 περιτετμῆσθαι,
3404 1864 3535 1919 Θεὸν
3562 1867 3720 1918 αὑτὸν

2148 1951 2388 2006 δείκνυσι
2411 1953 2501 2005 τὸν
2536 1954 2739 2022 κυρίως
2774 1952 2866 2007 καὶ
2897 1953 3135 2025 ἀληθῶς,
3162 1954 3269 2007 τῶν
3300 1956 3720 2027 χαρακτηρίζειν

2147 2041 2460 2112 δυναμένων
2485 2060 2548 2095 συ
2558 2042 2769 2111 μϐόλων
2785 2045 3232 2114 παρεωραμένων
3254 2044 3344 2097 ὑπ’
3373 2044 3577 2098 αὐτῶν.
3604 2044 3723 2098 ’οτ’

2150 2133 2215 2187 ἂν
2239 2134 2346 2203 γάρ
2373 2136 2401 2188 ὁ
2423 2134 2518 2187 τοῦ
2543 2135 2731 2199 ἔθνους
2757 2135 2939 2189 αὐτῶν
2972 2136 3298 2207 προαγωγὸς
3343 2137 3566 2190 ἐναντία
3614 2138 3722 2191 τῶν

2145 2224 2241 2278 τοῦ
2270 2225 2406 2279 Θεοῦ
2445 2226 2694 2297 Ἀϐραάμ
2721 2228 2903 2297 νόμων
2930 2229 3269 2301 προστάσσῃ,
3296 2225 3327 2282 ἀ
3338 2227 3387 2300 ρ’
3414 2230 3513 2299 οὐχ
3541 2229 3722 2299 ἕτερον

2147 2317 2283 2372 Θεὸν
2314 2319 2393 2383 είς
2423 2321 2483 2372 τὸ
2514 2319 2723 2374 ἐκείνου
2750 2321 2957 2391 εἰσάγει
3001 2322 3206 2392 δνομα;
3261 2324 3381 2377 καθ’
3423 2321 3483 2377 δν
3522 2325 3721 2394 τρόπον

2148 2413 2247 2481 τὴν
2279 2412 2495 2481 ἀπάτην
2537 2412 2773 2484 λέγομεν
2813 2412 3166 2485 συμϐαίνειν·
3213 2419 3465 2470 σκοπεῖτε
3491 2417 3600 2487 γὰρ
3635 2419 3715 2470 ἔνο

2148 2505 2337 2559 τεῦοεν
2358 2521 2371 2534 °
2404 2502 2571 2560 Εἶπεν
2594 2506 2621 2560 ό
2648 2508 2780 2571 Θεὸς
2803 2507 2896 2561 τοῦ
2934 2508 3183 2580 Ἀϐραὰμ
3213 2511 3325 2573 τοῖς
3355 2510 3490 2573 υἱοῖς
3518 2510 3682 2565 αὑτοῦ
3703 2526 3719 2542 ο
3762 2499 3771 2506 ’

2156 2613 2175 2648 ι
2205 2596 2282 2651 Οὐ
2326 2599 2734 2670 προσκυνήσετε
2767 2602 2876 2653 πᾶν
2919 2601 3190 2671 ὁμοίωμα,
3228 2600 3346 2653 οὐδὲ
3376 2599 3451 2671 μὴ
3494 2600 3719 2671 λατρεὺ-⁸

2151 2705 2279 2757 σητε
2309 2690 2513 2754 αὐτοῖς,
2549 2708 2569 2743 ι
2600 2690 2880 2744 τουτέστιν
2908 2691 2983 2754 ὡς
3008 2690 3139 2744 Θεόν
3165 2690 3261 2765 [ita
3304 2692 3477 2764 cod.].
3508 2689 3674 2748 Εἶπεν
3696 2696 3723 2749 ὀ

2149 2781 2281 2845 Θεὸς
2316 2783 2661 2854 Ἀγαρηνοῖς,
2686 2782 2761 2846 ὥς
2786 2801 2938 2854 φασι,
2974 2785 3060 2838 διὰ
3087 2784 3178 2838 τοῦ
3210 2785 3511 2840 ἀποστόλου
3540 2787 3717 2841 αὐτοῦ·

2150 2876 2518 2947 Προσκυνεῖτε
2553 2874 2632 2946 τῷ
2688 2876 2909 2948 Χουϐὰρ
2958 2878 3034 2941 ὡς
3070 2878 3185 2950 Θεῷ
3228 2880 3431 2951 εἰδώλῳ
3473 2880 3588 2933 ὄντι
3635 2880 3721 2934 καὶ

2150 2967 2456 3038 ὁμοιώματι
2515 2969 2615 3039 τῆς
2650 2968 2992 3040 Ἀφροδίτης.
3033 2969 3276 3039 Εἴδωμεν
3319 2967 3412 3026 οὖν
3443 2973 3497 3026 τί
3550 2973 3723 3026 κοινὸν

2150 3060 2263 3131 ἔχει
2306 3060 2559 3132 Ἀϐραὰμ
2583 3062 2678 3115 καὶ
2708 3061 2975 3133 Μωάμετ,
3004 3064 3095 3117 καὶ
3122 3065 3176 3117 τί
3202 3066 3514 3136 διενήνοχεν
3534 3081 3550 3097 ο
3574 3065 3723 3119 εἰδω-

2156 3170 2253 3222 μεεν
2276 3154 2333 3207 δὲ
2364 3154 2459 3207 καὶ
2489 3155 2545 3207 ἐν
2573 3155 2685 3208 τίσι
2741 3155 2942 3226 μᾶλλον
2990 3158 3456 3229 χαρακτηρίζεται
3508 3159 3537 3211 δ
3574 3157 3721 3220 Θεὸς,

2152 3245 2284 3310 Θεὸς
2316 3246 2467 3316 παρά
2515 3246 2820 3317 ἀνθρώπων
2875 3248 3320 3321 γνωριζόμενοςο
3374 3251 3470 3306 καὶ
3513 3252 3572 3305 ὲν
3624 3251 3723 3303 τίσι

2151 3338 2299 3391 δοκεῖ
2348 3339 2469 3409 μὲν,
2523 3337 2625 3394 οὐκ
2660 3340 2774 3395 ἐστι
2816 3341 2903 3395 δέ·
2956 3344 3015 3396 ὲν
3066 3344 3177 3397 τίσι
3227 3344 3284 3398 δὲ
3335 3345 3722 3416 παροργίζεται

2155 3431 2379 3502 μᾶλλον.

2226 3523 2335 3596 ιη’.
2356 3524 2444 3579 Ἐν
2470 3522 2557 3591 αἷς
2587 3526 2685 3599 μὲν
2706 3522 2801 3583 οὖν
2830 3529 3073 3594 ἐντολαῖς
3102 3529 3279 3601 μόνως
3308 3531 3464 3585 αὐτοὶ
3496 3530 3723 3602 κοσμοῦ·

2158 3615 2320 3686 μεθα,
2338 3616 2579 3671 ἐλάττων
2595 3621 2629 3691 ή
2654 3619 2885 3691 δήλωσις
2908 3619 3002 3675 τοῦ
3020 3622 3179 3676 Θείου
3202 3623 3296 3675 καὶ
3324 3621 3565 3693 ἀμυδρόν
3586 3624 3724 3677 ἐστιν

2154 3706 2210 3760 δὲ
2242 3707 2331 3761 δτε
2381 3708 2502 3763 οὐδὲ
2546 3709 2807 3779 ὲλάττων,
2854 3712 3018 3783 ἡνίκα
3051 3714 3213 3777 αὐτὸς
3246 3713 3642 3783 ἀποκρούοιτοο
3674 3716 3697 3766 ἐ

2155 3794 2236 3864 οἷς
2267 3801 2324 3855 δὲ
2354 3801 2385 3872 ἡ
2416 3802 2584 3857 αὐτοῦ
2613 3804 2739 3869 δόξα
2772 3805 3107 3871 συνίσταται,
3133 3806 3340 3878 ἀληθής
3376 3809 3472 3861 καὶ
3530 3806 3721 3877 μείζων

2159 3893 2639 3963 ὑπερϐαλλόντως·
2696 3896 2884 3969 ὥσπερ
2938 3896 3034 3952 καὶ
3089 3897 3149 3952 τὸ
3193 3898 3505 3953 ἀνάπαλινο
3542 3900 3726 3952 ἔλαϐεν

2170 3985 2421 4055 Ἀϐραὰμ
2450 3988 2757 4059 περιτομὴν
2793 3990 3162 4059 προεπιγνοὺς
3194 3991 3285 4044 τὸν
3308 3992 3465 4053 Θεὸν,
3498 3992 3595 4045 καὶ
3626 3993 3726 4044 ἀπ-

2157 4074 2434 4144 ηρνήσατο
2480 4076 2549 4129 τά
2592 4074 2783 4129 εἴδωλα
2830 4077 2925 4129 τοῦ
2976 4079 3183 4150 πατρὸς
3215 4076 3405 4134 αὑτοῦ.
3474 4080 3614 4133 Πότε
3642 4078 3727 4134 οὖν

2162 4168 2365 4237 μᾶλλον
2387 4166 2505 4239 Θεῷ
2528 4168 2918 4240 εὑηρέστησεν,
2973 4171 3033 4224 ὲν
3080 4174 3144 4243 τῇ
3182 4172 3489 4244 ἀπαρνήσει
3524 4173 3631 4227 τῶν
3662 4174 3730 4225 εἱ-

2158 4256 2365 4323 δὼ).ων,
2398 4259 2431 4329 ἢ
2468 4261 2525 4312 ἐν
2554 4263 2621 4332 τῇ
2652 4264 2923 4333 περιτομῇ
2958 4262 3057 4332 τῆς
3087 4262 3318 4331 σαρκός;
3352 4262 3625 4332 Πρόδηλον
3649 4262 3724 4315 ὅτι

2160 4351 2218 4402 ὲν
2243 4353 2309 4421 τῇ
2338 4352 2643 4422 ἀπαρνήσει
2692 4354 2793 4423 τῆς
2842 4353 3288 4423 είδωλολατρείας
3310 4367 3324 4382 ·
3372 4354 3599 4422 σημεῖον
3632 4354 3731 4424 γὰρ

474 4449 688 4517 signum
741 4448 982 4518 suscepit
1032 4448 1286 4518 prreputii
1336 4450 1837 4504 circumcisionem.
1887 4449 2046 4504 Aﬂ'erl

2161 4439 2355 4495 ἐλαϐεν
2383 4440 2485 4511 τῆς
2519 4444 2758 4507 πίστεως
2778 4443 2879 4514 τῆς
2904 4445 2963 4497 ὲν
2996 4446 3062 4513 τῇ
3095 4442 3432 4515 ἀκροϐυστία
3457 4443 3561 4513 τήν
3596 4461 3684 4513 πεί
3703 4474 3720 4492 .

475 4540 839 4607 praestigiator
886 4541 1096 4609 legatus
1133 4540 1508 4611 Agareuorum
1551 4540 2046 4608 circumcisionem,

2159 4535 2362 4603 τομήν.
2390 4533 2612 4601 Είσάγει
2644 4536 2738 4588 καὶ
2757 4537 2784 4587 ὁ
2818 4536 2950 4605 γόης
2979 4536 3007 4588 ὀ
3034 4535 3328 4599 ἀπόστολος
3359 4535 3467 4588 τῶν
3504 4536 3735 4604 Ἀγαρη·

473 4629 569 4683 sed
599 4630 763 4684 simul
807 4629 1190 4684 idololatriam.
1224 4628 1364 4685 Num
1417 4646 1547 4702 ergo
1585 4640 1637 4685 et
1678 4632 1764 4685 hic
1797 4643 2046 4702 tanquam

2158 4626 2264 4679 νῶν
2297 4630 2603 4698 περιτομήν
2624 4644 2637 4657 ·
2666 4627 2802 4681 ἀλλά
2843 4628 2936 4682 καὶ
2965 4627 3430 4699 είδωλολατρείαν.
3471 4623 3602 4697 Ἆρ’
3649 4627 3736 4681 οὖν

474 4722 820 4776 Abrahamus
847 4720 958 4776 Deo
986 4723 1209 4792 placuit,
1235 4739 1301 4778 an
1334 4725 1672 4779 iracundiam
1705 4726 1883 4795 potius
1907 4738 2057 4780 eom-

478 4811 697 4865 movit?
746 4813 826 4866 An
859 4812 1112 4884 denique,
1147 4824 1205 4869 ut
1237 4817 1472 4883 videtur,
1512 4827 1806 4887 utrumque
1848 4818 2058 4887 praesti-

478 4902 593 4957 tit?
635 4903 786 4969 Quod
820 4906 863 4960 si
911 4905 1049 4962 forte
1076 4917 1386 4978 utrumque,
1440 4926 1567 4963 num
1604 4910 1715 4964 Deo
1758 4912 1959 4981 placuit
2000 4925 2058 4965 se

478 4997 942 5065 circumeidendo,
977 5015 1044 5054 an
1086 5002 1253 5057 multo
1288 5003 1465 5071 potius
1500 5004 1734 5058 irritavit
1782 5004 1919 5057 idola
1964 5018 2058 5057 eos

480 5088 682 5143 lende?
729 5088 901 5157 Patet,
952 5093 1095 5162 quod
1125 5096 1303 5164 potius
1346 5094 1624 5150 irritavit:
1673 5111 1795 5149 nam
1823 5110 2057 5162 quorum

481 5182 787 5238 observatio
841 5185 1107 5254 gravioris
1147 5188 1407 5241 momenti
1445 5196 1549 5253 est,
1596 5188 1913 5242 eorumdem
1962 5200 2061 5258 par

482 5274 725 5328 violatio.
764 5277 977 5339 Etenim
1024 5294 1206 5334 rerum
1252 5291 1447 5335 natura
1479 5280 1562 5335 vel
1600 5296 1665 5333 ex
1700 5281 1833 5346 ipsis
1860 5295 2060 5349 cogno-

484 5367 676 5434 scitur,
728 5371 811 5423 vel
857 5386 923 5425 ex
964 5386 1153 5426 earum
1201 5374 1650 5429 circumstantiis.
1707 5373 1772 5427 Et
1821 5375 2061 5443 cognitio

484 5462 703 5530 quidem
729 5479 794 5517 ex
827 5465 1275 5530 circumstantiis,
1311 5466 1579 5520 intirmior
1608 5484 1623 5533 ;
1658 5468 1825 5520 tutior
1852 5482 1979 5521 vero
2008 5475 2061 5521 et

485 5555 752 5607 s:ncerior
776 5569 897 5623 qua:
928 5571 993 5610 ex
1028 5557 1159 5626 ipsis
1189 5556 1353 5611 rebus
1383 5558 1632 5625 emergit.
1660 5555 1761 5610 l’er
1792 5571 1850 5611 se
1883 5557 2059 5627 ipsum

486 5648 707 5718 quidem
750 5649 1089 5703 demonstrat
1135 5646 1333 5717 aliquis
1379 5648 1652 5703 servitutis
1676 5658 1727 5703 et
1752 5648 2062 5705 dominatus

490 5747 781 5807 naturam,
828 5755 951 5795 cum
997 5740 1188 5795 relatio
1240 5740 1537 5795 immobilis
1584 5740 1868 5794 retinetur.
1908 5738 2060 5795 llaud

492 5850 585 5903 per
609 5848 667 5889 se
708 5832 885 5903 ipsum
916 5840 1120 5898 autem,
1151 5848 1274 5889 cum
1308 5831 1512 5903 aliquid
1543 5831 1605 5885 ad
1640 5846 1757 5887 eam
1792 5847 1902 5887 rem
1938 5848 2060 5903 per-

2160 4720 2254 4773 καὶ
2284 4720 2446 4782 αὐτὸς
2474 4720 2552 4783 ὡς
2589 4720 2841 4791 Ἀϐραὰμ
2883 4721 3003 4792 Θεῷ
3045 4722 3443 4793 εὒηρέστησεν;
3475 4718 3508 4791 ἢ
3542 4721 3736 4790 μᾶλλον

2161 4811 2548 4882 παρώργισεν;
2580 4812 2611 4883 ἢ
2643 4813 2718 4877 ὡς
2746 4814 2910 4878 δοκεῖ,
2950 4814 3017 4868 τὰ
3044 4814 3329 4884 ἀμφότερα
3356 4831 3369 4879 ;
3407 4812 3526 4865 ἀλλ’
3555 4814 3603 4865 εἰ
3642 4812 3736 4881 μὲν

2159 4906 2226 4959 τὰ
2267 4904 2575 4974 ἀμφότερα,
2622 4901 2732 4977 ἆρα
2770 4905 2889 4977 Θεῷ
2927 4906 3261 4977 εὐηρὲστησε
3298 4904 3665 4975 περιτέμνων,
3704 4902 3735 4971 ἢ

2164 4996 2365 5068 μᾶλλον
2395 4997 2575 5067 πολλῷ
2602 4998 2765 5052 πλέον
2791 4998 3145 5071 παρὼργισεν
3174 4998 3581 5068 είδωλολατρῶν
3602 5016 3617 5065 ;
3642 4997 3729 5050 Εὖ-

2160 5089 2319 5159 δηλον
2346 5092 2426 5143 ὅτι
2460 5089 2661 5160 μᾶλλον
2684 5088 3034 5162 παρὼργισεν
3055 5108 3069 5122 ο
3104 5084 3178 5144 ὧν
3206 5092 3314 5161 γάρ
3341 5093 3372 5160 ὴ
3402 5091 3737 5163 κατόρθωτις

2164 5181 2391 5252 μείζων,
2422 5182 2627 5235 τούτων
2666 5183 2883 5246 πάντως
2930 5184 3025 5237 καὶ
3067 5186 3099 5254 ή
3144 5184 3463 5245 ἁπόπτωσις
3516 5185 3733 5253 μείζων.

2161 5274 2283 5327 Τῶν
2312 5274 2418 5344 γὰρ
2447 5275 2789 5346 πραγμάτων
2824 5276 2857 5345 ή
2897 5276 3059 5344 φύσις
3106 5278 3170 5329 ἐκ
3212 5274 3321 5330 τῶν
3361 5274 3486 5328 καθ’
3538 5276 3733 5348 αὑτάἢ

2162 5365 2229 5417 ὲκ
2252 5364 2361 5417 τῶν
2392 5366 2521 5435 περὶ
2549 5365 2688 5418 αὐτά
2734 5365 3016 5437 δηλοῦται’
3050 5369 3144 5420 καὶ
3174 5370 3205 5438 ή
3250 5367 3349 5438 μὲν
3378 5368 3441 5419 ἐκ
3470 5365 3581 5419 τῶν
3617 5367 3736 5433 περὶ

2164 5456 2305 5509 αὐτὰ
2337 5456 2589 5528 δήλωσις,
2628 5458 2689 5511 οὐ
2734 5459 2959 5530 τοιαύτη
2982 5475 2994 5489 ·
3032 5461 3065 5532 ή
3103 5461 3160 5513 δὲ
3187 5462 3252 5514 ὲκ
3289 5460 3398 5513 τῶν
3423 5460 3549 5513 καθ’
3580 5458 3731 5521 αὐτὰ,

2162 5552 2414 5623 ἀσφαλής
2440 5568 2497 5604 τε
2530 5552 2623 5605 καὶ
2664 5552 3018 5623 ἀδιάψευστος
3050 5556 3268 5625 μᾶλλον.
3319 5554 3457 5608 Καθ’
3488 5554 3622 5607 αὑτό
3657 5568 3733 5614 τις

2164 5647 2260 5717 τὴν
2288 5646 2451 5717 φύσιν
2473 5645 2716 5710 δουλείας
2740 5651 2831 5701 καὶ
2854 5649 3173 5711 δεσποτείας
3202 5650 3323 5704 τότε
3358 5650 3531 5719 δηλοῖ,
3564 5648 3640 5702 ὅτ’
3670 5647 3731 5700 ἂν

2165 5740 2195 5810 ή
2231 5738 2414 5809 σχέσις
2444 5734 2703 5805 ἀκίνητος
2737 5741 3067 5809 συντηρῆται
3090 5757 3104 5773 ’
3133 5742 3195 5794 οὐ
3234 5742 3355 5796 καθ’
3388 5743 3524 5796 αὐτὸ
3553 5742 3627 5805 δὲ,
3656 5739 3728 5793 ὅτ’

2163 5833 2230 5888 ἂν
2263 5833 2352 5887 τὸν
2381 5829 2508 5899 περὶ
2537 5829 2603 5882 τὸ
2646 5832 2872 5902 πρᾶγμά
2904 5850 3023 5886 τινα
3056 5834 3316 5906 ὲμφαίνῃ,
3370 5835 3487 5890 ἀλλ’
3515 5836 3612 5889 οὐκ
3644 5832 3725 5887 αὑ-
