3994 6610
202 378 320 446 797

1410 378 1846 442 REFUTATIO
1875 378 2350 442 MOHAMEDIS.

3367 374 3480 439 798

199 492 309 562 τὴν
337 488 436 560 τὴν
463 484 650 558 σχέσιν
679 483 822 562 ἔχον.
861 484 928 540 Ἥ
949 484 1042 541 οὖν
1069 489 1339 562 περιτομὴ
1386 491 1516 560 περὶ
1540 488 1638 562 τὴν
1668 489 1792 560 σχέ-

1907 488 2075 545 Linens
2113 490 2359 555 denotat,
2399 485 2492 543 sed
2527 485 2699 557 ipsam
2744 483 3067 540 relationem
3101 495 3210 536 non
3248 480 3482 538 habens.

202 603 297 640 σιν
329 585 429 655 τῆς
455 585 722 649 δουλείας,
759 584 874 638 ἀλλ’
903 583 964 637 οὐ
1008 584 1130 636 κατ’
1159 583 1329 654 αὐτὴν
1355 583 1454 654 τὴν
1488 583 1673 653 σχέσιν
1693 599 1707 613 ’
1737 583 1787 635 εί

199 677 261 730 δὲ
287 677 722 748 είδωλολατρεία,
750 679 811 732 οὐ
848 678 1010 749 μόνον
1035 678 1118 730 ὅτι
1145 677 1208 731 οὐ
1252 676 1362 730 τῶν
1411 675 1536 730 καθ’
1561 676 1694 730 αὑτό
1733 693 1788 729 τι

199 774 309 841 τῆς
334 775 484 838 θείας
512 774 754 844 σχέσεώς
786 776 935 829 ἐστιν
961 815 976 841 ,
1013 775 1046 845 ἢ
1078 774 1188 828 τῶν
1221 775 1348 844 περὶ
1403 773 1596 845 αὐτὴν,
1648 771 1789 827 ἀλλά

201 866 305 918 καὶ
335 865 454 920 κατ’
481 866 650 936 αὐτῆς
674 867 952 930 στασιάζει
973 865 1072 936 τῆς
1107 867 1346 936 σχέσεως
1377 863 1665 918 διασπῶσα
1692 864 1789 916 αὖ·

200 958 332 1028 τήν.
373 959 657 1012 Ἐντεῦθεν
687 957 939 1029 δηλοῦται
965 958 1047 1022 τίς
1070 958 1203 1011 Θεοῦ
1229 957 1417 1026 ἐγγὺς,
1464 956 1715 1028 Ἀϐραὰμ
1753 956 1786 1028 ἢ

202 1051 458 1120 Μωάμετ
484 1068 495 1080 ·
532 1053 682 1114 ποῖος
721 1051 883 1121 νόμος
926 1050 1017 1104 τὸν
1053 1050 1184 1104 Θεὸν
1235 1050 1328 1103 τοῦ
1371 1049 1624 1121 Ἀϐραὰμ
1668 1049 1786 1100 εἰσ-

207 1146 371 1214 ἀγει;
397 1148 425 1200 ὁ
442 1145 636 1214 λέγων,
670 1163 688 1196 ι
715 1145 788 1198 Οὐ
821 1143 1220 1216 προσκυνήσεις
1253 1141 1363 1212 θεῷ
1385 1141 1584 1212 ἑτέρῳ,
1605 1140 1720 1194 ἀλλ’
1753 1143 1788 1213 ἢ

205 1240 404 1311 Κυρίῳ
429 1237 505 1308 τῷ
529 1237 682 1308 Θεῷς
720 1257 738 1289 ι
835 1237 864 1288 ὁ
894 1235 1217 1307 προσκυνῶν
1241 1234 1317 1306 τῷ
1343 1234 1562 1304 Χουδάρ
1586 1232 1790 1304 εἰδώλῳ

206 1332 325 1386 δντι
359 1334 458 1402 τῆς
492 1330 844 1402 Ἀφροδίτης;
882 1330 975 1400 Μὴ
1015 1329 1078 1401 δὴ
1123 1327 1201 1400 τῷ
1245 1328 1472 1397 ὀνόματι
1524 1326 1618 1380 τοῦ
1651 1325 1787 1380 Θεοῦ

219 1424 479 1494 Ἀδραάμ
507 1423 919 1493 σεμνυνόμενοι,
952 1420 1287 1484 ἀπεναντίας
1310 1420 1388 1491 τῷ
1403 1419 1523 1492 Θεῷ
1539 1419 1790 1490 Ἀϐραὰμ

209 1516 538 1588 φρονοῦντες
565 1516 986 1580 ἀπατάσθωσαν,
1010 1515 1086 1578 ὡς
1111 1514 1201 1568 τὸν
1233 1514 1365 1568 Θεὸν
1398 1513 1490 1568 τοῦ
1537 1511 1790 1584 Ἀϐραὰμ

205 1612 412 1664 οἰκεῖον
444 1610 535 1663 καὶ
562 1609 768 1680 εὐμενῆ
801 1609 1020 1672 ἑαυτοῖς
1053 1607 1268 1678 ἔχοντες
1288 1623 1302 1639 ο
1360 1604 1788 1677 παρεδειγματί-

207 1701 420 1770 σθησαν
454 1700 564 1771 γὰρ
625 1700 798 1770 ὄνομα
847 1700 1029 1769 μόνον,
1079 1699 1172 1752 τοῦ
1220 1700 1546 1770 πράγματος
1593 1697 1786 1768 χωρὶς,

208 1792 387 1863 ἑτέρῳ
415 1793 696 1846 ἀπεοικότι
744 1791 1064 1862 τεθειμένον
1119 1790 1333 1862 ψευδῶς
1371 1790 1652 1853 σέϐοντεςο
1696 1789 1789 1842 καὶ

207 1884 277 1936 ἐκ
310 1883 422 1937 τῶν
454 1885 586 1955 περὶ
616 1885 678 1940 τὸ
718 1886 954 1957 πρᾶγμα
996 1885 1059 1938 τὸ
1088 1883 1365 1955 γνώριμον
1407 1882 1551 1953 ἔχειν
1583 1881 1790 1946 ἐξαπα-

207 1975 482 2046 τὼμενοιυ
512 1978 576 2030 ὲκ
605 1979 662 2032 δὲ
689 1979 798 2031 τῶν
833 1979 958 2033 καθ’
983 1977 1116 2032 αὐτὸ
1145 1977 1204 2032 τὸ
1245 1979 1480 2048 πρᾶγμα
1511 1975 1608 2048 τὴν
1639 1976 1796 2030 ἀλλο-

207 2070 439 2141 τρίωσιν
482 2072 716 2142 πάσχειν
772 2070 1215 2141 ἐξελεγχόμενον
1249 2070 1297 2122 εί
1347 2068 1422 2140 μὴ
1473 2069 1579 2138 ἄρα
1634 2069 1794 2138 ἡμεῖς

209 2162 477 2233 φανῶμεν
541 2165 755 2227 ἑαυτοῖς
805 2162 1116 2235 βιαζόμενοι
1163 2162 1259 2216 ἕνα
1309 2162 1442 2215 Θεὸν
1495 2160 1668 2232 ἔχειν·
1703 2159 1796 2212 δύο

207 2254 441 2309 ἐκείνων
466 2255 875 2326 ὁμολογούντων
912 2255 1342 2317 ἐναντιωτάτους
1387 2253 1564 2317 θεοὺς,
1619 2251 1794 2322 ἀληθῆ

208 2352 309 2406 καὶ
333 2348 541 2419 ψευδῆ·
583 2348 708 2421 ἢτό
753 2365 816 2418 γε
872 2348 1238 2419 ἀληθέστερον
1267 2346 1464 2412 εἰπεῖν,
1513 2345 1797 2417 οὐδέτερον

209 2445 469 2516 ἑχόντων.

207 2535 350 2617 ΚΗξ.
392 2534 838 2617 Ἀπόδειξις-ηὸτι
864 2535 936 2589 οὐ
963 2533 1085 2617 τὸν.
1109 2533 1295 2617 graec
1325 2530 1622 2617 ᾀληθινὸν
1649 2529 1800 2617 Θεὸν

279 2607 608 2675 είσηγεῖται
634 2609 666 2660 ό
692 2600 947 2673 Μωάμετ
973 2621 987 2636 ο
1025 2603 1169 2659 οὐδὲ
1200 2601 1369 2675 αὐτῷ
1389 2605 1442 2655 οἱ
1490 2600 1798 2675 Ἀγαρηνοὶ

281 2674 691 2744 λατρεύουσιν
720 2719 734 2741 ,
791 2675 952 2730 ἀλλὰ
999 2675 1108 2728 τὸν
1133 2674 1502 2744 ἀποστάτην·Δ
1545 2674 1799 2740 δαίμονα

283 2741 799 2817 σφετερισάμενον
853 2747 939 2812 είς
990 2744 1212 2801 ἑαυτὸν
1267 2742 1382 2812 τὴν
1414 2741 1581 2797 θείαν
1613 2757 1800 2811 προσ-

279 2817 555 2887 "rapiam

287 2906 399 2977 σθ’.
426 2909 654 2963 Πάντων
697 2907 804 2963 τῶν
835 2907 1003 2961 ὄντων
1032 2903 1379 2975 ὕπεροχικῶς
1415 2901 1714 2975 ἐξῃρῆσθαι
1739 2903 1800 2956 τὸ

207 3000 399 3064 Θείον,
427 3001 475 3052 εί
504 3000 597 3054 καί
620 3017 672 3053 τι
703 2999 832 3055 ἀλλο
856 3000 918 3052 τό
939 3014 1003 3067 γε
1027 2996 1388 3052 ἀναλλοίωτον
1412 2996 1508 3050 καὶ
1531 2995 1800 3066 ἄτρεπτον

207 3093 619 3166 χαρακτηρίζει
675 3091 885 3162 σαφῶς,
937 3090 1059 3144 κατ’
1110 3089 1244 3145 αὑτό
1296 3107 1358 3143 τε
1386 3088 1450 3142 τὸ
1502 3082 1665 3152 εἶναι,
1706 3089 1801 3141 κα)⁹

1889 581 2078 652 Itaque
2114 581 2466 637 circumcisio
2503 579 2650 634 circa
2685 577 3007 632 relationem
3045 584 3130 630 est
3173 573 3477 640 servitutis,

1888 677 1981 730 sed
2001 690 2106 729 non
2138 676 2253 744 ipsa
2283 673 2474 728 relatio
2502 681 2606 726 cst.
2635 669 2704 725 At
2723 668 3033 724 idololatria
3058 682 3163 722 non
3188 666 3364 720 solum
3385 679 3482 736 per

1889 785 1948 825 se
1982 769 2145 824 habet
2169 768 2408 822 divinam
2440 766 2642 820 nullam
2673 761 3016 827 relationem,
3048 759 3140 816 sed
3178 759 3253 812 illi
3283 759 3481 812 adver-

1888 872 2040 919 satur
2080 877 2248 932 seque
2287 861 2411 915 inde
2450 859 2655 914 avellit.
2711 856 2851 911 IIinc
2895 854 3069 908 elucet
3104 853 3228 922 quis
3263 852 3372 905 Deo
3405 851 3480 906 sit

1888 955 2197 1026 proximus,
2252 953 2672 1008 Abrahamusne
2715 966 2784 1005 an
2818 948 3167 1003 Mohamcdes
3200 963 3214 1000 :
3242 961 3362 1014 qua:
3393 944 3481 998 lex

1890 1046 2060 1100 Deum
2092 1043 2384 1098 Abrahami
2409 1042 2692 1107 exhibeat;
2726 1056 2855 1095 num
2882 1040 2970 1093 illa
2998 1052 3121 1108 qua:
3154 1037 3228 1090 ait
3261 1055 3276 1090 :
3311 1054 3329 1086 ‹
3363 1034 3479 1088 Non

1889 1139 2144 1195 adorabis
2174 1137 2339 1192 Deum
2361 1136 2550 1196 alium,
2573 1135 2676 1190 nisi
2708 1133 2999 1188 Dominum
3036 1131 3202 1184 Deum
3235 1135 3421 1190 tuum;
3453 1145 3471 1175 ι

1889 1250 1956 1289 an
1994 1235 2106 1288 hac
2137 1247 2257 1301 quae
2285 1227 2684 1299 adorarejubet
2709 1227 3019 1282 Chubarem
3043 1221 3271 1277 Veneris
3301 1220 3476 1274 simu-

1891 1329 2123 1384 lacrum.
2144 1325 2243 1388 Ne,
2261 1339 2468 1395 qmeso,
2491 1323 2712 1376 nomine
2730 1318 2820 1372 Dei
2837 1315 3130 1372 Abrahami
3152 1311 3476 1384 glorientur,

1889 1421 2019 1477 dum
2046 1418 2320 1476 contraria
2351 1417 2461 1472 Deo
2482 1401 2776 1470 Abrahami
2806 1411 3058 1474 credunt,
3085 1414 3248 1473 atque
3277 1403 3347 1456 ita
3371 1401 3476 1454 fal-

1891 1512 2074 1566 lantur
2097 1524 2195 1564 ceu
2225 1507 2271 1563 si
2293 1504 2592 1560 Abrahami
2622 1501 2788 1556 Deum
2810 1499 3047 1554 habeant
3072 1495 3173 1550 sibi
3197 1493 3476 1563 proprium

1891 1616 1947 1661 et
1979 1602 2324 1660 benevolum.
2356 1597 2573 1654 lactant
2604 1596 2749 1650 enim
2783 1607 2984 1646 nomen
3028 1588 3231 1650 solum,
3272 1586 3481 1652 absque

1891 1714 1973 1765 re,
2009 1707 2064 1753 et
2100 1695 2352 1751 dissimili
2403 1691 2561 1748 alteri
2615 1689 2666 1745 id
2703 1691 3044 1758 imponentes
3090 1683 3226 1738 falso
3267 1680 3477 1735 colunt.

1894 1793 2098 1863 Nempe
2119 1808 2183 1848 ex
2212 1786 2642 1847 circumstantiis
2664 1782 3012 1840 indicativam
3044 1786 3227 1833 notam
3259 1787 3483 1829 sumen-

1897 1897 1978 1943 tes
2011 1894 2197 1942 errant
2229 1902 2242 1937 :
2273 1881 2367 1938 sed
2397 1897 2463 1935 ex
2489 1895 2547 1935 rc
2572 1879 2690 1949 ipsa
2731 1891 2759 1930 a
2794 1889 2920 1930 vero
2952 1870 3102 1927 cultu
3128 1865 3292 1922 alieni
3321 1879 3482 1918 coar-

1893 1990 2156 2054 guuntur.
2187 1976 2303 2032 Nisi
2335 1977 2472 2030 forte
2496 1987 2597 2028 nos
2628 1970 2873 2026 videmur
2900 1961 3073 2020 coacti
3109 1973 3274 2014 unum
3311 1957 3482 2010 Deum

1896 2047 2116 2139 habere,
2137 2071 2268 2126 dum
2294 2067 2372 2122 illi
2397 2065 2535 2120 duos
2553 2062 2882 2119 conﬁtentur
2905 2052 3210 2111 contrarios
3237 2047 3482 2118 apprime

1897 2168 2056 2229 Deos.
2101 2177 2292 2220 verum
2333 2170 2388 2216 et
2445 2159 2643 2214 falsum
2675 2173 2695 2221 ;
2728 2153 2813 2210 vel
2851 2149 2998 2224 quod
3048 2144 3222 2216 magis
3266 2136 3480 2198 veritati

1897 2265 2185 2326 consonat,
2216 2265 2470 2312 neutrum
2505 2250 2727 2306 habent.

1897 2525 2137 2582 XXVIII.
2207 2515 2596 2578 Demonstratio
2685 2511 2825 2583 quod
2899 2518 3223 2583 nequaquam
3271 2511 3479 2583 Avarum.

1971 2599 2140 2654 Deum
2197 2592 2401 2647 inducit
2444 2565 2797 2644 Mohamet'z'es,
2829 2565 2989 2648 neque.
3035 2565 3206 2653 ipsum
3252 2565 3484 2654 Att-gorem

1970 2640 2188 2731 23min,-
2228 2640 2670 2731 sed'npostatan}
2728 2640 3065 2713 ddemohem,
3102 2643 3192 2714 qui
3251 2640 3485 2694 diuinam

1971 2726 2376 2808 appellationem
2402 2726 2700 2798 usurpavit.

1971 2902 2059 2959 99.
2125 2902 2294 2955 Deum
2340 2894 2506 2949 rebus
2560 2885 2774 2946 cunctis
2823 2875 3215 2938 exsistentibus
3270 2881 3487 2927 summe

1900 2993 2244 3067 prazeellere,
2291 2984 2583 3041 manifeste
2641 2977 3022 3033 demonstrant
3068 2961 3485 3021 immutabilitas

1902 3054 2023 3160 ejus
2079 3094 2133 3140 et
2187 3075 2714 3138 ineonvertibilitas;
2747 3078 2802 3124 et
2855 3063 3001 3136 quod
3037 3074 3134 3132 per
3187 3073 3247 3112 se
3302 3054 3394 3120 sit,
3430 3059 3488 3105 et

207 3153 677 3248 ξδ’διανοεῖσθαι,
727 3153 1077 3251 κάὶλέγειν,
1111 3178 1258 3252 [καὶ]
1317 3181 1492 3233 ποιεῖν
1520 3193 1537 3210 ο
1594 3177 1669 3242 ὡς
1715 3177 1798 3240 τὸ,

1907 3153 2195 3245 deliberet,
2233 3184 2288 3230 et
2327 3172 2496 3235 dicat,
2524 3175 2579 3223 et
2611 3163 2794 3220 faciat.
2828 3157 3005 3214 Veluti
3036 3153 3301 3222 scriptum
3349 3153 3427 3200 est
3470 3161 3484 3196 :

209 3276 450 3340 Πάντες
474 3271 926 3344 ἀλλαγήσονται
945 3312 960 3338 ,
994 3271 1076 3326 σὺ
1106 3270 1175 3324 δὲ
1207 3273 1240 3324 ό
1269 3268 1450 3336 αὐτὸς
1475 3264 1558 3323 εἷ·
1593 3268 1688 3322 καὶ
1715 3267 1797 3334 τὺ,

220 3369 292 3423 Ἠ
312 3367 522 3436 ,βουλὴ
559 3365 666 3420 τοῦ
717 3365 936 3433 Kvplov
975 3366 1064 3429 εἰς
1101 3363 1210 3417 τὸν
1238 3361 1426 3417 αἰῶνα
1462 3361 1633 3430 μένει
1657 3377 1672 3392 ·
1706 3360 1802 3414 καὶ

209 3460 300 3522 τὸ,
343 3459 448 3522 Είς
475 3458 583 3511 τὸν
617 3455 822 3519 αἰῶνα,
865 3454 1062 3522 Κύριε,
1094 3456 1126 3508 ό
1154 3453 1338 3521 λόγος
1366 3465 1485 3506 σου
1517 3450 1798 3522 διαμένει·

212 3553 315 3606 καὶ
335 3550 418 3614 τὸ,
460 3549 664 3603 Πάντα
713 3546 786 3601 τὰ
838 3547 984 3616 ἔργα
1031 3562 1148 3601 σου
1181 3544 1476 3613 ἀληθινά·
1513 3542 1804 3613 θειοτέρως

211 3643 463 3715 δηλονότι
517 3641 550 3712 ἢ
607 3638 1114 3712 ἀνθρωπινωτέρως
1177 3638 1390 3692 τούτων
1455 3636 1797 3707 νοουμένωνο

214 3737 588 3791 ἐπισκεπτέον
607 3734 702 3788 νῦν
725 3736 779 3789 εῑ
798 3751 862 3803 γε
885 3733 1060 3787 ταῦτα
1081 3749 1309 3803 συντετη
1320 3731 1520 3803 ρῆσοαι
1538 3731 1616 3802 τῷ
1637 3731 1801 3802 Gaio),

214 3828 245 3880 ό
271 3824 610 3896 καμηλώδης
635 3824 730 3879 τοῦ
762 3825 1003 3895 πονηροῦ
1043 3823 1342 3887 ἀπόστολος
1375 3825 1685 3895 συγχωρεῖ,
1706 3822 1806 3895 τὴν

211 3919 410 3991 τρίτην
444 3919 538 3971 καὶ
559 3919 828 3990 νεωτέρῖν
857 3916 1124 3988 διαθήκην
1147 3916 1634 3987 μυθολογούμενος.
1681 3965 1691 3974 .

292 4009 362 4082 ρ’.
398 4010 504 4064 Τοῦ
535 4009 697 4064 Θείου
727 4011 906 4064 τοίνυν
938 4008 1377 4080 ὁμολογουμένου
1423 4009 1604 4079 πάντη
1639 4009 1805 4063 ὰΰλου

216 4104 316 4157 καὶ
343 4101 664 4172 ἀσωμάτου,
684 4099 1062 4171 θεωρουμένου
1094 4099 1152 4153 δὲ
1187 4098 1469 4167 ἀναλόγως
1492 4099 1586 4153 καὶ
1609 4101 1673 4153 ὲκ
1697 4100 1806 4153 τῶν

217 4193 444 4248 οἰκείων
497 4192 696 4261 έργων,
732 4191 1234 4261 ὲπιγινωσκομένου
1271 4205 1332 4243 τε
1384 4191 1448 4244 ἐκ
1503 4191 1614 4244 τῶν
1648 4191 1808 4246 θείων

217 4285 400 4354 λόγων
419 4285 497 4338 ὅτ’
521 4283 588 4338 ἂν
611 4285 878 4352 συμφωνῇ
893 4283 1004 4343 τοῖς
1033 4280 1216 4350 ἔργοις
1244 4279 1312 4334 τά
1335 4279 1576 4350 ῥήματα,
1607 4279 1810 4350 ὑμνου-

222 4377 394 4447 μένου
425 4393 486 4430 τε
512 4378 575 4428 ὲκ
609 4374 717 4428 τῶν
739 4372 1062 4445 θεοπρεπῶν
1087 4372 1412 4441 θελημόιτων
1439 4387 1452 4400 ·
1481 4371 1557 4425 ὅτ’
1587 4371 1653 4426 ἂν
1679 4372 1809 4444 παρ’

218 4467 393 4525 αὐτοῦ
453 4467 883 4539 ὲμφανίζωνται,
941 4453 1218 4537 ἐχομένων
1265 4463 1467 4536 δηλαδὴ
1500 4463 1594 4518 καὶ
1627 4464 1808 4536 αὐτῶν

217 4561 316 4617 τοῦ
349 4561 494 4614 κατά
521 4560 649 4622 τοὺς
673 4559 868 4626 λόγους
907 4558 1000 4610 καὶ
1027 4557 1096 4609 τὰ
1120 4555 1257 4626 ἔργα
1288 4557 1494 4610 σκοποῦ
1512 4573 1525 4586 °
1553 4556 1630 4610 ὅτ’
1654 4556 1719 4610 ἂν
1744 4557 1802 4609 ἒν
1835 4539 1883 4599 D

217 4673 274 4709 τι
308 4652 516 4708 τούτων
543 4649 937 4719 ἀντικειμένως
969 4647 1166 4718 εὑρεθῇ
1208 4647 1330 4718 ἔχον
1353 4648 1491 4720 πρὸς
1519 4647 1588 4703 τά
1615 4648 1800 4718 λοιπὰ,

218 4747 322 4816 τῆς
358 4744 497 4815 πρὸς
553 4741 614 4795 τὸ
647 4741 801 4794 Θείον
832 4739 1189 4802 ἐκπεπτωκδς
1235 4739 1302 4793 ἂν
1352 4739 1626 4811 ἐλέγχοιτο
1675 4741 1806 4794 ἀσε-

220 4837 400 4901 ϐείας,
439 4837 467 4887 ὁ
497 4831 700 4902 ταύτης
750 4832 1108 4902 ἀντεχόμενος
1139 4830 1240 4900 τῆς
1283 4831 1533 4902 ἅπάτης’
1581 4831 1804 4885 σκοπεί-

221 4929 338 4983 diu)
365 4927 431 4996 δὴ
459 4921 552 4980 οὖν
583 4925 742 4979 τοῦτο
764 4923 856 4978 ἐπὶ
873 4924 964 4978 τοῦ
998 4924 1236 4994 ’Ἄραϐος
1261 4925 1374 4996 (98)
1398 4943 1410 4956 '
1445 4927 1512 4979 τὰ
1543 4926 1684 4980 κατά
1715 4927 1807 4981 τὸν

219 5019 422 5090 Φαραὼ
467 5019 562 5072 καὶ
609 5018 708 5088 τὴν
751 5017 1016 5088 Ἐρυθρὰν
1055 5017 1353 5082 θάλασσαν,
1377 5018 1480 5072 οὐκ
1511 5014 1608 5072 οἶδ’
1635 5019 1802 5084 ὅπως,

221 5115 296 5178 ὡς
327 5112 386 5166 δέ
416 5128 480 5180 γε
534 5108 646 5177 ἐγὼ
677 5111 814 5163 νοεῖν
843 5108 1101 5178 δύναμαι,
1155 5108 1298 5162 κατὰ
1354 5109 1437 5175 τὸ,
1501 5108 1809 5178 Ἐμπεσεῒ-

223 5210 367 5262 σθαι
397 5205 477 5271 τῷ
505 5204 633 5271 ἰδίῳ
661 5202 1091 5272 ἀμφιόλιὶστρῳ
1139 5204 1282 5266 τοὺς
1306 5201 1692 5271 ἁμαρτωλοὺς
1725 5219 1805 5256 ει-

227 5300 488 5372 ρημένον,
519 5299 614 5351 καὶ
645 5295 807 5359 αὐτὸς
834 5294 1134 5361 ἀπεδέξατο
1159 5311 1171 5323 ·
1212 5294 1303 5347 τὸν
1347 5295 1403 5347 δὲ
1423 5294 1518 5347 τοῦ
1549 5295 1808 5365 τεμόντος

222 5395 284 5446 τὸ
322 5392 562 5459 πέλαγος
611 5390 798 5461 νόμον,
831 5389 908 5454 ὡς
934 5388 1088 5442 οὐδὲν
1118 5388 1530 5460 ἀποπέμπεται,
1566 5389 1808 5460 δηλονότι

228 5484 366 5555 μετά
410 5483 521 5536 τῶν
555 5481 754 5551 λόγων,
791 5483 886 5536 καὶ
937 5481 1011 5535 τὰ
1052 5480 1333 5550 θελήματα
1381 5481 1807 5552 ὲκποιούμενοςο

227 5574 466 5645 φανερὸν
505 5575 588 5629 ὃτι
614 5574 990 5647 χειροτόνητόν
1029 5593 1150 5629 τινα
1180 5572 1358 5646 ἐαυτῷ
1397 5573 1518 5630 θεὸν
1549 5575 1810 5630 εἰσποιεί-

1904 3276 2095 3333 Omnes
2117 3265 2566 3325 immu‘tabuntur,
2583 3270 2640 3313 tu
2661 3265 2840 3310 autem
2865 3253 3004 3306 idem
3031 3248 3140 3317 ipse
3159 3260 3211 3298 es
3232 3241 3298 3295 ³⁸.
3317 3237 3485 3292 Item:

1901 3365 2196 3423 Consilium
2235 3355 2447 3415 Domini
2505 3358 2678 3407 manu
2725 3349 2780 3403 in
2835 3338 3177 3401 azternum".
3208 3335 3339 3389 Item
3376 3349 3388 3384 :
3420 3326 3488 3383 In

1903 3469 2176 3521 (sternunt,
2215 3451 2456 3514 Domine,
2499 3448 2768 3516 permanet
2794 3436 3008 3492 verbum
3045 3442 3194 3486 tuum
3220 3425 3285 3479 ³⁷.
3310 3423 3439 3477 Item
3472 3436 3487 3474 :

1902 3552 2112 3610 Cuncta
2130 3562 2289 3618 opera
2308 3553 2403 3597 tua
2431 3515 2554 3595 vera
2571 3535 2654 3602 '3;
2682 3535 2756 3588 ita
2782 3540 2962 3586 tamen
2986 3532 3045 3580 ut
3079 3523 3195 3577 haec
3220 3515 3491 3574 diviniore

1902 3645 2088 3718 potius
2137 3652 2300 3711 quam
2347 3631 2668 3690 humaniore
2709 3639 2873 3683 sensu
2932 3619 3258 3690 cogitentur.
3293 3605 3492 3665 Consi-

2731 3717 2736 3718 κ
2812 3714 2842 3718 _
3053 3708 3064 3718 .
3175 3703 3187 3715 .
3264 3697 3487 3718 mu,“

1904 3697 2204 3793 (rlerandum
2253 3741 2422 3788 nunc,
2463 3738 2531 3777 an
2582 3721 2698 3775 hmo
2728 3717 2784 3771 in
2812 3714 2923 3768 Deo
2966 3703 3191 3764 retineri
3221 3697 3492 3756 concedat

1905 3825 2230 3886 camelarius
2260 3787 2460 3877 diaboli
2502 3816 2735 3885 legatus,
2764 3805 2856 3880 qui
2893 3803 3113 3860 tertium
3151 3811 3215 3852 ac
3251 3787 3491 3849 neoteri-

1907 3936 2032 3978 cum
2069 3921 2459 3974 testamentum
2491 3902 2774 3962 conlinxit.

1989 4007 2115 4064 100.
2157 4005 2295 4060 Cum
2339 4000 2500 4071 plane
2545 3994 2600 4048 in
2630 3989 2882 4048 confesso
2909 3985 2980 4042 sit
3022 3982 3192 4036 Deum
3230 3989 3352 4031 esse
3389 3970 3494 4026 im-

1908 4097 2242 4158 materialcm
2273 4102 2326 4149 ct
2360 4092 2763 4158 incorporeum,
2806 4085 3109 4150 spectatum
3167 4079 3349 4124 tamen
3395 4080 3494 4136 per

1907 4188 2212 4259 analogiam
2261 4183 2314 4237 in
2347 4179 2468 4250 ejus
2500 4157 2780 4248 operibus,
2811 4185 2878 4225 ex
2907 4167 3139 4236 ejusque
3169 4157 3332 4216 simul
3376 4169 3495 4212 scr-

1909 4282 2166 4340 inonibus
2205 4276 2629 4349 agnitum,-cum
2655 4265 2819 4322 verba
2866 4257 3123 4331 operibus
3156 4254 3494 4312 consonant;

1911 4376 2246 4433 celebratum
2279 4370 2500 4436 insuper
2529 4364 2598 4418 ab
2623 4360 2741 4431 ejus
2766 4351 3068 4426 magniﬁcis
3096 4343 3492 4407 voluntatibus,

1912 4483 2034 4524 cum
2067 4480 2145 4520 ea:
2180 4461 2248 4517 ab
2287 4429 3004 4530 ipso'manifestantur,qu:e
3032 4438 3233 4512 pariter
3251 4442 3307 4488 et
3327 4429 3493 4485 verbo

1913 4569 1967 4616 et
1994 4571 2158 4629 opere
2193 4523 2416 4622 scopum
2471 4559 2632 4603 suum
2681 4543 3112 4613 persequuntur;
3143 4527 3189 4585 si
3221 4523 3354 4597 quid
3398 4523 3496 4577 ho-

1911 4668 2032 4709 rum
2080 4646 2417 4706 contrarium
2481 4637 2695 4696 cmteris
2748 4629 3140 4704 comperiatur,
3173 4627 3220 4682 is
3250 4623 3346 4695 qui
3369 4620 3496 4677 huic

1911 4743 2084 4803 errori
2111 4740 2405 4802 adhaereat,
2440 4747 2667 4803 prorsus
2697 4745 2728 4785 ει
2755 4738 2901 4784 recta
2934 4724 3026 4778 Dei
3064 4721 3320 4792 religione
3347 4715 3496 4772 exci-

1911 4839 2057 4895 disse
2096 4831 2388 4888 videbitur.
2423 4823 2580 4881 Nunc
2611 4821 2666 4879 id
2705 4823 3064 4877 observemus
3113 4815 3166 4868 in
3197 4811 3392 4876 Arabe,
3428 4809 3496 4862 de

1918 4930 2202 4985 Pharaone
2230 4922 2477 4990 marique
2502 4916 2688 4972 Rubro
2713 4918 3008 4975 narrante;
3033 4905 3218 4962 nescio
3247 4919 3361 4964 cur,
3387 4900 3492 4954 nisi

1913 5022 2054 5077 forte
2082 5026 2142 5072 ut
2182 5029 2309 5086 ergo
2354 5009 2611 5071 arbitror,
2640 5006 2843 5060 dictum
2873 4999 3004 5054 illud
3040 5014 3054 5051 :
3086 4995 3286 5052 Cadent
3323 4993 3377 5044 in
3411 5005 3494 5043 re-

1913 5108 2170 5166 tiaculum
2211 5119 2364 5160 suum
2405 5107 2700 5170 peccatores
2718 5095 2784 5159 ”,
2809 5094 2925 5162 ipse
2967 5101 3187 5159 quoque
3235 5089 3494 5153 expertus

1913 5213 2015 5260 est.
2049 5201 2178 5271 Ejus
2206 5206 2414 5260 autem,
2451 5193 2544 5263 qui
2577 5203 2728 5244 mare
2777 5183 2987 5250 divisit,
3017 5181 3188 5250 legem
3244 5173 3432 5245 abjicit
3471 5188 3488 5226 :

1913 5297 2172 5353 nimirum
2218 5299 2342 5362 post
2380 5298 2684 5344 sermones,
2716 5280 3027 5336 voluntates
3060 5286 3279 5344 quoque
3322 5282 3490 5337 repu-

1913 5390 2093 5451 dians,
2127 5358 2313 5454 ape-rte
2367 5378 2532 5433 alium
2582 5373 2752 5429 Deum
2803 5368 3022 5441 propria
3073 5363 3341 5420 electione
3388 5358 3491 5415 sibi

1915 5477 2219 5541 constituit,
2258 5487 2448 5531 verum
2503 5469 2674 5524 Deum
2733 5475 2912 5518 tamen
2955 5470 3321 5529 nequaquam.
3355 5449 3493 5504 Nam

1918 5575 2011 5646 qui
2075 5585 2228 5627 mare
2282 5565 2412 5622 illud
2463 5561 2668 5626 divisit,
2722 5556 2926 5612 nullam
2958 5552 3120 5609 aliam
3157 5545 3229 5604 ob
3269 5557 3496 5602 cauSam

297 5731 341 5763 ³³
381 5730 529 5786 Psal.
558 5747 632 5794 et,
657 5732 748 5788 ‘28.
827 5733 872 5766 "
901 5730 1205 5805 Psalaxxn,
1233 5733 1317 5788 Il.
1397 5732 1439 5764 ³⁷
1466 5733 1606 5788 Psal.
1632 5748 1798 5790 cxvttt

1907 5733 1942 5789 l.
2017 5730 2061 5764 ³⁸
2086 5727 2340 5794 Psal.ux,
2377 5723 2406 5776 7
2507 5723 2552 5756 ³⁹
2570 5719 2716 5778 Psal.
2747 5731 2875 5784 CXL,
2907 5713 2997 5769 I0.

299 5871 379 5941 (9)
412 5871 542 5928 Sur.
577 5869 666 5924 V'Il

3514 5697 3526 5731 Ο
