3994 6616
555 351 662 415 799

1832 372 2128 435 ΝΙΕΕΤιῈ
2169 379 2345 440 BYZA
2356 381 2573 444 NTINI

3686 408 3772 473 800

555 466 700 529 fecit,
734 482 897 536 quam
931 475 990 523 ut
1027 469 1196 541 ipsius
1221 475 1648 537 observarentur
1698 500 2004 544 sermones.
2034 489 2098 562 lg:

555 566 640 588 1η-
669 561 758 588 ,ιη-ἒ
788 561 903 588 με..-
940 579 1217 588 -.......-_-_
1260 570 1303 588 _I
1364 571 1428 588 1,-
1483 574 1494 585 ~
2040 585 2051 588 _

2207 542 2208 549 η
2239 513 2350 559 ται,
2383 497 2498 550 ἀλλ’
2521 499 2642 570 οὐχὶ
2693 499 2785 554 τὸν
2811 500 2983 567 ὅντως
3022 504 3155 560 Θεόν
3184 524 3198 538 ο
3247 509 3276 562 ό
3308 510 3415 581 γάρ
3445 511 3614 568 ἐκεῖνο
3642 520 3782 588 ῥήξας

552 566 640 612 ιιιι·
668 561 758 629 qui
786 561 906 630 ejus
939 579 1218 622 sermones
1256 570 1453 638 abolet,
1483 574 1658 644 ipsum
1689 588 1967 634 auctorem
2003 585 2132 638 abo-

547 650 621 703 let
650 669 661 704 :
686 654 774 722 qui
809 665 1084 712 auctorem
1115 661 1315 726 abolet,
1350 676 1509 734 negat
1575 669 1739 724 simul
1805 672 2006 729 factum
2065 676 2133 731 ab

547 745 734 797 eodem
770 747 1113 804 miraculum.
1146 751 1309 824 Atqui
1342 772 1464 810 cum
1497 759 1844 819 Mohamedes
1888 768 2128 822 miracu-

549 834 656 886 lum
709 837 838 891 illud
891 841 1233 912 confiteatur,
1280 848 1467 918 utique
1517 853 1585 907 ab
1637 855 1744 910 alio
1784 857 1894 912 Deo
1926 858 2128 916 factum

547 925 696 990 dicit,
733 943 838 981 non
875 930 943 983 ab
974 932 1064 987 illo
1099 937 1190 1004 qui
1222 949 1416 994 auctor
1450 953 1535 998 est
1561 962 1900 1016 sermonum,
1927 954 2127 1019 quibus

549 1016 649 1070 hoc
713 1021 1034 1077 miraculum
1088 1026 1267 1096 ipsum
1323 1047 1597 1092 narratur.
1633 1041 1996 1107 Quamobrem
2030 1049 2128 1104 du-

542 1108 666 1175 plex
709 1120 789 1164 est
825 1111 1165 1175 Mohamedis
1211 1123 1484 1194 impietas,
1513 1129 1622 1185 imo
1659 1145 1710 1188 et
1735 1137 1964 1206 triplex;
1999 1142 2128 1208 quia

539 1198 650 1253 Deo
679 1204 892 1257 auctori
928 1207 1088 1278 eripit
1125 1213 1483 1286 miraculum;
1513 1229 1564 1276 et
1589 1224 1715 1293 quia
1749 1227 1822 1280 illi
1855 1229 2060 1295 tribuit,
2093 1247 2120 1285 a

536 1307 645 1360 quo
672 1310 777 1350 non
808 1302 1139 1360 estfactum.
1168 1308 1433 1374 Quisnam
1469 1329 1632 1382 porro
1666 1320 1846 1388 sitqui
1867 1321 1978 1389 jam
2000 1323 2123 1378 inde

535 1385 605 1440 ab
641 1388 802 1447 initio
839 1395 1105 1455 adversus
1129 1401 1366 1458 divinam
1395 1407 1622 1475 gloriam
1659 1426 1715 1466 se
1741 1415 1954 1480 extulit,
1987 1418 2120 1472 satis

535 1478 766 1536 scimus.
797 1483 952 1542 Hunc
982 1505 1113 1561 ergo
1152 1493 1255 1547 coli
1284 1510 1314 1548 a
1349 1495 1667 1556 Mohamede
1706 1501 1780 1556 ita
1823 1505 2117 1575 cogitante,

535 1585 756 1629 necesse
788 1588 889 1632 ρει.
920 1579 1016 1636 Vel
1048 1595 1191 1639 CCI‘lC
1246 1588 1566 1648 immutatus
1601 1602 1685 1649 est
1717 1605 1771 1650 et
1799 1612 2114 1666 COHVCI‘SUS,

533 1676 601 1716 ex
631 1663 963 1729 Mohamedis
989 1679 1281 1745 sententia,
1311 1681 1451 1740 Deus
1477 1702 1490 1748 ;
1529 1702 1704 1756 neque
1733 1689 1846 1758 jam
1879 1693 1931 1747 in
1959 1703 2117 1750 teter-

534 1771 665 1811 num
695 1776 874 1817 sermo
905 1766 1024 1836 ejus
1048 1785 1351 1839 permanet,
1387 1793 1564 1848 neque
1582 1783 1766 1837 omnia
1799 1785 1920 1854 ejus
1951 1803 2111 1857 opera

2239 586 2298 639 τὸ
2353 589 2610 658 πέλαγος,
2648 591 2716 644 δι’
2749 593 2876 647 ἀλλο
2917 596 3069 651 οὐδὲν
3097 598 3129 670 ἢ
3161 598 3248 654 διά
3283 602 3344 655 τὸ
3366 604 3494 668 τοὺς
3527 607 3679 664 αὑτοῦ
3707 632 3784 682 φυ-

2238 677 2528 733 λάττεσθαι
2579 681 2768 751 λόγους
2797 686 2957 741 τοῦτο
3002 691 3326 762 πεποίηκεν.
3361 695 3420 749 '0
3455 699 3584 766 γοῦν
3611 677 3786 757 ἀθετῶν

2235 772 2360 834 τοὺς
2392 773 2557 827 αὐτοῦ
2582 774 2794 844 λόγους,
2831 782 3097 850 πρότερον
3125 784 3288 839 αὑτὸν
3324 789 3546 842 ἀθετεῖ·
3577 794 3787 850 αὑτὸνδὲ

2233 863 2464 930 ἀθετῶν,
2499 867 2593 919 καὶ
2640 869 2700 922 τὸ
2755 873 2886 942 παρ’
2933 875 3098 928 αὐτοῦ
3139 879 3474 949 γεγενῆσθαι
3525 884 3585 937 τὸ
3631 885 3788 957 θαῦμα

2232 953 2453 1008 ἀθετεῖ·
2512 962 2884 1032 γεγενημένον
2933 982 2991 1018 τε
3023 966 3161 1032 ὃλως
3193 970 3255 1022 τὸ
3302 971 3488 1042 θαῦμα
3519 953 3786 1047 ὁμολογῶν,

2235 1044 2365 1114 παρ’
2395 1045 2554 1099 ἄλλου
2588 1049 2806 1114 πάντως
2836 1054 2968 1108 αὐτὸ
2998 1060 3333 1126 γεγενῆσθαι
3383 1063 3551 1133 λέγει,
3574 1069 3630 1120 οὑ
3661 1073 3788 1142 παρὰ

2230 1139 2324 1191 τοῦ
2351 1143 2692 1212 γεγραφότος
2718 1148 2846 1210 τοὺς
2873 1149 3065 1218 λόγους
3103 1154 3162 1206 ὲν
3189 1149 3271 1218 οἷς
3301 1157 3393 1210 καὶ
3427 1157 3584 1213 τοῦτο
3614 1139 3767 1232 γέγρα

2231 1247 2363 1285 πται
2398 1234 2460 1286 τὸ
2487 1235 2672 1307 θαῦμα
2692 1255 2704 1268 ·
2731 1237 2872 1293 ὥστε
2905 1241 3059 1314 διττὴ
3089 1245 3254 1299 αὐτοῦ
3283 1249 3314 1319 ἠ
3339 1249 3585 1314 ἀσέϐεια,
3621 1253 3788 1321 μᾶλλον

2225 1324 2281 1378 δὲ
2319 1328 2413 1379 καὶ
2449 1329 2662 1400 τριττὴ,
2691 1332 2774 1385 ὅτι
2805 1351 2864 1387 τε
2919 1335 3277 1408 ἀφαιρεῖσθαι
3326 1341 3419 1394 τοῦ
3447 1345 3788 1413 πεποιηκότος

2223 1417 2360 1471 Θεοῦ
2385 1419 2444 1473 τὸ
2475 1422 2660 1494 θαῦμα
2680 1441 2696 1454 '
2721 1427 2814 1479 καὶ
2841 1427 2921 1506 ότι
2947 1430 3022 1500 μὴ
3050 1430 3128 1501 τῷ
3150 1434 3474 1503 πεποιηκότι
3506 1437 3785 1506 χαρίζεται.

2226 1508 2322 1572 Τίς
2347 1511 2404 1564 δέ
2434 1512 2585 1567 ἐστιν
2613 1517 2640 1569 ό
2667 1517 2726 1581 ἐξ
2755 1505 2930 1590 ἀρχῆς
2967 1522 3109 1575 κατά
3139 1523 3238 1593 τῆς
3257 1524 3410 1590 θείας
3444 1505 3786 1600 ἐπαιρόμενος

2219 1599 2414 1670 δόξης,
2474 1606 2664 1673 σαφῶς
2723 1610 2978 1680 οἵδαμεψ
3032 1613 3224 1669 τοῦτον
3283 1615 3378 1670 οῦν
3429 1618 3540 1690 ἄρα
3595 1599 3785 1686 πάντως

2219 1693 2431 1764 ἀνάγκη
2456 1697 2712 1755 σέϐεσθαι
2737 1702 2911 1757 ταῦτα
2938 1707 3241 1777 φρονοῦντα
3261 1726 3276 1740 ’
3307 1709 3338 1781 ἢ
3370 1711 3661 1781 ἠλλοίωται
3685 1718 3783 1768 κατ’

2217 1786 2378 1841 αὑτὸν
2406 1789 2467 1843 τὸ
2495 1790 2648 1846 Θεῖον
2670 1795 2766 1847 καὶ
2789 1795 3115 1867 τέτραπται,
3148 1802 3242 1854 καὶ
3265 1803 3365 1856 οῦκ
3394 1806 3476 1867 είς
3515 1805 3605 1858 τὸν
3633 1809 3783 1861 αἰῶνα

533 1861 681 1903 vera.
740 1852 933 1912 Verum
987 1859 1224 1928 jactetur
1262 1867 1312 1920 in
1359 1871 1534 1938 capita
1594 1852 1841 1930 sontium
1881 1879 2098 1935 absurd:

533 1938 856 1967 1.1..η..ι.----ε-
934 1950 972 1967 Λ
1069 1956 1081 1967 .
1154 1957 1164 1967 .
1201 1957 1212 1967 .
1485 1964 1514 1967 --
1543 1965 1570 1967 _,

2217 1879 2246 1930 ό
2276 1879 2433 1946 λόγος
2462 1883 2625 1937 αὐτοῦ
2649 1852 2915 1957 διαμένεί,
2947 1852 3067 1943 οὐδε
3103 1852 3302 1945 ’πάντα
3350 1893 3419 1947 τὰ
3471 1895 3612 1967 ἔργα
3639 1899 3780 1952 αὖτοῦ

533 1938 886 2012 blasphemia.
931 1950 1084 2017 Quod
1121 1957 1166 2010 si
1200 1957 1628 2020 inconvertibilis
1670 1977 1722 2022 et
1761 1969 2116 2030 immutabilis

529 2030 672 2090 Deus
696 2052 1043 2110 perseverat;
1075 2046 1422 2107 llloltatttedes
1452 2057 1633 2122 potius
1665 2074 1956 2127 pervorsus
1973 2072 2110 2131 esto,

527 2124 622 2192 qui
657 2139 920 2188 mutatum
953 2151 1394 2212 conversumque
1422 2147 1587 2202 Deum
1639 2139 1804 2222 impie
1855 2156 2112 2227 blasphe-

526 2226 658 2283 mat,
688 2221 918 2293 ejusque
965 2242 1247 2288 sermones
1289 2235 1450 2291 delet.
1489 2237 1884 2312 Partieipemus
1932 2259 2109 2304 autem

523 2322 626 2363 nos
682 2312 878 2370 divina:
916 2319 1188 2380 firmitatis
1225 2329 1476 2396 gratiam,
1514 2334 1605 2402 qui
1635 2337 1958 2394 miraculum
1991 2344 2110 2410 ejus

522 2401 883 2472 admittimus,
913 2411 1142 2482 ejusque
1171 2417 1317 2487 leges
1353 2422 1707 2483 observemus
1749 2440 1799 2486 et
1835 2449 2106 2501 exsequa-

522 2502 664 2554 mur,
691 2503 852 2562 atqne
889 2497 993 2554 Deo
1027 2504 1220 2574 dignas
1271 2509 1396 2564 inde
1445 2517 1831 2576 condiscamus
1856 2524 2107 2594 discipli-

522 2594 623 2635 nas
675 2598 736 2639 ac
772 2589 1023 2647 vaticinia
1061 2606 1112 2650 et
1141 2599 1206 2653 de
1245 2599 1467 2660 Christo
1495 2616 1547 2662 et
1576 2608 1642 2663 de
1677 2613 1842 2668 rebus
1896 2619 2106 2674 cunctis

519 2679 876 2740 prmscntibus
911 2699 974 2739 ac
1006 2687 1220 2746 futuris.

587 2933 710 2992 101.
744 2938 816 2995 Ex
859 2942 940 3000 his
979 2962 1103 3018 ergo
1145 2955 1489 3013 concluditur
1540 2962 1910 3026 Mohamedem
1959 2990 2093 3028 con-

512 3026 654 3082 vinci
692 3031 983 3102 dicentem,
1017 3053 1109 3095 aut
1133 3044 1298 3099 Deum
1335 3065 1439 3104 non
1477 3058 1764 3120 exsistere.
1801 3073 1898 3118 aut
1955 3079 2101 3124 certe

513 3119 788 3178 diversum
841 3143 962 3184 esse
992 3134 1181 3202 deum;
1219 3150 1313 3194 aut
1343 3144 1388 3197 si
1421 3155 1523 3213 est,
1563 3149 1616 3204 in
1670 3164 1812 3209 statu
1848 3173 1948 3212 suo
1991 3177 2096 3215 non

517 3227 858 3284 permanere,
893 3224 986 3276 sed
1023 3236 1074 3278 ut
1110 3227 1168 3281 lit
1199 3237 1550 3293 nascentibus
1582 3251 1636 3295 et
1689 3256 1870 3312 postea
1907 3266 2095 3307 corru-

515 3301 756 3370 ptionem
791 3312 1148 3384 patientibus,
1185 3337 1214 3374 a
1248 3339 1348 3377 suo
1401 3327 1522 3383 vitae
1571 3301 1759 3388 habitu
1795 3337 2092 3410 discedere,

519 3400 765 3461 tempore
818 3398 1164 3460 immutatum
1216 3428 1228 3462 :
1279 3413 1439 3482 cujus
1486 3424 1768 3477 sententiae
1795 3442 1995 3496 quanta
2024 3435 2096 3489 sit

507 3479 758 3550 impietas
787 3486 941 3544 facile
963 3492 1319 3563 dignoscitur.
1352 3503 1463 3562 llae
1485 3510 1670 3580 itaque
1690 3519 1873 3585 regula
1904 3533 2089 3579 utatur

507 3572 759 3642 quisquis
811 3583 1092 3639 veritatem
1152 3595 1394 3660 apprime
1429 3611 1574 3656 autat
1614 3621 1627 3658 ;
1662 3607 1877 3664 etiamsi
1905 3612 2092 3671 Moha-

506 3667 690 3721 tnedes
719 3670 865 3724 aliud
896 3678 1193 3748 quidquam
1230 3685 1481 3746 admittat
1516 3696 1630 3751 sive
1657 3697 1866 3758 Veteris
1896 3705 2089 3763 Testa-

510 3759 676 3811 menti
727 3761 841 3818 sive
870 3765 1039 3834 Novi;
1075 3775 1238 3830 audet
1280 3782 1422 3834 enim
1465 3785 1579 3853 ipse
1612 3806 1848 3861 quoque,
1882 3797 2088 3857 invitus

505 3846 652 3914 licet,
682 3853 985 3924 virgineum
1010 3874 1223 3931 partum
1253 3873 1530 3942 confiteri;
1567 3893 1630 3934 ex
1689 3882 1804 3952 ipsa
1841 3885 2084 3956 ejusdem

501 3943 846 4005 confessione
901 3953 1043 4010 lumc
1095 3962 1405 4021 convincat.
1445 3967 1612 4028 Valde
1657 3976 1802 4032 enim
1833 3980 2084 4041 indoctus

498 4041 578 4086 est
610 4036 875 4097 barbarus
904 4053 958 4098 et
985 4045 1316 4111 ineruditus.

497 4123 690 4182 ΧΧΙΧ.
724 4129 873 4188 Falli
899 4153 983 4227 cols
1017 4142 1106 4227 qui
1139 4143 1322 4227 dicunt
1353 4160 1554 4227 gentem
1586 4154 1947 4227 Agarenorum
1987 4167 2081 4223 Dei

934 4208 1118 4266 Patris
1145 4208 1624 4278 cultumvretiuere.

493 4447 794 4512 appelletur
843 4460 898 4504 et
947 4455 1036 4522 sit,
1072 4475 1296 4518 necesse
1351 4476 1432 4521 est
1488 4475 1770 4532 credentes
1817 4481 1888 4543 ei,
1933 4483 2072 4539 haud

493 4537 819 4605 concedere,
855 4549 1000 4613 quod
1055 4551 1194 4607 Deus
1236 4556 1518 4626 Arahami,
1566 4577 1618 4621 et
1670 4571 1807 4626 Deus
1850 4573 2071 4646 Moysis,
2101 4554 2153 4613 D

496 4635 538 4646 -n
571 4625 634 4646 ﬁ-
692 4645 700 4646 κ
758 4633 771 4646 ι
930 4638 942 4646 ⁸
1081 4643 1094 4646 “

491 4635 545 4677 et
571 4625 710 4684 Deus
744 4633 1115 4704 Aaronis,.ab
1169 4646 1470 4717 Agarenica
1522 4670 1680 4727 gente
1724 4625 2074 4726 colaturint

489 4719 636 4774 cnim
676 4722 971 4785 Dominus:
999 4733 1104 4798 Qui
1131 4755 1230 4792 non
1259 4742 1576 4816 honori/ient
1618 4751 1839 4823 Filium,
1866 4777 1929 4813 ne
1959 4762 2069 4816 Pa~

491 4817 847 4884 tremqnidcm
879 4823 1193 4898 honori/ient
1214 4834 1257 4866 ⁸ο
1285 4856 1299 4890 :
1328 4854 1427 4893 ceu
1449 4845 1631 4899 cuncti
1665 4848 1916 4906 videlicet
1937 4869 2068 4908 sau-

487 4903 559 4956 eti
591 4905 666 4959 illi
699 4913 1018 4977 patriarcha:
1052 4930 1105 4975 et
1136 4929 1413 4996 prophetae
1464 4933 1660 4991 Filium
1702 4939 1792 4993 Dei
1823 4957 2069 4999 comme-

486 5001 819 5056 moraverint
851 5007 1233 5083 eoluerintque
1269 5025 1686 5093 prtecognitum.
1733 5031 2068 5091 Abralmnms

483 5089 642 5155 cnim,
677 5092 1306 5176 inquitChristus,pater
1331 5128 1514 5179 vester,
1533 5121 1816 5175 exsultavit
1845 5137 1896 5179 ut
1931 5129 2071 5182 vitle-

485 5191 562 5232 ret
583 5183 721 5237 diem
761 5205 966 5256 meum;
990 5197 1118 5250 vidit
1149 5212 1193 5253 et
1215 5205 1424 5271 gavisus
1451 5217 1529 5262 est
1573 5210 1643 5264 δ’.
1673 5212 1882 5284 Moyses
1909 5219 1974 5274 de
2006 5239 2070 5277 eo

484 5275 730 5346 scripsit;
783 5291 836 5335 et
867 5286 1264 5359 subseqttentes
1324 5301 1600 5368 pr0phettn
1657 5308 1850 5373 partim
1907 5327 2069 5380 opere

484 5367 681 5432 partim
733 5376 911 5432 verbis
951 5385 1200 5438 eumdem
1236 5391 1465 5460 mystice
1501 5399 1884 5454 revelarnnt".
1922 5404 2070 5470 Quo-

483 5458 645 5514 modo
673 5461 836 5534 igitur
881 5469 1048 5542 impia
1085 5475 1200 5533 haec
1233 5496 1386 5551 gens,
1419 5499 1539 5554 quw
1572 5490 1636 5542 ad
1674 5491 2060 5552 internecivazn

552 5665 597 5696 ⁸³
624 5665 781 5724 Joan.
814 5688 864 5739 ν,
894 5673 983 5730 2⁸5.
1062 5678 1104 5709 ⁴¹
1137 5677 1294 5737 Joan.
1331 5700 1444 5749 vnt,
1479 5686 1566 5742 56.

545 5803 656 5875 (99)
691 5806 818 5861 δαν.
851 5810 936 5878 ιιι,
973 5813 1074 5880 .ι7;
1101 5816 1241 5883 XXI,
1279 5821 1336 5873 οι
1370 5822 1582 5889 ;I.X\'l,
1625 5825 1700 5878 ιδ.

2219 1970 2475 2040 ἀληθινὰ·
2510 1975 2627 2028 ἀλλ’
2681 1979 3011 2050 ἀπερῤίφθω
3065 1985 3146 2047 είς
3177 1985 3424 2054 κεφαλὰς
3477 1988 3590 2040 τῶν
3619 1991 3784 2044 αἰτίων

2215 2063 2314 2131 τῆς
2333 2064 2681 2136 βλασφημίας
2711 2071 2771 2122 τὸ
2795 2071 3018 2128 ἄτοπον.
3049 2074 3112 2127 Ei
3143 2075 3198 2128 δὲ
3228 2075 3500 2148 ἄτρεπτον
3529 2082 3621 2134 καὶ
3646 2083 3783 2135 ἀναλ-

2214 2153 2434 2210 λοίωτον
2468 2158 2714 2230 διαμένει
2743 2163 2801 2215 τὸ
2827 2164 3000 2231 Θείον,
3042 2168 3207 2231 αὐτὸς
3248 2169 3348 2239 μὲν
3387 2172 3783 2243 ἀνατετραμμέ-

2213 2264 2302 2310 νος
2341 2248 2571 2320 ὑπάρξει
2609 2252 2683 2317 ὡς
2705 2254 2970 2327 δυσσεϐὴς
3004 2259 3480 2331 μεταϐαλλόμενον
3517 2264 3608 2318 καὶ
3636 2282 3781 2333 μετε-

2212 2343 2547 2412 τρεπόμενον
2588 2345 2929 2417 βλασφημῶν
2983 2349 3045 2402 τὸ
3095 2351 3272 2418 Θεϊον,
3330 2355 3425 2407 καὶ
3468 2357 3600 2420 τοὺς
3636 2358 3783 2410 αὐτοῦ

2212 2432 2492 2504 ἡθετηκὼς
2520 2437 2714 2504 λόγους
2742 2457 2755 2471 ·
2796 2440 3095 2512 μεθέξομεν
3125 2443 3182 2496 δὲ
3211 2445 3310 2515 τῆς
3340 2447 3512 2500 αὑτοῦ
3541 2449 3778 2519 ἀτερψίας

2211 2525 2394 2594 χάριτι
2437 2528 2482 2578 οἱ
2524 2529 2620 2580 καὶ
2649 2530 2708 2582 τὸ
2759 2530 2947 2601 θαῦμα
3001 2535 3480 2606 προσδεδεγμένοι,
3534 2540 3626 2592 καὶ
3672 2541 3781 2603 τοὺς

2209 2617 2405 2684 νόμους
2436 2617 2770 2690 πληροῦντες
2806 2623 2896 2675 καὶ
2930 2624 3285 2691 τελειοῦντες,
3310 2627 3404 2679 καὶ
3441 2629 3547 2692 τὰς
3573 2629 3776 2701 θεοπρε-

2209 2711 2329 2770 πείς
2357 2707 2414 2772 ἐξ
2444 2710 2625 2765 αὐτῶν
2653 2713 3038 2785 παιδευόμενοι
3083 2717 3385 2790 μαθητείας
3419 2738 3478 2773 τε
3541 2723 3631 2776 καὶ
3663 2740 3776 2794 προ-

2208 2800 2434 2868 φητείας
2470 2803 2597 2875 περί
2625 2822 2682 2858 τε
2714 2807 2952 2878 Χριστοῦ
2993 2811 3087 2863 καὶ
3117 2812 3336 2867 πάντων
3357 2815 3479 2868 τῶν
3509 2815 3674 2870 ὄντων
3695 2822 3775 2870 καὶ

2207 2891 2298 2943 ὲσο
2305 2893 2503 2962 μένων.

2276 2979 2380 3050 ρα’.
2414 2983 2688 3054 Συνῆκται
2721 2988 2904 3043 τοίνυν
2936 2992 3000 3045 ἐκ
3023 2992 3230 3048 τούτων
3273 2998 3602 3068 φωραθῆναι
3631 3000 3773 3053 αὐτὸν

2203 3067 2449 3138 λέγοντα,
2475 3073 2506 3143 ἢ
2535 3075 2627 3129 τὸν
2653 3077 2786 3131 Θεὸν
2820 3080 2894 3151 μὴ
2923 3078 3065 3136 εἶναι
3093 3085 3247 3150 Θεὸν,
3281 3067 3399 3140 ἀλλ’
3431 3067 3523 3142 zz}.-
3536 3106 3624 3162 ρον
3654 3085 3772 3142 εἶναι

2205 3158 2359 3213 θεόν⁹
2402 3164 2434 3234 ἢ
2469 3163 2621 3230 ὄντα,
2673 3169 2746 3240 μὴ
2786 3170 2879 3222 τὸν
2920 3173 3082 3228 αὑτὸν
3113 3176 3200 3227 ἀεὶ
3223 3176 3512 3246 διαμένειν
3537 3180 3772 3242 ὡσαύτως

2204 3252 2396 3322 έχοντα
2449 3257 2585 3328 (99),
2620 3259 2756 3314 ἀλλά
2781 3263 2923 3317 κατά
2955 3265 3081 3329 τοὺς
3106 3268 3164 3321 ὲν
3203 3271 3418 3337 γενέσει
3471 3273 3569 3326 καὶ
3599 3271 3770 3343 φθορᾷ.

2200 3347 2298 3415 τῆς
2324 3349 2516 3402 ἑαυτοῦ
2545 3352 2902 3424 ἐξισταμένου
2931 3357 3119 3422 ἕξεως,
3144 3359 3222 3430 τῷ
3252 3362 3428 3434 χρόνῳ
3456 3365 3768 3433 μεταϐαλλό-

2202 3451 2362 3507 μενον
2381 3456 2395 3468 ·
2423 3435 2498 3494 ὧν
2519 3442 2576 3494 τὸ
2598 3445 2793 3510 ἀσεϐὲς
2814 3447 3033 3516 ὁπόσον,
3060 3453 3292 3507 συνιδεῖν
3317 3453 3569 3512 εῦκολον.
3605 3458 3770 3527 Τούτῳ

2197 3528 2290 3584 οῦν
2327 3532 2402 3604 τῷ
2453 3536 2636 3588 κανόνι
2670 3542 3012 3610 κεχρημένος
3071 3547 3178 3608 πᾶς
3209 3547 3357 3611 ὅστις
3393 3549 3460 3601 ἂν
3496 3550 3768 3620 φιλαληθέ-

2198 3639 2412 3685 στατος,
2444 3625 2548 3679 κᾶν
2577 3627 2702 3680 ἀλλο
2734 3649 2785 3683 τι
2814 3633 2913 3702 τῆς
2943 3635 3184 3701 Παλαιᾶς
3225 3641 3603 3712 παραδέξηται
3631 3643 3661 3710 ἦ
3687 3645 3767 3696 καὶ

2193 3712 2335 3776 Νέας
2357 3730 2370 3743 ·
2401 3715 2574 3788 τολμᾷ
2609 3719 2717 3790 γὰρ
2749 3723 2844 3775 καὶ
2883 3725 3049 3789 αὐτὸς
3075 3727 3167 3780 τὸν
3216 3730 3558 3800 παρθενικὸν
3584 3732 3762 3802 καὶμὴ

2193 3807 2514 3878 βουλόμενος
2539 3811 2824 3882 ὁμολογεῖν
2849 3815 3026 3881 τόκον,
3061 3820 3125 3872 ὲκ
3149 3821 3249 3890 τῆς
3277 3822 3456 3889 ,αὐτοῦ
3491 3824 3762 3893 ὁμολογίας

2188 3897 2376 3950 τοῦτον
2431 3904 2849 3972 περιτρεπέτωο
2885 3906 3004 3960 λίαν
3029 3908 3139 3980 γὰρ
3196 3912 3467 3984 ἀμαθὴςό
3503 3915 3762 3986 βάρϐαρος

2189 3989 2285 4040 καὶ
2319 3990 2668 4056 ἀπαίδευτος.

2186 4167 2317 4255 KQ?
2348 4172 2478 4255 "'Ott
2513 4175 3023 4255 ,σξράλῖλονταιηοὶ
3053 4183 3338 4252 λέγοντες
3378 4187 3498 4255 τὴν
3543 4192 3630 4254 είς
3665 4189 3758 4243 τὸν

2258 4241 2406 4319 θεὸν
2430 4243 2528 4296 καὶ
2555 4241 2787 4315 Πατέρα
2825 4248 3034 4310 σώζειν
3074 4241 3390 4311 εὗσέϐειξιν
3415 4241 3482 4312 έὸ

2258 4327 2376 4364 νων
2411 4313 2606 4370 ἔθνος.

2252 4327 2376 4364 νων
2411 4327 2606 4381 ευνος.

2255 4402 2355 4472 ρβ.
2404 4405 2684 4477 Ἀληθείας
2729 4413 3073 4486 κεκλημένου
3130 4418 3226 4472 καὶ
3283 4419 3625 4490 ὑπάρχοντος
3671 4421 3753 4474 τοῦ

2180 4493 2387 4563 Κυρίου
2451 4498 2609 4567 ἡμῶν
2679 4501 2852 4570 Ἰησοῦ
2912 4505 3175 4574 Χριστοῦ,
3223 4509 3438 4580 ἀνάγκη
3471 4515 3586 4573 τοῖς
3613 4511 3754 4564 τοῦτο

2181 4589 2596 4654 πεπιστευκόσι,
2653 4592 2727 4663 μὴ
2789 4595 2899 4648 δεῖν
2960 4585 3355 4654 κατατίθεσθαι
3383 4601 3460 4666 ὡς
3512 4605 3605 4657 τὸν
3635 4604 3753 4656 Θεὸν

2188 4676 2438 4750 Ἀϐραὰμ
2475 4684 2568 4736 καὶ
2601 4685 2733 4738 Θεὸν
2775 4688 3054 4754 Μωῦσέως
3110 4693 3204 4744 καὶ
3248 4694 3461 4762 Ἀαρὼν
3487 4696 3636 4766 παρὰ
3668 4694 3749 4747 τοῦ

2185 4767 2487 4840 Ἀγαρηνοῦ
2520 4773 2875 4845 λατρεύεσθαι
2912 4780 3118 4846 ἔθνους.
3146 4785 3282 4856 Φησὶ
3319 4787 3430 4856 γὰρ
3479 4790 3506 4840 ό
3538 4788 3746 4858 Κύριος·

2189 4856 2242 4907 Ὀ
2264 4858 2349 4926 μὴ
2384 4861 2564 4930 τιμῶν
2592 4866 2698 4919 τὸν
2736 4869 2893 4936 Υἰὸν,
2927 4873 3068 4926 οὐδὲ
3090 4877 3194 4930 τόν
3220 4880 3451 4946 Πατέρα
3480 4856 3653 4949 τιμᾷ)
3685 4879 3750 4940 ὡς

2176 4950 2394 5006 πάντων
2420 4954 2658 5023 δηλονότι
2682 4961 2787 5013 τῶν
2817 4963 2989 5032 ἁγίων
3022 4966 3247 5021 ἐκείνων
3284 4972 3642 5043 πατριαρχῶν
3666 4973 3750 5024 καὶ

2176 5047 2493 5115 προφητῶν,
2523 5052 2620 5118 τὴν
2646 5053 2741 5104 τοῦ
2776 5054 2907 5107 Υἰοῦ
2951 5057 3045 5109 τοῦ
3087 5059 3222 5112 Θεοῦ
3262 5064 3632 5132 μεμνημένων
3662 5062 3749 5115 καὶ

2179 5137 2550 5193 σεϐασοέντων
2600 5143 2933 5211 ἐπίγνωσιν·
3002 5150 3245 5222 Ἀϐραὰμ
3301 5154 3448 5224 γὰρ,
3503 5157 3684 5224 φησὶν.
3718 5156 3746 5206 ό

2177 5230 2371 5297 πατὴρ
2425 5231 2591 5300 ὑμῶν
2639 5236 3075 5307 ἠγαλλιάσατο,
3106 5244 3205 5296 ἵνα
3233 5244 3330 5313 ἴδῃ
3386 5246 3498 5313 τὴν·
3532 5246 3746 5315 ἡμέραν

2176 5321 2292 5388 τὴν
2312 5323 2483 5391 ἐμὴν,
2515 5327 2611 5379 καὶ
2637 5324 2756 5382 εἶδε
2779 5331 2876 5383 καὶ
2906 5332 3113 5402 ἐχάρη.
3139 5338 3274 5390 Μωῦ
3288 5337 3385 5407 σῆς
3416 5338 3641 5407 ἔγραψε,
3662 5337 3744 5389 καὶ

2175 5415 2222 5465 οἱ
2259 5414 2492 5486 καθεξῆς
2534 5421 2808 5490 προφῆται
2840 5425 2956 5492 ἦτοι
2998 5426 3145 5498 ἔργῳ
3195 5429 3398 5500 ἢλόγῳ
3429 5430 3555 5499 περὶ
3589 5429 3740 5481 αὐτου

2175 5506 2453 5574 μυστικῶς
2507 5509 2870 5583 ἐνεφήναντο·
2910 5518 3026 5582 πῶς
3079 5515 3173 5574 οῦν
3223 5521 3284 5574 τὸ
3345 5521 3536 5583 ἀσεϐὲς
3592 5519 3741 5572 τοῦτο

1646 5690 1689 5722 ⁵³
1747 5693 1936 5752 Matth.
1985 5717 2133 5769 xxtv,
2173 5705 2261 5761 ‘27.
