  <div class='ocr_page' id='page_1' title='image "/cluster/home/n/w/nwhite01/storage/ocr_20150623/105/hvd.32044013678347/410.png"; bbox 0 0 3994 6610; ppageno 0'>
   <div class='ocr_carea' id='block_1_1' title="bbox 212 400 321 466">
    <p class='ocr_par' dir='ltr' id='par_1_1' title="bbox 212 400 321 466">
     <span class='ocr_line' id='line_1_1' title="bbox 212 400 321 466; baseline -0.009 -1"><span class='ocrx_word' id='word_1_1' title='bbox 212 400 321 466; x_wconf 84' lang='lat'><strong>801</strong></span> 
     </span>
    </p>
   </div>
   <div class='ocr_carea' id='block_1_2' title="bbox 1389 398 2336 461">
    <p class='ocr_par' dir='ltr' id='par_1_2' title="bbox 1389 398 2336 461">
     <span class='ocr_line' id='line_1_2' title="bbox 1389 398 2336 461; baseline 0 0"><span class='ocrx_word' id='word_1_2' title='bbox 1389 398 1820 461; x_wconf 83' lang='lat' dir='ltr'><strong>REFUTATIO</strong></span> <span class='ocrx_word' id='word_1_3' title='bbox 1860 399 2336 461; x_wconf 69' lang='lat' dir='ltr'><strong>MOHAMEDIS.</strong></span> 
     </span>
    </p>
   </div>
   <div class='ocr_carea' id='block_1_3' title="bbox 3370 404 3477 467">
    <p class='ocr_par' dir='ltr' id='par_1_3' title="bbox 3370 404 3477 467">
     <span class='ocr_line' id='line_1_3' title="bbox 3370 404 3477 467; baseline 0 0"><span class='ocrx_word' id='word_1_4' title='bbox 3370 404 3477 467; x_wconf 80' lang='lat'><strong>802</strong></span> 
     </span>
    </p>
   </div>
   <div class='ocr_carea' id='block_1_4' title="bbox 207 509 1791 585">
    <p class='ocr_par' dir='ltr' id='par_1_4' title="bbox 207 509 1781 585">
     <span class='ocr_line' id='line_1_4' title="bbox 207 509 1781 585; baseline -0.002 -17"><span class='ocrx_word' id='word_1_5' title='bbox 207 516 368 578; x_wconf 75' lang='grc' dir='ltr'>ἔθνος</span> <span class='ocrx_word' id='word_1_6' title='bbox 404 513 518 585; x_wconf 84' lang='grc' dir='ltr'>-τὴν</span> <span class='ocrx_word' id='word_1_7' title='bbox 571 511 808 582; x_wconf 81' lang='grc' dir='ltr'><strong>παντελῆ</strong></span> <span class='ocrx_word' id='word_1_8' title='bbox 853 509 946 564; x_wconf 89' lang='grc' dir='ltr'><strong>τοῦ</strong></span> <span class='ocrx_word' id='word_1_9' title='bbox 978 511 1109 566; x_wconf 86' lang='grc' dir='ltr'>Υίοῦ</span> <span class='ocrx_word' id='word_1_10' title='bbox 1148 511 1426 580; x_wconf 82' lang='grc' dir='ltr'>ἀναίρεσιν</span> <span class='ocrx_word' id='word_1_11' title='bbox 1460 513 1781 584; x_wconf 84' lang='grc' dir='ltr'>πρεσϐεῦον,</span> 
     </span>
    </p>
   </div>
   <div class='ocr_carea' id='block_1_5' title="bbox 1901 509 3482 585">
    <p class='ocr_par' dir='ltr' id='par_1_5' title="bbox 1901 510 3482 581">
     <span class='ocr_line' id='line_1_5' title="bbox 1901 510 3482 581; baseline 0.006 -16"><span class='ocrx_word' id='word_1_12' title='bbox 1901 511 2008 566; x_wconf 83' lang='lat' dir='ltr'><strong>Filii</strong></span> <span class='ocrx_word' id='word_1_13' title='bbox 2041 514 2461 568; x_wconf 73' lang='lat' dir='ltr'><strong>destructionem</strong></span> <span class='ocrx_word' id='word_1_14' title='bbox 2495 513 2733 577; x_wconf 88' lang='lat' dir='ltr'><strong>anhelat,</strong></span> <span class='ocrx_word' id='word_1_15' title='bbox 2761 510 2976 568; x_wconf 89' lang='lat' dir='ltr'><strong>Patrem</strong></span> <span class='ocrx_word' id='word_1_16' title='bbox 3003 512 3122 581; x_wconf 80' lang='lat' dir='ltr'><strong>ejus</strong></span> <span class='ocrx_word' id='word_1_17' title='bbox 3165 513 3350 569; x_wconf 84' lang='lat' dir='ltr'><strong>colat?</strong></span> <span class='ocrx_word' id='word_1_18' title='bbox 3370 516 3482 574; x_wconf 82' lang='lat' dir='ltr'><strong>Aut</strong></span> 
     </span>
    </p>
   </div>
   <div class='ocr_carea' id='block_1_6' title="bbox 206 604 1794 677">
    <p class='ocr_par' dir='ltr' id='par_1_6' title="bbox 206 604 1794 677">
     <span class='ocr_line' id='line_1_6' title="bbox 206 604 1794 677; baseline -0.001 -16"><span class='ocrx_word' id='word_1_19' title='bbox 206 609 306 661; x_wconf 86' lang='grc' dir='ltr'><strong>τὸν</strong></span> <span class='ocrx_word' id='word_1_20' title='bbox 339 605 503 659; x_wconf 82' lang='grc' dir='ltr'>αὐτοῦ</span> <span class='ocrx_word' id='word_1_21' title='bbox 531 605 752 677; x_wconf 80' lang='grc' dir='ltr'><strong>Πατέρα</strong></span> <span class='ocrx_word' id='word_1_22' title='bbox 775 605 1093 672; x_wconf 73' lang='grc' dir='ltr'>σεϐἁζοιτος</span> <span class='ocrx_word' id='word_1_23' title='bbox 1127 606 1158 675; x_wconf 85' lang='grc' dir='ltr'>ἢ</span> <span class='ocrx_word' id='word_1_24' title='bbox 1189 605 1308 668; x_wconf 83' lang='grc' dir='ltr'><strong>πῶς</strong></span> <span class='ocrx_word' id='word_1_25' title='bbox 1331 604 1396 659; x_wconf 83' lang='grc' dir='ltr'><strong>ἂν</strong></span> <span class='ocrx_word' id='word_1_26' title='bbox 1427 609 1454 659; x_wconf 90' lang='grc' dir='ltr'><strong>ὁ</strong></span> <span class='ocrx_word' id='word_1_27' title='bbox 1480 607 1640 668; x_wconf 79' lang='grc' dir='ltr'>αὐτὸς</span> <span class='ocrx_word' id='word_1_28' title='bbox 1661 607 1794 660; x_wconf 82' lang='grc' dir='ltr'>ἀπο-</span> 
     </span>
    </p>
   </div>
   <div class='ocr_carea' id='block_1_7' title="bbox 205 694 1794 767">
    <p class='ocr_par' dir='ltr' id='par_1_7' title="bbox 205 694 1794 767">
     <span class='ocr_line' id='line_1_7' title="bbox 205 694 1794 767; baseline 0.001 -17"><span class='ocrx_word' id='word_1_29' title='bbox 205 698 425 762; x_wconf 82' lang='grc' dir='ltr'>δέξαιτο</span> <span class='ocrx_word' id='word_1_30' title='bbox 459 696 652 767; x_wconf 81' lang='grc' dir='ltr'>Πατὴρ</span> <span class='ocrx_word' id='word_1_31' title='bbox 669 694 760 749; x_wconf 85' lang='grc' dir='ltr'><strong>τὸν</strong></span> <span class='ocrx_word' id='word_1_32' title='bbox 795 695 962 748; x_wconf 82' lang='grc' dir='ltr'>αὑτοῦ</span> <span class='ocrx_word' id='word_1_33' title='bbox 992 695 1160 758; x_wconf 74' lang='grc' dir='ltr'>ὅντως</span> <span class='ocrx_word' id='word_1_34' title='bbox 1193 695 1323 749; x_wconf 73' lang='grc' dir='ltr'>ὄντα</span> <span class='ocrx_word' id='word_1_35' title='bbox 1351 696 1482 749; x_wconf 80' lang='grc' dir='ltr'>Υίὸν</span> <span class='ocrx_word' id='word_1_36' title='bbox 1505 697 1598 751; x_wconf 78' lang='grc' dir='ltr'><strong>καὶ</strong></span> <span class='ocrx_word' id='word_1_37' title='bbox 1621 697 1794 765; x_wconf 81' lang='grc' dir='ltr'><strong>Λόγον</strong></span> 
     </span>
    </p>
   </div>
   <div class='ocr_carea' id='block_1_8' title="bbox 206 783 1793 857">
    <p class='ocr_par' dir='ltr' id='par_1_8' title="bbox 206 783 1793 857">
     <span class='ocr_line' id='line_1_8' title="bbox 206 783 1793 857; baseline -0.002 -17"><span class='ocrx_word' id='word_1_38' title='bbox 206 789 310 840; x_wconf 70' lang='grc' dir='ltr'><strong>καὶ</strong></span> <span class='ocrx_word' id='word_1_39' title='bbox 335 786 478 844; x_wconf 86' lang='grc' dir='ltr'>,Θεὸν</span> <span class='ocrx_word' id='word_1_40' title='bbox 533 786 613 848; x_wconf 85' lang='grc' dir='ltr'><strong>είς</strong></span> <span class='ocrx_word' id='word_1_41' title='bbox 659 786 756 839; x_wconf 86' lang='grc' dir='ltr'><strong>ἀνυ</strong></span> <span class='ocrx_word' id='word_1_42' title='bbox 772 783 1003 856; x_wconf 81' lang='grc' dir='ltr'>παρξίαν</span> <span class='ocrx_word' id='word_1_43' title='bbox 1039 784 1130 838; x_wconf 82' lang='grc' dir='ltr'>ὑπ’</span> <span class='ocrx_word' id='word_1_44' title='bbox 1157 785 1338 838; x_wconf 83' lang='grc' dir='ltr'>αὐτῶν</span> <span class='ocrx_word' id='word_1_45' title='bbox 1371 786 1512 856; x_wconf 88' lang='grc' dir='ltr'>ὁρῶν</span> <span class='ocrx_word' id='word_1_46' title='bbox 1549 787 1793 857; x_wconf 80' lang='grc' dir='ltr'>βλασφη-</span> 
     </span>
    </p>
   </div>
   <div class='ocr_carea' id='block_1_9' title="bbox 211 861 1791 948">
    <p class='ocr_par' dir='ltr' id='par_1_9' title="bbox 211 861 1791 948">
     <span class='ocr_line' id='line_1_9' title="bbox 211 861 1791 948; baseline 0 -17"><span class='ocrx_word' id='word_1_47' title='bbox 211 877 522 948; x_wconf 85' lang='grc' dir='ltr'>μούμενον;</span> <span class='ocrx_word' id='word_1_48' title='bbox 557 877 732 940; x_wconf 76' lang='grc' dir='ltr'>οὐδεὶς</span> <span class='ocrx_word' id='word_1_49' title='bbox 766 861 948 948; x_wconf 75' lang='grc' dir='ltr'>πατὴρ</span> <span class='ocrx_word' id='word_1_50' title='bbox 984 877 1135 946; x_wconf 81' lang='grc' dir='ltr'>φίλος</span> <span class='ocrx_word' id='word_1_51' title='bbox 1167 878 1287 930; x_wconf 78' lang='grc' dir='ltr'>ἐστὶ</span> <span class='ocrx_word' id='word_1_52' title='bbox 1313 878 1420 931; x_wconf 89' lang='grc' dir='ltr'><strong>τῶν</strong></span> <span class='ocrx_word' id='word_1_53' title='bbox 1459 878 1668 948; x_wconf 80' lang='grc' dir='ltr'>ἐχθρῶν</span> <span class='ocrx_word' id='word_1_54' title='bbox 1699 877 1791 932; x_wconf 88' lang='grc' dir='ltr'><strong>τοῦ</strong></span> 
     </span>
    </p>
   </div>
   <div class='ocr_carea' id='block_1_10' title="bbox 208 969 1793 1041">
    <p class='ocr_par' dir='ltr' id='par_1_10' title="bbox 208 969 1793 1041">
     <span class='ocr_line' id='line_1_10' title="bbox 208 969 1793 1041; baseline -0.001 -17"><span class='ocrx_word' id='word_1_55' title='bbox 208 969 539 1040; x_wconf 75' lang='grc' dir='ltr'><strong>μονογενοῦς</strong></span> <span class='ocrx_word' id='word_1_56' title='bbox 567 969 734 1023; x_wconf 84' lang='grc' dir='ltr'>αὐτοῦ</span> <span class='ocrx_word' id='word_1_57' title='bbox 753 986 765 1002; x_wconf 87' lang='grc'><strong>·</strong></span> <span class='ocrx_word' id='word_1_58' title='bbox 799 971 847 1022; x_wconf 83' lang='grc' dir='ltr'><strong>εί</strong></span> <span class='ocrx_word' id='word_1_59' title='bbox 870 970 979 1040; x_wconf 75' lang='grc' dir='ltr'><strong>γὰρ</strong></span> <span class='ocrx_word' id='word_1_60' title='bbox 1004 971 1095 1024; x_wconf 88' lang='grc' dir='ltr'><strong>τὸν</strong></span> <span class='ocrx_word' id='word_1_61' title='bbox 1130 971 1352 1041; x_wconf 74' lang='grc' dir='ltr'>Πατέρα</span> <span class='ocrx_word' id='word_1_62' title='bbox 1396 971 1605 1035; x_wconf 78' lang='grc' dir='ltr'>ἔσεϐον,</span> <span class='ocrx_word' id='word_1_63' title='bbox 1629 970 1793 1032; x_wconf 72' lang='grc' dir='ltr'>αὐτὸς</span> 
     </span>
    </p>
   </div>
   <div class='ocr_carea' id='block_1_11' title="bbox 205 1060 1794 1131">
    <p class='ocr_par' dir='ltr' id='par_1_11' title="bbox 205 1060 1794 1131">
     <span class='ocr_line' id='line_1_11' title="bbox 205 1060 1794 1131; baseline -0.001 -19"><span class='ocrx_word' id='word_1_64' title='bbox 205 1060 276 1113; x_wconf 78' lang='grc' dir='ltr'>ἂν</span> <span class='ocrx_word' id='word_1_65' title='bbox 306 1060 334 1112; x_wconf 90' lang='grc' dir='ltr'><strong>ὁ</strong></span> <span class='ocrx_word' id='word_1_66' title='bbox 365 1062 554 1131; x_wconf 77' lang='grc' dir='ltr'>Πατὴρ</span> <span class='ocrx_word' id='word_1_67' title='bbox 587 1060 770 1124; x_wconf 78' lang='grc' dir='ltr'>αὐτοῖς</span> <span class='ocrx_word' id='word_1_68' title='bbox 798 1060 890 1114; x_wconf 86' lang='grc' dir='ltr'><strong>τὸν</strong></span> <span class='ocrx_word' id='word_1_69' title='bbox 917 1061 1045 1114; x_wconf 80' lang='grc' dir='ltr'>Υίὸν</span> <span class='ocrx_word' id='word_1_70' title='bbox 1075 1061 1412 1128; x_wconf 63' lang='grc' dir='ltr'>ἀπεκάλυψε.</span> <span class='ocrx_word' id='word_1_71' title='bbox 1447 1062 1582 1129; x_wconf 80' lang='grc' dir='ltr'>Φησὶ</span> <span class='ocrx_word' id='word_1_72' title='bbox 1627 1061 1736 1130; x_wconf 81' lang='grc' dir='ltr'><strong>γὰρ</strong></span> <span class='ocrx_word' id='word_1_73' title='bbox 1767 1061 1794 1112; x_wconf 96' lang='grc' dir='ltr'><strong>ὁ</strong></span> 
     </span>
    </p>
   </div>
   <div class='ocr_carea' id='block_1_12' title="bbox 205 1149 1790 1223">
    <p class='ocr_par' dir='ltr' id='par_1_12' title="bbox 205 1149 1790 1223">
     <span class='ocr_line' id='line_1_12' title="bbox 205 1149 1790 1223; baseline 0.001 -17"><span class='ocrx_word' id='word_1_74' title='bbox 205 1150 418 1223; x_wconf 88' lang='grc' dir='ltr'>Κύριος</span> <span class='ocrx_word' id='word_1_75' title='bbox 440 1165 455 1181; x_wconf 76' lang='grc'><strong><em>⁸</em></strong></span> <span class='ocrx_word' id='word_1_76' title='bbox 483 1149 693 1217; x_wconf 75' lang='grc' dir='ltr'>Οὐδεὶς</span> <span class='ocrx_word' id='word_1_77' title='bbox 709 1151 986 1221; x_wconf 79' lang='grc' dir='ltr'><strong>γινώσκει</strong></span> <span class='ocrx_word' id='word_1_78' title='bbox 1019 1152 1125 1206; x_wconf 85' lang='grc' dir='ltr'>τὸν</span> <span class='ocrx_word' id='word_1_79' title='bbox 1149 1153 1377 1218; x_wconf 63' lang='lat' dir='ltr'><strong>mth</strong></span> <span class='ocrx_word' id='word_1_80' title='bbox 1407 1153 1486 1222; x_wconf 76' lang='grc' dir='ltr'>μὴ</span> <span class='ocrx_word' id='word_1_81' title='bbox 1513 1157 1547 1207; x_wconf 85' lang='grc' dir='ltr'><strong>ό</strong></span> <span class='ocrx_word' id='word_1_82' title='bbox 1571 1153 1790 1223; x_wconf 74' lang='grc' dir='ltr'>Πατήρο</span> 
     </span>
    </p>
   </div>
   <div class='ocr_carea' id='block_1_13' title="bbox 206 1236 1794 1314">
    <p class='ocr_par' dir='ltr' id='par_1_13' title="bbox 206 1236 1794 1314">
     <span class='ocr_line' id='line_1_13' title="bbox 206 1236 1794 1314; baseline 0.003 -18"><span class='ocrx_word' id='word_1_83' title='bbox 206 1241 310 1296; x_wconf 74' lang='grc' dir='ltr'><strong>καί</strong></span> <span class='ocrx_word' id='word_1_84' title='bbox 347 1236 397 1310; x_wconf 83' lang='grc' dir='ltr'>ᾧ</span> <span class='ocrx_word' id='word_1_85' title='bbox 426 1242 502 1296; x_wconf 86' lang='grc' dir='ltr'>ἄν</span> <span class='ocrx_word' id='word_1_86' title='bbox 529 1243 714 1308; x_wconf 85' lang='grc' dir='ltr'>αὐτὸς</span> <span class='ocrx_word' id='word_1_87' title='bbox 741 1243 1110 1313; x_wconf 67' lang='grc' dir='ltr'>ἀποκαλύψῃ</span> <span class='ocrx_word' id='word_1_88' title='bbox 1135 1260 1146 1273; x_wconf 91' lang='grc'><strong>·</strong></span> <span class='ocrx_word' id='word_1_89' title='bbox 1184 1245 1322 1314; x_wconf 84' lang='grc' dir='ltr'>ὅπερ</span> <span class='ocrx_word' id='word_1_90' title='bbox 1351 1246 1443 1298; x_wconf 73' lang='grc' dir='ltr'><strong>ἐπὶ</strong></span> <span class='ocrx_word' id='word_1_91' title='bbox 1487 1245 1596 1299; x_wconf 85' lang='grc' dir='ltr'><strong>τῶν</strong></span> <span class='ocrx_word' id='word_1_92' title='bbox 1626 1247 1794 1300; x_wconf 85' lang='grc' dir='ltr'>πάλαι</span> 
     </span>
    </p>
   </div>
   <div class='ocr_carea' id='block_1_14' title="bbox 203 1333 1794 1408">
    <p class='ocr_par' dir='ltr' id='par_1_14' title="bbox 203 1333 1794 1408">
     <span class='ocr_line' id='line_1_14' title="bbox 203 1333 1794 1408; baseline 0.001 -18"><span class='ocrx_word' id='word_1_93' title='bbox 203 1335 386 1402; x_wconf 80' lang='grc' dir='ltr'><strong>ἁγίων</strong></span> <span class='ocrx_word' id='word_1_94' title='bbox 419 1333 640 1407; x_wconf 80' lang='grc' dir='ltr'>ὁρῶμεν</span> <span class='ocrx_word' id='word_1_95' title='bbox 664 1336 1031 1406; x_wconf 80' lang='grc' dir='ltr'>γεγενημένον</span> <span class='ocrx_word' id='word_1_96' title='bbox 1053 1351 1068 1366; x_wconf 76' lang='grc' dir='ltr'><strong><em>ο</em></strong></span> <span class='ocrx_word' id='word_1_97' title='bbox 1104 1335 1154 1390; x_wconf 83' lang='grc' dir='ltr'>οἳ</span> <span class='ocrx_word' id='word_1_98' title='bbox 1186 1338 1284 1408; x_wconf 78' lang='grc' dir='ltr'>τὴν</span> <span class='ocrx_word' id='word_1_99' title='bbox 1313 1338 1522 1390; x_wconf 77' lang='grc' dir='ltr'>ἑαυτῶν</span> <span class='ocrx_word' id='word_1_100' title='bbox 1547 1339 1675 1408; x_wconf 74' lang='lat' dir='ltr'><strong>napi.</strong></span> <span class='ocrx_word' id='word_1_101' title='bbox 1701 1337 1794 1392; x_wconf 91' lang='grc' dir='ltr'><strong>τοῦ</strong></span> 
     </span>
    </p>
   </div>
   <div class='ocr_carea' id='block_1_15' title="bbox 204 1424 1795 1497">
    <p class='ocr_par' dir='ltr' id='par_1_15' title="bbox 204 1424 1795 1497">
     <span class='ocr_line' id='line_1_15' title="bbox 204 1424 1795 1497; baseline 0.001 -19"><span class='ocrx_word' id='word_1_102' title='bbox 204 1424 344 1478; x_wconf 67' lang='lat' dir='ltr'><strong>nos</strong></span> <span class='ocrx_word' id='word_1_103' title='bbox 378 1425 581 1493; x_wconf 84' lang='grc' dir='ltr'>γνῶσιν</span> <span class='ocrx_word' id='word_1_104' title='bbox 626 1425 722 1480; x_wconf 79' lang='grc' dir='ltr'><strong>καὶ</strong></span> <span class='ocrx_word' id='word_1_105' title='bbox 773 1425 975 1490; x_wconf 82' lang='grc' dir='ltr'>πίστιν,</span> <span class='ocrx_word' id='word_1_106' title='bbox 1014 1425 1108 1479; x_wconf 79' lang='grc' dir='ltr'><strong>καὶ</strong></span> <span class='ocrx_word' id='word_1_107' title='bbox 1145 1428 1202 1479; x_wconf 81' lang='grc' dir='ltr'>ὲν</span> <span class='ocrx_word' id='word_1_108' title='bbox 1258 1426 1582 1497; x_wconf 82' lang='grc' dir='ltr'>γράμμασιν</span> <span class='ocrx_word' id='word_1_109' title='bbox 1626 1426 1702 1490; x_wconf 83' lang='grc' dir='ltr'>ὡς</span> <span class='ocrx_word' id='word_1_110' title='bbox 1738 1428 1795 1480; x_wconf 82' lang='grc' dir='ltr'><strong>έν</strong></span> 
     </span>
    </p>
   </div>
   <div class='ocr_carea' id='block_1_16' title="bbox 206 1512 1796 1588">
    <p class='ocr_par' dir='ltr' id='par_1_16' title="bbox 206 1512 1796 1588">
     <span class='ocr_line' id='line_1_16' title="bbox 206 1512 1796 1588; baseline 0.002 -18"><span class='ocrx_word' id='word_1_111' title='bbox 206 1517 439 1588; x_wconf 82' lang='grc' dir='ltr'><strong>στήλαις</strong></span> <span class='ocrx_word' id='word_1_112' title='bbox 496 1516 794 1572; x_wconf 78' lang='grc' dir='ltr'>κατέλιπον</span> <span class='ocrx_word' id='word_1_113' title='bbox 815 1534 829 1548; x_wconf 88' lang='grc'><strong>·</strong></span> <span class='ocrx_word' id='word_1_114' title='bbox 873 1516 1048 1582; x_wconf 81' lang='grc' dir='ltr'>ἄλλως</span> <span class='ocrx_word' id='word_1_115' title='bbox 1093 1534 1153 1570; x_wconf 88' lang='grc' dir='ltr'><strong>τε</strong></span> <span class='ocrx_word' id='word_1_116' title='bbox 1182 1512 1297 1581; x_wconf 67' lang='grc' dir='ltr'><strong>πῶς</strong></span> <span class='ocrx_word' id='word_1_117' title='bbox 1325 1517 1390 1571; x_wconf 85' lang='grc' dir='ltr'><strong>ἂν</strong></span> <span class='ocrx_word' id='word_1_118' title='bbox 1421 1517 1668 1572; x_wconf 77' lang='grc' dir='ltr'>δύναιντο</span> <span class='ocrx_word' id='word_1_119' title='bbox 1707 1518 1796 1573; x_wconf 90' lang='grc' dir='ltr'><strong>τὸν</strong></span> 
     </span>
    </p>
   </div>
   <div class='ocr_carea' id='block_1_17' title="bbox 204 1608 1798 1678">
    <p class='ocr_par' dir='ltr' id='par_1_17' title="bbox 204 1608 1798 1678">
     <span class='ocr_line' id='line_1_17' title="bbox 204 1608 1798 1678; baseline 0 -16"><span class='ocrx_word' id='word_1_120' title='bbox 204 1608 434 1678; x_wconf 80' lang='grc' dir='ltr'>Πατέρα</span> <span class='ocrx_word' id='word_1_121' title='bbox 481 1609 890 1677; x_wconf 74' lang='grc' dir='ltr'>ἐπιγινώσκειν,</span> <span class='ocrx_word' id='word_1_122' title='bbox 950 1609 1028 1678; x_wconf 78' lang='grc' dir='ltr'>μὴ</span> <span class='ocrx_word' id='word_1_123' title='bbox 1085 1609 1270 1673; x_wconf 82' lang='grc' dir='ltr'>αὐτοῖς</span> <span class='ocrx_word' id='word_1_124' title='bbox 1320 1609 1798 1674; x_wconf 57' lang='grc' dir='ltr'>ἀποκαλύπτοντας</span> 
     </span>
    </p>
   </div>
   <div class='ocr_carea' id='block_1_18' title="bbox 195 1697 1798 1772">
    <p class='ocr_par' dir='ltr' id='par_1_18' title="bbox 195 1697 1798 1772">
     <span class='ocr_line' id='line_1_18' title="bbox 195 1697 1798 1772; baseline 0.002 -20"><span class='ocrx_word' id='word_1_125' title='bbox 195 1697 305 1752; x_wconf 87' lang='grc' dir='ltr'><strong>τοῦ</strong></span> <span class='ocrx_word' id='word_1_126' title='bbox 337 1698 503 1766; x_wconf 66' lang='lat' dir='ltr'><strong>Tini;</strong></span> <span class='ocrx_word' id='word_1_127' title='bbox 563 1699 773 1767; x_wconf 78' lang='grc' dir='ltr'>Οὐδεὶς</span> <span class='ocrx_word' id='word_1_128' title='bbox 818 1703 1098 1770; x_wconf 74' lang='grc' dir='ltr'>γινώσκει</span> <span class='ocrx_word' id='word_1_129' title='bbox 1145 1703 1252 1755; x_wconf 87' lang='grc' dir='ltr'>τὸν</span> <span class='ocrx_word' id='word_1_130' title='bbox 1292 1702 1526 1770; x_wconf 81' lang='grc' dir='ltr'>Πατέρα</span> <span class='ocrx_word' id='word_1_131' title='bbox 1574 1702 1735 1772; x_wconf 79' lang='grc' dir='ltr'><strong>εἰμὴ</strong></span> <span class='ocrx_word' id='word_1_132' title='bbox 1765 1706 1798 1756; x_wconf 85' lang='grc' dir='ltr'><strong>ό</strong></span> 
     </span>
    </p>
   </div>
   <div class='ocr_carea' id='block_1_19' title="bbox 201 1790 1792 1865">
    <p class='ocr_par' dir='ltr' id='par_1_19' title="bbox 201 1790 1792 1865">
     <span class='ocr_line' id='line_1_19' title="bbox 201 1790 1792 1865; baseline 0.003 -22"><span class='ocrx_word' id='word_1_133' title='bbox 201 1790 342 1857; x_wconf 74' lang='grc' dir='ltr'>Υἱός</span> <span class='ocrx_word' id='word_1_134' title='bbox 362 1806 377 1821; x_wconf 79' lang='grc'><em>’</em></span> <span class='ocrx_word' id='word_1_135' title='bbox 407 1790 548 1844; x_wconf 84' lang='grc' dir='ltr'>ὥστε</span> <span class='ocrx_word' id='word_1_136' title='bbox 571 1792 771 1856; x_wconf 80' lang='grc' dir='ltr'>πάντες</span> <span class='ocrx_word' id='word_1_137' title='bbox 796 1794 844 1846; x_wconf 76' lang='grc' dir='ltr'><strong>οἱ</strong></span> <span class='ocrx_word' id='word_1_138' title='bbox 876 1794 973 1864; x_wconf 86' lang='grc' dir='ltr'>τῆς</span> <span class='ocrx_word' id='word_1_139' title='bbox 1001 1793 1245 1858; x_wconf 78' lang='grc' dir='ltr'>Παλαιᾶς</span> <span class='ocrx_word' id='word_1_140' title='bbox 1290 1793 1532 1865; x_wconf 80' lang='grc' dir='ltr'>ἔγκριτοι</span> <span class='ocrx_word' id='word_1_141' title='bbox 1569 1796 1665 1848; x_wconf 76' lang='grc' dir='ltr'><strong>καὶ</strong></span> <span class='ocrx_word' id='word_1_142' title='bbox 1713 1795 1792 1848; x_wconf 85' lang='grc' dir='ltr'>δί-</span> 
     </span>
    </p>
   </div>
   <div class='ocr_carea' id='block_1_20' title="bbox 202 1883 1793 1958">
    <p class='ocr_par' dir='ltr' id='par_1_20' title="bbox 202 1883 1793 1958">
     <span class='ocr_line' id='line_1_20' title="bbox 202 1883 1793 1958; baseline 0.003 -24"><span class='ocrx_word' id='word_1_143' title='bbox 202 1898 354 1935; x_wconf 86' lang='grc' dir='ltr'>καιοι</span> <span class='ocrx_word' id='word_1_144' title='bbox 389 1883 605 1954; x_wconf 77' lang='grc' dir='ltr'>ἄνδρες,</span> <span class='ocrx_word' id='word_1_145' title='bbox 645 1886 736 1938; x_wconf 82' lang='grc' dir='ltr'><strong>τὸν</strong></span> <span class='ocrx_word' id='word_1_146' title='bbox 782 1883 915 1938; x_wconf 84' lang='grc' dir='ltr'>Θεὸν</span> <span class='ocrx_word' id='word_1_147' title='bbox 968 1884 1064 1939; x_wconf 71' lang='grc' dir='ltr'><strong>καὶ</strong></span> <span class='ocrx_word' id='word_1_148' title='bbox 1112 1886 1334 1956; x_wconf 83' lang='grc' dir='ltr'>Πατέρα</span> <span class='ocrx_word' id='word_1_149' title='bbox 1373 1885 1646 1952; x_wconf 81' lang='grc' dir='ltr'>σέϐοντες,</span> <span class='ocrx_word' id='word_1_150' title='bbox 1696 1887 1793 1958; x_wconf 81' lang='grc' dir='ltr'><strong>τὴν</strong></span> 
     </span>
    </p>
   </div>
   <div class='ocr_carea' id='block_1_21' title="bbox 201 1975 1788 2050">
    <p class='ocr_par' dir='ltr' id='par_1_21' title="bbox 201 1975 1788 2050">
     <span class='ocr_line' id='line_1_21' title="bbox 201 1975 1788 2050; baseline 0.004 -22"><span class='ocrx_word' id='word_1_151' title='bbox 201 1975 302 2028; x_wconf 89' lang='grc' dir='ltr'><strong>τοῦ</strong></span> <span class='ocrx_word' id='word_1_152' title='bbox 339 1975 471 2030; x_wconf 84' lang='grc' dir='ltr'>Υίοῦ</span> <span class='ocrx_word' id='word_1_153' title='bbox 495 1977 588 2031; x_wconf 90' lang='grc' dir='ltr'><strong>τοῦ</strong></span> <span class='ocrx_word' id='word_1_154' title='bbox 618 1978 753 2032; x_wconf 91' lang='grc' dir='ltr'>Θεοῦ</span> <span class='ocrx_word' id='word_1_155' title='bbox 790 1979 1140 2050; x_wconf 78' lang='grc' dir='ltr'>ἐμνήσθησαν</span> <span class='ocrx_word' id='word_1_156' title='bbox 1164 1980 1258 2034; x_wconf 77' lang='grc' dir='ltr'><strong>καὶ</strong></span> <span class='ocrx_word' id='word_1_157' title='bbox 1291 1980 1539 2050; x_wconf 76' lang='grc' dir='ltr'>ὲμύησαν</span> <span class='ocrx_word' id='word_1_158' title='bbox 1568 1980 1788 2048; x_wconf 86' lang='grc' dir='ltr'>γνῶσιν.</span> 
     </span>
    </p>
   </div>
   <div class='ocr_carea' id='block_1_22' title="bbox 277 2066 1791 2142">
    <p class='ocr_par' dir='ltr' id='par_1_22' title="bbox 277 2066 1791 2142">
     <span class='ocr_line' id='line_1_22' title="bbox 277 2066 1791 2142; baseline 0.003 -21"><span class='ocrx_word' id='word_1_159' title='bbox 277 2066 387 2138; x_wconf 57' lang='lat' dir='ltr'><strong>pf.</strong></span> <span class='ocrx_word' id='word_1_160' title='bbox 418 2070 529 2122; x_wconf 71' lang='grc' dir='ltr'><strong>Καὶ</strong></span> <span class='ocrx_word' id='word_1_161' title='bbox 579 2069 737 2124; x_wconf 86' lang='grc' dir='ltr'>τοῦτο</span> <span class='ocrx_word' id='word_1_162' title='bbox 795 2071 1022 2141; x_wconf 83' lang='grc' dir='ltr'>σημεῖον</span> <span class='ocrx_word' id='word_1_163' title='bbox 1063 2071 1292 2142; x_wconf 76' lang='grc' dir='ltr'>ἐναργὲς</span> <span class='ocrx_word' id='word_1_164' title='bbox 1333 2073 1362 2126; x_wconf 90' lang='grc' dir='ltr'><strong>ὁ</strong></span> <span class='ocrx_word' id='word_1_165' title='bbox 1405 2072 1532 2136; x_wconf 79' lang='grc' dir='ltr'>Υἱὸς</span> <span class='ocrx_word' id='word_1_166' title='bbox 1561 2072 1791 2126; x_wconf 80' lang='grc' dir='ltr'>δέδωκεν</span> 
     </span>
    </p>
   </div>
   <div class='ocr_carea' id='block_1_23' title="bbox 202 2161 1793 2234">
    <p class='ocr_par' dir='ltr' id='par_1_23' title="bbox 202 2161 1793 2234">
     <span class='ocr_line' id='line_1_23' title="bbox 202 2161 1793 2234; baseline 0.002 -20"><span class='ocrx_word' id='word_1_167' title='bbox 202 2161 388 2215; x_wconf 80' lang='grc' dir='ltr'>αὐτῶν</span> <span class='ocrx_word' id='word_1_168' title='bbox 428 2180 489 2216; x_wconf 88' lang='grc' dir='ltr'><strong>τε</strong></span> <span class='ocrx_word' id='word_1_169' title='bbox 523 2163 617 2217; x_wconf 82' lang='grc' dir='ltr'><strong>καὶ</strong></span> <span class='ocrx_word' id='word_1_170' title='bbox 649 2163 759 2216; x_wconf 88' lang='grc' dir='ltr'><strong>τῶν</strong></span> <span class='ocrx_word' id='word_1_171' title='bbox 797 2165 914 2232; x_wconf 89' lang='grc' dir='ltr'>μετ’</span> <span class='ocrx_word' id='word_1_172' title='bbox 950 2162 1195 2227; x_wconf 79' lang='grc' dir='ltr'>ἐκείνους</span> <span class='ocrx_word' id='word_1_173' title='bbox 1238 2163 1316 2234; x_wconf 83' lang='grc' dir='ltr'><strong>τῷ</strong></span> <span class='ocrx_word' id='word_1_174' title='bbox 1350 2164 1525 2234; x_wconf 78' lang='grc' dir='ltr'>Πατρὶ</span> <span class='ocrx_word' id='word_1_175' title='bbox 1553 2181 1793 2234; x_wconf 84' lang='grc' dir='ltr'>προσκυ-</span> 
     </span>
    </p>
   </div>
   <div class='ocr_carea' id='block_1_24' title="bbox 201 2253 1791 2326">
    <p class='ocr_par' dir='ltr' id='par_1_24' title="bbox 201 2253 1791 2326">
     <span class='ocr_line' id='line_1_24' title="bbox 201 2253 1791 2326; baseline 0 -20"><span class='ocrx_word' id='word_1_176' title='bbox 201 2253 464 2318; x_wconf 82' lang='grc' dir='ltr'>νούντων,</span> <span class='ocrx_word' id='word_1_177' title='bbox 486 2254 547 2308; x_wconf 87' lang='grc' dir='ltr'><strong>τὸ</strong></span> <span class='ocrx_word' id='word_1_178' title='bbox 571 2256 663 2308; x_wconf 86' lang='grc' dir='ltr'><strong>τὸν</strong></span> <span class='ocrx_word' id='word_1_179' title='bbox 682 2255 812 2309; x_wconf 86' lang='grc' dir='ltr'>Υἱὸν</span> <span class='ocrx_word' id='word_1_180' title='bbox 845 2257 1010 2326; x_wconf 82' lang='grc' dir='ltr'>τιμᾷν</span> <span class='ocrx_word' id='word_1_181' title='bbox 1034 2271 1048 2288; x_wconf 79' lang='grc' dir='ltr'><strong>ο</strong></span> <span class='ocrx_word' id='word_1_182' title='bbox 1081 2255 1177 2309; x_wconf 79' lang='grc' dir='ltr'><strong>καὶ</strong></span> <span class='ocrx_word' id='word_1_183' title='bbox 1205 2255 1315 2326; x_wconf 80' lang='grc' dir='ltr'>γὰρ</span> <span class='ocrx_word' id='word_1_184' title='bbox 1340 2255 1555 2324; x_wconf 83' lang='grc' dir='ltr'>ὁρῶμεν</span> <span class='ocrx_word' id='word_1_185' title='bbox 1576 2253 1791 2324; x_wconf 87' lang='grc' dir='ltr'>ἀληθῶς</span> 
     </span>
    </p>
   </div>
   <div class='ocr_carea' id='block_1_25' title="bbox 199 2345 1790 2418">
    <p class='ocr_par' dir='ltr' id='par_1_25' title="bbox 199 2345 1790 2418">
     <span class='ocr_line' id='line_1_25' title="bbox 199 2345 1790 2418; baseline -0.001 -17"><span class='ocrx_word' id='word_1_186' title='bbox 199 2348 382 2412; x_wconf 74' lang='grc' dir='ltr'>οὕτως</span> <span class='ocrx_word' id='word_1_187' title='bbox 410 2348 532 2418; x_wconf 80' lang='grc' dir='ltr'>ἕχον</span> <span class='ocrx_word' id='word_1_188' title='bbox 563 2347 621 2401; x_wconf 77' lang='grc' dir='ltr'>ἐν</span> <span class='ocrx_word' id='word_1_189' title='bbox 659 2365 718 2400; x_wconf 90' lang='grc' dir='ltr'><strong>τε</strong></span> <span class='ocrx_word' id='word_1_190' title='bbox 747 2347 896 2418; x_wconf 82' lang='grc' dir='ltr'>νόμῳ</span> <span class='ocrx_word' id='word_1_191' title='bbox 924 2348 1016 2402; x_wconf 78' lang='grc' dir='ltr'><strong>καὶ</strong></span> <span class='ocrx_word' id='word_1_192' title='bbox 1052 2347 1258 2418; x_wconf 86' lang='grc' dir='ltr'>χάριτι.</span> <span class='ocrx_word' id='word_1_193' title='bbox 1304 2345 1539 2417; x_wconf 82' lang='grc' dir='ltr'>Φανερὸν</span> <span class='ocrx_word' id='word_1_194' title='bbox 1573 2347 1680 2417; x_wconf 83' lang='grc' dir='ltr'>ἄρα</span> <span class='ocrx_word' id='word_1_195' title='bbox 1709 2347 1790 2400; x_wconf 79' lang='grc' dir='ltr'>ὅτι</span> 
     </span>
    </p>
   </div>
   <div class='ocr_carea' id='block_1_26' title="bbox 200 2438 1790 2512">
    <p class='ocr_par' dir='ltr' id='par_1_26' title="bbox 200 2438 1790 2512">
     <span class='ocr_line' id='line_1_26' title="bbox 200 2438 1790 2512; baseline 0 -19"><span class='ocrx_word' id='word_1_196' title='bbox 200 2441 260 2493; x_wconf 75' lang='grc' dir='ltr'><strong>ού</strong></span> <span class='ocrx_word' id='word_1_197' title='bbox 307 2441 400 2493; x_wconf 87' lang='grc' dir='ltr'><strong>τὸν</strong></span> <span class='ocrx_word' id='word_1_198' title='bbox 445 2440 539 2494; x_wconf 87' lang='grc' dir='ltr'><strong>τοῦ</strong></span> <span class='ocrx_word' id='word_1_199' title='bbox 577 2439 829 2512; x_wconf 81' lang='grc' dir='ltr'>Ἀϐραὰμ</span> <span class='ocrx_word' id='word_1_200' title='bbox 855 2441 949 2494; x_wconf 77' lang='grc' dir='ltr'>καὶ</span> <span class='ocrx_word' id='word_1_201' title='bbox 983 2441 1263 2503; x_wconf 84' lang='grc' dir='ltr'>Μωῦσέως</span> <span class='ocrx_word' id='word_1_202' title='bbox 1285 2438 1419 2492; x_wconf 84' lang='grc' dir='ltr'>Θεὸν</span> <span class='ocrx_word' id='word_1_203' title='bbox 1446 2438 1537 2492; x_wconf 89' lang='grc' dir='ltr'><strong>τὸν</strong></span> <span class='ocrx_word' id='word_1_204' title='bbox 1571 2439 1790 2509; x_wconf 84' lang='grc' dir='ltr'>Πατέρα</span> 
     </span>
    </p>
   </div>
   <div class='ocr_carea' id='block_1_27' title="bbox 200 2529 1789 2603">
    <p class='ocr_par' dir='ltr' id='par_1_27' title="bbox 200 2529 1789 2603">
     <span class='ocr_line' id='line_1_27' title="bbox 200 2529 1789 2603; baseline 0.001 -19"><span class='ocrx_word' id='word_1_205' title='bbox 200 2530 300 2584; x_wconf 87' lang='grc' dir='ltr'><strong>τοῦ</strong></span> <span class='ocrx_word' id='word_1_206' title='bbox 354 2531 562 2602; x_wconf 78' lang='grc' dir='ltr'>Κυρίου</span> <span class='ocrx_word' id='word_1_207' title='bbox 610 2531 766 2603; x_wconf 86' lang='grc' dir='ltr'>ἡμῶν</span> <span class='ocrx_word' id='word_1_208' title='bbox 858 2530 1032 2602; x_wconf 87' lang='grc' dir='ltr'>Ἰησοῦ</span> <span class='ocrx_word' id='word_1_209' title='bbox 1085 2529 1327 2602; x_wconf 80' lang='grc' dir='ltr'>Χριστοῦ</span> <span class='ocrx_word' id='word_1_210' title='bbox 1394 2529 1789 2601; x_wconf 84' lang='grc' dir='ltr'>προσκυνοῦσιν</span> 
     </span>
    </p>
   </div>
   <div class='ocr_carea' id='block_1_28' title="bbox 214 2622 1790 2695">
    <p class='ocr_par' dir='ltr' id='par_1_28' title="bbox 214 2622 1790 2695">
     <span class='ocr_line' id='line_1_28' title="bbox 214 2622 1790 2695; baseline -0.002 -17"><span class='ocrx_word' id='word_1_211' title='bbox 214 2625 533 2694; x_wconf 77' lang='grc' dir='ltr'>Ἀγαρηνοὶ,</span> <span class='ocrx_word' id='word_1_212' title='bbox 559 2624 652 2678; x_wconf 76' lang='grc' dir='ltr'><strong>καὶ</strong></span> <span class='ocrx_word' id='word_1_213' title='bbox 679 2625 778 2695; x_wconf 79' lang='grc' dir='ltr'>τὴν</span> <span class='ocrx_word' id='word_1_214' title='bbox 804 2623 1004 2692; x_wconf 89' lang='grc' dir='ltr'>γνῶσιν</span> <span class='ocrx_word' id='word_1_215' title='bbox 1032 2625 1125 2678; x_wconf 89' lang='grc' dir='ltr'><strong>τοῦ</strong></span> <span class='ocrx_word' id='word_1_216' title='bbox 1157 2623 1497 2692; x_wconf 91' lang='grc' dir='ltr'>Μονογενοῦς</span> <span class='ocrx_word' id='word_1_217' title='bbox 1535 2622 1790 2693; x_wconf 80' lang='grc' dir='ltr'>ἐξαρνού-</span> 
     </span>
    </p>
   </div>
   <div class='ocr_carea' id='block_1_29' title="bbox 201 2715 1790 2790">
    <p class='ocr_par' dir='ltr' id='par_1_29' title="bbox 201 2715 1790 2790">
     <span class='ocr_line' id='line_1_29' title="bbox 201 2715 1790 2790; baseline -0.002 -18"><span class='ocrx_word' id='word_1_218' title='bbox 201 2734 401 2790; x_wconf 79' lang='grc' dir='ltr'>μενοι·</span> <span class='ocrx_word' id='word_1_219' title='bbox 432 2716 567 2771; x_wconf 71' lang='grc' dir='ltr'>ἀλλὰ</span> <span class='ocrx_word' id='word_1_220' title='bbox 595 2718 684 2769; x_wconf 87' lang='grc' dir='ltr'><strong>τὸν</strong></span> <span class='ocrx_word' id='word_1_221' title='bbox 710 2717 922 2788; x_wconf 84' lang='grc' dir='ltr'>πατέρα</span> <span class='ocrx_word' id='word_1_222' title='bbox 949 2715 1044 2770; x_wconf 88' lang='grc' dir='ltr'><strong>τοῦ</strong></span> <span class='ocrx_word' id='word_1_223' title='bbox 1068 2715 1319 2786; x_wconf 80' lang='grc' dir='ltr'>ψεύδους,</span> <span class='ocrx_word' id='word_1_224' title='bbox 1345 2715 1420 2780; x_wconf 85' lang='grc' dir='ltr'>ὡς</span> <span class='ocrx_word' id='word_1_225' title='bbox 1447 2716 1507 2781; x_wconf 77' lang='grc' dir='ltr'>ἐξ</span> <span class='ocrx_word' id='word_1_226' title='bbox 1545 2716 1790 2785; x_wconf 80' lang='grc' dir='ltr'>ἀνάγκης</span> 
     </span>
    </p>
   </div>
   <div class='ocr_carea' id='block_1_30' title="bbox 198 2808 1789 2880">
    <p class='ocr_par' dir='ltr' id='par_1_30' title="bbox 198 2808 1789 2880">
     <span class='ocr_line' id='line_1_30' title="bbox 198 2808 1789 2880; baseline -0.001 -16"><span class='ocrx_word' id='word_1_227' title='bbox 198 2809 369 2864; x_wconf 75' lang='grc' dir='ltr'>τοῦτο</span> <span class='ocrx_word' id='word_1_228' title='bbox 398 2808 842 2872; x_wconf 80' lang='grc' dir='ltr'>ἀκολουθοῦντος,</span> <span class='ocrx_word' id='word_1_229' title='bbox 885 2808 974 2862; x_wconf 85' lang='grc' dir='ltr'>διὰ</span> <span class='ocrx_word' id='word_1_230' title='bbox 1007 2808 1068 2862; x_wconf 84' lang='grc' dir='ltr'><strong>τὸ</strong></span> <span class='ocrx_word' id='word_1_231' title='bbox 1103 2809 1178 2880; x_wconf 84' lang='grc' dir='ltr'>μὴ</span> <span class='ocrx_word' id='word_1_232' title='bbox 1209 2811 1540 2880; x_wconf 83' lang='grc' dir='ltr'>προσκυνεῖν</span> <span class='ocrx_word' id='word_1_233' title='bbox 1572 2808 1664 2862; x_wconf 90' lang='grc' dir='ltr'><strong>τὸν</strong></span> <span class='ocrx_word' id='word_1_234' title='bbox 1692 2811 1789 2879; x_wconf 76' lang='grc' dir='ltr'>τῆς</span> 
     </span>
    </p>
   </div>
   <div class='ocr_carea' id='block_1_31' title="bbox 198 2901 1789 2974">
    <p class='ocr_par' dir='ltr' id='par_1_31' title="bbox 198 2901 1789 2974">
     <span class='ocr_line' id='line_1_31' title="bbox 198 2901 1789 2974; baseline -0.001 -18"><span class='ocrx_word' id='word_1_235' title='bbox 198 2901 472 2972; x_wconf 75' lang='grc' dir='ltr'>ἀληθείας</span> <span class='ocrx_word' id='word_1_236' title='bbox 496 2902 738 2972; x_wconf 85' lang='grc' dir='ltr'>Πατέρα.</span> <span class='ocrx_word' id='word_1_237' title='bbox 793 2902 850 2954; x_wconf 88' lang='lat'><strong>&#39;0</strong></span> <span class='ocrx_word' id='word_1_238' title='bbox 878 2901 985 2973; x_wconf 87' lang='grc' dir='ltr'>γὰρ</span> <span class='ocrx_word' id='word_1_239' title='bbox 1014 2901 1241 2972; x_wconf 86' lang='grc' dir='ltr'>θατέρου</span> <span class='ocrx_word' id='word_1_240' title='bbox 1279 2902 1543 2966; x_wconf 81' lang='grc' dir='ltr'>ἀποστὰς,</span> <span class='ocrx_word' id='word_1_241' title='bbox 1577 2901 1789 2974; x_wconf 83' lang='grc' dir='ltr'>θατέρῳ</span> 
     </span>
    </p>
   </div>
   <div class='ocr_carea' id='block_1_32' title="bbox 201 2991 1785 3063">
    <p class='ocr_par' dir='ltr' id='par_1_32' title="bbox 201 2991 1785 3063">
     <span class='ocr_line' id='line_1_32' title="bbox 201 2991 1785 3063; baseline 0 -18"><span class='ocrx_word' id='word_1_242' title='bbox 201 2993 568 3063; x_wconf 86' lang='grc' dir='ltr'>περιπίπτει·</span> <span class='ocrx_word' id='word_1_243' title='bbox 594 2993 687 3045; x_wconf 72' lang='grc' dir='ltr'><strong>καὶ</strong></span> <span class='ocrx_word' id='word_1_244' title='bbox 717 2991 957 3062; x_wconf 76' lang='grc' dir='ltr'>ἀψευδής</span> <span class='ocrx_word' id='word_1_245' title='bbox 987 2992 1136 3045; x_wconf 77' lang='grc' dir='ltr'>ἐστιν</span> <span class='ocrx_word' id='word_1_246' title='bbox 1162 2993 1199 3060; x_wconf 48' lang='grc' dir='ltr'><strong>,ὁ</strong></span> <span class='ocrx_word' id='word_1_247' title='bbox 1232 2991 1327 3046; x_wconf 87' lang='grc' dir='ltr'><strong>τοῦ</strong></span> <span class='ocrx_word' id='word_1_248' title='bbox 1361 2993 1566 3063; x_wconf 86' lang='grc' dir='ltr'>Κυρίου</span> <span class='ocrx_word' id='word_1_249' title='bbox 1609 2993 1785 3061; x_wconf 84' lang='grc' dir='ltr'>λόγος,</span> 
     </span>
    </p>
   </div>
   <div class='ocr_carea' id='block_1_33' title="bbox 197 3081 1785 3154">
    <p class='ocr_par' dir='ltr' id='par_1_33' title="bbox 197 3081 1785 3154">
     <span class='ocr_line' id='line_1_33' title="bbox 197 3081 1785 3154; baseline 0.001 -19"><span class='ocrx_word' id='word_1_250' title='bbox 197 3085 285 3136; x_wconf 81' lang='grc' dir='ltr'><strong>ὅτι</strong></span> <span class='ocrx_word' id='word_1_251' title='bbox 321 3084 377 3135; x_wconf 88' lang='lat'><strong>&#39;0</strong></span> <span class='ocrx_word' id='word_1_252' title='bbox 406 3082 490 3153; x_wconf 82' lang='grc' dir='ltr'><em>μὴ</em></span> <span class='ocrx_word' id='word_1_253' title='bbox 519 3081 705 3153; x_wconf 84' lang='grc' dir='ltr'>τιμῶν</span> <span class='ocrx_word' id='word_1_254' title='bbox 738 3083 846 3138; x_wconf 82' lang='grc' dir='ltr'>τὸν</span> <span class='ocrx_word' id='word_1_255' title='bbox 879 3083 1036 3149; x_wconf 83' lang='grc' dir='ltr'>Υιὸν,</span> <span class='ocrx_word' id='word_1_256' title='bbox 1068 3083 1211 3138; x_wconf 85' lang='grc' dir='ltr'>οὐδὲ</span> <span class='ocrx_word' id='word_1_257' title='bbox 1238 3083 1343 3138; x_wconf 85' lang='grc' dir='ltr'><strong>τὸν</strong></span> <span class='ocrx_word' id='word_1_258' title='bbox 1369 3084 1599 3153; x_wconf 81' lang='grc' dir='ltr'>Πατέρα</span> <span class='ocrx_word' id='word_1_259' title='bbox 1629 3083 1785 3154; x_wconf 78' lang='grc' dir='ltr'>τιμᾷο</span> 
     </span>
    </p>
   </div>
   <div class='ocr_carea' id='block_1_34' title="bbox 1895 604 3483 676">
    <p class='ocr_par' dir='ltr' id='par_1_34' title="bbox 1895 604 3483 676">
     <span class='ocr_line' id='line_1_34' title="bbox 1895 604 3483 676; baseline 0.003 -17"><span class='ocrx_word' id='word_1_260' title='bbox 1895 608 2170 676; x_wconf 88' lang='lat' dir='ltr'><strong>quomodo</strong></span> <span class='ocrx_word' id='word_1_261' title='bbox 2217 607 2452 676; x_wconf 89' lang='lat' dir='ltr'><strong>patietur</strong></span> <span class='ocrx_word' id='word_1_262' title='bbox 2482 606 2598 676; x_wconf 90' lang='lat' dir='ltr'><strong>ipse</strong></span> <span class='ocrx_word' id='word_1_263' title='bbox 2632 604 2813 668; x_wconf 90' lang='lat' dir='ltr'><strong>Pater,</strong></span> <span class='ocrx_word' id='word_1_264' title='bbox 2847 620 3007 660; x_wconf 86' lang='lat' dir='ltr'><strong>suum</strong></span> <span class='ocrx_word' id='word_1_265' title='bbox 3038 622 3163 660; x_wconf 90' lang='lat' dir='ltr'><strong>vere</strong></span> <span class='ocrx_word' id='word_1_266' title='bbox 3194 605 3392 662; x_wconf 90' lang='lat' dir='ltr'><strong>Filium</strong></span> <span class='ocrx_word' id='word_1_267' title='bbox 3425 619 3483 663; x_wconf 85' lang='lat' dir='ltr'><strong>et</strong></span> 
     </span>
    </p>
   </div>
   <div class='ocr_carea' id='block_1_35' title="bbox 1895 694 3481 766">
    <p class='ocr_par' dir='ltr' id='par_1_35' title="bbox 1895 694 3481 766">
     <span class='ocr_line' id='line_1_35' title="bbox 1895 694 3481 766; baseline 0.001 -18"><span class='ocrx_word' id='word_1_268' title='bbox 1895 694 2132 749; x_wconf 92' lang='lat' dir='ltr'><strong>Verbum</strong></span> <span class='ocrx_word' id='word_1_269' title='bbox 2156 712 2224 750; x_wconf 87' lang='lat' dir='ltr'><strong>ac</strong></span> <span class='ocrx_word' id='word_1_270' title='bbox 2261 696 2427 750; x_wconf 91' lang='lat' dir='ltr'><strong>Deum</strong></span> <span class='ocrx_word' id='word_1_271' title='bbox 2461 696 2528 750; x_wconf 88' lang='lat' dir='ltr'><strong>ab</strong></span> <span class='ocrx_word' id='word_1_272' title='bbox 2552 695 2749 749; x_wconf 86' lang='lat' dir='ltr'><strong>horum</strong></span> <span class='ocrx_word' id='word_1_273' title='bbox 2778 695 3096 764; x_wconf 85' lang='lat' dir='ltr'><strong>blaspheme</strong></span> <span class='ocrx_word' id='word_1_274' title='bbox 3127 711 3221 750; x_wconf 92' lang='lat' dir='ltr'><strong>ore</strong></span> <span class='ocrx_word' id='word_1_275' title='bbox 3252 696 3481 766; x_wconf 76' lang='lat' dir='ltr'><strong>negari?</strong></span> 
     </span>
    </p>
   </div>
   <div class='ocr_carea' id='block_1_36' title="bbox 1893 785 3480 858">
    <p class='ocr_par' dir='ltr' id='par_1_36' title="bbox 1893 785 3480 858">
     <span class='ocr_line' id='line_1_36' title="bbox 1893 785 3480 858; baseline 0.003 -19"><span class='ocrx_word' id='word_1_276' title='bbox 1893 785 2088 842; x_wconf 85' lang='lat' dir='ltr'><strong>Nullus</strong></span> <span class='ocrx_word' id='word_1_277' title='bbox 2122 797 2269 842; x_wconf 92' lang='lat' dir='ltr'><strong>certe</strong></span> <span class='ocrx_word' id='word_1_278' title='bbox 2294 796 2448 858; x_wconf 84' lang='lat' dir='ltr'><strong>pater</strong></span> <span class='ocrx_word' id='word_1_279' title='bbox 2494 786 2840 842; x_wconf 84' lang='lat' dir='ltr'><strong>inimicorum</strong></span> <span class='ocrx_word' id='word_1_280' title='bbox 2870 787 3132 856; x_wconf 85' lang='lat' dir='ltr'><strong>unigeniti</strong></span> <span class='ocrx_word' id='word_1_281' title='bbox 3163 789 3246 842; x_wconf 92' lang='lat' dir='ltr'><strong>sui</strong></span> <span class='ocrx_word' id='word_1_282' title='bbox 3268 788 3480 844; x_wconf 86' lang='lat' dir='ltr'><strong>amicus</strong></span> 
     </span>
    </p>
   </div>
   <div class='ocr_carea' id='block_1_37' title="bbox 1895 878 3482 958">
    <p class='ocr_par' dir='ltr' id='par_1_37' title="bbox 1895 878 3482 958">
     <span class='ocr_line' id='line_1_37' title="bbox 1895 878 3482 958; baseline 0.001 -25"><span class='ocrx_word' id='word_1_283' title='bbox 1895 888 1996 933; x_wconf 88' lang='lat' dir='ltr'><strong>est.</strong></span> <span class='ocrx_word' id='word_1_284' title='bbox 2032 878 2238 958; x_wconf 79' lang='lat' dir='ltr'><strong>Praeter</strong></span> <span class='ocrx_word' id='word_1_285' title='bbox 2285 895 2446 949; x_wconf 89' lang='lat' dir='ltr'><strong>quam</strong></span> <span class='ocrx_word' id='word_1_286' title='bbox 2503 880 2646 948; x_wconf 90' lang='lat' dir='ltr'><strong>quod</strong></span> <span class='ocrx_word' id='word_1_287' title='bbox 2683 880 2728 934; x_wconf 89' lang='lat' dir='ltr'><strong>si</strong></span> <span class='ocrx_word' id='word_1_288' title='bbox 2757 879 2976 933; x_wconf 84' lang='lat' dir='ltr'><strong>Patrem</strong></span> <span class='ocrx_word' id='word_1_289' title='bbox 3006 882 3111 934; x_wconf 90' lang='lat' dir='ltr'><strong>rite</strong></span> <span class='ocrx_word' id='word_1_290' title='bbox 3141 880 3402 945; x_wconf 88' lang='lat' dir='ltr'><strong>colerent,</strong></span> <span class='ocrx_word' id='word_1_291' title='bbox 3434 881 3482 934; x_wconf 88' lang='lat' dir='ltr'><strong>is</strong></span> 
     </span>
    </p>
   </div>
   <div class='ocr_carea' id='block_1_38' title="bbox 1894 970 3478 1043">
    <p class='ocr_par' dir='ltr' id='par_1_38' title="bbox 1894 970 3478 1043">
     <span class='ocr_line' id='line_1_38' title="bbox 1894 970 3478 1043; baseline 0.003 -19"><span class='ocrx_word' id='word_1_292' title='bbox 1894 971 2100 1026; x_wconf 82' lang='lat' dir='ltr'><strong>eisdem</strong></span> <span class='ocrx_word' id='word_1_293' title='bbox 2126 970 2321 1025; x_wconf 88' lang='lat' dir='ltr'><strong>Filium</strong></span> <span class='ocrx_word' id='word_1_294' title='bbox 2346 988 2505 1027; x_wconf 91' lang='lat' dir='ltr'><strong>suum</strong></span> <span class='ocrx_word' id='word_1_295' title='bbox 2539 973 2826 1028; x_wconf 87' lang='lat' dir='ltr'><strong>revelaret.</strong></span> <span class='ocrx_word' id='word_1_296' title='bbox 2853 974 3154 1043; x_wconf 83' lang='lat' dir='ltr'><strong>Aitquippe</strong></span> <span class='ocrx_word' id='word_1_297' title='bbox 3177 973 3478 1028; x_wconf 85' lang='lat' dir='ltr'><strong>Dominus:</strong></span> 
     </span>
    </p>
   </div>
   <div class='ocr_carea' id='block_1_39' title="bbox 1899 1062 3482 1134">
    <p class='ocr_par' dir='ltr' id='par_1_39' title="bbox 1899 1062 3482 1134">
     <span class='ocr_line' id='line_1_39' title="bbox 1899 1062 3482 1134; baseline 0.003 -19"><span class='ocrx_word' id='word_1_298' title='bbox 1899 1062 2067 1116; x_wconf 86' lang='lat' dir='ltr'><strong>Nemo</strong></span> <span class='ocrx_word' id='word_1_299' title='bbox 2109 1065 2249 1118; x_wconf 83' lang='lat' dir='ltr'><strong>novit</strong></span> <span class='ocrx_word' id='word_1_300' title='bbox 2296 1063 2499 1118; x_wconf 85' lang='lat' dir='ltr'><strong>Filium</strong></span> <span class='ocrx_word' id='word_1_301' title='bbox 2529 1067 2635 1119; x_wconf 76' lang='lat' dir='ltr'><strong>nisi</strong></span> <span class='ocrx_word' id='word_1_302' title='bbox 2687 1063 2931 1132; x_wconf 82' lang='lat' dir='ltr'><strong>Pater,et</strong></span> <span class='ocrx_word' id='word_1_303' title='bbox 2961 1066 3045 1119; x_wconf 86' lang='lat' dir='ltr'><strong>cui</strong></span> <span class='ocrx_word' id='word_1_304' title='bbox 3085 1067 3193 1134; x_wconf 81' lang='lat' dir='ltr'><strong>ipse</strong></span> <span class='ocrx_word' id='word_1_305' title='bbox 3223 1064 3482 1119; x_wconf 80' lang='lat' dir='ltr'><strong>revelave-</strong></span> 
     </span>
    </p>
   </div>
   <div class='ocr_carea' id='block_1_40' title="bbox 1897 1153 3482 1228">
    <p class='ocr_par' dir='ltr' id='par_1_40' title="bbox 1897 1153 3482 1228">
     <span class='ocr_line' id='line_1_40' title="bbox 1897 1153 3482 1228; baseline 0.004 -22"><span class='ocrx_word' id='word_1_306' title='bbox 1897 1153 2054 1221; x_wconf 69' lang='lat' dir='ltr'><strong>rit&quot;;</strong></span> <span class='ocrx_word' id='word_1_307' title='bbox 2078 1156 2219 1222; x_wconf 88' lang='lat' dir='ltr'><strong>quod</strong></span> <span class='ocrx_word' id='word_1_308' title='bbox 2244 1158 2516 1213; x_wconf 75' lang='lat' dir='ltr'><strong>veteribus</strong></span> <span class='ocrx_word' id='word_1_309' title='bbox 2544 1158 2748 1212; x_wconf 89' lang='lat' dir='ltr'><strong>sanctis</strong></span> <span class='ocrx_word' id='word_1_310' title='bbox 2773 1159 3066 1228; x_wconf 81' lang='lat' dir='ltr'><strong>contigisse</strong></span> <span class='ocrx_word' id='word_1_311' title='bbox 3088 1159 3358 1223; x_wconf 77' lang='lat' dir='ltr'><strong>videmus,</strong></span> <span class='ocrx_word' id='word_1_312' title='bbox 3385 1157 3482 1228; x_wconf 89' lang='lat' dir='ltr'><strong>qui</strong></span> 
     </span>
    </p>
   </div>
   <div class='ocr_carea' id='block_1_41' title="bbox 1897 1245 3486 1319">
    <p class='ocr_par' dir='ltr' id='par_1_41' title="bbox 1897 1245 3486 1319">
     <span class='ocr_line' id='line_1_41' title="bbox 1897 1245 3486 1319; baseline 0.001 -19"><span class='ocrx_word' id='word_1_313' title='bbox 1897 1261 2053 1300; x_wconf 89' lang='lat' dir='ltr'><strong>suam</strong></span> <span class='ocrx_word' id='word_1_314' title='bbox 2086 1245 2208 1300; x_wconf 88' lang='lat' dir='ltr'><strong>Filii</strong></span> <span class='ocrx_word' id='word_1_315' title='bbox 2255 1247 2504 1301; x_wconf 86' lang='lat' dir='ltr'><strong>netitiam</strong></span> <span class='ocrx_word' id='word_1_316' title='bbox 2541 1249 2812 1318; x_wconf 82' lang='lat' dir='ltr'><strong>iidemque</strong></span> <span class='ocrx_word' id='word_1_317' title='bbox 2868 1251 2922 1303; x_wconf 91' lang='lat' dir='ltr'><strong>in</strong></span> <span class='ocrx_word' id='word_1_318' title='bbox 2964 1250 3117 1304; x_wconf 86' lang='lat' dir='ltr'><strong>libris</strong></span> <span class='ocrx_word' id='word_1_319' title='bbox 3163 1263 3384 1319; x_wconf 89' lang='lat' dir='ltr'><strong>quoque</strong></span> <span class='ocrx_word' id='word_1_320' title='bbox 3427 1256 3486 1303; x_wconf 89' lang='lat' dir='ltr'><strong>et</strong></span> 
     </span>
    </p>
   </div>
   <div class='ocr_carea' id='block_1_42' title="bbox 1897 1338 3483 1411">
    <p class='ocr_par' dir='ltr' id='par_1_42' title="bbox 1897 1338 3483 1411">
     <span class='ocr_line' id='line_1_42' title="bbox 1897 1338 3483 1411; baseline 0.002 -21"><span class='ocrx_word' id='word_1_321' title='bbox 1897 1339 2053 1406; x_wconf 90' lang='lat' dir='ltr'><strong>quasi</strong></span> <span class='ocrx_word' id='word_1_322' title='bbox 2103 1338 2277 1407; x_wconf 84' lang='lat' dir='ltr'><strong>eippis</strong></span> <span class='ocrx_word' id='word_1_323' title='bbox 2321 1340 2582 1408; x_wconf 89' lang='lat' dir='ltr'><strong>scriptam</strong></span> <span class='ocrx_word' id='word_1_324' title='bbox 2638 1341 2995 1411; x_wconf 90' lang='lat' dir='ltr'><strong>reliquerunt.</strong></span> <span class='ocrx_word' id='word_1_325' title='bbox 3046 1340 3295 1411; x_wconf 88' lang='lat' dir='ltr'><strong>Insuper,</strong></span> <span class='ocrx_word' id='word_1_326' title='bbox 3342 1353 3483 1410; x_wconf 89' lang='lat' dir='ltr'><strong>quo-</strong></span> 
     </span>
    </p>
   </div>
   <div class='ocr_carea' id='block_1_43' title="bbox 1897 1429 3482 1502">
    <p class='ocr_par' dir='ltr' id='par_1_43' title="bbox 1897 1429 3482 1502">
     <span class='ocr_line' id='line_1_43' title="bbox 1897 1429 3482 1502; baseline 0.002 -21"><span class='ocrx_word' id='word_1_327' title='bbox 1897 1429 2058 1482; x_wconf 92' lang='lat' dir='ltr'><strong>modo</strong></span> <span class='ocrx_word' id='word_1_328' title='bbox 2109 1430 2325 1498; x_wconf 89' lang='lat' dir='ltr'><strong>possint</strong></span> <span class='ocrx_word' id='word_1_329' title='bbox 2367 1431 2582 1486; x_wconf 85' lang='lat' dir='ltr'><strong>Patrem</strong></span> <span class='ocrx_word' id='word_1_330' title='bbox 2635 1446 2997 1502; x_wconf 82' lang='lat' dir='ltr'><strong>cognoscere,</strong></span> <span class='ocrx_word' id='word_1_331' title='bbox 3047 1431 3186 1486; x_wconf 91' lang='lat' dir='ltr'><strong>Filio</strong></span> <span class='ocrx_word' id='word_1_332' title='bbox 3242 1433 3322 1486; x_wconf 91' lang='lat' dir='ltr'><strong>eis</strong></span> <span class='ocrx_word' id='word_1_333' title='bbox 3369 1445 3482 1486; x_wconf 89' lang='lat' dir='ltr'><strong>non</strong></span> 
     </span>
    </p>
   </div>
   <div class='ocr_carea' id='block_1_44' title="bbox 1899 1519 3482 1579">
    <p class='ocr_par' dir='ltr' id='par_1_44' title="bbox 1899 1519 3482 1579">
     <span class='ocr_line' id='line_1_44' title="bbox 1899 1519 3482 1579; baseline 0.004 -7"><span class='ocrx_word' id='word_1_334' title='bbox 1899 1521 2208 1575; x_wconf 88' lang='lat' dir='ltr'><strong>revelanle?</strong></span> <span class='ocrx_word' id='word_1_335' title='bbox 2263 1519 2430 1576; x_wconf 85' lang='lat' dir='ltr'><strong>Nemo</strong></span> <span class='ocrx_word' id='word_1_336' title='bbox 2484 1525 2625 1577; x_wconf 84' lang='lat' dir='ltr'><strong>novit</strong></span> <span class='ocrx_word' id='word_1_337' title='bbox 2659 1523 2875 1578; x_wconf 85' lang='lat' dir='ltr'><strong>Patrem</strong></span> <span class='ocrx_word' id='word_1_338' title='bbox 2941 1525 3044 1578; x_wconf 79' lang='lat' dir='ltr'><strong>nisi</strong></span> <span class='ocrx_word' id='word_1_339' title='bbox 3097 1524 3314 1578; x_wconf 80' lang='lat' dir='ltr'><strong>Filius:</strong></span> <span class='ocrx_word' id='word_1_340' title='bbox 3345 1524 3482 1579; x_wconf 90' lang='lat' dir='ltr'><strong>adeo</strong></span> 
     </span>
    </p>
   </div>
   <div class='ocr_carea' id='block_1_45' title="bbox 1900 1612 3482 1688">
    <p class='ocr_par' dir='ltr' id='par_1_45' title="bbox 1900 1612 3482 1688">
     <span class='ocr_line' id='line_1_45' title="bbox 1900 1612 3482 1688; baseline 0.005 -24"><span class='ocrx_word' id='word_1_341' title='bbox 1900 1620 1960 1664; x_wconf 94' lang='lat' dir='ltr'><strong>ut</strong></span> <span class='ocrx_word' id='word_1_342' title='bbox 2005 1614 2182 1666; x_wconf 87' lang='lat' dir='ltr'><strong>cuncti</strong></span> <span class='ocrx_word' id='word_1_343' title='bbox 2229 1612 2442 1670; x_wconf 81' lang='lat' dir='ltr'><strong>Veteris</strong></span> <span class='ocrx_word' id='word_1_344' title='bbox 2491 1615 2825 1670; x_wconf 85' lang='lat' dir='ltr'><strong>Testamenti</strong></span> <span class='ocrx_word' id='word_1_345' title='bbox 2888 1617 3070 1688; x_wconf 81' lang='lat' dir='ltr'><strong>inclyti</strong></span> <span class='ocrx_word' id='word_1_346' title='bbox 3102 1617 3344 1688; x_wconf 86' lang='lat' dir='ltr'><strong>justique</strong></span> <span class='ocrx_word' id='word_1_347' title='bbox 3380 1618 3482 1672; x_wconf 86' lang='lat' dir='ltr'><strong>ho-</strong></span> 
     </span>
    </p>
   </div>
   <div class='ocr_carea' id='block_1_46' title="bbox 1899 1701 3482 1772">
    <p class='ocr_par' dir='ltr' id='par_1_46' title="bbox 1899 1701 3482 1772">
     <span class='ocr_line' id='line_1_46' title="bbox 1899 1701 3482 1772; baseline 0.006 -18"><span class='ocrx_word' id='word_1_348' title='bbox 1899 1701 2096 1768; x_wconf 88' lang='lat' dir='ltr'><strong>mines,</strong></span> <span class='ocrx_word' id='word_1_349' title='bbox 2126 1701 2218 1756; x_wconf 92' lang='lat' dir='ltr'><strong>Dei</strong></span> <span class='ocrx_word' id='word_1_350' title='bbox 2248 1703 2426 1760; x_wconf 82' lang='lat' dir='ltr'><strong>Patris</strong></span> <span class='ocrx_word' id='word_1_351' title='bbox 2443 1705 2700 1772; x_wconf 90' lang='lat' dir='ltr'><strong>cultores,</strong></span> <span class='ocrx_word' id='word_1_352' title='bbox 2726 1705 2848 1760; x_wconf 89' lang='lat' dir='ltr'><strong>Filii</strong></span> <span class='ocrx_word' id='word_1_353' title='bbox 2872 1707 3036 1761; x_wconf 88' lang='lat' dir='ltr'><strong>simul</strong></span> <span class='ocrx_word' id='word_1_354' title='bbox 3069 1707 3260 1763; x_wconf 83' lang='lat' dir='ltr'><strong>notitia</strong></span> <span class='ocrx_word' id='word_1_355' title='bbox 3286 1707 3482 1765; x_wconf 85' lang='lat' dir='ltr'><strong>imbuti</strong></span> 
     </span>
    </p>
   </div>
   <div class='ocr_carea' id='block_1_47' title="bbox 1899 1791 3032 1867">
    <p class='ocr_par' dir='ltr' id='par_1_47' title="bbox 1899 1791 3032 1867">
     <span class='ocr_line' id='line_1_47' title="bbox 1899 1791 3032 1867; baseline 0.007 -21"><span class='ocrx_word' id='word_1_356' title='bbox 1899 1791 2126 1863; x_wconf 78' lang='lat' dir='ltr'><strong>fuerint,</strong></span> <span class='ocrx_word' id='word_1_357' title='bbox 2159 1795 2404 1867; x_wconf 84' lang='lat' dir='ltr'><strong>aliosqne</strong></span> <span class='ocrx_word' id='word_1_358' title='bbox 2431 1796 2671 1853; x_wconf 78' lang='lat' dir='ltr'><strong>vicissim</strong></span> <span class='ocrx_word' id='word_1_359' title='bbox 2713 1798 3032 1854; x_wconf 88' lang='lat' dir='ltr'><strong>imbuerint.</strong></span> 
     </span>
    </p>
   </div>
   <div class='ocr_carea' id='block_1_48' title="bbox 1972 2080 3481 2157">
    <p class='ocr_par' dir='ltr' id='par_1_48' title="bbox 1972 2080 3481 2157">
     <span class='ocr_line' id='line_1_48' title="bbox 1972 2080 3481 2157; baseline 0.005 -23"><span class='ocrx_word' id='word_1_360' title='bbox 1972 2080 2095 2136; x_wconf 79' lang='grc'><strong>105.</strong></span> <span class='ocrx_word' id='word_1_361' title='bbox 2125 2083 2300 2153; x_wconf 80' lang='lat' dir='ltr'><strong>Atque</strong></span> <span class='ocrx_word' id='word_1_362' title='bbox 2323 2082 2426 2138; x_wconf 91' lang='lat' dir='ltr'><strong>hoc</strong></span> <span class='ocrx_word' id='word_1_363' title='bbox 2449 2082 2594 2138; x_wconf 89' lang='lat' dir='ltr'><strong>dedit</strong></span> <span class='ocrx_word' id='word_1_364' title='bbox 2628 2082 2799 2140; x_wconf 88' lang='lat' dir='ltr'><strong>Filius</strong></span> <span class='ocrx_word' id='word_1_365' title='bbox 2832 2085 3046 2156; x_wconf 84' lang='lat' dir='ltr'><strong>signum</strong></span> <span class='ocrx_word' id='word_1_366' title='bbox 3079 2085 3303 2141; x_wconf 87' lang='lat' dir='ltr'><strong>evidens</strong></span> <span class='ocrx_word' id='word_1_367' title='bbox 3333 2087 3481 2157; x_wconf 84' lang='lat' dir='ltr'><strong>quod</strong></span> 
     </span>
    </p>
   </div>
   <div class='ocr_carea' id='block_1_49' title="bbox 1899 2171 3480 2248">
    <p class='ocr_par' dir='ltr' id='par_1_49' title="bbox 1899 2171 3480 2248">
     <span class='ocr_line' id='line_1_49' title="bbox 1899 2171 3480 2248; baseline 0.004 -22"><span class='ocrx_word' id='word_1_368' title='bbox 1899 2171 1975 2226; x_wconf 89' lang='lat' dir='ltr'><strong>illi</strong></span> <span class='ocrx_word' id='word_1_369' title='bbox 1999 2181 2054 2228; x_wconf 87' lang='lat' dir='ltr'><strong>et</strong></span> <span class='ocrx_word' id='word_1_370' title='bbox 2091 2175 2296 2244; x_wconf 84' lang='lat' dir='ltr'><strong>posteri</strong></span> <span class='ocrx_word' id='word_1_371' title='bbox 2326 2191 2516 2230; x_wconf 87' lang='lat' dir='ltr'><strong>eorum</strong></span> <span class='ocrx_word' id='word_1_372' title='bbox 2538 2175 2753 2231; x_wconf 82' lang='lat' dir='ltr'><strong>Patrem</strong></span> <span class='ocrx_word' id='word_1_373' title='bbox 2775 2177 3036 2243; x_wconf 87' lang='lat' dir='ltr'><strong>colerent,</strong></span> <span class='ocrx_word' id='word_1_374' title='bbox 3075 2179 3121 2233; x_wconf 88' lang='lat' dir='ltr'><strong>si</strong></span> <span class='ocrx_word' id='word_1_375' title='bbox 3164 2195 3358 2248; x_wconf 88' lang='lat' dir='ltr'><strong>nempe</strong></span> <span class='ocrx_word' id='word_1_376' title='bbox 3386 2178 3480 2233; x_wconf 87' lang='lat' dir='ltr'><strong>Fi-</strong></span> 
     </span>
    </p>
   </div>
   <div class='ocr_carea' id='block_1_50' title="bbox 1899 2264 3481 2328">
    <p class='ocr_par' dir='ltr' id='par_1_50' title="bbox 1899 2264 3481 2328">
     <span class='ocr_line' id='line_1_50' title="bbox 1899 2264 3481 2328; baseline 0.007 -11"><span class='ocrx_word' id='word_1_377' title='bbox 1899 2264 2028 2318; x_wconf 88' lang='lat' dir='ltr'><strong>lium</strong></span> <span class='ocrx_word' id='word_1_378' title='bbox 2058 2265 2502 2322; x_wconf 87' lang='lat' dir='ltr'><strong>honorilicarent.</strong></span> <span class='ocrx_word' id='word_1_379' title='bbox 2552 2269 2642 2324; x_wconf 88' lang='lat' dir='ltr'><strong>Sic</strong></span> <span class='ocrx_word' id='word_1_380' title='bbox 2678 2272 2824 2326; x_wconf 92' lang='lat' dir='ltr'><strong>enim</strong></span> <span class='ocrx_word' id='word_1_381' title='bbox 2877 2286 2994 2325; x_wconf 91' lang='lat' dir='ltr'><strong>rem</strong></span> <span class='ocrx_word' id='word_1_382' title='bbox 3048 2273 3120 2325; x_wconf 89' lang='lat' dir='ltr'><strong>ita</strong></span> <span class='ocrx_word' id='word_1_383' title='bbox 3166 2287 3226 2327; x_wconf 90' lang='lat' dir='ltr'><strong>se</strong></span> <span class='ocrx_word' id='word_1_384' title='bbox 3282 2273 3481 2328; x_wconf 85' lang='lat' dir='ltr'><strong>habere</strong></span> 
     </span>
    </p>
   </div>
   <div class='ocr_carea' id='block_1_51' title="bbox 1897 2355 3481 2431">
    <p class='ocr_par' dir='ltr' id='par_1_51' title="bbox 1897 2355 3481 2431">
     <span class='ocr_line' id='line_1_51' title="bbox 1897 2355 3481 2431; baseline 0.004 -22"><span class='ocrx_word' id='word_1_385' title='bbox 1897 2355 2144 2411; x_wconf 89' lang='lat' dir='ltr'><strong>videmus</strong></span> <span class='ocrx_word' id='word_1_386' title='bbox 2173 2366 2283 2411; x_wconf 88' lang='lat' dir='ltr'><strong>tum</strong></span> <span class='ocrx_word' id='word_1_387' title='bbox 2311 2361 2363 2412; x_wconf 88' lang='lat' dir='ltr'><strong>itt</strong></span> <span class='ocrx_word' id='word_1_388' title='bbox 2408 2359 2526 2429; x_wconf 80' lang='lat' dir='ltr'><strong>lege</strong></span> <span class='ocrx_word' id='word_1_389' title='bbox 2572 2368 2683 2412; x_wconf 92' lang='lat' dir='ltr'><strong>tum</strong></span> <span class='ocrx_word' id='word_1_390' title='bbox 2712 2360 2875 2414; x_wconf 86' lang='lat' dir='ltr'><strong>etiam</strong></span> <span class='ocrx_word' id='word_1_391' title='bbox 2913 2361 2964 2414; x_wconf 89' lang='lat' dir='ltr'><strong>in</strong></span> <span class='ocrx_word' id='word_1_392' title='bbox 2989 2362 3182 2430; x_wconf 85' lang='lat' dir='ltr'><strong>gratia.</strong></span> <span class='ocrx_word' id='word_1_393' title='bbox 3218 2361 3481 2431; x_wconf 80' lang='lat' dir='ltr'><strong>Explora-</strong></span> 
     </span>
    </p>
   </div>
   <div class='ocr_carea' id='block_1_52' title="bbox 1897 2449 3480 2525">
    <p class='ocr_par' dir='ltr' id='par_1_52' title="bbox 1897 2449 3480 2525">
     <span class='ocr_line' id='line_1_52' title="bbox 1897 2449 3480 2525; baseline 0.004 -23"><span class='ocrx_word' id='word_1_394' title='bbox 1897 2457 2013 2503; x_wconf 89' lang='lat' dir='ltr'><strong>tum</strong></span> <span class='ocrx_word' id='word_1_395' title='bbox 2066 2449 2232 2519; x_wconf 82' lang='lat' dir='ltr'><strong>igitur</strong></span> <span class='ocrx_word' id='word_1_396' title='bbox 2280 2460 2394 2516; x_wconf 90' lang='lat' dir='ltr'><strong>cst,</strong></span> <span class='ocrx_word' id='word_1_397' title='bbox 2446 2467 2787 2522; x_wconf 88' lang='lat' dir='ltr'><strong>nequaquam</strong></span> <span class='ocrx_word' id='word_1_398' title='bbox 2837 2453 3130 2507; x_wconf 82' lang='lat' dir='ltr'><strong>Abrahami</strong></span> <span class='ocrx_word' id='word_1_399' title='bbox 3185 2462 3238 2508; x_wconf 84' lang='lat' dir='ltr'><strong>et</strong></span> <span class='ocrx_word' id='word_1_400' title='bbox 3281 2454 3480 2525; x_wconf 83' lang='lat' dir='ltr'><strong>Moysis</strong></span> 
     </span>
    </p>
   </div>
   <div class='ocr_carea' id='block_1_53' title="bbox 1898 2542 3482 2615">
    <p class='ocr_par' dir='ltr' id='par_1_53' title="bbox 1898 2542 3482 2615">
     <span class='ocr_line' id='line_1_53' title="bbox 1898 2542 3482 2615; baseline 0.003 -18"><span class='ocrx_word' id='word_1_401' title='bbox 1898 2543 2090 2606; x_wconf 86' lang='lat' dir='ltr'><strong>Deum,</strong></span> <span class='ocrx_word' id='word_1_402' title='bbox 2121 2552 2330 2612; x_wconf 89' lang='lat' dir='ltr'><strong>patrem</strong></span> <span class='ocrx_word' id='word_1_403' title='bbox 2375 2544 2588 2598; x_wconf 88' lang='lat' dir='ltr'><strong>Domini</strong></span> <span class='ocrx_word' id='word_1_404' title='bbox 2637 2545 2807 2598; x_wconf 90' lang='lat' dir='ltr'><strong>nostri</strong></span> <span class='ocrx_word' id='word_1_405' title='bbox 2835 2542 2965 2598; x_wconf 83' lang='lat' dir='ltr'><strong>Jcsu</strong></span> <span class='ocrx_word' id='word_1_406' title='bbox 2994 2544 3221 2611; x_wconf 87' lang='lat' dir='ltr'><strong>Christi,</strong></span> <span class='ocrx_word' id='word_1_407' title='bbox 3245 2547 3313 2600; x_wconf 91' lang='lat' dir='ltr'><strong>ab</strong></span> <span class='ocrx_word' id='word_1_408' title='bbox 3334 2546 3482 2615; x_wconf 81' lang='lat' dir='ltr'><strong>Aga-</strong></span> 
     </span>
    </p>
   </div>
   <div class='ocr_carea' id='block_1_54' title="bbox 1896 2633 3481 2704">
    <p class='ocr_par' dir='ltr' id='par_1_54' title="bbox 1896 2633 3481 2704">
     <span class='ocr_line' id='line_1_54' title="bbox 1896 2633 3481 2704; baseline 0.002 -16"><span class='ocrx_word' id='word_1_409' title='bbox 1896 2633 2043 2689; x_wconf 88' lang='lat' dir='ltr'><strong>renis</strong></span> <span class='ocrx_word' id='word_1_410' title='bbox 2081 2634 2208 2698; x_wconf 87' lang='lat' dir='ltr'><strong>coli,</strong></span> <span class='ocrx_word' id='word_1_411' title='bbox 2239 2634 2329 2703; x_wconf 91' lang='lat' dir='ltr'><strong>qui</strong></span> <span class='ocrx_word' id='word_1_412' title='bbox 2363 2633 2715 2704; x_wconf 89' lang='lat' dir='ltr'><strong>Unigenilum</strong></span> <span class='ocrx_word' id='word_1_413' title='bbox 2749 2650 3047 2703; x_wconf 87' lang='lat' dir='ltr'><strong>agnoscere</strong></span> <span class='ocrx_word' id='word_1_414' title='bbox 3074 2644 3350 2702; x_wconf 88' lang='lat' dir='ltr'><strong>renuunt;</strong></span> <span class='ocrx_word' id='word_1_415' title='bbox 3385 2635 3481 2691; x_wconf 86' lang='lat' dir='ltr'><strong>sed</strong></span> 
     </span>
    </p>
   </div>
   <div class='ocr_carea' id='block_1_55' title="bbox 1896 2728 3482 2798">
    <p class='ocr_par' dir='ltr' id='par_1_55' title="bbox 1896 2728 3482 2798">
     <span class='ocr_line' id='line_1_55' title="bbox 1896 2728 3482 2798; baseline 0.001 -16"><span class='ocrx_word' id='word_1_416' title='bbox 1896 2741 1991 2783; x_wconf 90' lang='lat' dir='ltr'><strong>eos</strong></span> <span class='ocrx_word' id='word_1_417' title='bbox 2021 2728 2286 2783; x_wconf 85' lang='lat' dir='ltr'><strong>mendacii</strong></span> <span class='ocrx_word' id='word_1_418' title='bbox 2314 2736 2517 2797; x_wconf 88' lang='lat' dir='ltr'><strong>patrem</strong></span> <span class='ocrx_word' id='word_1_419' title='bbox 2562 2729 2740 2797; x_wconf 89' lang='lat' dir='ltr'><strong>potius</strong></span> <span class='ocrx_word' id='word_1_420' title='bbox 2771 2728 3077 2784; x_wconf 86' lang='lat' dir='ltr'><strong>necessaria</strong></span> <span class='ocrx_word' id='word_1_421' title='bbox 3109 2729 3327 2798; x_wconf 78' lang='lat' dir='ltr'><strong>sequcla</strong></span> <span class='ocrx_word' id='word_1_422' title='bbox 3351 2729 3482 2784; x_wconf 79' lang='lat' dir='ltr'><strong>ado-</strong></span> 
     </span>
    </p>
   </div>
   <div class='ocr_carea' id='block_1_56' title="bbox 1898 2815 3482 2887">
    <p class='ocr_par' dir='ltr' id='par_1_56' title="bbox 1898 2815 3482 2887">
     <span class='ocr_line' id='line_1_56' title="bbox 1898 2815 3482 2887; baseline 0.001 -17"><span class='ocrx_word' id='word_1_423' title='bbox 1898 2831 2039 2882; x_wconf 87' lang='lat' dir='ltr'><strong>rare,</strong></span> <span class='ocrx_word' id='word_1_424' title='bbox 2076 2819 2336 2887; x_wconf 86' lang='lat' dir='ltr'><strong>quoniam</strong></span> <span class='ocrx_word' id='word_1_425' title='bbox 2386 2817 2638 2871; x_wconf 85' lang='lat' dir='ltr'><strong>veritatis</strong></span> <span class='ocrx_word' id='word_1_426' title='bbox 2686 2815 2903 2870; x_wconf 89' lang='lat' dir='ltr'><strong>Patrem</strong></span> <span class='ocrx_word' id='word_1_427' title='bbox 2950 2832 3059 2870; x_wconf 91' lang='lat' dir='ltr'><strong>non</strong></span> <span class='ocrx_word' id='word_1_428' title='bbox 3109 2817 3482 2872; x_wconf 89' lang='lat' dir='ltr'><strong>colunt.Nam</strong></span> 
     </span>
    </p>
   </div>
   <div class='ocr_carea' id='block_1_57' title="bbox 1895 2907 3482 2980">
    <p class='ocr_par' dir='ltr' id='par_1_57' title="bbox 1895 2907 3482 2980">
     <span class='ocr_line' id='line_1_57' title="bbox 1895 2907 3482 2980; baseline 0.001 -17"><span class='ocrx_word' id='word_1_429' title='bbox 1895 2911 1990 2980; x_wconf 92' lang='lat' dir='ltr'><strong>qui</strong></span> <span class='ocrx_word' id='word_1_430' title='bbox 2037 2910 2101 2964; x_wconf 91' lang='lat' dir='ltr'><strong>ab</strong></span> <span class='ocrx_word' id='word_1_431' title='bbox 2147 2911 2320 2964; x_wconf 90' lang='lat' dir='ltr'><strong>altero</strong></span> <span class='ocrx_word' id='word_1_432' title='bbox 2367 2909 2622 2973; x_wconf 90' lang='lat' dir='ltr'><strong>discedit,</strong></span> <span class='ocrx_word' id='word_1_433' title='bbox 2654 2908 2707 2962; x_wconf 90' lang='lat' dir='ltr'><strong>in</strong></span> <span class='ocrx_word' id='word_1_434' title='bbox 2749 2909 2980 2962; x_wconf 85' lang='lat' dir='ltr'><strong>alterum</strong></span> <span class='ocrx_word' id='word_1_435' title='bbox 3017 2908 3262 2963; x_wconf 74' lang='lat' dir='ltr'><strong>offendit.</strong></span> <span class='ocrx_word' id='word_1_436' title='bbox 3293 2907 3482 2978; x_wconf 78' lang='lat' dir='ltr'><strong>Neque</strong></span> 
     </span>
    </p>
   </div>
   <div class='ocr_carea' id='block_1_58' title="bbox 1895 3000 3482 3070">
    <p class='ocr_par' dir='ltr' id='par_1_58' title="bbox 1895 3000 3482 3070">
     <span class='ocr_line' id='line_1_58' title="bbox 1895 3000 3482 3070; baseline -0.001 -14"><span class='ocrx_word' id='word_1_437' title='bbox 1895 3001 2032 3056; x_wconf 80' lang='lat' dir='ltr'><strong>fallit</strong></span> <span class='ocrx_word' id='word_1_438' title='bbox 2054 3002 2175 3056; x_wconf 88' lang='lat' dir='ltr'><strong>Filii</strong></span> <span class='ocrx_word' id='word_1_439' title='bbox 2200 3016 2404 3068; x_wconf 88' lang='lat' dir='ltr'><strong>sermo,</strong></span> <span class='ocrx_word' id='word_1_440' title='bbox 2433 3016 2626 3069; x_wconf 91' lang='lat' dir='ltr'><strong>nempe</strong></span> <span class='ocrx_word' id='word_1_441' title='bbox 2654 3016 2778 3054; x_wconf 88' lang='lat' dir='ltr'><strong>eum</strong></span> <span class='ocrx_word' id='word_1_442' title='bbox 2811 3001 2904 3070; x_wconf 94' lang='lat' dir='ltr'><strong>qui</strong></span> <span class='ocrx_word' id='word_1_443' title='bbox 2935 3000 3130 3054; x_wconf 89' lang='lat' dir='ltr'><strong>Filium</strong></span> <span class='ocrx_word' id='word_1_444' title='bbox 3169 3017 3274 3054; x_wconf 91' lang='lat' dir='ltr'><strong>non</strong></span> <span class='ocrx_word' id='word_1_445' title='bbox 3304 3001 3482 3056; x_wconf 86' lang='lat' dir='ltr'><strong>hono-</strong></span> 
     </span>
    </p>
   </div>
   <div class='ocr_carea' id='block_1_59' title="bbox 1894 3090 3479 3160">
    <p class='ocr_par' dir='ltr' id='par_1_59' title="bbox 1894 3090 3479 3160">
     <span class='ocr_line' id='line_1_59' title="bbox 1894 3090 3479 3160; baseline 0.001 -16"><span class='ocrx_word' id='word_1_446' title='bbox 1894 3091 2100 3156; x_wconf 82' lang='lat' dir='ltr'><strong>riﬁcat,</strong></span> <span class='ocrx_word' id='word_1_447' title='bbox 2137 3108 2205 3146; x_wconf 90' lang='lat' dir='ltr'><strong>ne</strong></span> <span class='ocrx_word' id='word_1_448' title='bbox 2243 3091 2458 3144; x_wconf 88' lang='lat' dir='ltr'><strong>Patrem</strong></span> <span class='ocrx_word' id='word_1_449' title='bbox 2490 3090 2706 3160; x_wconf 85' lang='lat' dir='ltr'><strong>quidem</strong></span> <span class='ocrx_word' id='word_1_450' title='bbox 2741 3091 3126 3146; x_wconf 80' lang='lat' dir='ltr'><strong>ltonorificare.</strong></span> <span class='ocrx_word' id='word_1_451' title='bbox 3161 3090 3479 3145; x_wconf 82' lang='lat' dir='ltr'><strong>Necessario</strong></span> 
     </span>
    </p>
   </div>
   <div class='ocr_carea' id='block_1_60' title="bbox 199 3170 1791 3274">
    <p class='ocr_par' dir='ltr' id='par_1_60' title="bbox 199 3170 1786 3247">
     <span class='ocr_line' id='line_1_60' title="bbox 199 3170 1786 3247; baseline 0.002 -20"><span class='ocrx_word' id='word_1_452' title='bbox 199 3174 424 3244; x_wconf 79' lang='grc' dir='ltr'>ἀνάγκη</span> <span class='ocrx_word' id='word_1_453' title='bbox 456 3170 550 3228; x_wconf 84' lang='grc' dir='ltr'><strong>οῦν</strong></span> <span class='ocrx_word' id='word_1_454' title='bbox 583 3178 696 3239; x_wconf 83' lang='grc' dir='ltr'>τοῖς</span> <span class='ocrx_word' id='word_1_455' title='bbox 735 3174 810 3246; x_wconf 82' lang='grc' dir='ltr'>τῷ</span> <span class='ocrx_word' id='word_1_456' title='bbox 836 3174 1060 3246; x_wconf 85' lang='grc' dir='ltr'>Χριστῷ</span> <span class='ocrx_word' id='word_1_457' title='bbox 1081 3175 1426 3240; x_wconf 75' lang='grc' dir='ltr'>πιστεύουσι,</span> <span class='ocrx_word' id='word_1_458' title='bbox 1481 3175 1556 3247; x_wconf 82' lang='grc' dir='ltr'>μὴ</span> <span class='ocrx_word' id='word_1_459' title='bbox 1587 3175 1786 3241; x_wconf 78' lang='grc' dir='ltr'>ἐξεῖναι</span> 
     </span>
    </p>
   </div>
   <div class='ocr_carea' id='block_1_61' title="bbox 1901 3170 3476 3274">
    <p class='ocr_par' dir='ltr' id='par_1_61' title="bbox 1901 3183 3476 3255">
     <span class='ocr_line' id='line_1_61' title="bbox 1901 3183 3476 3255; baseline -0.002 -16"><span class='ocrx_word' id='word_1_460' title='bbox 1901 3185 2060 3255; x_wconf 81' lang='lat' dir='ltr'><strong>igitur</strong></span> <span class='ocrx_word' id='word_1_461' title='bbox 2120 3185 2185 3239; x_wconf 90' lang='lat' dir='ltr'><strong>iis</strong></span> <span class='ocrx_word' id='word_1_462' title='bbox 2233 3185 2325 3254; x_wconf 91' lang='lat' dir='ltr'><strong>qui</strong></span> <span class='ocrx_word' id='word_1_463' title='bbox 2371 3183 2592 3238; x_wconf 89' lang='lat' dir='ltr'><strong>Christo</strong></span> <span class='ocrx_word' id='word_1_464' title='bbox 2649 3183 2882 3236; x_wconf 88' lang='lat' dir='ltr'><strong>credunt</strong></span> <span class='ocrx_word' id='word_1_465' title='bbox 2913 3184 3092 3237; x_wconf 90' lang='lat' dir='ltr'><strong>dicere</strong></span> <span class='ocrx_word' id='word_1_466' title='bbox 3146 3197 3254 3236; x_wconf 91' lang='lat' dir='ltr'><strong>non</strong></span> <span class='ocrx_word' id='word_1_467' title='bbox 3309 3183 3476 3245; x_wconf 89' lang='lat' dir='ltr'><strong>licet,</strong></span> 
     </span>
    </p>
   </div>
   <div class='ocr_carea' id='block_1_62' title="bbox 197 3264 1788 3339">
    <p class='ocr_par' dir='ltr' id='par_1_62' title="bbox 197 3264 1788 3339">
     <span class='ocr_line' id='line_1_62' title="bbox 197 3264 1788 3339; baseline 0.003 -22"><span class='ocrx_word' id='word_1_468' title='bbox 197 3264 387 3333; x_wconf 76' lang='grc' dir='ltr'>λέγειν</span> <span class='ocrx_word' id='word_1_469' title='bbox 417 3267 496 3319; x_wconf 80' lang='grc' dir='ltr'><strong>ὅτι</strong></span> <span class='ocrx_word' id='word_1_470' title='bbox 517 3265 607 3320; x_wconf 80' lang='grc' dir='ltr'><strong>τὸν</strong></span> <span class='ocrx_word' id='word_1_471' title='bbox 635 3265 892 3337; x_wconf 85' lang='grc' dir='ltr'>ἀληθινὸν</span> <span class='ocrx_word' id='word_1_472' title='bbox 926 3265 1056 3320; x_wconf 83' lang='grc' dir='ltr'>Θεὸν</span> <span class='ocrx_word' id='word_1_473' title='bbox 1109 3265 1358 3320; x_wconf 87' lang='grc' dir='ltr'>σέϐονται</span> <span class='ocrx_word' id='word_1_474' title='bbox 1398 3265 1686 3338; x_wconf 83' lang='grc' dir='ltr'>Ἀγαρηνοί</span> <span class='ocrx_word' id='word_1_475' title='bbox 1711 3283 1725 3298; x_wconf 89' lang='grc'><strong>·</strong></span> <span class='ocrx_word' id='word_1_476' title='bbox 1756 3268 1788 3339; x_wconf 80' lang='grc' dir='ltr'>ἢ</span> 
     </span>
    </p>
   </div>
   <div class='ocr_carea' id='block_1_63' title="bbox 198 3357 1794 3429">
    <p class='ocr_par' dir='ltr' id='par_1_63' title="bbox 198 3357 1794 3429">
     <span class='ocr_line' id='line_1_63' title="bbox 198 3357 1794 3429; baseline 0.003 -20"><span class='ocrx_word' id='word_1_477' title='bbox 198 3358 366 3410; x_wconf 79' lang='grc' dir='ltr'>τοῦτο</span> <span class='ocrx_word' id='word_1_478' title='bbox 414 3357 686 3426; x_wconf 82' lang='grc' dir='ltr'>λέγοντες,</span> <span class='ocrx_word' id='word_1_479' title='bbox 745 3359 871 3422; x_wconf 79' lang='grc' dir='ltr'>τοὺς</span> <span class='ocrx_word' id='word_1_480' title='bbox 921 3357 1050 3428; x_wconf 71' lang='grc' dir='ltr'>περὶ</span> <span class='ocrx_word' id='word_1_481' title='bbox 1113 3357 1366 3429; x_wconf 81' lang='grc' dir='ltr'>Ἀϐραὰμ</span> <span class='ocrx_word' id='word_1_482' title='bbox 1418 3361 1515 3412; x_wconf 76' lang='grc' dir='ltr'><strong>καὶ</strong></span> <span class='ocrx_word' id='word_1_483' title='bbox 1554 3359 1794 3413; x_wconf 85' lang='grc' dir='ltr'>Μωῦσέα</span> 
     </span>
    </p>
   </div>
   <div class='ocr_carea' id='block_1_64' title="bbox 199 3453 1792 3526">
    <p class='ocr_par' dir='ltr' id='par_1_64' title="bbox 199 3453 1792 3526">
     <span class='ocr_line' id='line_1_64' title="bbox 199 3453 1792 3526; baseline 0.001 -20"><span class='ocrx_word' id='word_1_484' title='bbox 199 3453 723 3523; x_wconf 78' lang='grc' dir='ltr'>ἀναγκασθήσονται</span> <span class='ocrx_word' id='word_1_485' title='bbox 783 3453 963 3522; x_wconf 83' lang='grc' dir='ltr'>λέγειν</span> <span class='ocrx_word' id='word_1_486' title='bbox 1021 3453 1094 3525; x_wconf 82' lang='grc' dir='ltr'>μὴ</span> <span class='ocrx_word' id='word_1_487' title='bbox 1142 3455 1233 3506; x_wconf 87' lang='grc' dir='ltr'><strong>τὸν</strong></span> <span class='ocrx_word' id='word_1_488' title='bbox 1257 3453 1390 3508; x_wconf 86' lang='grc' dir='ltr'>Θεὸν</span> <span class='ocrx_word' id='word_1_489' title='bbox 1425 3454 1517 3508; x_wconf 84' lang='grc' dir='ltr'><strong>τὸν</strong></span> <span class='ocrx_word' id='word_1_490' title='bbox 1542 3454 1792 3526; x_wconf 82' lang='grc' dir='ltr'>ἀληθινὸν</span> 
     </span>
    </p>
   </div>
   <div class='ocr_carea' id='block_1_65' title="bbox 200 3545 1794 3618">
    <p class='ocr_par' dir='ltr' id='par_1_65' title="bbox 200 3545 1794 3618">
     <span class='ocr_line' id='line_1_65' title="bbox 200 3545 1794 3618; baseline 0.002 -20"><span class='ocrx_word' id='word_1_491' title='bbox 200 3547 540 3617; x_wconf 84' lang='grc' dir='ltr'>προσκυνεῖν</span> <span class='ocrx_word' id='word_1_492' title='bbox 561 3562 576 3577; x_wconf 78' lang='grc'><strong><em>⁸</em></strong></span> <span class='ocrx_word' id='word_1_493' title='bbox 614 3547 708 3601; x_wconf 80' lang='grc' dir='ltr'>καὶ</span> <span class='ocrx_word' id='word_1_494' title='bbox 730 3546 821 3600; x_wconf 90' lang='grc' dir='ltr'><strong>τὸν</strong></span> <span class='ocrx_word' id='word_1_495' title='bbox 851 3545 1060 3616; x_wconf 84' lang='grc' dir='ltr'>Κύριον</span> <span class='ocrx_word' id='word_1_496' title='bbox 1088 3546 1402 3616; x_wconf 70' lang='grc' dir='ltr'>ψεύδεσθαι,</span> <span class='ocrx_word' id='word_1_497' title='bbox 1433 3548 1570 3618; x_wconf 84' lang='grc' dir='ltr'>ὅπερ</span> <span class='ocrx_word' id='word_1_498' title='bbox 1596 3549 1794 3603; x_wconf 87' lang='grc' dir='ltr'>ἀδύνα-</span> 
     </span>
    </p>
   </div>
   <div class='ocr_carea' id='block_1_66' title="bbox 199 3637 1790 3712">
    <p class='ocr_par' dir='ltr' id='par_1_66' title="bbox 199 3637 1790 3712">
     <span class='ocr_line' id='line_1_66' title="bbox 199 3637 1790 3712; baseline 0.004 -22"><span class='ocrx_word' id='word_1_499' title='bbox 199 3654 300 3691; x_wconf 88' lang='grc' dir='ltr'><strong>τον</strong></span> <span class='ocrx_word' id='word_1_500' title='bbox 337 3637 438 3709; x_wconf 80' lang='grc' dir='ltr'>τὴν</span> <span class='ocrx_word' id='word_1_501' title='bbox 463 3637 856 3710; x_wconf 81' lang='grc' dir='ltr'>αὑτοαλήθειαν</span> <span class='ocrx_word' id='word_1_502' title='bbox 886 3637 1081 3692; x_wconf 83' lang='grc' dir='ltr'>παθεῖν</span> <span class='ocrx_word' id='word_1_503' title='bbox 1105 3655 1116 3668; x_wconf 87' lang='grc'><strong>·</strong></span> <span class='ocrx_word' id='word_1_504' title='bbox 1156 3639 1253 3693; x_wconf 75' lang='grc' dir='ltr'><strong>καὶ</strong></span> <span class='ocrx_word' id='word_1_505' title='bbox 1276 3639 1374 3712; x_wconf 77' lang='grc' dir='ltr'>τὴν</span> <span class='ocrx_word' id='word_1_506' title='bbox 1403 3639 1513 3695; x_wconf 89' lang='grc' dir='ltr'><strong>τῶν</strong></span> <span class='ocrx_word' id='word_1_507' title='bbox 1546 3641 1790 3697; x_wconf 89' lang='grc' dir='ltr'>παλαιῶν</span> 
     </span>
    </p>
   </div>
   <div class='ocr_carea' id='block_1_67' title="bbox 199 3729 1791 3805">
    <p class='ocr_par' dir='ltr' id='par_1_67' title="bbox 199 3729 1791 3805">
     <span class='ocr_line' id='line_1_67' title="bbox 199 3729 1791 3805; baseline 0.004 -23"><span class='ocrx_word' id='word_1_508' title='bbox 199 3729 434 3801; x_wconf 79' lang='grc' dir='ltr'>Γραφὴν</span> <span class='ocrx_word' id='word_1_509' title='bbox 468 3729 544 3801; x_wconf 80' lang='grc' dir='ltr'>μὴ</span> <span class='ocrx_word' id='word_1_510' title='bbox 573 3731 966 3801; x_wconf 84' lang='grc' dir='ltr'>συσσημαίνειν</span> <span class='ocrx_word' id='word_1_511' title='bbox 999 3730 1270 3802; x_wconf 76' lang='grc' dir='ltr'>διαφόρως</span> <span class='ocrx_word' id='word_1_512' title='bbox 1301 3730 1380 3802; x_wconf 86' lang='grc' dir='ltr'>τῷ</span> <span class='ocrx_word' id='word_1_513' title='bbox 1403 3733 1583 3805; x_wconf 64' lang='grc' dir='ltr'><strong>ΙΙατρὶ⁹</strong></span> <span class='ocrx_word' id='word_1_514' title='bbox 1609 3735 1702 3788; x_wconf 72' lang='grc' dir='ltr'>καὶ</span> <span class='ocrx_word' id='word_1_515' title='bbox 1731 3735 1791 3789; x_wconf 89' lang='grc' dir='ltr'><strong>τὸ</strong></span> 
     </span>
    </p>
   </div>
   <div class='ocr_carea' id='block_1_68' title="bbox 199 3819 1792 3895">
    <p class='ocr_par' dir='ltr' id='par_1_68' title="bbox 199 3819 1792 3895">
     <span class='ocr_line' id='line_1_68' title="bbox 199 3819 1792 3895; baseline 0.003 -20"><span class='ocrx_word' id='word_1_516' title='bbox 199 3821 304 3875; x_wconf 88' lang='grc' dir='ltr'><strong>τοῦ</strong></span> <span class='ocrx_word' id='word_1_517' title='bbox 349 3820 486 3874; x_wconf 83' lang='grc' dir='ltr'>Υίοῦ</span> <span class='ocrx_word' id='word_1_518' title='bbox 536 3819 826 3892; x_wconf 84' lang='grc' dir='ltr'>πρόσωπον</span> <span class='ocrx_word' id='word_1_519' title='bbox 877 3822 1061 3875; x_wconf 80' lang='grc' dir='ltr'>ὁποῖόν</span> <span class='ocrx_word' id='word_1_520' title='bbox 1107 3823 1222 3876; x_wconf 77' lang='grc' dir='ltr'>ἐστι</span> <span class='ocrx_word' id='word_1_521' title='bbox 1254 3822 1338 3889; x_wconf 87' lang='grc' dir='ltr'><strong>τὸ,</strong></span> <span class='ocrx_word' id='word_1_522' title='bbox 1379 3825 1480 3878; x_wconf 84' lang='grc' dir='ltr'>Ἐκ</span> <span class='ocrx_word' id='word_1_523' title='bbox 1530 3827 1792 3895; x_wconf 69' lang='grc' dir='ltr'>γαστρὸς</span> 
     </span>
    </p>
   </div>
   <div class='ocr_carea' id='block_1_69' title="bbox 197 3913 1789 3986">
    <p class='ocr_par' dir='ltr' id='par_1_69' title="bbox 197 3913 1789 3986">
     <span class='ocr_line' id='line_1_69' title="bbox 197 3913 1789 3986; baseline 0.004 -19"><span class='ocrx_word' id='word_1_524' title='bbox 197 3913 323 3985; x_wconf 72' lang='grc' dir='ltr'>,πρὸ</span> <span class='ocrx_word' id='word_1_525' title='bbox 375 3913 687 3983; x_wconf 71' lang='grc' dir='ltr'>ἑωσφόρον</span> <span class='ocrx_word' id='word_1_526' title='bbox 736 3913 1036 3983; x_wconf 79' lang='grc' dir='ltr'>ἐγέννησα</span> <span class='ocrx_word' id='word_1_527' title='bbox 1067 3931 1158 3970; x_wconf 88' lang='grc' dir='ltr'><strong>σε,</strong></span> <span class='ocrx_word' id='word_1_528' title='bbox 1202 3915 1314 3969; x_wconf 74' lang='grc' dir='ltr'><strong>Καὶ</strong></span> <span class='ocrx_word' id='word_1_529' title='bbox 1347 3915 1427 3982; x_wconf 86' lang='grc' dir='ltr'><strong>τὸ,</strong></span> <span class='ocrx_word' id='word_1_530' title='bbox 1487 3915 1550 3970; x_wconf 85' lang='grc' dir='ltr'><strong><em>Ὀ</em></strong></span> <span class='ocrx_word' id='word_1_531' title='bbox 1577 3919 1789 3986; x_wconf 80' lang='grc' dir='ltr'>θρόνος</span> 
     </span>
    </p>
   </div>
   <div class='ocr_carea' id='block_1_70' title="bbox 202 4005 1789 4078">
    <p class='ocr_par' dir='ltr' id='par_1_70' title="bbox 202 4005 1789 4078">
     <span class='ocr_line' id='line_1_70' title="bbox 202 4005 1789 4078; baseline 0.001 -17"><span class='ocrx_word' id='word_1_532' title='bbox 202 4021 350 4071; x_wconf 84' lang='grc' dir='ltr'>σου,</span> <span class='ocrx_word' id='word_1_533' title='bbox 395 4008 428 4059; x_wconf 84' lang='grc' dir='ltr'><strong>ό</strong></span> <span class='ocrx_word' id='word_1_534' title='bbox 454 4005 619 4071; x_wconf 84' lang='grc' dir='ltr'>Θεὸς,</span> <span class='ocrx_word' id='word_1_535' title='bbox 658 4008 744 4073; x_wconf 79' lang='grc' dir='ltr'>εὶς</span> <span class='ocrx_word' id='word_1_536' title='bbox 770 4005 877 4060; x_wconf 85' lang='grc' dir='ltr'><strong>τὸν</strong></span> <span class='ocrx_word' id='word_1_537' title='bbox 913 4005 1098 4060; x_wconf 73' lang='grc' dir='ltr'>αἰῶνα</span> <span class='ocrx_word' id='word_1_538' title='bbox 1136 4006 1243 4061; x_wconf 87' lang='grc' dir='ltr'><strong>τοῦ</strong></span> <span class='ocrx_word' id='word_1_539' title='bbox 1267 4006 1514 4074; x_wconf 71' lang='grc' dir='ltr'>αἰῶνος·</span> <span class='ocrx_word' id='word_1_540' title='bbox 1566 4010 1789 4078; x_wconf 78' lang='grc' dir='ltr'>ῥάϐδος</span> 
     </span>
    </p>
   </div>
   <div class='ocr_carea' id='block_1_71' title="bbox 203 4096 1788 4171">
    <p class='ocr_par' dir='ltr' id='par_1_71' title="bbox 203 4096 1788 4171">
     <span class='ocr_line' id='line_1_71' title="bbox 203 4096 1788 4171; baseline 0.002 -19"><span class='ocrx_word' id='word_1_541' title='bbox 203 4099 561 4164; x_wconf 77' lang='grc' dir='ltr'>εὐθύτητος,</span> <span class='ocrx_word' id='word_1_542' title='bbox 588 4098 626 4166; x_wconf 79' lang='grc' dir='ltr'><strong><em>ἠ</em></strong></span> <span class='ocrx_word' id='word_1_543' title='bbox 645 4097 866 4165; x_wconf 77' lang='grc' dir='ltr'>ῥάϐδος</span> <span class='ocrx_word' id='word_1_544' title='bbox 894 4096 1004 4166; x_wconf 81' lang='grc' dir='ltr'>τῆς</span> <span class='ocrx_word' id='word_1_545' title='bbox 1018 4099 1343 4166; x_wconf 74' lang='grc' dir='ltr'>βασιλείας</span> <span class='ocrx_word' id='word_1_546' title='bbox 1371 4115 1507 4154; x_wconf 88' lang='grc' dir='ltr'>σου.</span> <span class='ocrx_word' id='word_1_547' title='bbox 1539 4100 1788 4171; x_wconf 78' lang='grc' dir='ltr'>Ἠγάπη·</span> 
     </span>
    </p>
   </div>
   <div class='ocr_carea' id='block_1_72' title="bbox 204 4171 1786 4260">
    <p class='ocr_par' dir='ltr' id='par_1_72' title="bbox 204 4171 1786 4260">
     <span class='ocr_line' id='line_1_72' title="bbox 204 4171 1786 4260; baseline 0.002 -16"><span class='ocrx_word' id='word_1_548' title='bbox 204 4207 328 4256; x_wconf 86' lang='grc' dir='ltr'><strong>σας</strong></span> <span class='ocrx_word' id='word_1_549' title='bbox 347 4189 745 4259; x_wconf 80' lang='grc' dir='ltr'>δικαιοσύνην</span> <span class='ocrx_word' id='word_1_550' title='bbox 767 4190 864 4243; x_wconf 78' lang='grc' dir='ltr'>καὶ</span> <span class='ocrx_word' id='word_1_551' title='bbox 885 4171 1185 4260; x_wconf 70' lang='grc' dir='ltr'>ἐμίσήσας</span> <span class='ocrx_word' id='word_1_552' title='bbox 1200 4190 1460 4246; x_wconf 60' lang='grc' dir='ltr'>ἀδικίαν</span> <span class='ocrx_word' id='word_1_553' title='bbox 1492 4191 1591 4246; x_wconf 85' lang='grc' dir='ltr'>διὰ</span> <span class='ocrx_word' id='word_1_554' title='bbox 1613 4193 1786 4248; x_wconf 82' lang='grc' dir='ltr'>τοῦτο</span> 
     </span>
    </p>
   </div>
   <div class='ocr_carea' id='block_1_73' title="bbox 205 4279 1786 4349">
    <p class='ocr_par' dir='ltr' id='par_1_73' title="bbox 205 4279 1786 4349">
     <span class='ocr_line' id='line_1_73' title="bbox 205 4279 1786 4349; baseline 0.003 -16"><span class='ocrx_word' id='word_1_555' title='bbox 205 4279 419 4349; x_wconf 82' lang='grc' dir='ltr'>ἓχρισέ</span> <span class='ocrx_word' id='word_1_556' title='bbox 453 4294 526 4334; x_wconf 82' lang='grc' dir='ltr'><strong>σε</strong></span> <span class='ocrx_word' id='word_1_557' title='bbox 554 4281 697 4346; x_wconf 83' lang='grc' dir='ltr'>Θεὸς</span> <span class='ocrx_word' id='word_1_558' title='bbox 727 4282 758 4335; x_wconf 88' lang='grc' dir='ltr'><strong><em>ὀ</em></strong></span> <span class='ocrx_word' id='word_1_559' title='bbox 795 4283 939 4349; x_wconf 82' lang='grc' dir='ltr'>Θεός</span> <span class='ocrx_word' id='word_1_560' title='bbox 979 4299 1094 4338; x_wconf 92' lang='grc' dir='ltr'>σου</span> <span class='ocrx_word' id='word_1_561' title='bbox 1120 4283 1208 4348; x_wconf 83' lang='grc' dir='ltr'>εὶς</span> <span class='ocrx_word' id='word_1_562' title='bbox 1233 4283 1338 4336; x_wconf 80' lang='grc' dir='ltr'>τὸν</span> <span class='ocrx_word' id='word_1_563' title='bbox 1367 4282 1572 4349; x_wconf 74' lang='grc' dir='ltr'>αἰῶνα,</span> <span class='ocrx_word' id='word_1_564' title='bbox 1603 4284 1786 4339; x_wconf 75' lang='grc' dir='ltr'>καὶτὰ</span> 
     </span>
    </p>
   </div>
   <div class='ocr_carea' id='block_1_74' title="bbox 204 4372 1787 4444">
    <p class='ocr_par' dir='ltr' id='par_1_74' title="bbox 204 4372 1787 4444">
     <span class='ocr_line' id='line_1_74' title="bbox 204 4372 1787 4444; baseline 0.004 -20"><span class='ocrx_word' id='word_1_565' title='bbox 204 4373 396 4442; x_wconf 78' lang='grc' dir='ltr'>ὃμοια.</span> <span class='ocrx_word' id='word_1_566' title='bbox 430 4373 490 4424; x_wconf 79' lang='lat' dir='ltr'><strong>Ei</strong></span> <span class='ocrx_word' id='word_1_567' title='bbox 531 4372 588 4425; x_wconf 88' lang='grc' dir='ltr'>δὲ</span> <span class='ocrx_word' id='word_1_568' title='bbox 616 4373 715 4444; x_wconf 85' lang='grc' dir='ltr'>τὴν</span> <span class='ocrx_word' id='word_1_569' title='bbox 765 4372 1024 4444; x_wconf 86' lang='grc' dir='ltr'>ἀλήθειαν</span> <span class='ocrx_word' id='word_1_570' title='bbox 1067 4374 1143 4444; x_wconf 86' lang='grc' dir='ltr'><strong>μὴ</strong></span> <span class='ocrx_word' id='word_1_571' title='bbox 1171 4373 1484 4444; x_wconf 75' lang='grc' dir='ltr'>ψεύδεσθαι,</span> <span class='ocrx_word' id='word_1_572' title='bbox 1535 4378 1630 4430; x_wconf 79' lang='grc' dir='ltr'>καὶ</span> <span class='ocrx_word' id='word_1_573' title='bbox 1661 4377 1787 4442; x_wconf 82' lang='grc' dir='ltr'>τοὺς</span> 
     </span>
    </p>
   </div>
   <div class='ocr_carea' id='block_1_75' title="bbox 205 4464 1786 4536">
    <p class='ocr_par' dir='ltr' id='par_1_75' title="bbox 205 4464 1786 4536">
     <span class='ocr_line' id='line_1_75' title="bbox 205 4464 1786 4536; baseline 0.006 -21"><span class='ocrx_word' id='word_1_574' title='bbox 205 4464 342 4534; x_wconf 78' lang='grc' dir='ltr'>περὶ</span> <span class='ocrx_word' id='word_1_575' title='bbox 391 4464 641 4536; x_wconf 78' lang='grc' dir='ltr'>’Δϐραὰμ</span> <span class='ocrx_word' id='word_1_576' title='bbox 690 4464 961 4528; x_wconf 85' lang='grc' dir='ltr'>θεοσεϐεῖς</span> <span class='ocrx_word' id='word_1_577' title='bbox 1009 4465 1386 4536; x_wconf 83' lang='grc' dir='ltr'>ὁμολογοῦσιν,</span> <span class='ocrx_word' id='word_1_578' title='bbox 1425 4467 1642 4533; x_wconf 88' lang='grc' dir='ltr'>ἀσεϐεῖς</span> <span class='ocrx_word' id='word_1_579' title='bbox 1692 4470 1786 4524; x_wconf 76' lang='grc' dir='ltr'><strong>καὶ</strong></span> 
     </span>
    </p>
   </div>
   <div class='ocr_carea' id='block_1_76' title="bbox 205 4555 1874 4631">
    <p class='ocr_par' dir='ltr' id='par_1_76' title="bbox 205 4555 1874 4631">
     <span class='ocr_line' id='line_1_76' title="bbox 205 4555 1874 4631; baseline 0.007 -24"><span class='ocrx_word' id='word_1_580' title='bbox 205 4556 406 4619; x_wconf 79' lang='grc' dir='ltr'>ἀθέους</span> <span class='ocrx_word' id='word_1_581' title='bbox 435 4556 560 4618; x_wconf 80' lang='grc' dir='ltr'>τοὺς</span> <span class='ocrx_word' id='word_1_582' title='bbox 599 4555 935 4626; x_wconf 80' lang='grc' dir='ltr'>Ἀγαρηνοὺς</span> <span class='ocrx_word' id='word_1_583' title='bbox 966 4556 1184 4622; x_wconf 84' lang='grc' dir='ltr'>πάντως</span> <span class='ocrx_word' id='word_1_584' title='bbox 1215 4557 1648 4631; x_wconf 80' lang='grc' dir='ltr'>ἀποφανοῦνται,</span> <span class='ocrx_word' id='word_1_585' title='bbox 1681 4562 1796 4617; x_wconf 85' lang='grc' dir='ltr'>ἀλλ’</span> <span class='ocrx_word' id='word_1_586' title='bbox 1828 4571 1874 4627; x_wconf 87' lang='lat' dir='ltr'><strong>D</strong></span> 
     </span>
    </p>
   </div>
   <div class='ocr_carea' id='block_1_77' title="bbox 207 4647 934 4717">
    <p class='ocr_par' dir='ltr' id='par_1_77' title="bbox 207 4647 934 4717">
     <span class='ocr_line' id='line_1_77' title="bbox 207 4647 934 4717; baseline 0.004 -19"><span class='ocrx_word' id='word_1_587' title='bbox 207 4647 338 4717; x_wconf 71' lang='grc' dir='ltr'><strong>οὐχὶ</strong></span> <span class='ocrx_word' id='word_1_588' title='bbox 374 4647 647 4710; x_wconf 86' lang='grc' dir='ltr'>θεοσεϐεῖς</span> <span class='ocrx_word' id='word_1_589' title='bbox 672 4647 934 4701; x_wconf 85' lang='grc' dir='ltr'>ὁπωσοῦν.</span> 
     </span>
    </p>
   </div>
   <div class='ocr_carea' id='block_1_78' title="bbox 207 4735 1794 4814">
    <p class='ocr_par' dir='ltr' id='par_1_78' title="bbox 207 4735 1794 4814">
     <span class='ocr_line' id='line_1_78' title="bbox 207 4735 1794 4814; baseline -0.004 -22"><span class='ocrx_word' id='word_1_590' title='bbox 207 4735 291 4792; x_wconf 83' lang='grc' dir='ltr'><strong>Λ’.</strong></span> <span class='ocrx_word' id='word_1_591' title='bbox 337 4737 706 4814; x_wconf 74' lang='grc' dir='ltr'>Ἀπᾴντησις</span> <span class='ocrx_word' id='word_1_592' title='bbox 735 4739 895 4814; x_wconf 55' lang='grc' dir='ltr'>ίτρὸς</span> <span class='ocrx_word' id='word_1_593' title='bbox 919 4737 1062 4814; x_wconf 72' lang='grc' dir='ltr'>τοὺς</span> <span class='ocrx_word' id='word_1_594' title='bbox 1109 4737 1582 4814; x_wconf 70' lang='grc' dir='ltr'>δυσφημοῦντας</span> <span class='ocrx_word' id='word_1_595' title='bbox 1625 4741 1794 4814; x_wconf 75' lang='grc' dir='ltr'><strong>Ἀγα-</strong></span> 
     </span>
    </p>
   </div>
   <div class='ocr_carea' id='block_1_79' title="bbox 273 4809 1792 4882">
    <p class='ocr_par' dir='ltr' id='par_1_79' title="bbox 273 4809 1792 4882">
     <span class='ocr_line' id='line_1_79' title="bbox 273 4809 1792 4882; baseline 0.005 -23"><span class='ocrx_word' id='word_1_596' title='bbox 273 4809 510 4882; x_wconf 79' lang='grc' dir='ltr'>ρηνοὺς</span> <span class='ocrx_word' id='word_1_597' title='bbox 568 4809 983 4882; x_wconf 22' lang='grc' dir='ltr'>τὴνᾼΧριστοῦ</span> <span class='ocrx_word' id='word_1_598' title='bbox 1032 4810 1306 4882; x_wconf 73' lang='grc' dir='ltr'>θεότητα,</span> <span class='ocrx_word' id='word_1_599' title='bbox 1357 4809 1459 4882; x_wconf 77' lang='grc' dir='ltr'>καὶ</span> <span class='ocrx_word' id='word_1_600' title='bbox 1490 4809 1792 4882; x_wconf 59' lang='grc' dir='ltr'>λέγοντας</span> 
     </span>
    </p>
   </div>
   <div class='ocr_carea' id='block_1_80' title="bbox 281 4879 1794 4953">
    <p class='ocr_par' dir='ltr' id='par_1_80' title="bbox 281 4879 1794 4953">
     <span class='ocr_line' id='line_1_80' title="bbox 281 4879 1794 4953; baseline 0.003 -21"><span class='ocrx_word' id='word_1_601' title='bbox 281 4881 561 4953; x_wconf 56' lang='grc' dir='ltr'>ἀφρόνως</span> <span class='ocrx_word' id='word_1_602' title='bbox 581 4892 596 4907; x_wconf 79' lang='grc'><strong><em>⁸</em></strong></span> <span class='ocrx_word' id='word_1_603' title='bbox 637 4880 757 4953; x_wconf 64' lang='grc' dir='ltr'><strong>οὐκ</strong></span> <span class='ocrx_word' id='word_1_604' title='bbox 781 4879 912 4932; x_wconf 77' lang='grc' dir='ltr'>ἐστι</span> <span class='ocrx_word' id='word_1_605' title='bbox 942 4879 1085 4953; x_wconf 68' lang='grc' dir='ltr'>Θεός</span> <span class='ocrx_word' id='word_1_606' title='bbox 1103 4895 1125 4953; x_wconf 16' lang='grc' dir='ltr'><strong>Ἀ</strong></span> <span class='ocrx_word' id='word_1_607' title='bbox 1148 4879 1246 4953; x_wconf 66' lang='grc' dir='ltr'><strong>καί</strong></span> <span class='ocrx_word' id='word_1_608' title='bbox 1279 4879 1794 4953; x_wconf 27' lang='grc' dir='ltr'>διὰᾼτοῦτοοιομέἔ</span> 
     </span>
    </p>
   </div>
   <div class='ocr_carea' id='block_1_81' title="bbox 279 4948 1793 5020">
    <p class='ocr_par' dir='ltr' id='par_1_81' title="bbox 279 4948 1793 5020">
     <span class='ocr_line' id='line_1_81' title="bbox 279 4948 1793 5020; baseline 0.003 -17"><span class='ocrx_word' id='word_1_609' title='bbox 279 4967 431 5014; x_wconf 85' lang='grc' dir='ltr'>νους</span> <span class='ocrx_word' id='word_1_610' title='bbox 478 4951 612 5014; x_wconf 75' lang='grc' dir='ltr'>τὴν·</span> <span class='ocrx_word' id='word_1_611' title='bbox 645 4948 1019 5020; x_wconf 84' lang='grc' dir='ltr'>Χριστιανῶν</span> <span class='ocrx_word' id='word_1_612' title='bbox 1061 4950 1266 5016; x_wconf 85' lang='grc' dir='ltr'>αὐτοῖς</span> <span class='ocrx_word' id='word_1_613' title='bbox 1306 4949 1661 5006; x_wconf 82' lang='grc' dir='ltr'>ἐκδεδόσθαι</span> <span class='ocrx_word' id='word_1_614' title='bbox 1690 4948 1793 5020; x_wconf 60' lang='grc' dir='ltr'>εἰς</span> 
     </span>
    </p>
   </div>
   <div class='ocr_carea' id='block_1_82' title="bbox 281 5019 847 5089">
    <p class='ocr_par' dir='ltr' id='par_1_82' title="bbox 281 5019 847 5089">
     <span class='ocr_line' id='line_1_82' title="bbox 281 5019 847 5089; baseline 0.009 -17"><span class='ocrx_word' id='word_1_615' title='bbox 281 5020 596 5088; x_wconf 76' lang='grc' dir='ltr'>προνομὴν</span> <span class='ocrx_word' id='word_1_616' title='bbox 627 5019 847 5089; x_wconf 84' lang='grc' dir='ltr'>χώραν.</span> 
     </span>
    </p>
   </div>
   <div class='ocr_carea' id='block_1_83' title="bbox 285 5108 1791 5184">
    <p class='ocr_par' dir='ltr' id='par_1_83' title="bbox 285 5108 1791 5184">
     <span class='ocr_line' id='line_1_83' title="bbox 285 5108 1791 5184; baseline 0.004 -22"><span class='ocrx_word' id='word_1_617' title='bbox 285 5111 382 5180; x_wconf 73' lang='grc' dir='ltr'>ρδν.</span> <span class='ocrx_word' id='word_1_618' title='bbox 414 5110 475 5161; x_wconf 82' lang='lat' dir='ltr'><strong>Ei</strong></span> <span class='ocrx_word' id='word_1_619' title='bbox 503 5110 597 5162; x_wconf 71' lang='lat' dir='ltr'><strong>nati.</strong></span> <span class='ocrx_word' id='word_1_620' title='bbox 619 5109 978 5180; x_wconf 75' lang='grc' dir='ltr'>ἐπιτιμᾶσθαι</span> <span class='ocrx_word' id='word_1_621' title='bbox 1010 5110 1208 5174; x_wconf 77' lang='grc' dir='ltr'>αὐτοὺς</span> <span class='ocrx_word' id='word_1_622' title='bbox 1239 5111 1385 5176; x_wconf 72' lang='grc' dir='ltr'>εἰκὸς</span> <span class='ocrx_word' id='word_1_623' title='bbox 1417 5108 1483 5184; x_wconf 84' lang='grc' dir='ltr'>ἦν</span> <span class='ocrx_word' id='word_1_624' title='bbox 1508 5112 1574 5167; x_wconf 79' lang='grc' dir='ltr'><strong>ἐκ</strong></span> <span class='ocrx_word' id='word_1_625' title='bbox 1601 5131 1791 5183; x_wconf 88' lang='grc' dir='ltr'>προοι-</span> 
     </span>
    </p>
   </div>
   <div class='ocr_carea' id='block_1_84' title="bbox 213 5199 1793 5276">
    <p class='ocr_par' dir='ltr' id='par_1_84' title="bbox 213 5199 1793 5276">
     <span class='ocr_line' id='line_1_84' title="bbox 213 5199 1793 5276; baseline 0.003 -22"><span class='ocrx_word' id='word_1_626' title='bbox 213 5203 377 5272; x_wconf 85' lang='grc' dir='ltr'>μίων,</span> <span class='ocrx_word' id='word_1_627' title='bbox 400 5201 561 5255; x_wconf 84' lang='grc' dir='ltr'>τοῦτο</span> <span class='ocrx_word' id='word_1_628' title='bbox 595 5203 692 5273; x_wconf 81' lang='grc' dir='ltr'><strong>μὲν</strong></span> <span class='ocrx_word' id='word_1_629' title='bbox 727 5202 1057 5276; x_wconf 81' lang='grc' dir='ltr'>παροπτέον,</span> <span class='ocrx_word' id='word_1_630' title='bbox 1078 5203 1166 5256; x_wconf 81' lang='grc' dir='ltr'>διὰ</span> <span class='ocrx_word' id='word_1_631' title='bbox 1191 5203 1250 5257; x_wconf 88' lang='grc' dir='ltr'><strong>τὸ</strong></span> <span class='ocrx_word' id='word_1_632' title='bbox 1279 5199 1419 5257; x_wconf 77' lang='grc' dir='ltr'>εἶναι</span> <span class='ocrx_word' id='word_1_633' title='bbox 1445 5205 1536 5258; x_wconf 92' lang='grc' dir='ltr'><strong>τὸν</strong></span> <span class='ocrx_word' id='word_1_634' title='bbox 1567 5206 1793 5271; x_wconf 85' lang='grc' dir='ltr'>τούτους</span> 
     </span>
    </p>
   </div>
   <div class='ocr_carea' id='block_1_85' title="bbox 208 5290 1790 5367">
    <p class='ocr_par' dir='ltr' id='par_1_85' title="bbox 208 5290 1790 5367">
     <span class='ocr_line' id='line_1_85' title="bbox 208 5290 1790 5367; baseline 0.003 -19"><span class='ocrx_word' id='word_1_635' title='bbox 208 5295 378 5359; x_wconf 64' lang='grc' dir='ltr'>ἀξίως</span> <span class='ocrx_word' id='word_1_636' title='bbox 409 5295 806 5366; x_wconf 82' lang='grc' dir='ltr'>ἐπιτιμήσοντα</span> <span class='ocrx_word' id='word_1_637' title='bbox 830 5310 842 5322; x_wconf 92' lang='grc'>·</span> <span class='ocrx_word' id='word_1_638' title='bbox 877 5293 1064 5358; x_wconf 80' lang='grc' dir='ltr'>κοινὰς</span> <span class='ocrx_word' id='word_1_639' title='bbox 1087 5295 1144 5349; x_wconf 83' lang='grc' dir='ltr'><strong>δὲ</strong></span> <span class='ocrx_word' id='word_1_640' title='bbox 1188 5290 1556 5367; x_wconf 79' lang='grc' dir='ltr'>προλαϐόντες</span> <span class='ocrx_word' id='word_1_641' title='bbox 1583 5299 1790 5362; x_wconf 76' lang='grc' dir='ltr'>ἐννοίας</span> 
     </span>
    </p>
   </div>
   <div class='ocr_carea' id='block_1_86' title="bbox 207 5388 1790 5462">
    <p class='ocr_par' dir='ltr' id='par_1_86' title="bbox 207 5388 1790 5462">
     <span class='ocr_line' id='line_1_86' title="bbox 207 5388 1790 5462; baseline 0.004 -23"><span class='ocrx_word' id='word_1_642' title='bbox 207 5391 307 5454; x_wconf 67' lang='grc' dir='ltr'>τῆς</span> <span class='ocrx_word' id='word_1_643' title='bbox 340 5388 548 5451; x_wconf 88' lang='grc' dir='ltr'>λύσεως</span> <span class='ocrx_word' id='word_1_644' title='bbox 585 5388 681 5458; x_wconf 82' lang='grc' dir='ltr'>τῆς</span> <span class='ocrx_word' id='word_1_645' title='bbox 709 5389 965 5459; x_wconf 85' lang='grc' dir='ltr'>τοιαύτης</span> <span class='ocrx_word' id='word_1_646' title='bbox 996 5389 1250 5460; x_wconf 83' lang='grc' dir='ltr'>ἀπορίας,</span> <span class='ocrx_word' id='word_1_647' title='bbox 1291 5391 1354 5443; x_wconf 84' lang='grc' dir='ltr'>ὲκ</span> <span class='ocrx_word' id='word_1_648' title='bbox 1384 5390 1493 5444; x_wconf 88' lang='grc' dir='ltr'><strong>τῶν</strong></span> <span class='ocrx_word' id='word_1_649' title='bbox 1525 5391 1655 5462; x_wconf 90' lang='grc' dir='ltr'>παρ’</span> <span class='ocrx_word' id='word_1_650' title='bbox 1694 5393 1790 5446; x_wconf 86' lang='grc' dir='ltr'>αὐ-</span> 
     </span>
    </p>
   </div>
   <div class='ocr_carea' id='block_1_87' title="bbox 211 5480 1794 5552">
    <p class='ocr_par' dir='ltr' id='par_1_87' title="bbox 211 5480 1794 5552">
     <span class='ocr_line' id='line_1_87' title="bbox 211 5480 1794 5552; baseline 0.001 -18"><span class='ocrx_word' id='word_1_651' title='bbox 211 5482 326 5543; x_wconf 89' lang='grc' dir='ltr'>τοῖς</span> <span class='ocrx_word' id='word_1_652' title='bbox 349 5480 801 5549; x_wconf 82' lang='grc' dir='ltr'>ὁμολογουμένων</span> <span class='ocrx_word' id='word_1_653' title='bbox 823 5482 1020 5544; x_wconf 78' lang='grc' dir='ltr'>αὐτοὺς</span> <span class='ocrx_word' id='word_1_654' title='bbox 1045 5481 1440 5552; x_wconf 83' lang='grc' dir='ltr'>ἀπελέγξομεν,</span> <span class='ocrx_word' id='word_1_655' title='bbox 1473 5481 1548 5547; x_wconf 83' lang='grc' dir='ltr'>ὡς</span> <span class='ocrx_word' id='word_1_656' title='bbox 1576 5484 1633 5538; x_wconf 83' lang='grc' dir='ltr'>ἐν</span> <span class='ocrx_word' id='word_1_657' title='bbox 1658 5485 1794 5537; x_wconf 82' lang='grc' dir='ltr'>πᾶσι</span> 
     </span>
    </p>
   </div>
   <div class='ocr_carea' id='block_1_88' title="bbox 213 5572 1790 5645">
    <p class='ocr_par' dir='ltr' id='par_1_88' title="bbox 213 5572 1790 5645">
     <span class='ocr_line' id='line_1_88' title="bbox 213 5572 1790 5645; baseline 0.001 -18"><span class='ocrx_word' id='word_1_658' title='bbox 213 5575 316 5627; x_wconf 65' lang='grc' dir='ltr'>κᾶν</span> <span class='ocrx_word' id='word_1_659' title='bbox 358 5572 536 5644; x_wconf 80' lang='grc' dir='ltr'>τούτῳ</span> <span class='ocrx_word' id='word_1_660' title='bbox 571 5572 757 5637; x_wconf 88' lang='grc' dir='ltr'>κακῶς</span> <span class='ocrx_word' id='word_1_661' title='bbox 801 5573 1158 5645; x_wconf 79' lang='grc' dir='ltr'>φρονοῦντας·</span> <span class='ocrx_word' id='word_1_662' title='bbox 1189 5575 1250 5628; x_wconf 89' lang='grc' dir='ltr'><strong>τὸ</strong></span> <span class='ocrx_word' id='word_1_663' title='bbox 1295 5574 1448 5630; x_wconf 85' lang='grc' dir='ltr'>Θεῖον</span> <span class='ocrx_word' id='word_1_664' title='bbox 1486 5572 1790 5641; x_wconf 80' lang='grc' dir='ltr'>δεῖν,εῐναι,</span> 
     </span>
    </p>
   </div>
   <div class='ocr_carea' id='block_1_89' title="bbox 216 5664 1792 5738">
    <p class='ocr_par' dir='ltr' id='par_1_89' title="bbox 216 5664 1792 5738">
     <span class='ocr_line' id='line_1_89' title="bbox 216 5664 1792 5738; baseline 0.002 -20"><span class='ocrx_word' id='word_1_665' title='bbox 216 5667 347 5737; x_wconf 79' lang='grc' dir='ltr'>παρ’</span> <span class='ocrx_word' id='word_1_666' title='bbox 385 5664 548 5737; x_wconf 79' lang='grc' dir='ltr'>ἡμῶν</span> <span class='ocrx_word' id='word_1_667' title='bbox 605 5665 892 5736; x_wconf 83' lang='grc' dir='ltr'>μαθόντες,</span> <span class='ocrx_word' id='word_1_668' title='bbox 929 5666 1281 5738; x_wconf 86' lang='grc' dir='ltr'>ὁμολογοῦσιν</span> <span class='ocrx_word' id='word_1_669' title='bbox 1334 5667 1559 5738; x_wconf 81' lang='grc' dir='ltr'>ἀγαθὸν,</span> <span class='ocrx_word' id='word_1_670' title='bbox 1605 5666 1792 5738; x_wconf 84' lang='grc' dir='ltr'>φιλάν-</span> 
     </span>
    </p>
   </div>
   <div class='ocr_carea' id='block_1_90' title="bbox 1900 3273 3476 3342">
    <p class='ocr_par' dir='ltr' id='par_1_90' title="bbox 1900 3273 3476 3342">
     <span class='ocr_line' id='line_1_90' title="bbox 1900 3273 3476 3342; baseline -0.001 -13"><span class='ocrx_word' id='word_1_671' title='bbox 1900 3292 2084 3332; x_wconf 90' lang='lat' dir='ltr'><strong>verum</strong></span> <span class='ocrx_word' id='word_1_672' title='bbox 2134 3277 2302 3330; x_wconf 91' lang='lat' dir='ltr'><strong>Deum</strong></span> <span class='ocrx_word' id='word_1_673' title='bbox 2343 3275 2410 3329; x_wconf 91' lang='lat' dir='ltr'><strong>ah</strong></span> <span class='ocrx_word' id='word_1_674' title='bbox 2452 3274 2717 3342; x_wconf 81' lang='lat' dir='ltr'><strong>Agarenis</strong></span> <span class='ocrx_word' id='word_1_675' title='bbox 2764 3274 3011 3328; x_wconf 82' lang='lat' dir='ltr'><strong>eoli.Aut</strong></span> <span class='ocrx_word' id='word_1_676' title='bbox 3052 3274 3099 3328; x_wconf 90' lang='lat' dir='ltr'><strong>si</strong></span> <span class='ocrx_word' id='word_1_677' title='bbox 3143 3275 3247 3328; x_wconf 92' lang='lat' dir='ltr'><strong>hoc</strong></span> <span class='ocrx_word' id='word_1_678' title='bbox 3273 3273 3476 3340; x_wconf 89' lang='lat' dir='ltr'><strong>dicent,</strong></span> 
     </span>
    </p>
   </div>
   <div class='ocr_carea' id='block_1_91' title="bbox 1895 3367 3476 3438">
    <p class='ocr_par' dir='ltr' id='par_1_91' title="bbox 1895 3367 3476 3438">
     <span class='ocr_line' id='line_1_91' title="bbox 1895 3367 3476 3438; baseline -0.003 -13"><span class='ocrx_word' id='word_1_679' title='bbox 1895 3378 2158 3438; x_wconf 75' lang='lat' dir='ltr'><strong>cogentur</strong></span> <span class='ocrx_word' id='word_1_680' title='bbox 2210 3368 2392 3424; x_wconf 90' lang='lat' dir='ltr'><strong>dicere</strong></span> <span class='ocrx_word' id='word_1_681' title='bbox 2439 3367 2812 3421; x_wconf 87' lang='lat' dir='ltr'><strong>Abrahamum</strong></span> <span class='ocrx_word' id='word_1_682' title='bbox 2875 3383 2938 3422; x_wconf 91' lang='lat' dir='ltr'><strong>ac</strong></span> <span class='ocrx_word' id='word_1_683' title='bbox 2995 3367 3235 3437; x_wconf 69' lang='lat' dir='ltr'><strong>Moysem</strong></span> <span class='ocrx_word' id='word_1_684' title='bbox 3288 3383 3476 3421; x_wconf 85' lang='lat' dir='ltr'><strong>verum</strong></span> 
     </span>
    </p>
   </div>
   <div class='ocr_carea' id='block_1_92' title="bbox 1895 3458 3478 3528">
    <p class='ocr_par' dir='ltr' id='par_1_92' title="bbox 1895 3458 3478 3528">
     <span class='ocr_line' id='line_1_92' title="bbox 1895 3458 3478 3528; baseline -0.003 -12"><span class='ocrx_word' id='word_1_685' title='bbox 1895 3462 2066 3516; x_wconf 91' lang='lat' dir='ltr'><strong>Deum</strong></span> <span class='ocrx_word' id='word_1_686' title='bbox 2120 3476 2229 3516; x_wconf 91' lang='lat' dir='ltr'><strong>non</strong></span> <span class='ocrx_word' id='word_1_687' title='bbox 2276 3461 2544 3525; x_wconf 90' lang='lat' dir='ltr'><strong>coluisse;</strong></span> <span class='ocrx_word' id='word_1_688' title='bbox 2591 3467 2644 3513; x_wconf 91' lang='lat' dir='ltr'><strong>et</strong></span> <span class='ocrx_word' id='word_1_689' title='bbox 2703 3458 2994 3513; x_wconf 89' lang='lat' dir='ltr'><strong>Dominum</strong></span> <span class='ocrx_word' id='word_1_690' title='bbox 3043 3460 3298 3523; x_wconf 90' lang='lat' dir='ltr'><strong>mentiri;</strong></span> <span class='ocrx_word' id='word_1_691' title='bbox 3332 3459 3478 3528; x_wconf 85' lang='lat' dir='ltr'><strong>quod</strong></span> 
     </span>
    </p>
   </div>
   <div class='ocr_carea' id='block_1_93' title="bbox 1893 3552 3479 3622">
    <p class='ocr_par' dir='ltr' id='par_1_93' title="bbox 1893 3552 3479 3622">
     <span class='ocr_line' id='line_1_93' title="bbox 1893 3552 3479 3622; baseline -0.001 -14"><span class='ocrx_word' id='word_1_692' title='bbox 1893 3555 2008 3609; x_wconf 79' lang='lat' dir='ltr'><strong>ﬁeri</strong></span> <span class='ocrx_word' id='word_1_693' title='bbox 2035 3554 2104 3608; x_wconf 88' lang='lat' dir='ltr'><strong>ab</strong></span> <span class='ocrx_word' id='word_1_694' title='bbox 2135 3554 2318 3607; x_wconf 90' lang='lat' dir='ltr'><strong>innata</strong></span> <span class='ocrx_word' id='word_1_695' title='bbox 2351 3554 2574 3608; x_wconf 84' lang='lat' dir='ltr'><strong>veritate</strong></span> <span class='ocrx_word' id='word_1_696' title='bbox 2600 3552 2787 3622; x_wconf 88' lang='lat' dir='ltr'><strong>nequit</strong></span> <span class='ocrx_word' id='word_1_697' title='bbox 2817 3569 2831 3605; x_wconf 89' lang='lat'><strong>:</strong></span> <span class='ocrx_word' id='word_1_698' title='bbox 2863 3567 3036 3622; x_wconf 89' lang='lat' dir='ltr'><strong>neque</strong></span> <span class='ocrx_word' id='word_1_699' title='bbox 3065 3554 3190 3606; x_wconf 88' lang='lat' dir='ltr'><strong>item</strong></span> <span class='ocrx_word' id='word_1_700' title='bbox 3221 3554 3479 3620; x_wconf 87' lang='lat' dir='ltr'><strong>antiquas</strong></span> 
     </span>
    </p>
   </div>
   <div class='ocr_carea' id='block_1_94' title="bbox 1895 3643 3478 3714">
    <p class='ocr_par' dir='ltr' id='par_1_94' title="bbox 1895 3643 3478 3714">
     <span class='ocr_line' id='line_1_94' title="bbox 1895 3643 3478 3714; baseline -0.001 -16"><span class='ocrx_word' id='word_1_701' title='bbox 1895 3643 2207 3714; x_wconf 86' lang='lat' dir='ltr'><strong>Scripturas</strong></span> <span class='ocrx_word' id='word_1_702' title='bbox 2228 3644 2568 3714; x_wconf 81' lang='lat' dir='ltr'><strong>plurifariam</strong></span> <span class='ocrx_word' id='word_1_703' title='bbox 2591 3643 2930 3713; x_wconf 85' lang='lat' dir='ltr'><strong>signiﬁcasse</strong></span> <span class='ocrx_word' id='word_1_704' title='bbox 2952 3644 3141 3714; x_wconf 86' lang='lat' dir='ltr'><strong>quales</strong></span> <span class='ocrx_word' id='word_1_705' title='bbox 3169 3644 3279 3696; x_wconf 83' lang='lat' dir='ltr'><strong>sint</strong></span> <span class='ocrx_word' id='word_1_706' title='bbox 3303 3643 3478 3698; x_wconf 83' lang='lat' dir='ltr'><strong>Patris</strong></span> 
     </span>
    </p>
   </div>
   <div class='ocr_carea' id='block_1_95' title="bbox 1891 3734 3477 3806">
    <p class='ocr_par' dir='ltr' id='par_1_95' title="bbox 1891 3734 3477 3806">
     <span class='ocr_line' id='line_1_95' title="bbox 1891 3734 3477 3806; baseline -0.001 -16"><span class='ocrx_word' id='word_1_707' title='bbox 1891 3735 2120 3806; x_wconf 89' lang='lat' dir='ltr'><strong>Filiique</strong></span> <span class='ocrx_word' id='word_1_708' title='bbox 2167 3751 2435 3806; x_wconf 66' lang='lat' dir='ltr'><strong>personae.</strong></span> <span class='ocrx_word' id='word_1_709' title='bbox 2470 3734 2645 3790; x_wconf 80' lang='lat' dir='ltr'><strong>Veluti</strong></span> <span class='ocrx_word' id='word_1_710' title='bbox 2677 3754 2692 3790; x_wconf 90' lang='lat'><strong>:</strong></span> <span class='ocrx_word' id='word_1_711' title='bbox 2735 3734 2819 3787; x_wconf 79' lang='lat' dir='ltr'><strong>Ex</strong></span> <span class='ocrx_word' id='word_1_712' title='bbox 2858 3743 3004 3788; x_wconf 82' lang='lat' dir='ltr'><strong>utero</strong></span> <span class='ocrx_word' id='word_1_713' title='bbox 3047 3744 3167 3788; x_wconf 86' lang='lat' dir='ltr'><strong>ante</strong></span> <span class='ocrx_word' id='word_1_714' title='bbox 3201 3734 3477 3804; x_wconf 80' lang='lat' dir='ltr'><strong>luciferum</strong></span> 
     </span>
    </p>
   </div>
   <div class='ocr_carea' id='block_1_96' title="bbox 1889 3821 3475 3896">
    <p class='ocr_par' dir='ltr' id='par_1_96' title="bbox 1889 3821 3475 3896">
     <span class='ocr_line' id='line_1_96' title="bbox 1889 3821 3475 3896; baseline -0.001 -19"><span class='ocrx_word' id='word_1_715' title='bbox 1889 3825 2108 3896; x_wconf 89' lang='lat' dir='ltr'><strong>genuite</strong></span> <span class='ocrx_word' id='word_1_716' title='bbox 2128 3824 2193 3877; x_wconf 71' lang='lat'><strong>&quot;°.</strong></span> <span class='ocrx_word' id='word_1_717' title='bbox 2217 3825 2348 3878; x_wconf 88' lang='lat' dir='ltr'><strong>Item</strong></span> <span class='ocrx_word' id='word_1_718' title='bbox 2380 3841 2393 3877; x_wconf 90' lang='lat'><strong>:</strong></span> <span class='ocrx_word' id='word_1_719' title='bbox 2420 3823 2578 3877; x_wconf 81' lang='lat' dir='ltr'><strong>Sedes</strong></span> <span class='ocrx_word' id='word_1_720' title='bbox 2607 3833 2718 3886; x_wconf 86' lang='lat' dir='ltr'><strong>tua,</strong></span> <span class='ocrx_word' id='word_1_721' title='bbox 2747 3821 2906 3885; x_wconf 78' lang='lat' dir='ltr'><strong>Deus,</strong></span> <span class='ocrx_word' id='word_1_722' title='bbox 2925 3823 2981 3876; x_wconf 84' lang='lat' dir='ltr'><strong>in</strong></span> <span class='ocrx_word' id='word_1_723' title='bbox 2998 3822 3248 3877; x_wconf 67' lang='lat' dir='ltr'><strong>saxulum</strong></span> <span class='ocrx_word' id='word_1_724' title='bbox 3270 3821 3475 3876; x_wconf 61' lang='lat' dir='ltr'><strong>screnti.</strong></span> 
     </span>
    </p>
   </div>
   <div class='ocr_carea' id='block_1_97' title="bbox 1901 3916 3476 3988">
    <p class='ocr_par' dir='ltr' id='par_1_97' title="bbox 1901 3916 3476 3988">
     <span class='ocr_line' id='line_1_97' title="bbox 1901 3916 3476 3988; baseline -0.004 -16"><span class='ocrx_word' id='word_1_725' title='bbox 1901 3917 2060 3988; x_wconf 82' lang='lat' dir='ltr'><strong>Virga</strong></span> <span class='ocrx_word' id='word_1_726' title='bbox 2099 3919 2444 3983; x_wconf 82' lang='lat' dir='ltr'><strong>directionis,</strong></span> <span class='ocrx_word' id='word_1_727' title='bbox 2477 3919 2622 3988; x_wconf 80' lang='lat' dir='ltr'><strong>virga</strong></span> <span class='ocrx_word' id='word_1_728' title='bbox 2675 3917 2822 3987; x_wconf 81' lang='lat' dir='ltr'><strong>regni</strong></span> <span class='ocrx_word' id='word_1_729' title='bbox 2869 3918 2968 3970; x_wconf 85' lang='lat' dir='ltr'><strong>tui.</strong></span> <span class='ocrx_word' id='word_1_730' title='bbox 3021 3916 3476 3984; x_wconf 75' lang='lat' dir='ltr'><strong>Dilexistijusti-</strong></span> 
     </span>
    </p>
   </div>
   <div class='ocr_carea' id='block_1_98' title="bbox 1891 4007 3466 4080">
    <p class='ocr_par' dir='ltr' id='par_1_98' title="bbox 1891 4007 3466 4080">
     <span class='ocr_line' id='line_1_98' title="bbox 1891 4007 3466 4080; baseline -0.002 -17"><span class='ocrx_word' id='word_1_731' title='bbox 1891 4010 2042 4073; x_wconf 87' lang='lat' dir='ltr'><strong>tiam,</strong></span> <span class='ocrx_word' id='word_1_732' title='bbox 2079 4019 2126 4064; x_wconf 87' lang='lat' dir='ltr'><strong>et</strong></span> <span class='ocrx_word' id='word_1_733' title='bbox 2165 4010 2326 4063; x_wconf 83' lang='lat' dir='ltr'><strong>odisti</strong></span> <span class='ocrx_word' id='word_1_734' title='bbox 2355 4010 2727 4080; x_wconf 79' lang='lat' dir='ltr'><strong>iniquitatem;</strong></span> <span class='ocrx_word' id='word_1_735' title='bbox 2755 4019 3028 4078; x_wconf 84' lang='lat' dir='ltr'><strong>propterea</strong></span> <span class='ocrx_word' id='word_1_736' title='bbox 3054 4009 3206 4061; x_wconf 81' lang='lat' dir='ltr'><strong>unxit</strong></span> <span class='ocrx_word' id='word_1_737' title='bbox 3243 4017 3290 4060; x_wconf 87' lang='lat' dir='ltr'><strong>te</strong></span> <span class='ocrx_word' id='word_1_738' title='bbox 3325 4007 3466 4060; x_wconf 81' lang='lat' dir='ltr'><strong>Deus</strong></span> 
     </span>
    </p>
   </div>
   <div class='ocr_carea' id='block_1_99' title="bbox 1887 4099 3464 4168">
    <p class='ocr_par' dir='ltr' id='par_1_99' title="bbox 1887 4099 3464 4168">
     <span class='ocr_line' id='line_1_99' title="bbox 1887 4099 3464 4168; baseline -0.001 -12"><span class='ocrx_word' id='word_1_739' title='bbox 1887 4102 2028 4156; x_wconf 78' lang='lat' dir='ltr'><strong>Deus</strong></span> <span class='ocrx_word' id='word_1_740' title='bbox 2069 4111 2188 4155; x_wconf 78' lang='lat' dir='ltr'><strong>tuus</strong></span> <span class='ocrx_word' id='word_1_741' title='bbox 2210 4102 2263 4154; x_wconf 91' lang='lat' dir='ltr'><strong>in</strong></span> <span class='ocrx_word' id='word_1_742' title='bbox 2289 4113 2542 4156; x_wconf 74' lang='lat' dir='ltr'><strong>wternum</strong></span> <span class='ocrx_word' id='word_1_743' title='bbox 2560 4101 3117 4168; x_wconf 75' lang='lat' dir='ltr'><strong>“;etsimilia.t,)uod</strong></span> <span class='ocrx_word' id='word_1_744' title='bbox 3173 4099 3218 4154; x_wconf 88' lang='lat' dir='ltr'><strong>si</strong></span> <span class='ocrx_word' id='word_1_745' title='bbox 3257 4099 3464 4163; x_wconf 63' lang='lat' dir='ltr'><strong>ﬁdeles,</strong></span> 
     </span>
    </p>
   </div>
   <div class='ocr_carea' id='block_1_100' title="bbox 1887 4195 3460 4264">
    <p class='ocr_par' dir='ltr' id='par_1_100' title="bbox 1887 4195 3460 4264">
     <span class='ocr_line' id='line_1_100' title="bbox 1887 4195 3460 4264; baseline -0.001 -15"><span class='ocrx_word' id='word_1_746' title='bbox 1887 4195 2166 4249; x_wconf 86' lang='lat' dir='ltr'><strong>veritatem</strong></span> <span class='ocrx_word' id='word_1_747' title='bbox 2192 4209 2300 4249; x_wconf 90' lang='lat' dir='ltr'><strong>non</strong></span> <span class='ocrx_word' id='word_1_748' title='bbox 2330 4210 2450 4250; x_wconf 88' lang='lat' dir='ltr'><strong>esse</strong></span> <span class='ocrx_word' id='word_1_749' title='bbox 2481 4196 2785 4261; x_wconf 89' lang='lat' dir='ltr'><strong>mentitam,</strong></span> <span class='ocrx_word' id='word_1_750' title='bbox 2819 4205 2874 4250; x_wconf 92' lang='lat' dir='ltr'><strong>et</strong></span> <span class='ocrx_word' id='word_1_751' title='bbox 2901 4195 3268 4250; x_wconf 85' lang='lat' dir='ltr'><strong>Ahrahamum</strong></span> <span class='ocrx_word' id='word_1_752' title='bbox 3313 4197 3460 4264; x_wconf 68' lang='lat' dir='ltr'><strong>piunt</strong></span> 
     </span>
    </p>
   </div>
   <div class='ocr_carea' id='block_1_101' title="bbox 1855 4282 3460 4355">
    <p class='ocr_par' dir='ltr' id='par_1_101' title="bbox 1855 4282 3460 4355">
     <span class='ocr_line' id='line_1_101' title="bbox 1855 4282 3460 4355; baseline 0.002 -19"><span class='ocrx_word' id='word_1_753' title='bbox 1855 4282 2058 4340; x_wconf 67' lang='lat' dir='ltr'><strong>inisse</strong></span> <span class='ocrx_word' id='word_1_754' title='bbox 2096 4283 2349 4350; x_wconf 76' lang='lat' dir='ltr'><strong>fatentur,</strong></span> <span class='ocrx_word' id='word_1_755' title='bbox 2397 4285 2452 4339; x_wconf 89' lang='lat' dir='ltr'><strong>hi</strong></span> <span class='ocrx_word' id='word_1_756' title='bbox 2512 4284 2853 4355; x_wconf 81' lang='lat' dir='ltr'><strong>irreligiosos</strong></span> <span class='ocrx_word' id='word_1_757' title='bbox 2908 4294 2960 4340; x_wconf 90' lang='lat' dir='ltr'><strong>et</strong></span> <span class='ocrx_word' id='word_1_758' title='bbox 3009 4287 3201 4340; x_wconf 81' lang='lat' dir='ltr'><strong>atheos</strong></span> <span class='ocrx_word' id='word_1_759' title='bbox 3231 4299 3460 4353; x_wconf 89' lang='lat' dir='ltr'><strong>prorsus</strong></span> 
     </span>
    </p>
   </div>
   <div class='ocr_carea' id='block_1_102' title="bbox 1888 4375 3465 4449">
    <p class='ocr_par' dir='ltr' id='par_1_102' title="bbox 1888 4375 3465 4449">
     <span class='ocr_line' id='line_1_102' title="bbox 1888 4375 3465 4449; baseline 0.001 -19"><span class='ocrx_word' id='word_1_760' title='bbox 1888 4375 2071 4431; x_wconf 89' lang='lat' dir='ltr'><strong>dicent</strong></span> <span class='ocrx_word' id='word_1_761' title='bbox 2103 4392 2225 4434; x_wconf 89' lang='lat' dir='ltr'><strong>esse</strong></span> <span class='ocrx_word' id='word_1_762' title='bbox 2249 4377 2548 4449; x_wconf 85' lang='lat' dir='ltr'><strong>Agarenos,</strong></span> <span class='ocrx_word' id='word_1_763' title='bbox 2584 4393 2694 4433; x_wconf 90' lang='lat' dir='ltr'><strong>non</strong></span> <span class='ocrx_word' id='word_1_764' title='bbox 2725 4389 2906 4434; x_wconf 90' lang='lat' dir='ltr'><strong>autem</strong></span> <span class='ocrx_word' id='word_1_765' title='bbox 2954 4377 3161 4448; x_wconf 69' lang='lat' dir='ltr'><strong>azdepol</strong></span> <span class='ocrx_word' id='word_1_766' title='bbox 3205 4378 3297 4434; x_wconf 89' lang='lat' dir='ltr'><strong>Dei</strong></span> <span class='ocrx_word' id='word_1_767' title='bbox 3347 4378 3465 4432; x_wconf 84' lang='lat' dir='ltr'><strong>cul-</strong></span> 
     </span>
    </p>
   </div>
   <div class='ocr_carea' id='block_1_103' title="bbox 1889 4480 2056 4528">
    <p class='ocr_par' dir='ltr' id='par_1_103' title="bbox 1889 4480 2056 4528">
     <span class='ocr_line' id='line_1_103' title="bbox 1889 4480 2056 4528; baseline -0.012 0"><span class='ocrx_word' id='word_1_768' title='bbox 1889 4480 2056 4528; x_wconf 87' lang='lat' dir='ltr'><strong>tores.</strong></span> 
     </span>
    </p>
   </div>
   <div class='ocr_carea' id='block_1_104' title="bbox 1897 4739 3474 4813">
    <p class='ocr_par' dir='ltr' id='par_1_104' title="bbox 1897 4739 3474 4813">
     <span class='ocr_line' id='line_1_104' title="bbox 1897 4739 3474 4813; baseline -0.004 -14"><span class='ocrx_word' id='word_1_769' title='bbox 1897 4743 2069 4800; x_wconf 77' lang='lat' dir='ltr'><strong>XXX.</strong></span> <span class='ocrx_word' id='word_1_770' title='bbox 2105 4743 2368 4798; x_wconf 78' lang='lat' dir='ltr'><strong>Adversus</strong></span> <span class='ocrx_word' id='word_1_771' title='bbox 2411 4742 2678 4813; x_wconf 81' lang='lat' dir='ltr'><strong>Agarenos</strong></span> <span class='ocrx_word' id='word_1_772' title='bbox 2708 4741 2912 4798; x_wconf 79' lang='lat' dir='ltr'><strong>Christi</strong></span> <span class='ocrx_word' id='word_1_773' title='bbox 2959 4741 3289 4794; x_wconf 81' lang='lat' dir='ltr'><strong>divinitatem</strong></span> <span class='ocrx_word' id='word_1_774' title='bbox 3325 4739 3474 4793; x_wconf 79' lang='lat' dir='ltr'><strong>blas-</strong></span> 
     </span>
    </p>
   </div>
   <div class='ocr_carea' id='block_1_105' title="bbox 1970 4813 3477 4886">
    <p class='ocr_par' dir='ltr' id='par_1_105' title="bbox 1970 4813 3477 4886">
     <span class='ocr_line' id='line_1_105' title="bbox 1970 4813 3477 4886; baseline -0.004 -18"><span class='ocrx_word' id='word_1_775' title='bbox 1970 4817 2304 4884; x_wconf 82' lang='lat' dir='ltr'><strong>phemantes,</strong></span> <span class='ocrx_word' id='word_1_776' title='bbox 2336 4814 2678 4886; x_wconf 53' lang='lat' dir='ltr'><strong>idicentesque</strong></span> <span class='ocrx_word' id='word_1_777' title='bbox 2726 4813 3033 4886; x_wconf 73' lang='lat' dir='ltr'><strong>insipienter</strong></span> <span class='ocrx_word' id='word_1_778' title='bbox 3060 4829 3177 4864; x_wconf 84' lang='lat' dir='ltr'><strong>eum</strong></span> <span class='ocrx_word' id='word_1_779' title='bbox 3217 4828 3337 4886; x_wconf 67' lang='lat' dir='ltr'><strong>non</strong></span> <span class='ocrx_word' id='word_1_780' title='bbox 3366 4825 3477 4886; x_wconf 64' lang='lat' dir='ltr'><strong>esse</strong></span> 
     </span>
    </p>
   </div>
   <div class='ocr_carea' id='block_1_106' title="bbox 1975 4881 3473 4952">
    <p class='ocr_par' dir='ltr' id='par_1_106' title="bbox 1975 4881 3473 4952">
     <span class='ocr_line' id='line_1_106' title="bbox 1975 4881 3473 4952; baseline -0.005 -13"><span class='ocrx_word' id='word_1_781' title='bbox 1975 4881 2178 4950; x_wconf 86' lang='lat' dir='ltr'><strong>Deum;</strong></span> <span class='ocrx_word' id='word_1_782' title='bbox 2235 4901 2296 4938; x_wconf 83' lang='lat' dir='ltr'><strong>ac</strong></span> <span class='ocrx_word' id='word_1_783' title='bbox 2337 4881 2629 4952; x_wconf 51' lang='lat' dir='ltr'><strong>&#39;prOptere&#39;a</strong></span> <span class='ocrx_word' id='word_1_784' title='bbox 2689 4881 2935 4951; x_wconf 82' lang='lat' dir='ltr'><strong>putantes</strong></span> <span class='ocrx_word' id='word_1_785' title='bbox 2993 4882 3176 4948; x_wconf 87' lang='lat' dir='ltr'><strong>datam</strong></span> <span class='ocrx_word' id='word_1_786' title='bbox 3238 4882 3366 4950; x_wconf 76' lang='lat' dir='ltr'><strong>ipsis</strong></span> <span class='ocrx_word' id='word_1_787' title='bbox 3420 4881 3473 4932; x_wconf 86' lang='lat' dir='ltr'><strong>in</strong></span> 
     </span>
    </p>
   </div>
   <div class='ocr_carea' id='block_1_107' title="bbox 1969 4953 2970 5025">
    <p class='ocr_par' dir='ltr' id='par_1_107' title="bbox 1969 4953 2970 5025">
     <span class='ocr_line' id='line_1_107' title="bbox 1969 4953 2970 5025; baseline -0.001 -18"><span class='ocrx_word' id='word_1_788' title='bbox 1969 4954 2204 5024; x_wconf 72' lang='lat' dir='ltr'><strong>prwdam</strong></span> <span class='ocrx_word' id='word_1_789' title='bbox 2228 4956 2488 5025; x_wconf 85' lang='lat' dir='ltr'><strong>regionem</strong></span> <span class='ocrx_word' id='word_1_790' title='bbox 2523 4953 2970 5008; x_wconf 83' lang='lat' dir='ltr'><strong>Christianorum.</strong></span> 
     </span>
    </p>
   </div>
   <div class='ocr_carea' id='block_1_108' title="bbox 1973 5105 3472 5177">
    <p class='ocr_par' dir='ltr' id='par_1_108' title="bbox 1973 5105 3472 5177">
     <span class='ocr_line' id='line_1_108' title="bbox 1973 5105 3472 5177; baseline -0.008 -9"><span class='ocrx_word' id='word_1_791' title='bbox 1973 5114 2096 5168; x_wconf 67' lang='grc'><strong>104.</strong></span> <span class='ocrx_word' id='word_1_792' title='bbox 2131 5112 2357 5167; x_wconf 88' lang='lat' dir='ltr'><strong>Etiamsi</strong></span> <span class='ocrx_word' id='word_1_793' title='bbox 2394 5111 2576 5166; x_wconf 86' lang='lat' dir='ltr'><strong>statim</strong></span> <span class='ocrx_word' id='word_1_794' title='bbox 2601 5110 2670 5164; x_wconf 87' lang='lat' dir='ltr'><strong>ah</strong></span> <span class='ocrx_word' id='word_1_795' title='bbox 2697 5108 2852 5163; x_wconf 90' lang='lat' dir='ltr'><strong>initio</strong></span> <span class='ocrx_word' id='word_1_796' title='bbox 2874 5107 3156 5177; x_wconf 89' lang='lat' dir='ltr'><strong>increpare</strong></span> <span class='ocrx_word' id='word_1_797' title='bbox 3183 5105 3282 5161; x_wconf 90' lang='lat' dir='ltr'><strong>hos</strong></span> <span class='ocrx_word' id='word_1_798' title='bbox 3308 5119 3472 5174; x_wconf 80' lang='lat' dir='ltr'><strong>Opor-</strong></span> 
     </span>
    </p>
   </div>
   <div class='ocr_carea' id='block_1_109' title="bbox 1900 5195 3473 5272">
    <p class='ocr_par' dir='ltr' id='par_1_109' title="bbox 1900 5195 3473 5272">
     <span class='ocr_line' id='line_1_109' title="bbox 1900 5195 3473 5272; baseline -0.008 -11"><span class='ocrx_word' id='word_1_799' title='bbox 1900 5215 2058 5272; x_wconf 85' lang='lat' dir='ltr'><strong>teret,</strong></span> <span class='ocrx_word' id='word_1_800' title='bbox 2087 5206 2138 5259; x_wconf 92' lang='lat' dir='ltr'><strong>id</strong></span> <span class='ocrx_word' id='word_1_801' title='bbox 2163 5205 2518 5259; x_wconf 87' lang='lat' dir='ltr'><strong>nihilominus</strong></span> <span class='ocrx_word' id='word_1_802' title='bbox 2545 5201 2880 5264; x_wconf 87' lang='lat' dir='ltr'><strong>omittemus,</strong></span> <span class='ocrx_word' id='word_1_803' title='bbox 2903 5198 3034 5268; x_wconf 89' lang='lat' dir='ltr'><strong>quia</strong></span> <span class='ocrx_word' id='word_1_804' title='bbox 3069 5212 3175 5251; x_wconf 91' lang='lat' dir='ltr'><strong>non</strong></span> <span class='ocrx_word' id='word_1_805' title='bbox 3201 5197 3348 5250; x_wconf 89' lang='lat' dir='ltr'><strong>deest</strong></span> <span class='ocrx_word' id='word_1_806' title='bbox 3380 5195 3473 5262; x_wconf 90' lang='lat' dir='ltr'><strong>qui</strong></span> 
     </span>
    </p>
   </div>
   <div class='ocr_carea' id='block_1_110' title="bbox 1898 5287 3471 5369">
    <p class='ocr_par' dir='ltr' id='par_1_110' title="bbox 1898 5287 3471 5369">
     <span class='ocr_line' id='line_1_110' title="bbox 1898 5287 3471 5369; baseline -0.01 -14"><span class='ocrx_word' id='word_1_807' title='bbox 1898 5315 1995 5355; x_wconf 89' lang='lat' dir='ltr'><strong>eos</strong></span> <span class='ocrx_word' id='word_1_808' title='bbox 2039 5314 2139 5369; x_wconf 88' lang='lat' dir='ltr'><strong>pro</strong></span> <span class='ocrx_word' id='word_1_809' title='bbox 2189 5297 2386 5352; x_wconf 89' lang='lat' dir='ltr'><strong>merito</strong></span> <span class='ocrx_word' id='word_1_810' title='bbox 2435 5293 2756 5363; x_wconf 87' lang='lat' dir='ltr'><strong>increpabit.</strong></span> <span class='ocrx_word' id='word_1_811' title='bbox 2791 5291 2899 5346; x_wconf 87' lang='lat' dir='ltr'><strong>Sed</strong></span> <span class='ocrx_word' id='word_1_812' title='bbox 2947 5304 3265 5345; x_wconf 87' lang='lat' dir='ltr'><strong>communes</strong></span> <span class='ocrx_word' id='word_1_813' title='bbox 3314 5287 3471 5341; x_wconf 78' lang='lat' dir='ltr'><strong>adhi-</strong></span> 
     </span>
    </p>
   </div>
   <div class='ocr_carea' id='block_1_111' title="bbox 1898 5373 3469 5450">
    <p class='ocr_par' dir='ltr' id='par_1_111' title="bbox 1898 5373 3469 5450">
     <span class='ocr_line' id='line_1_111' title="bbox 1898 5373 3469 5450; baseline -0.008 -9"><span class='ocrx_word' id='word_1_814' title='bbox 1898 5386 2087 5442; x_wconf 88' lang='lat' dir='ltr'><strong>bentes</strong></span> <span class='ocrx_word' id='word_1_815' title='bbox 2111 5373 2386 5449; x_wconf 80' lang='lat' dir='ltr'><strong>notiones,</strong></span> <span class='ocrx_word' id='word_1_816' title='bbox 2413 5381 2484 5436; x_wconf 90' lang='lat' dir='ltr'><strong>ob</strong></span> <span class='ocrx_word' id='word_1_817' title='bbox 2512 5381 2674 5450; x_wconf 88' lang='lat' dir='ltr'><strong>hujus</strong></span> <span class='ocrx_word' id='word_1_818' title='bbox 2697 5377 3088 5434; x_wconf 67' lang='lat' dir='ltr'><strong>controversia:</strong></span> <span class='ocrx_word' id='word_1_819' title='bbox 3118 5376 3469 5439; x_wconf 87' lang='lat' dir='ltr'><strong>solutionem,</strong></span> 
     </span>
    </p>
   </div>
   <div class='ocr_carea' id='block_1_112' title="bbox 1893 5468 3472 5547">
    <p class='ocr_par' dir='ltr' id='par_1_112' title="bbox 1893 5468 3472 5547">
     <span class='ocr_line' id='line_1_112' title="bbox 1893 5468 3472 5547; baseline -0.011 -11"><span class='ocrx_word' id='word_1_820' title='bbox 1893 5496 1958 5536; x_wconf 81' lang='lat' dir='ltr'><strong>ex</strong></span> <span class='ocrx_word' id='word_1_821' title='bbox 1992 5478 2259 5535; x_wconf 76' lang='lat' dir='ltr'><strong>confessis</strong></span> <span class='ocrx_word' id='word_1_822' title='bbox 2289 5475 2432 5547; x_wconf 89' lang='lat' dir='ltr'><strong>apud</strong></span> <span class='ocrx_word' id='word_1_823' title='bbox 2461 5474 2582 5529; x_wconf 92' lang='lat' dir='ltr'><strong>illos</strong></span> <span class='ocrx_word' id='word_1_824' title='bbox 2603 5487 2987 5543; x_wconf 83' lang='lat' dir='ltr'><strong>coarguemus,</strong></span> <span class='ocrx_word' id='word_1_825' title='bbox 3018 5485 3133 5534; x_wconf 87' lang='lat' dir='ltr'><strong>eos,</strong></span> <span class='ocrx_word' id='word_1_826' title='bbox 3171 5479 3230 5524; x_wconf 91' lang='lat' dir='ltr'><strong>ut</strong></span> <span class='ocrx_word' id='word_1_827' title='bbox 3261 5470 3311 5522; x_wconf 92' lang='lat' dir='ltr'><strong>in</strong></span> <span class='ocrx_word' id='word_1_828' title='bbox 3349 5468 3472 5520; x_wconf 87' lang='lat' dir='ltr'><strong>aliis</strong></span> 
     </span>
    </p>
   </div>
   <div class='ocr_carea' id='block_1_113' title="bbox 1893 5559 3469 5640">
    <p class='ocr_par' dir='ltr' id='par_1_113' title="bbox 1893 5559 3469 5640">
     <span class='ocr_line' id='line_1_113' title="bbox 1893 5559 3469 5640; baseline -0.011 -10"><span class='ocrx_word' id='word_1_829' title='bbox 1893 5572 2173 5640; x_wconf 86' lang='lat' dir='ltr'><strong>omnibus,</strong></span> <span class='ocrx_word' id='word_1_830' title='bbox 2219 5569 2273 5624; x_wconf 88' lang='lat' dir='ltr'><strong>in</strong></span> <span class='ocrx_word' id='word_1_831' title='bbox 2328 5569 2432 5623; x_wconf 88' lang='lat' dir='ltr'><strong>hoc</strong></span> <span class='ocrx_word' id='word_1_832' title='bbox 2493 5579 2714 5637; x_wconf 88' lang='lat' dir='ltr'><strong>quoque</strong></span> <span class='ocrx_word' id='word_1_833' title='bbox 2763 5578 2932 5636; x_wconf 87' lang='lat' dir='ltr'><strong>prave</strong></span> <span class='ocrx_word' id='word_1_834' title='bbox 2988 5561 3223 5632; x_wconf 87' lang='lat' dir='ltr'><strong>epinari.</strong></span> <span class='ocrx_word' id='word_1_835' title='bbox 3273 5559 3469 5623; x_wconf 84' lang='lat' dir='ltr'><strong>Deum,</strong></span> 
     </span>
    </p>
   </div>
   <div class='ocr_carea' id='block_1_114' title="bbox 1893 5654 3471 5732">
    <p class='ocr_par' dir='ltr' id='par_1_114' title="bbox 1893 5654 3471 5732">
     <span class='ocr_line' id='line_1_114' title="bbox 1893 5654 3471 5732; baseline -0.011 -9"><span class='ocrx_word' id='word_1_836' title='bbox 1893 5666 2054 5723; x_wconf 86' lang='lat' dir='ltr'><strong>nobis</strong></span> <span class='ocrx_word' id='word_1_837' title='bbox 2088 5661 2432 5732; x_wconf 86' lang='lat' dir='ltr'><strong>docentibus,</strong></span> <span class='ocrx_word' id='word_1_838' title='bbox 2475 5660 2683 5720; x_wconf 88' lang='lat' dir='ltr'><strong>bonum</strong></span> <span class='ocrx_word' id='word_1_839' title='bbox 2708 5672 2832 5716; x_wconf 82' lang='lat' dir='ltr'><strong>esse</strong></span> <span class='ocrx_word' id='word_1_840' title='bbox 2865 5655 3215 5725; x_wconf 85' lang='lat' dir='ltr'><strong>conﬁtentur,</strong></span> <span class='ocrx_word' id='word_1_841' title='bbox 3234 5654 3471 5711; x_wconf 79' lang='lat' dir='ltr'><strong>benevo-</strong></span> 
     </span>
    </p>
   </div>
   <div class='ocr_carea' id='block_1_115' title="bbox 286 5841 1955 5916">
    <p class='ocr_par' dir='ltr' id='par_1_115' title="bbox 286 5841 1955 5916">
     <span class='ocr_line' id='line_1_115' title="bbox 286 5841 1955 5916; baseline 0.001 -19"><span class='ocrx_word' id='word_1_842' title='bbox 286 5843 332 5876; x_wconf 73' lang='grc'>⁸³</span> <span class='ocrx_word' id='word_1_843' title='bbox 363 5841 554 5900; x_wconf 71' lang='lat' dir='ltr'><strong>Matth.</strong></span> <span class='ocrx_word' id='word_1_844' title='bbox 579 5859 657 5914; x_wconf 73' lang='grc' dir='ltr'><strong>ιι,</strong></span> <span class='ocrx_word' id='word_1_845' title='bbox 693 5843 783 5899; x_wconf 75' lang='grc'><strong>27.</strong></span> <span class='ocrx_word' id='word_1_846' title='bbox 865 5844 908 5876; x_wconf 66' lang='grc'><strong>⁵⁸</strong></span> <span class='ocrx_word' id='word_1_847' title='bbox 933 5843 1078 5902; x_wconf 85' lang='lat' dir='ltr'><strong>Psal.</strong></span> <span class='ocrx_word' id='word_1_848' title='bbox 1105 5861 1212 5913; x_wconf 73' lang='lat' dir='ltr'><strong>cur,</strong></span> <span class='ocrx_word' id='word_1_849' title='bbox 1251 5846 1305 5904; x_wconf 78' lang='grc'><strong>5.</strong></span> <span class='ocrx_word' id='word_1_850' title='bbox 1381 5843 1426 5878; x_wconf 66' lang='grc'>⁸⁵</span> <span class='ocrx_word' id='word_1_851' title='bbox 1457 5843 1601 5902; x_wconf 84' lang='lat' dir='ltr'><strong>Psal.</strong></span> <span class='ocrx_word' id='word_1_852' title='bbox 1634 5858 1780 5912; x_wconf 67' lang='grc' dir='ltr'>κων,</span> <span class='ocrx_word' id='word_1_853' title='bbox 1821 5842 1955 5916; x_wconf 81' lang='lat'><strong>7,8.</strong></span> 
     </span>
    </p>
   </div>
  </div>
