3978 6578
577 364 686 428 803

1816 354 2113 418 NICET/E
2152 354 2559 418 BY'ZANTlNl

3717 354 3811 423 80';

572 478 687 531 lum
715 486 841 543 erga
868 469 1141 537 homines,
1164 470 1487 542 sapientem,
1515 470 1724 541 justum
1754 478 1918 541 atque
1955 479 2153 539 poten-

2271 469 2512 538 θρωπον,
2547 463 2642 519 καὶ
2666 461 2851 533 σοφὸν,
2888 462 2981 517 καὶ
3022 460 3231 516 δίκαιον
3251 460 3348 517 καὶ
3377 453 3632 516 δυνᾶτόν·
3663 465 3707 519 εί
3737 470 3813 519 καὶ

570 572 719 632 tem;
749 564 960 620 etiamsi
994 563 1159 619 alium
1182 564 1285 620 sub
1304 563 1424 633 ejus
1463 561 1686 618 nomine
1717 563 1926 618 colunt.
1947 560 2153 627 Quate-

570 671 676 711 nus
726 669 857 725 ergo
901 654 1076 708 bonus
1113 662 1215 719 est,
1246 654 1357 709 vult
1397 654 1685 709 animabus
1734 655 1941 708 nostris
1987 654 2153 708 bene-

572 749 771 813 facere,
822 754 981 814 prout
1019 746 1130 799 fieri
1169 754 1363 814 potest,
1419 755 1473 800 et
1528 747 1870 816 corporibus,
1914 746 2155 799 animam

571 842 643 894 ab
679 840 763 893 his
796 838 1149 893 sensibilibus
1180 838 1245 892 ad
1282 837 1666 893 intellectualia
1697 838 1964 892 excitans.
2009 834 2158 901 Qua-

571 942 733 986 tenus
758 943 910 986 ‘vero
958 932 1177 1000 sapiens
1226 945 1291 984 ac
1333 930 1515 999 justus
1555 940 1610 985 et
1664 942 1877 1000 petens,
1914 930 2153 983 animam

573 1033 787 1087 semper
840 1017 1058 1088 praefert
1115 1020 1352 1088 corpori.
1405 1018 1653 1090 Namque
1722 1019 2006 1074 hominum
2060 1016 2152 1071 alii

571 1119 700 1163 sunt
736 1108 1002 1177 religiosi,
1026 1109 1117 1163 alii
1172 1125 1354 1165 secus.
1381 1109 1444 1164 Et
1472 1111 1853 1180 religiosorum
1893 1110 1983 1163 alii
2027 1116 2156 1163 sunt

571 1200 721 1267 boni,
742 1200 830 1256 alii
851 1217 1103 1271 nequam.
1134 1200 1337 1256 Horum
1368 1212 1547 1258 autem
1590 1202 1680 1258 alii
1704 1202 1975 1257 sanabiles
2006 1207 2151 1264 sunt,

578 1296 670 1350 alii
690 1310 868 1352 secus.
888 1294 1172 1352 Sanabiles
1189 1313 1319 1352 vero
1347 1309 1473 1352 sunt
1491 1298 1579 1351 alii
1601 1296 1877 1362 felicitate,
1903 1295 1990 1349 alii
2013 1295 2157 1349 cala-

569 1388 782 1442 mitate.
807 1386 1014 1443 Rursus
1037 1390 1229 1456 partim
1256 1404 1374 1442 sese
1398 1389 1613 1458 ipsimet
1634 1396 1852 1450 sanant,
1874 1385 2066 1455 partim
2085 1384 2155 1440 ab

478 1518 483 1522 »
572 1480 696 1535 aliis
721 1481 1100 1536 emendantur.
1125 1480 1395 1535 Bonorum
1416 1488 1599 1535 autem
1620 1480 1706 1532 alii
1731 1477 1914 1548 quiete
1934 1476 2159 1544 salvan-l

573 1580 685 1638 tur,
715 1572 805 1626 alii
830 1573 1104 1628 laboribus
1135 1573 1362 1643 gratiam
1398 1572 1809 1627 naneiscuntur.
1838 1569 1942 1624 Sed
1972 1584 2037 1624 ex
2069 1568 2155 1623 his

574 1664 666 1718 alii
718 1674 938 1734 propter
990 1679 1049 1719 se
1084 1665 1286 1728 dolent,
1338 1664 1427 1718 alii
1473 1674 1692 1733 propter
1738 1663 1893 1718 alios.
1942 1661 2050 1716 Alii
2101 1668 2156 1715 et

574 1768 798 1828 propter
829 1759 986 1823 alios,
1034 1750 1087 1812 ei
1133 1767 1355 1828 pmpter
1392 1772 1451 1813 se
1482 1756 1688 1822 dolent,
1727 1756 1808 1811 vel
1840 1754 2010 1810 futuri
2038 1770 2151 1808 me-

2258 557 2389 612 ᾰλλο
2418 558 2498 620 εις
2517 556 2580 609 τὸ
2610 556 2822 609 ἐκείνου
2854 553 3107 608 σέϐουσιν
3127 552 3318 623 ὄνομα.
3350 552 3439 616 Ὦς
3464 552 3599 621 γοῦν
3619 555 3809 622 ἀγαθὸς,

2257 651 2403 705 θέλει
2435 647 2845 721 εὐεργετεῖσθαι
2878 645 3039 718 ἡμῶν
3068 645 3161 699 καὶ
3186 646 3285 708 τὰς
3310 644 3512 715 ψυχὰς,
3543 648 3592 699 εί
3623 642 3723 701 οἷόν
3747 666 3810 712 τε,

2258 740 2355 795 καὶ
2401 741 2470 793 τά
2507 738 2760 809 σώματα,
2806 736 3067 808 ἐρεθίζων
3108 738 3171 790 ἐκ
3198 736 3306 791 τῶν
3360 736 3635 809 αίσθητῶν
3661 739 3732 801 είς
3758 743 3811 793 τὰ

2255 831 2424 903 νοητά
2447 830 2545 901 τὴν
2578 831 2790 901 ψυχήν·
2822 829 2899 893 ὡς
2926 829 3086 899 σοφὸς
3118 829 3175 883 δὲ
3200 830 3292 882 καὶ
3321 828 3527 893 δίκαιος
3570 830 3662 883 καὶ
3682 830 3817 885 δυνα-

2257 924 2370 989 τὸς,
2402 924 2501 995 τὴν
2525 924 2707 993 ψυχὴν
2745 922 2831 976 ἀεὶ
2863 922 3151 993 προκρίνει
3172 922 3267 975 τοῦ
3292 920 3545 991 σώματος
3563 940 3579 956 ·
3603 923 3708 977 τῶν
3730 926 3818 996 γὰρ

2255 1016 2557 1087 ἀνθρώπων
2581 1018 2630 1068 οἱ
2663 1014 2765 1085 μέν
2809 1018 2917 1068 εἰσι
2958 1014 3252 1080 θεοσεϐεῖς,
3292 1017 3340 1068 οί
3364 1015 3424 1069 δὲ
3456 1016 3703 1079 ἀσεϐεῖς·
3740 1020 3817 1071 καὶ

2255 1108 2364 1161 τῶν
2387 1106 2679 1172 θεοσεϐῶν,
2708 1107 2757 1159 οί
2790 1106 2889 1177 μὲν
2924 1104 3243 1177 εὐχρηστοι,
3277 1108 3326 1158 οἱ
3352 1106 3409 1159 δὲ
3436 1107 3819 1177 ἄχρηστονπά·

2254 1202 2339 1256 λιν
2360 1204 2468 1255 τῶν
2495 1203 2803 1272 ἀχρήστων,
2830 1201 2878 1253 oi
2914 1200 3013 1271 μὲν
3047 1200 3274 1269 ἰάσιμοι,
3303 1200 3351 1252 οί
3381 1199 3437 1251 δέ
3464 1199 3707 1252 ἀνίατοι·
3729 1202 3819 1253 τῶν

2253 1296 2311 1349 δὲ
2342 1294 2573 1365 ίασίμων
2608 1334 2623 1361 ,
2658 1296 2705 1346 οί
2740 1293 2838 1363 μὲν
2885 1293 2953 1345 δι’
3001 1292 3313 1355 εὐπάθειαν,
3348 1292 3398 1343 οί
3430 1291 3487 1345 δὲ
3531 1290 3619 1345 διά
3646 1290 3819 1344 δυσπά-

2256 1390 2408 1442 θειαν
2443 1387 2629 1441 ίῶνται
2654 1403 2666 1418 ·
2696 1386 2812 1437 ἀλλ’
2837 1385 2885 1438 οἱ
2912 1383 3014 1454 μὲν
3037 1384 3106 1436 δι’
3136 1382 3316 1436 αὐτῶν
3352 1382 3564 1448 ἰῶνται,
3603 1384 3651 1435 oi
3679 1383 3730 1435 δὲ
3759 1383 3813 1435 δι’

2256 1481 2458 1551 ἐτέρων
2484 1460 2905 1549 νομοθετοῦνται
2930 1491 2945 1507 ·
2977 1475 3209 1531 καὶτῶν
3242 1477 3537 1547 ἀχρήστων
3564 1475 3638 1539 δὲ,
3672 1477 3716 1528 oi
3739 1476 3817 1544 μὲν

2255 1574 2492 1636 ἀνέσεως
2546 1571 2641 1636 οὓς
2694 1572 2849 1625 τοῦτο
2899 1569 3085 1635 σώζει,
3134 1572 3182 1623 οί
3219 1569 3274 1623 δὲ
3322 1570 3503 1621 πόνων
3538 1567 3815 1634 ἀξιοῦνται·

2253 1666 2391 1721 ἀλλά
2406 1664 2610 1719 τούτων
2637 1666 2685 1718 οί
2717 1665 2814 1735 μὲν
2844 1663 2984 1735 ὐπέρ
3030 1664 3235 1716 ἑαυτῶν
3263 1662 3545 1723 ἀνιῶνται,
3579 1662 3628 1713 οἱ
3658 1661 3708 1713 δέ
3743 1662 3818 1713 καὶ

2255 1754 2395 1826 ὑπὲρ
2432 1754 2609 1808 ἄλλων
2666 1754 2761 1806 καὶ
2817 1752 2962 1823 ὑπὲρ
3021 1752 3253 1819 ἑαυτῶν,
3289 1753 3321 1823 ἦ
3351 1752 3426 1816 ὡς
3456 1752 3816 1823 δοκιμωτέρων

572 1848 761 1915 liores,
795 1849 879 1904 vel
935 1850 1112 1904 adhuc
1150 1850 1202 1903 in
1267 1848 1479 1905 defectu
1533 1852 1796 1918 iacentes.
1831 1850 2153 1918 impiorum-

2267 1848 2563 1918 ἐσομένων,
2592 1846 2624 1917 ἢ
2654 1848 2727 1910 ὡς
2757 1846 3023 1916 ἐλλείψεις
3050 1846 3130 1899 ἔτι
3161 1846 3391 1916 ἐχόντων
3418 1862 3432 1876 ·
3464 1844 3576 1897 τῶν
3605 1844 3660 1896 δὲ
3708 1846 3815 1897 ἀσε-

572 1949 753 1995 autem
786 1941 874 1994 alii
912 1955 1171 2012 prospere
1198 1951 1385 2010 agunt,
1411 1942 1500 1995 alii
1531 1942 1850 1996 calamitose
1878 1958 1891 1995 :
1918 1941 2153 1995 fortasse

571 2031 640 2087 iis
692 2033 783 2102 qui
841 2032 986 2087 mala
1043 2043 1225 2088 mente
1273 2049 1380 2088 non
1439 2043 1585 2097 sunt,
1640 2036 1921 2089 subtracta
1968 2034 2153 2087 futura

569 2134 755 2191 prmia,
796 2132 1017 2191 propter
1070 2134 1389 2193 praesentem
1449 2124 1694 2179 dolorem
1741 2142 1755 2179 :
1795 2125 1879 2179 vel
1929 2134 2151 2194 propter

571 2223 1007 2269 consummatam
1071 2215 1333 2269 malitiam
1368 2216 1622 2287 utrinque
1664 2219 1984 2287 puniuntur.
2016 2218 2152 2272 Pro-

572 2317 731 2370 spere
756 2318 886 2358 vero
906 2303 1107 2375 degunt
1126 2305 1301 2374 impii,
1321 2308 1470 2361 omni
1496 2308 1629 2377 ipsis
1646 2307 2150 2363 dilatione‘sublata.

571 2392 737 2449 Dolor
766 2396 947 2466 itaque
974 2406 1030 2451 et
1053 2398 1312 2464 gaudium
1349 2414 1474 2454 cum
1508 2400 1651 2455 inter
1683 2415 1743 2456 se
1772 2400 2149 2468 adversentur,

569 2495 624 2540 et
675 2496 855 2541 tamen
901 2488 1079 2543 eidem
1136 2490 1382 2546 humano
1426 2492 1611 2562 generi
1665 2492 1938 2559 accidant,
1963 2492 2151 2549 multis

569 2592 811 2633 errorem
847 2590 1126 2645 crearunt,
1162 2584 1320 2653 quasi
1375 2583 1624 2639 homines
1670 2584 1778 2641 Deo
1826 2586 1996 2651 chari,
2034 2585 2150 2640 suis

571 2670 711 2726 bene
747 2672 946 2729 animis
975 2675 1259 2743 habeant;
1296 2676 1408 2732 Deo
1464 2688 1644 2732 autem
1702 2678 1862 2734 invisi
1906 2678 2149 2735 doleant.

573 2764 678 2817 Sed
706 2778 815 2819 non
846 2765 918 2819 ita
951 2768 1296 2835 cogitandum
1329 2778 1445 2835 est;
1482 2770 1591 2823 imo
1618 2770 1923 2835 sciendum,
1949 2772 2150 2842 duplex

570 2866 694 2907 esse
751 2854 933 2925 gaudii
989 2872 1181 2928 genus,
1219 2860 1367 2914 aliud
1422 2862 1680 2918 sensibile
1727 2873 1778 2919 et
1827 2865 2144 2935 temporale,

570 2945 721 3002 aliud
761 2947 1125 3007 intellectuale
1166 2961 1330 3024 atque
1363 2963 1646 3013 :eternum.
1700 2957 2012 3030 Eademque
2051 2959 2151 3015 do-

570 3038 703 3094 loris
731 3041 869 3095 ratio
897 3055 999 3097 est.
1036 3041 1222 3114 Itaque
1250 3046 1487 3115 gaudent
1512 3051 1674 3104 etiam
1696 3050 1854 3120 justi,
1883 3059 1942 3106 ut
1972 3052 2146 3106 Abra-
2192 3052 2196 3057 ’

570 3130 814 3188 hamus:
847 3134 1083 3203 gaudent
1120 3151 1341 3206 quoque
1363 3137 1576 3207 injusti,
1614 3150 1672 3195 ut
1705 3131 1939 3197 Pharao.
1970 3142 2148 3198 Vicis-

571 3219 676 3275 sim
719 3221 904 3276 dolent
948 3222 1113 3293 justi,
1149 3233 1208 3280 ut
1252 3206 1489 3282 Jacobus
1533 3229 1748 3299 fugiens
1802 3230 2063 3297 Esavum,
2101 3242 2156 3288 et
2182 3206 2224 3266 θ

571 3307 795 3368 Labano
852 3310 1144 3369 famulans.
1196 3316 1327 3370 item
1378 3317 1565 3373 dolent
1616 3320 1779 3375 etiam
1833 3322 2047 3391 injusti,
2097 3332 2157 3378 ut

571 3400 795 3461 Amalec
818 3412 873 3459 et
902 3404 1167 3477 1Egyptii.
1196 3407 1273 3462 En
1309 3424 1440 3480 ergo
1468 3411 1521 3466 in
1550 3427 1659 3467 uno
1702 3414 2000 3486 eodemque
2023 3416 2156 3487 justi

571 3491 812 3549 hominis
842 3510 994 3551 more
1033 3497 1186 3553 dolor
1217 3509 1272 3553 et
1304 3502 1613 3559 maestitia»:
1643 3513 1698 3559 et
1722 3504 1774 3559 in
1805 3522 1914 3561 uno
1937 3507 2158 3563 eodem-

573 3600 681 3654 que
708 3587 892 3657 injusti
929 3589 1165 3647 hominis
1215 3601 1362 3648 statu
1401 3596 1561 3650 dolor
1590 3604 1646 3651 et
1690 3598 1973 3653 maestitia.
2004 3598 2159 3656 Dicet

573 3677 809 3738 fortasse
853 3681 1053 3752 aliquis
1111 3702 1125 3739 :
1178 3684 1292 3743 Cur
1340 3688 1473 3755 haec,
1530 3698 1582 3743 ct
1627 3692 1769 3746 unde
1822 3692 2158 3762 inaequalitas

574 3770 626 3829 in
658 3773 999 3840 azqualibus?
1036 3774 1222 3847 Neque
1270 3780 1417 3834 enim
1467 3782 1520 3836 in
1555 3783 1678 3853 igne
1713 3784 1882 3856 frigus
1917 3787 2161 3843 simulet

572 3862 724 3920 calor
777 3868 1133 3937 conspicitur.
1195 3871 1450 3928 Concedo
1499 3877 1791 3945 equidem,
1847 3895 1954 3934 non
2011 3881 2159 3935 enim

568 3957 777 4027 jusmm
813 3962 1021 4035 aequale
1050 3963 1215 4018 simul
1243 3975 1326 4021 est
1369 3975 1422 4021 et
1456 3968 1723 4040 inmquale
1746 3989 1761 4029 :
1787 3973 1878 4027 sed
1914 3973 1968 4027 in
1994 3973 2160 4044 justi-

580 4047 669 4105 liae
697 4051 1011 4120 capacibus,
1042 4054 1201 4111 dolor
1232 4065 1287 4112 et
1320 4059 1577 4129 gaudium
1612 4065 1966 4133 comperitur.

646 4136 768 4193 105.
820 4141 1087 4207 Quoniam
1142 4146 1326 4218 itaque
1386 4150 1594 4206 dictum
1644 4161 1726 4208 est
1773 4154 2017 4211 dolorem
2076 4158 2157 4212 vel

570 4232 924 4300 temporalem
980 4252 1102 4292 esse
1154 4254 1218 4294 ac
1273 4242 1637 4311 tolerabilem,
1672 4246 1756 4301 vel
1803 4256 2065 4302 azternum
2105 4259 2160 4305 et

573 4322 1008 4394 intolerabilem;
1038 4330 1276 4401 itemque
1302 4335 1559 4402 gaudium
1584 4337 1666 4391 vel
1686 4340 1980 4409 temporale
2011 4357 2155 4409 esse,

574 4428 641 4470 ac
681 4416 920 4471 breviter
948 4419 1247 4488 delectans,
1286 4426 1371 4479 vel
1404 4435 1671 4483 aeternum
1714 4438 1768 4483 et
1806 4431 1897 4485 diu
1941 4432 2153 4503 beans;

2261 1940 2372 1993 ϐῶν
2398 1942 2446 1993 οί
2482 1941 2579 2011 μὲν
2616 1938 2916 1993 εὐπαθοῦσι
2962 1938 3128 2009 τυχὸν
3178 1941 3291 2000 τοῖς
3320 1937 3380 1989 οὐ
3417 1936 3713 2007 μοχθηροῖς
3739 1937 3816 2002 τὴν

2259 2032 2509 2102 γνώμην,
2567 2032 3015 2103 ὐποτεμνομένης
3062 2030 3162 2101 τῆς
3196 2032 3378 2083 ἐκεῖσε
3430 2028 3720 2100 τιμωρίας,
3747 2027 3817 2081 διὰ

2260 2124 2359 2194 τῆς
2409 2123 2560 2177 ἔνθεν
2612 2124 2790 2187 ἀνίας,
2842 2121 2991 2193 ἤδιά
3024 2122 3124 2193 τῆς
3170 2121 3370 2185 κακίας
3415 2119 3814 2191 παμμόχθηρον,

2259 2217 2356 2269 καὶ
2379 2216 2501 2269 κατ’
2526 2216 2695 2286 ἄμφω
2715 2215 3012 2271 ἐκδίδονται
3035 2231 3048 2246 ⁸
3074 2214 3372 2268 εὐπαθοῦσι
3394 2214 3449 2267 δέ
3466 2214 3683 2277 ἀσεϐεῖς
3701 2214 3814 2267 κατὰ

2260 2310 2442 2381 πάσης
2490 2310 2673 2371 αὐτοῖς
2726 2308 3187 2381 περιαιρουμένης
3245 2307 3601 2377 προφάσεως.
3653 2306 3814 2374 Θλίψις

2258 2403 2439 2455 τοίνυν
2494 2402 2589 2458 καὶ
2638 2401 2875 2472 θυμηδία
2916 2400 3136 2455 ἐναντία
3169 2400 3322 2464 ὄντα,
3385 2400 3520 2470 περὶ
3571 2399 3629 2452 ἒν
3658 2400 3740 2453 καὶ
3766 2400 3813 2450 τὸ

2259 2494 2391 2547 αὐτὸ
2438 2491 2780 2565 ἀνθρώπειον
2827 2492 2984 2561 γένος
3034 2490 3403 2562 συμϐαίνοντα
3454 2490 3588 2553 τούς
3617 2490 3813 2552 πολλοὺς

2259 2584 2624 2657 ἐξηπάτησεν·
2648 2584 2722 2647 ὡς
2747 2586 2795 2637 οῖ
2830 2584 2930 2653 μὲν
2954 2583 3244 2653 θεάρεστοι
3267 2582 3575 2652 εὐθυμοῦσι
3605 2583 3809 2645 πάντως,

2257 2682 2306 2734 oi
2332 2678 2389 2732 δὲ
2416 2677 2728 2746 θεοστυγεῖς
2754 2677 3032 2732 ἀνιῶνται.
3065 2675 3204 2729 Ἀλλ’
3226 2677 3324 2747 οὐχ
3348 2676 3493 2729 οὔτω
3519 2674 3813 2729 διανοεῖσθαι

2257 2780 2394 2852 χρὴ.
2436 2778 2635 2851 μᾶλλον
2661 2777 2716 2830 δέ
2751 2776 2952 2830 εἰδέναι
2984 2775 3123 2841 δέον,
3148 2776 3230 2829 ὅτι
3263 2778 3294 2843 ἡ
3330 2775 3574 2844 εὐθυμία
3600 2774 3810 2844 διττή·ή

2212 2860 2221 2870 ’
2263 2872 2366 2943 μέν
2418 2887 2503 2934 τις
2553 2868 2784 2939 αἰσθητὴ
2837 2870 2929 2921 καὶ
2974 2866 3339 2937 πρόσκαιρος,
3381 2868 3415 2936 ἡ
3445 2866 3506 2919 δὲ
3562 2865 3715 2936 νοητὴ
3739 2866 3813 2915 καὶ

2258 2960 2473 3024 αἰώνιος
2494 2977 2507 2991 ·
2536 2960 2678 3030 καὶὴ
2705 2959 2884 3029 θλίψις
2914 2958 3198 3022 ὡσαύτως·
3219 2957 3521 3029 τοιγαροῦν
3548 2956 3811 3027 εὐθυμούσι

2260 3054 2367 3123 μέν
2397 3051 2491 3106 καὶ
2540 3051 2762 3116 δίκαιοι,
2796 3050 2869 3115 ὼς
2903 3051 2931 3104 6
2978 3050 3259 3122 Ἀϐραάμ·
3293 3050 3597 3121 εὐθυμοῦσι
3646 3050 3699 3104 δὲ
3736 3048 3811 3101 καὶ

2256 3145 2450 3207 ἄδικοι,
2482 3143 2558 3206 ὡς
2605 3144 2656 3198 οί
2703 3141 2840 3215 [εοιί.
2881 3141 3019 3214 ὅσοι]
3059 3142 3202 3196 κατὰ
3246 3141 3340 3197 τὸν
3385 3141 3631 3211 Φαραώ·
3680 3139 3810 3192 πάλιν

2260 3237 2519 3292 ἀνιῶνται
2562 3237 2783 3301 δίκαιοι,
2848 3234 2923 3299 ὡς
2980 3236 3009 3288 6
3050 3233 3242 3287 Ἰακὼϐ
3296 3232 3520 3304 φεύγων
3547 3234 3634 3288 τὸν
3671 3231 3809 3287 Ἠσαῦ

2223 3330 2355 3384 κκαὶ
2439 3328 2683 3401 θητεύων
2755 3328 2912 3400 παρά
2970 3326 3051 3398 τῷ
3105 3326 3313 3381 Λάϐαν·
3358 3326 3528 3382 πάλιν
3588 3325 3809 3380 ἀνιῶνται

2258 3426 2354 3479 καὶ
2391 3426 2567 3480 ἄδικοι
2587 3424 2661 3489 ὡς
2687 3425 2715 3477 6
2754 3423 3004 3495 ’Δμαλὴκ
3037 3423 3133 3477 καὶ
3158 3422 3482 3492 Αἰγύπτιοι·
3529 3423 3633 3476 ίδού
3660 3421 3808 3473 τοίνυν

2259 3520 2389 3590 περὶ
2446 3519 2504 3572 ἓν
2540 3520 2636 3572 καὶ
2686 3517 2749 3571 τδ
2778 3518 2910 3571 αὐτὸ
2941 3513 3072 3588 ἦθος
3119 3518 3213 3569 τοῦ
3253 3516 3487 3579 δικαίου,
3522 3514 3693 3583 θλίψις
3735 3512 3807 3563 καὶ

2259 3609 2468 3681 ἀθυμία
2493 3626 2506 3639 ·
2540 3609 2632 3666 καὶ
2657 3610 2785 3680 περὶ
2816 3609 2946 3680 μίαν
2978 3611 3074 3663 καὶ
3104 3610 3203 3679 τὴν
3233 3608 3407 3679 αὐτὴν
3460 3608 3577 3675 ἕξιν
3602 3606 3689 3660 τοῦ
3713 3604 3807 3657 ἀδί-

2260 3720 2379 3768 κου,
2414 3702 2594 3772 θλίψις
2645 3719 2703 3755 τε
2757 3702 2853 3756 καὶ
2914 3700 3155 3770 ἀθυμία·
3188 3703 3307 3771 ἐρεῖ
3352 3717 3437 3764 τις
3483 3700 3647 3761 ἴσως·
3676 3696 3802 3761 Titii

2259 3797 2513 3865 ἀνισότης
2532 3795 2625 3847 ἐπὶ
2656 3794 2811 3858 ἴσοις,
2848 3795 2941 3847 καὶ
2970 3793 3167 3860 πόθεν;
3196 3792 3335 3848 Οὐδέ
3360 3792 3469 3862 γὰρ
3496 3791 3625 3860 περὶ
3650 3788 3702 3841 τὸ
3720 3786 3805 3855 πῦρ

2263 3889 2473 3961 κρυμὸς
2535 3888 2629 3941 καὶ
2679 3885 2883 3949 καῦσος
2916 3885 3253 3956 καθορᾶται·
3301 3887 3447 3955 φημὶ
3479 3882 3668 3951 κάγώ·
3698 3878 3803 3931 Οὐδὲ

2259 3984 2368 4054 γὰρ
2403 3982 2463 4034 τὸ
2489 3980 2693 4034 δίκαιον
2714 3980 2827 4032 ἴσον
2846 3980 2939 4033 καὶ
2967 3977 3171 4031 ἄνισον⁹
3204 3976 3340 4031 ἀλλά
3370 3978 3497 4047 περὶ
3525 3976 3593 4029 τὰ
3618 3970 3804 4027 δεκτικά

2262 4074 2608 4140 δικαιοσύνης
2643 4073 2736 4126 καὶ
2769 4072 3004 4137 ἀδικίας,
3048 4070 3228 4140 θλίψις
3264 4070 3359 4123 καὶ
3395 4069 3653 4140 θυμηδία.

2332 4163 2427 4237 ρε’.
2472 4165 2689 4236 Ἐπειδὴ
2730 4162 2786 4217 δὲ
2849 4165 3063 4234 εἴρηται
3087 4164 3168 4215 ὅτι
3215 4162 3249 4233 ἠ
3283 4161 3483 4230 θλίψις,
3526 4162 3641 4232 ητοι
3671 4158 3804 4225 πρόσ-

2259 4274 2453 4328 καιρος
2511 4257 2607 4311 καὶ
2667 4255 3045 4327 εὐφορωτάτη,
3085 4255 3202 4325 ἦτοι
3246 4253 3465 4316 αἰώνιος
3496 4254 3590 4306 καὶ
3616 4254 3803 4319 ἀφορω·

2256 4348 2431 4418 τάτη·
2471 4348 2565 4400 καὶ
2607 4346 2639 4416 ή
2678 4343 3007 4415 εὐφροσύνη,
3052 4345 3172 4413 ἤτοι
3208 4343 3550 4413 πρόσκαιρος
3579 4341 3670 4393 καὶ
3698 4336 3805 4408 βρα-

2257 4439 2552 4511 χυτερπὴς,
2581 4438 2700 4509 ἦτοι
2733 4436 2952 4500 αἰώνιος
2996 4436 3091 4489 καὶ
3138 4434 3555 4505 μεγαλοτερπής
3582 4449 3596 4463 ·
3620 4434 3646 4485 6
3674 4428 3803 4499 φιλόο

574 4505 881 4561 auimarum
917 4521 1226 4567 nostrarum
1280 4526 1490 4572 amator
1544 4519 1828 4588 Dominus,
1863 4523 2022 4594 cujus
2058 4526 2153 4581 be-

2256 4505 2424 4604 tj‘iuxo';
2478 4505 2704 4601 képtog,
2752 4528 2848 4582 καὶ
2900 4520 2960 4581 οὐ
3011 4527 3069 4580 αἱ
3129 4526 3328 4597 δωρεαὶ
3375 4525 3672 4597 ἀπόρρητοι
3728 4518 3804 4571 καὶ

572 4596 765 4655 nelicia
796 4613 992 4653 arcana
1041 4612 1169 4657 sunt
1197 4614 1251 4659 et
1283 4619 1561 4677 perpetua,
1594 4612 1901 4669 alternatim
1930 4632 2028 4686 pro
2053 4632 2153 4675 sua

2256 4596 2437 4690 ἀΐδιοι,
2463 4596 2690 4690 ἐναλλὰξ
2718 4624 2775 4676 ἐν
2811 4620 2974 4692 σοφίᾳ
2994 4619 3164 4682 τιθεὶς
3196 4619 3402 4672 ἕκαστα
3430 4596 3654 4679 τούτων,
3680 4610 3803 4680 napi

570 4688 839 4758 sapientia
889 4689 1103 4760 singula
1149 4696 1415 4764 praebens,
1461 4715 1559 4770 pro
1608 4707 1890 4774 temporali
1936 4708 2153 4779 quidem

572 4782 776 4853 gaudio
832 4791 1096 4840 :cternum
1140 4789 1423 4859 dolorem,
1472 4810 1572 4865 pro
1624 4798 1911 4867 temporali
1970 4808 2150 4855 autem

569 4877 758 4931 dolore
792 4887 1054 4935 :sternum
1091 4883 1374 4952 gaudium,
1404 4888 1686 4959 deceptum
1723 4891 2153 4962 voluptateAda-

570 4985 720 5024 mum
754 4986 862 5025 non
892 4972 1153 5028 dubitavit
1197 4991 1227 5029 a
1276 4979 1471 5047 gaudio
1495 4981 1546 5035 in
1580 4984 1833 5052 gaudium
1859 4987 2147 5054 deducere;

570 5072 624 5116 et
665 5078 695 5117 a
744 5063 928 5119 dolore
983 5067 1035 5120 in
1092 5067 1333 5123 dolorem
1388 5074 1691 5143 propellere
1723 5074 1975 5132 Cainum.
2036 5078 2148 5136 Hoc

570 5162 672 5219 est,
703 5155 845 5223 quod
880 5156 1129 5215 barbaris
1169 5164 1576 5231 perplexitatem
1630 5175 1799 5233 creat,
1834 5180 2146 5239 propterea-

571 5260 677 5315 que
713 5246 780 5300 ad
830 5248 1149 5318 insipienter
1198 5253 1532 5324 loquendum
1571 5257 1822 5329 impellit.
1857 5260 1969 5331 Age
2019 5278 2147 5317 vero

569 5341 712 5409 quod
740 5341 1034 5397 Christiani
1065 5346 1173 5400 sint
1202 5348 1463 5419 religiosi,
1490 5366 1834 5422 nequaquam
1876 5370 1905 5409 a
1948 5355 2145 5411 barba-

570 5435 647 5490 ris
678 5434 999 5491 discendum
1033 5448 1149 5495 est:
1178 5443 1468 5499 mendaces
1497 5446 1641 5501 enim
1687 5448 1779 5501 lilii
1827 5449 2141 5504 hominum:

568 5537 623 5581 ct
679 5530 857 5584 omnis
899 5530 1064 5586 homo
1108 5536 1382 5590 mendax:
1424 5537 1519 5593 sed
1565 5539 1634 5595 ab
1682 5541 1867 5597 innata
1919 5544 2149 5600 veritate

571 5621 665 5690 qui
697 5630 781 5676 est
818 5622 1097 5691 Christus,
1129 5637 1182 5682 et
1224 5644 1254 5684 a
1302 5629 1511 5701 Spiritu
1541 5634 1782 5690 veritatis
1809 5638 1902 5707 qui
1931 5653 1960 5692 a
1993 5637 2151 5694 Patre

570 5715 838 5785 procedit,
872 5718 1074 5787 quique
1108 5721 1211 5777 sub
1246 5724 1362 5794 lege
1392 5724 1687 5795 prophetas
1735 5730 2148 5800 alloquebatur;

574 5809 629 5857 et
663 5804 732 5862 ab
779 5806 897 5876 ipsa
946 5808 1185 5884 denique
1237 5812 1552 5885 perficiente
1585 5833 1703 5875 .nos
1752 5822 1944 5891 gratia.
1997 5824 2152 5890 Quod

2259 4717 2360 4788 μὲν
2396 4716 2496 4787 τὴν
2537 4715 2873 4787 πρόσκαιρον
2936 4712 3140 4783 χαρὰν,
3199 4708 3298 4781 τὴν
3346 4708 3564 4763 αίὼνιον
3616 4703 3799 4772 θλίψιν·

2254 4810 2407 4879 παρά
2435 4809 2490 4862 δέ
2515 4807 2613 4879 τὴν
2660 4807 2998 4878 πρόσκαιρον
3021 4802 3223 4873 θλίψιν,
3255 4802 3355 4872 τὴν
3380 4799 3597 4854 αἰώνιον
3627 4798 3800 4866 εὐφρο-

2258 4903 2423 4973 σύνην
2450 4918 2464 4933 ·
2493 4901 2581 4955 διά
2607 4902 2707 4972 τὴν
2738 4899 3102 4969 ἀπατήσασαν
3156 4896 3249 4951 τὸν
3280 4896 3457 4965 Ἀδὰμ
3505 4892 3689 4963 ἡδονὴν
3721 4888 3802 4941 οὐκ

2256 4997 2525 5067 ἠπόρησε,
2564 4994 2660 5048 καὶ
2715 4993 2784 5047 δι’
2816 4991 3150 5062 εὐφροσύνης
3198 4990 3278 5051 είς
3323 4987 3658 5059 εὐφροσύνην
3702 4979 3803 5033 1:06-

2254 5090 2457 5159 ηγῆσαι
2478 5104 2493 5123 ·
2518 5086 2612 5140 καὶ
2655 5086 2761 5140 ἀπὸ
2792 5085 3020 5153 θλίψεως
3041 5086 3118 5146 είς
3151 5081 3331 5151 θλίψιν
3354 5078 3709 5150 παραπέμψαι
3737 5073 3801 5134 εἰς

2251 5181 2341 5233 τὸν
2372 5179 2543 5231 Κάῖν·
2576 5177 2670 5230 καὶ
2718 5176 2879 5231 τοῦτο
2921 5179 2981 5228 τὸ
3043 5172 3230 5227 ποιοῦν
3272 5174 3385 5234 τοῖς
3415 5171 3703 5243 βαρϐάροις
3721 5165 3801 5231 τὴν

2253 5272 2519 5341 ἀπορίαν·
2557 5271 2652 5323 καὶ
2685 5268 2775 5322 διὰ
2806 5267 2965 5320 τοῦτο
2986 5266 3195 5334 ἀλόγως
3230 5263 3622 5333 ἀποφαίνεσθαι
3648 5273 3800 5325 παρα·

2254 5364 2538 5429 σκευάζον.
2574 5364 2694 5416 ’Ότι
2743 5362 2840 5432 μέν
2886 5356 2978 5413 οὖν
3010 5358 3283 5421 θεοσεϐεῖς
3318 5360 3364 5411 οἱ
3397 5352 3720 5427 Χριστιανοὶ,
3750 5346 3798 5398 οὗ

2252 5459 2377 5522 τοὺς
2407 5455 2718 5527 βαρϐάρους
2746 5453 3079 5525 ὲρωτητέον·
3116 5451 3334 5521 ψευδεῖς
3364 5449 3473 5518 γὰρ
3509 5451 3555 5502 oi
3583 5445 3685 5498 uici
3711 5440 3798 5493 τῶν

2254 5548 2559 5621 ἀνθρώπων
2582 5564 2595 5577 ·
2638 5546 2773 5600 ἀλλά
2812 5548 2906 5599 καὶ
2958 5547 3065 5608 πᾶς
3097 5544 3382 5616 ἄνθρωπος
3422 5541 3687 5611 ψεύστης·
3715 5532 3797 5600 τὴν

2251 5642 2308 5696 δὲ
2351 5640 2747 5711 αὐτοαληθειαν
2796 5640 2855 5701 ὃς
2890 5639 3005 5691 ἐστι
3050 5636 3303 5707 Χριστὸς,
3339 5637 3434 5689 καὶ
3486 5635 3548 5688 τὸ
3598 5627 3797 5695 Πνεῦμα

2252 5732 2353 5801 τῆς
2380 5729 2641 5802 ἀληθείας
2674 5729 2702 5782 ὃ
2732 5729 2884 5800 παρά
2913 5729 3008 5782 τοῦ
3037 5729 3249 5800 Πατρδς
3276 5728 3643 5800 ἐκπορεύεται,
3673 5722 3725 5775 τὸ
3747 5719 3794 5770 ἐν

2260 5826 2410 5898 νόμῳ
2456 5824 2551 5879 καὶ
2600 5822 2910 5894 προφήταις
2960 5820 3226 5893 λαλῆσαν,
3263 5822 3375 5896 ,καὶ
3409 5825 3510 5895 τὴν
3542 5818 3691 5892 χάριν
3718 5827 3793 5865 τε-
