3978 6578
237 384 352 452 805

1412 382 1857 447 REFUTATIO
1890 382 2371 449 MOHAMEDIS.

3398 400 3506 463 806

230 495 464 553 λειῶσαν
486 511 501 528 ⁸
535 496 616 553 ὅτι
661 498 718 553 δὲ
766 499 965 557 ἐκεῖνοι
992 501 1233 568 ἀσεϐεῖς,
1259 501 1360 575 ήδη
1389 503 1683 569 δέδεικται,
1713 503 1810 558 καὶ

1924 517 2052 559 vero
2104 502 2340 575 Agareni
2375 501 2486 559 sint
2534 501 2709 575 impii,
2754 504 2867 576 jam
2912 506 3343 566 demonstratum
3378 513 3505 568 fuit.

228 590 529 660 δείκνυται,
550 592 646 646 καὶ
660 592 1030 665 δειχθήσεται.
1048 595 1190 648 Ἀλλ’
1210 596 1293 649 ὅτι
1320 596 1415 649 καὶ⁵
1433 598 1465 669 ἡ
1474 596 1589 667 μῶν
1610 595 1811 661 αὐτῶν,

228 684 283 736 οἱ
321 683 421 754 μὲν
445 683 758 755 εὖχρηστοι,
816 687 865 739 ol
910 686 968 740 δὲ
1001 688 1299 759 ἄχρηστοι,
1341 690 1502 760 ἡμεῖς
1534 690 1688 744 αὐτοὶ
1719 690 1814 745 καὶ

228 776 451 847 δρῶμεν
480 778 639 832 τοῦτο
684 780 778 834 καὶ
809 781 1183 853 ὁμολογοῦμεν
1206 800 1219 814 ’
1262 784 1366 839 ὑπὸ
1402 784 1537 853 γοῦν
1586 786 1687 856 τῆς
1719 785 1813 842 τοῦ

228 868 371 922 Θεοῦ
400 870 592 939 σοφίας
626 871 721 924 καὶ
745 873 1081 944 ἀγαθότητος
1111 876 1221 929 τῶν
1257 876 1378 931 καθ’
1403 879 1553 949 ἡμᾶς
1578 878 1812 933 διοικου-

232 962 416 1032 μένων
449 964 531 1027 (οὐ
573 965 681 1035 γὰρ
721 967 893 1038 δήπου
949 968 1016 1021 δι’
1054 970 1201 1039 ἡμᾶς
1245 970 1527 1044 ἀφῄρηται
1567 972 1627 1027 τὸ
1672 970 1814 1028 εἶναι

228 1054 441 1121 ἀγαθὸς
471 1056 564 1109 καὶ
598 1059 760 1127 σοφὸς
791 1059 887 1112 καὶ
917 1060 1123 1125 δίκαιος
1157 1063 1251 1115 καὶ
1283 1063 1507 1129 δυνατὸς
1533 1065 1613 1135 τῷ
1645 1066 1810 1138 λόγῳ,

229 1146 311 1208 ὼς
367 1148 706 1219 εἰρήκαμεν
757 1150 918 1204 τοῦτο
972 1153 1079 1225 γὰρ
1123 1156 1272 1209 πᾶσα
1312 1156 1346 1226 ἡ
1395 1155 1516 1211 θεία
1571 1158 1814 1214 διδάσκει

230 1240 485 1311 Ι¹ραφή>ο
518 1241 636 1305 πῶς
670 1241 762 1297 οῦν
798 1246 847 1297 οἱ
891 1246 1160 1314 ἄγνωστοι
1192 1249 1285 1302 καὶ
1309 1249 1595 1321 βάρϐαροι,
1623 1252 1681 1306 ἓν
1713 1255 1816 1324 τῆς

228 1331 553 1405 διαιρέσεως
606 1336 763 1404 μόλις
828 1338 1227 1405 καταλαϐόντες
1278 1347 1473 1415 κρῖμα,
1512 1346 1608 1403 καὶ
1657 1347 1816 1403 τοῦτο

230 1426 569 1493 παναθλίως,
606 1430 686 1492 εἰς
729 1429 891 1483 τοῦτο
917 1432 1016 1502 τὴν
1055 1433 1205 1488 θείαν
1237 1436 1466 1507 ἀμαθῶς
1500 1442 1816 1513 περιορίσαι

227 1521 558 1590 δυνήσονται
622 1521 837 1590 σοφίαν,
862 1524 938 1586 ὡς
972 1525 1128 1579 οὐδὲν
1167 1527 1329 1583 πλέον
1373 1530 1693 1603 Ἀγαρηνῶν
1718 1532 1814 1586 τοῦ

229 1610 371 1663 Θεοῦ
412 1611 752 1679 ὲγνωκότος;
786 1614 849 1667 El
896 1613 988 1668 οῦν
1050 1614 1322 1681 θεοσεϐεῖς
1375 1622 1424 1672 oi
1474 1622 1814 1693 Χριστιανοὶ,

229 1703 442 1757 τούτων
470 1704 526 1757 δὲ
558 1705 607 1757 οἱ
645 1705 745 1774 μὲν
789 1705 1101 1778 εῦχρηστοι,
1141 1710 1190 1761 οί
1212 1710 1267 1762 δὲ
1289 1710 1575 1783 ἄχρηστοι,
1599 1714 1734 1769 Θεοῦ
1761 1718 1819 1770 δὲ

229 1794 561 1864 ἀμφοτέρων
625 1795 1030 1867 προμηθεῖσθαι
1079 1799 1178 1870 τὴν
1221 1802 1520 1872 σωτηρίαν,
1561 1805 1664 1860 οὐκ
1702 1807 1810 1880 ἄρα

1921 603 1976 649 et
2014 594 2441 662 demonstratur,
2494 610 2557 651 ac
2588 596 3071 654 demoustrabitur.
3116 598 3504 661 Verumtamen

1920 689 2065 759 quod
2101 696 2153 744 et
2184 705 2283 744 nos
2314 690 2511 760 partim
2547 688 2691 761 frugi
2724 690 2918 757 simus,
2952 693 3144 762 partim
3190 710 3370 763 secus,
3406 714 3505 752 nos

1919 780 2023 851 ipsi
2068 788 2122 836 et
2172 780 2448 837 cernimus
2495 790 2549 835 et
2600 782 2949 837 confitemur.
2986 784 3121 837 Cum
3167 798 3297 855 ergo
3346 801 3376 839 a
3412 778 3504 841 De'l

1918 872 2181 942 sapientia
2238 883 2291 928 et
2340 873 2583 927 bonitate
2637 889 2724 929 res
2774 884 2978 929 nostrae
3025 876 3500 942 administrentur,

1918 967 2064 1023 haud
2100 976 2244 1024 certe
2290 968 2462 1022 nostri
2514 982 2681 1024 causa
2720 967 2919 1023 desinit
2946 983 3068 1024 esse
3102 969 3277 1024 bonus
3307 979 3361 1025 et
3411 985 3502 1025 sa-

1916 1060 2072 1130 piens
2115 1074 2179 1114 ac
2217 1059 2424 1129 justus,
2458 1068 2518 1114 ut
2558 1061 2671 1130 jam
2715 1060 2987 1127 diximus;
3024 1062 3126 1116 hoc
3172 1062 3317 1117 enim
3382 1063 3505 1116 uni~

1916 1167 2071 1206 versa
2116 1154 2283 1207 tradit
2331 1152 2513 1206 divina
2547 1151 2849 1221 Scriptura.
2906 1152 3191 1219 Quomodo
3243 1169 3373 1225 ergo
3412 1153 3506 1210 Isti

1920 1243 2094 1315 ignari
2130 1258 2192 1297 ac
2233 1243 2473 1310 barbari,
2502 1258 2612 1298 uno
2650 1244 2997 1299 discernendi
3038 1245 3266 1314 judicio,
3301 1255 3354 1301 et
3380 1247 3505 1317 qui-

1917 1337 2041 1392 dem
2094 1320 2383 1391 infeliciter
2431 1335 2667 1404 prmditi.
2697 1335 2833 1390 adeo
2873 1335 3115 1391 divinam
3168 1337 3365 1394 inscite
3392 1340 3503 1394 cir-

1918 1428 2288 1485 cumscrihere
2343 1426 2666 1497 sapientiam
2717 1434 2993 1496 poterunt,
3040 1435 3098 1482 ut
3144 1428 3318 1484 nihilo
3377 1430 3504 1501 plus

1920 1536 2081 1593 quam
2136 1518 2373 1589 Agareni
2424 1518 2568 1573 Deus
2608 1516 2790 1572 sciat?
2825 1515 2881 1571 Si
2912 1532 3042 1588 ergo
3074 1518 3313 1588 religiosi
3345 1520 3508 1574 Chri-

1920 1612 2085 1669 stiani
2138 1619 2309 1676 sunt;
2346 1610 2543 1664 horum
2594 1618 2777 1663 autem
2827 1608 2919 1663 alii
2974 1608 3138 1680 frugi,
3172 1610 3265 1664 alii
3314 1625 3508 1675 secus;

1923 1705 2013 1760 Dei
2071 1717 2200 1758 vero
2251 1701 2488 1757 oliicium
2537 1710 2622 1757 cst
2680 1712 3043 1772 utrorumque
3098 1702 3265 1757 saluti
3305 1718 3511 1758 consu-

1920 1795 2066 1861 lere;
2099 1793 2242 1848 haud
2290 1794 2542 1863 equidem
2596 1802 2857 1864 tauquam
2912 1796 3106 1850 atbeus
3144 1811 3247 1851 nos
3299 1797 3511 1866 dcprze-

227 1885 309 1948 ὼς
358 1883 557 1947 ἀθέους
601 1886 749 1957 ᾐμᾶς
804 1866 1248 1958 καταληῖζονται,
1296 1866 1412 1944 ἀλλ’
1441 1866 1516 1956 ὡς
1546 1894 1651 1947 ὑπὸ
1674 1866 1809 1950 Θεόῦ

1924 1889 2134 1952 dantur,
2183 1887 2276 1943 sed
2332 1898 2388 1942 ut
2441 1902 2470 1940 a
2521 1887 2631 1942 Deo
2680 1898 2900 1958 propter
2953 1889 3515 1957 contumaciam-cor_

228 1978 657 2049 παιδευομένους
710 1979 1149 2051 ἀφηνιάζοντας,
1230 1984 1326 2037 καὶ
1386 1985 1811 2058 στηριζομένους

228 2069 620 2139 ἐκλυομένους,
662 2070 755 2123 καὶ
795 2070 1257 2143 συστελλομένους
1307 2075 1809 2148 ὑπερφρονοῦντας,

227 2160 328 2213 καὶ⁸
390 2161 783 2233 ἐλεγχομένους
834 2165 901 2235 τῇ
956 2164 1329 2238 ἀκαταλήπτῳ
1381 2170 1549 2224 αὑτοῦ
1598 2174 1812 2228 συνέσει

228 2253 497 2318 ποικίλως
521 2272 581 2308 τε
627 2256 721 2309 καὶ
767 2256 1147 2328 πολυτρόπως.
1195 2261 1316 2314 Οὐδ’
1346 2258 1412 2317 αῦ
1440 2264 1603 2319 πάλιν
1629 2266 1814 2321 θεοσε-

228 2348 351 2410 ϐεῖς
378 2350 576 2401 ἐκεῖνοι
634 2349 1000 2416 εὐπαθοῦντες
1052 2352 1403 2427 πρόσκαιραο
1460 2358 1542 2412 ὅτι
1581 2360 1715 2431 μηδὲ
1764 2362 1814 2414 οί

229 2440 530 2508 Αἰγύπτιοι
554 2439 828 2507 θεοσεϐεῖς
860 2444 1014 2508 ὄντες
1045 2448 1170 2510 τοὺς
1195 2450 1470 2519 χρηστοὺς
1505 2452 1816 2508 ἐδουλοῦντο

232 2534 447 2606 Κυρίου
468 2550 481 2564 ⁸
514 2535 575 2589 οὐ
610 2537 719 2606 γάρ
747 2535 881 2590 διότι
903 2537 1120 2609 ἀληθῶς
1148 2558 1230 2605 τις
1250 2542 1387 2614 ὲρεῖ,
1420 2543 1524 2615 τὴν
1555 2546 1618 2600 ὲκ
1648 2547 1814 2601 τόπου

232 2632 318 2692 εἰς
341 2631 507 2684 τόπον
544 2630 844 2702 μετάϐασιν
875 2633 1089 2705 κίνησιν
1116 2631 1277 2701 εἶναι,
1305 2639 1399 2692 καὶ
1422 2638 1504 2692 ὅτι
1538 2640 1638 2693 οὐκ
1671 2640 1818 2696 ἔστιν

231 2722 376 2795 ἄλλη
402 2722 638 2795 κίνησις,
659 2725 1113 2796 πιστευθήσεται·
1137 2725 1310 2795 λέγων
1327 2729 1436 2801 γὰρ
1455 2729 1553 2793 τὰς
1578 2731 1815 2797 πλείους,

231 2815 341 2884 τῆς
380 2818 505 2886 μιᾶς
537 2815 970 2884 παραλέλοιπεν·
1008 2818 1115 2872 οὐδ’
1153 2820 1235 2873 ὅτι
1265 2820 1329 2892 δή
1355 2820 1447 2875 οὖν
1492 2824 1585 2876 καὶ
1621 2824 1819 2878 δίκαιοι

231 2905 457 2961 ἀσεϐῶν
487 2908 931 2979 κατεκράτησαν,
964 2909 1039 2973 ὡς
1072 2910 1293 2984 Ἰσραὴλ
1315 2913 1416 2985 τὴν
1450 2917 1556 2986 γῆν
1574 2916 1818 2985 Χαναὰν,

232 2999 338 3053 καὶ
368 2999 525 3071 ήμῶν
556 2994 701 3055 οὗτοι
737 3000 813 3065 ὥς
843 3003 1041 3056 ἐκεῖνοι
1073 3008 1295 3077 κρατεῖν
1320 3006 1573 3075 λέγοντες
1602 3028 1820 3064 πιστευ-

235 3091 523 3163 θήσονται.
555 3092 828 3165 Εὕρηνται
861 3094 970 3165 γάρ
1008 3096 1105 3150 καὶ
1138 3096 1353 3162 ἀσεϐεῖς
1391 3100 1633 3175 εὐσεϐῶν
1662 3102 1822 3174 χαλε-

1912 1990 2121 2050 reptas,
2152 1986 2207 2034 et
2261 1988 2485 2049 propter
2526 1977 2781 2034 fiduciam
2835 1980 3166 2048 infirmatus,
3201 1990 3255 2036 et
3307 1982 3379 2037 ob
3411 1998 3514 2037 su—

1913 2076 2157 2147 perbiam
2215 2073 2508 2140 cnhibitos,
2568 2073 2716 2128 etab
2777 2073 3323 2144 incomprehensibili
3392 2074 3511 2143 ejus

1917 2168 2187 2238 sapientia
2234 2167 2384 2222 varie
2442 2181 2506 2221 ac
2558 2165 2913 2220 multifariam
2956 2167 3272 2237 castigatos.
3328 2165 3514 2236 Neque

1916 2253 2120 2312 idcirco
2180 2256 2253 2327 pii
2305 2262 2433 2310 sunt
2486 2257 2579 2327 qui
2634 2271 2899 2326 prospere
2954 2265 3163 2325 agunt;
3226 2272 3352 2311 nam
3414 2272 3515 2311 nec

1918 2350 2160 2422 Egyptii
2200 2349 2271 2419 pii
2306 2357 2483 2415 erant,
2524 2350 2616 2419 qui
2652 2356 2831 2403 tamen
2866 2349 3042 2404 bonos
3093 2348 3310 2404 Domini
3336 2346 3514 2403 famu-

1916 2445 1998 2501 los
2047 2444 2179 2515 jugo
2233 2444 2513 2498 servitutis
2554 2443 2897 2513 premebant.
2955 2440 3141 2513 Neque
3195 2442 3340 2497 enim
3384 2441 3510 2512 quia

1919 2535 2117 2605 aliquis
2178 2533 2443 2588 veraciter
2498 2534 2661 2598 dicet,
2716 2532 3095 2602 migrationem
3156 2532 3223 2586 de
3282 2532 3402 2587 loeo
3456 2532 3511 2585 in

1919 2630 2067 2693 loco,
2128 2638 2336 2682 motum
2374 2641 2516 2691 esse,
2551 2626 2755 2681 idcirco
2790 2626 3044 2681 credetur
3073 2625 3120 2681 ei
3152 2625 3355 2681 dicenti
3390 2624 3513 2678 nul-

1921 2722 2034 2777 lum
2083 2720 2229 2774 aliud
2268 2729 2450 2774 motus
2484 2733 2657 2789 genus
2691 2733 2851 2773 esse:
2887 2735 3011 2771 nam
3063 2717 3211 2772 dicto
3252 2732 3383 2781 uno,
3424 2730 3514 2768 re-

1921 2814 2066 2885 liqua
2087 2813 2267 2868 omnia
2289 2828 2485 2883 genera
2518 2812 2726 2867 omisit.
2764 2810 2874 2867 Nec
2899 2811 3029 2881 quia
3052 2811 3188 2882 justi
3216 2808 3513 2880 aliquando

1922 2905 2105 2975 impiis
2162 2904 2318 2974 potiti
2372 2912 2521 2970 sunt,
2578 2905 2748 2959 veluti
2810 2903 2975 2959 Israel
3027 2913 3171 2958 terra
3227 2903 3511 2968 Chanaan,

1923 2997 2128 3053 idcirco
2172 2996 2228 3050 hi
2290 2997 2522 3066 Agareni
2562 2998 2755 3051 eodem
2788 2998 2953 3051 modo
2986 2995 3141 3050 nobis
3170 3010 3229 3049 se
3261 3009 3383 3049 esse
3419 3010 3514 3063 pu-

1925 3091 2054 3145 titos
2105 3088 2530 3160 persuadebunt.
2576 3088 2918 3144 Exsliterunt
2951 3089 3094 3143 cnim
3132 3087 3282 3157 impii
3322 3085 3511 3150 etiam,

234 3183 490 3256 πῶτερον
513 3190 1094 3259 κατακεκρατηκότες·
1139 3192 1233 3244 καὶ
1259 3192 1471 3263 μάρτυς
1498 3195 1527 3248 ὁ
1549 3195 1782 3250 Ψάλλων
1800 3212 1817 3229 ο

1925 3185 2019 3255 qui
2073 3183 2178 3254 piis
2228 3182 2470 3237 atrocius
2527 3182 2683 3251 potiti
2735 3181 2906 3237 fuere.
2949 3180 3126 3236 Testis
3182 3179 3510 3234 Psalmista:

242 3273 316 3327 '0
347 3273 513 3340 Θεὸς,
534 3273 813 3344 ἤλθοσαν
834 3277 978 3345 ἔθνη
1004 3281 1091 3344 εις
1115 3278 1231 3347 τὴν
1245 3283 1658 3351 κληρονομίαν
1680 3300 1819 3351 σου,

233 3367 499 3445 ἐμίαναν
553 3368 664 3422 τὸν
714 3371 867 3424 ναὸν
912 3370 1021 3424 τὸν
1072 3370 1244 3441 ἅγιόν
1273 3385 1424 3427 σου·
1461 3374 1561 3428 οὐκ
1605 3376 1711 3449 ἀρα
1748 3376 1823 3441 ὠς

235 3460 432 3524 κακῶς
455 3460 557 3529 τὴν
583 3462 714 3531 περὶ
746 3464 806 3516 τδ
862 3465 1016 3518 Θεῖον
1051 3464 1209 3531 δόξαν
1262 3466 1485 3537 ἔχοντας
1517 3470 1643 3534 τοὺς
1683 3471 1822 3541 Χρι-

238 3552 494 3613 στιανοὺς
525 3550 625 3622 τὴν
659 3552 865 3606 τούτων
923 3553 1109 3626 χώραν
1161 3556 1290 3610 ποτὲ
1335 3559 1384 3610 οἱ
1424 3559 1486 3611 ἐκ
1512 3559 1611 3631 τῆς
1642 3560 1824 3631 ’Δγαρ

236 3640 689 3709 καταληῖζονται,
719 3644 814 3696 καὶ
849 3646 930 3710 είς
971 3648 1251 3719 προνομὴν
1280 3649 1493 3715 τούτοις
1525 3651 1820 3720 ὲκδέδοτοιι,

237 3734 382 3789 ἁλλά
412 3735 614 3805 μᾶλλον
639 3736 871 3808 τάληθὲς
909 3740 1107 3805 εἰπεῖν,
1154 3741 1228 3805 ὡς
1250 3744 1278 3796 ό
1316 3743 1415 3813 τῆς
1448 3744 1709 3814 ἀληθείας
1738 3746 1825 3800 λό-

237 3843 338 3894 γος
362 3828 729 3899 παρέστησεν,
753 3829 820 3884 δι’
851 3832 1125 3903 ἁμαρτίας
1160 3836 1608 3908 παιδευομένους.

315 3918 430 3992 ρς¹ο
461 3921 649 3976 Ταῦτα
682 3924 780 3994 μὲν
806 3924 900 3978 οὖν
928 3926 1087 3998 ἡμεῖς
1122 3930 1171 3982 οἱ
1201 3929 1449 3995 ἀσθενεῖς
1478 3931 1556 4003 τῷ
1594 3933 1825 4007 φιλαλή-

242 4015 326 4066 θει
355 4013 449 4066 καὶ
469 4013 824 4084 διελεγκτικῷ
853 4016 950 4069 τοῦ
981 4017 1209 4087 ψεύδους
1224 4020 1369 4091 λόγῳ
1402 4022 1680 4092 ἑπόμενοι,
1718 4026 1825 4079 οἱο-

243 4105 329 4173 νει
375 4104 700 4175 ῥαπίσματά
742 4123 884 4173 τινα,
938 4111 1080 4164 κατά
1109 4109 1201 4163 τοῦ
1246 4112 1631 4168 ἀναιδεστάτου
1656 4134 1825 4188 προσ-

242 4195 400 4248 ώπου
437 4194 532 4248 τοῦ
573 4194 913 4267 ψευδηγόρου
966 4198 1126 4269 λόγου
1166 4201 1417 4273 Μωάμετ
1459 4204 1821 4276 καθήκαμεν*

244 4283 326 4350 οἷς
360 4287 416 4341 δὲ
444 4288 645 4341 πλείων
679 4288 831 4359 ἰσχύς
857 4307 916 4342 τε
942 4293 1034 4344 καὶ
1071 4293 1353 4364 παρρησία
1377 4295 1515 4367 πρὸς
1531 4295 1629 4367 τὴν
1656 4296 1826 4363 ὅντως

246 4378 506 4450 ἀλήθειαν
560 4378 843 4448 πρόσεστι,
896 4382 1111 4447 τούτοις
1166 4385 1386 4450 πάντως
1418 4390 1446 4441 ὁ
1484 4390 1824 4462 ἀπαραλόγι-

247 4489 375 4537 στος
403 4472 698 4543 προστάξει
728 4472 885 4541 λόγος
916 4476 1132 4545 μάστιξι
1170 4476 1267 4530 καὶ
1288 4477 1547 4549 βασάνοις
1585 4485 1826 4552 προσφό-

1928 3277 1971 3332 0
2004 3276 2162 3343 Deus,
2198 3286 2445 3330 venerunt
2486 3284 2662 3345 gentes
2702 3275 2755 3328 in
2799 3274 3160 3329 Ita-redim'em
3191 3282 3360 3339 tuum,
3396 3272 3514 3341 pol-

1927 3370 2135 3423 luerunt
2177 3367 2427 3438 templum
2467 3375 2711 3421 sanctum
2746 3376 2894 3420 tuum
2924 3366 2990 3420 δ’.
3020 3364 3137 3420 Non
3168 3365 3382 3435 itaque,
3410 3379 3511 3419 ceu

1925 3461 1971 3516 si
2008 3475 2230 3530 pravam
2264 3460 2331 3514 de
2368 3458 2475 3513 Deo
2522 3458 2849 3513 sententiam
2896 3466 3142 3526 gererent
3188 3455 3510 3521 Christiani,

1926 3552 2122 3606 horum
2176 3550 2435 3605 ditionem
2486 3547 2720 3619 Agareni
2777 3548 3088 3614 devastant,
3146 3562 3319 3617 eaque
3368 3547 3513 3616 ipso-

1926 3659 2047 3699 rum
2101 3640 2392 3713 direptioni
2441 3640 2638 3696 tradita
2686 3650 2800 3705 est;
2850 3640 2943 3696 sed
2998 3648 3057 3693 ιιι
3121 3655 3283 3694 verus
3333 3652 3513 3694 sermo

1926 3735 2176 3802 aﬂirmal,
2208 3742 2431 3806 propter
2481 3745 2707 3803 peccata
2748 3749 2845 3789 sua
2898 3731 3293 3802 corripiuntur.

1998 3912 2122 3968 106.
2154 3909 2268 3967 Hos
2294 3910 2480 3981 igitur,
2513 3910 2715 3965 inﬁrmi
2756 3926 2856 3965 nos
2899 3925 3152 3965 sermone
3191 3909 3429 3978 ingenuo
3459 3918 3517 3966 et

1925 4006 2219 4062 falsitatem
2277 4012 2609 4072 coarguente
2660 4012 2894 4067 utentes,
2943 4003 3065 4066 hos,
3120 4003 3366 4073 inquam,
3411 4018 3513 4062 ceu

1927 4099 2191 4169 colaphos
2242 4097 2532 4167 quosdam,
2560 4097 3050 4167 impudentissimae
3087 4096 3243 4151 faciei
3279 4096 3513 4151 falsidici

1926 4188 2265 4244 Mobamedis
2318 4186 2637 4244 infliximus.
2687 4187 2791 4259 Qui
2838 4198 3019 4243 autem
3073 4187 3309 4257 majores
3369 4189 3515 4247 vires

1930 4282 2293 4351 fiduciamque
2316 4280 2623 4348 habuerint,
2646 4282 2712 4337 ad
2733 4282 2977 4336 veritatis
3000 4281 3329 4337 soliditatem
3359 4296 3513 4335 mon~

1929 4376 2233 4437 strandam,
2272 4375 2358 4430 his
2410 4373 2529 4429 sine
2584 4374 2752 4430 dubio
2806 4375 3008 4430 invicta
3061 4373 3328 4429 facundiae
3373 4375 3516 4431 ratio
3616 4402 3623 4407 -

1933 4463 2184 4520 suadebit
2219 4463 2537 4518 verberibus
2582 4464 2902 4536 idoneisqnc
2931 4464 3288 4526 cruciatibus,
3322 4463 3513 4521 Maha-

248 4582 384 4637 ροις,
405 4564 513 4616 τῶν
545 4564 694 4636 αὑτῷ
724 4566 1184 4638 δυσφημηθέντων
1202 4571 1597 4627 καθυποϐαλεῖν
1626 4573 1818 4640 ἀξίως·

1934 4556 2106 4611 medis
2149 4556 2512 4626 hlasphemias
2563 4558 2724 4628 digne
2770 4557 3077 4628 subjicere;
3107 4565 3383 4627 postremo
3420 4557 3514 4611 dc~

247 4659 344 4712 καὶ
408 4658 472 4711 τὸ
534 4657 842 4712 τελευταῖον
908 4661 1101 4723 πέδαις
1160 4660 1379 4726 ἀλύτοις
1427 4664 1520 4717 καὶ
1561 4668 1826 4739 φρουραῖς

247 4751 570 4822 ἁπροσίτοις
589 4753 1070 4820 συγκατακλεῖσαι,
1087 4756 1182 4808 καὶ
1199 4756 1459 4828 ἀφθόγγῳ
1474 4762 1597 4831 σιγῇ
1616 4761 1830 4814 καταδι-

250 4846 417 4898 κασαι
446 4860 458 4873 ·
482 4844 556 4908 ὡς
587 4844 652 4898 ἂν
676 4846 935 4917 πληρωθῇ
967 4847 1028 4899 τὸ
1053 4848 1364 4919 εἰρημένον,
1394 4850 1825 4922 ὄτιἙνεερράγη

249 4938 445 5007 στόμα
472 4938 827 4991 λαλούντων
858 4938 1052 4993 ἄδικα.

255 5029 434 5097 Tum;
473 5029 580 5084 τοῦ
619 5030 769 5085 κατὰ
832 5033 939 5087 τοῦ
976 5032 1320 5113 δυσσεϐοῦς
1366 5035 1616 5107 Μωάμετ
1656 5037 1826 5109 ἐλεγ-

922 5121 1149 5158 κτικου.

325 5305 371 5335 “
401 5306 543 5363 l’sa‘.
580 5324 805 5375 vavm,
844 5310 894 5364 1.
1009 5308 1053 5339 ⁸⁷
1079 5307 1226 5364 Psal.
1250 5322 1384 5374 un,
1415 5307 1506 5361 12.

1935 4648 2101 4719 uique
2147 4649 2378 4703 vinculis
2426 4649 2811 4705 insolubilibus
2858 4657 2911 4703 et
2966 4649 3250 4705 inaccesso
3293 4664 3517 4703 carcere

1936 4741 2210 4806 cohibere,
2244 4751 2504 4810 mutoque
2532 4742 2748 4797 silentio
2793 4742 3064 4797 addicere.
3099 4740 3252 4796 Tune
3279 4740 3421 4793 enim
3456 4739 3519 4791 ἰιει

1935 4832 2027 4888 lud
2058 4834 2265 4888 dictum
2295 4835 2656 4904 eomplebitur
2691 4854 2704 4893 :
2738 4834 3057 4891 Obstruetur
3105 4850 3159 4887 os
3194 4834 3515 4905 loquentium

1936 4930 2120 5000 iniqua
2152 4930 2216 4986 ".

2332 5023 2562 5094 Explicil
2603 5023 2751 5092 impii
2783 5022 3106 5076 Mahamedis

2578 5115 2890 5184 confutatfo.
