3978 6596
545 383 650 446 807

1756 392 2051 454 NICETIE
2091 395 2496 461 BYZANTINI

3647 428 3728 495 808

1612 525 1738 580 ΤΟΥ
1761 530 1988 583 ΑΥΤΟΥ
2020 533 2206 587 ΝΙΚΗ
2215 536 2298 588 TA
2333 536 2680 591 ΒΥΖΑΝΤΙΟ
2694 538 2738 590 Υ

690 632 963 697 Ἕκθεσις
989 636 1518 706 κατίιονκευαστικὴ
1542 641 1693 708 μετὰ
1724 641 2088 731 ἀποδείξεως
2116 644 2235 725 toi)~
2251 647 2676 731 Χριςιςιξινικοῦ
2707 649 3008 721 δόγματος
3037 653 3106 708 ἐκ
3128 653 3344 710 κοινῶν
3378 657 3625 731 ἐννοιῶν,

1766 711 1862 765 καὶ
1888 712 2272 785 διαλεκτικῆς
2295 711 2604 785 μεθόδουη

919 775 1015 827 καὶ
1049 777 1336 866 gummi»:
1363 779 1856 866 ἐπιχειρημάτων,
1888 782 2002 866 καί.
2021 775 2509 866 σςυλλοῇὀτικῇς
2549 775 2954 866 ἇῖολυςεχνίας
2991 797 3365 866 προαγομένη
3395 814 3410 828 ·

1174 849 1271 900 καὶ
1305 851 1657 933 ἀιοτωρησις
1690 851 1799 933 τῇς
1847 854 2186 933 σταλείσης
2212 849 2547 933 ῥπιοξζολῇς
2584 861 2651 933 ἐκ
2671 849 3165 933 τῶῖᾌγᾶρτίνῶιλ

1539 923 1713 1002 πρὸςῼ
1725 922 1968 1002 Malui};
1993 923 2262 1002 ,βασιλέα
2298 927 2434 979 υἱὸν
2459 922 2753 1002 Θεοφίλου

1414 988 1513 1042 ἐπὶ

1574 991 1826 1062 διαϐολῇ
1881 991 1992 1061 τῆς
2028 992 2148 1047 τῶν
2190 991 2587 1064 Χριστιανών’
2621 1004 2901 1069 πίστεως.

1491 1216 1893 1282 EIUSDEM
1936 1221 2286 1286 NICET/E
2332 1223 2819 1288 BYZANTINI

857 1335 1193 1414 Expositio
1245 1337 1738 1404 demonstrativa
1772 1344 2124 1427 Christiani
2148 1347 2483 1427 dogmatis,
2525 1366 2605 1408 ea:
2634 1347 3062 1409 communibus
3089 1350 3468 1426 notionibus,

1757 1433 1814 1483 et
1851 1425 2182 1486 dialectica

2211 1427 2524 1500 methodo,

1135 1515 1206 1556 ac
1236 1497 1633 1585 naturalibus
1663 1506 2088 1585 argumentis;
2114 1515 2170 1565 et
2190 1497 2573 1585 syllogistico
2612 1506 2883 1584 artiﬁcio
2933 1506 3220 1569 deducta.

1529 1581 1686 1664 Item
1717 1581 2018 1664 re[utat_i_o
2047 1581 2482 1662 Agarenorum
2503 1581 2783 1664 epistola:

538 1650 621 1711 ad
650 1650 1016 1712 Michaelem
1064 1655 1522 1733 imperatorem,
1577 1650 2146 1739 Theop'hiltﬁtiuni',

2209 1665 2410 1724 missae
2454 1663 2556 1724 ob"
2584 1663 2995 1726 accusandam
3050 1665 3546 1730 Christianorum
3570 1672 3739 1750 ﬁdem.

611 1865 661 1919 1.
701 1863 939 1919 Difficilis
968 1865 1301 1921 inventionis
1325 1867 1602 1937 negotium
1630 1870 1852 1936 veritas,
1884 1880 1938 1928 et
1963 1879 2098 1943 quod

2283 1881 2355 1931 α’.
2389 1871 2739 1944 Δυσθήρατόν
2787 1892 2839 1927 τι
2875 1875 3065 1945 χρῆμα
3115 1874 3366 1943 ἀλήθεια,
3416 1878 3506 1929 καὶ
3553 1878 3659 1942 τούς
3693 1897 3740 1949 γε

533 1957 771 2027 Ιγιιραιοε
791 1971 1008 2027 quoque
1033 1957 1219 2013 oculos
1240 1957 1410 2015 latere
1428 1969 1639 2029 potest;
1683 1962 1789 2018 nisi
1821 1962 1961 2018 forte
1987 1980 2112 2020 cor-

534 2047 799 2117 poralium
833 2049 1184 2104 tenebrarum
1223 2050 1548 2106 densitatem
1579 2054 1763 2108 anima
1803 2055 2106 2126 dissipans,

532 2144 587 2193 et
610 2138 906 2192 connivere
956 2145 1050 2191 aut
1100 2139 1390 2208 quiescere
1449 2141 1704 2198 sensibus
1755 2146 2108 2214 persuadens,

531 2230 816 2299 vestigium
843 2229 1064 2300 aliquod
1100 2230 1277 2300 ipsius
1310 2233 1554 2288 veritatis
1581 2237 1836 2306 persequi
1861 2237 2105 2294 valuerit.

530 2324 690 2378 Certe
724 2323 970 2392 quandiu
1026 2339 1211 2379 rerum
1250 2325 1618 2381 materialium
1652 2326 1806 2384 fumo
1860 2331 2105 2386 intellec-

533 2415 692 2468 tualis
747 2415 942 2470 oculus
987 2415 1165 2471 adhuc
1207 2426 1531 2487 occupatur,
1585 2419 1632 2474 is
1689 2419 1902 2476 illarum
1952 2425 2108 2494 quasi

529 2506 886 2559 acrimoniam
921 2506 1161 2576 aliquam
1188 2509 1478 2578 experiens
1509 2511 1846 2581 passionem,
1888 2529 1955 2570 ne
1982 2526 2108 2572 ante

531 2597 697 2663 pedes
725 2597 942 2665 quidem
965 2598 1236 2667 jacentem
1260 2601 1542 2656 veritatem
1570 2602 1806 2661 fortasse
1825 2617 2103 2678 agnoscet,

532 2690 728 2742 nedum
767 2691 967 2758 procul
1005 2691 1162 2746 valde
1191 2703 1504 2748 remotam:
1541 2705 1594 2750 et
1615 2705 1822 2766 quanto
1837 2699 2104 2755 acriorem

527 2780 770 2833 materia:
798 2781 1110 2848 experietur
1133 2796 1401 2848 amorem,
1449 2793 1599 2840 tanto
1654 2788 1985 2842 crassiorem
2013 2805 2104 2844 ve-

529 2867 704 2923 ritatis
736 2869 1096 2937 ignorantiam
1123 2870 1378 2938 patietur.
1434 2869 1569 2925 Cum
1611 2887 1739 2943 ergo
1791 2872 1990 2944 duplex
2035 2875 2106 2930 sit

525 2960 770 3014 verita:is
796 2961 1041 3027 scientia,
1089 2962 1259 3016 altera
1292 2962 1436 3017 circa
1490 2973 1797 3019 creaturam
1833 2976 2100 3036 spectata,

523 3052 694 3105 altera
730 3053 872 3106 circa
922 3052 1260 3118 Creatorem,
1302 3063 1567 3125 quantum
1600 3056 1742 3110 infra
1783 3057 2101 3114 Creatorem

525 3154 654 3198 sunt
677 3155 962 3211 creaturae,
999 3155 1205 3202 tantum
1235 3152 1554 3218 praeminet
1587 3149 1866 3207 Creatoris
1916 3154 2103 3224 cogni-

523 3238 620 3290 tio.
654 3238 831 3303 Quare
867 3241 961 3309 qui
996 3240 1286 3295 ratiocinio
1330 3242 1707 3296 tantummodo
1736 3244 2100 3314 cognitionem
2135 3231 2178 3290 Β

525 3344 703 3383 rerum
740 3331 1073 3396 tribuerunt,
1098 3332 1261 3404 longe
1292 3333 1360 3388 ab
1384 3334 1473 3389 illa
1520 3334 1814 3391 recessisse
1836 3337 2107 3408 comperti

522 3430 671 3478 sunt.
698 3422 765 3476 At
796 3424 828 3476 ii
853 3425 945 3494 qui
973 3426 1120 3479 omni
1147 3426 1269 3480 vita:
1284 3427 1625 3483 delectationi
1649 3429 1836 3484 nuntio
1855 3431 2105 3497 remisso,

525 3514 684 3568 unice
715 3517 1047 3586 vestiganda:
1083 3517 1328 3574 scientia:
1368 3528 1590 3582 vacant,
1622 3536 1847 3575 manum
1876 3522 1981 3577 illis
2004 3521 2104 3576 ad-

519 3607 774 3676 jutricem
807 3608 1120 3678 porrigente
1151 3609 1282 3677 Deo,
1312 3619 1365 3666 et
1394 3611 1497 3681 ipsi
1526 3621 1675 3667 certe
1709 3627 1828 3667 eam
1855 3627 2101 3683 compre-

523 3700 788 3766 lxendunt,
813 3711 867 3758 et
905 3704 1047 3758 alios
1082 3705 1172 3774 qui
1214 3706 1459 3775 ipsorum
1518 3708 1748 3778 vestigia
1806 3717 2101 3775 sectantur,

520 3794 588 3846 ad
621 3796 866 3849 eamdem
894 3808 1042 3851 recto
1087 3814 1251 3853 cursu
1305 3799 1604 3856 deducunt.
1669 3800 1860 3857 Priorc
1914 3802 2101 3874 itaque

519 3883 685 3938 modo
703 3886 851 3940 circa
883 3902 980 3942 eos
1010 3890 1104 3958 qui
1133 3889 1318 3945 divina
1351 3905 1612 3946 enarrare
1639 3893 1830 3948 volunt
1859 3895 2098 3960 invento,

519 3973 815 4030 sinedubio
835 3979 1112 4033 secundus
1146 3995 1366 4050 quoque
1405 3982 1801 4054 subsequetur;
1834 3985 2100 4040 vicissim-

517 4083 626 4135 que
657 4068 745 4123 hic
781 4085 886 4123 non
915 4072 1308 4141 subsequetur,
1341 4074 1447 4129 nisi
1473 4075 1562 4130 ille
1581 4087 1891 4147 compertus
1915 4078 2096 4134 fuerit.

518 4157 577 4212 Si
613 4158 778 4228 igitur
810 4161 954 4228 illos,
989 4163 1081 4232 qui
1110 4179 1234 4218 eum
1258 4165 1549 4220 terminum
1582 4167 1899 4238 attigerunt,
1920 4169 1974 4223 lii
2003 4171 2095 4241 qui

518 4251 823 4320 ignorantia
853 4264 947 4307 aut
979 4255 1190 4325 ignavia
1216 4266 1466 4312 tenentur
1482 4259 1675 4313 sectati
1701 4258 1930 4326 fuerint,
1951 4262 2093 4317 haud

517 4349 729 4398 minore
744 4360 908 4414 quam
929 4346 1002 4400 illi
1021 4349 1339 4404 excellentia
1366 4348 1640 4406 fruentur.
1669 4349 1774 4406 Sed
1791 4353 1836 4407 si
1859 4369 1926 4409 ne
1948 4354 2095 4411 hunc

516 4435 735 4502 quidem
784 4439 1083 4492 secundum
1124 4456 1366 4506 cursum,
1407 4443 1583 4512 primo
1622 4445 1852 4511 exclusi,
1909 4456 2094 4504 tenere

517 4528 814 4595 patientur,
844 4528 986 4583 haud
1017 4531 1130 4599 jam
1158 4548 1385 4599 prorsus
1416 4534 1792 4603 improbitatis
1829 4539 2092 4594 crimina-

516 4619 722 4672 tionem
750 4621 921 4675 vitare
949 4631 1221 4690 poterunt.
1255 4623 1391 4679 Nam
1421 4629 1666 4696 sineque
1698 4630 1817 4684 vitae
1852 4647 1946 4700 per
1971 4647 2089 4686 om-

519 4725 642 4764 nem
679 4710 932 4765 virtutem
970 4716 1288 4770 exercendze
1313 4733 1499 4772 curam
1537 4730 1756 4790 gerunt,
1813 4737 1920 4792 qua
1953 4739 2089 4794 opus

515 4802 655 4857 foret
679 4813 735 4856 ut
755 4803 820 4858 ad
847 4815 1050 4860 certam
1079 4807 1168 4862 Dei
1193 4809 1473 4864 scientiam
1499 4813 1878 4882 pervenirent;
1914 4831 2089 4886 neque

515 4894 605 4958 iis,
639 4894 733 4964 qui
761 4895 905 4950 illam
952 4898 1334 4966 obtinuerunt,
1370 4901 1784 4973 obtemperant;
1820 4907 1952 4960 solis
1987 4922 2088 4961 au-

517 4994 622 5038 tem
648 4987 761 5041 suis
787 4987 1299 5047 ratiocxnationibus
1320 4993 1586 5061 nituntur,
1620 4997 1713 5066 qui
1746 4998 1859 5052 fieri
1885 5008 2083 5069 potest,

516 5084 574 5130 ut
600 5079 743 5148 quod
780 5079 885 5134 alia
919 5083 1002 5135 via
1029 5083 1249 5150 incedit,
1283 5085 1386 5155 ipsi
1437 5088 1705 5145 diversam
1736 5091 2086 5148 decurrentes

513 5174 1016 5242 comprehendant?
1056 5175 1435 5233 Verumtamen
1471 5196 1594 5235 vere
1616 5182 1722 5234 vim
1749 5197 1856 5237 non
1883 5184 2086 5252 patitur

515 5264 745 5318 liberum
770 5267 1082 5320 arbitrium.
1111 5267 1276 5338 igitur
1299 5272 1425 5340 quia
1452 5281 1505 5325 tu
1527 5274 1698 5343 magis
1714 5284 1888 5342 Optas,
1912 5276 2086 5330 erudi-

513 5359 723 5412 tissime
745 5361 940 5423 amice,
962 5376 1026 5415 ex
1047 5364 1390 5420 naturalibus
1414 5366 1942 5435 ratiocinationibus,
1965 5386 2086 5439 pro-

513 5452 813 5519 positarum
845 5455 1210 5523 quaestionum
1265 5455 1804 5525 demonstrationes;
1854 5461 1904 5514 id
1937 5463 2081 5516 enim

513 5543 800 5600 manifeste
826 5549 1058 5616 requirit
1088 5549 1142 5602 in
1174 5549 1294 5620 ipso
1344 5551 1571 5606 exordio
1600 5554 1860 5621 scriptum
1894 5563 2081 5623 tuum;

513 5649 822 5704 quanquam
860 5638 962 5693 hoc
995 5639 1134 5694 haud
1182 5642 1471 5712 principali
1522 5644 1643 5699 loco
1703 5645 1830 5701 fidei
1885 5657 2088 5702 nostra:

515 5724 654 5778 ratio
704 5741 823 5781 esse
861 5729 1014 5794 sinit,
1057 5731 1184 5800 quia
1254 5748 1473 5787 omnem
1510 5745 1778 5800 mentem,
1837 5753 1944 5790 non
1987 5739 2083 5791 liu-

2213 1969 2334 2025 λίαν
2359 1967 2741 2035 ὀξυωποῦντας
2773 1969 2957 2023 λαθεῖν
2991 1969 3312 2039 δυνάμενον,
3353 1972 3401 2024 εί
3441 1972 3510 2041 μή
3543 1989 3633 2024 που
3656 1974 3741 2040 ἄρα

2212 2065 2391 2120 τέλεον
2438 2065 2535 2119 τοῦ
2578 2063 2896 2136 σωματικοῦ
2927 2064 3080 2117 τοῦδε
3128 2063 3330 2134 γνόφου
3367 2065 3427 2116 τὸ
3473 2065 3626 2134 πάχος
3649 2067 3741 2120 δια-

2215 2159 2420 2230 σχοῦσα
2457 2159 2625 2230 eum,
2655 2157 2824 2229 μῦσαι
2863 2157 2895 2228 ἢ
2923 2159 3163 2228 ἀργῆσαι
3192 2157 3289 2220 τάς
3304 2156 3574 2227 αἰσθήσεις
3597 2175 3739 2212 κατα-

2226 2251 2482 2317 πείσασα,
2523 2251 2703 2322 ίχνους
2737 2250 2883 2312 τινὸς
2915 2251 3082 2319 αὐτῆς
3116 2249 3402 2320 ἐφικέσθαι
3449 2249 3740 2319 δυνήσηται·

2209 2343 2314 2408 ἓως
2340 2345 2524 2414 μέντοι
2551 2343 2645 2396 τοῦ
2697 2342 2905 2396 καπνοῦ
2944 2340 3053 2396 τῶν
3093 2343 3220 2413 περὶ
3259 2342 3357 2412 τὴν
3387 2341 3515 2412 ὓλην
3540 2346 3566 2395 ὁ
3588 2343 3741 2412 νοητὸς

2209 2436 2292 2490 ἔτι
2319 2435 2787 2508 ἀντιλαμϐἀνηται
2815 2435 3113 2506 ὀφθαλμὸς,
3159 2436 3233 2498 di;
3261 2435 3508 2506 δρίμυξιν
3539 2435 3626 2505 τὴν
3644 2435 3742 2490 τού-

2207 2544 2317 2581 των
2342 2527 2631 2598 ὑπομένων
2679 2527 3076 2598 προσπάὓειαν,
3100 2528 3242 2597 τάχα
3278 2529 3373 2582 καὶ
3413 2529 3514 2598 πρὸ
3545 2527 3640 2580 τῶν
3668 2543 3741 2579 πο-

2207 2619 2313 2674 δῶν
2350 2619 2612 2691 κειμένην
2639 2620 2739 2673 οὐκ
2787 2618 3174 2688 ἐπιγνώσεται,
3213 2621 3411 2689 μήτιγε
3451 2620 3622 2690 πόρρω
3659 2635 3739 2671 που

2207 2708 2324 2762 λίαν
2355 2709 2748 2781 ἀπῳκισμένην
2775 2727 2788 2740 ο
2820 2709 2913 2762 καὶ
2950 2711 3073 2764 ὅσον
3113 2709 3178 2764 ἂν
3221 2710 3422 2780 μᾶλλον
3449 2707 3741 2780 δριμυτέρας

2205 2802 2302 2872 τῆς
2332 2802 2536 2856 τούτων
2588 2803 2844 2874 αἴσθηται
2895 2802 3260 2873 ἀντιλήψεως,
3297 2801 3493 2872 μᾶλλον
3525 2801 3616 2866 τὴν
3642 2797 3740 2850 ταύ-

2205 2911 2304 2964 της
2333 2894 2700 2964 ύποστήσεται
2748 2893 2970 2961 ἄγνοιαν
2991 2908 3004 2923 °
3047 2892 3230 2962 διττῆς
3258 2891 3544 2961 τοιγαροῦν
3572 2906 3738 2958 τυγχα-

2204 2983 2403 3056 νούσης
2429 2987 2621 3059 αύτῆς,
2653 2986 2745 3039 καὶ
2779 2985 2879 3054 τῆς
2906 2985 3004 3055 μὲν
3038 2986 3166 3056 περὶ
3194 2985 3296 3056 τὴν
3341 2983 3512 3037 κτίσιν
3543 2981 3740 3052 Θεωρου·

2208 3077 2397 3147 μένης,
2457 3077 2555 3148 τῆς
2607 3077 2663 3130 δὲ
2711 3077 2841 3148 περὶ
2868 3077 2959 3129 τὸν
2991 3077 3274 3141 κτίσαντα,
3309 3076 3432 3129 ὅσον
3480 3072 3740 3142 ύποὸἐῦηκε

2205 3169 2297 3222 τοῦ
2329 3170 2700 3240 Πεποιηκότος
2730 3169 2797 3223 τά
2826 3169 3135 3239 Κτίσματα,
3166 3167 3420 3222 τοσοῦτον
3455 3164 3741 3236 ύπερελήλα-

2210 3278 2297 3314 ται
2325 3264 2359 3330 ὴ
2401 3261 2715 3332 ἀκραιφνὴς
2764 3261 2856 3315 τοῦ
2900 3261 3272 3332 Πεποιηκότος
3305 3261 3614 3328 ἐπίγνωσις·
3645 3254 3739 3308 ὅθεν

2209 3355 2324 3407 ὅσοι
2355 3353 2637 3426 λογισμοῖς
2671 3354 2852 3426 μόνοις
2878 3354 2976 3427 τὴν
3009 3355 3227 3409 πάντων
3259 3353 3460 3422 γνῶσιν
3493 3349 3737 3411 ἀπέδοσαν,

2210 3445 2400 3516 πόρρω
2462 3463 2564 3498 που
2611 3445 2817 3518 ταύτης
2852 3447 3178 3518 ἐληλακότες
3222 3439 3739 3517 εύρέθησωοόσοιδὲ

2209 3537 2358 3609 πάσῃ
2388 3541 2453 3608 τῇ
2479 3537 2622 3592 κατά
2653 3538 2766 3608 βίον
2797 3538 3050 3612 ῥᾳστώνῃ
3102 3537 3317 3608 χαίρειν
3348 3537 3602 3598 εἰπόντες,
3631 3530 3738 3600 πρὸς

2209 3629 2378 3700 μόνην
2411 3629 2509 3700 τὴν
2533 3629 2736 3700 ταύτης
2768 3630 2995 3700 ἔρευναν
3029 3628 3460 3700 ἀπησχόληνται,
3492 3627 3583 3696 τῆς
3622 3622 3740 3684 Θείας

2205 3723 2388 3785 αὐτοῖς
2452 3722 2836 3793 ἐπαμυνούσης
2923 3724 3122 3794 χειρὸς,
3191 3722 3347 3776 αὐτοί
3406 3738 3465 3773 τε
3525 3713 3739 3787 ἀσφαλῶς

2204 3815 2605 3884 κατειλήφασι·
2667 3816 2760 3870 καὶ
2805 3817 2932 3881 τοὺς
2980 3816 3201 3870 ἐκείνων
3243 3810 3739 3870 κατακολουθοῦντας

2201 3908 2313 3970 τοῖς
2342 3907 2537 3977 ίχνεσι,
2562 3907 2698 3978 πρὸς
2729 3907 2899 3978 αὐτὴν
2935 3907 3283 3978 εύθυδρόμως
3309 3901 3737 3977 ἐχειραγώγησαν.

2202 3997 2309 4050 Τοῦ
2349 3999 2526 4052 τοίνυν
2583 3998 2802 4070 πρώτου
2865 4000 3068 4072 τρόπου
3125 3999 3254 4071 περὶ⁸
3285 4001 3414 4063 τοὺς
3439 4000 3504 4053 τά
3533 3997 3639 4051 θεῖα
3685 3992 3739 4044 δι·

2199 4089 2483 4160 αγορεύειν
2523 4089 2877 4162 βουλομένους
2929 4093 3351 4163 εὑρισκομένου.
3399 4087 3738 4161 ἀναμφιὸὁλως

2199 4181 2296 4234 καὶ
2349 4182 2377 4234 ὁ
2427 4182 2678 4253 δεύτερος
2708 4183 2926 4254 ἕψεται⁸
2962 4185 3060 4256 οὐχ
3087 4185 3276 4255 ἕψεται
3307 4185 3382 4252 δὲ,
3423 4184 3495 4255 μὴ
3522 4177 3738 4250 φαινομέ

2201 4289 2292 4326 νου
2315 4273 2545 4327 ἐκείνου.
2570 4275 2749 4345 Μέχρι
2782 4275 2880 4346 μὲν
2909 4276 3000 4329 οὖν
3029 4280 3141 4341 τοῖς
3180 4270 3282 4330 ὧδέ
3307 4295 3382 4348 πη
3419 4272 3738 4340 καταφθάταο

2199 4381 2284 4417 σιν
2318 4365 2367 4416 oi
2402 4366 2594 4437 ἀγνοίᾳ
2633 4368 2730 4420 καὶ
2782 4367 3024 4440 ῥαθυμίᾳ
3070 4368 3475 4440 κεκρατημένοι
3505 4363 3737 4434 παρέπον·

2196 4473 2310 4522 ται,
2339 4456 2492 4509 οὐδὲν
2522 4452 2682 4528 ἦττον
2723 4461 2820 4528 τῆς
2857 4460 3028 4530 αὐτῆς
3078 4461 3308 4524 ἐκείνοις
3338 4460 3600 4529 Οειότητος
3627 4460 3736 4509 ἀποο

2199 4540 2519 4604 λαύσονταιο
2586 4551 2820 4623 ὁπηνίκα
2873 4553 2930 4606 δὲ
2976 4554 3111 4626 μηδέ
3173 4553 3266 4608 τὸν
3306 4554 3554 4625 δεύτερον
3578 4546 3736 4607 πλοῦν.

2196 4640 2593 4710 ἀναϐληθέντος
2623 4644 2716 4696 τοῦ
2757 4644 2997 4715 πρώτου,
3061 4645 3417 4716 μεταδιώκειν
3469 4644 3734 4711 ἀνέχονται

2196 4732 2379 4785 οὐκέτι
2403 4751 2503 4787 που
2537 4735 2750 4798 πάντως
2783 4736 2842 4789 τὸ
2865 4737 2964 4806 τῆς
2997 4738 3334 4809 κακουργίας
3366 4738 3612 4807 ἔγκλημα
3638 4733 3734 4784 δια·

2199 4823 2764 4893 δρᾶναιδυνήσονται.
2827 4829 2889 4881 Ei
2936 4830 3043 4899 γὰρ
3094 4831 3207 4900 βίου
3256 4833 3355 4901 μὲν
3395 4827 3733 4901 ἐξησκημένον

2195 4918 2455 4987 φροντίδα
2504 4921 2564 4972 οὐ
2629 4921 2892 4987 τίθενται,
2947 4924 3021 4988 ὡς
3067 4927 3130 4979 ἀν
3159 4925 3237 4989 είς
3272 4925 3334 4978 τὸ
3379 4927 3475 4994 τῆς
3499 4918 3734 4980 ἀπλανοῦς

2195 5009 2525 5080 Οεογνωσίας
2553 5015 2948 5084 καταφθάσωσι
3003 5017 3221 5088 μέτρον,
3259 5021 3371 5081 τοῖς
3404 5037 3462 5071 τε
3508 5013 3734 5079 κατειλη-

2195 5101 2350 5170 φόσιν
2413 5105 2473 5157 ού
2536 5108 2983 5172 καταπείοονται,
3046 5112 3227 5179 μόνοις
3275 5111 3332 5165 δὲ
3383 5114 3488 5173 τοῖς
3546 5105 3733 5165 οἰκείοις

2194 5192 2564 5262 ὲπερείδονται
2614 5198 2917 5267 λογισμοῖς,
2967 5203 3131 5255 πόθεν
3179 5202 3270 5256 τοῦ
3326 5205 3394 5256 δι’
3434 5203 3592 5270 ἄλλης
3633 5193 3732 5250 ὁδοῦ

2193 5281 2598 5354 λαμϐανομένου
2670 5289 2861 5358 ἑτέραν
2913 5293 3287 5363 ἐπιτρέχοντες
3322 5291 3730 5360 καταλήψονταη

2194 5374 2333 5442 πλὴν
2365 5375 2624 5428 ἁδίαστον
2648 5374 2860 5448 ἀληθῶς
2893 5381 2949 5433 ἐν
2984 5384 3118 5435 πᾶσι
3160 5383 3222 5436 τὸ
3253 5381 3605 5448 αὐτεξούσιον.
3634 5378 3732 5431 Τοι-

2190 5465 2394 5535 γαροῦν
2441 5469 2628 5542 ἐπειδὴ
2684 5475 2902 5544 φροντὶς
2963 5475 3162 5545 μᾶλλον
3215 5480 3278 5547 τῇ
3320 5475 3585 5546 λογιότητί
3631 5487 3727 5531 σου,

2191 5559 2619 5629 πολυπειρότατε
2646 5565 2789 5633 φίλε,
2828 5568 2940 5629 τοῖς
2988 5569 3051 5619 ὲκ
3091 5567 3304 5638 φύσεως
3349 5567 3618 5636 λογισμοῖς
3642 5560 3728 5614 τῶν

2188 5652 2420 5722 αἱρετῶν
2449 5655 2548 5718 τάς
2607 5658 2911 5724 ἀποδείξεις
2957 5643 3396 5715 καθυποϐἁλλειν
3421 5677 3435 5692 ο
3465 5659 3613 5712 τοῦτο
3638 5654 3727 5722 γὰρ

2181 5743 2241 5795 τὸ
2273 5745 2364 5798 σὺν
2403 5747 2590 5816 σαφῶς
2631 5753 2965 5823 παρίστησιν
2999 5756 3055 5807 ἐν
3087 5754 3395 5826 προοιμίοις
3427 5754 3661 5826 γράμμα,
3686 5745 3726 5796 εί

511 5829 731 5874 manant
765 5823 1166 5890 tantummodo,
1197 5840 1382 5880 verum
1417 5826 1579 5882 etiam
1603 5828 1903 5898 angelicam
1943 5827 2082 5884 Deus

2202 5837 2274 5890 ἰαὶ
2331 5837 2406 5910 μὴ
2456 5841 2614 5896 τοῦτο
2654 5849 3086 5918 προηγουμένως
3129 5851 3156 5902 ὁ
3203 5849 3301 5920 τῆς
3339 5847 3459 5903 καθ’
3495 5846 3628 5916 ἡμᾶς
3653 5836 3726 5894 τήν
