3978 6610
237 393 329 459 809

1325 387 1758 448 REFUTATIO
1823 364 2302 450 MOHAMEDIS.

3342 388 3446 450 810

233 518 386 565 στεως
414 497 694 569 ἐπιτρέπει
725 499 884 570 λόγος
913 499 1002 555 aut
1031 498 1091 553 τὸ
1137 497 1316 571 πάσης
1341 500 1548 564 ἐννοίας
1571 500 1632 554 οὐ
1675 501 1765 570 μόι

1883 501 2133 564 excedit;
2173 501 2249 554 tui
2278 508 2457 554 tamen
2488 499 2682 568 gratia,
2710 506 2836 553 ante
2866 499 3047 552 omnia
3084 513 3147 552 ex
3204 500 3306 552 hoc
3332 516 3450 554 ser-

229 615 306 649 νον
332 591 664 663 ἀνθρωπῖνης
690 593 825 647 ἀλλὰ
857 593 953 646 καὶ
1010 591 1310 664 ἀγγελικῆς
1344 592 1695 664 ὑπερϐαίνειν
1717 593 1776 647 τὸ

226 688 380 749 Θεῖον,
409 684 502 754 σῆς
553 683 715 738 ’ἑνεκα
762 687 1004 756 χάριτος,
1041 685 1257 758 πρῶτον
1299 685 1399 755 μὲν
1429 686 1494 739 ἐκ
1517 686 1774 741 τοιούτων

225 777 381 844 λόγων
405 777 940 842 κατασκευαστικῶς,
971 778 1096 830 ὅσον
1145 776 1289 830 κατὰ
1338 775 1398 830 τὸ
1425 776 1651 830 δυνατὸν
1676 776 1774 847 τὴν

223 869 340 936 περὶ
362 865 418 918 τὸ
439 865 588 918 Θεῖον
634 867 790 937 ἡμῶν
828 867 984 933 δόξαν
1037 866 1346 938 ὲκθέμενοι,
1372 868 1434 920 τὸ
1467 867 1770 938 τηνικαῦτα

222 959 317 1011 τῶν
353 957 452 1010 σῶν
481 957 882 1030 προϐλημάτων
919 960 1019 1030 τὴν
1067 961 1342 1031 ἡμετέραν
1375 959 1771 1014 διαϐαλλόντων

222 1050 494 1122 θρησκείαν
539 1051 950 1122 ἐπισκεψόμεθα
974 1052 1073 1124 τὴν
1101 1051 1253 1122 ἰσχύν
1278 1066 1292 1080 °
1323 1049 1560 1121 ἄρξομαι
1599 1049 1644 1103 δ’
1684 1052 1771 1104 ὲν-

219 1139 389 1193 τεῦθεν
418 1155 432 1170 ⁸

1889 594 2068 648 monis
2093 607 2316 663 genere,
2351 591 2777 647 demonstrative
2806 601 3070 661 quantum
3108 592 3219 645 lieri
3274 603 3452 661 potest

1881 694 2122 739 nostram
2155 685 2222 739 ad
2280 683 2389 738 Deo
2442 683 2766 739 sententiam
2800 699 3136 754 exponemus
3173 700 3185 734 :
3219 699 3453 753 moxque

1881 784 2328 846 argumentorum
2358 785 2571 831 tuorum
2625 776 2942 847 religionem
3002 786 3238 831 nostram
3277 792 3452 846 oppu-

1880 869 2165 934 guantium
2199 869 2305 922 vim
2361 869 2781 939 perpendemus.
2825 869 2964 926 llinc
3013 879 3195 925 autem
3232 871 3448 926 initium

1883 959 2101 1015 dicendi
2129 961 2344 1016 faciam.

291 1295 498 1371 Hicetas
520 1367 527 1371 _
539 1297 730 1371 abhinc
748 1297 941 1371 repetit
977 1298 1361 1371 longamqsuam
1395 1299 1664 1370 religionis
1696 1299 2016 1371 Christiana:
2044 1299 2567 1365 demonstrationem,
2631 1318 2790 1366 quam
2823 1303 2876 1356 in
2916 1303 3241 1368 prmcedente
3297 1317 3450 1371 opere

217 1369 475 1436 scripserat
510 1367 585 1437 (in
622 1367 1101 1443 _editione_nostrtr
1127 1370 1232 1443 col.
1286 1370 1422 1443 573_
1441 1367 1601 1438 usque
1626 1369 1707 1443 ad
1732 1371 1760 1422 7

1874 1388 1889 1436 ;
1925 1386 2104 1438 nempe
2139 1385 2167 1443 ες
2195 1372 2258 1423 '0
2281 1371 2598 1440 πάνσοφος
2625 1373 2722 1427 καὶ
2761 1367 3087 1443 φιλάγαθος
3117 1392 3170 1428 κ.
3204 1391 3255 1427 τ.
3277 1367 3452 1427 λξδό-

216 1453 321 1512 γμα
346 1441 825 1512 κατεᾲοξκεύᾳσεξνε
861 1437 1316 1512 sapientissimus
1339 1450 1390 1512 et
1410 1437 1670 1512 bonitatis
1711 1437 1937 1512 amator,
1962 1437 2094 1503 etc.,
2141 1441 2335 1512 dogma
2383 1437 2780 1512 Comprobavit:
2819 1437 3156 1499 Omittuntur
3187 1454 3360 1498 tamen
3397 1446 3450 1500 in

216 1510 302 1562 hac
335 1509 628 1576 repetitione
658 1509 757 1562 loci
793 1509 896 1562 duo
917 1511 1112 1584 breves,
1142 1525 1321 1584 nempe
1345 1511 1418 1584 de
1442 1509 1748 1584 Mohametie
1779 1511 1884 1566 col.
1914 1511 2039 1584 689,
2074 1519 2122 1565 et
2164 1511 2299 1564 alter
2323 1514 2387 1584 de
2406 1509 2663 1584 Aga'ren-is
2688 1514 2793 1568 col.
2827 1514 2963 1580 697,-
2992 1515 3147 1583 idque
3169 1515 3453 1582 euphemia:
3556 1564 3568 1579 ,

214 1594 393 1642 causa,
453 1589 526 1657 τις⁸
563 1587 722 1657 puto,
768 1581 1080 1657 ne_amicus
1137 1578 1576 1657 Moliamedanus,
1636 1581 1706 1634 ad
1760 1581 2164 1657 quemNicetas
2199 1578 2870 1657 __sc1-iliit,'o/fenderetur.
2931 1578 3274 1657 Nos'itaqtte
3329 1593 3449 1644 uni-

213 1665 399 1726 versam
461 1648 616 1704 illam
661 1649 978 1706 Christiana:
1029 1650 1290 1724 analogiae
1331 1662 1538 1722 partem
1591 1648 1930 1722 repetendam
1979 1669 2081 1707 non
2105 1652 2492 1722 judicavimus,
2531 1648 2668 1725 quia
2717 1656 2832 1726 iam
2863 1658 2918 1710 in
2951 1648 3218 1712 volumine
3267 1667 3450 1714 nostra

210 1719 483 1789 proﬂabat.

277 1854 336 1926 β’.
371 1853 576 1924 Καιρὸς
631 1854 735 1926 ήδη
787 1854 975 1910 λοιπὸν
1022 1857 1119 1912 καὶ
1162 1857 1263 1922 τὰς
1309 1857 1368 1912 ἐν
1420 1857 1498 1930 τῷ
1525 1857 1602 1929 σῷ
1633 1873 1765 1927 συγ-

1939 1857 1994 1912 2.
2038 1857 2274 1927 Tempus
2300 1868 2380 1914 est
2407 1868 2467 1916 ut
2509 1861 2766 1931 deinceps
2796 1863 3209 1918 consideremus
3261 1879 3328 1918 an
3354 1879 3448 1919 ac-

207 1950 472 2021 γρέιμματι
509 1949 765 2014 διαϐολὰς
791 1950 935 2006 κατὰ
963 1951 1065 2022 τῆς
1111 1952 1390 2024 ἡμετέρας
1420 1953 1679 2019 πίστεως,
1717 1952 1766 2006 εἰ

207 2042 489 2106 εὐθυϐόλως
546 2041 780 2114 ἔχουσιν,
829 2045 1270 2116 ὲπισκὲψασθαιυ
1322 2046 1561 2118 ἄρξομαι
1592 2046 1649 2100 δὲ
1681 2047 1768 2098 ὲν-

207 2135 377 2188 τεῦθεν
401 2149 415 2164 ·
461 2136 619 2206 Ἔχει
664 2136 723 2190 τδ
756 2136 848 2191 σὺν
868 2136 1106 2209 γράμμα
1133 2136 1306 2202 οὕτως
1332 2153 1345 2166 ·
1377 2157 1397 2190 ‹
1425 2138 1535 2192 Καὶ
1566 2137 1768 2192 ἔδωκεν

205 2230 229 2282 ὁ
251 2229 372 2292 Θεὸς
401 2228 609 2294 αὐτοῖς,
636 2229 877 2300 δηλονότι
905 2233 1017 2294 τοῖς
1044 2231 1530 2302 δημιουργηθεῖσιν
1557 2229 1767 2302 ἀνθρὼ-

205 2337 332 2384 ποις,
364 2319 489 2373 νοῦν
521 2319 616 2375 τοῦ
668 2321 958 2390 γινώσκειν
1009 2322 1090 2375 ὅτι
1139 2325 1170 2392 ἡ
1228 2321 1559 2392 δημιουργία
1591 2338 1766 2391 κεχω-

205 2413 414 2484 ρισμένη
457 2413 605 2474 ἐστὶ,
641 2415 735 2467 καὶ
789 2415 981 2487 πόρρω
1031 2416 1307 2485 ἀφέστηκε
1341 2415 1441 2485 τῆς
1493 2414 1629 2484 πρὸς
1674 2413 1766 2466 τὸν

204 2504 532 2575 Δημιουργὸν
557 2505 877 2578 ὁμοιότητος
904 2522 921 2539 ο
976 2507 1071 2560 καὶ
1103 2506 1187 2559 ὅτι
1218 2508 1328 2560 πᾶν
1355 2506 1570 2577 ποίημα
1587 2506 1767 2569 ἐνδεές

203 2597 306 2649 ἐστι
344 2596 434 2650 τοῦ
489 2600 843 2668 ποιήσαντος.
890 2617 908 2650 ι
947 2598 1119 2652 Τοῦτο
1171 2598 1430 2670 σύμφημι
1479 2599 1655 2667 κάγὼ,
1685 2600 1764 2653 ὅτι

202 2691 297 2742 πᾶν
322 2690 730 2760 παραγόμενον,
767 2690 1052 2762 ἀλλότριόν
1075 2692 1192 2744 ἐστι
1222 2691 1324 2761 τῆς
1353 2689 1646 2755 ούσιώδους
1669 2691 1765 2744 τοῦ

200 2782 526 2852 παράγοντος
559 2783 877 2854 ὁμοιότητος
907 2798 921 2813 ⁸
971 2783 1051 2838 διὸ
1085 2785 1180 2837 καὶ
1212 2783 1287 2846 ὡς
1336 2783 1766 2853 ὡμολογημένον

199 2873 283 2926 καὶ
314 2876 440 2945 παρ’
470 2877 505 2946 ή
516 2875 635 2946 μῶν
658 2875 902 2946 εἰλήφθω
922 2892 934 2904 ·
993 2873 1114 2929 εἶτα
1165 2875 1227 2929 τὺ
1258 2875 1383 2947 ἑξῆς
1414 2875 1608 2929 τούτου
1644 2892 1766 2928 συν-

197 2967 484 3038 απτόμενον
517 2968 581 3021 τὸ
609 2968 788 3038 λέγον,
826 2969 908 3022 ὅτι
944 2987 962 3020 ι
1009 2966 1285 3033 Ἕκαστος
1317 2970 1600 3041 γεννήτωρ
1628 2969 1766 3040 πρό-

195 3061 336 3129 τερός
356 3061 467 3114 ἐστι
493 3059 596 3113 τοῦ
619 3060 820 3114 οἰκείου
852 3061 1220 3131 γεννήματος.
1256 3079 1274 3111 ι
1328 3060 1455 3114 Ἐπί
1489 3077 1544 3113 τι
1575 3061 1674 3130 μὲν
1704 3061 1766 3115 τὸ

196 3148 377 3221 ἀληθὲς
407 3152 525 3224 ἔχει
569 3152 756 3216 ἀπλῶς
783 3152 1072 3222 τιθέμενον
1100 3169 1114 3184 ο
1157 3153 1251 3206 ἐπί
1278 3170 1328 3205 τι
1352 3152 1408 3206 δὲ
1439 3153 1502 3206 τὸ
1533 3151 1764 3222 ψεῦδος·

1875 1949 2188 2006 cusationes
2220 1966 2341 2022 quae
2381 1953 2435 2006 in
2467 1961 2562 2007 tuo
2581 1954 2785 2024 scriptu
2835 1955 3100 2010 adversus
3161 1956 3319 2010 ﬁdem
3357 1972 3447 2010 no-

1875 2052 2046 2100 stram
2091 2045 2246 2110 fiunt,
2287 2055 2432 2100 recte
2463 2061 2522 2101 sc
2558 2047 2815 2102 habeant.
2851 2048 2990 2104 Hinc
3010 2064 3140 2119 ergo
3166 2051 3444 2105 exordiar.
3528 2049 3538 2060 ‘

1874 2136 1932 2191 In
1962 2135 2168 2207 scripto
2191 2148 2283 2192 tuo
2313 2139 2393 2194 sic
2421 2139 2617 2210 legitur
2648 2157 2662 2194 :
2695 2159 2713 2192 ι
2753 2140 2908 2196 Dedit
2934 2143 2999 2198 iis
3051 2142 3215 2208 Deus,
3256 2143 3308 2198 id
3363 2153 3448 2200 est

1874 2228 2073 2283 creatis
2096 2230 2431 2297 hominibus,
2457 2241 2690 2286 mentem
2713 2233 2779 2288 ad
2808 2237 3270 2304 cognoscendum,
3291 2251 3446 2292 crea-

1873 2329 2050 2373 turam
2081 2319 2354 2375 diversam
2380 2339 2502 2378 esse
2528 2325 2826 2395 proculque
2877 2327 3082 2382 distare
3114 2343 3144 2383 a
3181 2310 3444 2384 similitu-

1873 2411 2001 2466 dine
2040 2428 2165 2467 cum
2217 2413 2515 2484 Creatore;
2567 2428 2620 2473 et
2669 2434 2780 2472 rem
2831 2418 3031 2475 factam
3106 2422 3264 2494 longe
3325 2439 3448 2478 esse

1873 2503 2192 2560 inferiorem
2254 2505 2480 2564 factore.
2532 2527 2550 2561 ι
2584 2507 2700 2564 Hoc
2747 2519 2800 2565 et
2830 2527 2931 2581 ego
2983 2513 3248 2576 concedo,
3300 2517 3446 2585 quod

1876 2613 2069 2669 nempe
2101 2600 2427 2670 productum
2461 2602 2732 2656 diversum
2765 2604 2891 2659 sita
2945 2605 3291 2660 substantiali
3329 2623 3450 2675 pro-

1873 2692 2126 2748 ducentis
2169 2693 2549 2749 similitudine.
2585 2694 2768 2762 Quare
2809 2696 2910 2750 hoc
2941 2707 3201 2767 tanquam
3232 2714 3261 2753 a
3291 2700 3448 2755 nobis

1827 2848 1829 2851 η
1873 2799 2094 2855 quoque
2119 2785 2430 2842 confessum
2482 2787 2763 2842 habeatur.
2797 2787 3003 2844 Deinde
3034 2791 3282 2860 sequitur
3314 2807 3447 2846 eon-

1875 2890 2015 2931 nexa
2046 2877 2317 2932 sententia
2355 2879 2434 2932 sic
2462 2895 2475 2930 :
2511 2897 2527 2927 ι
2565 2876 2759 2934 Omnis
2789 2880 3005 2950 genitor
3032 2881 3180 2952 prior
3201 2891 3280 2937 est
3318 2897 3447 2951 pro-

1873 2969 1996 3040 prio
2049 2970 2342 3039 genimine.
2403 2989 2422 3022 ι
2485 2970 2600 3024 Hoc
2646 2971 2713 3026 de
2770 2972 2952 3042 aliqua
3012 2989 3070 3028 re
3119 2973 3445 3043 simpliciter

1874 3060 2106 3128 dictum,
2165 3075 2289 3115 vere
2347 3076 2408 3116 se
2466 3063 2771 3117 liabetule
2822 3064 2924 3117 alia
2983 3075 3163 3118 tamen
3212 3065 3445 3131 dictum,

1875 3149 2075 3206 falsum
2106 3159 2226 3206 est:
2263 3159 2317 3206 et
2339 3142 2465 3223 quia
2508 3153 2611 3207 hoc
2650 3152 2762 3207 Deo
2788 3163 3108 3209 extraneum
3139 3164 3245 3220 est,
3272 3155 3445 3210 necin

199 3244 282 3294 καὶ
303 3245 379 3296 ὅτι
403 3247 496 3298 ἐπὶ
520 3245 659 3298 Θεοῦ
694 3245 972 3315 ἀλλότριόν
1005 3247 1122 3298 ἐστι
1150 3246 1245 3299 καὶ
1272 3243 1458 3316 χώραν
1496 3246 1597 3299 οὐκ
1630 3245 1765 3316 ἔχει,

1872 3257 1938 3298 eo
1989 3244 2171 3299 locum
2228 3245 2411 3312 habet,
2466 3245 2518 3300 id
2559 3261 2661 3316 ego
2710 3262 2885 3316 neque
2934 3247 3218 3302 admittam
3270 3263 3447 3318 neque

193 3335 304 3388 οὔτε
329 3337 691 3408 ἀποδέξομαι,
752 3337 874 3391 οὔτε
917 3338 1269 3408 ὁμολογήσω·
1321 3336 1526 3406 ἐλέγξω
1564 3338 1641 3406 δὲ,
1668 3340 1765 3392 καὶ

195 3428 244 3478 ἐν
271 3422 346 3490 οἷς
369 3427 562 3500 χώραν
593 3428 707 3499 ἔχει
755 3431 1098 3501 παραστήσω
1120 3447 1136 3462 ο
1164 3427 1326 3483 τοῦτο
1362 3425 1456 3482 οὖν
1489 3431 1554 3484 σὺ
1582 3427 1764 3485 λαϐὼν

191 3521 258 3588 ὡς
293 3528 743 3600 ὡμολογημένον,
793 3530 969 3593 δοκεῖς
1004 3529 1102 3600 μὲν
1159 3531 1309 3601 ἡμᾶς
1355 3529 1760 3602 παρακρούειν,

191 3617 296 3686 ήτοι
318 3622 390 3685 εἰς
426 3621 523 3675 τὸν
557 3623 655 3690 τῆς
708 3623 1125 3693 όμοουσιότητος
1152 3622 1332 3691 λόγον,
1368 3621 1401 3692 ἢ
1435 3624 1515 3685 εἰς
1538 3624 1639 3693 τὴν
1668 3621 1762 3675 τοῦ

189 3710 498 3780 γεννήτορος
566 3712 660 3763 καὶ
689 3711 1028 3780 γεννήματος
1058 3711 1272 3781 σχέσιν
1323 3711 1418 3764 καὶ
1453 3710 1593 3774 πῶς,
1626 3709 1759 3781 ἐρῶ.

202 3798 376 3870 Ἦμῶν
403 3803 516 3872 γὰρ
566 3802 977 3872 ὁμολογούντων
1016 3802 1412 3873 όμοουσιότητα
1437 3801 1534 3855 καὶ
1569 3801 1763 3856 ταυτό-

187 3907 312 3960 τητα
343 3893 435 3947 τοῦ
498 3911 566 3947 τε
623 3895 837 3965 Πατρός
867 3895 958 3947 καὶ
998 3893 1149 3957 Υἱοῦ,
1184 3895 1274 3948 καὶ
1307 3894 1400 3948 τὸν
1439 3894 1536 3966 μὲν
1576 3894 1650 3957 ὼς
1673 3911 1764 3963 γε-

193 3987 474 4054 γεννηκότα
507 3986 731 4051 Πατέρα
759 3985 1061 4051 καλεῖσθαι,
1100 3986 1190 4040 τδν
1216 3987 1272 4040 δὲ
1326 3986 1400 4050 ὼς
1433 3986 1764 4056 γεγεννημέ-

189 4093 270 4129 νον
308 4078 454 4146 Υίὸν,
527 4078 712 4130 λαϐὼν
744 4079 808 4131 σὺ
851 4081 913 4132 ὲκ
968 4079 1076 4132 τῶν
1126 4078 1248 4132 καθ’
1289 4080 1439 4149 ἡμᾶς
1463 4078 1682 4148 ἀξίωμα
1702 4077 1762 4130 τὸ

190 4168 354 4238 λέγον,
389 4173 470 4226 ὅτι
503 4191 524 4224 ι
569 4170 840 4234 Ἕκαστος
879 4171 1160 4241 γεννήτωρ
1207 4169 1470 4241 πρότερός
1506 4171 1621 4222 ἐστι
1665 4169 1761 4222 τοῦ

191 4263 372 4317 οἰκείου
391 4266 756 4335 γεννήματος·
785 4283 802 4313 ι
828 4263 920 4316 καὶ
951 4262 1108 4316 τοῦτο
1136 4262 1228 4315 ἐπὶ
1248 4262 1346 4333 τῆς
1374 4260 1522 4325 θείας
1545 4261 1760 4330 φύσεως

190 4357 364 4420 κακῶς
415 4357 784 4425 ὲπισυνόιψας,
816 4358 953 4426 ὅπερ
999 4355 1200 4425 μᾶλλον
1256 4357 1349 4407 ἐπὶ
1392 4354 1631 4424 γενητῆς
1667 4355 1762 4407 καὶ⁴

190 4449 398 4519 κτιστῆς
422 4449 647 4518 φύσεως
704 4446 885 4518 χώραν
916 4448 1048 4518 ἔχει,
1083 4447 1176 4501 ἐπὶ
1203 4446 1259 4500 δὲ
1286 4445 1421 4500 Θεοῦ
1455 4446 1554 4499 οὐκ
1585 4445 1761 4517 ἐρρω-

188 4555 268 4592 ται
297 4542 411 4610 (καὶ
439 4542 555 4613 γὰρ
589 4542 759 4594 πολλά
789 4542 909 4612 μὲν,
947 4543 1043 4594 καὶ
1077 4542 1124 4592 εί
1164 4539 1270 4610 χρὴ
1299 4538 1530 4609 τάληθὲς
1565 4538 1762 4601 εἰπεῖν,

188 4631 384 4704 ἄπειρα
410 4635 499 4704 ἐφ’
543 4635 702 4704 ἡμῶν
730 4634 915 4705 χώραν
948 4636 1082 4704 ἔχει,
1118 4634 1208 4685 ἐπὶ⁸
1230 4633 1286 4685 δὲ
1315 4631 1452 4685 Θεοῦ
1484 4629 1765 4694 παντελῶς

186 4722 429 4796 ἀλλότρια
458 4729 625 4795 ἐστι),
651 4727 809 4780 τοῦτο
835 4722 927 4779 οὖν
952 4726 1023 4781 ὼε
1055 4725 1251 4794 ἀληθὲς
1279 4725 1369 4778 ἐπὶ
1403 4723 1538 4776 Θεοῦ
1561 4721 1766 4788 λαϐὼν,

186 4804 279 4868 ὼδὲ
309 4833 425 4880 πως
465 4817 722 4889 σνονάγεις
749 4833 762 4847 ο
815 4817 876 4870 El
904 4817 1134 4879 ἕκαστος
1185 4817 1464 4886 γεννήτωρ
1498 4814 1769 4886 πρότερός

187 4906 293 4961 ἐστι
315 4909 408 4962 τοῦ
441 4910 653 4963 οἰκείου
685 4910 1045 4980 γεννήματος,
1071 4909 1169 4960 οὐκ
1214 4907 1410 4960 ἔσταιό
1446 4909 1576 4978 παρ’
1609 4906 1770 4977 ήμῶν

189 5002 581 5073 πιστευόμενος
612 5002 740 5066 Υἱὸς
781 5002 860 5074 τῷ
900 5002 1074 5073 [Ia-cpi.
1121 4999 1389 5062 συναῖδιός
1417 5016 1475 5052 τε
1507 5000 1601 5054 καὶ
1629 5001 1762 5070 όμο-

189 5092 371 5157 ούσιος
402 5112 415 5123 ·
445 5097 497 5148 εἰ
549 5095 590 5148 δ’
640 5091 706 5148 αὖ
743 5093 904 5149 πάλιν
949 5091 1218 5155 συνατδιος
1254 5093 1282 5145 ό
1309 5091 1436 5153 Υἱὸς
1464 5091 1541 5160 τῷ
1565 5092 1762 5162 Πατρὶ,

186 5184 378 5256 ἀληθὲς
408 5187 469 5240 δὲ
525 5187 586 5240 τδ
606 5186 784 5255 λέγον,
822 5204 841 5237 ι
874 5185 1144 5248 Ἕκαστος
1173 5183 1456 5253 γεννήτωρ
1499 5181 1764 5253 πρότερός

185 5277 293 5331 ἐστι
345 5279 442 5332 τοῦ
474 5279 679 5332 οἰκείου
727 5278 1106 5350 γεννήματος,
1142 5295 1161 5327 ο
1195 5275 1672 5344 καταναγκάζεται
1729 5276 1764 5344 ή

188 5369 362 5439 σχέσις
395 5372 458 5436 ἐξ
494 5371 746 5442 ἀλλήλων
773 5367 1221 5440 διακεχωρίσθαι.

249 5459 318 5531 Υ.
353 5463 536 5516 Οὐδὲν
563 5461 731 5526 ξένον,
750 5456 795 5515 ὧ
833 5462 1097 5531 βέλτιστε,
1128 5459 1246 5523 ἑνὸς
1271 5459 1470 5513 ἀτόπου
1502 5457 1766 5524 δοθέντος,

187 5553 356 5622 μυρία
376 5552 612 5623 ἕψεσθαι
647 5570 662 5583 ’
699 5553 926 5624 καὶγὰρ
955 5552 1008 5604 εί
1047 5568 1129 5615 τις
1167 5551 1259 5604 τὸν
1292 5550 1578 5620 ἄνθρωπον
1619 5549 1768 5602 λίθον

184 5649 463 5713 ἀξιώσειε,
495 5647 712 5711 πολλοῖς
747 5647 988 5712 ἀτόποις,
1026 5645 1225 5715 μᾶλλον
1258 5645 1313 5697 δὲ
1359 5643 1608 5712 ἀπείροις
1663 5642 1765 5695 αὐ-

184 5737 273 5790 τὶν
304 5737 636 5806 ὲπισυνάψει
670 5756 683 5769 ο
719 5738 962 5792 τοιοῦτόν
992 5755 1044 5790 τι
1069 5736 1266 5800 καύτὸς
1310 5734 1620 5806 λημμάτιον
1671 5734 1768 5786 λαο

187 5832 294 5887 ϐὼν
324 5836 418 5888 ἐπὶ
443 5835 585 5888 Θεοῦ
604 5838 662 5890 rb
682 5835 861 5904 λέγον,
888 5835 968 5888 ὅτι
995 5852 1013 5885 ο
1045 5835 1314 5896 Ἕκαστος
1331 5831 1610 5901 γεννήτωρ
1637 5830 1771 5903 πρό-

474 5931 730 5992 ΡΑΤιιοι.
807 5931 921 5990 Gn.
959 5928 1083 5990 CV.

1873 3336 2195 3393 confitebor.
2233 3338 2376 3404 Quin
2407 3337 2540 3394 adeo
2587 3337 2873 3406 refutabo;
2924 3352 2977 3394 et
3010 3341 3358 3409 quandouam
3391 3342 3444 3396 id

1873 3429 2112 3497 eveniat,
2153 3445 2445 3500 exponam.
2499 3431 2542 3484 Τ
2550 3448 2577 3483 ιι
2622 3445 2752 3485 vero
2799 3431 2850 3485 id
2909 3433 3068 3500 quasi
3116 3447 3443 3490 concessum

1872 3537 2116 3588 sumens,
2144 3523 2347 3578 videris
2369 3538 2470 3578 nos
2491 3525 2864 3593 supplantare,
2892 3522 3008 3577 sive
3057 3523 3202 3593 quod
3238 3534 3448 3592 spectat

1872 3615 1941 3671 ad
2004 3617 2594 3672 consubstantialitatis
2653 3617 2940 3677 rationem,
3009 3616 3123 3671 sive
3178 3617 3324 3688 quod
3377 3620 3447 3672 ad

1873 3707 2145 3779 gignentis
2175 3718 2229 3764 et
2264 3709 2430 3779 geniti
2471 3708 2820 3764 relationem.
2880 3707 3051 3777 Cujus
3090 3707 3168 3761 rei
3217 3708 3440 3763 modum

1867 3799 1980 3870 jam
2011 3801 2214 3856 dicam.
2261 3799 2434 3856 Nobis
2491 3801 2636 3855 enim
2686 3799 3075 3856 conﬁtentibus
3125 3795 3340 3854 Patrem
3383 3816 3447 3854 ac

1869 3894 2068 3950 Filium
2098 3911 2261 3950 unam
2279 3894 2440 3951 simul
2462 3895 2659 3949 habere
2670 3895 3027 3963 eamdemque
3044 3880 3406 3950 substantiam
3430 3911 3444 3959 ;

1871 3997 1926 4043 et
1969 3989 2121 4042 illum
2176 3988 2394 4058 quidem
2449 3996 2507 4040 ut
2555 3987 2884 4057 gignentem.
2947 3987 3161 4041 Patrem
3213 3985 3436 4048 vocari;

1873 4082 2020 4135 hunc
2049 4089 2231 4134 autem
2267 4088 2455 4149 utpote
2484 4081 2750 4148 genitum,
2781 4077 3016 4141 Filium;
3059 4086 3112 4131 tu
3154 4076 3224 4132 ab
3249 4078 3443 4130 huma-

1871 4173 1959 4227 nis
1992 4173 2154 4226 rebus
2185 4172 2400 4227 axioma
2427 4171 2735 4240 sumpsisti,
2785 4169 2929 4240 quod
2975 4169 3070 4232 ait,
3100 4184 3318 4224 omnem
3351 4185 3443 4239 ge-

1873 4265 2108 4319 nitorem
2135 4265 2380 4335 priorem
2415 4278 2540 4319 esse
2574 4263 2796 4334 proprio
2832 4261 3137 4333 genimine;
3169 4261 3331 4331 idque
3377 4261 3444 4314 ad

1828 4426 1834 4431 l
1872 4358 2113 4413 divinam
2141 4368 2394 4412 naturam
2420 4356 2561 4411 male
2587 4354 2951 4414 transtulisti;
2985 4353 3129 4424 quod
3169 4357 3224 4408 in
3250 4363 3442 4407 natura

1869 4450 2056 4520 potius
2086 4449 2264 4520 genita
2311 4460 2606 4520 creataque
2654 4449 2927 4511 nsuvenit.
2989 4448 3042 4502 in
3095 4446 3205 4502 Deo
3259 4456 3439 4500 autem

1872 4559 1981 4599 non
2013 4542 2172 4597 valet.
2210 4541 2343 4596 Nam
2373 4550 2428 4598 et
2471 4541 2672 4612 alioqui
2729 4541 2895 4596 multa
2928 4541 3168 4611 quidem,
3207 4541 3336 4604 imo,
3383 4551 3442 4594 ut

1871 4648 1998 4688 vere
2027 4632 2224 4698 dicam,
2261 4633 2548 4688 innumera
2588 4633 2728 4703 apud
2771 4647 2871 4688 nos
2914 4631 3264 4693 usuveniunt,
3322 4646 3443 4700 qua:

1871 4741 1901 4780 a
1930 4724 2042 4781 Deo
2069 4740 2293 4796 prorsus
2325 4735 2454 4780 sunt
2500 4726 2700 4781 aliena.
2738 4723 2818 4778 Tu
2858 4739 3007 4790 vero,
3047 4724 3150 4778 hoc
3185 4733 3442 4792 tauquam

1869 4834 2060 4874 verum
2085 4819 2149 4874 de
2178 4817 2288 4874 Deo
2312 4833 2552 4884 sumens,
2589 4818 2670 4873 sic
2693 4816 2806 4872 fere
2832 4816 3116 4871 concludis
3144 4833 3157 4868 :
3185 4816 3239 4868 Si
3265 4815 3444 4868 omnis

1869 4911 2086 4982 genitor
2116 4910 2266 4981 prior
2307 4918 2391 4966 est
2418 4909 2639 4980 proprio
2695 4909 2990 4978 genimine,
3025 4907 3137 4977 jam
3176 4920 3284 4959 non
3341 4905 3446 4959 erit

1869 5003 2016 5072 quia
2051 5001 2208 5056 nobis
2231 5001 2474 5056 creditur
2511 4999 2682 5055 Filius
2707 4999 2852 5054 Patri
2885 5007 3190 5054 coaeternus
3230 5005 3284 5052 et
3313 5011 3445 5050 con-

1874 5092 2279 5148 substantialis.
2318 5091 2413 5146 Sin
2468 5093 2585 5146 vice
2617 5106 2774 5146 versa
2797 5103 3101 5145 coaeternus
3133 5099 3216 5145 est
3275 5087 3445 5142 Filius

1871 5182 2053 5251 Patri;
2118 5199 2280 5239 verax
2322 5191 2502 5238 autem
2555 5179 2774 5260 eﬂatum
2822 5186 2950 5234 est:
2988 5177 3179 5232 Omnis
3235 5177 3447 5247 genitor

1871 5277 2022 5345 prior
2051 5286 2135 5331 est
2164 5275 2386 5345 prOprio
2414 5273 2688 5345 genimine
2712 5288 2726 5338 ;
2767 5270 3080 5328 necessario
3136 5280 3325 5324 mutua
3356 5285 3444 5324 re-

1874 5368 2007 5421 latio
2029 5382 2094 5421 ex
2129 5377 2362 5436 utroque
2393 5364 2716 5434 sejungitur.

1945 5461 2000 5513 5.
2042 5458 2154 5513 Nec
2205 5459 2404 5512 mirum
2453 5465 2560 5520 est,
2597 5471 2631 5511 ο
2661 5455 2888 5527 optime,
2936 5453 2982 5511 si
3039 5468 3150 5509 uno
3205 5451 3444 5507 absurdo

1872 5567 2161 5616 concesso,
2194 5561 2452 5607 sexcenta
2494 5549 2811 5620 huiusmodi
2845 5555 3274 5616 consequantur.
3309 5543 3441 5597 Nam

1870 5648 1916 5703 si
1949 5647 2074 5716 quis
2105 5645 2383 5698 hominem
2429 5643 2749 5698 existimare
2789 5640 2916 5695 velit
2960 5639 3215 5709 lapidem,
3259 5635 3446 5690 multis

1877 5739 2021 5794 hunc
2049 5736 2330 5800 absurdis;
2363 5735 2472 5789 imo
2522 5733 2770 5801 inﬁnitis,
2802 5731 3101 5801 cepulabi-t.
3155 5729 3277 5784 Pari
3332 5726 3446 5783 fere

1879 5833 2120 5890 modotu
2172 5843 2390 5899 quoque
2436 5825 2826 5882 dictiunculam
2888 5825 3033 5878 lianc
3081 5822 3149 5878 de
3178 5823 3284 5877 Deo
3314 5833 3444 5890 pro-

2964 5913 3042 5975 26
