3978 6606
596 414 705 476 811

1874 396 2172 473 NICETAE
2209 408 2617 475 BYZANTINI
3708 424 3787 488 sit

608 528 891 594 nuntians,
926 544 1046 600 qua:
1084 539 1159 585 ait
1198 549 1214 583 :
1256 548 1273 580 ε
1311 527 1500 584 Omnis
1526 528 1742 599 genitor
1768 524 1916 599 prior
1946 538 2029 581 est
2055 541 2181 596 pro-

2296 526 2441 596 τερός
2478 527 2597 581 ἐστι
2626 524 2721 580 τοῦ
2749 526 2953 581 οἰκείου
2988 528 3351 607 γεννήματος,
3377 545 3395 581 ι
3428 528 3512 581 τὸν
3548 534 3785 605 παραλογι.

608 626 725 691 prio
757 623 1053 694 genimine,
1104 642 1121 673 ι
1160 624 1582 694 paralogismum
1615 621 1876 678 insidiose
1906 619 2179 676 struxisti.

598 713 722 770 lloc
750 715 915 785 igitur
948 713 1252 780 conlutato,
1288 717 1491 785 quippe
1523 716 1651 785 quia
1685 715 1752 768 de
1785 713 1895 767 Deo
1935 727 2185 788 pronun-

607 806 728 860 tiari
764 806 976 876 nequit,
1007 816 1238 877 utroque
1265 824 1330 861 ex
1362 809 1531 862 latere
1554 806 1952 861 ahsurtlitatetn
1988 804 2184 858 vitabi-

607 911 745 950 mus.
776 893 909 949 Natn
943 912 1184 966 prazsens
1203 913 1391 959 causa,
1418 913 1447 952 a
1469 898 1747 951 contraria
1772 908 1851 950 est
1882 899 2099 949 absens.
2122 893 2181 947 Si

603 1004 734 1057 ergo
764 988 993 1056 dictum,
1028 990 1207 1045 omnis
1234 991 1467 1061 genitor,
1502 1006 1529 1043 a
1560 1001 1739 1043 creata
1795 997 1986 1042 natura
2023 1000 2185 1056 prave

604 1088 905 1148 sumptum,
950 1080 1005 1133 in
1040 1080 1437 1135 absurditatent
1481 1080 1652 1133 trahit
1702 1080 1935 1132 dicentis
1970 1090 2183 1131 sermo-

602 1187 766 1237 nem,
802 1187 926 1226 cum
958 1173 1008 1226 id
1042 1174 1094 1225 in
1139 1173 1246 1227 Iuleo
1300 1190 1405 1227 non
1472 1172 1786 1236 usuveniat,
1846 1171 1966 1225 sine
2017 1168 2185 1223 dubio

601 1264 1001 1318 absunt-ditatem
1064 1266 1415 1331 vitabimus;
1475 1277 1527 1319 et
1583 1266 1973 1333 sempiternum
2022 1270 2185 1328 atque

597 1353 1096 1416 ronsuhstmtleh',
1144 1365 1196 1407 et
1254 1357 1605 1423 paternitatis
1643 1354 1993 1423 lilietatisque
2043 1352 2183 1404 rela-

603 1446 807 1498 tionem
838 1445 1152 1500 inviolatam
1175 1449 1565 1503 SCI‘VﬂliintllS.‘
1591 1448 1779 1504 Omnis
1806 1447 2015 1519 genitor
2037 1445 2185 1515 prior

596 1546 681 1591 est
710 1538 931 1608 preprio
961 1536 1253 1609 genimiue.
1293 1560 1310 1592 ι
1344 1541 1499 1611 Papa!
1537 1558 1647 1594 rem
1684 1540 1910 1594 miram!
1958 1553 2080 1608 utne
2126 1537 2179 1591 in

602 1646 690 1682 me
716 1630 936 1698 quidem
967 1641 1128 1701 teque
1161 1632 1281 1702 ipso
1316 1633 1478 1697 valet,
1518 1637 1607 1703 qui
1638 1632 1895 1687 facultate
1936 1631 2185 1684 homines

601 1737 817 1781 sumus.
849 1730 943 1775 aut
974 1724 1120 1777 aliud
1142 1725 1404 1794 quidvis;
1444 1725 1709 1779 ellieimur
1736 1733 1918 1778 autem
1955 1722 2029 1786 vi,
2055 1731 2185 1791 puta

601 1815 874 1884 genitores
903 1826 996 1870 aut
1031 1818 1325 1887 sapientes.
1378 1818 1445 1872 At
1479 1818 1568 1872 ubi
1611 1815 1927 1888 hujusmodi
1959 1814 2039 1869 vis
2076 1830 2182 1869 non

2287 617 2424 687 σμδν
2461 617 2975 690 συνεσκευὼρησας.
3000 618 3204 673 Τούτου
3237 616 3330 673 οὖν
3372 620 3694 692 ἐληλεγμένου
3725 632 3793 681 καὶ

2284 708 2470 780 χώραν
2505 708 2579 781 μὴ
2637 709 2852 781 ἔχοντος
2876 709 2937 764 τὸ
2975 711 3238 783 παράπαν
3292 711 3382 763 ἐπὶ
3410 712 3536 765 Θεοῦ
3578 714 3792 784 λέγεσθαι,

2284 798 2385 871 τὴν
2433 803 2513 864 είς
2568 802 2806 873 ἑκάτερα
2838 802 3070 857 ἀτοπίαν
3097 802 3469 873 ἐκφευξόμεθα
3498 821 3509 832 ·
3556 807 3639 859 καὶ
3682 809 3796 881 γὰρδ

2292 894 2469 965 παρὸν
2495 895 2688 958 αίτιον,
2722 896 2861 949 ἀπὸν
2907 896 3000 950 τοῦ
3042 898 3283 951 ἐναντίου
3317 915 3332 930 ο
3365 899 3411 950 εἱ
3461 897 3547 951 οὖν
3591 899 3660 965 τὸ,
3704 902 3799 955 liu-

2287 1003 2411 1049 στος
2458 989 2762 1059 γεννήτωρ,
2816 989 2925 1042 ἀπὸ
2980 989 3077 1061 τῆς
3134 991 3359 1061 κτιστῆς
3404 990 3604 1059 φύσεως
3656 996 3799 1058 κακῶς

2285 1077 2716 1149 λαμὸανόμενον,
2749 1083 2830 1144 εἰς
2854 1081 3055 1137 ἄτοπον
3084 1082 3172 1136 τὸν
3201 1083 3359 1151 λόγον
3390 1085 3603 1152 ἀπάγει,
3655 1088 3800 1141 τούτου

2286 1169 2470 1243 χώραν
2516 1172 2610 1225 ἐπὶ
2666 1172 2802 1226 Θεοῦ
2851 1174 2925 1243 μὴ
2973 1173 3214 1245 ἔχοντος,
3265 1175 3423 1240 δῆλον
3452 1177 3531 1229 ὅτι
3568 1178 3804 1234 militum

2286 1260 2684 1331 ἐκφευξόμεθα,
2713 1263 2776 1316 τό
2802 1282 2860 1316 τε
2892 1266 3162 1319 συνατδιον
3193 1268 3285 1319 καὶ
3309 1266 3604 1337 ὁμοούσιον,
3632 1271 3706 1321 καὶ
3731 1272 3804 1341 τὴν

2284 1354 2384 1423 τῆς
2416 1357 2752 1425 πατρότητος
2783 1359 2877 1410 καὶ
2906 1359 3155 1429 υίὸτητος
3199 1361 3405 1430 σχέσιν,
3460 1361 3679 1431 ἄτρωτον
3721 1364 3805 1417 δια·

2288 1444 2619 1516 φυλάξομεν.
2663 1467 2680 1498 ι
2723 1447 2991 1513 Ἕκαστος
3030 1454 3308 1523 γεννήτωρ
3345 1453 3593 1524 πρότερός
3620 1455 3715 1507 ἐστι
3740 1456 3805 1509 τοῦ

2286 1535 2488 1589 οἰκείου
2513 1540 2871 1610 γεννήματος.
2890 1561 2905 1591 ι
2937 1542 3110 1596 Βαόαὶ
3133 1543 3224 1596 τοῦ
3253 1543 3526 1613 θαύματος
3553 1546 3564 1598 !
3600 1546 3711 1614 περὶ
3734 1547 3806 1615 ἐμὲ

2287 1628 2383 1681 καὶ
2414 1630 2472 1683 σὲ
2495 1630 2676 1694 τοῦτο,
2711 1632 2762 1686 οἳ
2799 1633 2861 1686 τὸ
2891 1636 2987 1705 μὲν
3007 1636 3258 1707 ἐνεργείᾳ
3288 1636 3457 1707 ἐσμὲν
3500 1636 3807 1708 hepterem!

2288 1716 2465 1789 τύχοι,
2520 1720 2553 1790 ἢ
2589 1722 2719 1777 ἄλλο
2762 1741 2813 1777 τι
2840 1741 2855 1755 ο
2918 1725 2978 1779 τὸ
3017 1726 3073 1779 δὲ
3121 1727 3385 1799 γινόμεθα
3440 1727 3652 1799 δυνάμει
3680 1728 3805 1793 ὄντες,

2286 1806 2400 1865 οἷον
2424 1814 2745 1887 γεννήτορες
2774 1817 2807 1887 ἢ
2839 1818 3229 1891 ἐπιστήμονες,
3263 1821 3295 1893 ἢ
3318 1821 3448 1875 ἄλλο
3468 1834 3520 1873 τι
3543 1838 3557 1853 ο
3612 1823 3663 1873 ἐν
3687 1816 3748 1884 οἷς
3771 1823 3808 1874 δὲ

596 1908 880 1973 usuvenit,
927 1909 1040 1979 jam
1082 1918 1247 1979 patet,
1306 1912 1611 1980 prioratum
1666 1911 1928 1981 genitoris
1962 1910 2188 1965 relative

2296 1905 2351 1958 τὸ
2374 1906 2600 1974 δυνάμει
2626 1910 2814 1982 χώραν
2834 1911 2930 1983 οὐχ
2955 1912 3088 1981 ἕξει,
3120 1912 3280 1983 δῆλον
3302 1916 3385 1968 ὅτι
3431 1914 3491 1967 τὸ
3523 1913 3809 1985 προτερεύειν

600 2002 667 2055 ad
704 2005 943 2071 genitum
970 2018 1077 2056 non
1110 2004 1433 2059 subsistere.
1473 2005 1527 2058 Si
1558 2020 1689 2075 ergo
1710 2005 1791 2058 vis
1812 2021 1841 2059 a
1868 2004 1977 2060 Deo
2006 2002 2185 2058 aliena

600 2106 683 2149 est
729 2096 874 2161 (nam
902 2096 981 2151 vis
1034 2097 1291 2166 passione
1318 2113 1427 2151 non
1472 2108 1658 2164 caret;
1694 2099 1775 2152 vis
1814 2098 1998 2168 aliquo
2032 2107 2183 2152 exte-

598 2189 744 2242 riore
786 2189 1031 2259 indiget;
1076 2190 1158 2246 vis
1198 2198 1283 2245 est
1332 2191 1400 2247 de
1446 2206 1645 2260 genere
1691 2190 2133 2261 imper-lectorum
2170 2208 2183 2250 :

601 2280 745 2335 Deus
786 2295 968 2335 autem
1019 2298 1185 2352 supra
1213 2283 1327 2337 haec
1361 2282 1544 2337 omnia
1574 2283 1688 2352 est)
1752 2284 1881 2338 satis
1942 2290 2088 2352 patet
2119 2296 2187 2335 ne

594 2374 898 2443 prioratum
931 2377 1152 2445 quidem
1184 2378 1229 2429 ei
1263 2375 1580 2441 usuvenire,
1605 2375 1733 2446 quia
1763 2378 2039 2446 prioratus
2066 2374 2184 2429 sine

598 2466 782 2535 aliqua
814 2468 862 2520 vi
900 2482 1006 2521 non
1043 2468 1121 2521 tit.
1161 2487 1179 2521 ‹
1216 2467 1407 2523 Omnis
1436 2468 1649 2539 genitor
1682 2469 1830 2538 prior
1850 2476 1934 2523 est
1966 2466 2184 2537 proprio

601 2558 895 2625 genimine.
940 2575 961 2610 ρ
997 2556 1110 2612 lloc
1136 2568 1333 2612 creatae
1374 2566 1601 2626 naturae,
1632 2558 1734 2612 hoc
1785 2558 2045 2627 geniturae
2090 2572 2185 2625 per

598 2652 832 2715 ﬂuxum,
862 2651 1142 2721 proprium
1170 2662 1275 2713 est.
1304 2649 1436 2705 Nam
1464 2666 1701 2721 quorum
1726 2649 2047 2705 exsistentia
2085 2649 2176 2704 diu

601 2758 757 2796 versa
809 2752 916 2808 est,
970 2744 1164 2797 horum
1212 2759 1366 2813 aeque
1416 2743 1632 2798 diversa
1688 2742 1989 2814 generatio.
2044 2739 2185 2809 Ergo

603 2835 778 2890 tribus
800 2835 1098 2890 contrariis
1123 2836 1383 2904 sumptis,
1425 2843 1634 2901 creato,
1692 2834 1941 2905 inquam,
2004 2842 2059 2887 et
2100 2832 2184 2885 in-

598 2938 807 2993 creato,
837 2926 1086 2995 passibili
1134 2934 1186 2980 et
1228 2926 1572 2996 impassibili,
1610 2926 1795 2997 priore
1823 2940 1889 2979 ac
1931 2923 2185 2980 simulta-

601 3034 726 3085 nco,
756 3020 801 3074 si
833 3034 1165 3089 corporeum
1192 3019 1451 3089 passibile
1481 3028 1587 3084 est,
1619 3017 1977 3088 subsequitur
1999 3027 2182 3071 autem

604 3110 731 3165 huic
762 3109 915 3179 prius
937 3120 991 3164 et
1023 3110 1317 3180 posterius,
1357 3117 1503 3180 patet
1554 3110 1941 3179 incorporeum
1980 3110 2183 3178 impas-

601 3204 757 3258 sibile
778 3219 898 3259 esse
916 3219 979 3258 ac
1002 3204 1419 3259 sitnultaneum.
1457 3205 1535 3258 lta
1559 3203 1706 3257 enim
1735 3203 1925 3273 logica:
1944 3201 2183 3258 methodi
2216 3228 2260 3284 ο

600 3310 702 3352 nos
724 3296 938 3351 docent.

675 3477 730 3531 4.
773 3494 791 3527 ι
822 3475 1013 3531 Omnis
1069 3477 1281 3547 genitor
1318 3477 1465 3544 prior
1488 3484 1565 3531 est
1596 3477 1818 3546 preprio
1852 3474 2181 3546 genimine.»

607 3569 722 3624 Hoc
752 3570 827 3623 ait
850 3570 941 3639 qui
975 3570 1147 3638 legem
1182 3571 1297 3623 vult
1323 3568 1434 3623 Deo
1456 3568 1813 3633 constituere,
1849 3584 1955 3620 non
1996 3576 2179 3621 autem

607 3663 700 3733 qui
742 3664 1022 3717 veritatem
1052 3662 1206 3717 dicit.
1258 3663 1427 3732 Igitur
1480 3661 1810 3716 vocabulum
1860 3661 2067 3730 genitor
2110 3661 2192 3714 vel

609 3763 693 3806 est
721 3752 787 3805 de
813 3768 1044 3807 numero
1072 3768 1264 3808 eorum
1291 3768 1413 3822 qua:
1444 3766 1541 3822 per
1571 3766 1630 3806 se
1662 3761 1809 3817 sunt,
1848 3750 1931 3805 vel
1962 3765 2086 3821 quae
2124 3750 2191 3804 ad

608 3845 846 3915 aliquid.
883 3844 1046 3914 Atqui
1082 3860 1189 3898 non
1220 3852 1304 3899 est
1333 3860 1400 3898 ex
1436 3844 1505 3899 iis
1532 3859 1652 3912 qua:
1679 3858 1774 3913 per
1796 3857 1856 3895 se
1883 3851 2014 3898 sunt
2047 3861 2059 3896 :
2084 3858 2193 3897 non

606 3939 754 3992 enim
808 3938 874 3992 ad
913 3937 1166 4008 geniinen
1200 3937 1522 3991 relationem
1556 3938 1817 4004 haberet;
1850 3952 1982 4005 ergo
2019 3947 2193 3991 estex

608 4034 675 4087 iis
702 4047 823 4102 qum
856 4031 925 4085 ad
956 4030 1160 4101 aliquid
1195 4040 1357 4098 sunt;
1395 4044 1516 4100 quae
1552 4038 1736 4086 autem
1798 4038 1921 4085 sunt
1978 4028 2044 4082 ad
2095 4028 2195 4081 ali-

604 4125 758 4198 quid,
786 4125 1119 4181 simultauea
1139 4132 1348 4177 natura:
1379 4133 1541 4185 sunt;
1570 4138 1693 4192 quae
1718 4136 1845 4177 vero
1866 4121 2194 4177 simultanea

611 4228 841 4283 naturae,
881 4226 937 4272 et
967 4217 1295 4272 simultanea
1332 4225 1461 4270 sunt
1486 4224 1540 4269 et
1591 4231 1697 4270 non
1752 4223 1915 4281 sunt;
1945 4230 2076 4283 ergo
2106 4229 2195 4282 ge-

610 4312 750 4364 nitor
778 4319 1049 4379 quatenus
1084 4309 1319 4379 genitor,
1356 4308 1423 4362 ad
1485 4307 1690 4377 aliquid
1744 4306 2021 4361 exsistens
2056 4305 2197 4358 rela-

615 4402 818 4457 tionem
854 4402 1051 4457 habet:
1079 4417 1249 4471 quare
1286 4400 1440 4470 prius
1479 4411 1533 4454 et
1576 4398 1852 4470 posterius
1882 4413 1990 4451 non
2032 4396 2196 4450 babe-

612 4494 708 4547 hit.
741 4493 797 4546 Si
827 4508 961 4563 ergo
984 4494 1195 4563 genitor
1218 4508 1318 4547 nec
1340 4492 1494 4561 prius
1515 4491 1734 4545 habebit
1764 4505 1869 4543 nec
1883 4487 2157 4559 posterius
2178 4527 2193 4551 ,

2292 1998 2384 2052 τὸν
2404 2002 2706 2074 γεννήτορα
2735 2004 2831 2058 τοῦ
2865 2006 3203 2076 γεννήματος
3234 2008 3335 2061 οὐκ
3360 2006 3592 2079 ἔρρωται
3611 2020 3623 2034 ⁸
3671 2007 3711 2058 εί
3733 2006 3811 2057 τοί-

2294 2108 2388 2143 νυν
2420 2094 2511 2145 ὲπὶ
2547 2093 2684 2147 Θεοῦ
2711 2096 2771 2149 τὸ
2800 2097 3029 2165 δυνάμει
3063 2099 3343 2170 ἀλλότριον
3377 2100 3495 2169 (καὶ
3528 2099 3628 2168 γὰρ
3672 2098 3721 2150 τὸ
3744 2098 3808 2149 δυ-

2300 2184 2461 2254 νάμει
2488 2187 2627 2255 μετὰ
2658 2188 2884 2254 πάθους,
2902 2191 2963 2242 τὸ
2982 2190 3209 2258 δυνάμει
3236 2192 3344 2245 τῶν
3384 2190 3577 2255 ἔξωθεν
3616 2192 3811 2258 «poetirio

2293 2290 2405 2337 ται,
2455 2277 2516 2329 τὸ
2559 2277 2789 2348 δυνάμει
2838 2282 2948 2333 τῶν
2977 2282 3185 2347 ἁτελῷν
3218 2299 3233 2312 ·
3263 2285 3290 2336 ὁ
3335 2282 3393 2334 δὲ
3421 2282 3549 2345 Θεὸς
3576 2281 3810 2351 (infamat

2294 2368 2499 2421 τούτων
2532 2369 2793 2439 πάντων),
2817 2370 2972 2441 δῆλον
3003 2374 3085 2426 ὅτι
3114 2377 3209 2427 καὶ
3238 2374 3584 2445 προτερεύειν
3606 2374 3690 2444 οὐχ
3735 2373 3811 2439 [Eu

2295 2458 2480 2529 χώραν
2531 2462 2621 2515 διὰ
2659 2462 2720 2515 τὸ
2784 2465 2913 2518 ἄνευ
2965 2464 3061 2518 τοῦ
3117 2466 3345 2536 δυνάμει
3394 2466 3548 2520 τοῦτο
3590 2465 3655 2537 μή
3695 2460 3809 2517 εἶναι.

2302 2553 2603 2619 ι”Εκαστος
2619 2557 2901 2628 γεννήτωρ
2919 2558 3183 2630 πρότερός
3206 2562 3323 2613 ἐστι
3350 2560 3449 2613 τοῦ
3472 2560 3655 2613 οἰκείου
3676 2560 3814 2627 γεννή-

2298 2662 2486 2714 ματος.
2520 2664 2539 2697 ι
2575 2646 2745 2701 Τοῦτο
2771 2648 2869 2719 τῆς
2896 2651 3120 2719 λτιστῆς
3147 2651 3388 2719 φύσεως,
3419 2652 3571 2706 τοῦτο
3616 2654 3699 2721 τῆς
3723 2653 3812 2721 psu-

2296 2738 2426 2807 στῆς
2486 2743 2790 2809 γεννήσεως
2820 2757 2833 2771 ·
2891 2741 2987 2794 καὶ
3033 2742 3143 2814 γὰρ
3176 2736 3251 2797 ὧν
3300 2743 3360 2796 τὸ
3402 2738 3540 2797 εἶναι
3597 2743 3811 2811 διάφορον,

2294 2830 2503 2884 τούτων
2536 2832 2633 2885 καὶ
2664 2832 2726 2885 τὸ
2752 2836 2949 2904 γεννᾷν
2977 2834 3255 2907 διάφορον.
3291 2836 3478 2907 Τριῶν
3524 2830 3610 2889 οὖν
3654 2834 3813 2887 ἀντιθέ-

2296 2941 2436 2978 σεων
2469 2923 2922 2996 λαμϐανομένων,
2964 2930 3107 2999 φημὶ
3137 2929 3201 2999 δὴ
3232 2928 3461 2983 κτιστοῦ
3490 2946 3547 2982 τε
3593 2928 3673 2981 καὶ
3700 2926 3812 2980 ἀκτῖ-

2303 3033 2454 3081 στου,
2490 3016 2774 3085 ὲμπαθοῦς
2818 3036 2877 3071 τε
2908 3022 2999 3073 καὶ
3034 3020 3301 3084 ἀπαθοῦς,
3350 3023 3614 3092 προτέρου
3663 3036 3708 3072 τε
3750 3020 3811 3069 καὶ

2296 3104 2435 3175 ἅμα,
2480 3108 2528 3158 εἰ
2563 3106 2937 3178 ήὲνσώματος
2969 3110 3246 3181 ὲμπαθή,
3280 3111 3470 3164 ἕπεται
3495 3112 3548 3165 δὲ
3588 3110 3731 3181 ταύτῃ
3769 3108 3810 3159 τὸ

2295 3197 2559 3268 πρότερον
2618 3198 2714 3251 καὶ
2770 3198 3016 3271 ὕστερον,
3074 3204 3312 3273 φανερὴν
3365 3206 3447 3256 ὅτι
3491 3208 3523 3273 ή
3585 3204 3811 3271 ἀσώματος

2296 3288 2511 3358 ἀπαθής
2564 3291 2657 3343 καὶ
2724 3291 2882 3361 ἆμα’
2935 3292 3092 3346 τοῦτο
3135 3294 3244 3365 γὰρ
3296 3298 3354 3349 αί
3400 3297 3607 3365 λογικαὶ
3654 3293 3813 3366 μέθοδοι

2299 3380 2430 3450 ήμῖν
2484 3380 2911 3451 διαγορεύουσιν.
3112 3401 3118 3406 '
3508 3434 3511 3435 ν

2365 3469 2427 3523 δ’.
2465 3491 2482 3523 ι
2521 3472 2791 3537 Ἕκαστος
2820 3474 3101 3546 γεννήτωρ
3132 3476 3400 3549 πρότερός
3431 3477 3541 3529 ἐστι
3567 3473 3648 3528 τοῦ
3668 3471 3816 3525 οίκείου

2296 3563 2651 3633 γεννήματος.
2684 3584 2703 3617 ι
2750 3564 2921 3620 Τοῦτο
2964 3566 3388 3638 νομοθετοῦντός
3414 3571 3557 3622 ἐστιν
3592 3569 3672 3621 ἐπὶ
3704 3564 3814 3623 Θεοῦ,

2295 3655 2357 3708 τὸ
2382 3654 2583 3725 ἀληθὲς
2612 3657 2669 3710 δὲ
2704 3657 2960 3726 οὐδαμῶς
2997 3658 3249 3727 λέγοντος
3281 3676 3297 3691 ο
3343 3663 3407 3714 τὸ
3448 3663 3618 3715 τοίνυν
3658 3656 3816 3729 γεννή-

2297 3762 2411 3814 τωρ
2442 3744 2636 3816 ὄνομα,
2662 3748 2779 3818 ἦτοι
2806 3748 2915 3801 τῶν
2944 3749 3067 3801 καθ’
3094 3749 3227 3803 αὑτό
3266 3752 3439 3815 ἐστιν,
3492 3751 3524 3821 ἢ
3578 3751 3673 3803 τῶν
3724 3746 3817 3816 πρός

2296 3855 2347 3891 τι
2375 3854 2388 3868 ο
2428 3838 2563 3891 ἀλλὰ
2593 3840 2701 3910 μὴν
2726 3840 2833 3894 τῶν
2866 3840 2990 3894 καθ’
3026 3842 3158 3895 αὐτὸ
3180 3844 3280 3896 οὐκ
3315 3843 3468 3897 ἐστιν
3496 3858 3511 3873 ⁸
3560 3843 3615 3896 οὐ
3650 3840 3737 3911 γὰρ
3774 3836 3817 3891 ἂν

2300 3929 2434 4001 πρὸς
2490 3931 2738 4003 γέννημα
2786 3933 2885 4005 τὴν
2935 3936 3218 4009 ἀναφορὰν
3259 3934 3377 4009 εἶχε
3422 3957 3436 3970 ⁸
3492 3938 3640 4009 δῆλον
3663 3932 3817 3990 ὅτιτῶν

2298 4022 2434 4092 πρός
2463 4039 2514 4075 τι
2540 4039 2554 4053 ·
2578 4024 2626 4075 εἰ
2659 4019 2750 4077 οὖν
2787 4026 2846 4076 τὸ
2862 4028 3169 4097 γεννήτωρ
3204 4029 3313 4082 τῶν
3341 4030 3484 4102 πρός
3501 4030 3553 4083 τί
3582 4031 3725 4091 ἐστιν,
3771 4023 3817 4075 τὰ

2297 4114 2351 4166 δὲ
2372 4115 2506 4185 πρός
2526 4132 2578 4167 τι
2610 4115 2725 4187 ἅμα
2752 4118 2817 4189 τῇ
2852 4117 3032 4185 φύσει,
3056 4120 3127 4172 τὰ
3161 4120 3217 4174 δὲ
3256 4121 3376 4192 ἅμα
3424 4126 3490 4194 τῇ
3540 4123 3699 4192 φύσει,
3740 4116 3819 4186 ἅμα

2298 4204 2357 4259 τέ
2385 4208 2524 4259 εἰσιν
2550 4208 2643 4261 καὶ
2680 4208 2782 4262 οὐκ
2807 4208 2971 4272 εἰσὶν,
3007 4212 3066 4263 τὸ
3093 4213 3400 4283 γεννήτωρ
3423 4214 3532 4285 ἄρα
3571 4212 3677 4267 καθ’
3696 4211 3719 4264 ὃ
3740 4225 3821 4277 γεν-

2298 4296 2503 4368 νήτωρ,
2534 4298 2668 4368 πρὸς
2695 4298 2752 4351 ὃν
2774 4300 2871 4369 τὴν
2901 4302 3181 4371 ἀναφορὰν
3210 4303 3347 4374 ἔχει,
3392 4307 3453 4359 τὸ
3500 4302 3735 4377 πρότερον
3758 4300 3821 4352 καὶ

2301 4385 2527 4458 ὕστερον
2551 4390 2649 4459 οὐχ
2677 4389 2809 4456 ἕξει.
2850 4392 2911 4445 Εἰ
2940 4390 3034 4447 οὖν
3074 4396 3133 4448 τὸ
3184 4398 3496 4469 γεννήτωρ
3524 4398 3583 4451 τὸ
3624 4395 3823 4465 πρότεροι

2302 4482 2395 4533 καὶ
2424 4480 2651 4552 ὕστερον
2676 4484 2773 4554 οὐχ
2795 4486 2926 4551 ἕξει,
2957 4488 3094 4557 ἔφης
3124 4488 3181 4542 δὲ
3206 4490 3287 4543 ὅτι
3332 4492 3565 4556 ἕκαστος
3609 4489 3823 4559 γεννήτωρ

612 4596 670 4639 ιιι
696 4601 823 4639 vero
863 4584 1001 4639 dicis
1031 4599 1250 4638 omnem
1285 4584 1587 4654 genitorem
1640 4582 1875 4651 priorem
1921 4595 2043 4634 esse
2074 4594 2190 4647 pro-

2306 4573 2567 4644 πρότερός
2600 4576 2714 4628 ἐστι
2748 4577 2840 4630 τοῦ
2869 4580 3072 4632 οἰκείου
3100 4584 3450 4653 γεννήματος
3484 4600 3497 4613 ο
3533 4580 3736 4654 φανερὸν
3770 4577 3824 4628 ὅτι

613 4677 733 4747 prio
752 4676 1049 4745 genimine,
1075 4683 1290 4729 constat
1310 4689 1415 4728 non
1438 4688 1559 4728 esse
1580 4672 1904 4743 genitorem,
1927 4677 2199 4739 quatenus

611 4778 696 4822 est
748 4767 980 4838 genitor,
1036 4766 1128 4820 sed
1165 4768 1467 4820 secundum
1532 4763 1741 4833 aliquid
1799 4761 1968 4826 aliud,
2039 4758 2199 4815 sicuti

617 4864 873 4918 Socrates
918 4870 972 4915 et
1000 4858 1215 4913 Petrus.
1259 4857 1530 4923 Quoniam
1587 4856 1773 4925 itaque
1824 4851 2085 4921 genitoris
2112 4864 2203 4903 nec

616 4971 737 5009 men
776 4956 829 5008 in
879 4953 987 5007 Deo
1024 4962 1177 5022 patre
1206 4950 1618 5021 hypostaticum
1666 4957 1772 5011 est,
1800 4954 1856 4999 et
1896 4944 2199 4998 secundum

618 5048 670 5103 id
703 5048 881 5103 solum
934 5047 1242 5116 proprietas
1302 5042 1663 5111 hypostaseos
1718 5038 2046 5102 denotatur;
2103 5034 2201 5089 de-

619 5153 980 5195 monstratum
1017 5153 1182 5206 porro
1241 5135 1363 5198 fuit,
1410 5133 1565 5204 quod
1618 5142 1707 5186 est
1759 5130 2043 5184 relativum
2095 5142 2201 5180 non

619 5233 819 5286 habere
843 5232 996 5300 prius
1024 5241 1077 5283 et
1103 5228 1380 5296 posterius
1406 5244 1420 5291 ;
1472 5234 1693 5279 constat
1736 5236 1867 5292 ergo
1898 5220 2066 5274 Deum
2096 5218 2201 5273 Pa-

619 5335 777 5385 trem,
821 5325 915 5391 qui
945 5333 1027 5376 est
1057 5321 1258 5390 proprii
1289 5318 1583 5388 geniminis
1612 5316 1849 5385 genitor,
1890 5313 2042 5382 prius
2092 5328 2200 5365 non

619 5420 840 5474 habere.
874 5414 1035 5481 Quod
1072 5416 1115 5469 si
1164 5429 1271 5467 non
1332 5413 1517 5473 habet,
1563 5417 1781 5464 constat
1808 5423 1925 5461 esse
1957 5406 2205 5460 simulta-

621 5525 785 5564 neem
817 5528 828 5562 :
860 5506 1006 5576 quod
1047 5506 1090 5560 si
1131 5504 1514 5567 simultaneus,
1539 5501 1701 5555 etiam
1761 5510 2063 5553 coazternus
2097 5504 2200 5550 est.

622 5602 765 5671 Ergo
794 5598 969 5653 Filius
994 5596 1141 5650 Patri
1189 5604 1495 5650 coeternus
1525 5602 1610 5647 est
1645 5609 1659 5646 :
1694 5600 1858 5658 atque
1899 5589 1975 5642 ita
2010 5588 2062 5641 in
2096 5603 2205 5658 quo

620 5692 1023 5749 circumvenire
1076 5688 1310 5759 putabas
1332 5726 1346 5749 ,
1402 5687 1817 5741 circumventus
1849 5696 1927 5736 es.
1960 5698 1978 5731 ι
2015 5678 2205 5737 Omnis

633 5788 849 5857 genitor
875 5786 1022 5855 prior
1057 5790 1142 5836 est
1157 5779 1432 5848 genimine
1459 5792 1580 5831 suo.
1614 5795 1631 5827 ι
1654 5773 1823 5827 Nobis
1858 5772 2075 5841 quidem
2106 5772 2207 5825 hoc

627 5876 883 5932 usuvenit
920 5893 933 5939 ;
970 5872 1115 5943 quod
1161 5869 1381 5939 quidem
1430 5869 1506 5921 ita
1557 5881 1616 5920 sc
1666 5864 1903 5928 habere,
1968 5862 2092 5916 hinc
2148 5862 2206 5915 lit

2305 4664 2367 4716 τὸ
2410 4666 2734 4736 γεννήτωρ,
2784 4670 2844 4721 οὐ
2877 4671 2997 4723 καθ’
3044 4673 3071 4724 ὃ
3114 4676 3422 4745 γεννήτωρ,
3457 4676 3590 4729 ἀλλὰ
3621 4667 3827 4727 κατ’ᾰλλο

2304 4775 2377 4823 τι,
2417 4762 2539 4813 καθ’
2561 4760 2588 4813 ὃ
2612 4762 2909 4835 Σωκράτης
2944 4766 2975 4835 ἢ
3012 4767 3236 4837 Πέτρος.
3269 4769 3330 4821 Ei
3356 4766 3453 4824 οὖν
3500 4769 3558 4822 τὸ
3590 4761 3827 4837 γεννήτωρ

2305 4848 2476 4919 ὄνομα
2513 4853 2606 4904 ἐπὶ
2644 4852 2780 4906 Θεοῦ
2816 4857 2907 4908 καὶ
2937 4858 3147 4928 [ιατρὸς
3202 4860 3568 4914 ὑποστατικόν
3612 4862 3728 4920 ἐστι,
3765 4852 3828 4903 καὶ

2308 4943 2447 4994 κατὰ
2483 4943 2641 4996 τοῦτο
2673 4945 2833 5013 μόνον
2852 4947 2911 4999 τὸ
2942 4948 3073 5001 ἴδιον
3100 4949 3199 5020 τῆς
3231 4951 3585 5014 ὑποστάσεως
3611 4956 3827 5019 Impar-‘3'

2307 5032 2551 5100 ρίζεται’
2595 5034 2751 5087 τοῦτο
2779 5036 2835 5089 δὲ
2866 5037 3133 5093 δέδεικται
3169 5042 3306 5112 πρὸς
3362 5043 3424 5095 ὂν
3480 5044 3576 5112 τὴν
3616 5034 3829 5105 ἀναφοράν

2305 5124 2367 5175 τὸ
2393 5122 2657 5196 πρότερον
2677 5128 2772 5180 καὶ
2813 5127 3041 5199 ὕστερον
3075 5134 3151 5203 μή
3184 5134 3329 5203 ἕχον,
3388 5134 3617 5205 φανερὸν
3646 5131 3734 5197 ἄρα
3775 5126 3829 5177 ὅτι

2306 5217 2335 5268 ὁ
2372 5216 2503 5280 85b;
2554 5218 2645 5271 καὶ
2684 5220 2873 5292 Πατήρ
2924 5226 3205 5296 γεννήτωρ
3254 5226 3349 5293 ὢν,
3390 5228 3488 5281 τοῦ
3524 5225 3707 5280 οίιιείου
3747 5236 3831 5285 τεν·

2307 5310 2567 5379 νήματος,
2611 5313 2671 5364 τὸ
2722 5316 2985 5391 πρότερον
3046 5320 3145 5390 οὐχ
3183 5322 3295 5387 ἕξει
3327 5338 3342 5352 °
3393 5323 3444 5374 εί
3491 5320 3547 5373 δὲ
3606 5318 3696 5386 οὐχ
3737 5312 3829 5377 ἕξειν

2306 5402 2465 5471 δῆλον
2512 5405 2593 5457 ὅτι
2653 5406 2771 5475 ἅμα
2803 5425 2817 5439 ·
2873 5412 2921 5462 εἰ
2953 5410 3010 5463 δὲ
3054 5412 3189 5482 ἅμα,
3222 5414 3314 5467 καὶ
3355 5414 3621 5474 συναῖδιος
3651 5427 3663 5441 ⁶
3691 5411 3713 5461 ὁ
3743 5404 3832 5461 Υίδέ

2307 5496 2415 5566 ἄρα
2470 5496 2563 5550 τοῦ
2632 5500 2842 5571 Πατρὸς
2890 5505 3161 5568 συναῖδιὸς
3222 5510 3337 5559 ἐστι
3374 5524 3388 5539 ’
3448 5508 3541 5559 καὶ
3589 5502 3738 5562 οὕτως
3785 5494 3831 5547 δι’

2307 5581 2368 5640 οὗ
2431 5588 2635 5654 ἐδόκεις
2703 5594 3075 5664 παρακρούειν
3103 5638 3117 5662 ,
3159 5598 3625 5668 παρακέκρουσαι.
3663 5612 3679 5643 ι
3710 5590 3835 5641 "Ex:-

2312 5696 2434 5743 στος
2461 5682 2739 5753 γεννήτωρ
2774 5686 3040 5757 πρότερός
3072 5690 3189 5743 ἐστι
3220 5689 3309 5743 τοῦ
3358 5690 3563 5757 οἰκείου
3613 5681 3832 5755 γεννήμα⁸

2310 5787 2417 5833 τος.
2466 5790 2482 5821 ι
2524 5771 2692 5826 Τοῦτο
2739 5776 2796 5828 ἐν
2830 5779 2961 5847 ἡμῖν
3000 5778 3186 5852 χώραν
3237 5781 3349 5852 ἔχει
3393 5798 3409 5814 ο
3454 5782 3549 5836 καὶ
3597 5766 3669 5833 ὅτι
3706 5772 3833 5827 οὕτως

2314 5861 2448 5930 ἔχει,
2480 5861 2636 5933 δῆλον
2658 5867 2906 5923 ἐντεῦθεν
2941 5887 2956 5903 °
2988 5872 3147 5929 Πᾶσα
3186 5872 3441 5944 δύναμις,
3477 5872 3617 5935 τινὸς
3668 5869 3830 5921 ἕνεκ’
