3978 6610
311 539 355 591 εἱ
404 528 522 600 γὰρ
563 527 638 598 μὴ
684 524 849 579 ἕνεκά
906 540 1071 589 τινος,
1126 523 1349 593 μάτην’

320 624 441 685 Bal);
475 622 635 684 ποιεῖ,
662 617 783 672 οὔτε
816 617 1026 688 ἡφύσις
1064 632 1078 647 ο
1116 615 1273 684 δῆλον
1326 616 1407 669 ὅτι
1445 615 1605 668 ἕνεκα
1639 631 1652 644 ο
1689 615 1736 667 εἰ
1789 608 1881 666 οὖν

323 719 353 788 ή
386 714 608 783 δύναμις
646 710 809 765 ἕνεκά
838 727 1003 774 τινος,
1028 708 1188 780 δῆλον
1225 708 1307 761 ὅτι
1339 707 1433 760 καὶ
1474 706 1535 760 τὸ
1561 704 1823 759 δύνασθαι
1866 721 1880 735 θ

322 808 420 860 πᾶν
454 804 507 855 δὲ
536 802 595 855 τὸ
623 800 880 855 δύνασθαί
906 818 957 853 τι
986 803 1183 866 ποιεῖν,
1218 800 1312 853 καὶ
1351 800 1583 870 ποιήσει.
1620 800 1668 851 εἰ
1715 798 1787 869 μή
1832 815 1883 849 τι

317 898 374 951 τὸ
401 894 801 966 παρεμποδίζον
837 910 850 923 '
880 895 928 946 εἰ
966 892 1057 947 οῦν
1084 894 1141 945 ὲν
1171 894 1300 963 ἡμῖν
1330 891 1477 945 ἔστιν
1499 890 1736 959 ἔμφυτος
1795 891 1885 943 δύ·

317 1006 468 1059 ναμις
490 987 550 1039 τὸ
569 990 927 1051 τεκνοποιετν,
959 984 1319 1057 κεκωλύμεθα
1336 985 1413 1049 δὲ,
1440 984 1596 1055 δῆλον
1624 984 1706 1035 ὅτι
1739 1000 1881 1053 παρ-

315 1078 686 1151 εμπσδίζοντός
720 1095 863 1142 τινος
896 1094 910 1108 °
934 1079 989 1131 ὲν
1028 1077 1083 1130 δὲ
1108 1078 1186 1147 τῷ
1224 1077 1343 1147 Θεῴ
1371 1077 1522 1131 οὐδὲν
1574 1076 1885 1129 ἀντίσθενον

314 1176 344 1244 ἦ
395 1171 793 1242 παρεμποδίζον
828 1187 840 1199 ’
880 1170 1113 1241 φανερὸν
1133 1172 1215 1223 ὅτι
1247 1170 1341 1224 καὶ
1382 1169 1699 1240 ἡγέννησις
1744 1167 1883 1237 σύμ-

314 1282 470 1335 φυτος
505 1281 518 1294 ο
551 1264 681 1316 εἰδὲ
716 1263 1017 1333 σύμφυτος,
1055 1263 1147 1316 καὶ
1195 1263 1342 1332 ἅμα·
1390 1265 1438 1315 εἰ
1500 1261 1557 1315 δὲ
1625 1261 1763 1329 ἅμα,
1824 1260 1883 1311 οὐ

314 1355 569 1427 πρότερον
602 1356 694 1407 καὶ
726 1354 952 1425 ὕστερον
984 1372 995 1383 ⁸
1030 1354 1170 1408 ὥστε
1210 1354 1366 1425 δῆλον
1401 1355 1482 1407 ὅτι
1511 1353 1572 1407 τὸ
1620 1354 1885 1424 πρότερον

312 1447 398 1499 καὶ
429 1444 651 1514 ὕστερον
691 1446 782 1497 ἐπὶ
838 1446 973 1499 Θεοῦ
1032 1446 1218 1519 χώραν
1273 1448 1372 1500 οὐκ
1425 1446 1887 1518 ἔχει.«Ἔκαστος

310 1539 580 1609 γεννήτωρ
641 1540 905 1611 πρότερός
969 1542 1084 1593 ἐστι
1131 1540 1221 1594 τοῦ
1244 1542 1448 1595 οἰκείου
1484 1542 1880 1613 γεννήματος.»

310 1633 473 1684 Πόθεν
515 1631 613 1694 τὰς
659 1634 854 1704 ἀρχὰς,
896 1625 942 1685 ὦ
995 1628 1171 1699 οὗτος,
1220 1634 1491 1707 εΓι.ηφας;
1548 1637 1595 1688 οἱ
1641 1635 1740 1705 μὲν
1778 1635 1886 1707 γὰρ

310 1724 467 1793 μηδὲν
492 1726 670 1778 κοινὸν
696 1726 789 1778 τοῦ
819 1727 1036 1781 κτίστου
1088 1728 1183 1781 καὶ
1220 1728 1329 1781 τῶν
1377 1729 1692 1800 κτισμάτων
1750 1729 1886 1781 ὑποο

305 1814 605 1882 τιθέμενοι,
652 1817 879 1881 ἑαυτοὺς
943 1818 1443 1889 παραλογίζονται,
1527 1821 1737 1883 ταυτῶς
1794 1821 1886 1873 ἐπὶ

1454 406 1884 469 REF-UTATIO
1946 407 2417 468 MOHAMEDIS.

1402 523 1579 593 μάτην
1610 522 1666 575 δὲ
1699 520 1819 574 οὔτε
1853 522 1880 573 ὀ

1996 520 2365 577 manifestum.
2397 519 2642 575 Potentia
2680 519 2857 574 omnis
2913 530 3133 590 propter
3173 522 3374 593 aliquid
3427 537 3510 582 est
3545 541 3559 578 :

3449 411 3553 474 8H

1990 629 2113 666 nam
2146 614 2190 666 si
2227 620 2444 683 propter
2490 612 2691 681 aliquid
2733 628 2837 666 non
2900 614 2990 678 sit,
3050 630 3187 668 vana
3248 627 3375 673 est:
3426 618 3564 677 nihil

1988 720 2150 773 porro
2184 721 2379 758 vanum
2418 705 2559 759 Deus
2600 705 2729 758 facit
2792 721 2969 775 neque
3022 715 3237 762 natura.
3297 707 3392 762 Est
3432 725 3563 779 ergo

1988 798 2211 865 prOpler
2261 794 2490 866 aliquid.
2542 796 2597 850 Si
2634 812 2764 865 ergo
2817 797 3062 867 potentia
3112 808 3332 868 propter
3358 800 3565 869 aliquid

1988 897 2090 948 est,
2127 897 2274 957 patet
2297 888 2439 958 quod
2468 890 2630 943 etiam
2658 904 2847 959 posse;
2882 905 3041 944 omne
3092 900 3274 944 autem
3305 894 3451 962 quod
3484 891 3568 947 fa-

1988 993 2109 1029 cere
2142 977 2345 1047 aliquid
2387 987 2585 1047 potest,
2635 994 2692 1031 re
2751 993 2971 1047 quoque
3024 994 3150 1033 vera
3214 978 3393 1044 faciet,
3457 979 3562 1034 nisi

1993 1068 2198 1138 aliquid
2224 1070 2513 1126 obstiterit.
2546 1070 2597 1123 Si
2630 1086 2758 1140 ergo
2790 1070 2842 1123 in
2873 1071 3030 1126 nobis
3073 1079 3156 1125 est
3186 1070 3348 1127 insita
3382 1081 3569 1140 poten-

1991 1161 2059 1214 tia
2096 1161 2298 1217 liberos
2345 1162 2622 1233 gignendi,
2688 1164 3047 1234 prohibemur
3092 1172 3295 1225 autem,
3353 1170 3566 1219 constat

1990 1253 2131 1322 quod
2166 1254 2372 1325 aliquid
2412 1269 2511 1310 nos
2545 1256 2822 1325 impediat.
2858 1257 3022 1327 Atqui
3054 1256 3163 1311 Deo
3191 1257 3325 1310 nihil
3360 1257 3569 1313 resistit

1991 1358 2084 1401 aut
2115 1348 2296 1403 obstat
2339 1366 2351 1402 :
2391 1358 2608 1403 constat
2653 1363 2781 1418 ergo
2814 1348 3219 1419 generationem
3271 1364 3488 1420 quoque
3518 1349 3569 1403 ei

1990 1454 2113 1493 esse
2162 1441 2579 1495 eonnaturalem
2628 1440 2812 1509 :quod
2860 1440 2905 1494 si
2942 1440 3342 1504 counaturalis,
3375 1439 3568 1496 simul-

1991 1542 2150 1587 lanea
2182 1547 2401 1601 quoque
2433 1541 2553 1600 est;
2592 1517 2733 1601 quod
2766 1533 2812 1587 si
2872 1530 3223 1591 simultanca.
3282 1532 3392 1600 jam
3456 1546 3567 1585 non

1991 1632 2077 1678 est
2112 1624 2264 1693 prior
2289 1640 2389 1679 nec
2421 1625 2691 1694 posterior
2727 1642 2740 1678 :
2778 1612 3173 1681 undeconstat
3205 1625 3360 1694 prius
3380 1634 3431 1679 et
3467 1640 3569 1694 po-

1988 1717 2192 1771 sterius
2220 1717 2273 1771 in
2305 1716 2412 1772 Deo
2441 1733 2549 1773 non
2574 1718 2886 1774 usuvenire.
2912 1737 2930 1769 ο
2959 1717 3151 1773 Omnis
3177 1718 3390 1789 genitor
3424 1720 3572 1787 prior

1991 1819 2076 1864 est
2102 1809 2323 1879 proprio
2349 1811 2679 1879 genimine.»
2714 1809 2996 1864 Undenam
3030 1810 3368 1879 principia,o
3386 1811 3567 1874 sodes,

304 1904 432 1958 Θεοῦ
460 1908 556 1958 καὶ
596 1906 705 1959 τῶν
746 1908 1063 1979 κτισμάτων
1108 1911 1203 1972 τὰς
1260 1911 1410 1974 θείας
1450 1912 1633 1979 φωνὰς
1673 1913 1882 1980 ἐκλαμ-

1996 1899 2311 1967 sumpsisti?
2345 1897 2479 1952 Nam
2518 1900 2611 1969 qui
2666 1900 2800 1953 nihil
2828 1915 2950 1955 esse
2983 1915 3276 1955 commune
3323 1899 3568 1954 Creatori

305 1996 553 2061 ϐάνοντες
582 2015 595 2029 ’
632 1998 723 2052 καὶ
752 2000 810 2052 τὸ
833 2000 1097 2071 πρότερον
1123 2002 1319 2072 λῆμμα
1348 2003 1435 2056 διὰ
1480 2001 1573 2055 τοῦ
1629 2002 1882 2072 δευτέρου

302 2087 789 2159 ἐξοστρακίζεται,
843 2092 936 2144 καὶ
991 2079 1151 2144 πάλιν
1204 2092 1294 2146 διὰ
1354 2092 1447 2147 τοῦ
1506 2094 1773 2165 προτέρου
1825 2095 1885 2146 τὸ

300 2179 551 2250 δεύτερον
582 2198 597 2213 ο
634 2182 861 2253 καὶγὰρ
901 2186 949 2237 εξ
983 2186 1091 2237 πᾶν
1134 2186 1345 2257 ποίημα
1404 2184 1581 2250 ἐνδεές
1612 2187 1738 2239 ἐστι
1793 2185 1883 2239 τοῦ

301 2268 627 2336 ποιήσαντος
655 2269 741 2322 διὰ
772 2270 833 2323 τὸ
853 2270 1069 2341 πρῶτον
1102 2272 1324 2342 ἀξίωμα
1353 2287 1365 2300 ⁸
1388 2273 1417 2325 ὁ
1449 2273 1506 2326 δὲ
1546 2274 1611 2328 ὲκ
1631 2274 1725 2326 τοῦ
1754 2290 1883 2343 γεν-

300 2362 527 2431 νήτορος
560 2362 752 2430 Λόγος,
791 2365 856 2416 ἐκ
880 2363 991 2416 τῶν
1022 2367 1342 2435 ποιημάτων
1367 2366 1458 2419 τὸν
1486 2366 1719 2438 ποιητὴν
1748 2365 1882 2437 πρό-

299 2468 451 2521 τερον
484 2455 1027 2524 κατασυλλογίζεται,
1060 2458 1237 2521 ἐνδεές
1268 2459 1326 2512 τέ
1360 2461 1477 2513 ἐστι
1507 2461 1603 2514 καὶ¹
1640 2460 1741 2515 οὐκ
1796 2462 1885 2515 ὲν-

300 2544 431 2608 δεὲς,
465 2547 565 2599 καὶ
613 2548 809 2617 ταυῲν
848 2550 908 2602 οὗ
953 2551 1148 2607 ταυτὸν
1180 2554 1291 2607 πᾶν
1332 2552 1545 2627 ποίημα
1594 2554 1688 2609 τοῦ
1732 2557 1885 2627 ποιή-

301 2650 516 2706 σαντος,
548 2638 683 2711 ὅπερ
714 2638 993 2696 ἀδύνατον.

367 2811 427 2869 ε’.
464 2814 714 2887 Εἵδωμεν
735 2818 789 2871 δὲ
823 2819 915 2872 καὶ
943 2820 1001 2874 τὸ
1031 2822 1424 2896 ἐπιφερόμενον
1464 2842 1479 2859 ο
1514 2826 1625 2897 ἔχει
1684 2828 1739 2882 δὲ
1793 2830 1886 2883 καὶ

302 2906 467 2972 οὕτως
503 2924 519 2938 ’
556 2927 574 2960 ι
627 2910 846 2983 Ἐπειδὴ
881 2912 974 2987 ἐὰν
1009 2916 1210 2985 ἡγῆσαι
1239 2918 1366 2987 μίαν
1420 2920 1594 2993 ἀρχὴν
1646 2923 1888 2993 ἀμφοτέ-

305 3014 435 3063 ροις,
461 3000 564 3053 τοῦ
590 3017 647 3053 τε
683 3002 895 3075 Πατρὺς
956 3007 1050 3059 καὶ
1088 3007 1242 3073 Υὶοῦ,
1300 3012 1599 3067 ἀπόλλυται
1645 3015 1679 3085 ή
1732 3011 1885 3080 τάξις

298 3091 391 3159 τῆς
422 3093 668 3163 σχέσεως
702 3096 893 3166 ήοῦσα
922 3100 988 3151 ὲκ
1009 3100 1101 3153 τοῦ
1148 3104 1472 3176 γεννήτορος
1505 3106 1639 3177 πρὸς
1667 3107 1727 3160 τὸ
1760 3109 1885 3176 γέν-

299 3200 483 3254 νημαο
527 3186 622 3239 καὶ
651 3191 1130 3258 καταναγκάζεται
1172 3196 1204 3265 ἡ
1240 3196 1431 3266 κλῆσις
1484 3200 1591 3251 τῶν
1645 3201 1885 3270 ἀμεροτέ-

303 3294 407 3343 ρων
435 3280 776 3351 χωρισθῆναι
802 3283 897 3335 τοῦ
945 3289 1337 3357 γεγεννηκότος
1391 3291 1485 3344 καὶ
1531 3294 1887 3363 γεννήματος,

298 3368 389 3460 τοῦ
428 3374 883 3446 προϋπάρχοντος
918 3380 1012 3432 καὶ
1059 3384 1577 3454 μεταγενεστέρου.»
1622 3387 1889 3460 ’Δπήλλα-

302 3459 394 3526 ξας
414 3466 567 3533 ἡμᾶς
596 3468 960 3537 πραγμάτων.
994 3464 1039 3524 ὧ
1070 3473 1257 3540 φίλος,
1279 3474 1511 3541 ἐξειπὼν
1548 3478 1607 3530 τὸ
1646 3459 1893 3551 ἀπόρρη-

298 3571 385 3606 τον
427 3572 440 3584 ·
477 3558 533 3608 εξ
562 3557 661 3627 μὲν
690 3560 796 3632 γάρ
834 3561 1023 3633 ἑώρων
1052 3563 1111 3616 τὸ
1142 3566 1295 3635 παρὰ
1336 3568 1429 3620 σοῦ
1461 3569 1723 3641 προτεθὲν
1754 3571 1890 3640 λημ-

302 3649 493 3713 μάτιον
526 3651 589 3703 τὸ
621 3652 796 3721 λέγον,
823 3674 841 3705 ι
871 3655 1142 3721 Ἕκαστος
1174 3661 1455 3731 γεννήτωρ
1489 3663 1750 3733 πρότερός
1778 3664 1893 3715 ἐστι

299 3742 391 3795 τοῦ
416 3744 630 3796 οἰκείου
650 3750 1009 3816 γεννήματος,
1044 3769 1062 3801 ι
1093 3751 1187 3803 ἐπὶ
1210 3751 1346 3804 Θεοῦ
1377 3752 1560 3825 χώραν
1590 3754 1734 3824 ἕχον,
1752 3754 1893 3825 τάχα

298 3834 363 3886 ἂν
386 3838 479 3890 καὶ
511 3836 594 3909 μὴ
620 3839 786 3893 θέλων
817 3844 879 3913 τῇ
908 3842 1134 3915 ἀληθείᾳ
1165 3846 1647 3917 συνεφελκόμενος,
1696 3848 1789 3901 καὶ
1834 3846 1894 3900 τὸ

296 3928 559 4001 δεύτερον
586 3932 901 4002 ὡμολόγουν
926 3952 940 3968 ⁸
973 3937 1092 3990 ἐπεὶ
1126 3938 1180 3990 δὲ
1214 3938 1373 3992 τοῦτο
1406 3940 1570 3993 ἕωλον
1592 3941 1683 3993 καὶ
1717 3941 1893 4010 πάντη

299 4020 496 4087 ψευδὲς
533 4022 628 4075 ἐπὶ
658 4023 795 4076 Θεοῦ
828 4026 920 4079 καὶ
961 4027 1241 4100 ἀλλότριον
1279 4032 1307 4083 ὁ
1344 4028 1500 4098 λόγος
1554 4031 1775 4098 ἔδειξεν,
1831 4030 1893 4084 οὔ

301 4130 370 4182 με
408 4114 579 4183 λόγος
614 4119 1023 4187 καταναγκάσει
1068 4124 1251 4175 καὶτὸ
1294 4124 1691 4194 ἐπιφερόμενον
1744 4124 1895 4178 mea-

300 4221 387 4259 ναι
418 4223 431 4236 ·
463 4208 566 4261 καὶ
601 4209 704 4280 γὰρ
730 4210 822 4265 ἐὰν
852 4211 945 4265 δύο
974 4215 1095 4267 τινὰ
1125 4208 1245 4279 ὦσι,
1279 4216 1373 4269 καὶ
1394 4215 1456 4268 τὸ
1484 4217 1582 4287 μὲν
1634 4219 1692 4269 ἐν
1744 4216 1897 4283 τάξει

297 4302 619 4370 ἡγουμένου
650 4302 927 4374 εἴληπται,
959 4306 1018 4359 τὸ
1058 4307 1112 4361 δὲ
1137 4311 1194 4362 ὲν
1219 4312 1285 4380 τῇ
1309 4308 1401 4363 τοῦ
1427 4311 1716 4381 ἑπόμενον,
1740 4311 1898 4381 δῆλον

297 4393 380 4445 ὅτι
413 4394 512 4447 τοῦ
549 4396 854 4467 ἡγουμένου
908 4401 1361 4472 ὁμολογηθέντος,
1413 4404 1597 4459 καὶτὸ
1634 4405 1900 4475 ἑπόμενον

299 4483 524 4552 sals-car
552 4489 649 4558 οὐχ
665 4490 854 4558 ἕψεται
881 4491 958 4555 δὲ,
984 4495 1078 4547 τοῦ
1092 4496 1395 4564 ἡγουμένου
1414 4497 1675 4567 μηδαμῶς
1717 4498 1901 4569 ὁμολο.

1988 2004 2111 2044 cum
2138 1991 2403 2045 creaturis
2437 1991 2688 2055 credunt,
2721 2000 2908 2045 errant
2941 1992 3067 2045 dum
3108 1992 3299 2045 eodem
3326 2006 3489 2045 sensu
3516 2000 3571 2045 et

1986 2081 2054 2136 de
2080 2080 2189 2136 Deo
2218 2091 2271 2137 et
2303 2082 2369 2136 tle
2396 2083 2665 2137 creaturis
2691 2083 2874 2136 divina
2903 2083 3166 2137 vocabula
3211 2091 3437 2137 sumunt
3462 2099 3477 2149 ;
3516 2092 3571 2137 et

1986 2174 2139 2244 prius
2169 2175 2368 2230 lemma
2410 2191 2439 2228 a
2476 2176 2719 2230 secundo
2770 2176 3117 2241 excluditur;
3159 2175 3510 2244 vicissimque
3538 2189 3567 2226 a

1987 2268 2170 2337 priore
2201 2268 2525 2323 secundum.
2558 2268 2770 2322 Etenim
2805 2269 2849 2323 si
2879 2268 3059 2323 omnis
3097 2267 3309 2324 factura
3342 2265 3571 2322 inferior

1985 2369 2067 2415 est
2098 2359 2323 2426 faetore,
2371 2370 2592 2431 propter
2657 2362 2931 2431 prioratus
2991 2361 3308 2432 dignitatem
3355 2378 3369 2427 ;
3418 2363 3566 2431 quod

1986 2462 2166 2508 autem
2198 2464 2281 2508 est
2324 2470 2387 2508 ex
2414 2455 2656 2523 genitore
2681 2452 2938 2521 Verbum,
2965 2471 3029 2507 ex
3055 2454 3277 2508 {acturis
3309 2454 3569 2510 factorem

1986 2545 2169 2615 arguit
2191 2560 2312 2601 esse
2343 2546 2541 2616 prius;
2577 2545 2714 2600 illud
2759 2546 2980 2615 quidem
3033 2555 3088 2600 et
3121 2544 3355 2601 inferius
3385 2547 3491 2601 erit
3516 2556 3571 2601 et

1986 2652 2096 2691 non
2126 2635 2392 2703 inferius,
2454 2637 2595 2692 idem
2625 2646 2679 2693 et
2708 2651 2818 2692 non
2859 2638 3020 2704 idem,
3059 2638 3202 2708 quod
3243 2646 3328 2695 est
3362 2638 3571 2709 impos-

1986 2729 2163 2785 sibile.
2818 2730 2823 2735 '

2056 2821 2109 2877 5.
2157 2822 2447 2877 Videamus
2480 2821 2594 2892 jam
2630 2821 2775 2892 quod
2812 2822 2884 2877 ibi
2932 2824 3176 2891 additur,
3209 2826 3280 2880 ita
3324 2825 3471 2880 enim
3513 2840 3573 2880 se

1988 2916 2149 2971 habet
2180 2934 2193 2971 :
2238 2934 2257 2967 ι
2294 2916 2431 2983 Quia
2465 2916 2509 2971 si
2545 2926 2701 2985 putes
2740 2932 2909 2970 unum
2944 2932 3066 2972 esse
3103 2918 3431 2988 principium
3458 2933 3574 2973 am-

1987 3008 2205 3074 borum,
2234 3009 2414 3064 Patris
2439 3009 2685 3064 videlicet
2710 3019 2875 3078 atque
2930 3008 3077 3077 Filii,
3110 3012 3252 3081 perit
3288 3011 3573 3066 relationis

1988 3104 2147 3165 ordo,
2191 3117 2314 3173 qua:
2335 3102 2622 3156 intercedit
2664 3102 2808 3157 inter
2853 3104 3153 3173 genitorem
3188 3113 3243 3158 et
3282 3103 3521 3174 genitum
3555 3121 3569 3157 :

1992 3196 2314 3265 COgiturque
2346 3196 2633 3250 amborum
2656 3196 2953 3267 appellatio
2990 3196 3201 3268 sejungi
3236 3212 3265 3251 a
3317 3198 3573 3268 gigueme

1991 3295 2045 3341 et
2070 3302 2098 3341 a
2129 3289 2336 3357 genito,
2373 3302 2403 3341 a
2444 3289 2852 3359 prmexsistente
2888 3297 2940 3343 et
2990 3289 3314 3359 posteriore.
3346 3308 3364 3342 ι
3410 3288 3569 3344 Libe-

1992 3380 2125 3434 rasti
2153 3396 2237 3435 me
2260 3382 2499 3453 negotio,
2532 3395 2566 3436 o
2593 3380 2775 3447 sodes,
2808 3397 3075 3437 arcanum
3110 3397 3403 3437 enarratis.
3436 3381 3569 3436 Nam

1992 3473 2039 3528 si
2080 3474 2211 3527 mihi
2245 3474 2642 3541 persuasissem
2680 3490 2710 3528 a
2743 3483 2795 3529 te
2845 3475 3046 3530 dictam
3092 3476 3421 3530 sententiam
3452 3490 3574 3545 qua:

1992 3566 2099 3619 ait:
2126 3584 2142 3616 ι
2168 3564 2358 3627 Omnis
2386 3566 2596 3635 genitor
2622 3568 2771 3637 prior
2790 3576 2873 3623 est
2902 3569 3123 3639 proprio
3141 3568 3435 3639 genimiue,
3464 3586 3485 3621 ι
3518 3568 3571 3621 in

1991 3656 2103 3712 Deo
2157 3659 2485 3722 usuvenire,
2522 3658 2757 3715 fortasse
2807 3660 3027 3725 etiamsi
3081 3660 3310 3725 invitus,
3340 3661 3571 3716 veritate

1994 3752 2331 3821 compulsus,
2370 3754 2664 3817 secundam
2696 3753 2838 3807 hanc
2863 3768 3083 3824 quoque
3117 3755 3429 3809 confiterer.
3469 3752 3573 3806 Sed

1995 3844 2119 3913 quia
2176 3845 2325 3899 illam
2378 3844 2586 3899 futilem
2635 3861 2757 3901 esse
2819 3857 2985 3915 atque
3042 3847 3268 3901 omnino
3317 3844 3513 3901 falsam
3544 3861 3575 3900 a

1997 3936 2217 4007 Deoque
2267 3938 2501 3992 alienam
2557 3954 2739 3993 sermo
2798 3949 2984 3993 noster
3017 3938 3451 4001 demonstravit,
3490 3954 3577 3992 me.

1974 4038 2144 4084 certe
2169 4030 2519 4084 ratiocinium
2557 4047 2666 4084 non
2692 4039 2849 4101 coget
2872 4030 3216 4099 subjunctam
3248 4032 3576 4087 sententiam
3654 4034 3657 4035 ⁷

1996 4121 2153 4189 pensi
2181 4120 2401 4176 habere.
2431 4119 2565 4174 Nam
2608 4121 2651 4175 si
2676 4122 2785 4175 duo
2814 4120 2954 4175 forte
2978 4122 3106 4184 sint,
3140 4136 3373 4191 quorum
3409 4139 3574 4177 unum

2000 4210 2357 4280 przccedentis
2418 4211 2538 4266 loco
2591 4212 2878 4276 habeatur,
2929 4212 3161 4265 alterum
3218 4226 3343 4265 vero
3383 4212 3577 4267 subse-

2000 4301 2222 4371 quentis
2248 4344 2261 4366 ,
2295 4310 2443 4372 patet
2470 4304 2809 4372 praecedente
2855 4316 3138 4367 concesso,
3172 4318 3409 4372 sequens
3436 4319 3577 4375 quo-

2002 4408 2108 4463 que
2140 4408 2460 4449 concessum
2490 4395 2551 4449 iri
2590 4415 2600 4450 :
2633 4411 2738 4449 non
2764 4405 2945 4450 tamen
2970 4396 3324 4462 concedetur,
3357 4398 3403 4451 si
3435 4413 3575 4467 prte-

2005 4486 2205 4547 cedens
2272 4488 2423 4541 nullo
2484 4489 2661 4557 modo
2707 4489 3045 4542 admittatur.
3101 4487 3215 4544 lloc
3272 4501 3452 4559 autem
3500 4490 3581 4545 sic

298 4578 611 4648 γηθέντος·
653 4583 812 4637 τοῦτο
848 4584 905 4637 δὲ
956 4585 1115 4655 δῆλον
1157 4581 1259 4640 ὧδε
1291 4604 1305 4619 ο
1374 4590 1553 4643 Ἔστω
1606 4589 1891 4655 ἄνθρωπος

2002 4578 2345 4647 explanatur.
2388 4579 2515 4634 Esto
2552 4580 2715 4635 homo
2736 4591 2897 4650 atque
2932 4581 3136 4636 animal
3163 4600 3177 4638 :
3200 4592 3255 4637 et
3273 4583 3428 4638 homo
3457 4584 3581 4654 qui-

302 4671 397 4722 καὶ
453 4672 602 4737 ζῶον
637 4689 651 4703 ο
693 4676 787 4727 καὶ
830 4676 891 4728 τὸ
946 4678 1043 4748 μὲν
1077 4678 1391 4748 ἄνθρωπος
1432 4680 1673 4752 εἰλήφθω
1732 4682 1897 4750 ἡγού-

305 4785 491 4836 μενος,
528 4769 591 4821 τὸ
627 4770 683 4821 δὲ
713 4769 849 4833 ζῶον
876 4772 1142 4841 ἑπόμενον
1174 4790 1187 4803 '
1214 4775 1446 4846 φανερὸν
1489 4776 1581 4829 τοῦ
1610 4776 1896 4848 ἀνθρώπου

302 4859 627 4929 τιθεμένου,
688 4861 780 4913 xui.
807 4862 868 4915 τὸ
920 4862 1057 4927 ζῶον
1119 4866 1178 4929 ἐξ
1222 4867 1466 4937 ἀνάγκης
1511 4868 1703 4937 ἕψεται
1740 4886 1757 4902 ’
1800 4872 1898 4939 οὐχ

302 4950 503 5020 ’ἕψεται
537 4952 614 5017 δὲ,
643 4954 718 5022 μὴ
745 4954 1031 5025 τιθεμένου
1059 4958 1270 5011 ἐκείνου
1305 4977 1319 4991 ο
1353 4960 1595 5013 τοιοῦτόν
1645 4962 1762 5013 ἐστι
1804 4964 1899 5015 καὶ

304 5047 363 5097 τὸ
390 5046 552 5112 παρὰ
600 5046 695 5099 σοῦ
744 5046 1234 5120 δραματουργηθέν
1269 5067 1282 5081 '
1326 5051 1408 5105 διὸ
1458 5054 1507 5104 εἰ
1569 5053 1667 5123 μὲν
1715 5051 1899 5122 χώραν

304 5136 401 5189 ἐπὶ
419 5136 564 5191 Θεοῦ
590 5133 734 5209 εἶχεν
761 5140 840 5203 τὸ,
862 5140 1163 5205 «Ἕκαστος
1187 5143 1468 5213 γεννήτωρ
1496 5143 1757 5214 πρότερός
1783 5144 1900 5195 ἐστι

304 5227 402 5281 τοῦ
429 5229 640 5282 οἰκείου
677 5232 1037 5301 γεννήματος,
1061 5252 1079 5283 ι
1101 5233 1257 5303 ἡμῶν
1273 5232 1677 5303 ὁμολογούντων
1694 5233 1755 5285 τὸ
1773 5251 1899 5288 συν-

306 5322 485 5374 αἲδιον
519 5322 665 5392 ἔχειν
699 5323 791 5377 τὸν
819 5324 1037 5395 Πατέρα
1078 5326 1172 5379 καὶ
1200 5324 1292 5377 τὸν
1328 5325 1475 5388 Υιὸν,
1530 5324 1762 5395 φανερὸν
1817 5326 1901 5378 ὅτι

307 5414 829 5486 κατηναγκάζετοὴ
868 5416 1060 5486 κλῆσις
1114 5416 1173 5482 ἐξ
1230 5416 1474 5487 ἀλλήλων
1519 5415 1854 5487 χωρισθῆναι
1884 5434 1899 5448 ο

308 5509 439 5563 ἐπεὶ
472 5508 534 5560 δὲ
561 5508 620 5562 τὸ
644 5509 912 5580 πρότερον
952 5510 1053 5563 οὐκ
1089 5509 1308 5580 ἀληθὲς,
1343 5509 1466 5563 οὐδὲ
1514 5509 1573 5563 τὸ
1611 5508 1899 5580 δεύτερον·

308 5604 408 5658 καὶ
436 5602 621 5665 οὕτως
648 5602 855 5671 ἠλίθιον
888 5602 1158 5675 ἀνέφανεν
1188 5603 1247 5657 τὸ
1278 5603 1430 5674 παρὰ
1462 5602 1557 5656 σοῦ
1585 5602 1798 5673 λεχθέν.

385 5697 468 5763 ς’.
502 5697 616 5749 Καὶ
642 5696 844 5760 ἄλλως·
881 5696 945 5750 El
974 5696 1061 5750 διὰ
1092 5698 1189 5768 τὴν
1222 5698 1598 5767 συναῖδιότητα
1651 5695 1747 5749 τοῦ
1789 5696 1905 5749 Πα-
1939 5694 1946 5701 ’

308 5789 451 5860 τρὸς
479 5789 580 5842 καὶ
602 5789 646 5842 Υ
653 5788 732 5843 ἰοῦ
755 5788 813 5856 ἐξ
852 5788 1097 5859 ἀνάγκης
1134 5789 1238 5861 φὴς
1268 5788 1369 5853 τὰς
1412 5789 1625 5859 σχέσεις
1671 5786 1906 5858 κεχωρίο

314 5883 472 5952 σθαι,
508 5885 918 5954 καταναγκάσει
963 5884 1164 5956 μᾶλλον
1193 5887 1220 5939 ὁ
1248 5884 1405 5953 λόγος
1451 5883 1540 5938 διὰ
1582 5883 1679 5955 τὴν
1722 5882 1906 5953 σχέσιν

1998 4675 2119 4727 dem
2151 4674 2222 4730 sit
2261 4676 2435 4739 instar
2485 4677 2863 4745 precedentis,
2900 4679 3102 4732 animal
3147 4666 3530 4749 subsequentis
3562 4694 3577 4733 :

2000 4777 2217 4822 constat
2242 4768 2470 4823 homine
2498 4770 2805 4839 supposito,
2835 4771 3039 4825 animal
3076 4787 3297 4841 quoque
3325 4786 3579 4828 necessa-

2002 4858 2085 4913 rio
2110 4860 2577 4916 subsecutnrum:
2613 4863 2753 4916 haud
2807 4873 3066 4930 sequetur
3112 4872 3319 4927 autem,
3358 4862 3580 4917 homine

2002 4966 2111 5005 non
2166 4953 2473 5022 supposito.
2528 4953 2661 5009 Tale
2703 4963 2788 5010 est
2819 4955 3093 5023 objectum
3125 4971 3154 5009 a
3200 4965 3251 5009 te
3290 4968 3581 5026 argumen-

2002 5052 2141 5098 tum.
2180 5046 2548 5111 Quamobrem
2585 5046 2629 5102 si
2662 5048 2715 5100 in
2744 5046 2856 5100 Deo
2889 5047 3205 5103 usuveuiret
3230 5049 3534 5117 propositio
3564 5069 3577 5103 :

2008 5151 2025 5184 ‹
2054 5132 2246 5190 Omnis
2270 5136 2483 5204 genitor
2508 5136 2658 5206 prior
2686 5146 2769 5191 est
2791 5136 3011 5205 proprio
3032 5137 3323 5206 genimine,
3357 5157 3375 5189 ι
3407 5142 3581 5193 conli-

2006 5226 2247 5281 tentibus
2295 5227 2454 5283 nobis
2489 5237 2792 5281 coaeternus
2829 5243 2949 5282 esse
2991 5229 3210 5293 Patrem
3257 5245 3321 5285 ac
3359 5230 3579 5295 Filium,

2005 5329 2151 5389 patet
2178 5329 2423 5376 mutuam
2453 5320 2872 5390 appellationem
2902 5322 3216 5377 necessario
3248 5338 3312 5381 ex
3348 5334 3582 5393 utroque

2005 5411 2123 5469 fore
2161 5413 2580 5485 sejungendam.
2628 5413 2732 5467 Sed
2760 5413 2889 5483 quia
2940 5415 3090 5484 prior
3120 5418 3427 5485 propositio
3455 5433 3578 5472 vera

2005 5522 2114 5560 non
2149 5516 2255 5566 est.
2281 5522 2346 5562 ne
2373 5507 2542 5562 altera
2561 5508 2803 5577 quidem.
2855 5508 3035 5577 Atque
3066 5509 3142 5563 ita
3172 5508 3332 5563 futile
3359 5520 3583 5578 apparet

2006 5608 2278 5673 prolatum
2311 5620 2341 5658 a
2370 5614 2422 5660 te
2444 5614 2849 5677 argumentum.

2078 5699 2131 5754 6.
2155 5700 2286 5754 Item
2322 5698 2479 5751 aliter
2508 5715 2519 5751 :
2549 5697 2604 5751 Si
2641 5706 2924 5767 propterea
2958 5698 3106 5767 quod
3152 5699 3406 5753 coaeterni
3458 5712 3586 5754 sunt

2008 5792 2169 5848 Pater
2194 5806 2257 5846 ac
2308 5789 2500 5856 Filius,
2536 5790 2620 5846 ais
2678 5790 2994 5846 necessario
3042 5792 3339 5848 relationes
3392 5808 3583 5847 eorum

2006 5885 2129 5943 fore
2192 5883 2595 5956 sejungendas,
2634 5889 2744 5941 imo
2798 5892 2955 5954 coget
3002 5884 3186 5954 potius
3222 5885 3581 5942 ratiocinium
