3882 6474
474 321 592 386 815

1761 327 2055 388 ΝῙΟΕΤιἘ
2094 329 2504 393 ΒΥΖΑΝΤῘΝΙ

3586 367 3659 432 816

485 440 735 489 nostrum
766 443 988 507 propter
1020 435 1364 502 relationem,
1388 436 1822 493 coastcrnitatem
1849 456 2044 511 quoqut

2166 440 2339 495 καὶτὸ
2368 441 2640 497 πναῖδιον
2668 442 2986 512 εἰσάγεσθαι
3020 459 3035 477 ο
3062 446 3155 500 καὶ
3189 449 3338 506 τοῦτο
3381 456 3515 530 δῆλον
3550 462 3659 527 ζςδι.

480 525 761 583 inducere.
786 529 962 598 Atque
986 530 1086 584 hoc
1112 530 1185 584 ita
1208 530 1538 585 ostenditur.
1573 530 1836 585 Genitoris
1861 549 2060 587 nomen

477 634 604 673 cum
638 619 709 674 sit
735 635 800 674 ex
835 621 900 676 iis
924 636 1046 692 qua:
1075 631 1204 677 sunt
1233 622 1301 675 ad
1335 621 1538 692 aliquid
1568 665 1582 689 ,
1616 623 1681 678 ad
1734 624 1905 678 lilium
1963 626 2061 679 ha-

476 713 567 767 bet
593 713 940 768 relationem.
976 712 1109 779 Quae
1137 724 1322 768 autem
1352 724 1481 769 sunt
1505 716 1570 770 ad
1603 717 1833 786 aliquid,
1868 718 2060 773 simul-

476 815 632 860 tanea
664 819 872 862 naturae
901 817 1029 862 sunt
1059 824 1073 861 :
1102 823 1224 878 quae
1263 817 1448 863 autem
1482 809 1810 866 simultanea
1851 820 2061 868 natura!

474 906 623 965 sunt,
653 907 706 952 et
738 907 869 953 sunt
894 909 947 954 et
978 900 1105 953 item
1154 915 1261 953 non
1305 911 1453 954 sunt.
1502 900 1861 958 Coneluditur
1905 919 2057 975 ergo,

472 997 694 1057 propter
726 989 1048 1045 relationem
1098 990 1429 1046 simultanea
1466 1006 1614 1056 esse;
1671 994 1816 1063 quod
1866 1010 2058 1049 verum

468 1086 575 1155 est.
609 1077 674 1133 Et
714 1094 814 1134 cur
856 1091 934 1148 tu,
967 1097 1000 1136 ο
1053 1082 1238 1150 sodes,
1270 1087 1612 1140 contrarium
1664 1085 1925 1141 inducis?
1962 1086 2057 1156 qui

467 1181 694 1245 propter
720 1175 1175 1243 coaeternitatem,
1206 1177 1415 1234 videris
1442 1179 1605 1234 nobis
1631 1180 1844 1250 eripere
1874 1189 2056 1250 pater-

468 1266 653 1322 nitatis
689 1282 755 1322 ac
783 1266 1032 1323 iifietatis
1081 1268 1404 1324 relationem
1435 1279 1698 1341 :propter
1735 1271 2054 1326 relationem

466 1365 652 1412 autem
689 1342 964 1430 gignentis
993 1368 1047 1414 et
1074 1359 1263 1430 geniti,
1301 1359 1515 1415 videris»
1532 1361 1803 1430 perimere
1830 1370 2057 1416 comter-

469 1451 697 1505 nitatem
768 1460 824 1507 et
870 1452 1532 1507 consubstantialitatem.
1591 1452 1722 1506 ltcm
1771 1452 2052 1507 aliter:Si

467 1544 720 1613 genitoris
753 1560 973 1609 nomen,
1018 1544 1404 1600 exsistentiam
1440 1544 1601 1599 simul
1660 1545 1880 1612 tribuit;
1935 1561 2056 1615 qua:

468 1646 650 1693 autem
689 1638 1017 1693 simultanea
1051 1637 1388 1693 exsistentia:
1422 1653 1450 1690 a
1488 1648 1536 1691 te
1557 1638 1929 1707 accipiuntur,
1968 1653 2055 1694 re-

2167 533 2240 635 Te
2261 532 2565 635 Ter-Mra)?
2585 533 2891 635 ὄνοματῶν
2909 537 3049 635 πρός
3074 556 3127 635 τι
3174 541 3252 607 ὃν,
3283 546 3406 615 πρὸς
3440 556 3538 610 υἱὸν
3583 563 3663 635 ἔχει

2164 623 2265 693 τὴν
2302 623 2584 695 ἀναφοράν
2612 639 2628 655 ’
2655 625 2724 677 τὰ
2744 624 2800 678 δὲ
2829 627 2967 695 πρός
2987 644 3063 695 τι,
3094 627 3209 700 ἅμα
3242 636 3303 705 τῇ
3336 638 3477 705 φύσει
3507 660 3520 676 ·
3546 623 3665 707 eius},

2162 715 2281 786 ἅμα
2311 718 2375 786 τῇ
2414 717 2596 784 φύσει,
2626 716 2765 788 ὁμοῦ
2795 718 2855 771 τέ
2912 720 3019 773 εἰσι
3060 723 3156 775 καὶ
3198 725 3294 779 οὐκ
3322 731 3453 784 εἰσί·
3488 743 3667 810 συνᾶγε.

2162 754 2281 786 η...
2322 754 2375 786 ,η
2415 754 2596 784 γυνη,
2627 754 2765 788 vr.“
2804 754 2855 771 ..ε
2912 754 3019 773 $50!-
3061 754 3156 775 σιω
3198 754 3294 779 υυιι
3322 754 3453 784 εισι·
3488 754 3667 810 συνᾶγε.

2161 825 2253 906 ται
2292 807 2647 906 ἄραᾼδιὰᾲτὴν
2672 811 2859 906 σχέσιν
2888 812 3006 884 ἅμα
3046 811 3186 868 εἶναι
3216 837 3231 849 ·
3262 818 3387 893 ὅπερ
3423 828 3548 884 ἐστὶν
3572 835 3669 906 ἄλη.

2163 901 2255 965 θές
2285 915 2301 931 ⁸
2335 904 2431 957 καὶ
2463 904 2583 968 πῶς
2626 906 2713 972 σὺ,
2747 900 2793 959 ὧ
2827 906 3001 975 φίλος,
3055 909 3116 962 τὸ
3179 912 3407 968 ἐναντίον
3464 900 3668 993 εἰσάγειξ,

2162 996 2256 1048 καὶ
2293 996 2381 1049 διὰ
2409 996 2508 1067 μὲν
2526 997 2585 1050 τὸ
2609 999 2902 1062 συναῖδιον,
2934 1002 3015 1064 είς
3046 1001 3142 1073 τὴν
3171 1007 3348 1073 σχέσιν
3374 1011 3468 1081 τῆς
3509 1021 3668 1086 πατρό.

2164 1105 2326 1157 τητος
2346 1090 2440 1142 καὶ⁹
2464 1091 2713 1159 υἱὸτητος
2742 1092 2889 1161 ἡμᾶς
2915 1093 3092 1157 δοκεῖς
3120 1101 3491 1169 παρακρούειν,
3530 1106 3602 1160 διὰ
3629 1112 3671 1165 δὲ

2158 1181 2259 1252 τὴν
2317 1181 2504 1251 σχέσιν
2558 1181 2653 1236 τοῦ
2704 1186 3030 1255 γεννήτορος
3059 1188 3154 1241 καὶ
3188 1192 3520 1263 γεννήματος,
3543 1201 3607 1263 είς
3629 1206 3672 1255 τδ

2159 1271 2433 1325 συναῖδιόν
2460 1289 2521 1325 τε
2557 1274 2651 1327 καὶ
2679 1274 3003 1345 ὀμοούσιον;
3038 1279 3147 1331 Καὶ
3176 1279 3345 1345 ἄλλως
3373 1298 3386 1313 ο
3422 1288 3475 1338 Et
3500 1289 3551 1340 τδ
3574 1308 3672 1358 τεν.

2156 1364 2351 1432 νήτωρ
2391 1364 2562 1437 ὄνομα
2594 1366 2695 1436 τὴν
2718 1367 2811 1421 τοῦ
2840 1366 2979 1422 εἷναι
3012 1368 3129 1439 ἅμα
3160 1370 3385 1443 ὓπαρξιν
3429 1377 3601 1441 δίδωσι,
3625 1387 3673 1437 τὰ

2156 1459 2214 1513 δὲ
2237 1460 2353 1531 ἅμα
2383 1462 2448 1530 τῇ
2491 1459 2724 1532 ὑπάρξει
2761 1461 2903 1515 κατὰ
2929 1462 2989 1515 σὲ
3020 1461 3418 1534 λαμϐανόμενα,
3467 1470 3675 1528 ἀπόλλυσι

2156 1551 2259 1620 τὴν
2302 1551 2488 1622 σχέσιν
2546 1552 2649 1624 τὴν
2672 1548 2842 1607 οὖσαν
2887 1554 2953 1607 ὲκ
3008 1553 3105 1607 τοῦ
3153 1553 3459 1629 γε’ννήτορος
3502 1564 3612 1633 πρὸς
3634 1566 3677 1617 τὸ

2155 1640 2423 1713 γέννημα,
2452 1644 2747 1713 συνάγεται
2778 1646 2908 1717 ἄρα,
2927 1646 2990 1701 τὸ
3014 1647 3315 1719 γεννήτωρ
3342 1652 3517 1724 ὄνομα.
3545 1660 3677 1711 καὶτὸ

469 1732 724 1786 lationem
764 1732 1068 1801 perimunt,
1118 1746 1239 1802 quae
1267 1731 1558 1786 intercedit
1583 1732 1725 1786 inter
1753 1732 2044 1803 genitorem

2158 1734 2428 1806 γέννημα,
2461 1738 2520 1791 έν
2548 1737 2731 1809 σχέσει
2755 1738 2908 1807 ὄντα,
2942 1739 3151 1812 ἄσχετα
3172 1738 3313 1797 εἶναι
3339 1758 3354 1776 ·
3397 1745 3521 1819 ὅπερ
3566 1751 3675 1804 ἐστὶν

466 1837 521 1879 ct
549 1825 831 1895 genitum;
864 1824 1213 1879 concluditur
1240 1825 1429 1894 utique
1456 1825 1721 1893 genitoris
1756 1840 1977 1891 nomen,
2003 1834 2058 1880 et
2089 1811 2133 1872 Β
2161 1824 2383 1882 ἄτοπον.

467 1919 731 1988 genitum,
767 1918 1001 1973 invicem
1058 1917 1372 1983 referentia,
1431 1934 1540 1973 non
1613 1934 1736 1975 esse
1795 1919 2054 1987 relativa;

465 2014 608 2082 quod
640 2024 723 2067 est
744 2012 1062 2068 absurdum.

539 2101 590 2153 7.
628 2101 813 2171 Pergis
850 2116 979 2154 vero
1032 2100 1215 2157 dicere
1263 2101 1344 2157 sic
1386 2088 1399 2156 ὲ
1437 2121 1455 2153 ι
1489 2102 1629 2169 Quia
1687 2103 1734 2159 si
1771 2102 2056 2162 existimes

466 2207 634 2245 unum
669 2192 997 2262 principium
1035 2193 1350 2258 amborum,
1406 2194 1585 2248 Patris
1629 2202 1795 2264 atque
1833 2194 1978 2249 Filii.
2028 2213 2048 2248 ι

466 2282 656 2350 Miror,
705 2298 740 2338 ο
782 2285 965 2349 sodes,
1023 2284 1302 2355 quodnam
1344 2295 1401 2339 tu
1452 2286 1588 2340 velis
1640 2287 1966 2356 principium
1999 2288 2055 2342 in

467 2376 584 2431 Deo
612 2390 830 2445 ponere.
864 2374 1197 2447 Principium
1236 2376 1594 2431 multifariam
1625 2377 1830 2432 dicitur
1860 2396 1872 2431 :
1904 2377 2053 2433 aliud

464 2477 550 2523 est
574 2469 720 2524 enim
757 2467 1093 2533 eli‘ectivum,
1130 2469 1297 2523 veluti
1330 2478 1414 2523 est
1440 2468 1778 2525 architectus
1803 2469 2053 2525 aedilicio-

466 2578 587 2616 rnm
621 2580 635 2618 :
668 2562 819 2617 aliud
868 2563 1174 2627 materiale,
1221 2561 1390 2617 veluti
1448 2562 1642 2617 tabulae
1677 2562 1833 2617 navis
1863 2580 1875 2616 :
1905 2562 2052 2617 aliud

464 2653 717 2723 formale,
753 2653 919 2709 veluti
958 2661 1154 2708 statuae
1187 2653 1411 2709 schema
1449 2670 1462 2706 :
1494 2652 1642 2708 aliud
1674 2653 1854 2720 finale,
1885 2654 2049 2709 veluti

464 2747 623 2802 navis
670 2746 739 2802 ad
776 2746 1090 2803 rictualium
1126 2750 1562 2817 deportationem
1596 2766 1608 2801 :
1642 2748 1791 2802 aliud
1840 2748 2051 2803 instru-

469 2840 739 2903 mentale,
775 2850 835 2895 ut
874 2839 1014 2895 fabri
1049 2840 1277 2894 inurat-ii
1309 2839 1456 2893 ascia
1491 2857 1503 2893 :
1537 2838 1684 2894 aliud
1717 2841 2050 2910 exemplare,

459 2932 631 2988 veluti
662 2942 1011 3005 prototypum
1049 2932 1177 2986 facti
1231 2932 1417 3002 eperis
1458 2949 1471 2985 :
1518 2932 1667 2987 aliud
1720 2933 2046 3003 temporale,

460 3029 610 3084 Velut
636 3044 725 3084 res
746 3026 903 3082 factae
932 3043 1053 3098 qum
1087 3028 1144 3081 in
1181 3038 1426 3096 tempore
1456 3027 1595 3080 fiunt
1624 3035 1678 3081 et
1708 3035 1873 3082 sunt:
1901 3025 2050 3081 aliud

452 3123 691 3179 rcausale
719 3122 1127 3186 tantummodo,
1164 3120 1329 3175 veluti
1360 3120 1488 3174 Setli
1520 3135 1583 3174 ex
1614 3119 1886 3190 principio
1910 3135 2048 3190 quo-

461 3216 588 3271 dam
619 3223 673 3269 et
703 3229 868 3269 causa
900 3222 1058 3269 ortus
1085 3222 1189 3277 est,
1217 3228 1285 3267 ex
1316 3212 1527 3267 Adamo
1550 3212 1784 3267 scilicet.
1817 3210 1974 3266 Nunc
1997 3212 2044 3267 si

447 3316 719 3375 'tanqnatn
752 3319 816 3359 ex
841 3303 1111 3374 principio
1150 3303 1410 3373 quodam,
1434 3318 1533 3358 ceu
1563 3318 1748 3369 causa,
1776 3304 1913 3359 dicis
1940 3302 2044 3358 Pa-

461 3396 565 3451 tris
596 3411 659 3451 ac
684 3394 809 3450 Filii
847 3411 1016 3450 unum
1053 3395 1408 3466 principium,
1446 3395 1558 3466 jam
1597 3411 1773 3467 neque
1808 3396 2041 3451 alterum

462 3488 787 3559 genitorem,
828 3503 1005 3557 neque
1035 3488 1269 3542 alterum
1319 3503 1443 3544 esse
1473 3488 1718 3557 genitum
1757 3487 2038 3543 retinebis.

455 3578 595 3633 Nam
635 3578 923 3649 cujusnam
956 3580 1173 3649 genitor
1235 3579 1328 3646 sit,
1383 3579 1428 3634 si
1492 3589 1752 3648 tanquam
1809 3595 1875 3633 ex
1934 3580 2041 3633 alio

463 3669 731 3739 principio
763 3677 817 3723 et
854 3684 1020 3724 causa
1058 3668 1274 3723 Patrem
1308 3683 1372 3723 ac
1403 3667 1602 3722 Filium
1661 3669 1813 3724 dicas
1853 3670 2041 3725 ortos?

447 3762 619 3816 Certe
651 3760 981 3831 principium
1010 3777 1116 3815 non
1143 3762 1291 3818 dices
1316 3761 1622 3817 effectivum
1648 3780 1663 3829 ;
1707 3778 1831 3817 nam
1858 3764 1903 3818 si
1940 3763 2042 3818 hoc

456 3855 749 3918 concedas,
783 3856 885 3909 erit
909 3854 1003 3909 Dei
1037 3854 1199 3920 Deus,
1228 3864 1281 3910 et
1298 3857 1671 3926 rursusliujus
1688 3857 1832 3912 alius
1862 3856 2029 3922 Deus,

455 3958 513 4001 ct
540 3949 641 4001 hoc
670 3946 723 4002 in
761 3945 1054 4000 inﬁnitum.
1094 3945 1282 4017 Neque
1315 3948 1647 4018 principium
1677 3948 1829 4004 dices
1867 3957 2039 4005 mate-

459 4040 626 4108 riale;
666 4056 774 4095 non
812 4040 959 4095 enim
1002 4050 1085 4096 est
1127 4042 1271 4096 Deus
1311 4043 1652 4111 compositus
1671 4052 1725 4097 et
1770 4045 2038 4099 materia-

458 4134 547 4189 lis.
578 4134 683 4189 Sed
723 4150 901 4204 neque
924 4132 1155 4188 formale
1200 4133 1566 4205 principium;
1606 4152 1729 4190 nam
1761 4139 2037 4207 quodnam

460 4225 661 4280 habere
688 4233 983 4295 potuerunt
1014 4226 1243 4280 formale
1273 4227 1606 4297 principium
1637 4228 1794 4283 Pater
1849 4243 1913 4283 ac
1948 4226 2038 4281 Fi-

459 4317 603 4371 lius?
632 4328 995 4389 praeterquam
1064 4318 1209 4387 quod
1262 4318 1717 4387 compositionem
1755 4335 1862 4375 non
1891 4320 2033 4374 vita-

459 4416 602 4461 rent.
642 4406 827 4476 Neque
862 4406 1101 4477 denique
1139 4408 1327 4475 finale,
1350 4409 1552 4464 etenim
1584 4411 1732 4465 nulla
1768 4427 1834 4466 ex
1863 4426 2032 4467 causa

458 4497 604 4553 Deus
635 4500 900 4567 provenit.
940 4497 1196 4568 Superest
1229 4499 1326 4553 tibi
1380 4502 1683 4571 temporale
1715 4517 1839 4558 esse
1884 4505 2035 4573 prin-
2068 4523 2110 4577 ι)

456 4589 663 4659 cipium
704 4589 883 4644 Patris
926 4605 990 4645 ac
1033 4589 1179 4643 Filii.
1216 4589 1370 4656 Quod
1409 4592 1458 4647 si
1508 4593 1580 4646 ita
1612 4603 1715 4658 est,
1754 4594 1888 4663 ipsis
1918 4596 2044 4664 qui»

456 4683 581 4735 dem
615 4680 726 4735 fieri
776 4682 1063 4753 contingit,
1097 4692 1151 4737 et
1183 4686 1480 4752 corrumpi,
1509 4693 1563 4738 et
1595 4685 1701 4739 alia
1735 4685 2040 4742 innumera.

455 4772 590 4827 Nam
614 4788 738 4842 quae
764 4772 816 4827 in
838 4781 1101 4843 tempore,
1134 4774 1263 4827 talia
1292 4786 1440 4829 sunt.
1471 4775 1719 4840 Constat,
1746 4793 1852 4830 non
1876 4792 2039 4847 posse

444 4868 511 4919 in
548 4869 656 4921 Deu
682 4867 1016 4938 principium
1063 4867 1622 4935 autiquinsinveniri.
1656 4870 1722 4922 Et
1740 4871 2038 4937 quomodo,

452 4974 487 5010 o
524 4959 707 5023 sodes,
741 4958 814 5013 ita
842 4973 871 5011 a
910 4958 1069 5013 nobis
1088 4959 1395 5013 existimari
1436 4973 1796 5028 praesumens,
1826 4960 2034 5029 paralo—

452 5051 689 5120 gismum
738 5051 1035 5105 contexis?
1074 5049 1213 5106 Vere
1237 5051 1671 5107 demonstratum
1723 5051 1817 5107 tibi
1851 5052 1955 5107 fuit
1979 5054 2030 5107 id

450 5157 574 5197 esse
601 5142 881 5198 stolidum.

524 5235 577 5289 8.
620 5234 723 5290 Sed
752 5235 1035 5291 videamus
1067 5236 1229 5290 etiam
1268 5235 1396 5305 quid
1427 5235 1588 5305 paulo
1612 5235 1753 5290 infra
1781 5238 2027 5296 scribas:

452 5347 476 5380 ι
525 5328 669 5383 Deus
698 5329 882 5383 omnia
909 5329 1177 5399 sapientia
1202 5344 1304 5383 sua
1334 5329 1677 5400 gubernavit.
1713 5348 1731 5381 ι
1776 5330 2032 5387 Coitcedo

452 5418 556 5472 hoc
597 5417 825 5470 libenter
873 5414 1169 5469 admude
1203 5432 1215 5466 :
1254 5416 1453 5470 etenim
1494 5416 1907 5486 eubypostatica
1939 5435 2030 5473 sa-

451 5510 647 5577 pientia
673 5524 794 5573 sua,
823 5523 987 5578 quam
1043 5522 1227 5562 sermo
1279 5517 1464 5565 noster
1486 5511 1772 5582 perspicue
1799 5513 2027 5569 demon-

523 5712 600 5789 (l)
637 5713 1185 5789 Enlrypostatumhgic
1215 5716 1406 5789 definit
1430 5716 1490 5771 S.
1520 5717 1791 5773 Maximus
1822 5734 2012 5789 epuse.

443 5784 616 5840 lbeol.
660 5796 697 5840 ι.
749 5786 815 5854 ll,
847 5802 898 5858 p.
930 5788 1035 5843 79:
1070 5786 1487 5854 Ἐνυπόστατον,
1524 5791 1585 5843 τὸ
1614 5790 1753 5843 κατὰ
1781 5784 1882 5860 τὴν
1924 5790 2019 5842 οὑ-

2226 2093 2273 2162 ξ’
2278 2114 2294 2129 ⁸
2338 2096 2657 2169 Ἐπιφέρεις
2679 2097 2737 2151 δὲ
2764 2096 2930 2154 πάλιν
2951 2096 3127 2163 οὕτως
3150 2116 3165 2132 ·
3189 2117 3209 2151 ι
3232 2099 3443 2173 Ἐπειδὴ
3470 2103 3551 2156 ἐὰν
3571 2105 3677 2175 ἡγῆ-

2158 2205 2247 2242 σαι
2275 2189 2404 2259 μίαν
2427 2190 2602 2261 ἀρχὴν
2637 2188 2974 2261 ἀμφοτέροις
2994 2189 3089 2245 τοῦ
3116 2208 3175 2244 τε
3206 2192 3410 2263 Πατρὸς
3438 2195 3675 2249 καὶΥἱοῦ.»

2155 2280 2474 2351 Θαυμάζειν
2520 2299 2611 2352 μοι
2652 2283 2968 2355 ἐπέρχεται,
3028 2277 3075 2338 ὦ
3144 2285 3334 2353 φίλος,
3387 2287 3558 2341 ὁποίαν
3595 2289 3677 2358 ἄρα

2158 2376 2323 2448 βούλῃ
2360 2378 2535 2449 ἀρχὴν
2560 2378 2653 2432 ἐπὶ
2681 2377 2819 2432 Θεοῦ
2836 2377 3047 2433 τιθέναι
3081 2394 3096 2409 ·
3133 2378 3238 2449 τῆς
3269 2380 3376 2448 γὰρ
3404 2380 3559 2451 ἀρχῆς
3580 2381 3678 2433 πολ-

2154 2470 2337 2541 λαχῶς
2358 2472 2683 2543 λεγομένης,
2706 2472 2805 2543 τῆς
2841 2472 2941 2543 μὲν
2973 2472 3049 2536 ὡς
3079 2475 3390 2545 ποιητικῆς,
3419 2471 3521 2527 οἷον
3555 2475 3581 2527 ὁ
3610 2476 3678 2528 τέ-

2154 2581 2300 2618 κτων
2323 2564 2430 2618 τῶν
2452 2564 2770 2635 οἰκημάτων
2796 2579 2811 2594 ⁸
2841 2564 2942 2635 τῆς
2964 2565 3021 2618 δὲ
3044 2565 3120 2629 ὡς
3147 2566 3338 2635 ὑλικῆς
3355 2607 3369 2630 ,
3398 2560 3499 2618 οἷον
3538 2566 3585 2618 αἱ
3608 2584 3680 2620 σα-

2154 2658 2297 2720 νίδες
2340 2657 2436 2711 τοῦ
2470 2657 2657 2711 πλοίου
2690 2673 2705 2688 ’
2732 2657 2837 2725 τῆς
2871 2658 2929 2711 δὲ
2981 2658 3057 2723 ὼς
3105 2659 3315 2730 είδικῆς
3365 2658 3495 2731 [εριί.
3528 2658 3678 2728 ἱδικῆε.

2155 2746 2245 2803 Sic
2262 2758 2311 2803 et
2331 2747 2521 2821 infra],
2552 2744 2666 2802 οἷον
2698 2748 2793 2802 τοῦ
2817 2749 3135 2821 ἀνδριάντος
3163 2752 3225 2804 τὸ
3253 2750 3432 2820 σχῆμα
3461 2767 3472 2780 ·
3514 2750 3593 2819 τῆς
3641 2750 3680 2801 δὲ

2152 2841 2226 2901 ὡς
2257 2840 2497 2912 τελικῆς,
2534 2835 2645 2894 οἷον
2669 2842 2729 2894 τὸ
2761 2840 2945 2896 πλοῖον
2968 2840 3103 2915 πρὸς
3127 2842 3354 2913 ἀγωγὴν
3375 2842 3476 2896 τῶν
3503 2841 3679 2911 χρειῶν·

2151 2931 2250 2999 τῆς
2280 2930 2337 2984 δὲ
2366 2930 2440 2993 ὡς
2470 2931 2799 3002 ὀργανικῆς,
2832 2928 2947 2986 οἷον
2978 2934 3231 2997 τέκτονος
3284 2934 3343 2987 τὸ
3383 2934 3680 3003 σκέπαρνον·

2151 3026 2249 3096 τῆς
2276 3025 2333 3079 δὲ
2351 3026 2425 3091 ὼς
2455 3027 2995 3099 παραδειγματικῆς,
3039 3030 3296 3101 καθάπερ
3355 3028 3416 3082 τὸ
3456 3028 3683 3099 πρωτότυο

2153 3135 2253 3171 πον
2276 3117 2370 3171 τοῦ
2398 3120 2732 3190 παραγώγου
2766 3136 2781 3150 ·
2810 3121 2909 3191 τῆς
2942 3120 2999 3173 δὲ
3026 3120 3103 3184 ὼς
3157 3122 3435 3193 χρονικῆς,
3481 3120 3684 3187 καθάπερ

2148 3209 2218 3263 τὰ
2248 3209 2507 3279 γινόμενα
2530 3210 2587 3262 ἐν
2616 3211 2793 3282 χρόνῳ
2828 3209 3068 3279 γίνονται
3089 3214 3183 3266 καὶ
3212 3213 3318 3267 είσί
3338 3228 3351 3241 ·
3409 3214 3500 3284 τῆς
3544 3212 3591 3264 δὲ
3628 3211 3684 3271 ὡς

2146 3300 2331 3365 αἰτίας
2386 3301 2480 3355 κα)⁸
2530 3301 2721 3371 μόνης,
2767 3301 2914 3356 καθὰ
2945 3305 2974 3358 δ
3010 3303 3117 3375 Σὴθ
3152 3304 3215 3370 ἐξ
3256 3302 3429 3375 ἀρχῆς
3456 3319 3582 3375 τινος
3614 3302 3684 3354 καὶ

2144 3392 2327 3456 αἰτίας
2362 3392 2534 3462 ἀνέφυ
2559 3391 2654 3445 τοῦ
2683 3392 2859 3462 Ἀδάμ
2889 3409 2903 3424 ·
2940 3395 2989 3447 εί
3046 3372 3148 3464 μὲν
3180 3372 3398 3467 γάρῶέ
3441 3395 3495 3460 ἐξ
3522 3372 3685 3463 ’ἀρχῆς

2144 3502 2287 3547 τινος
2316 3484 2391 3548 ὡς
2420 3484 2602 3549 αἰτίας
2633 3484 2739 3555 φὴς
2770 3485 2865 3537 τοῦ
2896 3486 3110 3557 Πατρὸς
3138 3488 3237 3541 καὶ
3271 3487 3364 3542 τοῦ
3413 3485 3535 3539 Υίοῦ
3582 3484 3681 3556 μίαν

2143 3573 2320 3645 ἀρχὴν
2348 3570 2509 3640 εἶναι,
2543 3574 2729 3628 οὐκέτι
2764 3575 2859 3627 τὸν
2893 3574 2995 3644 μὲν
3030 3578 3362 3649 γεννήτορα,
3395 3578 3480 3630 τὸν
3515 3576 3564 3629 δὲ
3593 3576 3686 3643 γέν-

2142 3683 2293 3736 νημαι
2326 3665 2606 3735 φυλάξεις.
2639 3668 2797 3732 Τίνος
2824 3668 2934 3740 γὰρ
2960 3669 3027 3722 ἂν
3067 3671 3164 3723 καὶ
3195 3669 3281 3742 είη
3304 3671 3594 3740 γεννήτωρ,
3619 3665 3684 3719 ἐπ’

2140 3756 2207 3810 ἂν
2238 3758 2313 3821 ὡς
2341 3757 2401 3823 ἐξ
2428 3758 2595 3830 ἄλλης
2642 3760 2816 3832 ἀρχῆς
2863 3779 2922 3814 τε
2955 3762 3254 3826 καὶαίτίας
3280 3763 3372 3816 τὸν
3402 3762 3598 3833 Πατέρα
3618 3758 3689 3813 καὶ

2144 3848 2272 3901 Υίὸν
2324 3849 2431 3919 φὴς
2495 3849 2807 3919 ἀναφύναι;
2863 3850 2975 3904 οὐδ’
3010 3850 3185 3921 αὐτὴν
3215 3850 3295 3916 ὡς
3320 3853 3588 3922 ποιητικήν
3616 3865 3628 3879 ο
3650 3846 3686 3898 tl

2139 3940 2249 4010 γὰρ
2271 3939 2430 3995 τοῦτο
2457 3942 2584 4014 δῷς,
2614 3944 2767 3997 ἔσται
2796 3942 2891 3997 τοῦ
2919 3944 3055 3999 Θεοῦ
3083 3943 3243 4011 Θεὸς,
3287 3947 3384 4000 καὶ
3411 3946 3558 4000 πάλιν
3597 3940 3689 3994 τού-

2139 4049 2234 4086 του
2289 4032 2469 4098 ἇλλος,
2513 4035 2609 4088 καὶ
2658 4034 2815 4090 τοῦτο
2846 4038 2935 4090 ἐπ’
2966 4037 3199 4109 ἄπειρον
3235 4054 3251 4069 ο
3311 4038 3420 4092 οὐδ’
3448 4036 3598 4104 αὐτὴν
3632 4032 3688 4096 ὼς

2141 4122 2337 4195 ὑλικήν
2367 4141 2382 4157 ο
2414 4125 2477 4178 οῦ
2505 4125 2613 4196 γάρ
2634 4127 2783 4181 ἐστιν
2815 4129 2843 4181 ὁ
2868 4128 3000 4193 Θεὸς
3024 4128 3285 4195 σύνθετός
3311 4149 3371 4184 τε
3401 4131 3491 4184 καὶ
3522 4126 3685 4186 ἕωλος

2140 4215 2277 4270 ἀλλὰ
2314 4218 2422 4288 μὴν
2449 4218 2571 4272 οὐδὲ
2595 4219 2695 4291 τὴν
2720 4221 2795 4284 ὡς
2817 4221 3060 4293 είδικήΨ
3101 4224 3228 4278 τίνα
3272 4224 3382 4295 γὰρ
3422 4225 3510 4277 καὶ
3550 4221 3687 4291 ἔχοιεν

2138 4308 2349 4380 είδικὴν
2385 4310 2560 4382 ἀρχὴν
2589 4315 2618 4365 ὁ
2660 4312 2850 4384 Πατὴρ
2880 4314 2974 4367 καὶ
3023 4313 3189 4381 Υίός;
3260 4317 3356 4369 καὶ
3410 4314 3571 4378 οὕτως
3613 4312 3690 4377 τὴν

2140 4402 2392 4456 σύνθεσιν
2421 4404 2522 4457 οὐκ
2555 4404 2914 4473 ἐκφεύξονται
2952 4422 2967 4438 ο
2993 4406 3104 4459 οὐδ’
3135 4407 3313 4479 αὐτὴν
3362 4407 3436 4471 ὼς
3484 4403 3688 4472 τελικὴν,

2138 4496 2380 4560 ἀναίτιος
2410 4498 2563 4573 γὰρὸ
2593 4497 2725 4562 Θεὸς
2758 4513 2770 4526 '
2807 4498 3056 4551 λείπεται
3089 4499 3238 4554 κατὰ
3300 4500 3360 4553 σὲ
3414 4500 3508 4571 τὴν
3541 4513 3689 4567 χρονι-

2138 4588 2242 4659 κὴν
2258 4588 2434 4661 ἀρχὴν
2470 4585 2610 4644 εἶναι
2640 4591 2734 4645 τοῦ
2767 4592 2982 4663 Πατρὸς
3010 4591 3104 4645 καὶ
3136 4592 3272 4646 Υίοῦ
3302 4609 3316 4622 ’
3344 4593 3393 4646 εἰ
3442 4591 3494 4644 δὲ
3545 4587 3685 4649 τοῦτο,

2138 4685 2231 4735 καὶ
2256 4683 2508 4752 γίνεσθαι
2540 4685 2608 4739 ἂν
2649 4686 2850 4751 αὐτοὺς
2885 4688 3202 4759 συμϐαίνει,
3248 4690 3347 4742 καὶ
3394 4684 3687 4757 φθείρεσθαι,

2141 4776 2236 4828 καὶ
2267 4775 2403 4829 ἄλλα
2436 4777 2606 4849 μυρία
2635 4795 2648 4809 ο
2679 4780 2749 4832 τὰ
2782 4782 2889 4850 γὰρ
2921 4783 2980 4833 έν
3022 4783 3205 4853 χρόνῳ
3246 4780 3474 4835 τοιαῦτα
3505 4794 3518 4809 ·
3560 4791 3688 4847 φανε-

2142 4866 2234 4937 ρδν
2263 4867 2346 4919 ὅτι
2373 4869 2471 4920 οὐκ
2496 4871 2642 4922 ἐστιν
2676 4873 2770 4923 ἐπὶ
2798 4872 2933 4925 θεοῦ
2966 4872 3141 4943 ἀρχὴν
3183 4873 3471 4944 ἀνωτέραν
3502 4869 3657 4940 εὑρεῖν
3686 4886 3689 4889 ·

2139 4958 2396 5025 καὶπῶς,
2430 4954 2475 5013 ὦ
2499 4961 2672 5028 φίλος,
2705 4965 2779 5025 ὡς
2806 4964 3058 5031 ἡγεῖσθαι
3114 4963 3302 5017 λαϐὼν
3355 4964 3446 5016 τὸν
3491 4958 3691 5030 παραὶο·

2139 5052 2357 5119 γισμὸν,
2388 5053 2751 5122 συῤῥάπτειςς
2790 5057 2899 5109 Καὶ
2944 5055 3087 5110 οὕτω
3125 5056 3408 5110 δέδεικται
3441 5056 3528 5109 καὶ
3558 5049 3688 5106 τοῦτό

2141 5158 2223 5194 σοι
2245 5142 2473 5213 ἠλίθιον.

2203 5242 2273 5307 η’.
2303 5236 2442 5290 Ἀλλ’
2495 5238 2693 5309 ἴδωμεν
2733 5240 2788 5293 τί
2860 5243 2957 5296 καὶ
2998 5243 3135 5313 μετὰ
3182 5242 3400 5314 βραχέα
3449 5239 3691 5312 γράφεις’

2138 5351 2157 5384 ι
2206 5332 2264 5384 '0
2288 5331 2343 5384 δὲ
2373 5331 2505 5393 Θεὸς
2552 5332 2614 5383 τὸ
2664 5334 2771 5386 πᾶν
2800 5336 2865 5404 τῇ
2914 5335 3280 5407 σοφίᾳ-αὐτοῦ
3312 5334 3643 5403 ἐκυϐέρνησε.
3672 5343 3686 5375 ι

2134 5424 2401 5496 Σῦμφημι
2433 5424 2589 5493 κάγὼ
2618 5427 2713 5479 καὶ
2749 5427 2893 5498 μάλα
2922 5429 3113 5499 ἡδέωςο
3144 5432 3216 5500 τῇ
3255 5429 3360 5500 μὲν
3392 5428 3499 5497 γὰρ
3524 5426 3691 5476 ένυπο·

2129 5518 2308 5588 στάτῳ
2360 5517 2437 5587 (1)
2487 5516 2656 5571 αὐτοῦ
2705 5521 2890 5591 σοφίᾳ,
2921 5520 2989 5591 ἢν
3044 5522 3073 5574 ὁ
3134 5520 3303 5591 λόγος
3355 5519 3573 5588 δύναμιν
3610 5511 3691 5580 τὴν

2129 5721 2250 5775 σίαν
2276 5720 2476 5786 κοινὸν,
2500 5721 2668 5797 ἤγουν
2691 5719 2936 5797 τὸεῖδος,
2972 5723 3032 5778 τδ
3076 5725 3133 5777 έν
3159 5723 3409 5797 τοῖςίῦπί
3426 5719 3551 5797 αὐτὸ
3587 5714 3688 5797 ἀτᾷ-

2129 5809 2252 5863 μοις
2292 5795 2700 5863 πραγματικῶς
2746 5796 3151 5868 ὑφιστάμενον,
3216 5796 3314 5850 καὶ
3360 5795 3460 5849 οὐκ
3508 5793 3689 5855 ἔπινοίῦ
