3978 6580
302 403 403 469 817

1432 398 1865 463 REFUTATIO
1905 396 2384 464 MOHAMEDIS.

3457 401 3569 465 818

300 526 475 596 αὐτὴν
522 522 619 577 καὶ
648 522 822 592 Λόγον
867 521 961 576 καὶ
1012 522 1142 575 Υίὸν
1171 518 1387 593 τρανῶς
1422 520 1615 587 ἔδειξε,
1662 519 1725 573 τὸ
1775 517 1918 575 πᾶν.

2023 518 2185 573 travit
2223 517 2461 574 Verbum
2505 533 2623 575 esse
2653 534 2718 575 ac
2768 518 3214 585 Filium,'omnia
3266 520 3579 585 constituit,

304 615 711 686 συνεστήσατο,
758 616 854 669 καὶ
888 598 1252 687 Ἐφανέρωσεν
1300 616 1359 667 ὲν
1406 615 1522 676 τοῖς
1555 612 1740 683 ἔργοις
1787 610 1888 680 τὴν

302 708 500 762 ἑαυτοῦ
535 708 775 777 ποίησινο
800 692 918 761 ’καὶ
970 707 1051 761 ὅτι
1100 706 1218 760 ἐστι
1248 706 1379 767 Θεὸς
1413 700 1495 769 εἷς
1542 704 1637 758 ἐπὶ
1669 704 1890 758 πάντων

305 799 633 871 ύπερούσιος
661 799 781 853 καθ’
821 799 857 854 ἆ
900 799 1004 854 πού
1036 818 1121 865 τις
1165 799 1277 854 τῶν
1302 800 1434 871 παρ’
1458 799 1592 870 ἡμῖν
1622 797 1891 867 Θεολόγων

306 893 519 962 συνῳδὰ
573 892 787 959 τούτοις
850 894 955 965 ἔφη
981 910 996 925 ·
1037 914 1056 947 ι
1124 895 1199 951 Τὰ
1254 894 1365 964 γὰρ
1423 894 1649 963 ἀόρατα
1702 896 1891 949 αὑτοῦ

306 986 431 1041 ἀπὸ
487 987 743 1052 κτίσεως
785 988 1019 1055 κόσμου
1068 987 1194 1053 τοῖς
1245 987 1539 1057 ποιήμασι
1592 987 1893 1056 νοούμενα

304 1074 645 1143 καθορᾶται,
678 1076 716 1144 ἢ
747 1093 809 1131 τε
840 1077 1030 1145 ἀΐδιος
1078 1077 1267 1132 αὑτοῦ
1309 1078 1543 1145 θειότης
1563 1093 1577 1108 ο
1627 1096 1646 1130 ι
1698 1079 1793 1130 καὶ
1823 1076 1893 1131 τὰ

302 1167 520 1231 τούτοις
551 1167 831 1238 σύστοιχα·
868 1167 950 1222 διδ
978 1169 1081 1223 κᾶν
1114 1166 1189 1238 μὴ
1232 1167 1415 1240 θέλῃς,
1446 1170 1567 1231 ταῖς
1593 1167 1892 1238 ἡμετέραις

302 1258 621 1328 ὁμολογίαις
654 1258 914 1329 συνᾴδῃς·
962 1257 1325 1329 παρακατιὼν
1354 1258 1411 1311 δὲ
1456 1256 1653 1329 μικρὸν
1685 1259 1765 1322 είς
1793 1259 1894 1329 τὴν

309 1350 613 1422 μοναρχίαν
671 1350 766 1404 τοῦ
815 1348 952 1404 Θεοῦ
1004 1350 1098 1404 καὶ
1152 1350 1625 1421 ύπερουσιὰτητα,
1658 1350 1895 1422 γράφεις

304 1440 503 1502 οὕτως’
543 1458 563 1492 ι
622 1441 769 1494 Διότι
815 1442 910 1493 ὲάν
968 1436 1082 1512 εἶχε
1124 1443 1383 1495 κοινωνὸν
1439 1442 1520 1505 είς
1552 1442 1651 1514 τὴν
1696 1441 1892 1496 ἑαυτοῦ

308 1532 592 1603 βασιλείαν
616 1572 631 1597 ,
692 1531 885 1603 ἔμελλε
926 1532 1182 1605 δέχεσθαι
1219 1533 1537 1588 ἐναντίωσιν
1561 1575 1575 1599 ,
1625 1535 1657 1605 ἢ
1708 1535 1896 1605 ἐνδεὴς

306 1620 455 1696 εἶχεν
498 1622 640 1680 εἶναι
690 1626 972 1697 ὕπουργοῦ
1012 1625 1111 1681 τοῦ
1152 1628 1377 1680 διοικεῖν
1406 1626 1505 1697 τὴν
1530 1628 1898 1699 δημιουργίαν

305 1718 499 1773 αὐτοῦ.
560 1738 579 1771 ι
625 1719 943 1789 Θαυμάζειν
990 1737 1081 1787 μοι
1111 1720 1289 1773 ἔπεισι
1322 1722 1549 1776 τοιαῦτα
1587 1724 1895 1794 γράφοντος

309 1832 427 1870 σου·
454 1814 575 1868 οὐδὲ
607 1815 715 1887 γὰρ
738 1817 955 1887 συνορῶ
988 1816 1084 1869 ἐπὶ
1108 1816 1242 1870 Θεοῦ
1268 1817 1352 1880 τίς
1377 1820 1410 1889 ἡ
1440 1818 1677 1888 ἀνάγκη,
1710 1820 1743 1890 ἢ
1785 1837 1899 1874 κοι-

310 1907 521 1971 νωνούς
574 1924 729 1971 τινας
779 1911 880 1978 τῆς
934 1907 1247 1978 βασιλείας,
1280 1908 1312 1979 ἢ
1343 1908 1553 1962 ἔνδειαν
1596 1910 1899 1979 ὑπουργίας

306 2001 406 2053 τοῦ
437 2001 658 2054 διοικεῖν
704 2002 797 2055 τὸν
841 2001 1039 2056 ἑαυτοῦ
1070 2002 1276 2072 κόσμον
1306 2003 1642 2071 εἰσάγεσθαι·
1668 2005 1765 2059 καὶ
1794 2007 1898 2059 ὅσα

307 2092 519 2157 τούτοις
573 2093 870 2164 ἐπιφέρεις·
906 2095 997 2148 τὸν
1035 2096 1142 2165 γὰρ
1197 2094 1339 2149 Θεὸν
1392 2098 1488 2150 καὶ
1541 2098 1759 2169 Πατέρα
1808 2102 1902 2154 τὸν

308 2184 510 2237 ἑαυτοῦ
541 2183 668 2238 Υἰὺν
698 2184 841 2237 κατὰ
882 2185 1060 2239 πάντα
1108 2185 1294 2256 ὅμοιον
1343 2185 1571 2262 ἔχοντα,
1618 2189 1761 2261 πλὴν
1800 2190 1905 2261 τῆς

312 2276 644 2346 ἀγεννησίας
676 2277 771 2330 καὶ
815 2277 915 2346 τῆς
945 2279 1252 2348 γεννήσεως
1278 2295 1295 2312 ο
1326 2279 1485 2349 ἡμῶν
1507 2280 1565 2334 δὲ
1607 2282 1731 2352 μηδ’
1766 2283 1904 2349 ὅλως

312 2368 381 2421 τὸ
403 2369 661 2421 κοινωνὸν
697 2367 1108 2439 ὁμολογούντων
1132 2371 1226 2423 ὲπί
1264 2370 1359 2424 τοῦ
1391 2372 1603 2441 Πατρὸς
1631 2372 1722 2426 τὸν
1752 2373 1901 2440 Υίὸν,

312 2460 421 2514 οὐκ
460 2455 561 2514 οἶδ’
589 2460 736 2522 ὃπως
766 2461 915 2530 ἡμᾶς
956 2460 1298 2534 παραλογίζῃ
1329 2460 1363 2531 ἢ
1405 2462 1631 2518 σεαυτὸν
1673 2466 1768 2517 καὶ
1792 2467 1907 2530 τοῖς

316 2549 521 2606 ἑαυτοῦ
544 2556 767 2625 πτεροῖς
794 2552 1012 2626 ἁλίσκῃ·
1046 2556 1162 2608 ἐστι
1183 2555 1240 2609 δὲ
1271 2555 1332 2609 τὸ
1365 2557 1517 2629 παρὰ
1546 2557 1641 2611 σοῦ
1665 2559 1907 2629 σόφισμα

319 2645 564 2699 τοιοῦτον
588 2663 602 2677 '
652 2647 778 2701 Ἐὰν
806 2647 899 2703 δύο
930 2648 1051 2702 τινὰ
1080 2641 1203 2714 ὦσι,
1244 2649 1339 2703 καὶ
1381 2649 1445 2703 τὸ
1476 2650 1577 2721 μὲν
1607 2650 1911 2706 καθολικώ-

321 2756 507 2810 τερον,
534 2739 596 2793 τὸ
625 2740 682 2794 δὲ
723 2743 817 2795 ἐπὶ
869 2742 1093 2813 μέρους,
1141 2736 1254 2796 οἷον
1308 2743 1369 2797 τό
1416 2761 1474 2797 τε
1508 2743 1646 2809 ὕειν,
1702 2744 1799 2799 καὶ
1847 2745 1910 2798 τὸ

327 2831 618 2903 βεσρέχθαι
650 2832 750 2904 τὴν
781 2834 905 2903 γῆν
939 2835 999 2888 τὸ
1029 2836 1128 2905 μὲν
1158 2837 1267 2905 γάρ
1292 2835 1430 2900 ὕειν,
1458 2836 1757 2892 ὲπὲλαττόν
1792 2838 1909 2892 ἐστι

324 2924 423 2978 τοῦ
456 2924 772 2997 βεὸρέχθαιο
800 2926 862 2979 οὕ
888 2927 997 2997 γὰρ
1017 2928 1388 2999 ἀντιστρέφει·
1419 2927 1612 2982 τούτου
1645 2929 1703 2984 δὲ
1734 2931 1909 2995 ὄντος,

1994 608 2475 681 manifestavitque
2523 612 2784 682 operibus
2827 611 3094 667 facturam
3139 626 3320 677 suam,
3349 620 3405 667 et
3432 612 3580 682 quod

1994 704 2137 758 Deus
2172 719 2315 757 unus
2344 705 2428 772 {sit
2454 720 2618 774 super
2644 707 2829 759 omnia
2866 704 3431 774 supersubsuntialis,
3467 705 3578 760 sic-

1993 796 2071 849 uti
2124 796 2345 866 quidam
2393 796 2459 851 de
2515 796 2784 868 theologis
2833 796 3038 852 nostris
3088 804 3458 852 consonanter
3499 795 3583 851 his

1994 886 2174 941 dixit:
2213 885 2513 942 Invisibilia
2569 887 2709 941 enim
2765 887 2932 956 ipsius
2992 903 3025 940 a
3076 899 3325 940 creatura
3374 884 3582 945 mundi,

1994 996 2086 1050 per
2136 996 2198 1033 ea
2252 996 2369 1050 quas
2417 980 2564 1049 facta
2624 989 2784 1042 sunt,
2835 977 3100 1033 intellecta
3146 976 3582 1046 conspiciuntur;

1997 1073 2317 1142 sempiterna
2341 1088 2543 1143 quoque
2568 1072 2682 1141 ejus
2708 1073 2879 1126 deitas
2897 1070 2966 1136 ⁸⁸,
2997 1079 3051 1125 et
3082 1070 3169 1125 his
3190 1077 3584 1124 consentanea.

1998 1165 2361 1231 Quamobrem
2390 1164 2525 1219 velis
2556 1165 2697 1219 nolis
2723 1163 3166 1219 confessionibus
3201 1161 3411 1217 nostris
3447 1175 3588 1215 con-

1998 1255 2221 1312 scnties.
2252 1254 2607 1324 Aliquantum
2638 1270 2772 1310 vero
2807 1270 3130 1326 progressus
3166 1254 3234 1309 ad
3278 1251 3373 1308 Dei
3407 1251 3589 1307 unita-

1995 1361 2102 1405 tem
2136 1358 2191 1404 et
2246 1338 2952 1418 supersubstantialitatem,
2991 1347 3072 1401 sic
3121 1346 3203 1401 ais
3241 1363 3256 1400 :
3295 1364 3314 1396 ι
3364 1344 3501 1411 Quia
3539 1343 3589 1398 si

1996 1441 2309 1496 societatem
2343 1440 2581 1510 aliquam
2625 1440 2711 1495 sui
2763 1440 2915 1506 regni
2952 1439 3197 1501 haberet,
3224 1438 3588 1493 contrarieta-

2001 1542 2106 1587 tem
2137 1546 2359 1602 quoque
2385 1541 2715 1602 experturus
2739 1540 2903 1586 esset.
2944 1530 3037 1585 Vel
3066 1539 3214 1584 certe
3248 1539 3396 1584 esset
3434 1527 3591 1597 adju-

1998 1627 2135 1682 turis
2167 1626 2387 1695 indigus
2427 1626 2495 1679 ad
2532 1626 2703 1680 creati
2731 1624 2800 1678 ab
2828 1639 2888 1679 se
2920 1623 3109 1678 mundi
3154 1621 3589 1677 administratio-

2001 1735 2145 1775 nem.
2220 1738 2240 1770 ι
2306 1716 2475 1773 Miror
2534 1718 2648 1773 haec
2704 1733 2735 1772 a
2797 1725 2850 1772 te
2904 1716 3069 1771 scribi
3131 1714 3393 1770 :nullam
3445 1713 3592 1773 enim

2003 1814 2380 1870 necessitatem
2436 1810 2595 1866 video
2658 1810 2955 1865 inducendi
3016 1809 3098 1863 vel
3152 1806 3332 1865 socios
3378 1806 3594 1876 aliquos

2001 1906 2177 1978 regni,
2208 1906 2289 1962 vel
2315 1905 2572 1975 adjutorii
2632 1903 2990 1974 indigentiam
3039 1901 3108 1957 ad
3142 1901 3331 1956 mundi
3360 1899 3596 1955 admini-

2003 2001 2340 2062 strationem,
2370 1999 2452 2052 vel
2473 1996 2737 2066 quidquid
2781 1996 2865 2051 his
2884 2004 2940 2048 tu
2963 1993 3269 2063 subjungis.
3293 1992 3429 2048 Cum
3447 1992 3595 2047 enim

2005 2110 2106 2150 nos
2131 2094 2490 2149 contiteamur
2525 2092 2695 2146 Deum
2721 2089 2939 2144 Patrem
2972 2088 3174 2143 habere
3198 2085 3399 2141 Filium
3432 2101 3603 2141 suum

2003 2199 2233 2255 prorsus
2266 2183 2372 2239 sibi
2405 2182 2664 2249 similem,
2711 2189 2937 2252 excepta
2981 2177 3333 2251 generatione
3362 2178 3598 2249 ejusque

2005 2281 2329 2352 negatione;
2361 2293 2540 2349 neque
2564 2286 2745 2333 tamen
2799 2276 3118 2333 societatem
3172 2274 3340 2329 ullam
3370 2288 3598 2345 prorsus

2006 2374 2255 2428 dicamus
2301 2365 2486 2426 Patris
2546 2385 2611 2425 ac
2666 2369 2821 2433 Filii;
2883 2368 3028 2423 haud
3081 2367 3241 2423 video
3299 2381 3401 2420 cur
3437 2366 3602 2420 nobis

2010 2466 2194 2520 fucum
2232 2465 2411 2519 facere
2439 2464 2599 2519 velis.
2634 2463 2778 2518 Sane
2810 2462 2917 2517 tuis
2950 2462 3085 2530 ipsis
3125 2460 3320 2531 pennis
3360 2459 3601 2530 caperis.

2009 2554 2105 2609 Est
2138 2565 2318 2610 autem
2358 2553 2638 2624 sophisma
2663 2562 2815 2608 tuum
2854 2551 3169 2623 hujnsmodi
3201 2568 3216 2605 :
3245 2548 3302 2604 Si
3334 2549 3445 2604 duo
3469 2549 3601 2612 sint,
3654 2568 3661 2581 ν

2009 2659 2063 2704 et
2095 2664 2263 2702 unum
2300 2646 2521 2717 quidem
2568 2644 2919 2717 generalius,
2960 2645 3105 2699 aliud
3144 2644 3400 2715 partiale,
3435 2641 3611 2698 veluti

2010 2752 2095 2797 est
2127 2741 2332 2811 pluere,
2369 2748 2424 2795 et
2449 2751 2648 2794 terram
2682 2737 2963 2795 madefieri
2992 2757 3006 2793 :
3040 2752 3163 2791 nam
3191 2737 3383 2807 pluere
3414 2736 3609 2789 minus

2012 2844 2116 2897 est.
2146 2850 2310 2904 quam
2342 2842 2543 2887 terram
2577 2830 2892 2886 madeﬁeri:
2923 2846 3030 2885 non
3053 2832 3198 2885 enim
3232 2827 3607 2892 convertitur;

2022 2927 2170 2997 quod
2212 2926 2257 2980 si
2310 2935 2416 2988 est,
2473 2932 2619 2993 patet
2670 2924 2900 2978 alterum
2949 2934 3170 2993 quoque
3219 2921 3353 2984 fore,
3416 2920 3469 2975 id
3499 2928 3607 2982 est,

325 3015 489 3086 δῆλον
521 3018 605 3071 δτι
636 3020 733 3071 καὶ
772 3018 836 3071 τὸ
883 3019 1069 3072 λοιπὸν
1104 3020 1277 3083 ἔσται,
1320 3016 1433 3074 οἷον
1474 3021 1536 3074 τὸ
1567 3020 1680 3075 ὕειν
1731 3024 1824 3077 καὶ
1853 3025 1914 3078 τὸ

2023 3021 2202 3091 pluere
2230 3028 2284 3073 et
2322 3018 2620 3072 madelieri.
2650 3016 2854 3071 Deinde
2874 3016 2920 3071 si
2970 3016 3200 3070 alterum
3223 3023 3328 3077 est,
3348 3012 3492 3067 dicet
3518 3012 3612 3066 ali~

330 3107 649 3179 βεσρέχθαιο
694 3105 816 3164 εἷτα
853 3110 947 3164 τοῦ
995 3110 1185 3165 λοιποῦ
1215 3110 1386 3176 ὄντος,
1417 3113 1581 3184 φήσει
1611 3132 1696 3178 τις
1726 3118 1821 3169 καὶ
1854 3117 1914 3170 τὸ

2023 3114 2141 3183 quis
2189 3112 2418 3166 alterum
2460 3126 2678 3181 quoque
2728 3109 2865 3174 fore,
2894 3108 3429 3177 paralogismumque
3458 3103 3606 3167 facit;

329 3201 518 3254 λοιπὸν
538 3196 696 3255 εἶναι
720 3220 735 3235 ο
766 3204 858 3256 τὸν
889 3206 1309 3277 παραλογισμδν
1343 3209 1486 3260 ποιεῖ
1527 3207 1671 3261 οὕτω
1715 3209 1903 3263 καλού-

2023 3206 2089 3258 ita
2144 3203 2474 3274 appellatum
2529 3203 2669 3273 :quia
2724 3217 2830 3256 non
2858 3201 3198 3257 convertitur
3224 3200 3387 3254 etiam
3423 3197 3614 3252 subse-

336 3309 499 3363 μενον
532 3294 685 3365 παρά
720 3294 783 3347 τὸ
834 3295 1329 3366 μὴ,ἀντιστρέφον,
1366 3298 1461 3351 καὶ
1509 3298 1569 3351 τὸ
1629 3300 1917 3369 ἑπόμενον,

409 3385 476 3439 θ’.
509 3385 762 3440 Τοιοῦτόν
787 3404 840 3441 τι
870 3389 1073 3453 καύτὸς
1098 3391 1155 3442 ὲν
1184 3392 1297 3453 τοῖς
1329 3391 1481 3464 παρὰ
1512 3393 1607 3446 σοῦ
1658 3397 1922 3465 γραφεῖσι

337 3479 667 3550 πεποίηκας’
700 3482 793 3535 δύο
828 3483 940 3553 γὰρ
968 3483 1158 3546 ὄντων,
1199 3484 1378 3536 κοινόν
1417 3502 1474 3538 τε
1521 3485 1617 3539 καὶ
1644 3488 1920 3551 κοινωνόςο

340 3573 525 3626 καὶτὸ
569 3573 669 3644 μὲν
700 3575 985 3641 ὲπιπλέον,
1016 3569 1128 3629 οἷον
1168 3575 1232 3628 τὸ
1266 3576 1465 3631 κοινόν*
1499 3577 1562 3630 τὸ
1605 3578 1662 3631 δὲ
1694 3579 1922 3633 ὲπέλοιτ-

339 3680 456 3728 τον,
488 3658 600 3719 οἷον
629 3666 691 3720 τὸ
721 3668 1030 3734 κοινωνός’
1062 3672 1090 3723 ὁ
1129 3671 1228 3741 μὲν
1261 3673 1370 3741 γὰρ
1397 3672 1654 3736 κοινωνὸς
1677 3665 1738 3725 οὗ
1768 3673 1927 3742 λέγε-

338 3772 434 3811 ται
465 3759 754 3825 κοινωνὸς,
799 3760 875 3822 ὡς
903 3763 1082 3815 κοινόν
1120 3779 1172 3816 τι
1212 3762 1351 3834 ἔχων
1383 3764 1604 3832 λέγεται
1647 3768 1924 3831 κοινωνόςο

344 3852 447 3925 οὐκ
473 3852 524 3905 εί
549 3868 602 3905 τι
632 3852 688 3905 δὲ
714 3853 891 3906 κοινόν
937 3871 990 3907 τι
1021 3854 1158 3924 ἔχων
1185 3856 1304 3925 μεθ’
1336 3858 1548 3926 ἐτέρου,
1579 3858 1791 3930 ἀνάγκη
1833 3862 1929 3915 καὶ

348 3941 605 3995 κοινωνὸν
639 3942 805 3996 αὑτοῦ
845 3943 1124 4013 λέγεσθαι·
1147 3946 1295 4012 λίθος
1319 3948 1429 4019 γὰρ
1451 3948 1583 4020 λίθῳ
1615 3952 1674 4003 ού
1710 3950 1930 4021 λέγεται

350 4033 628 4099 κοινωνὸς,
660 4036 781 4088 ἐπεὶ
814 4040 968 4108 κοινὴ
994 4039 1320 4112 ἀμφοτέρων
1348 4044 1379 4111 ἡ
1405 4044 1582 4097 ούσῖα·
1614 4044 1932 4100 ὡσαύτωίδὲ

352 4125 447 4178 καὶ
474 4126 637 4188 ἵππος
666 4126 840 4198 ἵππῳ,
872 4130 1057 4201 κοινὴν
1088 4132 1184 4183 καὶ
1207 4132 1334 4199 μίαν
1375 4134 1569 4186 οὐσίαν
1607 4135 1845 4205 ἔχοντες,
1870 4138 1932 4190 οὐ

351 4218 603 4286 λέγονται
633 4220 916 4273 κοινωνοί·
951 4224 1000 4275 εἰ
1048 4219 1141 4276 οὖν
1182 4223 1242 4276 τὸ
1275 4226 1453 4278 κοινὸν
1483 4228 1761 4296 ἐπιπλέον,
1792 4230 1851 4284 τὸ
1878 4230 1935 4284 δὲ

359 4312 654 4376 κοινωνὸς
685 4313 999 4367 ὲπὲλαττον·
1038 4317 1070 4385 ή
1081 4315 1198 4385 μῶν
1238 4317 1294 4370 δὲ
1338 4317 1605 4386 λεγόντων
1633 4320 1817 4393 κοινὴν
1847 4324 1938 4377 καὶ

355 4402 654 4473 ἀμέριστον
700 4403 846 4473 ἔχειν
875 4405 968 4458 τὸν
1016 4405 1237 4475 Πατέρα
1285 4408 1385 4478 τὴν
1421 4409 1616 4464 ἑαυτοῦ
1659 4411 1940 4480 βασιλείαν

356 4494 496 4565 πρὸς
519 4499 613 4549 τὸν
629 4496 821 4549 ἑαυτοῦ
844 4497 987 4560 Υίδν,
1007 4498 1171 4562 αὐτὸς
1201 4504 1522 4572 μεταφέρων
1552 4503 1807 4574 γράφειςο
1831 4523 1851 4557 ι
1877 4507 1938 4559 Ei

2025 3313 2221 3367 quens.

2097 3389 2149 3445 9.
2193 3389 2323 3444 Tale
2353 3390 2486 3460 quid
2543 3396 2600 3443 tu
2664 3400 2887 3457 quoque
2940 3383 3119 3441 fecisti
3170 3384 3230 3438 in
3261 3383 3469 3454 scripto
3498 3390 3613 3436 tuo.
3656 3434 3673 3452 ,

2026 3480 2160 3535 Nam
2203 3495 2327 3536 cum
2360 3479 2468 3533 duo
2492 3478 2622 3539 sint,
2659 3489 2953 3530 commune
3004 3482 3058 3528 et
3087 3474 3500 3528 communicans
3519 3488 3538 3536 ;
3564 3478 3620 3527 et

2027 3572 2159 3628 illud
2185 3570 2405 3642 quidem
2435 3569 2693 3639 amplius,
2727 3568 2777 3622 id
2802 3577 2908 3630 est,
2932 3581 3262 3632 commune;
3296 3565 3403 3621 hoc
3431 3575 3619 3620 autem

2029 3667 2355 3727 restrictius,
2384 3664 2436 3718 id
2465 3671 2569 3729 est,
2612 3662 3013 3717 communicans
3042 3675 3061 3714 :
3093 3660 3295 3715 etenim
3345 3659 3439 3730 qui
3468 3674 3620 3714 com-

2030 3759 2277 3814 municat
2319 3757 2519 3812 dicitur
2556 3755 2997 3817 commnnicans,
3035 3764 3307 3824 quatenus
3330 3768 3619 3807 commune

2031 3851 2241 3921 aliquid
2269 3850 2470 3905 habet:
2494 3863 2839 3918 nequaquam
2867 3858 3048 3901 autem
3070 3860 3194 3900 eum
3222 3845 3620 3914 quicommnne

2033 3945 2239 4014 aliquid
2267 3943 2573 3997 habetcum
2596 3942 2704 3995 alio
2727 3981 2742 4004 ,
2773 3955 2996 3994 necesse
3012 3948 3094 3993 est
3120 3936 3617 3993 communicantem

2034 4039 2208 4093 eidem
2238 4037 2420 4091 dicere
2449 4053 2461 4089 :
2492 4050 2617 4088 nam
2668 4032 2807 4103 lapis
2866 4047 2975 4086 non
3027 4031 3229 4086 dicitur
3267 4029 3429 4099 lapidi
3461 4044 3619 4083 com»

2039 4128 2353 4190 municans,
2380 4125 2510 4196 quia
2530 4125 2838 4180 communis
2865 4122 3249 4191 estutriusque
3276 4119 3580 4175 substantia
3603 4136 3617 4173 :

2039 4216 2291 4273 similiter
2323 4230 2501 4285 equus
2568 4227 2730 4282 equo,
2786 4211 2877 4281 qui
2949 4223 3295 4263 communem
3347 4222 3623 4275 unamque

2041 4309 2405 4366 substantiam
2434 4306 2655 4370 habent,
2689 4321 2796 4359 non
2829 4303 3085 4359 dicuntur
3111 4300 3579 4356 communicantes
3604 4317 3618 4353 :

2044 4405 2087 4459 si
2116 4418 2245 4471 ergo
2281 4414 2595 4463 commune,
2652 4400 2775 4469 plus
2828 4406 2944 4463 est;
3003 4394 3397 4449 communicaus
3440 4400 3623 4447 autem

2046 4496 2231 4550 minus
2258 4510 2270 4545 :
2298 4493 2456 4547 nobis
2484 4508 2611 4546 vero
2656 4491 2963 4546 dicentibus
3010 4502 3303 4544 commune
3334 4494 3389 4540 et
3427 4483 3627 4541 indivi-

358 4590 514 4659 κοινὴ
557 4589 803 4659 βασιλεία
851 4593 946 4645 καὶ
975 4592 1193 4657 ἐξουσία
1245 4594 1381 4665 πρὸς
1422 4595 1571 4659 Υἰδν,
1602 4598 1821 4661 πάντως
1846 4617 1918 4655 κα

2045 4588 2202 4642 sibile
2236 4587 2439 4655 habere
2480 4583 2697 4638 Patrem
2766 4598 2993 4654 regnum
3056 4595 3219 4636 suum
3251 4594 3375 4635 cum
3407 4577 3629 4649 proprio

361 4684 617 4746 κοινωνὸς
647 4684 800 4737 ἔσται
831 4686 859 4738 ὁ
891 4686 1019 4749 Υἱὸς
1066 4686 1160 4740 τοῦ
1198 4688 1412 4759 Πατρὸς
1440 4689 1539 4758 τῆς
1585 4690 1750 4745 αὑτοῦ
1784 4692 1939 4762 βασι-

358 4774 534 4839 λείις·
577 4795 596 4828 ι
636 4780 731 4830 καὶ
778 4779 1122 4854 παραλογίζῃ
1156 4781 1355 4850 μᾶλλον
1381 4783 1526 4852 ἥπερ
1556 4785 1725 4855 ἡμᾶς,
1772 4787 1942 4841 ποιῶν

360 4868 457 4922 τὸν
487 4869 901 4941 παραλογισμὸν
930 4873 1081 4943 παρὰ
1110 4872 1170 4926 τὸ
1190 4875 1264 4943 μὴ
1290 4875 1644 4945 ἀντιστρέφον
1675 4878 1838 4930 καλού
1848 4896 1942 4948 με-

361 4975 473 5014 νυν’
511 4963 606 5016 καὶ
633 4962 788 5016 τοῦτο
824 4964 992 5018 ποιῶν
1015 4965 1192 5030 δοκεῖς
1217 4966 1419 5037 μᾶλλον
1455 4968 1673 5037 ἀγνοεῖν
1714 4970 1779 5023 τὸ
1826 4990 1952 5027 κοι-

362 5055 560 5121 νωνὸς
587 5055 760 5126 ὄνομα
791 5057 884 5110 ἐπὶ
908 5058 1072 5112 τίνων
1103 5060 1328 5124 εἰκότως
1362 5060 1456 5114 καί
1487 5060 1603 5115 ἐστι
1634 5065 1727 5117 καί
1751 5067 1953 5136 κυρίως

366 5146 610 5214 λέγεται,
644 5148 739 5201 καὶ
768 5148 858 5202 διὰ
900 5149 1060 5204 τοῦτο
1089 5152 1275 5216 κακῶς
1301 5153 1396 5206 ἐπὶ
1422 5152 1559 5207 θεοῦ
1596 5156 1950 5229 μεταφέρεις*

367 5239 433 5291 τὸ
461 5241 571 5310 γὰρ
597 5241 886 5308 κοινωνὸς
924 5242 1096 5313 ὄνομα
1146 5244 1249 5298 οὐκ
1305 5245 1395 5299 ἐπ’
1439 5246 1604 5301 ἄλλου
1634 5247 1781 5303 δοκεῖ
1807 5252 1953 5305 τίθε-

375 5329 523 5392 σθαι,
567 5330 683 5383 ἀλλ’
709 5326 790 5393 οἷς
833 5331 1149 5399 ἰδιαζόντως
1180 5335 1274 5387 καὶ
1324 5336 1794 5407 ἀποτετμημένως
1834 5341 1951 5406 ἐνὸς

376 5421 615 5475 ἑκάστου
665 5422 728 5475 τὸ
778 5422 938 5493 ἔργον
967 5425 1335 5489 ἀποτελεῖται,
1371 5429 1467 5481 xa‘t
1495 5429 1638 5482 κατὰ
1672 5430 1951 5501 σύμϐασιν

377 5514 794 5586 προαιρετικὴν,
850 5517 945 5570 καὶ
1002 5519 1408 5591 συμπειθισμὸν
1463 5521 1521 5573 ἐν
1572 5521 1755 5590 ταυτῷ
1810 5522 1953 5593 πρά-

448 5650 495 5682 ”
527 5649 687 5705 Rom.
728 5667 764 5715 ι,
789 5651 880 5707 20.

384 5816 516 5888 ψιλῇ
542 5816 965 5891 (θεωρούμενον,
1002 5816 1442 5891 Euhypostutum,
1483 5817 1644 5891 quod
1678 5833 1951 5891 commune

386 5888 669 5945 secundum
701 5890 1056 5945 substantiam
1091 5888 1167 5945 est
1195 5889 1467 5955 ;videlicet
1508 5888 1703 5959 species
1746 5903 1863 5957 quu:
1895 5888 1951 5942 in

2050 4678 2205 4744 Filio,
2237 4689 2292 4733 tu
2344 4678 2564 4731 inverso
2595 4690 2848 4731 sermone
2897 4673 3094 4728 scribis
3144 4690 3156 4725 :
3196 4690 3213 4721 ι
3247 4670 3306 4725 Si
3339 4684 3631 4723 conunune

2048 4782 2132 4828 est
2163 4785 2391 4841 regnum
2427 4778 2481 4822 et
2511 4776 2753 4837 potestas
2782 4781 2907 4821 cum
2956 4764 3118 4826 Filio,
3147 4777 3374 4833 prorsus
3401 4772 3452 4815 et
3481 4775 3633 4813 com-

2049 4866 2339 4921 municans
2385 4863 2490 4917 erit
2552 4860 2720 4915 Filius
2753 4874 2920 4928 regno
2981 4857 3155 4911 Patris
3210 4856 3295 4911 sui
3333 4872 3345 4907 :
3383 4854 3633 4923 Mihique

2051 4958 2238 5014 illudis
2270 4956 2454 5027 potius
2502 4969 2667 5024 quam
2721 4952 2913 5015 nobis,
2969 4948 3392 5017 paralogismum
3427 4945 3633 5000 faciens

2051 5053 2106 5106 in
2144 5066 2209 5104 eo
2258 5047 2403 5118 quod
2456 5060 2565 5099 nou
2622 5043 2897 5098 alternat:
2928 5041 3090 5110 idque
3143 5037 3382 5100 faciens,
3430 5036 3632 5092 videris

2051 5143 2233 5215 p0lius
2266 5142 2540 5211 ignorare,
2596 5135 2920 5190 vocabulum
2980 5130 3372 5186 communicaus
3412 5130 3478 5183 de
3505 5129 3632 5199 qui-

2052 5239 2284 5292 busnam
2327 5239 2473 5287 recte
2523 5227 2849 5299 proprieque
2894 5225 3110 5280 dicatur
3163 5240 3176 5277 :
3232 5236 3297 5276 ac
3348 5229 3632 5290 propterea

2056 5328 2199 5384 male
2229 5325 2294 5380 ad
2327 5324 2493 5379 Deum
2532 5317 2796 5375 transfers
2824 5336 2837 5371 :
2871 5333 2993 5372 nam
3032 5314 3359 5371 vocabulum
3391 5328 3632 5367 commu-

2058 5424 2242 5477 uicans
2293 5418 2361 5473 de
2409 5416 2519 5469 alio
2574 5412 2725 5467 nullo
2784 5410 2914 5479 poni
2968 5410 3200 5471 videtur,
3255 5421 3421 5477 quam
3460 5405 3528 5460 de
3566 5403 3636 5459 iis

2058 5528 2292 5587 quorum
2344 5507 2561 5580 proprie
2622 5504 2955 5576 praeciseque
3006 5500 3441 5572 uniuscujusque
3496 5512 3637 5568 opus

2060 5815 2368 5877 individuis,
2398 5829 2515 5884 qua:
2549 5811 2644 5867 sub
2680 5810 2795 5884 ipsa
2837 5816 2980 5871 sunt,
3009 5804 3224 5884 realiter
3244 5804 3510 5871 subsistit,
3544 5818 3638 5859 nec

2059 5888 2197 5943 nudo
2227 5876 2431 5941 tanturn
2464 5884 2651 5942 mentis
2683 5876 2913 5954 cogitatu
2936 5876 3321 5935 consideratur.
