3978 6592
414 398 517 463 519

1692 394 1985 461 NICET/E
2034 392 2443 460 BYZANTINI’

3557 405 3652 469 820

414 512 711 582 perﬁcitur,
737 528 861 591 cum
896 529 962 570 ex
998 513 1360 571 conventione
1397 514 1597 585 praevia
1637 522 1691 569 et
1716 512 1969 569 soliditati

2076 522 2282 581 ’γματι,
2315 512 2409 565 δύο
2460 511 2492 581 ἢ
2539 512 2754 583 τρεῖςῆ
2805 514 2901 566 καὶ
2940 513 3185 577 πλείονες
3230 513 3441 569 τούτων
3494 519 3573 582 εἰς
3600 522 3654 575 τδ

416 622 469 660 tn
500 607 689 661 eodem
736 608 971 677 negotio,
1013 608 1124 663 duo
1154 608 1234 661 vel
1268 618 1377 662 tres
1413 615 1504 661 aut
1527 606 1723 674 plures,
1752 606 1816 660 ad
1846 605 1986 659 idem

415 699 688 769 negotium
745 709 1099 755 concurrunt.
1140 697 1316 753 Veluti
1374 700 1419 752 si
1483 699 1608 768 quis
1655 698 1985 752 rhetoricam

416 799 591 846 artem
628 793 781 862 prius
824 807 918 862 per
966 807 1024 847 se
1073 792 1248 860 ipsum
1302 791 1680 845 tantummodo
1712 797 1982 855 exerceat,

411 886 606 941 deinde
631 888 824 957 aliquis
883 887 1022 941 alios
1073 888 1138 940 ad
1187 902 1310 939 eum
1346 886 1585 948 accedat,
1620 893 1674 938 et
1705 900 1825 937 mox
1854 900 1985 936 con-

411 978 666 1032 ventione
697 978 892 1045 praevia
938 985 989 1031 et
1020 991 1312 1039 consensu,
1369 976 1433 1029 ad
1486 976 1811 1029 rhetoricam
1856 991 1984 1045 pro-

412 1068 703 1122 fessionem
778 1069 1122 1123 concorditer
1184 1078 1553 1133 concurrant;
1629 1077 1759 1128 tunc
1823 1068 1985 1120 ambo

408 1160 655 1214 dicentur
698 1160 801 1215 hac
844 1161 897 1214 in
948 1176 1005 1215 re
1047 1162 1537 1215 communicantes.
1574 1161 1768 1213 Vermu
1807 1159 1985 1213 enim-

409 1265 537 1304 vero
569 1253 655 1315 iis,
687 1267 918 1320 quorum
964 1268 1151 1322 opera,
1188 1253 1458 1314 voluntas,
1484 1252 1821 1313 deliberatio,
1854 1266 1981 1319 ope-

411 1342 569 1405 ratio,
612 1354 663 1397 et
694 1344 983 1399 concordia
1016 1345 1397 1411 inseparabilis
1426 1355 1617 1413 suapte
1656 1354 1847 1397 natura
1875 1350 1980 1403 est.

405 1436 678 1503 quomodo
746 1438 1206 1492 communicantis
1276 1438 1598 1492 vocabulum
1684 1435 1983 1504 congruet?

406 1526 632 1579 Minime
668 1543 913 1594 prorsus.
957 1529 1139 1595 Quare
1190 1546 1312 1585 cum
1377 1530 1583 1584 Patrem
1617 1529 1851 1583 dicimus
1878 1528 1981 1581 ali-

404 1618 532 1683 qttid
564 1618 762 1678 facere.
797 1618 990 1673 Filium
1054 1636 1271 1690 quoque
1332 1630 1385 1676 et
1438 1620 1697 1691 Spiritum
1729 1630 1980 1675 sanctum

407 1712 846 1780 inseparabiliter
910 1713 1071 1767 simul
1122 1714 1297 1768 facere
1350 1715 1587 1769 dicimus
1637 1731 1650 1767 :
1706 1724 1759 1768 et
1820 1713 1980 1769 unius

405 1802 670 1871 operatio,
700 1821 727 1857 a
762 1806 935 1859 tribus
963 1821 1068 1860 non
1094 1815 1177 1859 est
1200 1808 1447 1874 scjuncta
1477 1824 1489 1860 :
1517 1806 1809 1875 omnisque
1846 1821 1980 1876 ope-

2092 603 2225 656 αὺτδ
2259 606 2491 673 πρᾶγμα
2532 605 2893 675 συνέρχοιντο·
2945 599 3056 658 οἷον
3092 606 3378 677 ῥητορεύει
3424 626 3506 671 τις
3542 613 3655 664 καθ’

2093 695 2285 749 ἑαυτὸν
2312 694 2372 747 τὺ
2400 696 2599 748 οἰκεῖον
2633 696 2954 768 σπούδασμα
2995 699 3251 765 ἐκτελῶν,
3280 702 3377 753 ἐὰν
3404 700 3558 764 ἄλλος
3579 720 3656 767 τις

2092 790 2229 859 πρὸς
2255 790 2418 841 αὑτὸν
2445 790 2699 857 ἀφίκοιτο
2728 792 2822 843 καὶ
2871 792 3016 845 κατὰ
3050 792 3325 862 σύμϐασιν
3347 812 3656 864 προαιρετι-

2091 882 2193 952 κὴν
2239 884 2333 935 καὶ
2385 884 2784 952 συμπειθισμὸν
2819 886 2899 946 είς
2932 885 2992 937 τὸ
3039 886 3140 955 τῆς
3188 888 3476 957 ῥητορείας
3504 887 3656 959 ἔργον

2088 974 2488 1042 ὁμογνωμόνως
2529 974 2855 1027 συνέλθοιεν·
2906 975 3147 1043 λέγοιντο
3178 978 3243 1030 ἂν
3282 978 3538 1048 ἑκάτερος
3583 982 3657 1042 εἰς

2086 1064 2246 1117 τοῦτο
2276 1067 2544 1119 κοινωνοῦ
2582 1061 2662 1130 οἷς
2682 1067 2737 1120 δὲ
2770 1068 2831 1119 τὸ
2873 1066 3035 1137 ἔργον
3070 1070 3164 1121 καὶ
3193 1070 3226 1136 ἡ
3261 1068 3500 1138 θέλησις,
3534 1070 3656 1140 βού-

2087 1156 2242 1226 λησίς
2276 1175 2334 1209 τε
2365 1158 2460 1210 καὶ
2486 1158 2737 1229 ἐνέργεια
2767 1160 2861 1212 καὶ
2886 1160 3464 1231 ὁμόνοιαηὰδιάστατος
3501 1180 3656 1230 φυσι-

2090 1250 2198 1313 κῶς
2233 1251 2291 1301 ἐν
2334 1251 2519 1314 αὐτοῖς
2558 1252 2839 1319 πρόσεστι.
2874 1254 2990 1316 πῶς
3020 1254 3086 1308 ἂν
3121 1255 3215 1308 καὶ
3243 1255 3427 1325 χώραν
3467 1255 3578 1319 ἕξει
3601 1256 3658 1308 τὸ

2084 1341 2180 1394 τοῦ
2236 1342 2494 1395 κοινωνοῦ
2539 1342 2745 1414 ὅνομα;
2780 1346 2842 1397 ού
2892 1346 2992 1414 μὲν
3035 1345 3148 1400 οὖν·
3189 1348 3270 1399 διὸ
3302 1347 3395 1399 τὸν
3444 1348 3656 1415 Πατέρα

2084 1433 2337 1502 λέγοντες
2364 1437 2540 1489 ποιεῖν
2590 1454 2664 1496 τι.
2698 1438 2789 1490 καὶ
2818 1439 2910 1490 τὸν
2958 1439 3087 1492 Υἱδν
3121 1441 3214 1493 καὶ
3246 1440 3304 1491 τὸ
3353 1440 3574 1507 Πνεῦμα
3603 1438 3658 1490 τὸ

2085 1523 2239 1591 ἅγιον
2265 1524 2652 1590 άδιασπάστως
2676 1525 2793 1596 ἅμα
2818 1527 3048 1596 λέγομεν
3076 1529 3268 1580 ποιεῖν·
3303 1528 3398 1580 καὶ
3419 1526 3513 1578 τοῦ
3545 1527 3656 1586 ἑνὸς

2084 1619 2117 1687 ἡ
2148 1618 2421 1687 ἐνέργεια,
2456 1619 2565 1672 τῶν
2595 1620 2761 1685 τριῶν
2800 1623 2915 1682 πώς
2953 1623 3068 1673 ἐστι
3118 1620 3191 1690 μὴ
3247 1618 3654 1689 διασχιζομένη·

2084 1710 2176 1762 καλ⁹
2199 1708 2306 1780 γὰρ
2342 1711 2492 1763 πᾶσα
2516 1711 2767 1781 ἐνέργεια
2801 1716 2833 1781 ὴ
2862 1713 3047 1766 θεόθεν
3073 1713 3358 1783 διήκουσα.
3394 1714 3486 1765 καὶ
3522 1713 3657 1764 κατὰ

2081 1799 2180 1862 τὰς
2214 1800 2592 1870 πολυτρόπους
2639 1803 2845 1867 ἐννοίας
2895 1805 3296 1874 ὀνομαζομένη,
3332 1805 3394 1855 ὲκ
3448 1803 3658 1872 Πατρὶς

404 1896 543 1949 ratio
571 1913 691 1965 quae
718 1897 978 1953 divinitus
1019 1900 1286 1967 provenit,
1341 1910 1394 1953 et
1442 1899 1778 1955 multimodis
1804 1899 1969 1954 deno-

2087 1893 2414 1961 ἑφορμᾶται,
2471 1896 2563 1947 καὶ
2611 1897 2699 1952 διὰ
2749 1896 2843 1951 τοῦ
2880 1898 3009 1951 Υίοῧ
3042 1898 3274 1968 πρόεισι,
3332 1899 3428 1952 καὶ
3474 1901 3534 1951 ὲν
3585 1897 3655 1967 τῷ

405 1987 663 2048 minatur,
699 2004 726 2042 a
756 1990 914 2044 Patre
944 1991 1327 2059 proﬁciscitur,
1350 2001 1405 2046 et
1443 2007 1535 2061 per
1566 1991 1759 2045 Filium
1786 1995 1975 2061 pergit,

403 2090 455 2133 et
484 2081 537 2134 in
580 2080 782 2151 Spiritu
847 2095 1037 2137 sancto
1086 2085 1383 2153 perﬁcitur.
1436 2084 1729 2153 Proliterea
1760 2100 1977 2153 (equum

404 2183 512 2222 non
536 2180 639 2232 est,
672 2171 992 2225 vocabulum
1042 2173 1500 2227 communicantis
1554 2173 1605 2226 in
1640 2183 1827 2228 sancta
1860 2170 1980 2225 Tri-

400 2263 568 2318 nitate
596 2264 875 2319 adbibere.

470 2352 558 2406 10.
602 2353 681 2407 Tu
723 2370 851 2408 vero
882 2365 1004 2425 post
1038 2356 1357 2411 vocabulum
1385 2357 1775 2409 communicatis
1799 2354 1978 2423 pergis

398 2441 581 2498 dicere
614 2484 629 2505 ,
672 2464 691 2496 ι
732 2446 846 2501 fore
891 2457 949 2501 ut
984 2447 1130 2504 Deus
1180 2449 1621 2504 contrarietatem
1668 2458 1720 2503 et
1754 2448 1977 2501 seditio-

400 2548 523 2587 nem
563 2538 926 2604 experiretur.
966 2559 984 2589 ι
1023 2538 1068 2593 Ο
1109 2541 1401 2594 verborum
1430 2550 1645 2594 tuorum
1675 2539 1972 2593 stoliditas!

401 2622 456 2677 Si
490 2634 638 2680 certe
668 2630 930 2685 vocabulo
974 2633 1367 2685 communicaris
1417 2632 1557 2701 apud
1617 2630 1783 2685 Deum
1823 2631 1976 2687 locus

397 2728 567 2783 esset,
597 2718 827 2777 fortasse
871 2731 925 2776 et
978 2727 1340 2780 contrarietas
1364 2735 1420 2779 et
1460 2724 1657 2779 seditio
1702 2725 1975 2794 comperi-

399 2821 566 2866 retur.
604 2811 707 2868 Sed
735 2817 861 2883 quia
891 2818 1023 2872 illud
1057 2834 1165 2873 non
1195 2820 1532 2881 conceditur,
1582 2834 1680 2873 nec
1718 2818 1821 2872 hoc
1851 2818 1974 2886 qui-

396 2906 517 2959 dem
584 2908 933 2963 concedetur.
983 2910 1161 2979 Atque
1226 2910 1299 2964 ita
1367 2912 1567 2965 invitus
1622 2927 1689 2965 ex
1736 2910 1802 2964 iis
1853 2924 1975 2980 quae

396 2995 715 3063 adjunxisti,
750 2999 1175 3067 propositionem
1203 2999 1505 3054 evidentem
1530 2999 1684 3055 nobis
1721 2998 1969 3062 ell‘ecisti,

395 3086 672 3153 quomodo
748 3087 962 3155 proprie
1019 3088 1258 3142 dicatur.
1324 3087 1458 3141 Nam
1537 3089 1584 3142 si
1643 3088 1970 3142 vocabulum

393 3174 787 3226 communicans
833 3174 898 3227 de
942 3175 1125 3243 aliquo
1183 3175 1554 3243 praedicatum,
1609 3176 1968 3230 contrarietas

2086 1984 2362 2053 Πνεύματι
2411 1985 2491 2055 τῷ
2538 1988 2678 2058 ἁγίῳ
2730 1989 3051 2043 τελειοῦται·
3102 1990 3189 2043 διά
3247 2007 3327 2042 τοι
3380 1990 3563 2051 τοῦτο,
3598 2004 3653 2043 ου

2079 2076 2285 2130 δίκαιόν
2316 2079 2430 2131 ἐστι
2479 2080 2540 2133 τὸ
2572 2080 2666 2133 τοῦ
2717 2082 2974 2136 κοινωνοῦ
3020 2083 3193 2153 ὄνομα
3241 2085 3335 2137 ἐπὶ
3367 2084 3463 2155 τῆς
3497 2085 3653 2152 ἁγίας

2081 2167 2322 2237 Τριάδος
2348 2170 2610 2227 τίθεσθαι.

2153 2352 2203 2399 ι’.
2251 2345 2566 2416 Ἐπιφέρεις
2617 2348 2674 2401 δὲ
2726 2350 2807 2412 είς
2856 2350 2947 2405 τὸν
2982 2354 3271 2406 κοινωνὸν
3308 2353 3539 2425 γράφων
3570 2354 3656 2408 οὖ-

2077 2454 2206 2503 τως⁶
2250 2457 2267 2492 t
2316 2439 2547 2509 Ἔμελλε
2583 2440 2831 2510 δέχεσθαι
2875 2445 3191 2498 ἐναντίωσιν
3246 2448 3340 2498 καὶ
3377 2447 3589 2501 στάσιν.
3630 2465 3647 2498 ι

2088 2533 2151 2584 Ὢ
2174 2532 2275 2599 τῆς
2306 2532 2647 2603 ἀποπληξίας
2673 2534 2783 2587 τῶν
2832 2536 2939 2588 σῶν
2980 2538 3241 2608 ῥημάτων
3269 2541 3281 2593 ι
3319 2541 3383 2595 Ei
3414 2541 3516 2611 μὲν
3548 2541 3654 2611 γὰρ

2078 2622 2138 2675 τὸ
2164 2618 2453 2690 κοινωνὸς
2485 2624 2655 2694 ὄνομα
2685 2625 2779 2681 ἐπὶ
2820 2628 2956 2681 Θεοῦ
2988 2628 3172 2699 χώραν
3203 2626 3367 2701 εἶχεν,
3404 2632 3537 2695 ἴσως
3566 2632 3653 2685 καὶ

2076 2717 2110 2785 ἡ
2141 2716 2460 2781 ἐναντίωσις
2518 2718 2614 2771 καὶ
2661 2718 2848 2783 στάσις
2888 2721 3223 2793 εύρίσκεται’
3257 2725 3379 2777 ἐπεὶ
3403 2726 3459 2780 δὲ
3497 2725 3653 2781 τοῦτο

2074 2807 2135 2859 ού
2169 2806 2397 2873 δέδοται,
2424 2809 2546 2863 οὐδὲ
2588 2811 2649 2863 τὸ
2686 2812 2753 2865 δι’
2777 2813 2985 2866 ἐκείνου
3013 2815 3322 2884 δοθήσεταν
3359 2818 3453 2871 καὶ
3481 2818 3652 2881 οὕτως

2075 2897 2225 2952 ἄκων
2272 2900 2366 2954 καὶ
2401 2901 2477 2971 μὴ
2537 2901 2860 2975 βουλόμενος
2907 2908 2971 2959 ἐκ
3020 2907 3112 2960 τοῦ
3159 2910 3563 2980 ἐπιφερομένου
3597 2913 3655 2965 τὸ

2076 2994 2340 3064 προτεθὲν
2384 2994 2542 3063 δῆλον
2596 2998 2727 3068 ἡμῖν
2772 3002 3146 3073 παρέστησας,
3180 2996 3403 3058 καθ’ὧν
3449 3005 3654 3073 κυρίως

2074 3082 2313 3152 λέγεται.
2344 3086 2405 3138 Ei
2431 3086 2538 3159 γάρ
2566 3088 2626 3140 τὸ
2650 3092 2936 3157 κοινωνὸς
2961 3092 3132 3163 ὄνομα
3147 3096 3448 3164 τιθέμενον,
3468 3098 3571 3167 τήν
3597 3113 3651 3151 τε

2076 3178 2391 3232 ἐναντίωσιν
2446 3182 2539 3234 καὶ
2590 3182 2779 3237 στάσιν
2808 3185 3211 3242 ἀκολουθοῦσαν
3238 3188 3370 3257 ἔχει,
3402 3193 3642 3261 φανερὸν

394 3270 445 3313 et
476 3261 667 3315 seditio
698 3261 1066 3331 subsequitur,
1107 3266 1324 3333 planum
1375 3265 1506 3328 erit,
1547 3265 1691 3333 quod
1734 3281 1969 3317 commu-

3084 3238 3095 3239 ί
3126 3238 3201 3242 ⁷⁷⁷⁷
3248 3238 3370 3257 'A"!
3408 3238 3635 3261 1""l'"

2076 3266 2376 3336 δήπουθεν,
2414 3270 2495 3323 ὅτι
2556 3273 2845 3341 κοινωνὸς
2897 3276 2992 3329 ἐπὶ
3038 3276 3148 3329 τῶν
3196 3278 3337 3331 κατὰ
3381 3280 3651 3350 σύμϐασιν

332 3422 339 3429 Ὁ
394 3353 577 3406 nicans
610 3356 932 3409 vocabulum
977 3357 1043 3411 iis
1072 3366 1333 3427 congruet
1380 3357 1471 3426 qui
1508 3358 1700 3426 praevia
1730 3373 1967 3411 conven-

394 3441 544 3494 tione
570 3452 622 3495 et
667 3458 938 3497 consensu
988 3461 1098 3497 rem
1135 3453 1329 3513 gerunt
1357 3464 1369 3499 :
1400 3448 1540 3499 unde
1583 3444 1775 3499 seditio
1805 3445 1968 3499 etiam

394 3538 447 3583 et
473 3530 832 3584 contrarietas
866 3533 1051 3585 conlit.
1087 3531 1182 3587 llis
1232 3534 1435 3602 quippe
1464 3542 1671 3586 tantum
1715 3532 1970 3587 usuvcnit

393 3623 592 3676 seditio
617 3632 671 3677 et
699 3626 1077 3688 contrarietas,
1130 3635 1347 3695 propter
1394 3626 1691 3679 voluntatis
1720 3625 1969 3679 volubili-

392 3721 579 3768 tatem.
638 3714 849 3779 Quibus
910 3727 1089 3770 autcm
1148 3716 1505 3771 immutabilis
1573 3717 1784 3771 bonitas
1846 3726 1963 3782 est,

392 3806 669 3873 quomodo
699 3808 1057 3861 contrarietas
1086 3817 1135 3862 et
1173 3809 1368 3863 seditio
1412 3808 1652 3863 incidet?
1685 3806 1751 3861 Et
1781 3808 1966 3874 paucis

390 3896 708 3967 intetjectis,
741 3900 811 3952 ita
858 3900 1051 3953 scribis
1084 3915 1096 3950 :
1134 3919 1151 3950 ι
1198 3899 1290 3953 Vel
1336 3887 1481 3953 certe
1525 3908 1667 3952 esset
1697 3898 1965 3968 adjutoris

390 3988 611 4059 indigus
636 3991 700 4043 ad
731 3991 898 4044 creati
924 3991 992 4045 ab
1020 4006 1077 4045 se
1119 3991 1306 4044 tuundi
1351 3989 1905 4043 administrationem.
1940 4008 1958 4040 ι

389 4082 573 4149 Pecle,
608 4084 786 4145 sodes,
834 4083 1039 4138 dixisti.
1091 4083 1147 4137 Si
1188 4082 1330 4137 enim
1361 4082 1686 4137 vocabulum
1729 4098 1964 4134 comnm-

386 4177 569 4229 m'cans
593 4178 656 4231 de
675 4175 809 4230 Filio
839 4177 1248 4246 praedicaretur,
1290 4176 1557 4230 obnoxius
1589 4175 1775 4245 utique
1797 4184 1961 4241 esset,

387 4277 447 4321 ut
473 4278 528 4321 tu
560 4268 824 4338 opinaris,
862 4269 1235 4324 contrarietati
1265 4284 1328 4323 ac
1367 4268 1640 4330 seditioni,
1671 4278 1723 4323 et
1761 4268 1963 4322 auxilio

385 4359 670 4431 indigeret.
704 4360 859 4416 Nunc
885 4362 1007 4430 quia
1062 4361 1191 4417 illud
1247 4361 1394 4416 futile
1442 4371 1493 4416 ct
1543 4362 1838 4415 invalidum
1870 4359 1963 4415 de-

384 4462 746 4509 monstratum
783 4455 906 4519 fuit,
964 4463 1180 4509 constat
1230 4455 1373 4523 quod
1432 4463 1486 4508 et
1538 4455 1652 4508 Ιιωο
1690 4455 1957 4509 similiter.

382 4543 517 4599 Nam
550 4545 592 4598 si
623 4546 893 4614 positione
934 4546 1184 4612 alicujus,
1218 4548 1462 4615 quaedam
1497 4556 1804 4617 ponuntur,
1838 4547 1958 4601 sine
1989 4587 2033 4643 ι.)

382 4636 551 4691 dubio
579 4639 942 4694 exstinctione
966 4640 1143 4706 illius,
1170 4640 1333 4694 etiam
1366 4640 1469 4694 alia
1508 4639 1955 4707 exstinguuntur.

454 4730 540 4784 ll.
584 4729 812 4801 Insuper
846 4732 1107 4802 scriptum
1146 4744 1297 4788 tuum
1334 4734 1446 4787 hiDC
1479 4733 1643 4787 liabet
1679 4751 1692 4786 :
1732 4751 1749 4784 ι
1780 4732 1844 4785 Et
1868 4748 1961 4800 per

381 4825 705 4880 saeculorum
742 4827 997 4896 spatium,
1028 4837 1079 4881 et
1102 4828 1171 4882 ob
1212 4836 1452 4882 mutuam
1493 4828 1956 4887 contrarietatem,

380 4919 656 4973 deleretur
710 4919 799 4974 Dei
855 4921 1167 4977 dominatus
1227 4938 1334 4977 una
1388 4936 1511 4975 cum
1564 4921 1852 4975 creaturis.
1897 4918 1960 4973 Et

380 5013 517 5067 alter
540 5013 694 5068 alteri
739 5014 1136 5081 dominaretur,
1169 5028 1222 5071 et
1254 5032 1376 5070 cum
1408 5017 1675 5069 creaturis
1702 5028 1956 5083 compas-

380 5106 463 5160 sio
489 5107 779 5161 desineret.
820 5126 838 5160 ι
871 5109 1032 5177 Atqui
1066 5110 1198 5172 ltaac,
1244 5124 1277 5162 o
1325 5108 1504 5172 sodes,
1550 5107 1781 5161 duormn
1814 5108 1959 5174 prin-

378 5195 644 5262 cipiorum
694 5205 748 5250 et
801 5198 1205 5251 contrarietatis
1258 5195 1570 5251 criminatio
1630 5194 1789 5248 nobis
1850 5210 1955 5247 non

378 5288 665 5356 congruit;
703 5289 798 5344 sed
835 5290 955 5343 aliis
983 5306 1011 5343 a
1041 5299 1092 5344 te
1123 5289 1330 5344 intendi
1372 5289 1613 5353 deberet,
1646 5288 1737 5357 qui
1766 5302 1958 5356 nempe

377 5377 487 5432 duo
535 5379 798 5447 principia
843 5388 896 5432 et
943 5379 1081 5435 duos
1127 5379 1257 5433 deos
1310 5378 1594 5442 inducunt,
1657 5379 1860 5432 bonum
1893 5394 1957 5432 ac

380 5472 582 5525 malum
612 5490 625 5524 :
658 5481 711 5526 et
742 5472 810 5526 ab
843 5472 950 5524 alio
980 5471 1195 5541 quidem
1227 5472 1415 5525 dicunt
1450 5472 1594 5527 hunc
1623 5473 1954 5526 materialem

378 5566 642 5619 mundum
679 5566 956 5620 conditum
994 5574 1045 5619 et
1075 5574 1458 5620 conservatum
1492 5582 1556 5620 ac
1599 5575 1845 5630 rectum;
1888 5565 1955 5619 ab

379 5661 485 5713 alio
523 5671 705 5714 autem
743 5660 1162 5715 intellectualem
1211 5678 1224 5713 :
1275 5677 1438 5729 quam
1476 5677 1576 5716 nos
1626 5662 1951 5715 sententiam

379 5764 433 5807 ct
465 5755 681 5808 odimus
725 5763 777 5807 ct
824 5764 938 5809 toto
978 5756 1162 5809 animo
1210 5770 1558 5819 aversamur;
1613 5764 1669 5810 et
1720 5769 1833 5820 eos,
1861 5756 1952 5825 qui

381 5849 521 5903 hanc
551 5849 752 5913 fovent,
802 5847 1019 5918 capitali
1071 5864 1243 5919 panic
1293 5847 1612 5918 subiicimus
1640 5866 1654 5905 :
1684 5864 1779 5907 vos
1823 5863 1951 5905 vero

2074 3364 2468 3432 προαιρετικὴν
2501 3366 2594 3418 καὶ
2648 3367 3056 3439 συμπειθισμὸν
3088 3373 3512 3442 προερχομένων
3543 3373 3651 3443 χώ-

2074 3468 2174 3521 ραν
2212 3453 2347 3517 ἓξει-
2382 3455 2440 3521 ἐξ
2470 3451 2530 3511 οὗ
2570 3458 2664 3511 καὶ
2694 3460 2725 3529 ή
2770 3463 2959 3525 στάσις
2988 3464 3079 3515 καὶ
3108 3465 3139 3533 ἠ
3171 3465 3488 3530 ἐναντίωσίς
3520 3483 3648 3520 ποτε

2071 3542 2366 3610 ἐγγίνεταιο
2395 3548 2601 3601 τούτων
2650 3550 2759 3621 γὰρ
2804 3553 2981 3621 μόνων
3023 3557 3141 3607 ἐστὶ
3168 3555 3267 3626 τὴν
3320 3558 3511 3611 στάσιν
3556 3562 3650 3612 καὶ

2070 3634 2386 3690 ἐναντίωσιν
2417 3638 2691 3709 δέχεσθαι,
2716 3643 2803 3696 διὰ
2844 3645 2903 3697 τὸ
2932 3646 3298 3716 εὐμετάϐολον
3325 3652 3425 3720 τῆς
3453 3668 3648 3721 προαι-

2071 3727 2294 3799 ρέσεως
2323 3723 2404 3793 οἷς
2432 3733 2488 3785 δὲ
2520 3735 2795 3808 ἀγαθότης
2826 3737 3095 3808 άτρεπτός
3134 3744 3270 3806 ἐστι,
3304 3744 3422 3807 πῶς
3454 3744 3519 3798 ἂν
3555 3747 3648 3799 καὶ

2068 3823 2382 3888 ἐναντίωσις
2411 3826 2504 3879 καὶ
2549 3828 2739 3893 στάσις
2801 3834 3263 3902 συνεισφρήσεται
3293 3852 3307 3902 ;
3369 3838 3481 3891 Καὶ
3510 3838 3647 3907 μετὰ

2070 3911 2274 3982 βραχέα
2323 3915 2555 3985 γράφεις
2601 3917 2809 3983 οὕτως·
2864 3940 2883 3972 ι
2945 3919 3016 3975 ’Ὴ
3064 3924 3253 3996 ἐνδεὴς
3309 3924 3455 3996 εἶχεν
3506 3925 3647 3984 εἶναι

2068 4006 2368 4075 ύπουργοῦ,
2404 4006 2495 4060 τοῦ
2529 4008 2752 4063 διοικεῖν
2807 4011 2909 4083 τὴν
2968 4014 3335 4086 δημιουργίαν
3393 4020 3581 4076 αὐτοῦ.
3622 4040 3640 4074 ι

2065 4097 2286 4163 Καλῶς,
2327 4092 2372 4151 ὦ
2407 4099 2584 4169 φίλος,
2621 4102 2831 4174 ἔφησθα
2856 4122 2871 4136 ο
2913 4106 2961 4158 εί
3012 4108 3238 4181 μὲνγὰρ
3271 4111 3331 4164 τὸ
3362 4115 3647 4180 κοινωνὸς

2064 4190 2234 4259 δνομα
2265 4191 2358 4245 ἐπὶ
2400 4192 2493 4246 τοῦ
2534 4194 2665 4248 Υἱοῦ
2695 4194 2879 4267 χώραν
2908 4193 3074 4269 εἶχεν,
3107 4200 3263 4272 ἔσχεν
3309 4202 3376 4258 ἂν
3408 4207 3550 4259 κατὰ
3586 4209 3643 4260 σὲ

2062 4282 2156 4334 καὶ
2193 4284 2254 4336 τὸ
2304 4284 2403 4353 τῆς
2436 4284 2804 4350 ἐναντιώσεως
2839 4290 2934 4342 καὶ
2978 4292 3222 4356 στάσεως
3251 4296 3347 4349 καὶ
3388 4298 3421 4367 ἡ
3471 4298 3643 4352 ἔνδεια

2060 4374 2158 4442 τῆς
2187 4374 2520 4447 ὑπουργίας·
2556 4378 2679 4431 ἐπεὶ
2709 4380 2765 4433 δὲ
2795 4382 2973 4436 ἐκεῖνο
3023 4383 3295 4439 δέδεικται
3340 4389 3507 4442 ἕωλον
3549 4392 3639 4443 καὶ

2059 4466 2373 4537 ἀνίσχυρον,
2399 4469 2557 4539 δῆλον
2583 4472 2664 4524 ὅτι
2696 4472 2788 4525 καὶ
2815 4473 3006 4528 ταῦτα·
3035 4477 3128 4528 καὶ
3160 4478 3268 4548 γάρ
3292 4480 3386 4533 ἐὰν
3401 4485 3465 4551 τῇ
3496 4483 3639 4536 θέσει

2060 4558 2204 4620 τινὸς
2234 4561 2354 4613 τινά
2400 4562 2665 4630 τίθενται,
2699 4567 2763 4636 τῇ
2799 4565 3076 4635 ἀναιρέσει
3112 4568 3305 4624 τούτου
3355 4572 3515 4642 δῆλον
3559 4576 3637 4628 ὅτι

2069 4651 2457 4722 συνανῄρηται.

2146 4748 2236 4800 ια’.
2273 4745 2501 4816 Ἔχειδὲ
2531 4749 2692 4803 πάλιν
2724 4750 2785 4804 τὸ
2818 4752 2908 4806 σὺν
2958 4754 3193 4825 γράμμα
3230 4756 3404 4818 οὕτως
3428 4773 3440 4785 ·
3475 4775 3494 4809 ι
3531 4759 3635 4810 Καὶ

2066 4834 2208 4887 κατὰ
2250 4835 2349 4908 τὴν
2392 4839 2685 4894 ἐπέκτασιν
2723 4843 2832 4895 τῶν
2894 4844 3129 4910 αἰώνων,
3192 4848 3287 4901 καὶ
3340 4849 3443 4921 τὴν
3508 4852 3638 4920 πρὸς

2067 4926 2272 4997 ἄλληλα
2306 4930 2647 4997 ἐναντίωσιν,
2700 4935 2998 5005 ἠφανίζετο
3052 4940 3084 5008 ὴ
3138 4940 3329 4993 τούτου
3386 4944 3636 5013 κυριότης

2070 5020 2207 5091 μετὰ
2241 5022 2349 5076 τῶν
2383 5026 2723 5094 κτισμάτων,
2779 5031 2873 5082 καὶ
2917 5030 3201 5102 ἐκυρίευεν
3228 5032 3256 5083 ὁ
3285 5028 3367 5095 εἷς
3408 5034 3503 5087 τοῦ
3530 5036 3637 5088 ἑτέ-

2068 5130 2184 5183 ρου,
2220 5116 2314 5168 καὶ
2344 5117 2605 5172 ὲκόπτετο
2638 5122 2671 5187 ή
2720 5122 3035 5191 συμπάθεια
3079 5125 3187 5177 τῶν
3230 5126 3573 5195 ποιημάτων.
3613 5144 3629 5175 ο

2066 5206 2238 5259 Τοῦτο
2263 5202 2376 5275 οὖν,
2411 5203 2455 5262 ὧ
2484 5210 2658 5277 φίλος,
2692 5212 2752 5263 τὺ
2783 5214 2889 5267 τῶν
2914 5215 3006 5268 δύο
3029 5216 3214 5286 ἀρχῶν
3246 5218 3343 5270 καὶ
3385 5216 3632 5272 ἐναντιώ-

2066 5316 2204 5362 σεως
2232 5300 2484 5371 ἔγκλημα
2517 5304 2649 5373 ἡμῖν
2688 5304 2750 5357 ού
2786 5306 3097 5376 πρόσεστιν.
3124 5307 3240 5360 ἀλλ’
3272 5309 3455 5372 ἄλλοις
3491 5311 3633 5379 παρὰ

2066 5390 2159 5443 σοῦ
2191 5392 2541 5459 ἐγκαλεῖσθαι
2565 5394 2785 5465 ὤφειλε,
2825 5401 2938 5461 τοῖς
2968 5400 3058 5453 καὶ
3090 5399 3183 5451 δύο
3209 5401 3384 5469 ἀρχὰς
3419 5401 3513 5454 καὶ
3543 5400 3630 5454 δύο

2063 5482 2219 5547 θεοὺς
2253 5485 2597 5557 εἰσάγουσιν,
2620 5487 2823 5555 ἀγαθόν
2862 5506 2919 5542 τε
2946 5490 3036 5541 καὶ
3070 5490 3261 5543 κακόν·
3290 5492 3385 5543 καὶ
3422 5492 3513 5545 τὸν
3539 5491 3631 5559 μέν

2063 5590 2195 5641 φασι
2256 5576 2348 5628 τὸν
2406 5577 2663 5645 αἰσθητὸν
2709 5579 2916 5645 κόσμον
2966 5580 3495 5649 ἀδημιουργηκέναι
3542 5580 3630 5633 καὶ

2065 5667 2313 5737 συνέχειν
2351 5670 2445 5722 καὶ
2494 5673 2737 5740 κρατεῖνο
2785 5672 2878 5725 τὸν
2908 5673 2987 5737 δὲ,
3019 5673 3109 5725 τὸν
3140 5673 3353 5743 νοητόν*
3387 5674 3453 5745 ἣν
3485 5673 3631 5736 δόξαν

2063 5758 2223 5826 ἡμεῖς
2276 5758 2367 5810 καὶ
2429 5761 2816 5830 μυσαττόμεθα
2852 5763 2952 5815 καὶ·
2999 5763 3118 5815 λίαν
3148 5763 3624 5834 ἀποστρεφόμεθα,

2062 5847 2299 5914 καὶτοὺς
2324 5850 2526 5922 ταύτην
2548 5853 2909 5923 σεμνύνοντας
2935 5854 3203 5926 κεφαλικῇ
3231 5855 3478 5925 τιμωρέᾳ
3504 5852 3628 5907 καθ-
