3978 6644
236 382 349 445 821

1409 399 1842 467 REFUTATIO
1880 403 2350 469 MOIIAMEDIS.

3402 409 3514 475 8:22

236 494 628 587 υποὸαλλομεν
666 496 741 568 (2)
769 514 784 529 ·
824 497 983 570 ὑμεῖς
1027 500 1083 555 δὲ
1122 503 1216 557 καὶ
1244 505 1536 576 προσίεσθε
1570 509 1666 564 καὶ
1714 512 1832 569 ἐπι-

1955 513 2039 587 llis
2068 512 2260 573 lavetis
2292 524 2453 584 atque
2480 514 2823 572 blandimini.
2863 517 2906 571 A
2947 519 3101 574 nobis
3131 530 3310 575 autem
3336 540 3504 579 unum

234 586 500 674 θάλπετε·
534 590 665 658 ἡμῖν
696 590 805 662 γὰρ
839 591 937 660 μία
987 593 1133 667 ἁρχὴ
1186 595 1245 648 τὸ
1293 597 1673 674 σεθαζόμενον·
1706 602 1830 655 ἐπεὶ

235 681 342 731 καὶ
375 672 455 741 εἷς
485 679 636 746 Θεὸς,
674 681 777 734 κᾶν
806 684 925 746 ταῖς
964 684 1220 757 ἰδιότησιν
1249 688 1346 741 εἴτ’
1375 689 1467 742 οὑν
1502 692 1829 747 ὑποστάσεσι

235 770 373 836 τρία
410 772 760 847 πιστεύηται·
793 776 839 827 εί
890 775 946 828 δέ
974 794 1054 829 σοι
1086 777 1144 830 τὸ
1170 778 1424 850 διάφορον
1448 782 1555 834 τῶν
1590 783 1829 838 ὑποστά-

236 878 407 929 σεων,
463 864 719 937 διάφορον
773 868 868 921 καὶ
917 869 1016 939 τὴν
1051 869 1215 937 φύσιν
1255 874 1458 928 ἐννοεῖν
1497 874 1703 939 δίδωσι,
1738 878 1833 931 καὶ

233 955 377 1020 ὅσας
411 959 507 1022 τὰς
540 960 891 1028 ὑποστάσεις,
928 964 1199 1030 τοσαύτας
1226 969 1321 1025 καὶ
1360 968 1457 1037 τὰς
1492 969 1683 1037 φύσεις
1722 971 1834 1023 εἱσ-

238 1049 507 1118 άγεσθαι,
552 1054 947 1124 ἀμαθαίνοντός
979 1059 1096 1111 ἐστι
1132 1058 1310 1128 τοῦτο,
1337 1062 1481 1133 ἥπερ
1504 1062 1732 1126 εἰδότος·
1769 1062 1830 1115 οὑ

239 1142 359 1213 γὰρ
404 1145 603 1200 ταυτὸν
636 1146 796 1214 φύσις
847 1151 940 1203 καὶ
981 1150 1299 1216 ὑπόστασις·
1333 1148 1400 1225 ἦν
1428 1155 1537 1226 γάρ
1584 1154 1649 1208 ἂν
1681 1155 1833 1209 οὐδὲν

238 1235 355 1288 τῶν
405 1235 576 1290 ὄντων
612 1239 883 1309 όμοιρυὲς,
919 1242 1013 1294 καὶ
1053 1243 1248 1296 ταυτὸν
1281 1246 1459 1299 κοινόν
1488 1265 1539 1300 τι
1570 1248 1663 1300 καὶ
1700 1247 1831 1299 ι’διον

238 1330 461 1398 χρῆμα·
495 1330 629 1402 ὅπερ
661 1334 757 1403 οὐχ
797 1333 1051 1407 εὓρηται.

323 1505 414 1573 ιβ’.
452 1505 560 1559 Kal.
591 1507 787 1571 ἄλλως·
830 1508 892 1563 El
922 1509 982 1562 τὸ
1020 1510 1278 1585 διάφορον
1318 1511 1426 1563 τῶν
1454 1512 1830 1575 ὑποστάσεων,

241 1596 508 1667 διάρορον
540 1598 630 1651 καὶ
668 1599 829 1668 φύσιν
862 1601 1181 1668 εἰσάγεσθαι
1225 1600 1443 1654 δίδωσιν
1474 1640 1488 1663 ,
1519 1601 1732 1670 ἀνάγκη
1774 1602 1833 1654 τὸ

250 1689 332 1761 μὴ
382 1690 641 1760 διάφορον
695 1691 804 1744 τῶν
855 1691 1096 1760 φύσεων,
1155 1692 1290 1763 μηδὲ
1344 1692 1602 1763 διάφορον
1640 1694 1734 1746 καὶ
1766 1695 1830 1763 τῇ
1868 1731 1906 1785 Β

248 1782 555 1835 ὑποστάσει
583 1782 967 1837 καθίστασθαι*
1001 1784 1291 1855 συνάγεται
1320 1785 1427 1855 ἄρα
1448 1785 1529 1838 ὅτι
1563 1784 1630 1837 τὰ
1659 1786 1832 1839 ταυτὰ

245 1877 317 1949 τῇ
352 1876 538 1944 φύσει,
574 1875 750 1930 ταυτά
805 1877 899 1933 καὶ
936 1879 1057 1942 ταῖς
1082 1878 1466 1932 ὑποστάσεσιν.
1498 1879 1692 1932 Ἔσται
1728 1880 1837 1949 ἄρα

246 1965 469 2030 Παῦλος
492 1968 587 2021 καὶ
616 1967 821 2037 Πέτρος
849 1970 1035 2023 ταυτοὶ
1064 1969 1216 2033 ὄντες
1256 1974 1324 2042 τῇ
1362 1969 1520 2039 φύσει
1559 1970 1652 2023 καὶ
1680 1971 1835 2026 ἀδιάσ-

247 2074 436 2125 φοροι·
468 2059 561 2111 καὶ
590 2061 656 2133 τῇ
682 2060 979 2114 ὑποστάσει
1026 2062 1237 2127 ταυτοὶ,
1264 2063 1402 2129 ὅπερ
1439 2062 1557 2115 ἐστὶ
1593 2062 1799 2131 γελοῖον
1818 2080 1831 2094 ·

246 2147 370 2201 ἐετι
400 2148 508 2220 γάρ
542 2166 636 2203 σου
668 2149 730 2203 τὸ
770 2150 1013 2222 σόφισμα
1048 2152 1203 2222 παρά
1229 2151 1327 2223 τὴν
1354 2153 1671 2223 ὁμωνυμίαν
1694 2153 1835 2207 οὑτω

247 2240 612 2311 καλούμενον.
655 2241 762 2303 Τοῦ
790 2244 897 2315 γὰρ
925 2244 1063 2310 ἐνὸς
1095 2245 1377 2315 πολλαχῶς
1420 2245 1733 2320 λεγομένου,
1759 2249 1835 2313 ὡς

247 2334 314 2386 αἱ
346 2332 560 2400 λογικαὶ
592 2334 805 2402 μέθοδοι
850 2335 1339 2409 ὲκδιδάσκουσιν,ἢ
1379 2339 1551 2406 γένει,
1600 2340 1634 2410 ἢ
1674 2342 1828 2404 εἴδει,

248 2427 286 2495 ἦ
328 2426 639 2499 ἀριθμῷ,ἤ
689 2429 973 2501 ἀναλογίᾳ,
1024 2429 1183 2499 δῆλον
1232 2433 1313 2485 ὅτι
1362 2434 1456 2497 καὶ
1489 2434 1547 2486 τὸ
1616 2431 1833 2487 πολλὰ·

248 2518 474 2589 ὁσαχῶς
503 2518 609 2589 γάρ
648 2520 708 2572 τὸ
740 2520 1095 2591 προκείμενον
1142 2519 1285 2592 [σοίί.
1325 2522 1551 2595 ἀντικ.],
1576 2540 1836 2576 τοσαύτας

250 2608 372 2678 χῶς
399 2610 490 2661 καὶ
516 2610 575 2661 τδ
604 2610 979 2675 ἀντικείμενον
1010 2610 1123 2680 ἔχει
1143 2627 1157 2641 ·
1188 2611 1347 2664 τοῦτο
1380 2612 1487 2682 γὰρ
1517 2612 1835 2681 δεδιδάγμεο

252 2700 279 2743 (⁷
296 2712 352 2749 α·
380 2697 543 2768 ἡμῶν
586 2698 642 2750 δὲ
668 2701 788 2761 ταῖς
821 2699 1153 2752 ὑποστάσεσι
1197 2700 1263 2752 τὰ
1291 2700 1417 2768 τρία
1460 2699 1732 2761 διδόντων,
1772 2699 1837 2751 σὺ

249 2789 317 2841 δὲ
369 2790 465 2841 καὶ
511 2788 570 2841 τὸ
613 2789 721 2841 τῶν
761 2789 973 2856 φύσεων
1008 2790 1271 2858 διάφορον
1304 2790 1563 2857 εἰσάγεις·
1590 2789 1764 2843 ταῦτα
1784 2789 1840 2843 δὲ

249 2880 360 2948 οὑχ
391 2878 564 2943 οὕτως
588 2880 719 2950 ἔχει·
753 2882 845 2932 καὶ
874 2881 983 2953 γὰρ
1014 2881 1046 2951 ἡ
1083 2882 1339 2950 ἐνάργεια
1360 2882 1467 2934 τῶν
1495 2882 1840 2952 πραγμάτων

251 2972 423 3042 δήλη,
450 2973 545 3026 καὶ
591 2975 647 3026 al
689 2973 950 3043 μαθήσεις
994 2975 1390 3028 ἐκδιδάσκουσι·
1422 2975 1515 3027 καὶ
1546 2975 1720 3037 οὕτως
1760 2992 1841 3027 σοι

1934 603 2256 672 principium
2311 603 2567 674 religioso
2607 605 2756 660 cultu
2806 607 3031 672 colitur,
3075 610 3199 678 quia
3258 619 3309 664 et
3366 628 3508 669 unus

1935 688 2078 745 Deus
2108 699 2209 755 est,
2243 706 2553 760 quanquam
2588 692 3031 762 proprietatibus.
3064 695 3180 750 sive
3232 700 3503 765 personis,

1934 777 2110 831 trinus
2142 777 2397 833 creditur.
2428 778 2582 844 Quod
2635 780 2681 834 si
2717 780 2810 834 tibi
2834 796 3187 851 personarum
3221 784 3508 841 diversitas

1933 870 2267 924 differentem
2296 887 2514 941 quoque
2560 880 2807 926 naturam
2857 882 3110 942 reputare
3152 879 3425 947 suggerit,
3455 888 3506 934 et

1934 969 2070 1029 quot
2106 970 2232 1015 Sunt
2275 976 2542 1031 personae,
2578 963 2801 1018 totidem
2830 979 3048 1034 quoque
3088 977 3313 1021 naturas
3345 962 3507 1023 indu-

1936 1067 2094 1118 cere;
2119 1053 2221 1104 hoc
2248 1052 2447 1106 indocti
2492 1054 2671 1121 potius
2703 1055 2900 1123 ingenii
2941 1070 3022 1111 est
3061 1073 3222 1131 quam
3258 1061 3502 1115 eruditi:

1936 1159 2042 1198 non
2076 1145 2222 1197 enim
2277 1144 2418 1198 idem
2468 1153 2552 1200 est
2601 1154 2794 1201 natura
2844 1159 2897 1202 et
2945 1165 3177 1219 persona
3234 1167 3245 1199 τ
3303 1153 3509 1223 alioqui

1936 1231 2071 1284 nihil
2127 1231 2178 1285 in
2233 1231 2399 1286 rebus
2442 1232 2829 1289 exsistentibus
2889 1235 3284 1304 ltomogeneum
3340 1247 3507 1304 esset,

1938 1324 2189 1393 idemque
2231 1332 2376 1379 esset
2422 1339 2717 1380 commune
2775 1333 2830 1381 et
2895 1322 3172 1398 prOprium
3210 1333 3510 1404 negotium,

1934 1417 2079 1485 quod
2109 1431 2216 1469 non
2248 1417 2523 1471 usuvenit.
3008 1424 3009 1427 “

1999 1507 2086 1561 12.
2133 1508 2261 1562 Item
2295 1509 2471 1564 aliter.
2500 1509 2554 1565 Si
2581 1512 2705 1582 quis
2734 1527 2763 1567 a
2799 1528 3152 1581 personarum
3199 1515 3515 1572 diversitate

1939 1600 2308 1655 diversitatem
2340 1619 2561 1674 quoque
2608 1616 2819 1660 natura!
2861 1608 3043 1661 induci
3086 1608 3383 1669 concedat.
3413 1625 3513 1664 ne-

1935 1705 2089 1746 cesse
2121 1700 2205 1746 est
2229 1693 2373 1761 quod
2415 1696 2736 1750 naturaliter
2769 1713 2872 1750 non
2916 1695 3117 1763 differt,
3160 1714 3227 1753 ne
3256 1713 3517 1767 persona-

1937 1785 2059 1838 li'er
2111 1782 2329 1853 quidem
2382 1784 2618 1841 differre.
2672 1787 3041 1858 Consequitur
3087 1805 3236 1859 ergo,
3296 1799 3356 1845 ιιι
3393 1808 3516 1861 qum

1936 1888 2065 1929 sunt
2102 1876 2424 1931 naturaliter
2472 1878 2683 1940 eadem,
2728 1882 3092 1946 personaliter
3135 1897 3353 1951 quoque
3384 1883 3513 1937 sint.

1935 1963 2109 2018 Erunt
2161 1966 2341 2034 itaque
2372 1964 2575 2019 Paulus
2605 1974 2658 2020 et
2691 1965 2884 2021 Petrus
2925 1967 3066 2022 idem
3104 1970 3428 2023 naturaliter
3463 1982 3516 2025 et

1936 2070 2044 2110 non
2070 2055 2401 2123 diﬂ‘erentes,
2440 2056 2711 2126 simulque
2750 2057 2940 2111 eadem
2974 2074 3225 2127 persona,
3258 2060 3404 2128 quod
3433 2070 3517 2114 est

1935 2145 2252 2200 ridiculum.
2282 2146 2376 2199 Est
2402 2147 2546 2200 enim
2584 2147 2861 2214 sophisma
2902 2159 3053 2201 tuum
3110 2163 3208 2215 per
3246 2148 3513 2220 homony-

1936 2240 2102 2293 miam
2128 2241 2200 2293 ita
2223 2250 2497 2295 vocatum.
2528 2239 2658 2293 Nam
2679 2256 2846 2305 quum
2872 2256 3031 2293 unum
3050 2241 3422 2311 multipliciter
3438 2242 3521 2295 di-

1936 2343 2113 2395 catur,
2170 2348 2267 2386 ceu
2299 2331 2484 2401 logica
2540 2332 2739 2401 regula:
2788 2333 3003 2395 ducent,
3051 2334 3131 2388 vel
3180 2348 3397 2402 genere,
3440 2332 3519 2385 vel

1939 2425 2137 2493 specie,
2155 2425 2235 2477 vel
2258 2440 2508 2485 numero,
2533 2426 2611 2477 vel
2641 2426 2920 2494 analogia;
2946 2437 3091 2493 patet
3113 2427 3257 2497 quod
3278 2426 3502 2495 perinde

1939 2518 2099 2572 etiam
2124 2518 2303 2584 plura.
2322 2516 2457 2571 Nam
2475 2526 2603 2586 quot
2626 2518 3163 2588 modisfpropouitttr,
3184 2519 3405 2573 totidem
3423 2533 3522 2587 op-

1941 2608 2193 2677 ponitur;
2216 2608 2286 2661 ita
2317 2609 2460 2660 enim
2477 2607 2655 2663 edocti
2695 2608 2915 2661 fuimus.
2939 2607 3104 2662 Nobis
3128 2617 3307 2662 autem
3339 2623 3523 2677 perso-

1942 2715 2133 2753 narum
2192 2700 2489 2753 trinitatem
2560 2700 3016 2768 agnoscontibus,
3085 2708 3137 2753 tu
3200 2707 3520 2752 naturarum

1942 2807 2161 2861 quoque
2212 2792 2581 2847 diversitatem
2630 2793 2864 2862 oggeris.
2914 2793 3017 2845 Sed
3074 2807 3158 2846 res
3213 2807 3320 2846 nou
3363 2792 3433 2845 ita
3465 2806 3524 2841 se

1946 2882 2125 2944 habet,
2182 2883 2328 2952 quod
2383 2892 2437 2937 et
2502 2899 2685 2938 rerum
2730 2884 2998 2938 evidentia
3041 2885 3218 2953 palam
3278 2883 3430 2947 facit,
3467 2893 3519 2935 et

1943 2972 2245 3041 disciplinae
2281 2973 2521 3028 tradunt.
2563 2974 2740 3042 Atque
2789 2974 2859 3028 ita
2895 2990 3084 3028 omnes
3114 2983 3219 3028 tute
3265 2973 3527 3027 adversus

254 3066 439 3117 πᾶσαι
487 3066 539 3116 αἱ
592 3064 831 3116 διαϐολαὶ
893 3065 994 3133 τῆς
1034 3065 1158 3119 καθ’
1208 3068 1355 3136 ἡμᾶς
1402 3067 1637 3130 πίστεως
1689 3066 1844 3120 ἕωλοι

1949 3064 2111 3119 ﬁdem
2165 3079 2409 3121 nostram
2459 3068 2860 3130 accusationes,
2912 3067 3113 3127 futiles,
3176 3066 3521 3121 incredibiles

256 3159 359 3209 καὶ
390 3155 645 3209 ἀπίθανοι
701 3159 794 3210 καὶ
835 3157 1053 3227 ψευδεῖς
1093 3159 1544 3228 ἀποδεδειγμέναι
1590 3160 1717 3211 εἰσί·
1748 3160 1844 3212 καὶ

256 3246 372 3299 τῶν
399 3247 662 3301 διαϐολῶν
702 3249 947 3320 δηλονότι
993 3251 1407 3320 ἀναιρεθεισῶν,
1454 3254 1548 3305 καὶ
1582 3253 1649 3306 τὰ
1683 3252 1845 3304 λοιπὰ

260 3340 450 3394 πάντα
498 3341 809 3411 συνέψεται.
849 3344 955 3395 Καὶ
985 3344 1157 3398 ταῦτα
1177 3346 1318 3415 πέρα
1339 3346 1433 3398 τοῦ
1471 3346 1697 3415 μέτρου,
1725 3348 1847 3399 ἐπεὶ

260 3434 363 3503 καὶ
399 3432 561 3505 κόρος
591 3433 750 3501 λόγου
785 3435 1040 3505 πολέμιος
1072 3438 1281 3501 ἀκοαῖς·
1306 3437 1386 3491 διὸ
1424 3438 1583 3493 ἱκανὰ
1624 3438 1720 3508 μὲν
1755 3440 1849 3492 καὶ

260 3523 445 3577 ταῦτα
470 3527 582 3588 τοῖς
610 3525 824 3579 θέλουσι
851 3527 1065 3599 μικρῶς
1096 3546 1213 3592 πως
1240 3532 1495 3600 συνορᾷν,
1524 3531 1619 3583 καὶ
1645 3534 1710 3601 τῇ
1740 3547 1847 3584 πα-

266 3616 494 3682 ραθέσει
529 3618 638 3672 τῶν
685 3622 1029 3689 κρειττόνων,
1066 3622 1125 3675 τὸ
1166 3622 1360 3693 ἀληθὲς
1404 3621 1642 3688 διώκειν,
1675 3623 1767 3676 καὶ
1790 3622 1849 3676 τὸ

258 3704 462 3774 ψεῦδος
496 3707 856 3763 ἀπωθεῖσθαι·
895 3709 976 3769 διὸ
1005 3712 1099 3769 καὶ
1128 3712 1290 3784 μέχρι
1318 3711 1526 3767 τούτων
1569 3712 1660 3765 τὸν
1694 3712 1850 3778 λόγον

264 3800 457 3872 στήσω
490 3800 588 3871 (5).
1588 3794 1591 3795 ν

1944 3158 2343 3227 mendacesque
2371 3158 2756 3213 demonstratae
2806 3157 3045 3212 filerunt.
3086 3156 3259 3211 Porro
3288 3170 3517 3210 accusa-

1946 3251 2188 3307 tionibus
2244 3252 2460 3306 cunctis
2523 3251 2857 3321 peremptis.
2919 3252 3120 3317 reliqua
3182 3250 3279 3305 tibi
3343 3249 3525 3302 omnia

1945 3344 2372 3413 subsequentur.
2420 3343 2525 3399 Sed
2571 3345 2683 3415 jam
2737 3353 2934 3413 praeter
2979 3344 3190 3411 justum
3242 3340 3522 3395 modulum

1946 3437 2323 3503 excurrimus;
2355 3453 2589 3507 namque
2625 3446 2678 3490 et
2722 3437 2990 3490 sermonis
3023 3435 3325 3490 satietatem
3367 3449 3529 3489 aures

1949 3530 2205 3587 oderunt.
2253 3528 2435 3595 Quare
2492 3531 2607 3584 haec
2657 3526 2932 3598 sulliciapt
2983 3528 3050 3581 iis
3096 3527 3187 3596 qui
3238 3540 3531 3596 parumper

1953 3620 2225 3677 voluerint
2271 3621 2659 3686 considerare,
2716 3628 2769 3674 et
2821 3621 3195 3689 comparativo
3244 3618 3531 3673 meliorum

1954 3715 2165 3770 delectu
2217 3714 2495 3769 veritatem
2556 3714 2733 3785 sequi,
2782 3729 2847 3769 ac
2906 3714 3197 3768 falsitatem
3251 3710 3532 3782 repellere.

1955 3788 2319 3873 Quamobrem
2359 3807 2520 3861 liuent
2547 3807 2636 3861 hic
2668 3806 2884 3860 dicendi
2918 3805 3136 3860 factam.

1544 4053 1620 4104 ἸὈ
1634 4052 1679 4104 Υ
1712 4056 1754 4103 Α
1771 4051 1949 4105 ΥΤΟΥ
1978 4050 2153 4102 ΝΙΚΗ
2164 4051 2244 4100 ΤΑ

277 4161 647 4231 ’Λιτίρῤησις
687 4162 781 4215 καὶ
824 4162 1588 4236 ᾀνατροπὴῂτῆςδευτέρας
1628 4163 1966 4236 ἐπι-στοζὶῆςί
2001 4160 2111 4236 τῆς
2139 4161 2474 4236 οξταλςῖσῃ-ςι
2503 4157 2662 4225 παρὰ
2700 4158 2825 4236 ςῶν
2853 4156 3202 4236 ςΑταρηγ-ὧν
3252 4156 3400 4223 πρὸς
3434 4159 3541 4211 Mt-

740 4232 902 4301 χαὴλ
922 4228 1192 4297 ,βασιλέα
1214 4228 1349 4289 υἱὸν
1377 4228 1675 4304 Θεοφίλου
1709 4233 1805 4287 ἐπὶ
1834 4228 2086 4300 διαϐολῇ
2118 4230 2228 4299 τῆς
2260 4229 2381 4283 τῶν
2401 4228 2772 4298 Χριστιανῶν
2796 4228 3074 4293 πίστεως.

1476 4372 1874 4435 EIUSDEM
1931 4368 2280 4439 NICET/E

400 4489 767 4572 Confutatio
803 4500 859 4551 et
899 4491 1131 4572 eversio
1162 4488 1447 4572 secuadaa
1476 4490 1755 4572 epistola:
1782 4489 1857 4550 ab
1892 4488 2202 4572 Agarenjs
2232 4486 2438 4572 missae
2464 4481 2546 4542 ad
2574 4478 2945 4572 Μὶςζιαειειη
2977 4480 3422 4559 imperatorem

944 4570 1271 4647 Theophili
1298 4560 1521 4648 lilium,
1563 4569 1636 4630 ob
1670 4560 2082 4629 accusandam
2115 4565 2621 4629 Christianorum
2652 4560 2853 4639 ﬁdem.

352 4835 423 4873 α.
463 4813 824 4884 Ἦὸουλόμην,
849 4807 894 4866 ὧ
938 4812 1109 4881 φίλος,
1140 4813 1231 4867 τὸν
1258 4814 1387 4882 περὶ
1417 4812 1652 4877 πίστεως
1674 4813 1844 4883 ἡμῶν

2043 4815 2095 4868 1.
2139 4812 2468 4875 Voaussom,
2502 4826 2534 4863 ο
2577 4808 2774 4870 sodes,
2805 4821 2985 4861 veram
3020 4804 3086 4859 dc
3119 4802 3221 4858 tide
3249 4811 3456 4864 nostra,
3494 4800 3545 4855 id

284 4910 384 4966 τοῦ
434 4907 847 4980 Χριστιανικοῦ,
884 4907 1048 4976 λέγω,
1103 4907 1397 4975 δόγματος,
1435 4906 1616 4974 λόγον,
1685 4906 1862 4976 ἀληθῆ

285 5003 499 5075 πρῶτον
520 5004 638 5063 ταῖς
666 5002 1070 5064 ἀποδεικτικῶς
1107 5002 1374 5068 ἀνάγκαις
1410 4998 1864 5062 καθυποόάλλειν,

285 5096 381 5149 καὶ
434 5094 510 5157 ὡς
561 5086 671 5146 οἷόν
694 5093 752 5149 τέ
805 5092 952 5144 ἔστιν
1001 5093 1065 5144 ὲκ
1131 5090 1240 5143 τῶν
1294 5090 1541 5159 φυσικῶν
1598 5088 1875 5159 λογισμῶν

290 5185 512 5256 βέϐαιόν
590 5201 651 5236 τε
709 5183 899 5236 τοῦτον
946 5183 1042 5235 καί
1111 5182 1512 5253 ἀτρεκέστατον
1552 5182 1821 5251 παριστᾷν
1851 5193 1868 5210 ⁸

289 5279 484 5333 ἔπειτα
510 5276 567 5331 δὲ
606 5278 701 5330 καὶ
729 5276 796 5329 τὰ
838 5275 989 5344 παρὰ
1033 5274 1126 5328 σοῦ
1177 5274 1482 5337 ἀλλοκότως
1516 5274 1607 5327 ἐπὶ
1642 5276 1710 5344 τῇ
1745 5273 1868 5327 δια-

292 5369 425 5439 σολῇ
450 5366 547 5437 τῆς
575 5367 696 5421 καθ’
728 5368 876 5437 ἡμᾶς
905 5364 1203 5437 θρησκείας
1231 5365 1514 5436 γραφέντα
1544 5364 1869 5435 διελέγχειν·

290 5458 454 5512 τοῦτο
483 5458 593 5528 γὰρ
621 5458 679 5524 ἐξ
706 5458 945 5529 ἅπαντος
987 5459 1015 5511 ό
1052 5454 1390 5527 ἁντιλογικὸς
1437 5455 1595 5524 λόγος
1625 5456 1868 5510 ἀπαιτεῖ.

270 5694 271 5697 η
370 5632 451 5700 (9.)
490 5632 630 5688 Dicit
662 5646 878 5702 pcenam
908 5632 1193 5703 capitalem
1234 5632 1494 5688 adversus
1520 5702 1523 5703 ν
1549 5629 1877 5703 Μοηίυιιθξοε

300 5705 514 5774 legibus
543 5699 845 5774 principum
891 5699 1187 5771 decretam,
1234 5703 1301 5757 de
1347 5718 1453 5774 qua
1497 5702 1611 5758 dixi
1658 5702 1714 5756 in
1744 5699 1874 5755 adn.

301 5722 514 5828 tegulas
543 5722 845 5785 principum
891 5722 921 5758 ﬂ

300 5790 331 5830 ι
403 5776 621 5830 Petrum
658 5772 921 5828 Siculum.

373 5846 453 5917 (ὅ)
487 5845 693 5902 Eadem
738 5845 841 5902 hac
890 5845 1063 5902 utitur
1114 5845 1358 5902 clausula
1406 5850 1593 5903 noster
1634 5840 1881 5909 Nicetas,

1980 4915 2083 4970 est,
2111 4904 2177 4957 de
2204 4901 2517 4958 Christiano
2560 4901 2833 4968 dogmate,
2885 4898 3190 4951 doctrinam
3247 4895 3420 4962 primo
3453 4893 3545 4946 (le-

1976 4992 2350 5048 moustrativis
2389 4989 2726 5059 argumentis
2772 5001 3099 5057 supponere,
3138 4992 3191 5038 et
3242 4992 3404 5054 prout
3430 4975 3547 5036 ﬁeri

1975 5096 2204 5159 poterat,
2248 5083 2608 5139 naturalibus‘
2641 5078 2941 5135 ratiociniis
2994 5078 3210 5131 ﬁrmare
3266 5078 3439 5140 banc,
3496 5080 3552 5125 et

1977 5176 2337 5233 certissimam
2368 5181 2668 5244 praestare:
2699 5169 2894 5224 deinde
2943 5177 3033 5222 tua
3072 5180 3291 5235 quoque
3332 5164 3402 5219 ob
3427 5178 3547 5217 eam

1976 5267 2342 5324 accusandam
2374 5262 2608 5319 absurda
2638 5268 2960 5333 argumenta
3000 5256 3258 5313 refutare.
3301 5255 3377 5309 Ita
3406 5256 3549 5310 enim

1977 5374 2204 5431 prorsus
2246 5355 2636 5412 antirrheticus
2688 5368 2870 5411 sermo
2910 5351 3167 5423 postulat.
3219 5345 3375 5403 Nunc
3416 5363 3553 5417 quo-

1978 5452 2125 5507 niam
2189 5451 2450 5505 adversus
2509 5448 2736 5504 alteram
2797 5445 3081 5517 epistolam
3136 5452 3308 5503 tuam,
3355 5439 3553 5509 dogma

1986 5647 2093 5685 non
2127 5630 2217 5685 hic
2244 5628 2419 5683 solum
2455 5635 2502 5679 et
2535 5626 2589 5679 in
2622 5622 2855 5679 secunda
2889 5619 3134 5691 epistola,
3166 5633 3353 5673 verum
3386 5620 3548 5672 etiam

1986 5702 2038 5755 in
2075 5702 2165 5756 illo
2199 5714 2321 5761 suo,
2366 5712 2525 5768 quem
2568 5696 2798 5768 Allatius
2843 5691 3015 5768 edidit
3060 5691 3321 5768 adversus
3360 5692 3556 5742 Arme—

1985 5773 2106 5828 nios
2137 5759 2399 5834 tractatu;
2425 5777 2483 5823 ut
2510 5767 2623 5838 jam
2655 5766 2707 5820 in
2737 5762 2940 5835 praevio
2973 5760 3177 5816 Monito
3213 5759 3351 5815 dixi.
