3978 6630
488 406 597 469 8:23

1732 400 2027 462 NICET/E
2073 398 2485 460 BYZANTINI
3556 362 3575 372 ’
3633 394 3721 459 824

486 526 761 580 nostrum,
815 525 872 569 ιιι
929 528 1026 583 par
1079 520 1220 575 erat,
1267 511 1461 567 validis
1511 512 2059 570 demonstrationibus

2183 511 2326 565 Ἀλλ’
2357 510 2481 565 ἐπεὶ
2511 508 2648 581 πρὸς
2680 508 2777 580 τὴν
2801 507 2994 579 ἑτέραν
3019 506 3308 573 ἐπιστολήν
3348 524 3444 559 σου
3468 506 3527 560 τὸ
3554 510 3726 565 οἰκεῖον

486 624 820 680 magnopere
864 615 1157 662 tractatum
1203 604 1325 669 fuit,
1369 615 1423 660 et
1452 606 1691 661 evidenti
1719 607 2073 663 conclusione

487 700 839 764 stabililum;
890 714 959 753 ne
1008 714 1155 753 nunc
1209 696 1354 753 forte
1413 698 1695 752 videamur
1745 708 1960 769 torpere
2015 700 2068 753 in

487 790 780 847 scribendo
818 789 885 844 ad
921 798 993 856 te,
1026 788 1073 843 si
1098 796 1303 843 tantum
1336 788 1597 843 adversus
1633 790 1719 845 illa
1753 800 2072 862 argumenta

487 894 611 947 quae
640 879 706 933 ad
752 887 955 934 nostrae
985 877 1482 948 irreprehensibilis
1545 879 1670 935 tidei
1730 882 2070 937 eversionem

484 983 543 1027 tu
583 973 640 1027 in
674 972 871 1028 litteris
896 973 1004 1027 tuis
1025 970 1246 1037 misisti,
1282 972 1696 1041 responsionem
1741 973 2068 1043 fecerimus;

484 1064 609 1119 ideo
638 1074 786 1119 nunc
808 1062 1214 1128 ventilabimus,
1245 1079 1376 1118 num
1410 1072 1516 1118 tute
1566 1074 1758 1121 contra
1787 1066 1945 1121 tidem
1974 1082 2071 1121 no-

481 1169 655 1214 stram
720 1159 1106 1215 accusationes
1180 1169 1235 1215 et
1298 1159 1522 1229 reliquae
1579 1160 2066 1224 contradictiones.

483 1259 633 1306 recte
688 1252 1002 1308 collineent.
1072 1252 1167 1307 Sic
1221 1258 1406 1306 autem
1472 1267 1532 1307 se
1587 1253 1753 1309 habet
1802 1253 2067 1324 scriptum

484 1353 638 1397 tuum
664 1357 678 1395 :
716 1342 893 1398 iDeus
920 1352 1006 1398 est
1034 1358 1199 1407 unus,
1230 1343 1502 1398 neminem
1530 1344 1737 1399 habens
1761 1345 2071 1400 communi-

482 1443 698 1489 cantem
751 1434 1008 1504 potestati
1058 1450 1172 1490 sua:
1222 1453 1236 1490 :
1286 1444 1341 1490 et
1392 1435 1520 1505 quia
1570 1437 2066 1491 communicantem

481 1544 592 1582 non
621 1526 808 1593 habet,
842 1526 963 1582 ideo
1010 1543 1079 1583 ne
1127 1526 1299 1581 lilium
1350 1527 1569 1597 quidem
1627 1528 1806 1583 habet.
1847 1549 1865 1581 ι
1904 1529 2069 1585 Miror

480 1616 733 1687 equidem
770 1617 897 1673 talia
922 1627 1028 1673 ate
1063 1618 1231 1673 scribi
1279 1640 1294 1672 ε
1322 1633 1499 1687 neque
1530 1618 1676 1673 enim
1712 1618 1892 1684 video,
1920 1636 2069 1690 quae-

482 1725 610 1763 nam
671 1709 744 1764 sit
796 1711 1097 1766 necessitas
1162 1711 1662 1767 communicantem
1720 1713 1886 1768 veluti
1954 1712 2067 1768 Deo

480 1802 632 1856 Patri
667 1813 760 1857 aut
815 1804 971 1874 regni
1022 1803 1325 1874 adjutorem
1382 1802 1575 1859 Filium
1617 1807 1972 1872 constituere,
2010 1816 2067 1861 et

2175 604 2354 675 δόγμα
2383 603 2562 675 ἡμῶν,
2610 601 2684 665 ὡς
2731 600 2877 665 εἰκὸς
2927 596 3015 672 ἦν,
3080 603 3199 663 ταῖς
3250 598 3557 664 ἀποδείξεσι
3585 618 3728 656 κατα-

2179 696 2558 759 σκευαστικῶς
2595 694 2969 766 προσάγεσθαι
3015 693 3265 764 μεγάλως
3310 711 3373 746 τε
3425 698 3731 765 πεπραγμά-

2175 807 2362 843 τευται
2395 789 2498 860 (4),
2555 788 2654 842 xal.
2681 788 2869 855 σαφῶς
2907 786 3223 856 έξὴνυσται,
3279 788 3365 841 ἵνα
3408 786 3483 857 μὴ
3515 786 3728 858 δόξωμεν

2176 880 2291 933 νυνὶ
2324 880 2619 952 παρέλκειν
2658 880 2714 932 ὲν
2760 879 2837 948 τῷ
2876 879 3109 949 γράφειν
3141 896 3243 945 σοι,
3291 878 3455 946 μόνον
3503 878 3606 932 ἀπὸ
3638 880 3730 936 τῶν

2176 972 2479 1027 σταλέντων
2509 974 2641 1044 ἡμῖν
2684 973 2772 1025 ἐπ’
2804 972 3083 1041 ἀνατροπῇ
3120 972 3217 1041 τῆς
3268 969 3392 1023 καθ’
3428 971 3576 1040 ἡμᾶς
3600 971 3731 1042 ἀμώ-

2176 1080 2280 1134 μου
2308 1064 2567 1130 πίστεως,
2603 1063 2701 1127 τάς
2740 1064 3095 1135 ἀντιρρήσεις
3126 1062 3493 1133 ποιησόμεθα·
3538 1063 3616 1117 διὸ
3653 1068 3733 1119 καὶ

2172 1155 2222 1207 εἰ
2252 1154 2559 1219 εὐθυὸόλως
2581 1156 2642 1208 αἴ
2668 1170 2727 1207 τε
2754 1156 2853 1223 τῆς
2888 1154 3127 1217 πίστεως
3161 1154 3318 1225 ἡμῶν
3351 1154 3617 1219 διαόολαὶ,
3655 1158 3732 1212 καὶ

2172 1246 2229 1297 αἱ
2258 1243 2444 1298 λοιπαὶ
2468 1246 2822 1317 ἀντιρρήσεις
2848 1262 2941 1298 σου
2960 1243 3197 1314 ἔχουσιν,
3220 1238 3322 1298 ὧδε
3358 1244 3733 1317 ἐπισκεψώμε-

2172 1336 2260 1390 θασ
2294 1336 2407 1407 ἔχει
2438 1336 2497 1391 δὲ
2541 1337 2602 1391 τὸ
2634 1338 2727 1391 σὸν
2759 1338 2995 1409 γράμμα
3029 1335 3232 1401 οὕτως·
3267 1354 3285 1387 ι
3315 1336 3454 1401 Θεός
3482 1340 3622 1391 ἐστιν
3648 1334 3731 1405 εἷς,

2170 1428 2428 1483 κοινωνὸν
2481 1430 2556 1501 μὴ
2589 1428 2728 1500 ἔχων
2774 1429 2876 1498 τῆς
2913 1428 3080 1483 αὑτοῦ
3127 1428 3400 1494 ἐξουσίας
3444 1430 3537 1483 καὶ
3581 1429 3663 1484 διά
3686 1432 3737 1485 τὸ

2170 1522 2246 1593 μὴ
2278 1522 2423 1593 ἔχειν
2455 1522 2731 1587 κοινωνὸν,
2767 1522 2867 1575 οὐκ
2898 1520 3056 1592 ἔσχεν
3088 1520 3213 1575 οὐδὲ
3241 1521 3436 1575 παῖδα.
3475 1540 3495 1572 ι
3533 1521 3734 1593 Θαυμά-

2170 1614 2283 1679 ζειν
2313 1632 2404 1684 μοι
2441 1614 2624 1668 ἔπεισι
2677 1612 2904 1667 τοιαῦτα
2943 1614 3252 1685 γράφοντος
3312 1631 3446 1667 σου·
3501 1616 3734 1687 οὐδὲγὰρ

2171 1709 2382 1781 συνορῶ
2417 1709 2509 1761 ἐπὶ
2544 1707 2638 1761 τοῦ
2668 1706 2805 1760 Θεοῦ
2838 1706 2933 1760 καὶ
2982 1706 3213 1779 Πατρὸς,
3252 1706 3337 1770 τίς
3374 1709 3407 1777 ὴ
3441 1707 3645 1779 ἀνάγκη
3673 1709 3733 1773 ὼς

2168 1802 2426 1855 κοινωνόν
2454 1819 2598 1861 τινα,
2640 1801 2673 1871 ἢ
2702 1801 2778 1864 ὼς
2815 1800 3076 1869 συνεργὸν
3118 1800 3219 1868 τῆς
3254 1799 3455 1854 ἑαυτοῦ
3485 1801 3732 1871 βασιλείας

471 1893 710 1964 hujusce
759 1896 975 1965 generis
1022 1896 1127 1951 alia
1163 1912 1191 1950 a
1247 1906 1299 1952 te
1328 1912 1470 1968 saepe
1511 1899 1807 1968 praposita.
1846 1899 2057 1953 Etenim

2167 1894 2257 1946 τὸν
2307 1892 2503 1946 ἑαυτοῦ
2545 1892 2674 1946 Υἰὸν
2704 1891 3045 1959 εἰσάγεσθαι,
3079 1892 3173 1944 καὶ
3205 1893 3307 1945 ὅσα
3361 1893 3733 1965 τοιαυτότροπα

480 2003 605 2042 cum
635 1986 778 2042 Deus
818 1986 981 2042 Pater
1042 1987 1240 2042 Filium
1274 2005 1430 2043 suum
1474 2006 1569 2059 per
1599 1990 1782 2045 omnia
1823 1991 2056 2046 similem

481 2076 699 2140 habeat,
745 2086 970 2145 excepta
1004 2076 1347 2133 innativitate
1383 2087 1438 2133 ct
1473 2080 1789 2144 nativitate;
1824 2094 2061 2152 cumque

479 2185 581 2224 nos
608 2169 969 2225 conﬁteamur
1011 2187 1116 2226 non
1159 2188 1280 2228 esse
1322 2171 1518 2227 Filium
1554 2171 1700 2228 Patri
1751 2177 2060 2232 communi-

477 2270 720 2326 cantem,
759 2263 945 2317 ncseio
986 2266 1260 2331 quomodo
1312 2279 1412 2319 nos
1452 2265 1641 2320 fallere
1671 2268 1840 2334 velis;
1876 2269 1960 2323 vel
2002 2278 2058 2325 tu

477 2352 595 2420 ipse
625 2354 865 2423 propriis
898 2357 1092 2424 pennis
1138 2356 1393 2425 capiaris.
1438 2354 1535 2410 Est
1582 2358 1729 2411 enim
1779 2358 2058 2427 sophisma

476 2455 629 2499 tuum
663 2446 973 2513 huiusmodi
1011 2464 1023 2500 :
1064 2448 1119 2503 Si
1154 2450 1262 2503 duo
1329 2449 1577 2518 quaedam
1630 2452 1765 2517 sint,
1807 2460 1861 2506 et
1889 2468 2059 2507 unum

475 2537 649 2607 pluris
694 2539 785 2603 sit,
837 2541 983 2595 aliud
1027 2541 1277 2604 minoris,
1329 2542 1474 2596 velut
1514 2542 1678 2598 homo
1717 2552 1772 2599 ct
1814 2544 2057 2613 animal;

477 2646 713 2699 namque
766 2630 932 2687 homo
995 2633 1223 2688 minoris
1269 2643 1375 2699 est,
1436 2649 1600 2703 quam
1659 2635 1898 2702 animal;
1930 2637 2059 2707 quia

475 2720 716 2775 vicissim
746 2738 854 2776 non
893 2724 1161 2779 alternat:
1191 2728 1392 2781 animal
1416 2737 1599 2782 autem
1628 2728 1803 2797 pluris
1825 2739 1943 2796 est;
1973 2730 2060 2786 his

473 2814 545 2868 ita
583 2829 643 2869 se
665 2814 1014 2880 habentibus,
1044 2818 1207 2872 veluti
1254 2819 1299 2874 si
1334 2820 1502 2874 homo
1532 2830 1636 2884 est,
1677 2821 1878 2875 animal
1917 2836 2060 2892 quo~

471 2924 576 2976 que
605 2917 721 2973 est;
755 2923 863 2963 non
901 2919 1105 2974 autem,
1157 2912 1203 2966 si
1252 2912 1457 2966 animal
1503 2922 1608 2977 est,
1651 2913 1815 2968 homo
1842 2929 2061 2985 quoque

469 3009 589 3067 cst;
620 2999 667 3055 si
705 3001 930 3056 animali
963 3002 1282 3066 exsisteute,
1346 3005 1494 3060 dicat
1531 3006 1733 3075 aliquis
1780 3007 2058 3062 hominem

471 3108 693 3162 quoque
716 3108 873 3161 csse;
904 3094 993 3149 hic
1026 3096 1450 3164 paraIOgismum
1481 3097 1629 3159 facit,
1657 3100 1788 3168 quia
1821 3100 1922 3155 ista
1951 3116 2058 3155 non

469 3185 763 3254 alternant,
796 3205 974 3260 neque
1003 3190 1237 3246 invicem
1268 3205 1702 3265 consequuntur.

2164 1984 2427 2045 πολλάκις
2461 1984 2715 2056 γράφεις·
2751 1984 2846 2037 τὸν
2892 1983 3004 2055 γάρ
3038 1983 3176 2037 Θεὸν
3236 1985 3332 2037 καὶ
3393 1984 3609 2054 Πατέρα
3657 1985 3731 2037 τὸν

2164 2075 2355 2129 ἑαυτοῦ
2392 2075 2519 2128 Υἰὸν
2567 2076 2709 2129 κατά
2749 2076 2930 2129 πάντα
2968 2077 3153 2146 ὅμοιον
3211 2076 3432 2145 ἔχοντα,
3492 2075 3624 2146 πλὴν
3652 2076 3733 2144 τῆς

2162 2167 2493 2239 ἀγεννησίας
2534 2169 2626 2219 καὶ
2668 2168 2765 2236 τῆς
2800 2167 3131 2235 γεννήσεως,
3179 2165 3339 2236 ἡμῶν
3376 2164 3434 2217 δὲ
3468 2164 3589 2235 μηδ’
3612 2164 3729 2225 ὅλως

2160 2261 2567 2331 ὁμολογούντων
2606 2260 2862 2315 κοινωνὸν
2892 2259 3020 2314 ὄντα
3058 2260 3151 2314 τοῦ
3197 2260 3416 2331 [Ιατρὸς
3462 2258 3552 2313 τὸν
3596 2258 3727 2323 Υῐὸν,

2161 2354 2261 2407 οὐκ
2315 2349 2411 2406 οἷδ’
2461 2355 2613 2416 ὅπως
2654 2355 2805 2424 ἡμᾶς
2858 2354 3234 2425 παραλογίζῃ,
3293 2354 3326 2425 ἢ
3380 2355 3604 2408 σεαυτὸν
3636 2358 3730 2417 τοῖς

2163 2444 2358 2497 ἑαυτοῦ
2393 2448 2613 2515 πτεροῖς
2635 2445 2854 2522 ἁλίσκῃο
2889 2444 3004 2499 ἔστι
3034 2447 3140 2517 γάρ
3164 2463 3257 2499 σου
3292 2446 3539 2516 σόφισμα
3572 2445 3727 2499 τοιοῦ-

2160 2554 2273 2590 τον·
2324 2538 2450 2592 Ἐὰν
2480 2538 2574 2591 δύο
2604 2538 2728 2591 τινὰ
2774 2531 2900 2604 ὦσι,
2933 2538 3029 2593 καὶ
3057 2538 3118 2592 τὸ
3166 2539 3265 2608 μὲν
3294 2539 3572 2601 ὲπιπλέον,
3604 2537 3657 2591 τὸ
3681 2537 3728 2590 δὲ

2162 2630 2478 2697 ὲπέλαττον,
2508 2626 2621 2685 οἷον
2646 2634 2673 2685 ὂ
2701 2649 2761 2686 τε
2792 2632 3080 2703 ἄνθρωπος
3125 2631 3222 2685 καὶ
3254 2632 3419 2697 ζῶον·
3470 2634 3498 2685 6
3528 2631 3619 2701 μὲν
3640 2631 3729 2699 γὰρ

2162 2723 2453 2795 ἄνθρωπος
2498 2725 2791 2779 ἐπέλαττόν
2822 2726 2937 2778 ἐστι
2972 2724 3067 2778 τοῦ
3102 2725 3265 2789 ζώου·
3299 2726 3426 2779 οὐδὲ
3468 2724 3575 2794 γὰρ
3602 2724 3725 2777 ἀντι-

2164 2816 2406 2885 στρέφει·
2432 2816 2492 2868 τὸ
2514 2816 2571 2869 δὲ
2622 2815 2762 2880 ζῶον
2797 2816 3077 2869 ὲπιπλέον*
3114 2816 3308 2869 τούτου
3339 2816 3397 2870 δὲ
3438 2816 3607 2878 ὄντος,
3633 2807 3728 2867 οἷον

2161 2907 2258 2961 τοῦ
2294 2907 2611 2979 ἀνθρώπου,
2639 2908 2799 2978 δῆλον
2833 2910 2927 2961 καὶ
2956 2909 3017 2962 τὸ
3046 2907 3187 2973 ζῶόν
3213 2910 3389 2961 ἐστιν·
3425 2908 3486 2961 οὑ
3521 2906 3619 2979 μὴν
3648 2904 3725 2959 τοῦ

2163 3002 2303 3066 ζὼου
2353 3001 2527 3067 ὄντος,
2561 3004 2657 3056 καὶ
2692 3004 2720 3055 6
2757 3003 3068 3073 ἄνθρωπος’
3097 2997 3221 3054 εἶτα
3264 3000 3363 3055 τοῦ
3399 3000 3537 3065 ζὼου
3562 2999 3725 3063 ὄντος,

2164 3097 2391 3167 φήσειέν
2427 3115 2511 3159 τις
2555 3097 2648 3150 καὶ
2685 3095 2776 3149 τὸν
2802 3095 3092 3168 ἄνθρωπον
3127 3089 3291 3158 εἶναι,
3326 3095 3420 3149 τὸν
3453 3092 3725 3163 παραλογιο

2166 3187 2303 3255 σμὸν
2346 3189 2508 3251 ποιεῖ,
2549 3186 2700 3258 παρά
2743 3186 2805 3239 τὸ
2858 3186 2935 3257 μὴ
2989 3184 3380 3256 ἀντιστρέφον,
3414 3183 3509 3237 καὶ
3532 3181 3590 3235 τὸ
3624 3178 3728 3232 ἑπό-

2164 3296 2331 3349 μενον
2361 3277 2505 3331 οὕτω
2535 3279 2896 3349 καλούμενον.

467 3418 584 3473 Hoc
611 3417 726 3472 loco
762 3419 945 3489 repetit
976 3418 1196 3473 Nicetes
1231 3429 1399 3471 totum
1429 3418 1720 3472 articulum
1752 3434 1948 3489 nonum
1987 3417 2186 3487 prioris
2242 3418 2498 3485 epistola},
2531 3434 2713 3487 nempe
2762 3435 2794 3471 a
2843 3418 3014 3471 verbis
3066 3416 3310 3489 τοιοῦτόν
3362 3436 3416 3471 τι
3470 3432 3621 3489 usque
3667 3414 3724 3468 ad

870 3492 963 3542 ἐπὶ
993 3491 1089 3561 τῆς
1128 3489 1291 3557 ἁγίας
1321 3490 1552 3560 Τριάδος
1580 3490 1846 3543 τίθεσθαι,
1880 3487 1995 3543 Nos
2028 3505 2059 3541 vi

2173 3488 2492 3555 omittimus,
2515 3505 2579 3542 ne
2613 3499 2791 3542 actum
2826 3505 2979 3559 agere
3008 3488 3303 3543 videamur.

538 3604 593 3660 2.
636 3603 764 3660 ltein
796 3604 953 3658 aliter
988 3623 1000 3659 :
1038 3624 1055 3656 ι
1097 3604 1238 3661 Deus
1274 3622 1417 3661 unus
1444 3617 1546 3673 est,
1573 3624 1679 3663 non
1713 3609 1924 3663 habens
1953 3608 2049 3661 ali-

2234 3605 2296 3677 β’.
2333 3606 2444 3661 Καὶ
2476 3605 2683 3669 mm-
2720 3626 2737 3658 ι
2762 3605 2895 3668 Θεός
2922 3605 3071 3660 ἐστιν
3097 3602 3480 3668 εἷς,κοινωνὸν
3514 3605 3584 3676 μὴ
3610 3604 3725 3674 ἔχων

468 3714 634 3770 quem
670 3698 1169 3754 communicantem
1200 3701 1454 3769 potestati
1481 3718 1614 3757 suae.
1660 3723 1677 3752 ι
1707 3702 1862 3768 Quod
1913 3702 2057 3757 Deus

2164 3702 2259 3770 τῆς
2286 3699 2450 3753 αὑτοῦ
2482 3698 2749 3764 ἐξουσίας.
2789 3717 2807 3749 ι
2863 3699 2985 3751 Ὀτι
3028 3698 3127 3769 μὲν
3159 3693 3240 3762 εἷς
3300 3699 3437 3763 Θεός
3468 3703 3608 3751 ἐστιν
3650 3697 3724 3748 ἐπὶ

470 3808 613 3847 unus
645 3792 714 3845 sit
742 3791 1091 3855 universalis,
1125 3793 1216 3860 qui
1266 3793 1480 3848 cunctis
1509 3794 1670 3849 rebus
1698 3804 1751 3849 ct
1785 3794 2050 3849 exsisten-

2164 3794 2381 3847 πάντων
2435 3795 2545 3855 τοῖς
2587 3788 2739 3845 οὖσιν
2778 3791 3006 3855 ἅπασιν,
3050 3792 3111 3844 τό
3149 3809 3208 3843 τε
3259 3792 3453 3855 ἁπλῶς
3489 3786 3723 3843 εἶναικαὶ

467 3880 599 3933 tiam
639 3878 829 3932 tribuit
858 3886 912 3932 et
949 3889 1154 3933 rectum
1191 3890 1416 3945 statum,
1439 3881 1827 3951 neminemque
1861 3882 2056 3936 habeat

2164 3886 2218 3939 τὸ
2248 3881 2307 3938 εὖ
2335 3882 2714 3955 χαριζόμενος,
2734 3883 2828 3937 καὶ
2856 3883 3031 3937 οὐδενὶ
3062 3883 3170 3935 τῶν
3199 3882 3375 3935 ὄντων
3403 3881 3464 3935 τὸ
3494 3879 3723 3950 παράπαν

468 3970 970 4027 communicantem
996 3979 1091 4025 aut
1112 3971 1442 4041 adiutorem,
1474 3982 1534 4027 ut
1561 3982 1618 4027 tu
1639 3973 1808 4040 dicis,
1834 3989 1862 4027 a
1895 3975 2055 4030 nobis

2164 3974 2414 4029 κοινωνὸν
2446 3975 2479 4046 ἢ
2519 3974 2801 4043 συνεργὸν,
2836 3974 2910 4037 ὡς
2962 3975 3025 4027 σὺ
3055 3976 3180 4043 φὴς,
3238 3973 3600 4043 κεκτημένος,
3647 3966 3723 4021 καὶ

467 4064 675 4134 pariter
706 4065 762 4119 in
816 4065 1200 4135 superioribus
1249 4066 1685 4121 demonstratum
1728 4065 1850 4131 fuit,
1890 4076 2057 4137 atque

2164 4068 2414 4138 Ξινωτέρω
2447 4065 2578 4137 παρ’
2618 4065 2778 4137 ἡμῶν
2829 4065 3210 4119 ἀποδέδεικται
3257 4068 3355 4120 καὶ
3402 4064 3720 4135 ὡμολόγηται

468 4158 545 4212 ita
567 4158 1279 4216 conﬁtemuretcredimus.
1312 4159 1466 4226 Quod
1502 4170 1683 4215 autem
1721 4160 1810 4214 ille
1835 4174 2058 4230 quoque

2164 4164 2248 4216 καὶ
2277 4161 2633 4215 πεπίστευται
2654 4177 2668 4192 ⁸
2701 4162 2782 4214 ὅτι
2820 4160 2876 4213 δὲ
2910 4159 3004 4215 καὶ
3034 4162 3061 4214 6
3094 4161 3226 4231 παρ’
3262 4160 3423 4229 ἡμῶν
3460 4159 3582 4221 Υἱὸς
3607 4152 3721 4209 Θεοῦ

470 4263 503 4302 a
544 4248 702 4304 nobis
759 4249 1000 4304 creditus
1055 4247 1226 4304 Filius
1290 4265 1355 4305 ac
1416 4250 1561 4307 Deus
1601 4267 1786 4317 verus,
1814 4267 1969 4320 aeque
1992 4266 2057 4305 ac

466 4338 612 4392 Deus
663 4339 843 4404 Pater,
904 4339 1046 4394 Deus
1105 4356 1246 4394 unus
1304 4356 1431 4395 cum
1486 4340 1647 4396 Patre
1693 4357 1757 4396 ac
1789 4342 1993 4412 Spiritu
2026 4358 2055 4395 a

469 4431 629 4485 nobis
662 4432 900 4494 dicatur,
933 4449 1043 4487 non
1086 4444 1344 4503 tanquam
1379 4436 1791 4489 communicans
1824 4433 1970 4490 Patri
1993 4451 2056 4491 ac

470 4520 734 4589 Spiritui;
776 4537 957 4591 neque
996 4531 1254 4592 tanquam
1309 4524 1472 4578 unius
1502 4520 1776 4594 priheipii,
1811 4533 1866 4579 et
1892 4526 2056 4580 unius

470 4612 588 4679 Dei,
612 4613 707 4683 qui
744 4614 798 4668 in
822 4612 988 4669 Patre
1018 4625 1073 4670 ct
1110 4614 1249 4669 Filio
1287 4626 1341 4671 et
1380 4617 1590 4686 Spiritu
1623 4628 1815 4674 sancto
1839 4630 2055 4686 specta-

2159 4254 2579 4323 πιστευόμενος,
2604 4252 2696 4306 καὶ
2724 4252 2856 4315 Θεὸς
2883 4251 3133 4321 ἀληθινὸς
3186 4250 3262 4305 ὢν
3284 4253 3381 4305 καὶ
3410 4251 3589 4311 αὐτὸς,
3619 4244 3722 4300 καθ’

2158 4345 2193 4401 ἃ
2215 4344 2309 4399 καὶ
2330 4346 2358 4398 6
2392 4342 2599 4411 Πατὴρ,
2630 4342 2723 4395 καὶ
2752 4340 2885 4402 Θεὸς
2917 4336 2998 4402 εἷς
3033 4340 3171 4410 μετά
3202 4339 3417 4410 Ηατρὸς
3447 4337 3540 4391 καὶ
3582 4331 3725 4388 Πνεύ-

2166 4452 2335 4506 ματος
2366 4436 2497 4503 παρ’
2528 4432 2684 4503 ἡμῶν
2724 4432 2905 4494 καλῶς
2942 4431 3193 4499 θεολογού
3203 4448 3388 4501 μενος,
3417 4430 3512 4497 οὐχ
3540 4427 3608 4489 ὡς
3631 4440 3722 4477 κοιο

2164 4526 2331 4588 νωνὸς
2362 4525 2456 4577 τοῦ
2489 4523 2624 4577 Θεοῦ
2675 4525 2769 4575 καὶ
2799 4522 3034 4593 Πατρὸς,
3086 4521 3210 4574 οὔτε
3263 4521 3364 4591 τῆς
3400 4520 3527 4591 μιᾶς
3575 4514 3723 4586 ἀρχῆς

2163 4616 2259 4669 καὶ
2289 4613 2381 4667 τοῦ
2412 4614 2529 4677 ἐνὸς
2558 4611 2692 4665 Θεοῦ
2727 4612 2820 4665 τοῦ
2869 4613 2929 4664 ἐν
2981 4613 3156 4681 Πατρὶ
3208 4610 3306 4664 καὶ
3344 4609 3457 4680 Υἱῷ
3488 4609 3569 4662 καὶ
3603 4605 3721 4671 ἁγίῳ

469 4711 578 4768 tur,
611 4712 667 4757 et
694 4701 769 4757 sit
799 4710 853 4757 et
881 4717 910 4755 a
946 4703 1106 4758 nobis
1133 4703 1446 4770 inducatur,
1480 4706 1549 4760 ita
1592 4708 1650 4760 tit
1681 4708 1897 4776 planum
1927 4706 2057 4761 :llle

2165 4702 2442 4772 Πνεῦματι
2475 4702 2873 4772 θεωρουμένου,
2901 4700 3015 4753 ἐστι
3048 4701 3142 4755 καὶ
3171 4702 3302 4771 παρ’
3337 4701 3496 4772 ἡμῶν
3538 4697 3722 4763 εἰσάγε-

468 4793 561 4863 qui
597 4808 626 4847 a
664 4793 824 4848 nobis
850 4794 940 4849 Dei
975 4793 1147 4850 Filius
1171 4811 1234 4850 ac
1254 4797 1393 4852 Deus
1426 4814 1587 4853 verus
1628 4799 1845 4862 dicitur,
1875 4800 1917 4852 si
1950 4809 2054 4862 cst,

470 4896 529 4939 ut
557 4895 612 4941 tu
641 4886 745 4952 ais,
776 4888 884 4942 Deo
910 4889 1347 4955 couiniunicans,
1379 4890 1430 4944 id
1473 4900 1575 4954 est,
1605 4891 1653 4943 ei
1704 4891 1795 4961 qui
1828 4908 1857 4944 a
1899 4892 2056 4945 nobis

468 4973 616 5030 Deus
642 4988 708 5031 ac
749 4972 911 5049 Pater
944 4978 1285 5047 appellatur;
1321 4979 1402 5033 vel
1453 4978 1545 5031 uni
1583 4980 1854 5048 principio
1884 4988 1937 5032 ct
1963 4980 2055 5032 uni

468 5063 606 5127 Deo.
643 5066 821 5135 quiin
854 5065 1017 5122 Patre
1064 5077 1119 5122 et
1170 5068 1308 5123 Filio
1351 5080 1405 5123 et
1456 5068 1661 5140 Spiritu
1700 5079 1896 5123 sancto
1929 5085 2055 5139 spe»

469 5167 671 5211 ctatur.
709 5159 816 5211 Sed
844 5158 888 5213 si
931 5159 1154 5230 quidem
1193 5161 1284 5215 uni
1327 5160 1438 5216 Deo
1467 5163 1559 5232 qui
1604 5164 1658 5215 in
1688 5160 1848 5215 Patre
1886 5172 1938 5215 et
1968 5162 2056 5215 Fi-

466 5248 542 5305 lio
596 5252 662 5306 ac
715 5250 924 5321 Spiritu
983 5262 1174 5306 saneto
1240 5263 1553 5321 spectatur;
1612 5256 2047 5308 demonstratum

466 5350 651 5396 autem
685 5340 783 5395 fuit
810 5357 841 5395 a
870 5342 1027 5396 nobis
1069 5342 1121 5395 in
1169 5344 1369 5411 prioris
1423 5344 1669 5414 epistola:
1715 5355 1818 5399 tute
1850 5344 2053 5398 refuta-

464 5433 634 5498 tione,
664 5448 833 5487 unum
867 5449 987 5489 esse
1012 5432 1203 5500 Deum,
1243 5451 1521 5505 unumque
1552 5436 1900 5506 principium,
1927 5454 2049 5491 cum

466 5525 629 5581 Patre
649 5541 716 5581 ac
742 5527 948 5596 Spiritu
982 5535 1195 5592 sancto,
1243 5526 1443 5582 Filium
1486 5530 1579 5599 qui
1626 5542 1679 5584 et
1711 5532 1781 5585 ita
1822 5539 1905 5586 est
1938 5540 1989 5586 et
2021 5547 2052 5585 a

472 5614 631 5673 nobis
670 5616 808 5672 bene
838 5617 978 5673 Deus
1010 5618 1353 5688 appellatur;
1387 5635 1518 5689 ergo
1559 5620 1633 5674 ita
1661 5621 1929 5691 contingit
1961 5619 2051 5675 Fi-

542 5795 624 5865 (4)
664 5794 807 5852 Dicit
839 5796 983 5852 illam
1008 5797 1336 5852 Christiana:
1371 5797 1648 5868 religionis
1697 5798 2044 5854 demonstra-

475 5866 703 5937 tionem,
734 5868 1053 5941 quanripse
1097 5869 1424 5938 repetiverat
1464 5866 1519 5924 in
1563 5870 1745 5938 priore
1797 5871 2047 5941 cpistola,

2158 4812 2269 4857 ται,
2302 4787 2403 4847 ὦδε
2433 4793 2622 4862 δῆλονθ
2674 4793 2730 4844 '0
2773 4793 2900 4863 παρ’
2949 4795 3084 4864 ἡμῖν
3129 4793 3257 4855 Υἱὸς
3290 4791 3425 4845 Θεοῦ
3481 4790 3572 4844 καὶ
3610 4786 3720 4847 Θεὸς

2158 4886 2411 4957 ἀληθινὸς
2444 4886 2693 4953 θεολογού
2704 4904 2883 4954 μενος,
2908 4887 3069 4954 εἴπερ
3093 4888 3214 4939 ἐστὶ
3247 4887 3389 4940 κατά
3416 4886 3473 4938 σὲ
3497 4879 3720 4939 κοινωνὸς

2157 4977 2251 5030 τοῦ
2278 4977 2436 5041 Θεοῦ,
2466 4978 2584 5047 ἦτοι
2618 4976 2712 5030 τοῦ
2741 4980 2871 5048 παρ’
2897 4979 3031 5048 ἡμῖν
3057 4977 3194 5030 Θεοῦ
3218 4977 3315 5029 καὶ
3342 4974 3547 5045 Πατρὸς
3575 4984 3719 5039 11,056-

2158 5071 2476 5140 δευομένου,
2508 5070 2660 5138 ῆτῆς
2695 5072 2822 5139 μιᾶς
2853 5070 3027 5140 ἀρχῆς
3067 5071 3164 5122 καὶ
3190 5069 3285 5121 τοῦ
3331 5070 3451 5131 ἐνὸς
3487 5064 3613 5119 Θεοῦ
3640 5058 3718 5113 τοῦ

2156 5164 2215 5216 ὲν
2243 5163 2416 5235 Πατρὶ
2439 5163 2533 5215 καὶ
2557 5161 2673 5231 Υἱῷ
2699 5164 2790 5216 καὶ
2825 5163 2967 5231 ἁγίῳ
3020 5161 3301 5233 Πνεῦματι
3330 5157 3712 5231 θεωρουμένου·

2156 5255 2271 5309 ἀλλ’
2294 5255 2469 5324 εἰμὲν
2503 5254 2597 5308 τοῦ
2633 5255 2750 5319 ἑνὸς
2790 5253 2925 5307 Θεοῦ
2959 5252 3053 5306 τοῦ
3094 5255 3151 5307 ἐν
3193 5255 3367 5324 Πατρὶ
3394 5251 3486 5304 καὶ
3510 5247 3613 5318 Υἱῷ
3639 5242 3715 5296 καὶ

2159 5346 2299 5418 ἁγίῳ
2343 5347 2619 5417 Πνεῦματι
2655 5346 3060 5417 θεωρουμένου,
3095 5345 3470 5399 ἀποδέδεικται
3500 5341 3551 5393 δὲ
3602 5337 3715 5407 ἡμῖν

2158 5442 2216 5495 ἐν
2246 5443 2313 5511 τῇ
2347 5441 2664 5513 ἀντιρῤήσει
2696 5441 2793 5509 τῆς
2828 5439 3100 5509 προτέρας
3152 5455 3246 5491 σου
3303 5435 3602 5502 ἐπιστολῆς,
3637 5436 3706 5489 ὅτι

2155 5526 2236 5597 εἷς
2271 5532 2404 5599 Θεὸς
2452 5534 2545 5586 καὶ
2608 5532 2706 5603 μία
2747 5531 2889 5602 ἀρχὴ
2933 5532 2961 5584 ὁ
3009 5532 3137 5595 Υἱὸς
3193 5532 3331 5602 μετά
3386 5527 3586 5597 [ἰατρὸς
3636 5520 3713 5573 καὶ

2159 5622 2478 5694 Πνεῦματος
2508 5623 2665 5691 ἁγίου
2700 5625 2795 5675 καὶ
2825 5622 2939 5676 ἐστι
2973 5624 3066 5677 καὶ
3093 5625 3225 5695 παρ’
3251 5622 3405 5693 ἡμῶν
3422 5618 3591 5679 καλῶς
3609 5614 3711 5666 θεο⁹

2152 5804 2245 5857 sed
2274 5817 2375 5874 nos
2414 5812 2600 5874 utpote
2634 5804 2747 5872 jam
2788 5804 2840 5858 in
2873 5803 3156 5873 superiore
3191 5820 3374 5874 opere,
3415 5801 3514 5858 hoc
3533 5790 3700 5857 eodem.

2156 5873 2433 5930 volumine
2461 5873 2684 5943 editam,
2713 5876 3025 5933 necessario
3055 5873 3367 5932 omisimus.
