3978 6582
289 421 396 486 825

1464 425 1902 486 REFUTATIO
1936 425 2416 488 MOHAMEDIS.

3454 419 3562 484 8?6

287 536 563 604 λογεῖται·
598 535 647 588 εί
679 535 736 588 δέ
765 535 944 602 τοῦτο,
997 536 1287 606 συμδαίνει
1332 535 1400 590 ἂν
1444 535 1473 589 ὁ
1526 537 1655 601 Υἱὸς
1707 536 1869 600 αὐτὸς

1997 539 2106 592 ium
2156 539 2373 593 sibimet
2422 550 2546 592 esse
2587 532 3122 599 communicantem;
3175 530 3321 602 quod
3358 542 3441 588 est
3465 535 3563 588 ab-

286 625 482 680 ἑαυτοῦ
513 622 652 680 εἶναι
687 629 962 691 κοινωνὸς.
1007 629 1144 700 ὅπερ
1179 630 1412 684 ἄτοπον·
1445 629 1597 682 οὐδὲν
1620 630 1730 701 γὰρ
1760 629 1871 682 τῶν

285 719 458 772 ὄντων
485 718 618 771 αὐτὸ
642 718 836 772 ἑαυτοῦ
883 718 1102 790 λέγεται
1129 717 1268 776 εἷναι
1296 721 1551 775 κοινωνόν
1568 737 1581 751 ·
1618 723 1717 775 οὐκ
1765 721 1874 792 ἄρα

285 812 314 862 ὁ
352 809 480 873 Υἱὸς
500 808 602 879 τῆς
635 811 764 879 μιᾶς
785 812 960 882 ἀρχῆς
987 813 1079 865 καὶ
1107 811 1202 866 τοῦ
1236 811 1513 878 ἐνδς,Θεοῦ
1541 811 1636 866 τοῦ
1668 815 1726 865 ἐν
1757 814 1868 866 Ila-

284 899 377 970 τρὶ
405 899 501 953 καὶ
546 899 662 971 Υἱῷ
687 901 782 954 καὶ
838 901 980 974 ἁγίῳ
1015 903 1292 974 Πνεῦματι
1333 903 1710 975 θεωρουμένου
1753 903 1874 956 ἐστὶ

285 991 543 1055 κοινωνός
569 1007 584 1020 ·
611 989 735 1044 οὔτε
765 993 871 1062 μὴν
908 993 1003 1046 τοῦ
1033 993 1170 1047 Θεοῦ
1209 994 1304 1048 καὶ
1350 994 1564 1065 Πατρός
1584 1011 1598 1025 ·
1628 995 1724 1048 ἐπὶ
1746 993 1870 1047 τού-

283 1096 396 1132 των
419 1080 527 1152 γὰρ
567 1082 660 1134 καὶ
683 1082 843 1151 μόνον
865 1083 1012 1138 ἔστιν
1040 1084 1154 1138 υίὸν
1180 1087 1361 1156 εὑρεῖν
1383 1086 1476 1139 τοῦ
1503 1085 1633 1140 ίδίου
1668 1085 1874 1156 πατρὸς

285 1173 583 1243 λεγόμενον
609 1177 887 1243 κοινωνὸν,
923 1180 980 1231 ἐν
1006 1172 1087 1241 οἷς
1110 1177 1338 1248 γνώμης
1374 1178 1698 1250 παραλλαγὴ
1735 1196 1876 1250 παρ-

286 1264 592 1319 εισδὺνεται
615 1307 629 1328 ,
666 1267 762 1320 καὶ
794 1267 1103 1338 βουλήσεως
1159 1271 1417 1341 ἑτερότης
1459 1271 1745 1340 πάρεστιν,
1782 1271 1875 1322 καὶ

286 1359 495 1429 ἀπορία
523 1359 764 1414 καλοῦσα
801 1362 934 1430 πρὸς
959 1361 1058 1433 τὴν
1080 1367 1290 1435 χρείαν,
1334 1363 1429 1417 καὶ
1459 1363 1708 1432 ἐνέργεια
1734 1362 1874 1416 ἀπο-

285 1449 606 1520 τετμημένη
637 1450 778 1515 ίδίως
828 1453 1121 1522 πρόσεστιν
1142 1471 1156 1485 ·
1193 1449 1273 1517 οἷς
1300 1455 1357 1508 δὲ
1391 1453 1584 1525 γνώμη
1621 1455 1741 1524 μία,
1779 1455 1876 1507 καὶ

289 1539 546 1612 βούλησις
573 1542 660 1595 ἀεὶ
690 1543 1003 1609 ἀδιάκοπος,
1057 1547 1154 1600 καὶ
1204 1547 1421 1616 φύσεως
1450 1546 1734 1615 ταυτότης.
1781 1545 1876 1598 καὶ

289 1635 394 1704 μία
423 1635 662 1701 ἐξουσία,
693 1636 787 1688 καὶ
831 1635 1051 1708 θέλησις
1079 1637 1350 1708 ἄτρεπτος
1381 1639 1637 1706 πάρεστι,
1671 1637 1790 1701 πῶς
1813 1638 1878 1690 ἂν

283 1726 313 1776 ὁ
340 1728 633 1792 κοινωνὸς
683 1728 1076 1797 είσφρήσεται;
1122 1728 1320 1782 οῦκουν
1372 1728 1628 1782 κοινωνὸν
1659 1730 1750 1782 ἐπὶ
1780 1727 1876 1782 τοῦ

283 1817 410 1881 ἐνὸς
433 1816 592 1887 Θεοῦ,
619 1821 667 1872 οί
721 1821 815 1874 ἐπὶ
843 1824 909 1892 τῇ
939 1821 1192 1891 θεολογίᾳ
1224 1822 1351 1875 Υἱὸν
1386 1822 1481 1875 καὶ
1512 1820 1735 1892 Πνεῦμα
1760 1821 1879 1874 θεο-

1978 630 2204 685 surdum
2242 647 2256 683 :
2291 629 2436 682 nulla
2485 627 2629 682 enim
2679 641 2765 680 res
2803 625 3075 680 exsisteus
3110 623 3312 678 dicitur
3340 623 3562 678 sibimet

1977 719 2094 789 ipsa
2120 719 2549 774 communicare.
2591 715 2947 787 Nequaquam
2989 715 3155 784 igitur
3207 713 3349 768 illius
3407 729 3562 767 com-

1978 811 2267 866 munieaus
2291 821 2372 866 est
2400 811 2491 866 uni
2527 812 2790 880 principio
2823 810 3028 878 unique
3066 807 3174 862 Deo
3195 806 3290 876 qui
3314 805 3367 859 in
3403 804 3564 859 Patre

1977 912 2026 958 et
2055 902 2192 957 Filio
2243 914 2296 958 et
2353 903 2558 972 Spiritu
2621 914 2812 958 sancto
2866 909 3180 973 spectatur;
3225 914 3404 968 neque
3436 899 3562 952 item

1977 993 2088 1047 Deo
2135 993 2300 1046 Patri.
2345 992 2499 1050 Tune
2546 994 2690 1048 enim
2734 992 3108 1048 tantummodo
3160 992 3363 1045 dicitur
3421 991 3564 1044 [ilius

1976 1084 2117 1152 patri
2167 1099 2269 1138 suo
2309 1087 2744 1144 COllllllllllit‘allS,
2787 1102 2910 1140 eum
2962 1083 3247 1138 sententia:
3295 1081 3568 1136 aberratio

1979 1179 2147 1241 subit,
2180 1188 2234 1234 et
2279 1179 2497 1233 consilii
2558 1179 2852 1234 diversitas
2908 1179 3084 1242 adest,
3136 1192 3260 1230 cum
3296 1173 3566 1228 dubitatio

1978 1271 2054 1324 rei
2089 1270 2361 1338 gerendae,
2397 1279 2451 1325 et
2499 1271 2745 1340 operatio
2791 1285 3040 1326 seorsum
3099 1277 3353 1340 suscepta
3381 1268 3565 1323 eerui-

1981 1372 2089 1417 tur.
2124 1363 2194 1418 lis
2219 1375 2434 1428 autem,
2479 1381 2712 1434 quorum
2749 1374 2829 1418 est
2869 1381 2973 1418 una
3015 1363 3303 1426 sententia,
3341 1373 3395 1416 et
3435 1361 3570 1415 deli-

1982 1457 2190 1511 beratio
2221 1473 2441 1526 semper
2487 1457 2744 1521 indivisa,
2784 1465 2839 1510 et
2887 1466 3084 1510 natttra
3133 1456 3350 1516 eadem.
3389 1467 3440 1509 et
3473 1470 3569 1525 po-

1982 1558 2155 1605 testas
2191 1550 2373 1616 unica,
2425 1560 2480 1604 et
2535 1550 2788 1604 voluntas
2845 1548 3232 1613 immutabilis,
3290 1546 3570 1617 quomodo

1983 1643 2307 1696 vocabulum
2340 1644 2738 1696 communicaris
2773 1641 3037 1711 obrepet?
3062 1640 3176 1694 Non
3207 1656 3336 1710 ergo
3363 1639 3571 1693 faciunt

1981 1736 2076 1789 uni
2111 1734 2216 1790 Deo
2251 1737 2770 1797 cornmuuicantem,
2802 1736 2876 1789 illi
2919 1735 3013 1806 qui
3062 1733 3258 1787 Filium
3308 1747 3373 1787 ac
3399 1731 3566 1800 Spiri-

1983 1839 2097 1882 tum
2135 1830 2300 1884 Deum
2340 1845 2461 1882 esse
2503 1831 2810 1900 theologice
2841 1829 3062 1894 dicunt;
3097 1826 3314 1882 etiamsi
3349 1841 3512 1896 prave
3540 1841 3572 1880 a

281 1910 578 1976 λογοῦντες
613 1915 1027 1981 συνεισάγουσιν
1047 1955 1062 1980 ,
1115 1916 1164 1968 εί
1196 1915 1290 1969 καὶ
1338 1913 1525 1979 κακῶς
1557 1914 1689 1986 παρ’
1719 1914 1874 1985 ὑμῶν

1991 1923 2136 1977 vobis
2167 1923 2240 1978 ita
2276 1921 2653 1977 tlill'atnantur.

284 2002 429 2075 [cod.
468 2002 645 2076 ήμῶν]
667 2005 1118 2076 ἐπιφημίζονται.

357 2095 429 2164 γ’.
456 2097 565 2151 Καὶ
595 2097 767 2162 ἄλλως
791 2113 806 2131 ·
855 2119 873 2151 ι
911 2099 1046 2164 Θεὸς
1065 2095 1146 2165 είς
1174 2101 1312 2165 ἐστι,
1347 2103 1602 2158 κοινωνὸν
1637 2102 1711 2175 μὴ
1737 2102 1878 2174 ἔχων

281 2189 390 2258 τῆς
423 2189 589 2244 αὑτοῦ
613 2192 862 2258 ἐξουσίας
889 2209 904 2224 ·
937 2195 1030 2246 καὶ
1060 2193 1147 2248 διὰ
1190 2193 1252 2246 τὸ
1298 2198 1372 2266 μὴ
1422 2195 1568 2266 ἔχειν
1598 2196 1874 2262 κοινωνὸν,

279 2283 388 2334 οὐκ
417 2281 575 2352 ἔσχεν
597 2283 716 2336 οὐδὲ
743 2285 926 2338 παῖδα.
971 2304 988 2336 ι
1039 2285 1381 2358 Ἀπήλλαξας
1413 2289 1562 2360 ἡμᾶς
1612 2289 1878 2359 πραγμά-

279 2387 397 2424 των
438 2369 671 2436 ἐξειπὼν
713 2374 777 2425 τὸ
824 2374 1165 2445 ἀπόρρητον·
1215 2378 1264 2430 εί
1296 2377 1398 2446 μὲν
1446 2379 1554 2450 γὰρ
1603 2379 1791 2450 ἐώρων
1818 2381 1880 2433 τὸ

283 2466 582 2534 κοινωνὸς
612 2469 705 2520 ἐπὶ
738 2469 836 2539 τῆς
889 2469 1210 2542 θεολογικῆς
1251 2473 1562 2542 γεννήσεως
1611 2474 1879 2542 ἑπόμενον

281 2559 386 2613 καὶ
415 2559 600 2631 χώραν
623 2560 766 2632 ἔχον,
802 2563 943 2633 τάχα
977 2561 1044 2617 ἀν
1089 2565 1183 2617 καλ⁸
1217 2567 1291 2635 μὴ
1331 2566 1500 2620 θέλων
1551 2571 1618 2640 τῇ
1650 2568 1880 2640 ἀληθείᾳ

289 2652 758 2721 συνεφελκόμενος
783 2657 848 2725 τῇ
873 2655 1151 2726 ἀναιρέσει
1182 2657 1396 2722 τοῦτου,
1427 2659 1523 2712 καὶ
1547 2663 1605 2713 τὸ
1642 2659 1882 2731 ήγοῦμε-

287 2762 381 2798 νον
423 2745 793 2817 συνανῄρουν·
827 2748 1076 2802 τουτέστι
1109 2749 1172 2802 τὸ
1210 2751 1300 2803 ἐπὶ
1333 2752 1430 2823 τὴν
1465 2752 1744 2822 θεολογίαν
1789 2754 1881 2807 τὸν

287 2839 420 2892 Υἱόν
443 2838 942 2910 ἀποκηρύττεσθαι.
959 2842 1113 2896 Ἐπεὶ
1130 2843 1187 2896 δὲ
1210 2843 1368 2898 τοῦτο
1397 2845 1562 2899 ἕωλον
1585 2847 1678 2900 καὶ
1704 2847 1879 2917 πάντη

285 2930 504 2999 ψευδὲς,
569 2931 662 2983 ἐπὶ
688 2932 788 3001 τῆς
821 2925 1139 3004 θεολόγικῆς
1184 2937 1514 3006 γεννήσεως,
1546 2939 1641 2991 καὶ
1678 2939 1878 2993 ἀνακό-

287 3016 482 3071 λουθον
508 3017 569 3072 ὃν
591 3021 619 3073 ό
647 3019 804 3088 λόγος
833 3021 1055 3089 ἔδειξεν,
1082 3024 1142 3077 οῦ
1176 3043 1243 3096 με
1287 3026 1446 3095 λόγος
1472 3030 1882 3098 καταναγκάσει

289 3113 389 3165 καὶ
422 3112 484 3166 τὸ
507 3113 834 3184 ἡγούμενον.
867 3118 1118 3170 τουτέστι
1147 3120 1239 3173 τὸν
1276 3120 1424 3186 Υίὸν,
1456 3123 1548 3174 ἐπὶ
1572 3123 1669 3192 τῆς
1700 3123 1880 3176 θεολο-

288 3205 417 3272 γίας
473 3207 854 3278 ἀπαρνεῖσθαι.
903 3209 1028 3263 Ἐπὶ
1071 3211 1169 3282 μὲν
1217 3213 1326 3284 γὰρ
1380 3214 1490 3269 τῶν
1533 3215 1593 3279 ἐξ
1641 3217 1886 3286 ἀνάγκης

290 3299 712 3370 ἐπομένων,καλ⁹
740 3303 948 3358 τούτων
979 3306 1414 3377 ἀναιρουμένων,
1473 3307 1630 3378 δῆλον
1666 3309 1748 3362 ὅτι
1791 3309 1886 3364 καὶ

289 3393 363 3446 τὰ
392 3392 671 3464 ἡγούμενα
701 3395 1070 3468 συνανῄρηται
1087 3413 1102 3428 ·
1134 3399 1194 3451 οὐ
1221 3399 1327 3470 μὴν
1347 3399 1404 3452 δὲ
1429 3401 1522 3455 ἐπὶ
1549 3399 1657 3453 τῶν
1683 3401 1884 3473 ἥκιστα

291 3483 600 3554 ἑπομένων,
646 3487 722 3550 ὡς
770 3489 826 3541 αῑ
877 3488 1144 3561 μαθήσεις
1169 3490 1574 3544 ἐκδιδάσκουσι·
1611 3493 1692 3546 διὸ
1713 3489 1780 3565 ἦν
1825 3493 1887 3547 τὸ

289 3579 447 3650 παρά
480 3578 574 3632 σοῦ
600 3580 1054 3651 συλλογιζόμενον
1077 3583 1304 3656 δυνάμει
1337 3585 1577 3641 τοιοῦτον
1597 3603 1612 3619 ·
1650 3587 1711 3641 El
1741 3586 1886 3642 ἔστιν

291 3671 424 3735 Tib;
455 3673 545 3726 ἐπὶ
584 3674 681 3744 τῆς
713 3674 994 3743 θεολογίας
1047 3676 1462 3747 πιστευόμενος,
1519 3679 1885 3751 εὑρεθήσεται

292 3767 388 3820 καὶ
444 3768 702 3824 κοινωνὸν
733 3770 762 3822 ὁ
808 3763 888 3832 εἷς
923 3769 1055 3833 Θεὸς
1085 3769 1256 3840 ἔχων·
1293 3772 1430 3825 ἀλλά
1484 3772 1591 3845 μήν
1624 3773 1755 3837 Θεὸς
1806 3767 1888 3836 εἷς

292 3861 445 3912 ἐστιν
499 3859 592 3911 ἐπὶ⁵
622 3859 842 3913 πάντων
879 3861 1136 3915 κοινωνὸν
1162 3861 1262 3915 οὐκ
1296 3862 1466 3933 ἔχων·
1499 3864 1601 3918 οὐκ
1636 3865 1744 3935 ἀρα
1766 3865 1889 3918 οὐδὲ

292 3954 424 4016 Υἱὸς
451 3953 544 4007 ἐπὶ
591 3952 694 4024 τῆς
725 3953 1004 4023 θεολογίας
1051 3955 1302 4026 εὓρηται.
1339 3957 1450 4010 Καὶ
1490 3958 1709 4030 πρῶτον
1762 3958 1886 4030 μὲν,

291 4047 373 4110 ὡς
405 4047 838 4118 αἱφιλοσοφικαὶ
893 4047 1109 4118 μέθοδοι
1163 4051 1312 4121 ήμᾶς
1364 4051 1767 4115 ἐκδιδάσκουσι,
1825 4051 1888 4105 τὸ

294 4139 564 4209 ἑπόμενον
597 4139 1296 4209 ἕσφαλται.Ἀποδὲδεικται
1322 4143 1431 4215 γὰρ
1461 4144 1542 4196 ὅτι
1564 4145 1662 4214 οὐχ
1695 4145 1890 4198 ἕπεται

293 4234 393 4288 ἐπὶ
416 4235 516 4304 τῆς
546 4232 864 4306 θεολογικῆς
893 4239 1202 4304 γεννήσεως
1249 4236 1310 4289 τὸ
1343 4236 1600 4290 κοινωνὸν
1631 4237 1890 4307 λέγεσθαι

293 4325 392 4381 τὸν
427 4325 556 4379 Υἱὸν
579 4325 672 4380 τοῦ
695 4327 906 4398 Πατρός
926 4345 941 4360 ο
974 4327 1061 4380 διά
1093 4344 1176 4380 τοι
1196 4327 1354 4381 τοῦτο
1384 4329 1480 4383 καὶ
1507 4329 1892 4395 ἀναπόδεικτος

296 4421 326 4472 ὁ
358 4421 516 4490 λόγος
548 4421 796 4492 πρόεισιν
815 4437 830 4451 ·
861 4419 1052 4474 ἔπειτα
1076 4420 1287 4492 μικρῶς
1316 4437 1434 4483 πως
1466 4421 1565 4492 τὴν
1597 4421 1719 4475 καθ’
1745 4424 1894 4494 ἡμᾶς

297 4511 580 4580 θεολογίαν
603 4511 1053 4583 ἐπισκεψώμεθα,
1071 4513 1216 4576 ὅπως
1238 4513 1700 4586 εὐφωρατώτερον
1721 4515 1894 4569 ἅπασι

2050 2098 2105 2154 5.
2150 2098 2278 2152 Item
2316 2100 2471 2153 aliter
2507 2121 2519 2156 :
2563 2120 2580 2152 ι
2628 2100 2769 2156 licus
2806 2118 2948 2156 unus
2977 2110 3082 2164 est,
3123 2101 3334 2156 nullum
3367 2101 3573 2158 habens

1980 2188 2232 2257 potestati
2308 2203 2421 2243 sua:
2485 2189 2981 2244 commnnicantcm
3015 2231 3030 2256 ,
3089 2206 3219 2261 ergo
3280 2207 3347 2245 ne
3403 2190 3571 2245 liliu-u

1982 2278 2204 2351 quidem
2261 2281 2444 2335 habet.
2480 2300 2498 2332 ι
2540 2280 2809 2336 Liberasti
2877 2298 2962 2336 me
3018 2284 3260 2347 negotio,
3310 2299 3571 2336 arcanum

1981 2388 2302 2428 enarrans:
2345 2388 2468 2426 nam
2521 2373 2570 2428 si
2631 2373 2868 2427 viderem
2915 2375 3242 2428 vocabulum
3273 2376 3573 2428 communi—

1983 2483 2110 2520 cans
2161 2465 2214 2519 in
2265 2465 2571 2534 theologica
2624 2467 2977 2535 generatione
3015 2483 3324 2521 connexum
3359 2479 3411 2522 et
3441 2471 3574 2522 sub-

1983 2559 2208 2620 sistens,
2245 2557 2480 2612 fortasse
2526 2574 2860 2629 quamquam
2913 2559 3140 2623 invitus,
3182 2561 3410 2614 veritate
3463 2570 3577 2614 tra-

1987 2651 2166 2715 hente,
2202 2666 2327 2704 cum
2365 2650 2526 2719 hujus
2556 2651 2809 2705 vocabuli
2854 2652 3236 2716 exstinctione,
3280 2654 3580 2723 principale

1984 2758 2204 2814 quoque
2225 2743 2292 2796 de
2321 2742 2500 2796 medio
2533 2743 2778 2798 tollerem
2810 2761 2824 2798 :
2859 2744 2908 2798 id
2945 2754 3030 2799 est
3052 2743 3248 2799 Filium
3296 2747 3578 2815 przetlicari

1986 2838 2154 2892 Deum
2185 2853 2291 2892 non
2323 2837 2584 2892 sinerem.
2623 2837 2727 2892 Sed
2771 2840 2899 2908 quia
2939 2838 3043 2894 hoc
3091 2840 3246 2894 futile
3275 2843 3498 2896 omnino
3527 2851 3580 2895 et

1987 2931 2182 2987 falsum
2241 2933 2292 2986 in
2352 2932 2658 3003 theologica
2688 2934 3039 3005 generatione
3074 2935 3411 3003 minimeque
3447 2949 3582 2988 con-

1987 3035 2304 3080 Sectaneum
2334 3040 2518 3080 sermo
2575 3036 2764 3082 noster
2812 3025 3088 3089 ostendit‘,
3123 3027 3334 3080 nullum
3373 3042 3460 3081 me
3492 3042 3584 3081 ra-

1988 3116 2275 3170 tiocinium
2319 3129 2497 3185 coget,
2549 3132 2664 3170 rem
2719 3117 3103 3186 principalem,
3148 3119 3198 3172 id
3242 3129 3326 3173 est
3355 3118 3581 3183 Filium,

1990 3226 2019 3264 a
2085 3207 2176 3262 Dei
2244 3209 2610 3277 appellatione
2655 3210 2970 3265 excludere.
3030 3209 3166 3265 Nam
3231 3211 3284 3264 in
3344 3211 3414 3264 iis
3461 3226 3584 3280 quae

1990 3306 2306 3359 necessario
2355 3318 2495 3358 nexu
2554 3303 2872 3367 cohaerent,
2939 3312 3126 3372 patet,
3185 3303 3272 3359 his
3326 3304 3581 3368 sublatis,

1991 3398 2314 3467 principalia
2368 3412 2588 3468 quoque
2656 3395 2881 3464 perire:
2927 3412 3033 3452 non
3085 3397 3160 3452 ita
3213 3409 3393 3452 tamen
3428 3397 3481 3450 in
3517 3397 3586 3452 iis

1989 3494 2284 3544 usuvenire
2338 3504 2459 3558 quae
2532 3487 2757 3544 minime
2813 3498 3004 3543 mutuo
3055 3489 3368 3556 cohaerent,
3419 3489 3586 3546 disci-

1992 3583 2153 3652 plinae
2204 3583 2424 3636 docent.
2475 3581 2770 3652 Prnpterra
2842 3583 3143 3652 syllogismi
3201 3583 3277 3638 tui
3335 3584 3451 3638 haec
3508 3586 3588 3639 vis

1991 3687 2110 3730 erat
2157 3693 2171 3730 :
2211 3674 2266 3728 Si
2330 3674 2450 3728 Filii
2529 3675 2790 3730 divinitas
2861 3677 3122 3743 creditur,
3188 3677 3590 3746 comperiemns

1993 3783 2162 3820 unum
2226 3767 2394 3822 Deum
2458 3763 2662 3823 habere
2713 3769 2950 3838 aliquem
3009 3768 3114 3823 sibi
3173 3770 3588 3823 communicau-

1991 3868 2100 3914 tem
2153 3879 2167 3913 ι
2214 3862 2363 3930 atqui
2422 3879 2566 3918 unus
2609 3872 2693 3917 est
2750 3860 3079 3916 universalis
3133 3860 3310 3926 Deus,
3370 3860 3584 3914 nullum

1993 3953 2203 4008 habens
2227 3957 2730 4011 communieametn
2767 3973 2782 4011 :
2824 3971 3172 4026 nequaquam
3195 3955 3381 4024 itaque
3411 3953 3586 4008 Filius

1993 4045 2048 4100 in
2094 4047 2368 4118 theologia
2395 4047 2695 4103 invenitur.
2733 4047 2796 4101 Et
2832 4050 3070 4117 pritnnm
3129 4047 3376 4117 quidem,
3427 4055 3593 4116 prout

1993 4151 2094 4192 nos
2126 4138 2519 4208 philosophica:
2545 4139 2749 4208 regula:
2773 4139 2991 4202 docent,
3039 4137 3186 4208 quod
3249 4139 3592 4210 subsequens

1993 4238 2078 4285 est
2112 4231 2396 4285 evertitur.
2432 4229 2878 4286 Demonstratum
2925 4230 3071 4284 enim
3131 4229 3256 4296 fuit,
3312 4246 3420 4284 non
3469 4246 3592 4285 esse

1994 4339 2340 4393 consequens
2359 4325 2412 4378 in
2443 4323 2747 4393 theologica
2763 4324 3137 4391 generatione,
3158 4322 3550 4376 communican
3567 4353 3585 4365 -

2001 4424 2108 4471 tem
2141 4416 2250 4470 dici
2304 4415 2503 4469 Filium
2541 4413 2713 4467 Patri.
2762 4412 3058 4484 Pr0pterea
3107 4413 3312 4484 absque
3359 4415 3592 4468 demon~

1999 4508 2266 4564 stratione
2293 4507 2528 4563 assertio
2559 4506 2646 4560 illa
2680 4515 2783 4562 est.
2821 4505 2944 4560 Mox
2977 4507 3320 4574 aliquantum
3374 4506 3591 4560 theolo-

300 4606 367 4660 τὸ
397 4606 626 4678 ἀδρανὲς
658 4605 718 4658 ὂν
747 4606 840 4659 καὶ
864 4606 1125 4661 ἀπίθανον
1149 4605 1242 4660 τοῦ
1267 4606 1420 4679 παρὰ
1446 4607 1538 4662 σοῦ
1568 4607 1885 4680 δογματιζο-

1998 4603 2142 4673 giam
2177 4613 2422 4656 nostram
2457 4599 2962 4662 considerabimus,
3019 4611 3078 4654 ut
3117 4598 3429 4654 evidentius
3474 4614 3593 4653 om-

301 4699 472 4770 μένου
506 4697 667 4767 λόγου
703 4695 1141 4770 παραδείξωμεν.

372 4879 435 4934 δ’.
462 4879 544 4936 Τὰ
562 4879 739 4933 τοίνυν
765 4879 857 4932 ἐπὶ
885 4879 982 4950 τῆς
1022 4879 1301 4950 θεολογίας
1325 4879 1457 4950 παρ’
1487 4877 1646 4950 ήμῶν
1675 4877 1892 4950 ἀληθῶς

295 4971 596 5043 λεγόμενα,
630 4972 698 5025 τὰ
723 4971 821 5042 μὲν
848 4971 1045 5035 κοινῶς
1080 4973 1172 5024 ἐπὶ
1201 4971 1310 5024 τῶν
1334 4971 1504 5040 τριῶν
1539 4970 1891 5024 ὑποστάσεων

298 5065 544 5134 λέγεται,
568 5065 644 5129 ὡς
676 5065 771 5118 ἐπὶ
806 5066 934 5136 μιᾶς
963 5065 1152 5128 οὐσίας
1174 5065 1294 5136 ἤτοι
1334 5063 1607 5134 θεότητος,
1653 5065 1748 5116 καὶ
1774 5062 1892 5126 ἐνὸς

299 5155 441 5208 Θεοῦ
465 5154 647 5217 ὄντος·
683 5149 793 5206 οἷόν
821 5171 964 5225 φημι
993 5152 1052 5206 τὸ
1079 5153 1221 5218 Θεὸς
1243 5151 1435 5222 ὄνομα,
1467 5153 1563 5204 καὶ
1591 5151 1653 5204 τὸ
1680 5151 1896 5218 Κύριος
1935 5187 1944 5195 ε

302 5249 401 5302 καὶ
423 5247 486 5300 τὸ
512 5246 956 5316 φιλάνθρωπος,
989 5247 1084 5299 καὶ⁵
1113 5247 1182 5298 τὰ
1228 5245 1604 5316 παραπλήσια,
1639 5244 1675 5298 ἀ
1709 5244 1800 5297 καὶ
1833 5244 1894 5296 οὐ

305 5338 726 5409 συναριθμεῖται
756 5339 845 5391 διὰ
871 5338 932 5391 τὸ
956 5337 1175 5401 ἐνιαίως
1209 5336 1484 5406 λέγεσθαι,
1513 5337 1588 5401 ὡς
1618 5337 1712 5390 καὶ
1759 5339 1897 5390 ἀπο-

303 5432 575 5485 δέδεικται
597 5450 610 5462 ·
638 5431 709 5484 τὰ
735 5431 794 5485 δὲ
826 5431 992 5497 ἰδίως,
1022 5430 1058 5484 ἀ
1089 5431 1176 5484 καὶ
1210 5431 1319 5484 τῶν
1368 5429 1722 5484 ὑποστάσεων
1746 5428 1897 5502 πρώ-

303 5543 416 5584 τως
442 5527 536 5578 καὶ
585 5524 792 5596 κυρίως
822 5524 992 5578 εἰσίν·
1029 5521 1140 5579 οἷόν
1180 5541 1322 5596 φημι
1354 5523 1416 5577 τὸ
1448 5524 1649 5594 Πατὴρ
1699 5527 1794 5578 καὶ
1838 5525 1900 5580 τὸ

321 5616 460 5681 Υἱὸς
486 5617 582 5670 καὶ
604 5617 664 5669 τὸ
692 5616 932 5687 Πνεῦμα
965 5619 1030 5671 τὸ
1074 5617 1248 5686 ἅγιον
1268 5632 1283 5648 ⁸
1319 5615 1354 5671 ἃ.
1395 5615 1493 5670 καὶ
1525 5616 1612 5671 διά
1642 5617 1702 5670 τὸ
1755 5617 1901 5681 ίδίως

307 5705 591 5775 λέγεσθαι,
643 5707 1087 5777 συναριθμεῖται·
1121 5709 1154 5778 ή
1187 5707 1292 5778 γὰρ
1333 5708 1748 5779 συναρίθμησις,
1802 5725 1900 5760 κυ-

317 5804 451 5872 ρίως
473 5799 582 5853 τῶν
611 5799 754 5864 ἰδίως
781 5799 1090 5870 λεγομένων
1129 5801 1298 5868 ἐστὶν,
1327 5802 1388 5854 οὑ
1419 5801 1526 5854 τῶν
1557 5800 1775 5863 κοινῶς,
1821 5801 1897 5864 ὡς

313 5903 372 5953 ἐν
403 5893 585 5958 ἀλλοις
632 5893 930 5949 δέδεικται·
962 5893 1131 5948 ἐνίοτε
1170 5894 1225 5949 δὲ
1262 5895 1492 5968 εὓρηται
1543 5897 1635 5950 καὶ
1680 5896 1771 5949 ἐττί
1801 5894 1896 5949 δύο

2000 4695 2164 4749 nibus
2195 4693 2570 4748 inﬁrmitatem
2590 4704 2642 4747 et
2678 4692 3162 4748 incredibilitatem
3188 4691 3459 4764 dogmatis
3481 4708 3510 4746 ιι
3541 4701 3594 4750 te

1998 4789 2195 4860 prolati
2235 4788 2614 4844 ostendamus.

2067 4883 2119 4935 4.
2148 4880 2280 4948 Quae
2311 4881 2474 4951 igitur
2504 4881 2556 4934 in
2583 4879 2854 4948 theologia
2893 4893 2922 4931 a
2961 4878 3120 4933 nobis
3154 4893 3280 4933 vere
3311 4877 3592 4944 dicuntur,

1993 4973 2191 5043 partim
2245 4973 2608 5027 communiter
2667 4972 2735 5025 de
2783 4973 2960 5026 tribus
3011 4970 3261 5040 personis
3310 4971 3592 5034 dicuntur,

1994 5076 2254 5135 tanquam
2305 5065 2371 5118 de
2421 5065 2585 5118 unica
2635 5063 2943 5118 substantia
3000 5078 3096 5118 seu
3149 5061 3369 5128 deitate,
3425 5060 3593 5114 veluti

1994 5158 2226 5227 exctnpli
2258 5157 2429 5227 gratia
2469 5155 2563 5210 Dei
2596 5171 2817 5221 nomen,
2843 5165 2896 5210 et
2929 5155 3206 5217 Dominus,
3230 5165 3283 5207 et
3313 5151 3590 5223 benignus,

1995 5259 2050 5304 et
2110 5249 2194 5303 his
2249 5247 2636 5316 similia-,quze
2687 5261 2866 5317 neque
2923 5256 3414 5306 connumerantur,
3461 5243 3592 5313 quia

1999 5345 2357 5415 singulariter
2410 5342 2691 5408 dicuntur,
2752 5352 2914 5412 prout
2971 5342 3406 5397 demonstratum
3470 5339 3595 5393 fuit.

2007 5435 2214 5492 Partim
2247 5451 2375 5491 vero
2399 5435 2659 5490 dicuntur
2689 5433 2962 5504 privatim,
2991 5449 3112 5503 qua:
3141 5441 3195 5486 et
3235 5444 3595 5502 personarum

2007 5529 2061 5584 in
2093 5528 2284 5598 primis
2324 5543 2388 5582 ac
2439 5527 2707 5598 prazcipue
2759 5525 2978 5596 propria
3024 5534 3186 5593 sunt;
3216 5524 3380 5580 veluti
3430 5521 3597 5576 Pater

2005 5627 2060 5674 et
2092 5618 2263 5673 Filius
2314 5629 2368 5674 et
2419 5617 2648 5686 Spiritus
2707 5628 2951 5684 sanctus,
2991 5631 3114 5688 qua;
3161 5617 3291 5688 quia
3346 5613 3595 5685 privatim

2007 5710 2285 5776 dicuntur,
2320 5710 2480 5765 etiam
2544 5719 3040 5765 connumerantur:
3075 5725 3200 5763 nam
3234 5720 3598 5764 connumera-

2001 5804 2079 5860 tio
2109 5820 2272 5860 causa
2302 5804 2574 5875 praecipue
2625 5819 2814 5858 eorum
2877 5818 2999 5873 qua:
3051 5803 3302 5874 privatim
3335 5799 3594 5855 dicuntur

1999 5904 2104 5963 est,
2144 5911 2253 5951 non
2278 5910 2466 5951 eorum
2493 5909 2611 5967 qua:
2653 5893 3040 5964 cuunnuniter,
3071 5894 3217 5950 sicut
3248 5893 3377 5948 alibi
3409 5897 3595 5944 estcu-
