3978 6604
454 368 556 431 827

1690 367 1984 428 NICET/E
2055 367 2460 428 BYZAN-TINI

3589 373 3680 438 8‘28

449 497 571 536 sum
614 477 735 535 fuit.
773 477 1048 539 Interdum
1081 492 1211 534 vero
1241 477 1404 534 etiam
1431 477 1483 531 iu
1512 476 1725 533 duabus
1759 478 2032 532 thearchi-

2139 479 2242 532 τῶν
2269 479 2576 551 θεαρχικῶν
2627 479 3000 544 ὑποστάσεων,
3048 477 3162 536 οἷον
3216 483 3278 534 τὸ
3303 482 3565 550 αἰτιατόν·
3599 493 3683 548 καὶ

450 573 531 626 cis
559 571 802 643 personis
834 572 1125 636 invenitur,
1158 571 1304 624 velut
1340 585 1405 625 ex
1433 585 1596 625 causa
1631 570 1923 639 processio.
1961 570 2026 623 lit

452 679 575 733 qua:
605 664 823 732 quidem
855 663 1217 718 communiter
1262 664 1536 726 dicuntur,
1573 671 1624 716 et
1662 662 2027 715 communiter

451 767 577 807 cum
622 751 778 805 Patre
823 760 872 806 el
921 751 1056 806 Filio
1088 761 1141 804 et
1168 750 1369 820 Spiritu
1427 762 1731 814 sancto,__ea
1764 760 2023 819 tanquam

453 844 521 897 tle
577 858 687 896 uno
742 841 851 896 Deo
897 843 987 910 qui
1017 850 1068 896 et
1111 850 1195 896 est
1230 851 1283 895 et
1322 842 1612 912 cogitatur,
1647 842 1903 896 dicuntur
1927 883 1941 905 ,
1976 851 2027 895 et

455 935 668 1004 proprie
699 935 1057 1002 particulatim
1091 935 1154 987 de
1207 938 1452 1004 personis
1486 937 1866 1004 pra:.licantiir.
1902 933 2028 986 Ete-

455 1027 564 1080 nim
597 1036 649 1080 et
678 1025 837 1080 Pater
871 1043 994 1081 vere
1032 1026 1205 1092 Deus;
1235 1038 1287 1081 et
1334 1025 1502 1083 Filius
1532 1038 1788 1098 tanquam
1821 1043 1884 1080 es
1921 1025 2028 1080 Deo

457 1117 618 1183 Deus,
649 1135 713 1174 ac
764 1119 944 1173 lumen
996 1119 1062 1174 de
1113 1120 1650 1184 lumine;similiter
1701 1129 1753 1174 et
1805 1130 2030 1174 sanctus

454 1211 707 1281 Spiritus.
759 1211 1014 1266 Privatim
1053 1222 1232 1266 autem
1262 1213 1328 1266 de
1362 1213 1609 1280 personis
1637 1213 1803 1276 dicta,
1833 1228 1894 1267 ea
1922 1215 2030 1279 pri-

450 1304 616 1381 vatim
655 1303 878 1376 quidem
931 1304 1210 1369 dicuntur,
1256 1305 1349 1359 sed
1399 1306 1764 1360 communiter
1827 1321 2031 1373 nequa-

451 1411 648 1463 quam;
694 1397 818 1464 quia
862 1396 1194 1450 restrirtiora
1226 1397 1292 1450 de
1335 1397 1697 1466 amplioribus
1745 1398 2029 1466 prasllicari

454 1499 732 1559 nequeunt
794 1488 985 1556 eisque
1043 1493 1343 1559 exazquari.
1383 1492 1558 1560 Atque
1604 1491 1707 1545 hoc
1747 1491 1813 1544 de
1851 1499 2029 1546 creata

452 1597 672 1651 quoque
721 1592 912 1637 natura
951 1583 1154 1637 dictum
1197 1585 1536 1650 compcries,
1598 1585 1762 1640 veluti
1819 1587 2030 1654 perspi-

453 1672 672 1726 cuitatis
702 1688 866 1728 causa
905 1674 956 1727 iu
1001 1673 1248 1740 exemplo
1290 1674 1424 1728 hoc:
1458 1680 1650 1739 Homo,
1682 1687 1729 1730 et
1765 1679 2028 1743 mortalis,

452 1770 508 1813 et
538 1759 772 1830 loquens,
805 1763 1068 1816 vocabula
1105 1763 1217 1815 haec
1246 1761 1458 1831 singula
1503 1765 1866 1825 communiter
1898 1783 2031 1834 quo-

2128 573 2196 624 τὰ
2223 572 2320 642 μὲν
2349 572 2541 635 κοινῶς
2572 571 2864 642 λεγόμενα,
2884 574 2980 628 καὶ
3003 573 3196 637 κοινῶς
3225 574 3339 644 ἅμα
3365 575 3457 630 τοῦ
3493 577 3684 648 Πατρδς

2129 667 2226 718 καὶ
2261 665 2353 718 τοῦ
2388 663 2514 723 Υἰοῦ
2541 666 2633 718 καὶ
2668 665 2762 721 τοῦ
2795 665 2951 734 ἁγίου
3001 665 3340 736 Πνεῦματος,
3374 667 3450 730 ὠς
3473 670 3583 732 tu;
3605 672 3684 722 δν-

2127 773 2217 820 τος
2237 755 2372 810 Θεοῦ
2403 758 2496 812 καὶ
2519 759 2830 827 νοουμένου,
2860 758 3098 826 λέγεται.
3131 759 3238 813 Καὶ
3263 759 3404 822 ἰδίως
3423 760 3520 812 ἀνά
3545 762 3691 832 μέρος

2128 849 2236 901 τῶν
2299 849 2650 903 ὑποστάσεων
2689 852 3118 921 κατηγορεῖταιο
3174 851 3269 903 xal.
3301 851 3410 920 γὰρ
3447 855 3474 904 ὁ
3521 853 3690 924 Πατὴρ

2129 940 2263 1005 Θεὸς
2297 940 2542 1012 ἀληθῶς·
2580 941 2674 995 καὶ
2701 943 2728 994 ὁ
2757 939 2883 1005 Υίδς
2923 941 2998 1005 ὡς
3032 942 3098 995 ἐκ
3135 939 3228 995 τοῦ
3254 942 3389 996 Θεοῦ
3418 941 3567 1006 Θεὸς,
3610 947 3691 997 καὶ

2131 1034 2246 1103 φῶς
2271 1035 2336 1088 ὲκ
2363 1035 2566 1104 φωτός·
2597 1033 2858 1097 ὡσαύτως
2879 1035 2973 1088 καὶ
3004 1034 3064 1088 τὸ
3087 1033 3310 1104 Πνεῦμα
3334 1036 3394 1088 τὸ
3428 1036 3577 1103 ἅγιον
3594 1053 3608 1066 ⁸
3633 1038 3693 1090 τὰ
3720 1046 3723 1061 ³

2129 1127 2186 1180 δὲ
2220 1126 2364 1190 ἰδίως
2394 1127 2486 1180 ἐπὶ
2529 1126 2638 1180 τῶν
2681 1128 3035 1182 ὑποστάσεων
3072 1127 3364 1197 λεγόμενα,
3404 1127 3547 1191 ἰδίως
3601 1130 3690 1198 μὲν

2129 1218 2407 1286 λέγονται,
2440 1219 2635 1282 κοινῶς
2682 1219 2738 1272 δὲ
2762 1220 2824 1272 οὐ
2859 1219 3110 1288 λέγονται
3132 1236 3147 1250 ·
3181 1220 3372 1288 ἐπειδὴ
3401 1221 3468 1273 τὰ
3508 1221 3696 1274 ἐλάττω

2129 1311 2236 1364 τῶν
2263 1310 2522 1366 ὲπιπλέον
2561 1312 2813 1366 ἀδυνατεῖ
2839 1313 3266 1383 κατηγορεῖσθαι
3301 1313 3394 1366 καὶ
3419 1311 3693 1378 ὲξισάζειν.

2133 1405 2242 1458 Kal.
2261 1405 2418 1458 τοῦτο
2441 1404 2507 1458 ἂν
2539 1405 2722 1475 εὕροις
2753 1406 2849 1458 καὶ
2873 1407 2964 1459 ἐπὶ
2997 1407 3096 1474 τῆς
3128 1407 3363 1476 γενητῆς
3391 1408 3600 1474 φύσεως
3621 1408 3696 1457 λε-

2129 1499 2388 1568 ⁴γόμενον·
2428 1492 2538 1551 οἷον
2573 1497 2648 1558 ὡς
2671 1500 2730 1550 ὲν
2761 1499 3169 1569 παραδείγματι
3193 1500 3493 1568 σαφηνείας
3516 1499 3694 1568 χάριν·

2129 1591 2190 1643 τὸ
2223 1591 2321 1660 μὲν
2353 1590 2664 1659 ἅνθρωπος
2697 1592 2791 1644 καὶ
2811 1591 2872 1645 τὸ
2895 1591 3117 1660 ,βροτὸς
3147 1592 3241 1645 καὶ
3267 1591 3328 1645 τὸ
3347 1591 3563 1661 μέροψ,
3583 1590 3699 1644 Exa-

2133 1698 2256 1734 στον
2286 1683 2464 1735 αὐτῶν
2497 1683 2592 1736 καί
2621 1683 2815 1746 κοινῶς
2851 1684 2950 1752 μὲν
3002 1683 3120 1753 ἅμα
3155 1683 3581 1753 λαμϐανομένων
3603 1680 3700 1736 τῶν

2133 1772 2256 1826 καθ’
2300 1775 2507 1827 ’ἐκαστα
2537 1774 2840 1844 ἀνθρώπων
2870 1775 3109 1842 λέγεται,
3168 1775 3262 1828 καὶ
3299 1774 3444 1838 ἰδίως
3485 1775 3698 1828 ἑκάστου

454 1865 561 1918 que
601 1863 818 1920 accepta
846 1853 912 1906 de
942 1853 1276 1923 quibuslibet
1326 1858 1638 1912 hominibus
1671 1858 1948 1920 dicuntur,
1979 1868 2032 1912 et

2139 1867 2424 1936 νοουμένου
2446 1883 2460 1898 ο
2489 1868 2582 1922 καὶ
2606 1843 2716 1937 γὰρ
2766 1868 2968 1939 Πέτρος
2997 1869 3090 1922 καὶ
3117 1867 3330 1930 Παῦλος
3372 1867 3467 1920 καὶ
3497 1869 3544 1922 οί
3570 1867 3698 1926 κατά

455 1941 706 2008 privatim
743 1945 906 1998 etiam
937 1947 1004 2000 de
1054 1965 1408 2020 unoquoque.
1451 1951 1590 2004 Nam
1640 1959 1695 2006 et
1743 1949 1937 2006 Petrus
1979 1960 2033 2005 et

458 2033 678 2099 Paulus,
721 2049 774 2092 et
812 2039 1129 2110 singillatim
1179 2043 1445 2109 homines,
1491 2053 1599 2096 tmn
1660 2044 1820 2098 simul
1884 2059 2032 2098 com-

457 2127 610 2181 muui
660 2145 913 2184 sermone
941 2133 1197 2188 dicuntur
1238 2135 1424 2198 homo,
1469 2145 1581 2189 tum
1614 2136 1864 2205 privatim
1893 2150 2032 2204 quo-

455 2237 562 2290 que
627 2225 1005 2295 unusquisque
1058 2228 1278 2283 dicitur.
1337 2228 1472 2283 Nam
1509 2228 1700 2284 Petrus
1751 2230 1913 2286 homo
1951 2231 2032 2284 di-

454 2318 618 2384 citur,
656 2320 780 2372 item
818 2332 871 2373 et
917 2319 1142 2384 Paulus,
1185 2332 1240 2376 et
1268 2323 1357 2376 alii
1410 2323 1679 2378 similiter.

526 2409 581 2464 5.
615 2409 718 2463 Sed
756 2411 969 2466 etiamsi
1004 2413 1054 2466 in
1106 2423 1291 2468 nostra
1339 2414 1611 2483 theologia
1667 2414 1770 2468 alia
1817 2414 2034 2480 quidem

458 2501 822 2555 communiter
864 2503 1123 2557 dicuntur
1150 2505 1217 2558 de
1251 2505 1423 2560 tribus
1468 2506 1736 2575 personis,
1769 2508 1871 2562 alia
1924 2508 2038 2576 pri-

458 2592 620 2644 vatim
647 2603 739 2652 ;et
765 2611 884 2663 qum
911 2596 1130 2665 quidem
1165 2599 1547 2664 communiter,
1576 2615 1636 2652 ea
1666 2602 2037 2655 communiter

456 2687 618 2738 etiam
672 2687 1057 2754 prmdicanlur,
1092 2697 1148 2742 et
1197 2690 1446 2758 privatim
1502 2708 1596 2758 per
1644 2702 1846 2760 partes.
1901 2693 2035 2752 Nam

457 2793 580 2830 rum
649 2781 1013 2834 communiter
1067 2797 1132 2835 ac
1185 2783 1345 2836 simul
1391 2784 1458 2836 tle
1514 2783 1672 2839 Patre
1706 2795 1760 2840 et
1809 2784 1947 2840 Filio
1987 2796 2041 2840 et

455 2879 645 2923 sancto
688 2868 916 2939 Spiritu,
967 2889 1161 2927 nomen
1215 2884 1340 2944 puta
1387 2875 1482 2929 Dei
1529 2877 1751 2937 dicitur.
1789 2889 1880 2930 aut
1930 2877 2038 2930 Do-

457 2964 658 3025 minus,
695 2975 839 3034 patet
872 2982 1038 3019 unum
1079 2968 1245 3021 Deum
1276 2967 1328 3021 in
1368 2969 1544 3025 tribus
1589 2970 1716 3033 dici,
1750 2971 1800 3024 in
1843 2971 2041 3039 quibus

457 3055 716 3112 divinitas
751 3066 852 3122 est,
889 3067 1052 3128 atque
1114 3075 1143 3113 a
1189 3061 1347 3115 nobis
1399 3074 1548 3117 recte
1601 3065 1681 3118 sic
1741 3063 2042 3132 theologiee

456 3147 673 3204 dicitur.
711 3149 844 3204 Cum
895 3163 1076 3206 autem
1115 3153 1181 3208 de
1228 3153 1389 3208 Patre
1436 3157 1635 3210 dicitur
1689 3159 1938 3226 privatim
1989 3168 2040 3214 et

455 3241 854 3310 particulariter
888 3242 977 3297 Dei
1017 3261 1210 3298 nomen
1252 3255 1345 3300 aut
1385 3247 1658 3310 Dominus,
1688 3249 1765 3302 vel
1812 3249 1876 3302 de.
1903 3248 1980 3302 Fil
2007 3265 2040 3305 0

457 3344 550 3387 aut
586 3333 829 3403 Spiritu,
861 3346 987 3389 tunc
1022 3335 1178 3390 Pater
1223 3337 1365 3391 Deus
1399 3342 1597 3392 dicitur
1630 3356 1734 3394 non
1786 3342 2039 3410 privatim

455 3433 510 3478 et
559 3427 820 3494 particula
858 3428 978 3488 iter.
1029 3437 1084 3482 et
1116 3432 1269 3500 quasi
1327 3433 1396 3484 sit
1444 3433 1837 3497 lmturogeneus
1897 3450 2038 3490 unus

459 3517 601 3572 Deus
654 3520 853 3580 Pater;
886 3529 935 3573 et
984 3537 1174 3576 rursus
1211 3540 1352 3578 unus
1386 3526 1524 3578 alius
1559 3527 1698 3578 llvus
1733 3526 1936 3586 Filius:
1969 3528 2042 3582 si-

459 3611 660 3663 militer
690 3621 736 3664 et
779 3610 1011 3680 Spiritus
1043 3625 1306 3678 sanctus;
1339 3632 1507 3685 apage
1548 3619 1859 3687 hujusmodi
1901 3621 2043 3674 blas-

458 3700 713 3765 phemum
765 3702 1219 3770 polvtheismum;
1254 3720 1353 3759 nos
1403 3706 1547 3758 enim
1595 3723 1760 3760 unum
1808 3709 2041 3766 colimus

461 3795 788 3864 principium
823 3808 873 3850 et
923 3813 1088 3850 unum
1130 3797 1320 3861 Deum,
1348 3808 1400 3852 et
1443 3798 1496 3853 in
1531 3800 1705 3854 trilms
1747 3804 2042 3870 proprieta-

461 3884 608 3939 tibus
667 3901 760 3940 seu
808 3889 1054 3956 personis
1107 3885 1427 3942 Trinitatem
1500 3893 1792 3947 credimus.
1831 3893 2042 3960 Quam-

458 3979 645 4034 obrem
693 3996 816 4035 cum
868 3981 934 4035 de
969 3979 1085 4034 Filii
1161 3979 1252 4035 Dei
1309 3982 1592 4038 divinitate
1629 3987 1937 4056 loquimur,
1969 3988 2044 4042 di.

459 4088 674 4128 versum
697 4073 913 4142 quidem
958 4088 1188 4141 persona
1221 4074 1456 4130 dicimus
1494 4092 1523 4130 a
1560 4076 1738 4142 Patre,
1772 4079 1914 4132 haud
1958 4089 2041 4134 ta-

461 4180 581 4220 men
611 4165 884 4222 diversum
915 4175 1107 4220 natura
1129 4173 1182 4220 et
1209 4167 1509 4234 divinitate,
1561 4170 1651 4223 sed
1684 4187 1851 4224 unum
1884 4187 2042 4225 eum-

459 4256 712 4324 demque.
749 4257 881 4310 utin
919 4256 1095 4325 priore
1142 4257 1370 4325 epistola
1411 4266 1688 4314 ostensum
1742 4263 1861 4316 fuit.

531 4344 584 4398 6.
622 4343 813 4399 Nostra
842 4346 1005 4417 igitur
1035 4347 1303 4416 theologia
1350 4364 1416 4401 ex
1453 4351 1833 4406 communibus
1860 4354 2041 4407 notio-

462 4437 642 4503 nibus,
674 4450 728 4493 et
750 4456 813 4495 ex
851 4440 1052 4494 divinis
1084 4440 1362 4511 prophetis
1396 4443 1658 4510 pendens,
1695 4443 2044 4515 indidemque

2136 1957 2302 2026 μέρος
2332 1956 2629 2027 ἄνθρωποι,
2663 1959 2757 2011 καὶ
2795 1958 2911 2028 ἅμα
2942 1958 3042 2028 μὲν
3071 1957 3238 2028 κοινῷ
3279 1957 3423 2025 λόγῳ
3472 1956 3702 2022 λέγονται

2134 2051 2441 2121 ἄνθρωπος,
2485 2053 2580 2106 καὶ
2611 2052 2756 2115 ἰδίως
2804 2053 3033 2116 ἕκαστος
3066 2053 3308 2121 λέγεται.
3363 2053 3567 2122 Πέτρος
3604 2051 3703 2122 γὰρ

2134 2143 2421 2216 ἄνθρωπος
2444 2145 2663 2214 λέγεται
2694 2144 2789 2200 καὶ
2822 2146 3032 2211 Παῦλος
3059 2145 3155 2199 καὶ
3195 2145 3590 2217 παραπλήσιοι.

2210 2407 2272 2463 ε’.
2317 2407 2457 2461 Ἀλλ’
2498 2409 2546 2462 εἰ
2576 2407 2671 2463 καὶ
2702 2408 2794 2461 ἐπὶ
2823 2408 2923 2477 τῆς
2952 2406 3074 2462 καθ’
3115 2408 3264 2479 ἡμᾶς
3300 2406 3598 2476 θεολογίας,
3644 2407 3700 2462 τὰ

2143 2502 2242 2571 μὲν
2291 2500 2484 2564 κοινῶς
2513 2501 2732 2570 λέγεται
2764 2501 2857 2554 ἐπὶ
2907 2500 3018 2554 τῶν
3043 2501 3211 2578 τριῶν
3243 2500 3611 2565 ὑποστάσεων,
3643 2499 3702 2552 τὰ

2138 2595 2196 2648 δὲ
2228 2595 2371 2658 ἰδίως
2395 2610 2409 2622 ·
2443 2595 2536 2648 καὶ
2569 2594 2637 2646 τὰ
2672 2595 2770 2664 μὲν
2806 2593 3024 2658 κοινῶς,
3062 2595 3158 2650 καὶ
3206 2594 3406 2658 κοινῶς
3434 2593 3549 2664 ἅμα
3588 2610 3702 2656 κατ-

2139 2689 2440 2756 ηγορεῖται,
2470 2688 2564 2740 καὶ
2597 2686 2743 2749 ἰδίως
2767 2687 2871 2740 ἀνὰ
2907 2687 3072 2756 μέρος
3091 2703 3105 2718 ο
3142 2687 3220 2740 ὅτ’
3249 2686 3316 2740 ἂν
3351 2688 3453 2758 μὲν
3481 2686 3584 2758 γὰρ
3606 2704 3702 2740 κοι-

2140 2780 2246 2844 νῶς
2271 2781 2388 2850 ἅμα
2413 2782 2505 2834 ἐπὶ
2539 2779 2632 2832 τοῦ
2659 2780 2872 2851 Πατρὸς
2897 2782 2992 2833 καὶ
3021 2781 3148 2833 Υἱοῦ
3174 2782 3265 2833 καὶ
3297 2781 3458 2847 ἁγίου
3487 2779 3704 2850 Πνεύμα·

2140 2890 2252 2936 τος,
2285 2868 2396 2925 οἷόν
2434 2889 2574 2942 φημι
2598 2871 2658 2926 τὸ
2689 2873 2833 2937 Θεὸς
2861 2871 3032 2942 δνομα
3058 2872 3090 2941 ἦ
3123 2873 3184 2925 τὸ
3212 2873 3432 2940 Κύριος
3478 2872 3702 2942 λέγηται,

2142 2965 2299 3035 δξλον
2327 2967 2408 3019 ὅτι
2436 2964 2515 3028 εἷς
2549 2967 2646 3036 μὲν
2673 2965 2806 3028 Θεὸς
2838 2965 2907 3018 τὰ
2937 2965 3064 3035 τρία
3102 2966 3342 3032 λέγεται,
3391 2967 3449 3018 ὲν
3471 2959 3549 3028 οἷς
3577 2955 3705 3018 ἐστιν

2143 3061 2176 3128 ὴ
2212 3058 2423 3129 θεότης,
2447 3059 2541 3112 καὶ
2575 3059 2709 3128 παρ’
2749 3060 2880 3128 ἡμῖν
2927 3057 3111 3121 καλῶς
3155 3057 3330 3121 οὕτως
3379 3057 3702 3126 θεολογεῖται.

2067 3189 2110 3247 C
2149 3153 2266 3206 ”Οτ⁹
2291 3151 2357 3205 ἂν
2379 3151 2434 3204 δὲ
2461 3151 2535 3213 ὡς
2567 3152 2658 3204 ἐπὶ
2691 3150 2784 3204 τοῦ
2813 3150 3021 3221 Πατρὸς
3043 3150 3268 3224 λέγηται
3313 3151 3462 3212 ἰδίως
3482 3151 3572 3202 καὶ
3615 3148 3702 3201 ἀνα

2145 3243 2309 3314 μέρος
2333 3243 2394 3296 τὸ
2438 3245 2580 3309 Θεὸς
2617 3244 2808 3313 ὄνομα,
2841 3245 2874 3312 ἦ
2917 3244 2978 3296 τὸ
3023 3246 3261 3311 Κύριος,
3317 3246 3352 3316 ἢ
3410 3246 3499 3297 ἐπὶ
3527 3242 3702 3313 Υἰοῦῆ

2142 3337 2480 3408 Πνεῦματος,
2507 3338 2626 3391 τότε
2654 3338 2753 3408 μὲν
2795 3337 2925 3399 Θεὸς
2951 3336 3166 3404 λέγεται
3196 3339 3223 3392 ὁ
3276 3339 3494 3407 Πατὴρ,
3522 3337 3579 3390 οὐ
3613 3335 3704 3405 μὴν

2145 3432 2290 3496 ἰδίως
2310 3430 2402 3484 καί
2431 3431 2533 3494 ἀνὰ
2569 3430 2733 3500 μέρος
2775 3430 2868 3483 καὶ
2909 3429 3216 3499 ἑτεροορυῶς
3264 3423 3345 3492 εἷς
3390 3429 3521 3492 Θεὸς
3553 3429 3578 3482 ὁ
3609 3429 3706 3480 Πα-

2141 3525 2247 3593 τὴρ
2267 3540 2279 3554 ⁵
2315 3523 2409 3576 καὶ
2441 3523 2602 3576 πάλιν
2629 3515 2707 3585 εἷς
2738 3520 2897 3585 ἄλλος
2943 3521 3074 3584 Θεὸς
3101 3523 3128 3575 ὁ
3155 3521 3283 3584 Υἱός
3301 3538 3316 3552 °
3375 3520 3627 3582 ὡσαύτως
3656 3519 3704 3572 δὲ

2142 3617 2237 3670 καὶ
2266 3617 2486 3686 Πνεῦμα
2511 3616 2572 3668 τὸ
2602 3617 2756 3682 ἅγιον
2777 3630 2788 3642 ·
2824 3614 3003 3681 ἄπαγε
3028 3613 3125 3683 τῆς
3147 3611 3407 3681 τοιαύτης
3440 3609 3706 3670 πολυθεῖας

2145 3709 2203 3774 ἐξ
2226 3708 2384 3780 ἡμῶν
2410 3709 2471 3762 τὸ
2491 3707 2843 3778 βλάσφημονί
2874 3705 3060 3776 ἐπειδὴ
3088 3707 3220 3775 ἡμῖν
3245 3704 3392 3776 ἀρχὴ
3423 3704 3521 3775 μία
3548 3701 3605 3760 τὸ
3631 3718 3706 3754 σε·

2145 3803 2442 3873 ϐαζόμενον
2463 3817 2476 3830 ·
2511 3802 2603 3854 καὶ
2624 3796 2702 3863 εἷς
2729 3800 2883 3864 Θεὸς,
2912 3797 3016 3860 κᾶν
3042 3801 3164 3861 ταῖς
3201 3798 3462 3868 ἰδιότησιν
3489 3839 3503 3861 ,
3561 3797 3707 3869 ἤγουν

2146 3889 2644 3961 ῦποστάσεσι,τρία
2675 3889 2998 3958 πιστεύηται
3016 3905 3029 3919 ·
3064 3886 3187 3941 ὅθεν
3215 3886 3344 3948 Υἱὸν
3387 3883 3522 3938 Θεοῦ
3551 3881 3707 3936 θεολο-

2144 3985 2391 4056 γοῦντες,
2430 3987 2615 4056 ἕτερον
2661 3984 2760 4053 μέν
2795 3999 2978 4053 φαμεν
3018 3983 3084 4052 τῇ
3123 3981 3424 4043 ὑποστάσει
3463 3976 3608 4047 παρὰ
3629 3973 3708 4028 τὸν

2145 4077 2390 4149 Πατέρα,
2421 4077 2479 4130 οὐ
2515 4075 2620 4146 μὴν
2647 4075 2690 4127 δ’
2722 4074 2912 4143 ἕτερον
2945 4076 3012 4143 τῇ
3061 4072 3221 4144 οὐσίᾳ
3252 4070 3347 4123 καί
3378 4072 3442 4140 τῇ
3492 4067 3705 4135 θεότητι,

2145 4170 2262 4224 ἀλλ’
2290 4169 2388 4223 ἕνα
2416 4169 2510 4224 καὶ
2549 4167 2638 4221 τὸν
2689 4165 2874 4230 αὐτὸν,
2900 4163 2975 4228 ὡς
3019 4165 3077 4217 ὲν
3103 4165 3170 4235 τῇ
3203 4161 3449 4233 προτέρᾳ
3477 4155 3707 4225 ἐπιστολῇ

2144 4262 2435 4318 δέδεικται.

2221 4353 2294 4421 ς’.
2326 4351 2604 4421 Μενοῦνγε
2647 4353 2680 4420 ἡ
2713 4349 2836 4405 καθ’
2864 4349 3013 4421 ἡμᾶς
3036 4346 3286 4418 θεολογία
3316 4349 3382 4400 ὲκ
3409 4346 3517 4400 τῶν
3537 4340 3710 4398 κοινῶν

2148 4449 2366 4505 ἐννοιῶν
2395 4449 2490 4502 καὶ
2517 4446 2622 4500 τῶν
2655 4445 2814 4499 θείων
2846 4443 3141 4515 προφητῶν
3199 4442 3508 4512 ἠρτημένη,
3549 4438 3634 4492 καί
3659 4433 3709 4488 τὺ

462 4530 581 4585 ﬁrm
610 4539 773 4586 tatem
829 4534 1288 4606 Stubilitutemqlte
1339 4535 1553 4597 sortita,
1601 4537 1814 4589 Patrem
1862 4546 1914 4590 et
1957 4536 2038 4590 Fi-

2150 4541 2368 4614 βέόαιον
2392 4541 2486 4594 καὶ
2522 4539 2718 4606 πάγιον
2747 4533 3174 4606 κληρωσαμένη,
3215 4533 3439 4601 Πατέρα
3470 4531 3562 4590 καὶ
3601 4526 3710 4580 Υἱδν

461 4628 594 4700 lium
639 4637 692 4680 et
745 4638 992 4683 sanctum
1037 4631 1322 4702 Spiritum,
1381 4641 1439 4686 ut
1481 4647 1648 4686 unum
1691 4631 1885 4698 Deum,
1929 4633 2052 4687 Tri-

463 4721 686 4774 nitatem
727 4722 1027 4793 theologice
1077 4726 1229 4784 dicit.
1269 4726 1350 4782 Tu
1385 4741 1514 4781 vero
1566 4742 1671 4780 non
1722 4726 1794 4780 ita
1843 4726 2049 4782 intelli-

463 4829 616 4883 gens,
647 4817 740 4871 sed
793 4833 960 4871 unum
1001 4819 1165 4872 Deum
1214 4819 1320 4875 dici
1377 4819 1588 4874 Patrem
1637 4821 1927 4888 separatim
1985 4828 2041 4874 et

463 4908 896 4978 particulariter;
930 4909 1121 4963 deinde
1152 4908 1347 4963 Filium
1402 4919 1661 4980 tanquam
1699 4910 2047 4964 extrinsecus

464 5018 633 5056 lllllllll
673 4999 864 5066 Deum,
902 5011 1157 5070 reputans
1187 5005 1473 5058 ohtrnsum
1506 5011 1560 5057 et
1595 5002 1678 5057 sic
1709 5002 2046 5071 intelligens,

465 5096 888 5165 pan-alogismum
920 5095 1264 5151 machinatus
1291 5113 1372 5151 es.
1410 5094 1753 5165 Quapropter
1787 5092 1927 5149 falso
1962 5095 2044 5150 sic

467 5186 709 5256 colligis:
749 5205 766 5236 (
808 5185 864 5240 Si
891 5176 975 5241 est
1013 5185 1184 5242 Filius
1220 5187 1274 5242 in
1313 5187 1440 5252 Deo,
1476 5186 1888 5243 communicaus
1911 5201 2047 5255 quo-

466 5291 572 5346 que
599 5285 716 5331 cst:
750 5277 898 5347 atqui
928 5277 1037 5332 Deo
1072 5281 1488 5334 communicatis
1535 5277 1719 5331 nullus
1768 5287 1850 5331 est
1879 5294 1891 5330 :
1918 5291 2050 5347 ergo

468 5387 535 5424 ne
584 5369 754 5426 Filius
795 5371 1035 5440 quidem.
1075 5391 1093 5424 ι
1130 5372 1283 5438 Quod
1336 5372 1463 5426 dum
1499 5370 1600 5433 ais.
1646 5369 1699 5423 in
1734 5370 1902 5424 multa
1962 5368 2049 5424 in-

470 5464 648 5518 rttrris
697 5466 956 5519 absurda.
997 5461 1131 5518 Nam
1167 5465 1346 5534 primo
1379 5463 1519 5517 idem
1571 5460 1706 5515 facis
1760 5475 2048 5529 personam

471 5567 632 5626 atque
690 5569 968 5620 naturam,
1002 5557 1149 5628 quod
1197 5557 1408 5626 jamdiu
1462 5553 1816 5622 explosimus.
1850 5553 2051 5608 Deinde

471 5666 580 5704 non
612 5651 866 5706 con-edis
901 5649 1095 5706 Filium
1127 5665 1347 5722 quoque
1395 5664 1519 5704 cum
1557 5645 1712 5700 Patre
1748 5662 1810 5701 ac
1841 5644 2048 5715 Spiritu

471 5759 592 5796 esse
614 5759 781 5797 unum
814 5743 1002 5811 Deum,
1041 5743 1244 5814 alioqui
1274 5742 1414 5814 apud
1439 5755 1538 5795 nos
1564 5747 1707 5794 recta
1746 5753 1870 5793 cum
1903 5739 2052 5794 theo-

478 5840 618 5910 logia
652 5853 959 5911 assertum;
993 5842 1137 5915 quod
1166 5843 1293 5898 item
1332 5855 1368 5896 a
1416 5837 1576 5897 nobis
1619 5835 2047 5892 demonstratum

2153 4636 2246 4688 καὶ
2265 4633 2488 4702 Πνεῦμα
2516 4631 2668 4699 ἅγιον
2707 4630 2799 4682 ἐπὶ
2824 4629 2922 4698 τῆς
2951 4625 3228 4696 θεολογίας
3259 4625 3336 4688 ὡς
3366 4625 3463 4678 ἕνα
3503 4620 3626 4676 Θεὸν
3653 4617 3711 4670 τὰ

2151 4723 2279 4793 τρία
2315 4722 2591 4789 θεολογεῖο
2624 4721 2688 4773 σὺ
2737 4719 2793 4772 δὲ
2834 4718 2933 4788 οὐχ
2983 4717 3156 4780 οὕτως
3195 4714 3462 4777 ἐκλαϐὼν,
3511 4710 3638 4775 ἀλλὰ
3659 4707 3711 4760 τὸ

2152 4815 2248 4870 ἕνα
2279 4814 2408 4888 Θεὸν
2429 4812 2685 4880 λέγεσθαι
2708 4813 2797 4865 τὸν
2824 4813 3041 4881 Πατέρα
3086 4810 3233 4876 ἰδίως
3267 4808 3361 4862 καὶ
3394 4805 3496 4860 ἀνὰ
3529 4804 3708 4875 μέρος’

2152 4899 2272 4957 εἷτα
2304 4904 2396 4958 τὸν
2417 4903 2546 4955 Υἱδν
2561 4902 2635 4966 ὼς
2655 4902 2853 4968 ἔξωθεν
2874 4898 2968 4954 τοῦ
2997 4898 3116 4962 ένδς
3156 4897 3290 4951 Θεοῦ
3343 4891 3710 4965 παρεισκρινὸ-

2155 5013 2314 5069 μενον
2343 4993 2697 5064 λογισάμενος
2750 4993 2844 5046 καὶ
2898 4991 3119 5062 νοήσας,
3184 4988 3272 5040 τὸν
3325 4981 3710 5057 παραλογισμὺν

2154 5088 2635 5158 συνεσκευώρησας
2657 5105 2669 5117 ·
2701 5087 2780 5140 διδ
2807 5086 2898 5139 καὶ
2927 5083 3137 5156 ψευδῶς
3174 5076 3275 5136 ῶδε
3308 5083 3558 5149 συνάγεις
3575 5095 3588 5108 ·
3615 5093 3632 5125 ι
3655 5073 3706 5126 Εἰ

2151 5180 2299 5234 ἔστιν
2337 5180 2464 5244 Υἱὸς
2493 5182 2583 5232 ἐπὶ
2608 5178 2768 5242 Θεοῦ,
2818 5178 2912 5231 καὶ
2965 5175 3223 5238 κοινωνός
3251 5176 3426 5228 ἔστιν·
3461 5169 3588 5226 ἀλλὰ
3617 5165 3710 5236 μὴν

2150 5271 2406 5336 κοινωνὸς
2439 5272 2540 5324 οὐκ
2590 5271 2738 5324 ἐστιν
2768 5271 2860 5322 ἐπὶ
2893 5268 3026 5322 Θεοῦ
3054 5284 3068 5300 ⁸
3096 5269 3194 5324 οὐκ
3231 5268 3337 5338 ἄρα
3374 5265 3492 5318 οὐδὲ
3523 5263 3656 5323 Υἱός.
3686 5275 3702 5307 ι

2151 5365 2322 5420 Τοῦτο
2349 5366 2405 5420 δὲ
2429 5365 2624 5434 λέγων,
2652 5363 2867 5426 πολλοῖς
2896 5363 3117 5424 ἀτόποις
3143 5379 3209 5414 πε
3221 5359 3599 5431 ριπέπτωκας’
3628 5347 3708 5405 καὶ

2153 5458 2367 5525 πρῶτον
2404 5461 2500 5527 μὲν
2524 5458 2720 5514 ταυτὸν
2750 5458 2922 5517 ποιεῖς
2955 5453 3252 5508 ὑπόστασιν
3294 5447 3392 5506 καὶ
3423 5448 3578 5521 φύσιν
3627 5442 3706 5496 ἐπὶ

2151 5549 2309 5611 Θεοῦ,
2334 5552 2469 5620 ὅπερ
2493 5551 2593 5622 ήδη
2649 5547 3196 5619 προαπελὴλεγκταιο
3251 5545 3444 5599 ἔπειτα
3495 5540 3584 5594 καὶ
3629 5534 3706 5588 τὸν

2153 5641 2281 5695 Υἰδν
2305 5643 2366 5695 οὐ
2398 5642 2556 5706 δίδως
2588 5641 2727 5712 μετὰ
2760 5639 2971 5710 Πατρδς
3012 5638 3106 5691 καί
3132 5637 3270 5690 Πνεύ
3280 5652 3445 5708 ματος
3479 5633 3568 5686 ἕνα
3591 5627 3706 5682 Θεὸν

2151 5735 2303 5802 ὄντα,
2363 5733 2631 5806 καί,παρ’
2681 5733 2838 5804 ήμῶν
2897 5729 3082 5795 καλῶς
3136 5728 3574 5798 θεολογούμενον·
3625 5717 3705 5773 καὶ

2149 5826 2308 5882 τοῦτο
2369 5827 2530 5882 πάλιν
2578 5827 2709 5897 ἡμῖν
2749 5821 3270 5896 προαποδεδεικταῊ
3323 5819 3411 5873 διὰ
3460 5834 3538 5870 τοι
3565 5811 3705 5865 τοῦτο
