3978 6582
197 419 306 480 82’)

1371 421 1806 484 REFUTATIO
1841 417 2318 483 MOHAMEDIS.

3344 417 3452 478 830

194 543 293 594 καὶ
330 538 536 608 ἠλίθιον
583 539 815 608 ἀνέφανε
845 540 905 592 τὸ
954 540 1105 608 παρά
1155 537 1248 592 σοῦ
1290 541 1772 612 δογματιζόμενον.

1898 543 1981 596 ’uit
2019 559 2032 594 :
2075 540 2432 610 quamobrem
2476 538 2624 593 fatua
2660 537 2910 608 apparuit
2941 535 3151 607 prolata
3182 549 3212 590 a
3247 543 3298 589 te
3331 534 3464 602 dog-

193 633 440 700 Εῖδωμεν
461 630 516 683 δὲ
543 632 635 683 καὶ
666 631 1088 703 ὲπιφερόμενον’
1127 631 1239 701 ἔχει
1267 633 1322 685 δὲ
1343 635 1437 687 καὶ
1470 635 1600 687 αὐτὸ
1640 628 1771 687 ὦδε·

199 744 217 776 ι
246 726 341 786 ’ος
373 725 595 793 ἐποίησε
619 724 716 794 τὴν
754 725 934 778 πίστιν
967 724 1074 777 τῶν
1109 727 1464 795 Σαρακηνῶν,
1497 727 1642 795 φῶς·
1680 729 1776 782 καὶ

194 817 359 884 ἑτέρα
389 816 571 879 πίστις
617 817 717 868 οὑκ
765 817 901 880 ἔστι,
932 817 998 870 δι’
1028 818 1096 887 ἦν
1130 833 1215 881 τις
1261 819 1340 888 τῷ
1393 819 1510 888 Θεῷ
1551 821 1776 874 δύναται

193 907 577 976 προσεγγίσαι,
616 928 633 958 ι
663 910 756 962 καὶ
789 909 889 962 ὅσα
931 910 1070 964 ἄλλα
1117 912 1350 979 γράφεις
1381 913 1778 980 ἀποσεμνύνων

193 997 294 1066 τὴν
341 999 546 1052 οἰκείαν
580 998 782 1054 πίστιν.
831 1000 990 1054 Ἀλλὰ
1023 1002 1084 1055 τὸ
1140 1002 1240 1072 μὲν
1289 1001 1429 1055 οὑτω
1456 1003 1640 1072 ψιλαῖς
1690 1003 1780 1056 τὸν

194 1088 352 1158 λόγον
379 1093 548 1160 χωρὶς
572 1091 898 1156 ἀποδείξεως
927 1094 1028 1165 τὴν
1053 1093 1340 1164 ἀλλοτρίαν
1377 1095 1560 1149 πίστιν
1585 1094 1780 1165 ὕϐρεσι

197 1182 435 1254 βάλλειν,
487 1184 582 1236 καί⁸
638 1184 736 1254 τὴν
785 1185 993 1238 οἰκείαν
1049 1185 1302 1254 μεγάλως
1355 1185 1776 1255 ἀποσεμνύνειν,

198 1276 398 1346 ῥᾷστον
426 1277 520 1330 καὶ
571 1277 798 1341 εὐπετὲς
825 1277 891 1331 ἂν
926 1277 1012 1348 εἴη
1039 1277 1202 1331 παντὶ
1229 1277 1306 1347 τῷ
1354 1277 1693 1347 βουλομένην
1721 1278 1782 1331 τὸ

195 1367 252 1420 δὲ
281 1367 383 1438 τὴν
399 1368 593 1423 ἑαυτοῦ
630 1370 812 1422 πίστιν
847 1369 964 1440 μετ’
995 1369 1326 1434 ἀποδείξεως
1354 1369 1657 1441 εὔχρηστον
1689 1371 1783 1422 καὶ

195 1461 477 1532 ὠφέλιμον
499 1462 593 1514 καὶ
611 1463 674 1516 ὲκ
706 1461 841 1515 Θεοῦ
871 1462 1118 1515 δοθεῖσαν
1151 1461 1557 1527 ἀποδεικνύναι,
1591 1462 1784 1532 ἀνδρὸς

195 1553 262 1607 ἂν
292 1556 380 1624 είη
414 1554 672 1618 εὐσεϐοῦς
712 1555 805 1608 καὶ⁸
833 1554 958 1608 νοῦν
987 1553 1217 1624 ἔχοντος.
1269 1554 1478 1608 Οὐκοῦν
1515 1555 1607 1606 καὶ
1640 1555 1785 1624 ὑμᾶς

195 1646 305 1701 ἔδει
332 1649 490 1702 τοῦτο
513 1651 687 1701 ποιεῖν
712 1663 726 1678 ⁸
762 1648 857 1701 κιιιὶ⁸
889 1648 962 1718 μὴ
985 1647 1170 1708 ἁπλῶς
1201 1647 1660 1716 βρενθυνομένους
1685 1647 1784 1716 τὴν

196 1731 475 1812 ὑμετέραν
506 1741 688 1793 πίστιν
723 1741 797 1804 ὡς
829 1741 942 1810 φῶς
984 1741 1135 1810 παρὰ
1164 1739 1299 1793 Θεοῦ
1340 1742 1660 1810 ποιηθεῖσαν
1689 1741 1784 1793 καὶ

194 1833 446 1887 δοθεῖσαν
479 1828 873 1900 ἀποφαίνεσθαι
896 1848 910 1863 ⁶
937 1833 1057 1885 ὅθεν
1089 1834 1251 1902 ἡμεῖς
1289 1832 1490 1901 μᾶλλον
1520 1831 1620 1901 τῆς
1650 1832 1786 1902 ὑμε-

1880 633 2040 686 matis
2087 633 2259 686 instar
2307 631 2596 686 sententia.
2629 628 2747 683 Jam
2804 645 2932 682 vero
2981 627 3265 681 videamus
3315 627 3461 696 quod

1880 725 2035 779 addis
2065 742 2077 777 :
2107 738 2339 792 namque
2370 723 2442 776 ita
2475 736 2531 777 se
2563 722 2726 776 habet
2756 739 2768 775 :
2810 739 2828 772 ι
2865 720 2969 787 Qui
3000 719 3127 774 fecit
3164 717 3465 772 Saraceno-

1881 832 2002 869 rum
2055 816 2210 869 ﬁdem
2244 817 2396 870 lucis
2438 816 2630 872 instar.
2665 812 2854 884 Neque
2893 814 3000 868 alia
3039 812 3168 866 ﬁdes
3215 820 3320 873 est,
3355 826 3463 879 qua

1884 907 1992 962 Deo
2044 908 2313 977 quispiam
2369 907 2736 976 propinquare
2800 906 2994 976 possit.
3032 924 3053 955 ι
3086 903 3152 958 Et
3201 901 3462 973 quidquid

1883 997 2028 1050 aliud
2072 997 2292 1058 scribis,
2328 996 2483 1048 ﬁdem
2529 1006 2678 1048 tuam
2706 995 2978 1049 exaltaus.
3012 996 3080 1046 At
3111 991 3254 1046 enim
3307 989 3465 1043 nudis

1882 1090 1954 1144 ita
1991 1089 2194 1150 verbis,
2229 1088 2436 1156 absque
2469 1088 2574 1140 ulla
2607 1086 3092 1146 demonstratione,
3127 1084 3316 1135 aliena;
3344 1079 3464 1133 ﬁdci

1885 1179 2225 1243 maledicere,
2262 1188 2317 1234 et
2367 1181 2642 1248 propriam
2692 1178 3061 1248 magniﬁcare,
3095 1175 3254 1229 facile
3284 1181 3367 1227 est
3415 1180 3470 1225 ct

1883 1271 2192 1341 expeditum
2238 1270 2438 1324 volenti
2487 1274 2705 1338 cuique.
2748 1269 3132 1323 Verumtamen
3184 1265 3464 1336 propriam

1885 1362 2046 1415 ﬁdem
2085 1361 2135 1413 vi
2176 1371 2621 1429 argumentorum
2654 1359 2852 1413 bon-am
2894 1358 3191 1426 utilemque
3241 1366 3402 1425 atque
3435 1371 3465 1408 a

1888 1452 1998 1506 Deo
2027 1454 2207 1506 datam
2256 1451 2565 1515 ostendere,
2602 1451 2653 1504 id
2685 1452 2900 1504 demum
2955 1450 3054 1502 viri
3119 1448 3356 1517 religiosi
3414 1456 3468 1500 et

1885 1542 2094 1596 cordali
2126 1543 2400 1611 negotium
2433 1551 2536 1596 est.
2575 1541 2758 1610 Itaque
2795 1550 2849 1594 et
2882 1554 2978 1592 vos
3009 1541 3081 1592 ita
3114 1554 3273 1608 agere
3301 1553 3468 1607 opor-

1890 1635 2068 1697 tebat;
2101 1649 2274 1702 neque
2306 1649 2453 1688 mera
2476 1634 2740 1704 jactantia
2768 1632 2924 1686 ﬁdem
2952 1641 3183 1686 vestram
3222 1631 3356 1684 lucis
3387 1630 3471 1682 in-

1887 1735 2002 1780 star
2073 1743 2102 1780 a
2164 1728 2280 1779 Deo
2332 1737 2701 1781 constructam
2755 1726 3048 1791 datamque
3089 1723 3467 1794 pronuntiare.

1887 1819 2122 1873 Proinde
2173 1833 2272 1873 nos
2324 1818 2507 1887 potius
2548 1827 2744 1872 vestrae
2775 1818 2897 1870 ﬁdei
2933 1831 3172 1870 errorem
3206 1830 3268 1867 ac
3311 1813 3465 1866 falsi-

195 1925 365 1992 τέρας
399 1898 638 1988 πίστεως
679 1927 780 1994 τὴν
829 1924 1036 1993 πλάνην
1077 1898 1169 1976 καὶ
1196 1925 1255 1976 τὸ
1289 1898 1504 1995 ψεῦδος,
1539 1898 1633 1976 καὶ
1683 1898 1782 1992 τῆς

1898 1915 2076 1970 tatem,
2147 1918 2454 1976 uostrzeque
2515 1909 2796 1960 veritatem
2860 1915 2913 1960 et
2986 1904 3469 1975 pulchritudinem,

196 2021 371 2089 ἠςιετέ
382 2032 477 2088 ρας
503 2022 598 2088 τὴν
629 2017 884 2088 ἀλήθειαν
912 2017 1004 2070 καὶ
1028 2017 1120 2070 τὸν
1149 2016 1355 2088 κόσμον
1403 2017 1541 2086 μετά
1571 2016 1787 2070 ἀποδεί-

197 2109 336 2174 ξεως
368 2109 692 2178 παραθεῖναι
722 2106 1123 2178 πειρασόμεθα.
1149 2149 1154 2155 .

271 2200 340 2263 ζ’.
376 2201 584 2253 ⁸ἰθιιιτοισι
617 2203 729 2264 τοῖς
761 2199 884 2253 νοῦν
925 2199 1138 2270 ἔχουσιν
1170 2197 1516 2268 ὡμολόγηται
1565 2199 1647 2251 ὅτι
1702 2197 1788 2250 πί-

197 2309 321 2356 στις
357 2293 454 2361 μὲν
482 2291 782 2363 εὔχρηστος
828 2293 920 2345 καὶ
953 2291 1230 2361 ὠφέλιμος
1282 2293 1375 2343 καὶ
1399 2291 1475 2352 ὡς
1510 2290 1624 2359 φῶς
1655 2289 1788 2344 οὖσα

197 2387 577 2451 καθέστηκενο
633 2387 726 2438 καὶ
774 2385 902 2448 τοὺς
942 2385 1147 2454 ταύτην
1192 2383 1614 2454 ὲπισπωμὲνους
1669 2381 1788 2452 Θεῷ

195 2476 540 2530 οἰκειοῦσθαι
594 2476 911 2547 rupe-{703'
946 2468 1014 2545 ἧς
1037 2477 1106 2527 τά
1145 2473 1519 2543 θεσπιζόμενα
1544 2473 1651 2526 τῶν
1675 2489 1789 2542 χει-

199 2568 408 2638 ρίστων
442 2568 534 2619 καὶ
564 2565 844 2637 βλαϐερῶν
865 2565 962 2637 τὴν
987 2564 1247 2618 ἀπόθεσιν
1276 2563 1521 2633 exanimi
1549 2563 1610 2616 τὺ
1632 2564 1789 2632 γένος

194 2659 314 2711 τῶν
340 2657 642 2729 ἀνθρώπων
665 2657 774 2710 ἀπὸ
802 2641 910 2710 τῶν
935 2657 1086 2728 παρά
1108 2655 1268 2724 φύσιν
1296 2656 1388 2707 ἐπὶ
1422 2655 1488 2708 τά
1516 2655 1657 2708 κατά
1688 2654 1788 2722 φύο

198 2768 291 2804 σιν
313 2753 409 2804 καὶ
445 2752 694 2820 ὑπερφυῆ
726 2751 1075 2820 μετατίθησιν
1095 2765 1111 2782 ο
1146 2742 1214 2819 ἦς
1237 2748 1293 2800 δὲ
1322 2747 1392 2800 τά
1419 2747 1790 2817 θεσπιζόμενα

195 2843 314 2894 ’.ὦν
357 2841 538 2897 καλῶν
562 2843 658 2914 τὴν
691 2844 967 2910 ἀπόθεσιν,
1020 2842 1248 2896 καὶτῶν
1284 2842 1505 2912 φαύλων
1557 2843 1655 2913 τὴν
1706 2845 1788 2896 oi-

197 2934 432 2989 κείωσιν
486 2936 901 3005 ἐπαγγέλλεται,
948 2937 1038 2988 καὶ
1070 2934 1132 2988 τὸ
1161 2935 1318 3002 γένος
1355 2934 1464 2986 τῶν
1488 2934 1789 3004 ἀνθρώπων

197 3027 318 3079 ἀπὸ
347 3027 456 3079 τῶν
487 3029 626 3080 κατὰ
671 3029 832 3096 φύσιν
861 3028 892 3099 ἦ
947 3028 1039 3081 καὶ
1069 3029 1366 3098 ὑπερφυῶν
1409 3027 1503 3079 ἐπὶ
1535 3026 1604 3078 τὰ
1633 3025 1786 3094 παρά

199 3118 374 3186 φύσιν
401 3121 679 3190 κατασπᾷ,
709 3119 844 3189 αὕτη
865 3120 1081 3182 πάντως
1099 3119 1434 3191 δύσχρηστός
1455 3135 1513 3170 τε
1544 3118 1640 3171 καὶ
1670 3117 1790 3187 βλα-

1889 2013 2014 2053 eum
2066 2000 2400 2068 argumentis
2450 2013 2722 2068 exponere
2763 1999 3112 2052 conabimur.

1965 2200 2015 2252 7.
2065 2195 2285 2252 Cordati
2316 2213 2506 2252 omnes
2545 2194 2802 2261 fatentur,
2836 2196 2994 2250 ﬁdem
3034 2197 3228 2250 bonam
3269 2204 3323 2249 et
3361 2194 3473 2249 uti-

1889 2293 2016 2358 lem,
2050 2292 2189 2347 lucis
2223 2291 2341 2345 vice
2368 2288 2540 2360 fungi,
2574 2299 2628 2343 et
2654 2305 2745 2344 eas
2779 2293 2872 2358 qui
2915 2292 3054 2343 hanc
3091 2298 3285 2357 gerunt
3317 2297 3374 2341 ut
3405 2288 3473 2340 ad

1891 2382 2062 2438 Deum
2095 2381 2355 2437 accedant
2395 2382 2600 2435 hortari
2627 2400 2640 2434 :
2677 2381 2835 2450 cujus
2863 2380 3004 2447 ﬁdeid
3028 2389 3290 2449 praecepta
3325 2395 3354 2433 a
3387 2381 3476 2432 de-

1891 2474 2185 2529 terioribus
2217 2474 2499 2542 noxiisque
2532 2473 2840 2537 retrahunt,
2881 2471 3238 2541 hominesque
3282 2473 3350 2525 ab
3409 2472 3477 2526 iis

1889 2583 2013 2636 quae
2047 2576 2234 2623 contra
2266 2575 2516 2619 naturam
2546 2577 2697 2628 sunt,
2728 2565 2792 2617 ad
2829 2564 3093 2616 naturalia
3127 2572 3178 2617 et
3207 2579 3476 2632 superna-

1894 2658 2089 2713 turali'a
2118 2665 2463 2712 convertunt.
2496 2656 2667 2724 Cujus
2694 2664 2875 2709 autem
2909 2655 3026 2710 ﬁdei
3065 2665 3329 2724 praecepta
3370 2655 3479 2707 vir-
3541 2664 3544 2666 '

1894 2750 2024 2804 tutis
2064 2748 2267 2819 fugam,
2305 2757 2357 2803 et
2379 2748 2495 2802 vitii
2545 2749 2968 2802 familiaritatem
3010 2747 3262 2824 suadent,
3300 2748 3480 2800 homi-

1893 2855 2106 2909 nesque
2163 2855 2193 2894 a
2248 2840 2591 2895 naturalibus
2626 2840 2708 2894 vel
2749 2841 2913 2893 etiam
2973 2841 3481 2909 supernaturalibus

1893 2932 1960 2986 ad
1997 2947 2060 2987 ea
2095 2947 2214 3001 qua:
2239 2943 2428 2986 contra
2461 2941 2710 2986 naturam
2745 2943 2873 2987 sunt
2905 2933 3170 2998 trahunt;
3205 2931 3319 2985 haec
3361 2947 3476 2984 om-

1894 3025 2022 3077 nino
2074 3039 2236 3092 prava
2294 3033 2346 3078 et
2391 3025 2552 3077 noxia
2601 3035 2703 3088 est,
2758 3025 3091 3094 minimeque
3141 3039 3239 3093 per
3303 3025 3475 3092 ipsam

1893 3115 2262 3186 propinquare
2291 3114 2399 3170 Deo
2447 3116 2719 3184 quispiam
2753 3124 2949 3185 potest.
2982 3114 3118 3181 Quia
3147 3114 3314 3184 igitur
3347 3114 3482 3167 ﬁdes

201 3212 372 3281 ϐερά,
406 3213 500 3265 καὶ
528 3213 727 3283 ἥκιστά
749 3229 835 3276 τις
868 3211 944 3282 τῷ
965 3213 1081 3282 Θεῷ
1108 3211 1576 3282 προσοικειοῦσθαι
1593 3209 1660 3263 δι’
1689 3211 1789 3262 αὑ·-

1898 3217 2070 3259 vestra
2103 3206 2360 3258 vitiorum
2390 3205 2837 3269 familiaritatem,
2863 3215 2915 3260 et
2943 3225 2971 3260 a
3003 3207 3292 3260 virtutibus
3318 3221 3478 3260 aver-

200 3303 312 3373 τῆς
353 3304 598 3358 δύναται.
643 3304 794 3356 Ἐπεὶ
823 3300 918 3358 οὖν
967 3305 1123 3374 καὶὴ
1166 3303 1409 3374 ὑμετέρα
1449 3302 1629 3364 πίστις
1674 3301 1785 3354 τῶν

204 3396 437 3466 φαύλων
456 3396 554 3466 τὴν
580 3396 874 3458 οἰκείωσιν,
913 3397 1008 3449 καὶ
1056 3395 1165 3449 τῶν
1195 3395 1377 3448 καλῶν
1398 3394 1495 3465 τὴν
1531 3392 1788 3447 ἀπόθεσιν

205 3489 589 3560 προθεσπίζει,
632 3489 726 3543 καὶ
759 3491 824 3542 ὲκ
851 3488 958 3542 τῶν
987 3489 1301 3559 ὑπερφυῶν,
1330 3487 1362 3559 ἢ
1402 3489 1497 3540 καὶ
1523 3487 1664 3540 κατά
1690 3485 1790 3555 φύ-

205 3603 322 3649 σιν,
366 3585 460 3639 ὲπὶ
485 3585 552 3639 τὰ
576 3586 728 3656 παρά
754 3584 916 3655 φύσιν
963 3586 1090 3647 τοὺς
1121 3583 1325 3652 ταύτην
1368 3583 1792 3652 ἐπισπωμένους

205 3680 495 3749 κατασπᾷ,
536 3678 769 3746 φανερὸν
802 3679 882 3730 ὅτι
929 3677 1263 3747 δύσχρηστος
1301 3693 1358 3728 τε
1400 3676 1496 3728 καὶ
1532 3674 1790 3745 βλαϐερὰ,

207 3772 310 3825 καὶ
341 3771 519 3832 οὐδεὶς
543 3770 610 3822 δι’
630 3769 797 3838 αὐτῆς
826 3768 902 3838 τῷ
916 3769 1034 3834 Θεῷ
1055 3768 1344 3821 οἰκειοῦται
1367 3785 1379 3798 ο
1416 3768 1508 3821 καὶ
1539 3768 1618 3821 ὅτι
1638 3767 1796 3819 τοῦτο

206 3859 438 3925 ἀληθὲς,
465 3857 714 3911 ἐντεῦθεν
747 3857 927 3929 ἄθρει·
976 3857 1048 3910 Τὸ
1079 3858 1228 3928 τιαρά
1261 3858 1423 3926 φύσιν
1453 3859 1653 3921 πάντες
1677 3859 1796 3910 ῐσαα

209 3966 302 4001 σιν
327 3949 609 4018 εἰδήμονες
641 3945 929 4015 μετάθεσιν
963 3941 1102 3999 εἶναι
1129 3946 1223 3999 τοῦ
1245 3946 1388 3999 κατά
1426 3946 1585 4015 φύσιν
1615 3947 1714 3997 ὲπϊ
1737 3943 1797 3996 τδ

207 4041 491 4111 χείριστον
511 4053 524 4067 ·
553 4038 616 4090 τὸ
643 4037 698 4092 δὲ
724 4038 863 4107 ὑπὲρ
891 4037 1073 4106 φύσιν,
1102 4036 1391 4106 μετάθεσιν
1415 4036 1519 4089 ἀπὸ
1537 4035 1630 4088 τοῦ
1660 4034 1800 4088 κατά

211 4132 385 4201 φύσιν
430 4132 523 4184 ἐπὶ
555 4130 616 4184 τὸ
669 4131 941 4201 κρεῖττον.
975 4131 1040 4183 El.
1088 4125 1182 4183 οὖν
1226 4131 1255 4182 ὁ
1301 4129 1588 4198 ἄνθρωπος
1637 4129 1800 4198 μέσος

210 4243 338 4289 πως
362 4226 484 4294 δεδη
495 4224 824 4295 μιούργηται
844 4222 944 4293 τῆς
971 4222 1258 4294 αἰσθητῆς,
1275 4239 1347 4292 φη
1357 4222 1436 4290 μἰ,
1457 4222 1686 4284 κτίσεως
1708 4221 1802 4274 καὶ

211 4320 439 4388 νοητῆς,
457 4319 550 4370 καὶ
567 4318 655 4370 διὰ
675 4316 834 4370 τοῦτο
860 4317 1130 4386 ἑκατέρας
1149 4315 1246 4387 τῆς
1272 4331 1333 4368 τε
1365 4315 1560 4382 ἀλόγου
1590 4313 1804 4382 φύσεως

212 4413 312 4466 καὶ
342 4409 641 4480 ἀγγελικῆς
689 4411 1030 4462 ἐπικοινωνεῖ
1049 4423 1064 4437 °
1119 4408 1214 4460 καὶ
1246 4406 1349 4476 τῆς
1380 4407 1480 4477 μὲν
1506 4404 1803 4474 ἀγγελικῆς

212 4504 470 4558 κοινωνεῖ
494 4501 634 4555 κατά
673 4500 733 4552 τὸ
761 4499 1067 4568 λογιστικόν
1112 4516 1173 4552 τε
1206 4499 1303 4553 καὶ
1341 4498 1402 4552 τὸ
1426 4497 1763 4568 διακριτικόν
1785 4513 1803 4529 ’

1889 3297 2096 3351 sionem
2128 3297 2402 3364 decernit;
2439 3307 2602 3366 atque
2639 3312 2668 3351 a
2704 3299 3211 3368 supernaturalibus
3242 3306 3336 3351 aut
3369 3296 3478 3350 sal-

1891 3404 2000 3449 tem
2048 3394 2412 3460 naturalibus,
2453 3393 2519 3447 ad
2551 3409 2612 3448 ea
2650 3409 2770 3463 quae
2799 3402 2991 3447 contra
3029 3402 3281 3446 naturam
3328 3400 3477 3449 sunt.

1890 3489 2130 3544 asseclas
2192 3503 2320 3544 suos
2348 3488 2534 3549 trahit,
2567 3497 2711 3557 patet
2740 3503 2858 3542 eam
2891 3501 3014 3543 esse
3041 3502 3260 3556 pravam
3289 3495 3342 3541 et
3385 3500 3484 3538 no—

1893 3581 2075 3646 xiam,
2113 3581 2494 3649 neminemque
2541 3595 2634 3650 per
2687 3595 2806 3633 eam
2856 3582 2922 3635 ad
2969 3580 3138 3635 Deum
3192 3579 3472 3634 accedere.

1893 3671 2160 3741 Quodque
2191 3673 2242 3726 id
2285 3687 2472 3727 verum
2515 3673 2606 3735 sit,
2646 3672 2773 3726 hinc
2805 3672 3022 3741 pervide
3053 3692 3064 3725 ε
3101 3671 3254 3737 Quod
3295 3679 3485 3724 contra

1897 3773 2152 3818 naturam
2196 3775 2300 3829 est,
2333 3764 2624 3832 prudentes
2659 3778 2852 3819 omnes
2883 3764 3064 3818 sciunt
3101 3763 3484 3818 transitionem

1895 3868 2018 3908 esse
2057 3867 2088 3907 a
2119 3853 2351 3906 naturali
2397 3853 2462 3906 ad
2501 3853 2778 3907 deterius:
2817 3852 3228 3921 Supernaturale
3275 3861 3480 3917 autem,

1900 3946 2282 4000 transitionem
2333 3960 2455 4000 esse
2484 3959 2513 3998 a
2546 3945 2778 3999 naturali
2823 3947 2888 3999 ad
2920 3946 3133 4000 melius.
3171 3943 3309 4010 Quia
3355 3959 3488 4014 ergo

1902 4039 2068 4091 homo
2111 4038 2320 4090 medius
2343 4037 2751 4106 quodammodo
2784 4039 3035 4092 conditus
3067 4036 3169 4089 fuit
3193 4037 3335 4089 inter
3360 4052 3486 4090 sen-

1901 4128 2116 4183 sibilem
2150 4137 2459 4182 creaturam
2492 4139 2545 4181 et
2572 4129 3015 4195 intellectualem,
3044 4129 3244 4182 idcirco
3273 4137 3483 4180 utram-

1903 4235 2008 4289 que
2043 4221 2351 4289 participat,
2388 4219 2759 4274 irrationalem
2807 4221 3017 4274 scilicet
3063 4229 3229 4289 atque
3282 4219 3495 4289 angelis

1905 4327 2022 4366 eam
2061 4322 2330 4366 naturam.
2374 4313 2435 4366 Et
2479 4312 2780 4382 angelicam
2821 4311 3039 4380 quidem
3077 4310 3366 4382 participat
3399 4327 3484 4365 se-

1906 4402 2146 4457 cundum
2177 4403 2520 4457 ratiocinium
2563 4414 2617 4458 et
2648 4404 3058 4469 discretionem,
3113 4404 3493 4458 irrationalem.

1907 4511 2038 4549 vero
2067 4496 2362 4548 secundum
2392 4496 2660 4550 irasciliile
2682 4504 2737 4549 et
2766 4497 3204 4566 cnucupiscibiie.
3231 4496 3498 4550 Servatur

213 4599 318 4666 τῆς
354 4597 398 4650 δ’
435 4596 504 4650 αὖ
534 4596 750 4664 ἀλόγου,
791 4594 934 4661 κατὰ
981 4593 1042 4647 τὸ
1077 4592 1310 4662 θυμικὸν
1341 4593 1435 4645 καὶ
1474 4592 1793 4661 ἐπιθυμητι-

1909 4597 2088 4640 autem
2120 4597 2172 4639 et
2194 4587 2502 4640 continetur
2535 4587 2674 4640 intra
2711 4595 2920 4642 naturae
2962 4589 3098 4642 ﬁnes
3144 4589 3332 4650 homo,
3359 4603 3492 4642 cum

219 4689 316 4742 κόν
337 4702 353 4718 ⁸
383 4687 729 4754 πεφύλακται
768 4686 824 4739 δὲ
875 4687 969 4738 καὶ
994 4685 1379 4754 διατετήρηται
1415 4683 1556 4736 κατὰ
1590 4683 1751 4749 φύσιν
1777 4684 1804 4734 ὁ

219 4781 532 4848 ἅνθρωπος,
562 4781 637 4831 ὅτ’
683 4781 747 4832 ἂν
781 4780 838 4830 τὸ
885 4777 1193 4846 λογιστικὸν
1225 4775 1318 4829 τοῦ
1353 4774 1587 4845 θυμικοῦ
1619 4792 1676 4826 τε
1715 4775 1808 4827 καὶ

219 4873 623 4942 ἐπιθυμητικοῦ
655 4877 818 4940 ἄρχῃ.
873 4873 995 4922 Ἔτι
1030 4887 1092 4937 γε
1155 4870 1260 4939 μὴν
1295 4867 1392 4922 καὶ
1443 4870 1508 4937 τῇ
1540 4866 1804 4936 ἀγγελικῇ

221 4967 385 5034 φύσει
415 4965 708 5018 οἰκειοῦται
737 4964 958 5034 μᾶλλον,
993 4965 1088 5015 καὶ
1115 4963 1250 5032 πρὸς
1274 4962 1342 5016 τὰ
1374 4961 1626 5030 ὑπερφυῆ
1659 4960 1805 5012 ἀνει-

224 5076 333 5120 σιν,
363 5057 529 5126 ἡνίκα
561 5056 621 5108 τὸ
655 5056 849 5124 ἄλογον
901 5055 1064 5124 μέρος
1095 5055 1193 5122 τῆς
1238 5053 1416 5122 ψυχῆς
1440 5050 1807 5114 ὑποπιάζεται

225 5149 321 5202 καὶ
360 5148 728 5200 ὑποθλίϐεται.
767 5149 883 5200 Ὃτ⁸
910 5148 975 5200 ἂν
1003 5148 1047 5198 δ’
1071 5145 1165 5199 οὖν
1197 5146 1258 5198 τὸ
1298 5144 1542 5197 ἐναντίον
1569 5144 1628 5194 ὲν
1659 5140 1808 5211 αὑτῷ

226 5239 554 5310 καθορᾶται,
582 5239 676 5291 καὶ
696 5238 765 5291 τά
792 5239 890 5308 μὲν
920 5237 1066 5307 πάθη
1097 5236 1193 5289 τοῦ
1226 5237 1384 5304 λόγου
1419 5237 1726 5304 ἐπικρατεῖ,
1779 5235 1808 5287 ὁ

226 5333 282 5385 δὲ
303 5331 465 5399 λόγος
501 5331 784 5400 ὑπηρετεῖ,
819 5331 976 5384 τοῦτο
1001 5331 1056 5384 δὲ
1093 5329 1388 5400 συμϐαίνει
1420 5326 1811 5389 ἀνενδοιάστως

228 5425 324 5477 ἐπὶ
353 5425 464 5477 τῶν
489 5425 802 5488 ἀκολάστως
829 5425 862 5496 ἢ
897 5425 992 5477 καὶ
1044 5424 1279 5493 φονικῶς
1315 5422 1576 5492 βιούντων
1604 5437 1617 5450 ·
1647 5437 1811 5488 φανε-

229 5519 328 5590 ρὸν
371 5517 452 5570 ὅτ’
477 5517 543 5572 ἂν
571 5517 638 5570 τά
689 5517 908 5588 χείρονα
957 5515 1376 5585 διαπράττηται,
1419 5514 1484 5565 ὲκ
1516 5511 1625 5565 τῶν
1671 5510 1811 5566 κατὰ

228 5609 399 5676 φύσιν
432 5608 464 5678 ἢ
501 5611 594 5662 καὶ
617 5607 935 5678 ὑπερφυῶν,
959 5607 1049 5659 ἐπὶ
1083 5606 1154 5660 τὰ
1176 5609 1328 5675 παρά
1356 5605 1517 5673 φύσιν
1543 5604 1810 5657 κάτεισιν*

228 5704 358 5756 ὅθεν
383 5702 508 5755 ὅσον
535 5701 601 5754 ἂν
635 5699 833 5769 μᾶλλον
853 5698 916 5752 τὸ
945 5697 1174 5768 θυμικόν
1208 5714 1265 5748 τε
1295 5697 1391 5749 καὶ
1417 5695 1811 5765 ἐπιθυμητικὸν

232 5793 430 5848 άνετόν
485 5794 655 5856 ἐστιν,
709 5792 965 5846 τοσοῦτον
1004 5792 1098 5846 καὶ
1143 5789 1215 5843 τά
1243 5789 1389 5859 πάθη
1415 5789 1666 5857 σκαίρει·
1721 5789 1813 5841 καὶ

237 5890 366 5941 ὅσον
397 5886 462 5942 ἂν
488 5886 688 5958 μᾶλλον
719 5886 942 5958 σκαίρῃ,
972 5885 1222 5939 τοσοῦτον
1247 5883 1337 5938 καὶ
1363 5880 1653 5949 ἐπαύξεται
1679 5898 1690 5910 '
1722 5881 1814 5935 καὶ

1907 4693 2033 4746 pars
2073 4675 2355 4729 rationalis
2398 4675 2652 4728 irascibili
2689 4684 2740 4729 et
2778 4675 3184 4744 concupiscihili
3237 4675 3491 4728 domiua-.

1908 4779 2014 4822 tur.
2065 4768 2192 4821 Item
2223 4767 2286 4821 ad
2335 4769 2632 4834 angelicam
2675 4779 2924 4822 naturam
2960 4769 3134 4836 magis
3166 4767 3395 4831 accedit,
3424 4779 3481 4822 (ιι

1908 4859 1974 4913 ad
2025 4859 2458 4927 supernaturalia
2505 4859 2802 4924 extollitur,
2855 4875 2979 4912 cum
3013 4861 3208 4914 anima:
3251 4875 3376 4927 pars
3414 4859 3488 4912 ir-

1909 4950 2190 5004 rationalis
2224 4951 2510 5003 cohibetur
2542 4959 2597 5003 et
2630 4950 3026 5019 comprimitur.
3053 4951 3282 5017 Quando
3306 4961 3486 5003 autem

1911 5044 2251 5097 contrarium
2310 5042 2362 5094 in
2409 5042 2627 5095 homine
2679 5043 2941 5105 cernitur,
2979 5051 3030 5094 ct
3072 5042 3355 5110 passiones
3397 5057 3488 5092 ra-

1908 5134 2046 5188 tioni
2101 5133 2414 5201 pragvaleut,
2473 5133 2718 5202 ratioque
2778 5133 3082 5186 succumbit
3129 5132 3268 5202 (hoc
3307 5140 3488 5185 autem

1910 5225 2111 5280 accidit
2146 5225 2459 5277 hominibus
2492 5225 2772 5278 luxurioso
2805 5225 3138 5293 immanique
3167 5224 3288 5277 vitae
3327 5238 3492 5290 gene-

1913 5331 1972 5371 re
2023 5315 2347 5381 utentibus),
2384 5323 2600 5367 constat
2647 5314 2924 5367 hominem
2963 5315 3229 5368 deteriora
3286 5313 3490 5368 facien-

1913 5421 2044 5475 tem,
2077 5425 2104 5461 a
2141 5405 2480 5461 naturalibus
2528 5407 2608 5460 vel
2651 5407 2811 5460 etiam
2855 5407 3388 5476 supernaturalibus,
3423 5407 3490 5460 ad

1911 5518 1975 5558 ea
2007 5518 2128 5572 qua:
2168 5514 2356 5556 contra
2395 5509 2648 5554 naturam
2681 5507 2812 5554 sunt
2861 5501 3116 5567 migrare.
3144 5498 3490 5566 Quapropter

1914 5613 2024 5664 quo
2057 5596 2227 5664 magis
2252 5594 2526 5649 irascihile
2555 5602 2609 5648 et
2638 5592 3064 5662 concupiscibile
3094 5591 3246 5646 freno
3273 5601 3484 5654 carent,

1916 5697 2066 5743 tanto
2101 5685 2274 5755 magis
2322 5683 2604 5754 passiones
2652 5684 2945 5750 exsiliunt;
2974 5691 3163 5747 etquo
3201 5683 3373 5753 magis
3407 5682 3491 5735 hae

1914 5783 2192 5840 exsiliunt,
2236 5795 2300 5834 eo
2349 5780 2468 5850 plus
2507 5787 2807 5848 augentur;
2851 5784 2904 5832 et
2932 5792 3042 5846 quo
3075 5777 3259 5846 magis
3280 5793 3486 5846 augen-

1918 5888 2027 5938 tur,
2070 5885 2220 5928 tanto
2273 5874 2393 5944 plus
2441 5873 2604 5927 horuo
2648 5868 3054 5926 irrationalibus
3113 5871 3289 5927 brutis
3336 5887 3490 5925 com-
