3882 6474
527 359 622 419 Sfll

1786 351 2082 413 NICET/E
2132 304 2536 414 BYZANTINI
3633 361 3710 427 δελ

529 475 806 539 municat;
851 471 995 541 quod
1023 469 1152 525 dum
1205 468 1354 535 facit,
1393 468 1459 521 ad
1504 466 1796 521 helluinam
1841 468 2107 521 conditio-

2217 469 2331 521 ὅσον
2358 468 2422 520 ἂν
2447 464 2770 534 ἐπαύξηται,
2798 468 3051 518 τοσοῦτον
3076 466 3103 518 ὁ
3134 464 3409 536 ἄνθρωπος
3429 470 3528 531 τοῖς
3549 472 3711 543 ἀλόγως

528 582 653 622 nem
680 565 922 621 festinat.
958 562 1248 632 Propterea
1273 569 1328 616 et
1354 558 1698 629 propheticus
1732 573 1912 612 sermo
1960 558 2114 612 volu-

531 670 733 715 tantem
768 673 827 713 se
850 658 902 711 in
938 654 1284 726 passiouibus
1316 654 1615 717 hominem,
1654 638 1920 722 jumen'tis
1956 652 2113 706 simi-

530 752 635 805 lem
697 764 821 804 esse
869 748 1091 802 deﬁnit:
1129 750 1299 799 Homo
1334 762 1450 798 cum
1475 745 1530 796 in
1577 746 1774 798 honore
1807 754 1965 810 esset,
2006 761 2114 799 non

530 843 821 905 intellexit;
851 849 1187 907 comparatus
1227 847 1304 891 est
1340 837 1594 907 jumenlis
1628 836 2020 907 insipientibus,
2060 848 2111 893 et

529 935 718 990 similis
757 934 933 1003 factus
972 941 1047 986 est
1096 932 1206 985 illis
1232 931 1300 985 ".

599 1112 653 1168 8.
687 1111 957 1179 Quoniam
1003 1111 1186 1180 itaque
1230 1118 1410 1164 vestra
1454 1108 1588 1164 ﬁdes
1620 1108 1876 1178 proponit
1913 1117 1966 1163 et
1996 1108 2112 1178 lege

529 1207 706 1262 sancit
754 1206 1207 1275 intemperantem
1248 1203 1439 1267 vitam,
1472 1210 1526 1257 et
1574 1201 1893 1271 passionum
1932 1201 2111 1256 incre-

531 1308 774 1355 mentum
806 1298 991 1368 potius
1019 1306 1182 1366 atque
1226 1295 1555 1358 dominium,
1582 1310 1745 1363 quam
1785 1294 2030 1358 rationis,
2059 1303 2114 1349 et

531 1392 598 1447 ad
654 1392 927 1446 deteriora
976 1390 1188 1445 inhiare
1229 1390 1478 1444 homines
1522 1387 1783 1457 impellit;
1814 1389 1916 1442 hoc
1951 1387 2111 1442 uimi-

532 1501 653 1537 rum
686 1484 929 1553 estquod
965 1483 1227 1547 diximus,
1260 1498 1290 1536 a
1331 1481 1673 1535 naturalibus
1697 1489 1751 1535 et
1782 1488 2111 1549 supernatu-

534 1575 747 1629 ralibus
803 1574 869 1629 ad
921 1573 1010 1625 illa
1058 1587 1179 1642 quae
1233 1580 1440 1625 natura:
1496 1571 1853 1625 adversantur
1906 1580 2112 1638 pertra-

535 1667 703 1720 here:
731 1675 814 1720 est
858 1676 1039 1718 autem
1071 1664 1212 1733 apud
1239 1678 1338 1718 nos
1368 1664 1420 1717 in
1452 1661 1724 1725 confesso,
1755 1662 1909 1716 tidem
1940 1662 2107 1726 illam,

532 1758 691 1828 cujus
722 1767 923 1812 statuta
961 1755 1336 1824 hujuscemodi
1387 1766 1534 1821 sunt,
1563 1757 1781 1810 noxiam
1830 1771 1951 1810 esse
1982 1771 2109 1825 pra-

532 1866 866 1920 vamque,ac
897 1850 1167 1903 nemiuem
1197 1865 1290 1918 per
1324 1849 1469 1902 illam
1503 1850 1568 1927 a‘d
1602 1848 1769 1903 Deum
1810 1850 2108 1904 accedere:

532 1958 663 2012 ergo
717 1941 1095 2005 concluditur,
1139 1940 1297 1994 tidem
1353 1952 1612 2002 vestram,
1645 1955 1677 1994 o
1711 1940 1991 2003 Saraceni,
2038 1950 2113 1994 tc-

534 2035 729 2089 nebras
761 2034 942 2103 potius
973 2033 1259 2088 dicendam
1306 2047 1468 2101 quam
1512 2033 1709 2095 lucem,
1740 2047 1804 2087 ac
1838 2033 2110 2087 nemiuem

534 2142 629 2195 per
672 2126 841 2194 ipsam
888 2125 955 2179 ad
987 2125 1157 2179 Deum
1206 2124 1484 2179 accedere.
1529 2123 1685 2190 Quod
1731 2125 1776 2180 si
1811 2125 1880 2178 ita
1909 2132 2013 2186 est,
2046 2140 2113 2180 ne

533 2235 562 2272 a
594 2219 702 2273 Deo
732 2218 950 2288 quidem
981 2219 1103 2273 data
1135 2219 1267 2273 fuit:
1299 2228 1465 2287 tuque
1512 2226 1715 2271 temere
1752 2215 1821 2270 de
1856 2217 1959 2272 hac
1988 2216 2111 2273 falsi

534 2311 769 2367 nominis
802 2311 905 2366 ﬁde
937 2311 1038 2377 vel,
1070 2321 1129 2365 ut
1172 2311 1354 2365 verius
1397 2312 1598 2376 dicam,
1630 2310 1969 2375 inﬁdelitate,
1998 2310 2115 2380 glo-

533 2403 698 2460 riaris
738 2413 793 2458 et
841 2404 1123 2459 extolleris
1156 2403 1422 2473 nobisque
1464 2403 1800 2471 obloqueri's.
1841 2402 2110 2467 Quoniam

532 2511 666 2551 vero
731 2506 914 2552 nostra
981 2496 1115 2552 ﬁdes
1159 2497 1493 2551 contrarium
1545 2505 1741 2550 vestra:
1773 2494 2110 2565 praescribit;

536 2604 661 2642 nam
722 2600 898 2643 vestra
957 2589 1255 2651 luxuriam,
1290 2598 1477 2643 nostra
1534 2587 1892 2657 pudicitiam;
1931 2598 2113 2644 vestra

535 2679 851 2749 ingluviem,
887 2688 1073 2733 nostra
1107 2680 1564 2749 temperantiam;
1604 2691 1783 2734 vestra
1816 2680 2110 2744 luxuriam,

537 2782 725 2828 nostra
751 2773 1173 2843 ingenuitatem;
1197 2789 1263 2828 en
1295 2774 1722 2828 demonstratum
1747 2772 1847 2828 fuit
1876 2783 2112 2831 vestram

535 2879 658 2918 esse
707 2880 926 2933 pravam
972 2873 1025 2917 et
1064 2865 1308 2930 noxiam,
1341 2881 1520 2935 neque
1566 2864 1678 2920 Deo
1708 2866 2112 2933 conciliantem,

536 2966 821 3026 propterea
852 2958 997 3027 quod
1050 2958 1228 3013 brutis
1276 2958 1457 3027 potius
1510 2959 1917 3014 communicare
1962 2959 2111 3015 facit.

536 3050 889 3119 Exploratum
915 3062 998 3105 est
1029 3051 1235 3119 itaque,
1261 3060 1503 3106 nostram
1541 3052 1740 3106 bonam
1772 3068 1893 3108 esse
1924 3062 1978 3108 et
2005 3054 2113 3108 uti-

536 3143 665 3209 lem,
699 3154 754 3198 et
788 3144 880 3198 Dei
923 3160 1022 3199 nos
1064 3143 1362 3200 familiares
1394 3144 1740 3209 ellicientem,
1778 3146 1905 3215 quia
1937 3147 2115 3201 homi-

537 3252 637 3292 nes
691 3237 758 3291 ad
818 3237 1135 3308 angelorum
1175 3238 1540 3293 conditionem
1593 3239 1840 3294 extollit:
1884 3239 2117 3309 ideoque

537 3343 832 3398 possumus
884 3329 1218 3383 conﬁdenter
1277 3329 1483 3392 dicere,
1526 3328 1729 3383 nullam
1775 3345 1898 3385 esse
1954 3330 2113 3385 ﬁdem

540 3431 733 3488 praeter
785 3431 1025 3476 nostram
1070 3421 1164 3491 qui
1213 3420 1513 3476 Christiani
1561 3437 1776 3488 sumus,
1824 3422 1981 3493 cujus
2016 3438 2119 3492 ope

540 3523 723 3582 potest
766 3514 1040 3583 quispiam
1093 3513 1204 3567 Deo
1248 3514 1642 3583 prepinquare,
1676 3530 1974 3584 verumque
2021 3515 2121 3570 bo-

542 3621 670 3658 num
699 3606 1045 3674 participare.
1063 3604 1242 3674 Atque
1260 3605 1525 3661 hactenus
1542 3606 1607 3661 de
1624 3613 1803 3662 vestra
1827 3614 2121 3677 nostraque

543 3696 647 3750 tide
680 3697 813 3751 satis
846 3696 1052 3753 dictum
1106 3696 1198 3751 sit.

609 3789 663 3844 9.
704 3787 872 3842 Paulo
912 3786 1118 3843 'autem
1183 3802 1526 3858 progressus.
1585 3787 1877 3843 ostendere
1928 3788 2119 3844 niteris

540 3879 814 3935 hominem
848 3894 1190 3949 nequaquam
1218 3880 1283 3933 ad
1317 3879 1405 3932 Dei
1438 3880 1727 3950 imaginem
1766 3895 1830 3935 ac
1866 3880 2122 3935 similitu‘

537 3972 721 4025 dinem
772 3970 941 4026 fuisse
973 3981 1250 4036 creatum;
1279 3970 1355 4025 uti
1390 3987 1492 4026 nos
1539 3970 1741 4044 Moysis
1790 3972 2029 4027 historiae
2066 3981 2121 4027 et

538 4061 704 4115 rebus
732 4060 862 4130 ipsis
892 4060 1196 4126 credentes,
1224 4060 1290 4114 ad
1320 4069 1371 4116 te
1401 4061 1746 4131 scripsimus.
1780 4061 1958 4127 Quare
1994 4078 2118 4117 cum

538 4154 787 4221 specioso
818 4161 1077 4222 praetextu
1107 4154 1187 4209 sic
1231 4154 1433 4207 videris
1470 4154 1711 4208 scribere
1746 4170 1759 4205 :
1792 4173 1809 4205 ι
1852 4152 1994 4207 Deus
2034 4155 2120 4208 iu-

537 4246 863 4300 enarrabilis
934 4255 1039 4309 est,
1096 4245 1471 4309 indetinibilis,
1527 4244 2117 4314 incomprehensibilis.

539 4341 765 4408 Semper
796 4339 943 4393 enim
998 4338 1099 4392 fuit
1136 4339 1299 4401 Deus,
1356 4354 1626 4407 nemoque
1684 4338 1881 4393 similis
1930 4338 1978 4392 ei
2014 4350 2118 4393 est.

538 4429 672 4483 Nam
703 4430 964 4484 celsitudo
990 4429 1109 4500 ejus
1140 4430 1350 4484 inﬁnita
1382 4440 1487 4493 est,
1522 4429 1679 4500 isque
1710 4430 1919 4499 plasma
1954 4445 2117 4484 suum

2216 558 2376 622 ζώοις
2404 559 2782 611 ἐπικοινωνεῖ·
2833 557 2928 610 καί⁷
2968 556 3126 609 τοῦτο
3177 558 3343 610 ποιῶν
3381 561 3578 615 σπεύδει
3614 567 3713 620 ἀπο-

2214 652 2576 723 κτηνωθῆναι.
2629 650 2731 704 Διά
2764 667 2845 703 τοι
2874 649 3032 702 τοῦτο
3067 652 3159 703 καὶ
3191 652 3219 703 ό
3268 654 3576 721 προφητικδς
3599 657 3716 726 λόγος

2212 744 2303 797 τὸν
2331 746 2389 797 ὲν
2438 744 2546 807 τοίς
2597 741 2795 795 πάθεσι
2844 741 3261 810 κυλινδούμενον
3317 743 3595 813 ἄνθρωπον,
3646 751 3720 819 ἀφ.

2213 836 2566 907 ωμοιωμένον
2586 837 2698 899 τοῖς
2713 835 2966 905 κτήνεσιν
2994 827 3094 886 ὧδε
3121 833 3489 901 ἀποφαίνεταϋ
3522 836 3722 907 Ἀνθρω-

2212 948 2328 997 πος
2356 930 2426 984 ἐν
2448 928 2584 999 τιμῇ
2611 929 2696 982 ὢν
2725 932 2797 983 οὐ
2820 927 3056 996 συνῆκε
3076 944 3091 958 ·
3129 929 3609 997 παρασυνεὸλήθη
3631 935 3724 1001 τοῖς

2212 1023 2465 1091 κτήνεσι
2490 1023 2616 1090 τοῖς
2637 1020 2937 1088 ἀνοήτοις,
2990 1021 3085 1074 καὶ
3117 1020 3381 1089 ὡμοιώθη
3408 1023 3607 1090 αὐτοῖς.

2282 1113 2354 1185 η’.
2398 1114 2551 1169 Ἐπεὶ
2574 1112 2669 1167 οὖν
2715 1115 2749 1184 ὴ
2780 1112 3028 1183 ὑμετέρα
3064 1112 3248 1174 πίστις
3276 1112 3639 1180 ἐπαγγέλλεται
3660 1119 3725 1172 καί

2212 1206 2605 1277 πρνισθεσπίζει
2620 1205 2711 1258 τὸν
2732 1203 3031 1257 ἀκόλαστον
3065 1202 3200 1272 βίον,
3226 1204 3319 1255 καὶ
3348 1203 3451 1255 τῶν
3474 1205 3636 1258 παθῶν
3656 1209 3726 1276 τὴν

2211 1301 2440 1371 αῦξησιν
2471 1301 2565 1352 καί
2587 1296 2968 1368 ἐπικράτειαν,
3004 1296 3151 1366 ἤπερ
3185 1295 3279 1348 τοῦ
3311 1293 3484 1362 λόγου,
3528 1298 3726 1367 misy);

2211 1398 2279 1449 τὰ
2310 1396 2478 1466 χείρω
2510 1393 2796 1463 κεχηνέναι
2823 1389 2949 1452 τοὺς
2975 1387 3297 1457 ἀνθρώπους
3322 1387 3593 1457 προσωθεί,
3613 1388 3727 1443 τοῦτο

2211 1487 2269 1541 δέ
2299 1489 2415 1540 ἐστι
2434 1484 2494 1538 τὸ
2520 1486 2584 1538 ὲκ
2613 1482 2721 1537 τῶν
2754 1482 2899 1536 κατὰ
2939 1480 3103 1551 φύσιν
3149 1478 3245 1533 καὶ
3289 1478 3568 1548 ὑπερσξυῶν
3587 1481 3662 1532 ἐπὶ
3682 1483 3729 1535 τὰ

2212 1580 2363 1650 παρὰ
2393 1577 2557 1649 φύσιν
2590 1576 2717 1638 τοὺς
2744 1572 3065 1645 ἀνθρώπους
3092 1572 3410 1642 κατασπᾷν·
3444 1570 3730 1640 ὡμολόγηται

2211 1674 2268 1727 δὲ
2295 1674 2426 1743 ἡμῖν
2455 1672 2537 1725 ὅτι
2562 1666 2629 1742 ἦς
2658 1670 2723 1723 τὰ
2754 1665 3125 1737 θεσπιζόμενα
3171 1665 3397 1719 τοιαῦτα
3444 1663 3728 1731 καθίσταται,

2217 1762 2455 1835 βλασερά
2471 1763 2586 1814 ἑστι
2621 1762 2715 1813 καὶ
2738 1758 3094 1831 δύσχρηστος,
3120 1759 3216 1810 καὶ
3234 1755 3406 1818 οὐδεὶς
3425 1754 3490 1807 δι’
3521 1754 3663 1824 αὐτῆς
3677 1758 3731 1808 oi-

2216 1857 2458 1913 κειοῦται
2474 1853 2593 1924 Θεῴ
2611 1870 2624 1884 ·
2664 1853 2957 1921 συνάγεται
2986 1850 3095 1920 ἄρα
3125 1850 3208 1902 ὅτι
3236 1849 3269 1919 ἡ
3300 1847 3529 1918 ὑμετέρα
3548 1846 3638 1899 τῶν
3656 1848 3731 1901 Σα-

2217 1950 2471 2024 ρακηνῶν
2496 1948 2698 2013 πίστις,
2733 1947 2924 2009 σκότος
2957 1944 3158 2016 μᾶλλον
3185 1943 3331 2013 ἥπερ
3353 1941 3482 2010 φώς,
3501 1942 3583 1994 καὶ
3603 1941 3732 2004 οὐδεὶς

2213 2045 2281 2097 δι’
2314 2042 2483 2111 αὐτῆς
2505 2041 2584 2112 τῷ
2612 2039 2730 2109 Θεῷ
2758 2036 3052 2091 οἰκειοῦται
3070 2052 3085 2067 '
3119 2037 3169 2089 εἰ
3202 2035 3261 2089 δὲ
3288 2034 3463 2099 τοῦτο,
3495 2034 3602 2087 οὐδὲ
3620 2036 3732 2105 παρὰ

2215 2133 2351 2187 Θεοῦ
2382 2132 2617 2197 δέδοται,
2680 2129 2775 2184 καί
2826 2128 3004 2199 μάτην
3055 2127 3148 2180 ἐπὶ
3182 2127 3285 2198 τὴν
3322 2125 3643 2197 ψευδώνυμον
3666 2128 3731 2178 πί.

2216 2246 2353 2294 στιν,
2403 2226 2607 2299 μᾶλλον
2633 2224 2714 2288 δὲ,
2771 2224 2819 2276 εἰ
2862 2221 2971 2294 χρὴ
3025 2219 3262 2292 τάληθὲς
3300 2221 3500 2299 εἰπεῖν,
3530 2218 3732 2272 ἀπιστίαν

2217 2317 2431 2386 ἐπαυχῇ
2457 2316 2551 2367 καὶ
2573 2311 2781 2385 ὲπαίρῃ
2806 2314 2901 2365 καὶ
2937 2311 3085 2380 ἡμᾶς
3124 2308 3433 2380 προσ-καλῇ.
3485 2308 3667 2377 Ἐπειδὴ
3693 2308 3733 2360 δὲ

2215 2409 2310 2463 καί¹
2336 2410 2369 2477 ἡ
2403 2406 2645 2477 ἡμετέρα
2666 2406 2870 2468 πίστις,
2888 2405 2948 2456 τὸ
2972 2404 3213 2457 ἐναντίον
3236 2402 3336 2471 τῆς
3349 2401 3735 2472 ὑμετέραςὲπαγ-

2216 2500 2487 2569 γέλλεται,
2520 2497 2705 2566 ἐκείνη
2748 2496 2845 2567 μὲν
2871 2496 3185 2557 ἀκολασίαν,
3233 2493 3374 2565 αῦτη
3398 2493 3702 2564 σωφροσύνην
3721 2509 3732 2523 ο

2218 2594 2400 2663 ἐκείνη
2420 2587 2885 2661 γαστριμαργίαν,
2904 2586 3041 2657 αῦτη
3071 2587 3401 2657 ἐγκράτειαν
3426 2603 3438 2615 ·
3465 2586 3622 2654 ἐκείνη
3638 2587 3735 2636 ἀσω-

2214 2687 2355 2751 τίαν,
2371 2683 2507 2752 αῦτη
2531 2681 2968 2752 ἐλευθεριότητα,
2981 2679 3249 2731 δέδεικται
3263 2678 3319 2730 δὲ
3334 2676 3508 2747 εκείνη
3526 2676 3734 2745 ἄχρηστος

2217 2780 2309 2832 καὶ
2328 2776 2566 2846 βλαϐερά
2600 2776 2691 2828 καὶ
2721 2773 2782 2826 οὐ
2813 2770 2934 2841 Θεῷ
2979 2770 3283 2831 οἰκειοῦσα,
3319 2769 3407 2822 διὰ
3432 2768 3490 2821 τὸ
3534 2771 3628 2830 τοῖς
3650 2766 3735 2819 ἁλός

2216 2887 2335 2940 γοις
2364 2868 2565 2939 μᾶλλον
2603 2868 2879 2921 κοινωνεῖν
2914 2863 3434 2936 παρασκευάζουσα,
3463 2861 3664 2930 φανερὸν
3678 2861 3735 2912 ὅτι

2216 2965 2250 3034 ἡ
2276 2963 2521 3035 ἡμετέρα
2552 2959 2851 3033 εὔχρηστος
2870 2958 2963 3013 καὶ
2990 2955 3270 3026 ὠφέλιμος
3295 2955 3387 3008 καὶ
3419 2954 3529 3024 Θεῴ
3560 2950 3735 3005 οἰκειοῦ-

2218 3075 2309 3124 σα,
2338 3056 2427 3109 διὰ
2454 3057 2516 3107 τὸ
2537 3056 2662 3117 τοὺς
2682 3052 3004 3123 ἀνθρώπους
3036 3049 3241 3121 μᾶλλον
3275 3050 3387 3111 τοῖς
3411 3047 3638 3115 ἀγγέλοις
3657 3046 3737 3095 imo

2221 3152 2511 3205 συνάπτειν
2538 3164 2551 3178 ·
2584 3147 2665 3201 διὸ
2697 3145 2898 3217 μᾶλλον
2951 3147 3083 3214 ἡμῖν
3117 3143 3267 3196 ἐστιν
3301 3140 3570 3212 ἀραρότως
3614 3136 3736 3207 φθέγ-

2221 3244 2415 3313 γεσθαι
2435 3282 2449 3305 ,
2482 3243 2564 3295 ὅτι
2606 3241 2706 3294 οὐκ
2736 3238 2851 3292 ἐστι
2874 3238 3059 3299 πίστις
3089 3235 3240 3307 παρὰ
3272 3236 3371 3305 τὴν
3403 3232 3643 3304 ἡμετέραν
3661 3229 3736 3281 τῶν

2222 3334 2587 3405 Χριστιανῶν,
2611 3332 2678 3386 δι’
2712 3325 2778 3403 ἧς
2799 3328 3027 3384 δύναταί
3056 3345 3140 3391 τις
3166 3325 3291 3397 Θεῷ
3316 3324 3648 3393 οἰκειωθῆναι,
3671 3319 3736 3372 καί

2220 3429 2329 3481 τῶν
2358 3426 2540 3480 καλῶν
2584 3426 2643 3479 ἐν
2694 3421 2960 3495 μετουσίᾳ
2999 3418 3284 3490 γενέσθαι.
3351 3420 3459 3471 Καὶ
3493 3414 3639 3469 ταῦτα
3670 3412 3737 3482 μὲν

2222 3520 2351 3591 περί
2384 3536 2445 3572 τε
2470 3517 2572 3588 τῆς
2606 3518 2879 3588 ὑμετέρας
2914 3515 3008 3568 καὶ
3063 3512 3341 3584 ἡμετέρας
3385 3511 3599 3572 πίστεως
3642 3509 3738 3560 tim-

2225 3612 2481 3685 χρώντως
2503 3604 2604 3664 ὧδε
2629 3609 2891 3680 λελέχθω.

2293 3786 2360 3842 θ’.
2390 3783 2756 3859 Παρακατιὼν
2784 3783 2842 3837 δὲ
2877 3783 3075 3855 μικρὸν
3099 3783 3366 3852 πειρᾶσαι
3403 3779 3562 3845 δεῖξαι
3589 3775 3662 3829 τὸν
3674 3773 3738 3825 ἇν-

2222 3881 2440 3953 θρωπον
2473 3880 2549 3950 μὴ
2575 3880 2696 3932 κατ’
2723 3876 2908 3931 εἰκόνα
2936 3873 3071 3929 Θεοῦ
3100 3869 3194 3928 καί
3223 3872 3483 3943 ὁμοίωσιν
3505 3867 3737 3922 διαπεπλᾶ-

2223 3976 2367 4035 σθαι,
2403 3972 2476 4036 ὡς
2506 3974 2667 4042 ἡμεῖς
2697 3972 2764 4041 τῇ
2795 3968 2939 4022 κατά
2970 3967 3211 4023 Μωῦσέα
3257 3964 3469 4036 ἱστορίᾳ
3492 3963 3576 4016 καί
3597 3961 3736 4019 αὐτοῖς

2220 4070 2331 4131 τοῖς
2372 4066 2661 4137 πράγμασι
2692 4061 3006 4133 πειθόμενοι
3038 4060 3175 4131 πρὸς
3210 4060 3273 4113 σὲ
3314 4050 3740 4128 γεγράφαμενσδιὸ

2220 4161 2316 4214 καὶ
2344 4160 2462 4230 μετ’
2495 4158 2720 4226 εὐλόγου
2749 4158 2929 4219 αἰτίας
2980 4154 3158 4216 δοκεῖς
3185 4152 3423 4224 γράφειν
3450 4149 3605 4211 οὕτως
3626 4166 3637 4177 ·
3667 4144 3739 4196 ι”0

2220 4252 2352 4314 Θεὸς
2382 4246 2772 4318 ἀνεκδιήγητός
2811 4249 2929 4300 ἐστι
2972 4246 3069 4299 καὶ
3104 4243 3488 4315 ἀπεριόριστος
3515 4242 3598 4294 καὶ
3644 4240 3737 4292 ἀπεσ

2224 4342 2514 4413 ρίληπτος·
2572 4339 2659 4391 ἀεὶ
2702 4337 2814 4408 γὰρ
2844 4332 2913 4408 ἦν
2938 4335 2966 4388 ό
3003 4334 3154 4398 Θεὸς,
3188 4336 3282 4388 καὶ
3318 4334 3496 4406 ὅμοιος
3525 4327 3650 4397 αὐτῷ
3669 4326 3739 4379 οὐκ

2219 4433 2288 4509 ἦν
2308 4454 2323 4467 ·
2350 4436 2410 4489 τὸ
2438 4435 2548 4505 γὰρ
2572 4434 2704 4503 ὕψος
2731 4431 2896 4486 αὐτοῦ
2933 4431 3183 4502 ἀόριστόν
3208 4429 3359 4483 ἐστιν
3383 4443 3398 4459 ο
3430 4426 3485 4489 ὃς
3512 4422 3677 4477 ἔπλασε
3698 4417 3740 4468 τὸ

540 4521 668 4577 fecit
703 4521 908 4589 absque
939 4521 1047 4573 ulla
1079 4521 1165 4575 sui
1201 4521 1580 4576 similitudine.
1620 4541 1639 4572 ι
1673 4521 1746 4574 Ex
1778 4537 1890 4590 quo
1916 4520 2113 4575 videris

2220 4529 2447 4598 πλάσμα
2502 4527 2666 4581 αὑτοῦ
2700 4526 2870 4597 χωρὶς
2901 4525 3001 4593 τῆς
3050 4522 3371 4593 ὁμοιότητος
3415 4520 3508 4587 τῆς
3539 4514 3652 4586 πρὸς
3671 4509 3740 4563 αὺ-

538 4614 889 4681 concludere,
921 4614 1198 4668 hominem
1233 4615 1373 4668 haud
1398 4614 1568 4668 fuisse
1594 4626 1838 4669 creatum
1872 4613 1938 4667 ad
1974 4614 2111 4668 ima-

538 4707 718 4777 ginem
764 4722 828 4761 ac
875 4707 1285 4762 similitudinem
1338 4706 1455 4761 Dei.
1514 4705 1648 4762 Nam
1691 4708 1816 4777 quia
1856 4708 1993 4763 Deus
2027 4708 2109 4761 in-

540 4799 1046 4869 comprehensibilis
1076 4810 1159 4854 est
1190 4810 1242 4854 et
1269 4800 1558 4856 invisibilis
1581 4810 1634 4855 et
1679 4801 1901 4865 similia,
1935 4802 2113 4855 nulla-

537 4906 643 4959 que
682 4906 767 4944 res
816 4890 865 4945 ei
917 4890 1301 4959 comparabilis
1358 4902 1481 4954 est,
1537 4898 1682 4960 patet
1721 4908 1787 4946 ne
1835 4892 2110 4946 hominem

539 4985 782 5052 quidem,
825 4984 1080 5052 quoniam
1128 4982 1268 5037 inter
1303 4999 1388 5037 res
1422 4984 1752 5038 exsisteutes
1785 4992 1888 5050 est,
1924 4984 1992 5038 ad
2024 4983 2118 5037 Dei

539 5075 827 5145 imaginem
856 5090 920 5129 ac
943 5074 1353 5129 similitudinem
1386 5072 1613 5129 factum.
1645 5072 1769 5129 Haec
1798 5085 1927 5129 sunt
1958 5073 2118 5130 verba

540 5167 777 5222 hominis
806 5167 915 5220 Deo
942 5167 1111 5236 legem
1144 5167 1437 5221 statuentis
1461 5167 1690 5236 ejusque
1715 5167 2114 5230 creationibus,

540 5259 675 5313 nihil
728 5268 903 5314 tamen
941 5277 1125 5315 verum
1156 5262 1406 5317 dicentis.
1435 5260 1683 5315 Profecto
1719 5262 1763 5317 si
1820 5276 1942 5329 nos,
1984 5262 2114 5317 dum

540 5351 816 5406 hominem
864 5352 932 5406 ad
997 5352 1089 5407 Dei
1140 5354 1427 5423 imaginem
1472 5371 1535 5408 ac
1578 5354 1995 5410 similitudinem
2032 5354 2116 5407 fa-

536 5452 686 5496 ctum
733 5442 1088 5509 aﬁirmamus,
1126 5445 1448 5499 substantia:
1490 5446 1903 5515 similitudinem
1965 5445 2115 5499 dice-

539 5553 744 5603 remus,
784 5554 906 5609 quae
942 5551 997 5595 et
1055 5539 1389 5604 iuditlereus,
1429 5542 1538 5595 imo
1587 5544 1776 5597 eadem
1836 5557 1960 5598 cum
2006 5540 2116 5595 Deo

536 5638 719 5697 esset,
762 5640 819 5686 et
851 5647 975 5686 mox
1032 5631 1200 5688 Deum
1241 5636 1624 5691 conﬁteremur
1668 5636 2110 5704 iueuarrabilem,

609 5805 653 5840 δ’
680 5806 822 5864 Psal.
865 5825 1048 5876 mut,
1089 5811 1173 5867 l3.

2216 4623 2308 4675 τόν
2330 4638 2345 4653 ο
2387 4639 2405 4672 ι
2438 4621 2515 4682 ώς
2542 4617 2789 4673 ἐντεῦθεν
2825 4617 3002 4681 δοκεῖς
3034 4614 3313 4682 συνάγειν,
3350 4614 3434 4665 ὅτι
3458 4612 3484 4663 ό
3510 4607 3741 4675 ἄνθρωπος

2218 4714 2280 4767 οὐ
2311 4713 2617 4766 πέπλασται
2652 4711 2771 4764 κατ’
2803 4709 2986 4763 εἰκόνα
3039 4705 3174 4760 Θεοῦ
3207 4704 3305 4758 καὶ
3332 4700 3596 4773 ὁμοίωσιν.
3630 4692 3742 4747 Ἐπεὶ

2220 4803 2327 4874 γὰρ
2360 4806 2386 4857 δ
2429 4803 2562 4865 Θεὸς
2586 4800 2955 4871 ἀπερίληπτός
3004 4801 3119 4851 ἐστι
3149 4797 3243 4850 καὶ
3267 4795 3495 4866 ἀόρατος
3526 4788 3608 4843 καὶ
3630 4784 3742 4853 ἀόρι-

2224 4912 2348 4957 στος
2377 4894 2471 4946 καὶ
2490 4894 2557 4945 τὰ
2590 4890 2967 4961 παραπλήσια,
2998 4888 3093 4941 καὶ
3123 4887 3275 4940 οὐδὲν
3301 4885 3407 4937 τῶν
3437 4883 3591 4937 ὄντων
3609 4878 3742 4931 ἔοικεν

2220 4987 2389 5055 αὐτῷ,
2418 4985 2577 5055 δῆλον
2606 4986 2687 5037 ὃτι
2718 4984 2840 5036 οὐδὲ
2865 4982 2893 5034 ὁ
2943 4981 3249 5052 ἄνθρωπος,
3303 4978 3484 5045 ἐπειδὴ
3513 4974 3594 5027 καὶ
3620 4966 3743 5026 αὑτός

2220 5099 2274 5135 τι
2298 5080 2406 5133 τῶν
2436 5079 2605 5131 όντων
2645 5076 2824 5129 ἐστίν·
2881 5077 2929 5128 εἰ
2973 5075 3031 5128 δὲ
3066 5071 3247 5135 τοῦτο,
3299 5072 3419 5126 κατ’
3450 5068 3617 5123 εἰκόνα
3640 5055 3741 5115 Θεοῦ

2223 5174 2318 5228 καὶ
2355 5172 2615 5243 ὁμοίωσιν
2653 5171 2715 5223 οὑ
2770 5169 3080 5239 γεγένηται.
3144 5166 3329 5219 Ταῦτα
3390 5154 3741 5243 νομοθετοῦντέκ

2224 5267 2369 5318 ἐστιν
2394 5264 2488 5317 ἐπὶ
2517 5261 2652 5316 Θεοῦ
2680 5260 2775 5313 καί⁵
2806 5260 2915 5313 τῶν
2944 5257 3108 5311 αὑτοῦ
3142 5257 3476 5325 κτισμάτων,
3508 5251 3563 5303 τὸ
3589 5242 3740 5313 ἀληθὲς

2221 5358 2280 5411 δὲ
2304 5355 2553 5425 οὐδαμῶς
2573 5354 2847 5421 λέγοντος.
2880 5352 2970 5406 Διὸ
3016 5354 3064 5404 εἰ
3097 5351 3196 5418 μὲν
3225 5350 3316 5401 τὸν
3350 5346 3614 5414 ἄνθρωπον
3651 5329 3739 5386 κατ’

2223 5449 2407 5502 εἰκόνα
2439 5447 2574 5501 Θεοῦ
2603 5445 2695 5498 καὶ
2716 5445 2975 5515 ὁμοίωσιν
2993 5445 3158 5513 ἡμεῖς
3179 5440 3422 5508 λέγοντες
3449 5424 3739 5525 γεγενῆσθῇιν

2225 5544 2325 5611 τὴν
2356 5541 2475 5595 κατ’
2513 5540 2702 5593 οὐσίαν
2730 5537 2988 5609 ὁμοίωσιν
3010 5534 3291 5604 ἐλέγομεν,
3317 5531 3437 5601 ἥτις
3458 5527 3515 5580 τὸ
3545 5515 3737 5611 ἀπαράλ-

2220 5608 2418 5690 λακτον
2448 5633 2542 5687 καὶ
2578 5608 2773 5685 ταυτὸν
2829 5630 2926 5700 τῆς
2954 5626 3144 5692 οὐσίας
3178 5624 3314 5697 πρὸς
3350 5621 3439 5676 τὸν
3466 5614 3586 5673 Θεὸν
3625 5608 3737 5680 ἔχει’
