3978 6584
242 374 345 436 833

1358 375 1793 438 REFUTATIO
1853 375 2017 435 ΜΟΗ
2032 374 2337 436 AMEDIS.

3389 374 3492 438 834

239 487 359 541 εἶτα
394 486 487 540 τὸν
520 485 654 539 Θεὸν
686 485 1079 557 ὁμολογοῦντες
1116 487 1506 560 ἀνεκδιήγητον
1538 490 1634 543 καὶ
1684 491 1817 542 ἁπε-

1926 488 2286 549 indeﬁnitum,
2353 485 2955 554 incomprehensibilem
3019 493 3074 540 et
3138 483 3493 549 immensum,

240 580 510 649 ριόριστον
544 578 638 631 καὶ
666 578 1053 647 ἀκατάληπτον
1091 580 1186 632 καὶ
1211 580 1461 651 ἄπειρον,
1519 581 1613 634 καὶ
1661 581 1812 633 οὐδὲν

235 672 345 725 τῶν
366 670 534 722 ὄντων
562 688 614 722 τι
644 668 908 734 τοιοῦτον,
932 670 1073 741 τάχα
1104 671 1170 723 ἂν
1202 672 1282 733 εἰς
1308 671 1533 732 ἑαυτοὺς
1556 687 1621 723 πε
1633 673 1813 740 ριεπί-

236 780 462 831 πτομεν,
492 763 586 813 καὶ
611 756 756 830 εἶχεν
780 760 999 829 εῦλογον
1029 762 1090 815 16
1138 764 1286 833 παρά
1316 762 1410 815 σοῦ
1446 762 1808 832 γραφόμενον.

245 855 400 905 Ἐπεὶ
438 853 493 905 δὲ
521 853 581 905 οὐ
622 852 718 920 τὴν
748 853 870 904 κατ’
900 854 1091 907 οὐσίαν
1123 853 1384 923 ὁμοίωσιν
1430 856 1488 906 ὲν
1521 853 1599 923 τῷ
1631 853 1812 921 λέγειν

234 949 379 1017 ἡμᾶς
409 952 501 998 τον
541 945 789 998 ἀνθωπον
841 946 962 998 κατ’
998 947 1185 999 εἰκόνα
1224 946 1361 999 Θεοῦ
1413 948 1508 1001 καὶ
1554 947 1813 1015 ὁμοίωσιν

230 1038 560 1109 γεγενῆσθαι
623 1038 1069 1107 ἐκλαμϐάνομεν,
1131 1039 1267 1092 ἀλλὰ
1304 1038 1401 1108 τὴν
1438 1039 1499 1091 τὸ
1547 1039 1812 1106 ἀνάλογον

232 1129 464 1197 ἔχουσαν
495 1130 629 1199 πρὸς
664 1129 819 1191 Θεὸν,
854 1130 885 1196 ἢ
918 1130 1011 1181 καὶ
1040 1130 1132 1182 ἐπὶ
1159 1130 1269 1182 τῶν
1300 1130 1615 1200 κτισμάτων
1646 1129 1813 1199 εὓρη-

231 1237 346 1285 ται,
393 1221 544 1273 οὐδὲν
567 1221 795 1284 ἀπεικὸς
834 1220 1042 1275 ἔνεστιν
1077 1225 1220 1293 ἡμᾶς
1252 1224 1507 1293 γράφειν,
1542 1224 1625 1275 ὃτι
1654 1224 1682 1274 6
1715 1222 1810 1275 ἄν-

232 1312 451 1381 θρωπος
473 1314 594 1366 κατ’
619 1314 803 1366 εἰκόνα
825 1314 960 1367 Θεοῦ
984 1315 1079 1368 καὶ⁷
1094 1316 1353 1385 ὁμοίωσιν
1378 1316 1686 1368 πέπλασται
1708 1314 1809 1387 (5).

232 1407 407 1459 Τοῦτο
428 1408 536 1478 γὰρ
566 1406 661 1459 xai
692 1407 867 1460 πείθει
893 1409 1041 1477 ἡμᾶς
1078 1408 1359 1477 ὁμολογεῖν
1396 1409 1429 1476 ή
1471 1408 1613 1460 κατά
1646 1409 1812 1461 Μωῦ-

232 1495 335 1547 σέα
360 1495 457 1563 τῆς
485 1496 753 1563 γενέσεως
790 1496 883 1549 τοῦ
931 1497 1143 1568 κόσμου
1176 1497 1386 1567 ἱστορία
1407 1514 1422 1528 ο
1455 1497 1536 1550 διὸ
1580 1498 1699 1551 κατ’
1734 1499 1812 1550 εῖ-

230 1587 369 1639 κόνα
401 1588 498 1657 μέν
532 1599 732 1659 φαμεν,
771 1590 913 1643 κατά
943 1589 1002 1642 τὸ
1030 1590 1289 1659 ἁρκτικόν
1326 1588 1424 1661 [ita
1462 1589 1603 1661 cod.]
1634 1607 1691 1643 τε
1719 1590 1813 1643 καὶ

230 1679 600 1743 αὐτεξούσιον.
642 1681 761 1734 Ἔτι
793 1699 857 1749 γε
908 1682 1014 1753 μὴν
1040 1683 1097 1734 ὲν
1123 1680 1200 1752 τῷ
1228 1682 1501 1752 ἀνθρώπῳ
1528 1682 1643 1735 ἐστι
1691 1682 1813 1746 νοῦς

1915 598 2039 635 eum
2095 582 2237 635 nulla
2302 595 2391 633 res
2449 580 2718 634 exsistens
2764 579 2887 635 talis
2939 579 3029 649 sit,
3067 580 3338 633 nobismet
3388 580 3494 649 ipsi

1915 670 2438 730 contradiceremus,
2468 678 2522 722 et
2562 670 2706 737 quod
2737 677 2791 721 tu
2830 668 3028 723 scribis
3063 668 3337 723 videretur
3365 685 3493 738 pro-

1914 760 2112 815 babile.
2172 761 2328 815 Nune
2378 762 2504 829 quia
2564 776 2668 814 non
2724 761 3043 815 substantia:
3082 760 3492 814 similitudinem

1915 852 2287 920 intelligimus,
2326 868 2447 905 cum
2502 852 2778 905 hominem
2841 851 2906 904 ad
2962 852 3053 905 Dei
3098 851 3496 920 imaginem‘ac

1913 942 2326 997 similitudinem
2383 940 2583 994 factum
2637 942 2891 1004 dicimus,
2943 942 3035 994 sed
3092 943 3271 1007 potius
3306 942 3497 993 analo-

1915 1036 2061 1104 giam
2084 1050 2210 1102 erga
2240 1034 2433 1096 Deum,
2463 1050 2585 1101 quae
2611 1036 2772 1087 etiam
2808 1035 2860 1086 in
2892 1034 3157 1087 creaturis
3184 1032 3492 1095 invenitur,

1914 1125 2049 1178 nihil
2082 1124 2343 1177 absonum
2384 1132 2490 1185 est,
2528 1139 2628 1177 nos
2667 1123 2907 1177 scribere
2948 1124 3220 1176 hominem
3259 1123 3323 1175 ad
3359 1124 3495 1175 ima-

1913 1218 2090 1287 ginem
2155 1216 2247 1269 Dei
2324 1232 2392 1271 ac
2458 1217 2875 1270 similitudinem
2943 1215 3113 1270 fuisse
3178 1214 3492 1269 formatum.

1915 1308 2066 1363 llanc
2116 1310 2263 1363 enim
2303 1308 2703 1363 confessionem
2753 1309 2911 1362 nobis
2963 1309 3154 1363 suadet
3184 1307 3384 1378 Moysis
3412 1308 3495 1359 hi-

1914 1401 2082 1456 storia
2115 1401 2181 1454 de
2211 1402 2397 1454 mtmdi
2435 1400 2640 1469 genesi.
2680 1400 2801 1453 Ideo
2825 1400 2891 1453 ad
2921 1400 3211 1467 imaginem
3237 1400 3494 1463 dicimus,
3572 1400 3575 1401 ⁷

1914 1493 2215 1547 secundum
2259 1484 2481 1545 liberam
2542 1490 2881 1544 voluntatem
2928 1490 3311 1542 etarbitrium.
3347 1488 3493 1542 Prac-

1916 1596 2061 1638 terea
2110 1585 2162 1637 in
2216 1584 2436 1637 homine
2493 1592 2576 1637 est
2635 1599 2809 1646 mens,
2854 1582 3095 1643 verbum,
3135 1596 3197 1634 ac
3250 1581 3494 1648 Spiritus.

1913 1674 2067 1730 Mens
2106 1676 2346 1745 quidem,
2384 1675 2533 1729 verbi
2577 1675 2745 1727 nostri
2785 1674 3051 1743 genitrix:
3084 1673 3305 1725 verbum
3347 1687 3498 1724 men-

230 1768 329 1822 καὶ
381 1770 537 1838 λόγος
570 1772 665 1825 καὶ
694 1774 943 1845 πνεῦμα·
994 1776 1088 1828 καὶ
1117 1776 1144 1827 6
1202 1775 1302 1844 μὲν
1352 1774 1499 1840 νοῦς,
1535 1776 1812 1846 γεννήτωρ

1923 1771 1983 1822 iis
2041 1770 2327 1839 genimen:
2363 1781 2417 1823 et
2459 1770 2686 1840 spiritus
2747 1783 2841 1837 per
2906 1768 3131 1821 verbum
3201 1765 3493 1835 profertur.

231 1860 355 1913 ἐστὶ
376 1861 468 1913 τοῦ
515 1863 573 1914 ὲν
617 1864 748 1931 ἡμῖν
779 1864 972 1932 λόγου·
1012 1867 1039 1918 6
1090 1864 1147 1918 δὲ
1189 1865 1368 1931 λόγος,
1417 1863 1665 1933 γέννημά
1695 1866 1812 1917 ἐστι

228 1952 389 2015 νοόςο
418 1953 512 2006 καὶ
563 1954 624 2007 τὸ
670 1955 885 2026 πνεῦμα
913 1958 1002 2011 διὰ
1032 1957 1125 2011 τοῦ
1166 1959 1325 2027 λόγου
1381 1959 1663 2013 ἐκδίδοται.
1704 1960 1817 2013 Καὶ

228 2044 424 2116 ὥσπερ
453 2046 574 2115 δίχα
605 2046 764 2116 λόγου
800 2049 924 2111 νοῦς
956 2050 1149 2117 ἄλογος
1182 2052 1283 2103 οὐκ
1307 2050 1475 2114 ἐστιν,
1498 2050 1640 2104 οὕτω
1670 2052 1762 2104 καὶ
1786 2052 1815 2103 6

229 2136 393 2203 λόγος
420 2138 543 2207 δίχα
580 2140 696 2203 νοὸς
722 2141 881 2206 ἄνους
907 2142 1004 2211 οὐχ
1051 2140 1300 2213 εὓρηται,
1325 2142 1439 2196 ἀλλ’
1464 2142 1580 2212 ἅμα
1613 2160 1816 2196 συνυπ-

230 2231 415 2300 άρχει,
449 2233 540 2283 καὶ
589 2233 650 2285 οὐ
692 2234 1011 2303 προτερευει
1049 2234 1277 2305 θάτερος
1310 2233 1538 2305 θατέρου
1563 2254 1575 2268 ’
1613 2236 1814 2305 ὁμοίως

227 2320 289 2373 δὲ
319 2324 413 2374 καὶ
435 2325 463 2375 6
492 2323 666 2389 λόγος,
703 2325 830 2377 ἀνευ
865 2324 1175 2395 πνεύματος
1204 2327 1305 2379 οὐκ
1332 2326 1561 2392 ἔνεστιν,
1603 2327 1724 2381 οὐδὲ
1755 2327 1816 2381 τὺ

231 2414 459 2484 πνεῦμα
491 2419 551 2468 τὸ
582 2418 662 2480 εἰς
702 2420 887 2489 φωνὴν
928 2419 1333 2490 ὲκτυπούμενον
1367 2419 1496 2473 ἀνευ
1526 2419 1705 2488 λόγου.

310 2527 367 2582 ι’.
421 2532 575 2583 Ἐπεὶ
622 2526 776 2602 οὗνή
827 2532 1150 2603 ὐπερούσιος
1209 2535 1303 2587 καὶ
1353 2535 1605 2599 ἄκτιστος
1634 2534 1813 2600 οὐσία,

225 2622 356 2693 ἥτις
377 2624 523 2675 ἐστὶν
547 2626 574 2675 6
593 2624 744 2687 Θεὸς,
772 2627 828 2677 ὲν
860 2627 1035 2696 τρισὶν
1067 2626 1397 2681 ὑποστάσεσι
1421 2627 1729 2698 θεωρεῖται,
1757 2628 1816 2681 ἐν

225 2732 293 2769 τε
323 2716 401 2785 τῷ
439 2717 610 2787 llath
645 2718 739 2770 καὶ
768 2717 846 2788 τῷ
862 2718 977 2789 Υἱῷ
1009 2720 1103 2772 καὶ
1133 2720 1209 2789 τῷ
1239 2720 1515 2789 Πνεύματι
1542 2722 1619 2791 τῷ
1651 2722 1811 2790 ἁγίῳ,

225 2806 311 2869 ὡς
335 2808 466 2878 ἡμῖν
489 2808 861 2862 ἀποδέδεικται
884 2812 977 2864 καὶ
1001 2811 1178 2874 καλῶς
1214 2813 1549 2878 πιστεύεται,
1569 2813 1817 2880 ἀναλογεῖ

233 2898 337 2967 μὲν
374 2900 400 2950 6
432 2900 551 2953 καθ’
581 2903 727 2970 ἡμᾶς
762 2902 905 2977 νοῦς,
942 2905 1223 2974 γεννήτωρ
1255 2903 1329 2956 ὣν
1356 2904 1449 2957 τοῦ
1481 2907 1537 2956 ἐν
1571 2907 1699 2974 ἡμῖν
1728 2903 1815 2955 λό-

228 3008 359 3059 γου,
396 2992 472 3061 τῷ
493 2992 614 3062 Θεῷ
651 2995 742 3046 καὶ
784 2995 957 3064 Πατρὶ
991 2995 1065 3064 τῷ
1091 2996 1275 3058 ἀϊδίως
1312 2997 1406 3049 καὶ
1441 2996 1685 3065 ἀχρόνως
1724 2994 1814 3048 τὸν

1922 1861 1986 1913 Et
2018 1860 2474 1929 quemadmodum
2506 1861 2653 1914 nulla
2698 1876 2849 1915 mens
2898 1860 3231 1913 irrationalis
3260 1858 3496 1923 exsistit,

1918 1952 1969 2005 id
2018 1962 2121 2015 est,
2176 1955 2381 2023 absque
2427 1954 2631 2017 verbo;
2668 1954 2741 2006 ita
2788 1969 2856 2006 ne
2888 1952 3110 2006 verbum
3159 1952 3375 2019 quidem
3420 1950 3499 2003 ir-

1920 2046 2181 2100 rationale
2217 2048 2408 2109 ulium,
2442 2048 2490 2100 id
2536 2057 2639 2111 est,
2686 2046 2803 2101 sine
2836 2054 3034 2109 mente,
3069 2045 3372 2099 invenitur:
3401 2043 3495 2098 sed

1918 2152 2025 2190 una
2056 2139 2419 2202 coexsislunt,
2441 2154 2615 2206 neque
2646 2138 2873 2190 alterum
2905 2137 3059 2190 alteri
3091 2134 3381 2189 antecedit.
3402 2133 3494 2186 Sic

1914 2230 2077 2283 etiam
2130 2231 2352 2284 verbum
2394 2235 2514 2283 sine
2569 2230 2765 2299 spiritu
2808 2243 2916 2282 non
2943 2238 3065 2293 est,
3098 2243 3273 2294 neque
3333 2227 3495 2295 spiri-

1918 2332 2028 2387 tus,
2056 2323 2148 2391 qui
2182 2337 2315 2375 voce
2349 2321 2693 2391 exprimitur,
2718 2322 2836 2374 sine
2866 2320 3031 2375 verbo
3060 2326 3163 2373 est.

1991 2549 2079 2603 10.
2109 2548 2376 2615 Quoniam
2403 2548 2584 2617 itaque
2615 2545 3160 2616 supersubstantialis
3186 2557 3237 2600 et
3256 2546 3494 2600 increata

1918 2642 2247 2703 substantia,
2290 2641 2599 2708 cujusmodi
2640 2640 2780 2695 Deus
2812 2650 2917 2706 est,
2948 2641 2999 2694 in
3030 2639 3280 2709 personis
3320 2638 3493 2691 tribus

1917 2739 2223 2800 Spectatur,
2279 2729 2437 2783 Patre
2490 2730 2762 2793 videlicet,
2799 2728 2974 2794 Filio,
3026 2739 3080 2781 et
3138 2726 3342 2796 Spiritu
3372 2739 3498 2779 san-

1915 2830 2026 2883 cto,
2081 2828 2137 2872 ut
2176 2820 2288 2888 jam
2343 2835 2442 2872 nos
2475 2818 2976 2872 demonsrravimus
3028 2826 3285 2883 recteque
3320 2814 3499 2869 credi-

1916 2928 2039 2966 nius
2072 2929 2085 2977 ;
2118 2921 2301 2966 nostr-.1
2334 2911 2553 2981 quidem
2596 2927 2772 2977 mens,
2820 2910 2971 2964 verbi
3016 2909 3160 2978 quod
3201 2908 3340 2960 intra
3398 2919 3498 2960 nos

1915 3014 1999 3057 est
2034 3005 2265 3074 genitrix
2293 3044 2306 3068 ,
2352 3004 2655 3074 analogiam
2714 3003 2878 3058 habet
2917 3002 2982 3055 ad
3038 3001 3206 3055 Deum
3257 2998 3497 3061 Patrem,

231 3080 434 3133 ἑαυτοῦ
475 3081 597 3135 Υἱὸν
634 3085 993 3155 γεννήσαντι·
1023 3088 1050 3139 6
1075 3086 1130 3139 δὲ
1165 3085 1319 3155 λόγος
1348 3088 1376 3139 6
1411 3088 1468 3138 ὲν
1504 3088 1651 3156 ήμίν,
1694 3087 1815 3156 γέν-

1923 3095 2009 3166 qui
2043 3096 2494 3161 sempiternaliter
2519 3104 2571 3149 et
2613 3094 3043 3164 intemporaliter
3081 3091 3278 3144 Filium
3331 3103 3493 3143 suum

231 3186 387 3242 νημα
424 3173 499 3226 ὢν
545 3175 638 3228 τοῦ
678 3177 734 3229 ὲν
754 3179 886 3246 ήμίν
917 3179 1056 3244 νοὸς,
1086 3178 1341 3245 ἀναλογεῖ
1365 3178 1442 3248 τῷ
1472 3179 1534 3230 ὲκ
1554 3176 1644 3230 τοῦ
1677 3177 1811 3230 Θεοῦ

233 3264 520 3335 ἀρεύστως
555 3268 648 3320 καὶ
668 3269 895 3333 ἀπαθῶς
930 3270 1242 3339 γεννηθέντι
1273 3270 1385 3342 Υεῴ
1408 3272 1505 3324 καὶ
1533 3269 1651 3340 Θεῷ
1681 3269 1815 3341 ὰλη⁴

236 3356 371 3426 Θινῷ
392 3356 504 3409 ὄντι
525 3375 538 3387 ”
577 3358 636 3411 τὸ
664 3360 718 3412 δὲ
743 3364 799 3413 ὲν
821 3364 953 3432 ἡμῖν
980 3362 1222 3433 Πνεῦμα,
1241 3363 1320 3434 τῷ
1348 3364 1624 3432 Πνεύματι
1652 3362 1813 3431 ἁγίῳ,

235 3447 315 3516 τῷ
355 3449 419 3500 ὲκ
456 3450 665 3522 Πατρδς
700 3452 799 3521 μὲν
826 3454 1266 3525 ἐκπορευομένῳ,
1299 3456 1394 3508 καὶ
1440 3455 1511 3507 δι’
1546 3455 1674 3507 Υἱὸν
1702 3455 1814 3517 τοῖς

234 3536 391 3593 οὖσιν
444 3542 755 3613 ἐκχεομένῳ
797 3545 889 3597 καὶ
926 3544 1277 3617 διαδιδομένῳ
1299 3564 1312 3577 ·
1362 3548 1457 3601 καὶ
1486 3544 1630 3599 κατά
1658 3543 1817 3597 τοῦτο

239 3630 405 3685 πάλιν
437 3630 651 3700 λέγεται
676 3636 704 3686 6
733 3635 1017 3707 ἄνθρωπος
1044 3638 1165 3691 κατ’
1194 3638 1380 3692 εἰκόνα
1411 3636 1547 3691 Θεοῦ
1604 3638 1815 3691 πεπλᾶ·

240 3724 400 3777 σθαι·
453 3724 576 3777 καθ’
601 3726 858 3797 ὁμοίωσιν
898 3728 951 3781 δὲ
984 3729 1144 3782 πάλιν
1189 3732 1366 3801 φαμὲν
1411 3730 1504 3783 τὸν
1532 3729 1817 3800 ἄνθρωπον

238 3812 377 3865 Θεοῦ
428 3816 775 3885 γεγενῆσθαι,
815 3818 902 3870 διὰ
958 3818 1057 3889 τήν
1094 3818 1203 3871 τῶν
1245 3820 1458 3889 ἀρετῶν
1514 3819 1814 3883 τελείωσιν,

242 3906 338 3957 καὶ
376 3907 482 3960 τῶν
515 3909 735 3977 ἀγαθῶν
787 3910 883 3980 τὴν
927 3913 1249 3979 μετουσίανο
1285 3913 1472 3982 ἐπειδὴ
1504 3914 1679 3966 πάντα
1715 3912 1817 3964 ὅσα

242 3995 476 4067 πρώτως
506 4000 600 4053 καὶ
616 4000 869 4069 ἀναιτίως
896 4003 929 4072 ή
951 4001 1279 4072 δημιουργὸς
1306 4004 1473 4068 αἰτία,
1508 4005 1642 4073 ὅπερ
1671 4002 1818 4054 ἐστὶν

241 4089 272 4139 6
305 4086 459 4151 Θεὸς,
489 4088 661 4141 ταῦτα
693 4090 961 4159 δευτέρως
998 4093 1092 4143 καὶ
1124 4090 1402 4159 μεθεκτῶς
1434 4094 1529 4144 καὶ
1561 4091 1819 4153 αἰτιατῶς

241 4180 271 4230 6
308 4178 628 4248 ἄνθρωπος·
680 4177 793 4234 οἷόν
838 4185 953 4236 ἐστι
992 4184 1053 4236 τὸ
1086 4182 1300 4253 πρῶτον
1328 4184 1420 4235 καὶ
1472 4181 1818 4252 ὑπερούσιον,

245 4267 384 4338 ζωή,
421 4269 556 4335 φῶς,
585 4271 768 4337 σοφὸς,
815 4271 1059 4335 δυνατὸς,
1095 4272 1321 4340 ἀγαθὸς,
1348 4274 1540 4340 πρᾶος,
1575 4273 1781 4334 δίκαιος
1802 4287 1817 4303 ⁶

243 4358 394 4412 ἔστιν
424 4362 517 4414 καὶ
544 4355 698 4423 οὗτος
730 4364 913 4432 σοφὸς,
960 4368 1055 4416 κα)⁹
1084 4364 1233 4436 ζωὴ,
1293 4364 1386 4417 καὶ
1431 4363 1675 4427 δυνατὸς,
1726 4363 1823 4415 καὶ

1913 3188 2117 3257 genuit.
2148 3186 2385 3241 Verbum
2426 3195 2642 3249 autem,
2679 3184 2823 3252 quod
2884 3184 3024 3236 intra
3078 3197 3175 3236 nos
3209 3188 3313 3242 est,
3364 3192 3497 3230 ana-

1912 3277 2109 3347 logiam
2141 3279 2301 3332 habet
2328 3279 2392 3330 ad
2428 3277 2597 3340 illum,
2631 3278 2720 3345 qui
2758 3291 2822 3329 ex
2859 3274 2970 3328 Deo
3004 3273 3165 3327 Patre
3204 3272 3323 3326 sine
3349 3271 3496 3325 ﬂuxu

1913 3379 1966 3426 et
1997 3368 2247 3438 passione
2276 3375 2564 3437 generatus
2598 3366 2698 3420 fuit
2755 3363 2927 3419 Filius
2975 3364 3113 3419 Deus
3161 3378 3339 3418 verus.
3370 3363 3498 3433 Spi-

1914 3461 2054 3515 ritus
2081 3457 2313 3526 deniqne
2347 3466 2529 3511 noster
2556 3455 2862 3525 analogiam
2914 3456 3075 3510 habet
3126 3456 3191 3508 ad
3242 3467 3497 3511 sanctum

1918 3551 2202 3625 Spiritum,
2234 3551 2385 3620 quia
2434 3548 2594 3604 Patre
2644 3548 2908 3619 procedit,
2943 3558 2995 3602 et
3054 3564 3147 3615 per
3194 3548 3393 3603 Filium
3446 3555 3500 3604 in

1916 3654 2194 3700 creaturas
2220 3643 2512 3696 e‘l‘imditur
2564 3658 2628 3697 ac
2663 3642 2952 3696 diribetur.
2992 3640 3301 3695 Secundum
3350 3643 3497 3707 haec,

1918 3736 2162 3803 inquam,
2209 3734 2372 3785 homo
2428 3732 2627 3786 dicitur
2653 3733 2717 3785 ad
2751 3732 3043 3801 imaginem
3073 3733 3165 3786 Dei
3196 3732 3489 3788 formatus.

1915 3826 1996 3879 Ad
2039 3824 2447 3880 similitudinem
2505 3834 2766 3892 praeterea
2813 3823 3047 3877 dicimus
3081 3823 3170 3875 Dei
3214 3824 3492 3879 hominem

1920 3919 2119 3972 factum
2189 3927 2407 3986 propter
2457 3917 2716 3969 virtutum
2758 3915 3093 3979 exercitium,
3132 3925 3186 3967 et
3235 3916 3501 3970 bonorum

1919 4010 2383 4077 participationem
2413 4024 2425 4059 :
2469 4008 2593 4077 quia
2626 4023 2744 4076 qu;e
2796 4008 3050 4075 primitus
3081 4015 3133 4058 et
3169 4020 3273 4058 non
3306 4022 3502 4060 causa-

1920 4100 2041 4153 liter
2094 4100 2253 4151 habet
2296 4113 2461 4151 causa
2521 4098 2777 4161 creatrix,
2830 4098 2879 4150 id
2932 4106 3036 4159 est,
3091 4096 3253 4158 Deus,
3311 4098 3500 4150 eadem

1924 4190 2163 4248 secundo
2230 4198 2281 4240 et
2337 4188 2600 4258 partiario
2650 4199 2704 4241 et
2755 4188 3042 4243 causaliter
3107 4188 3268 4241 habet
3316 4188 3503 4243 homo.

1922 4280 2125 4351 Nempe
2161 4281 2301 4335 Deus
2338 4279 2706 4350 primigenius
2738 4289 2820 4335 est
2849 4290 2901 4334 et
2933 4280 3504 4349 supersubstantialis,

1922 4372 2031 4427 vita
2058 4412 2073 4437 ,
2106 4372 2222 4438 lux,
2280 4371 2521 4441 sapiens,
2564 4380 2782 4440 potens,
2838 4372 3038 4437 bonus,
3103 4372 3273 4439 mitis,
3301 4374 3506 4443 justus.

244 4453 471 4520 ἀγαθὸς,
505 4455 601 4507 καὶ
635 4457 831 4525 πρᾶος,
881 4458 974 4510 καὶ
1024 4457 1233 4521 δίκαιος
1258 4460 1289 4511 6
1333 4458 1646 4528 ἄνθρωπος·
1684 4457 1817 4512 ἀλλά

1925 4466 2019 4520 Est
2087 4480 2217 4518 vero
2260 4472 2314 4518 et
2343 4464 2505 4518 homo
2563 4463 2802 4531 sapiens,
2854 4463 2989 4521 vita.
3050 4472 3264 4532 potens,
3310 4466 3507 4531 bonus,

246 4544 408 4611 φύσει
447 4545 544 4613 μὲν
570 4547 598 4599 6
626 4545 758 4608 Θεὸς
788 4549 881 4600 καὶ
916 4547 1206 4610 οὑσιωδῶς,
1258 4548 1404 4601 θέσει
1438 4548 1493 4600 δὲ
1522 4550 1614 4601 καὶ
1644 4548 1824 4618 χάριτι

247 4638 342 4689 καὶ
373 4638 717 4701 ἐπουσιωδῶς
769 4641 797 4690 6
846 4640 1151 4711 ἄνθρωπος.
1186 4642 1248 4693 El
1293 4642 1349 4694 δὲ
1384 4642 1564 4705 τοῦτο,
1597 4644 1825 4704 εἰκότως

246 4729 372 4783 καθ’
404 4732 664 4797 ὁμοίωσιν
708 4731 801 4784 τοῦ
847 4732 982 4784 Θεοῦ
1034 4734 1359 4801 γεγενῆσθαι
1416 4736 1506 4787 τὸν
1540 4734 1827 4804 ἄνθρωπόν

247 4841 285 4891 φ
332 4840 455 4891 μεν,
477 4823 538 4875 τὸ
560 4824 617 4890 ἐξ
645 4824 996 4889 ἀνακλάσεως
1025 4818 1121 4896 [ita
1154 4825 1319 4897 cod.],
1355 4826 1580 4897 ἔσχατον
1614 4829 1829 4896 ἀπήχη-

251 4933 326 4986 μα
355 4916 611 4984 φέροντα.
635 4917 742 4969 Καὶ
767 4916 910 4970 οὕτω
940 4918 1099 4972 πάλιν
1117 4918 1320 4990 ἠλίθιον
1346 4919 1577 4990 ἀνέφανε
1602 4920 1662 4973 τὸ
1681 4917 1829 4987 παρὰ

251 5009 345 5061 σοῦ
371 5008 606 5077 γραφέν.

323 5194 415 5241 ια’.
446 5188 803 5242 Μεταὸαίνων
842 5188 898 5242 δὲ
934 5188 1019 5242 ἐπ’
1047 5188 1176 5244 ἄλλο
1212 5189 1321 5242 τῶν
1355 5190 1485 5258 παρ’
1516 5190 1547 5258 ή
1558 5188 1671 5258 μῶν
1700 5205 1829 5258 γρα-

247 5282 483 5350 φέντων,
525 5283 617 5335 καὶ
642 5281 800 5335 τοῦτο
837 5282 1178 5353 πειρώμενος
1206 5283 1472 5353 ἀναιρεῖν,
1505 5282 1667 5335 πάλιν
1693 5281 1830 5351 γρά-

248 5390 401 5444 φειςο
446 5392 465 5425 ι
497 5374 819 5447 Θεωροῦμεν
847 5377 917 5430 τὰ
949 5376 1065 5446 εἴδη
1099 5377 1208 5429 τῶν
1251 5375 1456 5445 θηρίων
1496 5376 1578 5429 ὅτι
1616 5378 1645 5429 6
1670 5378 1823 5446 ἰσχυ-

251 5467 477 5538 ρότερος
500 5468 858 5523 ἐπανίσταται
908 5470 1049 5524 κατὰ
1077 5468 1172 5523 τοῦ
1206 5467 1626 5539 ἀσθενεστέρου,
1667 5470 1761 5522 καὶ
1796 5471 1824 5523 6

323 5666 405 5737 (5)
440 5667 518 5725 De
556 5670 777 5724 homine
814 5668 881 5724 ad
906 5666 1196 5736 imaginem
1221 5665 1313 5720 Dei
1344 5666 1578 5737 formato
1622 5665 1833 5737 infinita

250 5736 427 5811 prope
455 5740 711 5811 dixerunt
738 5741 790 5794 in
824 5738 1234 5811 commentariis
1274 5741 1388 5811 suis
1415 5736 1606 5811 Patres
1651 5736 1833 5811 Eccle‘

252 5806 451 5877 surget
483 5810 701 5881 quidem
738 5810 1009 5882 priccipue
1042 5808 1368 5863 Anastasius
1416 5807 1650 5863 Sinaita.
1696 5806 1831 5875 Qui-

1926 4554 2093 4614 mitis.
2122 4553 2304 4622 justus
2335 4570 2352 4619 ;
2385 4553 2478 4606 sed
2532 4550 2852 4604 naturaliter
2881 4550 3101 4619 quidem
3144 4565 3207 4605 ac
3253 4551 3513 4605 substan-

1930 4646 2128 4699 tialiter
2155 4645 2277 4698 talis
2313 4653 2395 4698 est
2424 4644 2567 4698 Deus
2594 4660 2608 4707 ;
2638 4642 2934 4711 adoptione
2976 4650 3182 4706 autem,
3215 4652 3267 4696 et
3309 4646 3507 4713 gratia,

1926 4748 1978 4790 et
2013 4751 2121 4789 non
2153 4734 2536 4798 essentialiter,
2578 4734 2757 4787 homo.
2793 4732 2926 4799 Quae
2960 4748 3083 4787 cum
3112 4733 3183 4786 ita
3230 4732 3352 4797 sint,
3392 4749 3508 4788 me-

1928 4829 2037 4881 rito
2065 4842 2169 4881 nos
2223 4827 2459 4881 dicimus
2514 4826 2785 4879 hominem
2824 4826 2890 4879 ad
2956 4825 3365 4879 similitudinem
3416 4825 3510 4880 Dei

1930 4918 2157 4983 factum,
2196 4919 2269 4973 ita
2317 4930 2373 4973 ut
2405 4929 2648 4973 extrema
2680 4918 2845 4972 veluti
2910 4918 3343 4987 repercussionis
3373 4919 3512 4972 echo

1932 5011 2025 5065 sit.
2070 5010 2247 5079 Atque
2278 5010 2351 5063 ita
2384 5012 2563 5064 denuo
2598 5010 2749 5064 futile
2774 5009 3210 5063 demonstratum
3239 5016 3323 5062 est
3371 5008 3515 5063 scri-

1931 5112 2080 5172 ptum
2106 5110 2259 5155 tuum
2271 5140 2283 5153 .

2004 5193 2092 5246 ll.
2125 5193 2326 5246 Deinde
2362 5201 2439 5252 tu.
2472 5191 2536 5245 ad
2569 5191 2736 5245 alium
2777 5190 2945 5246 libelli
2976 5192 3082 5247 mei
3115 5191 3292 5246 locum
3328 5200 3511 5247 trans-

1932 5286 2073 5347 iens,
2121 5299 2354 5353 eumque
2398 5284 2753 5353 pessumdare
2786 5285 3004 5349 nitens,
3049 5299 3238 5338 rursus
3272 5283 3507 5338 scribis:

1943 5398 1961 5429 ι
1994 5378 2283 5432 Cernimus
2316 5378 2367 5431 in
2399 5376 2635 5431 ferarum
2680 5376 2984 5448 speciebus,
3008 5375 3285 5431 fortiorem
3328 5374 3511 5429 insur-

1933 5486 2062 5542 gere
2116 5478 2306 5525 contra
2353 5468 2706 5524 infirmiorem
2741 5509 2756 5536 ,
2806 5469 3066 5539 majorem
3122 5464 3382 5522 adversus
3407 5464 3513 5519 mi-

1950 5669 2053 5725 bus
2116 5683 2262 5723 nunc
2306 5667 2603 5738 praclarus
2659 5676 2715 5726 et
2770 5675 3064 5738 peracutus
3093 5662 3375 5737 theologus
3408 5677 3509 5718 no-

1942 5752 2054 5797 ster
2091 5736 2316 5795 accedit
2339 5736 2579 5794 Nicetas.
