3978 6606
526 343 634 409 835

1771 340 2065 403 NICETIE
2096 340 2507 401 .BYZANTINI

3695 341 3782 404 Elii

528 474 741 521 norem.
774 458 1042 528 potiorem
1072 456 1338 513 adversus
1372 456 1720 512 deteriorem.
1764 455 1828 510 Et
1875 456 1979 509 illa:
2016 454 2113 508 has

2223 453 2426 523 μείζων
2457 444 2599 507 κατὰ
2648 449 2744 504 τοῦ
2803 448 3121 513 ἐλάσσονος,
3152 448 3252 501 καὶ
3292 450 3321 502 ό
3356 448 3620 519 κρείττων
3660 457 3783 510 κατά

528 565 907 619 smpenumero
965 550 1071 605 sibi
1112 550 1377 619 pabulum
1427 551 1633 604 faciunt
1671 566 1684 602 :
1725 549 1998 603 interdum
2058 558 2112 601 ct

528 644 794 707 lacerant,
867 644 1133 714 zelotypia
1177 642 1411 713 quadam
1448 657 1512 695 ex
1544 642 1782 711 ipsarum
1838 642 2112 696 cubilibus

530 736 802 804 pellendi,
844 754 861 787 ι
897 744 949 789 et
991 738 1218 805 reliqua.
1273 734 1386 788 Hoc
1432 735 1553 789 loco
1605 737 1857 804 ignorare
1910 733 2113 788 videris

530 828 808 895 quomodo
850 837 1175 895 argumenta
1220 828 1449 897 proferri
1480 835 1751 896 oporteat,
1796 826 1878 879 vel
1932 839 2110 879 secus.

529 919 664 972 Nam
697 921 739 973 si
774 922 916 989 quod
957 936 1056 972 nos
1089 920 1410 987 scripsimus
1433 918 1500 973 de
1527 918 1675 971 οηιηὶ
1699 916 1943 976 animali.
1977 930 2114 985 qua-

530 1022 688 1063 tenus
716 1011 1045 1079 homogenea
1072 1020 1199 1064 sunt
1222 1012 1303 1063 vel
1336 1011 1713 1078 heterogenea,
1741 1009 1790 1061 id
1824 1022 1928 1061 una
1949 1007 2112 1060 etiam

532 1103 841 1155 conversari
873 1113 926 1155 et
976 1104 1299 1173 congregari
1356 1102 1477 1157 illas
1526 1100 1859 1163 allirmaret,
1892 1107 2115 1168 propter

532 1204 777 1247 ntutuam
821 1195 1321 1257 mansuetudinem,
1381 1204 1436 1248 et
1480 1193 1869 1249 conservanda:
1921 1190 2115 1245 salutis

530 1300 716 1338 curam
750 1301 765 1351 ;
806 1296 859 1338 tu
888 1302 1015 1339 vero
1051 1288 1102 1339 in
1150 1286 1433 1341 nonnullis
1465 1284 1794 1339 animalibus
1829 1283 1971 1337 haud
2009 1282 2115 1335 tale

524 1390 654 1429 esse
687 1378 1013 1443 observasti,
1047 1378 1156 1433 imo
1185 1386 1242 1432 et
1290 1378 1652 1441 contrarium,
1690 1390 1883 1444 nempe
1921 1374 2115 1428 adver-

530 1465 641 1518 sari
670 1477 723 1522 et
754 1481 945 1525 mutuo
976 1472 1227 1531 lacerari,
1270 1482 1325 1524 et
1355 1472 1500 1540 quod
1531 1458 1766 1525 debilius
1799 1478 1883 1524 est
1921 1485 1951 1523 a
1978 1469 2114 1522 vali-

530 1565 683 1619 diore
746 1566 1019 1634 opprimi,
1073 1573 1125 1617 et
1186 1564 1428 1617 deterius
1474 1580 1502 1615 a
1545 1564 1785 1633 potiore,
1821 1578 1943 1632 qua:
1974 1572 2028 1616 tu
2060 1563 2113 1616 in

532 1659 736 1722 scripto
785 1665 876 1708 tuo
919 1656 1175 1725 posuisti,
1240 1656 1404 1709 veluti
1459 1656 1513 1708 iit
1553 1672 1583 1708 a
1629 1656 1825 1719 leone,
1880 1670 2030 1717 urso,
2063 1665 2116 1709 et

532 1747 805 1800 similibus
852 1764 866 1811 ;
914 1762 1102 1817 posses
1189 1749 1440 1818 equidem
1495 1763 1805 1803 sermonem
1865 1758 2111 1803 nostrum

2218 546 2313 601 τοῦ
2342 546 2611 618 χείρονος,
2643 544 2741 598 καὶ
2785 542 3054 605 πολλάκις
3088 543 3325 595 ποιεῖται
3378 544 3582 615 τροφὴν
3605 546 3782 602 αὑτοῦ·

2212 639 2367 692 ἔστιν
2420 639 2507 691 ὅτε
2536 636 2631 692 καὶ
2661 634 2973 705 διαφθείρει
3003 633 3186 699 αὑτὸν,
3244 634 3546 703 ἀντιζηλῶν
3571 635 3660 689 τοῦ
3684 638 3789 692 διω-

2210 730 2415 801 ,χθῆναι
2438 729 2606 783 αὐτὸν
2644 728 2753 783 ἀπδ
2778 728 2877 796 τῆς
2904 724 3097 793 κοίτης
3128 724 3293 777 αὑτοῦ
3314 764 3329 786 ,
3369 742 3387 776 ι
3420 726 3515 778 καὶ
3545 727 3612 778 τά
3660 727 3786 796 ἑξῆς.

2233 819 2497 875 Ἐνταῦθα
2530 820 2709 882 δοκεῖς
2736 814 3073 887 ἠγνοηκέναι
3099 814 3197 877 τὰς
3228 814 3561 881 ἀποδείξεις,
3597 816 3703 878 πῶς
3725 817 3791 871 δεῖ

2222 914 2507 981 προάγειν,
2540 911 2637 966 καὶ
2685 910 2803 973 πῶς
2832 910 2891 962 οὑ
2934 909 3036 963 δεῖ.
3083 907 3143 959 Ei
3174 907 3271 976 μὲν
3298 907 3405 975 γάρ
3432 907 3495 959 τὸ
3526 908 3652 974 παρ’
3679 909 3790 977 ἡμῖν

2221 1007 2433 1075 γραφὲν
2466 1006 2593 1076 περὶ
2620 1005 2823 1067 παντὸς
2854 1004 3049 1071 ἀλόγου
3082 1000 3244 1065 ζὼου,
3281 1001 3418 1071 πρός
3443 1017 3503 1053 τε
3530 1000 3590 1052 τὸ
3620 1003 3792 1070 ὁμογε-

2221 1098 2309 1158 νὲς
2350 1097 2382 1165 ἢ
2423 1097 2515 1150 καὶ
2545 1098 2883 1167 ἑτερογενὲς,
2912 1096 2973 1148 τὸ
3002 1093 3387 1157 συναλίζεσθαί
3430 1111 3489 1145 τε
3535 1095 3631 1146 καὶ
3657 1095 3790 1146 ἐνοῦ-

2224 1190 2350 1243 σθαι
2385 1190 2719 1257 ὑπισχνεῖτο,
2775 1188 2864 1241 διὰ
2899 1187 2999 1259 τὴν
3048 1185 3186 1257 πρὸς
3239 1184 3444 1255 ἄλληλα
3467 1169 3788 1255 ἧμερότητα,

2223 1283 2297 1343 ὼς
2338 1282 2631 1352 φειδόμενα
2658 1283 2755 1352 τῆς
2783 1281 2993 1334 ἑαυτῶν
3030 1279 3306 1350 σωτηρίας
3332 1295 3346 1309 ⁸
3377 1274 3495 1331 εἶτα
3525 1278 3616 1330 ἐπί
3653 1297 3789 1330 τινων

2223 1374 2378 1440 ζώων
2408 1376 2566 1429 τοῦτο
2599 1374 2774 1445 εὑρὼν
2799 1376 2862 1427 σὺ
2908 1374 2983 1444 μὴ
3012 1373 3409 1443 θεωρούμενον,
3441 1371 3644 1441 μᾶλλον
3669 1371 3718 1423 δὲ
3743 1374 3789 1423 τὸ

2222 1469 2471 1524 ἐναντίον
2503 1468 2563 1522 τὸ
2615 1468 3009 1522 ἐπανίστασθαι
3044 1468 3140 1520 καὶ
3173 1465 3511 1534 διαφθείρειν
3539 1466 3632 1516 καὶ
3673 1466 3787 1515 ἁπο-

2222 1563 2443 1617 διώκειν
2471 1561 2562 1615 τὸν
2605 1562 2951 1631 ἰσχυρότερον
2983 1560 3075 1612 τὸν
3130 1558 3549 1627 ἀσθενέστερον,
3602 1556 3787 1609 καὶτὸν

2222 1655 2513 1727 κρείττονα
2551 1654 2643 1707 τὸν
2688 1655 2926 1724 χείρονα,
2983 1652 3017 1706 ἃ
3063 1653 3156 1704 καὶ
3195 1653 3254 1703 ὲν
3305 1649 3382 1719 τῷ
3413 1649 3489 1719 σῷ
3527 1649 3788 1719 γράμματι

2224 1749 2564 1820 παρετίθεις,
2601 1741 2711 1800 οἷον
2739 1745 2929 1799 λέοντά
2962 1762 3106 1814 φημι
3139 1744 3233 1797 καὶ
3279 1744 3448 1813 ἄρκον
3488 1744 3585 1796 καὶ
3614 1742 3676 1794 τὰ
3704 1759 3789 1794 πα-

533 1841 750 1894 fortiter
779 1841 1064 1910 perimere.
1104 1842 1211 1896 Sed
1236 1842 1364 1911 quia
1420 1841 1564 1911 quod
1626 1841 1951 1910 scripsimus
2005 1856 2112 1894 n0n

2225 1840 2497 1909 ραπλήσια
2532 1856 2544 1868 '
2580 1835 2724 1909 εἶχες
2764 1838 2830 1891 ἂν
2879 1837 3145 1905 γενναίως
3200 1835 3291 1888 τὸν
3344 1834 3619 1906 ἡμέτερον
3652 1830 3785 1899 λόγον

533 1937 599 1991 de
632 1936 775 1989 mimi
819 1937 1120 1991 irrationali
1181 1936 1407 1990 animali
1460 1935 1720 2005 loquitur,
1786 1934 1949 1988 stulte
1999 1934 2115 1987 bla-

532 2038 704 2093 teras,
738 2030 878 2083 male
934 2030 1228 2085 conﬁctum
1281 2029 1470 2083 drama
1525 2027 1812 2089 inducens,
1848 2036 1902 2080 et
1959 2025 2116 2095 quasi

532 2130 860 2190 personatus
909 2137 1099 2190 agens.
1134 2120 1269 2188 Quis
1306 2122 1455 2176 enim
1489 2120 1574 2174 vel
1624 2120 1853 2174 minima
1905 2119 2117 2189 perspi-

530 2216 681 2269 racia
713 2216 971 2285 praeditus
1004 2217 1240 2285 ignorat,
1295 2231 1405 2269 non
1435 2214 1618 2269 omnia
1669 2212 1990 2268 animalium
2028 2229 2120 2282 ge-

531 2318 662 2359 nera
694 2307 1015 2361 naturaliter
1048 2322 1171 2361 esse
1203 2316 1519 2375 comparata
1549 2315 1607 2359 ut
1641 2314 2040 2373 congregemur
2064 2313 2120 2358 et

532 2398 790 2453 socialem
828 2400 992 2453 vitam
1026 2400 1349 2454 sectentur?
1382 2397 1626 2468 Namque
1652 2399 1970 2451 animalium
2012 2398 2117 2451 alia

533 2499 663 2542 sunt
695 2490 974 2558 solivaga,
1009 2489 1113 2541 alia
1147 2488 1385 2559 gregalia
1416 2506 1430 2555 ;
1471 2504 1769 2559 rursusque
1815 2490 2116 2559 gregalium

537 2580 644 2634 alia
678 2582 779 2635 sub
808 2581 1172 2649 gubernatore
1202 2583 1544 2646 ordinantur,
1583 2582 1689 2636 alia
1748 2599 1929 2638 secus.
1962 2583 2121 2638 Utra-

533 2686 642 2741 que
677 2687 804 2726 vero
838 2673 951 2726 haec
994 2674 1187 2741 partim
1230 2682 1359 2726 sunt
1389 2672 1591 2737 civilia,
1637 2675 1834 2743 partim
1871 2676 2117 2741 minime,

531 2767 673 2819 sicut
697 2765 937 2834 ipsorum
972 2766 1321 2837 physiologia:
1356 2774 1520 2835 atque
1548 2767 1788 2821 historia:
1814 2768 2031 2823 docent.
2064 2769 2120 2824 Si

530 2871 662 2925 ergo
694 2856 799 2910 alia
826 2868 955 2910 sunt
987 2858 1244 2928 solivaga,
1291 2858 1394 2911 alia
1429 2858 1696 2925 minime;
1731 2869 1943 2914 constat
1966 2875 2119 2915 eom-

532 2958 778 3017 paratutn
813 2964 934 3003 esse
960 2964 989 3002 a
1018 2959 1208 3003 natura
1244 2960 1302 3004 ut
1344 2951 1540 3019 partim
1569 2962 1970 3021 congregemur
1993 2970 2118 3008 cum

532 3039 887 3108 homogeneis
946 3038 1101 3102 suis,
1149 3041 1344 3108 partim
1382 3055 1562 3094 secus.
1613 3041 1768 3106 Quod
1805 3043 1849 3096 si
1883 3043 1957 3097 ita
2012 3055 2117 3110 est,

530 3144 695 3183 nemo
750 3145 884 3183 sana
952 3137 1131 3184 mente
1164 3132 1397 3199 pollens,
1438 3140 1531 3185 aut
1585 3140 1739 3200 putat
1773 3140 1869 3187 aut
1906 3134 2116 3200 scribit,

529 3224 714 3275 onmia
750 3223 1007 3276 animalia
1035 3225 1176 3277 inter
1218 3239 1277 3278 se
1302 3224 1623 3294 congregari
1659 3224 1834 3279 solere
1862 3235 1917 3279 et
1959 3227 2123 3281 simul

532 3316 733 3369 vivere.
770 3313 846 3369 Ne
908 3332 1007 3371 nos
1076 3316 1295 3386 quidem
1346 3316 1532 3387 itaque
1588 3318 1693 3372 hoc
1720 3318 1979 3374 diximus.
2018 3319 2124 3374 Sed

531 3410 659 3475 quia
690 3408 925 3462 maxime
964 3411 1181 3477 propria
1222 3418 1351 3463 nota
1382 3418 1435 3463 et
1481 3409 1923 3465 characteristica
1979 3411 2123 3466 inest

534 3501 756 3554 animali
790 3502 1059 3569 pracipue
1096 3502 1308 3568 sociali,
1360 3502 1709 3556 ratiocinium
1746 3513 1799 3557 et
1834 3501 2123 3573 prudentia

530 3600 589 3647 et
617 3608 739 3647 eum
774 3596 984 3648 ratione
1014 3594 1316 3664 judicium,
1373 3604 1659 3665 propterea
1688 3610 1941 3651 sermone
1962 3608 2123 3652 exte-

534 3686 681 3742 riore
711 3688 917 3758 indiget
962 3689 1147 3754 homo,
1182 3699 1239 3743 ut
1284 3703 1483 3742 arcane
1541 3690 1808 3757 repositas
1832 3690 2122 3760 cogitatio-

535 3795 633 3835 nes
664 3780 717 3834 iu
764 3788 1045 3835 externam
1105 3782 1279 3837 lucem
1323 3782 1545 3847 educat,
1570 3792 1624 3835 et
1678 3798 1800 3837 cum
1858 3783 2123 3852 proximis

531 3873 923 3928 communicet.
951 3872 1072 3938 Quo
1110 3872 1187 3939 lit,
1228 3883 1300 3927 ut
1341 3875 1661 3930 naturaliter
1695 3876 1766 3930 sit
1817 3875 1969 3929 eicur
2004 3877 2125 3930 ani-

534 3966 662 4031 mal,
698 3974 751 4019 et
777 3965 1023 4034 apprime
1057 3967 1277 4021 sociale.
1315 3967 1542 4022 Caeteris
1581 3983 1712 4023 vero
1744 3969 1959 4025 cunctis
2001 3968 2124 4023 ani-

538 4057 776 4112 malibus
807 4057 1070 4111 sodalitas
1092 4068 1145 4111 et
1172 4059 1440 4111 naturalis
1459 4062 1821 4113 mansuetudo
1850 4060 2125 4129 principa-

528 4151 651 4203 liter
699 4164 808 4203 non
858 4149 1042 4203 inest:
1084 4148 1177 4203 sed
1215 4159 1395 4203 tamen
1446 4149 1498 4202 in
1540 4150 1820 4205 nonnullis
1881 4151 2123 4204 cernitur

526 4242 891 4297 conversandi
925 4251 977 4296 et
997 4241 1163 4296 simul
1205 4243 1419 4296 vivendi
1475 4252 1639 4311 atque
1676 4242 2117 4298 communicandi

526 4334 793 4387 studium.
832 4333 937 4389 Sed
970 4336 1140 4389 multo
1172 4335 1345 4403 magis
1376 4334 1479 4387 hoc
1511 4336 1651 4388 inter
1692 4334 1943 4389 homines
1987 4350 2121 4390 con-

528 4428 781 4481 stituturn
810 4438 913 4483 est.
945 4426 1083 4481 Nam
1118 4428 1163 4482 si
1195 4428 1339 4496 quod
1391 4427 1571 4481 minus
1596 4442 1717 4482 esse
1770 4427 2003 4493 videtur,
2037 4437 2119 4482 ta-

2218 1935 2482 2004 ἀναιρεῖν.
2518 1934 2670 1986 Ἐπεὶ
2692 1933 2751 1987 δὲ
2781 1932 2841 1986 τὸ
2875 1932 3005 2002 παρ’
3039 1932 3170 2001 ἡμῖν
3196 1928 3407 2000 γραφὲν
3437 1930 3498 1981 οὑ
3538 1927 3658 1997 περὶ
3679 1944 3790 1980 παν-

2217 2027 2306 2090 τὸς
2334 2028 2528 2095 ἀλόγου
2566 2026 2705 2091 ζώου
2740 2026 2901 2079 τοῦτο
2927 2016 3351 2092 ἐπαγγέλλεται,
3400 2023 3497 2075 καὶ
3530 2021 3787 2092 ματαιολο⁸

2219 2122 2355 2186 γεῖς,
2407 2119 2469 2173 τὺ
2508 2120 2888 2175 κακόπλαστον
2930 2119 3165 2187 εἰσάγων
3216 2117 3399 2186 δρᾶμα
3436 2116 3535 2167 καὶ
3588 2115 3787 2183 ὑποκρι-

2219 2210 2442 2280 νόμενος
2463 2228 2476 2241 ·
2510 2210 2632 2264 τίνα
2658 2210 2766 2282 γὰρ
2790 2210 2885 2264 καὶ
2911 2210 3020 2262 τῶν
3048 2211 3221 2279 μικρὰ
3246 2208 3477 2278 συνορᾷν
3504 2206 3788 2274 δυναμένων

2218 2301 2467 2373 λέληθεν,
2504 2303 2586 2356 ὅτι
2627 2304 2726 2373 οὑχ
2764 2304 2982 2357 ἅπαντα
3017 2301 3086 2355 τὰ
3116 2301 3230 2369 είδη
3266 2300 3375 2353 τῶν
3409 2299 3571 2363 ζώων
3603 2295 3788 2350 συναλί-

2220 2394 2408 2459 ζεσθαι
2437 2395 2528 2448 καὶ
2556 2395 2966 2449 συνδιαιτᾶσθαι
2995 2394 3131 2465 πρὸς
3167 2392 3371 2462 ἄλληλα
3402 2393 3619 2459 πέφυκε
3645 2409 3658 2453 ;
3691 2388 3788 2442 Τῶν

2220 2488 2329 2559 γὰρ
2363 2486 2517 2552 ζώων
2543 2488 2611 2541 τὰ
2640 2489 2740 2559 μέν
2766 2491 2873 2542 είσι
2911 2488 3199 2558 μοναδικὰ,
3234 2486 3302 2540 τά
3328 2487 3386 2539 δὲ
3416 2484 3667 2554 ἀγελαῖα,
3714 2482 3789 2535 καὶ

2219 2578 2329 2631 τῶν
2360 2580 2631 2648 ἅγελαίων
2664 2580 2734 2633 τὰ
2765 2581 2863 2651 μὲν
2894 2579 2984 2647 ὑφ’
3032 2580 3268 2649 ἡγεμόνι
3300 2581 3616 2641 τάττονται,
3663 2576 3723 2628 τὰ
3742 2576 3787 2628 δὲ

2223 2669 2303 2725 οὑ.
2327 2671 2636 2743 Ἐκατέρων
2665 2671 2721 2725 δὲ
2748 2672 2954 2725 τούτων
2987 2672 3056 2724 τὰ
3087 2673 3185 2742 μέν
3215 2672 3321 2724 εἱσι
3352 2670 3629 2735 πολιτικὰ,
3666 2669 3726 2721 τὰ
3745 2667 3787 2722 δὲ

2221 2765 2281 2818 οὑ
2305 2782 2316 2793 '
2355 2766 2430 2830 ὼς
2456 2767 2512 2818 ai
2544 2767 2673 2837 περὶ
2702 2766 2882 2820 αὑτῶν
2914 2765 3254 2835 φυσιολογίαι
3283 2767 3377 2819 καὶ
3402 2764 3638 2837 ἱστορίαι
3667 2762 3787 2815 ἐκδι-

2220 2858 2536 2912 δάσκουσιν.
2572 2859 2633 2911 Εἰ
2666 2854 2759 2912 οὖν
2809 2859 2879 2911 τὰ
2911 2860 3009 2928 μέν
3041 2860 3147 2911 εἰσι
3183 2858 3469 2928 μοναδικὰ,
3493 2858 3563 2909 τὰ
3600 2855 3695 2928 [δὲ]
3721 2854 3785 2918 οὔ,

2223 2952 2455 3023 φανερὸν
2478 2953 2559 3005 ὅτι
2582 2952 2652 3005 τά
2687 2952 2786 3024 μὲν
2821 2952 3200 3016 συναλίζεσθαι
3237 2952 3375 3019 μετὰ
3400 2950 3510 3003 τῶν
3541 2950 3788 3019 ὁμογενθν

2223 3045 2457 3112 πέφυκε,
2496 3044 2567 3098 τὰ
2583 3045 2640 3098 δὲ
2676 3044 2769 3116 μή.
2822 3043 2887 3097 Εἰ
2916 3044 2973 3099 δὲ
2996 3044 3153 3097 τοῦτο
3181 3043 3354 3106 οῦτως
3389 3043 3526 3112 ἔχει,
3562 3041 3719 3103 οὐδεὶς
3738 3039 3789 3092 ἂν

2226 3138 2585 3209 ἀδιάστροφον
2623 3137 2793 3209 φρένα
2822 3138 2985 3207 ἔχων,
3024 3136 3148 3190 οῦτε
3178 3139 3289 3189 νοεῖ
3316 3134 3442 3189 οὔτε
3489 3135 3686 3206 γράφει
3722 3132 3786 3195 τὸ,

2227 3230 2413 3284 Πάντα
2443 3230 2514 3283 τά
2571 3231 2685 3296 ζῶα
2737 3230 2848 3300 ἔχει
2890 3231 2950 3283 τὸ
3007 3228 3388 3294 συναλίζεσθαι
3428 3230 3567 3297 πρὸς
3613 3226 3787 3293 ἄλληλα

2227 3324 2321 3375 καὶ
2376 3324 2819 3378 συνδιαιτᾶσθαιο
2870 3324 2994 3377 ὅθεν
3046 3323 3167 3377 οὐδὲ
3216 3324 3406 3393 ἡμεῖς’
3458 3322 3576 3376 ἀλλ’
3629 3318 3787 3385 ἐπειδὴ

2230 3415 2518 3470 ίδιαίτατον
2546 3416 2835 3487 γνώρισμα
2863 3417 2954 3470 καὶ
2982 3414 3483 3487 χαρακτηριστικὸν
3524 3411 3786 3466 ἔνεστιτώ

2228 3508 2433 3578 κυρίως
2463 3509 2784 3563 κοινωνικοῦ
2836 3509 3002 3574 ζὼου,
3036 3511 3063 3562 ὃ
3093 3526 3151 3561 τε
3189 3508 3346 3577 λόγος
3375 3507 3468 3561 καὶ
3496 3508 3530 3576 ή
3563 3508 3788 3575 φρόνησις

2226 3603 2321 3653 καὶ
2347 3602 2380 3669 ἡ
2415 3603 2552 3671 μετὰ
2578 3601 2738 3669 λόγου
2774 3600 2978 3668 κρίσις,
3005 3601 3095 3655 διά
3119 3617 3201 3653 τοι
3227 3598 3387 3652 τοῦτο
3422 3600 3516 3651 καὶ
3543 3598 3694 3665 λόγου
3715 3594 3786 3648 τοῦ

2226 3691 2426 3758 ἔξωθεν
2472 3693 2667 3761 ἐδεήθη
2698 3695 2726 3746 ό
2758 3694 3042 3764 ἄνθρωπος
3063 3732 3079 3758 ,
3117 3692 3191 3753 ὡς
3220 3684 3287 3745 a‘v
3323 3691 3393 3745 τὰ
3431 3692 3488 3744 ὲν
3522 3691 3672 3761 βάθει
3696 3688 3786 3742 κεί-

2230 3799 2370 3853 μενα
2407 3784 2656 3853 νοήματα
2696 3786 2775 3847 εἰς
2826 3784 2941 3853 φῶς
2975 3784 3174 3850 ἔξωθεν
3207 3783 3409 3853 ἄγηται
3443 3783 3541 3835 καὶ
3572 3784 3677 3844 τοῖς
3707 3779 3785 3835 πέ-

2227 3877 2325 3941 λας
2374 3877 2753 3946 κοινοποιῆται
2782 3896 2797 3909 ·
2855 3877 2977 3931 ὅθεν
3009 3879 3102 3930 καὶ
3141 3877 3301 3946 φύσει
3340 3878 3554 3948 ἥμερον
3602 3877 3727 3940 ζῶον
3764 3875 3786 3926 ό

2226 3969 2548 4040 ἄνθρωπος,
2606 3972 2701 4024 καὶ
2770 3975 3081 4025 κοινωνικὸν
3135 3972 3272 4036 ζῶον
3328 3972 3533 4042 κυρίως
3585 3968 3787 4025 ἐνταῦθά

2226 4060 2503 4115 ὲστιν.⁹Εν
2527 4061 2583 4114 δὲ
2617 4065 2727 4122 τοῖς
2753 4062 2969 4129 ἀλόγοις
3004 4061 3162 4125 ζώοις
3204 4061 3377 4114 ἅπασι
3400 4062 3460 4114 τό
3488 4078 3546 4113 τε
3577 4076 3787 4114 κοινωνι-

2225 4153 2320 4207 κὸν
2368 4156 2462 4207 καὶ
2489 4154 2650 4223 φύσει
2683 4156 2892 4224 ἥμερον
2926 4156 3130 4226 κυρίως
3158 4156 3258 4208 οὑκ
3309 4155 3517 4208 ἔνεστιν
3541 4171 3555 4184 ο
3589 4153 3784 4223 εὕρηται

2225 4246 2281 4300 δὲ
2316 4246 2392 4310 ὡς
2433 4246 2525 4301 ἐπί
2556 4264 2720 4299 τινων
2751 4247 2858 4299 τῶν
2906 4248 3120 4314 ἀλόγων
3149 4246 3305 4311 ζώων
3338 4245 3497 4301 τοῦτο
3532 4243 3785 4307 συναλίζε-

2227 4340 2351 4394 σθαι
2402 4343 2496 4393 καὶ
2528 4340 2935 4394 συνδιαιτᾶσθαι
2981 4342 3073 4393 καὶ
3106 4341 3532 4395 κοινοποιεῖσθαι
3558 4358 3574 4374 ·
3630 4337 3784 4405 πολλῷ

2230 4434 2430 4503 μᾶλλον
2463 4434 2554 4486 καί
2584 4434 2677 4486 ἐπὶ
2708 4433 2815 4485 τῶν
2845 4433 3150 4503 ἀνθρώπων
3180 4432 3340 4486 τοῦτο
3364 4432 3585 4503 θεμιτὸν
3608 4436 3668 4486 ἂν
3690 4432 3777 4497 εἴη.

529 4538 653 4575 men
697 4530 779 4575 est
811 4562 826 4586 ,
876 4523 1049 4576 multo
1086 4521 1260 4590 magis
1313 4520 1457 4591 quod
1495 4521 1726 4589 amplius
1756 4530 1877 4575 est:
1911 4530 2115 4590 quanto

2222 4526 2283 4578 Εί
2315 4526 2422 4596 γάρ
2468 4524 2528 4578 τὸ
2573 4519 2732 4596 ἦττον
2788 4524 2978 4578 δοκοῦν
3014 4525 3279 4595 ὑπάρχειν
3324 4526 3580 4594 ὑπάρχει,
3626 4520 3779 4590 πολλῷ

506 4615 739 4667 scilicet
768 4614 1185 4668 convenientius
1214 4612 1513 4682 utiliusque
1552 4623 1637 4667 est
1682 4613 1997 4667 conversari
2046 4614 2125 4667 si-

502 4707 754 4775 ‘mulque
787 4708 968 4760 vivere
987 4721 1113 4760 cum
1153 4709 1494 4776 homogeneo
1534 4721 1635 4762 suo
1670 4705 1970 4769 hominem,
2001 4705 2119 4757 ani-

504 4802 641 4854 .mal
680 4801 940 4854 nimirum
978 4801 1250 4871 praecipue
1292 4801 1497 4856 sociale
1525 4842 1539 4865 ,
1577 4809 1630 4853 et
1680 4810 1871 4868 suapte
1924 4810 2119 4853 natura

498 4930 501 4933 γ
529 4894 704 4948 cicur.
733 4892 847 4947 Hoc
891 4893 1036 4947 enim
1068 4903 1122 4949 et
1153 4910 1254 4950 nos
1290 4909 1400 4964 prie
1425 4893 1599 4949 oculis
1629 4892 1895 4948 habentes
1915 4932 1930 4958 ,
1964 4892 2120 4947 vobis

498 4990 875 5055 scripsimus.

602 5082 690 5134 ιε.
745 5081 928 5135 Denuo
982 5078 1340 5149 progrediens
1399 5076 1467 5129 ad
1504 5076 1671 5130 alium
1717 5074 1903 5144 scripti
1947 5074 2119 5128 nostri

530 5176 732 5241 locum,
750 5189 989 5243 eumque
1016 5172 1257 5227 refutare
1270 5169 1669 5232 eonnitens,ita
1690 5168 1888 5223 scribis
1915 5185 1927 5221 :
1955 5167 2121 5222 «Cte-

498 5269 680 5322 -dinm
713 5268 832 5323 alite
886 5268 1049 5322 licita:
1077 5274 1225 5330 sunt,
1271 5264 1395 5318 alia:
1446 5262 1669 5316 illicitae.
1726 5261 2118 5326 lllicitumest,

500 5372 693 5431 prout
724 5375 918 5431 reapse
974 5374 1004 5413 a
1057 5358 1169 5412 Deo
1197 5365 1437 5421 velatur,
1463 5355 1712 5410 occidere
1753 5352 1965 5407 ﬁdelem
2004 5354 2117 5422 pri-

529 5462 655 5507 vato
690 5453 1004 5522 proposito:
1032 5450 1332 5520 legitimum
1383 5458 1565 5502 autem
1596 5457 1679 5501 est
1711 5446 1963 5501 occidere
1991 5460 2116 5499 eum

528 5549 620 5619 qui
654 5548 893 5601 dandum
927 5554 1114 5599 censet
1144 5542 1253 5597 Deo
1285 5542 1551 5607 sodalem,
1584 5540 1810 5594 ethunc
1860 5540 1977 5608 pari
2017 5554 2115 5607 po-

526 5640 695 5696 tentia
727 5638 1010 5708 praeditum
1044 5636 1360 5707 contingit.»
1389 5633 1514 5689 Haec
1536 5633 1667 5689 dum
1706 5631 1927 5693 scribis,
1961 5630 2117 5685 indo-

2224 4617 2424 4686 μᾶλλον
2459 4618 2552 4670 καὶ
2577 4618 2636 4669 τὸ
2669 4618 2871 4687 μᾶλλον
2892 4634 2903 4645 ·
2947 4618 3083 4688 ὅπερ
3114 4617 3390 4686 προσῆκόν
3418 4617 3535 4669 ἐστι
3563 4614 3778 4682 καὶμᾶλ·

2220 4708 2312 4761 λον
2335 4709 2540 4777 ὀφείλει
2573 4709 2635 4761 τὸ
2668 4709 3052 4773 συναλίζεσθαι
3093 4710 3187 4762 καὶ
3228 4708 3633 4761 συνδιαιτᾶσθαι
3662 4705 3776 4772 πρὸς

2219 4800 2281 4853 τὸ
2298 4803 2554 4871 ὁμογενὲς
2570 4802 2659 4855 τὸν
2687 4801 2971 4871 ἄνθρωπον
2998 4801 3071 4863 ὼς
3097 4801 3413 4855 κοινωνικὸν
3439 4801 3576 4865 ζῶον
3599 4803 3776 4868 κ.ιρ’ως

2220 4895 2315 4947 καὶ
2338 4895 2545 4965 ἥμερον
2577 4893 2758 4964 φύσει.
2790 4895 2884 4958 Εἰς
2925 4894 3085 4949 τοῦτο
3114 4895 3224 4967 γὰρ
3248 4894 3344 4947 καὶ
3370 4896 3532 4965 ἡμεῖς
3554 4892 3773 4963 ἀφορῶν-

2226 5005 2317 5050 τες
2345 4988 2483 5059 πρδς
2505 4989 2647 5057 ὑμᾶς
2667 4987 3051 5059 γεγράφαμεν.

2307 5077 2395 5148 ιβ’.
2433 5079 2542 5131 Καὶ
2572 5079 2734 5133 πάλιν
2759 5080 2815 5133 δὲ
2852 5080 3193 5151 μεταϐαίνων
3221 5081 3305 5149 ἐφ’
3329 5081 3517 5151 ἕτερον
3540 5080 3639 5133 τῶν
3671 5073 3779 5143 παρ’

2230 5174 2363 5243 ἡμῖν
2422 5173 2766 5244 γραφέντων,
2802 5174 2897 5228 καὶ
2955 5173 3117 5227 τοῦτο
3178 5175 3440 5238 ὡσαύτως
3473 5173 3777 5245 πειμῦμενῦς

2228 5264 2643 5328 ἁνασκευάξειν,
2680 5265 2913 5337 γράφεις
2935 5259 3038 5320 ὦδε
3067 5281 3080 5295 ο
3114 5284 3133 5317 ι
3154 5267 3275 5320 Τῶν
3297 5267 3476 5334 φόνων
3504 5268 3551 5319 at
3579 5264 3669 5335 μέν
3690 5262 3776 5313 εἰσι

2218 5354 2463 5424 μθεμιτοὶ,
2496 5357 2544 5408 οἱ
2582 5357 2638 5410 δὲ
2668 5357 2948 5428 ἀθέμιτον
2983 5359 3078 5411 καὶ
3113 5358 3377 5428 ἀθέμιτόν
3404 5360 3569 5422 ἐστιν,
3599 5356 3623 5409 ὃ
3654 5355 3776 5406 κάπο-

2226 5449 2533 5519 τέτραπται
2582 5450 2738 5522 παρὰ
2767 5452 2927 5515 Θεοῦ,
2961 5452 3021 5506 τὸ
3052 5452 3300 5521 φονεύειν
3350 5452 3543 5505 πιστὸν
3596 5451 3655 5516 τῇ
3687 5443 3775 5511 ἱδίὲ

2225 5541 2548 5611 προαιρέσει
2577 5558 2591 5572 ’
2634 5543 2856 5615 ἔννομον
2889 5544 2945 5596 δὲ
2976 5546 3071 5598 καὶ
3100 5545 3341 5615 θεμιτὸν,
3383 5544 3446 5598 τὸ
3481 5541 3706 5614 φονεύειν
3728 5536 3773 5588 τὸ

2222 5632 2514 5699 δοξάζοντα
2544 5635 2907 5704 συγκοινωνὸν
2929 5636 3023 5691 τοῦ
3037 5635 3175 5692 Θεοῦ
3198 5635 3275 5709 (6)
3293 5636 3389 5692 καὶ
3402 5635 3772 5693 ἀναπλάττοντα

602 5818 680 5891 (6)
708 5818 833 5875 Sur.
864 5817 999 5885 Vlll,
1034 5816 1105 5872 lX
1134 5828 1187 5873 et
1216 5818 1362 5873 alibi.
1396 5815 1598 5873 Confer
1624 5826 1772 5871 retro
1811 5816 1917 5870 col.
1953 5814 2058 5870 685
2101 5825 2154 5871 et
2185 5816 2311 5882 76l,
2345 5833 2467 5872 cum
2500 5819 2875 5873 annotatione.
