3882 6474
266 348 361 414 837

1404 334 1840 400 REFUTATIO
1880 338 2359 402 MOHAMEDIS.

3392 341 3502 407 838
3562 318 3573 327 “

268 458 584 524 ξσοδύναμον.
624 471 643 505 ι
709 450 897 507 Ταῦτα
931 453 1031 522 μὲν
1075 454 1300 522 γράφων
1349 455 1423 517 ὡς
1478 454 1665 525 ἀμαθῆ
1728 454 1821 507 καὶ

1949 463 2073 508 :tum
2094 463 2147 509 te
2163 464 2217 509 et
2235 455 2481 511 omnium
2531 471 2715 511 rerum
2744 457 2993 527 ignarum
3017 456 3263 512 exhibes.
3286 454 3502 515 Etenim.

264 552 490 624 ἀμύητον
516 545 690 612 πάντη
743 545 849 598 τῶν
886 546 1231 614 πραγμάτων
1268 547 1497 600 σεαυτὸν
1544 548 1820 614 εἰσάγεις·

264 646 373 701 οὐδὲ
399 641 498 711 γὰρ
526 636 767 708 συνῆκας
793 638 874 691 ὅτι
907 640 1015 700 πᾶς
1045 639 1227 705 φόνος,
1329 639 1488 707 φόνος
1520 639 1659 703 ἐστὶ,
1696 656 1826 706 φευ-

262 737 380 799 κτὸς
428 732 516 785 καὶ
569 730 963 798 ἁποτρόπαιος.
1014 730 1171 801 εἴπερ
1200 732 1407 795 κακός·
1456 730 1517 783 τὸ
1566 731 1623 783 δὲ
1656 730 1826 783 κακὸν

262 830 399 884 ’ἁπαν
449 824 507 875 οὑ
543 821 795 891 θεμιτόν·
825 824 921 875 καὶ
950 823 1031 875 ὅτι
1079 822 1250 875 κακὸν
1280 823 1307 874 ὁ
1343 822 1524 889 φόνος.
1574 822 1827 875 ἐντεῦθεν

262 920 442 989 δῆλον⁹
480 916 592 977 Πᾶς
620 915 799 982 φόνος,
904 915 1062 982 φόνος
1092 914 1259 975 ἐστὶν,
1286 913 1318 985 ἢ
1349 914 1523 982 φθορά
1557 916 1704 966 ἐστιν
1734 914 1826 966 ἀν-

262 1010 489 1080 θρώπου,
520 1005 552 1077 ἢ
606 1004 813 1075 φθορᾶς
843 1005 1127 1077 ποιητικός
1169 1006 1317 1058 ἐστιν
1348 1004 1665 1076 ἀνθρώπων
1697 1007 1724 1057 ό
1771 1006 1827 1059 δὲ

261 1101 533 1171 ἄνθρωπος
562 1097 761 1167 μᾶλλον
792 1097 957 1151 καλὸν
997 1098 1091 1151 καὶ
1128 1098 1329 1168 μᾶλλον
1357 1098 1561 1166 ἀγαθὸν
1590 1098 1699 1152 τῶν
1736 1100 1827 1150 ἐπὶ

262 1184 385 1265 γῆς·
413 1190 570 1261 εἴπερ
603 1190 662 1243 τὸ
693 1188 999 1259 πρώτιστον
1030 1190 1241 1259 κτίσμα
1261 1190 1398 1243 Θεοῦ
1428 1191 1535 1244 τῶν
1566 1193 1657 1244 ἐπὶ
1681 1195 1781 1260 γῆς
1811 1207 1826 1222 ⁶

264 1283 539 1348 συνάγεται
560 1282 687 1351 ἄρα·
709 1282 823 1343 Πᾶς
846 1276 1072 1354 φόνος,ᾖ
1097 1281 1252 1350 φόνος
1278 1282 1445 1347 ἐστὶν,
1469 1283 1672 1350 ἀγαθοῦ
1688 1301 1827 1345 τινος

261 1373 482 1447 ἢφθορὰ
507 1374 539 1442 ἦ
566 1374 773 1443 φθορᾶς
818 1374 1131 1443 ποιητικόν·
1162 1376 1209 1427 εἰ
1243 1375 1299 1427 δὲ
1340 1375 1520 1438 τοῦτο,
1553 1375 1674 1429 καθ’
1700 1376 1829 1428 αὐτὸ

262 1466 441 1520 κακόν.
482 1465 605 1517 Τῶν
631 1466 741 1535 γὰρ
783 1466 1003 1533 ἀγαθῶν
1032 1469 1086 1519 αἱ
1122 1468 1338 1537 φθοραὶ,
1383 1469 1477 1521 καὶ
1505 1469 1571 1521 τὰ
1624 1469 1829 1522 τούτων

264 1555 554 1629 φθαρτικὰ,
592 1558 810 1619 πάντως
842 1557 957 1608 ἐστὶ
984 1558 1128 1610 κακά
1150 1574 1162 1587 ·
1188 1558 1379 1629 ῶσπερ
1407 1560 1512 1611 τῶν
1542 1559 1726 1611 κακῶν
1772 1560 1829 1611 αἱ

263 1648 469 1721 φθοραὶ,
506 1648 698 1701 καὶτὰ
728 1648 1003 1719 φθαρτικὰ
1050 1650 1256 1702 τούτων
1285 1651 1496 1718 ἀγαθάο
1539 1650 1682 1703 οὕτω
1720 1652 1831 1720 γὰρ

262 1747 385 1815 ἡμῖν
430 1743 485 1794 αἱ
521 1742 700 1794 κοιναὶ
735 1743 936 1795 ἔννοιαι
965 1742 1059 1795 καὶ
1100 1743 1153 1795 αἱ
1182 1742 1528 1811 φιλοσοφικαὶ
1563 1743 1831 1815 μαθήσεις

260 1835 687 1888 ἐκδιδάσκουσιν.
732 1833 793 1885 El
825 1833 917 1886 οὖν
949 1836 1056 1897 πᾶς
1090 1836 1269 1903 φόνος,
1365 1836 1523 1904 φόνος
1550 1837 1716 1900 ἐστὶν,
1744 1835 1830 1889 δέ-

259 1924 558 1980 δεικταιῶν
591 1926 782 1995 κακὸς,
810 1926 970 1995 δῆλον
996 1928 1077 1979 ὅτι
1112 1929 1205 1979 καὶ
1230 1928 1290 1980 ού
1340 1927 1591 1998 θεμιτός·
1627 1929 1690 1981 τὸ
1727 1929 1835 1999 γὰρ

261 2020 425 2073 κακὸν
454 2020 590 2083 πᾶν,
628 2018 689 2071 ού
715 2018 936 2088 θεμιτόν
954 2034 968 2048 ’
996 2018 1203 2089 γίνεται
1239 2020 1295 2073 δὲ
1319 2021 1490 2073 ἐνίοτε
1518 2023 1659 2075 κατὰ
1698 2039 1837 2092 συμ-

260 2111 483 2181 6ε6ηκδς
512 2110 743 2177 ἀγαθόν.
789 2108 912 2163 Τῶν
942 2110 1053 2182 γὰρ
1103 2110 1272 2164 όντων
1317 2112 1387 2165 τὰ
1442 2114 1542 2183 μὲν
1578 2115 1684 2166 εἰσι
1714 2113 1836 2166 καθ’

260 2202 395 2256 αὐτὰ
430 2201 620 2270 ἀγαθά
642 2216 657 2231 ⁶
673 2202 883 2271 γίνεται
909 2203 965 2256 δὲ
981 2190 1136 2256 τκατὰ
1160 2204 1510 2275 συμϐεϐηκὸς
1538 2205 1705 2267 κακὰ,
1726 2200 1837 2259 οἷον

260 2294 594 2366 ἐλεημοσύνη
617 2311 631 2325 '
669 2296 737 2348 τὰ
759 2296 815 2348 δὲ
847 2296 966 2350 καθ’
992 2294 1134 2349 αὐτὰ
1163 2296 1263 2366 μέν
1285 2297 1392 2349 εἱσι
1424 2299 1598 2351 κακά·
1629 2299 1839 2367 γίνεται

258 2389 311 2441 δὲ
344 2388 488 2440 κατὰ
521 2387 875 2459 συμϐεϐηκὸς
911 2387 1114 2457 ἀγαθὰ,
1147 2385 1259 2442 οἷον
1304 2388 1367 2441 τὸ
1397 2389 1594 2459 ψεῦδος
1624 2390 1701 2461 t7)
1725 2407 1738 2420 ·
1771 2392 1840 2445 τὰ

259 2480 454 2532 δὲκαθ’
487 2480 633 2532 αὐτὰ
675 2482 773 2551 μὲν
794 2482 855 2533 τδ
889 2480 1171 2553 οὐδέτερον
1201 2481 1313 2551 ἔχει
1335 2498 1349 2513 ⁸
1385 2483 1527 2535 κατὰ
1558 2484 1838 2555 συμϐεϐη-

263 2571 349 2631 κὸς
403 2569 462 2622 δὲ
516 2571 977 2641 ἐπαμφοτερίζει,
1002 2567 1114 2625 οἷον
1154 2572 1407 2638 πλοῦτος,
1444 2574 1616 2643 ἰσχὺς,
1648 2576 1741 2629 καὶ
1774 2576 1841 2628 τὰ

262 2662 660 2733 παραπλήσιαυ
696 2667 785 2716 καὶ
820 2665 889 2717 τὰ
926 2665 1025 2733 μὲν
1060 2664 1181 2719 καθ’
1218 2668 1356 2718 αὐτὰ
1378 2665 1598 2734 Δἀγαθὰ.
1625 2668 1710 2720 ἀεὶ
1742 2667 1841 2735 μὲν

262 2755 338 2807 δεῖ
361 2755 639 2822 γίνεσθαι,
672 2756 704 2826 ἢ
736 2756 812 2819 ὡς
842 2758 933 2810 ἐπὶ
961 2758 1020 2810 τὸ
1052 2758 1185 2811 πολύ
1210 2775 1223 2790 ·
1258 2760 1483 2830 τοιαύτη
1529 2760 1639 2830 γὰρ
1672 2762 1706 2830 ἡ
1742 2760 1843 2829 φύ-

263 2864 343 2908 et;
375 2847 483 2899 τῶν
510 2847 641 2899 καθ’
669 2848 799 2900 αὐτὸ
828 2848 1073 2916 ἀγαθῶν.
1123 2849 1205 2901 Τὰ
1247 2849 1301 2902 δὲ
1345 2850 1466 2904 καθ’
1510 2851 1641 2903 αὐτὸ
1673 2851 1841 2919 κακὰ,

261 2939 520 3009 ἔμπαλιν⁸
562 2940 597 3009 ἦ
640 2941 726 2992 ἀεὶ
769 2941 869 3009 μὲν
916 2943 976 2994 ού
1024 2942 1106 2994 δεῖ
1148 2943 1415 3010 γίνεσθαι,
1465 2944 1604 3017 ἢὼς
1646 2945 1739 2997 ἐπὶ
1784 2944 1846 2997 τὸ

261 3031 412 3096 πολὺ,
445 3032 569 3084 ἀλλ’
620 3033 945 3087 ὲπέλαττον»
987 3033 1214 3105 τοιαύτη
1272 3035 1382 3106 γὰρ
1430 3039 1525 3089 καὶ
1570 3036 1776 3091 τούτων
1812 3037 1845 3107 ή

1926 564 2034 602 non
2068 549 2344 617 intelligis,
2377 564 2594 603 omnem
2626 549 2848 610 caedem,
2882 558 3150 618 quatenus
3177 549 3353 604 e:edes
3383 561 3486 611 est,

1925 638 2199 691 vitandam
2232 652 2353 691 esse
2377 646 2428 692 ει
2446 637 2826 702 aversandatn,
2849 645 3035 706 utpote
3087 639 3303 689 malam.
3338 634 3506 690 Porro

1928 730 2133 782 nullum
2162 728 2362 783 malum
2381 729 2525 784 licet.
2545 728 2697 794 Quod
2730 739 2909 782 autem
2939 728 3075 781 mala
3110 742 3197 782 res
3226 726 3506 790 siti-mdes,

1928 819 2056 873 hinc
2091 821 2179 873 ﬁet
2210 819 2561 873 manifestum
2592 838 2604 873 :
2639 817 2829 874 Omnis
2860 819 3057 884 credes,
3100 830 3370 887 quatenus
3399 833 3507 873 cte-

1932 912 2029 966 des
2090 920 2197 974 est,
2232 913 2530 967 destructio
2593 922 2677 967 est
2724 913 2982 979 hominis,
3030 912 3143 967 sive
3204 927 3368 966 causa
3427 920 3510 966 est

1927 1003 2241 1059 destruendi
2268 1005 2532 1060 hominis.
2569 1005 2798 1059 Homine
2833 1015 3013 1059 autem
3059 1005 3195 1059 nihil
3229 1004 3509 1074 pulchrius

1931 1096 2193 1150 meliusve
2226 1096 2279 1149 in
2314 1106 2459 1150 terra
2494 1110 2749 1150 versatur
2770 1138 2785 1162 ,
2812 1098 3079 1167 siquidem
3126 1098 3398 1167 praecipua
3430 1107 3513 1151 est

1930 1196 2236 1243 creatarum
2276 1204 2303 1241 a
2337 1188 2443 1243 Deo
2469 1189 2520 1241 in
2555 1199 2694 1243 terra
2727 1206 2936 1244 rerum.
2973 1190 3329 1244 Concluditur
3383 1205 3513 1259 ergo

1930 1296 2145 1335 omnem
2182 1282 2400 1344 caedem,
2438 1292 2708 1350 quatenus
2752 1284 2926 1337 caedes
2949 1294 3051 1344 est,
3093 1284 3216 1337 boni
3279 1283 3514 1352 alicujus

1931 1373 2354 1435 destructionem
2385 1389 2528 1439 esse,
2566 1375 2645 1427 vel
2671 1389 2893 1427 oausam
2924 1374 3332 1428 destructionis.
3359 1374 3512 1439 Quod

1932 1465 1976 1517 si
2032 1464 2104 1515 ita
2133 1473 2235 1524 est,
2267 1464 2440 1517 caedes
2474 1480 2567 1534 βυτ
2614 1480 2673 1519 εε
2711 1470 2851 1517 ma'a
2899 1474 3004 1517 est.
3054 1463 3188 1517 Nam
3250 1467 3513 1518 bonarqu

1934 1570 2115 1608 rerum
2138 1556 2541 1608 destructionvs
2562 1565 2615 1610 et
2651 1556 2843 1609 harum
2870 1572 3069 1621 causae,
3106 1557 3331 1609 omnino
3364 1558 3519 1611 make

1908 1654 2059 1699 ’sunt
2095 1664 2106 1697 :
2137 1649 2276 1700 sicut
2304 1646 2540 1701 vicissim
2568 1647 2835 1700 malarum
2869 1663 3048 1700 rerum
3082 1649 3507 1709 destructiones,

1934 1747 1985 1792 et
2019 1740 2208 1791 harum
2243 1755 2444 1804 causae,
2489 1740 2642 1793 bona:
2676 1751 2816 1793 sunt.
2855 1740 3065 1810 Quippe
3096 1742 3167 1795 ita
3200 1757 3521 1794 eouununes

1940 1833 2192 1886 notiones
2225 1841 2277 1886 et
2310 1833 2707 1904 philosophica:
2738 1833 3039 1902 disciplina:
3076 1849 3175 1890 nos
3205 1834 3424 1890 docent.
3464 1832 3521 1888 Si

1938 1940 2065 1996 ergo
2098 1926 2278 1979 omnis
2306 1928 2501 1987 caedes,
2539 1942 2643 1995 qua
2678 1927 2853 1981 caedes
2906 1934 3012 1993 est,
3066 1927 3211 1981 mala
3266 1942 3388 1981 esse
3431 1927 3525 1981 de-

1939 2026 2307 2083 monstratur,
2367 2028 2514 2088 patet
2567 2034 2685 2072 eam
2736 2035 2804 2073 ne
2836 2019 3057 2091 lit-itam
3108 2020 3326 2089 quidem
3364 2035 3510 2074 esse.

1937 2108 2157 2164 Nullum
2181 2112 2381 2181 quippe
2411 2110 2613 2164 malum
2636 2112 2793 2165 licet:
2822 2113 2913 2166 sed
2947 2112 2996 2164 id
3022 2121 3202 2165 tamen
3230 2111 3527 2181 aliquando

1940 2219 2035 2272 per
2084 2202 2343 2258 accidens
2381 2204 2434 2257 in
2477 2204 2684 2257 bonum
2747 2205 3113 2258 convertitur.
3159 2201 3293 2258 Nam
3340 2219 3527 2258 rerum

1942 2296 2061 2348 alia:
2081 2304 2208 2348 sunt
2237 2310 2333 2363 per
2358 2310 2416 2348 se
2447 2295 2623 2360 bonae,
2663 2296 2753 2349 sed
2783 2296 2918 2348 liunt
2950 2310 3042 2361 per
3072 2294 3326 2348 accidens
3348 2293 3526 2358 make,

1940 2388 2090 2441 velut
2119 2387 2485 2458 eleemosyua.
2507 2385 2639 2439 Αιίεε
2674 2401 2769 2454 per
2800 2401 2859 2440 se
2893 2386 3049 2439 mala:
3086 2395 3233 2447 sunt,
3262 2384 3355 2437 sed
3394 2385 3532 2437 llunt

1942 2495 2037 2547 per
2086 2481 2338 2533 accidens
2374 2480 2530 2533 bonae
2560 2518 2575 2543 ,
2615 2479 2762 2531 velut
2804 2478 3167 2532 mendacium.
3203 2476 3337 2529 Alia:
3377 2476 3533 2531 deni-

1942 2589 2048 2643 que
2079 2588 2174 2643 per
2212 2587 2270 2627 se
2310 2572 2527 2641 quidem
2561 2571 2805 2625 neutrius
2852 2570 3211 2632 conditionis.
3246 2584 3342 2638 per
3389 2568 3535 2623 acci-

1945 2667 2078 2720 dens
2108 2674 2288 2720 autem
2326 2665 2378 2717 in
2405 2665 2721 2718 alterutram
2758 2672 2964 2732 partem
2997 2662 3348 2727 inclinantur,
3383 2663 3535 2715 velut

1944 2759 2169 2821 divitia,
2202 2760 2365 2823 vires,
2394 2766 2447 2810 et
2477 2758 2697 2812 similia.
2724 2754 2880 2809 Eteze
2900 2756 3117 2824 quidem
3154 2771 3240 2808 res
3268 2770 3387 2824 quae
3408 2763 3538 2809 sunt

1947 2867 2041 2919 per
2073 2866 2131 2905 se
2172 2850 2346 2912 bonae,
2403 2864 2619 2919 semper
2670 2848 2783 2901 lieri
2838 2849 3076 2913 debent,
3107 2849 3189 2901 vel
3224 2858 3368 2901 certe
3418 2848 3535 2917 ple-

1946 2960 2183 3015 rumque
2212 2962 2225 2996 :
2262 2944 2383 2997 talis
2417 2946 2561 2996 enim
2581 2950 2663 2996 est
2692 2958 2873 2995 rerum
2909 2957 3003 3011 per
3035 2957 3093 2996 se
3135 2942 3403 2994 bonarum
3438 2956 3538 2993 tta-

1951 3045 2090 3088 tura.
2130 3034 2415 3089 Contraria
2449 3034 2588 3087 ratio
2626 3043 2708 3087 est
2755 3046 2939 3085 rerum
2988 3048 3083 3101 per
3117 3048 3177 3086 se.
3234 3033 3526 3095 malarum,

261 3124 418 3193 φύσις
438 3143 451 3156 ·
483 3125 560 3177 τὰ
583 3125 639 3178 δὲ
675 3125 799 3180 καθ’
825 3127 966 3181 αὐτὰ
991 3128 1053 3181 τὸ
1079 3127 1360 3199 οὐδέτερον
1387 3128 1582 3198 ἔχοντα
1608 3128 1695 3183 ἐπ’
1727 3129 1844 3199 ἴσης

1957 3141 2078 3196 qua:
2107 3126 2191 3180 vel
2225 3141 2505 3195 nunquam
2541 3125 2654 3178 fieri
2687 3125 2907 3188 debent,
2934 3124 3016 3177 vel
3048 3140 3193 3187 raro,
3229 3134 3281 3177 et
3311 3124 3539 3180 minima

261 3218 451 3289 ἔκειτό
474 3235 535 3270 τε
572 3219 821 3286 γίνεσθαι
852 3220 945 3272 καὶ
970 3220 1068 3290 μή.
1109 3220 1263 3273 Ἐπεὶ
1297 3215 1391 3274 οὖν
1418 3221 1513 3272 καὶ
1557 3222 1716 3290 φόνος
1740 3220 1848 3274 τῶν

262 3309 380 3363 καθ’
409 3311 546 3363 αὐτὸ
582 3311 769 3363 κακῶν
792 3312 908 3363 ἐστι
933 3310 1112 3383 (τοῦτο
1137 3312 1244 3381 γὰρ
1271 3312 1403 3381 ἡμῖν
1425 3313 1847 3385 ἀποδέδεικται)ο

261 3404 321 3456 τὸ
343 3405 399 3457 δὲ
438 3405 571 3457 καθ’
612 3405 743 3458 αὐτὸ
791 3407 984 3471 κακὸν,
1016 3407 1398 3478 κατὰπρῶτον
1428 3407 1609 3475 λόγον,
1647 3409 1679 3481 ἢ
1713 3409 1849 3475 ὅλως

264 3497 322 3549 ού
356 3498 439 3550 δεῖ
471 3497 753 3566 γίνεσθαι,
779 3497 811 3569 ἢ
835 3497 909 3562 ὡς
932 3498 1023 3550 ἐπὶ
1046 3499 1107 3551 τὸ
1133 3500 1265 3552 πολύ
1292 3518 1303 3530 ·
1329 3501 1427 3553 καὶ
1458 3500 1616 3553 τοῦτό
1651 3503 1767 3555 ἐστι
1790 3503 1851 3555 τὸ

262 3590 477 3661 πρῶτον
506 3591 723 3661 ἀγαθόν
746 3606 759 3620 ·
802 3592 1094 3656 σπανιάκις
1128 3592 1186 3646 δὲ
1226 3593 1438 3661 γίνεται
1467 3595 1609 3648 κατὰ
1642 3596 1851 3665 συμϐε-

267 3683 429 3753 ϋηκὸς
455 3682 673 3751 ἀγαθόν
694 3698 708 3713 ’
741 3683 835 3736 καὶ
864 3683 1023 3737 τοῦτό
1066 3687 1182 3737 ἐστι
1215 3685 1276 3738 τὸ
1331 3685 1603 3760 δευτέρως
1648 3688 1853 3757 ἀγαθὸν

269 3776 353 3828 ιαὶ
378 3776 703 3829 ἐπέλαττον.
726 3775 799 3828 Τὸ
819 3775 876 3829 δὲ
900 3776 1042 3829 κατὰ
1073 3776 1293 3847 πρῶτον
1320 3777 1479 3846 λόγον
1510 3778 1714 3846 ἀγαθὸν
1759 3783 1855 3835 καὶ

262 3868 542 3935 ὲπιπλέον,
566 3869 666 3921 τοῦ
693 3870 834 3922 κατὰ
868 3869 927 3922 τὸ
946 3869 1197 3939 δεύτερον
1230 3871 1324 3924 καὶ
1360 3872 1649 3927 ὲπέλαττον
1678 3875 1850 3942 ὄντος,

264 3960 641 4031 αἱρετώτερον
666 3962 759 4014 καὶ¹
786 3964 1058 4032 κρεῖττον,
1091 3962 1166 4026 ὡς
1197 3967 1251 4016 αἱ
1286 3966 1504 4034 λογικαὶ
1533 3970 1682 4037 ἡμᾶς
1722 3969 1857 4037 μέθ-

267 4052 374 4104 οδοι
426 4052 859 4106 ὲκποιιδεύουσιο
896 4053 957 4105 τὸ
1007 4056 1081 4123 μὴ
1119 4055 1364 4123 φονεύειν
1414 4058 1560 4128 ἄρα,
1610 4061 1705 4113 τοῦ
1761 4078 1856 4129 φο-

264 4144 461 4208 νεύειν,
498 4148 549 4198 ει
580 4147 678 4198 καὶ
709 4147 849 4199 κατὰ
876 4145 1223 4217 συμϐεϐηκὸς
1256 4150 1428 4203 ἐνίοτέ
1461 4154 1606 4206 ἐστιν
1628 4154 1854 4221 ἀγαθὸν,

266 4241 513 4307 κρεῖττον
540 4239 640 4290 καὶ
669 4237 1031 4309 αἱρετώτερον
1050 4256 1065 4270 °
1085 4242 1134 4293 εἰ
1159 4240 1215 4293 δὲ
1237 4242 1413 4307 τοῦτο,
1439 4244 1489 4296 οἱ
1518 4244 1578 4296 τὸ
1609 4246 1855 4314 φονεύειν

265 4331 554 4399 ἐφιέμενοι
598 4332 844 4399 ἀναιρεῖν
868 4334 931 4384 ἐκ
962 4332 1070 4385 τῶν
1090 4332 1419 4405 ἀνθρώπων,
1450 4338 1591 4391 κατὰ
1621 4339 1756 4392 πολὺ
1792 4342 1858 4396 ἂν

262 4421 583 4489 κρείττονες
638 4422 734 4474 καὶ
760 4423 1078 4496 τιμιώτεροι
1108 4427 1370 4496 δειχθεῖεν
1410 4429 1517 4482 τῶν
1557 4430 1632 4502 μὴ
1662 4449 1856 4502 προαι-

1954 3219 2280 3289 quantitate.
2317 3217 2633 3272 Talisenim
2659 3226 2743 3272 est
2764 3219 2958 3270 harum
2991 3228 3211 3270 natura.
3241 3216 3372 3282 Qua?
3392 3216 3542 3270 deni-

1953 3325 2060 3380 que
2086 3326 2179 3380 per
2201 3325 2259 3363 se
2290 3309 2779 3364 neutriusnatum
2804 3317 2951 3367 sunt.
2989 3307 3212 3376 perinde
3243 3317 3321 3360 est
3358 3319 3537 3361 unum

1953 3402 2105 3467 ﬁant,
2150 3418 2218 3456 an
2254 3418 2433 3457 secus.
2459 3400 2614 3468 Quod
2644 3412 2834 3456 autem
2871 3400 3048 3455 caedes
3101 3401 3175 3456 sit
3230 3399 3282 3453 in
3311 3417 3541 3456 numero

1957 3511 2138 3551 rerum
2177 3512 2275 3564 per
2306 3512 2364 3550 se
2419 3496 2710 3559 malarum,
2769 3493 2823 3549 id
2873 3508 2979 3549 nos
3031 3491 3142 3562 jam
3177 3494 3542 3550 ostendimus.

1954 3588 2111 3655 Quod
2144 3603 2273 3643 vero
2320 3604 2418 3658 per
2474 3604 2533 3642 se
2567 3597 2621 3641 ει
2674 3585 3053 3657 principaliter
3099 3584 3303 3638 malum
3339 3594 3442 3651 est,
3488 3586 3544 3663 _id

1957 3682 2038 3736 vel
2070 3681 2298 3735 oumino
2333 3682 2444 3733 lieri
2478 3696 2585 3733 non
2612 3680 2800 3746 debet,
2834 3680 2913 3734 vel
2951 3693 3074 3732 raro
3113 3696 3129 3749 ;
3168 3687 3222 3731 et
3266 3676 3369 3733 hoc
3396 3678 3549 3748 prin-

1960 3773 2205 3842 cipaliter
2261 3773 2463 3825 bonum
2495 3773 2780 3840 estzquod
2819 3789 2940 3827 raro
2978 3783 3164 3829 autem
3194 3776 3251 3828 tit
3284 3788 3380 3843 per
3404 3772 3549 3826 acci-

1959 3867 2093 3921 dens
2130 3867 2354 3929 bonum,
2390 3865 2441 3918 i‘tl
2476 3867 2716 3919 secundo
2774 3866 2892 3919 loco
2924 3867 3129 3920 bonum
3154 3877 3237 3921 est
3281 3881 3345 3919 ac
3384 3865 3549 3935 mini-

1957 3976 2127 4013 mum.
2152 3958 2408 4012 Jamvero
2436 3959 2687 4029 quodest
2733 3960 3057 4029 primigenia
3092 3962 3303 4013 ratione
3338 3959 3547 4012 bonum

1956 4066 2009 4108 et
2048 4054 2216 4125 gradu
2261 4053 2486 4123 majore,
2527 4054 2618 4106 illo
2652 4065 2799 4108 certe
2847 4058 2992 4123 quod
3021 4062 3104 4109 est
3133 4053 3378 4108 secundo
3424 4055 3543 4106 loco

1957 4145 2161 4200 bonum
2195 4155 2248 4200 et
2280 4146 2449 4214 gradu
2517 4146 2745 4211 minore,
2790 4147 3085 4216 Optahilius
3114 4154 3197 4201 est
3235 4156 3289 4201 et
3327 4146 3547 4210 melius.

1958 4247 2119 4308 prout
2160 4253 2258 4292 nos
2289 4238 2479 4308 logica:
2511 4239 2708 4308 regulae
2741 4240 3021 4293 erudiunt.
3058 4238 3198 4310 Ergo
3244 4255 3350 4293 non
3402 4242 3550 4294 occi-
3594 4282 3598 4303 1

1958 4330 2089 4384 dere
2130 4330 2325 4384 melius
2364 4329 2770 4400 Optabiliusque
2821 4340 2905 4384 est
2939 4347 3102 4401 quam
3135 4331 3420 4394 occidere,
3448 4328 3551 4385 etsi

1961 4422 2062 4476 hoc
2090 4432 2426 4491 postremum
2463 4423 2796 4492 quandoque
2831 4438 2925 4491 per
2958 4424 3212 4477 accidens
3237 4424 3438 4477 bonum
3471 4423 3547 4477 lit.

268 4514 554 4581 ρουμένων
578 4513 740 4567 τοῦτο
779 4518 975 4583 ποιεῖν,
1008 4517 1083 4581 ὼς
1116 4519 1176 4570 τὸ
1200 4522 1447 4590 κρεῖττον
1471 4501 1674 4591 ἀγαθον
1699 4501 1844 4595 ἐφιέ-

1966 4515 2122 4579 Quod
2151 4516 2196 4569 si
2235 4516 2306 4568 ita
2341 4529 2402 4569 se
2458 4516 2645 4579 habet,
2692 4515 2728 4568 ii
2769 4515 2863 4586 qtti
2899 4517 3099 4571 easdem
3153 4516 3374 4570 abolere
3411 4519 3552 4571 inter

266 4621 438 4673 μενοι.
522 4605 722 4675 Ἡμεῖς
766 4605 876 4677 ἄρα
910 4608 1219 4678 κρείττονες
1269 4613 1616 4682 ἀνεφάνημεν
1651 4616 1738 4669 διὰ
1766 4621 1866 4687 τῆς

260 4696 650 4764 ἀποδείξεως,
680 4699 791 4752 ’τὸν
849 4701 1009 4768 φόνον
1067 4702 1311 4772 ἀναιρεῖν
1377 4705 1441 4758 ἐκ
1499 4707 1687 4762 ποδῶν
1726 4727 1865 4779 προ-

265 4790 422 4859 αιρού
432 4808 620 4860 μενοι.

334 5056 429 5117 ιγ’.
459 5050 597 5103 Ὅτι
632 5050 690 5103 δὲ
719 5050 815 5104 καὶ
845 5051 874 5103 ὁ
898 5052 953 5116 ἐξ
979 5052 1133 5122 ὑμῶν
1165 5055 1242 5119 εἰς
1275 5056 1423 5125 ἡμᾶς
1462 5058 1858 5130 ἐνεργούμενος

261 5138 386 5192 καθ’
416 5142 673 5212 ἑκάστην
711 5142 872 5210 φόνος
917 5143 993 5212 (8)
1032 5142 1156 5196 οὔτε
1189 5146 1298 5197 τῶν
1329 5149 1471 5201 κατὰ
1506 5149 1856 5221 συμϐεϐηκὸς

289 5306 411 5385 ’(7)
449 5307 597 5362 Puta
637 5310 989 5386 cum‘aliquis
1042 5313 1323 5376 mentitur,
1354 5324 1413 5369 ut
1463 5316 1625 5370 alicui
1672 5319 1865 5386 prosit.

262 5372 674 5456 Verumtamen
731 5381 782 5456 id
834 5372 1051 5456 quoque
1089 5372 1439 5456 ﬁugustinus
1521 5372 1868 5456 reprehendit

261 5461 447 5528 enarr.
497 5450 555 5528 i_u
607 5464 689 5518 ps.
734 5448 802 5528 γ,
835 5448 1017 5528 n.__7:
1078 5448 1212 5507 Dud
1249 5466 1371 5508 sunt
1422 5448 1635 5511 omnino
1675 5476 1865 5528 genera

261 5518 696 5584 mendaciorum,
730 5523 785 5574 in
812 5525 1000 5591 quibus
1024 5541 1144 5595 non
1188 5541 1380 5595 magna
1408 5528 1565 5594 culpa
1621 5518 1721 5591 est,
1769 5532 1861 5583 sed

263 5596 440 5640 tamen
482 5607 600 5664 non
633 5603 750 5644 sunt
786 5595 896 5647 sine
944 5594 1098 5663 culpa
1123 5636 1137 5660 ,
1167 5594 1406 5649 cumam
1459 5600 1729 5664 jocamur,
1766 5612 1860 5655 aut

261 5668 317 5736 ιιι
349 5661 662 5736 ριὀεἱηιιιεΔ
686 5665 987 5736 mentimur.
1027 5661 1171 5719 Illud
1210 5661 1475 5736 primum,
1502 5678 1608 5723 etc.
1657 5661 1856 5736 Secun-

263 5728 389 5812 tlunt
423 5730 551 5812 ideo
586 5732 769 5812 mitius
800 5736 1068 5812 exanguia
1120 5728 1303 5791 retinet
1353 5728 1663 5812 nonnullam
1702 5729 1854 5795 bene-

263 5798 581 5857 volentiam.
647 5802 858 5859 Videsis
906 5798 979 5861 ibi
1028 5816 1222 5863 cmtcra
1268 5825 1285 5875 ;
1332 5817 1444 5863 tum
1474 5811 1575 5864 alia
1622 5812 1856 5881 plurima

1969 4608 2217 4661 homines
2247 4608 2487 4670 student,
2521 4608 2775 4662 meliores
2836 4609 3153 4679 majoreque
3204 4609 3365 4664 laude
3404 4610 3550 4677 dign.

1970 4708 2255 4769 apparent,
2289 4715 2455 4769 quam
2498 4700 2661 4768 hiqui
2703 4701 2774 4753 ita
2803 4715 2861 4756 se
2895 4716 3084 4769 gerere
3113 4717 3220 4754 non
3260 4703 3553 4755 constitue-

1970 4800 2097 4844 rnnt
2124 4814 2138 4844 ε
2167 4789 2241 4844 illi
2299 4791 2444 4845 enim
2494 4793 2690 4847 melius
2721 4793 2921 4846 bonum
2965 4794 3199 4862 amplexi
3252 4802 3401 4848 sunt.
3442 4793 3553 4849 Nos

1970 4883 2134 4952 igitur
2169 4884 2419 4939 meliores
2452 4900 2571 4939 esse
2596 4884 2938 4953 exploratum
2976 4894 3079 4947 est,
3114 4887 3204 4956 qui
3236 4888 3435 4941 czedem
3485 4904 3549 4941 ex

1969 4974 2285 5030 hominibus
2316 4977 2680 5029 exterminare
2714 4977 3019 5032 studemus.

2039 5068 2125 5121 15.
2158 5066 2313 5133 Quod
2352 5082 2480 5121 vero
2536 5067 2853 5136 quotidiana
2912 5079 3093 5121 vestra
3153 5068 3415 5123 adversus
3452 5086 3551 5125 nos

1940 5160 2160 5221 octedes,
2196 5174 2302 5213 non
2339 5162 2410 5214 sit
2450 5161 2516 5215 de
2550 5161 2711 5215 bonis
2751 5176 2846 5229 per
2899 5162 3153 5214 accidens
3190 5163 3553 5231 contingentL

1973 5323 2285 5389 huiusmodi
2313 5326 2454 5395 apud
2486 5324 2871 5396 Augustinum,
2908 5323 2997 5394 qui
3022 5328 3339 5379 constanter
3397 5341 3549 5379 men-

1969 5396 2186 5449 daeium
2218 5397 2511 5463 improbat.

2038 5464 2114 5535 (8)
2150 5465 2423 5536 Loquitur
2477 5467 2544 5521 de
2590 5466 2969 5536 superstitiosa
3034 5475 3089 5520 et
3150 5464 3383 5519 fanatica
3441 5465 3552 5518 Mo-

1966 5534 2400 5591 hamedanorum
2444 5534 2709 5592 adversus
2736 5537 3080 5591 Christianos
3111 5537 3340 5598 saevitia,
3363 5552 3548 5605 quam,

1962 5611 2371 5677 praeteritjitatas
2400 5619 2545 5662 retro
2561 5624 2742 5669 suras,
2775 5608 3026 5662 videmus
3052 5612 3215 5662 etiam
3243 5608 3294 5659 in
3321 5608 3548 5677 epistola

1964 5678 2120 5732 tertia
2160 5676 2369 5734 Nicolai
2398 5679 2720 5746 patriarchae
2741 5677 2915 5735 Graeci
2947 5679 3090 5734 inter
3114 5678 3291 5734 edita;
3320 5676 3365 5733 a7
3391 5682 3551 5735 nobis

1962 5748 2015 5804 in
2041 5748 2332 5821 Spicilegio
2362 5749 2544 5818 Rom,
2577 5748 2639 5803 Τ.
2668 5748 2736 5805 x.
