3978 6596
336 376 347 383 ’
430 357 535 418 839

1676 347 1971 408 ΝῐΟΕΤιΕ
2013 344 2417 405 ΒΥΖΑΝἸῚΝῙ
3577 348 3667 409 sim

433 472 559 536 bus,
592 466 724 521 hinc
759 463 1042 534 lietpalam
1075 460 1266 527 :Quod
1300 460 1357 513 lit
1377 474 1471 529 per
1501 458 1752 512 accidens
1793 458 2019 519 bonum,

2131 456 2344 524 ἀγαθῶν
2388 455 2663 524 ἐνδέχεται
2710 450 2874 515 εἶναι,
2924 452 3171 507 ἐντεῦθεν
3196 454 3383 523 δῆλοψ
3438 456 3511 509 Τὸ
3547 463 3671 514 κατά

430 562 683 635 prudenti
706 559 889 628 aliquo
918 557 1147 610 consilio
1187 554 1439 624 fit:quod
1473 562 1652 606 autem
1685 552 1756 606 ita
1785 551 2021 620 pruden-

433 665 514 709 ter
537 653 616 717 ﬁt,
649 660 868 722 propter
896 648 1033 718 frugi
1060 646 1259 716 aliquid
1301 644 1356 698 lit
1388 663 1399 697 :
1426 659 1556 714 ergo
1586 643 1729 712 quod
1749 659 1843 711 per
1880 641 2023 696 acci-

432 749 568 799 dens
592 744 673 807 lit,
703 750 922 811 propter
955 737 1094 805 lrugi
1137 737 1341 804 aliquid
1377 736 1453 789 lit.
1475 734 1680 787 Vestra;
1706 742 1885 789 autem
1929 746 2022 784 no-

432 846 669 888 strorum
698 833 978 885 hominum
997 830 1324 891 occisiones,
1345 825 1485 891 haud
1512 827 1581 878 ob
1605 826 1750 878 aliud
1781 824 1936 886 ﬁunt,
1964 831 2021 876 ut

433 925 537 993 ipsi
570 923 772 986 dicitis,
802 920 903 973 nisi
932 920 1057 987 qttia
1091 933 1185 971 vos
1215 916 1657 970 Saracenismum
1682 914 2014 983 sequimini:

433 1017 538 1070 hoc
586 1023 767 1068 autem
831 1011 972 1079 frugi
1000 1027 1125 1080 non
1172 1018 1254 1062 est
1312 1028 1325 1063 ε
1371 1007 1725 1076 consequitur
1764 1021 1923 1074 ergo,
1965 1013 2021 1057 ut

431 1119 624 1162 vestra:
655 1117 969 1159 nostrorum
998 1102 1282 1157 hominum
1326 1101 1659 1161 occisiones,
1700 1114 1766 1151 ne
1807 1113 1902 1167 per
1924 1112 2018 1150 ac-

430 1201 617 1254 cidens
646 1197 863 1268 quidem
913 1197 1070 1249 home
1096 1194 1225 1247 sint.
1257 1192 1409 1258 Quod
1445 1200 1625 1245 autem
1652 1190 2020 1243 Saracenismi

432 1300 579 1346 secta
616 1291 841 1343 minime
863 1289 1003 1341 bona
1026 1288 1116 1349 sil,
1142 1287 1219 1339 sic
1243 1284 1579 1339 ostenditur:
1606 1281 2021 1336 Saracenismus

429 1377 732 1432 nihilaliud
768 1386 1032 1445 estquam
1063 1392 1091 1428 a
1136 1374 1478 1427 naturalibus
1519 1383 1613 1426 aut
1642 1374 1803 1427 etiam
1830 1388 2023 1442 super-

431 1470 797 1532 naturalibus,
845 1469 910 1523 ad
959 1484 1021 1522 ea
1080 1482 1199 1537 quae
1243 1476 1450 1520 natura:
1494 1466 1873 1531 adversantur,
1918 1469 2020 1523 ho-

429 1566 639 1619 minum
665 1563 989 1629 translatio;
1025 1578 1263 1632 namque
1283 1561 1386 1615 hoc
1416 1560 1578 1614 etiam
1609 1562 2015 1619 demonstravi-

428 1673 575 1712 mus.
608 1655 727 1711 Jam
753 1656 805 1710 id
843 1670 1024 1725 agere,
1061 1654 1263 1708 malum
1301 1668 1445 1717 esse,
1493 1669 1652 1707 nemo
1684 1670 1790 1708 non
1848 1657 2018 1712 videt.

442 1750 501 1805 Si
553 1765 684 1821 ergo
728 1760 919 1804 vestrae
973 1756 1284 1803 nostrorum
1359 1747 1642 1801 hominum
1693 1749 2017 1816 occisiones,

430 1857 609 1912 neque
640 1856 736 1912 per
766 1841 1021 1895 accidens
1050 1854 1227 1908 neque
1257 1854 1353 1908 per
1408 1854 1467 1893 se
1511 1838 1641 1908 ipsae
1676 1840 1829 1894 bona!
1851 1851 2013 1896 sunt:

432 1936 554 1989 etsi
586 1935 729 2005 quod
760 1948 936 2003 neque
983 1948 1080 2002 per
1111 1948 1168 1985 se
1202 1932 1401 1985 bonum
1438 1942 1540 1996 est,
1584 1947 1760 2001 neque
1807 1950 1903 2003 per
1932 1949 2019 1989 ac-

434 2028 643 2088 cidens.
674 2027 724 2080 id
776 2024 1003 2079 omnino
1062 2024 1175 2077 fieri
1212 2040 1318 2078 non
1375 2024 1529 2078 debet
1588 2041 1603 2087 ;
1645 2040 1774 2093 ergo
1827 2037 2018 2081 vestra:

434 2119 767 2189 quotidianre
822 2127 1135 2171 nostrorum
1175 2117 1457 2169 hominum
1540 2118 1845 2171 occisiones
1901 2120 2016 2173 lieri

432 2228 539 2267 non
580 2212 809 2266 debent.
868 2210 1002 2265 Nam
1048 2209 1191 2279 quod
1237 2210 1351 2263 ﬁeri
1411 2225 1519 2263 non
1555 2219 1788 2279 oportet,
1846 2212 1895 2265 id
1954 2227 2019 2267 ne

430 2305 555 2360 licet
586 2305 829 2373 quidem.
870 2322 887 2353 ι
927 2302 1167 2355 Οωάἰυιιι
1236 2302 1357 2355 alim
1410 2301 1573 2356 licita:
1604 2312 1751 2365 sunt,
1810 2302 2014 2371 inquis,

431 2400 551 2455 alia:
576 2400 797 2454 illicitae.
838 2418 855 2449 ›
888 2396 999 2467 Ego
1034 2412 1253 2465 quoque
1280 2398 1573 2457 assentior.
1600 2396 1774 2451 caules
1804 2398 2019 2465 aliquas

432 2494 616 2558 licere,
647 2492 907 2545 nimirum
939 2506 1033 2559 per
1064 2489 1339 2552 accidens,
1369 2488 1415 2543 si
1446 2489 1663 2559 quidem
1702 2489 1767 2542 de
1800 2490 2015 2543 illorqu

432 2586 702 2637 bonorum
737 2596 965 2635 numero
1010 2579 1141 2643 sint,
1188 2596 1309 2649 qum
1337 2579 1409 2633 ita
1459 2580 1821 2649 evaduntpcr
1870 2581 2019 2635 acci-

433 2677 589 2729 dens.
620 2675 689 2729 At
721 2684 849 2729 sunt
883 2673 1102 2737 illicitm,
1137 2688 1230 2741 per
1259 2687 1317 2726 se
1339 2689 1353 2736 ;
1378 2672 1635 2741 quoniam
1666 2674 1865 2735 caedes,
1892 2689 2021 2742 qna-

437 2777 597 2820 tenus
642 2764 816 2819 caedes
850 2773 951 2820 est.
981 2763 1047 2816 de
1083 2776 1310 2815 immero
1353 2776 1473 2814 esse
1500 2776 1597 2830 per
1644 2777 1701 2814 se
1748 2762 2017 2814 malorum

434 2869 719 2913 ostensum
759 2856 861 2909 fuit
894 2874 909 2921 ;
944 2856 1172 2910 idcirco‘
1193 2856 1296 2909 hoc
1330 2864 1586 2923 tanquam
1621 2853 1779 2924 plane
1811 2853 2021 2909 confes-

435 2967 557 3005 sum
610 2966 639 3004 a
678 2951 835 3003 nobis
867 2964 1086 3018 qnoque
1114 2957 1381 3001 sumatur.

504 3058 591 3112 Μ.
625 3058 737 3126 Age
778 3072 907 3109 vero
953 3054 1188 3108 breviter
1223 3052 1419 3107 deinde
1456 3053 1738 3108 subnectis
1786 3053 1975 3107 dicens
2006 3071 2018 3107 :

438 3163 457 3197 ι
489 3145 811 3215 Legitimunt
846 3149 1144 3212 insousque
1166 3152 1249 3196 est
1281 3141 1531 3196 occidere
1569 3159 1691 3195 eum
1721 3144 1813 3211 qui
1839 3151 2023 3197 Censet

434 3240 667 3293 dandum
702 3238 808 3291 Deo
854 3237 1084 3301 socium,
1119 3235 1419 3305 etquidem
1455 3235 1571 3304 pari
1622 3238 1856 3304 polentia
1889 3252 2026 3304 pra:—

434 3320 628 3379 dit‘um.
666 3345 681 3375 ι
714 3323 789 3387 ld,
816 3326 1058 3393 inquam,
1091 3340 1253 3393 quam
1306 3323 1536 3393 superbe
1570 3338 1597 3375 a
1634 3332 1683 3377 te
1734 3324 1933 3376 dlClllll'
1974 3331 2029 3377 et

435 3414 784 3483 arroganter!
835 3420 931 3465 aut
972 3411 1015 3466 si
1062 3413 1234 3483 magis
1280 3412 1501 3482 proprie
1547 3410 1879 3479 loquendum
1920 3421 2023 3472 est,

437 3514 638 3574 quanta
665 3502 959 3556 stoliditate
980 3513 1141 3570 atque
1167 3501 1377 3555 insania
1410 3502 1615 3555 scatet!
1647 3500 1777 3553 Nam
1808 3514 2027 3569 propter

440 3596 668 3649 multam
702 3593 1071 3662 stupiditatem
1104 3602 1249 3646 tuam
1299 3600 1353 3646 et
1388 3592 1781 3653 inﬁdelitatem,
1820 3590 2027 3659 :tbSqth.

436 3686 732 3741 taliocin’io
778 3685 964 3738 nescio
995 3683 1272 3753 quomodo
1310 3683 1587 3752 judicans,
1619 3698 1793 3751 neque
1834 3691 1891 3733 tit
1926 3697 2027 3735 nos

439 3781 826 3851 prmdiramus,
858 3778 949 3832 sed
991 3794 1125 3831 vane.
1157 3792 1405 3846 pugnans
1436 3786 1487 3831 et
1519 3776 1686 3829 stulte
1722 3776 2025 3837 blaterans,

438 3875 555 3926 sine
580 3889 741 3925 causa
766 3888 865 3924 nos
893 3872 1105 3929 irrides.
1129 3870 1288 3939 quasi
1320 3870 1713 3939 participantes
1738 3868 2025 3936 quosdam,

438 3976 490 4018 et
516 3966 625 4017 Deo
660 3966 821 4017 unico
851 3964 1049 4032 unique
1086 3962 1352 4032 principio
1398 3960 1818 4031 :equipollentes
1866 3959 2025 4011 indu-

439 4072 645 4111 camus.
674 4054 809 4119 Quis
833 4054 975 4107 enim
1010 4070 1071 4107 ex
1105 4052 1327 4111 nostris.
1361 4053 1473 4105 sive
1502 4050 1733 4120 pusillus
1772 4048 1885 4103 sive
1914 4064 2030 4100 ma-

440 4164 610 4219 gnus,
651 4147 912 4216 cogitavit
962 4162 1201 4215 unquam
1248 4157 1340 4197 attt
1394 4146 1652 4197 conlinin
1697 4158 2027 4212 quemquam

438 4258 561 4295 esse
609 4242 716 4295 Deo
767 4240 931 4295 unico
977 4239 1178 4307 unique
1223 4237 1491 4307 principio
1533 4236 2027 4289 eommunicantem

440 4344 532 4385 aut
552 4334 986 4402 :equipollentetn
1011 4332 1032 4385 ?
1063 4348 1173 4401 quo
1199 4342 1463 4399 pra-textu
1492 4338 1684 4383 vestrm
1717 4338 2026 4380 nostrorum

442 4427 723 4480 hominum
757 4426 1081 4489 occisiones,
1104 4425 1286 4492 justze,
1314 4433 1370 4475 ut
1394 4432 1447 4475 ttt
1481 4422 1581 4485 ais,
1624 4422 1853 4474 evadant
1876 4420 1898 4471 ?
1918 4418 2029 4472 Etsi

2054 1810 2152 1897 Bos

2127 546 2475 617 συμϐεϐηκὸς
2511 547 2716 616 ἀγαθὸν
2760 547 3067 616 γινόμενον,
3105 548 3170 600 δι’
3195 550 3506 619 οἰκονομίαν
3542 553 3676 620 γίνε-

2122 656 2209 691 ται
2231 656 2244 668 '
2276 639 2335 692 τὸ
2374 640 2443 691 δι’
2484 639 2798 709 οἰκονομίαν
2816 639 3121 709 γινόμενον,
3147 639 3233 693 διὰ
3256 642 3419 694 καλὸν
3445 643 3673 709 γίνεται·

2121 732 2182 783 τὸ
2219 733 2327 800 ἄρα
2371 732 2512 786 κατά
2540 732 2883 802 συμϐεϐηκὸς
2906 732 3212 802 γινόμενον,
3245 733 3331 786 διὰ
3356 732 3524 787 καλὸν
3550 736 3680 803 γίνε-

2121 840 2247 877 ται·
2279 825 2308 876 ό
2340 824 2394 877 δὲ
2428 826 2486 891 ἐξ
2526 824 2678 894 ὑμῶν
2712 826 2790 886 εἰς
2825 826 2971 893 ἡμᾶς
3016 826 3296 893 γινόμενος
3331 826 3511 893 φόνος.
3542 828 3598 879 οὐ
3622 829 3675 880 δι’

2121 916 2247 970 ἀλλο
2274 935 2326 969 τι
2352 917 2583 985 γίνεται,
2617 916 2691 978 ὡς
2725 917 2880 969 αὐτοί
2938 934 3096 985 φατε,
3128 920 3174 969 εί
3210 918 3283 988 μὴ
3316 917 3404 969 διὰ
3431 919 3491 969 τὸ
3516 918 3683 987 Σαρα-

2122 1010 2366 1079 κηνίζειν
2418 1012 2593 1081 ὑμᾶς·
2623 1011 2782 1063 τοῦτο
2828 1011 2880 1064 δὲ
2914 1012 2971 1063 οὐ
3006 1012 3199 1065 καλόνσ
3251 1012 3548 1078 συνάγεται
3588 1011 3686 1080 ἄρα

2121 1100 2203 1154 ὅτι
2229 1102 2255 1152 ὀ
2288 1100 2347 1165 ἐξ
2372 1101 2528 1169 ὑμῶν
2580 1103 2658 1164 εἰς
2684 1102 2832 1171 ἡμᾶς
2869 1101 3151 1169 γινόμενος
3205 1100 3385 1169 φόνος,
3423 1100 3544 1153 οὐδὲ
3590 1100 3688 1153 τῶν

2123 1194 2263 1246 κατά
2295 1194 2639 1263 συμῦεὗηκός
2670 1196 2815 1245 ἐστιν
2838 1194 3061 1260 ἀγαθῶν
3080 1212 3092 1223 ·
3131 1194 3224 1246 καὶ
3246 1194 3328 1245 ὅτι
3352 1191 3413 1243 τὸ
3442 1191 3689 1260 Σαρακη-

2122 1288 2289 1352 νίζειν
2312 1288 2370 1339 οὐ
2401 1287 2564 1339 καλόν
2588 1287 2763 1344 ἐστιν.
2786 1278 2887 1339 ὧδέ
2911 1287 3026 1338 ἐστι
3056 1286 3214 1355 δῆλον
3244 1302 3257 1315 ο
3285 1284 3357 1337 Τὸ
3392 1283 3691 1353 Σαρακηνί-

2123 1378 2237 1443 ζειν
2270 1379 2424 1432 οὐδὲν
2450 1379 2577 1432 ἄλλο
2616 1381 2787 1441 ἐστὶν,
2826 1377 2941 1431 ἀλλ’
2984 1379 3014 1447 ἢ
3042 1378 3099 1430 τὸ
3134 1381 3198 1431 ὲκ
3222 1378 3330 1429 τῶν
3364 1376 3507 1429 κατά
3542 1374 3693 1443 φύσιν

2122 1471 2157 1542 ἦ
2183 1472 2275 1524 καὶ
2312 1471 2606 1541 ὑπερφυῶν
2643 1475 2719 1534 εἰς
2750 1470 2810 1524 τὸ
2844 1470 2997 1540 παρὰ
3050 1469 3210 1539 φύσιν
3248 1469 3540 1538 κατασπᾷν
3577 1467 3694 1533 τοὺς

2122 1564 2481 1633 ἀνθρώπουςο
2519 1564 2675 1617 τοῦτο
2715 1566 2826 1635 γὰρ
2868 1560 2998 1634 ἡμῖν
3050 1564 3145 1617 καὶ
3170 1563 3558 1618 ἀποδέδεικται
3585 1562 3689 1632 (9)·

2122 1660 2183 1712 τὸ
2214 1659 2274 1711 δὲ
2298 1660 2453 1712 τοῦτο
2479 1661 2671 1722 ποιεῖν,
2700 1660 2867 1712 πᾶσιν
2891 1656 3141 1729 ἀρίδηλόν
3167 1658 3316 1709 ἐστιν
3341 1656 3424 1708 ὅτι
3451 1656 3514 1708 οὐ
3543 1653 3695 1707 καλόν

2124 1753 2295 1805 ἐστιν.
2346 1753 2499 1805 Ἐπεὶ
2530 1750 2621 1804 οὖν
2657 1750 2779 1803 οὔτε
2825 1750 2934 1803 τῶν
2963 1750 3082 1803 καθ’
3118 1749 3248 1803 αὐτὸ
3287 1745 3515 1817 ἀγαθῶν
3555 1748 3693 1801 ἐστιν

2187 1846 2344 1913 φόνος
2369 1848 2397 1899 ὁ
2425 1845 2484 1910 ἐξ
2508 1845 2662 1915 ὑμῶν
2685 1847 2764 1907 εἰς
2794 1846 2939 1914 ημᾶς
2970 1842 3391 1913 ἐνεργούμενος,
3419 1841 3542 1895 οὐδὲ
3567 1841 3695 1899 κατά

2128 1939 2475 2009 συμϐεϐηκός
2494 1938 2584 1989 ’τὸ
2616 1938 2669 1989 δὲ
2692 1936 2815 1990 οὔτε
2846 1935 2965 1989 καθ’
3002 1936 3135 1990 αὐτὸ
3160 1936 3388 2003 ἀγαθὸν,
3418 1933 3544 1988 οὔτε
3569 1936 3696 1990 κατά

2128 2031 2491 2101 συμϐεϐηκὸς,
2527 2032 2587 2083 οὐ
2624 2030 2729 2100 χρὴ
2758 2029 3006 2097 γίνεσθαι
3040 2029 3098 2082 τὸ
3117 2030 3404 2097 παράπαν·
3440 2029 3468 2080 ὁ
3490 2028 3595 2097 ἀρα
3626 2027 3697 2089 είς

2126 2125 2269 2194 ἡμᾶς
2301 2124 2356 2188 ἐξ
2392 2122 2545 2191 ὑμῶν
2572 2123 2693 2174 καθ’
2722 2122 2960 2193 ἑκάστην
2990 2120 3387 2191 ἐνεργούμενος
3430 2119 3613 2189 φόνος,
3641 2118 3695 2173 οὐ

2125 2217 2206 2269 δεῖ
2239 2216 2515 2284 γίνεσθαι·
2554 2216 2602 2267 εἰ
2636 2215 2691 2267 δὲ
2719 2214 2898 2278 τοῦτο,
2932 2214 3027 2265 καὶ
3054 2216 3115 2266 οὐ
3169 2213 3393 2283 θεμιτόν
3415 2229 3427 2241 ’
3456 2213 3485 2264 ὅ
3510 2216 3613 2281 γὰρ
3643 2211 3697 2265 οὐ

2126 2310 2207 2363 δεῖ
2238 2308 2501 2376 γίνεσθαι,
2532 2308 2652 2360 οὐδὲ
2678 2306 2898 2376 θεμιτόν
2927 2307 3063 2358 ἐστι.
3099 2324 3116 2355 ι
3154 2304 3277 2356 Τῶν
3298 2304 3504 2372 φόνων,
3539 2303 3587 2355 οἱ
3609 2302 3697 2373 μέν

2126 2409 2231 2461 εἰει
2259 2406 2490 2475 θεμιτοὶ,
2531 2406 2580 2457 οἱ
2618 2404 2674 2457 δὲ
2730 2403 3002 2473 ἀθέμιτοι.
3043 2421 3060 2452 ι
3095 2400 3362 2471 Σύμφημι
3414 2398 3590 2467 κάγὼ,
3625 2400 3698 2453 ὅτι

2126 2500 2234 2551 τῶν
2271 2498 2447 2565 φόνων
2479 2498 2526 2549 οἱ
2561 2496 2662 2565 μὲν
2690 2496 2797 2548 εἱσι
2826 2494 3061 2564 θεμιτοὶ,
3114 2492 3363 2560 δηλονότι
3395 2491 3538 2544 κατὰ
3572 2507 3699 2560 συμ-

2128 2590 2388 2661 ϐεϐηκὸς,
2419 2590 2578 2658 εἴπερ
2604 2587 2711 2640 τῶν
2739 2587 2880 2639 κατά
2906 2584 3257 2654 συμϐεϐηκὸς
3282 2582 3512 2647 ἀγαθῶν
3540 2582 3694 2634 εἰσιν

2126 2686 2175 2737 οἱ
2198 2683 2253 2736 δὲ
2283 2683 2557 2752 ἀθέμιτοι,
2590 2680 2753 2750 δῆλον
2785 2679 2867 2732 ὃτι
2906 2677 3027 2732 καθ’
3060 2676 3227 2729 αὐτό·
3264 2676 3394 2728 ἐπεὶ
3429 2674 3524 2727 καὶ
3549 2677 3575 2728 ό
3612 2672 3699 2741 φό-

2126 2793 2235 2840 νος,
2334 2775 2491 2845 φόνος
2524 2773 2693 2837 ἐστὶν,
2720 2771 2828 2823 τῶν
2853 2770 2977 2824 καθ’
3006 2769 3138 2822 αὐτὸ
3164 2768 3355 2821 κακῶν
3390 2762 3539 2819 εἶναι
3579 2766 3701 2818 ἀπο·

2126 2869 2429 2921 δέδεικται·
2466 2865 2546 2919 διὸ
2593 2864 2689 2918 καὶ
2713 2864 2788 2928 ὡς
2812 2861 3236 2934 ὡμολογημένον
3276 2862 3372 2915 κα)⁵
3425 2860 3556 2931 παρ’
3582 2860 3702 2931 ἡμῖν

2130 2960 2392 3029 εἰλήφθω.

2207 3052 2287 3105 ιδ’.
2326 3047 2458 3103 Εἶτα
2488 3050 2547 3102 τὸ
2580 3048 2752 3119 βραχὺ
2788 3046 2979 3100 τούτου
3009 3046 3423 3115 συναπτόμενον
3456 3045 3517 3098 τὸ
3540 3044 3702 3111 λέγον·

2054 3170 2096 3226 c
2141 3165 2158 3196 ι
2195 3147 2457 3213 Ἔννομον
2487 3143 2542 3193 δὲ
2596 3143 2689 3194 καὶ
2736 3140 2957 3210 θεμιτὸν
2998 3140 3089 3193 τὸν
3139 3138 3445 3202 δοξάζοντα
3477 3136 3706 3206 φονεύειν

2133 3235 2492 3300 συγκοινωνὸν
2512 3234 2603 3284 τοῦ
2639 3232 2774 3284 Θεοῦ
2800 3234 2892 3284 καὶ
2928 3232 3340 3284 ἀναπλάττοντα
3372 3231 3704 3300 modum.

2130 3334 2289 3391 mla;
2347 3326 2666 3390 ἀλαζονείας
2730 3325 2823 3377 καὶ
2872 3323 3228 3392 φυσιώσεως,
3286 3324 3318 3394 ἢ
3382 3323 3706 3393 οἰκειότερον

2131 3418 2316 3488 φάναι,
2364 3416 2663 3485 ὲκπληξίας
2720 3432 2779 3468 τε
2828 3416 2923 3468 καὶ
2975 3416 3376 3487 ἐμϐροντησίας
3407 3416 3707 3485 ἀνάμεστον

2130 3513 2228 3561 οῷκ
2277 3508 2342 3561 ἂν
2367 3509 2479 3577 εἴης
2521 3508 2613 3559 Ἐκ
2646 3510 2753 3577 γὰρ
2790 3505 2994 3573 πολλῆς
3044 3507 3301 3576 εὐηθείας
3331 3508 3433 3559 καὶ
3463 3505 3703 3565 ἀπιστίας

2130 3600 2397 3666 ἀλογιστὶ,
2449 3599 2548 3651 οῦκ
2606 3594 2700 3649 οἶδ’
2739 3599 2846 3668 ὅτῳ
2897 3599 3083 3668 τρόπῳ
3125 3597 3319 3661 δόξαν,
3362 3600 3465 3651 καὶ
3516 3600 3610 3667 οὐχ
3643 3598 3708 3658 ὠς

2132 3692 2292 3760 ἡμεῖς
2321 3687 2684 3759 κηρῦττομεν,
2720 3687 3031 3757 σκιομαχῶν
3058 3687 3152 3739 καὶ
3184 3689 3390 3756 μάταια
3415 3687 3709 3757 ἐρευγόμε-

2130 3798 2240 3843 νος,
2299 3782 2445 3851 ἡμᾶς
2506 3779 2927 3840 ἀναπλαστικῶς
2985 3778 3361 3848 διακωμῳδείς
3428 3777 3708 3837 κοινωνούς

2128 3892 2282 3936 τινας
2336 3874 2431 3926 καὶ
2480 3873 2833 3942 ίσοδυνάμους
2864 3872 2955 3925 τοῦ
3008 3873 3126 3935 ἐνὸς
3157 3870 3295 3925 Θεοῦ
3328 3872 3426 3926 καὶ
3465 3872 3564 3941 τῆς
3594 3874 3709 3942 μιᾶς

2132 3967 2307 4037 ἀρχῆς
2346 3966 2760 4038 ἐπεισάγοντας·
2793 3965 2876 4028 τίς
2906 3964 3015 4035 γὰρ
3043 3964 3153 4018 τῶν
3186 3967 3243 4018 ὲν
3285 3968 3423 4035 ἡμῖν
3458 3967 3650 4036 μικρὸς
3677 3964 3706 4034 ἢ

2135 4058 2309 4128 μέγας
2347 4055 2473 4110 ποτὲ
2500 4056 2781 4127 ἐνενόησεν
2812 4056 2845 4126 ἢ
2882 4056 3115 4109 ἔπλασεν
3145 4057 3238 4108 ἐπὶ
3268 4056 3361 4108 τοῦ
3431 4058 3551 4120 ἐνὸς
3582 4055 3708 4109 Θεοῦ

2134 4148 2227 4199 καὶ
2255 4146 2355 4213 τῆς
2388 4145 2519 4214 μιᾶς
2548 4145 2721 4214 ἀρχῆς
2756 4144 3012 4197 κοινωνὸν
3057 4143 3403 4213 ἱσοδύναμον,
3443 4145 3531 4197 ἵνα
3575 4144 3708 4196 καὶὸ

2133 4239 2213 4301 είς
2243 4238 2387 4306 ἡμᾶς
2422 4236 2809 4303 ἐνεργούμενος
2845 4235 3004 4302 φόνος
3050 4234 3273 4303 θεμιτὸς
3306 4234 3372 4287 ἂν
3412 4237 3521 4306 εἴη,
3548 4236 3621 4298 ὡς
3648 4235 3705 4287 σὺ

2134 4332 2238 4400 φής
2265 4346 2278 4393 ;
2313 4330 2360 4381 εἰ
2391 4328 2499 4399 γὰρ
2532 4328 2625 4380 καὶ
2652 4331 2782 4399 παρ’
2810 4330 2937 4396 ἡμῖν
2972 4328 3095 4390 Υἱὸς
3123 4328 3259 4379 Θεοῦ
3295 4327 3369 4390 ὼς
3410 4330 3546 4392 Θεὸς
3586 4328 3706 4395 ἀλη-

2134 4424 2278 4486 θινὸς
2310 4422 2402 4476 καὶ
2428 4422 2588 4484 αὐτὸς
2624 4422 2697 4473 ὣν
2724 4422 2965 4492 όμοφυὴς
3010 4421 3085 4489 τῷ
3110 4420 3230 4490 Θεῷ
3265 4424 3357 4473 καὶ
3392 4423 3570 4493 Πατρὶ
3603 4422 3711 4473 Oso-

442 4518 583 4568 rnim
610 4531 638 4567 a
670 4514 824 4566 nobis
860 4512 1150 4581 Filius_Dei
1184 4520 1444 4580 tanquam
1481 4526 1639 4562 verus
1671 4509 1830 4570 Deus,
1861 4508 2022 4560 idem-

2136 4515 2374 4582 λογείται
2425 4513 2517 4564 καὶ
2562 4511 2863 4575 δοξάζεται,
2919 4511 3034 4563 ἀλλ’
3082 4512 3181 4580 οὐχ
3211 4511 3286 4573 ὡς
3335 4514 3593 4575 κοινωνὸς
3622 4513 3709 4578 τῆς

442 4624 548 4676 que
574 4604 682 4657 Deo
707 4605 852 4659 Patri
877 4605 1250 4673 honiOgeneus
1267 4605 1466 4657 dicitur
1483 4613 1644 4670 atque
1668 4602 2022 4669 glorificatur,

445 4712 551 4749 non
582 4705 761 4747 tamen
798 4703 855 4746 ut
886 4693 1301 4747 communicatis
1328 4693 1419 4744 uni
1448 4691 1739 4760 ptincipio,
1768 4700 1860 4744 aut
1885 4692 2027 4745 Deus

444 4798 594 4841 extra
645 4786 859 4839 Patrem
909 4785 1184 4838 exsistens
1222 4782 1613 4851 ctadjunctus,
1650 4791 1709 4834 ut
1752 4791 1805 4835 tu
1846 4791 2027 4850 putas,

446 4882 499 4933 in
535 4889 716 4932 nostra
744 4878 1014 4947 theologia
1042 4876 1298 4929 delinitur
1322 4891 1335 4933 ;
1376 4874 1477 4925 hoc
1505 4874 1649 4925 enim
1674 4870 1783 4939 jam
1818 4889 1846 4926 a
1872 4873 2028 4927 nobis

445 4974 883 5026 demonstratum
935 4969 1075 5035 fuit;
1142 4970 1234 5021 sed
1273 4981 1414 5019 unus
1451 4962 1592 5017 Deus
1620 4978 1741 5017 cum
1786 4963 1944 5018 Patre
1977 4973 2032 5019 et

447 5064 654 5135 Spiritu
689 5072 879 5116 sancto
924 5068 1026 5124 est,
1061 5066 1113 5111 et
1145 5073 1174 5111 a
1209 5056 1366 5109 nobis
1414 5054 1742 5109 Christianis
1778 5056 2031 5123 creditur

445 5170 497 5211 ιιι
551 5155 905 5227 gloriﬁcatur.
936 5150 1091 5217 Quod
1145 5150 1190 5203 si
1235 5149 1308 5202 ita
1360 5156 1465 5208 est,
1506 5158 1707 5201 temere
1762 5158 1813 5202 tu
1878 5150 2033 5203 nobis

448 5252 707 5322 probrum
767 5264 833 5301 ex
888 5245 1158 5300 vocabulo
1224 5241 1681 5296 communicantis
1732 5243 2031 5310 impingis:

448 5355 650 5398 tcmere
696 5341 824 5395 item
866 5338 1173 5391 occisiones
1206 5351 1343 5404 quas
1389 5344 1700 5387 uostrormn
1752 5333 2030 5387 hominum

448 5434 928 5498 facitis,divinitus
950 5431 1245 5499 inspiratas
1277 5428 1651 5496 legitimasque
1686 5435 1927 5493 reputas,
1952 5427 2027 5480 uti

451 5528 666 5583 scribis.
712 5524 847 5580 Nam
882 5526 961 5590 si,
1007 5532 1290 5593 propterea
1342 5519 1487 5587 quod
1535 5521 2027 5571 communicantem

521 5729 676 5805 (ξηιη
698 5733 813 5805 hac
842 5732 955 5805 ipsa
988 5727 1212 5805 cpistola
1249 5740 1369 5805 cap.
1391 5724 1459 5803 .7,
1500 5720 1611 5805 col.
1643 5722 1768 5777 829.

2140 4606 2267 4675 μιᾶς
2302 4604 2495 4672 ἀρχῆς,
2526 4602 2559 4672 ἦ
2598 4601 2689 4653 τοῦ
2734 4603 2944 4670 Πατρὸς
2983 4603 3183 4667 ἔξωθεν
3216 4602 3291 4655 ῶν
3322 4604 3455 4666 Θεὸς
3486 4620 3708 4674 παρεισ-

2137 4697 2475 4768 κρινόμενος,
2502 4694 2576 4758 ὼς
2628 4697 2690 4748 σὺ
2722 4698 2976 4759 ἐπινοεῖς,
3006 4696 3338 4763 θεο>.ογεῖται
3386 4699 3568 4767 (τοῦτο
3609 4698 3706 4766 γὰρ

2136 4792 2267 4859 ἡμῖν
2299 4789 2393 4842 καί
2425 4788 2799 4841 ἀποδέδεικται
2832 4787 2984 4860 [l0])
3015 4804 3029 4818 °
3063 4790 3269 4853 ἀλλ’ὡς
3300 4784 3380 4854 εἷς
3410 4791 3545 4855 Θεὸς
3581 4790 3707 4861 μετᾶ

2139 4880 2353 4950 [ἰατρὸς
2384 4882 2478 4931 καὶ⁸
2527 4879 2842 4949 Πνεύματος
2897 4880 3093 4945 ἁγίου,
3151 4880 3247 4933 καὶ
3286 4882 3404 4933 ἐστι
3443 4882 3541 4934 καὶ
3589 4896 3691 4949 παρ

2136 4972 2291 5041 ἡμῶν
2324 4970 2432 5024 τῶν
2463 4971 2805 5040 Χριστιανῶν
2836 4970 3017 5033 καλῶς
3049 4972 3374 5024 πιστεῦεταί
3408 4990 3467 5025 τε
3507 4974 3600 5023 καὶ
3630 4972 3708 5023 δο-

2134 5062 2375 5126 ξάζεται.
2408 5061 2467 5112 Εἰ
2497 5060 2551 5113 δὲ
2601 5060 2778 5126 τοῦτο,
2815 5064 2994 5133 μάτην
3023 5062 3115 5115 τὸν
3162 5063 3364 5116 οὑτωσὶ
3407 5064 3599 5133 μῶμον
3626 5062 3708 5113 τὸν

2133 5156 2195 5206 ὲκ
2225 5153 2317 5205 τοῦ
2356 5153 2610 5205 κοινωνοῦ
2642 5155 2773 5223 ἡμῖν
2821 5155 3175 5225 προστρίϐεις
3204 5171 3217 5184 ⁸
3256 5155 3338 5207 ἔτι
3374 5172 3436 5222 γε
3472 5156 3580 5225 μὴν
3623 5155 3708 5207 καὶ

2135 5245 2223 5297 τὸν
2254 5244 2314 5308 ἐξ
2348 5244 2501 5313 ὑμῶν
2536 5246 2612 5305 εἱς
2668 5248 2815 5313 ἡμᾶς
2871 5247 3266 5317 ὲνεργούμενον
3319 5248 3478 5316 φόνον
3535 5246 3707 5299 ἔνθεον

2135 5337 2229 5387 καὶ
2259 5335 2481 5404 ἔννομον
2508 5335 2720 5407 λογίζῃ,
2750 5337 2825 5398 ὼς
2859 5338 3114 5406 γράφεις·
3145 5338 3191 5390 εἰ
3233 5338 3343 5407 γὰρ
3383 5339 3470 5391 διὰ
3504 5338 3566 5390 τὸ
3604 5355 3707 5389 κοι-

2134 5429 2303 5480 νωνὸν
2338 5431 2426 5481 καὶ
2466 5430 2785 5500 ίσοδύναμον
2811 5432 2967 5494 Θεοῦ,
2997 5434 3071 5495 ὡς
3096 5434 3249 5486 αὐτοί
3272 5451 3410 5503 φατε
3438 5433 3707 5487 ἀναπλάτ-

2138 5537 2252 5571 τειν
2301 5522 2468 5589 ἡμᾶς,
2502 5519 2722 5592 ἕννομόν
2778 5525 2892 5577 ἐστι
2944 5524 3003 5577 τὸ
3048 5525 3137 5595 ὑφ’
3166 5525 3323 5596 ὑμῶν
3370 5524 3707 5597 φονεύεσθαι,

528 5792 636 5874 μθ)
697 5801 753 5855 In
807 5792 1178 5855 coufttta‘tionc
1235 5794 1435 5865 prioris
1488 5793 1861 5861 Agareuorum
1907 5793 2166 5862 epistolze,
2203 5807 2321 5861 cap.
2357 5792 2390 5846 9
