3978 6578
219 341 317 406 845
374 381 381 392 ι
1141 332 1693 397 THEOGNOSTUS
1724 331 1790 393 Mt

1900 331 2158 394 ACIIUS.
2181 357 2247 367 -
2275 329 2604 392 NOTITIA.
2631 341 2634 344 '
3360 319 3471 388 846,

215 441 381 487 vestra
409 427 632 492 locetur,
686 431 737 480 et
764 424 906 490 inter
936 425 1179 480 laetantes
1199 427 1314 494 pios
1346 425 1487 495 ﬁlios
1509 433 1724 494 paterno
1753 423 1945 492 aﬂ‘ectu
1981 431 2097 492 post
2148 420 2315 492 longa:
2350 417 2678 489 captivitatis
2711 414 3052 470 reversionem
3091 415 3472 466 connumerar.’

216 532 505 585 mereatur;
545 529 592 575 et
619 516 680 574 ob
705 535 936 575 amorem
974 518 1087 584 Dei,
1112 530 1158 574 et
1176 528 1530 588 protectorum
1577 526 1864 574 vestrorum
1899 515 2193 586 principum
2221 510 2578 581 apostolorum
2609 509 2881 571 hanorem,
2919 520 2951 557 α
2978 516 3198 573 quorum
3224 496 3472 568 νεΩίηιίηθ

213 611 579 678 proﬁciscitur,
629 607 1049 660 mansuetudinis
1081 585 1264 662 vestra:
1293 607 1498 662 auxilia
1529 608 1744 669 sentiat,
1803 612 1851 658 et
1885 614 1999 673 post
2026 588 2378 655 turbationem
2434 595 2788 654 serenitatem,
2815 601 2864 647 et
2892 601 3006 661 post
3034 587 3203 642 multa
3251 585 3473 637 adversa

213 708 400 767 optata:
444 695 812 766 prosperitatis
859 695 1120 764 effectum,
1165 705 1418 766 quatenus
1481 711 1574 762 per
1610 704 1954 764 patronorum
1994 701 2282 745 vestrorum
2333 688 2750 747 intercessiones,
2801 682 3097 752 principum
3144 673 3380 730 videlicet
3441 685 3476 724 a

213 802 426 859 quorum
453 785 570 839 sede
598 763 911 848 remittitur,
956 792 1004 836 et
1021 763 1240 854 quorum
1288 763 1642 854 principatum
1667 797 1760 851 pro
1779 779 2014 836 Ecclesia
2065 791 2255 843 vestra,
2288 795 2404 849 qua:
2437 777 2586 832 valde
2618 775 2865 844 fluctuat,
2912 771 2994 824 die
3024 785 3085 822 ac
3139 773 3285 820 nocte
3313 763 3480 815 intera

213 873 400 944 pellare
420 888 514 942 per
558 870 727 924 multa
747 871 1012 924 curricula
1033 851 1136 925 non
1168 851 1408 926 cessavit.
1452 889 1470 924 ι
1506 870 1564 925 In
1589 869 1816 938 epistola
1841 869 2054 938 Squam
2086 868 2153 922 ad
2202 867 2468 937 lgnatinm
2494 863 2860 935 patriarcbam
2895 856 3192 914 indictione
3217 870 3256 913 I.
3281 851 3476 905 Kalen-

214 959 295 1013 dis
312 939 816 1026 Audusti,scripsit,
833 955 1178 1026 (Anastasius
1197 953 1420 1024 ibidem)
1438 953 1658 1008 exhibet
1687 971 1700 1008 :
1723 951 1992 1010 Prwterea
2018 971 2345 1009 communem
2365 951 2538 1022 ﬁlium
2561 949 2966 1021 Tlteognostum,
2984 939 3478 999 reverendissimum

215 1046 494 1100 exarchum
522 1054 569 1098 et
595 1044 844 1098 dilectum
886 1043 1052 1107 nobis,
1077 1059 1192 1098 ecce
1220 1043 1288 1096 ad
1311 1059 1400 1098 vos
1451 1040 1865 1106 transmisimus,
1895 1040 1985 1110 qui
2003 1055 2067 1094 ea:
2084 1038 2512 1109 persequentibus
2546 1031 2952 1090 temulatoribus
2981 1029 3087 1085 tuis
3111 1027 3264 1081 illinc
3300 1021 3476 1076 nudus

215 1132 602 1202 salvatus,quin
634 1140 686 1186 et
715 1141 921 1186 mutato
950 1130 1134 1184 habitu
1159 1131 1244 1185 vix
1266 1131 1366 1184 huc
1387 1130 1710 1200 pertingens,
1739 1128 1902 1182 vitam
1918 1127 2158 1180 lucratus
2187 1135 2288 1191 est,
2310 1125 2498 1178 deinde
2520 1120 2662 1194 apud
2682 1120 2962 1175 memorias
2991 1114 3348 1188 apostolorum
3387 1117 3480 1178 per

216 1236 395 1294 septem
433 1226 542 1295 fere
579 1241 838 1281 annorum
881 1224 1171 1289 curricula,
1226 1233 1284 1278 ut
1331 1224 1515 1294 hospes
1553 1233 1601 1278 et
1628 1224 1828 1277 advena
1853 1223 2177 1284 demoratus,
2205 1237 2307 1273 non
2344 1227 2549 1273 tantum
2589 1217 2863 1288 propriam
2897 1211 3190 1276 miseriam,
3218 1214 3478 1278 quantum

215 1315 510 1369 sanctitatis
550 1322 654 1368 tua:
678 1329 980 1384 pressuram
1007 1322 1057 1366 et
1087 1310 1695 1381 Constantinopolitanae
1719 1308 1969 1364 Ecclesia:
1993 1309 2330 1364 calamitates
2355 1323 2480 1376 pene
2507 1309 2832 1360 incessanter
2857 1301 3080 1371 deﬂebat
3119 1313 3136 1352 :
3165 1298 3242 1351 ita
3267 1303 3321 1348 ut
3376 1307 3481 1346 non

217 1401 382 1456 solum
397 1411 553 1454 antea
584 1400 690 1464 iam
717 1401 917 1453 dictum
946 1401 1266 1454 decessorein
1308 1416 1477 1454 meum
1497 1396 1797 1470 (Nicolaum
1822 1397 1861 1467 ι)
1889 1395 1979 1450 sed
2021 1405 2069 1450 et
2100 1411 2180 1448 me
2200 1403 2381 1464 postea
2426 1400 2572 1447 nocte
2597 1407 2658 1445 ac
2681 1390 2764 1445 die
2811 1389 3171 1458 inde/ieienter
3189 1384 3404 1451 erigere.
3431 1389 3482 1433 et

216 1506 306 1558 pro
335 1499 478 1543 statu
503 1497 666 1543 tanta:
692 1486 944 1542 Ecclesite
970 1497 1019 1542 et
1046 1488 1306 1542 erectione
1357 1469 1528 1542 vestra
1555 1485 1752 1541 crebris
1789 1485 2100 1539 suasionum
2139 1483 2370 1537 stimulis
2397 1483 2569 1536 latera
2601 1489 2898 1550 percutere,
2949 1485 2999 1530 et
3038 1469 3484 1546 quemadmodum

219 1576 426 1646 angelus
451 1577 718 1644 quondam
741 1593 756 1631 :
781 1574 968 1647 Surge,
992 1575 1162 1642 Petre,
1178 1577 1354 1646 accipe
1377 1575 1740 1645 fortitudinem
1765 1577 1835 1628 ad
1850 1573 2134 1628 salvandas
2157 1581 2355 1642 gentes,
2373 1587 2462 1637 per
2481 1568 2719 1638 sinqulos
2743 1567 2853 1620 dies
2881 1563 3029 1619 nobis
3056 1563 3226 1616 dicere
3243 1575 3342 1612 no't
3366 1572 3480 1610 ces-

219 1645 351 1716 saret
366 1681 632 1734 quousque
661 1645 923 1727 auditum,
952 1663 1056 1718 Deo
1070 1645 1378 1734 praestante,
1402 1664 1652 1734 suscepit,
1673 1664 1809 1734 quod
1846 1663 2092 1716 ardenter
2117 1663 2170 1715 in
2199 1673 2406 1730 pectore
2431 1673 2631 1727 semper
2656 1654 2950 1722 baiulabat.
2978 1654 3098 1720 Qua
3127 1653 3188 1703 de
3219 1663 3290 1710 re,
3316 1645 3487 1715 [tam

219 1750 572 1813 dilectissime,
591 1752 870 1805 sanctitati
899 1762 1002 1806 tua:
1037 1752 1174 1804 hunc
1196 1731 1640 1815 commendantes,
1669 1731 1912 1819 rogamus
1937 1759 1985 1805 et
2010 1751 2372 1819 deprecamur,
2416 1755 2672 1818 quatenus
2701 1745 2839 1796 circa
2893 1759 2946 1796 se
3000 1739 3194 1794 sentiat
3247 1731 3484 1801 beneﬁcii

222 1840 293 1892 tui
315 1839 668 1906 propositum;
691 1848 740 1892 et
770 1841 904 1893 sicut
934 1850 1117 1895 vestrte
1137 1839 1309 1910 factus
1329 1849 1404 1893 est
1430 1839 1843 1894 communicator
1863 1839 2146 1908 passionis,
2183 1836 2260 1890 ita
2290 1847 2336 1890 et
2363 1833 2738 1889 consolationis
2789 1848 2802 1885 :
2864 1847 2969 1885 non
3008 1839 3188 1881 autent
3217 1832 3273 1877 ut
3320 1819 3486 1892 fami-

221 1926 362 1979 liaris
388 1935 568 1978 noster
597 1925 792 1995 factus,
819 1928 909 1981 sed
937 1937 984 1981 et
1005 1936 1062 1981 ut
1095 1906 1273 1982 a'sede
1289 1914 1544 1998 principis
1574 1906 1930 1997 apostolorum
1962 1935 2255 1996 susceptus,
2286 1923 2371 1977 hic
2398 1922 2544 1976 debet
2584 1922 2647 1973 ob
2681 1935 2913 1973 antorem
2935 1917 3068 1988 ejus,
3105 1929 3207 1967 non
3245 1906 3486 1981 qualem-

221 2029 410 2081 cunque
440 2013 494 2066 in
511 2023 794 2081 conspectu
812 2015 1110 2070 sanctitatis
1134 2025 1318 2071 vestrae
1344 2015 1576 2086 gratiam
1607 2015 1855 2070 invenire.

290 2099 351 2156 V.
389 2103 548 2158 Anno
582 2102 791 2158 Christi
823 2104 928 2160 869
954 2083 1767 2174 Theognostus‘patriarcbalis
1817 2106 2156 2175 begnmenus
2202 2101 2410 2172 legatos
2454 2097 2680 2154 Adriani
2729 2095 2768 2151 ll
2796 2083 3026 2150 Romani
3071 2087 3365 2170 pontiﬁcis,
3415 2085 3484 2140 ad

223 2193 502 2248 Concilium
546 2193 1024 2264 ConstantinOpoli
1058 2194 1442 2250 celebrandum
1469 2192 1688 2254 missos.
1745 2192 2110 2248 Sillambriain
2147 2191 2425 2261 ingressos
2456 2186 2792 2257 excipiebat;
2833 2184 2924 2254 qui
2955 2175 3482 2246 Constantinopolim

225 2279 505 2337 indictione
535 2298 624 2341 ιη.
661 2283 751 2338 die
787 2300 854 2337 xv
889 2283 1245 2356 Septembris,
1270 2282 1336 2337 Λ.
1370 2281 1432 2336 (Ξ.
1470 2281 1594 2347 869,
1631 2290 2006 2351 pervenerunt.
2029 2277 2393 2333 Continuator
2419 2274 2689 2328 Anastasii
2722 2273 2788 2327 de
2820 2268 3085 2324 Romanis
3112 2264 3486 2336 pontibcibuSo

226 2369 274 2422 iu
304 2370 540 2424 Adriano
572 2372 614 2425 ll
653 2390 665 2425 :
705 2350 998 2424 Multorum
1065 2369 1401 2438 anfractuum
1433 2350 1720 2423 laboriosos
1769 2369 2021 2422 circuitus
2060 2365 2246 2436 (legati
2287 2363 2578 2432 Pontiﬁcii)
2617 2367 2972 2430 penetrantes,
3023 2356 3233 2409 tandem
3271 2350 3482 2406 Christo

228 2459 461 2526 prreduce
517 2458 953 2513 Thessalonicam
993 2460 1203 2512 veniunt
1238 2458 1290 2510 in
1355 2473 1457 2526 quo
1497 2455 1734 2510 Basilius
1779 2457 2066 2524 imperator
2091 2451 2438 2506 Eustachium
2465 2449 2799 2519 spathariunt
2831 2443 3182 2500 candidatum
3225 2456 3341 2494 cum
3373 2451 3486 2490 suae

228 2545 561 2600 salutationis
580 2547 744 2616 oﬁicio
775 2556 976 2601 sancta:
1015 2546 1265 2600 Romana:
1289 2544 1482 2613 legatis
1510 2544 1762 2598 Ecclesite
1790 2541 1994 2597 obviam
2019 2540 2328 2595 destinavit.
2360 2539 2463 2605 Qui
2484 2554 2571 2591 eos
2607 2535 2894 2590 admodum
2924 2529 3210 2597 honoriﬁce
3243 2544 3334 2598 per
3357 2542 3486 2579 con-

233 2635 370 2702 tigna
413 2614 633 2689 itineris
669 2636 785 2688 loca
833 2636 1101 2696 ducentes,
1152 2632 1528 2688 Sillambriam
1566 2641 1931 2702 pervenerunt.
1967 2629 2068 2685 Ubi
2099 2647 2130 2704 ᾳ
2158 2627 2396 2684 Sisiunio
2431 2623 2696 2694 imperiali
2730 2620 3166 2693 protaspathario
3197 2627 3244 2672 et
3316 2614 3488 2669 Theo-

232 2731 399 2789 guosto
414 2723 768 2791 patriarchali
794 2723 1098 2792 hegumeno,
1127 2721 1214 2791 qui
1243 2719 1420 2775 Rmnte
1448 2720 1588 2791 apud
1617 2720 2009 2775 sanctissimum
2042 2702 2232 2787 papam
2261 2713 2547 2770 Nicolaum
2571 2730 2665 2783 pro
2686 2710 3007 2767 restituendo
3035 2707 3248 2779 lgnatio
3272 2702 3488 2757 sedulus

232 2807 529 2863 intercessor
574 2791 873 2874 exstiterat,
901 2825 1018 2863 cum
1051 2809 1121 2865 ιο
1154 2810 1300 2878 equis
1345 2809 1407 2862 de
1443 2807 1656 2863 stabulo
1695 2807 1959 2877 imperiali
1981 2815 2030 2861 et
2085 2805 2243 2860 totius
2294 2819 2484 2858 mensa:
2514 2809 2760 2872 argenteo
2799 2808 3087 2870 apparatu,
3141 2791 3487 2863 oﬁicialibus-

234 2915 341 2968 que,
366 2901 454 2970 qui
477 2901 588 2955 sibi
607 2901 675 2956 ad
705 2917 907 2954 omnem
943 2901 1150 2954 libitum
1186 2899 1601 2968 famularentur,
1636 2906 1760 2950 sunt
1793 2896 2012 2964 excepti.
2037 2894 2120 2948 Ad
2148 2902 2385 2947 castrum
2417 2899 2592 2944 autem
2620 2887 2927 2952 rotundum,
2964 2886 3019 2939 in
3049 2899 3149 2955 quo
3171 2889 3247 2936 est
3270 2878 3493 2933 ecclesia

235 2987 374 3042 tuine
400 2989 786 3058 magnitudinis
817 2987 875 3043 S.
904 2987 1258 3057 Evangelistte
1273 2987 1500 3040 Joannis
1532 2986 1731 3039 nomini
1757 2985 1957 3047 dicata,
1991 2985 2168 3053 favore
2207 2979 2516 3051 Augustali,
2556 2977 2790 3033 Saobato
2814 2973 3140 3029 mansionem
3171 2967 3491 3036 suscipiunt.

241 3073 302 3126 Et
333 3055 632 3143 Dominica,
674 3094 789 3147 quae
817 3079 1003 3148 quinta
1035 3055 1240 3130 decima
1270 3078 1381 3129 dies
1420 3073 1712 3144 Septembri
1741 3080 1876 3136 erat,
1928 3071 2218 3124 indictione
2250 3069 2430 3129 tertia,
2479 3065 2713 3136 singulos
2737 3077 2893 3132 equos
2925 3077 3043 3116 cum
3115 3057 3260 3112 sellis
3305 3055 3484 3108 aureis

239 3161 492 3216 devotione
544 3165 898 3234 imperatoria
933 3165 1223 3228 capientes,
1263 3164 1463 3218 obviati
1524 3165 1765 3215 omnibus
1800 3160 2018 3221 scholis,
2053 3158 2289 3212 videlicet
2343 3155 2760 3224 spathariorum,
2803 3151 3233 3210 candidatorum,
3287 3154 3486 3198 strate-

243 3265 435 3318 gorum,
467 3253 851 3307 mandatorum
914 3265 1327 3323 creterorumque
1389 3250 1767 3306 Palatinarum
1819 3249 2090 3311 ordinum,
2123 3243 2464 3313 omnibusque
2499 3240 2811 3294 clericorum
2841 3235 3152 3308 planetariis
3210 3229 3487 3286 ordinibus

244 3346 305 3399 ad
331 3357 526 3415 portam
553 3364 774 3402 auream
800 3348 1029 3403 veniunt.

313 3456 391 3510 \‘I.
433 3457 568 3512 Post
608 3456 902 3512 concilium
950 3454 1640 3526 Constantinopolitannin,
1692 3453 1756 3508 A.
1790 3454 1852 3508 (Σ.
1889 3451 1994 3506 870
2042 3450 2274 3515 ﬁnitum,
2333 3445 2479 3518 quod
2533 3456 2759 3514 prorsus
2803 3443 2868 3494 ad
2901 3435 3135 3526 Adriani
3179 3431 3225 3526 ll
3266 3433 3496 3526 Romani

246 3546 506 3615 pontiﬁcis
534 3555 800 3611 mentem,
834 3543 1260 3615 patriarcbatum
1306 3520 1973 3611 Constantinopolitanmu
2022 3540 2298 3594 ademerat
2332 3533 2548 3598 Photio,
2585 3531 3002 3587 continuaverat
3037 3523 3268 3594 lgnatio,
3313 3520 3498 3576 Theo-

245 3645 456 3704 gnostns
493 3633 641 3702 apud
672 3632 1301 3702 Consmntiuopolitanos
1341 3609 1879 3686 IDOIIGSleI'li'FOHIiS
1907 3629 2265 3697 begumcnns,
2318 3623 2370 3677 id
2393 3634 2475 3677 est
2500 3620 2691 3683 abbas,
2723 3627 2776 3673 et
2808 3613 3064 3670 Ecclesia:
3102 3609 3308 3681 Magnae
3342 3609 3502 3680 (qui—

246 3721 338 3775 lnts
358 3722 638 3777 vocabulis
661 3721 918 3792 templum
935 3718 1146 3775 Sancte
1162 3720 1374 3790 Sophiae
1390 3720 1525 3775 solet
1547 3715 2226 3788 denotari)scenopliylax,
2263 3712 2443 3778 idest,
2495 3723 2748 3766 vasorum
2779 3713 2986 3769 custos,
3035 3716 3127 3770 per
3158 3715 3217 3756 sc
3266 3697 3497 3753 Romam

183 3827 185 3829 ·
246 3809 428 3878 iturus,
449 3787 839 3880 imperatorum
860 3809 1062 3877 Basilii,
1077 3787 1718 3873 Constantini,Leoniset
1734 3787 2056 3878 patriarcha:
2074 3804 2262 3874 lguatii
2283 3804 2487 3857 litteras
2506 3800 2573 3854 ad
2595 3797 2891 3852 Adi-ianum
2912 3788 3259 3864 perferendas
3279 3787 3508 3857 accipie-

249 3897 355 3954 bat:
378 3901 542 3969 ipsius
576 3899 752 3969 (cujus
776 3898 1000 3953 arbitrio
1024 3875 1263 3952 Graecam
1288 3897 1580 3951 Ecclesiam
1604 3875 1844 3964 lgnatius
1860 3904 1912 3948 et
1935 3892 2223 3962 lgnatiani,
2247 3889 2444 3960 partim
2472 3886 2756 3942 acerrimis
2781 3884 2835 3937 in
2856 3881 3106 3938 Pbotium
3128 3886 3182 3930 et
3200 3875 3504 3929 Photianos

250 3987 397 4054 odiis,
439 3988 639 4058 partim
671 3985 883 4054 magnis
916 3987 968 4039 in
999 3987 1268 4055 integrum
1303 3963 1667 4040 restitutionis
1700 3983 1980 4056 beneficiis
2013 3979 2256 4044 adducti,
2283 3981 2422 4032 intra
2455 3975 2748 4031 concilium
2780 3987 2810 4026 a
2854 3969 2992 4026 solis
3025 3964 3327 4036 lgnatianis
3356 3963 3505 4016 cclc-

253 4049 479 4142 bratntn,
513 4077 574 4130 in
605 4049 1083 4144 ri-busupreecipuis
1112 4049 1520 4142 subiecerant,)
1553 4071 1619 4125 ad
1650 4070 1809 4124 utiles
1834 4049 2110 4132 Ecclesiis,
2154 4076 2265 4121 tum
2301 4067 2534 4120 lectores
2566 4062 2833 4132 plurimos
2872 4071 3012 4126 quos
3055 4052 3285 4108 Pbotins
3327 4049 3505 4106 sacris
3541 4113 3554 4119 ,

257 4162 579 4227 initiaverat,
617 4163 670 4216 in
714 4162 906 4217 ofﬁciis
935 4162 1052 4216 suis
1091 4161 1372 4226 toleratos,
1425 4138 1729 4226 majoribus
1773 4156 2138 4227 dignitatibus
2187 4152 2530 4214 mactandos,
2585 4150 2700 4203 tuin
2744 4146 3033 4216 episcopos
3088 4138 3386 4196 nonnullos
3434 4138 3505 4191 ob

256 4253 693 4306 communionem
723 4266 844 4305 cum
874 4248 1066 4304 Photio
1095 4250 1326 4309 cultam,
1355 4246 1677 4300 muneribus
1713 4244 1830 4299 suis
1861 4245 2106 4305 orbatos,
2142 4240 2414 4311 prioribus
2460 4236 2684 4291 sedibus
2727 4229 3118 4292 restituendos,
3161 4240 3496 4282 consensum

259 4343 538 4411 impetrato
551 4358 669 4396 rus.
709 4341 1079 4410 Imperatores
1108 4341 1160 4394 in
1193 4338 1386 4394 litteris
1418 4337 1483 4392 ad
1509 4337 1837 4399 Adrianum,
1861 4348 2002 4406 quas
2032 4329 2356 4411 Anastasius
2379 4321 2836 4380 Bibliothecarins
2863 4317 3013 4374 Actis
3032 4314 3506 4382 Constantinopo-

259 4409 398 4484 litani
440 4432 664 4488 concilii
712 4409 924 4485 Latinis
951 4430 1234 4498 subjunxit
1263 4447 1278 4483 :
1319 4427 1645 4483 Litterarum
1675 4427 1922 4498 gerulum
1943 4409 2243 4491 expeditum
2279 4419 2348 4472 ad
2389 4418 2724 4486 peregrinam
2754 4411 3161 4482 profectionem,
3191 4416 3240 4460 et
3276 4417 3503 4475 magna-

260 4519 450 4572 nimum
487 4519 560 4573 ad
589 4518 853 4573 ntalorum
881 4496 1222 4570 tolerantiam
1252 4516 1519 4569 consecuti
1555 4496 1759 4574 sumus.
1793 4515 1847 4568 id
1874 4515 2044 4584 ipsum
2093 4508 2323 4580 optabile
2368 4506 2643 4560 habentem
2693 4501 2919 4572 principi
2972 4496 3338 4568 apostolorum
3386 4503 3510 4548 ante

260 4609 573 4674 promissum
613 4624 778 4662 causa
811 4607 1063 4662 reddendi
1090 4618 1286 4669 votum,
1317 4605 1657 4674 eamdemque
1687 4613 1872 4658 vestra:
1898 4612 2135 4672 paterna:
2163 4596 2450 4652 Sanctitati
2482 4592 2934 4653 commendamus,
2960 4601 3117 4654 super
3159 4585 3255 4638 hoc
3309 4597 3513 4652 quoque

260 4696 474 4750 multum
497 4696 937 4766 tranquillitatem
970 4705 1193 4751 vestram
1219 4704 1510 4762 roqantem.
1553 4671 1704 4747 idem
1753 4671 1930 4745 autem
1958 4697 2033 4743 est
2067 4687 2151 4740 hic
2187 4684 2564 4752 Theognostus,
2593 4695 2744 4751 quem
2773 4687 2822 4732 et
2853 4693 2940 4730 vos
2997 4674 3122 4728 bene
3173 4673 3364 4734 nostis,
3409 4671 3514 4722 Deo

262 4786 496 4840 amabilis
527 4759 846 4855 hegumenus
907 4759 1352 4854 super-laudabilis
1398 4782 1490 4837 Dei
1521 4783 1708 4836 matris
1742 4779 1900 4850 ches
1934 4780 1956 4847 (
1979 4776 2032 4830 id
2059 4785 2138 4830 est
2169 4771 2398 4840 Fontis)
2421 4780 2471 4824 et
2498 4784 2748 4824 vasorum
2782 4773 2960 4820 custos
2993 4763 3201 4832 Magna:
3227 4759 3502 4826 Ecclesitp.

262 4870 360 4926 Per
395 4874 564 4942 ipsum
595 4847 741 4941 brgo,
772 4889 887 4943 qua:
909 4847 1078 4926 nostri
1105 4873 1351 4927 desiderii
1375 4882 1517 4934 sunt,
1548 4847 1836 4940 opportune
1863 4863 2152 4935 adimplere
2205 4860 2594 4929 conspeximus.
2655 4856 2858 4911 Ibidem
2890 4861 3014 4924 post
3045 4866 3218 4921 pauca
3247 4868 3262 4902 :
3297 4847 3517 4913 Specia~

267 4959 329 5013 lis
365 4971 538 5014 autem
577 4961 738 5015 Pater
769 4935 947 5014 noster
973 4971 1022 5014 et
1048 4976 1250 5031 magna:
1278 4961 1510 5015 civitatis
1551 4935 1864 5027 patriarcha
1909 4952 2194 5023 postulavit
2250 4966 2282 5003 a
2321 4947 2472 5002 nobis
2522 4946 2753 4999 scribere
2809 4941 3103 4997 Sanctitati
3152 4950 3256 4991 tute
3310 4935 3373 4988 de
3428 4935 3512 4987 his

268 5044 563 5111 lectoribus,
599 5049 690 5117 qui
723 5064 754 5100 a
786 5047 974 5101 Photio
1020 5022 1246 5114 promoti
1277 5058 1420 5110 sunt,
1463 5022 1642 5100 multis
1675 5055 1723 5099 et
1750 5022 2220 5097 innumerabilibus
2263 5032 2636 5090 assistentibus
2683 5033 2758 5084 eis
2802 5031 2856 5082 in
2904 5028 3126 5082 diversis
3187 5022 3518 5093 provinciis;

269 5130 475 5203 insuper
505 5111 679 5188 autem
708 5145 754 5188 et
786 5135 850 5187 de
880 5111 1055 5188 Paulo
1081 5135 1510 5188 rererendissimo
1539 5132 1959 5197 bibliothecario,
1992 5128 2144 5182 verbo
2174 5135 2222 5179 et
2260 5127 2367 5178 vita
2389 5120 2735 5192 prwfulgido,
2761 5135 2823 5172 ac
2853 5117 3124 5171 Theodoro
3153 5111 3514 5180 metropoli”.

270 5223 354 5290 qui
389 5236 436 5276 et
476 5225 586 5293 ipse
610 5225 764 5277 nimis
795 5222 1042 5278 Ecclesia:
1077 5223 1224 5277 utilis
1247 5233 1344 5286 est,
1376 5233 1629 5292 quatenus
1659 5219 1979 5290 dispensatio
2013 5218 2112 5286 fiat
2159 5233 2191 5268 a
2233 5213 2531 5268 Sanctitate
2594 5208 2774 5262 Vestra
2823 5222 2978 5274 super
3007 5205 3157 5274 ipsis,
3199 5200 3518 5273 quibusdam

273 5312 472 5376 quidem
503 5312 571 5364 ad
600 5327 846 5365 ascensus
881 5304 1106 5380 uiajores
1142 5326 1417 5362 sacrarunt
1443 5309 1725 5376 graduum.
1762 5306 2080 5377 quibusdam
2112 5319 2228 5357 vero
2264 5302 2333 5354 ad
2377 5299 2725 5368 receptioueut
2773 5294 2978 5348 sedium
3007 5308 3229 5345 suarum
3265 5306 3282 5353 δ
3316 5289 3384 5342 ad
3417 5293 3515 5340 hoc

275 5401 576 5468 rogantibus
607 5399 699 5453 Dei
723 5402 1060 5454 imitatricem
1097 5401 1339 5453 virtutem
1365 5407 1510 5449 tuam
1552 5412 1569 5457 ;
1599 5399 1781 5448 horum
1813 5395 2027 5462 quidem
2073 5391 2484 5452 multitudinem,
2527 5386 2684 5454 ltttjus
2709 5400 2823 5437 vero
2857 5381 3064 5436 labores
3093 5389 3141 5432 et
3173 5395 3268 5447 pro
3292 5378 3512 5430 veritate

276 5491 508 5554 sudores,
539 5492 682 5546 illius
716 5501 890 5544 autent
923 5489 1091 5558 culpa:
1123 5488 1596 5557 reprehensionem,
1625 5495 1672 5538 et
1715 5482 1853 5550 quod
1896 5498 1961 5536 ea:
1987 5480 2244 5534 canonica
2278 5478 2346 5529 sit
2374 5491 2564 5529 manus
2597 5473 2934 5542 iupositione
2955 5477 3232 5539 promotus
3282 5465 3524 5518 conside-

279 5592 473 5636 tantem
505 5600 523 5637 :
552 5601 644 5651 pro
671 5585 753 5636 his
779 5595 826 5636 et
863 5582 1138 5648 imperiunt
1178 5552 1417 5632 nostrum
1447 5575 1657 5644 ﬂagitat
1705 5574 1959 5643 pietatem
1992 5582 2141 5622 tuam
2185 5564 2595 5631 dispensandum
2638 5559 2839 5620 aliquid
2871 5559 2990 5610 hinc
3023 5554 3328 5609 humanius.
3369 5552 3523 5621 lgna—

285 5671 387 5724 tins
419 5672 471 5724 in
505 5673 697 5726 litteris
727 5671 790 5723 ad
836 5647 1158 5731 Adrianum,
1194 5667 1393 5721 ibidem
1436 5662 1780 5717 exstantibus
1815 5678 1829 5714 :
1877 5659 2079 5712 Nostra
2111 5654 2387 5707 humilitas
2419 5666 2618 5703 memor
2660 5647 2943 5701 ctiaritatis
2985 5654 3190 5708 vestrm,
3249 5657 3310 5695 ac
3368 5657 3548 5718 ama-l

287 5757 424 5824 bilis,
454 5777 602 5830 quem
622 5761 763 5814 circa
789 5775 880 5812 nos
901 5756 1074 5820 habet,
1099 5756 1341 5824 affectus,
1367 5765 1413 5807 et
1436 5750 1619 5805 adhoc
1644 5751 1815 5819 ipsum
1837 5747 2156 5802 voluntatem
2179 5749 2226 5796 et
2259 5739 2656 5794 medicationem
2684 5735 2895 5804 habens,
2930 5733 3122 5789 invenit
3154 5742 3528 5801 procurantem
