3978 6592
444 349 546 416 8-27
1603 317 2015 410 TIIEoGNos

2150 350 2464 410 romam
2756 325 2760 364 ⁵
3200 431 3204 436 ,
3611 323 3721 416 eis

449 477 506 520 ut
554 465 854 519 mitteretur
885 461 938 516 in
975 450 1134 525 vtam,
1179 479 1296 534 qua:
1323 471 1398 518 est
1447 464 1514 517 ad
1577 467 1754 534 magni
1812 466 2038 520 nominis
2094 463 2336 530 Romam,
2397 467 2654 522 orationis
2714 483 2898 530 causa,
2950 467 3196 521 intimum
3252 465 3423 536 ﬁlium
3475 477 3716 520 nostrum

444 552 935 608 reverendissimum
975 548 1216 604 abbatem
1255 549 1460 614 Fontis,
1506 561 1555 605 et
1591 553 2010 622 scevophylacent
2054 553 2266 624 Magum
2319 555 2605 621 Ecclesiae,
2649 556 2924 609 domimtut
2989 555 3396 625 Tlteognostum,
3432 566 3482 610 et
3519 556 3717 609 idcirco

447 640 612 710 magis
638 639 936 694 studuimus
962 638 1248 707 adimplere
1278 639 1597 693 desiderium
1629 649 1880 701 vestrum,
1911 658 2061 711 quem
2084 652 2132 696 et
2161 643 2399 696 misimus
2433 658 2551 696 cum
2594 643 2845 712 pra'scnti
2881 644 3101 712 epistola
3144 653 3327 698 nostra
3370 645 3716 698 visitaturum

444 739 494 784 ct
537 727 918 792 saitttaturum,
955 741 1017 780 ac
1057 726 1404 780 adoraturunt
1441 728 1736 795 fraternam
1786 727 2136 783 Sanctitatem
2185 729 2423 784 Vestram
2460 732 2879 794 ,°nu-ntiaturum
2916 732 3080 785 etiam
3121 741 3169 785 et
3217 750 3250 786 a
3299 730 3517 786 Christo
3568 731 3716 785 nobis

447 815 704 870 donatam
733 815 1152 870 incolumitatem
1177 815 1233 868 in
1264 815 1363 866 hac
1399 817 1502 868 vita
1557 814 1738 868 ntultis
1761 817 2096 880 passionibus
2127 827 2175 871 et
2214 818 2641 872 tribulationibus
2671 817 2848 886 plena,
2899 820 3343 887 quemadmodum
3394 820 3506 888 ipse
3554 818 3718 871 voluit

447 914 495 957 et
530 905 828 974 judicavit,
874 905 964 974 qui
993 905 1169 958 omnia
1200 904 1461 973 sapienter
1501 915 1549 957 et
1593 915 1938 974 congruenter
1984 907 2276 974 dispensat,
2315 917 2363 962 et
2397 918 2518 962 ante
2565 909 2617 962 in
2667 919 2758 961 tua
2784 909 3147 978 piissimoruut
3181 921 3228 964 et
3267 909 3469 965 Christi
3513 911 3717 962 amico—

448 1008 563 1045 rum
615 1008 678 1045 ac
711 1009 743 1045 a
783 991 890 1046 Deo
933 991 1366 1064 gubernatorum,
1398 1000 1553 1062 atque
1598 993 1851 1046 divinitus
1885 995 2210 1049 munitorum
2249 997 2626 1066 imperatorum
2654 1005 2953 1051 nostrorum
2983 998 3387 1067 prosperitatem
3420 1009 3467 1051 et
3497 1008 3720 1064 tropa’a,

447 1088 493 1130 et
541 1079 595 1132 in
618 1079 802 1133 melius
835 1080 896 1133 de
929 1080 1014 1134 die
1047 1080 1101 1132 in
1135 1079 1273 1133 diem
1315 1095 1488 1132 rerum
1534 1078 1760 1132 Romani
1795 1080 1999 1148 imperii
2035 1084 2453 1150 translationem,
2493 1097 2548 1138 ut
2585 1097 2630 1138 et
2669 1101 2757 1139 vos
2804 1085 3152 1155 gaudentibus
3188 1086 3339 1140 nobis
3383 1085 3724 1156 congratnle—

449 1167 578 1221 mini
611 1182 702 1235 per
725 1177 965 1222 mutuam
998 1168 1153 1221 unius
1189 1168 1422 1236 corporis
1469 1167 1816 1221 membrorum
1847 1169 2234 1237 cae/rectionem
2277 1183 2327 1226 et
2376 1174 2810 1241 compassionem,
2848 1181 2896 1226 et
2937 1173 3127 1227 iterum
3173 1173 3266 1226 Dei
3298 1175 3418 1227 boni
3464 1175 3641 1243 gratia
3673 1185 3722 1227 et

453 1256 839 1322 coOperatioue,
905 1255 974 1308 ad
1048 1255 1463 1309 mediocritatem
1542 1256 1806 1310 maturius
1891 1267 2289 1323 remeaturum,
2336 1269 2386 1314 et
2445 1259 2578 1314 bona
2636 1260 2825 1314 nuntia
2907 1260 3296 1314 amabilissima
3350 1261 3476 1316 vita:
3533 1271 3724 1314 vestra:

459 1342 756 1396 allaturum
811 1343 881 1396 ad
930 1342 1225 1396 Ecclesium
1303 1352 1560 1396 nostram.
1641 1342 1839 1398 Ibidem
1914 1353 2038 1413 post
2113 1361 2324 1414 pauca:
2380 1345 2534 1412 Quod
2582 1357 2760 1402 autent
2815 1349 3166 1403 sanctissimis
3217 1350 3438 1402 vicariis
3486 1357 3727 1416 paterna:

446 1431 754 1500 sanctitatis
785 1440 968 1485 vestra:
993 1428 1716 1499 adhuc(Constantinopoli,
1744 1446 1858 1501 ,τιυο
1886 1431 1952 1486 ad
1978 1433 2268 1487 concilium
2299 1444 2564 1489 venerant
2589 1437 2604 1505 )
2626 1435 2970 1505 praesentibus
2994 1436 3282 1505 perfectum
3306 1453 3406 1490 non
3437 1447 3513 1491 est
3550 1450 3720 1505 neque

451 1518 613 1585 ﬁnem
648 1518 873 1588 accepit,
917 1534 1163 1588 rogamus
1190 1533 1329 1570 nunc
1358 1517 1635 1571 terminari
1665 1529 1713 1572 et
1749 1519 1957 1588 disponi
1981 1519 2228 1590 perfecte,
2257 1537 2320 1574 ac
2352 1521 2551 1590 integre
2588 1522 2750 1575 scribi
2781 1523 2850 1576 ad
2877 1523 3234 1577 humilitatem
3262 1507 3500 1576 nostram
3532 1524 3596 1576 de
3635 1522 3726 1574 hi8

451 1606 755 1672 lectoribus,
801 1606 891 1676 qui
946 1606 1084 1659 tonsi
1133 1614 1254 1658 sunt
1282 1622 1312 1658 a
1339 1603 1556 1666 Photio,
1589 1621 1778 1658 manus
1822 1607 2302 1680 impositione:qui
2343 1626 2460 1663 cum
2496 1610 2602 1664 sint
2647 1627 2774 1679 pene
2817 1611 3225 1664 innumerabilis
3259 1611 3630 1665 multitudinis
3663 1611 3723 1662 in

453 1694 718 1748 universis
759 1694 1054 1762 regionibus
1095 1702 1142 1746 et
1174 1692 1476 1745 civitatibus
1511 1689 1782 1759 Ecclesirv,
1815 1694 2088 1764 postulant
2119 1713 2183 1750 ea:
2216 1699 2526 1752 necessitate
2556 1697 2784 1751 aliorum
2813 1700 2929 1768 fieri
2954 1699 3342 1754 sacerdotalem
3370 1711 3677 1768 provectum
3708 1716 3725 1754 :

455 1791 514 1835 ut
561 1798 941 1852 cognoscamus
984 1781 1145 1835 etiam
1185 1789 1234 1835 et
1276 1797 1432 1850 super
1479 1780 1579 1834 hac
1625 1797 1680 1835 re
1724 1794 1948 1835 vestram
1989 1784 2310 1839 voluntatem
2350 1797 2506 1857 atque
2539 1787 2808 1841 decretum
2842 1788 3134 1842 certissime
3174 1797 3222 1842 et
3264 1788 3725 1858 manifestissime,

454 1879 633 1923 utrum
660 1871 766 1924 sint
807 1869 955 1940 digni
987 1869 1282 1939 promoveri
1310 1870 1380 1922 ad
1417 1866 1641 1934 majores
1673 1869 1956 1923 sacerdotii
1989 1870 2206 1939 gradus,
2241 1890 2417 1927 annon
2459 1875 2565 1928 sint
2599 1890 2616 1928 :
2661 1874 2881 1928 dubium
2933 1877 3072 1928 enim
3113 1876 3211 1930 ltoc
3255 1885 3463 1929 tantunt
3495 1877 3716 1929 dimise-

456 1968 657 2015 serunt.
695 1957 759 2011 Et
817 1959 991 2012 adhuc
1045 1956 1374 2026 postulamus
1401 1957 1566 2010 etiant
1596 1956 1660 2011 de
1707 1957 1895 2012 intimo
1933 1958 2042 2018 ﬁlio
2087 1969 2268 2014 nostro
2293 1970 2343 2015 et
2373 1961 2671 2030 fortissimo
2696 1963 2937 2017 veritatis
2963 1965 3234 2032 agonista,
3270 1963 3446 2018 Paulo
3477 1965 3727 2018 videlicet

456 2047 862 2117 cltartop-ttglace
896 2056 975 2110 ut,
1030 2047 1076 2100 si
1108 2054 1186 2100 est
1234 2045 1503 2115 possibilis
1549 2048 1604 2100 in
1654 2061 1771 2099 eum
1816 2046 2226 2112 dispensationis
2275 2050 2457 2120 aliqua
2502 2052 2664 2115 ratio,
2723 2051 2942 2120 recipiat
2994 2051 3311 2122 dignitatem
3360 2053 3726 2122 episcopatus,

458 2136 902 2205 quemadmodum
931 2142 979 2189 et
1003 2143 1164 2188 antea
1199 2135 1252 2187 in
1281 2133 1471 2187 litteris
1505 2135 1701 2188 nostris
1733 2134 2154 2206 efﬂagitauimus.
2191 2138 2390 2193 Deinde
2416 2156 2618 2209 quoque
2643 2156 2799 2208 super
2830 2137 2869 2192 Γ
2871 2139 3121 2204 Iteodoro,
3149 2139 3240 2210 qui
3271 2156 3303 2193 a
3337 2139 3486 2193 nobis
3511 2141 3729 2211 quidem

457 2235 792 2280 consecratus
808 2234 884 2278 est
911 2223 1246 2292 ntetropolita
1277 2219 1474 2288 Cariaz,
1511 2223 1737 2277 multum
1765 2235 1940 2278 autent
1980 2225 2239 2280 laboravit
2275 2236 2325 2281 et
2356 2228 2580 2298 amictus
2602 2237 2680 2281 est
2711 2227 2775 2281 ab
2800 2229 2954 2282 initio
2977 2228 3194 2297 injustat
3223 2245 3285 2282 ac
3316 2229 3510 2299 iniqua:
3537 2228 3716 2298 dejeco

457 2315 617 2367 tionis
654 2322 873 2376 nostrte,
906 2314 962 2366 in
993 2313 1296 2368 novissimis
1344 2328 1460 2366 vero
1493 2329 1611 2366 cum
1646 2315 1838 2368 misero
1880 2313 2070 2368 Photio
2101 2315 2430 2378 conveniens,
2461 2325 2677 2384 propter
2705 2315 2820 2384 ejus
2870 2316 3129 2369 immensa
3161 2325 3443 2380 tormenta,
3475 2331 3593 2384 qutz
3619 2315 3726 2369 sibi

457 2401 818 2454 resistentibus
851 2400 1130 2468 inferebat,
1162 2400 1419 2453 consensit
1449 2411 1498 2453 et
1528 2416 1687 2470 usque
1718 2400 1785 2454 ad
1815 2402 2059 2455 ultimum
2085 2402 2251 2472 ipsius
2316 2403 2454 2456 diem
2496 2407 2837 2473 repreuitens,
2910 2404 3256 2457 nihilominus
3328 2419 3514 2456 rursus
3566 2402 3729 2456 corde

457 2490 687 2543 contrito
747 2499 796 2542 et
844 2489 1035 2555 spiritu
1077 2487 1398 2540 humilitatis
1449 2487 1654 2541 veniam
1697 2490 1966 2557 expetivit.
2015 2489 2410 2546 Prohibuerunt
2451 2493 2590 2546 enim
2634 2509 2754 2546 eum
2785 2493 3086 2546 sacerdotio
3119 2492 3272 2563 fungi
3309 2508 3520 2562 quoquo
3568 2489 3729 2544 modo

455 2578 783 2631 sanctissimi
817 2577 1002 2631 vicarii
1035 2575 1307 2629 Almitatis
1335 2585 1538 2636 vestraz,
1567 2586 1616 2628 et
1647 2577 1784 2644 quod
1815 2579 2183 2648 subscripserit
2215 2577 2268 2631 in
2289 2595 2407 2632 eam
2433 2596 2550 2650 qua:
2576 2581 2724 2650 facta
2748 2590 2824 2634 est
2855 2580 2919 2633 ab
2939 2581 3311 2650 infelicissimo
3333 2579 3537 2643 Photio,
3570 2579 3730 2650 quasi

458 2665 713 2732 depositio
754 2665 1045 2718 beatissimi
1077 2672 1126 2717 et
1155 2664 1342 2733 optimi
1373 2663 1551 2717 Patris
1577 2666 1745 2718 nostri
1777 2663 1992 2718 Nicolai
2015 2665 2300 2721 decessoris
2327 2666 2640 2722 Sanctitatis
2672 2678 2795 2722 true.
2829 2668 2956 2723 Htec
2986 2677 3132 2731 sunt,
3161 2669 3225 2722 de
3250 2667 3442 2737 quibus
3468 2683 3728 2737 rogamus

461 2751 812 2806 Sanctitatem
845 2761 1091 2818 vestram,
1131 2761 1185 2805 ut
1214 2751 1260 2804 si
1286 2751 1529 2818 possibile
1558 2752 1648 2816 sit,
1686 2764 1872 2806 utatur
1893 2753 2040 2807 verbo
2059 2755 2472 2826 dispensationis
2500 2768 2548 2812 et
2576 2758 2954 2813 misericordia:
3003 2759 3058 2812 in
3103 2758 3206 2824 his,
3246 2773 3365 2810 cunt
3402 2755 3511 2809 alia
3543 2755 3731 2809 omnia

457 2841 715 2910 optimum
740 2851 789 2896 et
826 2842 1159 2895 commodum
1195 2839 1354 2908 ﬁnem
1385 2855 1448 2892 ac
1479 2841 1880 2910 dispositionem
1908 2843 2254 2914 susceperint.

530 2950 645 3005 VII.
681 2951 790 3006 Sed
836 2951 1033 3006 borum
1077 2966 1200 3020 quae
1230 2950 1962 3024 Constantinopolitanorum
2007 2957 2365 3026 imperatores
2391 2997 2405 3022 ,
2437 2970 2559 3011 cum
2596 2955 2906 3025 patriarcha
2945 2956 3078 3011 satis
3107 2955 3365 3011 humilem
3408 2956 3461 3010 in
3499 2954 3729 3010 modum

457 3041 804 3110 expetebant,
864 3039 1000 3094 nihil
1054 3040 1382 3095 auctoritate
1415 3055 1512 3095 sua
1538 3083 1553 3106 ,
1611 3042 1748 3096 nihil
1780 3044 2033 3113 precibus
2075 3045 2190 3101 suis
2232 3044 2617 3114 Tln-ognostus
2651 3045 2720 3098 ab
2759 3044 3003 3098 Adriano
3050 3043 3329 3099 Photianis
3369 3043 3729 3113 implacabili,

459 3128 1076 3198 Constantinopolitanis
1104 3128 1447 3195 inexorabili,
1480 3129 1778 3185 obtinebat.
1806 3130 1858 3185 ld
1887 3147 1988 3186 nos
2018 3133 2289 3188 Adrianus
2315 3134 2366 3186 in
2400 3135 2597 3189 litteris
2636 3138 2701 3188 ad
2736 3131 3464 3197 Basilium,Constaatinum
3497 3143 3550 3187 et
3587 3132 3733 3187 Leo-

459 3233 608 3283 nem,
658 3218 1016 3284 imperatores
1060 3215 1717 3287 Constantinopolitanos,
1741 3219 2034 3275 indictione
2069 3235 2134 3284 ν,
2165 3221 2253 3274 die
2289 3220 2354 3274 l0
2391 3220 2714 3277 Novembris
2737 3261 2752 3287 ,
2782 3236 2832 3275 a.
2871 3235 2921 3276 c.
2964 3220 3091 3287 871,
3127 3219 3371 3289 scriptis;
3407 3235 3542 3289 quas
3573 3220 3733 3274 Actis

461 3304 675 3359 concilii
696 3303 1286 3372 Conslanlinopolitani
1307 3303 1373 3358 IV
1401 3303 1610 3360 Latinis
1635 3305 1846 3360 additas
1874 3307 2196 3376 reperimus,
2225 3308 2382 3362 docet
2409 3327 2422 3362 :
2458 3308 2731 3374 Quamvis,
2762 3309 2837 3362 ait
2866 3307 3022 3371 ibid.,
3057 3307 3225 3362 ntulta
3252 3308 3507 3361 instantia
3533 3318 3582 3362 et
3609 3324 3733 3360 cer-

461 3402 637 3447 tamen
660 3392 757 3446 viri
787 3392 1184 3461 prudentissimi
1201 3401 1249 3446 et
1271 3392 1655 3461 religiosissimi
1679 3393 1950 3463 ltegttnteni
1981 3413 2040 3450 ac
2073 3413 2348 3451 sacrorum
2379 3414 2624 3452 vasorum
2673 3399 2906 3453 custodis
2933 3398 3270 3467 Theognosti,
3296 3398 3387 3468 qui
3414 3398 3476 3453 de
3509 3400 3732 3467 pietatis

459 3488 645 3535 vestra:
673 3480 951 3534 virtutibus
977 3487 1024 3532 et
1047 3478 1396 3546 probabilium
1425 3495 1632 3532 ntorum
1652 3479 1970 3551 insignibus,
1997 3494 2044 3536 et
2067 3492 2380 3555 troparorum
2415 3487 2693 3556 triumphis
2729 3527 2744 3551 ,
2771 3495 2926 3556 atque
2956 3487 3019 3540 de
3038 3487 3407 3555 beneficiorum
3434 3497 3730 3542 vestrorum

460 3567 546 3637 pie
577 3567 679 3620 sibi
713 3566 1071 3635 prrestitorum
1100 3564 1443 3618 multitudine
1479 3581 1572 3620 nos
1595 3565 1883 3635 plurimum
1926 3570 2175 3626 relatione
2213 3589 2310 3627 sua
2347 3573 2658 3642 lwti/icavit,
2697 3583 2746 3627 et
2783 3574 3014 3643 qualiter
3058 3573 3238 3627 diebus
3273 3573 3463 3628 vestris
3494 3589 3729 3643 superno

462 3655 680 3710 brachio
707 3663 861 3723 atque
883 3653 1060 3708 studio
1086 3663 1137 3708 et
1167 3651 1412 3717 solertia,
1439 3663 1611 3708 vestra
1635 3655 2018 3712 Cltristiauitas
2033 3673 2386 3731 prosperetur,
2409 3677 2685 3722 enarrans,
2719 3660 2788 3713 ad
2814 3661 3152 3714 multimodas
3183 3660 3368 3715 laudes
3390 3660 3447 3716 S.
3473 3659 3731 3714 Trinitoti

461 3742 753 3798 reddendas
779 3784 794 3804 ,
825 3749 874 3795 et
907 3741 1112 3812 gratias
1137 3739 1432 3794 alacriores
1473 3742 1712 3797 exhibuit
1755 3746 1825 3797 ad
1853 3747 2122 3814 postulata
2170 3748 2422 3802 divinitus
2454 3748 2738 3802 muniendo
2766 3748 2988 3818 imperio
3018 3758 3184 3802 vestro
3229 3747 3580 3815 concedenda,
3624 3764 3724 3803 nos

462 3820 628 3901 supra
657 3830 870 3882 modum
893 3829 1272 3899 eﬂlagitaverit,
1299 3841 1348 3882 et
1392 3830 1532 3883 ultra
1566 3848 1724 3900 quant
1756 3833 1862 3887 dici
1889 3836 2074 3901 possit,
2099 3837 2256 3890 solito
2283 3847 2331 3890 et
2365 3838 2537 3904 prisco
2569 3855 2731 3902 more,
2767 3855 2829 3891 ac
2862 3855 2956 3907 pro
2987 3836 3362 3891 ecclesiasticis
3397 3837 3728 3890 utilitatibus

463 3918 759 3986 frequenter
790 3916 1020 3984 impenso
1045 3916 1238 3969 crebris
1256 3919 1676 3986 suggestionibus
1697 3921 2084 3991 investigaverit
2111 3938 2305 3991 ;supcr
2322 3924 2506 3991 quibus
2527 3933 2719 3987 tauteu,
2743 3935 2955 3994 propter
2976 3924 3094 3994 jam
3129 3924 3460 3993 designatant
3483 3939 3714 3976 causam

464 4006 593 4074 (non
621 4019 745 4059 esse
769 4004 1010 4080 partium
1036 4003 1243 4059 Nicolai
1279 4003 1293 4056 l
1331 4004 1559 4060 Romani
1595 4008 1890 4077 pontiﬁcis,
1924 4019 2035 4064 tum
2076 4011 2238 4065 etiam
2265 4025 2366 4064 suo
2411 4009 2578 4064 semel
2614 4011 2758 4064 edito
2789 4012 3037 4075 decreto,
3075 4009 3374 4065 Photianos
3416 4010 3726 4083 damnanti,

368 4096 390 4111 '
458 4091 800 4147 contrarium
835 4089 1131 4162 quidquam
1158 4091 1477 4163 admittere)
1516 4110 1606 4148 nec
1636 4094 1866 4150 ariuuere
1894 4115 2195 4167 possumus,
2228 4114 2319 4152 nec
2350 4097 2638 4168 quidquam
2679 4107 2868 4169 prazter
2895 4099 2970 4164 id,
3000 4098 3137 4168 quod
3156 4099 3276 4169 jam
3304 4097 3728 4169 evangelisetum

463 4189 562 4248 est,
589 4179 700 4235 ullo
731 4180 884 4234 modo
918 4179 1158 4248 delinire.

1125 4307 1456 4346 TIIEOGNOSTI
1501 4309 1732 4350 IONACII'I
1764 4311 1986 4354 SCRIPTA
2012 4314 2079 4354 DE
2102 4315 2267 4357 BEBUS
2295 4313 3063 4355 CONSTANTINOPOLITANORUH.

533 4401 671 4458 VIII.
699 4399 890 4474 lgnatii
913 4401 1504 4474 Constantinopolitani
1537 4407 1885 4477 patriarchae,
1909 4411 1996 4467 cui
2032 4414 2160 4469 sede
2191 4430 2285 4472 sua
2317 4415 2530 4484 deiecto
2559 4415 2856 4484 imperator
2885 4411 3116 4467 Michael
3144 4411 3402 4468 Pltotium
3426 4427 3725 4469 successo-

461 4508 578 4548 rem
611 4491 778 4552 dedit,
809 4505 1028 4546 causam
1063 4491 1328 4547 historico
1370 4494 1552 4549 libello
1605 4508 1978 4566 repmsentat,
2003 4516 2031 4556 c

2154 4521 2159 4554 ι
2191 4503 2474 4572 inscriptio
2508 4520 2522 4558 :
2581 4501 2836 4564 M65110;
2861 4501 3133 4570 περιέχων
3159 4501 3337 4554 πάντα
3367 4501 3436 4553 τὰ
3465 4502 3612 4554 κατὰ
3635 4502 3725 4556 τὸν

467 4584 642 4656 μέγαν
681 4583 961 4650 ’1γνάτιον,
990 4583 1263 4652 πεμφθεὶς
1287 4584 1424 4656 πρὸς
1451 4585 1718 4641 Νικόλαον
1742 4591 1930 4643 πάπαν
1961 4589 2202 4662 Ῥώμης,
2221 4590 2734 4665 προσωποποιηοεὶς
2757 4590 2860 4643 ὑπὸ
2879 4589 3232 4657 Θεογνὼστου
3258 4589 3494 4659 μοναχοῦ
3519 4592 3614 4643 καὶ
3629 4592 3725 4662 ἀρ-

464 4668 814 4742 χιμανδρετου
830 4669 930 4740 τῆς
959 4669 1337 4740 πρεσϐυτέρας
1374 4671 1618 4745 Ῥώμης,
1659 4675 1754 4728 καὶ
1781 4675 2010 4746 ἐξάρχου
2043 4679 2686 4742 Κωνσταντινουπόλεως,
2716 4677 2797 4740 εἰς
2839 4677 3012 4746 ὄνομα
3053 4676 3318 4744 Ίγνατίου
3367 4675 3464 4729 τοῦ
3528 4695 3723 4747 πατριο

464 4759 661 4830 ἁρχου·
699 4756 928 4812 Libellus
957 4759 1227 4812 continens
1254 4770 1422 4814 totam
1460 4764 1636 4833 magni
1668 4763 1870 4834 lguatii
1901 4782 2138 4829 causam,
2172 4768 2363 4820 missus
2399 4770 2468 4819 ad
2502 4765 2783 4819 Nicolaum
2817 4783 3008 4836 papam
3043 4765 3362 4828 Romanum,
3389 4767 3719 4834 conscriptus

467 4863 502 4900 a
526 4845 845 4915 Theognosto
859 4846 1111 4900 monacho
1127 4855 1175 4901 et
1192 4849 1610 4904 archimandrita
1632 4854 1817 4907 veteris
1837 4852 2039 4918 Roman
2061 4864 2110 4908 et
2127 4855 2354 4909 exarcho
2372 4855 2917 4924 Constantinopoleos.
2939 4856 3146 4908 nomine
3164 4853 3365 4922 lgnatii
3381 4854 3714 4920 patriarchtc.

537 4932 628 4987 I'X.
659 4934 818 4987 Hunc
857 4933 1118 4998 libellum,
1151 4934 1421 5001 miserias,
1456 4953 1594 5006 quas
1620 4939 1861 5009 lgnatius
1884 4940 1937 4994 in
1977 4943 2172 4997 exsilio
2203 4958 2398 5013 passus
2421 4951 2558 5007 erat,
2595 4942 2815 4997 Nicolao
2842 4941 2860 4994 I
2885 4940 3123 5010 pontiﬁci
3153 4940 3402 4996 Romano
3427 4957 3716 4996 recensen-

469 5033 599 5088 tem,
626 5021 840 5078 orditur
864 5022 934 5077 ab
961 5022 1129 5078 initiis
1181 5024 1378 5089 exsilii,
1413 5027 1556 5096 quod
1591 5027 1827 5097 lgnatius
1864 5044 1916 5083 a.
1943 5028 2004 5085 C.
2038 5031 2142 5087 858
2176 5031 2366 5098 subiit,
2395 5031 2654 5086 terminat
2691 5029 2745 5083 in
2773 5027 2925 5084 Actis
2955 5027 3550 5100 Constantinopolitani
3581 5045 3714 5086 con—

467 5109 598 5175 cilii,
636 5109 780 5177 quod
812 5109 1077 5179 lgnatium
1106 5111 1418 5180 damnavit,
1456 5130 1506 5167 a.
1537 5130 1587 5169 c.
1618 5114 1741 5170 861.

537 5195 604 5250 Χ.
656 5196 865 5252 Prodiit
907 5197 1092 5254 Graece
1137 5206 1191 5253 et
1229 5199 1418 5256 Latine
1440 5244 1454 5267 ,
1487 5204 1780 5272 interprete
1826 5204 2079 5261 Matthaeo
2102 5207 2338 5270 Radere,
2379 5205 2593 5262 concilii
2625 5205 3217 5276 Constantinopolitani
3266 5222 3318 5260 tv
3347 5250 3362 5274 ,
3391 5207 3537 5278 quod
3573 5207 3715 5261 inter

465 5285 798 5341 (reunicnica
829 5286 966 5341 solet
994 5295 1245 5372 octavum
1279 5291 1584 5356 nominari,
1627 5293 1777 5348 Actis
1804 5292 2007 5350 Graecis
2061 5295 2414 5366 praemissus,
2447 5294 2817 5352 Conciliorum
2879 5289 3013 5352 tom'.
3052 5296 3158 5363 VL,
3205 5294 3428 5353 Parisiis
3469 5293 3623 5360 I636,
3655 5296 3714 5348 in

465 5373 567 5429 fol.
599 5391 612 5441 ;
647 5384 792 5430 tomo
832 5373 968 5440 VIII,
1000 5373 1157 5444 ibid.,
1196 5375 1354 5442 1671,
1384 5378 1434 5432 in
1467 5379 1560 5436 fol.
