3978 6586
212 477 308 544 849
1209 472 1610 532 ENCOMIUM
1652 471 1733 531 IN
1761 472 2017 534 OMNES
2055 472 2402 537 SANCTOS.
3319 465 3434 530 850

879 784 1897 904 ΘΕΟΓΝΩΣΤΟΥ
1987 781 2767 910 ΜΟΝΑΧΟΥ

673 1007 1260 1102 ΕΓΚΩΜΙΟΝ
1346 1007 1518 1094 ΕΙΣ
1603 1004 1894 1092 ΤΟΥΣ
1964 999 2362 1100 ΑΓΙΟΥΣ
2435 1001 2981 1090 ΑΠΑΝΤΑΣ.

988 1374 1907 1492 THEOGNOSTI
1985 1373 2642 1488 MONACHI

845 1623 1486 1718 ENCOMIUM
1564 1621 1690 1710 IN
1785 1615 2817 1712 OMNES'SANCTOS.

1322 1816 1546 1879 (Codices
1573 1818 1619 1867 Ν
1623 1814 1808 1876 animai,
1832 1829 1879 1878 p.
1907 1815 2014 1877 1H,
2037 1814 2147 1865 cod.
2195 1814 2298 1876 72.)

270 2151 524 2222 Λαμπρὸν
551 2151 614 2204 τὸ
636 2150 732 2220 τῆς
759 2149 950 2220 ἑορτῆς
981 2150 1154 2220 ὄμμα,
1191 2152 1284 2206 καὶ
1315 2152 1540 2222 φαιδρὸν
1568 2151 1626 2204 τὸ
1657 2151 1753 2220 τῆς
1789 2148 1832 2204 Α

1932 2147 2276 2216 Magniﬁcum
2335 2145 2642 2206 festivitatis
2699 2141 3094 2213 spectaculum,
3169 2145 3224 2193 ct
3276 2135 3454 2192 alacre

209 2243 420 2311 ἐκλογῆς
451 2240 636 2314 ᾆσμα·
676 2242 876 2313 πρέπει
918 2243 1026 2314 γὰρ
1056 2245 1187 2313 ἡμῖν
1218 2243 1479 2314 ᾀσμάτων
1509 2242 1758 2312 ἐκλογὴν,

1882 2240 2146 2294 :lectionis
2171 2240 2442 2293 canticum
2477 2240 2490 2292 !
2533 2236 2790 2291 convenit
2830 2233 2976 2288 enim
3013 2232 3174 2286 nobis
3206 2229 3453 2288 cantico-

210 2335 308 2394 τοῖς
335 2332 438 2385 τῶν
479 2332 740 2402 ᾀσμάτων
769 2332 973 2402 κυρίοις
1001 2333 1265 2402 ἐκφωνεῖν
1293 2333 1389 2386 καὶ
1421 2332 1760 2401 σεϐάσματα.

1883 2347 1984 2385 ἰιιη
2002 2331 2319 2385 electionem
2340 2329 2498 2384 nobis
2517 2328 2854 2383 canticorum
2877 2322 3114 2378 dominis
3133 2331 3454 2390 expromere

222 2424 355 2476 Ἀλλ’
377 2419 532 2496 οἶμαι
559 2425 888 2496 ἀρξάμενον,
909 2426 1190 2502 ναρκῶσαι
1216 2425 1351 2496 πρὸς
1373 2426 1472 2494 τὴν
1496 2423 1650 2489 ἀξίαν
1672 2425 1764 2478 τοῦ

1882 2434 1918 2479 ει
1947 2423 2316 2478 venerationis
2341 2421 2570 2482 cultum.
2600 2419 2703 2475 Sed
2737 2419 2883 2478 hunc
2913 2416 3005 2485 qui
3041 2412 3304 2482 inceperit
3330 2425 3453 2474 reor

212 2515 358 2583 λόγου
391 2517 705 2588 προφορὰν·
738 2517 1056 2588 ὑπερϐαίνει
1092 2517 1196 2588 γὰρ
1238 2518 1387 2587 ἡμᾶς
1421 2516 1520 2584 τὴν
1563 2515 1769 2586 εὐφρα-

1886 2519 1935 2572 Id
1959 2517 2177 2588 dignam
2201 2516 2473 2572 sermonis
2489 2515 2845 2584 prolationem
2871 2523 3200 2581 torpescere.
3225 2507 3457 2574 Superat

215 2609 342 2673 δίαν,
379 2611 408 2675 ἡ
436 2607 547 2660 τῶν
582 2608 988 2678 πεπραγμένων
1016 2606 1195 2662 ἀθλων
1239 2607 1558 2660 πολυτέλεια
1579 2623 1594 2637 ’
1627 2606 1688 2658 τὸ
1711 2607 1768 2660 δὲ

1888 2610 2012 2664 mim
2053 2618 2294 2665 nostram
2346 2608 2710 2678 eloquentiam
2762 2617 3038 2676 gestorum
3095 2599 3459 2658 certaminum

215 2698 528 2768 ὑπερϐαῖνον
559 2700 639 2761 είς
685 2697 1020 2769 ἐγχείρησιν,
1053 2696 1483 2768 δυσχερεστέραν
1531 2695 1643 2767 ἔχει
1674 2696 1770 2764 τὴν

1894 2703 2191 2772 nagnitutlo
2215 2719 2230 2767 ;
2253 2701 2397 2771 quod
2425 2709 2602 2758 autem
2627 2698 2916 2755 conamina
2943 2701 3166 2764 superat
3190 2690 3434 2747 dillicilio
3458 2723 3465 2729 -

215 2789 301 2843 τοῦ
325 2790 700 2859 σκοπουμένου
729 2788 1066 2858 κατόρθωσιν
1086 2803 1099 2817 ·
1148 2788 1266 2852 πῶς
1308 2789 1415 2861 γὰρ
1456 2787 1520 2841 ἂν
1552 2787 1771 2858 ἐξερεύ-

1898 2811 1996 2850 'em
2033 2795 2196 2852 habet
2222 2793 2487 2864 propositi
2522 2793 2748 2848 exitum.
2773 2790 3057 2857 Quomodo
3082 2788 3227 2844 enim
3249 2792 3469 2841 eructa-

219 2879 386 2950 ξωμαι
416 2885 528 2944 τοῖς
564 2882 800 2951 χείλεσιν
833 2881 1021 2950 ὕμνον,
1057 2879 1376 2943 ἀδίστακτος
1428 2879 1503 2933 ὢν
1553 2881 1774 2933 δικαιω-

1898 2903 1944 2943 ιο
1987 2888 2151 2950 labiis
2199 2888 2485 2958 hymnum.
2515 2885 2962 2954 justiﬁeationum
3008 2881 3100 2936 Dei
3140 2879 3366 2940 inscius,
3415 2884 3469 2929 ct

221 2971 390 3040 μάτων
420 2972 582 3034 Θεοῦ,
625 2971 870 3044 ἀμύητος
927 2971 1317 3042 βεϐαιωμάτων
1370 2971 1642 3041 Χριστοῦ;
1673 2971 1774 3024 Γέ-

1901 2989 2192 3048 nexpcrtus
2244 2977 2694 3034 conﬁrmationes
2749 2974 2952 3030 Christi
2995 2974 3015 3027 ‘i
3066 2971 3340 3041 Scriptum
3385 2976 3469 3023 est

219 3078 444 3130 γραπται
478 3064 592 3134 γάρ
614 3080 628 3094 ·
649 3065 878 3133 Ἑξερεύ
891 3064 1094 3128 ξονται
1117 3064 1186 3116 τὰ
1214 3063 1388 3131 χείλη
1414 3081 1532 3131 μου
1564 3063 1776 3132 ὕμνον,

1898 3070 2022 3124 :nim
2049 3087 2062 3123 :
2092 3068 2427 3122 Ernctabunt
2455 3066 2600 3122 labia
2628 3082 2741 3120 mea
2773 3066 3048 3135 hymnum,
3076 3079 3195 3117 cum
3226 3061 3469 3115 docueris

221 3153 354 3209 ὅταν
402 3155 658 3225 διδάξῃς
697 3174 772 3226 με
803 3157 874 3209 τὰ
905 3153 1266 3223 δικαιώματά
1317 3171 1453 3210 σου.
1493 3155 1630 3208 Ἀλλ’
1663 3155 1776 3210 ἔστι

1901 3178 1960 3214 ne
2001 3161 2412 3230 iustiﬁcationes
2459 3170 2578 3213 tuas
2605 3159 2645 3210 '.
2690 3157 2794 3212 Sed
2857 3166 2939 3212 est
2989 3169 3208 3225 quoque
3249 3152 3472 3207 verbum

224 3246 305 3300 καὶ
332 3248 480 3315 λόγος
523 3251 889 3319 πανεὺπορος.
916 3247 1055 3319 ὑπὲρ
1084 3247 1240 3316 λόγον
1271 3247 1410 3318 ἔχων
1455 3247 1546 3301 τὸν
1590 3247 1767 3316 λόγον,

1905 3252 2436 3320 ibundantissimum,
2470 3266 2634 3322 supra
2656 3250 2818 3306 verba
2846 3250 3071 3304 verbum
3104 3246 3330 3307 habens,
3360 3244 3476 3298 the-

225 3338 480 3412 θησαυρὸν
512 3341 656 3412 ἔχων
681 3341 937 3412 χορηγὸν,
990 3340 1197 3404 ἐννοίας
1250 3340 1516 3407 εὐσεϐεῖς,
1557 3343 1650 3395 καὶ¹
1683 3344 1783 3414 ρη-

1907 3362 2109 3402 taurnm
2165 3332 2456 3417 possidens
2511 3343 2818 3414 capiosum,
2880 3341 3000 3411 pias
3053 3338 3376 3402 sententias,
3423 3346 3478 3390 et

230 3434 402 3501 μάτων
432 3435 594 3499 ἀξίαν
619 3435 940 3504 εὐφραδίαν,
974 3435 1109 3506 πρὸς
1139 3434 1196 3487 ὃν
1227 3434 1657 3506 ἐπερειδόμενος,
1685 3435 1784 3508 ἄρ-

1905 3440 2107 3509 lignam
2156 3438 2304 3493 vocis
2345 3435 2730 3506 eloquentiam,
2788 3433 2878 3489 cui
2931 3431 3190 3486 insistens
3225 3427 3476 3498 incipiam

227 3521 376 3591 £o;tat'.
402 3524 588 3591 λέγειν
634 3524 787 3590 λόγια
830 3523 1028 3593 ἀληθῆ.
1067 3523 1320 3595 Ὀρθίους
1354 3517 1446 3575 οὖν
1488 3521 1586 3584 τὰς
1617 3523 1784 3585 ἀκοὰς

1904 3546 2050 3586 veros
2075 3545 2359 3584 sermones
2381 3527 2551 3598 loqui.
2577 3525 2874 3582 Matutinas
2892 3539 3020 3595 ergo
3041 3537 3202 3578 aures
3235 3520 3475 3588 praeben-

228 3614 530 3682 στήσαντες,
563 3615 858 3684 ἀγαπητοὶ,
883 3613 981 3682 τὴν
1010 3611 1104 3666 τοῦ
1134 3611 1397 3682 παρόντος
1424 3610 1789 3681 συγγράμμα-

1912 3637 1993 3686 es,
2026 3620 2388 3684 dilectissimi,
2435 3619 2717 3690 prasentis
2751 3617 2938 3687 scripti
2969 3625 3225 3670 accurate
3255 3611 3482 3681 accipite

227 3719 310 3767 τος
327 3705 598 3775 ἐπιμελῶς
627 3703 846 3769 δέξασθε
873 3705 1122 3774 διήγησιν
1144 3721 1155 3733 ·
1184 3703 1470 3756 ἐπίσταται
1500 3702 1608 3772 γὰρ
1628 3704 1660 3772 ἡ
1684 3702 1792 3757 τῶν

1913 3711 2267 3767 ἐεἰιιιιίοιιθιιι
2297 3728 2312 3773 ;
2344 3712 2448 3766 scit
2477 3710 2624 3766 enim
2655 3709 2943 3765 meliorum
2978 3706 3188 3762 auditio
3218 3705 3284 3760 ad
3314 3703 3484 3772 majo—

231 3797 545 3864 κρειττόνων
577 3796 863 3866 ἀκρόασις,
895 3794 1030 3864 πρὸς
1061 3793 1158 3863 τὴν
1191 3793 1299 3847 τῶν
1331 3789 1594 3862 μειζόνων
1634 3793 1793 3844 οίκο-

1912 3819 2014 3856 ·υιιι
2037 3803 2452 3857 aediﬁcationem
2476 3803 2678 3860 ducere
2708 3802 2810 3857 hos
2841 3800 2934 3869 qui
2959 3808 3164 3856 attente
3188 3795 3483 3852 auscultavi

231 3885 389 3958 δομὴν
418 3887 577 3954 ἄγειν
609 3889 734 3950 τοὺς
758 3885 1030 3956 ἐπιμελῶς
1054 3885 1402 3949 ἐνωτίζεσθαι
1431 3883 1704 3946 θέλοντας.
1896 3893 2114 3948 mlum,

297 3979 630 4048 Πνλὺανδρος
660 3980 691 4048 ἡ
719 3978 826 4032 τῶν
850 3977 1074 4046 ἀγώνων
1110 3976 1465 4047 ἀνδραγαθία.
1495 3977 1589 4029 καὶ
1628 3975 1795 4028 πολύ-

1967 3985 2244 4055 Multiplex
2287 3993 2370 4040 est
2407 3998 2718 4056 pugnarum
2754 3982 2965 4044 virtus,
2997 3988 3050 4032 et
3080 3977 3490 4033 divcrsissimns

235 4088 422 4140 τρόπος
444 4073 476 4142 ἡ
501 4073 614 4124 τῶν
636 4071 812 4126 ἄθλων
837 4070 1116 4142 προθυμία
1135 4085 1147 4097 ·
1177 4071 1236 4124 οὐ
1276 4070 1383 4139 γὰρ
1416 4070 1551 4141 πρὸς
1584 4069 1678 4122 Eva
1705 4069 1799 4122 καὶ

1917 4079 2261 4134 :ertaminum
2289 4077 2496 4144 ardor;
2527 4091 2631 4130 non
2669 4075 2814 4132 enim
2857 4075 2910 4129 in
2945 4086 3114 4130 unum
3160 4070 3243 4132 vel
3267 4070 3375 4122 duo
3407 4068 3488 4121 Vt'l

237 4162 320 4214 δύο
347 4165 378 4234 ἣ
401 4165 533 4217 δέκα
565 4163 656 4216 τὸν
681 4163 934 4234 ἀριθμὸν,
953 4164 980 4217 ό
1011 4162 1103 4216 τοῦ
1137 4162 1415 4231 ὲγκωμίου
1447 4162 1798 4232 κηρύττεται,

1918 4170 2086 4224 lecem
2123 4182 2374 4233 numero,
2393 4166 2526 4222 illud
2555 4165 2864 4227 encomium
2891 4161 3284 4232 proclamatur,
3317 4157 3411 4212 sed
3439 4157 3489 4210 in

239 4253 365 4308 ἀλλὰ
407 4255 544 4324 πρὸς
612 4253 840 4325 ἄπειρον
871 4251 1074 4322 πλῆθος
1105 4253 1296 4319 ἁγίων,
1360 4253 1666 4329 μαρτύρων
1707 4254 1802 4306 καὶ

1929 4274 2251 4320 nnutneram
2329 4267 2685 4322 sanctorum,
2772 4265 3072 4324 martyrum
3154 4259 3209 4304 et
3281 4249 3493 4320 piOl‘llllI

238 4343 390 4397 ὁσίων
415 4362 430 4377 ο
455 4339 531 4398 ὧν
563 4344 670 4413 γὰρ
698 4344 866 4413 δῆμος
897 4341 1106 4414 ἀνδρῶν
1132 4342 1433 4413 ἀριθμῆσαι
1461 4344 1561 4396 οὐκ
1586 4343 1800 4412 ἐξίσχυ-

1926 4351 2330 4406 nultitudinetn.
2375 4349 2524 4416 Quos
2557 4349 2700 4404 enim
2733 4348 3016 4402 hominum
3065 4343 3220 4398 turba
3250 4342 3497 4396 dinume-

245 4439 550 4504 σε,τούτους
583 4432 663 4500 εἷς
683 4438 778 4489 καὶ
806 4436 965 4506 μόνος
985 4435 1353 4506 εὐαρίθμητον
1380 4435 1492 4506 ἔχει
1521 4435 1618 4507 τὴν
1645 4437 1806 4490 ποσό·

1927 4460 2031 4498 are
2081 4458 2186 4497 non
2234 4441 2429 4511 potuit,
2463 4439 2660 4493 horum
2712 4453 2855 4494 unus
2897 4444 2950 4491 et
2981 4435 3134 4490 solus
3182 4434 3324 4488 Deus
3361 4431 3498 4486 bene

241 4547 392 4600 τητα,
427 4530 615 4593 καθὼς
642 4530 804 4593 αὐτὸς
828 4531 855 4583 ὁ
886 4525 965 4593 εἷς
999 4529 1365 4600 ἐθριάμϐευσε
1389 4529 1584 4598 λέγων’
1625 4530 1808 4604 Ὑιιῶν

1930 4537 2230 4591 cstimatam
2252 4533 2401 4598 novit
2423 4533 2803 4602 quantitatem,
2831 4538 2890 4586 ut
2919 4531 3034 4599 ipse
3056 4527 3207 4582 solus
3232 4524 3501 4594 triumpho

243 4622 306 4676 δὲ
331 4623 424 4676 καὶ
457 4627 514 4678 αἱ
547 4623 748 4691 τρίχες
775 4622 885 4690 τῆς
914 4620 1183 4692 κεφαλῆς
1218 4619 1407 4676 πᾶσαι
1431 4622 1804 4690 ἠρίθμηνται.

1932 4628 2298 4698 lccoravitqui
2329 4627 2457 4682 dicit
2493 4645 2506 4680 :
2554 4624 2727 4679 Vestri
2763 4625 2954 4693 capitis
2993 4621 3174 4690 capilli
3205 4635 3381 4674 omnes
3413 4634 3503 4672 nu.

255 4714 309 4767 ’0
337 4716 516 4770 τοίνυν
533 4713 788 4784 ἀριθμεῖν
817 4713 1008 4783 τρίχας
1039 4711 1332 4780 δυνάμενος
1366 4713 1568 4776 παντὸς
1602 4711 1808 4783 ἀνθρώ-

1932 4720 2101 4774 iterati
2134 4721 2320 4774 sunt’.
2363 4717 2464 4785 Qui
2525 4717 2688 4788 igitur
2731 4716 2954 4786 capillos
2989 4729 3279 4769 numerare
3327 4720 3503 4782 potest

247 4823 366 4866 που,
402 4809 462 4860 οὐ
495 4806 698 4878 μᾶλλον
732 4805 1026 4877 ἀριθμήσει
1063 4804 1172 4857 τῶν
1220 4807 1278 4858 ἐν
1334 4804 1440 4876 ὅλῳ
1491 4805 1569 4877 τῷ
1617 4805 1809 4876 κόσμῳ

1935 4813 2092 4867 unnis
2115 4811 2374 4878 hominis,
2404 4827 2585 4866 nonne
2614 4809 2786 4878 magis
2821 4806 3126 4862 numerabit
3150 4821 3270 4875 qua:
3299 4803 3352 4857 in
3390 4811 3506 4857 toto

251 4901 539 4971 μαρτύρων
589 4897 680 4950 καὶ
712 4897 874 4950 ὁσίων
902 4899 968 4950 τὰ
1008 4895 1266 4966 σώματα;
1310 4897 1382 4951 Οὐ
1408 4896 1515 4968 γὰρ
1547 4897 1684 4966 πρὸς
1716 4898 1812 4951 ἕνα

1930 4903 2120 4958 :nundo
2147 4903 2416 4960 exsistunt
2439 4912 2737 4973 martyrum
2773 4909 2827 4956 et
2861 4900 3074 4970 piorum
3107 4896 3501 4966 corporainon

195 5052 202 5056 _
248 4991 401 5042 τόπον
432 4989 492 5042 τὸ
519 4988 746 5057 πλῆθος,
779 4987 913 5040 ἀλλά
974 4988 1065 5040 καὶ
1092 4987 1212 5040 καθ’
1241 4987 1471 5040 ἕκαστον
1521 4989 1684 5041 τόπον
1746 5008 1766 5042 ’τ

1934 4996 2062 5049 :niut
2113 4994 2178 5048 ad
2227 5009 2397 5048 unum
2444 4994 2621 5048 locum
2658 4990 2954 5046 multitudo
2986 4988 3243 5048 adhzeret,
3283 4985 3375 5039 sed
3409 4999 3505 5054 per

251 5079 447 5150 πλήθη.
471 5081 685 5149 ’Ὥσπερ
713 5080 821 5148 γὰρ
855 5078 987 5131 Θεοῦ
1021 5079 1080 5132 τὸ
1131 5079 1434 5148 ὑπέρογκον
1470 5079 1698 5149 μέγεθος
1725 5083 1817 5132 καὶ

1941 5086 2102 5140 nnnia
2143 5086 2260 5139 loca
2302 5084 2680 5138 multitudines
2721 5080 3122 5136 ditl‘unduntur.
3173 5075 3312 5131 Nam
3363 5074 3506 5130 sicut

187 5235 196 5242 _
252 5173 306 5226 ἐν
337 5177 447 5236 τοῖς
474 5171 728 5242 ἀοράτοις
751 5171 1084 5241 ἐξήπλωται,
1113 5168 1252 5222 οὕτω
1285 5172 1376 5224 καὶ
1406 5173 1433 5224 ὁ
1457 5173 1554 5242 τῆς
1582 5173 1758 5226 πίστει

1938 5177 2020 5230 Dci
2040 5175 2380 5231 immensitas
2403 5174 2554 5228 velin
2576 5174 2711 5228 locis
2748 5170 3118 5225 invisibilihus
3157 5161 3471 5222 extenditur
3494 5205 3509 5229 .

253 5263 408 5318 αὐτοῦ
432 5265 802 5335 ψυχοὸἐσμιος
829 5264 989 5333 ζῆλος
1023 5263 1114 5315 καὶ
1149 5260 1228 5326 εἰς
1259 5265 1325 5316 τὰ
1373 5265 1583 5334 πέρατα
1617 5265 1716 5335 τῆς
1743 5267 1822 5318 οἰ-

1939 5281 2003 5339 μια
2030 5284 2250 5339 quoque
2286 5266 2406 5321 tidei
2437 5266 2557 5335 ejus
2587 5265 2801 5318 animas
2832 5264 3114 5333 captivaus
3145 5261 3292 5316 zelus
3322 5261 3387 5313 ad
3422 5275 3510 5314 or-

253 5356 522 5424 κουμὲνης
547 5355 860 5423 ἐκκέχυται.
897 5353 986 5404 Διὸ
1020 5351 1067 5403 εί
1092 5352 1184 5404 καὶ
1222 5351 1363 5404 κατὰ
1407 5353 1568 5405 τόπον
1592 5352 1650 5405 τὸ
1681 5352 1821 5405 πλῆ-

1938 5337 2018 5416 bis
2059 5361 2297 5414 universi
2327 5359 2590 5412 terminos
2614 5357 2850 5412 diﬂ'usus
2880 5363 2983 5411 est.
3020 5354 3202 5420 Quare
3224 5352 3268 5406 si
3293 5350 3509 5420 quidem

256 5445 361 5510 οος,
392 5445 507 5498 ἀλλ’
537 5446 616 5507 είς
645 5445 742 5498 ἕνα
770 5444 931 5496 τόπον
962 5444 989 5495 ό
1017 5443 1197 5506 πόθος.
1231 5443 1338 5508 Οὓς
1374 5445 1479 5513 γὰρ
1524 5446 1556 5514 ἡ
1613 5445 1684 5513 γῆ
1733 5444 1822 5498 διὰ

1951 5469 1982 5506 n
2019 5467 2120 5507 suo
2151 5453 2274 5506 loco
2305 5451 2596 5504 multitudo
2632 5459 2737 5514 est,
2771 5449 2866 5506 sed
2899 5449 2966 5503 ad
2998 5462 3163 5502 unum
3207 5443 3386 5498 locum
3421 5457 3515 5497 co-

256 5534 350 5596 τὰς
403 5536 686 5596 κατοικίας
741 5533 991 5603 ἐχώριζε,
1036 5531 1258 5596 τούτους
1309 5533 1536 5602 οὐρανὸς
1589 5533 1677 5587 διὰ
1725 5535 1824 5600 τῆς

1941 5545 2199 5613 gitantor.
2229 5542 2380 5608 Quos
2421 5543 2566 5596 enim
2600 5552 2743 5597 terra
2767 5557 2860 5610 per
2903 5538 3266 5596 habitationes
3309 5533 3512 5591 divisit.

258 5627 506 5697 ὁμονοίας
535 5622 852 5696 συνήθροιζε
875 5642 888 5656 ο
926 5623 1018 5676 καὶ
1051 5623 1259 5690 γίνεται
1309 5623 1336 5674 ὁ
1385 5623 1691 5692 σωματικὸς
1722 5640 1825 5693 χω-

1942 5640 2030 5689 bos
2054 5635 2250 5689 cwlum
2282 5650 2375 5702 per
2406 5633 2668 5688 mentium
2703 5632 2957 5688 unionem
2983 5627 3266 5698 conjunxit
3299 5644 3315 5694 ;
3349 5627 3513 5694 ﬁtque

263 5719 471 5789 ρισμδς,
501 5718 869 5788 πνευματικὸς
899 5715 1224 5787 ἀθροισμός·
1260 5716 1353 5768 καὶ
1387 5715 1436 5766 οί
1461 5715 1518 5768 τὸ
1551 5714 1824 5786 βραχύτα-

1938 5725 2231 5794 corporalis
2275 5723 2493 5786 divisio,
2522 5721 2828 5793 spiritualis
2876 5716 3229 5788 conjnunctio
3265 5733 3281 5783 ;
3321 5709 3509 5782 ct'qui

339 5901 354 5932 ¹
397 5901 538 5956 l‘sal.
571 5923 759 5974 cxvm,
791 5908 909 5965 171.
988 5912 1005 5941 ³
1044 5907 1232 5964 Matth.
1271 5925 1323 5974 κ,
1358 5907 1445 5962 50.
