3978 6600
502 464 507 469 ’
519 446 619 515 8'51

1721 456 2203 519 THEOGNOSTI
2246 458 2589 520 MONACHI
3643 473 3729 536 352

518 564 899 620 brevissimam
938 566 1075 621 hanc
1103 568 1155 622 in
1182 577 1324 622 terra
1357 570 1519 625 vitam
1551 582 1857 641 separatam
1887 576 2084 629 habent
2115 624 2117 629 λ

2223 590 2278 625 ον
2322 574 2421 645 ζῇν
2450 576 2540 627 ἐπὶ
2569 575 2672 644 γῆς
2698 574 2918 628 ἄπωθεν
2967 576 3379 647 κεχωρισμένον
3410 578 3627 651 ἔχοντες,
3654 592 3730 643 τοῦ

518 669 776 712 aeternam
815 659 869 714 in
934 661 1087 715 oculis
1120 662 1286 717 vitam
1320 666 1668 734 conjunctam
1712 669 2064 725 obtinuerunt
2088 713 2104 738 ,

517 765 580 804 se
610 750 843 806 invicem
874 752 1120 809 videntes
1153 765 1205 809 et
1247 757 1349 811 sibi
1389 759 1747 829 gratulantes.
1800 761 1914 815 Non
1960 765 2105 817 enim

518 839 626 896 fuit
648 842 757 899 illis
783 844 1023 914 cupitum
1055 846 1289 901 breviter
1316 852 1581 920 separatis
1604 853 1808 914 vivere,
1843 854 1937 909 sed
1963 855 2109 909 desi-

519 932 769 988 deratum
807 950 1028 1005 semper
1055 939 1361 1007 conjunctis
1397 942 1598 1005 vivere,
1635 951 1690 997 et
1715 945 1836 998 vitae
1865 944 2106 1000 datorem

438 1045 444 1049 σ
516 1022 761 1079 laudare.
804 1023 959 1081 Unde
990 1027 1056 1083 ad
1097 1029 1411 1098 patiendum
1444 1033 1721 1100 destinati,
1763 1037 2018 1106 periculis
2052 1054 2111 1094 se

518 1117 757 1185 objicere
824 1134 931 1174 non
998 1122 1110 1191 pati
1155 1133 1593 1194 reputaverunt;
1649 1130 1741 1183 sed
1816 1131 2111 1191 levioribus

516 1207 717 1274 pugnis
734 1207 943 1274 aﬂlicti,
964 1210 1341 1269 vehementius
1366 1218 1473 1285 pali
1507 1216 1700 1272 iterum
1721 1228 1869 1274 tenta
1881 1235 2068 1278 verunt
2094 1243 2109 1291 ;

517 1297 575 1352 in
616 1298 817 1368 quibus
854 1300 982 1356 licet
1021 1304 1316 1359 multorum
1357 1308 1585 1363 deorum
1633 1320 1687 1364 et
1728 1327 1834 1366 non
1874 1312 1963 1369 Dei
1999 1316 2113 1369 cul-

517 1389 890 1459 toresjudices
921 1393 1293 1451 misericordia
1337 1400 1593 1455 commoti
1641 1400 1863 1468 fuerint,
1903 1406 1970 1460 ad
1994 1406 2111 1463 ille-

518 1480 714 1537 cebras
731 1485 936 1541 sanctis
958 1488 1293 1556 praebendas,
1326 1492 1540 1563 injuriis
1566 1495 1768 1552 illicitis
1793 1500 2000 1553 strenui
2036 1501 2110 1556 illi

519 1571 625 1627 hos
644 1571 1000 1643 impetebant,
1022 1578 1087 1632 ad
1112 1581 1566 1637 vehementiorem
1587 1585 1639 1639 in
1661 1588 2112 1647 eondemnatione

519 1662 661 1718 iram
724 1667 1123 1735 excitandam;
1181 1681 1240 1725 ut
1294 1689 1391 1743 per
1448 1678 1699 1733 acerbius
1761 1682 2109 1751 supplicium,

522 1755 953 1825 splendidiorem
982 1762 1223 1817 laetitiam
1251 1781 1627 1836 procurarent,
1654 1774 1796 1843 quod
1822 1790 2114 1844 possumus

419 1902 422 1905 ,
521 1850 778 1920 exemplo
808 1851 1102 1909 illustrare.
1140 1854 1293 1911 Sicut
1322 1857 1375 1912 in
1411 1861 1587 1916 stadio
1620 1868 1858 1933 equestri
1895 1868 2109 1936 auriga,

522 1943 593 1998 ob
619 1945 983 2001 remissiorem
1014 1948 1262 2018 bigarum
1290 1967 1510 2007 cursum
1538 1956 1799 2012 variahile
1816 1968 1868 2013 et
1896 1959 2112 2017 ditiicile
2145 1928 2188 1984 Β

521 2038 848 2093 certaminis
896 2041 1179 2096 exordium
1228 2045 1527 2102 ostendens
1553 2087 1568 2113 ,
1608 2050 1852 2105 victorize
1892 2054 2108 2109 tandem

520 2130 807 2200 praemium
840 2132 1163 2201 adipiscitur
1195 2152 1209 2203 ;
1244 2135 1316 2191 ita
1340 2137 1541 2209 ubique
1581 2148 1856 2196 terrarum
1883 2144 2115 2201 diffusus

522 2229 842 2275 sanctorum
878 2226 1082 2280 chorus
1111 2228 1441 2299 multiplices
1471 2247 1681 2301 pugnas
1720 2233 1853 2305 Regi
1882 2239 2115 2291 szeculn-

519 2328 645 2367 rum
675 2314 871 2371 oll‘erre
922 2318 1161 2387 gestivit,
1210 2322 1636 2391 splendidiorem
1676 2326 1803 2382 inde
1842 2331 2114 2399 accipiens

521 2405 789 2459 luctarum
817 2408 1329 2477 retributionem,et
1346 2411 1701 2470 illustriorem
1732 2416 1853 2472 inde
1880 2420 2115 2476 edueeus

524 2496 704 2551 laudis
737 2507 995 2554 azternam
1044 2504 1388 2567 memoriam,
1418 2520 1628 2560 memor
1651 2511 1931 2577 apostolici
1968 2514 2116 2567 verbi

523 2586 799 2642 dicentis:
853 2586 1221 2663 Unusquisque
1268 2595 1535 2662 propriam
1571 2599 1855 2652 mercedem
1899 2604 2119 2672 accipiet

525 2679 814 2731 secundum
837 2684 1107 2749 proprium
1140 2684 1373 2739 laborem
1394 2687 1433 2741 ³.
1476 2690 1797 2745 Attrabebat
1823 2695 1966 2747 enim
1999 2696 2119 2752 illos

527 2767 652 2838 ejus
681 2784 838 2825 amor
873 2772 963 2841 qui
997 2775 1207 2842 primus
1238 2791 1337 2845 pro
1371 2777 1477 2833 illis
1505 2795 1702 2848 passus
1728 2791 1831 2847 est,
1858 2792 1912 2838 et
1944 2800 2119 2845 exem.

522 2862 677 2932 plum
704 2862 854 2918 dedit
880 2865 989 2921 illis
1019 2874 1183 2922 tantae
1212 2868 1265 2922 in
1294 2870 1550 2939 patiendo
1575 2873 1949 2943 fortitudinis;
1979 2880 2121 2934 sicut

522 2954 724 3010 bamus
760 2956 813 3010 in
848 2958 1018 3013 maris
1052 2960 1308 3031 abyssum
1342 2962 1524 3031 jactus
1553 3006 1567 3025 .
1600 2967 1803 3035 piscem
1840 2979 2118 3025 natantem

527 3047 594 3102 ad
632 3048 920 3116 piscatoris
985 3067 1182 3109 manus
1245 3054 1484 3111 adducit.
1536 3057 1662 3113 Inde
1697 3062 1903 3130 majora
1949 3068 2121 3121 secuti

528 3138 904 3212 inferiuraque
942 3154 1263 3213 Sperneutes
1303 3164 1404 3219 pro
1446 3152 1898 3221 corruptibilibus
1941 3157 2117 3213 incor-

2213 668 2299 719 ἀεὶ
2324 667 2423 738 ζῇν
2460 670 2516 721 ὲν
2546 670 2793 739 οὐρανοῖς
2823 669 3283 740 συνηθροισμένον
3308 673 3609 742 ἐκτήσαντο,
3638 681 3736 733 tau.

2211 761 2339 821 τοὺς
2384 762 2620 830 δρῶντες
2670 763 2763 814 καὶ
2818 761 3200 831 ἀγαλλόμενοι.
3229 764 3304 816 Ού
3347 762 3549 837 γὰρῆν
3589 772 3737 837 αὐτοῖς

2213 856 2569 926 ἐπιθυμητὸν,
2599 857 2658 909 τὸ
2695 856 2832 928 πρὸς
2863 856 3033 929 βραχῦ
3072 858 3485 929 μεμερισμένως
3511 862 3740 932 ζῇν,ἀλλὰ

2215 946 2448 1017 ποθητδν
2480 947 2539 1000 τὸ
2567 947 2651 1000 ἀεὶ
2677 948 3033 1018 συνηγμένως
3089 948 3210 1019 ζῇν,
3262 950 3357 1001 καὶ
3404 950 3493 1002 τὸν
3517 951 3740 1023 ζωοόότην

2212 1041 2383 1094 αἰνεῖν
2406 1056 2419 1068 ο
2455 1039 2579 1093 ὅθεν
2604 1039 2700 1093 καὶ
2728 1039 2791 1093 τδ
2816 1039 3009 1093 παθεῖν
3038 1040 3377 1111 ὁριζόμενοι,
3402 1042 3461 1094 τὸ
3495 1044 3563 1112 μὴ
3584 1046 3741 1098 παθεῖν

2212 1132 2541 1188 κινδυνεύειν
2593 1132 2938 1201 ἐλογίζοντο·
3002 1133 3138 1187 ἀλλὰ
3192 1135 3291 1187 καὶ
3352 1133 3412 1187 τὸ
3468 1137 3742 1207 πραοτέρως

2210 1226 2394 1279 ἀθλεῖν
2449 1224 2799 1295 ὀδυνώμενοι,
2868 1225 2931 1279 τδ
2991 1227 3365 1298 σφοδροτέρως
3411 1229 3625 1300 πάσχειν
3667 1233 3743 1283 ἁν-

2217 1318 2494 1372 επαίοντο.
2537 1318 2626 1371 Ἐν
2679 1312 2759 1381 οἷς
2820 1318 2871 1375 εί
2924 1319 3021 1372 καὶ
3052 1319 3313 1384 πολλάκις
3358 1322 3466 1374 τῶν
3511 1323 3743 1377 πολυθέων

2212 1410 2390 1464 ἀθέων
2412 1410 2625 1481 κριτῶν
2648 1410 2797 1464 ἔλεον
2825 1411 3348 1482 ὲπικαμπτομένων,
3376 1413 3460 1466 διὰ
3484 1415 3576 1483 τὴν
3594 1415 3743 1469 6:15a-

2214 1503 2405 1575 στικὴν
2436 1504 2546 1557 τῶν
2580 1505 2750 1573 ἁγίων
2790 1504 3107 1569 κατάθεσιν,
3162 1505 3385 1576 ὕϐρεσιν
3436 1506 3675 1577 ἀθέσμοις
3708 1508 3745 1561 οἱ

2212 1594 2611 1658 γενναιόϐουλοι
2641 1594 2865 1659 τούτους
2888 1595 3201 1662 ὲξέπλυνον,
3237 1594 3373 1667 πρὸς
3398 1594 3737 1667 θυμικωτέραν

2213 1686 2383 1758 ὀργὴν
2430 1686 2539 1741 τῶν
2586 1687 2859 1741 κολάσεων
2890 1688 3281 1757 διεγείροντες·
3329 1688 3417 1739 ἵνα
3458 1686 3540 1739 διὰ
3567 1687 3654 1756 τῆς
3679 1706 3745 1739 πι-

2216 1779 2487 1850 κροτέρας
2536 1780 2829 1851 τιμωρίας,
2878 1780 3289 1852 μεγαλιωτέραν
3321 1780 3415 1850 τὴν
3450 1780 3664 1850 θεωρίαν
3686 1799 3750 1834 κο·

2220 1870 2482 1941 μίσωνται
2503 1890 2516 1903 ’
2546 1874 2622 1936 ῶς
2652 1869 2763 1927 οἷόν
2799 1874 2916 1927 ἐστι
2944 1874 3127 1943 λέγειν
3154 1874 3214 1927 τὸ
3240 1874 3571 1944 ὑπόδειγμα·
3601 1876 3748 1927 Kal)!!-

2217 1981 2322 2035 περ
2352 1967 2409 2018 ὲν
2443 1965 2640 2035 σταδίῳ
2669 1965 2879 2037 ἱππικῷ
2905 1966 3119 2037 ἡνίοχος
3137 2005 3152 2029 ,
3178 1968 3244 2036 τῇ
3276 1966 3638 2036 βραχυδρομία
3664 1968 3747 2019 τῶν

2217 2057 2551 2127 ὑποδιφρίων
2582 2058 2784 2122 ἵππων,
2818 2057 3219 2128 ποικιλότεχνόν
3237 2074 3297 2110 τε
3327 2057 3424 2111 καὶ
3458 2056 3749 2127 πολύμοχθον

2216 2151 2313 2220 τὴν
2363 2150 2457 2203 τοῦ
2509 2149 2721 2217 ἀγῶνος
2750 2149 3159 2223 ἐνδεικνύμενος
3196 2151 3469 2210 ἔνστασιν,
3497 2150 3553 2203 τὸ
3584 2150 3668 2218 τῆς
3692 2149 3750 2203 νίς

2223 2257 2328 2308 κης
2363 2240 2613 2309 βραϐεῖον
2646 2241 2847 2295 έλεῖται
2868 2258 2882 2272 ο
2910 2240 3052 2294 οὕτω
3080 2244 3174 2294 καὶ
3208 2243 3235 2295 ὁ
3276 2242 3505 2295 καθόλου
3533 2241 3751 2309 κοσμικδς

2216 2332 2327 2387 τῶν
2350 2320 2520 2403 ἁγίων
2535 2335 2696 2405 χορὸς
2721 2334 3056 2397 πολυάθλους
3083 2336 3209 2398 τοὺς
3236 2334 3457 2403 ἀγῶνας
3480 2335 3553 2405 τῷ
3579 2333 3751 2404 βασιλεῖ

2218 2425 2327 2478 τῶν
2355 2424 2567 2478 αἰώνων
2598 2426 2929 2496 προσφέρειν
2978 2425 3323 2479 κατέσπευσε
3345 2442 3358 2456 ·
3411 2424 3753 2495 λαμπροτέραν

2220 2516 2429 2570 ἐκεῖθεν
2456 2516 2813 2586 ἐκδεχόμενος
2839 2517 2939 2589 τὴν
2965 2517 3075 2570 τῶν
3100 2518 3353 2570 ἐπάθλων
3386 2518 3659 2581 ἀντίδοσιν,
3681 2516 3753 2568 καὶ

2221 2608 2587 2679 φαιδροτέραν
2621 2609 2772 2662 ἔνθεν
2798 2610 3095 2680 ἀφιέμενος
3124 2610 3225 2678 τῆς
3258 2610 3533 2680 εὐφημίας
3558 2610 3644 2679 τὴν
3673 2608 3753 2661 ἀεί-

2226 2713 2453 2771 μνησιν’
2487 2703 2776 2772 ὲνούμενος
2834 2705 2949 2775 (sic)
2996 2704 3058 2757 τὸ
3106 2704 3467 2756 ἀποστολικδν
3513 2703 3672 2769 λόγιον
3708 2701 3753 2754 τὸ

2223 2793 2466 2861 φάσκον⁶
2523 2792 2827 2859 ’Ἕκαστος
2884 2795 2994 2847 τὸν
3061 2793 3218 2847 ἴδιον
3267 2795 3493 2863 μισθὸν
3536 2792 3754 2861 λήψεται

2223 2884 2371 2937 κατὰ
2401 2885 2510 2937 τὸν
2534 2884 2689 2937 Ιδιον
2708 2885 2920 2938 κόπον.
2950 2879 3112 2938 Εἴλκε
3135 2887 3242 2955 γὰρ
3271 2886 3468 2949 αὐτοὺς
3493 2886 3519 2936 ὀ
3548 2884 3632 2937 τοῦ
3654 2901 3754 2953 προ-

2225 2976 2491 3039 παθόντος
2509 2968 2650 3047 ὗπὲρ
2678 2977 2858 3030 αύτῶν
2881 2978 3067 3045 πόθος,
3094 2980 3189 3031 καὶ
3218 2978 3589 3042 ὑποδείξαντος
3613 2978 3755 3030 αὐτῶν

2224 3067 2294 3120 τὰ
2332 3067 2439 3120 τῶν
2489 3067 2680 3121 παθῶν
2711 3070 3141 3139 καρτερήματα⁸
3198 3069 3453 3141 καθάπερ
3506 3068 3755 3136 ἄγκιστρον

2228 3161 2385 3233 ῥιφὲν
2430 3161 2487 3213 ὲν
2536 3160 2805 3232 θαλαττίῳ
2838 3144 3005 3232 βυθῷ,
3065 3162 3217 3231 ίχθὺν
3262 3163 3560 3233 νηχόμενον
3603 3160 3755 3231 χερσὶν

527 3236 832 3303 ruptionem
877 3236 1377 3305 apprehendebant.
1428 3239 1547 3297 Non
1589 3244 1735 3299 enim
1786 3248 1981 3316 patria,
2030 3260 2117 3307 aut

2226 3254 2423 3317 ἁλιέως
2450 3253 2770 3323 ἐφέλκεταιο
2800 3253 2954 3307 ἐνθεν
3006 3255 3098 3308 καὶ
3123 3257 3189 3324 τῇ
3218 3255 3513 3325 ἀκολουθίᾳ
3548 3253 3633 3307 τοῦ
3676 3250 3759 3322 μεί-

526 3327 1002 3397 consanguinitas,
1035 3341 1127 3385 aut
1155 3330 1467 3388 divitiarum
1496 3336 1771 3405 opulentia
1794 3379 1808 3403 ,
1840 3350 1935 3395 aut
1961 3358 2119 3398 exer-

525 3417 736 3470 cituum
769 3430 1161 3484 numerus,aut
1188 3424 1348 3493 regia:
1365 3427 1649 3493 potestatis
1678 3429 1915 3499 dignitas
1934 3433 1985 3489 in
2007 3452 2127 3492 me-

528 3510 923 3565 moriasanetis
939 3522 1152 3567 versata
1176 3525 1319 3570 erat:
1338 3517 1832 3586 aspiciebantenim
1853 3528 2111 3595 patriam,

529 3597 728 3652 caelum
759 3615 773 3664 ;
809 3602 1277 3672 consanguineos,
1311 3608 1533 3676 angelos
1564 3626 1577 3675 ;
1607 3622 1661 3664 et
1689 3615 2125 3680 magnitudinem

530 3689 711 3758 gaudii
728 3689 1129 3759 inenarrabilis,
1150 3703 1203 3749 et
1221 3706 1421 3753 cantus
1435 3698 1571 3753 festa
1589 3706 1861 3769 agentium
1888 3707 1942 3761 in
1967 3712 2127 3779 spiri-

529 3791 610 3849 tu,
630 3792 684 3837 et
708 3798 895 3839 vocem
920 3784 1114 3841 helitire
1135 3796 1442 3854 canentem,
1466 3800 1520 3846 et
1539 3792 1842 3851 divinitatis
1868 3798 2111 3859 delicias.

2232 3347 2386 3410 ζονος
2407 3345 2517 3399 τῶν
2556 3347 2795 3416 ἡττόνων
2824 3346 3363 3417 καταφρονήσαντες,
3393 3347 3510 3399 ἀντὶ
3548 3342 3758 3414 φθαρτῶν

2228 3436 2543 3508 ἀφθαρσίαν
2586 3436 3065 3507 κατημϐἡτευσαν.
3123 3437 3322 3490 Οὐκέτι
3354 3438 3466 3509 γὰρ
3499 3438 3696 3507 πατρὶς,
3731 3434 3757 3504 ἢ

2228 3531 2542 3599 συγγένεια,
2600 3531 2632 3604 ἢ
2681 3530 2912 3584 πλούτου
2951 3529 3246 3599 διαψίλεια.
3291 3530 3322 3600 ἢ
3379 3530 3759 3603 στρατευμάτων

2226 3620 2538 3691 ὑπεροχὴ,ῆ
2567 3620 2800 3690 ἀρχικῆς
2827 3619 3147 3682 δυναστείας
3175 3619 3455 3689 προκοπὴ,
3481 3621 3554 3681 είς
3582 3619 3759 3688 μνήμην

2225 3713 2335 3765 τῶν
2366 3712 2536 3780 ἀγίων
2574 3712 2835 3783 ἐφέρετο·
2869 3710 3178 3765 ἀπέϐλεπον
3204 3712 3312 3781 γὰρ
3349 3711 3597 3781 πατρίδα,
3634 3711 3760 3779 οὖρα-

2236 3806 2325 3858 νόν
2349 3821 2364 3837 ·
2402 3807 2708 3873 συγγενεῖς,
2751 3803 3050 3872 ἀγγέλους
3085 3802 3214 3857 ἔνθα
3246 3803 3477 3872 μέγεθος
3510 3803 3667 3872 χαρᾶς
3688 3802 3758 3852 ἁν-

530 3879 853 3951 εκλαλήτου,
888 3881 982 3935 καὶ
1005 3876 1136 3953 ἦχος
1163 3885 1532 3954 ἑορταζόντων
1576 3888 1635 3942 ὲν
1676 3891 1968 3963 πνεύματι,
2032 3903 2128 3955 καὶ
2159 3901 2312 3973 φωνὴ
2344 3899 2721 3969 ἀγαλλιάσεως
2749 3898 2968 3971 ᾅδουσα,
3016 3898 3113 3952 καὶ
3159 3898 3506 3970 λαμπηδόνες
3531 3900 3757 3965 θεότητος,

602 3971 669 4025 Ει
726 3973 912 4028 videre
956 3984 1073 4029 erat
1106 3974 1320 4044 judices
1370 3977 1512 4033 inter
1539 3989 1593 4035 et
1627 3981 1921 4052 judicatos,
1973 3988 2126 4045 dam-

529 4072 752 4120 natores
804 4064 945 4119 inter
984 4076 1037 4121 et
1084 4066 1388 4134 damnatos,
1424 4072 1729 4142 prodigium
1761 4076 2042 4141 insolitum
2067 4089 2125 4137 et

532 4157 800 4227 stupenda
847 4157 1141 4213 admodum
1184 4175 1302 4227 res;
1329 4175 1453 4216 cum
1491 4162 1569 4217 illi
1601 4166 1819 4234 quidem
1869 4169 1948 4224 ira
1997 4188 2122 4242 per-

531 4248 665 4303 moti
702 4255 757 4303 et
779 4250 937 4317 quasi
978 4250 1126 4304 irrisi
1154 4252 1351 4307 acerbe
1380 4254 1732 4324 castigantes,
1756 4258 1809 4313 hi
1842 4276 1972 4315 vero
2003 4265 2123 4319 ani-

534 4356 622 4395 mo
650 4340 794 4395 elato
819 4341 984 4395 variis
1018 4344 1301 4413 suppliciis
1338 4345 1511 4400 laetari
1544 4348 1943 4410 invenirentur.
1984 4354 2122 4412 Nam

534 4446 659 4498 pars
701 4432 1053 4501 praemiorum
1103 4432 1156 4486 in
1194 4435 1416 4489 aeternis
1449 4437 1668 4495 saeculis
1697 4441 1945 4512 utrisque
1998 4446 2122 4501 data

2307 3990 2413 4044 Καὶ
2468 3985 2536 4061 ἦν
2607 3991 2739 4061 ὀρᾷν
2808 3989 2973 4058 μέσον
3048 3989 3252 4060 κριτῶν
3301 3991 3396 4043 καὶ
3452 3990 3758 4063 κρινομένων,

2234 4082 2435 4154 μᾶλλον
2462 4083 2520 4135 δὲ
2552 4081 2890 4146 κολαζόντων
2945 4082 3040 4133 καὶ
3072 4080 3477 4153 κολαζομένων,
3507 4081 3675 4153 θαῦμα
3696 4079 3761 4145 ἐξα

2232 4173 2408 4227 αίσιον
2433 4173 2526 4225 καὶ
2554 4170 2758 4241 θάμϐος
2795 4169 3128 4242 ὑπέρτερον·
3177 4171 3287 4225 τῶν
3320 4173 3422 4242 μὲν
3453 4170 3761 4243 θυμουμένων

2231 4264 2326 4317 καὶ
2361 4264 2436 4327 ὡς
2487 4262 2859 4334 παιζομένων,
2914 4262 3127 4330 πικρῶς
3174 4264 3579 4333 τιμωρούντων,
3611 4262 3701 4314 τῶν
3721 4258 3762 4311 δὲ

2231 4354 2697 4427 προθυμουμένων
2734 4354 2827 4408 καὶ
2871 4357 2992 4418 ταῖς
3024 4354 3295 4417 ποικίλαις
3326 4358 3612 4427 τιμωρίαις
3639 4356 3762 4406 ἐπεν-

2230 4450 2443 4519 τρυφᾷν
2474 4447 2873 4518 εύρυνομένων.
2900 4447 3073 4518 Μερὶς
3097 4447 3204 4517 γὰρ
3231 4448 3407 4502 ἄθλων
3433 4452 3487 4501 ἐν
3519 4451 3621 4511 τοῖς
3638 4445 3763 4500 αὲὢσι

534 4522 677 4585 fuit,
730 4524 1034 4578 secundum
1087 4540 1400 4582 mensuram
1458 4529 1638 4598 illius,
1691 4534 1782 4602 qui
1827 4535 2117 4607 unicuique

2232 4544 2343 4604 τοῖς
2371 4540 2701 4612 ἀμφοτέροις
2725 4539 2923 4593 ἐδίδοτο
2946 4579 2962 4599 .
2993 4540 3135 4593 κατὰ
3158 4540 3218 4593 τὸ
3250 4542 3449 4612 μέτρον
3477 4541 3569 4594 τοῦ
3597 4542 3763 4608 ἀγωνο-

530 4615 689 4684 juxta
737 4616 1158 4671 mstimationem
1197 4620 1417 4689 praemia
1454 4622 1685 4694 largitur
1717 4624 2003 4696 Christus;
2039 4631 2123 4687 his

534 4709 756 4776 quidem
782 4710 1054 4779 patientire
1082 4711 1330 4768 levamen
1366 4726 1487 4786 post
1518 4720 1914 4790 suppliciorum
1942 4724 2124 4780 illato-

536 4816 659 4855 rum
697 4801 1105 4868 suﬂ'erentiam;
1147 4805 1253 4860 illis
1290 4818 1473 4863 autem
1512 4809 1759 4867 incussio
1791 4815 2117 4870 acerbarum

536 4908 823 4963 pmuarum
869 4894 921 4947 in
969 4894 1069 4951 hos
1106 4896 1198 4966 qui
1252 4900 1567 4958 crudelibus
1602 4905 1777 4973 pmnis
1807 4905 2126 4971 aﬂ‘eceruut,

536 4986 755 5043 incudis
788 4987 961 5043 instar
995 5005 1269 5059 percussa:
1301 5002 1354 5046 et
1378 4994 1697 5061 castigantis
1727 5013 1824 5052 eos
1858 5000 1951 5069 qui
1978 4999 2125 5053 illam

534 5090 942 5148 percusserant.
984 5081 1271 5147 Quomodo
1328 5085 1474 5138 enim
1530 5087 1684 5142 incus
1726 5104 2125 5157 percussa,ne-

536 5185 643 5239 que
676 5171 944 5224 maculam
996 5186 1171 5240 neque
1208 5190 1398 5243 rugam
1426 5175 1741 5242 admittens,
1777 5180 2122 5235 cruciatuum

537 5262 755 5317 dolores
783 5263 1012 5317 remittit
1040 5263 1156 5318 suis
1187 5266 1611 5333 percussoribus
1632 5283 1726 5337 per
1754 5270 2122 5324 membrorum

538 5351 964 5407 contritionem?
1000 5352 1145 5421 quod
1179 5354 1233 5406 in
1271 5354 1443 5425 tigura
1486 5356 1590 5409 dici
1625 5367 1804 5425 potest
1855 5372 1946 5425 per
1972 5373 2126 5412 com-

540 5442 904 5511 parationem.
943 5442 1076 5497 Nam
1115 5444 1283 5513 aliqui
1337 5447 1632 5503 celebrium
1693 5458 1993 5520 martyrum
2030 5465 2125 5520 per

542 5534 723 5603 ignem
776 5550 971 5603 pugna:
1032 5550 1257 5591 cursum
1315 5540 1690 5607 pertieieutes,
1742 5541 1795 5595 in
1848 5543 2123 5596 caminum

543 5624 899 5679 vehementer
964 5625 1241 5681 ardentem
1316 5630 1672 5698 prmeipitati,
1724 5632 1955 5688 choreas
1999 5650 2124 5688 cum

472 5740 479 5747 -
547 5720 752 5789 angelis
796 5719 1095 5790 jubilantes
1137 5722 1365 5779 canticis
1404 5723 1782 5795 spiritualihus
1830 5726 2126 5794 agouotbe-

626 5899 640 5928 ³
673 5900 690 5952 1
719 5898 840 5954 Cor.
879 5915 957 5964 ιιι,
993 5900 1043 5952 8.

2230 4632 2508 4696 θετοῦντος
2531 4632 2609 4684 ἑνὶ
2632 4633 2848 4702 ἑκάστῳ
2877 4633 3002 4695 τοὺς
3049 4632 3246 4696 ἄθλους
3298 4635 3434 4704 πρὸς
3487 4630 3763 4702 δοκιμασίαν

2228 4723 2467 4796 Χριστοῦ
2493 4740 2506 4753 ’
2563 4717 2645 4787 οἷς
2693 4724 2789 4794 μὲν
2833 4724 3109 4793 ὑπομονῆς
3143 4724 3453 4794 στερέωμα,
3490 4725 3618 4794 πρὸς
3662 4723 3763 4773 ὑπο

2227 4817 2389 4888 δοχὴν
2420 4817 2528 4870 τῶν
2552 4816 2972 4887 ἐπιφερομένων
3000 4816 3276 4869 κολάσεων
3298 4832 3311 4847 °
3349 4812 3428 4880 οἷς
3451 4817 3507 4869 δὲ
3542 4816 3627 4868 καὶ
3651 4815 3764 4865 ἀντι-

2231 4907 2425 4979 πομπὴ
2477 4908 2585 4963 τῶν
2635 4907 2911 4978 ὀδυνηρῶν
2960 4908 3210 4978 βασάνων
3258 4908 3349 4962 ἐπὶ
3395 4910 3521 4973 τοὺς
3570 4901 3763 4975 ἀφειδῶς

2234 5000 2644 5074 βασανίζοντας,
2680 5001 2835 5072 δίκην
2862 5003 3115 5071 ἄκμωνος
3140 5000 3503 5071 τυπτομένου,
3552 5002 3638 5053 καὶ
3664 5013 3765 5049 παι·

2229 5092 2479 5157 δεύοντος
2542 5095 2668 5156 τοὺς
2724 5093 2887 5147 αὐτὸν
2951 5092 3418 5158 κατατύπτοντας.
3496 5093 3614 5154 Πῶς
3680 5086 3763 5155 γὰρ

2229 5184 2424 5253 ἄκμων
2449 5184 2810 5253 τυπτόμενος,
2864 5184 2999 5252 μήτε
3042 5184 3229 5237 σπῖλον
3262 5184 3398 5253 μήτε
3456 5183 3635 5253 ῥυτίδα
3661 5179 3765 5231 tim-

2232 5274 2429 5344 μένων,
2457 5274 2554 5337 τὰς
2594 5274 2702 5326 τῶν
2742 5274 3051 5343 ἀλγηδόνων
3093 5272 3284 5335 ὀδύνας
3330 5274 3654 5341 ἀντιπέμπει
3678 5267 3765 5325 τοῖς

2232 5359 2499 5413 τύπτουσι
2538 5362 2626 5416 διὰ
2678 5363 2777 5431 τῆς
2824 5362 2935 5414 τῶν
2984 5363 3163 5433 μελῶν
3196 5363 3440 5425 κλάσεως
3462 5380 3475 5429 ;
3504 5363 3668 5429 Ὅπερ
3694 5355 3765 5408 καὶ

2237 5452 2665 5523 σχηματολογεῖν
2693 5455 2831 5525 πρὸς
2857 5454 3284 5525 ἀντιπαράθεσιν
3307 5455 3474 5520 ἀξιον.
3512 5453 3657 5513 Τινὲς
3682 5447 3761 5514 γὰρ

2232 5543 2342 5596 τῶν
2376 5544 2781 5614 μεγαλοφὼνων
2823 5546 3143 5617 μαρτύρων,
3175 5548 3265 5601 τὸν
3292 5546 3380 5599 διά
3409 5545 3577 5614 πυρὸς
3601 5542 3763 5611 δρᾶμον

2232 5634 2590 5699 ἀγωνιστικὸν
2616 5636 2920 5700 τελοῦντες,
2960 5638 3042 5700 είς
3079 5637 3306 5708 κάμινον
3356 5637 3567 5710 λαύρως
3600 5637 3765 5687 ἐκκαυ·

2233 5726 2419 5782 θεῖσαν
2454 5727 2764 5800 βληθέντες,
2820 5729 3040 5800 χορείας
3078 5730 3195 5801 μετ’
3225 5730 3470 5799 ἀγγέλων
3498 5726 3763 5801 κροτήσαν-
