3978 6582
428 365 541 431 853

1454 366 1861 427 ENCOMIUM
1895 366 1977 427 IN
2015 366 2274 428 OMNES
2315 364 2663 432 SANCTOS.

3587 375 3693 443 854

424 496 515 541 τες
552 478 762 550 ᾇσμασι
803 476 1192 546 πνευματικοῖς
1223 475 1313 529 τὸν
1340 475 1684 547 ἀγωνοθέτην
1709 478 1984 545 ἐδόξαζον·

2105 490 2218 536 tam
2273 481 2749 538 collaudabantiet
2795 483 2980 541 cinere
3019 488 3227 542 externi
3259 476 3400 558 ignis
3459 495 3692 563 aSpersi,

425 570 519 623 καὶ
546 570 614 639 τῇ
660 567 857 639 αίθάὶῃ
903 568 1001 637 τῆς
1032 566 1326 638 ὑπερορίου
1369 568 1569 637 φλογὸς
1602 569 2001 640 δροσιζόμενοι,

422 662 519 725 τὰς
548 661 850 724 καυστικάς
902 660 1183 733 ἐνεργείας
1231 663 1345 724 τοῖς
1395 660 1823 731 έξυπηρετοῦσιν
1873 665 2004 715 ἀντ-

371 794 379 805 .
422 753 706 824 ἔπεμπον·
741 753 924 817 καθὼς
953 754 1068 807 ἔστι
1108 753 1323 822 λέγειν’
1364 756 1467 807 Ἐν
1499 754 1622 820 τοῖς
1657 753 1855 823 ἔργοις
1883 754 2005 808 τῶν

368 878 371 915 ,
420 844 845 914 χειρῶναὺτοῡ
870 844 1232 915 συνελήφθη
1266 848 1298 899 ό
1325 847 1703 915 ἁμαρτωλός,
1737 846 1925 899 ’Λλλοι
1945 847 2000 899 δὲ

420 937 478 987 ἐν
538 936 737 1008 σταδίῳ
789 938 1114 1007 κυνηγεσίου
1161 938 1299 1009 πρὸς
1354 939 1520 1009 βορὰν
1554 940 1759 1010 θηρίων
1795 958 2003 1011 σπαρα-

421 1028 662 1098 χθέντες,
695 1031 787 1083 τὸν
820 1031 981 1099 φόϐον
1027 1031 1125 1100 τῆς
1177 1032 1639 1103 προσδοκωμένης
1690 1032 2001 1103 θηριοϐρω-

423 1121 545 1183 σίας
575 1122 687 1173 ἀντ’
718 1122 928 1186 οὐδενὸς
972 1124 1331 1193 ἡγησάμενοι,
1390 1123 1667 1195 ἀτάραχον
1725 1126 1816 1177 τὸν
1850 1124 1999 1194 λογι-

421 1214 557 1283 σμὸν
584 1214 795 1279 ἑαυτοῖς
827 1216 1155 1287 κατήρτιζον
1178 1232 1191 1247 ·
1224 1217 1441 1285 ῑτοιμον
1474 1218 1533 1270 τὸ
1558 1218 1750 1271 παθεῖν
1798 1218 1886 1272 διὰ
1935 1219 1998 1272 τὸ

416 1307 517 1379 ζῇν
548 1309 681 1379 μετ’
697 1311 1051 1382 εὐχαριστίας
1082 1312 1517 1385 προϐαλλόμενοι
1537 1331 1553 1347 ο
1586 1315 1636 1368 οἱ
1665 1313 1722 1367 δὲ
1746 1313 1999 1385 βλοσυροὶ

414 1400 511 1452 καὶ
554 1399 835 1455 ἀτίθασσοι
889 1404 1144 1471 λυθέντες
1195 1407 1391 1477 θῆρες,
1438 1407 1567 1471 τοὺς
1638 1406 1998 1478 κρινομένους

414 1492 676 1557 πολλάκις
706 1495 987 1561 ἐάσαντες,
1035 1500 1130 1551 καὶ
1182 1499 1321 1569 πρὸς
1345 1501 1472 1565 τοὺς
1497 1499 1692 1571 κριτὰς
1722 1498 1998 1569 δρομαίως

414 1585 787 1654 χωρήσαντες,
814 1590 926 1651 τοῖς
948 1588 1127 1643 ὀδοῦσι
1156 1592 1533 1661 σπαράγματα
1559 1594 1671 1654 τοῖς
1699 1590 1998 1657 θεωμένοις

328 1682 333 1686 ”
412 1676 691 1731 ἐδείκνυον
712 1695 724 1708 ·
750 1679 823 1742 ὡς
858 1680 1109 1734 ἐντεῦθεν
1134 1682 1398 1754 καθολικῇ
1429 1682 1720 1754 συμφωνίᾳ
1758 1680 1997 1753 μεγαλύ-

412 1768 598 1821 νεσθαι
624 1769 715 1823 τὸν
739 1772 893 1826 Θεόν.
911 1771 1132 1843 Ἐώρων
1160 1775 1269 1845 γὰρ
1293 1776 1419 1839 τοὺς
1448 1774 1621 1844 θῆρας
1646 1772 1994 1838 ὲξουθενοῦνο

409 1875 511 1923 ταις
563 1862 754 1924 θεούς*
808 1866 903 1918 καὶ
954 1862 1021 1937 ἦν
1086 1867 1291 1921 ἰδέσθαι
1347 1866 1812 1939 ἀντιπεριπλοκὴν
1879 1866 1988 1917 τῶν

410 1955 800 2022 πραττομένων
825 1959 1143 2029 παράδοξον,
1166 1960 1361 2029 κριτὰς
1388 1960 1677 2031 κρίνοντας
1709 1960 1803 2012 καὶ
1835 1957 1990 2011 κολα-

409 2042 669 2115 ζομένους
692 2089 705 2112 ,
740 2050 849 2104 τῶν
880 2051 1156 2105 κολάσεων
1205 2052 1627 2123 ἀνακτωμένους
1648 2068 1663 2083 ·
1714 2053 1853 2120 ὅπερ
1894 2051 1988 2103 καὶ

406 2141 545 2208 πρὸς
576 2140 747 2211 ὕμνον
798 2145 1165 2215 μεγαλαυχεῖν
1216 2146 1388 2212 ἀξιον.
1419 2148 1484 2199 Ὢ
1513 2146 1797 2216 δυνάμεως
1839 2143 1979 2213 ὑπὲρ

2106 585 2355 631 urentem
2386 576 2495 630 vim
2530 576 2650 646 ejus
2681 576 2953 633 ministris
2992 580 3376 649 remittebant;
3414 583 3557 639 sicut
3584 585 3693 641 dici

2105 677 2284 738 potest
2312 686 2325 722 :
2358 667 2424 721 In
2468 670 2706 738 operibus
2739 687 2989 724 manuum
3027 672 3141 741 ejus
3191 675 3591 740 comprehensus
3616 686 3695 732 est

2103 761 2406 827 peccator".
2469 761 2571 815 Alii
2608 771 2787 817 autem
2832 762 2887 817 in
2943 764 3117 819 stadio
3166 766 3414 821 venatico
3458 782 3554 837 per
3603 782 3693 822 ra-

2106 851 2249 905 biem
2274 851 2511 906 ferarum
2545 852 2790 918 lacerati,
2817 867 3020 909 metum
3043 855 3175 912 feris
3205 872 3390 912 escam
3414 859 3694 930 praebendi

2105 958 2204 1011 pro
2236 942 2406 996 nihilo
2437 952 2775 1012 reputantes,
2804 945 3015 1001 firmam
3053 949 3155 1003 sibi
3189 949 3427 1003 animant
3463 964 3692 1021 compo-

2105 1035 2323 1101 nebant,
2356 1038 2423 1091 ad
2468 1040 2783 1109 patiendum
2835 1052 3077 1107 paratam
3107 1058 3233 1098 cum
3280 1044 3577 1113 gratiarum
3602 1058 3695 1099 ac-

2105 1126 2250 1182 tione
2296 1138 2356 1182 ut
2388 1129 2552 1183 vitam
2605 1131 2940 1201 attingerent
2971 1140 3342 1202 exponentes;
3378 1132 3472 1188 sed
3512 1134 3695 1189 borri—

2104 1217 2240 1271 biles
2298 1226 2353 1273 ct
2403 1234 2786 1274 mansuescere
2855 1221 3057 1276 nesci:e
3110 1222 3239 1276 fera:
3297 1222 3692 1279 condemnatos

2102 1290 2244 1381 saepe
2270 1311 2602 1382 linquentes,
2628 1313 2757 1368 etin
2776 1312 2990 1383 judiccs
3014 1316 3367 1371 vehementer
3394 1316 3688 1383 irruentes,

2100 1403 2354 1460 dentibus
2379 1404 2609 1459 lacerata
2640 1405 2883 1461 membra
2914 1407 3245 1463 mirantibus
3293 1409 3687 1475 ostendebant;

2096 1495 2173 1549 ita
2204 1506 2261 1549 ut
2290 1496 2415 1551 inde
2446 1498 2742 1553 univcrs:i|i
2778 1510 3050 1555 concentu
3096 1499 3267 1555 Deum
3301 1501 3684 1572 magniﬁcent,

2100 1586 2355 1641 videbant
2379 1588 2524 1641 enim
2557 1604 2587 1643 a
2621 1589 2752 1644 feris
2778 1588 2914 1661 ipsis
2932 1590 3065 1645 deos
3095 1592 3396 1646 contemni.
3417 1590 3482 1646 Et
3504 1591 3689 1647 videre

2098 1690 2215 1735 erat
2245 1680 2550 1735 mirandam
2587 1690 2642 1736 et
2675 1682 2968 1751 ancipitem
3017 1697 3202 1737 rerum
3239 1685 3683 1747 conversionem,

2094 1770 2308 1839 jndices
2339 1772 2649 1851 iudicantes
2678 1782 2731 1828 ct
2767 1773 3161 1829 condemnatos
3196 1774 3438 1830 vicissim
3480 1774 3686 1845 suppli-

2027 1840 2067 1895 Β
2097 1861 2197 1916 ciis
2236 1840 2416 1927 affici;
2468 1864 2612 1933 quod
2667 1879 2763 1933 per
2814 1866 3093 1918 canticum
3144 1866 3387 1921 exaltare
3437 1840 3611 1921 decet:
3643 1864 3688 1918 Ο

2096 1956 2316 2010 virtutis
2340 1972 2503 2026 supra
2523 1958 2776 2011 virtutem
2796 1958 3117 2013 exsistentis
3137 1960 3390 2029 potentiae
3405 1957 3648 2028 prodigia
3670 1959 3683 2012 l

2097 2048 2143 2104 Ο
2176 2050 2533 2119 providentia:
2576 2065 2739 2120 super
2790 2061 3025 2105 mentem
3081 2046 3444 2121 praevidentis,
3475 2065 3689 2122 magna:

2093 2142 2292 2197 mentis
2335 2144 2402 2197 ad
2439 2144 2725 2197 utilitatem
2772 2144 2967 2197 collata
2992 2144 3168 2198 dona!

406 2235 638 2304 δύναμιν
718 2236 951 2308 ἐχούσης
1008 2240 1078 2293 τά
1128 2240 1228 2310 τῆς
1285 2239 1607 2305 δυναστείας
1677 2237 1961 2310 θαύματακῑ
1992 2235 2039 2289 ὣ
2074 2237 2335 2308 προνοίας
2372 2237 2512 2311 ὑπὲρ
2554 2238 2763 2292 ἔννοιαν
2794 2238 3198 2308 ποονοουμένης
3223 2237 3291 2291 τά
3318 2239 3416 2310 τῆς
3449 2237 3684 2308 μεγαλο-

406 2329 555 2393 νοίας
580 2329 716 2402 πρὸς
750 2331 811 2383 τὸ
833 2331 1112 2403 συμφέρον
1138 2333 1439 2403 δωρήματα
1465 2332 1479 2385 ι

474 2425 588 2479 Καὶ
647 2418 792 2478 οὗτοι
816 2424 922 2493 «μὲν
949 2424 1119 2487 οὕτως
1156 2423 1557 2495 προαιρετικῶς
1602 2422 1984 2485 κολασθέντες,

405 2516 775 2587 ἑνεργητικῶς
803 2515 857 2567 δὲ
893 2515 1264 2581 ἀθωωθέντες,
1292 2515 1599 2585 αὐτόματον
1640 2516 1739 2585 τῆς
1788 2518 1985 2585 κοιμή-

406 2623 543 2669 σεως
570 2605 817 2672 ἐδέξαντο
844 2611 940 2677 την
972 2606 1274 2661 τελείωσιν’
1323 2607 1506 2677 ἕτεροι
1550 2607 1607 2661 δὲ
1666 2608 1768 2677 οὐχ
1798 2606 1942 2659 οὓτω
1964 2622 1978 2637 ’

408 2697 821 2767 προειρήκαμεν
854 2696 984 2767 γὰρ,
1015 2697 1314 2768 ἀγαπητοὶ,
1365 2698 1507 2751 κατά
1556 2697 1618 2751 τὸ
1650 2698 1849 2767 μέτρον
1886 2695 1985 2749 τού

402 2788 869 2857 ἀγωνοθετοῦντος
896 2791 1021 2851 τοὺς
1044 2790 1241 2853 ἄθλους
1269 2790 1405 2860 πρὸς
1434 2790 1494 2843 τὸ
1520 2790 1802 2860 συμφέρσν
1847 2790 1984 2858 Χρι-

405 2876 555 2931 στού.
597 2877 757 2931 Ἀλλά
810 2878 962 2942 πῶς;
1009 2878 1378 2949 Ἐμπαιγμῶν
1424 2881 1517 2933 καὶ
1573 2880 1853 2950 μαστίγων
1887 2880 1987 2932 καὶ

403 2970 651 3041 φυλακῆς
684 2974 880 3042 πεῖραν
907 2971 1135 3025 ἔλαϐον⁸
1166 2973 1315 3027 ἄλλοι
1360 2973 1417 3027 δὲ
1455 2972 1826 3036 λιθασθέντες,
1858 2990 1987 3042 πρι-

402 3061 647 3127 σθέντες,
682 3064 1005 3132 σφαγέντες,
1039 3064 1141 3134 τὴν
1174 3063 1429 3118 ἐντεῦθεν
1482 3064 1775 3119 κατέλιπον
1813 3064 1983 3137 πρόσ-

402 3174 596 3227 καιρον
622 3157 829 3229 φθοράν
851 3174 866 3189 ο
897 3158 991 3211 καὶ
1016 3159 1079 3212 ού
1109 3158 1241 3229 πῦρ,
1296 3158 1357 3211 ού
1410 3158 1582 3227 ξίφος,
1617 3159 1677 3212 οὐ
1704 3158 1866 3213 λίθων
1902 3159 1985 3228 βο-

2160 2416 2226 2471 Et
2258 2416 2313 2471 hi
2340 2417 2559 2487 quidem
2585 2417 2665 2473 sic
2705 2418 3011 2472 voluntarie
3045 2417 3311 2483 damnati,
3358 2419 3450 2473 sed
3498 2419 3683 2475 efﬁca-

2086 2508 2222 2563 citer
2253 2509 2516 2574 absoluti,
2549 2520 2903 2579 spontaneam
2960 2510 3312 2565 dormitionis
3349 2523 3681 2581 acceperunt

2083 2598 2367 2668 requiem;
2419 2599 2510 2654 alii
2551 2616 2677 2655 vero
2716 2615 2824 2655 non
2883 2601 2985 2656 sic.
3019 2600 3267 2658 Diximus
3313 2604 3459 2657 enim
3494 2616 3675 2670 antea.

2082 2691 2526 2759 dilemissimi,de
2555 2708 2807 2747 mensura
2829 2694 2995 2759 illius,
3023 2695 3114 2764 qni
3142 2695 3359 2765 przemia
3378 2698 3677 2753 secundum

2086 2786 2373 2841 utilitatem
2400 2786 2669 2856 cujusque
2694 2786 2922 2858 largitur
2954 2788 3229 2844 Christus.
3263 2789 3553 2857 Quomodo
3584 2808 3683 2846 au-

2086 2886 2192 2932 tem
2244 2878 2425 2933 istud?
2475 2878 2819 2945 irrisionum,
2890 2878 3264 2947 ﬂagellorum,
3316 2890 3370 2936 ct
3415 2882 3682 2939 custodiae

2087 2970 2465 3041 probationem
2496 2980 2853 3041 receperunt;
2907 2972 2995 3024 alii
3029 2987 3155 3027 vero
3186 2972 3428 3042 lapidati,
3460 2975 3680 3042 rcsccd,

2090 3064 2240 3127 caesi,
2273 3064 2629 3133 temporalem
2657 3064 2994 3131 reliquerunt
3026 3065 3433 3134 corruptionem
3457 3084 3471 3132 ;
3493 3077 3548 3121 ct
3581 3084 3681 3135 ne~

2090 3172 2197 3226 que
2249 3156 2411 3226 ignis,
2449 3172 2626 3227 neque
2657 3156 2891 3230 gladius,
2954 3172 3127 3228 neque
3179 3157 3422 3230 lapidum
3474 3140 3679 3230 jactu’s,

399 3251 514 3317 λαὶ,
542 3252 602 3304 οὐ
630 3251 876 3321 λέϐητες,
925 3252 987 3305 ού
1021 3251 1312 3323 ξυστῆρες,
1350 3253 1411 3305 ού
1446 3252 1973 3324 στραγγαλιστῆρες,

2090 3265 2258 3320 neque
2286 3250 2508 3315 lebetes,
2540 3265 2717 3319 neque
2745 3250 2900 3304 fcrrei
2953 3251 3160 3319 unguli,
3189 3266 3368 3321 neque
3421 3261 3680 3323 strangu-

399 3342 501 3395 οὐκ
534 3341 668 3412 ἄλλη
700 3360 782 3405 τις
809 3344 1044 3413 ὀδυνηρά
1083 3344 1194 3397 τῶν
1226 3343 1504 3397 κολάσεων
1550 3343 1815 3415 τιμωρία,
1856 3346 1984 3407 τοὺς

399 3434 764 3505 καρτερικοὺς
787 3434 1005 3503 ἀγῶνας
1024 3435 1132 3488 τῶν
1156 3436 1419 3503 γενναίων
1446 3436 1619 3505 ἁγίων
1640 3435 1981 3506 διέστρεφεν

400 3526 517 3579 ἀλλ’
552 3530 609 3578 ἐν
643 3525 855 3590 τούτοις
883 3528 1048 3581 πᾶσιν
1078 3528 1568 3599 ύπερνικήσαντες,
1602 3529 1699 3582 καὶ
1726 3529 1825 3582 τὸν
1842 3530 1983 3598 ἀγα-

402 3620 653 3688 πήσαντα
689 3620 934 3692 σφοδρῶς
965 3622 1388 3693 ἀγαπήσαντες,
1417 3624 1713 3679 κατέλιπον
1737 3626 1872 3696 ἡμῖν
1915 3623 1982 3677 τά

400 3711 762 3766 θεοσύλλεκτα
792 3714 1042 3785 λείψανα.
1074 3716 1183 3770 Καὶ
1210 3714 1328 3780 πῶς
1351 3716 1710 3771 θεοσύλλεκτα
1732 3736 1757 3785 ;,
1782 3716 1982 3771 Μάθω-

403 3822 533 3874 μεν,
562 3807 863 3877 ἀγαπητοί.
894 3807 1070 3862 Τινῶν
1116 3808 1226 3880 γάρ
1260 3809 1432 3878 ἁγίων
1461 3809 1602 3881 ξίφει
1629 3810 1979 3882 ἀποτμηθέν-

396 3916 529 3961 των,
560 3900 629 3953 τά
665 3900 893 3969 σώματα
925 3899 1001 3964 ὼς
1044 3900 1392 3973 βδελύγματα
1420 3906 1531 3967 τοῖς
1554 3903 1733 3966 ἀθέοις
1767 3906 1980 3974 κριταῖς

397 3995 476 4055 είς
503 3991 815 4063 θηριοήθεις
841 3992 1061 4055 τόπους,
1100 3993 1186 4047 ἐπ’
1217 3995 1448 4062 ἐδάφους
1473 3996 1723 4067 ῥιφέντα,
1755 3996 1871 4048 σῶα
1894 3996 1977 4049 δι-

396 4085 812 4156 ιεςυλάχθησαν⁸
841 4086 935 4139 καὶ
958 4086 1019 4139 οὐ
1046 4085 1233 4157 θῆρες,
1261 4087 1362 4139 ούκ
1409 4087 1539 4141 ἀλλο
1559 4105 1611 4141 τι
1636 4088 1745 4143 τῶν
1776 4105 1978 4159 σαρκο-

398 4180 630 4247 (riguith
652 4178 921 4231 εἰωθότων
948 4177 1124 4243 ζώων,
1154 4177 1361 4231 τούτων
1393 4179 1710 4249 ἐφάψασθαι
1732 4179 1975 4248 ἴσχυσενο

394 4270 511 4323 ἀλλ’
534 4271 673 4342 ὅπερ
700 4270 759 4334 ἐξ
785 4270 939 4333 ἔθους
967 4272 1028 4324 τὸ
1054 4270 1289 4340 τρώγειν
1316 4266 1462 4341 εἶχον
1488 4272 1974 4341 περισπούδαστον,

395 4364 554 4417 τοῦτο
579 4364 729 4433 παρά
763 4363 927 4433 φύσιν
962 4363 1247 4429 ἐάσαντες,
1282 4364 1343 4416 τὸ
1380 4363 1648 4434 ἀσύνηθες
1702 4363 1821 4426 έθος
1876 4364 1978 4434 τῆς

398 4456 803 4527 παραφυλακῆς
827 4454 935 4507 τῶν
964 4454 1234 4525 σωμάτων
1261 4454 1567 4508 ὲδείιωυντο
1587 4473 1599 4484 ·
1617 4455 1708 4507 καὶ
1733 4454 1976 4522 γίνονται

401 4549 451 4600 οί
500 4547 691 4618 πρώην
725 4546 1113 4618 βροτοφθόροι,
1150 4546 1341 4601 ἔπειτα
1375 4548 1861 4618 σωματοφύλακες.
1898 4548 1973 4601 Οὐ

402 4639 509 4710 γὰρ
537 4635 677 4710 ἦσαν
699 4640 853 4692 κοινά
880 4640 947 4693 τά
980 4638 1210 4711 σώματα
1244 4641 1379 4711 πρὸς
1405 4641 1804 4712 θηριοόρωσίαν
1824 4641 1975 4707 ἀξια,

400 4731 514 4784 αλλ’
558 4731 791 4785 ἐκλεκτά
821 4734 900 4793 είς
930 4732 1251 4802 εὐεργεσίαν
1283 4733 1496 4799 ἐξαίσια
1517 4748 1528 4763 '
1584 4734 1723 4804 ὅπερ
1751 4734 1885 4787 πολὺ
1916 4734 1979 4787 τὸ

399 4824 657 4894 διάφορον
716 4827 829 4887 τοῖς
876 4824 1134 4892 ἀσφαλῶς
1192 4825 1567 4896 ἀκροωμένοις
1620 4826 1976 4897 συνέστηκεν.

403 4916 556 4971 Ἔσθ’
586 4918 674 4971 ὅτε
705 4917 813 4986 γάρ
843 4934 966 4970 τινα
1001 4915 1227 4987 σώματα
1262 4920 1402 4988 μετά
1431 4919 1537 4972 τῶν
1562 4919 1834 4972 ἐκλεκτῶν
1861 4919 1979 4989 ἅμα

402 5008 647 5077 ῥιφέντα,
709 5007 778 5060 τά
819 5007 918 5077 μὲν
964 5008 1121 5076 ἀσινῆ
1180 5009 1611 5080 διετηρήθησαν,
1642 5011 1711 5063 τά
1759 5009 1815 5062 δὲ
1850 5026 1977 5061 κατ-

400 5098 780 5170 εμειὼθησαν·
848 5098 1022 5153 ἄλλων
1087 5098 1145 5150 δὲ
1203 5099 1373 5165 ἁγίων
1424 5098 1782 5169 μαρτυρικῶς
1838 5099 1972 5169 πυρὶ

400 5190 735 5254 καυθέντων,
781 5190 810 5243 ὁ
856 5188 982 5259 χούς
1005 5188 1190 5260 ὥσπερ
1216 5191 1330 5257 φῶς
1356 5193 1468 5253 τοῖς
1500 5189 1706 5253 πιστῶς
1734 5191 1973 5261 ἀρυομέ-

400 5297 514 5343 νοις
537 5279 858 5351 ἐξέλαμπεν·
896 5280 1099 5349 ὲτέρων
1151 5279 1207 5333 δὲ
1240 5280 1402 5333 πάλιν
1456 5280 1830 5350 καταμεληδὸν
1859 5281 1975 5335 δια·

400 5371 743 5443 τμηθέντων,
779 5374 869 5424 καὶ
897 5371 968 5424 τὰ
994 5372 1128 5424 ὀστᾶ
1148 5375 1352 5425 τούτων
1384 5372 1457 5435 ὼς
1500 5374 1707 5442 μισητὰ
1745 5376 1858 5435 τοῖς
1882 5390 1975 5426 κο-

404 5464 659 5527 λάζουσιν
691 5467 748 5517 ἐν
775 5465 1040 5534 ποταμοῖς
1070 5464 1326 5533 ῥιφέντα,
1358 5466 1419 5517 ού
1450 5465 1528 5536 τῷ
1559 5465 1771 5537 φυσικῷ
1800 5465 1975 5538 βαρή-

407 5573 538 5626 ματι
580 5556 715 5626 πρὶς
764 5556 826 5607 τὸ
883 5556 1199 5626 κατωφερὲς
1241 5556 1333 5609 τοῦ
1398 5556 1595 5627 βάθους
1644 5558 1975 5628 συνήρχοντο

401 5648 655 5719 βόλισμα,
694 5646 832 5700 ἀλλά
856 5650 922 5717 τῇ
956 5650 1203 5720 ἀνωτέρᾳ
1246 5650 1368 5719 ὕφει
1408 5649 1515 5703 τῶν
1561 5649 1768 5705 ὑδάτων
1812 5649 1971 5721 δίκην

466 5827 482 5858 ³
515 5826 658 5882 l'sal.
690 5841 765 5891 ix,
800 5825 886 5882 17.

2085 3342 2308 3407 latores,
2334 3358 2514 3414 neque
2536 3342 2685 3397 aliud
2715 3343 2989 3413 quoddam
3026 3343 3285 3398 acerbum
3305 3343 3679 3401 damnationis

2083 3434 2437 3503 supplicium,
2467 3450 2497 3489 a
2529 3436 2811 3505 generosis
2847 3434 3247 3489 certaminibus
3298 3445 3519 3490 sanctos
3556 3436 3679 3491 illos

2083 3525 2256 3583 fortes
2307 3527 2537 3595 avertit;
2572 3528 2665 3583 sed
2711 3529 2763 3582 in
2824 3528 3086 3583 omnibus
3142 3528 3226 3584 his
3274 3528 3581 3593 vincentes,
3625 3539 3680 3583 et

2084 3617 2231 3671 hunc
2264 3616 2358 3687 qui
2409 3616 2532 3672 illos
2580 3617 2787 3673 amavit
2838 3618 3189 3672 vehementer
3212 3626 3481 3683 amantes,
3522 3618 3679 3673 nobis

2083 3710 2427 3781 reliquerunt
2467 3711 2696 3765 collecta
2733 3726 2763 3765 a
2795 3712 2904 3764 Deo
2932 3709 3278 3781 fragmenta;
3321 3719 3375 3765 et
3399 3710 3677 3781 quomodo

2084 3818 2113 3856 a
2150 3801 2260 3857 Dco
2288 3802 2559 3859 collecta?
2590 3802 2883 3858 Disramus
2920 3803 2996 3869 id,
3032 3803 3404 3859 dilectissimi.
3435 3803 3677 3869 Quibus-

2080 3896 2205 3951 dam
2229 3897 2374 3952 enim
2398 3896 2604 3951 sanctis
2634 3896 2815 3966 gladio
2844 3896 3021 3961 cmsis,
3052 3911 3281 3966 corpora
3307 3894 3454 3950 velut
3485 3898 3676 3951 sordes

2079 3988 2149 4042 ab
2194 3988 2375 4058 impiis
2419 3988 2700 4055 judicibus
2756 3987 2810 4042 in
2863 3989 3000 4042 locis
3038 3987 3280 4041 ferarum
3329 3987 3566 4043 assuetis
3605 3988 3673 4040 ad

2086 4079 2263 4133 solum
2298 4079 2529 4149 dejecta,
2560 4096 2692 4134 sana
2729 4089 3051 4135 COIlSCI'Vttla
3088 4088 3259 4145 sunt;
3299 4093 3477 4147 neque
3520 4078 3672 4142 ferar,

2079 4187 2258 4240 neque
2286 4170 2433 4225 aliud
2456 4171 2728 4241 quoddam
2754 4171 3073 4224 animalium
3104 4185 3271 4226 carne
3300 4171 3668 4236 vescentium,

2079 4266 2165 4320 bis
2188 4265 2447 4320 accedere
2481 4265 2684 4334 potuit;
2714 4264 2808 4321 sed
2850 4264 2996 4333 quod
3033 4278 3063 4319 e
3099 4277 3253 4318 more
3289 4263 3453 4317 edere
3477 4262 3675 4332 jucun,

2077 4359 2199 4413 dius
2246 4358 2537 4422 habebant,
2564 4357 2666 4411 hoc
2697 4366 2903 4411 contra.
2932 4365 3185 4410 naturam
3211 4356 3550 4421 omittentcs,
3580 4358 3670 4411 in-

2077 4460 2294 4507 suetum
2324 4449 2593 4507 custodiae
2634 4464 2841 4505 morem
2879 4449 3205 4519 corporibus
3237 4449 3580 4520 prazbebant,
3614 4461 3671 4502 et

2079 4559 2201 4615 qua:
2244 4551 2407 4597 antea
2454 4542 2769 4597 mortalium
2800 4557 2997 4596 carnes
3030 4539 3511 4606 vorabant,.factzn
3541 4550 3671 4595 sunt

2081 4636 2277 4692 deinde
2324 4650 2616 4705 corporum
2662 4634 2945 4689 custodes.
2976 4631 3096 4689 Non
3146 4635 3299 4689 enim
3355 4634 3671 4688 communia

2080 4737 2242 4785 erant
2267 4741 2493 4797 corpora
2529 4726 2595 4780 ad
2636 4725 2872 4780 ferarum
2902 4740 3083 4780 escam
3130 4724 3538 4785 convenientia,
3575 4722 3670 4777 sed

2084 4824 2199 4878 haec
2216 4821 2425 4890 abiecta
2446 4820 2617 4875 electa
2643 4827 2799 4873 erant
2820 4819 2884 4873 ad
2918 4818 3020 4872 hoc
3041 4816 3305 4873 ofﬁcium.
3340 4817 3496 4883 Quod
3522 4822 3669 4873 inul-

2081 4913 2413 4984 tampraabet
2435 4911 2795 4965 dill‘erentiam
2817 4910 2986 4964 abhis
3016 4924 3135 4979 qua:
3156 4910 3317 4965 solito
3347 4911 3668 4969 audiuntur.

2082 5005 2287 5075 Nempe
2316 5004 2460 5075 quod
2492 5005 2743 5072 quaedam
2769 5017 3003 5070 corpora
3035 5016 3159 5056 cum
3185 5001 3270 5056 bis
3293 5001 3482 5057 electis
3504 5003 3671 5062 simnl

2080 5099 2351 5169 projecta,
2398 5096 2504 5150 alia
2550 5095 2770 5165 quidem
2819 5095 3030 5165 integra
3090 5103 3306 5150 servata
3351 5103 3519 5164 sunt,
3566 5098 3672 5151 alia

2079 5205 2211 5246 vero
2265 5188 2606 5245 comminuta
2656 5197 2805 5243 sunt.
2868 5186 3091 5263 Sanctis
3148 5198 3331 5242 autem
3378 5188 3505 5244 aliis
3547 5190 3673 5260 igne

2084 5280 2311 5344 exustis,
2329 5279 2471 5334 cinis
2490 5287 2549 5332 ut
2573 5279 2663 5333 lux
2692 5278 3011 5348 splendebat
3032 5277 3117 5333 his
3143 5278 3380 5347 quicum
3401 5278 3671 5335 ﬁdelium:
3740 5269 3750 5279 ’

2085 5371 2433 5441 colligebant.
2455 5367 2681 5424 Caeteris
2705 5369 2759 5423 in
2786 5367 2956 5423 frusta
2976 5368 3249 5432 dissectis,
3268 5384 3393 5424 ossa
3418 5378 3473 5424 ut
3503 5385 3670 5424 exosa

2089 5462 2388 5518 tortoribus
2420 5461 2474 5515 in
2514 5458 2711 5515 ﬂuvios
2737 5457 3006 5529 projecta,
3032 5474 3139 5513 non
3172 5458 3407 5514 naturali
3430 5460 3671 5529 pondere

2083 5555 2149 5609 ad
2186 5552 2446 5609 inferiora
2474 5550 2656 5623 abyssi
2686 5550 3028 5615 labebantur,
3066 5549 3159 5605 scd
3190 5550 3460 5619 superiori
3498 5567 3668 5620 aqua-

2092 5662 2213 5706 rum
2280 5646 2418 5702 facie
2484 5645 2698 5702 suberis
2759 5644 2930 5701 instar
2996 5643 3338 5712 innatantia,
3390 5653 3449 5698 ut
3500 5644 3669 5701 stellae
