3978 6630
223 445 312 510 857

1238 429 1606 490 LIBELLUS
1637 430 1735 488 AD
1764 428 2152 490 NICOLAUM
2182 431 2209 489 Ι
2250 431 2515 492 ΡΛΡᾸΜ.

3347 435 3459 499 8ἷ8

220 563 313 621 τοῖς
340 553 422 609 τοῦ
455 550 762 621 Πνεύματος
795 550 973 620 λόγοις
1027 549 1125 601 οὐκ
1168 548 1489 616 ἐπαυόμην·
1540 545 1762 597 ὰντετυ-

1874 547 2047 615 gladio
2079 546 2324 613 Spiritus,
2353 562 2447 601 seu
2486 546 2653 601 verbo
2691 546 2782 601 Dei
2815 546 3134 604 everberare
3160 564 3281 604 non
3307 553 3459 605 desi-

221 650 413 716 πτόμην
431 644 481 695 δὲ
512 643 629 703 ταῖς
652 641 902 702 ἀπειλαῖς
932 638 1029 693 καὶ
1053 637 1394 697 ἐπιϐουλαῖς.

289 736 341 791 'll
374 735 424 788 δὲ
455 732 617 794 αἰτία,
647 734 727 785 ὅτι
757 732 986 802 ήλεγχον
1021 730 1206 784 τοῦτον
1237 728 1326 781 διὰ
1354 727 1454 797 τὴν
1491 726 1762 796 Ἡρωδια-

219 827 307 898 κὴν
330 821 724 895 χαμαιτυπίανο
789 820 880 873 καὶ
939 820 1012 888 μὴ
1045 817 1371 886 πειθόμενον
1406 816 1511 888 ἔξω
1562 817 1768 884 ἐθέμην

216 920 303 987 τῆς
327 911 656 980 Ἐκκλησίας.
688 912 811 963 Ἐπὶ
830 909 1038 972 τούτοις
1063 911 1089 962 6
1108 908 1325 978 κρατῶν
1352 908 1481 959 ποτε
1507 907 1603 975 μὲν
1620 906 1772 959 ἐδυσ-

217 1013 338 1063 ώπει
371 1024 453 1077 με,
485 1005 608 1057 ποτὲ
636 1004 680 1057 δ’
711 1003 924 1073 ἠπείλει
956 1002 1022 1054 τὰ
1049 1001 1220 1065 δεινὰ,
1275 1001 1322 1051 εἰ
1375 999 1448 1070 μὴ
1490 999 1769 1067 πεισθείην

215 1099 440 1167 δέξασθαι
486 1098 574 1149 τόν
610 1097 754 1149 θεῖον
790 1093 979 1148 αὑτοῦ.
1042 1094 1128 1155 Ὠς
1181 1094 1235 1145 δὲ
1267 1095 1440 1161 τούτῳ
1472 1092 1717 1153 πεισθεὶς
1741 1092 1770 1144 6

217 1192 411 1260 κρατῶν
452 1188 720 1258 ἠϐουλήθη
755 1191 853 1256 τήν
886 1202 945 1237 τε
1008 1184 1221 1255 μητέρα
1274 1183 1370 1236 καὶ
1404 1184 1500 1244 τας
1536 1182 1769 1250 ἀδελφὰς

216 1281 567 1351 ἐξοστρακίσαι
598 1280 707 1332 τῶν
738 1278 1048 1347 βασιλείων,
1082 1275 1429 1345 ὲγκελεύεταί
1463 1291 1552 1343 μοι
1588 1279 1768 1347 κεῖραι

214 1374 380 1436 αὑτάς.
424 1369 558 1437 Ἐγὼ
580 1371 623 1423 δ’
647 1371 746 1422 οὐκ
780 1370 1098 1439 ἐπειθόμην,
1136 1368 1227 1421 διὰ
1264 1368 1324 1420 τὸ
1355 1367 1463 1419 τῶν
1493 1367 1767 1434 γυναικῶν

214 1466 325 1535 περὶ
358 1463 449 1534 τὴν
473 1462 674 1533 κουρὰν
707 1462 983 1516 ἀκούσιον.
1041 1462 1139 1513 Διὰ
1164 1460 1336 1512 ταῦτα
1364 1459 1495 1527 γοῦν
1547 1460 1639 1512 καὶ
1669 1459 1767 1527 τῆς

224 1555 522 1624 Ἐκκληαίας
564 1553 876 1625 ἀπηλάθην,
937 1549 1058 1607 εἶτα
1126 1553 1218 1606 καὶ
1280 1551 1615 1621 ὲτυπτήθην,
1670 1552 1766 1604 καὶ

212 1646 505 1716 ἐξωρίσθην,
534 1648 629 1699 καὶ
657 1647 896 1717 δέδεμαι,
926 1647 1020 1700 καὶ
1046 1645 1371 1714 κέκλεισμαι
1400 1642 1506 1710 πρὸ
1532 1643 1630 1711 τῆς
1657 1641 1767 1694 τῶν

210 1740 315 1792 καθ’
334 1739 468 1808 ὑμᾶς
488 1738 692 1809 κριτῶν
720 1739 996 1810 ὲνδημίας.
1029 1740 1135 1792 Καὶ
1164 1739 1212 1789 οἰ
1237 1739 1333 1790 σὺν
1364 1737 1488 1805 ἐμοὶ
1509 1735 1564 1788 δὲ
1589 1736 1768 1789 ταυτα

208 1829 528 1882 πεπόνθασιν.
563 1832 632 1883 Al
681 1831 736 1884 δὲ
767 1833 896 1901 παρ’
935 1831 1091 1899 ἡμῶν
1118 1828 1356 1882 δοθεῖσαι
1390 1830 1502 1890 τοῖς
1532 1829 1758 1881 ἐπισκό-

1873 639 2101 703 neham;
2135 641 2225 707 qui
2257 648 2448 693 contra
2472 654 2558 694 me
2592 640 2758 695 minis
2791 641 3117 712 insidiisque
3144 645 3457 713 appetebat.

1941 732 2337 799 Argumentum
2365 743 2418 787 et
2452 748 2621 787 causa
2649 734 3092 801 reprehensionis
3124 747 3242 791 eral.
3277 736 3451 791 Hero-

1872 820 2091 874 dianum
2134 822 2185 875 in
2224 820 2393 875 Barda
2436 822 2747 891 exemplum
2776 833 2825 878 et
2868 825 3128 879 incestus.
3157 827 3290 880 Eum
3323 843 3459 881 cond

1873 920 2164 977 tumacem,
2195 929 2369 981 neque
2416 914 2826 983 resipiscentem
2881 915 2950 969 ab
2987 916 3225 971 ecclesia
3265 917 3459 985 rejeci-

1871 1001 2077 1056 Deinde
2101 1004 2398 1071 imperator
2429 1006 2544 1074 ipse
2590 1006 2753 1060 modo
2784 1022 2880 1075 pro
2911 1007 3003 1060 illo
3035 1008 3449 1077 deprecabatur,

1873 1090 2034 1144 modo
2062 1092 2322 1147 atrociter
2373 1094 2702 1158 minabatur,
2738 1096 2841 1149 nisi
2886 1097 3212 1151 avunculum
3249 1097 3299 1149 in
3329 1112 3455 1167 gra-

1874 1181 2001 1234 tiam
2048 1183 2367 1250 reciperem.
2402 1183 2696 1252 Postquam
2741 1200 2869 1239 vero
2918 1187 3183 1254 impulsus
3213 1202 3243 1240 a
3278 1185 3452 1240 [larda

1872 1270 2061 1324 statuit
2091 1280 2322 1327 matrem
2356 1289 2481 1327 cum
2510 1274 2795 1329 sororibus
2824 1291 2854 1327 a
2884 1275 3078 1343 palatio
3104 1276 3449 1342 submovere,

1872 1364 2124 1432 praecepit
2159 1364 2291 1417 mihi
2325 1374 2381 1418 ut
2414 1364 2533 1420 illas
2574 1368 2935 1432 attenderem,
2967 1384 3104 1437 quas
3134 1384 3233 1439 ego
3257 1369 3469 1424 invitas.

1873 1454 2175 1509 tondendas
2222 1472 2330 1510 non
2385 1458 2716 1513 existimavi.
2758 1461 2869 1515 llas
2909 1476 3039 1529 ergo
3087 1461 3157 1514 ob
3197 1477 3391 1518 causas
3422 1478 3453 1516 a

1871 1547 2066 1602 throno
2095 1552 2417 1605 deturbatus
2454 1568 2597 1615 sum,
2633 1562 2687 1606 et
2730 1553 2977 1621 pulsatus
3003 1563 3167 1624 atque
3196 1555 3450 1609 elimina-

1874 1649 1982 1706 tus,
2013 1651 2067 1696 et
2091 1642 2144 1695 in
2177 1644 2427 1697 custodia
2465 1644 2831 1712 vinculisque,
2864 1661 2987 1699 cum
3018 1647 3085 1701 iis
3118 1648 3213 1715 qui
3238 1663 3454 1701 mecum

1872 1729 2023 1785 fuere
2082 1744 2498 1802 senseruutque,
2547 1737 2734 1788 eadem
2784 1736 2979 1804 passis,
3026 1736 3278 1792 detentus
3327 1747 3456 1792 ante

1867 1822 2111 1891 judicum
2159 1834 2469 1879 vestrorum
2520 1825 2837 1881 adventum.
2873 1830 3008 1882 Cum
3039 1836 3217 1883 autem
3254 1830 3320 1882 ad
3356 1845 3459 1884 vos

208 1938 316 1983 ποις
356 1920 619 1992 ἔγγραφοι
674 1899 911 1987 πίστεις,
967 1923 1137 1992 ἢγουν
1194 1921 1497 1984 ἐπιστολαὶ,
1557 1921 1647 1974 διὰ
1670 1920 1763 1975 τοῦ

1874 1917 2097 1983 litteras,
2134 1918 2333 1987 quibus
2387 1918 2673 1989 episcopos
2719 1930 2920 1974 statum
2965 1936 3146 1975 rerum
3204 1922 3455 1975 omnium

207 2013 553 2083 πρεσϐυτέρου
588 2016 920 2083 Δαυρεντίου
954 2015 1049 2067 καὶ
1084 2014 1195 2067 τῶν
1219 2013 1314 2067 δύο
1340 2012 1651 2083 Στεφάνων,
1669 2012 1767 2065 τοῦ

204 2119 255 2157 τε
283 2103 619 2158 ὑποδιακόνου
659 2108 753 2159 καὶ
784 2104 879 2158 τοῦ
932 2105 1144 2169 latim»),
1194 2105 1287 2168 οὒς
1313 2105 1407 2157 καὶ
1436 2104 1762 2176 ἐνωρκώσα-

207 2212 316 2264 μεν,
344 2198 458 2258 ταῖς
483 2199 641 2267 χερσὶ
676 2199 775 2267 τῆς
815 2199 911 2267 σῆς
952 2199 1238 2269 ἁγιότητος
1276 2197 1445 2259 αὑτὰς
1495 2196 1763 2269 ἅποδοθῆσ

204 2303 296 2350 ναι,
319 2288 586 2356 ἄπρακτοι
619 2290 1018 2358 μεμενήκασιν.

273 2376 351 2439 Ὠς
372 2377 425 2430 δὲ
450 2379 799 2446 παραστῆναι
831 2377 1201 2448 ἐκελευόμεθα
1226 2390 1303 2439 εις
1328 2379 1388 2430 τὸ
1418 2380 1764 2449 Καῖαφαῖκδν

203 2468 356 2521 ἐκεῖνο
379 2472 683 2540 κριτήριον,
713 2472 1027 2542 ἐκράξαμεν
1052 2474 1144 2524 ἐπὶ
1170 2474 1270 2539 τῆς
1300 2474 1455 2543 ὑμῶν
1479 2476 1765 2544 ἁγιότητος

202 2557 612 2628 προκαλούμενοι
640 2561 916 2631 κριθῆναι.
975 2562 1113 2614 Ἀλλ’
1145 2563 1318 2626 οὐδεὶς
1350 2559 1416 2633 ἦν
1449 2565 1477 2615 6
1524 2564 1759 2618 ἁκούων.

202 2649 337 2702 Μετὰ
355 2649 507 2703 τοῦτο
532 2652 864 2724 μετάκλητοι
887 2653 1049 2707 πάλιν
1070 2654 1348 2725 γενόμενοι
1370 2656 1629 2726 ηρωτὴσα
1639 2673 1761 2727 μεν’

203 2741 310 2804 Πῶς
334 2742 580 2796 κελεύετε
606 2747 776 2815 ἡμᾶς,
808 2763 851 2798 ω
874 2746 1136 2817 Πατέρες,
1174 2749 1306 2818 πρὸς
1339 2749 1482 2817 ὑμᾶς
1520 2765 1763 2819 παραγε-

202 2830 398 2898 victim;
427 2834 499 2896 ὡς
533 2836 809 2906 μοναχοὺς
833 2837 928 2890 καὶ
958 2837 1305 2904 καταδίκους,
1338 2840 1368 2908 ἢ
1399 2840 1473 2902 ὡς
1501 2840 1760 2910 κριθησο-

203 2924 411 2991 μένους;
446 2927 552 2980 Καὶ
617 2927 971 2997 ὰντὲπεμψαν
1002 2931 1155 3000 ἡμῖν,
1208 2932 1291 2983 ὅτι
1334 2930 1420 2993 Ὠς
1450 2931 1569 2983 ἐστὲ
1602 2929 1762 2995 ἄξιοι.

209 3012 562 3089 Ἐφορέσαμεν
622 3018 714 3073 οὖν
764 3019 860 3082 τὰς
893 3021 1170 3089 ἱερατικὰς
1219 3021 1432 3087 στολὰς,
1470 3023 1564 3074 καὶ
1596 3021 1766 3085 οὕτως

202 3106 493 3178 ἐχωροῦμεν
522 3110 664 3179 πρὸς
698 3110 758 3163 τὸ
785 3111 1082 3183 συνέδριον,
1138 3114 1169 3183 ἦ
1211 3114 1412 3183 μᾶλλον
1466 3114 1640 3166 εἰπεῖν
1670 3115 1765 3184 λῃ-

201 3198 416 3269 στήριον.
467 3203 583 3254 Καὶ⁵
616 3202 688 3265 ὡς
736 3204 963 3275 πλησίον
992 3206 1295 3275 γεγόναμεν
1316 3246 1330 3271 ,
1366 3206 1588 3276 πεμψας
1625 3208 1650 3258 6
1672 3206 1766 3259 τύ-

203 3304 375 3358 ραννος
395 3292 485 3345 ἐπὶ
524 3295 631 3364 τῆς
660 3294 957 3366 λεωφόρου,
991 3297 1088 3366 τὴν
1120 3296 1272 3366 ἱερὰν
1304 3296 1527 3349 ἁποδύει
1552 3296 1765 3366 στολήν.

198 3378 315 3438 Εἶτα
336 3384 409 3449 ὡς
446 3386 603 3441 ἔνδον
627 3388 720 3441 τοῦ
744 3389 846 3443 νεὼ
872 3388 1308 3459 συνωθίσθημεν,
1349 3388 1769 3442 ἀποστέλλονται

203 3479 322 3549 πρὸς
340 3483 484 3551 ἡμᾶς
506 3484 557 3536 οἱ
594 3484 996 3555 προῤῥηθέντες
1014 3485 1162 3554 τρεῖς
1191 3484 1299 3535 τῶν
1331 3482 1535 3552 κριτῶν
1562 3482 1768 3551 ὑπηρέ-

200 3585 299 3636 ται,
331 3573 357 3626 ὅ
388 3591 444 3626 τε
468 3575 809 3645 Λαυρέντιος
844 3577 938 3628 καὶ
972 3577 1021 3629 οἱ
1048 3575 1143 3628 δύο
1177 3575 1458 3642 Στέφανοι,
1502 3576 1594 3626 καὶ
1618 3569 1773 3626 εἶπον

198 3665 320 3730 πρὸς
352 3681 417 3734 με
441 3681 455 3695 ⁸
493 3666 560 3718 Τί
602 3667 684 3719 ὅτι
718 3667 1167 3738 κατεγνωσμένος
1220 3666 1312 3719 ἐπὶ
1356 3666 1649 3728 τοσαύταις
1683 3666 1771 3719 αξ-

193 3752 324 3815 τίαις
354 3756 446 3809 καὶ
473 3757 888 3827 καθῃρημένος,
941 3758 1039 3828 τὴν
1086 3756 1238 3827 ἱερὰν
1282 3756 1586 3828 ἐτόλμησας
1616 3772 1771 3826 περι-

196 3841 436 3900 ϐαλέσθαι
473 3849 714 3918 στολήνς
781 3848 1227 3912 Ἀποσπάςαντες
1280 3847 1373 3901 οὖν
1423 3865 1488 3919 με
1543 3848 1648 3900 τῶν
1676 3848 1771 3901 σὺν

196 3934 309 4003 ἐμοὶ
359 3937 473 4010 βίᾳ,
508 3941 678 4010 μόνον
710 3938 788 4010 τῷ
834 3940 1125 4011 κρατοῦντι
1175 3944 1567 4012 ’παρέστησαν⁸
1627 3939 1771 3992 καὶὸ

195 4029 396 4093 κρατῶν
430 4030 602 4094 εὐθὺς
625 4029 813 4101 ὕϐρεσι
842 4031 1028 4084 πλύνει
1056 4049 1145 4102 με.
1183 4030 1348 4100 Ἑμοῦ
1382 4030 1437 4083 δὲ
1466 4028 1771 4100 φιλανθρω-

194 4119 418 4189 ποτέρας
445 4122 549 4186 τὰς
616 4122 801 4193 ὕϐρεις
835 4124 942 4176 τῶν
972 4123 1219 4193 βασάνων
1273 4122 1538 4185 εἰπόντος,
1578 4120 1771 4190 μικρὶν

196 4212 493 4266 κατέπαυσε
522 4215 624 4267 τὸν
661 4213 851 4284 θυμόν,
871 4215 966 4268 καὶ
994 4217 1074 4279 εἰς
1101 4214 1472 4282 ξυλόσκαμνον
1504 4210 1771 4281 καθεσθῆ-

195 4298 274 4351 ναί
306 4318 371 4370 με
399 4304 699 4357 ἐκέλευσε·
753 4304 845 4357 καὶ
896 4305 1145 4373 διαλόγου
1211 4305 1412 4374 μεταξὺ
1463 4302 1768 4373 γεγονότος,

205 4387 531 4447 Ῥαδίουλδον
587 4393 999 4467 [Ῥαδούαλδον]
1053 4396 1145 4448 καὶ
1211 4395 1483 4465 Ζαχαρίαν
1546 4394 1771 4464 ἐζήτουν

194 4483 636 4554 προσαγορεῦσαι
677 4486 804 4547 τοὺς
850 4484 1250 4555 τοποτηρητάς.
1308 4486 1418 4536 Καὶ
1467 4484 1771 4546 ὲνδοθέντος

1866 2009 2225 2074 docebamus,
2266 2025 2361 2077 per
2391 2009 2746 2064 Laurentium
2794 2012 3173 2081 presbyterum
3211 2020 3265 2065 et
3314 2013 3454 2067 duos

1869 2098 2175 2170 Stephanos
2209 2101 2552 2157 dedissemus
2593 2102 2847 2172 (quorum
2879 2105 3016 2157 alter
3047 2103 3441 2168 subdiaconus,

1865 2192 1998 2248 alter
2018 2192 2228 2262 laicus).
2253 2192 2371 2247 illos
2387 2194 2548 2247 ctiam
2579 2207 2921 2248 sacramento
2940 2194 3238 2264 adegimus,
3261 2196 3337 2248 uti
3357 2210 3453 2249 eas

1865 2280 1965 2351 ipsi
1997 2297 2161 2335 manu
2188 2296 2283 2336 sua
2307 2291 2410 2335 tute
2427 2284 2700 2337 sanctitati
2724 2284 3085 2353 porriget-ent,
3116 2284 3249 2337 nihil
3270 2300 3448 2353 egere.

1932 2371 2042 2427 Nos
2092 2388 2220 2427 vero
2270 2382 2329 2428 ut
2375 2374 2512 2442 jussi
2557 2390 2745 2428 sumus
2790 2376 2856 2429 ad
2899 2376 3135 2429 tribunal
3168 2374 3451 2445 Caiphauo

1866 2478 1974 2516 non
2023 2462 2274 2517 absimile
2320 2478 2662 2532 comparer-0,
2692 2463 2759 2517 ad
2803 2464 3112 2518 sanctitatis
3141 2472 3331 2518 vestrae
3361 2462 3451 2533 ju-

1864 2553 2065 2608 dicium
2097 2568 2293 2623 magno
2324 2554 2560 2608 clamore
2593 2555 3036 2623 provocavimus.
3070 2554 3175 2608 Sed
3208 2567 3459 2613 nouerat

1863 2642 1958 2713 qui
1993 2657 2092 2696 nos
2136 2643 2369 2697 audiret.
2394 2643 2593 2697 Deinde
2629 2660 2846 2698 rursum
2896 2645 3047 2698 citati
3094 2644 3448 2712 rogavimus:

1864 2731 2148 2798 Quomodo
2179 2749 2296 2797 nos,
2326 2748 2358 2787 o
2388 2733 2598 2798 Patres,
2631 2733 2833 2802 junctis
2878 2734 3228 2803 comparere?
3251 2742 3308 2787 ut
3338 2749 3453 2787 mo-

1866 2827 2069 2879 nachos
2095 2835 2146 2879 et
2171 2827 2479 2891 damnatos,
2516 2841 2582 2879 an
2609 2835 2667 2879 ut
2696 2824 3070 2893 judicaudos?
3107 2824 3211 2891 Qui
3250 2840 3454 2880 renuu-

1866 2918 2073 2972 tiarunt
2102 2934 2113 2971 :
2147 2916 2377 2971 Perinde
2402 2928 2461 2971 ut
2487 2919 2629 2989 digni
2664 2920 2820 2974 estis.
2854 2917 3021 2973 Sacro
3051 2918 3221 2986 igitur
3251 2929 3450 2973 ornatu

1866 3008 2039 3064 induti
2069 3010 2133 3063 ad
2168 3011 2483 3075 concilium,
2519 3012 2626 3064 imo
2665 3012 3038 3074 latrocinium,
3065 3011 3402 3079 perreximus
3431 3027 3448 3066 :

1866 3118 2101 3171 cumque
2146 3102 2256 3172 jam
2319 3118 2484 3172 prepe
2522 3103 2867 3168 abessemus,
2901 3104 3156 3158 submisit
3188 3115 3450 3175 tyrannus

1872 3194 1924 3246 in
1958 3194 2227 3263 publicam
2252 3194 2419 3257 viain,
2449 3194 2539 3264 qui
2570 3195 2740 3249 sacris
2774 3210 2873 3250 nos
2900 3195 3138 3249 vestibus
3166 3208 3446 3251 exuerent.

2454 3244 2539 3264 τ-
2774 3244 2870 3250 -_--
2912 3244 3134 3249 .--πη
3172 3244 3446 3251 ---ηψπ

1798 3244 1838 3300 c
1873 3279 2117 3352 Cumque
2158 3283 2271 3351 jam
2320 3284 2386 3337 ad
2436 3284 2694 3353 templum
2736 3284 2974 3353 protrusi
3020 3301 3299 3351 essemus,
3340 3295 3450 3342 tres

1874 3374 2113 3445 przedicti
2142 3375 2387 3445 judicum
2422 3376 2679 3443 viatores,
2710 3376 3039 3433 Laurentius
3069 3388 3121 3431 ct
3153 3383 3260 3432 duo
3289 3380 3447 3435 Sthe-

1874 3464 2036 3531 phani
2070 3465 2138 3518 ad
2171 3481 2268 3519 nos
2301 3467 2608 3530 mittuntur,
2648 3468 2737 3537 qtti
2792 3468 2857 3521 ad
2909 3485 2995 3523 tne
3025 3487 3038 3523 :
3077 3470 3214 3536 Quid
3246 3482 3323 3537 tu,
3365 3472 3450 3526 in-

1873 3556 2089 3625 quiunt,
2126 3566 2203 3611 tot
2238 3558 2307 3611 ob
2336 3558 2566 3612 crimina
2597 3560 2887 3614 damnatus
2928 3572 3449 3634 exauctoratusquc,

1873 3662 2083 3702 Sacram
2121 3662 2297 3703 tamen
2346 3652 2539 3705 stolam
2589 3665 2758 3705 ausus
2796 3668 2854 3706 es
2886 3651 3151 3708 induere?
3190 3653 3331 3724 Ergo
3365 3672 3451 3711 me

1867 3756 1965 3841 per
2015 3740 2119 3793 vizu
2171 3756 2199 3794 a
2242 3742 2375 3796 meis
2424 3742 2669 3795 avulsum
2708 3744 2894 3797 ‘solum
2946 3745 3012 3798 ad
3069 3746 3449 3816 imperatorem

1873 3831 2094 3894 Sist‘unt,
2133 3833 2227 3903 qui
2272 3848 2357 3887 Ine
2421 3835 2767 3889 contumeliis
2801 3839 3073 3906 extemplo
3108 3849 3317 3895 onerat.
3346 3839 3452 3894 Re~

1874 3922 2170 3992 spondente
2212 3940 2378 3993 porro
2415 3941 2533 3990 me,
2568 3927 2811 3979 convicia
2868 3929 3027 3995 paulo
3072 3930 3287 3983 mitiora
3331 3948 3451 3987 esse

1873 4016 2176 4081 tormentis,
2226 4017 2501 4085 paululum
2549 4019 2809 4087 repressit
2865 4019 3137 4084 furerent,
3177 4021 3449 4092 jussitquc

1874 4108 1925 4160 in
1958 4108 2133 4177 ligneo
2163 4124 2386 4162 scamno
2415 4127 2496 4164 me
2528 4112 2732 4165 sedere.
2758 4111 2971 4164 Interim
3017 4128 3138 4165 cum
3172 4114 3332 4167 verba
3365 4115 3450 4167 ul-

1875 4207 1959 4251 tro
1992 4200 2238 4268 citroque
2274 4202 2462 4255 tierent
2496 4242 2509 4265 ,
2550 4200 2734 4271 rogavi
2768 4212 2824 4256 ut
2860 4201 3236 4258 lllmdoaldum
3269 4215 3321 4259 et
3355 4205 3451 4258 Za-

1874 4289 2117 4343 chariam
2150 4292 2351 4361 legatos
2379 4302 2501 4345 tuos
2529 4293 2718 4347 liceret
2746 4294 2876 4346 mihi
2901 4295 3163 4360 salutare,
3196 4286 3451 4367 factuque

1874 4392 2138 4450 potestate
2185 4399 2279 4438 eos
2325 4386 2697 4453 consalutavi,
2742 4398 2905 4457 atque
2957 4388 3312 4457 interrogavi,
3357 4393 3447 4459 qui

1875 4476 2145 4531 adessent.
2199 4476 2415 4550 Legati,
2472 4479 2757 4547 inquiunt,
2811 4496 2999 4536 sumus
3056 4479 3259 4536 Nicolai
3298 4499 3452 4553 papa}

196 4587 298 4639 μοι,
329 4571 766 4645 προσηγόρευσα
789 4591 803 4607 ·
855 4574 945 4637 οὓς
973 4575 1068 4628 καὶ
1106 4564 1317 4644 ἠρόμην
1350 4573 1447 4644 τὴν
1482 4573 1768 4644 ἐπιδημίας

1880 4569 2146 4633 Romani,
2198 4586 2377 4625 causa:
2436 4581 2541 4625 tuae
2599 4573 2994 4644 cognoscendae
3042 4574 3212 4643 gratia
3272 4575 3446 4630 missi.

192 4663 281 4733 τῆς
315 4666 466 4734 σφῶν
488 4666 698 4719 αἰτίαν.
737 4667 799 4718 Οἱ
831 4666 885 4719 δὲ
939 4662 1122 4719 εἷπονο
1166 4666 1548 4737 Τοποτηρηταί
1606 4668 1772 4737 ἐσμεν

192 4754 452 4811 Νικολάου
484 4761 652 4813 πὰπα
690 4758 928 4829 Ῥώμης,
950 4760 1044 4812 καὶ
1073 4759 1463 4828 ἀπεστάλημεν
1495 4761 1677 4829 κρῖναι
1706 4760 1773 4813 τὰ

192 4848 323 4902 κατὰ
356 4850 436 4904 σέ.
478 4851 658 4905 Πάλιν
689 4851 923 4920 ἠρόμην,
969 4852 1016 4903 εἰ
1045 4852 1277 4920 γράμμα
1323 4866 1411 4919 μοι
1442 4850 1771 4918 κεκομίκασι

190 4939 282 5008 τῆς
314 4942 638 5012 ἁγιωσύνης
693 4959 807 4997 σου.
857 4944 918 4995 Οἱ
949 4942 1007 4995 δὲ
1054 4938 1230 5008 εἷπον,
1274 4942 1347 5012 μὴ
1388 4941 1552 5011 ἔχειν,
1601 4942 1687 4993 διὰ
1717 4944 1774 4992 τ’,

192 5032 322 5100 μηδὲ
356 5033 500 5102 πρὸς
533 5035 884 5104 πατριάρχην
910 5032 1182 5105 ἔρχεσθαι,
1225 5033 1361 5086 ἀλλὰ
1391 5034 1526 5103 πρὸς
1551 5033 1639 5084 τὸν
1673 5032 1776 5083 ὑπο

190 5120 282 5191 τῆς
335 5124 553 5187 οἰκείας
611 5124 827 5176 συνόδου
885 5124 1299 5195 καθαιρεθέντα,
1354 5124 1470 5188 καὶ,
1528 5120 1773 5187 Ἒτοιμοί

190 5211 349 5283 ἐσμεν
383 5215 456 5268 τὰ
519 5215 669 5268 κατὰ
702 5216 930 5279 κανόνας
981 5216 1351 5286 πράττειν.--
1375 5212 1604 5275 Οὐκοῦν,
1638 5212 1774 5281 ἕιρην

189 5305 316 5371 ἐγὼ,
357 5308 633 5377 πρότερον
664 5309 727 5359 ὲκ
761 5308 927 5379 μέσου
957 5308 1047 5359 τὸν
1082 5306 1269 5376 μοιχὸν
1301 5305 1563 5375 ποιήσατε
1589 5320 1602 5332 ⁸
1636 5306 1683 5356 εἰ
1718 5303 1773 5356 δὲ

190 5396 264 5465 μὴ
318 5399 483 5451 τοῦτο
538 5398 789 5463 δύνασθε,
845 5399 965 5452 οὐδὲ
1019 5396 1201 5467 κριταί
1235 5398 1376 5449 ἐστε.
1441 5396 1666 5448 Ἐκεῖνοι
1718 5396 1774 5448 δὲ

186 5480 499 5560 ἀντέςηααν
532 5489 728 5555 πάλιν,
756 5489 1022 5554 δείξαντες,
1056 5492 1122 5560 τῇ
1154 5489 1297 5559 χειρὶ
1327 5488 1417 5542 τὸν
1446 5486 1770 5559 κρατοῦνταο

188 5557 342 5630 ὀῦτω
375 5557 525 5632 θέλει
556 5582 786 5644 ἐκεῖνος.
836 5581 957 5633 Ἐπὶ
1006 5557 1211 5644 τούτοις
1244 5557 1389 5648 πρὸς
1430 5557 1773 5649 παράκλησιν

189 5672 495 5736 μετέπεσον
550 5673 606 5725 οἱ
651 5674 779 5744 περὶ
827 5674 1195 5745 τὸνβασιλέα,
1246 5674 1339 5726 καὶ
1388 5673 1485 5744 τὴν
1513 5673 1774 5737 ἅπόταξιν

189 5756 429 5831 ἐξῄτουν,
470 5763 613 5815 ποτε
646 5764 743 5832 μὲν
774 5764 1187 5834 παραινοῦντες,
1228 5764 1357 5816 ποτὲ
1403 5764 1458 5816 δὲ
1489 5763 1582 5815 καὶ
1613 5766 1774 5817 ἀπει-

188 5848 399 5917 λοῦντες
425 5871 437 5883 ·
472 5853 595 5908 ἀλλ’
622 5855 717 5908 οὐκ
748 5854 961 5909 ἔπειθόν
996 5873 1083 5919 με.
1124 5855 1213 5908 Διὸ
1232 5856 1323 5908 καὶ
1351 5854 1484 5925 πρὸς
1516 5857 1638 5918 τοὺς
1667 5872 1771 5926 μη-

1878 4660 2146 4727 Quzerenti
2186 4677 2438 4728 rursum,
2484 4678 2550 4716 au
2593 4678 2619 4716 a
2655 4665 2940 4719 sanctitate
2988 4673 3077 4719 tua
3123 4666 3332 4721 litteras
3380 4669 3448 4721 ad

1877 4770 1961 4807 me
2000 4754 2280 4820 haberent,
2334 4755 2751 4824 responderunt,
2815 4757 2992 4811 nullas
3024 4773 3085 4811 se
3119 4758 3351 4824 habere;
3384 4776 3463 4814 eo

1874 4848 2037 4915 quod,
2076 4846 2322 4911 aiebant,
2376 4864 2482 4901 non
2531 4848 2595 4901 ad
2646 4848 3033 4917 patt'iarcham,
3080 4851 3172 4905 sed
3215 4851 3281 4904 ad
3325 4867 3461 4905 eum-

1873 4942 1964 5009 qui
1991 4940 2039 4992 iu
2069 4938 2383 5009 provinciali
2416 4940 2648 4993 concilio
2699 4956 2801 4995 suo
2840 4941 3128 4995 damnatus
3157 4952 3321 5007 esset,
3354 4959 3446 4998 ve-

1876 5030 2139 5093 niremus,
2186 5031 2360 5099 parati
2406 5031 2587 5084 omnia
2634 5045 2699 5085 ex
2740 5048 3008 5085 canonqu
3052 5034 3282 5088 decretis
3317 5034 3450 5087 deli-
3505 5047 3509 5051 ”

1875 5120 2011 5175 nire.
2060 5119 2222 5191 Ergo,
2270 5122 2513 5190 inquam,
2570 5122 2720 5191 prius
2768 5123 3073 5178 adulterum
3125 5134 3443 5181 removete:

1870 5212 2019 5280 quod
2049 5214 2091 5264 si
2117 5212 2291 5265 facere
2324 5229 2428 5265 non
2468 5214 2716 5282 powstis,
2752 5231 2820 5268 ne
2860 5216 3071 5282 judices
3128 5216 3345 5285 quidem
3384 5232 3452 5271 e-

1876 5305 1996 5357 stis.
2025 5302 2125 5369 Qui
2168 5320 2331 5357 manu
2382 5305 2764 5375 imperatorem
2799 5308 3141 5361 indicantes:
3176 5307 3249 5361 Ita
3280 5309 3465 5381 iunpo--

1878 5408 1982 5459 rat,
2018 5398 2292 5465 inquiunt,
2330 5398 2437 5452 ille.
2471 5400 2673 5453 Deinde
2708 5401 2929 5469 palatini
2975 5401 3041 5453 ad
3081 5416 3165 5455 me
3201 5404 3465 5458 conversi.

1878 5488 2187 5551 hortantur,
2216 5489 2549 5558 exiguntque
2596 5506 2741 5544 nunc
2778 5491 3130 5555 consulendo,
3169 5508 3313 5546 nunc
3342 5493 3447 5545 xui-

1879 5580 2124 5643 nitendo,
2155 5581 2552 5636 abdicationem
2589 5601 2600 5635 :
2636 5585 2727 5637 sed
2768 5584 2991 5639 frustra.
3041 5583 3183 5651 Ergo
3214 5586 3277 5637 ad
3331 5602 3444 5642 me-

1880 5673 2235 5742 tr-Opolitanos
2262 5675 2427 5739 versi,
2454 5676 2591 5729 alios
2622 5676 2743 5730 aliis
2772 5676 3060 5729 ealntnniis
3100 5688 3154 5729 et
3181 5677 3447 5731 crimina-

1880 5765 2124 5819 tionibus
2144 5766 2504 5829 insectantur,
2521 5781 2619 5819 cur
2647 5767 2872 5829 scilicet,
2893 5766 3101 5836 quijanl
3122 5766 3447 5834 depositioni

1878 5874 2013 5913 mea:
2032 5860 2581 5931 nonjrcpugnassent,
2608 5876 2749 5914 nunc
2773 5860 2949 5915 denuo
2980 5877 3063 5914 me
3084 5861 3458 5931 patriarchaute
