3978 6646
523 426 636 490 859
1707 434 2095 498 TlIEOGNOE

2220 419 2569 495 MONACIII
3638 445 3718 508 ιιι

523 543 822 614 peterent?
858 543 1072 609 Quibus
1094 545 1460 616 metropolita‘.
1492 562 1508 602 :
1545 547 1791 617 Duobus,
1821 549 2095 620 inquiunt,

2213 545 2540 617 τροπολίτας
2575 547 2937 619 ἐτράπησαν,
2969 545 3162 609 ἄλλους
3208 545 3380 608 ἄλλως
3419 547 3721 625 διαϐάλλοντες

529 635 694 690 malis
721 635 1043 706 propositis,
1078 637 1157 691 ira
1195 653 1390 708 nempe
1422 640 1794 709 imperatoris,
1827 656 1892 696 ac
1919 641 2095 711 populi

2212 639 2306 692 καὶ
2341 638 2677 710 αἰτιώμενοι,
2703 640 2786 692 ὄτι
2817 639 2915 709 τὴν
2959 636 3223 702 ἁπόταξιν
3249 638 3348 709 τὴν
3378 639 3502 712 ἐμὴν
3523 644 3638 715 τάχα
3655 654 3721 703 αὖ.

528 724 817 790 seditione,
851 725 1036 780 minus
1056 727 1270 782 scilicet
1299 727 1588 797 elegimus.
1625 732 1696 785 At
1728 745 1849 796 vos,
1884 730 2086 800 palatin

2211 731 2294 782 τοι
2324 729 2540 800 ἔφερον,
2571 728 2668 783 καὶ
2697 729 2815 794 πῶς
2837 729 3000 782 πάλιν
3032 727 3258 797 ζητοῦσι
3291 746 3356 798 με
3396 734 3724 809 πατριάρχην;

531 831 811 887 proceres,
829 817 1038 872 reddite
1054 834 1200 873 nunc
1224 819 1550 889 patriarcha:
1574 831 1762 877 nostro
1791 823 2095 894 diguitaten

2213 824 2359 894 Πρὸς
2396 822 2489 886 οὓς
2520 822 2570 876 οί
2616 821 3013 893 μητροπολῖται
3048 823 3325 883 ἀντεῖπον,
3353 821 3433 875 ὅτι
3467 824 3560 877 Δύο
3582 832 3728 884 κακῶν

531 925 709 973 suam,
735 919 790 963 et
811 909 879 964 de
907 908 1067 964 nobis
1099 909 1233 962 nihil
1266 910 1534 966 laborate.
1567 912 1668 968 llic
1704 929 1927 969 rursum
1960 915 2095 985 regi:

2213 915 2615 984 προκειμένων,
2655 913 2749 967 τοῦ
2775 931 2837 968 τε
2875 911 3158 984 βασιλικοῦ
3190 911 3388 983 θυμοῦ,
3436 915 3521 967 καὶ
3547 918 3630 986 τῆς
3653 923 3724 975 τοῦ

532 1001 697 1056 [actio
726 1017 817 1056 me
841 1000 1089 1070 impellit,
1120 1001 1200 1056 uti
1231 1017 1353 1056 mea
1387 999 1582 1072 sponte
1620 1021 1705 1059 me
1730 1005 1907 1074 palam
1943 1007 2095 1074 patri!

2214 1005 2457 1076 πλήθους
2486 1003 2934 1068 ἐπαναστάσεως,
2983 1004 3044 1056 τὸ
3069 1003 3400 1072 κουφότερον
3425 991 3730 1080 ἐξελεξάμεθα

530 1093 757 1147 arrhatu
793 1093 1064 1158 abdicem,
1109 1103 1276 1162 atque
1306 1094 1381 1148 ita
1421 1110 1652 1150 securus
1682 1096 1898 1151 adulter
1925 1095 2084 1151 Eccle

2214 1099 2332 1148 τότε
2355 1115 2368 1127 ο
2403 1096 2516 1149 ἀλλ’
2571 1097 2750 1167 ὑμεῖς,
2778 1097 2828 1150 οἱ
2862 1098 2992 1168 περὶ
3019 1095 3112 1149 τὸν
3158 1095 3403 1165 βασιλέα,
3439 1097 3637 1154 ἀπόδοτε
3659 1103 3730 1157 τὸν

530 1185 666 1240 siam
699 1194 903 1239 teneat.
936 1184 1244 1241 Recitsaute
1271 1202 1526 1249 me,cum
1557 1189 1675 1244 dies
1698 1188 1946 1246 abiisset.
1976 1202 2095 1241 cun-

2217 1190 2407 1259 θρόνον
2438 1190 2516 1260 τῷ
2550 1192 2867 1264 πατριάρχῃ
2894 1233 2910 1257 ,
2970 1189 3068 1244 καὶ
3099 1191 3231 1259 περὶ
3282 1191 3437 1261 ἡμῶν
3469 1195 3536 1263 μὴ
3567 1199 3736 1266 φροντί-

529 1288 728 1332 ventus
794 1286 880 1332 est
931 1278 1216 1334 dimissus.
1271 1277 1416 1333 Idem
1485 1289 1673 1350 postea
1730 1295 1856 1334 cum
1919 1279 2095 1349 smpiu:

2217 1299 2367 1352 σητε.
2416 1283 2556 1336 Ἀλλ’
2584 1285 2644 1336 ἐν
2671 1285 2884 1347 τούτοις
2915 1282 3076 1337 πάλιν
3101 1281 3239 1353 πρὸς
3275 1283 3601 1354 παράκλησιν
3629 1287 3737 1357 Extir-

530 1368 735 1422 l‘rustra
787 1376 1109 1435 tentassent,
1147 1371 1214 1424 ad
1267 1371 1405 1426 alias
1461 1380 1608 1426 artes
1643 1386 1704 1425 se
1763 1380 2087 1425 convertunt

2221 1391 2347 1444 ρουν
2369 1375 2417 1427 οξ
2453 1375 2744 1445 βασιλικοὶ,
2777 1374 3058 1437 αἰτοῦντες
3088 1374 3188 1444 ἐμὲ
3215 1374 3471 1446 καθαρῶς
3518 1379 3739 1447 ἀποτάξα-

531 1475 812 1529 supraque
867 1461 1185 1517 nominatos
1229 1461 1476 1530 judicum
1561 1461 1856 1516 ministros
1927 1461 1993 1515 ad
2029 1477 2095 1514 nn

2220 1464 2366 1528 σθαι,
2403 1465 2498 1518 καὶ
2526 1465 2670 1520 οὓτω
2717 1466 2817 1519 τὸν
2866 1467 3064 1536 μοιχὸν
3112 1468 3208 1537 τὴν
3255 1465 3575 1538 Ἐκκλησίαν
3607 1471 3739 1535 dario;

531 1554 808 1623 ablegant,
848 1564 1013 1624 atque
1041 1555 1108 1608 ad
1134 1556 1563 1610 conciliabulum
1589 1557 1782 1611 citant.
1818 1554 1931 1625 Ego
1962 1570 2090 1609 vero

2220 1557 2498 1628 κατέχειν.
2537 1559 2622 1621 Ὠς
2650 1558 2704 1612 δ*
2727 1559 2827 1612 ούκ
2871 1558 3196 1630 ἐπειθόμην,
3234 1559 3507 1629 παρῆλθεν
3537 1563 3566 1630 ἠ
3594 1563 3736 1633 ήμέρα

533 1645 786 1714 inquam,
840 1662 949 1702 non
1003 1662 1316 1716 compareo,
1349 1663 1526 1715 neque
1560 1646 1720 1702 video
1758 1663 1858 1702 vos
1900 1646 2095 1716 judice:

2223 1650 2428 1717 ἐκείνη.
2469 1651 2592 1702 Ἐπὶ
2627 1649 2844 1714 τούτοις
2892 1650 3111 1722 διελύθη
3147 1652 3208 1703 τὸ
3239 1651 3518 1720 σύστημα⁶
3565 1652 3619 1705 τὺ
3644 1656 3742 1706 αὑτό

532 1738 832 1807 quidquam
863 1753 928 1792 ex
973 1741 1290 1808 praescripto
1332 1738 1591 1794 Ecclesiae
1627 1749 1871 1807 agentes.
1921 1737 2095 1792 Photit

2220 1740 2276 1793 δὲ
2311 1741 2406 1794 ἐπὶ
2461 1739 2661 1804 πολλὰς
2692 1741 2909 1812 ἡμέρας
2939 1742 3177 1796 ἐποίουν.
3219 1741 3304 1804 Ὠς
3353 1741 3410 1794 δὲ
3438 1740 3535 1795 τοῦ
3555 1745 3741 1796 σπουδα-

532 1839 768 1901 tyrauno
790 1846 896 1885 non
931 1831 1129 1900 ejecta.
1154 1833 1219 1886 ad
1244 1832 1403 1900 cujus
1425 1832 1589 1887 etiam
1616 1847 1860 1886 mensam
1893 1845 2085 1885 aecum

2223 1830 2456 1900 ζομένου
2482 1831 2781 1901 ἀπέτυχον,
2812 1831 2907 1884 ἐπὶ
2951 1831 3140 1900 ἕτερον
3187 1831 3436 1907 μηχανῆς
3481 1827 3608 1896 εἶδος
3649 1833 3744 1904 τρέ-

531 1922 682 1987 bilis,
719 1931 776 1978 et
800 1923 960 1992 cujus
987 1939 1214 1978 munera
1249 1926 1441 1994 procul
1471 1925 1634 1980 etiam
1659 1931 1866 1979 stantes
1900 1923 2095 1993 accepi-

2225 1940 2444 1987 πονται,
2475 1923 2571 1978 καὶ
2595 1924 2722 1988 τοὺς
2757 1924 3172 1996 προρῤηθέντας
3192 1923 3303 1977 τῶν
3330 1924 3529 1994 κριτῶν
3553 1925 3745 1996 λειτουρο

533 2017 655 2072 stis.
717 2017 800 2071 Ad
852 2017 1202 2072 Rhazdesmm
1264 2017 1409 2070 enim
1468 2017 1658 2071 urbem
1716 2015 1877 2071 vobis
1923 2015 2095 2070 missa

2219 2017 2352 2084 γοὺς
2375 2015 2713 2086 πέμψαντες,
2742 2018 2823 2080 είς
2851 2017 2913 2070 τὸ
2939 2017 3216 2086 συνέδριον
3269 2017 3647 2088 προκαλοῦνταί
3672 2035 3742 2087 με.

530 2119 734 2173 vestes,
769 2109 1020 2179 planetae,
1075 2119 1399 2164 ornamenta
1447 2109 1513 2164 ad
1563 2109 1743 2164 sinum
1799 2107 2086 2174 pendentia

2233 2107 2376 2173 Ἐγὼ
2397 2108 2453 2162 δὲ
2481 2108 2636 2179 ἔφην,
2660 2108 2744 2162 ὅτι
2777 2109 2950 2162 Κάκεῖ
2968 2109 3068 2162 ούκ
3095 2109 3331 2181 ἔρχομαι
3353 2129 3369 2142 ο
3394 2110 3510 2164 ούδέ
3537 2109 3634 2180 γὰρ
3657 2107 3742 2162 οἶδα

532 2199 923 2269 llujuscemodi
955 2215 1054 2271 ego
1082 2200 1299 2271 jndices
1333 2215 1440 2254 non
1471 2214 1712 2271 agnosco
1744 2216 1757 2254 :
1792 2199 1859 2254 ad
1904 2213 2095 2270 papam

2221 2195 2367 2267 ὑμᾶς
2400 2197 2526 2260 τοὺς
2560 2198 2755 2268 κριτὰς
2787 2200 2928 2252 κατά
2988 2198 3197 2270 βαθμὸν
3229 2200 3669 2271 ὲκκλησιαστικόν
3708 2218 3750 2255 ιι

531 2308 804 2364 provoco;
847 2294 1040 2348 lubens
1066 2292 1332 2363 judicium
1367 2293 1514 2348 illius
1541 2293 1759 2348 subibo.

2224 2294 2588 2364 πράττοντας,
2621 2293 2743 2344 ἐπεὶ
2793 2293 2914 2347 οὗδέ
2943 2294 3034 2348 τὸν
3062 2295 3365 2368 ἐπιϐήτορα
3404 2299 3465 2350 ἐκ
3498 2295 3644 2367 μέσου
3675 2311 3747 2347 πε·

834 2372 855 2393 ο
2278 2387 2302 2400 ο
2585 2388 2605 2397 ο
3703 2388 3712 2403 1

531 2391 820 2462 ποιήκατε,
869 2388 1006 2443 ἀλλὰ
1053 2390 1255 2460 μᾶλλον
1282 2389 1376 2442 καὶ
1411 2389 1719 2443 συνεσθίετε
1755 2390 1950 2461 τούτῳ,
2004 2388 2100 2443 καὶ
2135 2388 2204 2442 τὰ
2237 2389 2390 2458 δωρα
2443 2388 2608 2441 αὐτου
2655 2387 2930 2459 μακρῖθεν
2973 2388 3254 2454 ἐδέξασθε.
3327 2391 3486 2445 Κατά
3547 2389 3642 2460 γὰρ
3674 2404 3748 2457 τήν

540 2480 848 2535 Ῥαιδεστδν
876 2483 1006 2551 ύμῖν
1052 2481 1191 2534 αὐτὰ
1232 2463 1632 2551 ἀπηντήκασιν,
1672 2482 1866 2554 ἱμάτιά
1905 2499 1965 2535 τε
2006 2481 2100 2535 καὶ
2141 2480 2408 2548 φελώνια,
2443 2479 2536 2532 καὶ
2567 2479 2853 2546 ἐτκόλπια.
2885 2480 3063 2550 ’Υμᾶς
3092 2479 3205 2548 ἐγὼ
3266 2483 3465 2554 κριτὰς
3521 2478 3750 2536 τοιούτους

528 2577 591 2628 ού
636 2575 880 2646 δέχομαι,
917 2574 1054 2628 ἀλλὰ
1105 2574 1243 2644 πρὸς
1293 2574 1386 2628 τὸν
1438 2576 1625 2630 πάπαν
1661 2594 1728 2647 με
1765 2577 2107 2646 ἀπαγάγετε,
2143 2573 2401 2629 κάκεῖθεν
2430 2573 2530 2644 τὴν
2559 2573 2740 2644 κρίσιν
2767 2573 3021 2644 ἀσμένως
3055 2575 3310 2645 δέχομαι.

543 2678 552 2688 “
603 2674 720 2726 [loc
747 2673 889 2728 idem
930 2675 1254 2745 quimecum
1289 2688 1446 2733 erant
1468 2695 1664 2750 magna
1691 2694 1821 2733 voce
1851 2678 2095 2732 clamita-

2284 2673 2456 2726 Τοῦτο
2487 2673 2584 2724 καὶ
2618 2672 2668 2723 οί
2694 2674 2792 2724 σὺν
2818 2672 2946 2742 ἐμοὶ
2973 2672 3177 2734 πάντες
3198 2670 3514 2743 ἐξεὸὁησαν.
3534 2664 3651 2723 Εἶτα
3676 2666 3750 2730 τὰς

534 2779 684 2822 runt.
717 2768 940 2834 Deinde,
975 2769 1215 2826 utdicta:
1261 2774 1505 2842 epistola:
1540 2773 1868 2843 legerentur,
1913 2779 2095 2840 postu-

2217 2763 2660 2836 προδηλωθείσας
2713 2763 3004 2828 ἐπιστολὰς
3074 2764 3387 2833 ἀναγνῶναι
3454 2763 3755 2834 ἐζητήσαμεν

533 2863 786 2926 lavimus,
819 2879 941 2933 quae
965 2865 1259 2920 canonicas
1287 2866 1588 2921 [Innocentii
1618 2881 1768 2935 papze
1790 2880 1888 2935 pro
1914 2871 2095 2919 sanctc

2216 2859 2436 2922 αὐτούς.
2465 2857 2764 2912 Κανονικαὶ
2791 2856 2900 2928 γὰρ
2931 2856 3241 2922 ἀποδείξεις
3269 2856 3331 2910 ἐν
3367 2856 3555 2918 αὑταῖς
3602 2850 3752 2920 ἐνετέ-

530 2951 927 3024 (Ihrysostomo
958 2958 1272 3012 sanctiones
1294 2957 1668 3019 continebant,
1692 2955 1890 3010 Joanni
1920 2953 2095 3008 conci-

2222 2968 2376 3024 ροντο
2423 2949 2518 3003 τοῦ
2561 2947 2914 3002 Ἰννοκεντίου
2961 2950 3122 3001 πάπα
3188 2947 3332 3018 ὑπὲρ
3376 2947 3472 3000 τοῦ
3517 2946 3571 2998 ὲν
3617 2943 3754 3010 ἁγίοις

530 3042 663 3097 lium
702 3044 946 3113 judicum
995 3061 1102 3101 non
1129 3048 1283 3117 prius
1311 3063 1434 3104 esse
1473 3049 1845 3109 subeundum,
1873 3061 2035 3117 quam
2063 3045 2095 3098 it

2215 3044 2635 3117 Χρυσοστόμου,
2669 3043 2752 3096 ὅτι
2780 3043 2854 3096 Οὐ
2875 3042 3226 3113 δεῖἹωάννην
3251 3042 3336 3105 είς
3361 3040 3423 3095 τὸ
3454 3038 3754 3107 δικαστήριον

529 3132 651 3186 loco
678 3148 778 3188 suo
831 3134 1139 3204 thronoquc
1192 3146 1336 3192 esset
1375 3139 1682 3194 restitutus.
1736 3138 1800 3192 Et
1831 3123 1883 3192 in
1922 3136 2095 3191 Sardi-

2216 3135 2501 3199 εἰσελθεῖν,
2521 3133 2655 3206 πρὶν
2687 3133 2852 3188 αὑτὸν
2881 3135 2961 3197 είς
2982 3133 3074 3186 τὸν
3102 3135 3304 3186 οἰκεῖον
3344 3125 3757 3195 ἀποκαταστῆναι

529 3225 677 3280 censi
708 3227 947 3282 concilio
996 3243 1174 3282 canon
1209 3240 1443 3299 quartus
1474 3249 1488 3284 :
1524 3231 1583 3285 Si
1637 3232 1764 3301 quis
1816 3230 2095 3299 episc0pus

2215 3229 2425 3302 θρόνον.
2458 3229 2568 3282 Καὶ
2624 3229 2722 3298 τῆς
2753 3227 2812 3280 ἐν
2841 3225 3080 3298 Σαρδικῇ
3115 3225 3296 3279 κανὼν
3326 3224 3395 3290 δ’,
3430 3223 3505 3286 ὡς
3552 3220 3662 3275 Ἐάν
3691 3233 3754 3278 τις

531 3315 694 3371 tuerit
724 3319 1030 3388 depositus,
1072 3322 1328 3392 dicatque
1357 3338 1417 3378 se
1450 3323 1650 3379 habere
1694 3322 2095 3388 defensionem;

2214 3321 2516 3385 ἐπίσκοπος
2541 3318 2868 3391 καθαιρεθῇ,
2916 3319 3012 3373 καὶ
3064 3319 3199 3390 λέγῃ
3231 3318 3398 3372 πάλιν
3429 3317 3566 3387 ἔχειν
3594 3311 3757 3367 ἀπολο-

533 3424 642 3463 non
680 3413 831 3479 prius
853 3414 1151 3468 sutlieiatur
1177 3416 1230 3469 in
1261 3417 1382 3484 ejus
1416 3415 1595 3470 locum
1649 3415 1816 3480 alius,
1850 3430 2014 3484 quam
2043 3415 2095 3470 dt

2213 3414 2362 3484 γίαν,
2413 3412 2491 3484 μὴ
2547 3412 2820 3484 πρότερον
2851 3411 2932 3473 εἰς
2963 3409 3061 3481 τήν
3103 3409 3383 3478 καθέδραν
3414 3405 3578 3461 αὐτοῦ
3606 3402 3756 3471 ἕτερον

529 3517 596 3556 eo
627 3499 884 3558 ﬂuuiana:
915 3505 1168 3560 Ecclesia:
1196 3508 1438 3577 pontifex
1469 3508 1747 3562 decernat.
1779 3505 1904 3562 llaec
1921 3516 1975 3562 et
2001 3506 2095 3560 alia

2213 3505 2694 3576 ἀντικαταστῆναι,
2721 3504 2849 3573 πρὶν
2878 3501 2944 3557 ἂν
2969 3500 3064 3555 τὸν
3086 3499 3188 3570 τῆς
3227 3499 3523 3569 Ῥωμαίων
3565 3491 3755 3558 Ἐκκλη-

533 3593 586 3648 id
618 3609 791 3664 genus
828 3596 998 3651 multa
1050 3599 1156 3652 illis
1205 3599 1454 3668 epistolis
1499 3600 1940 3664 continebantur,
1987 3616 2095 3670 qua

2215 3598 2336 3658 σίας
2377 3596 2678 3650 ἐπίσκοπον
2723 3597 2852 3666 ὅρον
2883 3594 3014 3665 περὶ
3056 3592 3250 3646 τούτου
3303 3589 3630 3657 ἐξενεγκεῖν.
3675 3581 3758 3636 Καὶ

534 3687 610 3741 uti
640 3703 852 3755 qmeras
903 3689 1180 3760 legasque,
1211 3701 1283 3754 te,
1317 3690 1543 3745 Patrum
1580 3700 1635 3745 et
1674 3691 1979 3746 antistitmn
2017 3707 2095 3745 rc-

2214 3690 2380 3760 ἓτερα
2405 3689 2463 3743 δὲ
2491 3688 2662 3742 πολλὰ
2689 3685 2917 3741 τοιαῦτα
2965 3687 3088 3749 ταῖς
3141 3684 3458 3746 ἐπιστολαῖς
3505 3675 3758 3746 ἐνεγέγρα-

532 3779 944 3846 verendissime,
981 3780 1324 3853 fratrumque
1373 3783 1774 3847 amantissime,
1825 3799 2095 3854 rogamus

2217 3799 2343 3845 πτο,
2375 3783 2411 3835 ἀ
2441 3783 2533 3835 καὶ⁸
2583 3779 2819 3850 ζητῆσαί
2879 3795 2940 3832 σε
2972 3776 3358 3848 δυσωποῦμεν,
3411 3773 3657 3844 Πατέρων
3685 3767 3757 3820 καὶ

530 3871 667 3926 Cum
698 3888 824 3929 vero
854 3873 1218 3929 nihilominus
1276 3875 1458 3929 adhuc
1489 3890 1588 3931 nos
1621 3884 1904 3944 urgerent,
1935 3877 2011 3930 uti
2039 3877 2095 3930 ad

2215 3875 2498 3944 προέδρων
2553 3870 2952 3942 αἰδεσιμὼτατε
3017 3868 3114 3922 καὶ
3174 3866 3636 3938 φιλαδελφότατε,
3686 3856 3759 3912 καὶ

529 3981 590 4020 se
616 3965 947 4032 veniremus,
1007 3965 1080 4020 ita
1121 3967 1302 4020 testati
1340 3982 1575 4022 sumus:
1617 3966 1686 4022 Ut
1725 3977 1968 4037 apparet,
2007 3966 2095 4020 Pa-

2214 3966 2542 4034 ἀναγνῶναι.
2581 3963 2734 4018 Ἐπεὶ
2767 3962 2822 4017 δὲ
2852 3963 2946 4017 καὶ
2972 3961 3054 4016 ἔτι
3086 3961 3363 4016 ἐνέκειντο
3394 3956 3676 4028 ζητοῦντες
3693 3951 3758 4004 ἐλ-

527 4066 640 4112 tres
667 4060 795 4124 mei,
829 4073 1006 4128 neque
1045 4074 1286 4114 canones
1319 4059 1547 4135 legistis,
1601 4076 1778 4129 neque
1821 4059 2095 4114 decretum

2215 4057 2329 4111 θεῖν
2363 4059 2510 4127 ἡμᾶς
2537 4055 2674 4127 πρὸς
2699 4054 2918 4117 αὐτοὺς,
2942 4053 3036 4107 καὶ
3064 4051 3271 4123 ταύτην
3296 4047 3669 4119 πεποιήκαμεν
3683 4037 3758 4108 τὴν

525 4149 962 4205 ecclesiasticum
989 4150 1185 4204 nostis.
1220 4147 1326 4203 Lex
1355 4150 1499 4204 enim
1531 4159 1616 4206 est
1656 4151 1794 4215 hmo,
1823 4157 1882 4204 ut
1907 4149 2095 4205 citatus

2213 4151 2545 4220 ἀπολογίαν·
2599 4149 2683 4212 Ὠς
2712 4148 2879 4211 ἔοικε,
2932 4144 3179 4214 Πατνέρες
3215 4161 3343 4214 μου,
3385 4141 3513 4195 οὔτε
3563 4135 3758 4192 κανόνας

529 4259 563 4296 a
593 4243 802 4314 synodo
832 4243 1143 4312 episcopus,
1178 4258 1274 4312 per
1302 4241 1444 4298 duos
1496 4243 1786 4314 cpisc0pos
1853 4251 2095 4307 vocetur,

2213 4246 2510 4312 ἀνέγνωτε,
2542 4241 2668 4296 οὔτε
2703 4243 2828 4312 ὅρον
2881 4237 3348 4309 ἐκκλησιαστικὸν
3399 4235 3598 4289 οἴδατε.
3629 4229 3758 4298 Ὀρυς

529 4344 585 4389 et
617 4336 720 4390 hoc
776 4335 979 4390 iterum
1033 4351 1097 4390 ac
1124 4337 1309 4390 tertio.
1352 4333 1458 4390 Vos
1490 4345 1672 4389 autem
1728 4351 1824 4406 per
1846 4334 1985 4390 duos
2019 4348 2095 4388 me

2215 4337 2323 4406 γάρ
2346 4337 2464 4388 ἐστι
2496 4333 2737 4394 τοιοῦτος
2757 4349 2773 4364 ⁸
2798 4332 2916 4386 Ἵνα
2943 4332 2970 4383 ὁ
2995 4327 3332 4399 καλούμενος
3367 4326 3661 4384 ἐπίσκοπος
3678 4314 3760 4406 ἀπὺ

530 4427 838 4490 accersitis,
883 4427 1179 4481 diaconum
1213 4428 1468 4494 alterum,
1501 4428 1732 4482 alterum
1775 4428 1998 4483 laicum.
2043 4425 2095 4479 El

2214 4427 2460 4492 συνόδου,
2489 4425 2576 4479 διὰ
2603 4423 2699 4477 δύο
2744 4423 3062 4476 ἐπισκόπων
3087 4419 3346 4488 καλῆται,
3397 4419 3494 4472 καὶ
3526 4412 3670 4468 τοῦτο
3696 4405 3760 4475 γίε

531 4536 634 4574 nos
657 4520 881 4589 quidem
907 4520 1024 4574 lucc
1053 4519 1479 4575 excusabamus.
1503 4517 1585 4576 Illi
1625 4535 1755 4576 vero
1783 4527 1946 4575 testes
1969 4534 2095 4590 pro-

2210 4537 2371 4589 νηται
2397 4519 2478 4580 δὶς
2504 4516 2600 4571 καὶ
2621 4515 2762 4586 τρίς,
2805 4514 2996 4584 Ὑμεῖς
3025 4512 3082 4565 δὲ
3116 4511 3227 4564 ἀπὸ
3257 4509 3381 4573 δύο,
3406 4507 3652 4562 διακόνου
3686 4499 3760 4554 καὶ

530 4610 757 4674 duxere,
802 4609 895 4678 qui
932 4609 1176 4664 dicerent
1242 4625 1302 4665 se
1342 4619 1564 4680 paratos
1592 4624 1716 4664 esse
1745 4608 2095 4680 jurejurando

2213 4609 2429 4673 λαῖκοῢ,
2461 4610 2608 4679 ἡμᾶς
2641 4603 3061 4676 προσκαλεῖσθε.
3093 4601 3204 4655 Καὶ
3234 4601 3406 4672 ἡμεῖς
3444 4598 3550 4670 μὲν
3575 4590 3762 4699 τοιαῦτα

527 4702 854 4754 continuare
909 4717 993 4755 me
1021 4717 1126 4755 non
1165 4701 1265 4756 rite
1298 4711 1352 4756 et
1374 4701 1490 4774 lege
1528 4710 1774 4756 creatum
1814 4717 2095 4758 consecra-

2213 4699 2655 4772 ἀπολογούμεθα.
2674 4699 2906 4752 Ἐκεῖνοι
2927 4696 2981 4749 δὲ
3009 4695 3341 4765 παρήγαγον
3369 4693 3652 4763 μάρτυρας
3666 4684 3763 4742 τοὺς

528 4801 751 4860 tumque
779 4807 918 4848 esse.
950 4792 1050 4847 Hic
1076 4809 1178 4864 ego
1213 4811 1227 4849 ι
1258 4793 1362 4860 Qui
1403 4803 1551 4860 sunt,
1585 4793 1829 4864 inquam,
1853 4793 2095 4864 illi?quis

2209 4796 2488 4864 λέγοντας,
2519 4793 2771 4862 ἑτοίμους
2808 4784 2947 4843 εἶναι
2977 4788 3199 4858 ὀμόσαι,
3228 4785 3304 4849 ὡς
3333 4783 3648 4856 ἀψήφιστος
3666 4790 3764 4846 προσ

531 4883 640 4938 illis
676 4885 907 4939 credat?
949 4885 1082 4952 Quis
1115 4902 1246 4942 vero
1277 4902 1453 4942 canon
1489 4886 1752 4952 decernit,
1783 4895 1844 4941 ut
1869 4886 2095 4957 impera-

2208 4887 2448 4958 εόλήθην
2484 4886 2576 4940 καὶ
2609 4881 3047 4957 ἐχειροτονήθην.
3087 4881 3232 4952 Πρὸς
3289 4881 3438 4950 ὅπερ
3494 4874 3604 4946 ἐγὼ
3635 4869 3765 4924 πάλιν

531 4987 618 5032 tor
653 4987 819 5034 testes
879 4981 1196 5050 producat?
1234 4980 1400 5052 Ergo,
1436 4981 1481 5038 si
1510 4997 1611 5053 ego
1657 4981 2095 5054 archiepiscopus

2207 4982 2494 5038 ἀντεῖπονο
2523 4979 2682 5042 Τίνες
2728 4970 2912 5042 obeat;
2965 4974 3062 5028 καὶ
3097 4973 3180 5037 τίς
3233 4970 3531 5025 πιστεύσει
3580 4962 3762 5021 αὐτοῖς,

529 5085 636 5122 non
673 5086 816 5142 sum,
853 5087 920 5126 ne
961 5081 1016 5125 tu
1055 5071 1276 5142 quidem
1303 5072 1600 5142 imperator
1667 5089 1747 5140 es,
1794 5090 1970 5140 neque
2010 5074 2095 5129 isti

2209 5076 2359 5136 ποῖος
2386 5071 2443 5125 δὲ
2472 5069 2652 5124 κανὼν
2681 5066 3141 5142 παρακελεύεται,
3204 5065 3505 5136 μάρτυρας
3534 5059 3624 5113 τδν
3657 5068 3765 5122 κρα-

524 5161 795 5230 episcopi,
833 5163 927 5217 sed
967 5179 1147 5232 neque
1181 5164 1471 5230 mmchus;
1505 5181 1702 5221 omnes
1731 5167 1874 5222 enim
1896 5183 1994 5222 vos
2019 5168 2095 5221 iu-

2203 5166 2400 5220 τοῦντα
2428 5163 2733 5234 παράγεινς
2754 5160 2964 5216 Οὐκοῦν
2990 5160 3038 5212 εἰ
3065 5157 3177 5227 ἐγὼ
3204 5157 3304 5210 ούκ
3333 5154 3460 5225 είμὶ
3485 5143 3763 5223 ἀρχιερεὺς.

523 5253 704 5323 dignis
728 5255 978 5311 manibus
1022 5255 1157 5309 meis
1188 5255 1543 5326 precibusque
1578 5258 1712 5313 estis
1771 5260 2095 5314 consecrati.

2202 5259 2323 5312 ούδέ
2350 5258 2414 5311 σὺ
2465 5256 2741 5327 βασιλεὺς,
2776 5253 2888 5307 οὐδ’
2917 5247 3066 5306 οὗτοι
3100 5249 3429 5313 ἐπίσκοποι,
3467 5245 3583 5300 ἀλλ’
3607 5238 3717 5295 οὐδὲ
3745 5235 3767 5286 ὂ

525 5342 582 5400 Si
605 5345 820 5398 adulter
844 5347 1145 5400 membrum
1171 5359 1317 5402 esset
1348 5346 1628 5411 Ecclesia},
1650 5349 1735 5404 vel
1764 5365 1882 5403 mea
1909 5361 2095 5419 Sponte

2207 5356 2417 5424 μοιχός.
2444 5353 2654 5416 Πάντες
2688 5350 2797 5420 γὰρ
2835 5349 2993 5420 ὑμεῖς
3031 5347 3142 5401 τῶν
3174 5344 3423 5412 ἀναξίων
3458 5359 3564 5413 μου
3594 5333 3765 5409 χειρῶν

524 5452 824 5490 annucrcm
850 5455 862 5490 :
891 5452 1035 5491 nunc.
1063 5454 1189 5493 vero
1231 5440 1468 5494 alienum
1516 5441 1795 5511 quonmdo
1826 5452 2098 5512 pastorem

527 5533 713 5585 ovium
751 5531 953 5585 Christi
983 5533 1318 5587 constituam
1356 5535 1379 5588 ?
1427 5534 1596 5589 Multa
1641 5535 1768 5589 huic
1801 5536 2097 5590 adversan-

526 5631 639 5677 tur.
673 5621 1024 5687 Primumch
1056 5625 1123 5680 iis
1155 5625 1300 5695 quod
1323 5627 1416 5692 sit,
1450 5627 1548 5697 qui
1581 5628 1649 5681 ab
1678 5627 1922 5682 Ecclesia
1944 5631 2098 5682 dam-

525 5715 663 5778 nati,
695 5723 748 5766 et
771 5717 1115 5770 anathemate
1145 5717 1359 5787 praacisi
1408 5737 1422 5774 :
1461 5718 1560 5788 qui
1590 5718 1812 5787 quidem
1847 5718 1899 5771 id
1929 5734 2037 5773 non
2064 5733 2094 5773 a

526 5806 686 5860 nolis
717 5804 981 5862 duntaxat
1013 5809 1156 5878 passi
1196 5818 1345 5871 sunt,
1382 5818 1436 5864 et
1461 5808 1584 5863 aliis
1613 5823 1834 5878 quoque
1857 5808 2092 5878 patriar-

521 5900 665 5967 chis,
699 5899 790 5955 sed
819 5907 873 5956 ct
909 5900 978 5956 ab
1030 5901 1146 5971 ipsa
1179 5911 1358 5958 vestra
1387 5909 1677 5972 potestate,
1711 5914 1834 5956 cum
1864 5899 1971 5957 illis
1999 5917 2094 5973 per

2202 5445 2298 5498 καὶ
2323 5445 2502 5516 εὐχῶν
2557 5444 2683 5496 ἐστε
2735 5441 3108 5509 ἀποτέλεσμα.
3137 5438 3201 5491 E!
3227 5438 3291 5489 ἐκ
3327 5436 3434 5505 τῆς
3473 5426 3765 5516 Ἐκκλησίσιξ

2201 5531 2269 5605 ἦν
2299 5536 2326 5588 ὀ
2353 5533 2562 5604 μοιχὸς,
2604 5531 2897 5585 συνένευσα
2955 5528 3021 5583 ἂν
3049 5528 3146 5583 καὶ
3188 5524 3331 5580 ἑκὼν
3379 5522 3569 5590 αὐτῷ’
3619 5517 3702 5571 νῦν
3719 5511 3763 5605 δέ

2204 5627 2490 5698 ἀλλότριον
2509 5625 2626 5688 πῶς
2653 5624 2984 5693 καταστήσω
3016 5620 3253 5692 ποιμένα
3286 5618 3403 5672 τῶν
3428 5615 3528 5670 τοῦ
3562 5615 3766 5683 Χριστου

2201 5721 2529 5792 προϐάτωνς
2573 5718 2750 5772 Ιῐολλά
2774 5717 2952 5787 τούτῳ
2997 5715 3064 5768 τά
3100 5713 3322 5766 ἐναντία
3359 5711 3688 5783 πρόσεστιν·
3722 5698 3767 5750 ἓν

2203 5814 2324 5881 μὲν.
2354 5812 2436 5865 ὅτι
2465 5813 2527 5864 ἐκ
2553 5811 2662 5864 τῶν
2709 5809 3096 5878 ἀκιινωνήτων
3126 5807 3220 5860 καὶ
3257 5795 3766 5873 ἀναθεματισμένων

2201 5905 2376 5960 ἐστίν.
2415 5905 2489 5958 Οὐ
2525 5904 2685 5974 μόνον
2709 5902 2765 5956 δὲ
2805 5902 2933 5974 παρ’
2965 5900 3122 5973 ήμῶν
3150 5896 3308 5955 τοῦτο
3353 5893 3659 5950 πεπόνθασι
3681 5882 3767 5960 ,καὶ
