3978 6590
425 419 2545 467 M

1677 604 1850 649 ANNO
1889 607 2115 652 DOMINI
2153 609 2382 654 Μαρια

1531 782 1821 966 ΑΝ
1837 787 2125 968 ON
2133 792 2549 967 YMI

1061 1133 1409 1250 VITA
1499 1134 1618 1246 S.
1710 1135 2291 1250 NICOLAI
2373 1135 3044 1254 STUDlT/E

1607 1377 1878 1440 (Comma.
1919 1380 2113 1428 Auctor.
2147 1392 2253 1429 nov.
2284 1380 2345 1441 ll,
2368 1380 2501 1441 889.)

1729 1697 2341 1790 MONITUM.

496 1910 826 1981 Quanquam
855 1910 1080 1966 miniute
1113 1910 1456 1981 propositum
1495 1910 1682 1979 habui,
1719 1922 1777 1967 ιιι
1809 1914 2174 1984 Singularium
2201 1928 2519 1975 sanctorum
2551 1923 2700 1982 Vitas
2733 1926 2836 1982 hoc
2869 1926 3009 1982 libro
3041 1931 3456 1997 perscriberem,
3490 1933 3546 1987 in
3570 1952 3674 2004 quo

424 1999 520 2054 alii
552 1999 742 2054 sedulo
771 2007 974 2053 navant
1000 2013 1246 2069 operam,
1286 2014 1351 2054 ac
1380 2000 1596 2053 laudem
1630 2000 1870 2056 habent:
1909 2003 2052 2056 haud
2089 2013 2267 2060 tamen
2300 2009 2430 2062 mihi
2459 2013 2609 2078 potui
2640 2013 2930 2082 imperare,
2957 2025 3016 2070 ut
3048 2034 3114 2070 ne
3139 2018 3279 2072 hane
3309 2019 3518 2075 Nicolai
3550 1999 3672 2078 Stu-

420 2089 550 2141 tlita:
582 2088 872 2142 obscuram
903 2087 1190 2152 hactenus,
1229 2087 1282 2141 in
1314 2087 1492 2141 lucem
1523 2087 1731 2153 daretur,
1766 2104 1874 2158 qua
1899 2091 2132 2146 multum
2174 2094 2313 2149 lucis
2352 2096 2588 2152 viderem
2613 2115 2963 2156 accessurum
3000 2104 3380 2160 ecclesiasticae
3417 2108 3670 2174 historiae,

428 2176 710 2245 rebusque
749 2177 804 2230 in
845 2174 1068 2231 Oriente
1095 2176 1200 2232 sub
1245 2177 1436 2232 multis
1485 2193 1719 2245 nequam
1767 2179 2214 2247 imperatoribus,
2246 2198 2444 2252 magna
2476 2185 2855 2243 confessorum
2897 2189 3101 2244 Christi
3132 2193 3302 2262 gloria
3326 2197 3497 2262 gestis
3525 2215 3540 2251 :
3574 2214 3672 2266 qua

433 2265 563 2318 item
599 2273 787 2318 notum
828 2264 1088 2331 deinceps
1117 2277 1284 2329 esset,
1318 2265 1574 2335 quisnam
1606 2282 1669 2319 ae
1699 2267 1890 2336 quanti
1925 2269 2106 2323 meriti
2145 2268 2286 2325 foret
2318 2271 2579 2328 Nicolaus
2615 2275 2706 2330 ille
2745 2275 2961 2331 Studita
2991 2294 3004 2330 :
3047 2294 3206 2348 quem
3247 2277 3511 2336 Nieolaus
3544 2264 3672 2352 papa

425 2353 570 2408 mitti
601 2363 809 2424 peteret
837 2369 904 2409 ex
945 2362 1100 2424 parte
1131 2355 1350 2424 lgnatii,
1379 2370 1442 2410 ac
1476 2357 1596 2423 ejus
1646 2357 1832 2412 Itonia:
1873 2373 1994 2413 cum
2040 2357 2167 2412 aliis
2201 2357 2386 2412 itidem
2429 2363 2726 2430 expressis,
2773 2363 3038 2424 adversus
3080 2366 3390 2422 invasorem
3423 2369 3674 2425 Photinm

421 2450 676 2495 acturum
706 2455 954 2496 causam.
990 2440 1174 2528 llefert
1203 2443 1472 2497 Baronins
1499 2459 1621 2496 cum
1654 2444 1778 2498 aliis
1809 2461 1928 2498 eam
1963 2444 2172 2500 Nicolni
2205 2450 2516 2517 epistolam,
2549 2454 2694 2523 apud
2724 2469 2887 2522 quem
2918 2464 3096 2524 potest
3127 2457 3322 2511 videri.
3349 2456 3675 2528 Propensior

421 2543 574 2582 eram
618 2536 678 2581 ut
718 2529 897 2584 solum
934 2527 1258 2585 deﬂorarcm
1291 2530 1556 2584 historica
1605 2533 1718 2598 illa,
1755 2533 1847 2586 sed
1882 2534 2047 2587 atnici
2095 2535 2502 2604 deterruerunt,
2541 2551 2705 2610 atque
2750 2542 2816 2597 ad
2869 2544 3064 2614 integri
3110 2546 3294 2614 operis
3346 2527 3671 2614 editionem,

421 2614 785 2672 reluctantem
827 2619 1237 2686 quodammodo
1269 2628 1588 2688 coegerunt.
1634 2620 1819 2673 Codex
1871 2621 2058 2690 regius
2102 2639 2164 2676 ex
2211 2642 2320 2693 quo
2363 2629 2652 2697 exscripsi,
2704 2631 2966 2698 antiquus
3000 2640 3104 2696 est,
3143 2633 3470 2702 siinpliciori
3506 2653 3665 2690 manu

421 2717 589 2770 quam
621 2704 859 2767 erudita,
914 2714 971 2759 ut
1002 2721 1416 2776 nonnumquam
1452 2708 1687 2760 sober-os
1724 2722 1786 2758 ac
1826 2717 2094 2776 apertam,
2147 2714 2245 2766 abs
2289 2714 2578 2769 scribentis
2624 2731 2720 2770 seu
2758 2718 3056 2786 antiquarii
3110 2735 3297 2784 manu,
3343 2722 3672 2787 barbariem,

423 2805 653 2848 necesse
682 2792 968 2878 habuerim
990 2794 1318 2860 emendare;
1365 2803 1588 2849 auctore
1605 2794 1809 2862 alioqui
1838 2795 2054 2852 erudizo
2086 2813 2185 2853 nec
2216 2800 2541 2872 ineleganti;
2581 2805 2672 2874 qui
2705 2805 2818 2874 ipse
2852 2807 3152 2864 monachus
3185 2809 3395 2865 Studita
3434 2810 3563 2878 fuit,
3589 2813 3676 2866 sed

423 2878 688 2934 remotior
723 2893 753 2934 a
783 2876 990 2934 Nicolai
1015 2890 1192 2935 :etate.

430 3187 556 3244 Vita
578 3191 763 3246 Patris
822 3191 991 3246 nostri
1049 3207 1113 3245 ac
1190 3191 1509 3259 confessoris
1570 3193 1996 3297 alit-platpraz-

657 3265 816 3297 undi;
847 3262 1158 3297 ηιιιιιηοιονὶἱ
1210 3263 1530 3297 οηιιριὸκνίηιί
1611 3268 1745 3297 1:11;;

2112 3201 2242 3297 Πίος
2291 3203 2429 3297 τε)ξᾴ
2453 3204 2629 3297 ὁσίου
2679 3207 2910 3297 Πατρός
2947 3206 3122 3295 gnum:-
3163 3210 3259 3263 καὶ
3301 3215 3675 3297 ὁμολογητῴ

656 3265 817 3332 positi
847 3262 1158 3317 monasterii
1207 3263 1530 3318 sanetissiuti
1564 3263 1767 3326 Studii.

485 3440 695 3508 Quibus
736 3438 1052 3510 Olympiaca
1107 3439 1406 3494 certamina
1438 3441 1616 3498 laudis
1651 3443 1832 3498 thema
1867 3461 1996 3515 pro-

421 3536 603 3607 posita
661 3542 809 3598 sunt,
840 3547 1017 3601 exque
1061 3532 1154 3596 iis,
1185 3533 1387 3588 divinis
1428 3536 1711 3603 proximos
1760 3538 2000 3593 honores

422 3627 718 3683 clientibus
758 3625 959 3680 addere
997 3625 1248 3694 cupiunt,
1283 3628 1546 3682 ver-bisex
1573 3631 1847 3686 rhetorica
1883 3639 2002 3688 arte

422 3718 790 3788 compositis,
853 3717 1222 3771 laudationem
1298 3717 1620 3788 elfercntes,
1678 3737 1994 3777 sermonum

422 3810 752 3874 ellieacitati,
778 3825 841 3864 ac
871 3809 1024 3864 suavi
1085 3810 1379 3864 elocutioni
1423 3814 1496 3866 rei
1537 3831 1807 3870 summam
1865 3833 1999 3872 cou-

423 3904 662 3968 cednnt;
725 3916 837 3972 quo
863 3905 1046 3971 plane,
1080 3903 1390 3974 disciplinae
1430 3907 1634 3976 potius,
1672 3924 1834 3977 quam
1873 3926 2001 3964 vera

426 4015 611 4054 rerum
638 3999 748 4065 lex,
783 4009 1038 4054 accurate
1064 3998 1332 4054 laudetur.
1365 4001 1437 4054 Ita
1469 4004 1612 4057 enim
1636 4014 1826 4059 natura
1853 4021 2002 4059 com-

431 4103 681 4164 paratqu
722 4101 805 4148 est
829 4133 844 4160 ,
885 4100 945 4146 ut
984 4092 1246 4162 quidquid
1283 4094 1554 4150 desiderio
1591 4097 1841 4162 habetur,
1881 4099 2004 4154 aliis

429 4185 686 4256 superius
719 4183 848 4239 ferri
879 4183 1102 4239 ambiat.
1131 4184 1232 4250 Qui
1266 4195 1446 4240 autem
1489 4204 1827 4244 summorum
1861 4193 2003 4246 viros

431 4294 554 4333 rum
583 4292 669 4332 res
719 4277 982 4346 praeclare
1019 4286 1202 4345 gestas
1237 4279 1593 4347 demit-antes,
1624 4297 1719 4338 eos
1773 4298 1838 4336 ex
1893 4284 2005 4340 illis

425 4386 699 4427 exornare
721 4371 930 4432 volunt,
956 4369 1377 4438 haudquaquam
1410 4373 1702 4428 rhetoricis
1731 4376 2006 4431 suasioni-

429 4465 555 4527 bus,
596 4471 757 4517 autve
805 4461 1198 4531 philosophicis
1231 4466 1818 4532 argumentationibus,
1851 4484 2003 4523 sum-

2171 3275 2508 3354 Νίκοίάουζ
2524 3275 2871 3354 ¹ἡγουμένου
2903 3275 3008 3348 τῆς
3051 3275 3457 3351 εὺαγεστάτης
3480 3275 3673 3354 item};

2173 3345 2293 3397 τῶν
2320 3345 2631 3399 Στουὸιου.

2174 3463 2237 3516 Οἱ
2264 3463 2389 3524 τοὺς
2428 3462 2759 3533 Ὀλυμπίους
2794 3465 3010 3533 ἀγῶνας
3044 3468 3398 3538 κρατοῦντες,
3425 3489 3520 3526 και
3556 3472 3678 3526 τού-

2102 3573 2217 3619 τοις
2279 3556 2585 3620 ὲκοειάζειν
2641 3559 2937 3624 ἐθέλοντες,
2979 3563 3296 3634 ῥητορικοῖς
3336 3565 3490 3618 ἔπεσι
3540 3568 3674 3637 πρὸς

2104 3647 2237 3717 ὕψος
2266 3649 2442 3720 αἴρειν
2475 3649 2838 3719 φιλονεικοῦσι
2861 3652 2951 3705 τὸν
2996 3653 3215 3707 ἔπαινον
3238 3697 3254 3723 ,
3309 3659 3374 3731 τῇ
3407 3657 3671 3730 δεινότητι

2103 3740 2212 3792 τῶν
2236 3740 2430 3808 λόγων,
2459 3743 2552 3796 καὶ
2580 3745 2644 3813 τῇ
2675 3744 2898 3816 εὐεπείᾳ
2925 3746 3022 3816 τῆς
3045 3748 3298 3816 φράσεως
3315 3749 3375 3800 τὸ
3398 3751 3506 3803 πᾶν
3527 3766 3672 3821 χαρι-

2104 3832 2324 3904 ζόμενοι
2346 3853 2358 3866 ο
2391 3835 2466 3896 ὡς
2493 3835 2559 3890 ἂν
2585 3837 2612 3888 ὁ
2643 3837 2740 3904 τῆς
2772 3837 3019 3900 παιδείας
3050 3839 3193 3909 ἢπερ
3243 3841 3269 3891 ὁ
3299 3840 3506 3912 ἀληθὴς
3541 3843 3674 3912 μᾶ).-

2102 3924 2192 3979 λον
2223 3928 2331 3979 τῶν
2365 3929 2708 3998 πραγμάτων
2737 3931 2898 3998 νόμος
2923 3931 2990 3984 δι’
3016 3931 3305 4002 ἁκριὸείας
3325 3933 3676 4006 ἐγκωμιάζῃ-

2104 4037 2216 4072 ται.
2262 4020 2480 4082 Ῐιέςρικε
2515 4020 2624 4090 γὰρ
2680 4021 2824 4084 ἰδίως
2884 4021 3027 4091 ἔχειν
3065 4025 3170 4076 πᾶν
3226 4024 3287 4077 τὸ
3344 4026 3674 4095 ποθούμενον

2107 4113 2368 4182 φέρεσθαι
2402 4117 2505 4166 τῶν
2538 4114 2714 4168 ἄλλων
2747 4115 3212 4184 ὑπεραλλόμενον.
3251 4118 3314 4170 Οἱ
3355 4119 3413 4171 δὲ
3447 4120 3546 4182 τὰς
3572 4121 3675 4173 τῶν

2110 4207 2383 4275 μεγίστων
2431 4206 2640 4277 ἀνδρῶν
2697 4207 2982 4278 ἀριστείας
3020 4208 3528 4280 ἀποθαυμάζοντες,
3582 4213 3674 4264 καὶ

2106 4298 2315 4360 τούτοις
2335 4299 2758 4369 καταγεραίρειν
2781 4299 3113 4370 βουλόμενοι,
3137 4302 3196 4353 οὑ
3220 4305 3337 4364 ταῖς
3363 4305 3674 4374 ρητορικαῖς

2108 4389 2448 4458 πιθανότησι,
2498 4390 2676 4459 ῆτοῖς
2701 4390 2800 4460 τῆς
2857 4391 3175 4460 φιλοσοφίας
3222 4392 3670 4464 τεχνολογήμασι,

2107 4482 2166 4535 τὸ
2198 4482 2298 4550 τῆς
2329 4482 2697 4551 ἀνδραγαθίας
2733 4483 2912 4535 αὐτῶν
2954 4482 3250 4537 συνιστῶσι
3286 4487 3624 4556 παγκράτιον
3656 4501 3670 4516 ·

427 4573 572 4612 mam
595 4556 927 4610 fortitudinis
940 4569 1128 4608 eorum
1151 4553 1432 4610 victoriam
1457 4559 1816 4627 comprobant
1835 4580 1848 4616 :
1870 4562 2001 4630 quin

2112 4574 2279 4642 μόνην
2308 4574 2364 4627 δὲ
2396 4573 2493 4644 τὴν
2539 4574 2800 4645 ἀλήθειαν
2847 4574 3297 4643 ὑφαπλώσαντες,
3360 4553 3456 4628 καί
3508 4577 3672 4647 ταύτῃ

426 4650 624 4718 magis,
667 4649 782 4704 sola
808 4649 1051 4703 veritatis
1083 4650 1469 4718 explicatione,
1496 4667 1670 4720 eaque
1698 4668 1784 4707 res
1820 4664 2002 4721 gestas

424 4742 769 4798 defunctorie
781 4743 1123 4809 exhibentes,
1145 4745 1398 4798 virtutem
1420 4744 1639 4813 egregie
1653 4746 1992 4811 describunt,

364 4832 368 4837 ’
424 4836 716 4906 palamque
769 4837 1128 4892 certaminum
1169 4836 1602 4908 magnitudinem
1637 4846 1885 4894 testatam
1921 4839 2003 4894 fa-

424 4950 438 4980 ι
459 4929 598 4983 iunt.

498 5027 614 5092 Age
656 5022 844 5093 igitur,
882 5037 984 5077 tios
1012 5039 1252 5093 quoque,
1284 5037 1351 5076 ex
1382 5037 1492 5092 quo
1529 5023 1780 5076 instituta
1836 5022 2003 5077 nobis

425 5117 623 5181 oratio,
663 5131 919 5187 magnum
952 5116 1082 5170 illud
1131 5116 1350 5186 pietatis
1405 5116 1611 5179 iumen,
1642 5131 1706 5170 ac
1755 5131 2004 5169 cornutu-

429 5224 555 5264 nem
607 5208 827 5262 Patrem
858 5220 1107 5263 nostrum
1158 5208 1468 5269 Nicolaum,
1517 5209 1566 5261 vi
1629 5211 1900 5268 sermoiiis
1950 5211 2003 5263 in

423 5304 668 5358 medium
731 5304 1004 5373 producit,
1063 5303 1260 5370 exigua
1314 5301 1562 5369 quaedam
1623 5302 1742 5370 ejus
1797 5317 2001 5366 rerutn,

424 5405 587 5467 prout
622 5412 716 5466 per
747 5396 1060 5453 facultatem
1099 5394 1335 5456 licuerit,
1358 5394 1758 5456 describamus,
1799 5411 2004 5456 memo-

426 5491 518 5545 τίω
536 5491 832 5546 fomentum
852 5488 1120 5558 quoddam
1147 5485 1355 5548 futura,
1379 5501 1487 5553 quo
1507 5486 1764 5541 lectorum
1787 5487 2004 5540 utilitati

425 5581 742 5634 consultum
794 5579 901 5646 sit;
934 5579 1160 5648 jamque
1203 5577 1464 5631 diuturno
1495 5586 1738 5648 tempore
1783 5579 2003 5633 silentio

423 5679 588 5731 tecta,
614 5685 676 5724 ac
692 5671 988 5724 oblivionis
1018 5668 1288 5734 profundo
1313 5670 1567 5733 obscura,
1589 5685 1686 5738 pro
1714 5669 1879 5723 debiti
1917 5686 2006 5723 ra-

427 5754 572 5816 ti'nne
601 5765 974 5824 extrahentes,
1000 5775 1312 5830 quanquam
1345 5762 1554 5824 i’lltlitts,
1581 5763 1798 5814 veritati
1821 5771 2001 5816 tamen

427 5853 728 5922 studentes,
785 5855 1022 5923 posteris
1064 5853 1428 5910 declarunus.
1475 5854 1620 5908 Nihil
1674 5853 1817 5908 enim
1855 5854 2002 5923 justo

2106 4667 2203 4737 τὴν
2235 4667 2432 4736 πρᾶξιν
2457 4667 2598 4720 οὕτω
2625 4685 2739 4729 πως
2767 4668 3170 4736 σχεδιάσαντες,
3201 4669 3547 4738 ἁνιστοροῦσι
3578 4669 3671 4738 τὴν

2107 4759 2330 4831 ἀρετὴν,
2373 4761 2480 4813 τῶν
2529 4759 2756 4830 ἀγώνων
2792 4760 2944 4814 ἔνθεν
2995 4760 3446 4832 ἀπογυμνοῦντες
3484 4762 3542 4815 τὺ
3579 4763 3671 4833 μέ-

2106 4852 2285 4921 γεοος.

2178 5024 2316 5096 Φέρε
2349 5020 2442 5077 οὖν
2478 5025 2572 5077 καὶ
2615 5025 2794 5095 ἡμεῖς,
2852 5024 3082 5094 ἐπείπερ
3122 5025 3379 5079 ὑπόθεσιν
3434 5029 3463 5080 ὁ
3502 5028 3668 5095 λόγος,

2106 5117 2199 5168 τὸν
2248 5117 2423 5186 μέγαν
2481 5116 2578 5183 τῆς
2630 5114 2914 5175 εὐσεϐείας
2973 5111 3294 5183 λαμπτῆρα,
3366 5115 3460 5168 καὶ
3504 5113 3670 5168 κοινὸν

2111 5211 2267 5278 ἡμῶν
2304 5210 2518 5278 Πατέρα
2551 5208 2818 5261 Νικόλαον
2851 5205 2940 5259 διὰ
2972 5207 3066 5259 τοῦ
3101 5207 3261 5274 λόγου
3300 5209 3467 5276 μέσον
3491 5207 3667 5275 προτί-

2111 5303 2283 5367 θεται,
2315 5304 2487 5372 μικρά
2511 5320 2629 5355 τινα
2653 5302 2761 5355 τῶν
2793 5299 2957 5353 αὑτοῦ
2993 5301 3225 5352 καθόσον
3253 5297 3363 5354 οἷόν
3391 5319 3450 5354 τε
3483 5299 3669 5363 διαζω-

2108 5400 2501 5466 γραφήσωμεν,
2545 5396 2766 5464 μνήμης
2795 5393 3126 5464 ἐμπύρευμα
3166 5393 3303 5461 πρὸς
3329 5394 3429 5463 τὴν
3458 5394 3561 5445 τῶν
3585 5393 3666 5444 ἐν-

2899 5486 2966 5539 τὰ
3031 5486 3228 5556 μακρῷ
3264 5485 3343 5555 τῷ
3396 5489 3567 5555 χρόνῳ
3607 5485 3665 5551 τῇ

2109 5585 2285 5653 σιωπῇ
2312 5580 2715 5648 καλυπτόμενα,
2745 5579 2836 5630 καὶ
2861 5578 3030 5648 λήθης
3055 5577 3237 5646 βυθοῖς
3264 5577 3664 5648 ἀμαυρούμειο,

2106 5489 2484 5559 τυγχανόντων
2533 5487 2821 5554 ὡφέλειανς

2107 5673 2460 5742 χρεωστικῶς
2515 5670 2871 5738 ἁνιμώμενοι,
2909 5668 3002 5719 καὶ
3057 5668 3568 5735 φανεροποιοῦντες,
3619 5668 3664 5714 εξ

2109 5765 2201 5817 καὶ
2229 5764 2489 5832 ἀτέχνιιις,
2522 5761 2659 5829 πλὴν
2705 5760 3033 5830 φιλαλήθως,
3063 5763 3176 5823 τοῖς
3239 5762 3551 5828 μετέπειτα.
3593 5755 3658 5806 os

2109 5855 2220 5924 γὰρ
2257 5854 2464 5924 ὀνίνησι
2487 5852 2563 5923 τῷ
2581 5853 2772 5923 δικαίῳ
2800 5869 2873 5921 τι,
2923 5853 2970 5906 εἰ
3005 5852 3098 5906 καὶ
3121 5851 3187 5906 τὰ
3217 5853 3453 5923 μάλιστα
3487 5851 3662 5920 διηγη-
