3978 6592
284 347 394 413 865

1185 352 1529 414 ANONYMI
1571 352 1746 414 VITA
1789 354 1849 414 S.
1894 356 2202 417 NICULAI
2249 360 2610 421 STUDITE.

3421 358 3527 420 866

285 463 526 535 ματικῶς
547 465 577 515 6
597 462 743 534 παρᾶ
763 464 869 517 τῶν
894 463 1104 517 πολλῶν
1129 463 1320 535 ἐξηξίού
1330 473 1489 534 μενος
1513 465 1852 534 καθέστηκεν

1963 469 2080 522 inde
2114 472 2382 524 commodi
2418 471 2661 533 acccdet,
2692 485 3006 541 quanquam
3045 466 3361 524 narratione
3387 483 3526 540 pra:-

281 557 499 616 ἔπαινος
529 574 542 588 ο
584 557 963 625 εὐφραίνονται
987 556 1042 608 δὲ
1077 559 1124 610 οἰ
1173 557 1313 624 λαοὶ,
1345 559 1406 611 τὸ
1438 560 1501 611 ἐκ
1553 561 1651 628 τῆς
1679 559 1849 628 ἀκοῆς

277 652 342 719 τῇ
364 648 507 718 ψυχῇ
523 647 985 717 παραπέμποντες
1007 649 1218 716 ὄφελος.
1241 649 1458 720 Μνήμῃ
1475 651 1585 720 γὰρ
1612 651 1848 705 δικαίου

277 741 796 811 εὐφρανθήσονται
825 741 961 794 λαοὶ
1019 743 1240 796 πολλοι
1291 745 1401 813 (1)·
1464 746 1557 796 καὶ
1613 744 1849 814 μάλιστα

1955 565 2101 619 clare
2128 567 2452 636 composita,
2471 566 2711 619 laudatio
2733 566 2852 633 ejus
2888 553 3028 634 apud
3061 565 3242 632 plures
3268 571 3485 618 resonet
3510 580 3526 617 :

1955 673 2143 710 verum
2183 659 2364 727 populi
2397 658 2641 711 laetitiam
2689 657 2990 720 habebunt,
3024 655 3094 710 ab
3139 669 3271 708 aure
3305 654 3370 707 ad
3404 653 3526 707 ani-

1956 764 2104 801 mum
2161 749 2470 803 derivantes
2521 749 2667 818 quod
2723 748 2852 802 utile
2911 756 2995 802 est
3037 765 3050 801 :
3089 747 3343 800 Memoria
3389 746 3530 799 enim

277 835 436 903 ἡμεῖς
473 836 501 886 6
528 833 765 904 Χριστοῦ
798 833 964 897 λαός¹³
1003 835 1037 904 ὴ
1069 835 1202 904 ἁγία
1229 836 1433 904 ποίμνη
1454 853 1468 868 ι
1509 838 1558 888 οἰ
1613 837 1847 904 φιλοπά-

1963 835 2081 888 iusti
2121 836 2444 890 ltetabuntur
2477 835 2656 906 populi
2705 836 2860 888 multi
2897 834 2914 865 ¹
2954 849 3202 903 :nosque
3243 834 3297 886 in
3331 833 3526 902 primis

279 941 433 993 τορες
463 923 621 994 ὁμοῦ,
666 926 762 978 καὶ
798 927 1034 994 φιλόθεοι
1088 925 1544 998 χρηματίζοντες,
1586 928 1680 980 καὶ
1727 929 1850 981 καθ’

277 1017 518 1083 ἑκάστην
547 1015 754 1086 ταύτης
785 1018 885 1086 τῆς
919 1018 1238 1080 πανδαισίας
1270 1017 1368 1088 τὴν
1394 1017 1754 1088 εὐφροσύνην,
1779 1023 1846 1089 τῇ

276 1124 336 1160 τε
380 1108 743 1178 παρεδρεύσει
787 1110 895 1162 τῶν
951 1109 1176 1178 τάφων,
1225 1109 1320 1163 καὶ
1379 1112 1445 1180 τῇ
1501 1111 1685 1180 ἐπαφῇ
1740 1111 1851 1164 τῶν

279 1200 441 1272 ἰερῶν
468 1202 561 1254 καὶ
599 1203 985 1271 πνευματικῶν
1009 1202 1360 1271 ’ἰνδαλμάτων
1381 1201 1845 1266 ὲπαπολαύοντες,

275 1288 358 1355 οἷς
387 1293 600 1364 ἀπόχρη
637 1294 732 1346 καὶ
763 1295 924 1362 μόνον
951 1295 1088 1365 πρὸς
1139 1296 1342 1366 ἀρετῆς
1390 1294 1599 1361 εἰκόνα,
1638 1295 1849 1358 τούτοις

275 1387 386 1438 τῶν
417 1385 590 1439 ἄλλων
617 1388 762 1456 ἡμᾶς
790 1387 1200 1455 ἐναϐρύνεσθαι.

359 1477 499 1531 Ἀλλ’
530 1478 768 1548 ἡγείσθω
796 1477 1038 1549 Χριστὸς
1065 1478 1094 1530 6
1125 1478 1258 1541 Θεὸς
1289 1469 1448 1532 ὀ’τοῦ
1502 1477 1716 1548 Πατρδς
1745 1478 1850 1532 A6-

277 1587 396 1639 γος,
437 1573 527 1623 καὶ
571 1569 706 1623 Θεοῦ
754 1570 918 1640 σοφία
969 1571 1066 1623 καὶ
1109 1570 1361 1640 δύναμις,
1425 1573 1522 1640 τῆς
1571 1570 1852 1640 ἐμπαθοῦς

278 1664 312 1731 ὴ
322 1662 440 1732 μῶν
462 1662 702 1727 διανοίας
729 1663 790 1716 τὸ
810 1664 1204 1728 ἀναπεπτωκός
1225 1681 1283 1716 τε
1305 1665 1398 1716 καὶ
1433 1664 1675 1735 ῥᾴθυμον
1709 1665 1851 1734 διορ-

277 1755 564 1824 θούμενος,
589 1755 681 1808 καὶ
713 1755 869 1824 λόγον
898 1757 953 1808 ἐν
1000 1755 1202 1822 ἀνοίξει
1236 1756 1566 1827 προτεινέτω
1603 1755 1696 1808 τοῦ
1724 1757 1847 1808 στό⁴

275 1862 472 1916 ματος,
505 1847 599 1899 καὶ
625 1846 724 1917 τὴν
759 1849 918 1918 χεῖρα
946 1848 1082 1917 πρὸς
1105 1846 1202 1918 τὴν
1225 1849 1460 1917 γραφῖδα
1493 1847 1710 1900 κινείτω
1739 1848 1846 1902 τῶν

273 1937 372 1990 τοῦ
403 1939 616 2010 [ἰατρὸς
643 1939 972 2011 διηγήσεων,
1000 1941 1103 2010 τὴν
1127 1941 1368 2010 εἰρεσίαν
1393 1941 1488 1994 τοῦ
1520 1941 1682 2010 λόγου
1711 1959 1847 1996 παν-

272 2029 506 2099 ταχόθεν
539 2031 614 2093 ὡς
653 2031 811 2098 λόγος
841 2031 1419 2102 προσλαμϐανόμενος.

344 2113 536 2183 Οὗτος,
565 2119 652 2172 ἵνα
679 2119 875 2190 μικρὸν
901 2122 967 2190 τῇ
990 2119 1378 2191 ὲκθρεῲαμένῃ
1407 2118 1597 2172 τοῦτον
1623 2117 1847 2186 πατρίδι

272 2211 815 2283 προσδιατρίψωμεν,
848 2211 948 2282 ἔφυ
976 2211 1075 2283 μὲν
1098 2211 1191 2265 οὖν
1213 2213 1277 2264 ὲκ
1309 2212 1408 2282 τῆς
1459 2211 1568 2266 τῶν
1613 2210 1849 2283 Κρητῶν

267 2303 672 2374 εὖκλεεστάτης
695 2306 881 2375 νήσου,
916 2303 1040 2356 τότε
1073 2307 1137 2375 τῇ
1172 2303 1410 2375 Χριστοῦ
1464 2303 1850 2373 πυκαζομένης

270 2394 563 2467 ἐλευθερίᾳ
587 2411 602 2425 ·
632 2395 792 2468 ῥώμῃ
823 2405 883 2449 τε
916 2395 1124 2458 λοιπὸν,
1161 2397 1255 2449 καὶ
1281 2396 1506 2466 μεγέθει
1533 2396 1850 2466 κτισμάτων

269 2485 572 2555 αὐχούσης,
598 2487 646 2538 εἰ
681 2487 774 2539 καὶ
795 2487 864 2540 τά
889 2487 984 2541 νῦν
1031 2487 1104 2558 (2)
1140 2488 1228 2540 ἐπ’
1255 2488 1392 2558 αὐτῇ
1430 2488 1496 2541 τὰ
1542 2487 1708 2542 πάλαι
1746 2506 1849 2556 μυ·

271 2578 422 2648 σαρά
460 2579 560 2649 τῆς
586 2579 769 2650 Ἅγαρ
797 2579 1162 2650 ἀμϐλὼματα,
1211 2580 1306 2634 καὶ
1329 2582 1356 2634 6
1403 2581 1502 2651 τῆς
1555 2581 1850 2650 παιδίσκης

269 2670 374 2722 τοῦ
413 2670 636 2742 Ἰαμαὴλ
659 2674 1027 2744 πονηρότατος
1051 2673 1225 2741 γόνος,
1253 2673 1352 2744 τὴν
1393 2676 1457 2727 ὲκ
1507 2673 1604 2727 τοῦ
1661 2673 1848 2728 Ἰσαὰκ

269 2764 360 2827 εἰς
390 2765 626 2835 Χριστοῦ
669 2765 835 2819 τύπον
866 2767 1238 2838 προελθοῦσαν
1275 2769 1512 2839 ποίμνην
1538 2767 1846 2830 νεόλεκτον,

268 2857 302 2910 6
340 2859 442 2927 τῆς
493 2859 784 2929 μαστιγίας
816 2859 928 2932 [ίσ.
994 2861 1306 2933 μαστιγίου]
1340 2861 1559 2931 οἰκέτης
1590 2862 1848 2917 κατεδου-

269 2941 513 3016 λώσατο,
571 2953 686 3014 τοῖς
741 2952 925 3016 ὅπλοις
969 2953 1078 3006 τῶν
1128 2955 1414 3025 ἡμετέρων
1460 2955 1668 3018 κακῶν,
1727 2955 1848 3007 καθ’

268 3041 436 3112 ἡμῶν
462 3043 951 3114 στρατευσάμενος.
1010 3046 1087 3115 Τῇ
1128 3044 1236 3114 γὰρ
1270 3046 1522 3116 ἀθετήσει
1560 3046 1666 3098 τῶν
1704 3048 1851 3099 ἐντο-

1952 929 2158 985 ChriSti
2199 931 2467 1000 pepulus;
2495 939 2722 985 sanctus
2755 944 2882 997 grex
2919 947 2934 983 :
2983 928 3077 998 qui
3107 936 3162 981 et
3186 926 3366 980 Patris
3403 925 3528 978 Dei-

1952 1038 2059 1092 que
2104 1025 2308 1091 pariter
2341 1033 2590 1077 amantes
2618 1037 2831 1087 sumus,
2859 1021 3063 1090 quique
3096 1020 3342 1089 quotidie
3381 1033 3518 1072 con-
3563 1090 3569 1094 ~

1954 1115 2083 1166 vivii
2123 1115 2286 1184 hujus
2329 1115 2676 1170 dulcedinem
2745 1115 3101 1184 percipimus,
3159 1113 3225 1165 ad
3269 1112 3527 1179 supulcra

1954 1207 2184 1269 assidui,
2213 1221 2607 1276 sacrorumque
2628 1221 2692 1260 ac
2723 1206 3053 1274 spiritalium
3095 1203 3516 1259 simulacrorum

1953 1297 2407 1359 contrectatione,
2436 1299 2636 1367 quibus
2659 1297 2743 1352 vel
2769 1297 2820 1350 id
2853 1297 3027 1351 solum
3053 1295 3121 1348 ad
3145 1293 3364 1348 virtutis
3387 1293 3527 1346 ima-

1955 1391 2155 1460 ginem,
2189 1405 2300 1458 prae
2331 1389 2472 1455 aliis,
2503 1389 2652 1444 hisce
2685 1389 2926 1459 gloriari,
2954 1387 3168 1442 sulllcit.

2027 1485 2223 1537 Verum
2263 1483 2422 1537 nobis
2452 1498 2655 1552 auspex
2681 1483 2754 1536 sit
2779 1482 3030 1537 Christus
3054 1480 3213 1543 Deus,
3257 1494 3321 1534 ac
3348 1478 3527 1534 Patris

1951 1576 2211 1640 Verbum,
2256 1575 2460 1644 Deique
2495 1574 2761 1644 sapientia
2784 1582 2838 1627 et
2878 1571 3076 1634 virtus,
3119 1570 3325 1625 allectat
3367 1585 3524 1624 men-

1955 1667 2025 1722 tis
2058 1676 2261 1722 noslra:
2284 1667 2558 1736 pigritiam
2614 1681 2677 1721 ac
2710 1665 2998 1736 segnitiem
3046 1663 3329 1732 corrigens
3361 1679 3375 1726 ;
3404 1677 3524 1714 scr-

1955 1772 2280 1830 moncmque
2306 1760 2602 1829 praetendat
2626 1759 2678 1813 in
2711 1759 2824 1813 oris
2853 1758 3132 1827 apertione
3152 1756 3171 1785 ¹
3203 1768 3268 1809 ac
3294 1767 3515 1807 manum

1959 1870 2201 1920 movens,
2236 1853 2302 1908 ad
2341 1863 2618 1924 gestorum
2672 1852 2854 1906 Patris
2881 1849 3224 1906 scribendam
3257 1845 3528 1901 narratio-

1958 1964 2102 2010 nem,
2138 1948 2407 2002 sermonis
2455 1947 2818 2016 undeqnaque
2861 1940 3200 2004 moderandi,
3266 1948 3525 2007 tanquam

1957 2056 2140 2096 sermo
2199 2040 2333 2110 ipse,
2367 2055 2554 2095 curam
2592 2038 2877 2108 suscipiat.

2061 2131 2154 2185 Vir
2201 2132 2411 2194 iste,ut
2465 2143 2656 2199 parum
2689 2129 2819 2200 quid
2873 2141 3150 2181 moremur
3199 2123 3254 2177 in
3309 2121 3507 2192 patria,

1956 2241 2076 2297 qua:
2112 2225 2384 2287 educavit,
2410 2222 2512 2278 fuit
2561 2221 2783 2292 quidem
2825 2219 3092 2274 oriundus
3119 2217 3276 2273 Creta
3323 2214 3519 2269 claris-

1957 2319 2094 2374 sima
2125 2317 2326 2381 insula,
2349 2315 2551 2370 Christi
2583 2325 2714 2389 tunc
2737 2313 2987 2367 libertate
3023 2310 3178 2370 fulta,
3209 2307 3529 2375 viribusque

1958 2409 2219 2479 deinceps
2251 2423 2315 2463 ac
2361 2406 2718 2462 aediﬁciorum
2771 2403 3146 2474 magnitudine
3200 2398 3470 2468 gloriante
3507 2413 3521 2450 :

1960 2517 2271 2573 quanquam
2340 2501 2392 2555 in
2418 2515 2480 2553 ea
2530 2513 2698 2564 nunc,
2730 2494 3078 2553 exsecranda:
3133 2493 3266 2547 olim
3322 2489 3520 2558 Agaris

1959 2594 2195 2655 abortio,
2232 2589 2587 2658 lsmaelisquc
2618 2587 2831 2642 ancillae
2881 2585 2973 2639 lilii
3008 2597 3182 2653 genus
3222 2581 3524 2650 pessimum

1961 2687 2015 2740 in
2044 2685 2248 2740 Christi
2289 2685 2518 2754 ﬁguram
2549 2699 2614 2738 ex
2644 2680 2791 2735 Isaac
2823 2688 3004 2732 ortum
3039 2689 3192 2730 novae
3241 2670 3528 2726 electionis

1960 2793 2223 2850 gregem:
2272 2791 2488 2842 servus,
2535 2776 2780 2844 inquam,
2836 2767 3117 2839 ﬂagrionis
3174 2764 3372 2834 proles,
3426 2777 3530 2814 no-

1959 2882 2199 2927 strorum
2233 2871 2498 2926 scelerum
2534 2867 2589 2921 in
2621 2881 2721 2920 nos
2750 2863 2919 2918 armis
2945 2869 3124 2922 utens,
3155 2859 3207 2912 in
3239 2855 3528 2925 captivita-

1961 2976 2064 3020 tem
2091 2964 2319 3031 redegit.
2353 2962 2445 3015 Dei
2495 2958 2763 3028 siquidem
2794 2954 3174 3009 mandatorum
3207 2948 3523 3008 violatione,

1957 3058 2179 3114 caeleste
2209 3071 2238 3109 a
2275 3055 2431 3107 nobis
2481 3051 2742 3105 auxilium
2779 3046 3125 3116 repellentes,
3156 3041 3525 3110 voluptatum-

267 3134 387 3187 λῶν
409 3175 425 3199 ,
453 3137 552 3204 τὴν
577 3136 784 3190 ἀνωθεν
820 3123 990 3208 ῥοπὴν
1025 3139 1400 3207 ἀπωσάμενοι,
1441 3140 1534 3192 καὶ
1561 3143 1624 3210 τῇ
1660 3141 1849 3210 ἐπιμι-

1963 3166 2064 3221 que
2128 3148 2403 3210 mistione,
2457 3144 2624 3198 animi
2682 3140 3071 3212 ingenuitatem
3138 3136 3527 3192 immutantes,

269 3226 368 3297 ξίᾳ
390 3227 499 3281 τῶν
525 3228 725 3299 ἡδονῶν
749 3229 810 3283 τὸ
841 3230 1062 3299 εὐγενὲς
1087 3235 1185 3301 τῆς
1214 3232 1394 3301 ψυχῆς
1437 3230 1850 3298 ἀλλοιώσαντες,

269 3321 684 3393 παρεδόθημεν,
704 3325 996 3395 Γραφικῶς
1042 3327 1238 3388 εἰπεῖν,
1267 3325 1353 3378 ἐπ’
1383 3325 1525 3379 ἔθνει
1579 3325 1848 3398 ἀσυνέτῳ,

269 3415 346 3484 τῇ
379 3413 625 3485 ἀλλήλων
645 3416 1010 3488 αἱματοχυσία
1041 3417 1551 3488 καταδουλούμενοι.

357 3506 479 3559 Ἵνα
507 3505 562 3558 δὲ
613 3507 734 3559 καθ’
789 3508 980 3577 εἱρμὸν
1007 3510 1035 3561 6
1081 3508 1238 3575 λόγος
1297 3509 1607 3580 προϐαίνων
1653 3511 1766 3581 ἔχοι
1792 3511 1852 3565 τὸ

270 3598 572 3667 χρήσιμον,
605 3598 824 3666 ἀγέσθω
872 3599 1056 3652 τοίνυν
1102 3601 1181 3662 εἰς
1215 3601 1379 3669 μέσον
1435 3604 1464 3655 6
1513 3602 1728 3672 πρῶτος
1753 3604 1855 3672 τῆς

271 3688 565 3753 εὐσεϐείας
597 3690 803 3759 ταύτης
833 3691 1216 3762 διειλημμένος
1246 3694 1371 3755 τοὺς
1401 3692 1616 3758 οἴακας,
1649 3696 1804 3758 Τῖτος
1827 3697 1854 3748 6

274 3781 458 3852 μέγας
490 3782 809 3845 ἀπόστολος,
847 3785 940 3836 καὶ
993 3783 1291 3837 δεικνυέτω
1311 3785 1364 3837 τί
1413 3785 1549 3855 πρὸς
1582 3786 1764 3851 αὐτὸν,
1795 3787 1856 3839 τὸ

274 3873 478 3937 σκεῦος
529 3875 626 3944 τῆς
677 3874 906 3945 ἐκλογῆς
960 3877 1087 3946 περὶ
1156 3877 1264 3929 τῶν
1317 3877 1489 3944 αὐτῆς
1551 3879 1854 3950 οἰκητόρων

271 3964 523 4030 διέξεισι,
554 3966 742 4020 τυπῶν
769 3967 846 4036 τῷ
867 3967 1010 4038 λόγῳ
1051 3968 1141 4022 τὸν
1173 3969 1336 4039 νόμον
1383 3969 1478 4022 τοῦ
1519 3970 1852 4036 ῐῙνεύματος.

279 4055 516 4128 Ἐπειδὴ
575 4057 684 4129 γὰρ
718 4057 864 4129 ἐώρα
890 4058 958 4112 δι’
1005 4058 1277 4131 ἀκρασίας
1312 4061 1588 4130 ἐπιμόνως
1638 4062 1859 4125 τούτους

357 4211 376 4244 ³
415 4212 576 4270 Prov.
597 4230 675 4281 XI,
709 4217 796 4272 10.
871 4221 892 4251 ⁸
923 4217 1058 4289 Eph.
1088 4235 1162 4285 vr,
1186 4219 1273 4276 l9.

1963 3220 2150 3292 traditi
2192 3251 2400 3295 sumus,
2440 3243 2499 3287 ut
2539 3231 2721 3288 verbis
2785 3225 3084 3296 Scriptura;
3122 3232 3266 3285 utar,
3296 3220 3350 3274 in
3391 3233 3528 3290 gens

1962 3339 2071 3386 tetu
2131 3327 2478 3398 insipientem
2523 3325 2583 3390 ³,
2617 3331 2805 3377 mutua
2850 3317 3177 3389 sanguinum
3233 3312 3527 3375 eﬂ‘usione,

1960 3421 2118 3476 fracti
2147 3435 2211 3473 ac
2245 3417 2478 3474 subacti.

2035 3512 2105 3570 Ut
2156 3521 2334 3566 autem
2385 3509 2560 3564 oratio
2591 3507 2728 3564 serie
2757 3506 2991 3577 quadam
3044 3501 3347 3575 procedens
3375 3513 3530 3553 como

1963 3606 2184 3660 modum
2230 3603 2458 3665 habeat,
2494 3603 2546 3655 in
2595 3600 2832 3654 medium
2885 3597 3237 3666 producatur,
3270 3591 3363 3662 qui
3411 3589 3528 3659 pri«

1965 3713 2088 3751 ntus
2117 3696 2236 3764 ejus
2265 3695 2456 3748 insulae
2485 3693 2699 3762 pietatis
2730 3689 3093 3763 gubernacula
3131 3685 3394 3752 suscepit,
3419 3695 3532 3734 ma-

1964 3807 2105 3861 gnus
2135 3789 2343 3845 scilicet
2374 3787 2532 3841 Titus
2556 3785 2857 3856 apostolus,
2889 3798 2951 3838 ac
2976 3781 3102 3856 quid
3127 3780 3193 3833 ad
3232 3779 3409 3846 ipsum
3436 3789 3531 3827 vas

1961 3880 2245 3935 electionis
2289 3878 2356 3932 de
2384 3878 2504 3947 ejus
2535 3876 2729 3932 incolis
2775 3875 3060 3937 edisserat,
3087 3871 3380 3938 designans
3416 3882 3532 3920 ser-

1966 3987 2128 4026 mone
2171 3971 2398 4040 spiritus
2433 3970 2626 4038 legem,
2672 3967 2942 4022 ostendat.
2984 3965 3118 4018 Nam
3158 3963 3284 4032 quia
3317 3976 3411 4030 per
3448 3960 3532 4012 in-

1967 4065 2388 4132 temperantiam
2423 4063 2476 4116 in
2508 4061 2657 4116 omni
2685 4057 3042 4130 pervicaciter
3069 4055 3198 4110 vitio
3245 4052 3531 4109 insanicnq

1352 4219 1741 4287 'Deut.xxxn,
1775 4221 1873 4287 9.1;
1900 4221 2059 4275 Rom.
2089 4237 2142 4286 κ,
2177 4221 2264 4277 19.

1441 4354 1688 4409 FRANC.
1715 4353 2100 4413 COMBEFISII
2139 4352 2375 4412 NUTIE.

361 4473 439 4541 (Ι)
481 4469 658 4524 Etiam
694 4467 938 4541 {lndrcas
973 4467 1222 4524 Cretens.
1258 4470 1312 4524 in
1339 4468 1463 4541 Tito
1487 4483 1604 4522 eam
1633 4481 1861 4541 scnten-
1892 4475 1936 4529 D
1965 4481 2197 4534 constat,
2237 4485 2358 4541 cum
2417 4484 2445 4521 a
2471 4540 2477 4541 γ
2500 4466 2671 4537 prima
2700 4465 2804 4541 _il_la
2858 4472 3213 4541 occupatione
3271 4463 3388 4541 sub
3425 4463 3528 4541 bii-

281 4539 428 4599 tiam
450 4542 587 4594 citat
606 4556 668 4591 cx
694 4539 1001 4610 Salomone,
1033 4556 1194 4608 quant
1223 4549 1276 4593 et
1301 4543 1352 4593 in
1373 4539 1598 4592 Nicolao
1627 4539 1858 4610 Myremi

282 4611 485 4680 repetit
537 4627 552 4664 :
590 4607 1120 4680 γἘγκωμιαςομένου
1150 4610 1359 4662 δικαίου
1389 4607 1861 4680 εὐφρανθήσονται

283 4679 523 4736 οἰλαοί·
578 4679 847 4732 Laudibus
871 4679 1008 4746 justi
1051 4679 1372 4732 laetabuntur
1401 4679 1598 4748 populi.
1645 4679 1698 4734 In
1742 4683 1862 4735 loco

285 4754 413 4807 libri
461 4751 620 4803 Prov.
665 4764 826 4815 quem
874 4751 1102 4818 ascripsi
1139 4765 1310 4818 marg.
1364 4753 1524 4819 paulo
1565 4749 1724 4804 aliter
1754 4762 1859 4815 est,

286 4826 350 4875 ἐν
399 4822 626 4888 ἀγαθοῖς
665 4819 888 4890 δικαίων
936 4819 1264 4888 κατώρθωσε
1315 4822 1348 4890 ἡ
1397 4820 1571 4882 πόλις,
1610 4822 1663 4873 in
1715 4822 1862 4875 battis

280 4894 581 4964 justornnt,
637 4888 888 4964 pra'clare
944 4889 1127 4964 [tabuit
1165 4888 1441 4964 '_civita's,ﬁ
1480 4891 1571 4964 ubi
1631 4891 1860 4964 Tinfod"

286 4959 764 5031 εὐφρανθήσονται
801 4959 1005 5032 πόλεις,
1041 4960 1363 5014 Ιιιιιαὺιιιιιαν
1396 4961 1634 5014 civitates
1660 4978 1678 5014 :
1709 4963 1858 5032 Sym.

289 5029 739 5102 ἀγαλλιᾷσονται,
778 5029 1156 5095 exsul-tabum;
1194 5035 1338 5100 quod
1383 5046 1574 5100 parum
1616 5029 1787 5086 abest.

363 5103 442 5170 (Ξ)
499 5101 704 5156 Iudicat
749 5110 962 5170 aut-tor,
1011 5117 1112 5154 suo
1176 5103 1355 5154 adhuc
1406 5111 1645 5168 tempore
1696 5102 1863 5156 fuisse

290 5169 511 5228 Cretam
549 5172 776 5225 ditionis
806 5169 1226 5241 saracenorum,
1252 5186 1564 5241 quanquam
1594 5171 1864 5241 signilirat

293 5243 587 5312 scripsisse
633 5241 723 5294 diu
773 5254 802 5292 a
845 5239 1048 5294 Nicolai
1111 5241 1282 5303 obitu,
1333 5240 1488 5307 cujus
1533 5239 1665 5312 fere
1687 5241 1860 5312 media

292 5310 454 5368 aztat’e
479 5311 642 5366 Turci
671 5313 899 5365 inSuIam
928 5321 1215 5379 eepcruut;
1250 5326 1442 5378 nempe
1473 5311 1575 5363 sub
1600 5310 1863 5366 Michacle

295 5383 586 5451 Theophili
628 5393 800 5449 patre.
846 5379 1080 5434 Proimlc
1135 5379 1416 5449 scripserit
1453 5391 1860 5451 antcrtcmpora

295 5450 590 5521 Nicephori
613 5451 827 5511 Phocae,
856 5465 883 5502 a
916 5467 1024 5518 quo
1056 5467 1119 5504 ac
1143 5466 1401 5518 germano
1438 5451 1555 5517 ejus
1579 5450 1757 5504 Leone
1780 5467 1863 5510 re:

295 5532 555 5592 cuperata
594 5521 710 5582 fuit,
757 5523 832 5574 uti
871 5521 1042 5589 liquet
1080 5536 1149 5592 cx
1201 5522 1339 5592 actis
1382 5521 1440 5592 δ.
1480 5521 1698 5592 Niconis
1741 5537 1860 5573 mo-

299 5590 458 5648 nacbi
494 5593 731 5650 Armeni.
760 5593 916 5656 cuius
949 5590 1485 5659 prmdicationclides
1513 5590 1564 5643 in
1587 5605 1647 5643 ea
1683 5591 1859 5645 insula

301 5666 602 5718 instaurata
652 5661 776 5716 fuit.
817 5663 967 5726 Quod
1014 5671 1197 5716 autem
1246 5659 1446 5713 Baron.
1496 5676 1624 5712 ann.
1666 5659 1761 5714 961
1796 5677 1861 5714 ex

299 5733 555 5799 Cnropal.
588 5733 753 5786 refert
785 5730 950 5785 fuisse
974 5733 1042 5784 ab
1067 5731 1130 5783 iis
1162 5737 1556 5798 reettperalam,
1585 5742 1862 5797 postquam

302 5807 451 5858 annis
477 5805 643 5872 ferme
671 5803 1021 5872 quadraginta
1043 5802 1215 5871 fuerat
1245 5811 1516 5870 occupata,
1539 5803 1860 5856 tumulosum

1967 4543 2156 4595 chacle
2196 4542 2262 4594 ad
2294 4534 2662 4608 Nicephorum
2700 4535 2938 4608 Phocam
2971 4535 3238 4608 ﬂuxerint
3263 4534 3390 4588 anni
3419 4536 3529 4589 cir-

1964 4615 2101 4666 citcr
2157 4619 2374 4666 centum
2434 4605 2814 4678 quadraginta.
2871 4605 2988 4658 Non
3039 4615 3121 4659 est
3177 4607 3526 4678 ad_mauum

1965 4680 2218 4750 pra-fatus
2256 4675 2738 4747 Curupalatesfnt
2775 4679 2847 4750 ita
2883 4678 3167 4750 scripsisse
3206 4675 3400 4750 sciam,
3435 4683 3532 4728 aut

1965 4747 2111 4806 certe
2147 4753 2408 4820 scriptum
2447 4749 2822 4817 reprzescntari
2859 4749 3000 4816 apud
3041 4763 3192 4820 etim,
3224 4747 3365 4814 quod
3418 4761 3526 4820 non

1964 4824 2120 4875 aliter
2153 4815 2432 4880 acciderit,
2471 4815 2630 4887 quam
2679 4815 3026 4871 mutatoch
3075 4817 3289 4887 sublato
3333 4815 3527 4881 majm-i

1965 4908 2216 4954 numero,
2254 4903 2311 4946 ut
2359 4886 2562 4958 passim
2611 4889 2664 4940 in
2719 4888 2835 4942 istis
2880 4888 3039 4943 solet.
3074 4886 3143 4940 Ut
3177 4895 3527 4958 netypogra-

1965 4963 2183 5030 phicum
2219 4956 2459 5015 errorem
2495 4961 2544 5030 in
2571 4959 2828 5030 Baronioi,
2856 4973 2922 5030 ac
2950 4967 3146 5030 nostra;
3178 4956 3526 5030 Coloniensis

1963 5024 2215 5086 editionis
2255 5041 2456 5100 putem,
2498 5029 2644 5100 facit,
2674 5029 2816 5096 quod
2838 5028 3087 5100 _idipsnm
3133 5027 3249 5092 lego
3296 5026 3348 5077 in
3378 5024 3527 5092 ejus-

1963 5103 2083 5154 dem
2152 5096 2386 5168 utrbqne
2451 5099 2756 5152 hrcviatorc
2834 5096 3150 5168 Spondano,
3229 5103 3526 5163 nostroque

1965 5170 2209 5224 Bzovio:
2256 5167 2532 5237 mirorque
2581 5168 2660 5222 sic
2712 5183 2902 5222 omnes
2944 5169 3043 5220 ista
3093 5167 3376 5223 dcvorarc.
3426 5180 3525 5220 nec

1964 5243 2091 5310 quid
2153 5241 2394 5309 scrupuli
2445 5253 2504 5290 ea
2552 5237 3264 5310 Curopalatzchauctoritas
3295 5237 3523 5310 ingerat,

1964 5303 2197 5377 aperire.
2236 5303 2596 5365 Consentium
2621 5303 2740 5360 actia
2777 5309 2833 5360 ὃ.
2873 5306 3094 5362 Niconis
3125 5307 3193 5358 “2.7
3225 5303 3522 5377 Novendir.

1963 5376 2161 5448 quibus
2189 5382 2415 5434 habetur
2429 5378 2596 5431 fuisse
2621 5388 2746 5448 tunc
2769 5377 2925 5431 [idem
2964 5392 3096 5445 pene
3118 5376 3440 5448 exsdnctant
3471 5377 3522 5427 in

1963 5445 2025 5505 ea
2078 5451 2271 5512 insula,
2323 5465 2351 5502 a
2395 5450 2653 5502 diuturna
2698 5445 3090 5501 Saracenorum
3139 5445 3524 5514 occupatione,

1963 5538 2085 5576 cum
2142 5535 2236 5574 eos
2293 5517 2522 5572 Romani
2578 5517 2700 5571 inde
2755 5519 3097 5586 expulerunt.
3153 5516 3526 5586 Quadraginta

1965 5602 2143 5645 autem
2193 5604 2458 5642 annorum
2511 5585 2989 5656 occupatio,’haud
3037 5595 3182 5640 tanta
3220 5585 3391 5639 videri
3427 5601 3524 5654 po-

1967 5671 2088 5723 test,
2123 5676 2242 5728 quze
2271 5675 2336 5712 ne
2371 5661 2434 5710 ad
2462 5655 2682 5711 ultimos
2713 5659 2930 5726 quidem
2960 5657 3162 5711 Nicolai
3192 5655 3523 5728 antms,ipri-

1965 5727 2190 5800 mosque
2213 5729 2392 5783 Basilii
2421 5729 2764 5800 ittiperatoris
2788 5732 3118 5800 pervenerit,
3147 5727 3318 5782 multo
3341 5727 3521 5783 minus

1964 5804 2028 5855 at!
2065 5797 2304 5870 tctnpora
2335 5798 2540 5869 pt'arl'ati
2566 5797 2872 5867 Nicephori.
