3978 6582
239 390 344 454 869

1335 387 1512 449 YITA
1554 388 1614 450 S.
1650 386 1957 448 NICOLAI
1999 384 2366 446 STUDIT/E.

3369 383 3479 446 8'70

220 498 577 561 κλεεστάτοις
608 495 895 567 ὀμαίμοσι,
936 496 1071 566 πρὸς
1123 494 1222 567 τὴν
1258 499 1314 551 ὲν
1349 497 1617 567 πνεύματι
1654 498 1798 550 λειτο

1913 496 2028 565 rjus
2061 495 2391 549 clarissimis
2423 492 2706 556 fratribus,
2754 490 3097 563 corporalem
3147 499 3360 548 aetatem
3408 499 3476 549 ad

228 594 487 667 ουργείαν
540 594 641 663 τὴν
686 589 778 643 τοῦ
826 589 1092 658 σώματος)
1124 590 1342 659 ἠλικίαν
1382 589 1676 657 ἀνάγοντες
1714 588 1800 652 ἑξ-

221 690 535 743 επαίδευον.
560 685 633 737 Τὸ
658 683 765 755 γὰρ
784 684 846 737 ὲκ
874 683 1107 754 βρέφους
1130 683 1242 751 τῆς·
1260 682 1477 751 φύσεως
1501 681 1707 734 ἁπαλόν
1740 697 1800 733 τε

223 783 324 837 καὶ
350 780 597 844 ἔκλυτον,
620 776 823 847 ἥκιστα
851 775 931 845 τῷ
966 774 1359 845 καθοδηγοῦντι
1403 772 1797 845 ὲκτραχυνθείη

225 876 368 947 πρὸς
397 874 535 943 ὅπερ
573 871 668 924 καὶ
698 868 969 941 βούλεται.
1015 868 1115 922 Διά
1157 867 1317 921 τοῦτο
1348 867 1553 937 πολλῆς
1585 868 1682 937 τῆς
1708 868 1801 937 νή·

222 966 374 1034 ψεως
394 964 531 1034 πρὸς
564 962 633 1016 τά
656 961 891 1033 κρείττω
915 978 928 993 ·
958 960 1279 1031 πλειοτέρας
1310 960 1368 1014 δὲ
1395 962 1490 1015 καὶ
1507 961 1608 1030 τῆς
1629 975 1799 1031 προσ-

222 1057 382 1126 οχῆς.
413 1055 509 1109 τοῦ
572 1055 647 1125 μὴ
710 1053 988 1124 ἑτεροίως,
1030 1054 1064 1124 ἦ
1114 1052 1191 1116 ὡς
1232 1052 1402 1124 ὲχρῆν
1454 1052 1677 1121 ἀνάγειν
1706 1052 1799 1105 τὸν

220 1144 639 1213 παιδευόμενον.
668 1142 815 1213 Πλὴν
863 1140 939 1204 ώς
984 1142 1085 1210 τῆς
1132 1138 1464 1210 Ἐκκλησίας
1513 1138 1796 1210 τρόφιμοι,

221 1238 290 1294 δι’
334 1235 510 1305 αὐτῆς
547 1234 643 1289 καὶ
672 1232 861 1287 τοῦτον
898 1220 1231 1301 ἀνέτρεχφονο
1257 1231 1579 1303 γράμμασιν
1610 1230 1796 1293 αὐτὸν,

221 1328 325 1383 καὶ⁵
361 1329 475 1391 τοῖς
504 1327 604 1396 τῆς
629 1324 916 1388 εὐσεϐείας
939 1323 1159 1393 θεσμοῖς
1183 1323 1613 1387 ἐκδιδάσκοντες.
1635 1322 1800 1377 Ὅθεν

220 1420 328 1489 τὴν
355 1418 532 1489 ἀρχὴν
557 1416 795 1487 ἀρίστως
826 1414 1000 1478 οὕτως
1034 1415 1142 1467 ὑπὸ
1187 1415 1297 1467 τῶν
1324 1414 1609 1484 φυσάντων
1648 1412 1800 1483 αὐτῷ

227 1513 358 1582 |leg.
394 1507 579 1579 αὐτόν]
605 1507 994 1562 διαπλάττεται
1021 1506 1219 1560 πλάσιν
1240 1507 1338 1577 τὴν
1369 1508 1599 1578 ἀρίστην
1623 1522 1685 1559 τε
1705 1505 1801 1558 καὶ

222 1579 630 1673 καθαρωτάτην
653 1616 668 1631 ο
697 1602 764 1671 ἢν
804 1598 1067 1672 ἡμερινὴν
1104 1597 1182 1669 (5)
1206 1602 1234 1653 ὁ
1264 1600 1406 1663 θεῖος
1434 1600 1593 1661 Δριϐὶδ
1619 1598 1800 1662 καλῶς
1820 1579 1831 1587 ’

220 1695 511 1766 ὀνομάζει,
537 1694 629 1745 καὶ
658 1692 759 1761 τῆς
796 1692 1121 1760 νυκτερινῆς
1143 1692 1425 1745 ἀντίθετον
1643 1761 1648 1766 ι

306 1787 399 1849 Ὠς
440 1785 498 1840 δὲ
535 1783 721 1836 λοιπὸν
759 1783 792 1852 ἠ
823 1781 924 1851 τῆς
964 1781 1183 1853 ἡλικίας
1236 1783 1388 1851 ἀκμὴ
1423 1780 1518 1849 τὴν
1572 1780 1798 1853 πρώτην

1905 591 2108 644 cultum
2168 589 2222 643 in
2280 588 2473 658 spiritu
2534 586 2923 649 subvehentes,
2974 585 3263 640 docebant.
3313 585 3477 640 Pueri

1901 680 2046 735 enim
2078 688 2265 735 tenera
2293 694 2358 733 ac
2383 679 2560 734 facilis
2588 688 2803 739 natura,
2837 678 3256 749 haudquaqttam
3290 678 3480 733 durior

1901 773 2187 827 obnitatur
2208 772 2272 825 ad
2291 771 2654 841 quodcunque
2689 771 2903 825 ductori
2931 771 3214 839 placuerit.
3243 769 3476 834 Idcirco,

1902 878 2082 934 opera:
2116 864 2350 933 pretium
2395 865 2577 919 multa:
2628 865 2966 931 sobrietatis,
2994 873 3055 918 ut
3105 864 3173 918 ad
3204 863 3427 917 meliora
3460 880 3477 930 ;

1902 958 2187 1027 amplioris
2219 972 2348 1012 vero
2383 958 2546 1012 etiam
2570 957 2869 1027 diligentiae
2900 973 2964 1013 ac
2987 954 3396 1022 sollicitudinis,
3422 964 3481 1007 ut

1903 1064 1973 1104 ne
2018 1063 2178 1104 secus
2228 1058 2395 1119 atque
2444 1058 2661 1120 oportet
2709 1050 3038 1119 discipulum
3089 1048 3353 1118 provehat
3416 1063 3481 1100 ae

1902 1142 2173 1198 instituat.
2224 1140 2492 1198 Ceterum
2545 1143 2622 1196 illi
2666 1157 2765 1197 ceu
2818 1142 3025 1196 alumni
3053 1139 3333 1204 Ecclesiae,
3382 1153 3480 1208 per

1900 1249 2021 1290 eam
2050 1250 2269 1305 quoque
2297 1234 2643 1289 educandum
2683 1242 2973 1299 curarunt,
3008 1232 3207 1288 litteris
3230 1230 3469 1285 edocen-

1901 1337 1983 1381 tes
2012 1341 2075 1380 ac
2106 1326 2321 1396 pietatis
2352 1325 2526 1380 scitis.
2575 1325 2667 1380 Sic
2693 1341 2821 1396 ergo
2851 1326 3075 1395 optime,
3115 1324 3379 1394 optimam
3412 1336 3479 1375 ac

1899 1419 2252 1491 purissimam
2278 1434 2308 1472 a
2344 1418 2660 1489 parentibus
2686 1418 2803 1473 suis
2837 1416 3223 1472 formationem
3256 1431 3286 1469 a
3320 1414 3475 1484 prinv

1901 1512 2043 1583 cipio
2071 1511 2360 1576 formatur,
2394 1525 2558 1581 quam
2589 1510 2728 1565 bene
2764 1509 3111 1565 admirabilis
3136 1507 3327 1570 David,
3363 1522 3481 1561 ma-

1899 1605 2158 1669 tutiuam,
2191 1618 2256 1659 ac
2287 1612 2568 1659 nocturnae
2592 1603 2924 1673 oppositam,
2950 1601 3083 1656 dicit
3101 1600 3149 1653 '.

1973 1788 2076 1845 Ubi
2100 1788 2213 1856 jam
2243 1796 2424 1841 autem
2451 1785 2631 1841 aetatis
2676 1785 2776 1841 llos
2810 1784 3043 1855 primam
3076 1795 3345 1837 annorum
3376 1780 3475 1835 de-

218 1878 428 1933 δεκάδα
455 1878 565 1929 τῶν
603 1875 809 1945 χρόνων
835 1874 1131 1947 ἠρίθμησε,
1162 1873 1259 1929 καὶ
1296 1876 1329 1944 ἡ
1378 1874 1486 1927 τῶν
1516 1874 1795 1942 στοιχείων

1913 1882 2094 1936 eadem
2116 1887 2482 1944 numerasset,
2517 1886 2879 1949 perceptaque
2907 1876 3196 1939 elementa,
3219 1873 3360 1942 quod
3387 1888 3477 1927 sa-

220 1968 535 2038 κατάληψις
591 1966 865 2037 ἀρκοῦσαν
894 1967 971 2036 τῷ
1018 1968 1126 2037 νέῳ
1173 1967 1273 2037 τὴν
1307 1966 1666 2037 προπαιδείαν
1695 1966 1803 2019 τῶν

223 2061 571 2132 μαθημάτων
624 2059 700 2129 (6)
758 2058 1077 2129 ἐγνώρισεν,
1110 2058 1217 2111 ἔδει
1254 2059 1311 2111 δὲ
1362 2060 1526 2112 αὑτὸν
1570 2058 1800 2124 ἄνωθεν,

222 2153 336 2206 ὑπὸ
356 2151 451 2205 τοῦ
478 2151 691 2220 Πατρὸς
716 2150 822 2203 τῶν
843 2150 1038 2220 φώτων
1070 2148 1428 2220 καλούμενον,
1451 2150 1550 2221 τὴν
1577 2150 1804 2220 πρώτην

222 2238 387 2307 αὖθις
434 2241 669 2313 βαθμίδα
703 2242 811 2294 τῶν
869 2242 1243 2312 μακαρισμῶν
1288 2242 1670 2310 ἐπιϐήσεσθαι,
1710 2242 1806 2295 καὶ

222 2335 549 2405 πτωχεῦσαι
580 2334 656 2405 τῷ
684 2334 975 2403 πνεύματι,
1006 2335 1098 2387 καὶ
1127 2333 1560 2388 συνταπεινῶσαι
1590 2333 1665 2403 τῷ
1699 2333 1806 2386 σώ-

224 2441 399 2497 ματι·
457 2425 554 2478 ἐπὶ
583 2426 643 2478 τὸ
678 2422 973 2489 Βυζάντιον
1011 2425 1163 2477 ἐνθεν
1216 2427 1282 2495 τῇ
1318 2424 1508 2477 πασῶν
1539 2423 1808 2495 προκαθε-

219 2520 436 2589 ξομένῃ
466 2518 572 2570 τῶν
604 2518 815 2571 πόλεων
849 2520 1069 2585 εἴσεισι,
1102 2518 1194 2571 καὶ
1224 2518 1357 2588 πρὸς
1386 2517 1447 2571 τὸ
1476 2517 1799 2588 περιφανὲς,

221 2612 326 2665 καὶ
358 2610 634 2681 περίδοξον
668 2613 769 2679 τῆς
818 2612 1025 2680 ἀρετῆς
1071 2610 1491 2679 παιδευτήριον·
1546 2610 1609 2662 τὸ
1662 2610 1805 2680 μέγα

223 2702 379 2773 φημὶ
414 2701 695 2755 κοινώϐιον
720 2701 828 2755 τῶν
862 2701 955 2754 τοῦ
991 2701 1241 2755 Στουδίου
1270 2716 1284 2731 ο
1309 2700 1445 2770 πρὸς
1473 2700 1566 2754 τὸν
1596 2702 1661 2753 ἐκ
1695 2717 1804 2754 πα-

220 2795 359 2865 τρὸς
388 2792 554 2847 αὐτοῦ
583 2792 723 2846 θεῖον
750 2792 988 2864 τοῦνομα
1020 2793 1324 2862 Θεοφάνην,
1357 2793 1433 2855 ὡς
1472 2792 1636 2846 αὑτὸν
1684 2809 1808 2845 κατ-

221 2887 527 2956 οψόμενος,
556 2886 661 2940 ὑπὸ
692 2885 801 2939 τῶν
826 2886 1166 2957 γεννητόρων
1194 2884 1668 2949 ὲξαποστέλλεται.
1701 2880 1809 2937 Ἶίν

223 2984 343 3053 γὰρ
380 2974 537 3043 οὗτος
586 2980 767 3031 ἐκεῖσε
813 2980 913 3047 τῆς
962 2978 1268 3047 άσκητικῆς
1328 2978 1671 3049 παλαίστρας
1714 2979 1810 3032 καὶ

222 3074 538 3143 γυμνάσιον
578 3069 981 3141 μετερχόμενος
1009 3086 1023 3101 ·
1059 3069 1184 3139 ἄρτι
1226 3069 1322 3122 τοῦ
1355 3070 1660 3141 παμφαοῦς
1697 3088 1810 3139 φω-

225 3165 458 3233 στῆρος,
512 3162 606 3215 καὶ
641 3161 882 3231 μεγάλου
916 3161 1017 3231 τῆς
1064 3152 1321 3231 ἀληθείάς
1374 3164 1663 3233 προμάχου
1718 3164 1811 3215 καὶ

1907 1975 1976 2029 tis
2002 1982 2140 2039 erat,
2174 1971 2391 2042 juvenis
2411 1974 2654 2026 animum
2684 1970 2748 2024 ad
2774 1970 3133 2039 capessendas
3160 1966 3479 2034 disciplinas

1908 2064 2273 2125 formassent;
2298 2077 2421 2116 cum
2448 2060 2681 2131 primum
2705 2074 2893 2112 rursus
2920 2056 3323 2112 beatitudinum
3352 2069 3482 2124 gra-

1909 2156 2061 2220 dum,
2080 2169 2111 2217 a
2137 2153 2293 2209 Patre
2318 2154 2581 2207 luminum
2607 2151 2674 2206 de
2698 2151 2837 2206 creto
2867 2158 3093 2204 vocatus
3114 2147 3486 2203 conscendere

1910 2246 2154 2308 deberet,
2186 2259 2251 2298 ac
2270 2259 2563 2314 pauperem
2599 2242 2798 2313 spiritu
2835 2241 2974 2308 fieri,
3007 2240 3327 2310 pariterque
3358 2252 3485 2291 cor-

1909 2352 2041 2408 pore
2072 2335 2375 2398 humiliari,
2404 2333 2726 2405 Byzantium
2757 2334 2973 2387 urbium
3000 2330 3248 2386 omnium
3278 2326 3484 2398 princi~

1908 2443 2029 2498 pem
2066 2426 2391 2497 ingreditur,
2423 2435 2589 2496 atque
2621 2425 2687 2479 ad
2729 2424 2938 2479 illustre
2985 2438 3050 2477 ac
3101 2420 3474 2475 clarissimum

1908 2519 2128 2574 virtutis
2154 2518 2527 2590 gymnasium,
2556 2532 2839 2587 magnum,
2866 2515 3116 2584 inquam,
3145 2512 3484 2567 Studitarum

1909 2614 2246 2677 emnobium,
2284 2612 2348 2666 ad
2392 2619 2647 2681 patruum
2680 2610 2904 2664 nomine
2930 2606 3314 2676 Theophanem
3344 2602 3488 2658 velut

1914 2703 2183 2758 invisendi
2234 2717 2425 2766 causa,
2476 2716 2506 2755 a
2542 2700 2864 2770 parentibus
2922 2697 3180 2752 mittitur.
3238 2693 3290 2749 ls
3340 2693 3485 2747 enim

1913 2794 2021 2848 illic
2058 2794 2306 2847 aseetiea:
2326 2792 2588 2862 palaastrae
2615 2790 2948 2844 exercitator
2977 2786 3195 2858 agebat,
3225 2799 3351 2839 cum
3380 2798 3488 2836 nu—

1910 2905 2006 2960 per
2038 2889 2437 2943 lucidissimutn
2486 2886 2782 2950 luminare,
2838 2898 2903 2938 ac
2950 2897 3184 2952 magnus
3243 2876 3489 2935 veritatis

1912 2980 2171 3036 defensor
2196 2996 2260 3033 ac
2297 2995 2478 3049 prteco
2500 2976 2846 3041 Theodorus,
2878 2973 3178 3046 spiritalem
3202 2971 3347 3025 illam
3379 2968 3490 3022 fra-

1914 3080 2057 3125 trum
2117 3070 2297 3123 navim
2356 3068 2696 3138 dirigendam
2752 3065 3107 3134 suscepisset,
3161 3063 3491 3132 piorumque

1915 3165 2229 3233 dogmatum
2266 3160 2555 3231 splendore
2584 3160 2771 3214 orbem
2804 3168 2976 3213 totum
3006 3156 3333 3210 illustraret.

225 3259 476 3328 κήρυκος
502 3254 801 3327 Θεοδώρου,
824 3254 922 3325 τὴν
952 3255 1328 3327 πνευματικὴν
1364 3257 1579 3328 ἐκείνην
1643 3258 1843 3313 ὁλκάδα
1878 3260 1987 3314 τῶν
2046 3257 2294 3329 ἀδελφῶν
2371 3256 2721 3323 διιθύνοντος,
2777 3255 2872 3308 καὶ
2908 3254 3022 3317 τοῖς
3065 3253 3165 3324 τῆς
3210 3246 3492 3312 εὐσεϐείας

223 3356 468 3423 δόγμασι
517 3353 617 3424 τὴν
644 3353 971 3424 οἰκουμένην
1001 3353 1221 3408 ἃπασαν
1272 3358 1803 3426 καταστράπτοντος.

315 3447 375 3500 Ὀ
432 3442 524 3499 οὖν
573 3445 669 3516 τῆς
717 3445 1039 3513 θεονρανείας
1088 3444 1406 3515 ἐπώνυμος,

225 3539 327 3590 τὸν
374 3535 688 3605 ἀδελφιδοῦν
736 3536 1204 3607 προσλαϐόμενος,
1255 3539 1674 3607 κατησπάσατο,
1711 3540 1808 3592 καὶ

227 3627 374 3697 πρὸς
402 3626 464 3679 τὸ
486 3625 806 3697 φερώνυμον
828 3627 922 3680 τοῦ
952 3627 1053 3697 τῆς
1102 3628 1434 3699 Ἐκκλησίας
1461 3630 1632 3701 δῶρον
1656 3631 1810 3685 εὐλο-

227 3720 476 3792 γηθῆναι
523 3719 613 3771 τὸν
649 3718 815 3771 παῖδα
864 3722 1257 3791 προσήνεγκεν.
1312 3722 1371 3774 '0
1403 3721 1460 3775 δὲ
1494 3722 1813 3793 πυρσολαμ-

229 3814 343 3881 sti};
374 3811 475 3881 τῆς
506 3810 790 3873 εὐσεϐείας
839 3812 1046 3874 ἐκεῖνος
1083 3812 1344 3885 σπινθὴρ,
1374 3814 1435 3866 τὸ
1466 3814 1681 3868 ἀστεῖον
1719 3815 1814 3869 τοῦ

230 3906 387 3970 νέου,
424 3902 521 3957 κα)⁵
546 3901 606 3955 τὸ
630 3902 766 3971 πρὸς
802 3904 900 3973 τὴν
924 3905 1021 3974 τῆς
1053 3904 1254 3975 ἀρετῆς
1296 3906 1636 3977 ἐπανάληψιν
1673 3909 1812 3978 χρή-

232 4013 401 4067 σιμον
431 3994 507 4064 τῷ
543 3994 889 4066 προορατικῴ
936 3995 1148 4066 ὄμματι
1195 3998 1554 4068 θεασάμενος,
1592 4000 1814 4070 εὐλογή-

236 4105 340 4149 σας
366 4084 575 4150 τοῦτον,
615 4086 865 4138 ἐκέλευσε
890 4086 977 4139 διὰ
1018 4088 1079 4140 τὸ
1110 4088 1231 4141 νέον
1263 4088 1363 4157 τῆς
1396 4088 1633 4159 ἡλικίας,
1677 4090 1813 4160 πρὸς

232 4180 298 4230 τὸ
334 4178 559 4247 ἔναγχος
587 4177 682 4246 τῆς
725 4178 892 4247 μονῆς
923 4178 1270 4247 καταγώγιον
1298 4180 1406 4233 τῶν
1436 4180 1663 4247 παίδων,
1703 4187 1817 4245 τοῖς

234 4268 462 4339 ὀμίληξι
494 4268 938 4334 συναυλίζεσθαι,
971 4270 1070 4343 τὴν
1099 4271 1208 4324 τῶν
1247 4273 1593 4342 γραμμάτων
1626 4275 1821 4326 ἐκπαι-

1463 3447 1804 3520 φιλοφρόνως

1978 3448 2023 3503 Α
2080 3446 2261 3503 divina
2333 3460 2463 3517 ergo
2523 3444 2865 3516 apparitione
2928 3443 3158 3499 sortitus
3208 3456 3407 3496 nomen
3470 3458 3489 3497 :

1908 3542 2292 3612 Theophanes,
2350 3550 2663 3609 susceptum
2712 3547 2962 3592 amanter
3012 3546 3265 3606 nepotem
3324 3550 3494 3590 oscu-

1909 3634 2055 3689 latus
2084 3642 2188 3696 est,
2231 3647 2573 3703 puerumque
2604 3631 2862 3685 Ecclesiae
2892 3631 3037 3684 dono
3062 3629 3139 3682 illi
3170 3643 3267 3698 pro
3305 3626 3488 3681 nomi-

1912 3729 2000 3783 nis
2036 3727 2267 3790 ratione,
2303 3724 2593 3779 Tbeodoro
2649 3724 2882 3790 scilicet,
2931 3722 3051 3791 ejus
3101 3721 3484 3775 benedictione

1914 3821 2251 3886 donandum,
2276 3820 2492 3874 obtulit.
2532 3819 2580 3873 Is
2610 3828 2817 3884 autent,
2853 3816 3068 3887 igneos,
3107 3816 3352 3884 inquam,
3386 3811 3495 3866 ful-

1921 3929 2078 3984 gores
2144 3914 2358 3968 micans
2426 3911 2661 3966 scintilla
2718 3911 2979 3979 pietatis,
3038 3907 3279 3961 urbanos
3332 3904 3490 3974 pueri

1923 4021 2148 4071 mores,
2206 4016 2507 4074 aptumque
2572 4003 2794 4057 virtutis
2845 4000 3183 4072 perceptioni
3246 3998 3491 4051 animum

1920 4100 2148 4166 provido
2177 4099 2339 4153 oculo
2390 4096 2771 4166 conspicatus,
2800 4110 2925 4149 eum
2970 4092 3271 4153 benedixit,
3300 4088 3495 4159 jussit-

1916 4206 2046 4261 que,
2078 4192 2219 4260 quod
2241 4197 2388 4244 esset
2420 4188 2783 4242 immaturiori
2810 4194 2990 4249 mtate,
3023 4185 3163 4239 utin
3192 4196 3493 4254 puerorum

1916 4281 2242 4346 diversorio,
2279 4281 2420 4335 haud
2464 4281 2624 4349 longe
2651 4296 2679 4334 a
2717 4278 3074 4340 monasterio,
3105 4277 3311 4331 litteras
3362 4275 3494 4331 edo-

233 4363 529 4431 δευόμενον
566 4360 825 4431 μάθησιν.
876 4364 1149 4435 Ἧρτηντο
1196 4365 1305 4435 γάρ
1362 4366 1503 4429 ἰδίως
1535 4367 1597 4419 οὐ
1630 4368 1808 4437 πὸρῤα

1919 4374 2149 4437 cemlus,
2175 4389 2280 4426 una
2316 4389 2439 4427 cum
2467 4373 2650 4442 pueris
2672 4370 2963 4426 comtaneis
2997 4369 3259 4423 hactenus
3287 4374 3491 4438 ageret.

238 4470 348 4506 που
380 4454 484 4523 τῆς
514 4454 679 4524 μονῆς
714 4454 819 4507 ὑπὸ
843 4455 939 4509 τοῦ
992 4457 1231 4526 μεγάλου
1263 4458 1320 4511 ἐν
1350 4459 1431 4511 ἑνὶ
1482 4458 1742 4531 δωματίῳ
1771 4462 1808 4513 oi

1915 4466 2160 4535 Agebant
2196 4465 2343 4519 enim
2396 4464 2627 4519 scorsim
2674 4464 2777 4517 sub
2822 4478 3022 4533 magno
3059 4461 3174 4524 illo,
3236 4462 3288 4514 in
3332 4460 3496 4514 domo

239 4544 436 4608 παῖδες
462 4546 549 4597 ἀεὶ
575 4545 970 4616 διατρίϐοντες,
1000 4549 1097 4619 τὴν
1129 4550 1193 4602 ὲκ
1222 4549 1429 4604 τούτων
1454 4552 1808 4621 ὲγγινομένην

1922 4557 2156 4625 quadam
2197 4557 2532 4610 monasterio
2556 4556 2754 4618 vicina,
2787 4555 2901 4624 jugi
2931 4554 3291 4609 contubernio
3315 4552 3493 4622 pueri,

174 4707 179 4710 Α
237 4639 357 4701 τοῖς
399 4638 667 4707 ἀσκηταῖς
721 4637 967 4710 ὄχλησιν,
1011 4640 1304 4696 κάντεῦθεν
1336 4641 1411 4706 ὡς
1456 4642 1676 4713 ἄριστος
1707 4645 1808 4697 τῶν

1925 4650 1998 4704 ita
2026 4663 2090 4702 co
2111 4656 2358 4714 ravente,
2388 4664 2487 4705 ceu
2518 4648 2826 4702 animorum
2847 4646 3108 4718 praeclaro
3131 4646 3496 4709 moderatore,

312 4823 332 4853 ⁸
360 4821 505 4879 Psal.
541 4838 801 4890 cxxxvnt,
833 4823 921 4878 l7.

1394 4919 1650 4976 FRANC.
1680 4916 2064 4976 COMBEFlSll
2100 4914 2332 4972 NOTAE.

316 5056 393 5127 (5)
442 5052 616 5127 Legit?
644 5063 853 5115 auctor,
900 5062 961 5107 ut
1001 5062 1056 5109 et
1098 5055 1293 5127 reliqui
1332 5060 1623 5114 accusandi
1665 5076 1817 5126 casu,

242 5128 491 5199 ἡμέρας·
518 5136 578 5180 ιιι
605 5126 946 5199 intelligatur
980 5128 1283 5194 propositio
1306 5131 1468 5194 κατά,
1500 5132 1699 5198 sitque,
1730 5148 1823 5199 per

242 5196 375 5252 dies
419 5196 792 5270 formabuntur
824 5204 969 5270 τιν’
1037 5206 1186 5262 D’D’,
1220 5216 1324 5252 non
1385 5209 1445 5253 ut
1473 5196 1610 5254 male
1629 5196 1824 5270 repim-

244 5266 875 5342 scntat_Corderius_i_n
914 5270 1236 5336 paraphrasi
1279 5271 1573 5342 Anonymi,
1616 5266 1823 5342 ἡμέραι

244 5338 676 5407 πλασθήσονται·
708 5337 800 5406 qui
828 5339 943 5460 i‘pse
972 5342 1317 5409 Anonytnus,
1356 5337 1580 5405 uti'alii,
1610 5337 1825 5412 ἡμέρας

244 5407 373 5460 legit
424 5409 776 5460 exnonitntte.
881 5423 1015 5460 ocus
1077 5420 1235 5460 οιιυιιι
1302 5411 1435 5460 citat
1488 5412 1706 5460 Aeetius
1755 5428 1817 5460 ex

244 5407 373 5480 legit
424 5409 776 5480 expo_nitqtte.
837 5407 1015 5464 Locus
1059 5407 1235 5480 quem
1302 5411 1435 5463 citat
1488 5407 1817 5480 Agelius'ex

248 5472 514 5549 Gregorio
552 5472 829 5551 Theologo
876 5490 1017 5551 orat.
1056 5472 1109 5532 in
1161 5472 1820 5551 Pentecosteufpulcher-

246 5562 420 5602 rtmus
452 5556 555 5621 enst,
587 5565 685 5603 nec
715 5550 857 5621 male
890 5550 1010 5605 istis
1042 5550 1294 5621 quadrat.
1317 5550 1626 5621 Distinguit
1667 5554 1812 5607 enim

248 5627 409 5672 etiam
458 5617 756 5688 Gregorius
809 5617 1072 5673 diurnam
1114 5617 1588 5677 fortttatiouctn'et
1629 5623 1682 5677 in
1739 5623 1817 5676 lu-

247 5689 413 5751 mine,
446 5704 474 5741 a
506 5699 775 5743 nocturna
804 5699 857 5743 et
886 5691 938 5743 in
968 5691 1221 5746 tenebris.

319 5760 394 5830 (6)
431 5759 571 5813 Sunt
603 5760 718 5829 ipsa
752 5762 922 5829 prima
961 5760 1259 5830 μαθήματα
1290 5776 1353 5815 ac
1384 5770 1529 5816 artes
1558 5762 1809 5820 liberales

252 5831 593 5901 προπαιδεία,
613 5846 677 5884 ac
703 5832 971 5886 institutio
1022 5832 1217 5901 [ll‘tL‘Via
1244 5834 1308 5885 ad
1329 5833 1726 5906 philoSOphiam
1753 5845 1807 5891 et

1927 5059 2275 5128 theologiam,
2304 5068 2361 5111 ut
2386 5066 2526 5110 recte
2549 5056 2815 5111 Buda'us:
2846 5056 2931 5112 hic
2964 5068 3144 5112 autem
3170 5057 3495 5127 προπαιδεία

1926 5131 2032 5185 alia
2083 5129 2264 5183 adhuc
2302 5130 2544 5181 anterior
2587 5128 2876 5191 indicatur,
2930 5145 2993 5183 ac
3041 5130 3192 5182 rudis
3243 5130 3492 5196 quaedam

1926 5202 2319 5255 elementorum
2368 5198 2579 5262 notitia,
2627 5200 2842 5267 qnaletn
2886 5200 3144 5253 decennis
3186 5210 3317 5252 tetas
3355 5198 3496 5253 ferre

1928 5280 2178 5341 poterat:
2213 5267 2424 5341 fuitque
2466 5268 2624 5336 plane
2656 5269 2929 5322 'l'beodori
2979 5270 3313 5341 prudentim,
3335 5278 3393 5323 ut
3429 5286 3496 5322 ne

1929 5338 2113 5396 statim
2180 5338 2573 5392 monachorum
2641 5340 2809 5393 choro
2870 5341 3161 5410 adlegeret,
3224 5339 3317 5392 sed
3367 5355 3493 5393 cum

1929 5411 2133 5481 pueris,
2179 5426 2242 5463 ac
2296 5423 2591 5479 puerorum
2650 5410 3493 5481 scholarextra_ntonasterium

1924 5478 2266 5534 educandum
2297 5478 2539 5541 curaret,
2571 5496 2633 5535 ac
2662 5480 2964 5548 disciplinis
3004 5478 3360 5535 inbuendum.
3397 5480 3497 5535 lla-

1924 5552 2159 5605 buerunt
2196 5550 2391 5603 nedum
2431 5550 2659 5605 Studitze
2700 5552 2974 5617 ejusmodi
3020 5551 3259 5611 scholas,
3312 5552 3406 5606 sed
3442 5562 3497 5605 et

1921 5619 2280 5683 Benedirtini,
2313 5622 2365 5675 in
2399 5637 2632 5690 quorum
2670 5621 2798 5674 olim
2832 5621 2943 5675 fere
2975 5620 3243 5676 coenobiis
3272 5622 3498 5677 fuerunt

1917 5691 2261 5760 superstites,
2314 5700 2371 5745 nt
2427 5704 2480 5745 et.
2534 5692 2707 5762 ipsius
2755 5692 3041 5762 theologia:
3099 5710 3112 5746 :
3166 5691 3245 5745 sic
3297 5693 3497 5761 ubique

1917 5762 2159 5844 Naaarzei
2202 5763 2307 5818 mei
2336 5764 2492 5833 gnavi
2530 5764 2751 5820 fuerunt
2796 5764 2853 5818 in
2896 5762 3112 5819 Domini
3161 5762 3321 5820 vinea
3360 5778 3495 5835 ope-

1912 5848 2063 5888 ram.
