3882 6474
471 301 567 364 871

1917 285 2116 349 ᾹΝΟΝ
2125 286 2163 346 Y
2174 287 2258 346 Ml

3587 279 3672 346 δτι

473 429 535 471 ιιι
567 431 633 471 nc
659 430 764 486 qua
793 413 918 468 inde
954 409 1242 466 monachis
1277 407 1525 464 molestia
1577 407 1745 462 ﬁeret.
1783 405 2039 459 I'rolicie‘

2173 402 2332 471 μυχῶν
2387 399 2636 469 κηδεμὼν
2681 397 3157 468 προμηθούμενος.
3199 394 3503 465 Προέκοτττε
3527 401 3674 455 τοίνυν

476 511 570 566 bat
597 525 725 578 ergo
771 508 1061 578 sapientia,
1114 515 1294 566 actate,
1341 519 1405 558 ac
1451 503 1625 572 gratia
1661 501 1705 556 ⁸.
1745 502 2042 568 mqualium

479 602 639 656 ludos
673 603 898 654 omnino
926 612 1184 652 aversans
1214 615 1226 651 :
1252 597 1448 666 quippe
1477 596 1567 666 qui
1595 612 1623 649 a
1657 610 1824 666 puero
1858 595 2050 648 admo-

483 698 612 750 dum
653 693 870 764 ingenio
905 692 1095 744 dexter
1144 703 1309 760 atque
1343 689 1564 742 sobrius
1594 695 1757 742 esset.
1794 685 2048 755 Superna

482 802 720 854 namque
771 783 1246 854 providentia.cui
1295 781 1553 836 mortales
1608 779 1841 833 diversis
1891 777 2054 831 donis

486 877 978 946 eoronariplacnit,
1003 878 1280 946 propriam
1311 876 1506 941 cuique
1564 871 1798 925 indolem
1853 882 2056 938 cogna-

477 980 597 1026 tam
637 969 747 1024 fere
799 969 1010 1032 indidit,
1069 978 1128 1022 ut
1178 969 1419 1021 videntes
1463 966 1671 1036 possint
1723 964 2055 1024 discernere,

478 1059 774 1130 Siquidem,
809 1068 863 1113 ut
907 1059 982 1112 ait
1013 1059 1231 1128 quidam
1295 1056 1522 1126 Sapiens
1558 1073 1570 1108 :
1607 1053 1864 1118 Amictus,
1912 1067 2059 1119 gres-

479 1167 694 1223 susque,
730 1168 794 1205 ac
817 1153 962 1205 risus
991 1153 1114 1216 viri,
1147 1151 1211 1204 de
1246 1151 1340 1203 illo
1374 1150 1724 1202 annuntiant.

554 1328 693 1395 Quia
722 1342 851 1383 vero
875 1341 974 1398 pro
1005 1327 1182 1381 artatis
1221 1325 1435 1379 ratione
1467 1321 1792 1392 provehens,
1831 1318 2063 1388 ingenue

481 1420 779 1476 admodum
821 1435 885 1474 ac
941 1421 1184 1474 studiose
1215 1417 1532 1484 disciplinas
1565 1413 1815 1484 praevias,
1847 1427 1912 1465 ac
1947 1410 2065 1479 qui-

495 1515 598 1567 bus
633 1513 700 1568 ad
743 1511 944 1582 majora
984 1512 1164 1565 aditus
1195 1505 1882 1580 perstruatnr,.didicerat,
1918 1502 2064 1570 jam.

500 1622 605 1676 que
661 1605 916 1674 deinceps
960 1604 1212 1673 pingendi
1259 1601 1544 1656 scientiam
1577 1612 1683 1666 qua
1727 1606 1875 1649 recte
1917 1593 2059 1648 scri-

493 1698 678 1759 batur,
722 1711 1039 1765 comparare
1095 1693 1382 1764 oportebat
1428 1708 1441 1744 :
1503 1691 1643 1743 hanc
1704 1685 2064 1740 nihilominus

484 1790 706 1844 abunde
756 1788 974 1856 adjecit,
1007 1786 1332 1840 utilissimus
1381 1782 1606 1837 ell‘cctus
1663 1779 1843 1834 scriba
1904 1777 2061 1831 velox

487 1887 698 1932 naturae
728 1879 1026 1942 celeritate,
1055 1891 1162 1946 qua
1193 1875 1428 1928 maxime
1467 1873 1651 1941 plures
1678 1879 2058 1937 comparatum

493 1971 714 2031 habent,
745 1984 857 2022 rem
888 1967 1157 2038 ejusmodi
1187 1979 1312 2020 cum
1351 1964 1505 2017 laude
1543 1970 1822 2030 praestare.
1858 1959 2062 2025 Quam-

491 2064 680 2118 obrem
724 2077 836 2116 suae
879 2061 934 2114 in
967 2059 1188 2115 Christo
1227 2054 1666 2111 conversationis
1729 2067 1832 2105 non
1873 2052 2062 2120 paucis

491 2157 638 2210 brevi
693 2155 1125 2224 experimentum
1195 2151 1468 2220 pr:rbeus,
1523 2147 1783 2202 omnibus
1832 2145 2064 2199 admira-

494 2249 627 2301 tioni
677 2246 1026 2311 habebatur;
1083 2242 1470 2311 communique
1533 2240 1844 2308 pricpusito,
1895 2236 2062 2290 animi

490 2336 705 2392 sulcum
737 2333 1116 2389 mandatorum
1158 2340 1343 2385 aratro
1391 2329 1637 2398 quotidie
1686 2327 1964 2380 scindente
2001 2339 2066 2380 ac

487 2429 790 2490 cxcolentc,
815 2425 1032 2479 virtutis
1078 2421 1400 2492 multiplicis
1460 2419 1672 2472 fructus
1723 2415 2055 2486 proferebat.

481 2522 728 2583 'l’rimus,
771 2527 944 2573 cmtus
969 2517 1147 2570 omnis
1186 2514 1499 2582 atqualium,
1533 2512 1776 2565 divinum
1810 2508 1899 2562 Dei
1936 2516 2069 2561 tem-

491 2613 664 2682 plum,
702 2611 754 2662 in
789 2625 899 2678 quo
937 2608 1226 2662 stationem
1259 2605 1554 2664 habebam.
1599 2600 2012 2670 ingrediebatur
2046 2616 2061 2664 ;

493 2702 852 2769 Omniumque
921 2698 1254 2752 novissimus
1311 2697 1404 2748 illo
1458 2695 1643 2749 exibat
1701 2710 1713 2746 :
1769 2706 1837 2745 ac
1895 2691 2068 2745 sacris

497 2791 716 2842 Patrum
747 2787 1156 2842 narrationibus
1189 2793 1395 2839 attente
1417 2800 1603 2838 aurem
1641 2783 1935 2846 inclinans,
1974 2798 2070 2835 eo-

499 2899 724 2953 rumque
749 2883 886 2938 sitas
916 2897 1011 2952 per
1032 2882 1148 2936 dies
1179 2882 1427 2950 singulos
1449 2895 1697 2942 versans,
1727 2878 1792 2932 ad
1828 2878 2069 2946 melioris

491 2975 783 3030 scientiam
861 2973 1207 3042 provchrns,
1275 2972 1534 3040 deinceps
1638 2970 2065 3024 illuminabatur.

2157 497 2336 567 σοφίᾳ.
2392 496 2486 546 καὶ
2519 493 2726 562 ἡλικίᾳ,
2762 493 2854 543 καὶ
2889 490 3104 558 χάριτι,
3152 488 3313 539 πάντι
3367 490 3457 548 τὰς
3505 491 3562 542 ἐκ
3591 496 3676 546 τῶν

2154 583 2410 655 ὁμοειδῶν
2465 582 2710 643 παιδειᾶις
2761 577 3317 646 ἑναποστρεφόμενος.
3355 574 3461 630 Ἶιν
3507 581 3678 649 γὰρὲχ

2156 678 2341 739 παιδος
2368 677 2488 728 λίαν
2525 674 2806 744 ἐντρεχὴς,
2839 674 2932 725 καὶ
2963 672 3244 741 νηφάλιος.
3287 670 3353 722 Ίί
3380 673 3486 739 γὰρ
3509 674 3681 730 ἀνωθεν

2155 773 2220 840 τῇ
2260 769 2490 839 διαφορᾷ
2540 767 2647 820 τῶν
2694 767 3055 836 χαρισμάτων
3101 763 3552 832 στεφηφορεῐσθαι
3583 765 3683 828 τοὺς

2161 863 2380 932 βροτοὺς
2429 861 2771 931 εὐδοκήσασα
2819 861 3070 930 πρόνοια,
3113 859 3312 910 οἰκεῖον
3364 851 3489 926 ἦθος
3527 856 3594 920 ὡς
3630 859 3685 911 τὰ

2159 953 2329 1006 πολλὰ
2354 954 2610 1021 συγγενὲς
2638 955 2768 1023 ἡμῖν
2796 953 2931 1022 πρὸς
2953 951 3051 1021 τὴν
3081 949 3188 1001 τῶν
3217 949 3468 1019 ὁρώντων
3493 949 3688 1016 διάγνω-

2163 1061 2245 1096 σιν
2273 1044 2612 1112 ἐδωρήσατο·
2647 1044 2804 1112 εἴπερ
2827 1043 2883 1105 ὃς
2916 1059 2998 1104 τις
3029 1041 3133 1109 ἔφη
3161 1039 3322 1107 σοφός
3347 1055 3362 1069 ·
3402 1037 3583 1104 Στολὴ
3611 1041 3686 1092 καί

2156 1133 2346 1202 βῆμα,
2379 1134 2476 1187 καί
2519 1137 2709 1204 γέλως
2740 1132 2982 1201 ἀνδρὸς,
3014 1133 3085 1185 τὰ
3136 1131 3268 1199 περὶ
3299 1130 3486 1183 αὐτοῦ
3535 1130 3688 1199 ἀναγεν

2163 1227 2510 1296 γέλλουσιν.

2247 1319 2398 1372 Ἐπεὶ
2423 1319 2478 1371 δὲ
2511 1318 2631 1372 καθ’
2669 1318 2881 1388 ἡλικίαν
2919 1314 3252 1388 προϐαίνων,
3289 1311 3390 1374 τὰς
3439 1313 3692 1378 εἰσαγωγι-

2165 1410 2268 1472 κάς
2299 1411 2564 1481 μαθήσεις
2595 1410 2806 1477 εὐφυῶς
2847 1408 2984 1475 ἄγαν
3011 1407 3106 1460 καὶ
3147 1403 3453 1474 φιλοπόνως
3490 1405 3690 1473 ἐξήσκη-

2167 1522 2278 1569 σεν,
2312 1507 2479 1576 ἐχρῆν
2516 1507 2572 1558 δὲ
2608 1504 2813 1568 λοιπὸν,
2851 1504 2944 1554 καὶ
2986 1497 3386 1570 γραμματικῆς
3419 1497 3538 1550 ὅσον
3584 1497 3692 1566 πρὸς

2165 1599 2226 1651 τὸ
2258 1600 2490 1667 γράφειν
2535 1598 2710 1670 ὀρθῶς
2733 1597 2834 1668 τὴν
2872 1595 3185 1664 ἐπιστήμην
3235 1589 3588 1661 πορίσασθαιο
3621 1590 3693 1644 καὶ

2171 1693 2376 1762 μέντοι,
2431 1692 2526 1745 καὶ
2571 1692 2774 1761 ταύτην
2817 1688 3172 1760 προσείληφε,
3215 1683 3562 1754 ταχυγράφος
3595 1683 3694 1734 ἀπο-

2168 1784 2388 1854 φανθεὶς
2419 1783 2838 1855 χρησιμώτατος
2865 1781 3107 1852 ὠκύτητι
3149 1779 3392 1848 φύσεως,
3425 1776 3489 1830 δι’
3517 1772 3578 1845 ἧς
3616 1776 3696 1845 μά·

2163 1875 2318 1930 λιστα
2345 1878 2453 1938 τοῖς
2482 1876 2692 1939 πολλοῖς
2715 1875 2784 1928 τὰ
2804 1873 3030 1928 τοιαῦτα
3066 1869 3467 1944 κατορθοῦσθαι
3487 1869 3693 1936 πεφύκει·

2167 1985 2268 2022 σιν.
2303 1967 2464 2022 Ὅθεν
2499 1969 2556 2020 ὲν
2582 1967 2746 2038 ὀλίγῳ
2769 1970 2966 2037 πεῖραν
3003 1967 3116 2028 τοῖς
3155 1963 3375 2026 πολλοῖς
3408 1963 3500 2031 τῆς
3542 1961 3692 2024 αὑτοῦ,

2165 2059 2222 2112 ὲν
2251 2060 2472 2129 Χριστῷ
2529 2059 2876 2129 ἀναστροφῆς
2930 2057 3348 2127 παρεχόμενος,
3397 2053 3696 2123 ἐθαυμάζετο

2169 2152 2266 2221 μὲν
2303 2151 2408 2203 ὑπὸ
2449 2151 2697 2205 πάντων·
2749 2151 2901 2221 παρά
2927 2148 2982 2202 δὲ
3008 2147 3086 2217 τῷ
3133 2145 3303 2215 κοινῷ
3336 2145 3605 2214 καθηγητῇ
3636 2143 3695 2212 τῷ

2167 2243 2380 2314 ἀρότρῳ
2394 2243 2502 2296 τῶν
2533 2243 2760 2297 ἐντολῶν
2774 2241 3062 2312 ὼσημὲραι
3080 2242 3181 2312 τὴν
3201 2241 3304 2310 τῆς
3329 2239 3504 2308 ψυχῆς
3523 2237 3696 2290 ablata.

2166 2336 2598 2406 γεωργούμενος,
2627 2335 2996 2406 ἔκαρποφόρει
3027 2334 3127 2404 τὴν
3171 2333 3400 2403 ἀρετὴν,
3441 2330 3696 2393 πολυειδεῖς

2167 2428 2293 2490 τοὺς
2339 2427 2587 2497 καρποὺς
2647 2425 3106 2494 προϐαλλόμενος.
3168 2422 3286 2494 Πρὸ
3355 2420 3565 2474 πάντων
3615 2419 3696 2472 τῶν

2167 2518 2465 2589 ὁμηλίκων,
2505 2520 2564 2570 ὲν
2619 2509 2771 2588 ᾧπερ
2834 2515 3114 2586 ηὐλίζοντο
3172 2513 3250 2583 τῷ
3301 2512 3431 2582 θείῳ
3475 2509 3579 2580 ναῷ
3625 2507 3697 2562 τοῦ

2169 2611 2303 2663 Θεοῦ
2354 2609 2753 2680 εἰσερχόμενος,
2800 2610 2894 2661 καὶ
2928 2606 3158 2668 ὕστατος
3203 2604 3430 2657 πάντων
3469 2605 3696 2672 ἐκπορευ-

2170 2703 2362 2772 όμενος
2383 2719 2396 2732 ·
2421 2702 2517 2772 τήν
2542 2719 2601 2754 τε
2632 2700 2800 2771 ἀκοὴν
2831 2697 3114 2771 προτεχῶς
3146 2697 3458 2750 ὑποκλίνων
3489 2698 3595 2758 ταῖς
3617 2694 3698 2746 τῶν

2171 2797 2425 2866 ῐΙατέρων
2462 2797 2633 2864 ἱεραῖς
2679 2796 2985 2865 διηγήσεσι,
3040 2791 3136 2842 καὶ
3189 2790 3404 2842 τούτων
3441 2790 3558 2851 τοὺς
3584 2787 3699 2856 βίους

2171 2889 2460 2942 ἀνελίττων
2492 2887 2774 2950 ἑκάστοτε,
2807 2884 3102 2953 ὲφωτίζετο
3132 2882 3324 2936 λοιπὸν
3366 2881 3498 2950 προς
3525 2882 3609 2949 τὴν
3628 2878 3699 2930 τοῦ

2172 2979 2476 3050 κρείττονος
2529 2977 2861 3052 ἀναγόμενος
2912 2975 3143 3045 εἴδησιν.
3204 2974 3298 3036 Ὠς
3337 2972 3444 3042 γὰρ
3465 2972 3616 3023 αἴτιον
3641 2970 3698 3038 τῷ

496 3063 584 3119 Uti
617 3067 762 3118 enim
807 3063 1052 3132 irrigatio
1101 3063 1353 3114 arborem
1404 3061 1795 3130 almndansquc
1840 3059 2065 3114 materia

2173 3069 2324 3141 φυτῷ
2391 3072 2424 3139 ἠ
2468 3070 2677 3138 ἀρδεία,
2741 3068 2836 3121 καὶ
2885 3068 2963 3137 τῷ
3010 3067 3146 3137 πυρὶ
3202 3065 3344 3135 πρὸς
3390 3063 3698 3129 ὑπόστασινὴ

485 3159 674 3228 ignem
721 3159 1026 3212 consistere
1091 3153 1240 3215 facit,
1283 3155 1366 3208 sic
1413 3168 1564 3217 sane,
1591 3168 1699 3221 qua
1749 3153 1965 3206 tandem
2015 3152 2070 3204 id

495 3249 708 3303 ratione
737 3247 1043 3316 acceperis,
1074 3245 1497 3316 gubernantium
1539 3260 1695 3308 cura,
1724 3244 2071 3314 sequentium

489 3350 579 3394 est
607 3341 840 3392 auctrix.

567 3429 686 3484 Jam
727 3440 910 3483 autem
944 3427 1015 3482 ab
1063 3427 1293 3483 imberbi
1343 3427 1397 3482 in
1434 3427 1608 3481 virum
1649 3436 1860 3488 auctus,
1898 3439 2074 3495 exque

495 3519 813 3590 imperfecta
852 3529 1012 3574 (etate
1063 3519 1354 3588 perlectam
1389 3530 1695 3578 assecutus,
1731 3517 1912 3574 carnis
1948 3533 2074 3572 sen-

497 3629 620 3669 sum
657 3613 979 3667 militantem
1020 3614 1283 3666 adversus
1330 3612 1558 3680 spiritus
1589 3613 1759 3679 legem
1807 3609 2074 3665 festinans

495 3706 814 3767 destruere,
858 3704 1245 3759 vestimentum
1295 3702 1485 3757 salutis
1529 3703 1638 3756 illic
1688 3701 1951 3756 detonsus
1991 3697 2090 3754 in?

497 3799 638 3863 duit,
667 3807 896 3852 ornante
925 3796 1180 3852 manibus
1209 3795 1326 3851 suis
1362 3804 1552 3850 saneto
1603 3793 1763 3848 Patre
1793 3804 1982 3848 nostro
2009 3807 2073 3846 ac

497 3891 812 3960 confessore
846 3887 1166 3953 Theodoro,
1230 3888 1475 3956 angelico
1530 3885 1926 3941 monachorum
1977 3884 2074 3940 ha-

500 3983 641 4038 bitu.

573 4156 743 4214 Plane
769 4159 915 4214 enim
952 4173 1050 4228 par
1081 4167 1219 4224 erat,
1254 4169 1314 4214 ut
1344 4174 1468 4213 cum
1504 4158 1665 4213 ambo
1697 4161 1865 4214 nmlta
1893 4169 2078 4214 essent

500 4253 676 4309 acturi
712 4268 810 4322 pro
857 4252 1052 4306 aemula
1106 4253 1336 4322 vivaque
1393 4252 1703 4307 iutemcrati
1744 4253 1946 4308 Christi
1981 4252 2075 4308 Dei

505 4344 676 4398 nostri
723 4343 1106 4409 similitudine,
1148 4345 1295 4399 velut
1327 4343 1467 4399 alius
1498 4345 1720 4414 quidatn
1754 4344 2076 4401 Timotheus

2172 3161 2402 3230 ἀφθονία
2427 3163 2525 3230 τῆς
2553 3159 2708 3231 ὕλης,
2743 3159 2916 3224 οῦτως
2950 3159 3226 3229 ὁποτέρως
3259 3156 3331 3210 ἂν
3379 3155 3555 3220 λάϐοις
3581 3156 3698 3208 αἰτία

2169 3257 2279 3309 τῶν
2309 3254 2613 3323 ἑπομένων,
2638 3255 2672 3324 ἡ
2701 3252 2808 3306 τῶν
2833 3249 3224 3322 κυϐερνώντων
3254 3248 3587 3316 καθέστηκεν
3611 3248 3699 3298 ἑπι-

2175 3345 2384 3416 μέλεια.

2246 3435 2386 3503 Ἤδη
2415 3433 2471 3487 δὲ
2507 3432 2641 3503 πρὸς
2686 3431 2884 3502 ἄνδρας
2915 3429 2974 3496 ἐξ
3001 3429 3269 3498 ἀγενείων
3305 3428 3491 3492 τελῶν,
3523 3431 3604 3480 καὶ
3628 3428 3702 3492 τῆς

2171 3525 2396 3588 ἀτελοῦς
2447 3525 2666 3594 ἡλικίας
2715 3524 2774 3576 τὸ
2796 3521 3002 3576 τέλειον
3050 3520 3519 3593 προσλαϐόμενος,
3553 3519 3702 3573 nisi

2171 3617 2426 3687 φρόνημα
2475 3615 2574 3684 τῆς
2615 3614 2819 3684 σαρκὸς
2844 3613 2906 3666 τὸ
2948 3613 3510 3684 ἀντιστρατευόμενον
3535 3611 3612 3663 τὸν
3637 3611 3700 3662 νό-

2179 3727 2277 3779 μον
2305 3708 2399 3762 τοῦ
2434 3707 2746 3777 πνεύματος
2780 3706 3110 3760 καταϐαλεῖν
3145 3706 3521 3775 ἐπειγόμενος,
3550 3706 3602 3757 τὸ
3627 3703 3700 3770 τῆς

2175 3801 2449 3873 σωτηρίας
2503 3802 2718 3870 ἱμάτιον
2773 3799 2924 3852 ἐνθεν
2971 3797 3314 3867 ἀποκαρθεὶς
3362 3796 3700 3854 ὲνδιδὺσκεται,

2177 3895 2269 3950 ὑπ’
2307 3894 2484 3948 αὐτῶν
2527 3892 2637 3946 τῶν
2667 3892 2866 3962 χειρῶν
2894 3890 2990 3944 τοῦ
3023 3891 3172 3943 ὁσίου
3205 3891 3422 3960 Πατρὸς
3448 3890 3609 3960 ἡμῶν,
3633 3889 3702 3939 καὶ

2176 3984 2506 4054 ὁμολογητοῦ
2552 3983 2828 4054 Θεοδώρου
2889 3982 2968 4052 τῷ
3001 3982 3288 4054 ἀγγελικῷ
3339 3983 3449 4036 τῶν
3499 3978 3700 4051 μοναχὼν

2179 4075 2620 4146 κατακοσμηθεὶς
2649 4075 3028 4144 ἀμφιάσματι.

2253 4168 2400 4221 Ἔδει
2449 4170 2556 4238 γὰρ
2599 4166 2727 4230 τοὺς
2781 4167 2972 4236 ἄμφω,
3024 4165 3192 4219 πολλὰ
3245 4168 3422 4218 τελεῖν
3461 4165 3702 4234 μέλλοντες

2177 4261 2319 4332 ὑπὲρ
2341 4262 2440 4328 τῆς
2473 4261 2749 4331 ἐμφεροῦς
2792 4260 3174 4329 παναχράντου
3210 4259 3451 4328 Χριστοῦ
3480 4258 3565 4310 τοῦ
3598 4254 3702 4308 θεοῦ

2177 4353 2335 4425 ἡμῶν
2367 4351 2698 4423 ὁμοιώσεως,
2750 4353 2826 4416 ὡς
2849 4353 3010 4406 ἄλλον
3037 4353 3157 4406 τινὰ
3205 4353 3346 4405 κατὰ
3383 4351 3578 4405 Παῦλον
3603 4351 3702 4402 ἀνα-

504 4436 558 4489 in
588 4450 791 4489 morem
822 4434 1001 4500 Pauli,
1056 4437 1378 4491 admirando
1411 4438 1538 4492 huic
1577 4438 1744 4508 pugili
1783 4453 2068 4508 regenera-

2178 4443 2502 4512 γεννηθῆναι
2561 4443 2737 4513 τούτῳ
2786 4443 2859 4514 τῷ
2908 4444 3197 4514 θαυμασίῳ
3251 4444 3434 4514 πύκτῃ
3467 4442 3701 4512 Τιμόθεον,

505 4537 676 4592 retur,
700 4541 811 4596 quo
837 4529 917 4582 sic
968 4543 1063 4597 per
1101 4544 1219 4594 eos,
1253 4531 1329 4584 uti
1363 4545 1457 4600 per
1500 4530 1775 4600 prmfatos,
1833 4541 2079 4588 curreret

505 4618 858 4688 I'Zvangelium
905 4630 1173 4673 nostrum.
1215 4621 1284 4674 Se
1329 4623 1474 4675 enim
1525 4631 1697 4675 totum
1752 4622 1944 4678 beatus
1993 4623 2081 4678 hic

501 4709 625 4779 ejus
655 4711 876 4764 tradens
908 4711 1195 4776 voluntati,
1233 4713 1380 4765 velut
1413 4713 1575 4766 homo
1613 4722 1747 4776 erat,
1780 4714 1924 4782 quod
1961 4730 2081 4784 spe-

502 4801 690 4854 ctabat
723 4801 787 4854 ad
823 4802 1036 4870 ipsum,
1070 4803 1346 4856 voluntate
1378 4817 1592 4869 carens,
1633 4806 1822 4872 procul
1866 4821 1930 4859 ac
1945 4807 2083 4860 1on-

500 4895 728 4964 gissime
777 4910 805 4948 a
843 4895 1061 4963 prepria
1109 4895 1284 4950 factus
1335 4897 1632 4950 voluntate.
1670 4896 1781 4951 Nec
1832 4915 1959 4952 vero
2010 4899 2076 4952 ad

501 4999 633 5038 eum
667 4993 896 5050 tantum,
930 4985 1057 5053 quin
1093 4993 1146 5037 et
1185 4984 1250 5038 ad
1288 4986 1426 5040 alios
1459 4985 1715 5056 deinceps
1751 5002 1946 5052 parvos
1981 5003 2077 5057 pa-

504 5077 638 5131 riter
665 5092 729 5131 ac
757 5092 1006 5142 magnos,
1036 5079 1282 5131 eamdem
1318 5078 1683 5132 obedientiam
1718 5079 1824 5132 leni
1869 5081 2075 5144 animo,

499 5168 736 5238 ejusque
765 5184 928 5224 sensu
962 5175 1266 5232 contracto,
1305 5169 1564 5238 praeclare
1600 5171 1946 5236 ostendebat;
1979 5187 2076 5226 ceu

502 5261 758 5330 qnazdam
803 5263 872 5316 ad
906 5275 1098 5315 omnes
1147 5262 1403 5317 inanimis
1435 5273 1635 5330 statua,
1666 5262 1852 5317 divino
1888 5267 2079 5320 timore

506 5354 688 5419 ﬁxus;
723 5354 979 5424 inersque
1008 5354 1076 5408 ad
1117 5354 1168 5406 id
1197 5369 1359 5408 omne
1390 5358 1534 5425 quod
1571 5355 1860 5411 insOIentia
1897 5374 1959 5412 ac
1989 5369 2076 5413 ze-

511 5448 624 5510 lus,
675 5445 964 5517 furorque,
1008 5461 1074 5500 ac
1123 5447 1202 5500 ira
1242 5456 1295 5500 et
1343 5449 1528 5502 odium
1583 5450 1828 5504 videatur
1865 5467 1878 5502 :
1914 5451 1984 5504 ita
2029 5462 2085 5504 ut

511 5539 732 5595 sodales
787 5541 1088 5596 monachos
1129 5546 1355 5610 stupore
1392 5540 1646 5610 alliceret,
1681 5543 1772 5614 qui
1820 5543 1934 5598 suis
1976 5545 2089 5614 ipse

563 5698 608 5728 "
630 5696 762 5752 Luc.
793 5714 854 5763 ιι,
881 5699 969 5752 59..
1048 5701 1068 5732 "
1109 5698 1284 5755 Eri-le.
1322 5701 1552 5770 stx,;‘27.

2179 4536 2244 4588 ἵν’
2275 4534 2416 4587 οὕτω
2447 4534 2514 4587 δι’
2535 4535 2865 4604 ἀμφοτέρων
2890 4535 3009 4588 κατ’
3034 4535 3296 4598 ἐκείνους,
3330 4536 3424 4588 καὶ
3454 4528 3545 4588 ὧδε
3572 4531 3701 4602 τρέχῃ

2177 4629 2236 4679 τὸ
2269 4627 2391 4680 καθ’
2420 4628 2568 4695 ἡμᾶς
2616 4627 2969 4695 Εὐαγγέλιον.
3009 4626 3168 4679 Ὄλον
3215 4627 3323 4696 γὰρ
3361 4629 3543 4684 ἑαυτὸν
3585 4624 3700 4678 ἐκδε-

2175 4717 2363 4780 δωκὼς
2392 4718 2576 4770 οὑτοσὶ
2606 4719 2633 4770 ὁ
2668 4718 2953 4781 πανόλϐιος
2978 4717 3054 4787 τῷ
3084 4719 3294 4771 ἐκείνου
3325 4721 3596 4789 θελήματι,
3627 4733 3697 4767 κα-

2181 4808 2358 4879 θάπερ
2408 4827 2492 4871 τις
2545 4811 2805 4880 ἀθέλητος
2865 4811 3148 4882 ἄνθρωπος
3177 4807 3244 4880 ἦν
3278 4814 3338 4866 τό
3373 4830 3434 4881 γε
3482 4815 3553 4873 εἰς
3579 4807 3704 4860 αὑτὸν

2183 4895 2334 4973 ἧκον,
2381 4903 2571 4974 πόρρω
2625 4903 2718 4956 καὶ
2755 4905 2973 4974 μακρὰν
3022 4906 3131 4958 τῶν
3182 4908 3401 4960 οἰκείων
3432 4904 3704 4974 θεληματων

2185 4995 2485 5064 γινόμενος.
2535 4995 2608 5048 Οὐ
2655 4997 2794 5067 πρὸς
2839 4998 3000 5050 αὐτὸν
3035 4998 3110 5062 δὲ,
3164 5000 3296 5052 ἀλλὰ
3329 5001 3423 5051 καὶ
3467 4998 3588 5068 πρὸς
3610 4995 3705 5053 τοὺς

2185 5086 2380 5155 ἑφεξῆς
2423 5085 2651 5156 μικρούς
2687 5105 2748 5140 τε
2786 5089 2876 5141 καὶ
2917 5090 3209 5158 μεγάλους,
3241 5091 3337 5160 τὴν
3369 5091 3531 5159 αὐτὴν
3557 5083 3704 5138 εὐπεί-

2186 5178 2334 5230 θειαν
2369 5178 2463 5230 καὶ
2499 5179 2748 5249 ὑπακοὴν
2779 5181 2968 5251 πράως
3000 5181 3136 5250 μετὰ
3166 5183 3260 5252 τῆς
3291 5183 3382 5234 τοῦ
3411 5181 3706 5252 φρονήματκ

2188 5270 2449 5340 συστολῆς
2477 5271 2822 5323 ἐπεδείκνυεν
2845 5290 2856 5301 ·
2883 5267 2995 5324 οἷον
3022 5291 3102 5335 τις
3127 5275 3328 5343 ἄψυχος
3355 5273 3560 5343 ἀνδριὰς
3587 5274 3707 5335 ἐστη-

2187 5361 2427 5432 λωμένος
2462 5363 2538 5434 τῷ
2580 5363 2709 5436 θείῳ
2735 5364 2836 5432 φόϐ
2857 5386 2882 5433 ρ
2915 5367 3050 5437 πρὸς
3083 5366 3363 5430 ἅπαντας*
3393 5368 3642 5437 ἄπρακτος
3663 5357 3707 5411 δὲ

2191 5455 2461 5525 διαμένων
2514 5457 2649 5528 πρὸς
2690 5459 2795 5510 πᾶν
2847 5457 2874 5509 ὃ
2908 5459 3210 5528 περπερεία
3249 5461 3341 5513 καὶ
3381 5460 3549 5528 ζῆλος,
3576 5453 3706 5520 θυμός

2195 5564 2251 5600 τε
2297 5549 2389 5601 καὶ
2417 5549 2578 5620 ὀργὴ,
2615 5551 2707 5604 καὶ
2739 5550 3031 5622 ἀπέχθειαυ
3066 5553 3138 5616 ὡς
3177 5556 3270 5606 καὶ
3299 5555 3419 5617 τοὺς
3453 5563 3705 5606 συνασκου-
