3978 6650
226 519 328 584 S73

1304 517 1482 580 VITA
1519 519 1581 582 S.
1621 517 1928 582 NICOLAI
1967 514 2332 581 STUDITAZ.

3352 507 3455 574 δ’ίᾶ

230 633 420 700 μένους
473 625 894 698 καταπλήττειν,
947 626 1014 679 δι’
1055 621 1128 680 ὧν
1177 627 1304 697 ἔδρα
1347 629 1650 698 προδήλως,
1691 647 1786 698 με·

1903 631 2075 698 pulam
2107 628 2384 697 operibus,
2432 641 2687 697 magnum
2715 626 2795 682 eis
2835 625 3034 680 occulti
3071 624 3308 680 hominis
3333 641 3457 694 spe-

227 723 395 792 γάλην
425 719 610 784 αὐτοῖς
640 718 735 772 τοῦ
780 719 1020 787 ἀφανοῦς
1064 718 1354 788 ἀνθρώπου
1391 718 1660 788 προτιθῶν
1691 720 1788 786 τὴν

225 812 516 877 ἀπόδειξιν.

303 905 360 958 ὐ
392 905 499 976 γὰρ
529 906 629 975 τῆς
652 903 934 966 εὐσεϐείας
971 903 1110 974 ἔρως
1138 905 1200 956 οὐ
1229 903 1412 957 δίδωσι
1455 905 1614 974 κόρον
1655 903 1791 963 ὅλως

223 998 318 1066 τὴν
368 997 603 1050 ἀλοῦσαν
663 998 749 1066 ἐφ’
800 999 994 1052 ἑαυτὸν
1040 998 1219 1069 ψυχὴν
1277 997 1406 1070 [leg.
1467 1002 1532 1070 τῇ
1587 998 1792 1072 ἁλούσῃ

221 1087 402 1159 ψυχῇ]
443 1089 542 1157 τῆς
579 1090 818 1157 ἐφέσεως
840 1107 852 1119 ·
889 1089 998 1158 πῦρ
1031 1091 1088 1144 δὲ
1127 1091 1278 1161 πυρὶ,
1312 1092 1407 1144 καὶ
1445 1092 1594 1162 πόθῳ
1629 1093 1792 1146 πόθον

222 1182 552 1249 προστιθεὶς,
578 1183 784 1250 ἐγκαίει
811 1183 902 1235 τὸν
928 1183 1186 1254 ἐραστὴν,
1225 1184 1320 1236 καὶ
1357 1186 1625 1255 ἀήττητον
1657 1185 1792 1254 πρὸς

219 1272 324 1323 πᾶν
373 1271 550 1324 ὁτιοῦν
586 1272 980 1342 ἀπεργάζεται.
1027 1273 1122 1335 Τίς
1179 1272 1287 1343 γὰρ
1337 1275 1546 1327 ἐκείνου
1589 1275 1792 1344 μᾶλλον

218 1361 312 1428 τὴν
341 1362 545 1432 ἀρετὴν
579 1367 1002 1432 κατησπάσατο,
1059 1364 1412 1420 πλουτοποιὸν
1461 1367 1792 1422 ταπείνωσιν

215 1453 275 1503 ἐν
305 1451 631 1521 ὑπερέχοντι
671 1453 748 1522 τῷ
782 1457 1091 1525 φρονήματι
1113 1497 1127 1519 ,
1166 1457 1259 1509 καὶ
1294 1459 1548 1528 φρόνημα
1577 1461 1791 1524 εὐτελὲς

212 1545 271 1595 ἐν
315 1545 493 1614 ύςιηλῇ
525 1548 591 1614 τῇ
644 1549 972 1598 ταπεινώσει
1006 1549 1392 1617 κτησάμενοςς
1428 1552 1522 1614 Τίς
1573 1551 1670 1613 τὰς
1709 1554 1791 1604 αἰ·

215 1637 436 1706 σθήσεις
492 1637 632 1688 οὕτω
683 1639 860 1700 καλῶς
915 1639 1298 1704 ἐξεπαίδευσε,
1352 1641 1462 1693 τῶν
1517 1642 1791 1709 αἰσθητῶν

211 1731 289 1788 εἰς
326 1729 394 1782 τὰ
415 1729 556 1800 ὑπὲρ
582 1731 833 1800 αἴσθησιν
863 1732 1067 1795 ταύτας
1094 1733 1404 1800 φιλοσοφεῖν
1437 1752 1790 1803 παρασκευα-

211 1821 486 1890 σάμενο;;
527 1822 622 1886 Τίς
671 1823 768 1893 τὴν
802 1825 1062 1894 φρόνησιν
1099 1828 1238 1894 μετὰ
1273 1828 1371 1896 τῆς
1412 1827 1686 1896 ἀνδρείας,
1717 1828 1792 1892 ὡς

209 1909 375 1978 φίλας
418 1911 673 1981 δυνάμεις
715 1914 951 1983 ἁρίστως
983 1914 1125 1986 “eg.
1178 1915 1252 1978 ὡς
1285 1911 1458 1980 οὗτος,
1488 1933 1579 1970 seu
1611 1916 1788 1988 οὔτωι

1893 721 2068 772 cimcn
2103 718 2401 773 exhiberet.

1968 898 2192 954 Pietatis
2241 899 2510 970 siquidem
2561 915 2718 954 amor
2762 899 2963 954 nullam
3011 898 3264 977 desiderii
3301 897 3466 954 satie-

1895 1000 2082 1056 tatem,
2119 1000 2178 1044 ut
2220 1005 2287 1044 ne
2319 999 2512 1060 captus
2545 991 2760 1046 animus
2795 993 2846 1046 in
2892 1008 3019 1045 eum
3076 991 3298 1055 feratur,
3337 1006 3460 1060 per-

1893 1085 2056 1138 tnittit
2088 1103 2100 1140 :
2135 1085 2267 1154 quin
2308 1085 2484 1154 ignem
2513 1084 2644 1154 igni.
2676 1085 3121 1155 desideriumque
3163 1086 3463 1154 adjungens

1893 1176 2185 1240 desiderio,
2225 1183 2498 1230 amantem
2545 1177 2806 1243 incendit,
2841 1188 3001 1247 atque
3021 1178 3090 1232 ad
3118 1194 3230 1232 rem
3266 1195 3460 1248 quam-

1895 1269 2022 1323 libet
2054 1269 2476 1338 insuperabilem
2508 1271 2701 1323 reddit.
2730 1269 2863 1336 Quis
2906 1272 3050 1324 enim
3083 1287 3193 1340 prae
3229 1272 3322 1325 illo
3355 1272 3462 1325 vir-

1895 1369 2062 1413 tutetn
2095 1359 2441 1428 amplexatus
2472 1368 2586 1423 est,
2620 1359 2944 1414 humilitatis
2984 1360 3204 1415 divitias
3243 1362 3295 1414 in
3325 1363 3462 1416 emi-

1895 1451 2044 1505 nenti
2096 1451 2412 1521 possidente
2453 1465 2650 1514 sensu,
2705 1466 3038 1520 sensumque
3095 1453 3362 1521 abjectum
3406 1453 3458 1505 in

1893 1540 2110 1595 sublimi
2146 1541 2488 1595 humilitate?
2525 1540 2660 1606 Quis
2692 1541 2773 1596 sic
2806 1542 2938 1596 bene
2969 1558 3163 1598 sensus
3197 1544 3454 1604 instituit,

1891 1617 1957 1687 ex
1997 1635 2322 1697 sensilibus,
2374 1651 2434 1689 ea
2473 1651 2595 1704 quae
2648 1646 2910 1704 superant
2954 1651 3198 1698 sensum.
3259 1635 3464 1693 faciens

1893 1725 2303 1794 philosophari?
2345 1725 2480 1792 Quis
2533 1727 2873 1795 prudentiam
2925 1743 3048 1782 cum
3108 1728 3462 1793 fortitudine,

1893 1829 1992 1868 ceu
2047 1815 2252 1870 amicas
2301 1816 2446 1871 vires
2493 1819 2696 1886 optime
2749 1819 2884 1872 adeo
2919 1820 3238 1888 conjugans,
3296 1819 3465 1891 Lydio

1893 1908 1996 1962 sibi
2030 1924 2219 1971 curru,
2253 1918 2311 1963 ut
2342 1910 2520 1964 verbis
2570 1919 2741 1980 poetae
2784 1913 2996 1980 loquar.
3043 1928 3262 1967 cursum
3307 1913 3466 1967 fecit?

207 2000 368 2072 οἶμαι
411 2004 692 2071 συζεύξας,
729 2006 816 2060 διὰ
850 2007 1045 2060 Λύδιον
1090 2009 1242 2077 ἇρμα
1292 2009 1458 2075 θέειν,
1494 2011 1786 2080 ποιητικῶς

1897 1998 2060 2052 l’lane
2110 1999 2188 2052 uti
2241 2000 2482 2068 prudens
2527 2001 2894 2070 dispensator.
2941 2017 3035 2057 seu
3077 2004 3241 2057 etiam
3291 2004 3465 2060 lidelis

204 2097 408 2160 εἰπεῖν,
441 2099 620 2168 ἑαυτῷ
676 2101 1111 2170 κατειργάσατος
1148 2102 1236 2166 Ὠς
1281 2102 1540 2172 φρόνιμος
1587 2104 1793 2157 οἰκονό-

205 2204 334 2255 μος,
367 2188 398 2257 ἦ
435 2191 528 2242 καὶ
575 2191 764 2254 πιστὸς
793 2191 977 2256 δοῦλος
1012 2193 1276 2260 ἑκατέρας
1306 2194 1366 2246 τὸ
1399 2195 1707 2266 πρόσφορον
1737 2195 1795 2246 ὲν

200 2273 529 2349 δικαιοσύνῃ
551 2317 564 2340 ,
599 2281 662 2350 τῇ
695 2280 792 2349 μὲν
841 2283 907 2349 τῇ
967 2281 1162 2351 σαρκὶ,
1219 2285 1284 2353 τῇ
1325 2282 1380 2335 δὲ
1408 2282 1486 2354 τῷ
1521 2284 1792 2354 πνεύματι

199 2363 275 2416 διε
287 2369 541 2436 μέρισεν.

287 2441 655 2530 Ἕγκρατείας
681 2461 738 2515 δὲ
769 2462 866 2531 τὴν
900 2463 1182 2534 ποιότητα,
1237 2467 1331 2519 καὶ
1361 2467 1672 2538 ἀγρυπνίας
1695 2467 1791 2538 τὴν

200 2551 396 2621 νῆψιν,
429 2553 525 2606 καὶ
545 2555 856 2623 προσευχῆς
878 2555 939 2607 τὸ
965 2557 1284 2625 ἀκρότατον,
1309 2561 1402 2611 καὶ
1427 2561 1679 2631 δακρύων
1697 2561 1791 2614 τὸν

199 2645 514 2714 φωτισμὸν,
549 2647 630 2706 τίς
660 2647 724 2699 ἂν
752 2648 858 2698 τῶν
897 2649 1106 2701 πολλῶν
1138 2651 1292 2718 μίαν,
1334 2651 1409 2713 ὡς
1440 2645 1596 2713 οὗτος
1633 2654 1791 2722 μόνος

198 2737 430 2799 ἁπάσας
478 2737 802 2808 διήμειψενς
851 2737 926 2793 ὧν
977 2741 1077 2809 τῆς
1114 2743 1210 2811 μὲν
1253 2743 1350 2813 τὴν
1398 2747 1787 2815 σωφροσύνην,

195 2827 301 2896 τῆς
331 2828 390 2880 δὲ
416 2827 512 2899 τὴν
528 2829 780 2900 θεωρίαν,
804 2835 901 2903 τῆς
923 2832 1091 2902 δὲτὴν
1120 2834 1432 2898 κατὰνυξιν,
1467 2835 1573 2887 τῶν
1602 2835 1658 2888 δὲ
1692 2837 1790 2906 τῆς

195 2921 434 2987 ἁγνείας
449 2924 542 2974 τὸν
557 2924 825 2994 ἁγιασμὸν
844 2928 1356 2996 ὲπορίσατοέιένοεν
1381 2929 1518 2982 κατὰ
1537 2931 1626 2981 τὸν
1642 2930 1790 2983 Σολοο

198 3015 422 3083 μῶντα,
443 3014 522 3081 τῷ
534 3016 741 3086 γέλωτι
790 3020 888 3089 μὲν
911 3023 1261 3089 παραφορὰν
1285 3022 1385 3092 (7),
1401 3022 1500 3098 τὴν
1518 3023 1574 3075 δὲ
1593 3023 1788 3093 λοιπὴν

198 3105 298 3158 τοῦ
352 3106 602 3176 σώματος
628 3111 990 3181 εὐφροσύνην,
1020 3112 1212 3175 πένθος
1247 3113 1559 3182 ὠνόμασεν·
1586 3115 1673 3168 ἐπ’
1696 3116 1785 3167 ού-

193 3197 358 3260 δενὺς
387 3199 497 3251 τῶν
518 3200 818 3254 δοκούντων
847 3205 1014 3273 ἡδέων
1038 3205 1130 3256 τοῦ
1163 3207 1424 3275 παρόντος
1454 3207 1648 3270 αἰῶνος
1673 3209 1783 3260 ἐπι⁶

193 3290 565 3362 τερπόμενος.
612 3295 842 3359 Κλεῖδας
890 3297 998 3366 γὰρ
1048 3297 1239 3367 ὥσπερ
1286 3297 1344 3350 τὸ
1391 3298 1649 3369 τριμερὲς
1691 3299 1786 3367 τῆς
1815 3335 1854 3385 C

195 3381 390 3451 ψυχῆς
435 3382 529 3434 τὸν
573 3385 666 3436 τοῦ
698 3384 834 3437 Θεοῦ
867 3387 1029 3454 φόϐον
1058 3388 1144 3440 διὰ
1166 3387 1265 3456 τῆς
1311 3387 1582 3451 ἀπαθείας
1631 3406 1782 3458 περι-

197 3477 510 3544 στοιχήσας
547 3477 747 3541 καλῶς.
782 3479 882 3531 ούκ
912 3482 1060 3532 εἴασε
1090 3479 1176 3532 διὰ
1215 3480 1322 3532 τῶν
1357 3480 1662 3551 αἰσθήσεων
1689 3483 1785 3544 τὰς

193 3565 481 3634 ἐμπαθεῖς
541 3568 750 3638 ὀρέξεις
816 3570 1156 3640 ἁποσυλῆσαι
1241 3570 1330 3623 τὸν
1386 3571 1616 3624 πλοῦτον
1689 3572 1784 3624 τοῦ

194 3659 545 3726 πνεύματος.
578 3661 740 3714 Ὅθεν
763 3662 1164 3732 ἀπερίτρεπτος
1188 3662 1393 3734 ύπῆρξε
1411 3663 1617 3727 λοιπὸν,
1649 3664 1783 3734 πρὸς

193 3749 260 3800 τὸ
291 3748 470 3812 ὅντως
509 3751 699 3818 ἐφετὸν
733 3753 1254 3822 ἐναποκρεμάμενος
1277 3771 1292 3785 ο
1341 3755 1435 3807 καὶ
1469 3755 1569 3808 οὐκ
1614 3755 1782 3818 ἔστιν,

194 3841 289 3892 ἴνα
322 3843 606 3912 συντόμως
643 3842 803 3907 εἴπω,
841 3843 950 3896 τῶν
983 3845 1239 3908 ἁπάντων
1273 3847 1446 3911 οἰδὲν,
1473 3847 1546 3910 ῶς
1575 3866 1657 3912 τις
1679 3847 1784 3918 ἔφη

200 3933 381 4001 σοφὸς
401 3975 416 3998 ,
450 3935 535 4002 ἐφ’
561 3935 667 4006 ὅτῳ
701 3936 820 4006 ούχὶ
849 3936 956 3988 τῶν
985 3939 1241 3990 ἁπάντων
1275 3940 1598 4010 ἐκράτησεν.

275 4118 379 4178 Ὠ,
410 4117 462 4168 τί
499 4135 604 4189 περ
631 4117 734 4172 ἔδει
767 4119 1002 4172 τοιοῦτον
1030 4120 1176 4186 ὄντα,
1204 4121 1298 4174 καὶ
1329 4121 1386 4173 ἐν
1414 4123 1479 4192 τῇ
1505 4121 1684 4190 φύσει,
1722 4121 1790 4175 τὰ

194 4212 348 4282 ὑπὲρ
404 4211 602 4282 ταύτην
647 4213 1117 4284 διαπραξάμενον
1174 4216 1264 4268 καὶ
1319 4216 1506 4281 ἄρτιον
1554 4219 1620 4285 τῇ
1666 4215 1787 4268 καθ’

192 4305 356 4372 ἡμᾶς
394 4305 558 4373 γενεᾷ
585 4306 991 4376 χρηματίζοντα
1023 4306 1334 4379 ἄνθρωπον,
1371 4306 1462 4358 ἐπὶ
1499 4307 1560 4358 τὸ
1588 4305 1783 4359 τελεὼο

193 4412 367 4466 τερον
394 4395 716 4466 ἀναχθῆναι,
745 4399 856 4450 καὶ·
879 4400 970 4452 ἐπὶ
1013 4397 1110 4468 τὴν
1144 4397 1364 4468 λυχνίαν
1402 4397 1645 4465 τεθῆναι,
1695 4396 1778 4463 γέ·

196 4505 308 4556 ρας
351 4489 461 4540 τῶν
510 4490 685 4541 πόνων
737 4491 797 4542 τὺ
828 4492 934 4543 τῶν
983 4491 1196 4561 ἀρετῶν
1229 4491 1361 4560 ὖψος
1415 4490 1555 4560 μέγα
1589 4489 1652 4559 δὴ
1692 4489 1788 4558 τὴν

194 4579 514 4648 ἱερωσύνην
541 4583 974 4652 ἀποληψόμενον.
1006 4587 1114 4638 Καὶ
1154 4585 1218 4655 δὴ
1250 4584 1498 4656 προήχθη
1536 4583 1635 4654 μὲν
1669 4584 1790 4635 κατ’

1897 2106 2110 2154 servus,
2154 2093 2299 2160 quod
2337 2095 2552 2162 utrique
2587 2094 2928 2150 conducibile
2962 2106 3113 2160 erat,
3151 2111 3258 2166 qua
3287 2097 3460 2162 carni,

1896 2198 2000 2250 qua
2042 2185 2277 2252 spiritui,
2309 2185 2454 2254 justa
2493 2188 2646 2240 lance
2668 2188 2873 2240 divisit.

1964 2457 2326 2511 Comini-mia:
2361 2473 2524 2527 porro
2579 2459 2918 2526 qualitatem,
2965 2460 3271 2530 vigiliarum
3299 2463 3463 2518 sedu-

1895 2551 2122 2612 litatem,
2153 2551 2476 2605 altissimam
2509 2567 2730 2621 precum
2777 2554 3067 2620 rationem,
3101 2555 3461 2625 lacrymarutn

1894 2644 2348 2698 illuminationcm
2373 2685 2387 2707 ,
2438 2646 2561 2714 quis
2591 2647 2671 2700 vel
2701 2662 2863 2700 unam
2896 2663 2925 2701 e
2976 2648 3180 2713 multis,
3214 2649 3292 2703 uti
3323 2666 3465 2703 unus

1893 2734 2006 2803 ipse
2034 2736 2317 2790 universas
2341 2735 2664 2790 alternavit?
2697 2737 2927 2802 Quibus,
2962 2739 3299 2793 continentia
3340 2741 3462 2809 qni-

1891 2827 2038 2890 dem,
2075 2829 2273 2882 mentis
2299 2830 2649 2883 sobrietatem
2679 2832 3053 2900 comparavit;
3083 2831 3305 2902 vigiliis,
3335 2849 3466 2886 ron-

1894 2919 2296 2988 templationetn
2319 2937 2332 2983 ;
2357 2919 2634 2987 precibus,
2653 2922 3161 2989 compunctionem;
3189 2922 3462 2994 lacrymis,

1891 3013 2160 3067 castitatis
2205 3014 2716 3068 sanctilicationem.
2764 3012 3131 3080 Quamobrem
3163 3016 3316 3084 juxta
3366 3015 3465 3070 Sa-

1891 3102 2186 3165 lotnouetn,
2238 3103 2369 3156 risui
2413 3103 2629 3172 quidem
2670 3104 2807 3157 dixit.
2847 3093 3116 3157 errorem“
3151 3123 3162 3158 :
3198 3105 3460 3174 reliquam

1893 3208 2022 3247 vero
2051 3193 2296 3261 corporis
2325 3194 2680 3262 voluptatem,
2715 3194 2918 3247 luctum
2952 3195 3250 3248 nominavit
3277 3211 3290 3257 ;
3321 3196 3464 3249 nullo

1891 3301 2080 3340 eorum
2116 3285 2439 3350 delectatus,
2475 3301 2596 3355 quac
2635 3301 2749 3340 aevo
2802 3288 2904 3340 hoc
2941 3286 3123 3340 dulcia
3157 3288 3462 3342 vidcantur.

1893 3379 2004 3433 Ceu
2037 3378 2182 3433 enim
2215 3378 2501 3443 claustris,
2544 3377 2634 3432 Dei
2668 3388 2810 3433 metu
2831 3420 2846 3441 ,
2888 3395 2982 3448 per
3011 3380 3323 3450 passionum
3370 3398 3464 3436 va—

1891 3474 2170 3536 cuitatem,
2222 3471 2488 3540 triplicem
2536 3473 2701 3541 probe
2755 3472 2994 3526 animam
3049 3474 3295 3542 cingens,
3358 3489 3464 3528 non

1891 3565 2016 3618 sivit
2051 3574 2109 3619 ut
2151 3565 2474 3635 cupiditates
2508 3564 2902 3634 perturbationi
2956 3567 3281 3636 conjuncta,
3329 3569 3467 3623 divi-

1890 3657 1995 3710 tias
2025 3656 2273 3725 spiritus,
2302 3670 2563 3710 sensuum
2598 3655 2788 3725 rapina
2832 3656 3227 3724 praedarentur.
3259 3657 3465 3725 Quam-

1890 3746 2076 3800 obrem
2109 3748 2475 3816 impermotus
2518 3748 2750 3813 exstitit,
2791 3763 2820 3800 a
2851 3762 2980 3802 vero
3009 3749 3266 3818 deinceps
3300 3766 3463 3820 appe-

1891 3840 2032 3894 tihili
2067 3840 2331 3909 pendens.
2361 3845 2536 3910 Atque
2561 3851 2618 3895 ut
2647 3841 2814 3896 verbo
2843 3841 3045 3904 dicam,
3080 3842 3211 3896 nihil
3243 3857 3468 3912 prorsus

1889 3941 1974 3987 est
1999 3934 2402 3993 universorum,
2430 3933 2628 4001 utquis
2655 3933 2872 4003 sapiens
2899 3935 2996 3999 ait,
3029 3933 3207 4004 inquo
3241 3933 3333 3989 ille
3358 3949 3464 3987 non

1890 4043 2078 4082 omnes
2113 4026 2404 4096 superarit.

1961 4119 2327 4186 Quamobrem
2360 4133 2455 4186 par
2487 4125 2624 4182 erat,
2663 4129 2717 4170 ιιι
2749 4119 2842 4186 qui
2875 4119 2998 4173 talis
3021 4129 3186 4184 esset,
3209 4129 3372 4189 atque
3409 4121 3463 4174 in

1892 4219 2106 4272 natura,
2136 4226 2257 4275 qnze
2287 4225 2450 4278 supra
2487 4220 2734 4263 natutatn
2768 4218 2921 4263 erant
2951 4213 3272 4280 peregisset,
3336 4212 3462 4281 qui-

1892 4321 1998 4374 que
2029 4320 2143 4358 aevo
2175 4311 2362 4356 nostro
2393 4301 2664 4372 perfectus
2705 4303 2867 4357 homo
2901 4303 3135 4366 audiret,
3175 4305 3241 4357 ad
3288 4303 3465 4374 perfe-

1893 4393 2114 4446 ctiorem
2171 4390 2396 4460 gradum
2451 4391 2858 4460 proveherctnr,
2913 4393 3273 4464 laborumque
3325 4411 3460 4463 prac-

1893 4484 2373 4552 miutnhmagnum
2408 4483 2536 4537 illud
2577 4485 2841 4537 virtutum
2879 4485 3178 4554 fastigium,
3213 4489 3465 4543 sacerdoo

1893 4580 2026 4631 tium
2061 4576 2352 4646 recipiens,
2385 4592 2548 4646 super
2567 4577 2952 4632 candelam-um
2978 4593 3290 4649 poneretur.
3323 4581 3466 4636 Sane

194 4673 388 4737 ἀξίαν,
429 4675 526 4726 καὶ
556 4675 616 4727 ού
663 4675 844 4738 καθώς
878 4694 1021 4740 τινες
1056 4677 1393 4750 ἐπιδραμὼν,
1444 4678 1476 4748 ἢ
1513 4680 1786 4746 ἐμπορευ-

1896 4687 2022 4724 vcro
2054 4680 2342 4740 provectus
2376 4683 2450 4724 cst
2496 4686 2594 4740 pro
2626 4673 2801 4725 meriti
2843 4674 3069 4736 ratione,
3111 4690 3215 4728 non
3254 4685 3312 4729 ut
3340 4678 3465 4747 qui-

191 4769 444 4836 σάμενος
489 4767 565 4839 τῷ
614 4769 928 4840 δωρήματι’
969 4771 1215 4824 κελεύσει
1247 4772 1304 4824 δὲ
1362 4771 1522 4841 μόνον
1553 4770 1649 4839 τῆς
1681 4788 1786 4822 πα-

188 4863 400 4930 τρικῆς
432 4860 674 4931 ἐντολῆς,
714 4863 808 4914 καὶ
841 4863 1186 4933 παρακλήσει
1215 4864 1312 4933 τῆς
1339 4863 1526 4933 κοινῆς
1559 4861 1784 4930 ἁδελφό-

188 4970 388 5020 τητος.
428 4954 668 5022 Ἤρκεσε
700 4955 806 5023 γὰρ
841 4955 988 5024 αύτῷ
1023 4954 1158 5026 πρὸς
1190 4955 1288 5024 τὴν
1317 4953 1571 5020 τοιαύτην
1604 4952 1759 5005 εύπεί

191 5043 378 5106 οειαν,
429 5045 465 5112 ἡ
500 5041 607 5094 τῶν
654 5041 865 5094 πολλῶν
921 5042 1211 5112 θεραπεία,
1243 5043 1336 5094 καὶ
1369 5042 1478 5093 τῶν
1519 5041 1658 5109 ὑπὲρ
1691 5039 1784 5091 δύ-

192 5149 374 5202 ναμιν
403 5133 789 5203 ἐπιϐήσεσθαι.
817 5133 952 5187 Οὐδὲ
980 5133 1135 5203 γὰρὸ
1159 5134 1256 5202 τῆς
1283 5132 1530 5202 ὑπακοῆς
1553 5131 1788 5202 ἐραστὴς

273 5315 299 5346 ⁸
328 5314 475 5367 Eccl.
516 5329 575 5380 tl,
605 5313 661 5371 ἓ.

1891 4758 2039 4822 dam,
2062 4775 2090 4810 a
2115 4775 2173 4812 se
2195 4760 2312 4828 ipso
2341 4775 2688 4828 procurrens,
2715 4772 2874 4816 aulve
2901 4773 3174 4820 mercatus
3201 4782 3424 4822 munere
3449 4785 3465 4823 :

1894 4852 1990 4904 sed
2054 4849 2227 4904 Patris
2273 4851 2386 4904 sola
2435 4851 2706 4920 jussionc,
2765 4869 2829 4908 ac
2875 4853 3105 4909 fratrum
3162 4859 3468 4914 communis

1891 4954 2068 4999 caelus
2097 4945 2495 5000 obsecratione.
2529 4946 2736 5015 Quippe
2767 4948 2902 5002 satis
2944 4949 2992 5001 ei
3028 4959 3144 5003 erat
3195 4952 3260 5004 ad
3299 4952 3460 5006 talem

1892 5039 2204 5092 suasionem
2227 5076 2244 5102 ,
2281 5037 2572 5091 multorum
2609 5053 2761 5099 cura,
2804 5049 2857 5091 et
2913 5050 2971 5093 ut
3017 5042 3223 5095 viribus
3258 5042 3462 5107 majora

1893 5129 2089 5184 adiret.
2154 5129 2261 5183 Nec
2328 5128 2471 5182 enim
2537 5127 2860 5181 obedientia:
2915 5145 3106 5184 amans
3155 5131 3458 5200 periculum

1369 5430 1616 5486 FBANC.
1645 5429 2040 5521 COMBEFISII.
2061 5427 2290 5483 ΝΟΤίΕ.

281 5598 378 5670 (τ).
413 5595 784 5670 SicrHicron"
807 5597 898 5651 ubi
918 5595 1140 5652 Hebrma
1363 5595 1502 5650 LXX
1535 5615 1787 5670 παραφο-

184 5669 348 5739 ρὰν·
387 5669 462 5721 uti
493 5669 599 5739 Abic
639 5678 830 5721 unctor
876 5670 1027 5728 citat,
1066 5683 1130 5722 ac
1173 5669 1312 5722 bene
1352 5672 1640 5739 respondet
1679 5669 1786 5721 lle-

182 5737 408 5793 iuraica:
449 5737 537 5809 illi
575 5740 720 5798 vari.
777 5755 941 5807 quam
982 5739 1158 5809 Arias;
1189 5739 1375 5791 insane
1423 5738 1596 5792 reddit
1633 5757 1645 5793 :
1687 5755 1786 5809 pro

185 5823 343 5880 qua
371 5806 540 5862 videri
578 5818 754 5878 potest
787 5806 1086 5880 Pagninus.
1137 5807 1349 5863 Sixtina
1383 5809 1582 5864 habent
1627 5806 1784 5880 πέρι-

182 5879 407 5948 φοράν.
447 5881 730 5948 redditque
782 5879 1051 5947 interpres
1100 5880 1554 5934 circumlationem
1583 5895 1602 5932 :
1635 5879 1781 5949 quod

177 5964 326 6005 non
354 5949 544 6020 placet,
566 5965 666 6005 nec
691 5959 874 6019 putem
901 5949 1118 6004 aliunde
1137 5965 1302 6022 quam
1330 5966 1396 6005 ex
1423 5950 1778 6006 scribentium

537 6045 578 6106 P
593 6062 698 6104 t'rtt
709 6061 806 6104 οι..
845 6043 961 6104 Gn.
996 6044 1120 6108 CV.

1889 5614 2075 5653 errore
2127 5598 2273 5652 aliud
2317 5599 2415 5665 pro
2463 5595 2930 5668 aliorirrepsissc.
2986 5596 3204 5666 (ἐι-(δεον.
3247 5615 3462 5668 quoque

1889 5668 2333 5741 Thaumatttrgus
2365 5667 2566 5741 citatus
2591 5667 2644 5718 in
2681 5669 2925 5741 scholiis,
2955 5684 3060 5720 non
3092 5667 3276 5720 vocem
3304 5667 3461 5741 περιρ

1887 5741 2082 5809 φοράν.
2109 5739 2202 5792 sed
2246 5738 2574 5808 παραφορὰν
2613 5740 2868 5805 exponit;
2903 5755 3024 5807 qua!
3070 5747 3279 5790 motum
3313 5738 3460 5794 illum

1886 5811 2008 5879 εἰκῆ
2059 5819 2242 5874 sonat,
2287 5825 2348 5879 ac
2390 5818 2594 5860 tnotutn
2641 5817 2875 5879 temere;
2921 5809 3060 5863 unde
3106 5809 3462 5865 translatione

1887 5884 1951 5931 ad
1999 5878 2243 5934 animum
2296 5878 2495 5932 dicitur
2544 5879 2770 5947 agitatio
2818 5878 2928 5945 illa,
2967 5895 3089 5950 qua:
3137 5889 3221 5933 est
3258 5892 3458 5949 praeter

1883 5951 2172 6017 rationem,
2209 5965 2272 6006 ac
2299 5950 2533 6005 insania.

2951 6041 3030 6101 28
