3978 6596
501 470 607 534 879

1939 463 2068 522 ΑΝ(

2179 462 2286 524 ΓΜΙ
3647 463 3740 527 880

503 579 767 646 κατέχω-κ,
821 577 847 628 ό
893 575 1146 639 δείλαιος,
1193 575 1330 628 κατά
1369 571 1462 626 τοῦ
1502 571 1792 626 εύεονέτου
1822 571 1956 624 Θεοῦ
2004 572 2100 626 τοῦ
2141 573 2537 636 παντάνακτος,
2590 571 2681 624 καὶ
2723 571 2821 641 τῆς
2847 569 3010 624 αὐτοῦ
3069 569 3346 640 βασιλείας
3382 570 3738 636 κατεξανίσιαο

500 689 611 727 ται.

574 763 719 817 Sane
746 777 872 815 vero
892 776 1016 815 cum
1050 767 1322 814 merentes
1351 759 1453 814 sub
1495 760 1613 828 ipso
1646 769 1875 823 turmas,
1908 757 2068 812 dono«

2255 756 2362 808 Καὶ
2387 754 2450 825 δὴ
2487 755 2586 816 τὰς
2626 753 2717 806 ὑπ’
2748 753 2913 805 αύτδν
2945 752 3206 822 τελούσας
3235 754 3621 823 στρατιωτικὰς
3654 758 3740 824 φά-

500 873 620 911 rum
673 855 839 908 multa
896 852 1200 922 largitione,
1249 852 1448 906 stultus
1496 851 1684 915 homo,
1737 851 2076 918 decepisset,

501 949 726 1003 veniens
785 945 851 998 ad
916 952 1106 1013 partes
1166 940 1414 996 Thracia:
1444 950 1599 996 extra
1647 941 1871 1002 urbem,
1917 939 2080 1007 impie

502 1039 768 1094 scelestus
809 1035 1072 1088 adversus
1107 1034 1230 1102 pios
1260 1032 1611 1086 Christianos
1665 1031 1961 1100 imperator
1997 1044 2080 1082 re-

500 1129 818 1192 nuntiatur;
851 1125 1188 1195 regiamque,
1223 1123 1560 1178 leonoclasta
1613 1123 1788 1190 palam
1823 1121 2078 1186 audiens,

498 1220 825 1292 ingreditur.
878 1219 1014 1273 Cum
1053 1227 1235 1270 autem
1289 1217 1562 1269 modicum
1613 1217 1954 1284 aliquantum
2006 1214 2079 1269 si-

496 1312 710 1372 luisset,
747 1311 912 1378 idque
942 1307 1188 1371 subdole,
1219 1321 1328 1376 quo
1363 1315 1480 1360 tuto
1509 1305 1613 1360 sibi
1644 1305 1930 1375 imperium
1962 1319 2082 1358 mu-

497 1407 658 1468 niret,
685 1419 811 1457 mox
842 1412 1034 1456 contra
1065 1401 1261 1455 malum
1291 1399 1504 1469 aperuit
1530 1415 1591 1454 os
1616 1415 1801 1466 suum,
1829 1398 2080 1468 blasphe-

495 1495 663 1548 miam
721 1501 977 1548 eructans
1035 1491 1298 1545 adversus
1355 1489 1634 1544 Christum
1692 1490 2076 1544 universorum

497 1586 703 1651 Deum;
755 1598 962 1652 negans
993 1597 1180 1638 sacras
1230 1581 1532 1652 imaginum
1586 1581 1787 1652 ﬁguras
1817 1597 1938 1637 esse
1967 1582 2078 1636 eri-

500 1679 727 1747 grndas,
765 1687 821 1729 ιιι
847 1691 966 1743 quae
991 1673 1262 1729 idolorum
1296 1673 1592 1728 simulacra
1621 1685 1826 1729 essent.

563 1956 958 2016 Oatueutiam!
1022 1953 1140 2009 Non
1197 1955 1348 2010 enim
1391 1957 1687 2023 intellexit,
1717 1959 2077 2029 turpitudinis

494 2065 695 2119 statua,
724 2066 956 2123 quorum
983 2051 1318 2120 exemplaria
1367 2053 1704 2106 contrariam
1739 2053 1949 2124 liquido
1985 2072 2073 2109 ra-

2185 847 2392 917 λαγγας
2431 846 2623 918 δώροις
2668 846 2885 909 πολλοῖς
2920 847 3034 915 (11)
3075 833 3407 914 φᾶῑνακίσας
3453 846 3480 897 ό
3512 845 3738 914 μάταιος,

2183 942 2277 993 καὶ
2315 939 2445 1010 πρὸς
2486 940 2556 992 τά
2586 938 2830 1010 Θρᾳκωα
2875 938 3016 1008 μέρη
3051 935 3290 1005 γεγονὼς
3317 936 3414 988 τοῦ
3439 937 3640 999 ἄστεως
3661 939 3740 990 θύ·

2185 1032 2368 1102 ραθεν,
2433 1034 2830 1100 ἀναγορεύεται
2903 1033 3046 1084 κατά
3120 1028 3464 1100 Χριστιανῶν
3527 1029 3742 1082 εὐσεϐῶν

2183 1123 2394 1188 ἀσεϐῶς
2418 1123 2557 1188 άναξ
2583 1124 2616 1176 δ
2637 1123 2834 1194 μιαρός
2857 1139 2873 1155 ο
2898 1123 2995 1176 καὶ
3033 1121 3259 1174 εἴσεισιν
3287 1123 3367 1184 είς
3407 1121 3474 1174 τὰ
3521 1119 3742 1190 βασίλεια

2181 1217 2476 1290 διαρρήδην
2535 1216 2971 1285 Είκονοκλάστης
3039 1215 3294 1285 βασιλεὺς
3368 1215 3740 1283 φημιζόμενος.

2183 1307 2365 1377 Βραχὺ
2391 1307 2446 1360 δέ
2476 1324 2526 1359 τι
2552 1307 2953 1378 κατασιγήσας,
2987 1304 3258 1358 καὶτοῦτο
3284 1303 3556 1366 ὑπούλως,
3586 1304 3655 1366 ὡς
3685 1305 3740 1357 ἂν

2181 1400 2267 1453 ἐπ’
2301 1399 2570 1470 ἀσφαλείᾳ
2609 1398 2744 1468 πρὸς
2793 1398 2986 1451 ἑαυτὸν
3025 1395 3096 1449 τά
3143 1397 3253 1448 τῶν
3287 1397 3603 1464 ἀνακτόρων
3645 1396 3743 1448 διά-

2183 1492 2362 1562 θηται·
2387 1493 2510 1545 ὃσον
2533 1490 2708 1556 οὔπω,
2731 1492 2825 1545 καὶ¹
2850 1491 2987 1562 πρὸς
3013 1487 3240 1559 ούρανδν
3259 1488 3319 1540 τὸ
3350 1488 3522 1555 στόμα
3541 1486 3742 1556 ἀνέῳξε,

2184 1584 2536 1655 βλασφημίαν
2568 1583 2711 1636 κατά
2749 1581 2990 1653 Χριστοῦ
3017 1580 3110 1633 τοῦ
3138 1580 3250 1633 τῶν
3287 1579 3428 1632 ὅλων
3454 1578 3592 1631 Θεοῦ
3612 1581 3746 1648 ἐρευ-

2181 1678 2447 1749 γόμενοςὶ,
2489 1675 2564 1748 μὴ
2599 1677 2710 1730 δεῖν
2732 1676 2905 1743 λέγων
2933 1674 3030 1736 τὰς
3065 1672 3386 1744 ἱεροτύπους
3427 1671 3742 1740 ἀναστηλοῦ-

2183 1769 2308 1823 σθαι
2357 1771 2592 1840 μορφὰς,
2626 1767 2702 1832 ὡς
2740 1768 2850 1820 τῶν
2891 1765 3152 1820 τοιούτων
3182 1766 3405 1819 εἰκόνων
3466 1763 3744 1818 είδωλικῶν

2184 1859 2528 1930 ίνδαλμὰτων
2563 1859 2944 1927 ὑπαρχουσῶν.

2253 1953 2316 2004 Ὢ
2345 1951 2442 2016 τῆς
2486 1949 2904 2020 παραπληξίαςι
2948 1949 3023 2001 Ού
3073 1947 3182 2018 γὰρ
3213 1948 3412 2016 συνῆκε
3447 1945 3512 1998 τὸ
3549 1945 3644 2014 τῆς
3675 1945 3746 1996 ai-

2183 2046 2383 2118 σχύνης
2413 2046 2656 2116 ἄγαλμα,
2683 2045 2760 2108 ὡς
2794 2037 2868 2097 ὧν
2896 2043 2962 2096 τά
2997 2043 3330 2112 πρωτότοκα
3357 2039 3639 2109 προδήλως
3662 2039 3746 2106 τὴν

492 2149 697 2204 tionem
728 2145 954 2207 habent,
985 2143 1161 2212 palam
1210 2158 1429 2213 quoque
1461 2143 1662 2199 habere
1701 2146 1771 2200 ab
1800 2123 1872 2201 iis
1900 2147 2068 2201 dedu-

2179 2137 2571 2208 ἀντικειμένην
2609 2135 2882 2205 ὑπόληψιν
2947 2135 3168 2205 ἔχουσι,
3205 2131 3410 2185 τούτων
3460 2131 3618 2201 δῆλον
3665 2130 3746 2182 καὶ

491 2251 609 2294 clas
657 2235 1068 2293 similitudines.
1118 2235 1252 2300 Qum
1296 2235 1442 2288 enim
1496 2235 1640 2290 inter
1689 2252 1750 2291 se
1796 2240 2074 2295 coittrat'ie

493 2334 718 2394 hat-ent,
749 2327 975 2381 omnino
1005 2326 1168 2379 etiam
1204 2327 1538 2380 contrariam
1591 2334 1784 2381 mutuo
1825 2327 2074 2384 inl‘eruut

492 2421 953 2477 communionem.
983 2417 1230 2472 Alterius
1265 2418 1410 2472 enim
1449 2418 1518 2472 ad
1557 2419 1828 2484 alterum,
1864 2421 2070 2476 idolum

493 2518 739 2582 inquam,
796 2529 859 2564 at:
900 2511 1177 2579 imaginis,
1210 2511 1493 2564 contraria
1529 2513 1690 2574 ratio,
1736 2513 1811 2565 uti
1863 2513 2070 2569 Christi

491 2614 546 2659 et
579 2603 779 2665 Beliar,
807 2616 872 2654 ex
899 2601 1146 2668 utrisque
1175 2599 1367 2668 liquet.
1398 2601 1604 2654 Idolum
1638 2603 1784 2656 enim
1806 2612 2067 2672 tanquam

491 2694 636 2765 quiid
673 2691 900 2762 aliquid,
939 2691 1222 2760 ipsamque
1261 2693 1400 2744 adeo
1438 2695 1739 2747 mentiatur
1787 2697 2069 2765 exempla-

492 2789 572 2843 ris
619 2786 1036 2842 similitudinem
1073 2801 1087 2849 ;
1127 2783 1305 2854 imago
1332 2795 1514 2838 autem
1551 2794 1807 2854 tauquam
1849 2788 2066 2856 similis,

491 2886 570 2936 sic
594 2897 703 2952 prae
734 2881 824 2933 illo
874 2879 1091 2949 proprie
1128 2881 1464 2931 nominatur.
1507 2875 1702 2932 Verum
1751 2880 1884 2933 nihil
1915 2882 2068 2951 ejus-

489 2977 638 3031 modi
672 2973 974 3044 intelligere
1007 2973 1180 3026 voluit
1213 2972 1380 3024 miser
1414 2972 1601 3034 homo,
1631 2983 1797 3042 atque
1824 2991 1853 3028 a
1896 2975 2066 3030 bestia

489 3085 686 3125 numen
717 3067 923 3121 habens
954 3084 966 3118 :
995 3065 1247 3135 quiuimo
1293 3080 1442 3116 more
1467 3065 1868 3136 Corybantum,
1909 3077 1968 3120 ut
1993 3069 2066 3122 ita

488 3164 690 3228 dicam,
738 3160 1040 3221 insaniens,
1082 3167 1245 3226 atque
1287 3158 1550 3211 alversus
1578 3159 1881 3225 Christum,
1917 3159 2068 3228 ejus-

487 3269 595 3324 que
645 3248 1192 3305 iutemeratissimam
1241 3247 1468 3316 figuram
1529 3248 1713 3304 furore
1764 3251 2062 3314 bacchaus,

492 3360 619 3396 eum
657 3343 801 3395 τῖε-οδ
834 3339 1100 3409 quosdam
1137 3338 1318 3392 animo
1351 3341 1526 3409 rcipsa
1560 3351 1877 3410 CUtl‘tlplus,
1909 3343 2057 3411 ejus-

487 3452 594 3505 que
643 3449 736 3504 per
765 3434 949 3486 omnia
997 3430 1178 3499 pravis
1223 3431 1470 3486 consiliis
1505 3434 1864 3503 astipulantes
1914 3435 2065 3488 inre.

491 3530 682 3592 uisset,
717 3524 831 3580 [ore
864 3523 1093 3594 putavit,
1125 3533 1183 3576 ut
1223 3540 1319 3592 per
1349 3538 1443 3576 eos
1485 3524 1812 3579 Christianae
1847 3527 2065 3593 pii-tatis

489 3622 892 3671 sacramentum
935 3611 1170 3666 fabulam
1203 3611 1428 3666 facetet.
1479 3611 1633 3667 llaud
1689 3623 1868 3668 tamen
1899 3616 2068 3670 valuit

490 3719 772 3782 pra'staie,
802 3722 863 3760 ac
888 3720 1200 3774 quanquam
1235 3705 1408 3757 instar
1435 3707 1648 3775 sagitt-.e
1682 3706 1854 3759 valide
1879 3711 2067 3760 adniti.

488 3809 615 3859 dum
646 3800 976 3870 pt'l't'UllL‘llS,
1005 3797 1238 3850 validius
1265 3800 1317 3849 iu
1347 3796 1602 3852 Ecclesia:
1628 3799 1838 3868 pugiles
1866 3799 2066 3868 impiu-

488 3912 643 3967 gens,
668 3903 887 3946 γειιιδιιε
910 3901 1011 3944 (351.

556 3986 694 4040 Cum
721 3985 868 4038 enim
898 3985 950 4038 iu
987 3999 1140 4039 sacra
1174 3984 1406 4054 quadam
1437 3984 1618 4054 palatii
1649 3985 1782 4048 inde,
1812 3985 2067 4039 sacerdo-

491 4092 607 4136 tum
663 4095 726 4132 ac
765 4077 989 4130 Patrum
1030 4087 1364 4140 nostrorum,
1402 4077 1834 4146 circumquaque
1890 4078 2065 4147 ipsum

488 4173 725 4242 stipante
762 4170 951 4235 milite,
987 4170 1200 4223 turbam
1247 4178 1655 4240 congregasset.
1698 4171 1912 4223 medius
1956 4170 2069 4238 ipse

491 4263 811 4334 prmsideus,
841 4261 1116 4330 arroganti
1155 4277 1218 4315 ac
1249 4261 1610 4315 fremebundo
1651 4277 1838 4322 sensu,
1871 4262 2066 4316 adver-

489 4371 585 4411 sus
625 4371 884 4426 magnum
919 4355 1226 4423 pontilicetn
1261 4356 1578 4422 sociusque,
1609 4355 1752 4421 quod
1792 4370 1883 4424 per
1914 4370 2067 4408 erro-

490 4464 603 4501 rem
640 4449 691 4501 in
720 4447 1112 4500 venerabilium
1150 4445 1450 4514 imaginum
1479 4447 1882 4499 restitutiourui
1926 4464 2065 4500 con-

491 4537 820 4596 sensissent,
884 4535 1028 4590 velut
1091 4549 1190 4606 pro
1251 4536 1514 4589 concione
1563 4535 1776 4589 orabat.
1819 4537 2069 4608 Tumque

490 4619 690 4680 deinde
739 4626 952 4689 videns,
991 4637 1049 4682 ut
1090 4629 1123 4681 ii
1159 4627 1393 4697 Spiritus
1426 4628 1606 4696 gladio
1638 4646 1906 4696 nugarum
1951 4632 2069 4699 ejus

490 4718 866 4786 garrulitatem
915 4721 1062 4773 varie
1105 4721 1336 4774 mediani
1399 4731 1649 4776 secat-ent
1685 4760 1698 4784 ,
1750 4737 2066 4790 quanquam

2181 2234 2248 2286 τὰ
2290 2233 2619 2302 παράγωγα.
2656 2229 2736 2283 Τά
2770 2230 2878 2299 γάρ
2925 2226 3184 2289 ἐναντίως
3213 2225 3481 2294 ἀλλήλων,
3519 2222 3744 2276 ἐναντίαν

2183 2325 2404 2387 πάντως
2445 2324 2540 2376 καὶ
2586 2323 2687 2392 τὴν
2735 2320 3024 2374 κοινωνίαν
3061 2319 3306 2388 εἰσφέρει
3355 2316 3492 2388 πρὸς
3541 2313 3744 2383 ἄλληλα.

2194 2419 2255 2470 'ﬂ
2293 2418 2401 2488 γὰρ
2431 2416 2692 2487 ἑτερότης
2717 2413 2948 2484 θατέρου
2969 2412 3105 2484 πρὸς
3135 2411 3386 2481 θάτερον,
3419 2407 3638 2461 εἰδώλου
3675 2423 3743 2471 τε,

2179 2513 2345 2581 φημὶ,
2376 2511 2469 2563 καὶ
2492 2509 2718 2571 εἰκόνος,
2747 2507 2938 2576 ῶσπερ
2961 2508 2992 2576 ἡ
3017 2504 3110 2557 τοῦ
3142 2501 3380 2574 Χριστοῦ
3409 2501 3503 2554 καὶ
3540 2500 3744 2566 Βελίαρ,

2179 2603 2246 2655 δι’
2297 2601 2574 2672 ἑκατέρων
2615 2599 2974 2670 γνωρίζεται·
3005 2595 3220 2650 εἴδωλον
3265 2595 3364 2664 μὲν
3408 2594 3516 2664 γὰρ
3569 2593 3643 2654 ὡς
3671 2591 3744 2642 δο-

2179 2693 2327 2747 λιοῦν
2357 2691 2473 2765 [τὰ]
2504 2693 2595 2745 καὶ
2619 2692 2789 2759 αὐτὴν
2819 2690 2918 2759 τὴν
2955 2688 3048 2741 τοῦ
3083 2687 3396 2758 ἀρχετύπου
3427 2685 3742 2756 ἐμφέρειαν·

2183 2785 2348 2838 εἰκὼν
2389 2785 2466 2849 δὲ,
2506 2785 2582 2846 ὡς
2615 2785 2828 2838 ἐοικυῖα
2868 2781 3040 2851 ταύτῃ
3076 2779 3277 2848 μᾶλλον
3310 2776 3523 2831 ἐκείνου
3556 2776 3745 2843 κυρίως

2179 2877 2668 2948 προσονομάζεται.
2709 2876 2875 2929 Οᾷδὲν
2900 2875 2957 2928 δὲ
2989 2873 3194 2928 τούτων
3225 2871 3456 2924 συνιδεῖν
3485 2869 3742 2940 ἠϐουλήθη

2177 2971 2204 3022 ό
2238 2970 2406 3034 τάλας
2443 2965 2596 3033 οὗτος
2631 2969 2724 3022 καὶ
2763 2965 3110 3038 θηριὼνυμος
3132 2983 3144 2996 ·
3183 2964 3318 3017 ἀλλά
3359 2960 3744 3032 κορυϐαντιών,

2180 3061 2247 3114 ἵν’
2271 3061 2444 3124 οὕτως
2485 3061 2644 3124 εἴπω,
2687 3061 2780 3112 καὶ
2816 3058 2960 3113 κατὰ
3024 3054 3263 3128 Χριστοῦ
3306 3054 3401 3109 καὶ
3446 3053 3540 3124 τῆς
3572 3052 3744 3107 τούτου

2178 3155 2558 3226 παναχράντου
2613 3155 2826 3224 μορφῆς
2878 3151 3318 3222 βακχευόμενος,
3369 3148 3548 3218 εὑρών
3609 3163 3744 3206 τινας

2175 3247 2378 3317 ἄνδρας
2420 3246 2499 3317 τῷ
2531 3245 2644 3298 διτι
2673 3243 3110 3313 διεφθαρμένους
3156 3241 3248 3293 τὸν
3285 3241 3448 3303 νοῦν,
3485 3241 3581 3292 καὶ
3619 3237 3743 3291 κατὰ

2177 3341 2351 3394 πάντα
2385 3339 2710 3408 συνίστορας
2737 3337 2843 3390 τῶν
2877 3334 3044 3388 αὐτοῦ
3087 3333 3337 3404 πινηρῶν
3374 3331 3742 3401 βουλευμάτων

2176 3433 2554 3502 ὑπάρχοντας,
2598 3429 2664 3482 δι’
2700 3428 2878 3482 αὐτῶν
2927 3428 3370 3498 κατακερτομεῖν
3417 3425 3578 3496 δῆθεν
3623 3425 3742 3496 {us-0

2173 3525 2328 3596 ἡμῶν
2362 3524 2422 3576 τὸ
2452 3524 2550 3593 τῆς
2596 3521 2878 3584 εὐσεϐείας
2912 3525 3232 3591 μυστήριον.
3278 3519 3419 3573 Ἀλλ’
3464 3517 3566 3572 οὐκ
3607 3517 3741 3585 ἰσχυ-

2173 3636 2283 3680 σιν,
2320 3618 2365 3670 εί
2404 3617 2499 3670 καὶ
2526 3617 2598 3670 τὰ
2631 3615 2867 3686 μάλιστα
2900 3613 3224 3684 προσϐαλὼν
3261 3613 3338 3676 ὠς
3371 3613 3560 3684 βέλοςο
3601 3611 3739 3680 στερο

2173 3712 2408 3783 ροτέρως
2443 3709 2799 3778 προσκρούων
2830 3711 2940 3772 τοῖς
2969 3706 3404 3778 τῆςἙκκλησίας
3433 3705 3738 3777 προμάχοις,

2171 3801 2585 3873 ἐναποκρούετο.

2255 3985 2472 4056 Ἐπειδὴ
2501 3985 2608 4055 γὰρ
2635 3985 2744 4037 τῶν
2783 3983 3163 4056 ἀνακτορικῶν
3188 3983 3246 4035 ἔν
3277 3999 3384 4036 τινι
3422 3982 3531 4036 τῶν
3558 3981 3734 4046 θείων,

2171 4079 2279 4132 τῶν
2331 4080 2520 4150 ἱερέων
2555 4079 2650 4132 καὶ
2689 4079 2799 4130 τῶν
2845 4079 2970 4132 καθ’
2995 4079 3144 4149 ἡμᾶς
3191 4076 3453 4146 Πατέρων
3507 4074 3735 4142 συναγεί-

2175 4190 2375 4243 γερκεν
2416 4171 2635 4241 ὅμιλον,
2683 4171 2790 4224 τῶν
2837 4171 3261 4242 στρατευμάτων
3301 4168 3451 4238 αὐτῷ
3497 4166 3735 4221 κυκλόθεν

2173 4266 2596 4335 παρισταμένων
2616 4281 2630 4295 ο
2658 4265 2820 4326 αὐτος
2852 4267 2909 4317 ὲν
2940 4263 3090 4333 μέσῳ
3122 4262 3507 4332 προύκάθητο,
3540 4257 3735 4328 σςϐαρῷ

2173 4357 2266 4410 καὶ
2305 4357 2561 4428 βρέμοντι
2610 4355 2686 4426 τῷ
2736 4357 3081 4425 φρονήματι,
3139 4346 3614 4424 καταδημηχορῶν
3639 4352 3732 4404 τῶν

2171 4449 2315 4518 ἀμφὶ
2356 4448 2445 4500 τὸν
2488 4447 2661 4518 μέγαν
2711 4449 2996 4516 ίερὰρχην,
3039 4445 3114 4508 ὡς
3180 4446 3537 4516 ὲσφαλμένως
3581 4461 3731 4512 προτ-

2172 4560 2280 4613 ηκα
2289 4541 2485 4612 μένων,
2501 4541 2608 4594 τῶν
2628 4539 2840 4592 σεπτῶν
2871 4539 3210 4609 ἰνδαλμάτων
3236 4539 3332 4609 τὴν
3356 4538 3726 4608 ἀναστήλωσιν.

2173 4630 2284 4689 Εἶτ’
2325 4633 2526 4702 ἐνορῶν
2574 4630 2822 4695 εἰσαῦθις
2884 4631 3109 4694 τούτους
3159 4633 3226 4701 τῇ
3293 4629 3386 4682 τοῦ
3439 4631 3728 4700 Πνεύματος

2176 4722 2422 4792 μαχαίρᾳ
2461 4720 2722 4783 ποικίλως
2751 4721 2850 4790 τὴν
2879 4720 3080 4790 λέσχην
3114 4719 3235 4772 κατ’
3264 4721 3434 4788 ἄμφω
3473 4720 3580 4772 τῶν
3610 4717 3726 4785 φλη-

492 4811 693 4870 nullius
723 4813 945 4882 perinde
974 4823 1136 4882 atque
1169 4813 1350 4866 herois
1387 4830 1449 4867 ac
1477 4815 1657 4883 magni
1684 4813 1860 4867 Patris
1893 4816 2063 4868 nostri

2179 4815 2358 4882 νάφων
2411 4812 2576 4865 αὑτοῦ
2630 4811 3059 4875 διακόπτοντας,
3114 4810 3380 4878 οὐμενοῦν
3445 4811 3578 4882 πρὸς
3632 4810 3728 4868 τοῖς

1616 4991 1863 5046 FRANC.
1899 4992 2288 5047 COMBEHSII
2329 4991 2559 5048 ΝΟΤᾸΕ.

561 5134 673 5203 (ll)
703 5133 990 5203 Cousentit
1037 5134 1344 5196 Cedrcnus,
1389 5135 1468 5188 sic
1493 5137 1628 5186 mala
1657 5145 1772 5187 arte
1798 5137 2065 5189 invasisse

485 5205 801 5274 imperium,
831 5219 894 5258 ac
919 5202 1167 5259 Michaeli
1205 5205 1499 5272 abrOgasse
1527 5207 1833 5274 pt'ovocatis
1862 5208 1911 5256 in
1939 5222 2060 5258 eum

489 5275 674 5345 populi
704 5289 768 5328 ac
805 5275 1040 5329 militqu
1073 5276 1234 5337 odiis,
1267 5292 1567 5344 eorumque
1599 5275 1702 5328 sibi
1749 5277 2062 5328 conciliatis

487 5345 685 5401 studiis
719 5361 732 5398 :
767 5356 1004 5416 suntque
1037 5346 1152 5416 haec
1193 5348 1348 5412 longe
1384 5362 1511 5399 vero
1557 5346 1844 5408 siunliora,
1897 5362 2061 5415 quam

487 5432 610 5486 qua!
645 5415 936 5470 narrantur
978 5431 1006 5468 a
1051 5415 1384 5482 Theophane
1424 5418 1488 5469 de
1527 5417 1753 5486 imperii
1783 5416 1868 5468 illa
1901 5420 2064 5485 adep-

490 5485 655 5551 tione,
680 5490 905 5542 cedente
933 5497 1128 5556 spOIIle
1158 5486 1442 5549 Michaele,
1476 5504 1538 5541 ac
1567 5491 1709 5541 ultro
1742 5485 1974 5541 Leonem
1998 5487 2063 5540 ad

491 5562 778 5629 imperium
810 5555 1120 5612 adeundum
1147 5572 1496 5629 provocante.
1524 5555 1640 5612 Non
1669 5559 1804 5613 levis
1823 5558 2066 5623 suspicio

488 5627 583 5682 rst'
603 5629 773 5684 fuisse
825 5629 911 5683 illa
941 5630 1150 5698 adjecta
1181 5627 1533 5697 Theophanis
1563 5630 1736 5698 operi,
1769 5646 1797 5680 ει
1828 5631 2063 5698 quodam

490 5698 690 5754 Leonis
735 5701 1003 5761 studioso,
1057 5716 1179 5752 eum
1229 5699 1509 5754 Cedrenus
1556 5700 1702 5754 dicat
1751 5700 1905 5752 initio
1951 5713 2066 5753 sua:

492 5769 768 5833 Historiae,
801 5769 1188 5840 Theophanem
1215 5770 1283 5824 ad
1318 5771 1525 5823 obitum
1571 5785 1744 5840 usque
1773 5767 2061 5840 Nicephori

490 5842 755 5910 duntaxat
782 5857 937 5896 suam
961 5839 1271 5896 Historiam
1319 5841 1634 5902 deduxisse.
1660 5839 1834 5910 ’quem
1871 5839 2063 5894 deinde

489 5907 729 5966 Joannes
780 5912 1230 5981 protomtiarius
1277 5914 1573 5982 exceperit,
1625 5907 1786 5967 suam
1827 5925 2062 5966 exorsus

2176 5134 2495 5199 Historiam,
2526 5135 2634 5189 ἀπὸ
2668 5136 2760 5188 τοῦ
2787 5135 2993 5199 τέλους,
3033 5134 3126 5189 τοῦ
3175 5135 3284 5189 ἀπὸ
3312 5136 3543 5203 γενικῶν
3574 5135 3717 5202 Νικη-

2175 5209 2364 5278 φόρου,
2415 5206 2468 5259 α’
2493 5205 2705 5274 prmfati
2753 5205 3063 5272 Nicephori,
3100 5207 3192 5276 qui
3227 5221 3292 5278 ea:
3331 5207 3563 5278 generali
3599 5205 3718 5273 logo-

2177 5275 2318 5330 théta
2345 5279 2519 5346 [actus
2549 5288 2624 5330 est
2659 5278 2970 5345 imperator,
3005 5275 3170 5330 obitu.
3209 5275 3537 5330 Anastasius
3563 5285 3717 5346 tamen

2176 5348 2226 5400 iu
2263 5343 2361 5401 sua
2407 5347 2472 5400 ad
2509 5343 2739 5400 Paulum
2769 5347 3064 5400 Diacouum
3107 5347 3443 5415 praefatione,
3474 5359 3638 5414 usque
3663 5343 3715 5394 ad

2175 5416 2430 5482 Leonem,
2472 5418 2562 5486 qui
2595 5427 2718 5486 post
2755 5417 3068 5471 Michaelem
3106 5420 3415 5482 imperavit,
3468 5419 3551 5470 sui
3594 5415 3716 5486 illius

2173 5489 2354 5555 operis
2377 5484 2573 5558 styIum
2599 5484 2952 5556 produxisse,
2978 5491 3072 5541 ait.
3101 5488 3283 5558 Atque,
3305 5497 3364 5540 ut
3387 5487 3527 5539 bona
3556 5484 3715 5558 illa_de

2173 5558 2370 5612 Leonis
2397 5555 2568 5612 initiis
2598 5555 2899 5624 scripserit,
2929 5558 3188 5626 deceptus
3213 5557 3334 5620 fuit,
3359 5558 3557 5611 bonum
3587 5555 3714 5626 priu-

2171 5629 2345 5698 cipem
2391 5645 2453 5682 ac
2498 5630 2644 5693 pium
2691 5631 3010 5692 arbitratus,
3045 5643 3166 5682 cum
3201 5629 3289 5680 ille
3332 5635 3390 5678 ut
3431 5628 3531 5682 sibi
3565 5629 3712 5693 impe-

2170 5697 2313 5752 rium
2363 5700 2653 5763 stabiliret,
2703 5702 2965 5753 hactenus
3008 5699 3224 5768 pietatis
3265 5697 3470 5751 larvam
3510 5707 3713 5766 pra'teu-

2169 5770 2338 5840 deret,
2411 5771 2554 5837 quod
2623 5772 2825 5840 passim
2889 5771 3208 5840 scriptores
3248 5768 3708 5840 alii__signiiicaul.

2167 5839 2394 5910 ipseque
2433 5834 2586 5894 adeo
2623 5834 2828 5894 auctor
2886 5834 3014 5896 vitai
3058 5837 3290 5899 Nicolai.
3347 5834 3484 5893 Vide
3535 5839 3708 5892 Baton-

2165 5925 2295 5964 atm.
2327 5911 2434 5965 812
2459 5921 2513 5966 et
2547 5923 2795 5982 sequcut.
