3978 6642
252 511 345 579 ΒἺ
1341 514 1514 573 νιΤΑ
1560 516 1616 573 S.
1665 515 1829 573 NICC

1947 514 1964 570 1
2012 513 2098 572 ST
2109 513 2151 571 U
2165 511 2379 571 DIT/E.

3374 508 3492 570 832’

251 623 418 684 ἄλλοις
447 622 570 675 ὅσον
617 620 706 674 τοῦ
736 621 944 692 ἥρωος,
976 622 1070 675 καὶ
1102 621 1336 692 μεγάλου
1368 621 1579 693 Ila-:96;
1608 624 1812 676 Θεοδώ-

1937 621 2186 677 l‘hcodori
2210 619 2497 676 audaciam
2525 625 2789 689 stuperet,
2820 631 2881 671 ea
2907 630 2964 670 re
2996 614 3158 668 miser
3180 613 3231 666 in
3260 613 3501 666 furorem

254 733 342 787 ρου
382 713 738 784 καταπλήξας
796 714 885 766 τὸν
922 711 1213 785 εὔτολμον,
1249 717 1438 783 μανεὶς
1483 715 1634 768 ἐνθεν
1681 715 1820 768 κατᾶ

250 808 419 876 φρένα
457 809 485 860 6
530 807 809 876 ἁλιτήριος
833 845 847 867 ,
879 805 1048 874 ἄρδην
1084 809 1290 870 πάντας
1329 809 1469 877 μετὰ
1500 806 1696 860 πολλοῦ
1727 807 1818 860 τοῦ

251 898 422 967 θυμοῦ
474 899 582 952 τῶν
629 898 914 968 βασιλείων
939 899 1225 963 άπεώσας,
1267 900 1298 969 ἣ
1328 899 1487 968 τάχος
1518 900 1614 968 τὴν
1651 900 1820 970 ὑπερ-

250 989 392 1059 όριον
421 989 635 1056 ἑκάστῳ
668 988 1016 1059 περιγραφὴν
1045 989 1476 1060 καθυπέγραψεν
1506 991 1640 1060 (12).

323 1081 512 1136 Ἔνθεν
557 1081 834 1152 ὲξόριστος
869 1082 966 1152 μὲν
1005 1084 1033 1134 6
1074 1083 1384 1152 ἀρχιερεὺς,
1417 1085 1511 1135 καὶ
1539 1084 1638 1151 τῆς
1667 1082 1820 1153 νίκης

251 1172 533 1244 ἐπώνυμος
553 1191 566 1204 ·
601 1173 868 1244 έξόριστοι
917 1173 974 1225 δὲ
1006 1174 1098 1227 καὶ
1125 1174 1330 1238 πάντες
1374 1175 1422 1228 oi
1453 1174 1688 1245 Χ-ριστοῦ
1724 1176 1822 1246 τὴν

250 1265 433 1318 εἰκόνα
490 1262 756 1334 σχετικῶς
809 1261 1184 1331 σεϐιζόμενοι.
1275 1261 1568 1331 Ἐξόριστοι
1617 1262 1673 1315 δὲ
1717 1261 1822 1332 πρὸ

251 1355 510 1418 πάντων,
561 1353 647 1406 ἵνα
695 1351 765 1405 τὰ
815 1351 988 1404 πολλὰ
1036 1350 1363 1422 παραθετῶ,
1409 1352 1503 1404 καὶ
1551 1350 1611 1403 τὸ
1645 1351 1822 1404 κοινὸν

247 1445 408 1498 τοῦτο
431 1485 444 1509 ,
501 1445 596 1498 καὶ
628 1443 1038 1514 πυρσολαμπὲς,
1074 1443 1136 1496 τὸ
1173 1441 1508 1512 θεοδῴρητόν
1548 1459 1688 1513 φημι
1722 1443 1822 1512 τῆς

259 1537 586 1608 Ἐκκλησίας
617 1536 958 1608 ὲντρύφημα,
995 1536 1091 1588 σὺν
1116 1533 1192 1600 τῷ
1223 1535 1460 1606 μαθητῇ,
1484 1539 1576 1588 καὶ
1591 1536 1823 1606 γενναίῳ

249 1628 540 1698 προμάχῳ,
591 1629 686 1683 καὶ
724 1629 1028 1698 ὁμολογητῇ
1065 1628 1239 1698 lla-cpi
1276 1627 1530 1697 Νικολάῳ
1561 1628 1822 1698 γεγένην-

245 1737 353 1774 ται.
411 1719 579 1783 Μόλις
607 1720 717 1790 γὰρ
753 1719 888 1790 πρὸς
921 1719 1113 1772 ἑαυτὸν
1163 1718 1232 1772 δι’
1266 1718 1547 1782 ἀσθενείας
1591 1713 1690 1771 ὦδε
1724 1722 1824 1773 κά-

247 1814 400 1864 κεϊσε
448 1811 538 1864 τὸν
568 1811 726 1879 λόγον
759 1805 914 1875 οὗτος
956 1811 1317 1882 πλαζόμενον,
1353 1815 1511 1883 χεῖρα
1539 1813 1826 1883 προτείνας

247 1903 581 1974 συμπαθῶς,
613 1905 986 1973 ἀνεκτήσατοο
1019 1907 1069 1956 εἰ
1095 1905 1186 1957 καὶ
1218 1903 1293 1974 μὴ
1316 1904 1686 1974 περιεκτικῦς
1727 1905 1826 1957 ἔδι-

244 1999 352 2066 κήν
392 2014 512 2049 τινα
562 1996 660 2068 τὴν
715 1997 1003 2050 ὑπόθεσιν·
1041 1996 1248 2058 κοινοὺς
1297 1997 1352 2049 δὲ
1394 1996 1513 2049 κατ’
1543 1997 1710 2065 ἄμφω
1750 1995 1825 2048 τὼ
1859 1990 1898 2044 Β

244 2087 561 2141 διδασκάλω
608 2089 734 2151 τοὺς
777 2089 1037 2154 ἀγῶνας,
1069 2088 1262 2140 τούτου
1311 2090 1376 2158 τῇ
1429 2088 1638 2158 ἱστορίᾳ
1684 2105 1826 2158 παρ’

246 2177 484 2247 ίστησιν.
536 2178 693 2231 Ἀλλὰ
731 2179 920 2248 μηδεὶς
949 2180 1094 2248 ἡμᾶς
1124 2179 1181 2232 ὲν
1214 2176 1387 2245 τούτῳ
1415 2176 1720 2246 νεμεσάτω.
1749 2176 1824 2230 Οὐ

242 2271 356 2340 γάρ
391 2273 668 2339 τεχνικαῖς
701 2270 1023 2340 πιθανότησι
1045 2309 1060 2334 ,
1085 2272 1150 2340 τῇ
1189 2267 1420 2338 ἀληθείᾳ
1451 2268 1508 2320 δὲ
1543 2267 1638 2321 καὶ
1669 2266 1827 2334 μόνον

239 2365 312 2416 τά
365 2360 496 2432 περὶ
542 2361 737 2415 τούτου
792 2359 1056 2430 σεμνῦναι
1084 2357 1591 2430 ’προεθυμήθημεν
1635 2354 1822 2420 Μείζω

241 2453 298 2506 δὲ
341 2453 528 2506 λοιπὸν
574 2455 637 2505 ἐκ
667 2452 761 2505 τοῦ
797 2453 1003 2523 πατρὸς
1031 2452 1348 2520 αὑξὴσομεν
1383 2449 1530 2519 αὐτῴ
1567 2447 1627 2502 τὸ
1657 2447 1828 2514 me-

246 2562 378 2615 μιον
403 2585 420 2612 ,
469 2543 625 2615 εῐπερ
657 2544 732 2616 μὴ
783 2544 1078 2617 παρέργως
1104 2544 1203 2616 τὴν
1247 2543 1480 2612 δοκιμὴν
1511 2542 1620 2596 τῶν
1652 2541 1830 2612 ἔργων

243 2633 647 2698 κατευτελιζων
675 2637 703 2687 6
731 2633 888 2701 λόγος
907 2673 921 2699 ,
950 2632 1010 2698 ἐξ
1035 2633 1304 2696 ἰδιωτείας
1332 2633 1589 2703 ἀδόκιμον
1612 2632 1830 2687 ἀποδεί-

243 2725 384 2790 ξειε.
413 2725 558 2796 Πρὸς
604 2725 712 2796 γάρ
744 2728 809 2796 τῇ
836 2725 1091 2797 ξενιτείᾳ,
1131 2726 1224 2779 καὶ
1253 2725 1346 2778 τὸν
1378 2724 1532 2797 παρὰ
1562 2724 1671 2778 τῶν
1697 2726 1828 2778 ἀσε-

243 2813 362 2865 ϐῶν
401 2813 544 2867 κατὰ
576 2813 758 2883 χώραν
791 2813 886 2867 τοῦ
916 2814 1176 2880 γεννάδος
1221 2814 1535 2884 ἀκήρυκτον
1559 2814 1826 2884 πόλεμον,

244 2907 349 2960 καί
377 2906 770 2976 συμπαρέμενε
798 2905 875 2977 τῷ
908 2907 1082 2976 Πατρ).
1110 2905 1453 2976 θεραπεύων,
1485 2909 1606 2970 ταῖς
1648 2923 1832 2978 σωμα-

243 3000 437 3060 τικαῖς
473 2997 704 3059 ἐνδείαις
753 2996 1107 3065 ὲγκαρτερῶν
1133 2997 1214 3049 ὅτι
1254 2996 1515 3066 μάλιστα,
1555 2998 1651 3051 καὶ
1690 2997 1834 3051 κατὰ

247 3086 439 3139 πάντα
488 3084 788 3153 σύμϐουλος
839 3083 1074 3152 ἀγαθὸς,
1125 3085 1220 3138 καὶ
1263 3084 1435 3149 δεξιὸς
1473 3086 1832 3157 παραστάτης

247 3178 407 3249 αὐτῷ
440 3177 860 3250 γνωριζόμενος.
906 3176 1066 3230 Ἀλλά
1093 3178 1221 3247 περ).
1250 3177 1474 3242 τούτων,
1519 3179 1597 3249 τῷ
1635 3197 1834 3258 πανευ-

246 3274 427 3342 φήμῳ
461 3272 633 3342 Πατρὶ
651 3270 910 3341 Θεοδώρῳ
943 3271 1362 3334 καταλειπτέον,
1391 3272 1652 3336 ποικίλως
1680 3274 1831 3344 αὐτῷ

243 3365 316 3419 δι’
362 3363 666 3416 ἐπιστολῶν
720 3362 830 3432 (l3)
881 3363 978 3432 τῆς
1005 3362 1375 3432 ἀνδραγαθίας
1419 3364 1512 3417 τὸν
1564 3365 1829 3434 στέφανον

245 3455 536 3520 πλέξαντι.
588 3454 779 3524 Ἡμεῖς
829 3452 884 3506 δὲ
910 3453 979 3506 τά
1012 3452 1108 3507 νῦν
1141 3453 1250 3508 τῶν
1286 3455 1664 3526 προκειμένων
1693 3455 1830 3520 τέως

245 3546 532 3620 ἐχώμεθα.

340 3731 564 3802 Ἐπειδὴ
604 3732 713 3803 γάρ
772 3731 1057 3803 ἀκρατῶς,
1107 3733 1204 3787 καὶ
1256 3733 1398 3788 κατά
1436 3735 1546 3788 τῶν
1592 3737 1834 3808 ἀκρίτων

245 3823 466 3877 τούτων
525 3823 622 3877 καὶ
656 3823 940 3894 μακαρίων
972 3825 1001 3877 6
1054 3825 1525 3896 κατακεκριμένος
1557 3826 1692 3894 ἄναξ
1735 3831 1835 3901 τὴν

246 3914 441 4001 ψῆφον
503 3914 803 3985 ἐξήνεγκε,
852 3917 947 3968 καὶ
996 3915 1281 3988 ὑπερόριοι
1331 3917 1412 3982 είς
1471 3936 1526 3971 τι
1577 3921 1837 3992 φρούριον

1926 725 2103 778 actus,
2143 729 2336 770 omnes
2365 715 2430 768 ad
2475 728 2665 775 unum,
2717 711 2885 764 multa
2937 709 3012 762 ira
3051 719 3379 766 exaestuans.
3410 723 3500 760 re-

1931 808 2016 877 gia
2039 807 2281 876 expellit,
2313 821 2377 861 ac
2399 821 2561 878 quam
2586 805 2821 876 primum
2849 802 3082 871 singulis
3115 801 3293 854 locum
3320 797 3496 854 exsilii

1926 898 2121 953 sancit.

1999 1082 2365 1149 Quamobrem
2406 1082 2727 1152 deportatur
2790 1079 3033 1150 pontifex
3078 1078 3166 1132 cui
3210 1096 3238 1131 a
3274 1076 3499 1132 victoria

1929 1189 2126 1228 nomen
2161 1191 2174 1225 :
2206 1174 2298 1230 sed
2328 1183 2382 1228 et
2406 1189 2597 1227 omnes
2621 1174 2954 1242 relegantur,
3008 1181 3278 1240 quotquot
3296 1168 3500 1224 Christi

1931 1265 2218 1336 imaginem
2293 1264 2528 1336 quadam
2587 1265 2653 1318 ad
2698 1264 2977 1333 exemplar
3034 1262 3352 1316 habitudine
3409 1275 3501 1314 ve-

1931 1367 2273 1412 nerarcutur.
2343 1357 2481 1410 Ante
2543 1371 2734 1410 omnes
2791 1362 2973 1408 autem
3039 1355 3382 1423 relegantur,
3441 1362 3504 1407 ut

1931 1450 2189 1519 pleraque
2220 1448 2490 1510 omittam,
2525 1461 2820 1501 commune
2843 1445 2973 1498 illud
3033 1435 3502 1498 lucentis-simum-

1930 1557 2035 1610 que
2072 1555 2300 1603 nomen;
2338 1539 2452 1600 Dei,
2479 1539 2721 1608 inquam,
2757 1550 2983 1590 munere
3013 1535 3222 1598 datum,
3257 1535 3502 1589 oblecta-

1933 1643 2212 1695 mentum;
2257 1646 2363 1683 una
2399 1646 2522 1683 cum
2556 1628 2828 1697 discipulo
2859 1637 3194 1695 strenuoqnc
3231 1626 3353 1680 fidei
3381 1641 3506 1696 pro-

1933 1731 2231 1794 pugnatore
2273 1735 2336 1774 ac
2373 1718 2689 1772 confessore
2733 1716 2895 1770 l’atrc
2935 1714 3180 1770 Nirolao.
3221 1714 3325 1769 Vix
3358 1715 3503 1768 enim

1933 1817 2042 1880 ille,
2076 1816 2162 1869 hic
2189 1814 2298 1867 illic
2319 1823 2592 1866 errantem
2649 1824 2958 1865 sermonem
2996 1809 3064 1864 ab
3111 1809 3503 1873 imbecillitate,

1933 1906 2409 1964 commiseratioiie
2437 1918 2656 1956 maumn
2693 1901 3056 1971 praetendens,
3087 1901 3186 1956 sibi
3216 1900 3463 1970 adjuuxit
3489 1918 3502 1954 :

1927 2015 2239 2071 quanquam
2294 1998 2361 2062 is,
2392 1996 2533 2050 haud
2565 1995 2838 2065 peculiare
2868 1993 3086 2063 aliquod
3119 2001 3502 2062 argumentum

1927 2093 2317 2162 complectens;
2352 2103 2670 2144 communes
2707 2087 2893 2156 potius
2937 2085 3205 2139 ambobus
3229 2083 3507 2151 magistris

1929 2197 2131 2254 agones
2187 2181 2354 2251 hujus
2390 2178 2618 2233 historia
2645 2177 2871 2231 texeuda
2894 2175 3229 2245 exsequitur.
3268 2171 3345 2228 Ne
3383 2174 3508 2243 quis

1927 2289 2058 2330 vero
2088 2289 2151 2328 ea
2183 2288 2283 2326 nos
2305 2282 2456 2341 parte
2485 2269 2774 2336 vituperet.
2802 2266 2916 2320 Non
2941 2267 3086 2318 cnim
3118 2281 3182 2319 ex
3207 2275 3323 2318 arte
3351 2279 3506 2318 com-

1928 2366 2120 2437 positis
2156 2362 2512 2420 suasionibus
2539 2402 2554 2425 ,
2618 2360 2750 2431 quin
2809 2360 2990 2429 potius
3033 2359 3284 2422 veritate,
3333 2372 3507 2426 eaque

1931 2471 2059 2521 una,
2093 2453 2214 2523 ejus
2262 2467 2346 2507 res
2392 2466 2660 2506 exornare
2703 2449 3066 2520 providimus.
3113 2447 3287 2518 Majas
3321 2457 3506 2502 autem

1929 2549 2182 2617 deinceps
2217 2561 2284 2601 ex
2339 2553 2566 2616 paterno
2609 2542 2660 2598 ei
2715 2541 2937 2598 accedet
2965 2542 3302 2605 encomium,
3343 2541 3512 2595 modo

1932 2657 1998 2696 ne
2027 2641 2201 2696 solum
2231 2637 2574 2692 del‘unctoria
2605 2635 2804 2702 oratio,
2830 2634 3112 2706 probatam
3136 2649 3361 2703 cperunt
3390 2633 3513 2688 lau-

1929 2735 2052 2788 dem
2085 2747 2151 2786 ex
2197 2729 2414 2785 inscitia
2441 2728 2774 2799 deprimens,
2823 2726 3110 2796 reprobam
3139 2724 3324 2781 faciat.
3360 2724 3510 2780 Prae-

1931 2833 2012 2879 ter
2033 2823 2179 2878 enim
2206 2822 2391 2877 exsilii
2416 2835 2657 2891 pmuam,
2684 2819 2938 2890 quodque
2964 2817 3232 2887 abimpiis
3252 2817 3512 2888 implaca-

1931 2917 2039 2972 bile
2067 2918 2269 2972 bellum
2301 2926 2560 2973 strenuus
2583 2914 2735 2985 pugil
2777 2914 3015 2968 indidem
3057 2915 3309 2985 pertulit,
3343 2914 3508 2970 etiam

1931 3008 2079 3064 Patri
2122 3009 2394 3064 famulans
2438 3010 2702 3063 continue
2749 3005 3018 3073 adhaesit;
3071 3006 3508 3061 necessariorum

1934 3103 2182 3170 corporis
2213 3100 2594 3170 indigentiam,
2656 3097 2893 3152 maxima
2946 3098 3256 3152 constantia
3306 3097 3508 3161 ferens,

1936 3209 2102 3263 seque
2134 3194 2182 3247 ei
2217 3208 2310 3262 per
2366 3192 2552 3245 omnia
2604 3190 2810 3244 bonmn
2859 3188 3266 3252 consiliarium,
3303 3188 3512 3242 ollicio-

1937 3300 2170 3353 sumque
2200 3293 2531 3353 parastatam
2564 3297 2629 3335 ac
2654 3281 2958 3352 adjutorem
2989 3280 3280 3336 exhibens.
3310 3279 3508 3333 Verum

1887 3355 1900 3373 ’
1935 3375 2274 3435 celeberrimi
2304 3373 2484 3430 Patris
2519 3373 2791 3429 Theodori
2833 3375 3070 3445 partium
3106 3373 3178 3429 sit
3227 3373 3330 3428 ista
3359 3372 3510 3429 edis-

1936 3484 2137 3535 serere,
2172 3468 2264 3538 qui
2304 3467 2353 3522 ei
2398 3467 2734 3524 fortitudinis
2798 3483 3062 3522 coronam
3094 3468 3242 3522 varie
3265 3482 3360 3537 per
3392 3467 3510 3537 epi-

1937 3559 2106 3614 stolas
2144 3559 2431 3629 plexuerit.
2459 3557 2571 3615 Nos
2617 3569 2799 3616 autem
2833 3561 3054 3616 interim
3107 3575 3512 3631 prosequamur

1938 3666 2059 3721 qua).
2090 3661 2220 3706 sunt
2249 3652 2425 3707 nostri
2449 3653 2734 3723 prtipositi.

2008 3741 2145 3809 Quia
2179 3743 2344 3812 igitur
2367 3744 2650 3815 impotenti
2695 3747 2796 3810 ira,
2835 3761 2898 3801 ac
2927 3755 3114 3802 contra
3169 3747 3513 3802 indemnatos

1944 3836 2242 3906 beatosque
2289 3837 2458 3904 viros,
2505 3838 2910 3908 praedamnatos
2954 3840 3252 3909 imperator
3286 3850 3512 3895 senten-

1943 3928 2069 3982 tiam
2101 3930 2324 3996 tulerat,
2352 3940 2708 4001 extorresque
2753 3931 2808 3987 in
2843 3942 3029 3987 castro
3080 3933 3314 4002 quodam
3344 3931 3526 4001 Apol--

1407 4061 1657 4120 FRANC.
1693 4065 2078 4127 COMBEFISII
2127 4072 2359 4135 ΝΟΤΑΞ.

329 4175 448 4247 (l2)
476 4177 640 4232 Multa
685 4179 899 4234 interim
950 4189 1099 4248 gesta
1135 4187 1257 4247 post
1301 4194 1420 4234 eam
1453 4183 1820 4249 collationem,

250 4259 387 4319 ante
421 4249 794 4319 confessorum
835 4250 1178 4319 ejectionem,
1228 4259 1414 4303 narrat
1459 4251 1726 4309 Baronius
1756 4270 1823 4308 ex

252 4317 535 4392 Theodori
585 4319 814 4392 Studitaz
836 4317 1105 4392 epistolis,
1147 4320 1376 4392 ejusque
1429 4324 1593 4392 gestis
1643 4340 1672 4377 a
1726 4323 1825 4378 Mi-

251 4389 452 4444 chaele
469 4388 690 4458 Studita
713 4390 1060 4458 conscriptis,
1092 4388 1298 4457 quibus
1321 4388 1822 4458 ista'illustrantur,

251 4473 314 4513 ut
350 4468 406 4512 et
445 4457 532 4511 illa
570 4461 807 4513 vicissim
841 4461 979 4515 istis.
1015 4460 1133 4514 Una
1167 4472 1311 4515 certe
1345 4461 1427 4514 vel
1459 4465 1694 4518 maxime
1716 4457 1826 4520 vita

249 4529 379 4604 l_ia:c
436 4528 680 4604 defuisse
722 4531 932 4604 videtur
989 4531 1242 4596 Baronio,
1285 4529 1426 4598 apud
1472 4549 1632 4602 quem
1687 4551 1830 4604 saape

1931 4204 2034 4259 quo
2081 4191 2216 4245 salvi
2257 4193 2448 4246 simus.
2479 4190 2545 4246 N.
2594 4192 2685 4247 21.
2734 4192 2812 4247 Ad
2859 4191 3236 4256 Naucratium,
3273 4191 3341 4247 Te
3390 4210 3522 4248 cum-

1931 4260 2171 4332 omnibus
2202 4263 2291 4332 qui
2324 4279 2523 4316 mecum
2555 4272 2632 4316 est
2697 4261 3032 4332 (Nicolaus)
3076 4261 3300 4332 salutat.
3353 4265 3523 4318 Auno

1933 4330 2060 4400 820,
2091 4347 2147 4386 ιι.
2182 4330 2234 4386 5.
2270 4331 2577 4400 ltermnque
2611 4331 2675 4386 ad
2703 4330 2916 4386 easdem
2943 4350 2997 4386 ιι.
3030 4332 3139 4386 20:
3172 4330 3384 4388 Salutat
3421 4351 3524 4389 vos.

1938 4399 2200 4455 Nicotaus
2258 4399 2592 4473 concaptivus
2644 4419 2810 4460 meus.
2865 4412 2914 4456 et
2961 4403 3157 4456 laboris
3202 4405 3398 4467 socius,
3460 4415 3526 4459 et-

1937 4473 2227 4541 commilito
2276 4490 2441 4538 meus,
2498 4484 2667 4527 vester
2727 4482 2902 4526 autent
2963 4475 3130 4541 frater
3182 4475 3504 4531 verissimus.

1940 4539 2143 4596 Scribit
2191 4544 2304 4599 lucc
2348 4543 2666 4599 Theodorus
2720 4552 2841 4608 post
2876 4539 3101 4598 multam
3148 4544 3268 4612 ejus
3294 4545 3511 4601 confes-

250 4599 584 4696 Τίιιίῖράοιυξ
611 4602 993 4696 ξριξξξψιξνυηι
1024 4617 1187 4696 δυυιιιξ
1320 4599 1655 4696 ςοθιεξιζξὶιη.
1686 4599 1833 4686 θοὴ)-
1865 4605 1908 4660 D
1941 4613 2113 4696 sionis
2139 4613 2516 4696 probationem
2553 4599 2863 4684 agentesque
2898 4615 3081 4696 plures
3111 4599 3233 4696 cuiu
3265 4615 3385 4696 ipso
3417 4599 3509 4696 de-

253 4670 676 4738 inilitouemque
706 4669 1009 4732 Nicolaum,
1049 4672 1192 4726 velut
1235 4680 1414 4726 tamen
1451 4674 1628 4728 obiter
1656 4676 1833 4730 nomi-

250 4749 571 4864 natimque
630 4740 899 4807 celebrat;
950 4756 1048 4797 nec
1106 4742 1238 4798 satis
1298 4743 1524 4798 omnino
1576 4744 1695 4814 ejus
1746 4761 1834 4800 res

293 4827 361 4864 ec
388 4819 525 4862 arat.
961 4858 967 4864 .

293 4819 525 4864 eclarat.
961 4858 967 4864 .

331 4881 452 4946 (15)
485 4879 860 4932 Commemini!
895 4895 1036 4948 saepe
1074 4879 1391 4938 Theodorus
1418 4886 1502 4939 sui
1543 4883 1747 4940 Nicolai
1781 4885 1833 4940 iu

256 4951 387 5005 suis
413 4949 659 5016 epistolis
691 4951 840 5020 apud
877 4949 1190 5004 Barouimn.
1227 4953 1462 5020 Epistola
1493 4955 1560 5009 ad
1597 4956 1834 5010 Eudoci-

257 5036 392 5074 nam
445 5019 726 5086 virginem,
759 5019 919 5085 cujus
948 5019 1308 5077 sollicitudine
1346 5025 1428 5078 vir
1455 5035 1676 5081 sanctus
1710 5041 1835 5080 cum

254 5089 493 5144 Nicolao
523 5091 574 5142 in
618 5104 837 5143 carcere
868 5091 1112 5145 alebatur
1148 5111 1160 5146 :
1202 5090 1268 5145 lu
1308 5110 1516 5149 carcere
1546 5097 1658 5149 illic
1699 5096 1837 5149 deti-

252 5161 521 5216 nebamur
555 5175 648 5228 ego
680 5159 947 5229 fraterque
979 5159 1256 5224 Nicolaus,
1289 5180 1404 5216 cum
1434 5175 1554 5219 ante
1581 5167 1836 5219 custodia:

257 5233 510 5301 foramen
538 5231 698 5302 positi
729 5233 988 5294 custodes,
1033 5234 1288 5286 neminem
1323 5249 1387 5286 ea:
1418 5237 1702 5302 impiorum
1745 5238 1828 5289 iit--

256 5303 513 5372 terdirto,
551 5301 764 5372 propius
806 5303 1107 5372 contingere
1144 5303 1406 5357 sinebant.
1458 5301 1586 5358 Tum
1625 5317 1702 5368 tu,
1743 5305 1836 5359 Dei

254 5373 465 5440 ﬁducia
489 5371 625 5443 [retu
647 5370 918 5430 mittebas;
936 5370 1320 5440 quodammodo
1340 5373 1599 5443 (uetabas,
1633 5376 1833 5440 aiebas,

254 5452 447 5512 potum
470 5441 657 5512 dabas,
691 5449 797 5495 etc.
822 5443 980 5495 Anno
1018 5443 1141 5500 816.
1177 5459 1231 5496 ιι.
1269 5443 1354 5498 14.
1383 5443 1553 5512 Epist.
1586 5441 1655 5501 ad
1681 5446 1837 5502 .Iosc-

255 5510 433 5581 phum
474 5510 693 5583 fratrem
736 5513 1206 5581 archiepiscopum
1251 5510 1540 5569 Thessal.:
1597 5517 1698 5583 Qui
1737 5533 1840 5570 mc-

259 5579 388 5635 i'um
422 5595 500 5635 est
546 5579 1190 5655 (Nicola_us__videlicet).
1245 5595 1298 5636 ut
1340 5585 1574 5654 famulus
1603 5579 1837 5655 supplex

259 5662 590 5718 ueneratur;
621 5669 676 5726 ιι.
715 5651 810 5726 45.
846 5650 1016 5722 Epist.
1063 5654 1128 5726 ad
1161 5650 1435 5724 dispersas
1480 5650 1692 5726 ubique
1715 5650 1837 5711 'fra-

263 5729 555 5788 ternitates
587 5721 843 5794 :Salutat
881 5721 969 5777 uos
998 5725 1087 5790 qui
1121 5721 1318 5794 mecum
1352 5736 1427 5778 est
1477 5721 1646 5794 frater
1677 5727 1838 5782 Nico-

264 5797 410 5847 taus.
447 5796 622 5847 Auno.
665 5791 793 5852 818.
839 5811 892 5845 ιι.
928 5794 993 5846 12
1037 5796 1100 5849 ad
1133 5793 1324 5851 fratres
1351 5791 1680 5852 Studiauos:
1735 5797 1835 5852 Vos

263 5879 389 5936 uero
423 5863 691 5930 rependite
737 5863 864 5936 mihi
914 5879 1034 5936 cuin
1070 5864 1316 5926 Nicolao.
1363 5868 1452 5936 qui
1495 5884 1698 5921 mecum
1737 5880 1832 5930 est,

263 5933 437 6001 fratre
471 5944 671 5996 nostra,
701 5935 790 6002 qui
827 5950 911 5988 vos
945 5933 1167 6000 salutat,
1208 5933 1386 5992 sacras
1428 5953 1604 6007 preces
1639 5951 1837 5995 vestras

1941 4683 2188 4756 sudatos.
2233 4682 2316 4756 De,
2356 4685 2448 4756 illa
2494 4682 3130 4756 porro,ueeeSSariorum
3187 4682 3504 4756 indigentia,

1941 4753 2205 4822 legendus
2253 4753 2503 4807 Michael
2532 4755 2742 4808 Studita
2791 4756 2993 4810 relatus
3040 4771 3182 4810 anno
3233 4753 3326 4810 illo
3378 4757 3505 4821 8l6,

1941 4838 1998 4876 ιι.
2043 4823 2129 4886 12,
2178 4825 2266 4878 ubi
2303 4825 2550 4878 mirabile
2586 4824 2714 4878 illud
2747 4841 2811 4879 ex
2855 4825 2996 4879 fama
3049 4836 3252 4888 narrat.
3290 4836 3347 4880 ut
3380 4843 3504 4880 cum

1940 4893 2029 4946 vix
2063 4893 2353 4947 frustulum
2394 4898 2549 4963 panis
2596 4894 2915 4949 Theodorus
2948 4911 3011 4949 ac
3053 4895 3304 4951 Nicolaus
3346 4898 3510 4950 alter-

1941 4964 2027 5016 nis
2063 4964 2389 5032 acciperent,
2448 4975 2612 5018 totam
2660 4965 2752 5019 ille
2797 4981 3068 5019 aunonam
3129 4967 3210 5019 ve!
3259 4967 3506 5029 cesserit,

1941 5033 2021 5086 vel
2049 5035 2278 5088 voluerit
2301 5036 2492 5089 cedere
2513 5033 2756 5096 Nicolao,
2782 5036 2952 5090 solam
2984 5035 3086 5090 sibi
3113 5035 3510 5090 Eucharistiam

1943 5118 2251 5168 reservans,
2286 5104 2444 5174 cujus
2478 5105 2774 5174 particulas
2824 5106 2890 5158 ad
2933 5106 3372 5159 communionem
3424 5122 3510 5160 re-

1943 5174 2151 5242 positas
2211 5189 2424 5242 semper
2494 5175 2736 5237 haberet,
2791 5189 2902 5245 quo
2961 5176 3150 5230 saltem
3208 5176 3532 5244 discipulus.

1943 5253 2217 5316 utcunque
2249 5245 2439 5316 ‘vitam
2508 5254 2813 5316 sustentare
2867 5254 3069 5316 posset,
3119 5261 3184 5299 ac
3235 5257 3510 5316 superstes

1943 5313 2248 5379 Theodoro,
2295 5315 2416 5382 ejus
2461 5315 2526 5368 ad
2574 5315 2770 5369 fratres
2812 5313 3007 5369 mortis
3060 5313 3316 5370 nuntius'
3347 5315 3508 5370 foret.

1943 5382 2048 5454 Sed
2067 5383 2195 5454 huic
2219 5393 2381 5439 tanta:
2407 5386 2642 5454 penuria:
2667 5386 2937 5440 succurrit
2966 5383 3108 5438 Deus
3136 5402 3230 5450 per
3246 5387 3508 5454 virginem

1944 5453 2089 5507 illam
2152 5453 2506 5509 Eudocinam.
2569 5453 2800 5510 Pulchre
2850 5457 3011 5510 etiam
3064 5467 3254 5510 auctor
3327 5453 3380 5510 in
3428 5470 3530 5511 se-v

1942 5524 2238 5593 quentibus
2287 5525 2542 5580 secunda:
2595 5525 2741 5580 illius
2770 5527 3037 5582 custodia:
3079 5527 3134 5580 in
3181 5535 3362 5581 castro
3396 5525 3505 5579 Bo-

1944 5594 2341 5668 uita_e_x_plicat_
2380 5595 2688 5668 saevitiam:
2748 5598 2852 5668 etsi
2901 5611 3008 5651 non
3056 5596 3323 5668 meminit_
3369 5597 3509 5668 ejus,

1943 5665 2086 5734 quod
2119 5663 2347 5720 Michael
2390 5665 2471 5720 sic
2500 5666 2729 5725 velntex
2764 5665 2909 5722 fama
2955 5675 3144 5723 narrat
3181 5666 3249 5722 de
3285 5663 3504 5723 Eucha-

1945 5734 2122 5801 ristia,
2169 5750 2335 5805 quam
2383 5737 2555 5792 solam
2589 5734 2910 5793 Theodorus
2950 5737 3299 5808 proposuerit
3338 5751 3514 5793 anno-

1944 5820 2068 5929 pam
2119 5822 2275 5861 suam
2336 5822 2573 5873 sumere,
2625 5809 2770 5880 quod
2826 5823 2926 5865 nec
2975 5811 3192 5865 firmum
3239 5811 3373 5866 satis
3423 5824 3518 5866 ar-

1983 5886 2134 5929 uror.
2279 5924 2282 5926 ν

1983 5886 2134 5931 11101³.
