  <div class='ocr_page' id='page_1' title='image "/cluster/home/n/w/nwhite01/storage/ocr_20150623/105/hvd.32044013678347/452.png"; bbox 0 0 3882 6474; ppageno 0'>
   <div class='ocr_carea' id='block_1_1' title="bbox 192 388 282 453">
    <p class='ocr_par' dir='ltr' id='par_1_1' title="bbox 192 388 282 453">
     <span class='ocr_line' id='line_1_1' title="bbox 192 388 282 453; baseline -0.011 0"><span class='ocrx_word' id='word_1_1' title='bbox 192 388 282 453; x_wconf 85' lang='grc'>885</span> 
     </span>
    </p>
   </div>
   <div class='ocr_carea' id='block_1_2' title="bbox 1244 392 2282 459">
    <p class='ocr_par' dir='ltr' id='par_1_2' title="bbox 1244 392 2282 459">
     <span class='ocr_line' id='line_1_2' title="bbox 1244 392 2282 459; baseline 0.007 -9"><span class='ocrx_word' id='word_1_2' title='bbox 1244 392 1419 451; x_wconf 79' lang='lat' dir='ltr'><strong>VITA</strong></span> <span class='ocrx_word' id='word_1_3' title='bbox 1463 392 1520 452; x_wconf 92' lang='lat' dir='ltr'><strong>S.</strong></span> <span class='ocrx_word' id='word_1_4' title='bbox 1562 393 1871 459; x_wconf 77' lang='lat' dir='ltr'><strong>NICOLAI</strong></span> <span class='ocrx_word' id='word_1_5' title='bbox 1911 396 2282 458; x_wconf 69' lang='lat' dir='ltr'><strong>STUDlT/E.</strong></span> 
     </span>
    </p>
   </div>
   <div class='ocr_carea' id='block_1_3' title="bbox 3294 401 3399 463">
    <p class='ocr_par' dir='ltr' id='par_1_3' title="bbox 3294 401 3399 463">
     <span class='ocr_line' id='line_1_3' title="bbox 3294 401 3399 463; baseline 0.01 -2"><span class='ocrx_word' id='word_1_6' title='bbox 3294 401 3399 463; x_wconf 51' lang='lat' dir='ltr'><strong>8Y6</strong></span> 
     </span>
    </p>
   </div>
   <div class='ocr_carea' id='block_1_4' title="bbox 190 490 1703 579">
    <p class='ocr_par' dir='ltr' id='par_1_4' title="bbox 190 490 1701 571">
     <span class='ocr_line' id='line_1_4' title="bbox 190 490 1701 571; baseline 0.002 -20"><span class='ocrx_word' id='word_1_7' title='bbox 190 501 275 571; x_wconf 80' lang='grc' dir='ltr'><strong>τῆς</strong></span> <span class='ocrx_word' id='word_1_8' title='bbox 313 492 597 561; x_wconf 61' lang='grc' dir='ltr'><strong>ἀναγκαίαις</strong></span> <span class='ocrx_word' id='word_1_9' title='bbox 638 490 809 564; x_wconf 76' lang='grc' dir='ltr'><strong>αὐτῆς</strong></span> <span class='ocrx_word' id='word_1_10' title='bbox 836 494 1175 569; x_wconf 76' lang='grc' dir='ltr'><strong>ἀπεστέρουν</strong></span> <span class='ocrx_word' id='word_1_11' title='bbox 1208 499 1417 571; x_wconf 77' lang='grc' dir='ltr'>τροφῆς</span> <span class='ocrx_word' id='word_1_12' title='bbox 1449 499 1701 570; x_wconf 85' lang='grc' dir='ltr'><strong>βδελυττό</strong></span> 
     </span>
    </p>
   </div>
   <div class='ocr_carea' id='block_1_5' title="bbox 1813 490 3395 579">
    <p class='ocr_par' dir='ltr' id='par_1_5' title="bbox 1829 496 3395 579">
     <span class='ocr_line' id='line_1_5' title="bbox 1829 496 3395 579; baseline 0 -18"><span class='ocrx_word' id='word_1_13' title='bbox 1829 507 1971 563; x_wconf 87' lang='lat' dir='ltr'><strong>saria</strong></span> <span class='ocrx_word' id='word_1_14' title='bbox 2004 496 2223 578; x_wconf 80' lang='lat' dir='ltr'><strong>quoque</strong></span> <span class='ocrx_word' id='word_1_15' title='bbox 2249 522 2396 575; x_wconf 79' lang='lat' dir='ltr'><strong>esca,</strong></span> <span class='ocrx_word' id='word_1_16' title='bbox 2422 509 2744 567; x_wconf 80' lang='lat' dir='ltr'><strong>exsecrandi</strong></span> <span class='ocrx_word' id='word_1_17' title='bbox 2777 509 3049 573; x_wconf 86' lang='lat' dir='ltr'><strong>homines,</strong></span> <span class='ocrx_word' id='word_1_18' title='bbox 3083 508 3395 579; x_wconf 73' lang='lat' dir='ltr'><strong>privabant,</strong></span> 
     </span>
    </p>
   </div>
   <div class='ocr_carea' id='block_1_6' title="bbox 192 585 1722 664">
    <p class='ocr_par' dir='ltr' id='par_1_6' title="bbox 192 585 1722 664">
     <span class='ocr_line' id='line_1_6' title="bbox 192 585 1722 664; baseline 0.002 -19"><span class='ocrx_word' id='word_1_19' title='bbox 192 608 343 663; x_wconf 86' lang='grc' dir='ltr'><strong>μενοι,</strong></span> <span class='ocrx_word' id='word_1_20' title='bbox 393 586 474 641; x_wconf 74' lang='grc' dir='ltr'><strong>διὰ</strong></span> <span class='ocrx_word' id='word_1_21' title='bbox 503 585 591 639; x_wconf 85' lang='grc' dir='ltr'><strong>δύο</strong></span> <span class='ocrx_word' id='word_1_22' title='bbox 619 585 651 657; x_wconf 75' lang='grc' dir='ltr'>ἢ</span> <span class='ocrx_word' id='word_1_23' title='bbox 686 588 779 640; x_wconf 57' lang='grc' dir='ltr'><strong>καί⁵</strong></span> <span class='ocrx_word' id='word_1_24' title='bbox 803 591 1077 661; x_wconf 76' lang='grc' dir='ltr'><strong>τεττάρων</strong></span> <span class='ocrx_word' id='word_1_25' title='bbox 1105 592 1327 664; x_wconf 82' lang='grc' dir='ltr'><strong>ἡμερῶν</strong></span> <span class='ocrx_word' id='word_1_26' title='bbox 1358 593 1470 647; x_wconf 77' lang='grc' dir='ltr'><strong>ἔσθ’</strong></span> <span class='ocrx_word' id='word_1_27' title='bbox 1511 594 1599 647; x_wconf 82' lang='grc' dir='ltr'><strong>ὅτε</strong></span> <span class='ocrx_word' id='word_1_28' title='bbox 1629 595 1722 648; x_wconf 67' lang='grc' dir='ltr'><strong>καὶ</strong></span> 
     </span>
    </p>
   </div>
   <div class='ocr_carea' id='block_1_7' title="bbox 187 677 1722 757">
    <p class='ocr_par' dir='ltr' id='par_1_7' title="bbox 187 677 1722 757">
     <span class='ocr_line' id='line_1_7' title="bbox 187 677 1722 757; baseline 0.003 -20"><span class='ocrx_word' id='word_1_29' title='bbox 187 682 343 749; x_wconf 66' lang='grc' dir='ltr'><strong>διάλης</strong></span> <span class='ocrx_word' id='word_1_30' title='bbox 367 677 459 747; x_wconf 82' lang='grc' dir='ltr'><strong>τῆς</strong></span> <span class='ocrx_word' id='word_1_31' title='bbox 482 677 792 747; x_wconf 72' lang='grc' dir='ltr'><strong>ἑϐδομάδος,</strong></span> <span class='ocrx_word' id='word_1_32' title='bbox 827 682 982 751; x_wconf 77' lang='grc' dir='ltr'><strong>μόλις</strong></span> <span class='ocrx_word' id='word_1_33' title='bbox 1006 684 1172 754; x_wconf 80' lang='grc' dir='ltr'><strong>ἄρτου</strong></span> <span class='ocrx_word' id='word_1_34' title='bbox 1201 685 1372 757; x_wconf 85' lang='grc' dir='ltr'><strong>βραχύ</strong></span> <span class='ocrx_word' id='word_1_35' title='bbox 1397 705 1447 740; x_wconf 90' lang='grc' dir='ltr'><strong>τι</strong></span> <span class='ocrx_word' id='word_1_36' title='bbox 1469 686 1722 757; x_wconf 77' lang='grc' dir='ltr'><strong>λείψανον</strong></span> 
     </span>
    </p>
   </div>
   <div class='ocr_carea' id='block_1_8' title="bbox 185 772 1722 849">
    <p class='ocr_par' dir='ltr' id='par_1_8' title="bbox 185 772 1722 849">
     <span class='ocr_line' id='line_1_8' title="bbox 185 772 1722 849; baseline 0.003 -20"><span class='ocrx_word' id='word_1_37' title='bbox 185 773 584 847; x_wconf 71' lang='grc' dir='ltr'><strong>ἐπιρρίπτοντες,</strong></span> <span class='ocrx_word' id='word_1_38' title='bbox 633 772 727 826; x_wconf 54' lang='grc' dir='ltr'><strong>καὶ¹</strong></span> <span class='ocrx_word' id='word_1_39' title='bbox 769 774 901 827; x_wconf 72' lang='grc' dir='ltr'><strong>αὐτὸ</strong></span> <span class='ocrx_word' id='word_1_40' title='bbox 946 775 1005 828; x_wconf 80' lang='grc' dir='ltr'><strong>τὸ</strong></span> <span class='ocrx_word' id='word_1_41' title='bbox 1040 776 1182 847; x_wconf 77' lang='grc' dir='ltr'><strong>ὕδωρ</strong></span> <span class='ocrx_word' id='word_1_42' title='bbox 1220 777 1444 842; x_wconf 81' lang='grc' dir='ltr'><strong>τούτους</strong></span> <span class='ocrx_word' id='word_1_43' title='bbox 1485 780 1722 849; x_wconf 81' lang='grc' dir='ltr'><strong>ἀφυστε-</strong></span> 
     </span>
    </p>
   </div>
   <div class='ocr_carea' id='block_1_9' title="bbox 186 863 1721 945">
    <p class='ocr_par' dir='ltr' id='par_1_9' title="bbox 186 863 1721 945">
     <span class='ocr_line' id='line_1_9' title="bbox 186 863 1721 945; baseline 0.005 -26"><span class='ocrx_word' id='word_1_44' title='bbox 186 866 380 939; x_wconf 59' lang='lat' dir='ltr'><strong>pelves;</strong></span> <span class='ocrx_word' id='word_1_45' title='bbox 404 864 450 916; x_wconf 87' lang='grc' dir='ltr'><strong>οί</strong></span> <span class='ocrx_word' id='word_1_46' title='bbox 494 863 736 921; x_wconf 76' lang='grc' dir='ltr'><strong>δείλαιοι.</strong></span> <span class='ocrx_word' id='word_1_47' title='bbox 771 866 884 920; x_wconf 75' lang='grc' dir='ltr'><strong>Καὶ</strong></span> <span class='ocrx_word' id='word_1_48' title='bbox 915 869 1014 921; x_wconf 77' lang='grc' dir='ltr'><strong>οὐκ</strong></span> <span class='ocrx_word' id='word_1_49' title='bbox 1048 868 1194 923; x_wconf 81' lang='grc' dir='ltr'><strong>ἔστιν</strong></span> <span class='ocrx_word' id='word_1_50' title='bbox 1221 870 1295 934; x_wconf 82' lang='grc' dir='ltr'><strong>ὡς</strong></span> <span class='ocrx_word' id='word_1_51' title='bbox 1319 871 1537 941; x_wconf 82' lang='grc' dir='ltr'><strong>ἀληθῶς</strong></span> <span class='ocrx_word' id='word_1_52' title='bbox 1578 873 1721 945; x_wconf 85' lang='grc' dir='ltr'><strong>λόγῳ</strong></span> 
     </span>
    </p>
   </div>
   <div class='ocr_carea' id='block_1_10' title="bbox 184 954 1718 1037">
    <p class='ocr_par' dir='ltr' id='par_1_10' title="bbox 184 954 1718 1037">
     <span class='ocr_line' id='line_1_10' title="bbox 184 954 1718 1037; baseline 0.007 -26"><span class='ocrx_word' id='word_1_53' title='bbox 184 954 549 1011; x_wconf 73' lang='grc' dir='ltr'><strong>καθυποϐαλεῖν</strong></span> <span class='ocrx_word' id='word_1_54' title='bbox 575 956 632 1008; x_wconf 81' lang='grc' dir='ltr'><strong>τὸ</strong></span> <span class='ocrx_word' id='word_1_55' title='bbox 660 958 757 1026; x_wconf 81' lang='grc' dir='ltr'><strong>τῆς</strong></span> <span class='ocrx_word' id='word_1_56' title='bbox 786 958 903 1028; x_wconf 86' lang='grc' dir='ltr'><strong>βίας</strong></span> <span class='ocrx_word' id='word_1_57' title='bbox 928 962 1258 1033; x_wconf 75' lang='grc' dir='ltr'><strong>ἀπόρρητον.</strong></span> <span class='ocrx_word' id='word_1_58' title='bbox 1285 959 1412 1035; x_wconf 64' lang='grc' dir='ltr'><strong>Ἆρ’</strong></span> <span class='ocrx_word' id='word_1_59' title='bbox 1434 960 1527 1020; x_wconf 73' lang='grc' dir='ltr'><strong>οὖν</strong></span> <span class='ocrx_word' id='word_1_60' title='bbox 1556 966 1718 1037; x_wconf 66' lang='grc' dir='ltr'><strong>ὴλάτυ</strong></span> 
     </span>
    </p>
   </div>
   <div class='ocr_carea' id='block_1_11' title="bbox 183 1046 1719 1131">
    <p class='ocr_par' dir='ltr' id='par_1_11' title="bbox 183 1046 1719 1131">
     <span class='ocr_line' id='line_1_11' title="bbox 183 1046 1719 1131; baseline 0.008 -30"><span class='ocrx_word' id='word_1_61' title='bbox 183 1066 357 1101; x_wconf 64' lang='lat' dir='ltr'><strong>totum</strong></span> <span class='ocrx_word' id='word_1_62' title='bbox 378 1046 473 1117; x_wconf 81' lang='grc' dir='ltr'><strong>μὲν</strong></span> <span class='ocrx_word' id='word_1_63' title='bbox 495 1047 693 1117; x_wconf 70' lang='grc' dir='ltr'><strong>ἥκιστα</strong></span> <span class='ocrx_word' id='word_1_64' title='bbox 725 1050 830 1103; x_wconf 85' lang='grc' dir='ltr'><strong>τῶν</strong></span> <span class='ocrx_word' id='word_1_65' title='bbox 855 1052 1138 1122; x_wconf 75' lang='grc' dir='ltr'><strong>δογμάτων</strong></span> <span class='ocrx_word' id='word_1_66' title='bbox 1166 1055 1276 1126; x_wconf 79' lang='grc' dir='ltr'><strong>(Π)</strong></span> <span class='ocrx_word' id='word_1_67' title='bbox 1306 1057 1393 1111; x_wconf 74' lang='grc' dir='ltr'><strong>διὰ</strong></span> <span class='ocrx_word' id='word_1_68' title='bbox 1422 1059 1596 1114; x_wconf 83' lang='grc' dir='ltr'><strong>ταῦτα</strong></span> <span class='ocrx_word' id='word_1_69' title='bbox 1620 1060 1719 1131; x_wconf 82' lang='grc' dir='ltr'><strong>τὴν</strong></span> 
     </span>
    </p>
   </div>
   <div class='ocr_carea' id='block_1_12' title="bbox 179 1139 1718 1223">
    <p class='ocr_par' dir='ltr' id='par_1_12' title="bbox 179 1139 1718 1223">
     <span class='ocr_line' id='line_1_12' title="bbox 179 1139 1718 1223; baseline 0.008 -29"><span class='ocrx_word' id='word_1_70' title='bbox 179 1143 423 1205; x_wconf 66' lang='grc' dir='ltr'><strong>ἔνστασιν,</strong></span> <span class='ocrx_word' id='word_1_71' title='bbox 472 1139 503 1211; x_wconf 79' lang='grc' dir='ltr'>ἢ</span> <span class='ocrx_word' id='word_1_72' title='bbox 552 1143 663 1205; x_wconf 87' lang='grc' dir='ltr'><strong>τοίς</strong></span> <span class='ocrx_word' id='word_1_73' title='bbox 719 1143 896 1212; x_wconf 85' lang='grc' dir='ltr'><strong>ἀγῶσι</strong></span> <span class='ocrx_word' id='word_1_74' title='bbox 946 1146 1002 1198; x_wconf 83' lang='grc' dir='ltr'><strong>δὲ</strong></span> <span class='ocrx_word' id='word_1_75' title='bbox 1040 1146 1226 1216; x_wconf 83' lang='grc' dir='ltr'><strong>μειοῦν</strong></span> <span class='ocrx_word' id='word_1_76' title='bbox 1259 1149 1358 1220; x_wconf 86' lang='grc' dir='ltr'><strong>τὴν</strong></span> <span class='ocrx_word' id='word_1_77' title='bbox 1404 1152 1718 1223; x_wconf 76' lang='grc' dir='ltr'><strong>παρρησίαν</strong></span> 
     </span>
    </p>
   </div>
   <div class='ocr_carea' id='block_1_13' title="bbox 177 1232 1716 1312">
    <p class='ocr_par' dir='ltr' id='par_1_13' title="bbox 177 1232 1716 1312">
     <span class='ocr_line' id='line_1_13' title="bbox 177 1232 1716 1312; baseline 0.008 -27"><span class='ocrx_word' id='word_1_78' title='bbox 177 1233 379 1302; x_wconf 77' lang='grc' dir='ltr'><strong>ὑφέντες</strong></span> <span class='ocrx_word' id='word_1_79' title='bbox 428 1232 746 1301; x_wconf 73' lang='grc' dir='ltr'><strong>ὲφάνησανς</strong></span> <span class='ocrx_word' id='word_1_80' title='bbox 792 1237 1093 1306; x_wconf 74' lang='grc' dir='ltr'><strong>Οὖμενοῦν.</strong></span> <span class='ocrx_word' id='word_1_81' title='bbox 1144 1240 1345 1294; x_wconf 79' lang='grc' dir='ltr'><strong>Σκόπει</strong></span> <span class='ocrx_word' id='word_1_82' title='bbox 1390 1242 1447 1296; x_wconf 74' lang='grc' dir='ltr'><strong>δὲ</strong></span> <span class='ocrx_word' id='word_1_83' title='bbox 1478 1242 1577 1312; x_wconf 77' lang='grc' dir='ltr'><strong>τὴν</strong></span> <span class='ocrx_word' id='word_1_84' title='bbox 1617 1244 1716 1296; x_wconf 85' lang='grc' dir='ltr'><strong>ἀν·</strong></span> 
     </span>
    </p>
   </div>
   <div class='ocr_carea' id='block_1_14' title="bbox 180 1324 1715 1407">
    <p class='ocr_par' dir='ltr' id='par_1_14' title="bbox 180 1324 1715 1407">
     <span class='ocr_line' id='line_1_14' title="bbox 180 1324 1715 1407; baseline 0.01 -31"><span class='ocrx_word' id='word_1_85' title='bbox 180 1325 316 1396; x_wconf 82' lang='grc' dir='ltr'>δρίαν</span> <span class='ocrx_word' id='word_1_86' title='bbox 346 1324 591 1379; x_wconf 80' lang='grc' dir='ltr'><strong>ἐντεῦθεν</strong></span> <span class='ocrx_word' id='word_1_87' title='bbox 616 1368 629 1390; x_wconf 89' lang='grc'><strong>,</strong></span> <span class='ocrx_word' id='word_1_88' title='bbox 667 1328 759 1382; x_wconf 70' lang='grc' dir='ltr'><strong>καὶ</strong></span> <span class='ocrx_word' id='word_1_89' title='bbox 805 1330 897 1383; x_wconf 76' lang='grc' dir='ltr'><strong>τὸν</strong></span> <span class='ocrx_word' id='word_1_90' title='bbox 946 1330 1182 1401; x_wconf 77' lang='grc' dir='ltr'><strong>φθόγγον</strong></span> <span class='ocrx_word' id='word_1_91' title='bbox 1215 1334 1309 1387; x_wconf 85' lang='grc' dir='ltr'><strong>τοῦ</strong></span> <span class='ocrx_word' id='word_1_92' title='bbox 1352 1334 1715 1407; x_wconf 79' lang='grc' dir='ltr'><strong>κηρύγματος</strong></span> 
     </span>
    </p>
   </div>
   <div class='ocr_carea' id='block_1_15' title="bbox 175 1415 391 1487">
    <p class='ocr_par' dir='ltr' id='par_1_15' title="bbox 175 1415 391 1487">
     <span class='ocr_line' id='line_1_15' title="bbox 175 1415 391 1487; baseline 0 -16"><span class='ocrx_word' id='word_1_93' title='bbox 175 1415 391 1487; x_wconf 78' lang='grc' dir='ltr'><strong>μείζονα.</strong></span> 
     </span>
    </p>
   </div>
   <div class='ocr_carea' id='block_1_16' title="bbox 230 1602 1715 1683">
    <p class='ocr_par' dir='ltr' id='par_1_16' title="bbox 230 1602 1715 1683">
     <span class='ocr_line' id='line_1_16' title="bbox 230 1602 1715 1683; baseline 0.007 -26"><span class='ocrx_word' id='word_1_94' title='bbox 230 1602 381 1657; x_wconf 63' lang='lat' dir='ltr'><strong>Ulixen</strong></span> <span class='ocrx_word' id='word_1_95' title='bbox 410 1602 516 1673; x_wconf 90' lang='grc' dir='ltr'><strong>γάρ</strong></span> <span class='ocrx_word' id='word_1_96' title='bbox 545 1603 643 1675; x_wconf 78' lang='grc' dir='ltr'><strong>τῆν</strong></span> <span class='ocrx_word' id='word_1_97' title='bbox 675 1605 804 1672; x_wconf 74' lang='grc' dir='ltr'><strong>ὑγιᾶ</strong></span> <span class='ocrx_word' id='word_1_98' title='bbox 829 1606 938 1661; x_wconf 87' lang='grc' dir='ltr'><strong>τῶν</strong></span> <span class='ocrx_word' id='word_1_99' title='bbox 966 1610 1296 1681; x_wconf 77' lang='grc' dir='ltr'><strong>τραυμάτων</strong></span> <span class='ocrx_word' id='word_1_100' title='bbox 1326 1611 1489 1683; x_wconf 79' lang='grc' dir='ltr'><strong>οὐλὴν</strong></span> <span class='ocrx_word' id='word_1_101' title='bbox 1532 1613 1715 1680; x_wconf 85' lang='grc' dir='ltr'><strong>καλῶς</strong></span> 
     </span>
    </p>
   </div>
   <div class='ocr_carea' id='block_1_17' title="bbox 169 1695 1715 1778">
    <p class='ocr_par' dir='ltr' id='par_1_17' title="bbox 169 1695 1715 1778">
     <span class='ocr_line' id='line_1_17' title="bbox 169 1695 1715 1778; baseline 0.008 -30"><span class='ocrx_word' id='word_1_102' title='bbox 169 1696 454 1765; x_wconf 67' lang='grc' dir='ltr'><strong>εὗραμένων</strong></span> <span class='ocrx_word' id='word_1_103' title='bbox 506 1695 714 1750; x_wconf 84' lang='grc' dir='ltr'><strong>τούτων</strong></span> <span class='ocrx_word' id='word_1_104' title='bbox 746 1698 856 1752; x_wconf 83' lang='grc' dir='ltr'><strong>τῶν</strong></span> <span class='ocrx_word' id='word_1_105' title='bbox 889 1700 1191 1770; x_wconf 73' lang='grc' dir='ltr'><strong>σωμάτιον,</strong></span> <span class='ocrx_word' id='word_1_106' title='bbox 1245 1703 1432 1775; x_wconf 73' lang='grc' dir='ltr'><strong>ἔτερος</strong></span> <span class='ocrx_word' id='word_1_107' title='bbox 1477 1708 1715 1778; x_wconf 82' lang='grc' dir='ltr'><strong>πονηρὸς</strong></span> 
     </span>
    </p>
   </div>
   <div class='ocr_carea' id='block_1_18' title="bbox 165 1786 1706 1868">
    <p class='ocr_par' dir='ltr' id='par_1_18' title="bbox 165 1786 1706 1868">
     <span class='ocr_line' id='line_1_18' title="bbox 165 1786 1706 1868; baseline 0.008 -29"><span class='ocrx_word' id='word_1_108' title='bbox 165 1787 246 1840; x_wconf 78' lang='grc' dir='ltr'><strong>τοῦ</strong></span> <span class='ocrx_word' id='word_1_109' title='bbox 273 1786 552 1852; x_wconf 79' lang='grc' dir='ltr'><strong>δυσσεϐοῦς</strong></span> <span class='ocrx_word' id='word_1_110' title='bbox 605 1789 867 1858; x_wconf 80' lang='grc' dir='ltr'><strong>βασιλέως</strong></span> <span class='ocrx_word' id='word_1_111' title='bbox 901 1793 1320 1865; x_wconf 75' lang='grc' dir='ltr'><strong>δυσσεϐέστερος</strong></span> <span class='ocrx_word' id='word_1_112' title='bbox 1353 1798 1583 1867; x_wconf 78' lang='grc' dir='ltr'><strong>ἄγγελος</strong></span> <span class='ocrx_word' id='word_1_113' title='bbox 1616 1816 1706 1868; x_wconf 80' lang='grc' dir='ltr'><strong>φοο</strong></span> 
     </span>
    </p>
   </div>
   <div class='ocr_carea' id='block_1_19' title="bbox 164 1881 1710 1959">
    <p class='ocr_par' dir='ltr' id='par_1_19' title="bbox 164 1881 1710 1959">
     <span class='ocr_line' id='line_1_19' title="bbox 164 1881 1710 1959; baseline 0.006 -24"><span class='ocrx_word' id='word_1_114' title='bbox 164 1881 273 1944; x_wconf 85' lang='grc' dir='ltr'><strong>νῶν,</strong></span> <span class='ocrx_word' id='word_1_115' title='bbox 301 1881 389 1934; x_wconf 72' lang='grc' dir='ltr'><strong>καὶ</strong></span> <span class='ocrx_word' id='word_1_116' title='bbox 416 1881 781 1951; x_wconf 82' lang='grc' dir='ltr'><strong>σεσοϐημένος</strong></span> <span class='ocrx_word' id='word_1_117' title='bbox 814 1884 1121 1953; x_wconf 77' lang='grc' dir='ltr'><strong>ἐφίσταται,</strong></span> <span class='ocrx_word' id='word_1_118' title='bbox 1156 1887 1361 1957; x_wconf 86' lang='grc' dir='ltr'><strong>βιϐλίον</strong></span> <span class='ocrx_word' id='word_1_119' title='bbox 1394 1890 1514 1959; x_wconf 83' lang='grc' dir='ltr'><strong>μετ’</strong></span> <span class='ocrx_word' id='word_1_120' title='bbox 1542 1890 1710 1946; x_wconf 77' lang='grc' dir='ltr'><strong>αὐτοῦ</strong></span> 
     </span>
    </p>
   </div>
   <div class='ocr_carea' id='block_1_20' title="bbox 166 1974 1722 2056">
    <p class='ocr_par' dir='ltr' id='par_1_20' title="bbox 166 1974 1722 2056">
     <span class='ocr_line' id='line_1_20' title="bbox 166 1974 1722 2056; baseline 0.006 -30"><span class='ocrx_word' id='word_1_121' title='bbox 166 1974 635 2043; x_wconf 75' lang='grc' dir='ltr'><strong>συνεπιφερόμενος</strong></span> <span class='ocrx_word' id='word_1_122' title='bbox 656 1991 670 2006; x_wconf 91' lang='grc'><strong>·</strong></span> <span class='ocrx_word' id='word_1_123' title='bbox 701 1978 793 2031; x_wconf 78' lang='grc' dir='ltr'><strong>καὶ</strong></span> <span class='ocrx_word' id='word_1_124' title='bbox 817 1976 916 2047; x_wconf 86' lang='grc' dir='ltr'><strong>τῆς</strong></span> <span class='ocrx_word' id='word_1_125' title='bbox 943 1979 1166 2049; x_wconf 79' lang='grc' dir='ltr'><strong>εἱρκτῆς</strong></span> <span class='ocrx_word' id='word_1_126' title='bbox 1197 1981 1441 2037; x_wconf 85' lang='grc' dir='ltr'><strong>καθελὼν</strong></span> <span class='ocrx_word' id='word_1_127' title='bbox 1466 1983 1527 2035; x_wconf 82' lang='grc' dir='ltr'><strong>τὸ</strong></span> <span class='ocrx_word' id='word_1_128' title='bbox 1552 1985 1722 2056; x_wconf 80' lang='grc' dir='ltr'><strong>περί-ι.</strong></span> 
     </span>
    </p>
   </div>
   <div class='ocr_carea' id='block_1_21' title="bbox 164 2063 1712 2144">
    <p class='ocr_par' dir='ltr' id='par_1_21' title="bbox 164 2063 1712 2144">
     <span class='ocr_line' id='line_1_21' title="bbox 164 2063 1712 2144; baseline 0.01 -31"><span class='ocrx_word' id='word_1_129' title='bbox 164 2080 392 2133; x_wconf 86' lang='grc' dir='ltr'><strong>φραγμα,</strong></span> <span class='ocrx_word' id='word_1_130' title='bbox 435 2063 575 2134; x_wconf 88' lang='grc' dir='ltr'><strong>μετά</strong></span> <span class='ocrx_word' id='word_1_131' title='bbox 631 2064 762 2135; x_wconf 84' lang='grc' dir='ltr'><strong>βοῆς</strong></span> <span class='ocrx_word' id='word_1_132' title='bbox 808 2068 1046 2122; x_wconf 79' lang='grc' dir='ltr'><strong>ἀτάκτου</strong></span> <span class='ocrx_word' id='word_1_133' title='bbox 1097 2073 1224 2134; x_wconf 78' lang='grc' dir='ltr'><strong>τοὺς</strong></span> <span class='ocrx_word' id='word_1_134' title='bbox 1272 2072 1565 2144; x_wconf 78' lang='grc' dir='ltr'><strong>Θεοφόρους</strong></span> <span class='ocrx_word' id='word_1_135' title='bbox 1624 2075 1712 2141; x_wconf 79' lang='grc' dir='ltr'><strong>ἑξ-</strong></span> 
     </span>
    </p>
   </div>
   <div class='ocr_carea' id='block_1_22' title="bbox 166 2156 1710 2231">
    <p class='ocr_par' dir='ltr' id='par_1_22' title="bbox 166 2156 1710 2231">
     <span class='ocr_line' id='line_1_22' title="bbox 166 2156 1710 2231; baseline 0.01 -25"><span class='ocrx_word' id='word_1_136' title='bbox 166 2156 320 2225; x_wconf 79' lang='grc' dir='ltr'><strong>ίστησι</strong></span> <span class='ocrx_word' id='word_1_137' title='bbox 340 2172 354 2186; x_wconf 92' lang='grc'><strong>·</strong></span> <span class='ocrx_word' id='word_1_138' title='bbox 388 2156 479 2208; x_wconf 74' lang='grc' dir='ltr'><strong>καὶ</strong></span> <span class='ocrx_word' id='word_1_139' title='bbox 503 2156 605 2226; x_wconf 82' lang='grc' dir='ltr'><strong>τὴν</strong></span> <span class='ocrx_word' id='word_1_140' title='bbox 627 2161 755 2230; x_wconf 76' lang='grc' dir='ltr'><strong>παρ’</strong></span> <span class='ocrx_word' id='word_1_141' title='bbox 783 2160 963 2212; x_wconf 81' lang='grc' dir='ltr'><strong>αὐτῶν</strong></span> <span class='ocrx_word' id='word_1_142' title='bbox 992 2161 1154 2229; x_wconf 79' lang='grc' dir='ltr'><strong>δῆθεν</strong></span> <span class='ocrx_word' id='word_1_143' title='bbox 1184 2164 1324 2218; x_wconf 87' lang='grc' dir='ltr'><strong>κατά</strong></span> <span class='ocrx_word' id='word_1_144' title='bbox 1351 2166 1445 2218; x_wconf 72' lang='grc' dir='ltr'><strong>τοῦ</strong></span> <span class='ocrx_word' id='word_1_145' title='bbox 1477 2167 1710 2231; x_wconf 76' lang='grc' dir='ltr'><strong>ἄνακτος</strong></span> 
     </span>
    </p>
   </div>
   <div class='ocr_carea' id='block_1_23' title="bbox 160 2248 1709 2332">
    <p class='ocr_par' dir='ltr' id='par_1_23' title="bbox 160 2248 1709 2332">
     <span class='ocr_line' id='line_1_23' title="bbox 160 2248 1709 2332; baseline 0.012 -34"><span class='ocrx_word' id='word_1_146' title='bbox 160 2248 496 2318; x_wconf 75' lang='grc' dir='ltr'><strong>κρατηθεῖσαν</strong></span> <span class='ocrx_word' id='word_1_147' title='bbox 525 2248 654 2321; x_wconf 85' lang='lat' dir='ltr'><strong>[leg.</strong></span> <span class='ocrx_word' id='word_1_148' title='bbox 707 2253 1037 2327; x_wconf 79' lang='grc' dir='ltr'><strong>γραφεῖσαν]</strong></span> <span class='ocrx_word' id='word_1_149' title='bbox 1066 2257 1355 2327; x_wconf 70' lang='grc' dir='ltr'><strong>ἐπιστολὴν</strong></span> <span class='ocrx_word' id='word_1_150' title='bbox 1379 2261 1499 2313; x_wconf 77' lang='grc' dir='ltr'><strong>ταῖν</strong></span> <span class='ocrx_word' id='word_1_151' title='bbox 1525 2265 1709 2332; x_wconf 83' lang='grc' dir='ltr'><strong>χεροῖν</strong></span> 
     </span>
    </p>
   </div>
   <div class='ocr_carea' id='block_1_24' title="bbox 159 2340 1707 2422">
    <p class='ocr_par' dir='ltr' id='par_1_24' title="bbox 159 2340 1707 2422">
     <span class='ocr_line' id='line_1_24' title="bbox 159 2340 1707 2422; baseline 0.013 -33"><span class='ocrx_word' id='word_1_152' title='bbox 159 2340 373 2408; x_wconf 83' lang='grc' dir='ltr'><strong>κρατῶν,</strong></span> <span class='ocrx_word' id='word_1_153' title='bbox 403 2340 757 2396; x_wconf 70' lang='grc' dir='ltr'><strong>ὑπεδείκνυεν</strong></span> <span class='ocrx_word' id='word_1_154' title='bbox 784 2360 797 2373; x_wconf 87' lang='grc'><strong>·</strong></span> <span class='ocrx_word' id='word_1_155' title='bbox 837 2345 1041 2414; x_wconf 78' lang='grc' dir='ltr'><strong>πηνίκα</strong></span> <span class='ocrx_word' id='word_1_156' title='bbox 1070 2347 1124 2402; x_wconf 72' lang='grc' dir='ltr'><strong>δὲ</strong></span> <span class='ocrx_word' id='word_1_157' title='bbox 1158 2349 1382 2421; x_wconf 83' lang='grc' dir='ltr'><strong>ταύτην,</strong></span> <span class='ocrx_word' id='word_1_158' title='bbox 1413 2354 1507 2406; x_wconf 76' lang='grc' dir='ltr'><strong>καὶ</strong></span> <span class='ocrx_word' id='word_1_159' title='bbox 1536 2355 1707 2422; x_wconf 80' lang='grc' dir='ltr'><strong>ὅπως,</strong></span> 
     </span>
    </p>
   </div>
   <div class='ocr_carea' id='block_1_25' title="bbox 159 2433 1707 2517">
    <p class='ocr_par' dir='ltr' id='par_1_25' title="bbox 159 2433 1707 2517">
     <span class='ocr_line' id='line_1_25' title="bbox 159 2433 1707 2517; baseline 0.014 -33"><span class='ocrx_word' id='word_1_160' title='bbox 159 2433 318 2504; x_wconf 67' lang='grc' dir='ltr'><strong>[λείπ.</strong></span> <span class='ocrx_word' id='word_1_161' title='bbox 349 2436 484 2506; x_wconf 77' lang='grc' dir='ltr'><strong>πρὸς</strong></span> <span class='ocrx_word' id='word_1_162' title='bbox 506 2436 689 2510; x_wconf 73' lang='grc' dir='ltr'><strong>τίνας]</strong></span> <span class='ocrx_word' id='word_1_163' title='bbox 717 2440 813 2493; x_wconf 80' lang='grc' dir='ltr'><strong>καὶ</strong></span> <span class='ocrx_word' id='word_1_164' title='bbox 843 2441 933 2494; x_wconf 75' lang='grc' dir='ltr'><strong>ὑπ’</strong></span> <span class='ocrx_word' id='word_1_165' title='bbox 961 2443 1144 2497; x_wconf 81' lang='grc' dir='ltr'><strong>αὐτῶν</strong></span> <span class='ocrx_word' id='word_1_166' title='bbox 1190 2447 1454 2516; x_wconf 87' lang='grc' dir='ltr'><strong>σταλῆναι</strong></span> <span class='ocrx_word' id='word_1_167' title='bbox 1484 2451 1707 2517; x_wconf 82' lang='grc' dir='ltr'><strong>τούτους</strong></span> 
     </span>
    </p>
   </div>
   <div class='ocr_carea' id='block_1_26' title="bbox 156 2528 669 2593">
    <p class='ocr_par' dir='ltr' id='par_1_26' title="bbox 156 2528 669 2593">
     <span class='ocr_line' id='line_1_26' title="bbox 156 2528 669 2593; baseline 0.016 -14"><span class='ocrx_word' id='word_1_168' title='bbox 156 2528 364 2592; x_wconf 70' lang='grc' dir='ltr'><strong>ἐξειπεῖν</strong></span> <span class='ocrx_word' id='word_1_169' title='bbox 397 2529 669 2593; x_wconf 76' lang='grc' dir='ltr'><strong>ἐϐιάζετο.</strong></span> 
     </span>
    </p>
   </div>
   <div class='ocr_carea' id='block_1_27' title="bbox 216 2618 1706 2705">
    <p class='ocr_par' dir='ltr' id='par_1_27' title="bbox 216 2618 1706 2705">
     <span class='ocr_line' id='line_1_27' title="bbox 216 2618 1706 2705; baseline 0.014 -37"><span class='ocrx_word' id='word_1_170' title='bbox 216 2618 392 2686; x_wconf 73' lang='grc' dir='ltr'><strong>Ἀθρει</strong></span> <span class='ocrx_word' id='word_1_171' title='bbox 444 2621 737 2689; x_wconf 81' lang='grc' dir='ltr'><strong>τοιγαροῦν</strong></span> <span class='ocrx_word' id='word_1_172' title='bbox 787 2623 897 2677; x_wconf 87' lang='grc' dir='ltr'><strong>τῶν</strong></span> <span class='ocrx_word' id='word_1_173' title='bbox 956 2626 1225 2693; x_wconf 83' lang='grc' dir='ltr'><strong>γεννάδων</strong></span> <span class='ocrx_word' id='word_1_174' title='bbox 1279 2629 1458 2702; x_wconf 84' lang='grc' dir='ltr'><strong>πάλην</strong></span> <span class='ocrx_word' id='word_1_175' title='bbox 1510 2633 1706 2705; x_wconf 68' lang='grc' dir='ltr'><strong>ἑτέραν</strong></span> 
     </span>
    </p>
   </div>
   <div class='ocr_carea' id='block_1_28' title="bbox 152 2709 1705 2798">
    <p class='ocr_par' dir='ltr' id='par_1_28' title="bbox 152 2709 1705 2798">
     <span class='ocr_line' id='line_1_28' title="bbox 152 2709 1705 2798; baseline 0.012 -36"><span class='ocrx_word' id='word_1_176' title='bbox 152 2709 231 2762; x_wconf 73' lang='grc' dir='ltr'><strong>καὶ</strong></span> <span class='ocrx_word' id='word_1_177' title='bbox 263 2709 516 2780; x_wconf 88' lang='grc' dir='ltr'><strong>κάματον.</strong></span> <span class='ocrx_word' id='word_1_178' title='bbox 582 2712 677 2777; x_wconf 79' lang='grc' dir='ltr'><strong>Ὃς</strong></span> <span class='ocrx_word' id='word_1_179' title='bbox 706 2715 817 2785; x_wconf 77' lang='grc' dir='ltr'><strong>γὰρ</strong></span> <span class='ocrx_word' id='word_1_180' title='bbox 862 2719 959 2769; x_wconf 81' lang='grc' dir='ltr'><strong>καὶ</strong></span> <span class='ocrx_word' id='word_1_181' title='bbox 992 2718 1400 2790; x_wconf 82' lang='grc' dir='ltr'><strong>σχεδιασοῆναι,</strong></span> <span class='ocrx_word' id='word_1_182' title='bbox 1444 2726 1539 2779; x_wconf 75' lang='grc' dir='ltr'><strong>καὶ</strong></span> <span class='ocrx_word' id='word_1_183' title='bbox 1568 2727 1705 2798; x_wconf 80' lang='grc' dir='ltr'><strong>πρὸς</strong></span> 
     </span>
    </p>
   </div>
   <div class='ocr_carea' id='block_1_29' title="bbox 150 2802 1706 2889">
    <p class='ocr_par' dir='ltr' id='par_1_29' title="bbox 150 2802 1706 2889">
     <span class='ocr_line' id='line_1_29' title="bbox 150 2802 1706 2889; baseline 0.013 -35"><span class='ocrx_word' id='word_1_184' title='bbox 150 2802 307 2856; x_wconf 73' lang='grc' dir='ltr'><strong>αὐτῶν</strong></span> <span class='ocrx_word' id='word_1_185' title='bbox 337 2804 711 2874; x_wconf 78' lang='grc' dir='ltr'><strong>ἀποσταλῆναι</strong></span> <span class='ocrx_word' id='word_1_186' title='bbox 741 2808 967 2875; x_wconf 83' lang='grc' dir='ltr'><strong>ταύτην,</strong></span> <span class='ocrx_word' id='word_1_187' title='bbox 1018 2813 1112 2865; x_wconf 79' lang='grc' dir='ltr'><strong>καὶ</strong></span> <span class='ocrx_word' id='word_1_188' title='bbox 1156 2814 1278 2866; x_wconf 84' lang='grc' dir='ltr'><strong>ὅτου</strong></span> <span class='ocrx_word' id='word_1_189' title='bbox 1308 2817 1468 2885; x_wconf 86' lang='grc' dir='ltr'><strong>χάριν</strong></span> <span class='ocrx_word' id='word_1_190' title='bbox 1505 2818 1706 2889; x_wconf 82' lang='grc' dir='ltr'><strong>διωμο-</strong></span> 
     </span>
    </p>
   </div>
   <div class='ocr_carea' id='block_1_30' title="bbox 150 2890 1703 2982">
    <p class='ocr_par' dir='ltr' id='par_1_30' title="bbox 150 2890 1703 2982">
     <span class='ocr_line' id='line_1_30' title="bbox 150 2890 1703 2982; baseline 0.015 -40"><span class='ocrx_word' id='word_1_191' title='bbox 150 2890 385 2960; x_wconf 73' lang='grc' dir='ltr'><strong>λόγηντοο</strong></span> <span class='ocrx_word' id='word_1_192' title='bbox 434 2894 811 2962; x_wconf 75' lang='grc' dir='ltr'><strong>ἀλλοιωθεὶςὸ</strong></span> <span class='ocrx_word' id='word_1_193' title='bbox 841 2901 1186 2972; x_wconf 76' lang='grc' dir='ltr'><strong>παμμίαρος,</strong></span> <span class='ocrx_word' id='word_1_194' title='bbox 1238 2906 1450 2961; x_wconf 80' lang='grc' dir='ltr'><strong>κελεύει</strong></span> <span class='ocrx_word' id='word_1_195' title='bbox 1500 2927 1703 2982; x_wconf 89' lang='grc' dir='ltr'><strong>παρευ-</strong></span> 
     </span>
    </p>
   </div>
   <div class='ocr_carea' id='block_1_31' title="bbox 150 2985 1702 3068">
    <p class='ocr_par' dir='ltr' id='par_1_31' title="bbox 150 2985 1702 3068">
     <span class='ocr_line' id='line_1_31' title="bbox 150 2985 1702 3068; baseline 0.013 -31"><span class='ocrx_word' id='word_1_196' title='bbox 150 2985 230 3047; x_wconf 72' lang='lat' dir='ltr'><strong>Ob;</strong></span> <span class='ocrx_word' id='word_1_197' title='bbox 280 2985 364 3038; x_wconf 77' lang='grc' dir='ltr'><strong>τὸν</strong></span> <span class='ocrx_word' id='word_1_198' title='bbox 414 2989 685 3057; x_wconf 75' lang='grc' dir='ltr'><strong>καρτερὸν</strong></span> <span class='ocrx_word' id='word_1_199' title='bbox 733 2991 833 3061; x_wconf 81' lang='grc' dir='ltr'><strong>τῆς</strong></span> <span class='ocrx_word' id='word_1_200' title='bbox 872 2992 1196 3064; x_wconf 79' lang='grc' dir='ltr'><strong>Ἐκκλησίας</strong></span> <span class='ocrx_word' id='word_1_201' title='bbox 1249 2997 1564 3068; x_wconf 73' lang='grc' dir='ltr'><strong>ἀδάμαντα,</strong></span> <span class='ocrx_word' id='word_1_202' title='bbox 1609 3004 1702 3057; x_wconf 71' lang='grc' dir='ltr'><strong>τὸν</strong></span> 
     </span>
    </p>
   </div>
   <div class='ocr_carea' id='block_1_32' title="bbox 151 3077 1698 3164">
    <p class='ocr_par' dir='ltr' id='par_1_32' title="bbox 151 3077 1698 3164">
     <span class='ocr_line' id='line_1_32' title="bbox 151 3077 1698 3164; baseline 0.014 -37"><span class='ocrx_word' id='word_1_203' title='bbox 151 3077 302 3142; x_wconf 78' lang='grc' dir='ltr'><strong>μέγαν</strong></span> <span class='ocrx_word' id='word_1_204' title='bbox 329 3079 382 3132; x_wconf 79' lang='grc' dir='ltr'><strong>ὲν</strong></span> <span class='ocrx_word' id='word_1_205' title='bbox 415 3079 657 3150; x_wconf 78' lang='grc' dir='ltr'><strong>πρώτοις</strong></span> <span class='ocrx_word' id='word_1_206' title='bbox 688 3082 1041 3152; x_wconf 81' lang='grc' dir='ltr'><strong>ἀφιματῶσαι</strong></span> <span class='ocrx_word' id='word_1_207' title='bbox 1078 3088 1362 3144; x_wconf 84' lang='grc' dir='ltr'><strong>Νικόλαον.</strong></span> <span class='ocrx_word' id='word_1_208' title='bbox 1394 3093 1620 3164; x_wconf 69' lang='grc' dir='ltr'><strong>Ἄνδρες</strong></span> <span class='ocrx_word' id='word_1_209' title='bbox 1642 3095 1698 3148; x_wconf 78' lang='grc' dir='ltr'><strong>δὲ</strong></span> 
     </span>
    </p>
   </div>
   <div class='ocr_carea' id='block_1_33' title="bbox 1827 597 3397 671">
    <p class='ocr_par' dir='ltr' id='par_1_33' title="bbox 1827 597 3397 671">
     <span class='ocr_line' id='line_1_33' title="bbox 1827 597 3397 671; baseline 0.003 -20"><span class='ocrx_word' id='word_1_210' title='bbox 1827 597 2073 666; x_wconf 76' lang='lat' dir='ltr'><strong>alternis,</strong></span> <span class='ocrx_word' id='word_1_211' title='bbox 2107 601 2459 670; x_wconf 76' lang='lat' dir='ltr'><strong>quaternisve</strong></span> <span class='ocrx_word' id='word_1_212' title='bbox 2504 602 2717 664; x_wconf 86' lang='lat' dir='ltr'><strong>diebus,</strong></span> <span class='ocrx_word' id='word_1_213' title='bbox 2766 601 3095 671; x_wconf 83' lang='lat' dir='ltr'><strong>quandoque</strong></span> <span class='ocrx_word' id='word_1_214' title='bbox 3129 616 3226 670; x_wconf 83' lang='lat' dir='ltr'><strong>per</strong></span> <span class='ocrx_word' id='word_1_215' title='bbox 3264 601 3397 656; x_wconf 84' lang='lat' dir='ltr'><strong>beb-</strong></span> 
     </span>
    </p>
   </div>
   <div class='ocr_carea' id='block_1_34' title="bbox 1824 688 3395 765">
    <p class='ocr_par' dir='ltr' id='par_1_34' title="bbox 1824 688 3395 765">
     <span class='ocr_line' id='line_1_34' title="bbox 1824 688 3395 765; baseline 0.004 -23"><span class='ocrx_word' id='word_1_216' title='bbox 1824 688 2113 746; x_wconf 88' lang='lat' dir='ltr'><strong>domadam</strong></span> <span class='ocrx_word' id='word_1_217' title='bbox 2149 701 2338 757; x_wconf 86' lang='lat' dir='ltr'><strong>totam,</strong></span> <span class='ocrx_word' id='word_1_218' title='bbox 2375 692 2457 749; x_wconf 79' lang='lat' dir='ltr'><strong>vix</strong></span> <span class='ocrx_word' id='word_1_219' title='bbox 2481 694 2678 750; x_wconf 85' lang='lat' dir='ltr'><strong>modici</strong></span> <span class='ocrx_word' id='word_1_220' title='bbox 2719 694 2876 764; x_wconf 84' lang='lat' dir='ltr'><strong>panis</strong></span> <span class='ocrx_word' id='word_1_221' title='bbox 2907 692 3139 753; x_wconf 82' lang='lat' dir='ltr'><strong>frustum</strong></span> <span class='ocrx_word' id='word_1_222' title='bbox 3174 693 3395 765; x_wconf 82' lang='lat' dir='ltr'><strong>aliquod</strong></span> 
     </span>
    </p>
   </div>
   <div class='ocr_carea' id='block_1_35' title="bbox 1824 774 3393 858">
    <p class='ocr_par' dir='ltr' id='par_1_35' title="bbox 1824 774 3393 858">
     <span class='ocr_line' id='line_1_35' title="bbox 1824 774 3393 858; baseline 0.003 -21"><span class='ocrx_word' id='word_1_223' title='bbox 1824 781 2208 852; x_wconf 88' lang='lat' dir='ltr'><strong>projicientes;</strong></span> <span class='ocrx_word' id='word_1_224' title='bbox 2239 787 2374 857; x_wconf 90' lang='lat' dir='ltr'><strong>quin</strong></span> <span class='ocrx_word' id='word_1_225' title='bbox 2408 793 2463 842; x_wconf 89' lang='lat' dir='ltr'><strong>et</strong></span> <span class='ocrx_word' id='word_1_226' title='bbox 2499 774 2908 858; x_wconf 78' lang='lat' dir='ltr'><strong>ipsamaquam</strong></span> <span class='ocrx_word' id='word_1_227' title='bbox 2955 787 3169 843; x_wconf 74' lang='lat' dir='ltr'><strong>scelesti</strong></span> <span class='ocrx_word' id='word_1_228' title='bbox 3213 787 3393 843; x_wconf 87' lang='lat' dir='ltr'><strong>homi-</strong></span> 
     </span>
    </p>
   </div>
   <div class='ocr_carea' id='block_1_36' title="bbox 1823 875 3397 949">
    <p class='ocr_par' dir='ltr' id='par_1_36' title="bbox 1823 875 3397 949">
     <span class='ocr_line' id='line_1_36' title="bbox 1823 875 3397 949; baseline 0.004 -21"><span class='ocrx_word' id='word_1_229' title='bbox 1823 888 1920 929; x_wconf 90' lang='lat' dir='ltr'><strong>nes</strong></span> <span class='ocrx_word' id='word_1_230' title='bbox 1952 875 2031 930; x_wconf 90' lang='lat' dir='ltr'><strong>eis</strong></span> <span class='ocrx_word' id='word_1_231' title='bbox 2065 876 2423 949; x_wconf 83' lang='lat' dir='ltr'><strong>denegabant.</strong></span> <span class='ocrx_word' id='word_1_232' title='bbox 2470 881 2546 935; x_wconf 81' lang='lat' dir='ltr'><strong>Ac</strong></span> <span class='ocrx_word' id='word_1_233' title='bbox 2577 896 2709 936; x_wconf 85' lang='lat' dir='ltr'><strong>sane</strong></span> <span class='ocrx_word' id='word_1_234' title='bbox 2743 879 2922 949; x_wconf 82' lang='lat' dir='ltr'><strong>major</strong></span> <span class='ocrx_word' id='word_1_235' title='bbox 2973 888 3079 945; x_wconf 88' lang='lat' dir='ltr'><strong>est,</strong></span> <span class='ocrx_word' id='word_1_236' title='bbox 3124 895 3291 949; x_wconf 91' lang='lat' dir='ltr'><strong>quam</strong></span> <span class='ocrx_word' id='word_1_237' title='bbox 3337 888 3397 934; x_wconf 92' lang='lat' dir='ltr'><strong>ut</strong></span> 
     </span>
    </p>
   </div>
   <div class='ocr_carea' id='block_1_37' title="bbox 1827 970 3394 1042">
    <p class='ocr_par' dir='ltr' id='par_1_37' title="bbox 1827 970 3394 1042">
     <span class='ocr_line' id='line_1_37' title="bbox 1827 970 3394 1042; baseline 0.003 -23"><span class='ocrx_word' id='word_1_238' title='bbox 1827 979 2078 1022; x_wconf 88' lang='lat' dir='ltr'><strong>sermone</strong></span> <span class='ocrx_word' id='word_1_239' title='bbox 2137 970 2369 1035; x_wconf 75' lang='lat' dir='ltr'><strong>exprimi</strong></span> <span class='ocrx_word' id='word_1_240' title='bbox 2422 972 2617 1042; x_wconf 79' lang='lat' dir='ltr'><strong>possit,</strong></span> <span class='ocrx_word' id='word_1_241' title='bbox 2658 972 2923 1028; x_wconf 86' lang='lat' dir='ltr'><strong>immensa</strong></span> <span class='ocrx_word' id='word_1_242' title='bbox 2970 972 3063 1027; x_wconf 91' lang='lat' dir='ltr'><strong>illa</strong></span> <span class='ocrx_word' id='word_1_243' title='bbox 3096 972 3243 1027; x_wconf 88' lang='lat' dir='ltr'><strong>illata</strong></span> <span class='ocrx_word' id='word_1_244' title='bbox 3291 973 3394 1027; x_wconf 86' lang='lat' dir='ltr'><strong>vis.</strong></span> 
     </span>
    </p>
   </div>
   <div class='ocr_carea' id='block_1_38' title="bbox 1823 1055 3395 1137">
    <p class='ocr_par' dir='ltr' id='par_1_38' title="bbox 1823 1055 3395 1137">
     <span class='ocr_line' id='line_1_38' title="bbox 1823 1055 3395 1137; baseline 0.007 -29"><span class='ocrx_word' id='word_1_245' title='bbox 1823 1055 1963 1114; x_wconf 74' lang='lat' dir='ltr'><strong>Num</strong></span> <span class='ocrx_word' id='word_1_246' title='bbox 1994 1074 2125 1130; x_wconf 77' lang='lat' dir='ltr'><strong>ergo</strong></span> <span class='ocrx_word' id='word_1_247' title='bbox 2153 1061 2223 1116; x_wconf 89' lang='lat' dir='ltr'><strong>ob</strong></span> <span class='ocrx_word' id='word_1_248' title='bbox 2242 1078 2359 1118; x_wconf 88' lang='lat' dir='ltr'><strong>eam</strong></span> <span class='ocrx_word' id='word_1_249' title='bbox 2399 1065 2736 1119; x_wconf 82' lang='lat' dir='ltr'><strong>vexationem</strong></span> <span class='ocrx_word' id='word_1_250' title='bbox 2775 1066 2913 1120; x_wconf 82' lang='lat' dir='ltr'><strong>haud</strong></span> <span class='ocrx_word' id='word_1_251' title='bbox 2937 1066 3155 1136; x_wconf 89' lang='lat' dir='ltr'><strong>quidem</strong></span> <span class='ocrx_word' id='word_1_252' title='bbox 3185 1081 3395 1137; x_wconf 57' lang='lat' dir='ltr'><strong>pugna-</strong></span> 
     </span>
    </p>
   </div>
   <div class='ocr_carea' id='block_1_39' title="bbox 1821 1149 3382 1220">
    <p class='ocr_par' dir='ltr' id='par_1_39' title="bbox 1821 1149 3382 1220">
     <span class='ocr_line' id='line_1_39' title="bbox 1821 1149 3382 1220; baseline 0.004 -19"><span class='ocrx_word' id='word_1_253' title='bbox 1821 1162 1936 1203; x_wconf 88' lang='lat' dir='ltr'><strong>cem</strong></span> <span class='ocrx_word' id='word_1_254' title='bbox 1970 1149 2278 1219; x_wconf 85' lang='lat' dir='ltr'><strong>dogmatum</strong></span> <span class='ocrx_word' id='word_1_255' title='bbox 2304 1156 2665 1209; x_wconf 81' lang='lat' dir='ltr'><strong>constantiam</strong></span> <span class='ocrx_word' id='word_1_256' title='bbox 2691 1156 2991 1210; x_wconf 85' lang='lat' dir='ltr'><strong>amiserunt</strong></span> <span class='ocrx_word' id='word_1_257' title='bbox 3017 1174 3031 1220; x_wconf 87' lang='lat'><strong>;</strong></span> <span class='ocrx_word' id='word_1_258' title='bbox 3056 1156 3162 1212; x_wconf 89' lang='lat' dir='ltr'><strong>visi</strong></span> <span class='ocrx_word' id='word_1_259' title='bbox 3201 1165 3382 1210; x_wconf 88' lang='lat' dir='ltr'><strong>tamen</strong></span> 
     </span>
    </p>
   </div>
   <div class='ocr_carea' id='block_1_40' title="bbox 1819 1243 3395 1317">
    <p class='ocr_par' dir='ltr' id='par_1_40' title="bbox 1819 1243 3395 1317">
     <span class='ocr_line' id='line_1_40' title="bbox 1819 1243 3395 1317; baseline 0.003 -22"><span class='ocrx_word' id='word_1_260' title='bbox 1819 1250 1949 1295; x_wconf 88' lang='lat' dir='ltr'><strong>sunt</strong></span> <span class='ocrx_word' id='word_1_261' title='bbox 1981 1243 2374 1299; x_wconf 89' lang='lat' dir='ltr'><strong>certaminibus</strong></span> <span class='ocrx_word' id='word_1_262' title='bbox 2429 1245 2688 1315; x_wconf 87' lang='lat' dir='ltr'><strong>impares,</strong></span> <span class='ocrx_word' id='word_1_263' title='bbox 2748 1247 2998 1303; x_wconf 87' lang='lat' dir='ltr'><strong>minuere</strong></span> <span class='ocrx_word' id='word_1_264' title='bbox 3045 1247 3254 1317; x_wconf 87' lang='lat' dir='ltr'><strong>aliquid</strong></span> <span class='ocrx_word' id='word_1_265' title='bbox 3312 1246 3395 1300; x_wconf 90' lang='lat' dir='ltr'><strong>di-</strong></span> 
     </span>
    </p>
   </div>
   <div class='ocr_carea' id='block_1_41' title="bbox 1818 1332 3392 1409">
    <p class='ocr_par' dir='ltr' id='par_1_41' title="bbox 1818 1332 3392 1409">
     <span class='ocr_line' id='line_1_41' title="bbox 1818 1332 3392 1409; baseline 0.004 -22"><span class='ocrx_word' id='word_1_266' title='bbox 1818 1332 1973 1388; x_wconf 84' lang='lat' dir='ltr'><strong>cendi</strong></span> <span class='ocrx_word' id='word_1_267' title='bbox 2016 1333 2321 1392; x_wconf 76' lang='lat' dir='ltr'><strong>libertatis?</strong></span> <span class='ocrx_word' id='word_1_268' title='bbox 2379 1336 2834 1409; x_wconf 81' lang='lat' dir='ltr'><strong>Haudquaquam.</strong></span> <span class='ocrx_word' id='word_1_269' title='bbox 2888 1337 3025 1393; x_wconf 79' lang='lat' dir='ltr'><strong>Vide</strong></span> <span class='ocrx_word' id='word_1_270' title='bbox 3079 1340 3224 1393; x_wconf 92' lang='lat' dir='ltr'><strong>cnim</strong></span> <span class='ocrx_word' id='word_1_271' title='bbox 3274 1354 3392 1394; x_wconf 88' lang='lat' dir='ltr'><strong>am-</strong></span> 
     </span>
    </p>
   </div>
   <div class='ocr_carea' id='block_1_42' title="bbox 1818 1426 3389 1502">
    <p class='ocr_par' dir='ltr' id='par_1_42' title="bbox 1818 1426 3389 1502">
     <span class='ocr_line' id='line_1_42' title="bbox 1818 1426 3389 1502; baseline 0.003 -22"><span class='ocrx_word' id='word_1_272' title='bbox 1818 1426 2044 1496; x_wconf 84' lang='lat' dir='ltr'><strong>pliorem</strong></span> <span class='ocrx_word' id='word_1_273' title='bbox 2071 1428 2200 1485; x_wconf 91' lang='lat' dir='ltr'><strong>hinc</strong></span> <span class='ocrx_word' id='word_1_274' title='bbox 2232 1428 2633 1496; x_wconf 78' lang='lat' dir='ltr'><strong>’ortitudinem,</strong></span> <span class='ocrx_word' id='word_1_275' title='bbox 2664 1446 2728 1486; x_wconf 87' lang='lat' dir='ltr'><strong>ac</strong></span> <span class='ocrx_word' id='word_1_276' title='bbox 2759 1447 2957 1487; x_wconf 90' lang='lat' dir='ltr'><strong>sonum</strong></span> <span class='ocrx_word' id='word_1_277' title='bbox 2983 1430 3389 1502; x_wconf 62' lang='lat' dir='ltr'><strong>praedicationis</strong></span> 
     </span>
    </p>
   </div>
   <div class='ocr_carea' id='block_1_43' title="bbox 1818 1518 2104 1587">
    <p class='ocr_par' dir='ltr' id='par_1_43' title="bbox 1818 1518 2104 1587">
     <span class='ocr_line' id='line_1_43' title="bbox 1818 1518 2104 1587; baseline 0.014 -16"><span class='ocrx_word' id='word_1_278' title='bbox 1818 1518 2104 1587; x_wconf 86' lang='lat' dir='ltr'><strong>majorem.</strong></span> 
     </span>
    </p>
   </div>
   <div class='ocr_carea' id='block_1_44' title="bbox 1887 1607 3389 1683">
    <p class='ocr_par' dir='ltr' id='par_1_44' title="bbox 1887 1607 3389 1683">
     <span class='ocr_line' id='line_1_44' title="bbox 1887 1607 3389 1683; baseline 0.001 -21"><span class='ocrx_word' id='word_1_279' title='bbox 1887 1607 2022 1665; x_wconf 86' lang='lat' dir='ltr'><strong>Cum</strong></span> <span class='ocrx_word' id='word_1_280' title='bbox 2045 1611 2189 1668; x_wconf 85' lang='lat' dir='ltr'><strong>enim</strong></span> <span class='ocrx_word' id='word_1_281' title='bbox 2226 1611 2451 1668; x_wconf 85' lang='lat' dir='ltr'><strong>necdum</strong></span> <span class='ocrx_word' id='word_1_282' title='bbox 2487 1628 2675 1668; x_wconf 91' lang='lat' dir='ltr'><strong>eorum</strong></span> <span class='ocrx_word' id='word_1_283' title='bbox 2729 1626 2959 1683; x_wconf 88' lang='lat' dir='ltr'><strong>corpora</strong></span> <span class='ocrx_word' id='word_1_284' title='bbox 3008 1610 3145 1667; x_wconf 88' lang='lat' dir='ltr'><strong>bene</strong></span> <span class='ocrx_word' id='word_1_285' title='bbox 3166 1624 3331 1665; x_wconf 80' lang='lat' dir='ltr'><strong>sanas</strong></span> <span class='ocrx_word' id='word_1_286' title='bbox 3362 1623 3389 1663; x_wconf 89' lang='lat' dir='ltr'><strong>a</strong></span> 
     </span>
    </p>
   </div>
   <div class='ocr_carea' id='block_1_45' title="bbox 1814 1701 3391 1773">
    <p class='ocr_par' dir='ltr' id='par_1_45' title="bbox 1814 1701 3391 1773">
     <span class='ocr_line' id='line_1_45' title="bbox 1814 1701 3391 1773; baseline 0.002 -19"><span class='ocrx_word' id='word_1_287' title='bbox 1814 1701 2091 1770; x_wconf 85' lang='lat' dir='ltr'><strong>prioribus</strong></span> <span class='ocrx_word' id='word_1_288' title='bbox 2122 1704 2291 1773; x_wconf 80' lang='lat' dir='ltr'><strong>plagis</strong></span> <span class='ocrx_word' id='word_1_289' title='bbox 2340 1706 2627 1763; x_wconf 88' lang='lat' dir='ltr'><strong>cicatrices</strong></span> <span class='ocrx_word' id='word_1_290' title='bbox 2656 1706 2941 1769; x_wconf 88' lang='lat' dir='ltr'><strong>haberent,</strong></span> <span class='ocrx_word' id='word_1_291' title='bbox 2966 1719 3032 1759; x_wconf 90' lang='lat' dir='ltr'><strong>en</strong></span> <span class='ocrx_word' id='word_1_292' title='bbox 3082 1703 3179 1757; x_wconf 90' lang='lat' dir='ltr'><strong>tibi</strong></span> <span class='ocrx_word' id='word_1_293' title='bbox 3213 1703 3391 1757; x_wconf 85' lang='lat' dir='ltr'><strong>malus</strong></span> 
     </span>
    </p>
   </div>
   <div class='ocr_carea' id='block_1_46' title="bbox 1818 1793 3389 1867">
    <p class='ocr_par' dir='ltr' id='par_1_46' title="bbox 1818 1793 3389 1867">
     <span class='ocr_line' id='line_1_46' title="bbox 1818 1793 3389 1867; baseline 0.003 -21"><span class='ocrx_word' id='word_1_294' title='bbox 1818 1793 1959 1849; x_wconf 85' lang='lat' dir='ltr'><strong>alius</strong></span> <span class='ocrx_word' id='word_1_295' title='bbox 2014 1794 2165 1864; x_wconf 85' lang='lat' dir='ltr'><strong>impii</strong></span> <span class='ocrx_word' id='word_1_296' title='bbox 2240 1796 2583 1867; x_wconf 88' lang='lat' dir='ltr'><strong>imperatoris</strong></span> <span class='ocrx_word' id='word_1_297' title='bbox 2644 1798 2839 1865; x_wconf 81' lang='lat' dir='ltr'><strong>impius</strong></span> <span class='ocrx_word' id='word_1_298' title='bbox 2913 1797 3087 1867; x_wconf 83' lang='lat' dir='ltr'><strong>magis</strong></span> <span class='ocrx_word' id='word_1_299' title='bbox 3143 1796 3389 1861; x_wconf 80' lang='lat' dir='ltr'><strong>nuntius,</strong></span> 
     </span>
    </p>
   </div>
   <div class='ocr_carea' id='block_1_47' title="bbox 1816 1886 3391 1958">
    <p class='ocr_par' dir='ltr' id='par_1_47' title="bbox 1816 1886 3391 1958">
     <span class='ocr_line' id='line_1_47' title="bbox 1816 1886 3391 1958; baseline 0.003 -20"><span class='ocrx_word' id='word_1_300' title='bbox 1816 1886 1991 1942; x_wconf 64' lang='lat' dir='ltr'><strong>caedes</strong></span> <span class='ocrx_word' id='word_1_301' title='bbox 2026 1886 2263 1955; x_wconf 81' lang='lat' dir='ltr'><strong>Spirans,</strong></span> <span class='ocrx_word' id='word_1_302' title='bbox 2293 1903 2356 1943; x_wconf 84' lang='lat' dir='ltr'><strong>ac</strong></span> <span class='ocrx_word' id='word_1_303' title='bbox 2395 1887 2596 1944; x_wconf 87' lang='lat' dir='ltr'><strong>furoris</strong></span> <span class='ocrx_word' id='word_1_304' title='bbox 2643 1898 2812 1944; x_wconf 72' lang='lat' dir='ltr'><strong>(BSU&#39;O</strong></span> <span class='ocrx_word' id='word_1_305' title='bbox 2864 1887 3099 1958; x_wconf 85' lang='lat' dir='ltr'><strong>quodam</strong></span> <span class='ocrx_word' id='word_1_306' title='bbox 3153 1886 3391 1958; x_wconf 81' lang='lat' dir='ltr'><strong>agitatus</strong></span> 
     </span>
    </p>
   </div>
   <div class='ocr_carea' id='block_1_48' title="bbox 1815 1974 3389 2045">
    <p class='ocr_par' dir='ltr' id='par_1_48' title="bbox 1815 1974 3389 2045">
     <span class='ocr_line' id='line_1_48' title="bbox 1815 1974 3389 2045; baseline -0.001 -16"><span class='ocrx_word' id='word_1_307' title='bbox 1815 1974 2055 2037; x_wconf 80' lang='lat' dir='ltr'><strong>advenit.</strong></span> <span class='ocrx_word' id='word_1_308' title='bbox 2116 1992 2223 2033; x_wconf 82' lang='lat' dir='ltr'><strong>una</strong></span> <span class='ocrx_word' id='word_1_309' title='bbox 2274 1992 2461 2033; x_wconf 83' lang='lat' dir='ltr'><strong>secum</strong></span> <span class='ocrx_word' id='word_1_310' title='bbox 2523 1978 2721 2032; x_wconf 90' lang='lat' dir='ltr'><strong>librum</strong></span> <span class='ocrx_word' id='word_1_311' title='bbox 2776 1976 3052 2043; x_wconf 82' lang='lat' dir='ltr'><strong>inferens,</strong></span> <span class='ocrx_word' id='word_1_312' title='bbox 3090 1984 3389 2045; x_wconf 89' lang='lat' dir='ltr'><strong>apertoque</strong></span> 
     </span>
    </p>
   </div>
   <div class='ocr_carea' id='block_1_49' title="bbox 1813 2067 3387 2126">
    <p class='ocr_par' dir='ltr' id='par_1_49' title="bbox 1813 2067 3387 2126">
     <span class='ocr_line' id='line_1_49' title="bbox 1813 2067 3387 2126; baseline 0.003 -8"><span class='ocrx_word' id='word_1_313' title='bbox 1813 2069 2051 2123; x_wconf 77' lang='lat' dir='ltr'><strong>careeris</strong></span> <span class='ocrx_word' id='word_1_314' title='bbox 2073 2069 2216 2123; x_wconf 87' lang='lat' dir='ltr'><strong>ostio</strong></span> <span class='ocrx_word' id='word_1_315' title='bbox 2245 2069 2463 2126; x_wconf 88' lang='lat' dir='ltr'><strong>divinos</strong></span> <span class='ocrx_word' id='word_1_316' title='bbox 2496 2070 2644 2124; x_wconf 82' lang='lat' dir='ltr'><strong>viros</strong></span> <span class='ocrx_word' id='word_1_317' title='bbox 2679 2070 2958 2124; x_wconf 88' lang='lat' dir='ltr'><strong>incondito</strong></span> <span class='ocrx_word' id='word_1_318' title='bbox 2989 2069 3231 2125; x_wconf 86' lang='lat' dir='ltr'><strong>clamore</strong></span> <span class='ocrx_word' id='word_1_319' title='bbox 3261 2067 3387 2122; x_wconf 88' lang='lat' dir='ltr'><strong>inde</strong></span> 
     </span>
    </p>
   </div>
   <div class='ocr_carea' id='block_1_50' title="bbox 1810 2159 3382 2230">
    <p class='ocr_par' dir='ltr' id='par_1_50' title="bbox 1810 2159 3382 2230">
     <span class='ocr_line' id='line_1_50' title="bbox 1810 2159 3382 2230; baseline 0.001 -18"><span class='ocrx_word' id='word_1_320' title='bbox 1810 2159 2012 2221; x_wconf 74' lang='lat' dir='ltr'><strong>educit,</strong></span> <span class='ocrx_word' id='word_1_321' title='bbox 2036 2175 2099 2214; x_wconf 80' lang='lat' dir='ltr'><strong>ac</strong></span> <span class='ocrx_word' id='word_1_322' title='bbox 2126 2171 2440 2216; x_wconf 89' lang='lat' dir='ltr'><strong>monstrans</strong></span> <span class='ocrx_word' id='word_1_323' title='bbox 2468 2161 2776 2227; x_wconf 84' lang='lat' dir='ltr'><strong>epistolam,</strong></span> <span class='ocrx_word' id='word_1_324' title='bbox 2821 2176 2986 2230; x_wconf 87' lang='lat' dir='ltr'><strong>quam</strong></span> <span class='ocrx_word' id='word_1_325' title='bbox 3018 2160 3272 2214; x_wconf 86' lang='lat' dir='ltr'><strong>manibus</strong></span> <span class='ocrx_word' id='word_1_326' title='bbox 3302 2168 3382 2214; x_wconf 88' lang='lat' dir='ltr'><strong>te-</strong></span> 
     </span>
    </p>
   </div>
   <div class='ocr_carea' id='block_1_51' title="bbox 1811 2241 3388 2321">
    <p class='ocr_par' dir='ltr' id='par_1_51' title="bbox 1811 2241 3388 2321">
     <span class='ocr_line' id='line_1_51' title="bbox 1811 2241 3388 2321; baseline -0.001 -17"><span class='ocrx_word' id='word_1_327' title='bbox 1811 2261 1985 2315; x_wconf 86' lang='lat' dir='ltr'><strong>neret,</strong></span> <span class='ocrx_word' id='word_1_328' title='bbox 2020 2251 2087 2305; x_wconf 88' lang='lat' dir='ltr'><strong>ab</strong></span> <span class='ocrx_word' id='word_1_329' title='bbox 2116 2252 2194 2306; x_wconf 77' lang='lat' dir='ltr'><strong>eis</strong></span> <span class='ocrx_word' id='word_1_330' title='bbox 2229 2252 2492 2311; x_wconf 85' lang='lat' dir='ltr'><strong>adversus</strong></span> <span class='ocrx_word' id='word_1_331' title='bbox 2522 2252 2908 2321; x_wconf 85' lang='lat' dir='ltr'><strong>imperatorem</strong></span> <span class='ocrx_word' id='word_1_332' title='bbox 2962 2250 3248 2319; x_wconf 83' lang='lat' dir='ltr'><strong>scriptam,</strong></span> <span class='ocrx_word' id='word_1_333' title='bbox 3301 2241 3388 2304; x_wconf 81' lang='lat' dir='ltr'><strong>co-</strong></span> 
     </span>
    </p>
   </div>
   <div class='ocr_carea' id='block_1_52' title="bbox 1810 2343 3387 2416">
    <p class='ocr_par' dir='ltr' id='par_1_52' title="bbox 1810 2343 3387 2416">
     <span class='ocr_line' id='line_1_52' title="bbox 1810 2343 3387 2416; baseline 0.001 -21"><span class='ocrx_word' id='word_1_334' title='bbox 1810 2344 1968 2411; x_wconf 80' lang='lat' dir='ltr'><strong>gebat</strong></span> <span class='ocrx_word' id='word_1_335' title='bbox 2020 2344 2256 2409; x_wconf 87' lang='lat' dir='ltr'><strong>edicere,</strong></span> <span class='ocrx_word' id='word_1_336' title='bbox 2308 2347 2638 2416; x_wconf 79' lang='lat' dir='ltr'><strong>qu‘andn,ac</strong></span> <span class='ocrx_word' id='word_1_337' title='bbox 2682 2343 2979 2416; x_wconf 86' lang='lat' dir='ltr'><strong>quomodo,</strong></span> <span class='ocrx_word' id='word_1_338' title='bbox 3029 2351 3085 2398; x_wconf 89' lang='lat' dir='ltr'><strong>et</strong></span> <span class='ocrx_word' id='word_1_339' title='bbox 3118 2343 3186 2398; x_wconf 87' lang='lat' dir='ltr'><strong>ad</strong></span> <span class='ocrx_word' id='word_1_340' title='bbox 3246 2357 3387 2413; x_wconf 93' lang='lat' dir='ltr'><strong>quos</strong></span> 
     </span>
    </p>
   </div>
   <div class='ocr_carea' id='block_1_53' title="bbox 1808 2435 2107 2491">
    <p class='ocr_par' dir='ltr' id='par_1_53' title="bbox 1808 2435 2107 2491">
     <span class='ocr_line' id='line_1_53' title="bbox 1808 2435 2107 2491; baseline 0.003 -3"><span class='ocrx_word' id='word_1_341' title='bbox 1808 2435 2107 2491; x_wconf 82' lang='lat' dir='ltr'><strong>misissent.</strong></span> 
     </span>
    </p>
   </div>
   <div class='ocr_carea' id='block_1_54' title="bbox 1880 2619 3386 2694">
    <p class='ocr_par' dir='ltr' id='par_1_54' title="bbox 1880 2619 3386 2694">
     <span class='ocr_line' id='line_1_54' title="bbox 1880 2619 3386 2694; baseline 0.002 -22"><span class='ocrx_word' id='word_1_342' title='bbox 1880 2619 2013 2675; x_wconf 78' lang='lat' dir='ltr'><strong>Vide</strong></span> <span class='ocrx_word' id='word_1_343' title='bbox 2044 2636 2176 2692; x_wconf 75' lang='lat' dir='ltr'><strong>ergo</strong></span> <span class='ocrx_word' id='word_1_344' title='bbox 2227 2622 2449 2677; x_wconf 77' lang='lat' dir='ltr'><strong>fortium</strong></span> <span class='ocrx_word' id='word_1_345' title='bbox 2505 2624 2747 2694; x_wconf 85' lang='lat' dir='ltr'><strong>pugilum</strong></span> <span class='ocrx_word' id='word_1_346' title='bbox 2804 2638 3041 2694; x_wconf 75' lang='lat' dir='ltr'><strong>pugnam</strong></span> <span class='ocrx_word' id='word_1_347' title='bbox 3096 2621 3261 2677; x_wconf 85' lang='lat' dir='ltr'><strong>aliam</strong></span> <span class='ocrx_word' id='word_1_348' title='bbox 3320 2635 3386 2676; x_wconf 85' lang='lat' dir='ltr'><strong>ac</strong></span> 
     </span>
    </p>
   </div>
   <div class='ocr_carea' id='block_1_55' title="bbox 1806 2712 3380 2784">
    <p class='ocr_par' dir='ltr' id='par_1_55' title="bbox 1806 2712 3380 2784">
     <span class='ocr_line' id='line_1_55' title="bbox 1806 2712 3380 2784; baseline 0.002 -19"><span class='ocrx_word' id='word_1_349' title='bbox 1806 2720 1953 2766; x_wconf 89' lang='lat' dir='ltr'><strong>certa</strong></span> <span class='ocrx_word' id='word_1_350' title='bbox 1981 2728 2102 2767; x_wconf 71' lang='lat' dir='ltr'><strong>non.</strong></span> <span class='ocrx_word' id='word_1_351' title='bbox 2134 2712 2203 2767; x_wconf 90' lang='lat' dir='ltr'><strong>Ut</strong></span> <span class='ocrx_word' id='word_1_352' title='bbox 2224 2713 2367 2767; x_wconf 86' lang='lat' dir='ltr'><strong>enim</strong></span> <span class='ocrx_word' id='word_1_353' title='bbox 2398 2714 2496 2769; x_wconf 89' lang='lat' dir='ltr'><strong>abs</strong></span> <span class='ocrx_word' id='word_1_354' title='bbox 2520 2730 2578 2771; x_wconf 90' lang='lat' dir='ltr'><strong>se</strong></span> <span class='ocrx_word' id='word_1_355' title='bbox 2606 2716 2987 2783; x_wconf 87' lang='lat' dir='ltr'><strong>compositam,</strong></span> <span class='ocrx_word' id='word_1_356' title='bbox 3021 2715 3380 2784; x_wconf 86' lang='lat' dir='ltr'><strong>missamque,</strong></span> 
     </span>
    </p>
   </div>
   <div class='ocr_carea' id='block_1_56' title="bbox 1805 2806 3385 2874">
    <p class='ocr_par' dir='ltr' id='par_1_56' title="bbox 1805 2806 3385 2874">
     <span class='ocr_line' id='line_1_56' title="bbox 1805 2806 3385 2874; baseline 0 -15"><span class='ocrx_word' id='word_1_357' title='bbox 1805 2819 1870 2859; x_wconf 86' lang='lat' dir='ltr'><strong>ac</strong></span> <span class='ocrx_word' id='word_1_358' title='bbox 1904 2806 2061 2874; x_wconf 87' lang='lat' dir='ltr'><strong>cujus</strong></span> <span class='ocrx_word' id='word_1_359' title='bbox 2093 2820 2259 2861; x_wconf 84' lang='lat' dir='ltr'><strong>causa</strong></span> <span class='ocrx_word' id='word_1_360' title='bbox 2294 2806 2495 2862; x_wconf 83' lang='lat' dir='ltr'><strong>factum</strong></span> <span class='ocrx_word' id='word_1_361' title='bbox 2524 2807 2615 2869; x_wconf 90' lang='lat' dir='ltr'><strong>sit,</strong></span> <span class='ocrx_word' id='word_1_362' title='bbox 2645 2807 2882 2863; x_wconf 86' lang='lat' dir='ltr'><strong>confessi</strong></span> <span class='ocrx_word' id='word_1_363' title='bbox 2915 2806 3167 2871; x_wconf 87' lang='lat' dir='ltr'><strong>fuissent,</strong></span> <span class='ocrx_word' id='word_1_364' title='bbox 3209 2806 3264 2863; x_wconf 89' lang='lat' dir='ltr'><strong>in</strong></span> <span class='ocrx_word' id='word_1_365' title='bbox 3298 2806 3385 2860; x_wconf 91' lang='lat' dir='ltr'><strong>fu-</strong></span> 
     </span>
    </p>
   </div>
   <div class='ocr_carea' id='block_1_57' title="bbox 1804 2901 3379 2965">
    <p class='ocr_par' dir='ltr' id='par_1_57' title="bbox 1804 2901 3379 2965">
     <span class='ocr_line' id='line_1_57' title="bbox 1804 2901 3379 2965; baseline 0.004 -16"><span class='ocrx_word' id='word_1_366' title='bbox 1804 2912 1983 2952; x_wconf 86' lang='lat' dir='ltr'><strong>rorem</strong></span> <span class='ocrx_word' id='word_1_367' title='bbox 2015 2914 2316 2954; x_wconf 80' lang='lat' dir='ltr'><strong>conversus</strong></span> <span class='ocrx_word' id='word_1_368' title='bbox 2349 2901 2724 2956; x_wconf 85' lang='lat' dir='ltr'><strong>exsccrandus</strong></span> <span class='ocrx_word' id='word_1_369' title='bbox 2755 2901 2938 2965; x_wconf 91' lang='lat' dir='ltr'><strong>homo,</strong></span> <span class='ocrx_word' id='word_1_370' title='bbox 2974 2902 3167 2955; x_wconf 86' lang='lat' dir='ltr'><strong>fortem</strong></span> <span class='ocrx_word' id='word_1_371' title='bbox 3227 2901 3379 2956; x_wconf 90' lang='lat' dir='ltr'><strong>illum</strong></span> 
     </span>
    </p>
   </div>
   <div class='ocr_carea' id='block_1_58' title="bbox 1804 2990 3380 3062">
    <p class='ocr_par' dir='ltr' id='par_1_58' title="bbox 1804 2990 3380 3062">
     <span class='ocr_line' id='line_1_58' title="bbox 1804 2990 3380 3062; baseline 0.003 -17"><span class='ocrx_word' id='word_1_372' title='bbox 1804 2990 2063 3046; x_wconf 66' lang='lat' dir='ltr'><strong>Ecclesia:</strong></span> <span class='ocrx_word' id='word_1_373' title='bbox 2087 2993 2455 3055; x_wconf 85' lang='lat' dir='ltr'><strong>adamantem,</strong></span> <span class='ocrx_word' id='word_1_374' title='bbox 2487 3008 2744 3062; x_wconf 80' lang='lat' dir='ltr'><strong>magnum</strong></span> <span class='ocrx_word' id='word_1_375' title='bbox 2782 2993 2836 3048; x_wconf 89' lang='lat' dir='ltr'><strong>in</strong></span> <span class='ocrx_word' id='word_1_376' title='bbox 2868 2994 3062 3062; x_wconf 91' lang='lat' dir='ltr'><strong>primis</strong></span> <span class='ocrx_word' id='word_1_377' title='bbox 3094 2992 3380 3050; x_wconf 87' lang='lat' dir='ltr'><strong>Nicolaum</strong></span> 
     </span>
    </p>
   </div>
   <div class='ocr_carea' id='block_1_59' title="bbox 1803 3084 3381 3154">
    <p class='ocr_par' dir='ltr' id='par_1_59' title="bbox 1803 3084 3381 3154">
     <span class='ocr_line' id='line_1_59' title="bbox 1803 3084 3381 3154; baseline 0.001 -17"><span class='ocrx_word' id='word_1_378' title='bbox 1803 3084 2031 3138; x_wconf 79' lang='lat' dir='ltr'><strong>confesti</strong></span> <span class='ocrx_word' id='word_1_379' title='bbox 2058 3105 2085 3134; x_wconf 83' lang='grc' dir='ltr'><strong>ιι</strong></span> <span class='ocrx_word' id='word_1_380' title='bbox 2122 3085 2314 3139; x_wconf 82' lang='lat' dir='ltr'><strong>nudari</strong></span> <span class='ocrx_word' id='word_1_381' title='bbox 2367 3085 2541 3154; x_wconf 88' lang='lat' dir='ltr'><strong>jubet.</strong></span> <span class='ocrx_word' id='word_1_382' title='bbox 2593 3084 2736 3140; x_wconf 80' lang='lat' dir='ltr'><strong>Viris</strong></span> <span class='ocrx_word' id='word_1_383' title='bbox 2779 3097 2959 3141; x_wconf 86' lang='lat' dir='ltr'><strong>autem</strong></span> <span class='ocrx_word' id='word_1_384' title='bbox 2992 3087 3281 3141; x_wconf 87' lang='lat' dir='ltr'><strong>sublimem</strong></span> <span class='ocrx_word' id='word_1_385' title='bbox 3312 3087 3381 3140; x_wconf 82' lang='lat' dir='ltr'><strong>ali</strong></span> 
     </span>
    </p>
   </div>
   <div class='ocr_carea' id='block_1_60' title="bbox 149 3169 1703 3265">
    <p class='ocr_par' dir='ltr' id='par_1_60' title="bbox 149 3169 1694 3256">
     <span class='ocr_line' id='line_1_60' title="bbox 149 3169 1694 3256; baseline 0.012 -37"><span class='ocrx_word' id='word_1_386' title='bbox 149 3169 311 3221; x_wconf 73' lang='grc' dir='ltr'><strong>τούτου</strong></span> <span class='ocrx_word' id='word_1_387' title='bbox 362 3170 470 3243; x_wconf 82' lang='grc' dir='ltr'><strong>[ῐσ.</strong></span> <span class='ocrx_word' id='word_1_388' title='bbox 503 3172 721 3246; x_wconf 72' lang='grc' dir='ltr'><strong>τοῦτον]</strong></span> <span class='ocrx_word' id='word_1_389' title='bbox 770 3174 891 3230; x_wconf 82' lang='grc' dir='ltr'><strong>κατ’</strong></span> <span class='ocrx_word' id='word_1_390' title='bbox 937 3177 1106 3248; x_wconf 81' lang='grc' dir='ltr'><strong>ἄμφω</strong></span> <span class='ocrx_word' id='word_1_391' title='bbox 1142 3178 1219 3232; x_wconf 87' lang='grc' dir='ltr'><strong>τὼ</strong></span> <span class='ocrx_word' id='word_1_392' title='bbox 1254 3184 1401 3251; x_wconf 82' lang='grc' dir='ltr'><strong>χεῖρε</strong></span> <span class='ocrx_word' id='word_1_393' title='bbox 1437 3186 1694 3256; x_wconf 82' lang='grc' dir='ltr'><strong>ἀπεωρή-</strong></span> 
     </span>
    </p>
   </div>
   <div class='ocr_carea' id='block_1_61' title="bbox 1813 3169 3381 3265">
    <p class='ocr_par' dir='ltr' id='par_1_61' title="bbox 1813 3178 3381 3245">
     <span class='ocr_line' id='line_1_61' title="bbox 1813 3178 3381 3245; baseline 0.002 -16"><span class='ocrx_word' id='word_1_394' title='bbox 1813 3186 2035 3245; x_wconf 75' lang='lat' dir='ltr'><strong>utraque</strong></span> <span class='ocrx_word' id='word_1_395' title='bbox 2069 3192 2232 3229; x_wconf 86' lang='lat' dir='ltr'><strong>manu</strong></span> <span class='ocrx_word' id='word_1_396' title='bbox 2276 3179 2612 3243; x_wconf 83' lang='lat' dir='ltr'><strong>tenentibus,</strong></span> <span class='ocrx_word' id='word_1_397' title='bbox 2658 3179 2748 3233; x_wconf 86' lang='lat' dir='ltr'><strong>alii</strong></span> <span class='ocrx_word' id='word_1_398' title='bbox 2782 3179 2902 3234; x_wconf 85' lang='lat' dir='ltr'><strong>dire</strong></span> <span class='ocrx_word' id='word_1_399' title='bbox 2952 3178 3157 3234; x_wconf 80' lang='lat' dir='ltr'><strong>laureis</strong></span> <span class='ocrx_word' id='word_1_400' title='bbox 3203 3178 3381 3232; x_wconf 63' lang='lat' dir='ltr'><strong>caade-</strong></span> 
     </span>
    </p>
   </div>
   <div class='ocr_carea' id='block_1_62' title="bbox 150 3265 1695 3346">
    <p class='ocr_par' dir='ltr' id='par_1_62' title="bbox 150 3265 1695 3346">
     <span class='ocr_line' id='line_1_62' title="bbox 150 3265 1695 3346; baseline 0.012 -34"><span class='ocrx_word' id='word_1_401' title='bbox 150 3275 334 3326; x_wconf 78' lang='grc' dir='ltr'><strong>σαντες,</strong></span> <span class='ocrx_word' id='word_1_402' title='bbox 377 3265 625 3332; x_wconf 73' lang='grc' dir='ltr'><strong>ἀνηλεῶς</strong></span> <span class='ocrx_word' id='word_1_403' title='bbox 653 3269 767 3329; x_wconf 80' lang='grc' dir='ltr'><strong>τοῖς</strong></span> <span class='ocrx_word' id='word_1_404' title='bbox 799 3268 1112 3341; x_wconf 70' lang='grc' dir='ltr'><strong>βουνεύροις</strong></span> <span class='ocrx_word' id='word_1_405' title='bbox 1163 3272 1459 3344; x_wconf 76' lang='grc' dir='ltr'><strong>κατῄκιζον</strong></span> <span class='ocrx_word' id='word_1_406' title='bbox 1496 3275 1695 3346; x_wconf 74' lang='grc' dir='ltr'><strong>ἕτεροι.</strong></span> 
     </span>
    </p>
   </div>
   <div class='ocr_carea' id='block_1_63' title="bbox 151 3353 1700 3437">
    <p class='ocr_par' dir='ltr' id='par_1_63' title="bbox 151 3353 1700 3437">
     <span class='ocr_line' id='line_1_63' title="bbox 151 3353 1700 3437; baseline 0.021 -34"><span class='ocrx_word' id='word_1_407' title='bbox 151 3353 316 3425; x_wconf 72' lang='grc' dir='ltr'><strong>Ἷιῖῤῥει</strong></span> <span class='ocrx_word' id='word_1_408' title='bbox 341 3357 394 3410; x_wconf 78' lang='grc' dir='ltr'><strong>δὲ</strong></span> <span class='ocrx_word' id='word_1_409' title='bbox 421 3358 560 3427; x_wconf 82' lang='grc' dir='ltr'><strong>πρὸς</strong></span> <span class='ocrx_word' id='word_1_410' title='bbox 593 3359 699 3427; x_wconf 90' lang='grc' dir='ltr'><strong>γῆν</strong></span> <span class='ocrx_word' id='word_1_411' title='bbox 744 3360 806 3414; x_wconf 68' lang='grc' dir='ltr'><strong>τὸ</strong></span> <span class='ocrx_word' id='word_1_412' title='bbox 836 3356 976 3432; x_wconf 71' lang='grc' dir='ltr'><strong>αἷμα</strong></span> <span class='ocrx_word' id='word_1_413' title='bbox 1002 3364 1096 3416; x_wconf 81' lang='grc' dir='ltr'><strong>τοῦ</strong></span> <span class='ocrx_word' id='word_1_414' title='bbox 1149 3367 1443 3435; x_wconf 73' lang='grc' dir='ltr'><strong>μάρτυρος,</strong></span> <span class='ocrx_word' id='word_1_415' title='bbox 1479 3370 1572 3420; x_wconf 64' lang='grc' dir='ltr'>καὶ</span> <span class='ocrx_word' id='word_1_416' title='bbox 1614 3370 1700 3437; x_wconf 70' lang='grc' dir='ltr'><strong>ἐφ’</strong></span> 
     </span>
    </p>
   </div>
   <div class='ocr_carea' id='block_1_64' title="bbox 148 3447 1699 3530">
    <p class='ocr_par' dir='ltr' id='par_1_64' title="bbox 148 3447 1699 3530">
     <span class='ocr_line' id='line_1_64' title="bbox 148 3447 1699 3530; baseline 0.011 -32"><span class='ocrx_word' id='word_1_417' title='bbox 148 3447 312 3513; x_wconf 72' lang='grc' dir='ltr'><strong>ίκανάς</strong></span> <span class='ocrx_word' id='word_1_418' title='bbox 337 3449 431 3513; x_wconf 83' lang='grc' dir='ltr'><strong>τάς</strong></span> <span class='ocrx_word' id='word_1_419' title='bbox 473 3451 633 3523; x_wconf 84' lang='grc' dir='ltr'><strong>ὧρας</strong></span> <span class='ocrx_word' id='word_1_420' title='bbox 662 3454 1001 3523; x_wconf 81' lang='grc' dir='ltr'><strong>τυπτόμενον</strong></span> <span class='ocrx_word' id='word_1_421' title='bbox 1026 3456 1254 3509; x_wconf 83' lang='grc' dir='ltr'><strong>ἄναυδον</strong></span> <span class='ocrx_word' id='word_1_422' title='bbox 1286 3460 1640 3530; x_wconf 75' lang='grc' dir='ltr'><strong>καταθρήσας</strong></span> <span class='ocrx_word' id='word_1_423' title='bbox 1671 3464 1699 3515; x_wconf 84' lang='grc' dir='ltr'>ὁ</span> 
     </span>
    </p>
   </div>
   <div class='ocr_carea' id='block_1_65' title="bbox 147 3542 1699 3624">
    <p class='ocr_par' dir='ltr' id='par_1_65' title="bbox 147 3542 1699 3624">
     <span class='ocr_line' id='line_1_65' title="bbox 147 3542 1699 3624; baseline 0.012 -34"><span class='ocrx_word' id='word_1_424' title='bbox 147 3542 334 3611; x_wconf 78' lang='grc' dir='ltr'><strong>μιαρὸς,</strong></span> <span class='ocrx_word' id='word_1_425' title='bbox 365 3543 730 3615; x_wconf 70' lang='grc' dir='ltr'><strong>ὲκθηριωθεὶς</strong></span> <span class='ocrx_word' id='word_1_426' title='bbox 755 3548 855 3616; x_wconf 77' lang='grc' dir='ltr'><strong>τὴν</strong></span> <span class='ocrx_word' id='word_1_427' title='bbox 874 3546 1053 3617; x_wconf 76' lang='grc' dir='ltr'><strong>ψυχοὴν</strong></span> <span class='ocrx_word' id='word_1_428' title='bbox 1081 3549 1108 3600; x_wconf 85' lang='grc' dir='ltr'>ὁ</span> <span class='ocrx_word' id='word_1_429' title='bbox 1132 3549 1497 3621; x_wconf 81' lang='grc' dir='ltr'><strong>ταλαίπωρος,</strong></span> <span class='ocrx_word' id='word_1_430' title='bbox 1530 3571 1699 3624; x_wconf 76' lang='grc' dir='ltr'><strong>προσ-</strong></span> 
     </span>
    </p>
   </div>
   <div class='ocr_carea' id='block_1_66' title="bbox 142 3631 1696 3713">
    <p class='ocr_par' dir='ltr' id='par_1_66' title="bbox 142 3631 1696 3713">
     <span class='ocr_line' id='line_1_66' title="bbox 142 3631 1696 3713; baseline 0.009 -31"><span class='ocrx_word' id='word_1_431' title='bbox 142 3631 307 3685; x_wconf 73' lang='grc' dir='ltr'><strong>τάσσει</strong></span> <span class='ocrx_word' id='word_1_432' title='bbox 347 3635 554 3703; x_wconf 75' lang='grc' dir='ltr'><strong>γυμνὸν</strong></span> <span class='ocrx_word' id='word_1_433' title='bbox 604 3634 749 3688; x_wconf 73' lang='grc' dir='ltr'><strong>οὕτω</strong></span> <span class='ocrx_word' id='word_1_434' title='bbox 826 3638 919 3689; x_wconf 75' lang='grc' dir='ltr'><strong>καὶ</strong></span> <span class='ocrx_word' id='word_1_435' title='bbox 978 3640 1326 3709; x_wconf 82' lang='grc' dir='ltr'><strong>πεφυρμένον</strong></span> <span class='ocrx_word' id='word_1_436' title='bbox 1358 3641 1436 3710; x_wconf 78' lang='grc' dir='ltr'><strong>τῷ</strong></span> <span class='ocrx_word' id='word_1_437' title='bbox 1484 3643 1696 3713; x_wconf 75' lang='grc' dir='ltr'><strong>αἵματι,</strong></span> 
     </span>
    </p>
   </div>
   <div class='ocr_carea' id='block_1_67' title="bbox 142 3725 1693 3800">
    <p class='ocr_par' dir='ltr' id='par_1_67' title="bbox 142 3725 1693 3800">
     <span class='ocr_line' id='line_1_67' title="bbox 142 3725 1693 3800; baseline 0.009 -24"><span class='ocrx_word' id='word_1_438' title='bbox 142 3725 325 3796; x_wconf 78' lang='grc' dir='ltr'><strong>αίθριον</strong></span> <span class='ocrx_word' id='word_1_439' title='bbox 378 3726 517 3797; x_wconf 75' lang='grc' dir='ltr'><strong>πρὸς</strong></span> <span class='ocrx_word' id='word_1_440' title='bbox 575 3728 657 3797; x_wconf 77' lang='grc' dir='ltr'><strong>τῷ</strong></span> <span class='ocrx_word' id='word_1_441' title='bbox 697 3728 857 3799; x_wconf 82' lang='grc' dir='ltr'><strong>κρύει</strong></span> <span class='ocrx_word' id='word_1_442' title='bbox 910 3731 1255 3800; x_wconf 72' lang='grc' dir='ltr'><strong>παρεαῦέντα</strong></span> <span class='ocrx_word' id='word_1_443' title='bbox 1317 3731 1693 3798; x_wconf 72' lang='grc' dir='ltr'><strong>τεθνήξεσθαι.</strong></span> 
     </span>
    </p>
   </div>
   <div class='ocr_carea' id='block_1_68' title="bbox 139 3813 1699 3894">
    <p class='ocr_par' dir='ltr' id='par_1_68' title="bbox 139 3813 1699 3894">
     <span class='ocr_line' id='line_1_68' title="bbox 139 3813 1699 3894; baseline 0.008 -26"><span class='ocrx_word' id='word_1_444' title='bbox 139 3813 232 3869; x_wconf 76' lang='grc' dir='ltr'><strong>Ἠν</strong></span> <span class='ocrx_word' id='word_1_445' title='bbox 252 3820 354 3889; x_wconf 71' lang='grc' dir='ltr'><strong>γὰρ</strong></span> <span class='ocrx_word' id='word_1_446' title='bbox 382 3821 671 3890; x_wconf 78' lang='grc' dir='ltr'><strong>χειμέριος</strong></span> <span class='ocrx_word' id='word_1_447' title='bbox 694 3823 721 3873; x_wconf 87' lang='grc' dir='ltr'>ὁ</span> <span class='ocrx_word' id='word_1_448' title='bbox 743 3823 1102 3891; x_wconf 67' lang='grc' dir='ltr'><strong>καιρὸς-κατὰ</strong></span> <span class='ocrx_word' id='word_1_449' title='bbox 1129 3824 1322 3894; x_wconf 86' lang='grc' dir='ltr'><strong>τρίτην</strong></span> <span class='ocrx_word' id='word_1_450' title='bbox 1353 3825 1444 3879; x_wconf 76' lang='grc' dir='ltr'><strong>τοῦ</strong></span> <span class='ocrx_word' id='word_1_451' title='bbox 1468 3828 1699 3881; x_wconf 77' lang='grc' dir='ltr'><strong>ὲνεστῶ-</strong></span> 
     </span>
    </p>
   </div>
   <div class='ocr_carea' id='block_1_69' title="bbox 139 3913 1411 3983">
    <p class='ocr_par' dir='ltr' id='par_1_69' title="bbox 139 3913 1411 3983">
     <span class='ocr_line' id='line_1_69' title="bbox 139 3913 1411 3983; baseline 0.007 -21"><span class='ocrx_word' id='word_1_452' title='bbox 139 3926 213 3973; x_wconf 87' lang='grc' dir='ltr'><strong>τος</strong></span> <span class='ocrx_word' id='word_1_453' title='bbox 238 3913 418 3983; x_wconf 80' lang='grc' dir='ltr'><strong>μηνὸς,</strong></span> <span class='ocrx_word' id='word_1_454' title='bbox 447 3914 537 3967; x_wconf 77' lang='grc' dir='ltr'><strong>ὅτε</strong></span> <span class='ocrx_word' id='word_1_455' title='bbox 562 3915 679 3977; x_wconf 86' lang='grc' dir='ltr'><strong>τοῖς</strong></span> <span class='ocrx_word' id='word_1_456' title='bbox 711 3915 888 3981; x_wconf 84' lang='grc' dir='ltr'><strong>ἁγίοις</strong></span> <span class='ocrx_word' id='word_1_457' title='bbox 917 3914 1073 3968; x_wconf 76' lang='grc' dir='ltr'><strong>τοῦτο</strong></span> <span class='ocrx_word' id='word_1_458' title='bbox 1107 3918 1411 3972; x_wconf 82' lang='grc' dir='ltr'><strong>συνέϐαινε.</strong></span> 
     </span>
    </p>
   </div>
   <div class='ocr_carea' id='block_1_70' title="bbox 198 4005 1697 4082">
    <p class='ocr_par' dir='ltr' id='par_1_70' title="bbox 198 4005 1697 4082">
     <span class='ocr_line' id='line_1_70' title="bbox 198 4005 1697 4082; baseline 0.006 -26"><span class='ocrx_word' id='word_1_459' title='bbox 198 4005 295 4057; x_wconf 73' lang='grc' dir='ltr'><strong>Καὶ</strong></span> <span class='ocrx_word' id='word_1_460' title='bbox 346 4005 552 4069; x_wconf 70' lang='grc' dir='ltr'><strong>εὐθέως</strong></span> <span class='ocrx_word' id='word_1_461' title='bbox 613 4006 897 4073; x_wconf 76' lang='grc' dir='ltr'><strong>σφαδάζων</strong></span> <span class='ocrx_word' id='word_1_462' title='bbox 926 4007 1005 4079; x_wconf 80' lang='grc' dir='ltr'><strong>τῷ</strong></span> <span class='ocrx_word' id='word_1_463' title='bbox 1055 4008 1232 4079; x_wconf 79' lang='grc' dir='ltr'><strong>θυμῷ,</strong></span> <span class='ocrx_word' id='word_1_464' title='bbox 1291 4011 1426 4079; x_wconf 77' lang='grc' dir='ltr'><strong>πρὸς</strong></span> <span class='ocrx_word' id='word_1_465' title='bbox 1474 4013 1565 4064; x_wconf 68' lang='grc' dir='ltr'><strong>τὸν</strong></span> <span class='ocrx_word' id='word_1_466' title='bbox 1599 4012 1697 4082; x_wconf 87' lang='grc' dir='ltr'><strong>τῆς</strong></span> 
     </span>
    </p>
   </div>
   <div class='ocr_carea' id='block_1_71' title="bbox 140 4093 1698 4171">
    <p class='ocr_par' dir='ltr' id='par_1_71' title="bbox 140 4093 1698 4171">
     <span class='ocr_line' id='line_1_71' title="bbox 140 4093 1698 4171; baseline 0.007 -28"><span class='ocrx_word' id='word_1_467' title='bbox 140 4093 392 4159; x_wconf 71' lang='grc' dir='ltr'><strong>εὐσεϐείας</strong></span> <span class='ocrx_word' id='word_1_468' title='bbox 436 4095 636 4149; x_wconf 80' lang='grc' dir='ltr'><strong>στύλον</strong></span> <span class='ocrx_word' id='word_1_469' title='bbox 666 4096 941 4167; x_wconf 79' lang='grc' dir='ltr'><strong>Θεόδωρον</strong></span> <span class='ocrx_word' id='word_1_470' title='bbox 978 4096 1189 4167; x_wconf 83' lang='grc' dir='ltr'><strong>μέτεισι</strong></span> <span class='ocrx_word' id='word_1_471' title='bbox 1219 4115 1231 4128; x_wconf 86' lang='grc'><strong>·</strong></span> <span class='ocrx_word' id='word_1_472' title='bbox 1261 4100 1514 4153; x_wconf 81' lang='grc' dir='ltr'><strong>κάκεῖνον</strong></span> <span class='ocrx_word' id='word_1_473' title='bbox 1542 4100 1698 4171; x_wconf 90' lang='grc' dir='ltr'><strong>διαρ-</strong></span> 
     </span>
    </p>
   </div>
   <div class='ocr_carea' id='block_1_72' title="bbox 138 4184 1698 4262">
    <p class='ocr_par' dir='ltr' id='par_1_72' title="bbox 138 4184 1698 4262">
     <span class='ocr_line' id='line_1_72' title="bbox 138 4184 1698 4262; baseline 0.004 -24"><span class='ocrx_word' id='word_1_474' title='bbox 138 4184 232 4247; x_wconf 82' lang='grc' dir='ltr'><strong>κῶς</strong></span> <span class='ocrx_word' id='word_1_475' title='bbox 275 4188 586 4255; x_wconf 80' lang='grc' dir='ltr'><strong>καταξάνας</strong></span> <span class='ocrx_word' id='word_1_476' title='bbox 640 4190 762 4251; x_wconf 89' lang='grc' dir='ltr'><strong>ταῖς</strong></span> <span class='ocrx_word' id='word_1_477' title='bbox 817 4188 1060 4259; x_wconf 74' lang='grc' dir='ltr'><strong>μάστιξι,</strong></span> <span class='ocrx_word' id='word_1_478' title='bbox 1112 4189 1563 4262; x_wconf 75' lang='grc' dir='ltr'><strong>ἀνθυποττρέψας</strong></span> <span class='ocrx_word' id='word_1_479' title='bbox 1617 4193 1698 4255; x_wconf 86' lang='grc' dir='ltr'><strong>είς</strong></span> 
     </span>
    </p>
   </div>
   <div class='ocr_carea' id='block_1_73' title="bbox 139 4271 1698 4350">
    <p class='ocr_par' dir='ltr' id='par_1_73' title="bbox 139 4271 1698 4350">
     <span class='ocr_line' id='line_1_73' title="bbox 139 4271 1698 4350; baseline 0.006 -23"><span class='ocrx_word' id='word_1_480' title='bbox 139 4271 269 4338; x_wconf 75' lang='grc' dir='ltr'><strong>αὖθις</strong></span> <span class='ocrx_word' id='word_1_481' title='bbox 320 4280 454 4349; x_wconf 81' lang='grc' dir='ltr'><strong>πρὸς</strong></span> <span class='ocrx_word' id='word_1_482' title='bbox 486 4280 583 4333; x_wconf 85' lang='grc' dir='ltr'><strong>τὸν</strong></span> <span class='ocrx_word' id='word_1_483' title='bbox 644 4281 819 4350; x_wconf 81' lang='grc' dir='ltr'><strong>μέγαν</strong></span> <span class='ocrx_word' id='word_1_484' title='bbox 867 4282 1157 4341; x_wconf 76' lang='grc' dir='ltr'><strong>Νικόλαον,</strong></span> <span class='ocrx_word' id='word_1_485' title='bbox 1214 4281 1354 4335; x_wconf 71' lang='grc' dir='ltr'><strong>ἔπεα</strong></span> <span class='ocrx_word' id='word_1_486' title='bbox 1402 4282 1448 4335; x_wconf 73' lang='grc' dir='ltr'><strong>δ’</strong></span> <span class='ocrx_word' id='word_1_487' title='bbox 1501 4283 1698 4349; x_wconf 78' lang='grc' dir='ltr'><strong>ἐπίσης</strong></span> 
     </span>
    </p>
   </div>
   <div class='ocr_carea' id='block_1_74' title="bbox 136 4369 1695 4443">
    <p class='ocr_par' dir='ltr' id='par_1_74' title="bbox 136 4369 1695 4443">
     <span class='ocr_line' id='line_1_74' title="bbox 136 4369 1695 4443; baseline 0.006 -26"><span class='ocrx_word' id='word_1_488' title='bbox 136 4369 390 4436; x_wconf 77' lang='grc' dir='ltr'><strong>νιφάδεσσι</strong></span> <span class='ocrx_word' id='word_1_489' title='bbox 421 4373 731 4443; x_wconf 84' lang='grc' dir='ltr'><strong>χειμερίοις</strong></span> <span class='ocrx_word' id='word_1_490' title='bbox 757 4374 876 4435; x_wconf 84' lang='grc' dir='ltr'><strong>ταῖς</strong></span> <span class='ocrx_word' id='word_1_491' title='bbox 905 4373 1014 4426; x_wconf 86' lang='grc' dir='ltr'><strong>τῶν</strong></span> <span class='ocrx_word' id='word_1_492' title='bbox 1041 4373 1217 4440; x_wconf 84' lang='grc' dir='ltr'><strong>λόγων</strong></span> <span class='ocrx_word' id='word_1_493' title='bbox 1252 4373 1436 4427; x_wconf 79' lang='grc' dir='ltr'><strong>ἀκτῖσι</strong></span> <span class='ocrx_word' id='word_1_494' title='bbox 1466 4373 1695 4443; x_wconf 74' lang='grc' dir='ltr'><strong>βάλλων,</strong></span> 
     </span>
    </p>
   </div>
   <div class='ocr_carea' id='block_1_75' title="bbox 137 4459 1693 4536">
    <p class='ocr_par' dir='ltr' id='par_1_75' title="bbox 137 4459 1693 4536">
     <span class='ocr_line' id='line_1_75' title="bbox 137 4459 1693 4536; baseline 0.005 -23"><span class='ocrx_word' id='word_1_495' title='bbox 137 4459 217 4528; x_wconf 85' lang='grc' dir='ltr'><strong>τῆς</strong></span> <span class='ocrx_word' id='word_1_496' title='bbox 252 4464 523 4533; x_wconf 85' lang='grc' dir='ltr'><strong>πατρικῆς</strong></span> <span class='ocrx_word' id='word_1_497' title='bbox 577 4464 816 4533; x_wconf 86' lang='grc' dir='ltr'><strong>στοργῆς</strong></span> <span class='ocrx_word' id='word_1_498' title='bbox 869 4464 1272 4535; x_wconf 74' lang='grc' dir='ltr'><strong>ἀποστρακίσαι</strong></span> <span class='ocrx_word' id='word_1_499' title='bbox 1328 4464 1693 4536; x_wconf 86' lang='grc' dir='ltr'><strong>πειρώμενος.</strong></span> 
     </span>
    </p>
   </div>
   <div class='ocr_carea' id='block_1_76' title="bbox 145 4546 1600 4627">
    <p class='ocr_par' dir='ltr' id='par_1_76' title="bbox 145 4546 1600 4627">
     <span class='ocr_line' id='line_1_76' title="bbox 145 4546 1600 4627; baseline 0.008 -27"><span class='ocrx_word' id='word_1_500' title='bbox 145 4546 195 4600; x_wconf 83' lang='grc'><strong>’0</strong></span> <span class='ocrx_word' id='word_1_501' title='bbox 218 4548 268 4603; x_wconf 82' lang='grc' dir='ltr'><strong>δὲ</strong></span> <span class='ocrx_word' id='word_1_502' title='bbox 295 4551 463 4621; x_wconf 73' lang='grc' dir='ltr'><strong>ἔφεπε</strong></span> <span class='ocrx_word' id='word_1_503' title='bbox 492 4552 729 4607; x_wconf 77' lang='grc' dir='ltr'><strong>κλονέων</strong></span> <span class='ocrx_word' id='word_1_504' title='bbox 760 4554 850 4607; x_wconf 82' lang='grc' dir='ltr'><strong>τὸν</strong></span> <span class='ocrx_word' id='word_1_505' title='bbox 880 4554 1155 4625; x_wconf 79' lang='grc' dir='ltr'><strong>ἀλιτήριον</strong></span> <span class='ocrx_word' id='word_1_506' title='bbox 1186 4555 1600 4627; x_wconf 84' lang='grc' dir='ltr'><strong>ἀπωθούμενος.</strong></span> 
     </span>
    </p>
   </div>
   <div class='ocr_carea' id='block_1_77' title="bbox 203 4738 1695 4811">
    <p class='ocr_par' dir='ltr' id='par_1_77' title="bbox 203 4738 1695 4811">
     <span class='ocr_line' id='line_1_77' title="bbox 203 4738 1695 4811; baseline 0.003 -21"><span class='ocrx_word' id='word_1_507' title='bbox 203 4738 335 4791; x_wconf 82' lang='grc' dir='ltr'><strong>Ἀλλ’</strong></span> <span class='ocrx_word' id='word_1_508' title='bbox 366 4742 394 4791; x_wconf 83' lang='grc' dir='ltr'><strong>ὁ</strong></span> <span class='ocrx_word' id='word_1_509' title='bbox 439 4739 542 4808; x_wconf 77' lang='grc' dir='ltr'><strong>μὲν</strong></span> <span class='ocrx_word' id='word_1_510' title='bbox 593 4738 670 4802; x_wconf 85' lang='grc' dir='ltr'><strong>ὡς</strong></span> <span class='ocrx_word' id='word_1_511' title='bbox 700 4740 866 4802; x_wconf 68' lang='grc' dir='ltr'><strong>ἀσπὶς</strong></span> <span class='ocrx_word' id='word_1_512' title='bbox 912 4738 1005 4793; x_wconf 81' lang='grc' dir='ltr'><strong>τοῦ</strong></span> <span class='ocrx_word' id='word_1_513' title='bbox 1043 4739 1218 4810; x_wconf 80' lang='grc' dir='ltr'><strong>Θυμού</strong></span> <span class='ocrx_word' id='word_1_514' title='bbox 1250 4742 1342 4793; x_wconf 82' lang='grc' dir='ltr'><strong>τὸν</strong></span> <span class='ocrx_word' id='word_1_515' title='bbox 1382 4741 1460 4795; x_wconf 77' lang='grc' dir='ltr'><strong>ἰὸν</strong></span> <span class='ocrx_word' id='word_1_516' title='bbox 1494 4741 1695 4811; x_wconf 74' lang='grc' dir='ltr'><strong>τεθηγ-</strong></span> 
     </span>
    </p>
   </div>
   <div class='ocr_carea' id='block_1_78' title="bbox 141 4823 1696 4897">
    <p class='ocr_par' dir='ltr' id='par_1_78' title="bbox 141 4823 1696 4897">
     <span class='ocr_line' id='line_1_78' title="bbox 141 4823 1696 4897; baseline 0.007 -23"><span class='ocrx_word' id='word_1_517' title='bbox 141 4823 279 4891; x_wconf 80' lang='grc' dir='ltr'><strong>μένον</strong></span> <span class='ocrx_word' id='word_1_518' title='bbox 326 4826 511 4897; x_wconf 82' lang='grc' dir='ltr'><strong>φέρων</strong></span> <span class='ocrx_word' id='word_1_519' title='bbox 542 4829 656 4890; x_wconf 81' lang='grc' dir='ltr'><strong>τοῖς</strong></span> <span class='ocrx_word' id='word_1_520' title='bbox 689 4827 914 4897; x_wconf 84' lang='grc' dir='ltr'><strong>χείλεσι,</strong></span> <span class='ocrx_word' id='word_1_521' title='bbox 942 4828 1155 4882; x_wconf 83' lang='grc' dir='ltr'><strong>κελεύει</strong></span> <span class='ocrx_word' id='word_1_522' title='bbox 1185 4829 1375 4884; x_wconf 79' lang='grc' dir='ltr'><strong>τούτου</strong></span> <span class='ocrx_word' id='word_1_523' title='bbox 1419 4832 1514 4886; x_wconf 76' lang='grc' dir='ltr'><strong>καὶ</strong></span> <span class='ocrx_word' id='word_1_524' title='bbox 1540 4833 1610 4887; x_wconf 85' lang='grc' dir='ltr'><strong>τά</strong></span> <span class='ocrx_word' id='word_1_525' title='bbox 1637 4850 1696 4885; x_wconf 93' lang='grc' dir='ltr'><strong>τε</strong></span> 
     </span>
    </p>
   </div>
   <div class='ocr_carea' id='block_1_79' title="bbox 137 4915 1697 4994">
    <p class='ocr_par' dir='ltr' id='par_1_79' title="bbox 137 4915 1697 4994">
     <span class='ocr_line' id='line_1_79' title="bbox 137 4915 1697 4994; baseline 0.007 -28"><span class='ocrx_word' id='word_1_526' title='bbox 137 4915 229 4967; x_wconf 84' lang='grc' dir='ltr'><strong>τῶν</strong></span> <span class='ocrx_word' id='word_1_527' title='bbox 280 4918 611 4989; x_wconf 78' lang='grc' dir='ltr'><strong>βραχιόνων.</strong></span> <span class='ocrx_word' id='word_1_528' title='bbox 663 4920 758 4972; x_wconf 73' lang='grc' dir='ltr'><strong>καὶ</strong></span> <span class='ocrx_word' id='word_1_529' title='bbox 804 4920 912 4973; x_wconf 83' lang='grc' dir='ltr'><strong>τῶν</strong></span> <span class='ocrx_word' id='word_1_530' title='bbox 962 4920 1179 4974; x_wconf 84' lang='grc' dir='ltr'><strong>ὠλενῶν</strong></span> <span class='ocrx_word' id='word_1_531' title='bbox 1224 4926 1344 4986; x_wconf 72' lang='grc' dir='ltr'><strong>ταῖς</strong></span> <span class='ocrx_word' id='word_1_532' title='bbox 1379 4922 1697 4994; x_wconf 76' lang='grc' dir='ltr'><strong>λεγομέναις</strong></span> 
     </span>
    </p>
   </div>
   <div class='ocr_carea' id='block_1_80' title="bbox 137 5007 1699 5088">
    <p class='ocr_par' dir='ltr' id='par_1_80' title="bbox 137 5007 1699 5088">
     <span class='ocr_line' id='line_1_80' title="bbox 137 5007 1699 5088; baseline 0.008 -28"><span class='ocrx_word' id='word_1_533' title='bbox 137 5007 304 5075; x_wconf 76' lang='grc' dir='ltr'><strong>ρέκαις</strong></span> <span class='ocrx_word' id='word_1_534' title='bbox 334 5010 445 5081; x_wconf 83' lang='lat' dir='ltr'><strong>(l8)</strong></span> <span class='ocrx_word' id='word_1_535' title='bbox 481 5008 644 5075; x_wconf 78' lang='grc' dir='ltr'><strong>αὖθις</strong></span> <span class='ocrx_word' id='word_1_536' title='bbox 675 5011 1053 5082; x_wconf 78' lang='grc' dir='ltr'><strong>μαστίζεσθαι.</strong></span> <span class='ocrx_word' id='word_1_537' title='bbox 1101 5015 1260 5068; x_wconf 80' lang='grc' dir='ltr'><strong>Ἀλλὰ</strong></span> <span class='ocrx_word' id='word_1_538' title='bbox 1301 5017 1408 5088; x_wconf 80' lang='grc' dir='ltr'><strong>μὴν</strong></span> <span class='ocrx_word' id='word_1_539' title='bbox 1460 5020 1556 5070; x_wconf 64' lang='grc' dir='ltr'><strong>καὶ</strong></span> <span class='ocrx_word' id='word_1_540' title='bbox 1600 5017 1699 5072; x_wconf 87' lang='grc' dir='ltr'><strong>κά-</strong></span> 
     </span>
    </p>
   </div>
   <div class='ocr_carea' id='block_1_81' title="bbox 1803 3270 3377 3343">
    <p class='ocr_par' dir='ltr' id='par_1_81' title="bbox 1803 3270 3377 3343">
     <span class='ocr_line' id='line_1_81' title="bbox 1803 3270 3377 3343; baseline -0.001 -18"><span class='ocrx_word' id='word_1_541' title='bbox 1803 3272 1953 3325; x_wconf 84' lang='lat' dir='ltr'><strong>haut.</strong></span> <span class='ocrx_word' id='word_1_542' title='bbox 1985 3270 2153 3325; x_wconf 87' lang='lat' dir='ltr'><strong>Porro</strong></span> <span class='ocrx_word' id='word_1_543' title='bbox 2176 3270 2447 3325; x_wconf 82' lang='lat' dir='ltr'><strong>defluebat</strong></span> <span class='ocrx_word' id='word_1_544' title='bbox 2484 3271 2537 3325; x_wconf 91' lang='lat' dir='ltr'><strong>in</strong></span> <span class='ocrx_word' id='word_1_545' title='bbox 2571 3279 2770 3326; x_wconf 82' lang='lat' dir='ltr'><strong>terram</strong></span> <span class='ocrx_word' id='word_1_546' title='bbox 2806 3272 3028 3343; x_wconf 81' lang='lat' dir='ltr'><strong>sanguis</strong></span> <span class='ocrx_word' id='word_1_547' title='bbox 3074 3271 3332 3339; x_wconf 80' lang='lat' dir='ltr'><strong>martyris</strong></span> <span class='ocrx_word' id='word_1_548' title='bbox 3362 3284 3377 3324; x_wconf 89' lang='lat'><strong>:</strong></span> 
     </span>
    </p>
   </div>
   <div class='ocr_carea' id='block_1_82' title="bbox 1800 3360 3375 3431">
    <p class='ocr_par' dir='ltr' id='par_1_82' title="bbox 1800 3360 3375 3431">
     <span class='ocr_line' id='line_1_82' title="bbox 1800 3360 3375 3431; baseline -0.002 -17"><span class='ocrx_word' id='word_1_549' title='bbox 1800 3361 2100 3429; x_wconf 75' lang='lat' dir='ltr'><strong>vidensque</strong></span> <span class='ocrx_word' id='word_1_550' title='bbox 2135 3360 2397 3415; x_wconf 86' lang='lat' dir='ltr'><strong>scelestus</strong></span> <span class='ocrx_word' id='word_1_551' title='bbox 2429 3360 2495 3413; x_wconf 83' lang='lat' dir='ltr'><strong>ad</strong></span> <span class='ocrx_word' id='word_1_552' title='bbox 2529 3360 2751 3429; x_wconf 85' lang='lat' dir='ltr'><strong>longum</strong></span> <span class='ocrx_word' id='word_1_553' title='bbox 2785 3361 2920 3414; x_wconf 91' lang='lat' dir='ltr'><strong>salis</strong></span> <span class='ocrx_word' id='word_1_554' title='bbox 2949 3369 3166 3431; x_wconf 73' lang='lat' dir='ltr'><strong>tempus</strong></span> <span class='ocrx_word' id='word_1_555' title='bbox 3200 3374 3375 3427; x_wconf 81' lang='lat' dir='ltr'><strong>vapu-</strong></span> 
     </span>
    </p>
   </div>
   <div class='ocr_carea' id='block_1_83' title="bbox 1801 3450 3376 3520">
    <p class='ocr_par' dir='ltr' id='par_1_83' title="bbox 1801 3450 3376 3520">
     <span class='ocr_line' id='line_1_83' title="bbox 1801 3450 3376 3520; baseline 0.002 -16"><span class='ocrx_word' id='word_1_556' title='bbox 1801 3452 1999 3505; x_wconf 87' lang='lat' dir='ltr'><strong>lantem</strong></span> <span class='ocrx_word' id='word_1_557' title='bbox 2035 3453 2153 3505; x_wconf 87' lang='lat' dir='ltr'><strong>sine</strong></span> <span class='ocrx_word' id='word_1_558' title='bbox 2185 3466 2336 3513; x_wconf 68' lang='lat' dir='ltr'><strong>Voce,</strong></span> <span class='ocrx_word' id='word_1_559' title='bbox 2381 3451 2564 3505; x_wconf 82' lang='lat' dir='ltr'><strong>animo</strong></span> <span class='ocrx_word' id='word_1_560' title='bbox 2608 3461 2968 3520; x_wconf 72' lang='lat' dir='ltr'><strong>exasiieratus</strong></span> <span class='ocrx_word' id='word_1_561' title='bbox 3016 3450 3376 3507; x_wconf 85' lang='lat' dir='ltr'><strong>miserabilis.</strong></span> 
     </span>
    </p>
   </div>
   <div class='ocr_carea' id='block_1_84' title="bbox 1797 3542 3381 3612">
    <p class='ocr_par' dir='ltr' id='par_1_84' title="bbox 1797 3542 3381 3612">
     <span class='ocr_line' id='line_1_84' title="bbox 1797 3542 3381 3612; baseline 0.002 -17"><span class='ocrx_word' id='word_1_562' title='bbox 1797 3544 1952 3612; x_wconf 76' lang='lat' dir='ltr'><strong>jubet</strong></span> <span class='ocrx_word' id='word_1_563' title='bbox 1983 3543 2062 3598; x_wconf 87' lang='lat' dir='ltr'><strong>sic</strong></span> <span class='ocrx_word' id='word_1_564' title='bbox 2098 3547 2301 3598; x_wconf 86' lang='lat' dir='ltr'><strong>nudum</strong></span> <span class='ocrx_word' id='word_1_565' title='bbox 2346 3559 2410 3598; x_wconf 85' lang='lat' dir='ltr'><strong>ac</strong></span> <span class='ocrx_word' id='word_1_566' title='bbox 2445 3544 2713 3610; x_wconf 74' lang='lat' dir='ltr'><strong>sanguine</strong></span> <span class='ocrx_word' id='word_1_567' title='bbox 2770 3543 3230 3598; x_wconf 87' lang='lat' dir='ltr'><strong>commaculatum</strong></span> <span class='ocrx_word' id='word_1_568' title='bbox 3274 3542 3381 3598; x_wconf 87' lang='lat' dir='ltr'><strong>sub</strong></span> 
     </span>
    </p>
   </div>
   <div class='ocr_carea' id='block_1_85' title="bbox 1801 3635 3377 3706">
    <p class='ocr_par' dir='ltr' id='par_1_85' title="bbox 1801 3635 3377 3706">
     <span class='ocr_line' id='line_1_85' title="bbox 1801 3635 3377 3706; baseline 0.001 -17"><span class='ocrx_word' id='word_1_569' title='bbox 1801 3637 1889 3690; x_wconf 83' lang='lat' dir='ltr'><strong>dio</strong></span> <span class='ocrx_word' id='word_1_570' title='bbox 1918 3636 2119 3705; x_wconf 75' lang='lat' dir='ltr'><strong>frigore</strong></span> <span class='ocrx_word' id='word_1_571' title='bbox 2144 3637 2449 3690; x_wconf 87' lang='lat' dir='ltr'><strong>necandum</strong></span> <span class='ocrx_word' id='word_1_572' title='bbox 2484 3636 2738 3706; x_wconf 88' lang='lat' dir='ltr'><strong>relinqui.</strong></span> <span class='ocrx_word' id='word_1_573' title='bbox 2777 3635 2908 3691; x_wconf 85' lang='lat' dir='ltr'><strong>Erat</strong></span> <span class='ocrx_word' id='word_1_574' title='bbox 2937 3636 3210 3706; x_wconf 82' lang='lat' dir='ltr'><strong>siquidem</strong></span> <span class='ocrx_word' id='word_1_575' title='bbox 3244 3644 3377 3691; x_wconf 87' lang='lat' dir='ltr'><strong>tunc</strong></span> 
     </span>
    </p>
   </div>
   <div class='ocr_carea' id='block_1_86' title="bbox 1803 3725 3373 3798">
    <p class='ocr_par' dir='ltr' id='par_1_86' title="bbox 1803 3725 3373 3798">
     <span class='ocr_line' id='line_1_86' title="bbox 1803 3725 3373 3798; baseline 0.001 -18"><span class='ocrx_word' id='word_1_576' title='bbox 1803 3727 2103 3798; x_wconf 83' lang='lat' dir='ltr'><strong>liybernum</strong></span> <span class='ocrx_word' id='word_1_577' title='bbox 2147 3738 2382 3798; x_wconf 82' lang='lat' dir='ltr'><strong>tempus,</strong></span> <span class='ocrx_word' id='word_1_578' title='bbox 2432 3729 2586 3783; x_wconf 86' lang='lat' dir='ltr'><strong>tertia</strong></span> <span class='ocrx_word' id='word_1_579' title='bbox 2623 3729 2883 3783; x_wconf 89' lang='lat' dir='ltr'><strong>nimirum</strong></span> <span class='ocrx_word' id='word_1_580' title='bbox 2936 3729 3222 3798; x_wconf 76' lang='lat' dir='ltr'><strong>przeseiitis</strong></span> <span class='ocrx_word' id='word_1_581' title='bbox 3268 3725 3373 3781; x_wconf 84' lang='lat' dir='ltr'><strong>Fe-</strong></span> 
     </span>
    </p>
   </div>
   <div class='ocr_carea' id='block_1_87' title="bbox 1800 3821 3022 3888">
    <p class='ocr_par' dir='ltr' id='par_1_87' title="bbox 1800 3821 3022 3888">
     <span class='ocr_line' id='line_1_87' title="bbox 1800 3821 3022 3888; baseline 0.001 -14"><span class='ocrx_word' id='word_1_582' title='bbox 1800 3821 2004 3876; x_wconf 82' lang='lat' dir='ltr'><strong>bruarii</strong></span> <span class='ocrx_word' id='word_1_583' title='bbox 2034 3823 2259 3888; x_wconf 83' lang='lat' dir='ltr'><strong>mensis,</strong></span> <span class='ocrx_word' id='word_1_584' title='bbox 2292 3837 2411 3876; x_wconf 80' lang='lat' dir='ltr'><strong>eum</strong></span> <span class='ocrx_word' id='word_1_585' title='bbox 2442 3822 2545 3877; x_wconf 87' lang='lat' dir='ltr'><strong>hoc</strong></span> <span class='ocrx_word' id='word_1_586' title='bbox 2573 3822 2768 3876; x_wconf 84' lang='lat' dir='ltr'><strong>accidit</strong></span> <span class='ocrx_word' id='word_1_587' title='bbox 2797 3822 3022 3878; x_wconf 84' lang='lat' dir='ltr'><strong>sanctis.</strong></span> 
     </span>
    </p>
   </div>
   <div class='ocr_carea' id='block_1_88' title="bbox 1872 4002 3376 4070">
    <p class='ocr_par' dir='ltr' id='par_1_88' title="bbox 1872 4002 3376 4070">
     <span class='ocr_line' id='line_1_88' title="bbox 1872 4002 3376 4070; baseline 0.001 -13"><span class='ocrx_word' id='word_1_588' title='bbox 1872 4002 1992 4058; x_wconf 80' lang='lat' dir='ltr'><strong>Mox</strong></span> <span class='ocrx_word' id='word_1_589' title='bbox 2026 4018 2178 4069; x_wconf 82' lang='lat' dir='ltr'><strong>vero,</strong></span> <span class='ocrx_word' id='word_1_590' title='bbox 2212 4004 2291 4057; x_wconf 83' lang='lat' dir='ltr'><strong>ira</strong></span> <span class='ocrx_word' id='word_1_591' title='bbox 2323 4003 2531 4070; x_wconf 90' lang='lat' dir='ltr'><strong>furens,</strong></span> <span class='ocrx_word' id='word_1_592' title='bbox 2560 4003 2817 4060; x_wconf 70' lang='lat' dir='ltr'><strong>Ecclesiae</strong></span> <span class='ocrx_word' id='word_1_593' title='bbox 2849 4004 3159 4059; x_wconf 86' lang='lat' dir='ltr'><strong>columnam</strong></span> <span class='ocrx_word' id='word_1_594' title='bbox 3194 4004 3376 4060; x_wconf 84' lang='lat' dir='ltr'><strong>Theo-</strong></span> 
     </span>
    </p>
   </div>
   <div class='ocr_carea' id='block_1_89' title="bbox 1799 4094 3373 4165">
    <p class='ocr_par' dir='ltr' id='par_1_89' title="bbox 1799 4094 3373 4165">
     <span class='ocr_line' id='line_1_89' title="bbox 1799 4094 3373 4165; baseline 0.003 -18"><span class='ocrx_word' id='word_1_595' title='bbox 1799 4094 1994 4148; x_wconf 87' lang='lat' dir='ltr'><strong>dorum</strong></span> <span class='ocrx_word' id='word_1_596' title='bbox 2021 4095 2161 4159; x_wconf 86' lang='lat' dir='ltr'><strong>adit,</strong></span> <span class='ocrx_word' id='word_1_597' title='bbox 2187 4110 2422 4165; x_wconf 87' lang='lat' dir='ltr'><strong>eumque</strong></span> <span class='ocrx_word' id='word_1_598' title='bbox 2446 4110 2665 4150; x_wconf 84' lang='lat' dir='ltr'><strong>rursum</strong></span> <span class='ocrx_word' id='word_1_599' title='bbox 2701 4094 2883 4150; x_wconf 90' lang='lat' dir='ltr'><strong>multis</strong></span> <span class='ocrx_word' id='word_1_600' title='bbox 2916 4096 3235 4152; x_wconf 85' lang='lat' dir='ltr'><strong>verberibus</strong></span> <span class='ocrx_word' id='word_1_601' title='bbox 3266 4111 3373 4151; x_wconf 70' lang='lat' dir='ltr'><strong>caa-</strong></span> 
     </span>
    </p>
   </div>
   <div class='ocr_carea' id='block_1_90' title="bbox 1800 4185 3373 4257">
    <p class='ocr_par' dir='ltr' id='par_1_90' title="bbox 1800 4185 3373 4257">
     <span class='ocr_line' id='line_1_90' title="bbox 1800 4185 3373 4257; baseline -0.001 -15"><span class='ocrx_word' id='word_1_602' title='bbox 1800 4188 1959 4250; x_wconf 81' lang='lat' dir='ltr'><strong>deiis,</strong></span> <span class='ocrx_word' id='word_1_603' title='bbox 1992 4187 2131 4243; x_wconf 85' lang='lat' dir='ltr'><strong>redit</strong></span> <span class='ocrx_word' id='word_1_604' title='bbox 2167 4187 2408 4242; x_wconf 87' lang='lat' dir='ltr'><strong>vicissim</strong></span> <span class='ocrx_word' id='word_1_605' title='bbox 2450 4186 2516 4241; x_wconf 87' lang='lat' dir='ltr'><strong>ad</strong></span> <span class='ocrx_word' id='word_1_606' title='bbox 2545 4201 2801 4257; x_wconf 81' lang='lat' dir='ltr'><strong>magnum</strong></span> <span class='ocrx_word' id='word_1_607' title='bbox 2830 4185 3140 4249; x_wconf 81' lang='lat' dir='ltr'><strong>Nicolaum,</strong></span> <span class='ocrx_word' id='word_1_608' title='bbox 3172 4187 3373 4241; x_wconf 81' lang='lat' dir='ltr'><strong>multa-</strong></span> 
     </span>
    </p>
   </div>
   <div class='ocr_carea' id='block_1_91' title="bbox 1800 4275 3379 4347">
    <p class='ocr_par' dir='ltr' id='par_1_91' title="bbox 1800 4275 3379 4347">
     <span class='ocr_line' id='line_1_91' title="bbox 1800 4275 3379 4347; baseline 0.003 -18"><span class='ocrx_word' id='word_1_609' title='bbox 1800 4292 1929 4347; x_wconf 89' lang='lat' dir='ltr'><strong>que,</strong></span> <span class='ocrx_word' id='word_1_610' title='bbox 1962 4278 2135 4332; x_wconf 90' lang='lat' dir='ltr'><strong>instar</strong></span> <span class='ocrx_word' id='word_1_611' title='bbox 2163 4276 2475 4330; x_wconf 81' lang='lat' dir='ltr'><strong>hiemalium</strong></span> <span class='ocrx_word' id='word_1_612' title='bbox 2504 4275 2834 4340; x_wconf 88' lang='lat' dir='ltr'><strong>nimborum,</strong></span> <span class='ocrx_word' id='word_1_613' title='bbox 2854 4277 3379 4346; x_wconf 87' lang='lat' dir='ltr'><strong>sermonumjaculis</strong></span> 
     </span>
    </p>
   </div>
   <div class='ocr_carea' id='block_1_92' title="bbox 1800 4367 3379 4438">
    <p class='ocr_par' dir='ltr' id='par_1_92' title="bbox 1800 4367 3379 4438">
     <span class='ocr_line' id='line_1_92' title="bbox 1800 4367 3379 4438; baseline 0.001 -15"><span class='ocrx_word' id='word_1_614' title='bbox 1800 4370 2021 4423; x_wconf 78' lang='lat' dir='ltr'><strong>mittens</strong></span> <span class='ocrx_word' id='word_1_615' title='bbox 2055 4368 2321 4431; x_wconf 85' lang='lat' dir='ltr'><strong>carmina,</strong></span> <span class='ocrx_word' id='word_1_616' title='bbox 2354 4367 2655 4421; x_wconf 80' lang='lat' dir='ltr'><strong>conabatur</strong></span> <span class='ocrx_word' id='word_1_617' title='bbox 2678 4368 2994 4421; x_wconf 77' lang='lat' dir='ltr'><strong>abStrnhcre</strong></span> <span class='ocrx_word' id='word_1_618' title='bbox 3039 4384 3070 4422; x_wconf 90' lang='lat' dir='ltr'><strong>a</strong></span> <span class='ocrx_word' id='word_1_619' title='bbox 3104 4368 3379 4438; x_wconf 86' lang='lat' dir='ltr'><strong>pietalein</strong></span> 
     </span>
    </p>
   </div>
   <div class='ocr_carea' id='block_1_93' title="bbox 1799 4458 3377 4531">
    <p class='ocr_par' dir='ltr' id='par_1_93' title="bbox 1799 4458 3377 4531">
     <span class='ocr_line' id='line_1_93' title="bbox 1799 4458 3377 4531; baseline 0.001 -16"><span class='ocrx_word' id='word_1_620' title='bbox 1799 4460 2039 4517; x_wconf 81' lang='lat' dir='ltr'><strong>Patrem.</strong></span> <span class='ocrx_word' id='word_1_621' title='bbox 2079 4460 2126 4515; x_wconf 88' lang='lat' dir='ltr'><strong>ls</strong></span> <span class='ocrx_word' id='word_1_622' title='bbox 2160 4473 2339 4514; x_wconf 72' lang='lat' dir='ltr'><strong>autem</strong></span> <span class='ocrx_word' id='word_1_623' title='bbox 2371 4475 2495 4513; x_wconf 87' lang='lat' dir='ltr'><strong>eum</strong></span> <span class='ocrx_word' id='word_1_624' title='bbox 2527 4460 2827 4515; x_wconf 79' lang='lat' dir='ltr'><strong>observans</strong></span> <span class='ocrx_word' id='word_1_625' title='bbox 2890 4458 3212 4530; x_wconf 82' lang='lat' dir='ltr'><strong>fovensque,</strong></span> <span class='ocrx_word' id='word_1_626' title='bbox 3249 4477 3377 4531; x_wconf 86' lang='lat' dir='ltr'><strong>pes-</strong></span> 
     </span>
    </p>
   </div>
   <div class='ocr_carea' id='block_1_94' title="bbox 1721 4549 3380 4623">
    <p class='ocr_par' dir='ltr' id='par_1_94' title="bbox 1721 4549 3380 4623">
     <span class='ocr_line' id='line_1_94' title="bbox 1721 4549 3380 4623; baseline -0.002 -13"><span class='ocrx_word' id='word_1_627' title='bbox 1721 4559 1775 4619; x_wconf 90' lang='lat' dir='ltr'><strong>D</strong></span> <span class='ocrx_word' id='word_1_628' title='bbox 1802 4555 2002 4610; x_wconf 90' lang='lat' dir='ltr'><strong>simum</strong></span> <span class='ocrx_word' id='word_1_629' title='bbox 2033 4554 2310 4609; x_wconf 87' lang='lat' dir='ltr'><strong>hominem</strong></span> <span class='ocrx_word' id='word_1_630' title='bbox 2338 4552 2406 4609; x_wconf 77' lang='lat' dir='ltr'><strong>ab</strong></span> <span class='ocrx_word' id='word_1_631' title='bbox 2438 4549 2616 4607; x_wconf 85' lang='lat' dir='ltr'><strong>olIicio</strong></span> <span class='ocrx_word' id='word_1_632' title='bbox 2652 4562 2949 4617; x_wconf 87' lang='lat' dir='ltr'><strong>vetantem,</strong></span> <span class='ocrx_word' id='word_1_633' title='bbox 2990 4552 3044 4606; x_wconf 92' lang='lat' dir='ltr'><strong>in</strong></span> <span class='ocrx_word' id='word_1_634' title='bbox 3086 4566 3145 4608; x_wconf 85' lang='lat' dir='ltr'><strong>se</strong></span> <span class='ocrx_word' id='word_1_635' title='bbox 3178 4567 3380 4623; x_wconf 79' lang='lat' dir='ltr'><strong>provo-</strong></span> 
     </span>
    </p>
   </div>
   <div class='ocr_carea' id='block_1_95' title="bbox 1802 4648 1979 4703">
    <p class='ocr_par' dir='ltr' id='par_1_95' title="bbox 1802 4648 1979 4703">
     <span class='ocr_line' id='line_1_95' title="bbox 1802 4648 1979 4703; baseline -0.017 0"><span class='ocrx_word' id='word_1_636' title='bbox 1802 4648 1979 4703; x_wconf 81' lang='lat' dir='ltr'><strong>cabat.</strong></span> 
     </span>
    </p>
   </div>
   <div class='ocr_carea' id='block_1_96' title="bbox 1874 4736 3382 4823">
    <p class='ocr_par' dir='ltr' id='par_1_96' title="bbox 1874 4736 3382 4823">
     <span class='ocr_line' id='line_1_96' title="bbox 1874 4736 3382 4823; baseline 0.001 -33"><span class='ocrx_word' id='word_1_637' title='bbox 1874 4736 2184 4804; x_wconf 88' lang='lat' dir='ltr'><strong>Enimvero,</strong></span> <span class='ocrx_word' id='word_1_638' title='bbox 2225 4738 2311 4793; x_wconf 88' lang='lat' dir='ltr'><strong>ille</strong></span> <span class='ocrx_word' id='word_1_639' title='bbox 2344 4737 2589 4808; x_wconf 87' lang='lat' dir='ltr'><strong>quidem,</strong></span> <span class='ocrx_word' id='word_1_640' title='bbox 2628 4736 2802 4792; x_wconf 85' lang='lat' dir='ltr'><strong>instar</strong></span> <span class='ocrx_word' id='word_1_641' title='bbox 2836 4737 3063 4823; x_wconf 68' lang='lat' dir='ltr'><strong>aspidis,</strong></span> <span class='ocrx_word' id='word_1_642' title='bbox 3100 4737 3196 4793; x_wconf 74' lang='lat' dir='ltr'><strong>ira:</strong></span> <span class='ocrx_word' id='word_1_643' title='bbox 3241 4751 3382 4807; x_wconf 82' lang='lat' dir='ltr'><strong>prae-</strong></span> 
     </span>
    </p>
   </div>
   <div class='ocr_carea' id='block_1_97' title="bbox 1802 4827 3382 4899">
    <p class='ocr_par' dir='ltr' id='par_1_97' title="bbox 1802 4827 3382 4899">
     <span class='ocr_line' id='line_1_97' title="bbox 1802 4827 3382 4899; baseline -0.001 -16"><span class='ocrx_word' id='word_1_644' title='bbox 1802 4844 1928 4883; x_wconf 88' lang='lat' dir='ltr'><strong>sens</strong></span> <span class='ocrx_word' id='word_1_645' title='bbox 1960 4844 2227 4883; x_wconf 84' lang='lat' dir='ltr'><strong>venenum</strong></span> <span class='ocrx_word' id='word_1_646' title='bbox 2260 4828 2418 4884; x_wconf 89' lang='lat' dir='ltr'><strong>labiis</strong></span> <span class='ocrx_word' id='word_1_647' title='bbox 2475 4830 2778 4899; x_wconf 86' lang='lat' dir='ltr'><strong>repositum</strong></span> <span class='ocrx_word' id='word_1_648' title='bbox 2833 4829 3036 4895; x_wconf 87' lang='lat' dir='ltr'><strong>ferens,</strong></span> <span class='ocrx_word' id='word_1_649' title='bbox 3072 4828 3229 4898; x_wconf 89' lang='lat' dir='ltr'><strong>jubet</strong></span> <span class='ocrx_word' id='word_1_650' title='bbox 3260 4827 3382 4899; x_wconf 89' lang='lat' dir='ltr'><strong>ejus</strong></span> 
     </span>
    </p>
   </div>
   <div class='ocr_carea' id='block_1_98' title="bbox 1803 4922 3380 4994">
    <p class='ocr_par' dir='ltr' id='par_1_98' title="bbox 1803 4922 3380 4994">
     <span class='ocr_line' id='line_1_98' title="bbox 1803 4922 3380 4994; baseline -0.001 -18"><span class='ocrx_word' id='word_1_651' title='bbox 1803 4939 1927 4977; x_wconf 86' lang='lat' dir='ltr'><strong>cum</strong></span> <span class='ocrx_word' id='word_1_652' title='bbox 1966 4922 2189 4977; x_wconf 86' lang='lat' dir='ltr'><strong>brachia</strong></span> <span class='ocrx_word' id='word_1_653' title='bbox 2222 4933 2333 4977; x_wconf 87' lang='lat' dir='ltr'><strong>lum</strong></span> <span class='ocrx_word' id='word_1_654' title='bbox 2370 4923 2529 4976; x_wconf 88' lang='lat' dir='ltr'><strong>ulnas</strong></span> <span class='ocrx_word' id='word_1_655' title='bbox 2559 4923 2757 4977; x_wconf 89' lang='lat' dir='ltr'><strong>iterum</strong></span> <span class='ocrx_word' id='word_1_656' title='bbox 2782 4922 3011 4994; x_wconf 85' lang='lat' dir='ltr'><strong>ﬂagellis</strong></span> <span class='ocrx_word' id='word_1_657' title='bbox 3036 4938 3158 4991; x_wconf 65' lang='lat' dir='ltr'><strong>quae</strong></span> <span class='ocrx_word' id='word_1_658' title='bbox 3184 4922 3380 4977; x_wconf 82' lang='lat' dir='ltr'><strong>rhecas</strong></span> 
     </span>
    </p>
   </div>
   <div class='ocr_carea' id='block_1_99' title="bbox 1802 5015 3382 5086">
    <p class='ocr_par' dir='ltr' id='par_1_99' title="bbox 1802 5015 3382 5086">
     <span class='ocr_line' id='line_1_99' title="bbox 1802 5015 3382 5086; baseline -0.001 -17"><span class='ocrx_word' id='word_1_659' title='bbox 1802 5016 2014 5079; x_wconf 82' lang='lat' dir='ltr'><strong>dicunt,</strong></span> <span class='ocrx_word' id='word_1_660' title='bbox 2058 5016 2212 5083; x_wconf 72' lang='lat' dir='ltr'><strong>credi,</strong></span> <span class='ocrx_word' id='word_1_661' title='bbox 2271 5015 2365 5072; x_wconf 89' lang='lat' dir='ltr'><strong>sed</strong></span> <span class='ocrx_word' id='word_1_662' title='bbox 2400 5025 2453 5070; x_wconf 89' lang='lat' dir='ltr'><strong>et</strong></span> <span class='ocrx_word' id='word_1_663' title='bbox 2482 5016 2551 5071; x_wconf 89' lang='lat' dir='ltr'><strong>ab</strong></span> <span class='ocrx_word' id='word_1_664' title='bbox 2578 5028 2812 5086; x_wconf 81' lang='lat' dir='ltr'><strong>uti-aque</strong></span> <span class='ocrx_word' id='word_1_665' title='bbox 2852 5030 3018 5070; x_wconf 84' lang='lat' dir='ltr'><strong>manu</strong></span> <span class='ocrx_word' id='word_1_666' title='bbox 3060 5015 3382 5070; x_wconf 81' lang='lat' dir='ltr'><strong>carnivorus</strong></span> 
     </span>
    </p>
   </div>
   <div class='ocr_carea' id='block_1_100' title="bbox 1282 5192 2209 5250">
    <p class='ocr_par' dir='ltr' id='par_1_100' title="bbox 1282 5192 2209 5250">
     <span class='ocr_line' id='line_1_100' title="bbox 1282 5192 2209 5250; baseline -0.001 -3"><span class='ocrx_word' id='word_1_667' title='bbox 1282 5192 1529 5250; x_wconf 75' lang='lat' dir='ltr'><strong>FRANC.</strong></span> <span class='ocrx_word' id='word_1_668' title='bbox 1562 5192 1953 5248; x_wconf 61' lang='lat' dir='ltr'><strong>COSIBEFISII</strong></span> <span class='ocrx_word' id='word_1_669' title='bbox 1976 5192 2209 5248; x_wconf 72' lang='grc' dir='ltr'><strong>ΝΟΤᾸΞ.</strong></span> 
     </span>
    </p>
   </div>
   <div class='ocr_carea' id='block_1_101' title="bbox 194 5334 1687 5405">
    <p class='ocr_par' dir='ltr' id='par_1_101' title="bbox 194 5334 1687 5405">
     <span class='ocr_line' id='line_1_101' title="bbox 194 5334 1687 5405; baseline 0.003 -19"><span class='ocrx_word' id='word_1_670' title='bbox 194 5335 299 5399; x_wconf 83' lang='grc' dir='ltr'><strong>(Π)</strong></span> <span class='ocrx_word' id='word_1_671' title='bbox 355 5334 638 5389; x_wconf 78' lang='lat' dir='ltr'><strong>Snlmotat</strong></span> <span class='ocrx_word' id='word_1_672' title='bbox 686 5335 811 5390; x_wconf 87' lang='lat' dir='ltr'><strong>illos</strong></span> <span class='ocrx_word' id='word_1_673' title='bbox 863 5335 1183 5405; x_wconf 68' lang='lat' dir='ltr'><strong>praepositos</strong></span> <span class='ocrx_word' id='word_1_674' title='bbox 1212 5349 1278 5390; x_wconf 83' lang='lat' dir='ltr'><strong>eo</strong></span> <span class='ocrx_word' id='word_1_675' title='bbox 1324 5335 1540 5389; x_wconf 85' lang='lat' dir='ltr'><strong>tandem</strong></span> <span class='ocrx_word' id='word_1_676' title='bbox 1587 5337 1687 5391; x_wconf 84' lang='lat' dir='ltr'><strong>ab-</strong></span> 
     </span>
    </p>
   </div>
   <div class='ocr_carea' id='block_1_102' title="bbox 136 5402 1689 5475">
    <p class='ocr_par' dir='ltr' id='par_1_102' title="bbox 136 5402 1689 5475">
     <span class='ocr_line' id='line_1_102' title="bbox 136 5402 1689 5475; baseline 0.004 -21"><span class='ocrx_word' id='word_1_677' title='bbox 136 5402 310 5458; x_wconf 85' lang='lat' dir='ltr'><strong>ductos</strong></span> <span class='ocrx_word' id='word_1_678' title='bbox 341 5423 369 5459; x_wconf 88' lang='lat' dir='ltr'><strong>a</strong></span> <span class='ocrx_word' id='word_1_679' title='bbox 404 5406 616 5470; x_wconf 86' lang='lat' dir='ltr'><strong>Leone,</strong></span> <span class='ocrx_word' id='word_1_680' title='bbox 666 5417 724 5461; x_wconf 89' lang='lat' dir='ltr'><strong>ut</strong></span> <span class='ocrx_word' id='word_1_681' title='bbox 757 5407 911 5461; x_wconf 84' lang='lat' dir='ltr'><strong>fidem</strong></span> <span class='ocrx_word' id='word_1_682' title='bbox 948 5402 1049 5475; x_wconf 78' lang='lat' dir='ltr'><strong>ipsi</strong></span> <span class='ocrx_word' id='word_1_683' title='bbox 1088 5406 1404 5471; x_wconf 89' lang='lat' dir='ltr'><strong>retinerent,</strong></span> <span class='ocrx_word' id='word_1_684' title='bbox 1448 5405 1542 5460; x_wconf 87' lang='lat' dir='ltr'><strong>sed</strong></span> <span class='ocrx_word' id='word_1_685' title='bbox 1578 5422 1689 5460; x_wconf 90' lang='lat' dir='ltr'><strong>non</strong></span> 
     </span>
    </p>
   </div>
   <div class='ocr_carea' id='block_1_103' title="bbox 136 5476 1690 5547">
    <p class='ocr_par' dir='ltr' id='par_1_103' title="bbox 136 5476 1690 5547">
     <span class='ocr_line' id='line_1_103' title="bbox 136 5476 1690 5547; baseline 0.001 -18"><span class='ocrx_word' id='word_1_686' title='bbox 136 5476 502 5547; x_wconf 66' lang='lat' dir='ltr'><strong>praedicarent,</strong></span> <span class='ocrx_word' id='word_1_687' title='bbox 549 5486 645 5531; x_wconf 85' lang='lat' dir='ltr'><strong>aut</strong></span> <span class='ocrx_word' id='word_1_688' title='bbox 677 5478 796 5545; x_wconf 89' lang='lat' dir='ltr'><strong>ejus</strong></span> <span class='ocrx_word' id='word_1_689' title='bbox 824 5493 1050 5547; x_wconf 82' lang='lat' dir='ltr'><strong>pravum</strong></span> <span class='ocrx_word' id='word_1_690' title='bbox 1084 5476 1281 5546; x_wconf 81' lang='lat' dir='ltr'><strong>dogma</strong></span> <span class='ocrx_word' id='word_1_691' title='bbox 1312 5486 1690 5545; x_wconf 76' lang='lat' dir='ltr'><strong>conrguerent,</strong></span> 
     </span>
    </p>
   </div>
   <div class='ocr_carea' id='block_1_104' title="bbox 136 5544 1691 5611">
    <p class='ocr_par' dir='ltr' id='par_1_104' title="bbox 136 5544 1691 5611">
     <span class='ocr_line' id='line_1_104' title="bbox 136 5544 1691 5611; baseline 0.004 -15"><span class='ocrx_word' id='word_1_692' title='bbox 136 5544 194 5598; x_wconf 79' lang='lat' dir='ltr'><strong>de</strong></span> <span class='ocrx_word' id='word_1_693' title='bbox 220 5548 413 5611; x_wconf 82' lang='lat' dir='ltr'><strong>quibus</strong></span> <span class='ocrx_word' id='word_1_694' title='bbox 452 5548 643 5601; x_wconf 88' lang='lat' dir='ltr'><strong>multis</strong></span> <span class='ocrx_word' id='word_1_695' title='bbox 684 5544 883 5605; x_wconf 83' lang='lat' dir='ltr'><strong>Baroii.</strong></span> <span class='ocrx_word' id='word_1_696' title='bbox 916 5564 981 5601; x_wconf 77' lang='lat' dir='ltr'><strong>ex</strong></span> <span class='ocrx_word' id='word_1_697' title='bbox 1029 5544 1290 5600; x_wconf 56' lang='lat' dir='ltr'><strong>Micli&#39;aele</strong></span> <span class='ocrx_word' id='word_1_698' title='bbox 1322 5557 1376 5600; x_wconf 79' lang='lat' dir='ltr'><strong>et</strong></span> <span class='ocrx_word' id='word_1_699' title='bbox 1407 5547 1527 5601; x_wconf 87' lang='lat' dir='ltr'><strong>aliis</strong></span> <span class='ocrx_word' id='word_1_700' title='bbox 1559 5544 1691 5602; x_wconf 84' lang='lat' dir='ltr'><strong>ann.</strong></span> 
     </span>
    </p>
   </div>
   <div class='ocr_carea' id='block_1_105' title="bbox 137 5614 1695 5688">
    <p class='ocr_par' dir='ltr' id='par_1_105' title="bbox 137 5614 1695 5688">
     <span class='ocr_line' id='line_1_105' title="bbox 137 5614 1695 5688; baseline 0.003 -21"><span class='ocrx_word' id='word_1_701' title='bbox 137 5614 247 5682; x_wconf 75' lang='lat' dir='ltr'><strong>8M,</strong></span> <span class='ocrx_word' id='word_1_702' title='bbox 277 5618 479 5688; x_wconf 83' lang='lat' dir='ltr'><strong>quibus</strong></span> <span class='ocrx_word' id='word_1_703' title='bbox 508 5634 711 5686; x_wconf 79' lang='lat' dir='ltr'><strong>magno</strong></span> <span class='ocrx_word' id='word_1_704' title='bbox 741 5634 953 5688; x_wconf 88' lang='lat' dir='ltr'><strong>semper</strong></span> <span class='ocrx_word' id='word_1_705' title='bbox 993 5618 1177 5671; x_wconf 80' lang='lat' dir='ltr'><strong>animo</strong></span> <span class='ocrx_word' id='word_1_706' title='bbox 1211 5617 1409 5671; x_wconf 89' lang='lat' dir='ltr'><strong>restitit</strong></span> <span class='ocrx_word' id='word_1_707' title='bbox 1439 5616 1695 5672; x_wconf 86' lang='lat' dir='ltr'><strong>Theodo-</strong></span> 
     </span>
    </p>
   </div>
   <div class='ocr_carea' id='block_1_106' title="bbox 139 5688 1694 5755">
    <p class='ocr_par' dir='ltr' id='par_1_106' title="bbox 139 5688 1694 5755">
     <span class='ocr_line' id='line_1_106' title="bbox 139 5688 1694 5755; baseline 0.004 -19"><span class='ocrx_word' id='word_1_708' title='bbox 139 5700 242 5749; x_wconf 85' lang='lat' dir='ltr'><strong>rus,</strong></span> <span class='ocrx_word' id='word_1_709' title='bbox 284 5703 477 5742; x_wconf 86' lang='lat' dir='ltr'><strong>omnes</strong></span> <span class='ocrx_word' id='word_1_710' title='bbox 521 5688 703 5743; x_wconf 89' lang='lat' dir='ltr'><strong>modis</strong></span> <span class='ocrx_word' id='word_1_711' title='bbox 736 5689 994 5742; x_wconf 86' lang='lat' dir='ltr'><strong>omnibus</strong></span> <span class='ocrx_word' id='word_1_712' title='bbox 1029 5702 1334 5755; x_wconf 77' lang='lat' dir='ltr'><strong>provocans</strong></span> <span class='ocrx_word' id='word_1_713' title='bbox 1368 5689 1433 5742; x_wconf 89' lang='lat' dir='ltr'><strong>ad</strong></span> <span class='ocrx_word' id='word_1_714' title='bbox 1468 5688 1694 5744; x_wconf 83' lang='lat' dir='ltr'><strong>liberam</strong></span> 
     </span>
    </p>
   </div>
   <div class='ocr_carea' id='block_1_107' title="bbox 143 5757 1692 5828">
    <p class='ocr_par' dir='ltr' id='par_1_107' title="bbox 143 5757 1692 5828">
     <span class='ocr_line' id='line_1_107' title="bbox 143 5757 1692 5828; baseline 0.005 -22"><span class='ocrx_word' id='word_1_715' title='bbox 143 5757 713 5828; x_wconf 15' lang='lat' dir='ltr'><strong>lideiiconfessionem,</strong></span> <span class='ocrx_word' id='word_1_716' title='bbox 742 5774 805 5814; x_wconf 89' lang='lat' dir='ltr'><strong>ac</strong></span> <span class='ocrx_word' id='word_1_717' title='bbox 834 5758 1082 5814; x_wconf 78' lang='lat' dir='ltr'><strong>haeresim</strong></span> <span class='ocrx_word' id='word_1_718' title='bbox 1117 5757 1289 5827; x_wconf 86' lang='lat' dir='ltr'><strong>palam</strong></span> <span class='ocrx_word' id='word_1_719' title='bbox 1337 5758 1692 5828; x_wconf 87' lang='lat' dir='ltr'><strong>arguendam.</strong></span> 
     </span>
    </p>
   </div>
   <div class='ocr_carea' id='block_1_108' title="bbox 200 5827 1698 5901">
    <p class='ocr_par' dir='ltr' id='par_1_108' title="bbox 200 5827 1698 5901">
     <span class='ocr_line' id='line_1_108' title="bbox 200 5827 1698 5901; baseline 0.001 -20"><span class='ocrx_word' id='word_1_720' title='bbox 200 5827 304 5898; x_wconf 87' lang='lat' dir='ltr'><strong>(l8)</strong></span> <span class='ocrx_word' id='word_1_721' title='bbox 335 5829 510 5884; x_wconf 82' lang='lat' dir='ltr'><strong>Antea</strong></span> <span class='ocrx_word' id='word_1_722' title='bbox 549 5829 883 5901; x_wconf 81' lang='grc' dir='ltr'><strong>βουνεύροις,</strong></span> <span class='ocrx_word' id='word_1_723' title='bbox 923 5846 1017 5884; x_wconf 90' lang='lat' dir='ltr'><strong>seu</strong></span> <span class='ocrx_word' id='word_1_724' title='bbox 1049 5832 1205 5884; x_wconf 82' lang='lat' dir='ltr'><strong>nexis</strong></span> <span class='ocrx_word' id='word_1_725' title='bbox 1232 5827 1450 5886; x_wconf 90' lang='lat' dir='ltr'><strong>bubulis</strong></span> <span class='ocrx_word' id='word_1_726' title='bbox 1481 5844 1546 5885; x_wconf 83' lang='lat' dir='ltr'><strong>ac</strong></span> <span class='ocrx_word' id='word_1_727' title='bbox 1576 5838 1698 5885; x_wconf 84' lang='lat' dir='ltr'><strong>tau-</strong></span> 
     </span>
    </p>
   </div>
   <div class='ocr_carea' id='block_1_109' title="bbox 1798 5330 3370 5391">
    <p class='ocr_par' dir='ltr' id='par_1_109' title="bbox 1798 5330 3370 5391">
     <span class='ocr_line' id='line_1_109' title="bbox 1798 5330 3370 5391; baseline -0.006 -2"><span class='ocrx_word' id='word_1_728' title='bbox 1798 5338 1908 5391; x_wconf 87' lang='lat' dir='ltr'><strong>reis</strong></span> <span class='ocrx_word' id='word_1_729' title='bbox 1960 5336 2126 5390; x_wconf 55' lang='lat' dir='ltr'><strong>senael</strong></span> <span class='ocrx_word' id='word_1_730' title='bbox 2174 5344 2229 5387; x_wconf 82' lang='lat' dir='ltr'><strong>el.</strong></span> <span class='ocrx_word' id='word_1_731' title='bbox 2279 5330 2476 5387; x_wconf 77' lang='lat' dir='ltr'><strong>iterum</strong></span> <span class='ocrx_word' id='word_1_732' title='bbox 2517 5349 2690 5388; x_wconf 81' lang='lat' dir='ltr'><strong>caesos</strong></span> <span class='ocrx_word' id='word_1_733' title='bbox 2718 5334 2894 5388; x_wconf 74' lang='lat' dir='ltr'><strong>dixit:</strong></span> <span class='ocrx_word' id='word_1_734' title='bbox 2933 5334 3019 5389; x_wconf 87' lang='lat' dir='ltr'><strong>hic</strong></span> <span class='ocrx_word' id='word_1_735' title='bbox 3054 5342 3235 5388; x_wconf 86' lang='lat' dir='ltr'><strong>autem</strong></span> <span class='ocrx_word' id='word_1_736' title='bbox 3261 5342 3370 5383; x_wconf 89' lang='lat' dir='ltr'><strong>no-</strong></span> 
     </span>
    </p>
   </div>
   <div class='ocr_carea' id='block_1_110' title="bbox 1797 5403 3377 5477">
    <p class='ocr_par' dir='ltr' id='par_1_110' title="bbox 1797 5403 3377 5477">
     <span class='ocr_line' id='line_1_110' title="bbox 1797 5403 3377 5477; baseline -0.008 -16"><span class='ocrx_word' id='word_1_737' title='bbox 1797 5423 1925 5461; x_wconf 81' lang='lat' dir='ltr'><strong>vum</strong></span> <span class='ocrx_word' id='word_1_738' title='bbox 1972 5420 2145 5477; x_wconf 88' lang='lat' dir='ltr'><strong>genus</strong></span> <span class='ocrx_word' id='word_1_739' title='bbox 2194 5404 2388 5474; x_wconf 81' lang='lat' dir='ltr'><strong>ﬂagelli</strong></span> <span class='ocrx_word' id='word_1_740' title='bbox 2432 5406 2657 5477; x_wconf 84' lang='lat' dir='ltr'><strong>indicat.</strong></span> <span class='ocrx_word' id='word_1_741' title='bbox 2695 5404 2854 5477; x_wconf 77' lang='lat' dir='ltr'><strong>Velit</strong></span> <span class='ocrx_word' id='word_1_742' title='bbox 2894 5403 3053 5477; x_wconf 79' lang='lat' dir='ltr'><strong>forte</strong></span> <span class='ocrx_word' id='word_1_743' title='bbox 3087 5405 3377 5477; x_wconf 39' lang='lat' dir='ltr'><strong>virgasuex</strong></span> 
     </span>
    </p>
   </div>
   <div class='ocr_carea' id='block_1_111' title="bbox 1798 5472 3377 5534">
    <p class='ocr_par' dir='ltr' id='par_1_111' title="bbox 1798 5472 3377 5534">
     <span class='ocr_line' id='line_1_111' title="bbox 1798 5472 3377 5534; baseline -0.003 -3"><span class='ocrx_word' id='word_1_744' title='bbox 1798 5472 2290 5534; x_wconf 58' lang='lat' dir='ltr'><strong>ramis&#39;arborum;</strong></span> <span class='ocrx_word' id='word_1_745' title='bbox 2314 5476 2700 5530; x_wconf 87' lang='lat' dir='ltr'><strong>accommodas</strong></span> <span class='ocrx_word' id='word_1_746' title='bbox 2755 5475 2891 5529; x_wconf 88' lang='lat' dir='ltr'><strong>satis</strong></span> <span class='ocrx_word' id='word_1_747' title='bbox 2946 5472 3220 5528; x_wconf 63' lang='lat' dir='ltr'><strong>caedendis</strong></span> <span class='ocrx_word' id='word_1_748' title='bbox 3270 5472 3377 5526; x_wconf 82' lang='lat' dir='ltr'><strong>illis</strong></span> 
     </span>
    </p>
   </div>
   <div class='ocr_carea' id='block_1_112' title="bbox 1801 5541 3375 5616">
    <p class='ocr_par' dir='ltr' id='par_1_112' title="bbox 1801 5541 3375 5616">
     <span class='ocr_line' id='line_1_112' title="bbox 1801 5541 3375 5616; baseline -0.003 -17"><span class='ocrx_word' id='word_1_749' title='bbox 1801 5549 2079 5616; x_wconf 81' lang='lat' dir='ltr'><strong>partibus;</strong></span> <span class='ocrx_word' id='word_1_750' title='bbox 2126 5545 2396 5616; x_wconf 75' lang='lat' dir='ltr'><strong>siquidem</strong></span> <span class='ocrx_word' id='word_1_751' title='bbox 2455 5545 2675 5616; x_wconf 81' lang='grc' dir='ltr'><strong>ρακίδες</strong></span> <span class='ocrx_word' id='word_1_752' title='bbox 2730 5555 2857 5599; x_wconf 79' lang='lat' dir='ltr'><strong>stitit</strong></span> <span class='ocrx_word' id='word_1_753' title='bbox 2916 5546 3074 5607; x_wconf 76' lang='lat' dir='ltr'><strong>rami,</strong></span> <span class='ocrx_word' id='word_1_754' title='bbox 3133 5541 3375 5611; x_wconf 76' lang='lat' dir='ltr'><strong>frutices,</strong></span> 
     </span>
    </p>
   </div>
   <div class='ocr_carea' id='block_1_113' title="bbox 1797 5614 3369 5688">
    <p class='ocr_par' dir='ltr' id='par_1_113' title="bbox 1797 5614 3369 5688">
     <span class='ocr_line' id='line_1_113' title="bbox 1797 5614 3369 5688; baseline -0.002 -16"><span class='ocrx_word' id='word_1_755' title='bbox 1797 5614 2108 5688; x_wconf 77' lang='grc' dir='ltr'><strong>ὀρόδαμνοι.</strong></span> <span class='ocrx_word' id='word_1_756' title='bbox 2160 5614 2232 5671; x_wconf 90' lang='lat' dir='ltr'><strong>Ut</strong></span> <span class='ocrx_word' id='word_1_757' title='bbox 2265 5614 2699 5688; x_wconf 50' lang='lat' dir='ltr'><strong>auteniﬁllinem</strong></span> <span class='ocrx_word' id='word_1_758' title='bbox 2738 5619 2980 5688; x_wconf 79' lang='lat' dir='ltr'><strong>velimus</strong></span> <span class='ocrx_word' id='word_1_759' title='bbox 2999 5629 3121 5688; x_wconf 81' lang='lat' dir='ltr'><strong>eain</strong></span> <span class='ocrx_word' id='word_1_760' title='bbox 3156 5629 3369 5688; x_wconf 58' lang='lat' dir='ltr'><strong>vocem,</strong></span> 
     </span>
    </p>
   </div>
   <div class='ocr_carea' id='block_1_114' title="bbox 1798 5682 3367 5759">
    <p class='ocr_par' dir='ltr' id='par_1_114' title="bbox 1798 5682 3367 5759">
     <span class='ocr_line' id='line_1_114' title="bbox 1798 5682 3367 5759; baseline -0.006 -15"><span class='ocrx_word' id='word_1_761' title='bbox 1798 5682 1923 5744; x_wconf 78' lang='lat' dir='ltr'><strong>voci</strong></span> <span class='ocrx_word' id='word_1_762' title='bbox 1967 5682 2168 5759; x_wconf 63' lang='grc' dir='ltr'><strong>’ῥέποιῆΔ</strong></span> <span class='ocrx_word' id='word_1_763' title='bbox 2210 5684 2733 5759; x_wconf 78' lang='lat' dir='ltr'><strong>quam_H_esychiu_s</strong></span> <span class='ocrx_word' id='word_1_764' title='bbox 2765 5682 3367 5759; x_wconf 71' lang='lat' dir='ltr'><strong>_esponit__cing_u|um,</strong></span> 
     </span>
    </p>
   </div>
   <div class='ocr_carea' id='block_1_115' title="bbox 1801 5754 3369 5830">
    <p class='ocr_par' dir='ltr' id='par_1_115' title="bbox 1801 5754 3369 5830">
     <span class='ocr_line' id='line_1_115' title="bbox 1801 5754 3369 5830; baseline -0.003 -17"><span class='ocrx_word' id='word_1_765' title='bbox 1801 5754 2269 5830; x_wconf 59' lang='lat' dir='ltr'><strong>possit&#39;llagellum</strong></span> <span class='ocrx_word' id='word_1_766' title='bbox 2299 5772 2365 5811; x_wconf 77' lang='lat' dir='ltr'><strong>cx</strong></span> <span class='ocrx_word' id='word_1_767' title='bbox 2393 5756 2528 5830; x_wconf 78' lang='lat' dir='ltr'><strong>loris</strong></span> <span class='ocrx_word' id='word_1_768' title='bbox 2543 5754 2816 5827; x_wconf 82' lang='lat' dir='ltr'><strong>intelligi:</strong></span> <span class='ocrx_word' id='word_1_769' title='bbox 2849 5758 2916 5811; x_wconf 89' lang='lat' dir='ltr'><strong>de</strong></span> <span class='ocrx_word' id='word_1_770' title='bbox 2941 5755 3142 5830; x_wconf 83' lang='lat' dir='ltr'><strong>quibus</strong></span> <span class='ocrx_word' id='word_1_771' title='bbox 3171 5754 3369 5830; x_wconf 76' lang='lat' dir='ltr'><strong>Galen.</strong></span> 
     </span>
    </p>
   </div>
   <div class='ocr_carea' id='block_1_116' title="bbox 1799 5825 3373 5897">
    <p class='ocr_par' dir='ltr' id='par_1_116' title="bbox 1799 5825 3373 5897">
     <span class='ocr_line' id='line_1_116' title="bbox 1799 5825 3373 5897; baseline -0.004 -12"><span class='ocrx_word' id='word_1_772' title='bbox 1799 5825 1850 5886; x_wconf 66' lang='grc' dir='ltr'><strong>ἒ.</strong></span> <span class='ocrx_word' id='word_1_773' title='bbox 1892 5830 1961 5887; x_wconf 67' lang='grc' dir='ltr'><strong>ιε</strong></span> <span class='ocrx_word' id='word_1_774' title='bbox 2000 5825 2171 5885; x_wconf 62' lang='lat' dir='ltr'><strong>Erant</strong></span> <span class='ocrx_word' id='word_1_775' title='bbox 2212 5826 2329 5882; x_wconf 85' lang='lat' dir='ltr'><strong>lora</strong></span> <span class='ocrx_word' id='word_1_776' title='bbox 2373 5827 2514 5895; x_wconf 80' lang='lat' dir='ltr'><strong>apud</strong></span> <span class='ocrx_word' id='word_1_777' title='bbox 2570 5825 2782 5894; x_wconf 69' lang='lat' dir='ltr'><strong>veteres,</strong></span> <span class='ocrx_word' id='word_1_778' title='bbox 2827 5828 3070 5897; x_wconf 66' lang='lat' dir='ltr'><strong>corrigiae</strong></span> <span class='ocrx_word' id='word_1_779' title='bbox 3114 5840 3175 5879; x_wconf 71' lang='lat' dir='ltr'><strong>ex</strong></span> <span class='ocrx_word' id='word_1_780' title='bbox 3228 5825 3373 5880; x_wconf 82' lang='lat' dir='ltr'><strong>corio</strong></span> 
     </span>
    </p>
   </div>
  </div>
