3978 6592
497 383 630 467 ’8δ7

1946 415 2286 480 ΑΝΟΝῩΜΙ

3656 433 3744 495 8‘8

521 524 674 577 canis
707 523 862 578 funes
907 525 1156 596 alligans,
1195 521 1356 599 atque
1413 543 1508 599 per
1549 529 1712 584 horas
1759 528 1942 600 plures
1974 544 2076 586 ten-

2191 538 2316 603 λους
2367 542 2698 614 προσδήσας,
2751 544 2778 597 6
2835 545 3167 616 σαρκοϐὀρος
3215 545 3360 600 κύων
3405 545 3597 600 τούτου
3652 549 3745 599 τῶν

518 613 674 676 deus,
707 613 880 668 virum
910 627 1155 670 sanctum
1193 619 1496 688 torquebat.
1525 618 1662 674 Tum
1695 635 1822 676 vero
1876 623 2088 677 blandi-

520 704 608 760 tiis
638 720 855 777 quoque
888 709 1062 763 minas
1093 711 1456 779 nequissimus
1487 722 1815 782 temperans.
1857 729 2084 784 persua-

519 796 652 852 dere
698 798 987 863 nitebatur,
1052 811 1111 854 ut
1167 811 1220 854 et
1271 803 1425 857 fidem
1481 815 1720 874 negaret.
1775 804 1845 860 Ut
1902 817 2085 862 autem

518 895 772 941 conatum
804 903 1040 955 omnem,
1073 893 1218 946 velut
1259 894 1304 949 si
1350 897 1540 951 marini
1576 898 1771 956 fluctus
1807 912 1973 971 petra:
2007 904 2086 956 al-

520 977 776 1042 liduntur,
818 979 871 1031 in
922 995 1169 1049 spumam
1211 984 1432 1040 dissolvi
1481 988 1637 1056 vidit,
1699 994 1925 1047 omnino
1975 993 2082 1062 iam

520 1073 758 1126 animum
792 1083 1056 1144 tyrannus
1089 1078 1454 1148 despoodens,
1479 1098 1600 1136 eum
1636 1084 1806 1138 miser
1837 1101 1941 1138 una
1961 1100 2082 1138 cum

519 1162 675 1218 Patre
703 1163 848 1218 intra
864 1181 1134 1222 carcerem
1154 1172 1436 1239 claudens,
1463 1190 1523 1229 ac
1544 1177 1744 1229 ostium
1772 1176 2082 1240 obstruens,

517 1249 732 1305 tandem
757 1261 810 1306 et
829 1253 943 1322 ipse
975 1256 1240 1313 confusus
1266 1262 1549 1316 abscessit.
1585 1263 1729 1317 Sane
1751 1281 1878 1318 vero
1905 1264 2086 1319 videre

516 1351 653 1408 erat,
687 1359 750 1398 ex
781 1348 1065 1401 verberum
1096 1350 1184 1404 illa
1226 1353 1562 1419 carnificina,
1599 1357 1852 1425 martyris
1878 1354 2080 1410 Nicolai

518 1435 761 1498 brachia,
795 1439 929 1492 nihil
970 1442 1152 1496 minus
1200 1445 1440 1499 turribus
1499 1459 1837 1514 exporrecta.
1880 1447 2086 1504 Verbe-

519 1544 637 1580 rnm
694 1527 960 1598 siquidem
1003 1535 1394 1600 excoriatione,
1460 1554 1523 1592 ac
1576 1538 1782 1594 funium
1840 1542 2086 1595 tensione

514 1617 764 1672 distentis
829 1622 1031 1686 nervis,
1078 1623 1238 1694 vique
1287 1635 1432 1680 tanta
1475 1645 1502 1681 a
1571 1630 1803 1684 naturali
1860 1631 2083 1684 interius

517 1717 667 1762 motu
705 1712 991 1778 prohibitis
1024 1714 1380 1786 defectisque,
1403 1718 1620 1787 jaccbat
1647 1736 1747 1774 ceu
1793 1737 1957 1792 grave
1985 1723 2080 1775 ali-

515 1802 656 1866 σμιοά
685 1817 824 1856 onus
852 1815 1061 1872 portatu
1098 1807 1336 1873 diflicile,
1367 1815 1737 1880 spectaculum
1773 1815 2080 1869 miserabile

2191 627 2390 697 χειρῶν
2418 629 2776 698 ἑκατέρωθεν,
2811 633 2903 685 ἐπὶ
2937 633 3157 698 πολλαῖς
3187 639 3306 699 ταῖς
3335 636 3504 706 ὥραις
3538 637 3745 699 τείνων,

2191 721 2352 773 αὑτὸν
2379 721 2717 787 ἐϐασάνιζεν.
2748 721 2881 777 Εἶτα
2923 727 3016 779 καὶ
3067 727 3332 789 θωπείαις
3376 731 3476 790 τὰς
3524 728 3747 790 ἀπειλὰς

2191 813 2582 883 προσμιγνύων
2635 816 2663 866 6
2701 815 2968 886 ἔχθιστος.
3015 818 3365 888 μεταπείθειν
3397 819 3618 889 ἐπείρα,
3663 820 3747 871 καὶ

2188 905 2287 972 τὴν
2321 905 2503 960 πίστιν
2537 907 2885 978 ἐξόμνυσθαι.
2929 911 3015 972 Ὠς
3048 911 3103 963 δὲ
3136 911 3272 982 πρὸς
3302 911 3509 981 πέτραν
3543 909 3749 980 κρούων

2189 993 2488 1049 θαλαττίων
2518 997 2674 1068 δίκην
2701 1001 2960 1070 κυμάτων
2987 1002 3066 1064 εἰς
3103 1001 3274 1070 ἀφρὸν
3301 1001 3562 1061 διελύετο,
3597 1003 3748 1053 ἀπει-

2193 1085 2376 1154 ρηκὼς
2424 1089 2506 1150 είς
2541 1088 2688 1142 ἅπαν
2733 1091 2760 1142 6
2786 1089 3066 1160 τύραννος,
3103 1090 3272 1143 κλείει
3322 1093 3418 1144 σὺν
3471 1090 3548 1161 τῷ
3583 1091 3750 1160 Πατρὶ

2187 1177 2286 1244 τῆς
2323 1177 2544 1248 εἱρκτῆς
2583 1179 2732 1232 ἔνδον
2759 1181 2858 1248 τὴν
2887 1181 3058 1251 θύραν
3087 1182 3406 1252 άναφράξας
3444 1183 3472 1235 6
3501 1181 3750 1242 δείλαιος,

2190 1269 2280 1320 καὶ
2332 1271 2786 1341 κατῃσχυμμὲνος
2815 1271 3022 1334 λοιπὸν,
3059 1272 3152 1324 καὶ
3172 1271 3360 1350 ,αὐτὸς
3395 1269 3748 1338 ἀπελήλυθεν.

2200 1360 2293 1413 Ἐκ
2319 1359 2381 1432 δὴ
2424 1359 2517 1413 τοῦ
2544 1361 2787 1414 τοιούτου
2811 1362 3044 1433 δαρμοῦ,
3071 1358 3139 1432 ἦν
3169 1362 3298 1415 ἰδεῖν
3327 1363 3453 1424 τοὺς
3483 1359 3578 1413 τοῦ
3613 1359 3750 1428 μάρ-

2185 1469 2348 1521 τυρος
2384 1453 2652 1506 Νικολάου
2684 1453 2972 1525 βραχίονας
3000 1456 3358 1524 κεκαυμένων
3397 1453 3577 1507 δαλῶν
3605 1451 3753 1506 οὐδὲν

2186 1543 2494 1607 ἐλάττονας.
2532 1546 2610 1616 Τῇ
2641 1546 2748 1598 τῶν
2787 1547 3067 1616 μαστίγων
3100 1547 3208 1615 γὰρ
3247 1545 3524 1615 ὲκδάρσει,
3560 1543 3652 1595 καὶ
3691 1545 3751 1610 τῇ

2189 1639 2338 1690 τάσει
2366 1638 2472 1689 τῶν
2500 1637 2682 1691 κάλων
2721 1638 3093 1691 τανυσθέντων
3121 1639 3229 1692 τῶν
3256 1636 3485 1707 νεύρων.
3533 1634 3623 1706 βίᾳ
3656 1633 3754 1702 τῆς

2187 1731 2423 1799 φυσικῆς
2468 1731 2602 1799 πρὸς
2647 1731 2715 1783 τὰ
2759 1730 2906 1783 ἔνδον
2963 1730 3389 1800 άπαρνηθέντων
3442 1733 3750 1796 κινήσεως,

2186 1821 2364 1874 ἔκειτο
2396 1823 2592 1892 φόρτος
2625 1822 2815 1893 ῶσπερ
2846 1822 3272 1882 δυσϐάστακτος,
3311 1820 3493 1888 θέαμα
3526 1816 3756 1870 ἐλεεινὸν

513 1895 916 1962 aspectantibus
940 1897 991 1950 in
1024 1901 1202 1955 crucis
1234 1903 1452 1957 modum
1492 1905 1795 1975 rigentibus
1838 1909 2076 1974 lacertis,

2184 1918 2295 1977 τοῖς
2322 1884 2489 1985 ὁρῶσι
2521 1914 2911 1986 σταυροτύπως
2945 1913 3433 1984 θριαμϐευόμενος.
3464 1910 3577 1962 Καὶ
3607 1909 3752 1977 ἔμει-

516 1985 691 2051 palam
724 1988 978 2041 omnibus
1019 1989 1213 2046 factus.
1256 1993 1421 2048 Plane
1459 2012 1586 2051 vero
1640 2014 1931 2054 mansurus
1963 2011 2080 2053 erat

510 2092 571 2126 ea
609 2079 854 2145 corporis
883 2079 1256 2148 Ili§||0§lli0lle,
1291 2087 1392 2140 nisi
1429 2089 1646 2142 tandem
1703 2094 1959 2147 custodes
1987 2108 2081 2162 pa-

510 2181 631 2219 rum
661 2168 862 2238 aliquid
917 2171 1190 2230 feritatem
1224 2179 1393 2232 animi
1454 2182 1787 2252 mitigantes,
1829 2201 1952 2239 cum
1982 2201 2082 2239 na-

510 2272 645 2317 tura:
676 2266 784 2318 vim
815 2280 1163 2336 superantem
1195 2274 1510 2329 violentiam
1542 2279 1933 2348 perspicerent,
1958 2296 2080 2336 cum

511 2374 651 2426 aqua
699 2361 896 2429 tepida,
929 2363 1142 2431 adipem
1169 2381 1388 2436 quoque
1443 2371 1646 2435 petenti
1685 2373 1886 2439 szepius
1937 2373 2080 2426 Patri

511 2450 795 2507 Theodoro
845 2455 916 2507 ob
947 2455 1208 2525 inopiam,
1255 2461 1633 2526 praebuissent.
1685 2462 1755 2528 is,
1810 2464 2082 2533 adjunctis

514 2543 784 2609 precibus,
826 2547 1050 2615 spongia
1096 2549 1288 2601 leniter
1343 2549 1682 2614 demulcens,
1729 2567 1791 2607 ac
1838 2554 2084 2622 quotidie

514 2637 698 2705 plagas
722 2636 991 2703 oblinens,
1043 2643 1229 2708 paucis
1270 2642 1482 2707 diebus,
1538 2643 1896 2700 insanabilem
1933 2647 2081 2699 illum

513 2744 774 2783 manuum
804 2729 1042 2784 dolorem
1067 2733 1336 2792 dissolvit.
1371 2749 1434 2788 ac
1455 2734 1697 2803 perfecta
1751 2737 2080 2807 discipulum

511 2820 740 2874 sanitate
768 2820 1005 2876 donavit.
1034 2817 1145 2877 Sed
1192 2835 1240 2877 et
1276 2826 1392 2894 ipse
1435 2828 1793 2884 nihilominus
1843 2847 2079 2902 magnus

510 2910 764 2968 Nicolans
794 2915 1032 2984 idipsum
1072 2917 1175 2985 pi:e
1223 2921 1523 2976 curationis
1555 2921 1716 2977 ofﬁcii
1753 2924 1898 2978 Patri
1931 2925 2083 2978 exhi-

515 3005 690 3069 bebat,
719 3017 995 3062 em-ortnas
1029 3019 1421 3065 tormentorum
1465 3013 1515 3067 vi
1545 3028 1774 3078 carnes,
1807 3031 1870 3069 ac
1909 3015 2083 3070 instar

513 3098 765 3153 nmndilis
803 3102 1097 3168 pendentes
1125 3119 1156 3157 a
1191 3119 1441 3174 corpore,
1505 3108 1675 3176 perite
1731 3108 2080 3172 abscindens,

509 3205 574 3241 ac
603 3191 759 3243 omni
782 3199 931 3260 parte
969 3191 1146 3247 Patris
1177 3209 1374 3248 curam
1401 3213 1618 3266 gerens.

579 3281 724 3347 Quas
752 3298 884 3336 vero
906 3298 967 3337 ac
996 3295 1230 3353 quantas
1254 3291 1606 3343 necessitates
1637 3299 1748 3343 toto
1772 3290 1864 3345 illo
1909 3291 2078 3345 trien-

511 3374 584 3426 nii
619 3376 796 3442 spatio
830 3378 1193 3443 pertulerint,
1231 3389 1462 3448 angusto
1502 3381 1592 3434 illo
1626 3397 1690 3436 ac
1735 3384 2079 3438 tenebricoso

508 3463 712 3517 detenti
739 3466 976 3518 carceris
1007 3466 1226 3534 angulo,
1253 3482 1317 3519 ne
1341 3468 1446 3521 dici
1470 3469 1687 3537 quidem
1720 3467 1876 3523 facile
1893 3477 2077 3539 quoat.

505 3554 641 3609 Nam
667 3556 810 3624 quis,
839 3572 990 3623 rogo,
1019 3559 1178 3610 etiam
1213 3561 1375 3627 paulo
1406 3559 1646 3628 plenius,
1680 3575 1798 3613 eam
1835 3559 2080 3628 corporis

510 3648 841 3702 inflationem
875 3649 1172 3712 describat,
1201 3669 1320 3720 (ιιιιιι
1349 3668 1413 3704 ex
1447 3653 1733 3708 tormentis
1753 3691 1768 3715 ,
1799 3668 1925 3708 vere
1952 3669 2080 3722 gra-

510 3740 592 3792 vis
623 3740 712 3793 illa
741 3755 806 3794 ae
840 3741 1137 3803 incuriosa,
1171 3745 1378 3797 sam-tis
1408 3743 1642 3797 accidit?
1669 3743 1876 3798 Nedum
1930 3745 2076 3800 enim

507 3841 698 3884 contra
761 3832 934 3885 solum
1001 3832 1244 3902 iniquum
1329 3837 1708 3903 imperatorem
1774 3837 2079 3908 impiosque

509 3922 788 3990 praefectos
833 3925 1213 3988 decertabant,
1272 3943 1454 3980 verum
1499 3928 1664 3982 etiam
1707 3928 1808 3996 ipsi
1857 3943 2078 3998 quoque

509 4018 608 4086 legi
652 4027 859 4070 natura:
896 4017 1004 4070 vim
1037 4017 1372 4082 inferebant,
1411 4021 1783 4088 depugnantes
1817 4022 2077 4077 adversus

505 4110 702 4164 famem
734 4122 787 4166 et
810 4112 989 4175 sitim,
1025 4110 1304 4181 frigusque
1331 4128 1394 4167 ac
1426 4113 1750 4168 nuditatem.

573 4201 650 4256 Ac
687 4219 838 4267 sane,
877 4221 1000 4258 cum
1042 4221 1148 4258 non
1203 4205 1475 4260 modicum
1517 4207 1907 4276 pet-efﬂuxisset
1937 4219 2074 4265 tem-

505 4297 654 4364 poris
701 4297 968 4365 spatium,
1011 4298 1246 4361 iterum,
1290 4299 1522 4351 crudelis
1569 4299 1862 4368 imperator
1905 4304 1974 4357 ab
2009 4320 2078 4357 eo

504 4393 624 4444 loco
655 4390 718 4444 ad
754 4390 1001 4460 Smyrnae
1042 4391 1381 4459 metropolim
1418 4391 1650 4445 traducit
1689 4411 1700 4445 :
1738 4409 1877 4461 quos
1917 4411 2075 4450 exce-

503 4492 697 4552 perunt
732 4482 978 4536 custodia
1016 4493 1178 4549 atque
1213 4484 1436 4535 verbera
1459 4522 1472 4546 ,
1525 4485 1794 4553 amboque
1828 4488 2076 4557 utrisque

2185 2026 2273 2060 νεν
2324 2008 2389 2062 ἂν
2436 2011 2500 2078 τῇ
2551 2009 2727 2079 τοιᾷδε
2777 2006 2924 2060 θέσει
2977 2006 3472 2077 σχηματιζόμενος,
3504 2003 3554 2054 εί
3593 2000 3666 2071 μὴ
3697 2001 3753 2052 τὸ

2186 2098 2448 2169 θηριῶδες
2503 2098 2698 2170 μικρὸν
2735 2099 2784 2151 οί
2835 2097 3074 2167 φύλακες
3123 2093 3565 2158 ὑπαλλάξαντες,
3619 2091 3754 2160 ὑπὲρ

2183 2189 2282 2258 τὴν
2326 2187 2486 2255 φύσιν
2521 2187 2860 2260 καθορῶντες
2893 2187 2994 2257 τὴν
3030 2185 3152 2254 βίαν
3186 2184 3352 2237 οὖσαν
3384 2183 3485 2249 τῆς
3518 2179 3752 2248 Ῥύσεως,

2187 2281 2285 2334 σὺν
2315 2279 2469 2334 ὕδατι
2499 2279 2726 2350 χλιαρῷ,
2776 2280 2872 2333 καὶ
2923 2279 3089 2347 στέαρ
3131 2277 3198 2330 δι’
3234 2273 3467 2344 ἀπορίαν
3501 2270 3755 2342 συχνοτέ-

2187 2392 2296 2446 ρως
2325 2374 2565 2428 αἰτοῦντι
2592 2373 2669 2443 τῷ
2693 2374 2868 2443 Πατρὶ
2901 2372 3181 2441 Θεοδώρῳ,
3208 2369 3546 2440 προσένεμον
3569 2383 3581 2395 ·
3611 2366 3668 2426 6;
3691 2367 3751 2434 τῇ

2184 2469 2316 2537 εὐχῇ
2345 2467 2443 2519 σὺν
2472 2470 2538 2537 τῇ
2577 2466 2810 2536 σπογγίᾳ
2843 2465 3078 2538 μετρίως
3110 2461 3462 2530 καταψήχων,
3508 2457 3606 2510 καὶ
3638 2455 3753 2510 καθ’

2185 2562 2421 2628 ἑκάστην
2480 2559 2792 2626 ὲπαλείφων
2849 2557 2961 2618 τοῖς
3021 2553 3374 2626 τραύμασιν,
3433 2552 3493 2602 ὲν
3549 2549 3752 2615 ὀλίγαις

2183 2653 2418 2723 ἡμέραις
2463 2651 2565 2720 τὴν
2597 2650 2814 2703 ἀνίατον
2861 2648 3077 2717 ἐκείνην
3111 2646 3220 2699 τῶν
3257 2643 3457 2716 χειρῶν
3490 2640 3749 2711 ἀχθηδόνα

2183 2745 2413 2808 διέλυσε,
2446 2743 2540 2796 καὶ
2571 2742 2671 2810 τὴν
2701 2741 2890 2809 ὑγείαν
2917 2739 3136 2802 τελείως
3171 2735 3247 2807 τῷ
3291 2735 3506 2806 μαθητῇ
3548 2732 3748 2802 ἐδωρή-

2188 2853 2334 2889 σατο.
2377 2835 2538 2889 Ἀλλά
2573 2834 2680 2905 μὴν
2711 2835 2806 2887 καὶ
2835 2831 2995 2893 αὐτὸς
3028 2833 3056 2884 6
3088 2829 3260 2900 μέγας
3292 2827 3560 2885 Νικόλαος
3591 2821 3752 2877 ταυτδ

2183 2926 2261 2999 τῷ
2302 2929 2475 2997 Πατρὶ
2502 2925 2820 2998 θεραπεύων
2849 2923 3119 2993 ἐφαίνετο,
3168 2923 3264 2984 τὰς
3292 2918 3664 2990 νεκρωθείσας
3692 2916 3749 2966 ἐκ

2185 3019 2292 3073 τῶν
2316 3017 2566 3088 βασάνων
2593 3016 2821 3086 σάρκας,
2845 3015 3000 3083 δίκην
3024 3011 3305 3083 μανδήλων
3334 3007 3748 3079 ὲκκρεμαμένας

2185 3111 2375 3165 τούτου
2401 3109 2478 3179 τῷ
2507 3107 2742 3179 σώματι,
2770 3108 2988 3173 εὐφυῶς
3019 3105 3398 3175 κατατέμνων,
3424 3101 3520 3154 καὶ
3550 3115 3744 3153 πανταο

2105 3219 2152 3284 C
2183 3205 2339 3276 χόθεν
2359 3202 2438 3272 τῷ
2465 3203 2638 3273 Πατρὶ
2665 3200 3140 3272 προμηθούμενος.

2257 3297 2390 3359 Οἵας
2427 3297 2484 3350 δὲ
2517 3296 2610 3350 καὶ
2643 3297 2772 3358 ὅσας
2812 3294 3057 3362 ἀνάγκας
3096 3295 3152 3346 ὲν
3189 3291 3333 3354 ὅλοις
3365 3288 3547 3360 τρισὶν
3581 3285 3748 3340 ἐτεσιν

2186 3391 2243 3441 ὲν
2288 3388 2367 3457 τῷ
2428 3387 2688 3459 στενωπῷ
2735 3387 2946 3456 τούτῳ,
2982 3387 3074 3438 καὶ
3107 3383 3332 3453 ζοφώδει
3379 3382 3481 3449 τῆς
3533 3376 3743 3449 εἱρκτῆς

2187 3483 2370 3554 χωρίῳ
2424 3483 2770 3553 ὑπήνεγκαν,
2817 3481 2937 3534 οὑδὲ
2988 3481 3106 3532 ὲστι
3139 3477 3319 3549 ῥᾴδιον
3364 3470 3741 3546 διηγήσασθαι.

2187 3575 2280 3636 Τίς
2311 3574 2419 3640 γὰρ
2449 3575 2514 3627 ἂν
2543 3576 2635 3627 καὶ
2665 3571 2972 3637 διεξοδικῶς
3012 3569 3378 3640 ἀναγράφοιτο
3409 3566 3514 3636 τὴν
3551 3568 3616 3616 ὲκ
3648 3562 3744 3616 τῶν

2189 3668 2435 3737 βασάνων
2482 3666 2840 3733 ὲγγινομένην
2871 3662 3048 3730 δεινὴν
3089 3662 3258 3721 ὅντως
3293 3659 3478 3719 αὐτοῖς
3532 3655 3624 3708 καὶ
3657 3655 3737 3704 ἁν-

2186 3758 2517 3828 επιμέλητον
2549 3755 2640 3809 τοῦ
2673 3755 2922 3826 σώματος
2954 3754 3196 3822 οίδησινς
3232 3753 3306 3804 Οὐ
3337 3750 3446 3818 γὰρ
3485 3747 3622 3816 πρὸς
3651 3744 3738 3812 βα-

2187 3851 2336 3903 σιλέα
2367 3851 2525 3920 μόνον
2549 3849 2886 3920 παράνομον,
2911 3849 3000 3900 καὶ
3028 3845 3163 3915 πρὸς
3181 3842 3458 3902 δυσσεϐεῖς
3482 3838 3736 3909 ἡγεμόνας

2183 3940 2631 4011 ἀντηγωνίζοντο·
2659 3938 2793 3992 ἀλλὰ
2822 3939 2916 3992 καὶ
2945 3937 3079 4006 πρὸς
3107 3935 3266 3990 αὑτὸν
3291 3933 3384 3985 τὴν
3412 3931 3513 3997 τῆς
3544 3929 3734 3996 φύσεως

2183 4034 2348 4102 νόμον
2378 4032 2751 4096 ὲξεόιάζοντο,
2794 4029 2939 4100 λιμῷ
2966 4047 3026 4082 τε
3059 4029 3150 4082 καὶ
3184 4026 3349 4096 δίψει,
3381 4023 3543 4094 ψύξει
3570 4038 3623 4073 τε
3652 4021 3729 4072 καὶ

2184 4125 2480 4192 γυμνότητι
2498 4122 2979 4193 προσπαλαίοντες.
3490 4127 3500 4140 ’

2255 4215 2362 4268 Καὶ
2391 4213 2521 4283 γοῦν
2557 4214 2656 4265 οὐκ
2687 4213 2865 4282 ὀλίγου
2899 4213 3091 4284 χρόνου
3131 4208 3607 4281 παριππεύσαντος
3636 4203 3730 4256 δια-

2186 4309 2478 4377 στήματος,
2523 4305 2682 4360 πάλιν
2733 4308 2760 4358 ὁ
2807 4305 3086 4376 μιαιφόνος
3134 4303 3268 4369 ἄναξ
3319 4303 3456 4372 πρὸς
3506 4303 3601 4364 τὴν
3647 4296 3729 4363 τῆς

2183 4400 2436 4470 Σμύρνης
2461 4398 2669 4451 ἐκεῖθεν
2697 4397 3028 4469 μητρόπολιν
3061 4395 3415 4466 μετατίθησιν
3439 4411 3452 4426 ο
3481 4391 3659 4463 εἱρκτὴ
3681 4388 3729 4441 δὲ

2184 4491 2406 4555 τούτους
2429 4493 2520 4545 καὶ
2549 4491 2807 4559 μάστιγες
2824 4489 3118 4558 διεδέχοντο
3136 4528 3150 4546 .
3177 4485 3270 4541 καῖ
3293 4487 3432 4554 ξύλῳ
3457 4485 3574 4539 κατ’
3587 4485 3732 4551 ἄμφω

510 4577 736 4641 μιιιιίὺιιὸ
778 4576 922 4645 ligno
973 4576 1198 4628 revincti
1242 4586 1415 4628 erant.
1466 4575 1601 4630 Cum
1657 4590 1836 4633 autem
1881 4581 2070 4651 viginti

2183 4584 2254 4637 τὼ
2288 4585 2414 4637 πόδε
2439 4583 2847 4654 καθείργνυντο.
2883 4581 3068 4634 Εἴκοσι
3097 4581 3152 4634 δὲ
3184 4581 3318 4651 μησὶ⁵
3347 4581 3462 4649 (19)
3490 4580 3591 4632 κάν
3620 4575 3731 4645 τῇδε

1658 4700 1903 4772 rami).
1936 4718 2319 4776 COMBEFISII
2349 4721 2581 4778 noras.

509 4859 688 4921 factm,
734 4855 922 4924 quibus
973 4855 1106 4908 servi
1153 4854 1416 4908 verberari
1465 4855 1724 4910 solebant.
1773 4858 1846 4913 Ut
1891 4872 2069 4916 autem

503 4927 753 4994 ron-igne
789 4926 840 4977 in
873 4926 1080 4989 flagella
1107 4926 1392 4998 cedebant,
1429 4927 1501 4998 ita
1533 4927 1694 4998 etiam
1729 4928 1778 4980 in
1816 4930 2067 4998 cingula;

502 5003 701 5066 visque
739 4999 1083 5066 cominnnior
1121 4997 1225 5049 alia
1278 4997 1501 5050 materia
1554 4996 1932 5066 cingulorumf
1975 5001 2072 5055 ldi-

503 5065 656 5121 c-bael
695 5068 760 5118 de
793 5065 997 5118 Nicolai
1047 5067 1270 5132 flagellis
1304 5067 1422 5119 istis
1457 5068 1527 5120 ita
1577 5065 1808 5122 scribit:
1854 5068 2071 5125 Transit

498 5139 618 5193 inde
663 5154 846 5208 rursus
883 5137 950 5189 ad
990 5136 1294 5208 Nicolaum,
1331 5147 1479 5189 ratus
1527 5135 1679 5190 illum
1712 5151 1928 5208 propter
1959 5159 2070 5195 ver-

501 5212 624 5263 bera
668 5207 963 5260 molliorem
1015 5207 1253 5275 factum:
1313 5207 1581 5276 verbisque
1638 5207 1944 5275 asperrimis
2002 5213 2070 5266 ad

498 5295 775 5333 sacrarum
811 5279 1102 5344 imaginum
1167 5278 1508 5346 magistrique
1539 5277 1887 5343 ejuratr’nnem
1915 5283 2071 5335 insti-

499 5360 610 5416 gat.
650 5347 717 5402 Ut
749 5364 864 5401 vero
898 5347 1168 5415 fortiorem
1192 5347 1344 5399 illum
1369 5364 1527 5416 quam
1559 5364 1714 5400 antea
1744 5366 1854 5402 esse
1881 5355 2064 5414 sensit.

498 5409 616 5474 cum
639 5419 768 5472 loris
802 5409 1044 5479 intextis,
1077 5409 1462 5485 virninibusqne
1501 5435 1675 5471 recens
1710 5422 1922 5482 excisis,
1952 5439 2068 5476 ma-

499 5509 598 5544 nus
629 5506 690 5543 ac
709 5490 884 5556 pedes,
927 5488 1288 5557 reliquumque
1323 5505 1510 5556 corpus
1536 5489 1826 5548 dilaniant,
1853 5492 2062 5546 iteratis

498 5561 667 5629 plagis
691 5559 1024 5623 exulcerans,
1050 5559 1144 5610 sub
1175 5557 1264 5630 dio
1293 5558 1368 5612 sic
1397 5559 1646 5626 affectum
1676 5560 1944 5630 relinquit.
1971 5564 2061 5618 Sic

500 5619 798 5699 interpres;
829 5639 989 5699 atque
1013 5619 1082 5681 ut
1114 5629 1248 5699 satis
1270 5619 1566 5699 auctorem
1603 5619 2056 5693 reddatfclarum

499 5697 750 5753 videatur
799 5697 1072 5767 quodnam
1128 5697 1322 5765 ﬂagelli
1380 5714 1551 5769 genus
1602 5703 1934 5769 appellatum
1987 5703 2059 5757 sit

505 5772 672 5838 ρἐαο
708 5771 850 5838 quod
895 5771 1154 5824 nimirum
1197 5769 1402 5822 intexta
1434 5768 1550 5822 lora
1582 5768 1708 5824 cum
1758 5772 2058 5829 viminibus

503 5823 754 5907 habent;
784 5823 1094 5910 quanquam
1126 5838 1304 5893 adhuc
1333 5823 2055 5912 obscurum,maneatrquo:

2177 4863 2343 4917 modo
2395 4862 2507 4914 lora
2555 4862 2644 4915 illa
2688 4861 2950 4915 baberent
2986 4861 3050 4913 ad
3088 4859 3315 4920 vimina,
3350 4874 3451 4932 nec
3484 4858 3625 4912 enini
3666 4856 3728 4932 ita

2178 4933 2426 5001 utrisque
2458 4933 2670 4986 videtur
2711 4933 3134 5001 concinnatum,
3159 4939 3216 4983 ut
3253 4928 3480 4996 perinde
3518 4944 3631 4981 cum
3661 4928 3727 4975 vi-

2178 5000 2346 5056 Inina'
2378 5013 2488 5056 tum
2545 5003 2660 5055 lora
2715 5005 3002 5075 caederent.
3049 5000 3141 5054 sed
3179 5001 3382 5075 potius
3417 5009 3475 5051 ut
3519 5001 3726 5075 alterunt

2177 5074 2482 5143 colligando
2516 5073 2699 5136 alteri,
2750 5089 2812 5126 ac
2846 5073 2995 5125 velut
3039 5071 3422 5143 componendo
3453 5068 3727 5143 manubrio

2176 5141 2428 5207 serviret,
2477 5143 2583 5197 nisi
2626 5144 2798 5218 etiam
2843 5141 3093 5205 Michael,
3131 5157 3228 5194 seu
3277 5141 3397 5218 ejus
3452 5141 3725 5218 interpres.

2175 5215 2286 5267 duo
2314 5215 2445 5267 dicit
2481 5213 2817 5280 flagellorum
2853 5228 3075 5282 genera,
3121 5221 3178 5264 ut
3208 5220 3262 5263 et
3294 5211 3450 5273 loris,
3489 5219 3544 5262 et
3570 5211 3730 5282 virgis

2181 5300 2273 5336 seu
2305 5279 2602 5337 viminibus
2639 5279 2876 5337 seorsini
2908 5281 3166 5336 Nirolaus
3211 5296 3387 5335 cursus
3437 5282 3533 5334 sit.
3559 5279 3727 5333 (ἕτερον

2179 5355 2318 5408 forte
2368 5354 2644 5408 Michaelis
2697 5355 2871 5408 lucem
2924 5353 3115 5406 aﬂerrc
3164 5365 3410 5420 possent.
3472 5360 3528 5403 ut
3583 5348 3730 5402 modo

2175 5441 2200 5478 S
2207 5441 2237 5478 υ
2246 5440 2345 5503 ppe
2352 5434 2500 5503 tereti
2535 5465 2548 5478 .
2617 5495 2628 5503 ι
2733 5493 2745 5503 _
2971 5492 3008 5503 u
3154 5492 3166 5503 .

2243 5485 2356 5566 (i9)
2390 5493 2630 5566 Michael
2672 5493 2878 5547 relatus
2910 5510 2940 5548 a
2971 5492 3208 5566 Baronio
3237 5507 3392 5566 ann,
3418 5490 3546 5548 89.0.
3579 5505 3631 5542 n.
3677 5485 3726 5566 θ,

2169 5562 2422 5618 nonnihil
2453 5564 2668 5617 brevius
2727 5566 2961 5631 spatium
3011 5563 3278 5632 Smyrnaei
3317 5562 3466 5614 illius
3506 5562 3726 5632 carceris

2168 5636 2388 5689 videtur
2422 5634 2723 5701 assignare,
2754 5629 2878 5687 eum
2908 5635 2977 5686 ita
3011 5634 3088 5685 ait
3112 5629 3137 5686 ἐ
3172 5631 3375 5686 Christi
3416 5647 3533 5685 uero
3566 5629 3727 5701 [mnu-

2166 5707 2270 5766 lus,
2309 5721 2502 5757 annum
2528 5699 2790 5774 integrum
2826 5721 2888 5756 ac
2921 5703 3204 5779 dimidium
3257 5703 3502 5779 smyrnae
3552 5699 3724 5779 degens

2164 5779 2219 5827 in
2257 5792 2489 5836 carcere,
2551 5775 2801 5827 alacriter
2838 5777 3017 5827 omnia
3052 5774 3507 5846 cunrgratiarum
3538 5774 3724 5846 actione
3761 5828 3764 5830 η

2163 5846 2474 5914 perferebat,
2498 5861 2800 5914 generosum
2830 5847 3064 5898 animum
3097 5844 3257 5897 nullis
3281 5844 3534 5897 molestiis
3563 5841 3720 5909 frangi
