3978 6584
300 432 405 492 893

1392 433 1565 492 νιΤΑ
1606 434 1663 493 S.
1711 433 2014 494 NICOL.\I
2056 435 2429 498 STUDITzE.

3442 431 3552 493 8‘30

299 551 362 651 ei}
405 548 619 617 φρουρᾷ
648 545 1030 616 διατρίψαντες
1057 587 1069 609 ,
1102 545 1193 598 καὶ
1223 545 1332 597 τῶν
1357 545 1452 598 τοῦ
1483 544 1736 614 σώματος
1768 562 1874 598 πα-

1992 550 2164 602 lt-nuo
2200 563 2414 601 menses
2447 547 2592 600 ineo
2636 560 2856 600 carcere
2898 544 3092 599 morati
3123 551 3304 598 essent
3325 582 3339 605 ,
3367 559 3565 611 corp»-

296 637 404 692 Θῶν
434 639 690 708 ὑπεράνω
728 637 1033 707 γενόμενοι,
1065 639 1166 709 τήν
1201 654 1257 690 τε
1301 637 1504 707 ἀρετὴν
1537 637 1611 699 ὡς
1637 639 1696 689 ἐν
1747 637 1880 706 πυρὶ

299 731 406 783 τῶν
455 731 738 799 βασάνων,
777 727 920 782 οὕτω
959 729 1053 782 καὶ
1099 728 1262 782 αὑτοῦ
1309 727 1403 780 τοῦ
1444 728 1678 781 Θανάτου
1714 745 1882 781 κατα·

301 820 504 890 τολμᾷν
533 820 898 884 ἐπιδείξαντες
957 821 1118 881 αὐτὸς
1146 819 1299 883 τόξον
1335 819 1556 882 ἐνδίκως
1587 821 1683 887 τῆς
1713 819 1882 888 ὀργῆς

302 913 612 974 ἐπιτείνων,
651 913 744 964 καὶ
771 913 898 974 τοὺς
930 911 1282 973 ύπεναντῖους
1313 911 1562 980 ἐξαίρων,
1665 928 1828 980 φησιν
1856 913 1884 964 ό

303 1004 612 1073 Προφήτης
639 1005 668 1054 6
695 1003 768 1075 μὴ
795 1003 892 1074 τὴν
923 1004 1117 1073 ῥάϐδον
1151 1003 1258 1056 τῶν
1289 1003 1629 1073 ἁμαρτωλῶν
1656 1003 1886 1071 ἐπαφεὶς

300 1094 378 1162 τῷ
409 1095 594 1165 κλήρῳ
627 1096 735 1147 τῶν
769 1096 997 1148 δικαίων
1037 1095 1543 1162 ἐγκαταπαίζεσθαι
1573 1111 1587 1124 ⁶
1637 1095 1884 1165 ἐμνήσθη

304 1185 443 1257 [ieg.
480 1187 778 1256 μνησθεὶς]
809 1187 905 1239 τοῦ
951 1187 1262 1256 στεναγμοῦ
1310 1187 1418 1239 τῶν
1454 1188 1883 1257 πεπεδημένων,

299 1281 394 1331 καὶ
419 1280 508 1333 τδν
541 1280 928 1348 καταῳαγόντα
959 1280 1173 1333 τουτονὶ
1201 1280 1572 1349 λεοντώνυμον
1603 1281 1766 1350 Θῆρα,
1794 1280 1887 1333 τὸν

313 1369 532 1424 Ἰακώϐ.
617 1397 624 1400 -

343 1535 354 1540 _
375 1463 542 1515 Ὅθεν
580 1464 872 1530 εὐδόκησεν
903 1467 959 1518 ἐν
997 1465 1186 1526 τόποις
1220 1465 1278 1516 ὲν
1307 1459 1384 1526 οἷς
1417 1464 1580 1526 αὐτὸς
1610 1463 1707 1534 τὴν
1735 1464 1888 1516 Θείαν

296 1553 394 1606 τοῦ
436 1555 786 1625 Ἐμμανουήλ.
813 1557 1102 1624 ὲφαύλισεν
1135 1556 1570 1626 ἑνανθρώπησιν,
1600 1557 1656 1608 ὲν
1680 1555 1888 1617 τούτοις

295 1645 461 1697 αὑτὸν
503 1649 871 1717 σφαττόμενον
898 1648 1146 1710 ἐλεεινῶς
1189 1649 1500 1719 ἀπορρῆξαι
1535 1648 1634 1718 τὴν
1666 1647 1846 1718 ψυχὴν
1871 1689 1887 1712 ,

293 1739 371 1797 ὡς
398 1739 500 1791 οὐκ
531 1737 686 1809 ζυετοο
715 1740 811 1792 καὶ
838 1741 994 1802 τέλος
1023 1736 1136 1810 εἶχε
1167 1741 1362 1810 σαφῶς
1394 1743 1454 1793 τὸ
1483 1741 1576 1794 τοῦ
1609 1739 1890 1810 Σολομῶν-

290 1823 386 1893 τός
434 1832 520 1883 ἐπ’
574 1831 736 1884 αὐτόν
775 1832 1180 1903 ῥηθησόμενον·
1247 1834 1487 1901 ’Ἄρρων
1535 1833 1662 1902 γάρ,
1724 1833 1876 1900 φησὶ,

292 1923 609 1988 περιέλαϐε
635 1921 746 1992 (ἒο)
781 1923 886 1987 τὰς
917 1923 1118 1990 χεῖρας
1149 1923 1336 1976 αὐτοῦ
1363 1963 1378 1986 ,
1429 1922 1524 1974 καί
1558 1923 1740 1990 ἔφαγε
1774 1925 1878 1985 τὰς

291 2012 528 2077 σάρκας
557 2013 764 2066 αὑτοῦ.
811 2013 1142 2084 Προσφόρως
1177 2014 1231 2066 δὲ
1263 2013 1460 2082 τούτῳ,
1495 2015 1588 2066 καὶ
1617 2015 1735 2083 ἱερά
1780 2012 1875 2066 τοῦ

306 2100 532 2157 Ἡσαΐου
583 2103 820 2173 σάλπιγξ
855 2107 1295 2175 ὕποφωνὴσειενο
1346 2109 1456 2158 Ὃν
1503 2110 1752 2174 τρόπον,
1783 2106 1874 2160 λέ-

292 2211 496 2262 γουσα,
543 2197 612 2249 ἐν
633 2197 833 2266 αἵματι
860 2197 1261 2267 περιιομένον,
1289 2201 1551 2268 καθαρὸν
1571 2202 1681 2254 οὐκ
1706 2200 1877 2253 ἔσται

293 2284 551 2350 ἱμάτιον·
592 2286 779 2353 οὕτως
807 2287 950 2341 οὐδέ
981 2287 1062 2341 σὺ
1103 2289 1360 2356 καθαρὸς
1385 2289 1499 2356 ἔσῃ
1521 2333 1535 2353 ,
1574 2288 1719 2342 διότι
1766 2289 1880 2358 τὴν

294 2377 416 2447 γῆν
430 2396 550 2447 μου
568 2379 902 2446 ἀπόλεσας,
926 2382 1023 2434 καί
1054 2381 1158 2434 τὸν
1181 2384 1337 2436 λαόν
1355 2400 1474 2451 μου
1500 2383 1875 2448 ἀπέκτεινας.

296 2470 457 2524 υῦτω
499 2469 627 2534 οὖν,
656 2471 734 2541 τῷ
781 2473 1004 2542 ἐξαισίῳ
1049 2473 1226 2544 τούτῳ
1276 2473 1514 2544 Θανάτῳ,
1549 2475 1608 2525 ὲν
1657 2475 1733 2544 τῷ
1784 2473 1878 2528 τοῦ

295 2562 434 2615 Θεοῦ
479 2561 618 2633 νεῷ,
657 2561 904 2625 ἐλεεινῶς
950 2565 1446 2626 καταπεπτωκότος
1477 2563 1571 2616 τοῦ
1619 2565 1877 2630 ἄνακτος,

297 2654 630 2724 άντανίσχει,
664 2657 764 2707 οὐκ
795 2656 854 2719 ἐξ
882 2655 1136 2723 ὲπιτολῆς
1169 2655 1333 2722 αὖγος
1369 2659 1604 2725 πρωῖνὸν
1635 2661 1714 2719 είς
1742 2657 1880 2726 φαῦ-

212 2751 218 2755 ’
303 2764 392 2800 σιν
440 2746 540 2816 τῆς
577 2745 789 2817 ἡμέρας
830 2747 858 2798 ό
897 2746 1044 2817 ⁴ἥλιος
1070 2762 1083 2776 ·
1125 2745 1239 2798 ἀλλ’
1275 2745 1349 2808 ὡς
1390 2748 1442 2798 εἴ
1475 2764 1557 2809 τις
1605 2746 1783 2812 εἴποι,
1822 2748 1880 2814 ἐξ

303 2836 580 2904 ἀφεγγοῦς
611 2836 712 2899 τῆς
734 2834 927 2897 νυκτὸς
956 2837 1133 2906 ἀστὴρ
1151 2836 1370 2897 ἑωθινὸς
1392 2875 1408 2900 ,
1431 2837 1535 2904 ἡμέ
1546 2853 1642 2906 ραν
1668 2839 1759 2889 καὶ
1785 2837 1882 2905 οὐχ

306 2927 520 2997 ἡμέραν
565 2929 676 2988 τοῖς
727 2928 940 2987 πιστοῖς
987 2927 1380 2995 παρεχόμενος.
1435 2925 1653 2996 Μιχαὴλ
1706 2927 1814 2996 γάρ
1856 2929 1883 2980 ό

308 3017 661 3080 ἐκσκούσιτος
687 3021 757 3072 τά
785 3017 890 3070 τῶν
929 3017 1215 3086 Ῥωμαίων
1245 3019 1498 3088 σκῆπτρα
1527 3017 1881 3087 δραξάμενος,

307 3113 356 3164 εξ
391 3113 579 3165 καὶτὰ
621 3113 854 3180 μάλιστα
897 3113 962 3180 τῇ
1008 3111 1107 3180 τῆς
1141 3111 1405 3183 αἱρέσεως
1435 3111 1580 3182 ζύμῃ
1617 3111 1884 3174 σιτευΘεὶς

308 3203 652 3274 ἑγνωρίζετοο
690 3203 808 3257 ἀλλ’
850 3202 944 3258 οὖν
981 3204 1151 3272 ἀνῆκε
1196 3206 1308 3268 τοῖς
1344 3204 1580 3275 Χριστοῦ
1611 3204 1876 3276 ὁμολογηο

309 3297 430 3357 ταῖς
467 3294 566 3363 τῆς
603 3291 699 3347 τοῦ
755 3292 1311 3364 προϐεϐασιλευκότος
1353 3293 1678 3346 άνυποίστου
1723 3291 1886 3345 κολά-

313 3403 483 3450 σεως,
515 3385 705 3438 ἐσθλὸν
735 3386 877 3438 κατὰ
908 3387 1090 3439 πάντα
1124 3386 1334 3448 τούτοις
1375 3385 1564 3440 ἑαυτὸν
1591 3387 1888 3457 χαριζόμε-

312 3498 425 3539 νος.
460 3479 568 3532 Καὶ
597 3475 668 3548 ἦν
693 3479 823 3532 ίδεῑν
852 3478 1053 3547 όμαδὸν
1085 3482 1212 3542 τοὺς
1250 3479 1580 3542 ὲκτακὲντας
1612 3479 1887 3548 διαφόροις

275 3587 278 3590 ·
309 3575 429 3634 ταῖς
457 3553 692 3641 Θλίὶιιεσι,
714 3571 808 3623 καὶ
827 3573 894 3640 τῇ
919 3570 1108 3641 χρονίῃ
1137 3569 1410 3640 καθείρξει
1433 3569 1888 3640 ταλαιπωρήσαν-

310 3681 434 3727 τας,
467 3663 556 3716 ὲπὶ
586 3663 646 3715 τὸ
675 3663 810 3715 αὐτὸ
836 3663 1173 3733 σκιρτῶντας
1197 3663 1333 3732 πρὶς
1360 3659 1622 3731 ἀλλήλους
1645 3677 1887 3730 πνευμα-

310 3755 501 3820 τικῶς,
551 3756 664 3818 τοῖς
705 3754 888 3818 άΘλοις
934 3753 1302 3823 άΰρύνεσΘαι,
1349 3751 1538 3822 ῶσπερ
1577 3752 1640 3804 ὲκ
1673 3749 1887 3804 δεσαῶν

311 3849 574 3919 ἀνειμένα
608 3847 900 3918 μοσχάρια.

385 3942 521 3995 Τότε
551 3941 616 4013 δὴ
649 3942 742 3993 καὶ
772 3942 820 3992 οἱ
863 3939 1087 4009 μεγάλοι
1121 3938 1218 4006 τῆς
1247 3937 1525 4000 εὐσεϐείας
1553 3935 1732 3990 στύλοι
1761 3935 1892 3988 Θεό-

315 4037 487 4104 δωρός
509 4051 569 4087 τε
622 4035 717 4087 καὶ
743 4032 1031 4096 Νικόλαος,
1066 4031 1166 4098 τῆς
1193 4030 1445 4102 Σμύρνης
1466 4031 1798 4097 ἀπάραντες,
1822 4033 1886 4100 τῇ

321 4129 593 4199 βακτηρίᾳ
625 4128 718 4179 καὶ
750 4126 910 4190 μόνον
939 4124 1140 4195 δηλαδὴ
1174 4125 1619 4194 σκηριπτόμενοι,
1654 4123 1886 4188 πεζοόα-

316 4225 456 4276 εἶται
487 4223 649 4276 τόπον
674 4223 738 4274 ὲκ
766 4220 930 4274 τόπου
958 4219 1298 4289 ἀμείϐοντες,
1331 4217 1464 4289 πρὸς
1492 4217 1558 4270 τά
1583 4219 1682 4285 τῆς
1715 4217 1889 4288 Πρού-

319 4329 415 4378 σης
450 4313 590 4380 μέρη
623 4311 967 4379 κατέστησαν
987 4326 999 4338 ·
1035 4308 1287 4360 κάκεῖΘεν
1315 4309 1372 4360 ὲν
1401 4309 1704 4377 Χαλκηδόνι
1732 4308 1886 4376 γενό-

320 4419 494 4468 μενοι,
522 4402 614 4453 καὶ
637 4402 725 4453 τὸν
743 4399 1156 4471 τροπαιὼνυμον
1175 4401 1517 4471 πατριάρχης.
1546 4399 1731 4453 λοιπὸν
1760 4418 1889 4453 κατα

316 4495 692 4563 αυρήσαντες,
723 4492 806 4560 ἐφ’
845 4493 1029 4545 ἱκανόν
1062 4509 1120 4544 τε
1165 4491 1354 4561 χρόνον
1387 4491 1522 4560 μετὰ
1553 4493 1750 4562 πολλῆς
1786 4493 1888 4561 τῆς

1989 640 2174 708 risque
2207 635 2588 691 aﬂeetionibus
2621 638 2931 705 superiores
2965 636 3094 690 facti
3118 675 3132 697 ,
3163 637 3440 695 virtutem,
3486 633 3563 686 ttti

1989 732 2252 797 probante
2294 738 2688 783 tormentorum
2729 729 2850 796 igne
2897 726 3353 796 insuperabilem,
3405 725 3476 776 ita
3510 733 3563 776 et

1987 821 2250 876 adversus
2297 831 2526 874 mortem
2577 821 2781 874 audere
2832 819 3248 873 ostendissent:
3297 817 3412 886 ipse
3469 818 3560 883 qtti

1984 915 2132 982 juste
2181 928 2370 966 arcum
2410 913 2503 965 ira:
2549 912 2722 966 tendit
2748 911 2810 976 “,
2844 909 3294 978 adversariosque
3340 908 3565 974 tollit",

1982 1012 2136 1079 juxta
2177 1009 2459 1078 Propheta?
2485 1009 2768 1062 oraculum
2803 1024 2816 1060 :
2849 1006 2940 1075 qui
2971 1023 3076 1059 non
3113 1005 3323 1072 reliquit
3359 1004 3562 1071 virgam

1989 1110 2334 1171 peccatorum
2361 1101 2586 1153 illudere
2613 1101 2912 1153 luereditati
2932 1100 3204 1170 justorum
3229 1098 3290 1157 ¹⁶,
3314 1097 3563 1148 recorda-

1992 1203 2079 1245 tus
2132 1193 2366 1261 gemitus
2431 1193 2900 1258 compeditorum,
2970 1205 3133 1260 atque
3189 1189 3560 1242 comedentrm

1987 1285 2157 1339 Jat-ob
2181 1283 2376 1338 Leonis
2404 1284 2621 1337 nomine
2655 1284 2878 1337 bestiam
2899 1283 2964 1337 ’⁷.

2063 1467 2426 1532 Onamobrem
2465 1468 2687 1536 placuit,
2722 1477 2779 1520 ιιι
2815 1467 3013 1536 quibus
3052 1466 3207 1532 leris,
3244 1465 3482 1519 divinam
3519 1465 3566 1518 is

1991 1559 2362 1613 Etnmanuelis
2399 1558 2639 1612 irrisioni
2691 1559 2954 1612 habuerat
3011 1558 3463 1616 incarnationem,
3507 1553 3559 1606 iu

1993 1653 2182 1705 iisdem
2209 1651 2486 1721 iugulatus
2513 1652 2649 1719 ipse.
2680 1650 3039 1703 tttiserabilem
3067 1652 3411 1716 abrumperet
3443 1645 3564 1698 aui-

1993 1759 2172 1804 tuam,
2230 1758 2336 1812 qua
2391 1742 2614 1796 minime
2672 1743 2897 1811 putabat
2943 1741 3155 1795 ratione
3204 1759 3217 1792 :
3271 1739 3565 1804 habuitque

1995 1834 2277 1902 perspicue
2312 1835 2470 1887 linem
2516 1833 2826 1887 Salomonis
2852 1834 2980 1886 illud
3012 1833 3064 1886 in
3094 1848 3216 1886 eum
3251 1831 3559 1884 oraculum.

1982 1932 2071 1983 Ait
2101 1929 2247 1982 enim
2278 1944 2291 1981 :
2324 1925 2530 1982 Stultus
2557 1927 2858 1994 complexus
2891 1934 2966 1979 est
3003 1941 3187 1977 manus
3218 1939 3364 1986 suas,
3398 1929 3445 1974 et
3477 1938 3563 1973 ro-

1982 2020 2140 2074 utedit
2187 2034 2370 2072 carnes
2425 2017 2636 2070 suos”.
2693 2014 2827 2070 Huic
2881 2027 3060 2068 autem
3121 2027 3361 2080 congrue
3409 2026 3563 2064 saera

1979 2127 2199 2182 quoque
2230 2109 2471 2164 occinuit
2510 2108 2660 2162 lsai-x
2694 2109 2844 2168 Iuba.
2874 2123 2996 2162 cum
3030 2107 3106 2160 ait
3147 2124 3160 2158 :
3200 2104 3558 2168 Quemadmo-

1979 2209 2103 2258 dum
2141 2203 2499 2256 vestimentum
2534 2202 2586 2253 in
2627 2200 2882 2266 sanguine
2915 2213 3288 2266 conspersum,
3323 2212 3425 2248 non
3463 2193 3565 2246 erit

1981 2297 2234 2351 utendum
2264 2308 2282 2347 :
2305 2295 2380 2346 ila
2406 2309 2564 2362 neque
2591 2301 2646 2343 ιιι
2670 2292 2772 2343 etis
2800 2291 3023 2343 mundus
3047 2307 3064 2344 :
3093 2289 3338 2360 quoniam
3368 2296 3562 2339 terram

1981 2405 2146 2442 meam
2196 2386 2506 2456 perdidisti,
2558 2397 2605 2438 et
2648 2385 2898 2452 pupulum
2944 2399 3114 2437 meum
3163 2379 3561 2449 interfecisti".

1979 2480 2116 2534 Cum
2162 2478 2242 2532 sic
2286 2491 2416 2547 ergo
2461 2477 2722 2546 stupenda
2768 2476 2858 2529 illa
2905 2486 3078 2528 morte
3138 2474 3192 2526 in
3258 2486 3416 2526 sacro
3469 2467 3563 2521 Dei

1981 2570 2180 2641 templo
2233 2571 2529 2640 imperator
2581 2569 2966 2623 miserabiliter
3015 2566 3338 2624 Ceritlisset.
3389 2563 3566 2615 Oritur

1979 2664 2100 2734 ejus
2128 2663 2248 2716 loco
2270 2703 2285 2729 ,
2321 2677 2430 2715 non
2478 2661 2557 2714 sol
2587 2661 2788 2726 aliquis
2820 2669 2942 2714 ortu
2979 2676 3080 2713 suo
3125 2657 3447 2712 matutinum
3478 2655 3585 2707 lu-‘

1983 2772 2104 2809 men
2141 2753 2336 2808 addici
2365 2753 2784 2806 illustrationem
2818 2760 3111 2819 praestans.
3146 2746 3237 2802 sed
3273 2743 3566 2813 velutquis

1984 2849 2152 2913 dicat,
2180 2848 2334 2903 stella
2371 2847 2655 2909 matutina,
2684 2845 2750 2898 ab
2775 2846 2927 2898 illuni
2951 2853 3177 2912 atraque
3208 2850 3386 2902 nocte,
3419 2838 3561 2892 diem

1985 2953 2040 2995 et
2087 2958 2195 2995 non
2250 2941 2395 2996 diem
2447 2939 2698 2993 ﬁdelibus
2754 2938 3092 2990 ministrans.
3138 2935 3367 3000 Quidam
3417 2929 3561 2982 cnim

1987 3032 2219 3088 Michael
2272 3034 2340 3087 ab
2389 3031 2701 3094 excubitis,
2763 3029 2996 3096 arreptis
3053 3023 3286 3078 Romani
3349 3018 3561 3089 imperii

1988 3126 2234 3194 sceptris,
2264 3139 2576 3194 quanquam
2613 3123 2850 3176 maxime
2887 3121 3264 3174 haereticorum
3298 3114 3566 3170 fermento

1991 3218 2294 3285 saginatum
2355 3215 2628 3285 liqttebat,
2683 3229 2802 3269 eam
2843 3222 3022 3266 tamen
3073 3195 3398 3264 immensam
3433 3218 3564 3257 cru-

1991 3309 2302 3371 ciatiouetn,
2331 3323 2494 3377 quam
2524 3306 2780 3360 decessor
2805 3303 3170 3365 adhibuisset,
3201 3298 3403 3354 Christi
3435 3312 3568 3351 con-

1992 3401 2287 3458 I'essoribus
2323 3399 2553 3463 remisit,
2588 3401 2785 3452 bonunt
2829 3413 2886 3451 se
2920 3397 3000 3451 eis
3029 3412 3092 3450 ac
3131 3395 3430 3448 humanum
3471 3404 3566 3459 per

1989 3494 2171 3548 omnia
2215 3492 2490 3563 pnebens.
2538 3489 2895 3559 Summaque,
2951 3489 3132 3542 videre
3178 3495 3294 3542 erat
3333 3483 3566 3538 diversis

1990 3567 2324 3641 Cruciatibus
2353 3585 2654 3639 exhaustos
2695 3598 2758 3637 ac
2799 3583 2962 3648 longo
2989 3595 3205 3634 carcere
3235 3589 3563 3641 maceratos,

1991 3679 2134 3732 velut
2165 3676 2228 3730 ad
2275 3693 2335 3732 se
2375 3676 2607 3730 invicem
2641 3683 2890 3728 conserta
2923 3672 3153 3742 spiritali
3185 3671 3415 3734 chorea,
3444 3682 3566 3721 cer-

1991 3773 2285 3828 taminibus
2319 3771 2540 3842 gloriari
2567 3811 2582 3836 ,
2611 3781 2868 3841 tanquam
2904 3769 2948 3823 si
2985 3767 3178 3823 vitulos
3214 3767 3362 3820 dicas
3392 3781 3421 3817 a
3448 3764 3566 3816 viu-

1989 3864 2128 3917 culis
2161 3866 2388 3918 solutos.

2061 3952 2213 4007 Tunc
2247 3969 2402 4019 sane,
2437 3969 2646 4022 magna:
2675 3970 2890 4023 quoque
2922 3953 3026 4007 illa:
3054 3950 3268 4021 pietatis
3297 3947 3567 4000 columna:

1991 4048 2313 4103 Theodorus
2353 4064 2416 4104 ac
2468 4048 2724 4104 Nicolans
2776 4049 3007 4119 Smyrna
3043 4045 3412 4106 discedentes,
3449 4041 3567 4094 solo

1991 4141 2181 4210 utique
2215 4140 2324 4193 nixi
2358 4141 2575 4205 baculo,
2608 4143 2786 4196 locum
2813 4158 2878 4195 ex
2911 4142 3032 4194 loco
3063 4139 3288 4208 pedibus
3324 4137 3426 4189 iter
3451 4150 3568 4189 car-

1992 4232 2168 4300 pendo
2210 4242 2506 4297 mutantes,
2543 4235 2608 4288 ad
2641 4234 2830 4288 Prusze
2869 4241 3052 4302 partes
3077 4232 3446 4293 devenerunt;
3487 4234 3569 4280 at-

1991 4335 2095 4387 qtte
2129 4319 2253 4372 hinc
2288 4321 2504 4374 tandem
2553 4329 2797 4390 petentes
2821 4320 3244 4380 Chalcedonem,
3282 4319 3568 4386 deinceps-

1992 4426 2098 4478 que
2141 4425 2170 4462 a
2225 4412 2469 4480 trophaeo
2522 4413 2776 4480 appellati
2830 4412 3153 4483 patriarcha:
3201 4421 3422 4480 aspectu
3477 4425 3568 4462 re-

1995 4501 2182 4566 creati,
2217 4503 2366 4569 justo
2395 4505 2530 4559 satis
2567 4514 2830 4575 tempore.
2877 4505 2981 4558 laeti
3013 4503 3305 4558 admodum
3331 4518 3456 4556 cunt
3503 4515 3570 4553 co

316 4587 656 4658 εὐφροσύνης
690 4585 864 4656 τούτῳ
903 4586 1370 4655 συναυλιςόμενοι.
1426 4585 1598 4656 Ὁρῶν
1647 4590 1674 4641 ό
1713 4589 1886 4652 κοινὸς

1995 4603 2424 4650 commorantur.
2461 4595 2614 4652 Tunc
2646 4597 2834 4652 videns
2874 4597 3183 4652 communis
3230 4596 3318 4649 ille
3359 4603 3568 4665 pastor,

393 4774 436 4804 "
484 4770 630 4824 Psd.
687 4785 785 4832 ut,
821 4769 906 4824 12.
989 4769 1029 4801 ⁸³
1060 4769 1207 4824 Eccl.
1234 4781 1434 4835 xxxvt,
1467 4770 1522 4825 Θ.
1603 4771 1646 4803 ¹⁶
1687 4758 1832 4829 Psal.
1872 4791 2051 4841 exim,
2075 4781 2128 4832 3.

318 4866 350 4903 ι
380 4861 432 4911 V,
461 4842 555 4897 9-0.

2235 4781 2273 4810 ⁸⁷
2309 4779 2453 4834 Psal.
2506 4797 2661 4842 xvm.
2711 4781 2766 4834 7.
2884 4782 2926 4813 ³⁸
2961 4780 3209 4842 Eccl.tv,
3253 4782 3309 4836 5.
3381 4782 3424 4813 ¹⁹
3463 4780 3568 4832 lsa.

2884 4782 2926 4813 ³⁸
2961 4780 3108 4836 Eccl.
3135 4797 3209 4844 tv,
3253 4782 3309 4836 5.

1480 4955 1726 5010 FRANC.
1761 4955 2145 5012 COHBEFISII
2182 4957 2412 5011 NOTAE.

323 5113 522 5164 siacus.
554 5105 734 5160 Potuit
764 5105 852 5159 ille
881 5119 1084 5158 annum
1117 5119 1181 5158 ac
1224 5102 1512 5156 dimidium
1552 5102 1698 5154 velut
1744 5118 1894 5154 cetu-

324 5178 523 5247 pendio
554 5176 755 5233 dicere.
811 5175 1139 5242 breviusque
1172 5173 1401 5247 duorum
1451 5172 1718 5247 mensium
1768 5189 1894 5241 spa-

327 5241 463 5304 iaum
499 5249 568 5302 ab
603 5257 825 5300 auctore
861 5241 1106 5296 notatum
1167 5243 1456 5312 negligere.
1494 5241 1625 5307 ριιιιι
1654 5259 1895 5311 sequun-

329 5335 417 5374 tur
450 5318 752 5385 Scriptura:
785 5315 986 5374 verbis.
1019 5329 1082 5368 ac
1118 5329 1215 5366 ceu
1351 5311 1654 5385 Scriptura.
1685 5315 1896 5381 accepit

328 5400 520 5445 auctor
555 5381 594 5442 at
637 5387 796 5440 Patre
855 5385 1144 5438 Theodoro
1183 5383 1339 5452 epist.
1397 5381 1462 5435 ad
1516 5381 1918 5446 Nauerattutn,’

328 5463 497 5514 velata
553 5475 581 5510 a
621 5458 820 5511 Baron.
854 5471 983 5508 anu.
1017 5455 1142 5513 82!.
1193 5453 1282 5507 ubi
1315 5462 1368 5507 et
1413 5453 1500 5505 ille
1549 5454 1630 5506 sic
1688 5453 1889 5506 habet:

329 5532 629 5596 Quiaulert
665 5527 995 5580 adversarios
1041 5523 1368 5596 Deus,sicut
1415 5523 1488 5574 ait
1541 5522 1738 5589 Script.
1795 5523 1900 5596 Sed

330 5593 468 5653 male
494 5593 562 5651 ibi
593 5606 890 5651 auuntatur
913 5612 1085 5664 marg.
1122 5593 1256 5647 Ιιεαί.
1287 5609 1596 5664 t.ttttt_._cum
1631 5595 1792 5662 petita
1831 5595 1902 5646 sit

331 5671 597 5723 sententia
620 5685 684 5722 ex
710 5666 856 5720 Evcl.
879 5661 1062 5728 xxxvf,
1085 5681 1134 5718 ν.
1165 5665 1217 5722 9.
1237 5665 1389 5732 juxta
1419 5661 1600 5732 Vulg..
1629 5661 1682 5717 et
1707 5681 1898 5724 xxxiii.

330 5750 481 5811 juxta
517 5740 810 5811 Sistinant.
836 5738 1030 5811 ἑξαρον
1062 5737 1355 5811 ἀντξόικον,
1377 5733 1500 5786 tolle
1517 5734 1896 5811 adversarium.

403 5812 514 5874 (‘30)
556 5811 704 5862 Edita
740 5805 988 5871 Parisiis,
1043 5805 1333 5874 περιέδαλε
1358 5820 1380 5834 ν
1408 5806 1550 5873 quod
1584 5815 1764 5870 putem
1811 5823 1900 5857 cr-

336 5900 457 5937 I‘Ul‘c
500 5884 700 5936 iactum
751 5889 964 5949 typogr.
1007 5876 1162 5946 γυιμ.
1211 5874 1489 5943 τοιηρίὲσιιι
1537 5891 1720 5929 manus
1752 5893 1892 5929 suos.

1996 5103 2172 5156 Veliut
2219 5103 2442 5160 Graeca.
2481 5102 2949 5172 comprehendere
3009 5117 3228 5162 manus,
3284 5112 3448 5173 atque
3502 5109 3567 5161 ad

1992 5190 2180 5227 earum
2237 5173 2604 5226 cotnedendas
2663 5188 2895 5236 carnes,
2946 5174 3025 5224 ori
3090 5175 3420 5241 admovere;
3489 5178 3565 5231 ttti

1990 5247 2288 5297 etiamnum
2362 5243 2601 5296 furiosos
2658 5243 2912 5296 homines
2975 5242 3222 5296 factitare
3297 5246 3562 5302 videmus.

1995 5315 2224 5367 Mortem
2265 5313 2462 5381 Leonis
2508 5314 2736 5381 ejusque
2788 5312 3008 5364 modum
3062 5312 3326 5368 describit
3383 5320 3568 5373 multis

1990 5385 2292 5454 tledrenus.
2315 5383 2470 5454 Quod
2501 5384 2573 5454 ait
2596 5393 2814 5454 ant-tor,
2851 5384 2962 5454 illic
2991 5385 3255 5449 occisum,
3281 5387 3368 5440 tibi
3396 5389 3566 5454 ἐφαύ-

1999 5454 2111 5516 λισε
2140 5453 2252 5524 τοῦᾼ
2275 5451 2623 5522 Ἐμμανουήλ
2661 5453 2760 5522 τὴν
2795 5453 3229 5524 ἐνανΘρώπησιν,
3290 5461 3360 5510 ita
3408 5451 3568 5511 intel-

2003 5522 2291 5597 ligo,_qui_a
2334 5538 2522 5597 sacras
2553 5525 2816 5592 imagines
2851 5522 2977 5577 inde
3015 5522 3266 5597 crascrit,
3300 5538 3462 5597 atque
3512 5529 3564 5583 in

2004 5594 2193 5662 primis
2248 5591 2627 5654 Dominicam,
2671 5591 2781 5661 qua
2821 5609 3034 5662 semper
3086 5595 3256 5648 Graeci
3318 5591 3390 5650 ea'
3448 5598 3566 5654 loca

2001 5672 2217 5736 ornant.
2259 5662 2417 5736 Quod
2471 5663 2648 5730 palam
2713 5667 2885 5734 vergit
2940 5669 2992 5718 in
3055 5676 3454 5736 contemptum,
3503 5685 3567 5724 ac

2000 5735 2148 5788 velut
2197 5733 2586 5803 inticiatiouem
2621 5733 2914 5803 assumpta:
2938 5736 3006 5789 ab
3030 5752 3098 5790 eo
3147 5733 3356 5794 natura:
3389 5740 3560 5793 homi-

2001 5806 2104 5868 nis,
2148 5820 2209 5858 ac
2246 5802 2724 5884 alapicltaistuutn,
2760 5802 2820 5860 ut
2863 5806 3033 5876 liquet
3072 5824 3137 5864 cx
3171 5808 3228 5864 S.
3270 5807 3567 5881 Niccpltori

2001 5876 2406 5931 Antirrhettcts.

1999 5884 2406 5931 Antirrhettcts.
