3978 6652
298 445 303 450 ·
374 424 473 490 9391

1817 422 2161 483 ANONYMI

3538 415 3643 480 892

372 553 490 598 toto
517 554 744 610 corpore
773 554 868 598 eos
895 537 1148 610 stigmata
1177 536 1308 594 .lesu
1339 535 1819 601 circumferentes,
1849 537 1946 590 ho-

2083 539 2255 600 κεῖνος
2288 537 2491 608 ποιμὴν
2523 537 2580 594 ὲν
2613 536 2720 606 ὅλῳ
2761 533 2838 604 τῷ
2871 531 3086 606 σώματι
3130 531 3354 597 τούτους
3388 533 3490 588 τοῦ
3536 533 3643 603 Ἰη-

375 649 510 690 uore
544 630 996 706 prosequebatur,
1032 629 1373 699 habebatque
1407 629 1764 695 venerationi,
1800 646 1864 684 ac
1893 630 1960 703 in

374 722 621 778 omnium
645 730 957 790 conspectu,
985 737 1108 776 cum
1142 731 1353 789 tempus
1383 719 1616 785 tulisset,
1636 736 1948 776 sermonum

375 814 643 868 consertis
670 812 930 883 symbolis
957 812 1275 868 exornabat.
1303 811 1561 866 Facessat
1586 822 1730 866 mota
1767 815 1954 867 adver«

377 921 472 959 sus
516 903 654 958 istos
691 903 927 962 invidia,
970 918 1303 970 manumque
1335 902 1415 956 ori
1453 902 1736 958 dementes
1774 904 1954 974 impo-

379 1004 532 1055 nant,
584 994 676 1063 qui
724 1009 820 1046 sua
870 993 970 1060 ipsi
1029 993 1289 1061 nequitia,
1337 993 1488 1047 orbis
1529 993 1617 1047 illa
1667 994 1953 1048 luminaria

380 1087 609 1139 invicem
634 1085 858 1140 adversa
884 1084 1070 1140 etfreni
1115 1086 1378 1141 hactenus
1405 1100 1501 1140 ore
1527 1085 1952 1141 calumniantur.

449 1266 718 1321 Caeterum
764 1265 1006 1336 pontifex
1035 1309 1049 1328 ,
1086 1273 1183 1321 hos
1233 1267 1372 1321 bene
1409 1269 1758 1324 consulentes
1799 1283 1957 1322 assu-

382 1377 554 1420 mens.
588 1376 692 1414 una
728 1375 854 1414 cum
891 1360 1176 1428 prtecipuis
1213 1360 1604 1429 metropolitis,
1629 1375 1806 1428 Opera:
1834 1376 1952 1430 pre-

384 1455 516 1504 tium
551 1453 824 1504 duxerunt
851 1461 905 1504 ut
939 1466 1122 1505 coram
1157 1451 1538 1521 imperatorem
1569 1452 1804 1517 adirent,
1839 1467 1959 1520 spe-

382 1554 565 1599 rantes
599 1544 713 1597 l'ore
747 1552 803 1598 ut
835 1543 1186 1612 subingressa
1239 1544 1292 1596 in
1327 1541 1624 1598 Eeclesiam
1662 1544 1918 1600 scandala
1940 1587 1954 1607 ,

383 1651 446 1689 ac
492 1651 725 1711 nequam
778 1635 1096 1698 haereticos,
1142 1634 1459 1704 dejicerent.
1495 1635 1574 1689 Ac
1606 1651 1732 1688 vero
1783 1637 1956 1689 virum

383 1727 676 1795 quemdam
739 1728 791 1782 in
866 1726 1127 1797 dignitate
1189 1728 1548 1784 constitutum
1613 1737 1956 1796 sequestrum

384 1817 739 1882 alltibeutes,
771 1818 1000 1887 ingressi
1049 1826 1177 1872 sunt
1216 1816 1281 1870 ad
1327 1818 1744 1888 imperatorem,
1799 1819 1961 1889 eique

389 1924 487 1978 pro
519 1909 773 1967 omnibus
794 1947 809 1970 ,
853 1920 910 1961 ttt
950 1908 1176 1978 quisque
1206 1909 1444 1973 valebat,
1477 1910 1680 1978 gratias
1714 1919 1958 1980 agentes,

387 2017 510 2056 cum
543 2001 653 2070 jam
689 1999 1011 2056 Theodorus
1055 2016 1362 2056 sermonem
1411 2001 1480 2056 de
1521 2001 1772 2058 Eccl-asia:
1811 2003 1961 2061 sanis

389 2093 661 2163 dogmatis
692 2093 1110 2166 proposuisset:
1151 2093 1385 2162 jusserat
1445 2094 1590 2150 enim
1653 2109 1682 2148 a
1735 2094 1961 2148 victoria

391 2184 691 2252 appellatus
720 2182 1059 2252 NicepbOrus
1086 2183 1416 2251 patriarcha,
1447 2192 1505 2237 ut
1537 2184 1580 2239 is
1613 2183 1770 2241 (idem
1799 2199 1964 2251 expo-

390 2283 544 2330 neret.
577 2291 590 2329 :
625 2275 906 2343 perculsus
941 2275 1239 2343 imperator
1263 2276 1384 2344 ejus
1409 2276 1612 2339 verbis,
1643 2277 1962 2344 nolensque,

393 2375 452 2420 ut
484 2381 597 2422 rem
629 2366 804 2422 dicam
829 2406 845 2431 ,
887 2367 1019 2422 dare
1067 2368 1391 2422 solutiOnem
1439 2368 1693 2425 Ecclesia:
1715 2411 1728 2433 ,
1765 2371 1967 2441 quippe

390 2459 485 2529 qui
517 2461 664 2514 velut
703 2461 1093 2528 antesignanus
1128 2460 1615 2516 lconomacltorum
1645 2504 1660 2527 ,
1695 2462 1968 2530 ejusdem-

390 2566 498 2618 que
528 2567 592 2606 ac
626 2551 700 2604 illi
728 2553 1013 2607 sententiae
1037 2561 1200 2618 esset,
1247 2551 1346 2616 Tu,
1392 2553 1569 2622 inquit
1616 2554 1682 2609 ad
1723 2555 1965 2609 divinum

392 2643 766 2708 'l'heodorutn,
785 2644 840 2698 in
862 2661 1000 2698 more
1021 2645 1251 2713 positum
1273 2644 1430 2699 habes
1451 2648 1667 2714 sceptris
1697 2648 1968 2702 resistere:

395 2736 543 2790 velut
573 2736 947 2806 improperans
971 2737 1185 2807 plenam
1224 2737 1369 2792 illam
1395 2738 1662 2793 libertatis
1689 2741 1979 2809 reprehett-'

396 2827 642 2890 sionem,
687 2842 846 2896 quam
905 2827 1213 2885 communis
1263 2829 1349 2882 illa
1401 2828 1661 2884 Ecclesia:
1711 2830 1822 2895 fax,
1873 2847 1972 2886 ceu

394 2918 627 2974 Phinees
652 2920 939 2977 temulator
958 2961 973 2985 ,
1005 2922 1107 2974 sub
1134 2921 1346 2975 duobus
1377 2923 1796 2992 imperatoribus
1827 2921 1970 2978 (1οη-

395 3013 639 3067 ει·ιιιιὶιιο
670 3028 734 3066 ac
767 3012 1073 3084 Nicephoro
1099 3013 1333 3072 fecisset.
1371 3012 1514 3074 Sane
1543 3016 1688 3070 enim
1714 3016 1784 3069 ob
1806 3016 1975 3072 animi

397 3105 588 3160 uculos
628 3115 930 3162 versantem
978 3106 1210 3162 habebat
1233 3153 1245 3170 ,
1279 3123 1441 3178 quam
1481 3107 1526 3162 is
1559 3123 1778 3178 quoque
1814 3108 1976 3165 mise-

2056 629 2149 683 σοῦ
2173 630 2241 684 τὰ
2269 630 2544 699 στίγματα
2574 628 2991 700 περιφέροντας.
3016 627 3242 696 ἐτιμᾶτο
3272 625 3366 680 καὶ
3392 625 3645 700 ἐσέϐετο,

2055 723 2151 775 καὶ
2183 722 2276 775 ἐπὶ
2303 723 2436 774 πᾶσι
2469 721 2592 776 καθ’
2625 721 2773 790 ὤραν
2804 722 2916 782 τοῖς
2953 722 3020 773 ὲκ
3049 718 3158 774 τῶν
3211 719 3385 786 λόγων
3427 719 3650 787 ἐράνοις

2057 815 2361 886 ἐγέραιρεν.
2425 813 2661 884 Ἐῥρἑτω
2700 812 2894 880 φθόνος
2937 814 2966 865 ὁ
3015 812 3156 866 κατὰ
3209 812 3413 865 τούτων
3462 809 3652 863 κινού-

2061 925 2219 979 μενος
2250 906 2386 975 (2i),
2413 906 2503 958 καὶ
2528 907 2686 975 χεῖρα
2703 904 2794 956 ἐπὶ
2820 905 2994 972 στόμα
3020 903 3080 956 τὸ
3106 903 3316 956 ἑαυτῶν
3338 903 3649 955 τιθέτωσαν

2057 1001 2104 1051 οἱ
2135 998 2494 1068 ἐμϐρόντητοι
2519 1036 2532 1056 .
2565 996 2613 1048 oi
2647 999 2712 1064 τῇ
2747 994 2898 1064 σφῶν
2927 995 3096 1063 κακίᾳ
3123 1036 3137 1058 ,
3171 995 3297 1057 τοὺς
3324 996 3423 1062 τῆς
3461 997 3649 1046 οἰκου-

2062 1090 2228 1158 μένης
2260 1088 2580 1157 φωστῆρας,
2615 1088 2733 1140 κατ’
2772 1087 3014 1157 ἀλλήλων
3062 1087 3224 1156 μέχρι
3257 1086 3354 1139 τοῦ
3388 1084 3490 1138 νῦν
3522 1085 3655 1140 ἀθυ-

2062 1181 2448 1251 ροστομοῦντες
2483 1179 2910 1232 ὲνδιαϐἁλλουσι.

2132 1281 2277 1350 Πλὴν
2311 1280 2421 1349 (9.2)
2461 1281 2638 1342 καλοῖς
2674 1278 3000 1348 συμϐούλοις
3029 1276 3153 1348 Heg.
3181 1275 3379 1332 καλοὺς
3408 1269 3657 1340 συμϐού-

2058 1372 2182 1434 λους
2207 1368 2456 1440 τούτους]
2485 1371 2511 1422 ὁ
2532 1368 2822 1438 ἀρχιερεὺς
2847 1367 2942 1419 σὺν
2963 1368 3077 1428 τοῖς
3098 1364 3290 1431 λογάσι
3309 1361 3525 1422 τούτοις
3551 1357 3658 1410 τῶν

2064 1462 2476 1534 μητροπολιτῶν
2523 1459 2998 1530 προσλαϐόμενος,
3050 1457 3130 1518 είς
3181 1454 3308 1508 θέαν
3362 1452 3460 1506 τοῦ
3515 1467 3658 1521 κρα-

2058 1554 2277 1617 τοῦντος
2313 1552 2483 1607 ἐλθεῖν
2515 1550 2848 1620 ὑπειλήφασι
2872 1588 2887 1609 .
2919 1547 2986 1601 τὰ
3030 1543 3462 1616 παρεισελθόντα
3505 1540 3660 1593 κῶλα

2061 1651 2126 1718 τῇ
2171 1645 2467 1714 Ἐκκλησία
2493 1642 2744 1697 καθελεῖν
2786 1641 3277 1713 προσδοκήσαντες.
3313 1635 3423 1688 Καὶ
3459 1632 3529 1702 δὴ
3553 1632 3661 1683 τῶν

2061 1741 2120 1793 ὲν
2149 1737 2290 1792 τέλει
2327 1737 2433 1789 τινὶ
2463 1734 2658 1805 μεσίτῃ
2696 1732 3037 1804 χρησάμενοι
3061 1771 3075 1792 ,
3108 1728 3244 1798 πρὸς
3290 1728 3381 1779 τὸν
3426 1723 3662 1794 βασιλέα

2063 1829 2478 1900 εἰσεληλύθεσαν
2500 1865 2516 1890 ,
2546 1827 2641 1880 καὶ
2675 1826 2802 1894 περὶ
2841 1823 3060 1876 πάντων
3108 1822 3206 1890 τὴν
3252 1815 3658 1888 εὐχαριστίαν,

2062 1923 2136 1986 ὼς
2161 1918 2272 1992 εἶχε
2296 1921 2579 1988 δυνάμεως
2607 1919 2837 1981 ἕκαστος
2860 1915 3041 1970 αὐτῶν
3063 1913 3141 1984 τῷ
3170 1911 3378 1981 βασιλεῖ
3404 1911 3662 1977 ἀφοσιω-

2066 2018 2320 2086 σάμενος,
2353 2013 2447 2068 τοῦ
2483 2012 2719 2082 μεγάλου
2753 2008 3032 2078 Θεοδώρου
3075 2007 3166 2060 τὸν
3198 2005 3355 2072 λόγον
3387 2003 3494 2074 ἤδη
3533 2001 3663 2069 περὶ

2064 2107 2171 2160 τῶν
2208 2106 2304 2175 τῆς
2335 2105 2662 2172 Ἐκκλησίας
2684 2100 2968 2170 δογμάτων
3007 2096 3420 2167 προτείναντος·
3467 2090 3665 2144 τοῦτον

2065 2202 2173 2273 γὰρ
2203 2197 2540 2268 εἰσηγεῖσθαι
2568 2195 2637 2248 τὰ
2664 2195 2794 2266 περὶ
2823 2193 3060 2254 πίστεως
3091 2191 3120 2242 ὁ
3155 2191 3253 2258 τῆς
3284 2186 3444 2256 νίκης
3486 2182 3666 2252 φερώ-

2067 2311 2235 2362 νυμος
2277 2288 2653 2361 προετρέψατο
2675 2302 2692 2319 ⁸
2739 2283 3200 2354 καταϐροντηθεὶς
3239 2282 3266 2334 ὁ
3300 2279 3434 2345 ἄναξ
3469 2276 3663 2331 τούτου

2067 2386 2176 2446 τοῖς
2211 2383 2439 2453 ῥήμασι,
2469 2380 2584 2443 καὶ,
2623 2377 2688 2430 ἶν’
2721 2379 2876 2433 εἴπω.
2915 2374 3067 2427 λύσιν
3102 2375 3166 2442 τῇ
3208 2368 3517 2438 Ἐκκλησία
3560 2383 3663 2418 παι

2073 2476 2290 2545 ρασχεῖν
2349 2470 2422 2539 μὴ
2465 2468 2829 2538 βουλόμενοςο
2872 2464 3103 2535 ἐπείπερ
3149 2463 3223 2524 ὼς
3266 2460 3518 2531 ἀρχηγὸς
3571 2456 3664 2508 καὶ

2070 2559 2318 2629 ὁμόδοξος
2337 2557 2444 2610 τῶν
2473 2557 2852 2625 Είκονομάκων
2879 2553 3140 2623 ἐτύγχανε
3163 2569 3176 2580 ·
3207 2551 3309 2616 Σὺ,
3333 2549 3493 2618 φησὶ,
3528 2545 3663 2612 προς

2072 2651 2160 2704 τον
2200 2649 2456 2719 θεοφόρον
2481 2648 2786 2716 Θεόδωρον,
2832 2645 2901 2709 ἐξ
2944 2645 3118 2710 ἔθους
3158 2643 3316 2712 ἔχεις
3351 2640 3482 2704 τοῖς
3513 2639 3664 2705 ami-

2073 2759 2279 2810 πτροις
2300 2741 2717 2805 ἀνθίστασθαι,
2742 2737 2816 2801 ὡς
2838 2735 3235 2806 ὀνειδισάμενός
3263 2751 3376 2796 πως
3400 2733 3505 2802 τῆς
3527 2733 3664 2802 παῤ-

2076 2837 2270 2908 ρησίας
2297 2838 2389 2890 τὸν
2418 2835 2659 2905 ἔλεγχον,
2689 2835 2748 2887 ὃν
2778 2833 2872 2888 ἐπὶ
2904 2828 3318 2885 Κωνσταντίνου
3353 2828 3446 2880 καὶ
3487 2826 3661 2894 Νικη-

2076 2931 2244 3000 φόρου
2267 2931 2383 2982 τοῖν
2403 2928 2548 2981 δυοῖν
2577 2926 2865 2995 βασιλέοιν.
2898 2925 3038 2980 κατὰ
3060 2923 3151 2976 τὸν
3179 2921 3426 2991 ζηλωτὴν
3448 2917 3659 2979 Φινεὲς,

2076 3025 2104 3077 ὁ
2136 3023 2313 3085 κοινὸς
2328 3019 2481 3082 οὗτος
2501 3020 2602 3090 τῆς
2633 3019 2959 3087 Ἐκκλησίας
2979 3011 3198 3086 ’πυρσὸς
3228 3013 3658 3082 κατειργάσατο.

2078 3116 2185 3170 Ναὶ
2227 3115 2335 3184 γὰρ
2367 3116 2459 3167 ἀπ’
2494 3113 2744 3174 ἐναντίας
2785 3107 2932 3181 εἶχε,
2967 3109 3061 3162 καὶ
3089 3109 3180 3160 τὸν
3219 3106 3296 3177 τῷ
3334 3105 3534 3159 ἄνακτι
3568 3102 3662 3156 Νι-

397 3198 625 3256 rabilem
659 3210 889 3255 mortem
932 3197 1240 3266 Nicephoru
1281 3199 1594 3269 imperatori
1624 3202 1694 3254 ob
1730 3201 1909 3256 aliene
1945 3216 1973 3255 a

2081 3207 2306 3276 κηφόρῳ
2327 3206 2417 3260 διὰ
2442 3206 2539 3275 τὴν
2565 3204 2662 3273 τῆς
2692 3199 3068 3272 μοιχοζευξίας
3096 3198 3379 3266 ἀλόγιστον
3406 3195 3662 3247 ἔνστασιν

347 3353 350 3358 _
398 3289 610 3344 ratione
638 3291 1148 3362 contentiosiusque
1187 3290 1442 3348 defensas
1471 3293 1803 3350 adulterinas
1835 3309 1974 3364 nup-

401 3383 522 3448 tias,
550 3383 745 3452 spiritu
782 3385 1099 3452 propltetico
1134 3385 1475 3453 praedixisset
1508 3403 1521 3438 :
1562 3397 1816 3454 metuque
1855 3401 1978 3455 per-

399 3488 629 3538 cussus,
663 3474 968 3546 siquidem,
1007 3476 1216 3544 inquit,
1250 3477 1414 3532 etiam
1451 3476 1635 3531 hostes
1671 3477 1779 3538 viri,
1809 3477 1979 3532 virtu-

402 3569 511 3616 tem
544 3575 891 3632 reverentur;
924 3564 1073 3624 hisce
1106 3581 1228 3622 eum
1264 3566 1446 3621 verbis
1479 3566 1720 3620 modeste
1754 3567 1978 3638 repelle-

2082 3301 2140 3352 ὲν
2170 3297 2478 3368 Βουλγαρίᾳ
2507 3294 2949 3365 προφητευθέντα
2969 3293 3238 3344 οἴκτιστον
3265 3289 3498 3342 θάνατον
3525 3283 3658 3358 (9.5)’

2082 3391 2177 3444 καὶ
2225 3390 2374 3460 φόϐῳ
2424 3389 2784 3459 βαλλόμενος,
2819 3385 3050 3454 ἐπείπερ
3093 3381 3285 3452 ἀνδρὸς
3319 3378 3530 3450 ἀρετὴν
3581 3378 3661 3430 αί·

2083 3481 2318 3546 δοῦνται,
2352 3481 2514 3550 φησὶ,
2547 3480 2645 3534 καὶ
2684 3478 2955 3547 πολέμιοι·
2987 3476 3196 3537 τούτοις
3243 3471 3476 3542 μετρίως
3511 3468 3660 3538 ἠφίει

2083 3573 2193 3634 τοῖς
2229 3573 2458 3642 ῥήμασι.
2506 3569 2724 3639 ’Δμὲλει
2761 3567 2900 3640 μετὰ
2933 3565 3191 3635 πλείστης
3226 3565 3306 3617 ὅτι
3333 3562 3660 3632 τῆςέύφρο-

1603 3725 1851 3783 FRANC.
1874 3727 2260 3786 COMBEFISII
2291 3727 2525 3786 ΝΟΤίΕ.
2569 3776 2581 3792 .

475 3889 589 3961 (21)
635 3887 817 3942 Minus
844 3890 1172 3958 quandoque
1203 3901 1535 3946 convenerat
1567 3891 1710 3945 inter
1742 3891 1846 3945 SS.
1878 3889 1974 3944 Ni-

406 3962 777 4030 cephorumiet
820 3961 1190 4024 Theodorum,
1237 3963 1527 4018 occasione
1578 3963 1832 4029 receptia
1879 3961 1978 4015 Ni-

407 4029 645 4102 cephoro
703 4029 927 4097 Josephi
993 4034 1292 4102 presbyteri
1353 4043 1407 4086 et
1462 4033 1760 4097 (economi,
1814 4048 1977 4101 quem

410 4102 467 4156 S.
498 4099 763 4155 Tarasius
788 4102 904 4167 ejus
933 4099 1192 4155 decessor
1207 4103 1525 4166 amovisset,
1556 4103 1626 4156 ob
1659 4099 1976 4157 benedictus

409 4174 751 4226 iucestuosas
787 4172 1131 4225 Constantini
1172 4174 1410 4242 nuptias,
1445 4190 1552 4242 qua
1592 4175 1660 4227 de
1703 4189 1760 4227 re
1792 4174 1979 4227 multis

409 4243 610 4297 Baron.
653 4259 781 4296 ann.
835 4242 938 4296 806
990 4259 1054 4297 ac
1103 4242 1381 4312 deinceps.
1449 4244 1650 4300 Verum
1685 4254 1844 4298 erant
1874 4245 1979 4310 iam

412 4314 506 4368 illa
557 4313 741 4366 omnia
805 4314 983 4382 sopita
1046 4329 1076 4369 a
1141 4316 1322 4382 primo
1382 4314 1665 4370 Michaelis
1723 4315 1978 4382 imperio,

410 4385 632 4454 quando
691 4383 1018 4438 Theodorus
1065 4401 1126 4438 ac
1154 4385 1349 4454 reliqui
1389 4386 1730 4440 confeSsores
1757 4385 1981 4453 praefato

409 4453 721 4519 Nicephoro
760 4453 1578 4517 commordent-unt,adnitente
1628 4454 1819 4510 eodem
1875 4456 1980 4507 iut-

410 4533 684 4606 peratore,
718 4526 808 4606 ubi
837 4525 1166 4606 patriarcha.
1187 4527 1554 4606 etnetidasset.
1583 4526 1628 4580 si
1659 4525 1982 4606 quirbantea

414 4594 471 4649 in
494 4609 560 4648 eo
592 4595 810 4659 negotio
833 4605 1113 4664 peccatum
1145 4594 1322 4650 fuerat
1353 4614 1365 4648 :
1400 4597 1769 4664 deincepsque
1793 4594 1984 4663 juncta

414 4680 479 4735 ac
531 4665 806 4734 praecipue
837 4667 1161 4719 coltottante
1217 4665 1530 4729 Theodoro,
1595 4667 1708 4735 ipse
1764 4681 1988 4734 quoque

414 4733 754 4803 Nicephorius
795 4751 917 4788 cum
953 4737 1143 4790 iisdem
1176 4739 1460 4791 confessor
1486 4733 1984 4805 fuitIquos’spreta

415 4806 537 4874 ejus
595 4810 912 4858 communio
946 4807 1289 4862 confessor-es
1337 4809 1488 4875 prius
1547 4804 1769 4861 fecerat.
1804 4809 1860 4859 S.
1891 4804 1987 4857 Ni-

416 4876 640 4945 cephori
705 4877 956 4945 purgatio
1023 4878 1147 4941 fuit,
1217 4880 1355 4932 tacta
1403 4877 1574 4932 fuisse
1639 4877 1988 4946 imperatoris

416 4947 676 5018 violentia
717 4963 1061 5018 quaecunque
1091 4949 1444 5011 accidissent,
1475 4958 1533 5002 ut
1560 4949 1636 5001 ait
1667 4947 1988 5018 Theodorus

399 5019 470 5071 ‘in
505 5015 624 5070 Vita
667 5020 723 5070 ὃ.
775 5015 1034 5074 Platonis.
1081 5019 1323 5073 Excusat
1381 5019 1576 5072 Baron.
1611 5020 1737 5087 quia
1774 5035 1803 5070 e
1835 5017 1988 5070 laicis

417 5098 641 5158 repente
683 5097 904 5145 ever-tus
951 5091 1002 5142 in
1060 5091 1267 5152 sedem,
1314 5091 1494 5144 minus
1542 5091 1707 5144 sciret
1743 5103 1864 5156 quae
1904 5103 1992 5142 es-

418 5170 536 5230 sent
566 5159 708 5227 juris
737 5161 1096 5230 ecclesiastici
1133 5180 1146 5214 :
1170 5162 1262 5215 sed
1289 5163 1465 5230 major
1493 5162 1610 5229 ejus
1635 5160 1808 5229 ipsius
1836 5159 1987 5230 ﬁdes,

418 5229 709 5298 ipsumque
771 5229 1059 5286 referentis
1113 5233 1291 5301 magni
1333 5229 1628 5295 Theodori,
1685 5245 1849 5301 quam
1917 5229 1986 5280 ita

418 5301 717 5355 divinantis
770 5301 1010 5356 Baronii.
1049 5301 1172 5355 Fuit
1209 5319 1339 5370 ergo
1386 5304 1437 5356 itt
1478 5304 1535 5355 S.
1575 5301 1882 5370 Nicephoro
1912 5301 1988 5354 si-

419 5381 581 5424 nente
616 5388 675 5425 se
731 5372 950 5434 abduci,
1012 5382 1069 5425 ut
1122 5374 1192 5426 ita
1249 5373 1472 5442 indigno
1530 5371 1986 5442 communicaret,

420 5443 682 5495 mundani
709 5444 914 5510 aliquid
944 5443 1179 5502 timoris,
1211 5454 1269 5496 ut
1316 5439 1490 5510 neque
1522 5445 1574 5495 iu
1605 5443 1698 5496 illo
1729 5439 1987 5502 defuerit,

419 5527 622 5576 respere
651 5523 698 5566 et
739 5529 890 5567 ntaue
914 5516 1024 5567 dies
1051 5530 1207 5566 unus.
1243 5512 1418 5580 Quam
1450 5513 1797 5582 postmodum
1835 5521 1987 5582 arcto

417 5583 701 5636 societatis
729 5585 947 5638 vinculo
967 5586 1143 5652 juncti
1171 5585 1391 5648 fuerint,
1425 5581 1489 5638 ac
1509 5598 1566 5636 se
1590 5592 1780 5636 mutuo
1801 5581 1988 5635 obser-

425 5653 623 5715 varint,
661 5655 828 5721 liquet
861 5671 927 5710 ex
962 5657 1026 5710 iis
1059 5670 1179 5722 qua:
1212 5656 1403 5708 scribit
1429 5653 1661 5707 Michael
1693 5653 1817 5707 istis
1856 5665 1992 5706 con-

422 5734 703 5795 sentanea,
739 5722 1038 5795 recitatque
1068 5723 1268 5779 Baron.
1305 5739 1450 5780 anno
1477 5723 1600 5795 8‘25.

493 5794 605 5863 (22)
643 5796 838 5852 Eadem
874 5790 1065 5850 reeitat
1104 5795 1330 5850 Michael
1385 5797 1438 5849 in
1466 5793 1588 5847 Vita
1627 5790 1925 5852 Theodori,
1959 5806 1989 5844 a

420 5861 658 5923 Duronio
683 5868 886 5922 relatus
919 5885 1050 5922 ann.
1085 5867 1210 5932 821,
1249 5883 1301 5920 ιι.
1336 5867 1423 5932 59,
1460 5867 1598 5920 hanc
1636 5873 1846 5918 tantum
1879 5863 1987 5916 cir-

2088 3897 2478 3956 cumstantiam
2517 3895 2708 3960 silens,
2744 3909 2867 3948 cum
2901 3893 3092 3962 primis
3123 3891 3414 3946 Theodoro
3448 3889 3656 3962 glorio-

2090 3981 2231 4029 sam,
2259 3977 2316 4020 ιιι
2340 3969 2388 4020 ei
2420 3967 2727 4036 patriarcha
2753 3961 2934 4035 partes
2964 3963 3299 4018 commiserit
3327 3961 3657 4036 explicandae

2091 4036 2212 4094 ﬁdei
2256 4034 2478 4092 nomine
2510 4037 2677 4091 totius
2727 4034 2869 4090 sacri
2907 4043 3153 4095 senatus.
3185 4049 3369 4087 coram
3423 4034 3656 4099 impera-

2088 4115 2205 4160 tore
2230 4126 2244 4161 ε
2276 4109 2434 4174 cujus
2463 4105 2980 4175 etiamexplieaudm
3011 4121 3074 4158 ac
3103 4102 3455 4175 defendendae
3479 4111 3657 4175 partes

2089 4173 2379 4248 praecipua!
2413 4181 2696 4231 cinxerant
2719 4173 2910 4230 coram
2958 4175 3138 4248 Leone
3170 4173 3448 4248 Michaelis
3474 4173 3657 4226 deces-

2089 4244 2237 4320 έθτῖδο
2254 4244 2373 4320 imi
2389 4249 2857 4320 aUCl0r_§ttperius
2878 4261 3006 4320 eum
3045 4246 3163 4313 ipso
3188 4244 3476 4320 Michaele.
3623 4309 3652 4320 γ’

2159 4318 2270 4387 (ἓὸὶ
2330 4317 2526 4372 Narrat
2576 4317 2805 4372 Michael
2841 4317 3126 4387 pluribus,
3159 4331 3278 4387 eam
3320 4315 3420 4366 viri
3481 4315 3652 4387 sancti

2087 4384 2452 4457 pruphetiam,
2487 4399 2617 4444 tunc
2650 4384 2853 4442 editam
2886 4407 2898 4441 :
2929 4403 3052 4441 cum
3090 4386 3434 4452 Nicephorus
3468 4384 3656 4457 adver-

2089 4453 2481 4530 sus'Bulgaros
2533 4475 2780 4530 movens,
2804 4527 2817 4530 _
2843 4459 3018 4511 modis
3054 4457 3314 4510 omnibus
3374 4453 3653 4530 satagebat

2020 4525 2383 4602 Dadjungei‘e
2433 4531 2559 4602 Asibi
2636 4527 3022 4602 'l‘lteodorttnt_,
3072 4541 3136 4579 ac
3186 4525 3652 4602 contpruhatoretn

2093 4596 2291 4654 habere
2341 4600 2481 4653 male
2509 4602 2577 4655 ab
2594 4614 2659 4654 eo
2681 4607 2958 4665 gestorum
2981 4598 3032 4649 in
3069 4599 3286 4663 negotio
3317 4596 3652 4665 nuptiarum.

2091 4667 2276 4724 Refert
2307 4671 2504 4724 Baron.
2539 4687 2630 4724 an.
2661 4663 2785 4730 Sull,
2819 4684 2931 4738 quo
2957 4663 3496 4742 etianrNieephorus
3528 4663 3656 4742 vivis

2090 4750 2375 4808 exetttplus
2419 4751 2524 4805 est,
2587 4736 2897 4810 peremptus
2957 4755 2999 4810 ar
3041 4736 3327 4806 Bulgaris,
3384 4736 3449 4790 ad
3507 4736 3656 4794 cuius

2093 4810 2330 4864 ntaxime
2360 4813 2560 4865 caedem
2591 4809 2864 4880 ’spectare
2917 4809 3197 4870 videatur,
3254 4821 3428 4880 quant
3469 4817 3654 4859 auctor

2095 4881 2379 4935 historiam
2434 4899 2555 4935 tnux
2609 4875 2969 4935 enarrandam
3003 4880 3235 4932 assumit
3270 4879 3335 4930 de
3391 4875 3656 4950 Cypriane

2092 4960 2224 5005 tunc
2255 4953 2448 5015 milite,
2501 4961 2686 5018 postea
2728 4965 2859 5003 vero
2903 4951 3194 5011 monacho,
3255 4962 3380 5020 cum
3428 4943 3492 5020 ge
3569 4943 3653 5020 Dei

2091 5023 2386 5077 clementia
2416 5041 2440 5072 a
2479 5015 2789 5076 miseranda
2836 5021 2923 5073 illa
2957 5029 3138 5086 strage
3167 5034 3230 5072 ac
3255 5018 3402 5071 caede
3428 5015 3652 5068 Romani

2090 5094 2361 5148 exercitus
2385 5109 2414 5147 a
2448 5091 2832 5162 Bulgaristob
2867 5100 3138 5162 servatam
3163 5090 3496 5146 castitatem,
3535 5086 3655 5161 libe:

2094 5175 2270 5235 ratum
2308 5158 2683 5235 intellexisset,
2718 5160 2856 5235 Nunt
2886 5163 2931 5215 is
2966 5163 3078 5235 ipse
3103 5158 3413 5235 Cyprianus
3443 5167 3536 5217 sit,
3567 5158 3650 5235 {illi

2093 5234 2146 5286 in
2201 5233 2320 5288 Vita
2375 5232 2432 5290 S.
2491 5234 2703 5302 Ignatii,
2745 5231 2864 5301 ejus
2924 5224 3105 5304 sarius
3138 5224 3538 5304 punitur._cum
3572 5224 3654 5304 ille

2095 5313 2304 5377 mutato
2336 5301 2757 5377 ltabitu’aul'ugit
2787 5303 3042 5377 custodes
3075 5301 3271 5364 latens,
3304 5301 3404 5353 etsi
3437 5301 3654 5377 omnino

2093 5374 2364 5428 aﬂirtnare
2405 5391 2511 5428 non
2555 5365 2780 5444 possim,
2839 5373 2994 5436 longe
3057 5383 3236 5426 tamen
3292 5385 3423 5423 vero
3485 5365 3652 5444 simile

2093 5447 2356 5500 arbitror.
2385 5444 2536 5499 Haud
2556 5436 2772 5513 'quippe
2791 5444 2932 5497 alius
2951 5446 3065 5515 viro
3087 5451 3278 5515 saneto
3303 5457 3366 5494 ac
3393 5436 3652 5515 monacho

2093 5518 2276 5569 socius
2323 5516 2486 5569 fuerit
2534 5507 2722 5585 quam'
2760 5513 3062 5585 monachus
3112 5532 3126 5567 :
3182 5513 3338 5581 isque
3364 5507 3650 5585 “grandior

2094 5596 2247 5649 natu,
2281 5587 2460 5654 qualis
2491 5579 2611 5639 erat
2635 5587 2726 5639 ille
2752 5584 3060 5654 Cyprianus
3091 5598 3119 5634 a
3156 5579 3331 5654 morte
3364 5579 3649 5654 Nicephuri

2095 5646 2346 5710 sanctius
2372 5659 2493 5710 vitae
2521 5673 2691 5725 genus
2732 5646 3035 5723 professus,
3069 5669 3132 5708 ac
3167 5646 3653 5725 til_SCipltiU~‘_Ni-l‘0‘

2092 5725 2187 5788 lai,
2233 5741 2394 5794 quem
2440 5720 2584 5780 nulla
2627 5727 2710 5779 vis
2735 5720 3142 5794 persecutionis
3169 5722 3237 5777 ad
3293 5720 3646 5778 defectionem

2093 5796 2161 5854 ab
2185 5795 2391 5868 lguatio
2419 5796 2697 5867 impellere
2731 5796 2928 5864 potuit.
