3978 6652
383 420 491 483 895
1824 431 2174 492 ΑΝΟΝΥΜῘ
3544 436 3653 495 896

385 533 500 598 lter.
539 533 754 588 tametsi
785 533 984 588 bellum
1032 536 1455 609 haudquaquam
1500 541 1552 595 in
1606 541 1967 598 barbarorum

2102 544 2316 608 ιίκαιον,
2349 544 2556 614 ἔλεγον,
2589 539 2634 598 ὧ
2666 547 2863 616 γύναι,
2895 548 2943 600 εί
2980 554 3075 602 καὶ
3111 549 3184 620 μὴ
3212 549 3304 601 ἐπὶ
3351 549 3520 620 ξυροῦ
3564 551 3672 603 τῶν

387 625 653 679 novacula
682 627 917 696 positum
953 641 1135 695 esset,
1171 633 1476 688 castitatem
1520 634 1726 705 legibus
1762 636 1964 692 divinis

2102 634 2376 704 lap6dpwv
2414 636 2660 706 ὑπῆρχεν
2693 639 2721 690 ό
2754 636 3012 707 πόλεμος,
3043 639 3145 706 τήν
3192 654 3254 704 γε
3305 637 3676 707 σωφροσύνην

389 726 713 782 przcceptam
762 721 1048 787 oportebat
1093 723 1404 778 intiolatam
1445 742 1682 781 servare.
1727 727 1820 782 Sin
1865 746 1964 783 au-

2102 725 2175 778 δει
2205 726 2345 778 κατά
2365 727 2490 790 τοὺς
2515 726 2611 779 τοῦ
2635 727 2770 779 Θεοῦ
2795 728 2995 797 νόμους
3023 727 3460 796 διαφυλάξασθαι
3485 727 3557 781 ᾶτ
3569 744 3679 796 ρω-

393 813 498 857 tem
534 806 654 859 belli
695 819 971 863 armatura
1015 813 1228 880 jnstitia
1259 823 1376 879 est;
1407 816 1681 887 siquidem
1732 820 1803 873 ita
1868 836 1963 873 vo-

2103 834 2180 870 ον.
2214 818 2274 868 El
2305 817 2360 869 δὲ
2392 818 2487 872 καὶ
2515 819 2654 872 ὅπλα
2682 820 2920 888 πολέμου
2950 820 3288 889 δικαιοσύνη,
3319 822 3480 890 εἴπερ
3515 821 3678 871 ἐνθεν

391 893 616 963 luptatis
646 899 826 967 gladio
851 903 1072 956 saucius
1106 921 1281 959 meam
1312 907 1427 975 ipse
1455 910 1619 962 miser
1645 911 1970 979 jugttlavcro

2102 905 2435 976 ;ατα6ληθεὶς
2459 909 2537 978 τῷ
2569 909 2711 978 ξίφει
2738 912 2836 980 τῆς
2865 910 3060 979 ἡδονῆς
3088 911 3186 978 τὴν
3219 911 3456 979 ἐμαυτοῦ
3487 909 3681 978 ψυχὴν

393 987 629 1040 animam
653 1030 667 1052 ,
714 993 806 1058 qui
853 995 916 1046 ad
956 1010 1191 1062 pugnam
1227 1013 1349 1050 cum
1386 1001 1542 1054 hoste
1578 1003 1968 1057 conserendam

2102 995 2408 1062 ιατασφάξω
2430 999 2458 1049 ὁ
2485 997 2750 1062 δείλαιος,
2791 998 2907 1062 πῶς
2957 999 3090 1068 πρὸς
3122 998 3221 1067 τὴν
3264 999 3373 1050 τῶν
3408 991 3683 1051 ἐναῧτίων

394 1080 662 1144 prolicisci
697 1083 924 1149 possim,
955 1087 1047 1153 qui
1085 1087 1198 1155 jam
1239 1089 1352 1158 ipse
1390 1102 1514 1145 ante
1550 1093 1793 1160 prmlium
1831 1110 1974 1148 mor-

393 1177 517 1222 tnns
556 1173 862 1227 exsistam?
915 1175 1008 1230 Illa
1072 1195 1234 1246 porro
1287 1195 1568 1237 sermones
1599 1185 1971 1254 hujuscemodi

393 1259 649 1326 audiens,
687 1280 812 1318 cum
850 1269 1129 1335 paululum
1167 1274 1520 1335 recessisset,
1553 1276 1618 1327 ad
1670 1293 1753 1330 me
1785 1294 1978 1332 rursus

393 1351 560 1412 venit,
619 1353 807 1408 iisdem
856 1360 1034 1414 verbis
1098 1361 1162 1414 ad
1223 1378 1463 1416 antorem
1517 1368 1815 1433 pellit-iens.
1860 1369 1979 1437 Ipse

395 1444 749 1503 nihilominus
787 1452 1030 1504 secundo
1073 1470 1292 1524 quoque
1343 1459 1612 1524 repulsam
1663 1461 1808 1514 illam
1857 1478 1980 1514 vcr-

395 1533 481 1586 bis
541 1538 605 1588 ad
673 1541 982 1595 castitatem
1056 1549 1480 1613 provocantibus
1540 1551 1852 1617 irrigabam.
1919 1553 1984 1608 Ut

395 1634 578 1680 autem
627 1631 787 1683 tertio
826 1633 985 1686 etiam
1029 1635 1321 1691 instantem
1375 1641 1514 1704 tidi,
1571 1652 1735 1710 atque
1784 1647 1849 1697 ad
1904 1645 1986 1697 itt-

399 1713 538 1771 ferui
573 1721 902 1788 profundum
926 1726 1206 1782 detrahere
1229 1745 1313 1783 me
1332 1731 1664 1798 cupientem,
1693 1745 1804 1787 tum
1826 1737 1988 1789 velte-

405 1814 643 1866 tuentius
678 1815 1000 1882 inl‘reuteus,
1037 1822 1263 1891 ipsaque
1289 1825 1420 1876 hora
1452 1841 1573 1878 tneo
1603 1826 1780 1895 ipsius
1809 1829 1987 1900 gladio

2077 1087 2254 1157 πάλην
2295 1089 2636 1160 πορεύσομαι
2659 1132 2673 1157 ,
2721 1091 2883 1152 αὐτὸς
2917 1090 3108 1161 νεκρὸς
3142 1091 3241 1160 ἥδη
3289 1091 3385 1144 καὶ
3431 1093 3547 1157 προ
3585 1089 3683 1143 τοῦ

2077 1179 2316 1248 πολέμου
2341 1181 2661 1251 γενόμενος;
2696 1182 2760 1235 Ἦ
2783 1181 2838 1235 δὲ
2863 1182 3308 1252 τοῦτωνῂσθεῖσα
3332 1184 3444 1233 τῶν
3467 1183 3683 1247 λόγων,

2081 1272 2174 1324 καὶ
2203 1271 2397 1342 μικρὸν
2427 1274 2850 1344 ἀναχωρήσασα,
2882 1269 3037 1336 αὖθις
3068 1274 3231 1326 πάλιν
3257 1273 3557 1340 ἐφίσταταί
3595 1291 3687 1341 μοι

2079 1366 2189 1427 τοῖς
2222 1365 2507 1435 προτέροις
2540 1366 2719 1434 λόγοις
2751 1367 2842 1419 τὸν
2881 1367 3061 1436 ἔρωτα
3093 1368 3482 1431 ὐποκνίζουσα.
3537 1366 3688 1418 Ἀλλ’

2081 1456 2280 1524 ὁμοίως
2311 1456 2518 1526 ταύτην
2567 1458 2662 1509 καὶ
2704 1458 2866 1510 πάλιν
2904 1459 3376 1526 ἀποσεισάμενος,
3411 1462 3530 1520 τοῖς
3583 1456 3694 1523 τῆς

2084 1547 2304 1615 ἁγνείας
2367 1549 2698 1620 κατήρδευον
2759 1551 3022 1620 ῥήμασιν.
3090 1550 3177 1612 Ὠς
3235 1550 3290 1602 δὲ
3341 1549 3438 1602 καὶ
3491 1549 3692 1618 τρίτον

2085 1640 2382 1694 ἐπιστᾶσαν
2406 1682 2420 1706 ,
2453 1641 2548 1693 καὶ
2592 1641 2726 1711 πρὸς
2765 1642 3035 1710 πέταυρον
3067 1640 3194 1711 ᾅδου
3247 1639 3566 1709 κατασῦραί
3622 1654 3691 1704 με

2089 1733 2418 1804 βουλομένην
2467 1734 2722 1804 ἑώρακα,
2778 1735 2899 1786 τότε
2958 1733 3202 1804 σφοδρῶς
3251 1731 3695 1802 ἑπεμὸριμησα-

2093 1840 2286 1893 μενος,
2320 1827 2414 1877 καὶ
2456 1828 2521 1896 τῇ
2572 1826 2819 1895 μαχαίρᾳ
2857 1843 2958 1895 μου
3008 1827 3128 1878 κατ’
3171 1826 3341 1895 αὐτὴν
3381 1825 3482 1895 τὴν
3529 1823 3694 1895 ὥραν

401 1904 851 1961 consciscendam
878 1911 1337 1968 illicomntinatus
1361 1928 1608 1973 mortem.
1641 1919 1766 1972 inde
1790 1936 1981 1973 exsur-

2102 1915 2337 1982 γενέσθαι
2386 1918 2478 1970 τὸν
2517 1917 2748 1970 θάνατον
2798 1918 3340 1986 ὲπαπειλησάμενος,
3379 1915 3693 1980 διαναστὰς

403 2008 556 2060 gens,
591 2013 652 2050 ac
685 2004 1059 2058 conscendens
1090 2024 1315 2076 equum,
1346 2009 1560 2064 concito
1593 2028 1757 2065 cursu
1793 2028 1990 2082 prope-

403 2095 568 2140 sztunt
601 2089 702 2144 iter
741 2097 1084 2164 peragebant.

483 2197 500 2230 ι
547 2177 682 2235 Tum
719 2185 829 2249 illa,
867 2188 982 2243 fore
1008 2193 1296 2260 suspicans
1324 2204 1380 2248 ut
1416 2194 1594 2249 fabula
1629 2213 1722 2266 per
1754 2214 1838 2252 me
1871 2199 1989 2252 vul-

401 2280 642 2338 garetur,
676 2275 740 2328 ad
768 2292 952 2333 necem
983 2297 1258 2349 quaerens,
1329 2296 1451 2353 post
1489 2303 1576 2340 me
1616 2303 1804 2344 Servos
1857 2304 1989 2343 suos

401 2366 603 2426 emisit,
637 2368 836 2437 jttbeus
863 2374 1089 2426 omnino
1125 2377 1320 2431 occidi.
1362 2377 1454 2432 Dei
1489 2389 1668 2434 tamen
1722 2383 1986 2436 itnnteusa

337 2453 356 2461 ’λ
402 2457 691 2512 clementia
753 2463 820 2514 ab
863 2463 1058 2518 horum
1095 2469 1321 2535 qna-sita
1373 2485 1526 2534 nece,
1587 2472 1659 2524 ttti
1727 2473 1796 2526 ab
1846 2474 1988 2528 illius

404 2549 600 2604 auium
633 2553 866 2607 exitiosa
893 2556 1115 2625 injuria,
1157 2560 1412 2614 clientem
1438 2563 1706 2630 liberavit,
1744 2565 1990 2633 miraque

404 2642 637 2703 quadam
680 2644 925 2711 ratione,
978 2661 1122 2701 recta
1162 2663 1257 2718 per
1316 2651 1474 2704 aliam
1526 2653 1666 2706 viam
1732 2654 1988 2708 incedere

407 2732 554 2785 fecit.

483 2841 501 2872 ι
539 2822 673 2879 Cum
706 2837 884 2881 autem
917 2830 1058 2886 haud
1090 2833 1159 2886 ita
1182 2834 1392 2903 pridem
1422 2837 1687 2904 Bulgaria:
1710 2838 1842 2893 ﬁnes
1863 2841 1991 2895 atti-

409 2914 635 2981 gissem,
695 2919 948 2989 intraque
1005 2939 1124 2988 eos,
1189 2926 1340 2980 nullo
1393 2928 1502 2981 alio
1541 2931 1755 2986 itineris
1790 2932 1990 2987 comite

408 3009 882 3077 singular-issimns
940 3016 1040 3069 iter
1095 3018 1373 3083 haberent,
1429 3033 1595 3091 atque
1649 3024 1715 3078 ad
1750 3035 1987 3078 montem

407 3103 698 3169 quemdam
737 3105 1166 3175 cegitationibus
1207 3110 1478 3165 distentus
1515 3113 1790 3176 animum,
1860 3134 1982 3186 pro-

409 3196 530 3264 pius
557 3201 913 3254 accessissem
947 3219 962 3253 :
1004 3202 1077 3256 ita
1099 3218 1226 3256 vero
1251 3204 1355 3258 sub
1381 3204 1553 3274 ipsam
1603 3208 1743 3263 hanc
1777 3211 1962 3266 horam

409 3302 558 3341 eram
596 3305 783 3343 revera
842 3292 1086 3347 divinam
1149 3295 1564 3363 inspectionem,
1620 3311 1783 3371 atque
1846 3320 1988 3372 eam,

407 3397 532 3448 qua:
560 3381 692 3437 mihi
755 3386 1183 3453 supervenisset,
1242 3389 1646 3455 calamitatem,
1704 3403 1853 3450 totus
1912 3397 1994 3450 la-

409 3476 615 3544 cryntis
645 3475 921 3544 perfusus,
960 3495 1172 3533 mecum
1226 3483 1412 3535 animo
1459 3494 1717 3552 reputans
1751 3506 1764 3541 :
1802 3504 1990 3543 vocem

413 3567 706 3633 quamdam
761 3570 995 3639 desuper
1022 3587 1050 3623 a
1091 3576 1294 3626 montis
1324 3578 1610 3631 cacumine
1659 3595 1744 3632 me
1790 3596 1994 3635 vocan-

412 3672 520 3712 tem
579 3661 782 3716 audivi.
821 3663 990 3718 Porro
1029 3674 1171 3719 metu
1221 3670 1526 3734 perculsus,
1566 3687 1632 3725 eo
1671 3674 1816 3741 quod
1878 3674 1994 3728 sin-

413 3752 807 3821 gularissimus
862 3771 1066 3820 essem,
1118 3773 1373 3830 aegreque
1423 3765 1726 3819 anhelitum
1780 3768 1994 3822 ducens

417 3859 482 3897 ac
512 3853 777 3908 tremens,
809 3847 875 3899 ad
909 3862 1033 3900 eum
1063 3848 1154 3915 qui
1187 3851 1419 3904 vocabat
1473 3850 1663 3906 faciem
1712 3857 1993 3922 converti;

416 3937 697 4007 agensque
724 3939 936 4001 oculos,
997 3954 1197 3993 novum
1227 3955 1393 4009 supra
1427 3953 1676 3997 naturam
1711 3958 1998 4015 spectacu-

416 4032 527 4084 lum
558 4033 804 4100 perspexi
841 4051 854 4086 :
891 4034 1174 4096 nimirum,
1214 4035 1462 4105 gigantea
1495 4047 1703 4093 statura
1747 4040 1886 4094 albis
1913 4042 1999 4094 in-

414 4126 606 4179 duttun
639 4142 824 4179 senem
863 4126 1060 4190 virum,
1109 4118 1269 4196 cujus
1306 4129 1632 4185 vestimenta
1664 4132 1796 4186 solis
1827 4132 1999 4186 instar

417 4220 768 4290 rel‘ulgerent.
825 4219 876 4273 Is
933 4236 1158 4274 tnautun
1207 4223 1557 4290 protendens,
1594 4224 1749 4292 jubet
1791 4226 1901 4278 cito
1933 4226 1997 4279 ad

418 4328 542 4367 eum
579 4314 893 4367 ascendam.
938 4314 1006 4366 At
1061 4329 1162 4382 ego
1201 4315 1432 4382 depulso
1477 4317 1659 4369 statim
1689 4317 1998 4372 timiditatis

422 4407 678 4472 pondere,
711 4407 1018 4475 gaudioqtte
1062 4407 1414 4470 commixtus,
1444 4409 1509 4461 ad
1545 4424 1671 4461 cum
1728 4412 1996 4474 ascendo,

423 4502 812 4569 inventumque
854 4503 1131 4554 sedentem
1176 4501 1228 4553 itt
1283 4511 1444 4563 terra,
1497 4517 1701 4568 pronus
1751 4503 1995 4556 adoravi.

1972 3257 1986 3279 ’
2017 3253 2063 3313 C

2090 2009 2300 2061 ἐκεῖθεν
2332 2011 2425 2062 καὶ
2455 2009 2650 2073 ἐπιϐάς
2694 2027 2795 2079 μου
2823 2013 2899 2080 τῇ)
2931 2011 3103 2082 ἵππῳ,
3133 2012 3298 2081 τάχος
3325 2011 3424 2081 τὴν
3453 2027 3688 2081 προκει-

2094 2101 2264 2172 μένην
2296 2102 2482 2172 τρίϐον
2515 2103 2748 2174 διήνυον.

2168 2213 2186 2244 ι
2221 2195 2354 2246 Τότε
2383 2195 2437 2247 δὲ
2460 2197 2641 2265 ἐκείνη
2661 2195 3096 2266 θριαμϐευθῆναι
3115 2198 3243 2268 παρ’
3259 2198 3394 2266 ἐμοῦ
3413 2197 3472 2250 τὸ
3495 2197 3692 2267 δρᾶμα

2090 2284 2517 2346 ὑποτοπάσασα.
2546 2286 2874 2349 ὀπισθόπους
2926 2288 3063 2358 πρός
3102 2305 3171 2357 με
3219 2287 3495 2354 φωνοῦσα,
3555 2288 3690 2349 τοὺς

2091 2374 2310 2435 δούλους
2337 2375 2509 2441 αὐτῆς
2535 2375 2909 2440 ἐξαπέστειλε,
2934 2377 3435 2446 παρακαλεσαμένη
3460 2375 3689 2438 πάντως

2089 2467 2184 2518 τοῦ
2237 2467 2546 2520 θανατῶσαι
2604 2484 2694 2537 με.
2742 2467 2874 2530 Θεὸς
2909 2467 2965 2520 δέ
3002 2467 3532 2539 φιλανθρωπευθεὶς,
3579 2468 3683 2538 τῆς

2093 2557 2423 2628 θνητοφόρου
2478 2558 2708 2622 τούτων,
2755 2559 2829 2622 ὡς
2861 2560 2956 2613 καὶ
3010 2559 3110 2628 τῆς
3155 2560 3372 2628 ἐκείνης
3409 2577 3477 2628 με
3507 2561 3685 2629 ψυχο-

2094 2649 2294 2721 φθὸρου
2323 2651 2528 2721 βλάϐης
2555 2650 2834 2722 ἀπήλλαξε
2870 2668 2884 2683 ’
2920 2652 3014 2705 καὶ
3048 2652 3116 2704 δι’
3157 2651 3325 2720 ἄλλης
3358 2652 3685 2722 παραδόξως

2091 2739 2462 2809 εὐθυπορῆσαι
2491 2741 2812 2809 πεποίηκεν,

2171 2849 2190 2882 t
2231 2832 2319 2894 Ὠς
2347 2833 2402 2884 δέ
2429 2832 2538 2884 τῶν
2559 2832 2661 2902 τῆς
2689 2832 3028 2904 Βουλγαρίας
3047 2833 3208 2902 ὁρίων
3227 2833 3288 2885 οὐ
3309 2832 3426 2903 μετ’
3455 2833 3518 2885 οὑ
3544 2831 3684 2886 πολὺ

2095 2920 2505 2991 καθαψάμενος,
2559 2923 2654 2975 καὶ
2699 2922 2845 2975 ἔνδον
2872 2922 3080 2974 τούτων
3115 2921 3268 2984 ἐκτὸς
3293 2920 3515 2974 οἱασοῦν
3551 2938 3682 2974 συν-

2094 3017 2243 3079 οδίας
2293 3016 2604 3086 μονώτατος
2644 3015 2865 3078 ὥδευον,
2903 3015 2989 3068 ἐπ’
3020 3015 3178 3085 ὅρους
3226 3012 3342 3086 [μέ]
3376 3031 3521 3077 τινος
3598 3015 3683 3068 ἐν-

2094 3109 2324 3178 ασχολου
2333 3108 2478 3178 μένῳ
2491 3110 2609 3170 τοῖς
2624 3108 2904 3177 λογισμοῖς
2919 3107 3283 3176 πλησιάσαντι
3305 3105 3430 3178 [ιρς.
3451 3106 3681 3175 ἐνασχο-

2093 3199 2352 3270 λούμενος
2386 3197 2716 3271 πλησιάσας]
2750 3215 2765 3230 ο
2826 3199 2915 3251 ναὶ
2975 3200 3084 3269 γὰρ
3123 3199 3186 3267 δὴ
3223 3199 3346 3249 κατ’
3387 3198 3559 3267 αὐτὴν
3585 3197 3682 3268 τὴν

2095 3293 2244 3363 ῶραν
2267 3293 2416 3363 ήμην
2447 3293 2661 3362 ἀληθῶς
2688 3293 2716 3344 ὁ
2738 3291 2906 3358 τάλας
2933 3291 3032 3361 τὴν
3054 3290 3149 3344 τοῦ
3184 3289 3320 3342 Θεοῦ
3351 3291 3680 3360 ἐπισκοπὴν,

2096 3390 2191 3442 καὶ
2226 3389 2325 3458 τὴν
2358 3387 2697 3441 ἐπελθοῦσάν
2730 3404 2819 3457 μοι
2853 3385 3143 3457 συμφορὰν
3197 3384 3680 3454 ἀναλογιζόμενος,

2096 3483 2214 3544 ὅλος
2257 3481 2664 3551 συγκεχυμένος
2695 3483 2807 3542 τοῖς
2835 3479 3100 3549 δάκρυσιν
3131 3492 3145 3505 °
3178 3476 3428 3548 ᾐσθόμην
3468 3475 3682 3544 ἀθρόως

2099 3573 2285 3642 φωνῆς
2299 3590 2442 3634 τινος
2467 3572 2674 3625 ἀνωθεν
2699 3571 2808 3624 ἀπὸ
2829 3571 2928 3641 τῆς
2955 3570 3270 3641 ἀκρωρείας
3295 3569 3574 3638 καλούσης
3595 3585 3679 3638 με.

2096 3664 2250 3734 Φόϐῳ
2281 3664 2338 3717 δὲ
2389 3663 2646 3734 βληθεὶς,
2692 3662 2813 3716 ἐπεί
2865 3679 2974 3732 περ
3028 3662 3276 3732 ὑπῆρχον
3328 3660 3638 3730 μονώτατος
3665 3674 3680 3688 ·

2099 3757 2416 3828 ἀσθμαίνων
2452 3774 2512 3810 τε
2543 3757 2638 3810 καὶ
2668 3757 2983 3826 ὑπότρομος
3013 3754 3150 3826 πρὸς
3187 3754 3278 3806 τὸν
3317 3752 3590 3807 καλοῦντα
3625 3751 3683 3804 τὸ

2101 3849 2393 3921 πρόσωπον
2445 3848 2892 3918 ἁνθυπέστρεφον
2922 3862 2936 3877 ·
2996 3846 3090 3898 καὶ
3149 3844 3523 3914 προσερείσας
3571 3845 3678 3905 τοῖς

2100 3942 2332 4012 ὄμμασι,
2367 3941 2521 4005 ξένον
2558 3940 2853 3994 κατενόουν
2907 3938 3048 4008 ὺπέρ
3107 3938 3206 4006 τὴν
3253 3936 3418 4005 φύσιν
3451 3933 3594 3988 εἶναι
3627 3936 3683 3987 τὸ

2105 4036 2288 4104 θέαμα
2313 4053 2328 4066 ·
2388 4035 2558 4105 ἄνδρα
2605 4033 2941 4102 λευκοφόρον
2974 4033 3290 4098 γιγανταίον
3338 4029 3439 4100 τὴν
3471 4028 3681 4098 ἠλικίαν

2101 4131 2194 4182 καὶ
2227 4127 2458 4198 γηραιόν
2479 4141 2492 4155 ⁸
2525 4143 2588 4180 ου
2615 4125 2686 4178 τὰ
2718 4127 2910 4195 ἱμάτια
2958 4123 3286 4176 ἀπέστιλόον
3325 4119 3400 4184 ὼς
3430 4124 3458 4174 ὁ
3486 4121 3635 4191 ἥλιος
3664 4134 3679 4150 ³

2100 4223 2199 4289 τὴν
2228 4220 2389 4290 χεῖρα
2417 4235 2476 4271 τε
2509 4217 2880 4288 προτείνοντα,
2921 4216 3016 4271 καὶ
3044 4215 3133 4268 διὰ
3153 4215 3354 4283 τάχους
3407 4212 3484 4274 ῶς
3523 4212 3682 4265 αὑτὸν

2101 4311 2345 4365 ἀνελθεῖν
2408 4309 2949 4382 παρακελευόμενον.
2995 4308 3137 4375 Ἐγὼ
3187 4306 3241 4358 δὲ
3275 4305 3553 4373 παρευθὺς
3591 4303 3683 4372 τῆς

2101 4405 2304 4466 δειλίας
2321 4403 2382 4455 τὸ
2409 4402 2573 4473 ἄχθος
2603 4403 3064 4468 ἐπαπωσάμενος,
3088 4400 3264 4468 χαρᾶς
3293 4414 3352 4449 τε
3376 4396 3681 4466 σύμμικτος

2102 4499 2416 4567 γενόμενος,
2448 4495 2632 4564 ἄνειμι
2663 4509 2675 4522 ·
2707 4493 2802 4546 καὶ
2833 4493 2968 4560 πρὸς
2993 4491 3098 4560 γῆν
3127 4489 3305 4560 εὑρὼν
3333 4489 3678 4558 ἐφεζόμενοι),

421 4592 558 4646 Tum
612 4593 701 4647 ille
732 4593 971 4661 gratiose
1026 4593 1384 4661 imprecatus,
1424 4594 1591 4660 jussit
1638 4603 1696 4647 ttt
1748 4611 1992 4663 surgens,

2105 4587 2315 4657 πρηνὴς
2342 4583 2604 4654 γεγονὼς,
2633 4583 3045 4656 προσεκύνησα.
3072 4585 3169 4645 Ὃς
3199 4581 3504 4651 χαριέντως
3529 4584 3682 4633 ἐπευ-

419 4698 606 4742 rectus
643 4687 711 4740 ab
728 4686 849 4754 eius
874 4687 1078 4740 dextris
1115 4695 1338 4741 starem.
1374 4687 1544 4740 Porro
1575 4687 1807 4741 habebat
1840 4691 2000 4757 pedes

419 4797 446 4834 s
472 4797 501 4834 c
540 4780 948 4849 quodammodo
981 4781 1032 4832 in
1070 4780 1188 4833 solo
1224 4780 1527 4849 explicatos
1566 4795 1580 4832 :
1623 4795 1786 4832 manu
1818 4790 1998 4834 autem

419 4886 671 4938 campum
710 4871 878 4924 tnonti
944 4872 1249 4940 subjectum
1287 4871 1507 4940 plenum
1560 4870 1881 4940 corporibus
1921 4871 2002 4923 vi-

419 4963 658 5018 dendum
701 4963 962 5024 ostendit,
991 4972 1307 5032 stantesque
1340 4963 1391 5015 in
1430 4976 1496 5016 eo
1525 4963 1859 5016 exercituum
1892 4969 2006 5015 tur-

421 5074 537 5112 tnas
572 5073 678 5110 una
703 5072 825 5111 cum
878 5056 1202 5126 imperatore
1235 5072 1248 5109 :
1280 5070 1345 5109 ac
1389 5071 1516 5108 num
1550 5054 2002 5124 alienigenarum,

419 5161 719 5221 nostraque
767 5159 944 5205 castra
986 5149 1214 5204 seorsitn
1248 5163 1661 5218 cognoscerem,
1715 5156 2004 5216 perconta-

422 5247 603 5299 lzatur.

504 5452 521 5482 ι
552 5432 689 5486 Cum
725 5439 902 5483 autem
955 5427 1066 5481 hate
1093 5441 1192 5496 ego
1232 5425 1407 5493 palam
1446 5422 1735 5478 confessus
1792 5438 1968 5476 essent
1994 5466 2008 5488 ,

427 5529 583 5592 Vide,
616 5524 812 5594 iuqttit,
857 5522 920 5575 ad
960 5537 1062 5583 me,
1121 5520 1255 5573 nihil
1291 5530 1562 5572 metuens.
1615 5516 1786 5571 Porro
1825 5527 2008 5571 autem

425 5624 554 5676 dum
577 5620 669 5684 illi,
701 5619 765 5672 ad
789 5614 1174 5669 vindicandam
1205 5613 1438 5683 quisque
1465 5613 1831 5674 suamacietn,
1857 5625 2008 5663 arma

429 5713 708 5764 vibrantes
788 5708 1232 5766 instrttereutur,
1311 5704 1563 5758 dextrum
1645 5705 1730 5756 hic
1802 5703 2000 5770 pedum

430 5805 657 5858 alterum
708 5801 932 5855 elevans
967 5800 1192 5854 sinistro
1224 5797 1640 5865 superimponit.
1676 5795 1812 5848 Tum
1855 5795 2012 5848 video

430 5907 672 5953 nostram
705 5894 876 5951 acicnt
927 5892 1098 5948 multa
1131 5890 1180 5946 \‘i
1233 5887 1672 5966 ttti\'t:l‘$ttl’i')l‘llltl
1716 5887 1887 5942 aciem
1929 5886 2012 5940 itt-

2105 4681 2359 4751 ξάμενος,
2385 4679 2675 4732 ἐκέλευσεν
2706 4677 3018 4731 ἀναστάντα
3074 4674 3267 4743 στῆναί
3300 4690 3367 4742 με
3411 4673 3548 4743 πρὸς
3579 4675 3684 4734 τοῖς

2103 4774 2294 4840 δεξιοῖς
2319 4772 2482 4826 αὑτοῦ
2515 4772 2757 4842 μέρεσιν.
2792 4764 2918 4838 Εἶχε
2947 4768 3004 4821 δὲ
3031 4769 3158 4830 τοὺς
3191 4767 3359 4829 πόδας
3391 4765 3537 4820 οὕτω
3571 4781 3681 4828 πως

2106 4865 2530 4935 ὲφηπλωμένους
2559 4863 2697 4934 πρὸς
2723 4861 2988 4930 τοῦδαφος
3008 4875 3022 4891 ·
3051 4861 3115 4930 τῇ
3155 4875 3216 4910 τε
3247 4858 3393 4928 χειρί⁵
3445 4857 3507 4910 τδ
3559 4858 3684 4908 ὑπο-

2108 4961 2261 5013 κάτω
2283 4975 2348 5027 με
2381 4955 2474 5010 τοῦ
2505 4956 2666 5026 ὅρους
2697 4954 2880 5007 πεδίον
2911 4953 3117 5022 πλῆρες
3139 4953 3411 5021 σωμάτων
3446 4951 3684 5020 ὑπάρχον

2107 5051 2402 5122 καταθρεῖν
2431 5048 2768 5111 ὑπεδείκνυε,
2799 5047 2891 5098 καὶ
2917 5045 3016 5114 τὴν
3037 5047 3093 5096 ἐν
3113 5041 3266 5112 αὑτῷ
3295 5042 3404 5095 τῶν
3429 5058 3686 5112 στρατευ-

2112 5147 2296 5219 μάτων
2329 5144 2730 5212 καθεστηκυῖαν
2766 5139 2980 5211 πληθὺν
3011 5138 3109 5190 σὺν
3129 5137 3206 5206 τῷ
3249 5135 3477 5188 ἄνακτι*
3505 5135 3606 5196 τάς
3634 5149 3686 5185 τε

2107 5239 2214 5292 τῶν
2245 5236 2561 5305 ἀλλοφύλων
2584 5275 2598 5299 ,
2633 5232 2850 5294 καὶτὰς
2885 5230 3162 5301 ἡμετέρας
3197 5226 3555 5298 παρεμϐολὰς
3592 5227 3690 5298 ἰδία

2110 5329 2398 5399 γινώσκειν
2422 5344 2489 5397 με
2517 5327 2701 5397 ἤρετο.

2187 5441 2205 5473 ι
2255 5420 2420 5489 Ἐμυῦ
2447 5420 2504 5473 δὲ
2531 5418 2706 5471 ταῦτα
2724 5415 2908 5479 σαφῶς
2935 5413 3502 5485 καθομολογήσαντος·
3529 5413 3690 5485 Ὅρα,

2113 5515 2247 5585 φησὶ
2306 5513 2442 5582 πρός
2471 5529 2559 5580 με,
2602 5508 2676 5578 μὴ
2714 5506 3110 5575 δεδιττόμενος.
3149 5506 3259 5558 Καὶ
3289 5505 3363 5567 ὼς
3389 5505 3529 5575 πρὸς
3554 5505 3694 5574 ἄμυ-

2112 5625 2208 5661 ναν
2234 5608 2428 5660 ἐκεῖνοι
2463 5603 2562 5673 τῆς
2610 5599 2858 5670 ἀλλήλων
2909 5598 3091 5668 μάχης
3127 5600 3234 5660 τοῖς
3265 5597 3455 5659 ὅπλοις
3481 5595 3592 5669 [Ion
3627 5596 3690 5650 τὰ

2112 5695 2274 5769 ὅπλα]
2306 5695 2685 5766 κραδαίνοντες
2717 5690 3128 5760 παρετάσσοντο
3151 5731 3164 5753 ,
3196 5688 3286 5741 τὸν
3317 5689 3492 5754 δεξιὸν
3541 5681 3690 5751 οὗτος

2113 5793 2226 5846 τοῖν
2260 5790 2440 5842 ποδοῖν
2470 5787 2562 5839 τὸν
2584 5786 2773 5853 ἕτερον
2797 5781 3092 5852 κουφίσας,
3123 5783 3314 5835 ἐπάνω
3343 5783 3439 5834 τοῦ
3481 5783 3680 5852 ἀριστε-

2120 5883 2212 5937 οοῦ
2245 5880 2544 5951 ἐπιτίθησι.
2585 5877 2720 5931 Τότε
2772 5873 2966 5945 θεωρῶ
3021 5873 3122 5945 τὴν
3156 5874 3436 5946 ἡμετέραν
3481 5864 3708 5944 παρεμέ
