3978 6582
267 400 374 459 897

1395 399 1573 461 νιΤΑ
1615 400 1680 462 S.
1720 398 2026 461 NICOLAI
2063 402 2411 463 STUDlT/E

3419 400 3526 462 893

269 511 429 583 Εολὴν
463 511 580 582 μετ’
637 511 818 582 ἰσχύος
851 511 1051 579 πολλῆς
1108 511 1242 583 πρὸς
1274 515 1371 584 τὴν
1423 515 1536 567 τῶν
1585 515 1845 568 ἐναντίων

1968 515 2265 579 radentem,
2304 533 2536 584 eantque
2572 526 2739 570 totam
2798 523 3257 582 perrumpentem.
3289 513 3531 584 Cumque

265 603 667 674 ἑφαλλομένην,
711 603 804 656 καὶ
833 604 1013 656 πᾶσαν
1055 603 1224 673 αὑτὴν
1266 606 1684 659 διακόπτουσαν.
1737 605 1844 658 Καὶ

263 693 331 763 δὴ
364 693 592 765 φροῦδον
628 695 736 747 τῶν
771 694 994 747 Σκυθῶν
1035 696 1525 766 διαφθειρομένων,
1573 699 1666 749 καὶ
1699 697 1845 750 νῶτα

267 783 574 851 μελλόντων
616 785 818 838 διδόναι
867 788 977 847 τοῖς
1025 787 1206 838 αὑτῶν
1256 785 1364 857 [ἵσ.
1415 785 1635 858 αὐτοὺς]
1675 805 1846 841 κατα-

266 878 614 945 σφάττουσιν.
661 875 824 939 Αὖθις
869 873 1022 940 οὗτος
1065 877 1172 932 τῶν
1213 879 1388 930 ποδῶν
1435 879 1527 931 τὸν
1559 878 1847 949 ἀριστερὸν

262 968 552 1035 κουφίσας,
583 968 770 1021 ἐπάνω
812 967 904 1021 τοῦ
926 969 1100 1034 δεξιοῦ
1151 969 1336 1023 λοιπὸν
1370 970 1672 1022 ἐπιτίθεται
1703 987 1716 1000 ·
1753 973 1848 1022 καὶ

263 1060 656 1125 ἐξαναστάντες
690 1060 840 1112 ἔνθεν
874 1062 920 1112 οξ
965 1062 1253 1132 βάρϐαροι,
1291 1063 1541 1125 ἐλεεινῶς
1574 1068 1682 1126 τοῖς
1713 1067 1849 1133 ἠμε-

261 1151 448 1219 τέροις
476 1150 756 1202 ἐπέκειντο
791 1151 1122 1213 κταίνοντες.
1168 1150 1308 1218 Ἐγὼ
1333 1151 1389 1204 δὲ
1416 1151 1604 1223 ῶσπερ
1626 1155 1848 1222 ἐξεστη-

263 1240 404 1302 κὼς,
453 1241 548 1292 καὶ
583 1241 789 1312 ἀχανὴς
824 1241 1062 1309 γεγονὼς
1094 1243 1173 1312 τῷ
1203 1245 1493 1315 παραδόξῳ
1520 1246 1692 1316 τούτῳ
1723 1246 1848 1298 θεά-

265 1349 425 1401 ματι,
462 1332 696 1401 ἱστάμην
723 1331 1054 1384 ἀποσκοπῶν
1085 1333 1151 1385 τὰ
1169 1334 1468 1404 τελούμενα
1501 1331 1629 1390 έκαὶ
1659 1336 1848 1390 τούτου

263 1423 371 1491 μὲν
400 1422 504 1474 τῶν
538 1423 712 1475 ποδῶν
739 1422 835 1492 τὴν
858 1422 1176 1492 ὑπαλλαγὴν
1208 1425 1301 1476 καὶ
1333 1426 1610 1491 ἐπίϐασιν,
1665 1429 1849 1481 κάκεί-

262 1530 374 1566 νων
403 1514 457 1566 δὲ
485 1514 574 1565 τὸν
607 1514 865 1584 ὀδυνηρὸν
889 1515 947 1566 ὲν
978 1514 1226 1586 μαχαίρᾳ
1247 1517 1575 1586 πικρότατον
1599 1520 1847 1576 θάνατον.

262 1604 378 1655 Καὶ
419 1604 561 1654 οῦτω
586 1606 750 1672 μέχρι
801 1603 1011 1674 δυσμὰς
1052 1605 1205 1674 ἡλίου
1257 1609 1483 1678 τοιούτῳ
1520 1599 1708 1680 τρόπῳ
1758 1615 1851 1664 καλ⁸

262 1696 532 1762 σχήματι,
563 1697 683 1747 κατ’
726 1696 894 1766 ἄμφω
929 1700 1041 1749 τοῖν
1073 1698 1257 1752 ποδοῖν
1289 1700 1386 1770 τὴν
1436 1701 1594 1772 νίκην
1636 1705 1850 1777 ἑκάστῳ

265 1787 431 1857 μέρει
479 1787 869 1858 βραϐεύοντος·
909 1788 983 1852 ὡς
1020 1791 1613 1868 ὲφαρμόσαςθτούτους,
1656 1796 1851 1864 ἐπίσης

1955 608 2169 681 Scytha;
2223 607 2439 676 penitus
2492 607 2799 669 interirent,
2860 615 3155 672 essentque
3213 604 3532 657 necautibus

1955 701 2162 754 rersnri
2197 711 2343 769 tc-rga
2382 717 2394 752 :
2426 716 2491 753 en
2528 715 2721 753 rursus
2765 699 2852 752 ille
2880 699 3066 767 pedem
3102 698 3387 750 sinistrum
3420 697 3532 749 cle-

1952 807 2125 852 vans,
2184 807 2347 860 supra
2415 792 2665 844 dextrum
2727 790 2990 858 deinceps
3042 790 3228 858 ponit;
3308 797 3536 856 tumque

1951 894 2316 954 exsurgentes
2367 883 2607 948 barl'ari,
2659 883 3050 937 miserabiliter
3075 891 3293 935 nostros
3326 881 3539 934 interti-

1953 978 2145 1032 (-iendo
2172 977 2457 1048 urgebant.
2495 977 2604 1046 Ego
2643 988 2824 1031 autem
2866 993 3007 1030 novo
3040 977 3143 1029 'noc
3184 990 3248 1028 ac
3297 974 3536 1028 mirabili

1954 1071 2266 1137 Spectacula
2301 1069 2446 1122 wlut
2489 1068 2832 1138 stupefactus
2866 1084 2929 1122 ac
2981 1069 3265 1128 attonitus,
3320 1066 3534 1119 stabam

1954 1170 2239 1229 aspectans
2292 1176 2414 1230 qua:
2462 1163 2797 1230 gerebantur
2833 1177 2846 1214 :
2884 1161 3163 1218 nimirum,
3222 1168 3335 1210 tum
3387 1157 3536 1208 illam

1956 1253 2121 1323 hujus
2177 1256 2664 1308 commutationem
2734 1253 2956 1323 pedum,
3015 1252 3393 1318 alternamque
3451 1249 3534 1300 vi-

1957 1347 2138 1402 cissim
2176 1347 2650 1415 inequitationem,
2686 1356 2798 1399 tum
2844 1344 3096 1398 acerbam
3153 1358 3215 1396 ac
3252 1339 3536 1394 ainari~si-

1958 1453 2100 1491 niam
2155 1437 2373 1491 illorum
2412 1441 2653 1491 caedente
2689 1437 2869 1506 gladio
2921 1450 3130 1489 necem.
3170 1433 3418 1502 Cumque
3459 1431 3539 1484 sic

1957 1531 2020 1583 ad
2057 1546 2228 1598 usque
2264 1531 2398 1585 solis
2433 1545 2689 1585 occasum
2716 1528 3295 1597 hujusmmlicorporis
3327 1525 3536 1589 habitu,

1958 1624 2262 1692 pedumque
2310 1624 2746 1676 commutatione
2807 1623 3001 1690 cuique
3053 1619 3191 1688 parti
3251 1617 3535 1670 victoriam

1956 1714 2310 1778 sanciret;ut
2356 1729 2450 1767 eos
2501 1721 2717 1781 aptans,
2774 1712 2994 1782 perinde
3047 1722 3210 1780 atque
3268 1708 3537 1777 reliquum

1957 1821 2156 1870 corpus
2191 1804 2384 1874 :equali
2435 1804 2542 1858 situ
2589 1804 2940 1873 composuit,
2987 1802 3021 1856 ii
3077 1815 3295 1871 quoque
3348 1811 3541 1866 pugnae

260 1880 482 1933 κεῖσθαι
527 1881 604 1950 τῷ
645 1881 817 1950 λοιπῷ
865 1883 1243 1950 παρεσκεύασε
1282 1883 1514 1954 σώματι,
1548 1888 1646 1956 τῆς
1690 1888 1852 1959 ἀλλή-

1968 1906 2162 1951 mutua:
2214 1898 2377 1950 tinem
2433 1896 2808 1966 imponentes,
2868 1893 3110 1949 terribile
3155 1891 3287 1946 illud
3335 1888 3540 1944 bellum

258 1971 376 2023 λων
420 1973 600 2043 μάχης
623 1973 718 2025 καὶ
750 1968 896 2026 οὗτοι
923 1961 1410 2044 παυσάμενοιξτὸν
1441 1979 1670 2049 φοϐερὸν
1698 1983 1853 2033 έκεῖ-

258 2079 357 2116 ιῡν
391 2064 641 2117 διέλυσαν
670 2064 929 2134 πόλεμον.

261 2153 264 2155 ’
347 2174 365 2206 r
409 2156 542 2208 Τότε
583 2156 875 2220 διαναστὰς
923 2153 1076 2222 οὗτος
1121 2159 1216 2213 καὶ
1291 2159 1584 2231 γενόμενος
1651 2161 1849 2233 ὄρθιος,

256 2248 435 2316 ἤρετο
471 2249 604 2318 πρός
639 2266 728 2318 με,
768 2248 877 2300 τῶν
906 2252 1277 2304 πεπτωκότων
1329 2253 1392 2306 τὸ
1423 2254 1629 2325 πλῆθος
1659 2259 1708 2310 εί
1762 2257 1845 2311 δυ-

256 2337 470 2408 ναίμην
496 2338 1014 2410 ἀπαριθμήσασθαι,
1065 2343 1158 2394 καὶ
1212 2344 1260 2395 εί
1315 2345 1470 2408 κενός
1530 2364 1632 2398 που
1687 2347 1852 2410 τόπος

261 2429 767 2496 ἐγκαταλέλειπται
799 2432 993 2500 νεκροῦ
1026 2432 1287 2504 ὑπάρχων
1315 2435 1538 2506 ἄμοιρος
1579 2438 1850 2508 σώματος.

272 2523 340 2573 Ἐ
350 2520 454 2591 μοῦ
487 2522 542 2574 δὲ
575 2523 674 2590 τὴν
699 2523 999 2593 ἀδυναμίαν
1030 2527 1424 2595 προτείνοντος,
1453 2532 1546 2581 καὶ
1562 2531 1722 2584 τόπον
1746 2531 1852 2584 οὐδ’

256 2614 406 2676 ὅλως
440 2631 508 2684 με
562 2615 800 2685 καθορᾷν
853 2615 1040 2684 σαφῶς
1086 2616 1617 2688 διομολογησαντος,
1660 2621 1855 2692 μικρὸν

258 2703 402 2756 δέτι
461 2703 663 2770 πεδίον,
713 2705 836 2758 ὅσον
895 2708 1115 2759 είκάσαι
1167 2708 1326 2760 τοῦτο
1356 2712 1542 2781 κοίτην
1572 2711 1710 2780 βοὸς,
1748 2713 1856 2765 τῶν

258 2796 634 2864 ἐσφαγμένων
690 2801 857 2865 μέσον
913 2797 1268 2862 ὑπονοοῦντος
1298 2838 1312 2862 ,
1362 2801 1456 2852 καὶ
1503 2801 1637 2870 πρὸς
1694 2803 1856 2856 αὑτὸν

257 2885 861 2952 δακτυλοδεικτοῦντος,
886 2889 1046 2950 αὐτὸς
1072 2890 1408 2960 ἁπεκρίνατο
1431 2906 1444 2920 ο
1482 2891 1645 2961 Ὁρᾷς
1679 2894 1853 2956 τοῦτο,

260 2977 432 3046 φησὶ,
455 2978 514 3030 τὸ
544 2977 784 3050 στραφὲν
813 2977 1008 3046 θνητοῦ
1042 2979 1286 3048 ὑπάρχον
1311 2982 1538 3050 ἄμοιρον
1564 2982 1814 3050 σώματος
1840 2998 1854 3048 ;

261 3072 388 3135 σὸν,
415 3072 506 3122 καὶ
540 3071 641 3123 οὑκ
669 3070 832 3126 ἄλλου
881 3070 1238 3142 καθέστηκεν.
1304 3073 1391 3126 Ἐν
1432 3073 1580 3140 αὑτῷ
1617 3075 1724 3144 γάρ
1762 3075 1858 3128 σῦν

257 3168 382 3227 τοῖς
407 3165 614 3227 λοιποῖς
638 3164 992 3235 τεθνήξεσθαι
1027 3166 1274 3236 ἔμελλες,
1313 3167 1479 3238 βορὰν
1501 3171 1613 3231 τοῖς
1649 3169 1858 3239 ὀρνέοις

1894 2039 1902 2048 ,
1955 1989 2345 2045 dissolvet‘unt.

2031 2191 2050 2224 4
2087 2171 2240 2227 Tunc
2261 2173 2349 2228 ille
2385 2189 2634 2243 surgens,
2669 2183 2930 2242 stansque
2967 2180 3145 2226 rectus
3178 2183 3242 2224 ex
3292 2183 3377 2222 me
3403 2178 3544 2238 quze-

1955 2265 2126 2331 rehat,
2165 2282 2293 2320 num
2327 2281 2514 2320 eorum
2569 2268 2660 2336 qui
2713 2266 3042 2320 cecidissent
3076 2278 3344 2318 summam
3403 2262 3546 2316 inire

1955 2372 2173 2426 possem
2196 2401 2211 2426 ,
2239 2375 2302 2413 ac
2332 2375 2462 2414 num
2495 2361 2650 2414 locus
2677 2359 2877 2429 aliquis
2903 2357 3123 2412 relictus
3144 2365 3286 2410 esset
3308 2370 3543 2418 vacuus,-

1956 2451 2160 2504 mortui
2189 2453 2440 2520 corporis
2471 2466 2665 2521 expers
2699 2449 3014 2505 exsistens?
3042 2447 3124 2502 Me
3152 2457 3332 2503 autem
3365 2446 3542 2514 impo-

1959 2543 2178 2596 tcntiam
2207 2544 2596 2613 praetendente,
2645 2559 2707 2598 ac
2744 2543 2921 2613 palam
2956 2541 3267 2603 conﬁtente,
3325 2539 3536 2592 nullum

1964 2650 2050 2687 me
2086 2636 2354 2702 ejusmodi
2389 2637 2565 2691 loeum
2598 2636 2941 2705 conspicere,
3005 2642 3198 2704 putare
3227 2640 3409 2686 tamen
3441 2629 3544 2683 soli

1958 2724 2083 2790 quid
2129 2729 2388 2796 exiguum
2451 2737 2693 2791 exstare,
2731 2736 2996 2796 quantum
3031 2733 3208 2779 strato
3240 2723 3396 2778 bovis
3428 2737 3544 2775 cor-

1959 2817 2071 2884 puri
2108 2817 2241 2871 satis
2269 2820 2515 2871 videatur
2536 2859 2549 2884 ,
2577 2818 2952 2887 jugulatorum
2989 2817 3256 2880 medium,
3303 2815 3542 2868 intento-

1960 2921 2068 2973 que
2100 2905 2152 2958 iu
2189 2905 2318 2958 illud
2356 2907 2526 2975 digito
2554 2948 2568 2970 ,
2627 2915 3000 2968 monstrante,
3066 2904 3350 2975 respondit
3407 2903 3496 2956 ille
3527 2919 3542 2955 :

1959 2994 2123 3050 Vides
2180 3000 2416 3066 spatium
2462 2999 2593 3052 illud
2638 3014 2841 3068 expers
2897 2999 3144 3068 corporis
3182 2997 3382 3050 mortui
3416 2995 3546 3048 reli-

1961 3089 2150 3144 ctum?
2202 3100 2353 3142 tuum
2433 3091 2658 3157 utique,
2721 3091 3034 3159 nulliusque
3098 3098 3361 3159 praetcrea
3422 3086 3543 3141 fuit.

1961 3179 2170 3249 Quippe
2203 3181 2254 3232 in
2288 3180 2380 3232 illo
2420 3181 2722 3235 moriturus
2746 3197 2871 3234 cum
2923 3181 3046 3234 aliis
3075 3195 3221 3246 eras,
3267 3179 3320 3231 in
3356 3191 3544 3231 escam

262 3257 703 3325 παραδιδόμενος
721 3274 733 3286 ·
761 3257 877 3310 ἀλλ’
904 3259 1094 3328 ἐπειδή
1121 3275 1214 3310 σου
1246 3260 1303 3310 τὸ
1335 3260 1495 3329 σῶμα
1526 3260 1854 3329 διεφύλαξας

1968 3273 2254 3326 tradendus
2289 3273 2410 3325 rmli
2461 3273 2797 3338 volucribus.
2829 3272 2965 3339 Quia
3001 3282 3182 3326 tamen
3219 3282 3370 3324 tuum
3422 3284 3544 3323 cor-

261 3348 531 3420 ἇφθορον,
565 3351 656 3402 καὶ
689 3349 851 3402 πάθει
897 3349 1157 3420 αἰσχύνης
1188 3351 1288 3420 τὴν
1337 3350 1518 3422 ψυχὴν
1573 3352 1672 3405 οὑκ
1729 3353 1856 3422 ἐμό-

261 3441 440 3504 λυνας
468 3459 482 3471 ο
515 3441 607 3494 τοῦ
650 3442 809 3511 χάριν
830 3444 930 3512 τῆς
962 3441 1201 3512 φοϐερᾶς
1245 3444 1337 3495 καὶ
1361 3442 1664 3513 φρικώδους
1685 3446 1855 3512 ἀνάγ-

263 3550 376 3601 κης
408 3533 546 3603 μετὰ
581 3532 781 3585 καὶτοῦ
815 3533 1010 3604 πικροῦ
1043 3551 1103 3587 σε
1139 3535 1370 3588 Θανάτου
1398 3538 1426 3588 ὁ
1460 3536 1590 3600 Θεὸς
1623 3537 1857 3607 ἠλευθέ-

264 3643 438 3696 ρωσε.
478 3626 584 3679 Καὶ
631 3626 804 3678 ταῦτα
838 3627 996 3690 λέξας
1018 3667 1034 3688 ,
1067 3627 1282 3700 ἀφανὴς
1334 3632 1398 3682 ὲκ
1419 3629 1524 3682 τῶν
1555 3631 1705 3701 ἐμῶν
1736 3631 1859 3699 ὲγέ-

263 3735 394 3770 νετο
417 3718 736 3788 ὀφθαλμῶν.

349 3828 366 3858 ι
408 3809 542 3860 Τότε
586 3811 724 3878 μετὰ
748 3810 950 3881 φρίκης
997 3810 1198 3880 πολλῆς
1245 3812 1356 3881 ἐγὼ
1397 3814 1492 3866 καὶ
1547 3813 1860 3876 ἐκστάσεως

266 3903 570 3964 ὑποκλίνας
597 3904 693 3973 τὴν
725 3903 966 3973 κεφαλὴν
1017 3904 1094 3975 τῷ
1125 3904 1274 3974 φόϐῳ
1326 3905 1682 3975 κλονούμενος
1704 3946 1718 3970 ,
1768 3907 1862 3958 καὶ

271 3995 664 4064 προσκυνήσας
723 3994 782 4045 τὸ
814 3994 967 4061 ἆγιον
1017 3993 1230 4060 ἔδαφος,
1289 3997 1344 4048 ὲν
1397 3988 1550 4064 ᾧπερ
1598 3997 1647 4046 οἱ
1705 3994 1861 4057 πόδες

266 4085 467 4137 τούτου
496 4084 867 4156 προσήγγιζον
892 4101 906 4113 ·
940 4083 1034 4136 τοῦ
1070 4085 1228 4155 ὅρους
1259 4085 1500 4154 ἀπάρας,
1524 4088 1615 4137 καὶ
1640 4083 1707 4136 δι’
1735 4081 1864 4151 ὅλης

267 4179 372 4246 τῆς
404 4178 596 4238 νυκτὸς
631 4179 726 4246 τὴν
783 4179 1006 4246 πορείαν
1046 4176 1180 4247 πρὸς
1219 4177 1464 4228 τούπίσω
1523 4175 1861 4244 ποιούμενος,

273 4269 346 4320 δι’
374 4267 574 4336 ὀλίγων
627 4269 852 4338 ἡμερῶν
908 4271 974 4320 τὰ
1006 4267 1238 4320 ἐνταῦθα
1282 4267 1579 4320 κατέλαϐον
1599 4308 1612 4332 ,
1639 4265 1756 4336 Θεῴ
1788 4265 1865 4336 τῷ

276 4364 545 4415 σεσωκότι
576 4361 662 4414 διὰ
716 4361 870 4414 τοῦδε
901 4359 994 4412 τοῦ
1031 4364 1332 4431 σχήματος,
1368 4362 1417 4412 εἰ
1449 4360 1544 4412 καὶ
1592 4359 1810 4424 ἀνάξιος
1838 4359 1866 4410 ὁ

272 4455 530 4516 τιπεινὸς
558 4494 572 4518 ,
601 4453 884 4506 δουλεῦσαι
920 4453 1271 4524 προθέμενος.

355 4567 374 4599 ι
420 4548 530 4601 Καὶ
564 4547 628 4599 σὺ
659 4543 773 4608 οὖν,
801 4547 990 4598 τέκνον
1025 4544 1330 4616 Κυπριανὲ,
1351 4542 1675 4613 πειρασμῶν
1705 4544 1865 4612 ἐπερ-

1961 3373 2064 3428 pus
2097 3358 2328 3410 servasti
2363 3358 2763 3426 incorruptum,
2801 3373 2900 3411 nec
2944 3357 3091 3425 turpi
3135 3357 3388 3425 passione
3425 3353 3546 3408 ani-

1962 3463 2108 3500 mum
2144 3447 2388 3515 polluisti
2419 3484 2436 3510 ,
2491 3446 2696 3502 idcirco
2730 3457 2780 3501 te
2815 3447 2958 3502 Deus
2987 3463 3015 3500 a
3054 3447 3282 3502 terribili
3318 3447 3544 3499 horren-

1969 3541 2147 3610 daque
2184 3541 2508 3595 necessitate
2557 3555 2622 3595 ac
2672 3556 2857 3594 amara
2915 3551 3111 3606 morte,
3142 3542 3438 3594 clementer
3478 3539 3544 3592 li-

1964 3632 2199 3688 beravit.
2233 3631 2304 3687 lis
2330 3647 2458 3686 vero
2474 3632 2658 3697 dictis,
2679 3633 2748 3687 ab
2777 3632 2954 3688 oculis
2998 3634 3133 3687 meis
3163 3633 3407 3687 evanuit.

2039 3831 2058 3863 ι
2090 3814 2224 3867 Tum
2265 3829 2388 3884 ego,
2428 3814 2656 3868 horrore
2688 3815 2857 3868 multo
2896 3830 2959 3869 ac
3010 3824 3236 3885 stupore
3267 3816 3547 3886 paululum

1963 3905 2237 3960 inclinans
2268 3915 2451 3971 caput,
2506 3915 2648 3958 inetu
2703 3908 2957 3973 agitatus,
3011 3908 3380 3977 adoransque‘
3417 3923 3547 3962 san-

1963 4007 2109 4051 ctum
2142 3999 2342 4060 solum,
2391 3999 2442 4049 in
2479 4012 2590 4065 quo
2621 3999 2786 4064 pedes
2820 3999 2942 4066 ejus
2973 4002 3278 4064 stetissent,
3317 4005 3546 4053 descen-

1962 4082 2096 4134 dens
2120 4095 2149 4133 e
2179 4091 2380 4143 monte,
2415 4090 2697 4148 totamque
2746 4091 2959 4135 noctem
3009 4083 3111 4137 iter
3148 4092 3293 4138 retro
3321 4083 3548 4146 faciens,

1964 4172 2155 4242 paucis
2190 4173 2296 4226 huc
2335 4173 2531 4227 diebus
2562 4175 2780 4239 adveni,
2817 4175 3003 4229 animo
3060 4180 3416 4231 constitutum
3449 4179 3550 4230 ha-

1966 4267 2220 4327 hens,ut
2280 4263 2502 4316 humilis
2549 4265 2707 4332 ipse,
2766 4282 3078 4334 quanquam
3115 4269 3387 4337 indiguus,
3439 4267 3555 4323 Deo

1965 4357 2055 4425 qui
2090 4358 2298 4409 salvum
2333 4357 2622 4422 cli'ccissct,
2677 4358 2846 4412 hocce
2881 4359 3064 4413 habitu
3107 4371 3397 4431 suscepto,
3431 4377 3550 4417 ser-

1967 4449 2135 4503 rircm
2146 4489 2158 4502 .

2045 4557 2064 4590 ι
2105 4539 2185 4592 Tu
2216 4552 2348 4609 ergo
2377 4553 2618 4608 quoque,
2655 4538 2726 4592 iiii
2756 4539 3024 4611 Cypriane
3044 4582 3058 4604 ,
3098 4558 3220 4598 cum
3257 4545 3349 4599 tibi
3377 4554 3556 4600 trntav

275 4641 529 4711 χομὲνων
557 4656 664 4700 σοι,
695 4639 770 4708 μὴ
801 4637 1164 4707 σκυθρώπαζε
1193 4655 1205 4666 ·
1233 4636 1348 4690 ἀλλ’
1380 4636 1640 4706 ἀνδρείως
1665 4637 1856 4707 ἐγκαρ-

1978 4631 2156 4684 tiones
2216 4633 2656 4701 supervenerint,
2715 4609 3067 4688 nolitristari
3107 4651 3122 4690 :
3169 4639 3298 4706 quin
3371 4639 3556 4707 potius

277 4730 482 4800 τερῶν,
524 4732 617 4781 καὶ
645 4730 705 4780 τὸ
740 4729 840 4796 τῆς
870 4728 1226 4798 σωφροσύνης
1259 4728 1345 4778 ἀεὶ
1379 4727 1542 4779 καλὸν
1573 4728 1867 4796 μνηστευό-

283 4838 470 4890 μενος,
496 4820 636 4884 ἕξεις
673 4822 762 4871 τὸν
798 4819 930 4872 Θεὸν
966 4818 1276 4890 σύμμαχον,
1309 4817 1365 4880 ὃς
1396 4818 1456 4870 οὑ
1489 4817 1706 4887 παρορᾷ
1741 4818 1866 4877 τοὺς

281 4916 362 4974 εἰς
413 4913 578 4964 αὑτὸν
627 4912 963 4976 ἐλπίζοντας.
1003 4930 1022 4963 ι
1077 4912 1256 4982 Ἠμᾶς
1303 4911 1358 4970 δὲ
1408 4909 1612 4974 λοιπὸν,
1668 4909 1718 4960 εἰ
1774 4908 1868 4960 καὶ

282 5003 846 5075 παρεκϐατικὼτερόν
904 5021 1020 5065 πως
1047 5044 1060 5068 ,
1102 5003 1378 5072 ὠφέλιμον
1425 4998 1593 5054 οὖσαν
1636 5001 1736 5069 τὴν
1785 4999 1866 5050 διο

283 5099 522 5167 ήγησιν,
557 5089 658 5149 ὦδε
694 5099 1029 5168 περάναντες
1058 5136 1071 5161 ,
1111 5097 1246 5165 πρὸς
1294 5095 1421 5156 τοὺς
1453 5093 1669 5154 κοινοὺς
1710 5091 1869 5160 ἡμῶν

285 5191 434 5244 ΙΙατέ
445 5207 540 5260 ρας
572 5189 663 5242 τὸν
687 5191 930 5261 κάλαμον
953 5191 1266 5260 τρέπωμεν.

359 5282 468 5335 Τοῦ
505 5283 612 5353 γὰρ
639 5282 911 5353 Καίσαρος
942 5281 1181 5352 Μιχαὴλ,
1216 5281 1290 5344 ὡς
1323 5281 1380 5331 ὲν
1408 5282 1517 5337 τοῖς
1549 5278 1790 5341 άνώπιν,
1822 5281 1870 5329 εὶ

287 5376 384 5429 καὶ
433 5376 629 5443 μικρὸν
663 5374 1047 5438 ὑπεξελθόντες
1106 5375 1446 5444 εἰρήκαμεν,
1498 5371 1573 5441 μὴ
1612 5370 1870 5440 ἑλομένου

290 5467 585 5537 σύμμαχον
612 5466 754 5536 ἔχειν
789 5466 849 5517 τὸ
872 5467 1068 5537 κράτος
1101 5465 1199 5535 τῆς
1243 5464 1478 5524 πίστεως
1510 5479 1523 5491 ·
1557 5460 1786 5514 τοὺνεκα
1815 5461 1873 5512 δὲ

288 5560 356 5613 δι’
390 5561 677 5630 ἀγροικίαν
710 5559 912 5629 πολλὴν
939 5560 1194 5628 ὼσάνπερ
1227 5557 1469 5627 βούλοιτο
1517 5556 1746 5617 ἕκαστος
1783 5553 1872 5606 δο-

297 5652 482 5717 ξάζειν
514 5652 868 5714 θεσπίσαντος
904 5650 1018 5722 (‘25)
1048 5667 1059 5680 ·
1095 5649 1169 5718 μὴ
1218 5647 1419 5712 ἐξεῖναι
1463 5647 1518 5698 δὲ
1564 5647 1700 5707 ὅλως
1746 5645 1874 5706 τοῦς

1975 4722 2208 4775 viriliter
2237 4725 2536 4787 sustinens,
2571 4739 2634 4777 ac
2655 4726 2924 4779 castitatis
2953 4727 3150 4780 bonum
3185 4743 3400 4798 semper
3439 4746 3556 4782 am-

1968 4813 2121 4868 biens
2146 4826 2517 4884 appetensque
2544 4856 2558 4880 ,
2597 4813 2763 4868 Deum
2815 4818 3116 4884 adjutOrcm
3155 4820 3442 4875 habiturus
3468 4838 3554 4882 es,

1969 4909 2060 4977 qui
2095 4924 2202 4961 non
2237 4907 2468 4977 despicit
2499 4921 2786 4976 sperantes
2820 4909 2872 4961 in
2930 4911 3132 4978 ipsum.
3171 4929 3188 4960 ι
3225 4911 3334 4965 Nos
3367 4927 3552 4965 autem

1971 4999 2058 5054 hic
2085 4999 2342 5069 deinceps
2376 5005 2748 5052 narrationem
2768 5000 2980 5065 ejusmo
3005 5002 3060 5059 3i,
3084 5001 3183 5053 etsi
3211 5003 3553 5070 digressioiu:

1970 5091 2259 5153 fusiorem,
2281 5091 2465 5143 utian
2491 5098 2670 5142 tamen
2699 5094 2970 5152 liltit'lllcs,
2987 5093 3253 5143 calamum
3276 5106 3554 5149 vertamus

1976 5185 2044 5239 ad
2069 5183 2442 5237 communium
2481 5182 2702 5235 Patrum
2749 5195 3060 5236 nostrorum
3101 5185 3409 5238 historiam.

2047 5274 2183 5328 Cum
2222 5275 2406 5342 itaque
2453 5273 2639 5326 Caesar
2666 5273 2916 5338 Michael,
2967 5277 3039 5328 uti
3085 5276 3198 5345 jam
3257 5294 3423 5346 supra
3471 5279 3551 5331 di-

1975 5377 2120 5422 ctum
2150 5376 2253 5431 est,
2294 5381 2602 5434 quanquam
2645 5368 2896 5420 nonnihil
2931 5384 2960 5421 a
3013 5370 3293 5438 proposito
3327 5373 3556 5425 diverti-

1977 5476 2123 5522 mus,
2160 5458 2280 5513 fidei
2317 5458 2484 5512 robur
2517 5458 2570 5510 in
2608 5459 2874 5512 atixilium
2909 5460 3113 5515 habere
3143 5462 3461 5531 respuisset,
3494 5480 3560 5517 ac

1980 5563 2266 5622 propterea
2291 5567 2385 5621 per
2413 5566 2684 5605 summam
2721 5554 2956 5622 agrestis
2979 5554 3148 5608 animi
3181 5555 3562 5620 stoliditatem,

1981 5659 2254 5712 quemque
2293 5659 2392 5713 pro
2417 5645 2571 5698 libito
2599 5659 2700 5699 suo
2747 5647 2950 5702 sentire
2979 5649 3250 5704 sanxisset
3284 5665 3298 5702 :
3333 5651 3562 5703 omnino

327 5815 332 5820 _
1460 5735 1707 5790 FRANC.
1746 5733 2141 5792 COMBEFISII
2167 5735 2396 5790 NOTAE.

367 5835 482 5908 (τε)
547 5835 807 5890 Videatur
867 5836 1089 5891 Michael
1156 5836 1342 5891 mitius
1403 5833 1533 5904 quid
1591 5833 1806 5900 dicere;
1845 5834 2104 5900 nimirum
2154 5835 2466 5905 prohibitus
2515 5843 2729 5892 tantum
2780 5850 2968 5894 sacras
3011 5836 3278 5908 imagines
3318 5839 3372 5895 in
3423 5838 3561 5894 urbe
