3978 6584
310 386 407 451 901

1443 395 1619 454 VITA
1662 395 1720 455 S.
1758 394 2066 457 NICOLAI
2104 399 2473 460 STUDITEE.

3464 411 3573 471 902

312 503 434 554 κατ’
472 497 666 569 ἐκείνῳ
694 492 770 569 τῷ
795 501 970 573 καιρῷ
1001 502 1093 556 δύο
1118 505 1408 575 φωστῆρας
1455 506 1531 569 ὼς
1570 510 1719 578 ἡμᾶς
1754 509 1888 561 ἁνα-

2000 512 2132 566 εἰοιιι
2185 529 2332 568 same
2382 514 2647 569 doctrina:
2686 514 2989 585 fulguribus
3025 518 3382 588 illustrantia,
3434 539 3573 593 quos

309 593 614 657 τείλαντας,
647 593 739 645 καὶ
768 592 865 663 τὴν
890 595 984 647 τοῦ
1008 596 1244 665 Χριστοῦ
1282 598 1607 670 Ἐκκλησίαν
1628 605 1749 663 ταῖς
1784 601 1892 652 τῶν

310 686 599 755 δογμάτων
642 686 824 738 ἀκτῖσι
883 689 1474 761 καταπυρσεύσαντας,
1530 694 1657 751 τοὺς
1708 694 1894 762 θεοφό-

318 796 441 847 ρους
478 778 728 849 Πατέρας
764 779 883 831 καθ’
918 783 1064 851 ἡμᾶς
1117 785 1573 853 χρηματίζοντας,
1619 785 1893 856 Θεόδωρόν

312 873 371 925 ’τέ
409 890 548 943 φημι
596 876 685 925 καὶ
717 875 995 944 Θεοφάνην
1033 876 1157 939 τοῦς
1189 878 1554 946 αὑταδέλςςους
1584 879 1681 949 τὴν
1710 881 1890 947 φύσιν,

312 968 471 1037 εἴπερ
496 966 558 1036 δὴ
592 967 684 1019 καὶ
707 966 804 1035 τὴν
832 968 1014 1020 πίστιν
1036 969 1360 1045 ὁμαίμονας,
1403 973 1583 1024 οὑτοσί
1606 974 1632 1024 0
1662 978 1772 1036 τοῖς
1798 974 1889 1045 ξρ-

313 1078 429 1128 γοις
463 1060 595 1112 Θεὸν
649 1060 825 1128 φιλεῖν
879 1038 1316 1132 ἐξαρνοῦμενδς,
1379 1068 1474 1118 καὶ
1542 1038 1891 1137 παρωνύμως

312 1154 570 1224 Θεόφιλος
618 1156 1161 1225 προσαγορευόμενος
1186 1195 1200 1219 ,
1238 1155 1324 1209 διὰ
1365 1158 1423 1211 τὸ
1458 1162 1784 1228 προσκυνεῖν
1834 1160 1893 1211 ὲν

312 1246 489 1296 εἰκόσι
534 1244 792 1315 Χριστὸν,
839 1250 931 1297 καὶ
955 1249 1145 1298 τοῦτον
1187 1246 1551 1313 σεϐάζεσθαι,
1588 1250 1893 1320 ,κρατήσας

310 1336 537 1400 αὐτοὺς,
607 1337 745 1407 μετὰ
801 1336 1005 1401 πολλὰς
1049 1339 1148 1401 τὰς
1189 1336 1488 1408 βασάνους,
1538 1340 1743 1393 τούτοιν
1796 1342 1893 1404 τὰς

311 1427 466 1496 ὄψεις
490 1428 768 1490 δυσσεϐῶς
803 1429 1120 1498 ἐνεκόλαψε,
1147 1430 1243 1482 καὶ
1274 1430 1423 1495 ξένον
1451 1430 1527 1501 τῷ
1550 1432 1741 1503 κόσμῳ
1777 1450 1892 1486 κοι-

312 1522 403 1571 νὶν
428 1519 737 1590 ἀνθρώποις
764 1522 1114 1591 προῦτέθεικε
1140 1521 1386 1592 θέατρον.

384 1614 519 1665 Τότε
565 1613 628 1684 δὴ
659 1615 751 1666 καὶ
785 1614 875 1667 τὸν
921 1614 1190 1685 ἡμέτερον
1218 1616 1435 1687 Πατέρα
1465 1615 1771 1680 Νικόλαον,
1806 1615 1895 1668 διὰ

307 1706 411 1778 τὴν
446 1706 852 1778 ἐπικρατοῦσαν
885 1709 1247 1777 σκοτόμαιναν
1276 1710 1375 1778 τῆς
1408 1710 1703 1780 αἱρέσεως,
1728 1710 1893 1762 τόπον

309 1801 375 1852 ὲκ
410 1801 578 1852 τόπου
629 1802 1111 1873 κατατρυχόμενον
1136 1842 1151 1866 ,
1191 1803 1329 1873 γυνή
1365 1819 1448 1866 τις
1489 1804 1716 1875 εὐσεϐὴς
1762 1818 1892 1857 κατ-

2000 602 2169 655 nostri
2202 618 2230 656 a
2269 604 2379 658 Deo
2428 604 2638 659 amatos
2685 620 2748 659 ac
2805 606 3021 661 divinos
3073 606 3263 663 Patres
3314 612 3571 671 vocitant,

1996 692 2363 759 Theodorum,
2394 698 2642 766 inquam,
2671 713 2733 751 ac
2762 696 3149 767 Theophanem
3184 742 3193 756 .
3232 711 3424 755 natura
3460 701 3569 754 l'ra-

1997 793 2124 848 tres,
2162 784 2431 854 siquidem
2459 787 2619 841 etiam
2663 787 2767 842 ﬁde
2805 790 3049 857 germani
3089 802 3265 849 erant.
3295 791 3384 845 ille
3405 792 3571 846 Deum

1995 890 2180 927 amare
2210 877 2462 943 operibus
2499 894 2735 946 negans,
2771 896 3086 949 quanquam
3122 882 3262 934 nuda
3297 882 3424 936 hinc
3478 884 3574 937 des

1998 966 2371 1021 nominatione
2414 964 2748 1038 Theophilus
2779 973 3194 1041 appellabatur;
3239 976 3382 1043 quod
3415 975 3573 1029 Chri-

1996 1067 2138 1112 stum
2173 1059 2226 1112 in
2250 1060 2581 1129 imaginibus
2606 1064 2871 1130 colerent,
2896 1081 3133 1135 eumque
3159 1078 3571 1134 venerareutur,

1996 1159 2209 1213 tenens,
2244 1160 2368 1220 post
2415 1152 2585 1207 multa
2622 1162 2917 1221 tormenta,
2943 1172 3132 1211 eorum
3167 1158 3331 1228 impie
3363 1160 3571 1215 inscul-

1997 1258 2128 1310 pens
2175 1241 2391 1307 faciem,
2440 1260 2643 1298 novum
2672 1247 3023 1317 iusolensque
3052 1264 3340 1305 commune
3392 1252 3574 1306 homi-

1994 1331 2157 1386 nibus
2205 1334 2574 1399 spectaculum
2637 1334 2896 1390 traduxit.

2065 1605 2218 1662 Tunc
2252 1623 2471 1677 quoque
2506 1625 2628 1663 cum
2672 1611 2761 1681 pia
2811 1613 3058 1682 qua-dam
3108 1616 3304 1670 mulier
3356 1616 3570 1672 Patrem

1995 1706 2244 1754 nostrum
2278 1699 2562 1755 Nicolaum
2589 1745 2604 1768 ,
2658 1714 2879 1774 propter
2908 1706 3244 1763 obtinentem
3281 1710 3571 1765 obscuram

1996 1806 2178 1860 prava:
2204 1792 2427 1848 haeresis
2454 1805 2692 1857 noctem,
2725 1798 2919 1852 crebra
2978 1799 3222 1855 locorum
3273 1790 3575 1859 mutatione

310 1890 452 1960 αθρή
464 1907 620 1953 σασα,
651 1892 745 1942 καὶ
779 1867 853 1953 ως
1052 1867 1393 1963 Σουναμίτης
1429 1894 1575 1946 κατὰ
1604 1867 1694 1946 τὸν
1716 1894 1889 1963 μέγαν

2000 1881 2133 1938 male
2153 1885 2314 1939 atteri
2348 1885 2577 1952 videret,
2613 1888 2886 1959 velletque
2919 1898 3175 1961 tanquam
3223 1890 3331 1948 alia
3385 1895 3569 1949 Suna-

328 1981 634 2035 Ἐλισσαῖον
672 1982 1050 2053 ξεναγωγῆσαι
1077 1983 1263 2037 τοῦτον
1287 1984 1582 2054 θελήσασα,
1612 1987 1672 2038 οὐ
1701 1988 1890 2058 πόρρω

308 2074 405 2126 τοῦ
436 2074 629 2136 ἄστεος
654 2074 788 2144 πρὸς
822 2075 889 2127 τά
921 2074 1161 2145 Θρακῷα
1190 2077 1332 2146 μέρη
1371 2078 1576 2147 ἥσυχον
1612 2078 1751 2131 πάνυ
1797 2096 1891 2131 κε-

309 2167 558 2236 κτημένη
595 2166 963 2236 προάστειον,
998 2168 1264 2236 προσάγει
1314 2168 1474 2221 τοῦτο
1517 2168 1610 2220 τοῦ
1655 2168 1889 2239 Χριστοῦ

306 2258 389 2327 τῷ
416 2260 724 2327 θεράποντι.
759 2260 1101 2330 φερωνύμως
1132 2263 1565 2333 ὲφαρμοσαμένη
1607 2265 1671 2331 τῇ
1702 2263 1890 2331 κλήσει

308 2350 389 2421 τῷ
422 2351 707 2421 πράγματι
746 2350 854 2424 [Τσ.
884 2354 944 2404 τὸ
984 2353 1262 2425 πρᾶγμα].
1318 2356 1409 2406 καὶ
1463 2354 1664 2424 μεστὴν
1709 2355 1891 2417 ἐλέους

310 2442 481 2513 αὐτῷ,
506 2443 677 2513 δῶρον
704 2445 777 2507 ὡς
815 2448 980 2513 μέγα,
1022 2448 1121 2515 τὴν
1143 2446 1397 2516 εἰρήνην,
1453 2445 1642 2517 ὥσπερ
1684 2446 1747 2517 δὴ
1796 2449 1891 2501 καὶ

312 2538 539 2608 Εἰρήνη,
580 2539 719 2607 μετὰ
757 2542 853 2590 καὶ
893 2537 985 2590 τοῦ
1022 2539 1304 2608 κτήματος
1356 2540 1745 2610 ἐμπαράξασα.
1780 2542 1892 2594 K0-

312 2634 462 2682 κεῖσε
486 2630 663 2682 τοίνυν
699 2629 956 2700 διέτριϐε,
990 2632 1085 2691 τὰς
1122 2633 1230 2684 τῶν
1266 2634 1560 2702 αἰρετικῶν
1593 2633 1761 2697 λαϐὰς
1788 2635 1891 2701 ὑφ-

310 2735 376 2787 ορ
398 2719 610 2787 ὑμενος.
644 2715 757 2773 Εἶθ’
785 2721 1009 2789 ὕστερον
1044 2722 1195 2774 τοῦτο
1222 2725 1286 2793 τῇ
1320 2723 1514 2775 ἑαυτοῦ
1551 2726 1686 2793 μονῇ
1724 2741 1892 2794 προσ⁴

311 2811 580 2879 εκῦρωσε,
609 2815 708 2881 τὴν
762 2814 1079 2882 ἐπωνυμίαν
1112 2814 1276 2885 φέρον
1303 2816 1401 2883 τῆς
1427 2816 1635 2886 Φίρμου
1662 2817 1888 2879 πόλεως.

383 2902 644 2971 Θεοφίλου
698 2902 754 2956 δὲ
820 2903 1264 2973 τελευτήσαντος,
1332 2908 1427 2957 καὶ
1475 2902 1749 2974 δυστυχῶς
1815 2906 1893 2977 τῷ

310 2996 504 3067 τύμϐῳ
526 2996 814 3063 καταξίαν,
841 2996 915 3060 ὡς
935 2994 1110 3068 οἶμαι,
1136 3004 1586 3069 συμπεριγραφὲν
1613 3000 1779 3069 αὐτῷ,
1802 3002 1893 3052 καὶ

309 3090 371 3141 τὶ
409 3091 505 3158 τῆς
532 3090 818 3160 αἱρέσεως,
856 3090 949 3142 καὶ
994 3090 1273 3163 Θεοδώρας
1299 3092 1393 3162 τῆς
1442 3092 1607 3145 αὑτοῦ
1650 3094 1891 3164 φιλοχρί-

313 3199 442 3234 στου
480 3183 737 3235 συνεύνου
770 3185 866 3236 σὺν
906 3183 982 3253 τῷ
1038 3184 1138 3255 υἱῷ
1191 3182 1409 3253 Μιχαὴλ
1458 3186 1651 3255 κομιδῇ
1684 3187 1787 3255 νέῳ
1826 3186 1892 3239 τά
1920 3208 1962 3267 C

308 3275 418 3327 τῶν
443 3274 730 3343 Ῥωμαίων
742 3276 1120 3347 κατασχούσης
1140 3277 1408 3347 βασίλεια,
1428 3279 1522 3331 καὶ
1551 3280 1751 3332 Ἰαννοῦ
1777 3278 1886 3350 (Q7)

308 3367 402 3420 τοῦ
419 3367 717 3428 δυσσεϐοῦς
739 3409 753 3432 ,
781 3369 1067 3440 προοίμιον
1093 3370 1192 3439 τῆς
1226 3371 1446 3423 αἰωνίου
1479 3373 1633 3441 δίκης
1666 3373 1763 3442 τὴν
1804 3374 1891 3424 ὲν-

308 3458 485 3511 ταῦθα
522 3458 629 3510 τῶν
680 3458 841 3512 θείων
888 3461 1324 3530 κληρωσαμένου
1378 3464 1736 3524 ἀπόπτωσιν,
1799 3464 1891 3515 καὶ

309 3548 574 3601 Μεθοδίου
608 3549 701 3601 τοῦ
753 3548 987 3618 μεγάλου
1037 3550 1134 3618 τῆς
1183 3551 1593 3620 ἀρχιερωσύνης
1646 3554 1891 3621 ἀμπεχο-

313 3642 476 3711 μένου
506 3644 630 3705 τοὺς
658 3641 872 3706 οἴακας,
898 3643 1168 3714 συνδρομῇ
1199 3642 1306 3696 τῶν
1332 3644 1605 3713 θεοφόρων
1632 3645 1889 3717 Ιιατέρων

310 3735 537 3802 γέγονεν
568 3736 601 3805 ἡ
634 3734 730 3804 τῆς
782 3735 1093 3803 ὀρθοδοξίας
1122 3738 1451 3805 πανήγυρις,
1483 3735 1697 3805 αἰθρίας
1718 3753 1889 3789 κατα-

307 3826 581 3895 λαϐούσης
606 3828 706 3896 ἤδη
749 3827 816 3880 τὰ
861 3828 1097 3897 πέρατα,
1135 3828 1229 3880 καὶ
1282 3829 1527 3897 ἀστέρων
1566 3828 1742 3898 δίκην,
1782 3828 1889 3881 τῶν

309 3919 547 3988 Χριστοῦ
578 3919 949 3990 ὁμολογητῶν,
981 3920 1126 3973 ἅπαν
1153 3918 1211 3972 τὸ
1236 3920 1334 3990 τῆς
1364 3918 1690 3989 Ἐκκλησίας
1724 3938 1889 3973 κατα-

309 4012 680 4081 κοσμούντων.

380 4104 513 4157 Τότε
531 4105 594 4175 δὴ
620 4104 714 4157 καὶ
734 4102 760 4157 0
782 4103 959 4165 κοινὸς
986 4102 1140 4174 ἡμῶν
1174 4102 1360 4175 Πατὴρ
1391 4103 1485 4157 καὶ
1525 4103 1617 4157 τοῦ
1652 4106 1887 4173 Χριστοῦ

310 4204 565 4275 θεράπων
618 4203 985 4274 Ναυκράτιος,
1018 4202 1116 4272 τῆς
1168 4201 1385 4273 ὲξορίας
1458 4203 1698 4272 ἀπάρας,
1756 4220 1888 4256 κατ-

311 4299 471 4351 έλαϐε
521 4298 580 4351 τὸ
641 4297 953 4360 Βυζάντιον,
999 4296 1094 4349 καὶ
1141 4297 1278 4367 πρὸς
1321 4296 1419 4364 τῆς
1468 4295 1737 4365 βασιλίδος
1767 4296 1889 4349 κατ’

310 4392 466 4457 ἀξίαν
483 4390 591 4442 τῶν
615 4389 812 4453 ἄθλων,
846 4389 939 4441 καὶ
970 4387 1062 4440 ὑπ’
1088 4387 1254 4440 αὑτοῦ
1280 4387 1373 4440 τοῦ
1400 4387 1725 4459 ἀρχιερέως,
1752 4388 1889 4458 μετὰ

313 4483 513 4553 πολλῆς
533 4483 629 4553 τῆς
662 4482 828 4553 τιμῆς
877 4482 1177 4551 εἰσδεχθείς
1212 4483 1240 4534 0
1278 4481 1546 4551 ἀοίδιμος,
1588 4482 1885 4553 παρακλήο

1992 1977 2143 2031 mitis
2178 1979 2229 2030 in
2264 1979 2445 2047 magni
2473 1977 2653 2034 Eliszel
2714 1981 2963 2048 modum,
3008 1982 3250 2053 hospitio
3301 1986 3569 2055 recipere,

1991 2071 2132 2125 haud
2163 2073 2352 2141 procul
2391 2073 2458 2127 ab
2506 2074 2678 2137 urbe,
2720 2075 2785 2129 ad
2819 2075 3068 2132 Thracia:
3111 2088 3329 2149 partes,
3372 2076 3574 2135 subur-

1991 2163 2139 2217 hium
2177 2163 2337 2234 plane
2367 2180 2397 2219 a
2433 2166 2610 2220 turbis
2642 2179 2914 2221 semotum
2961 2169 3192 2235 habens,
3237 2168 3366 2226 illud
3417 2173 3576 2227 oll‘ert

1990 2254 2192 2310 Christi
2232 2256 2460 2321 famulo,
2488 2272 2600 2313 rem
2640 2259 2739 2313 rite
2769 2275 2864 2327 pro
2891 2262 3128 2317 nominis
3158 2263 3371 2319 ratione
3392 2267 3577 2334 appel-

1990 2346 2178 2401 lationi
2231 2350 2667 2413 accommodans,
2694 2352 2913 2421 plenum
2964 2354 3340 2410 misisricordia
3371 2373 3578 2411 munus

1991 2452 2156 2509 quam
2196 2455 2477 2512 magnum,
2512 2458 2699 2513 pacem
2736 2445 3017 2510 nimirum,
3055 2448 3131 2501 uti
3156 2464 3185 2502 a
3239 2465 3371 2518 pare
3422 2452 3577 2506 lrene

1991 2534 2157 2597 dicta,
2193 2548 2298 2587 una
2339 2549 2463 2588 cum
2514 2536 2864 2605 possessione
2900 2539 3172 2607 praebens.
3238 2541 3354 2595 lllic
3394 2542 3577 2611 itaque

1991 2625 2309 2683 demoratus
2349 2636 2450 2689 est,
2496 2628 2876 2684 luereticorum
2915 2630 3144 2686 insidias
3169 2632 3387 2687 timens.
3428 2636 3581 2689 l'ost-

1993 2720 2217 2772 modum
2264 2735 2392 2774 vero
2429 2736 2530 2775 suo
2578 2723 2709 2776 illud
2777 2726 3115 2778 monasterio
3147 2725 3360 2780 ﬁrmata
3405 2728 3577 2780 dona-

1994 2812 2144 2867 tione
2186 2812 2424 2880 adjecit,
2474 2811 2828 2884 Phirmipolls
2889 2817 3305 2885 appellationem
3349 2820 3573 2875 habens.

2068 2902 2167 2957 Ubi
2196 2920 2364 2974 porro
2391 2903 2726 2973 Theophilus
2761 2907 3033 2975 jamdiem
3071 2908 3317 2973 obiisset,
3362 2924 3578 2978 unoq:.e

1994 2998 2192 3053 misere
2225 2998 2469 3063 tumulo,
2510 2999 2731 3054 hzrresis
2763 3002 2964 3069 pariter
3025 3002 3240 3065 merito,
3270 3002 3413 3069 qttod
3461 3004 3581 3055 exi-

1995 3089 2176 3152 stimo,
2208 3091 2623 3159 circumscripta
2649 3101 2815 3155 esset,
2862 3106 2925 3144 ac
2964 3091 3165 3145 Christi
3216 3107 3409 3146 amans
3441 3108 3579 3146 uxor

1995 3182 2113 3249 ejus
2148 3168 2436 3235 Theodora
2472 3197 2595 3234 cum
2632 3182 2743 3235 lilio
2766 3182 3028 3237 M;chaele
3054 3186 3352 3239 admodum
3375 3186 3577 3254 juvene

2003 3275 2233 3328 ltornani
2308 3274 2520 3343 imperii
2584 3290 2766 3327 arcem
2841 3278 3215 3346 suscepisset;
3265 3278 3578 3351 impiusque

1996 3366 2225 3432 Jannes,
2256 3381 2355 3420 ceu
2388 3367 2647 3436 prteludin
2678 3370 2913 3436 quodam
2940 3380 3156 3425 aeternae
3204 3372 3456 3437 ultionis,
3492 3374 3581 3429 hic

1997 3476 2214 3531 quoque
2245 3461 2646 3515 abdicationem
2679 3477 2708 3514 a
2732 3462 2938 3517 divinis
2974 3465 3201 3520 sortitus
3227 3479 3372 3521 esset
3402 3483 3417 3533 ;
3460 3480 3578 3521 ma-

1998 3571 2248 3625 gnusque
2279 3554 2589 3609 Methodins
2619 3555 2875 3609 Ecclesiae
2911 3558 3280 3625 gubernacula
3335 3560 3575 3630 pontifex

1998 3649 2289 3705 obtineret.
2322 3664 2351 3702 a
2386 3648 2495 3702 Deo
2535 3648 2730 3703 amatis
2760 3648 3011 3705 Patribus
3042 3651 3093 3703 in
3131 3668 3296 3706 unum
3329 3654 3577 3709 eoi-unti-

1999 3738 2142 3802 bus,
2196 3738 2411 3791 initium
2462 3738 2652 3792 habuit
2702 3738 3042 3792 orthodoxae
3092 3739 3412 3803 celebritas,
3449 3756 3575 3793 cum

1997 3830 2145 3884 orbis
2169 3830 2281 3899 jam
2326 3832 2462 3885 lines
2511 3832 2781 3885 serenitas
2818 3831 3069 3896 haberet,
3101 3832 3417 3900 Christique
3446 3849 3579 3885 con-

2000 3923 2237 3977 fessores
2270 3922 2416 3976 velut
2455 3923 2626 3976 stella:
2684 3924 2931 3991 qutedam
2971 3923 3286 3976 universum
3325 3922 3578 3978 Ecclesiae

1998 4013 2398 4067 ﬁrmamentum
2430 4013 2697 4067 illustrius
2724 4021 3021 4067 ornarent-

2068 4105 2217 4159 Tunc
2270 4107 2428 4174 plane
2477 4105 2643 4159 etiam
2681 4106 2991 4159 communis
3037 4104 3201 4160 Pater
3262 4112 3452 4160 noster
3509 4120 3573 4160 ac

1997 4198 2199 4253 Christi
2236 4196 2474 4251 famulus
2509 4197 2839 4251 Naucratius
2867 4197 2937 4251 ab
2969 4198 3135 4252 exilio
3165 4199 3402 4263 rediens,
3427 4201 3577 4256 venit

1998 4288 2339 4359 Byzantium,
2368 4302 2576 4356 proque
2609 4279 2973 4342 certaminum
3004 4290 3221 4354 merito,
3252 4293 3423 4343 multo
3446 4306 3571 4345 cum

1998 4382 2208 4436 honore
2271 4382 2339 4435 ab
2401 4380 2745 4448 imperatrice
2789 4380 3015 4451 ipsoque
3082 4382 3392 4451 patriarcha
3448 4398 3574 4438 sus-

1998 4487 2191 4549 ceptus
2226 4477 2308 4530 vir
2361 4474 2618 4548 inclytus,
2651 4491 2842 4529 eorum
2878 4489 3092 4563 rpgatu,
3130 4492 3303 4531 sacrae
3344 4478 3573 4531 fratrum

315 4594 395 4629 cm
431 4576 657 4641 τούτων,
682 4576 782 4645 τῆς
826 4577 946 4628 κατ’
1006 4577 1168 4627 αὑτὸν
1217 4576 1369 4647 ἱερᾶς
1405 4572 1764 4645 ἁδελφότητος
1810 4576 1888 4637 είς

2000 4569 2303 4627 sodalitatis
2332 4570 2385 4622 ln
2429 4582 2598 4622 unum
2634 4578 2763 4624 tunc
2816 4580 3180 4640 congregatae,
3206 4571 3257 4623 in
3294 4572 3574 4626 venerabi--

310 4668 479 4721 ταὺτὸ
513 4666 873 4735 συνελθούσης
903 4668 1024 4719 τότε
1047 4667 1104 4719 ἐν
1129 4669 1196 4737 τῇ
1226 4667 1567 4739 εὐαγεστάτῃ
1594 4667 1702 4720 τῶν
1732 4666 1895 4721 Στου-

312 4760 425 4813 δίου
486 4762 645 4829 μονῇ,
670 4759 769 4827 τὴν
835 4758 1011 4828 ἀρχὴν
1064 4758 1547 4829 προσλαμϐάνεται
1582 4775 1596 4788 ο
1630 4759 1807 4829 ἤνπερ
1866 4760 1894 4811 0

316 4854 488 4923 μέγας
519 4852 814 4921 Θεόδωρος,
848 4852 1031 4914 πόνοις
1076 4852 1293 4914 πολλοῖς
1355 4846 1547 4921 πρώην
1609 4849 1891 4922 ὲκθρέψας

311 4946 605 5017 ἐπλήθυνε,
638 4945 730 4998 καὶ
755 4946 845 4997 τὸν
868 4944 1136 5013 χιλιοστὸν
1162 4945 1397 5016 ἀριθμὸν
1425 4945 1750 5014 ἐξισωθῆναι
1791 4962 1882 5013 μισ-

313 5040 447 5110 κροῦ
472 5040 581 5091 δεῖν
610 5040 708 5108 τὴν
741 5037 953 5107 πληθὺν
982 5038 1375 5093 κατεσκεύασε.
1410 5036 1520 5091 Καὶ
1550 5032 1616 5107 ἦν
1644 5035 1797 5099 αὖθις
1830 5033 1888 5088 τὸ

310 5133 404 5187 τοῦ
458 5131 698 5203 Χριστοῦ
742 5131 993 5201 ποίμνιον
1034 5130 1307 5194 νεοθαλὲς,
1338 5128 1528 5200 ὥσπερ
1571 5147 1655 5193 τις
1704 5131 1889 5201 παρὰ·

1994 4665 2208 4720 llssimo
2238 4662 2418 4717 Slndii
2472 4663 2825 4727 monasterio,
2864 4664 3241 4734 praefecturam
3276 4666 3518 4735 suscepit
3555 4684 3565 4719 :

1991 4773 2155 4829 quam
2213 4759 2431 4828 quidem
2491 4772 2724 4828 magnus
2779 4755 3102 4812 Theodorus
3168 4759 3353 4813 multis
3402 4774 3569 4828 nuper

1990 4851 2272 4906 laboribus
2307 4849 2592 4905 cnutriens
2640 4850 3051 4920 adaugensque,
3084 4851 3149 4904 ad
3202 4853 3571 4907 milleuarium

1995 4945 2106 4998 fere
2161 4954 2451 4997 numerum
2490 4952 2834 5011 prevexerat.
2894 4943 3131 5012 Eratque
3180 4961 3375 4999 rursus
3434 4962 3577 5001 novo

1995 5037 2179 5107 vigore
2248 5046 2494 5106 vegetum
2566 5034 2770 5089 Christi
2848 5036 2977 5090 illud
3037 5038 3212 5098 ovile.
3259 5040 3403 5094 velut
3458 5041 3578 5094 cui—

1996 5131 2119 5184 dam
2182 5128 2432 5199 paradiso
2487 5126 2687 5193 simile,
2724 5129 2923 5184 multas
2975 5130 3238 5184 virtutum
3296 5146 3468 5197 rosas,
3510 5148 3577 5187 ac

1574 5274 1821 5329 FRANC.
1851 5272 2238 5329 COMBEFISII
2274 5271 2508 5327 NOTAE.

314 5429 412 5479 rit.
460 5423 704 5477 Fuerunt
728 5437 858 5491 ergo
894 5420 1065 5474 sancti
1092 5418 1302 5489 Grapti,
1338 5434 1397 5473 ac
1426 5421 1610 5491 vultus
1645 5419 1901 5488 insculpti

313 5497 701 5560 cmlessores,
769 5490 874 5546 non
940 5491 1227 5555 Moabitae,
1272 5491 1380 5563 _sed
1440 5490 1895 5563 Hierosolymam,

317 5570 685 5633 undecunque
740 5567 957 5618 tandem
1023 5578 1212 5617 eorum
1272 5560 1897 5633 Hierosolytnis'genus

317 5648 499 5692 satum
534 5645 701 5689 esset.

389 5705 504 5777 (27)
546 5704 648 5759 Alii
688 5703 955 5759 Joannem
1021 5704 1289 5777 scribunt.
1339 5701 1543 5777 Possit
1580 5714 1773 5777 auctor
1824 5706 1895 5761 ita

316 5773 517 5832 nomen
574 5778 912 5840 immutasse,
968 5776 1239 5829 allusione
1291 5773 1357 5826 ad
1415 5775 1679 5829 celebrem
1743 5775 1893 5830 illum

314 5863 535 5917 magum
572 5848 899 5912 Pharaonis,
927 5862 1089 5913 quem
1121 5844 1322 5900 Paulus
1358 5843 1527 5915 Moysi
1554 5851 1891 5903 contrarium

2012 5430 2409 5473 commemorat
2438 5417 2479 5473 ll
2517 5418 2756 5472 Timoth.
2791 5436 2871 5481 ιιι,
2937 5420 3092 5487 cujus
3127 5421 3214 5476 hic
3263 5420 3573 5490 pseudom-

2002 5492 2261 5551 triarcha,
2304 5504 2494 5561 magns
2527 5491 2641 5559 ipse
2676 5507 2739 5543 ac
2790 5489 3130 5545 facium-osus
3167 5489 3350 5557 homo,
3396 5490 3519 5547 stud
3544 5508 3573 5545 a

2000 5571 2326 5615 sectaretur.
2368 5561 2424 5614 In
2461 5562 2613 5614 illiilli
2665 5562 2818 5629 plura
2852 5575 3043 5615 aucmr
3080 5563 3318 5617 historiae
3350 5566 3569 5617 institit-

1999 5632 2165 5685 tionis
2196 5631 2301 5684 diei
2337 5630 2458 5687 festi
2494 5631 2848 5702 Orthoduxiae
2890 5631 3175 5687 Duminica
3212 5638 3385 5701 prima
3418 5633 3567 5702 Jeju-

1996 5703 2237 5772 niorum,
2259 5717 2419 5772 quem
2443 5701 2749 5757 damus.De
2771 5704 2893 5772 ejus
2913 5702 3252 5759 abdicatione
3271 5713 3325 5759 et
3344 5701 3574 5760 sull'eeto

1998 5772 2056 5826 S.
2112 5771 2406 5899 Μὲἳὲυάἱο,
2480 5773 2678 5829 Baron.
2737 5771 2810 5830 ex'
2857 5771 3186 5845 Theophane
3255 5778 3575 5849 presbytero

1998 5858 2124 5899 ann.
2273 5883 2286 5897 .

1996 5858 2124 5899 ann.
2162 5858 2286 5899 842.
