3978 6738
377 462 482 523 902

1825 440 2169 505 ANONYMI

3536 425 3642 488 9M

370 584 608 653 Spiritus
645 576 1075 635 suaveolentiam
1123 581 1405 644 aspectare
1456 567 1762 622 volentibus
1815 580 1993 635 prae-J

2102 581 2249 626 ;ισος,
2304 562 2504 630 πολλὴν
2545 561 2656 623 τοῖς
2696 559 2829 630 όρᾷν
2872 555 3215 626 βουλομένοις
3247 553 3345 621 τὴν
3380 549 3643 620 ροδωνίαν

371 687 544 730 stans.

447 876 514 930 At
557 890 684 929 vero
721 873 979 927 Nicolaus
1036 868 1224 930 Pater,
1254 880 1416 936 quam
1458 863 1692 918 amicam
1730 860 1954 914 haberet

377 970 593 1037 longam
627 983 690 1021 ex
725 965 1117 1021 certaminibus
1150 962 1204 1015 in
1237 974 1456 1013 carcere
1500 957 1742 1026 quietem
1783 954 1957 1008 unde-

377 1075 592 1131 quaque
615 1075 838 1122 venans,
873 1073 1046 1125 eaque
1081 1052 1332 1124 quotidie
1364 1058 1748 1119 compunctus,
1782 1060 1958 1115 quan-

378 1169 540 1222 quam
569 1155 802 1204 tnaxime
837 1165 933 1218 pro
969 1147 1224 1201 amicitiae
1255 1146 1401 1213 jure,
1437 1143 1645 1212 pariter
1674 1153 1800 1192 cum
1851 1136 1959 1189 fra-

381 1247 557 1300 tribus
589 1243 924 1297 eommorari
969 1242 1221 1304 volebat;
1258 1237 1404 1292 haud
1445 1245 1624 1292 tamen
1683 1231 1962 1286 sinebatur

381 1336 624 1390 melioris
679 1333 902 1396 studio,
967 1332 1142 1384 amica
1197 1329 1509 1389 solitudine,
1561 1325 1764 1394 jugiter
1807 1323 1961 1376 labo—

382 1441 505 1481 rare
556 1425 898 1478 desiderans.
958 1422 1328 1488 Quamobrem
1394 1418 1689 1487 plurimum
1751 1425 1964 1483 tempus

382 1519 434 1572 in
494 1515 719 1587 praefato
744 1516 1049 1569 diversorio
1074 1529 1265 1584 agens,
1311 1513 1488 1565 rarius
1522 1510 1625 1562 huc
1657 1509 1710 1560 in
1743 1507 1962 1559 l’att‘utn

385 1630 445 1666 se
469 1609 807 1666 consortium
844 1609 1028 1662 dabat.

454 1740 558 1797 Per
586 1741 636 1794 id
666 1753 898 1809 tempus,
919 1739 1150 1794 illustris
1178 1753 1402 1808 quoque
1439 1752 1503 1790 ac
1565 1735 1763 1789 laetitia“:
1809 1735 1967 1805 plena

389 1834 676 1887 translatio
707 1832 934 1900 contigit
967 1829 1306 1885 confessoris
1336 1843 1398 1881 ac
1429 1826 1603 1882 sancti
1633 1825 1810 1879 Patris
1868 1840 1970 1878 no-

2054 658 2162 710 τῶν
2200 657 2434 728 ἀρετῶν,
2479 655 2569 709 καὶ
2620 655 2720 724 τὴν
2765 652 2938 724 ὀσμὴν
2982 650 3076 704 τοῦ
3127 647 3442 717 Ιινεύματος
3495 661 3642 712 παρο

2057 752 2338 821 εχόμενον.

2141 870 2198 922 Ὀ
2221 870 2277 922 δὲ
2302 869 2492 939 Πατὴρ
2514 865 2673 937 ἡμῶν
2725 862 3016 924 Νικόλαος,
3046 861 3146 928 τὴν
3189 859 3252 911 ὲκ
3302 856 3412 910 τῶν
3453 853 3635 907 ἄθλων

2058 962 2278 1036 χρονίαν
2309 962 2367 1013 ὲν
2396 961 2461 1030 τῇ
2505 960 2697 1028 εἱρκτῇ
2732 957 2890 1025 φίλην
2920 953 3151 1024 ἡσυχίαν
3187 948 3389 1004 ἑαυτοῦ
3435 963 3648 998 πάντα⁹

2061 1055 2219 1126 χόθεν
2256 1049 2825 1124 προμνηστευόμινος,
2855 1047 2951 1100 καὶ
3009 1042 3182 1114 ταύτῃ
3228 1039 3352 1094 καθ’
3407 1038 3652 1103 ἑκάστην

2062 1149 2410 1218 νυττόμενος,
2445 1145 2496 1197 εί
2533 1143 2626 1197 καὶ
2665 1143 2734 1195 τὰ
2772 1141 3010 1210 μάλιστα
3046 1137 3197 1207 νόμῳ
3237 1133 3424 1204 φιλίας
3451 1130 3650 1218 ἐπίσης

2062 1242 2176 1302 τοῖς
2219 1217 2469 1305 ἀδελφοῖς
2503 1231 2906 1303 συνδιατρίϐειν
2960 1226 3215 1281 ἐϐούλετο
3248 1241 3261 1255 ’
3302 1223 3416 1276 ἀλλ’
3453 1217 3547 1274 οὖν
3586 1218 3650 1270 οὑ

2066 1335 2314 1403 παρεᾶτο
2349 1330 2425 1400 τῷ
2471 1328 2767 1400 κρείττονι,
2804 1317 3308 1391 συγκακουχεῖσθαι
3334 1319 3400 1386 τῇ
3442 1313 3652 1384 ἡσυχίᾳ

2065 1426 2150 1477 διὰ
2175 1423 2371 1485 παντὸς
2405 1423 2713 1491 ἐφιέμενος.
2745 1417 2905 1468 Ὅθεν
2936 1415 3003 1467 τὰ
3038 1411 3209 1464 πλείω
3237 1409 3335 1478 τὴν
3369 1405 3650 1473 διαγωγὴν

2069 1517 2203 1586 πρὸς
2249 1512 2724 1587 τῷπρορρηθέντι
2761 1507 3096 1576 καταγωγίῳ
3127 1503 3476 1574 ποιούμενος,
3517 1517 3658 1553 orta-

2072 1613 2195 1674 νίως
2226 1604 2328 1663 ὧδε
2353 1612 2466 1671 τοῖς
2501 1606 2748 1674 Πατράσι
2784 1598 3117 1672 παρέϐαλλε.

2143 1746 2302 1802 Κατὰ
2352 1745 2541 1798 τοῦτον
2579 1742 2671 1795 τὸν
2735 1740 2950 1810 χρόνον,
2982 1735 3077 1789 καὶ
3123 1735 3156 1804 ἡ
3191 1731 3283 1786 τοὺ
3319 1724 3659 1800 όμολογῃτοῠ

2074 1842 2170 1897 καὶ
2211 1839 2361 1892 ὁσίου
2399 1837 2612 1907 Πατρὸς
2657 1832 2818 1904 ἡμῶν
2859 1829 3139 1899 Θεοδώρου
3176 1822 3520 1891 πανευκλεὴς
3564 1821 3661 1871 καὶ

400 1925 499 1979 stri
533 1922 805 1976 Theodori
840 1922 908 1975 ab
952 1921 1126 1973 insula
1165 1919 1437 1985 Principe,
1465 1918 1530 1970 ad
1572 1926 1820 1971 nostrum
1874 1917 1968 1969 hor

2109 1931 2433 2002 ὑφρόσυνος,
2473 1929 2536 1980 ὲκ
2569 1923 2874 1998 Πριγκίπου
2927 1920 3063 1990 πρὸς
3096 1918 3156 1971 τὸ
3204 1915 3326 1968 καθ’
3366 1915 3513 1982 ἡμᾶς
3559 1928 3660 1977 μο-

394 2016 828 2076 monasterium,
890 2013 1209 2082 providente
1265 2011 1511 2080 piissima
1571 2009 1843 2079 Augusta,
1909 2023 1974 2062 ac

394 2123 592 2175 magno
640 2104 916 2176 pontifice,
950 2105 1321 2172 universotlue
1367 2101 1624 2156 Ecclesiae
1652 2110 1797 2156 coetu
1851 2116 1976 2156 con-

394 2207 708 2253 currente:
770 2196 979 2260 fuitque
1057 2193 1292 2266 gloriose
1336 2177 1644 2263 idepositus
1714 2193 1973 2264 vigesima

395 2303 548 2346 sexta
606 2287 874 2354 Januarii,
903 2288 1063 2359 juxta
1107 2287 1368 2358 inclytum
1420 2302 1486 2341 ac
1530 2287 1770 2339 afflatum
1801 2301 1830 2338 a
1873 2285 1980 2339 Deo

396 2383 515 2454 ejus
569 2399 632 2436 ex
692 2393 862 2436 matre
902 2397 1061 2434 avum
1122 2379 1424 2443 Platonen,
1479 2394 1586 2432 una
1633 2393 1756 2432 cum
1814 2377 1981 2432 fratre

399 2491 464 2530 ac
484 2476 741 2546 epiSCOpo
768 2474 988 2544 Joseph,
1027 2488 1055 2526 a
1088 2472 1295 2527 dextris
1315 2472 1381 2526 ad
1411 2471 1732 2524 orientalem
1767 2481 1978 2540 partem

399 2569 607 2622 delubri
638 2567 810 2621 sancti
832 2564 1234 2629 Praacursoris;
1271 2578 1381 2633 quo
1411 2563 1602 2632 utique
1638 2562 1778 2626 loco,
1812 2576 1983 2615 sacrae

399 2661 565 2711 etiam
620 2657 1045 2712 victoriosorum
1100 2665 1402 2726 martyrum
1463 2655 1707 2725 reliquiae
1747 2655 1984 2709 condita:

404 2759 557 2805 sunt.

476 2889 752 2945 Methodio
784 2897 966 2943 autem
1024 2888 1246 2958 pietatis
1296 2887 1586 2943 defensore
1624 2901 1688 2942 ac
1741 2902 1987 2956 praecone

408 2983 476 3037 ad
500 2983 711 3036 beatam
745 2982 892 3035 illam
927 2991 1128 3035 sortem
1150 2981 1572 3049 commigrante,
1593 2996 1717 3034 eum
1749 2979 1986 3049 Ignatius

410 3077 738 3146 pontificalis
775 3075 945 3143 apicis
989 3074 1360 3144 gubernacula
1396 3075 1757 3142 suscepisset,
1805 3072 1985 3126 admi-

413 3167 604 3222 rabilis
653 3168 744 3220 ille
773 3167 1069 3236 multisque
1121 3165 1484 3218 certaminum
1521 3164 1744 3218 coronis
1800 3177 1986 3216 revera

2079 2023 2369 2091 ναστήριον
2416 2015 2706 2086 μετάθεσις
2739 2014 2956 2080 γέγονε,
2997 2007 3226 2078 προνοίᾳ
3271 2005 3370 2072 τῆς
3429 2002 3660 2054 εὐσεϐεο

2081 2119 2283 2184 στάτης
2317 2111 2660 2180 Αὑγούστης,
2691 2108 2786 2161 τοῦ
2820 2125 2879 2158 τε
2926 2102 3161 2174 μεγάλου
3214 2095 3541 2169 ἀρχιερέως,
3569 2095 3663 2148 καὶ

2083 2209 2357 2279 συνδρομῇ
2394 2204 2594 2266 παντὸς
2627 2201 2722 2256 τοῦ
2750 2201 2846 2268 τῆς
2905 2195 3232 2266 Ἐκκλησίας
3256 2189 3624 2261 πληρώματος
3644 2203 3658 2216 ³

2082 2301 2400 2362 κατατεθεὶς
2453 2293 2679 2360 ἐνδόξως
2730 2295 2798 2364 τῇ
2833 2292 2971 2364 ἕκτῃ
3021 2288 3118 2342 καὶ
3169 2285 3346 2340 εἰκάδι
3399 2280 3496 2335 τοῦ
3563 2281 3664 2334 Ἰα-

2084 2394 2334 2464 νουαρίου
2367 2391 2557 2463 μηνὸς,
2590 2390 2727 2459 πρὸς
2748 2387 2826 2456 τῷ
2862 2388 2926 2438 ὲκ
2958 2382 3164 2454 μητρὸς
3191 2378 3360 2433 αὑτοῦ
3391 2376 3522 2441 θείῳ
3550 2375 3661 2427 ἀοι-

2083 2489 2226 2557 δίμῳ
2279 2486 2372 2538 καὶ
2401 2481 2648 2552 θεοφόρῳ
2682 2479 2952 2541 Πλάτωνι,
2989 2475 3107 2545 ἅμα
3139 2472 3218 2544 τῷ
3270 2469 3520 2557 συγγόνῳ
3571 2466 3664 2518 καὶ

2085 2556 2336 2648 ἀρχιερεῖ
2375 2574 2590 2643 Ἰωσὴφ,
2629 2573 2692 2623 ὲκ
2725 2568 2916 2633 δεξιῶν
2947 2568 3068 2619 κατ’
3100 2561 3368 2624 ἀνατολὰς
3399 2556 3495 2612 τοῦ
3532 2572 3661 2628 προ·

2085 2667 2349 2740 δρομικοῦ
2366 2668 2628 2736 τεμένους
2652 2680 2665 2693 ·
2702 2663 2836 2716 ὅπου
2863 2661 2928 2730 δὴ
2959 2659 3053 2712 καὶ
3085 2656 3155 2709 τὰ
3183 2655 3293 2708 τῶν
3338 2650 3664 2706 καλλινίκων

2092 2761 2388 2835 μαρτύρων
2421 2760 2541 2829 ἱερὰ
2576 2756 2930 2811 κατάκεινται
2957 2750 3206 2821 λείψανα.

2161 2899 2425 2956 Μεθοδίου
2485 2899 2562 2959 δὲ,
2608 2895 2704 2950 τοῦ
2759 2895 2857 2964 τῆς
2898 2889 3178 2954 εὑσεϐείας
3229 2886 3542 2959 προμάχου,
3579 2885 3670 2936 καὶ

2091 2995 2332 3066 κήρυκος
2372 2992 2508 3062 πρὸς
2537 2990 2636 3060 τὴν
2666 2987 2874 3042 ἐκεῖθεν
2900 2987 3053 3056 λῆξιν
3109 2979 3667 3055 μεταναστεύσαντος,

2092 3087 2187 3140 καὶ
2227 3083 2490 3153 Ἰγνατίου
2524 3083 2624 3151 τῆς
2655 3079 3067 3153 ἀρχιερωσύνης
3097 3072 3512 3144 ὑπειλημμένου
3547 3071 3671 3132 τοὺς

2093 3182 2309 3241 οἴακας,
2337 3180 2363 3231 ὁ
2395 3176 2700 3246 θαυμάσιος
2755 3174 2849 3226 xui.
2887 3169 3187 3230 πολύαθλος
3217 3167 3384 3227 ὅντως
3413 3162 3670 3234 Ναυκρά-

414 3265 651 3331 inclytus
686 3262 1044 3321 Naucratius,
1083 3260 1294 3314 dt-cima
1322 3269 1511 3313 octava
1539 3257 1736 3327 Aprilis
1761 3256 1988 3319 mensis,

2102 3289 2228 3334 τιος,
2254 3272 2319 3340 τῇ
2360 3265 2802 3336 ὀκτωκαιδεκάτῃ
2832 3261 2924 3317 τοῦ
2961 3259 3275 3330 Ἀπριλλίου
3336 3253 3526 3326 μηνὸς,
3584 3253 3674 3304 ἐπὶ

414 3357 467 3409 in
528 3357 766 3423 idipsum
826 3363 1120 3423 soporatos
1183 3359 1268 3406 est
1348 3349 1812 3418 obdormivitque,
1868 3363 1994 3401 suc-

413 3459 690 3500 cessorem
735 3460 898 3498 suum
954 3444 1273 3512 relinquens
1336 3443 1552 3496 beatum
1623 3443 1994 3495 confessorem

414 3554 478 3592 ac
533 3538 702 3591 multa
772 3551 992 3605 passum
1047 3533 1266 3589 Patrem
1319 3543 1570 3589 nostrum
1608 3531 1914 3586 Nicolaum.
1947 3531 1998 3584 ls

414 3639 567 3688 Vero,
607 3624 794 3677 animo
824 3633 1086 3689 reputans
1129 3623 1410 3693 dignitatis
1443 3622 1876 3693 magnitudinem
1935 3638 1999 3678 ac

417 3721 538 3784 epis
573 3731 734 3779 onus,
768 3731 1093 3785 semperque
1140 3731 1329 3770 secum
1390 3716 1493 3770 sibi
1548 3715 1998 3769 contubernalem

419 3824 484 3862 ac
515 3809 871 3861 domesticam
900 3808 1158 3862 virtutum
1190 3825 1370 3863 arcem
1398 3809 1763 3862 humilitatem
1797 3807 1999 3872 ferens,

420 3916 542 3954 eam
597 3918 708 3955 rem
745 3905 940 3972 lugens
977 3903 1206 3956 moleste
1240 3903 1496 3958 habebat.
1539 3903 1752 3958 Ccdens
1801 3903 2001 3957 nihilo-

425 3996 608 4050 minus
628 3995 816 4049 multis
849 3996 1065 4048 Patrum
1088 3996 1586 4059 obsecrationibus,
1613 4011 1732 4051 eam
1766 3996 2006 4050 admittit

421 4087 856 4150 ordinationem,
893 4086 986 4154 qui
1030 4085 1078 4139 id
1131 4089 1352 4157 proprie
1401 4089 1764 4143 humilitatem
1813 4089 2001 4151 sciret,

425 4190 486 4235 ut
540 4197 602 4235 ca
641 4181 768 4250 quis
815 4181 1027 4250 potiora
1087 4181 1283 4234 haheat
1327 4197 1449 4250 qtne
1500 4183 1688 4236 multis
1728 4183 2003 4246 videntur,

425 4288 590 4344 quan:
650 4288 772 4341 qua:
799 4273 1019 4340 propria
1047 4272 1164 4340 ipse
1192 4273 1474 4326 voluntate
1505 4273 1792 4342 approbat.

498 4409 635 4463 Cum
673 4421 854 4462 autem
909 4408 1132 4462 triennii
1171 4409 1350 4478 spatio
1406 4410 1641 4464 nobilem
1695 4409 1840 4464 illam
1899 4409 2010 4464 fra-

427 4511 572 4555 trum
631 4501 966 4564 onerariam,
1023 4500 1089 4553 ad
1143 4500 1409 4553 virtutum
1463 4511 1775 4568 crementa,
1841 4502 2008 4557 divini

2096 3362 2156 3414 τὸ
2180 3361 2308 3413 αὑτὸ
2334 3359 2607 3430 ἐκοιμήθη
2635 3357 2732 3411 καὶ
2784 3356 3004 3408 ὕπνωσε
3035 3369 3048 3384 ο
3082 3351 3326 3419 διάδοχον
3355 3343 3553 3401 ἑαυτοῦ
3589 3344 3674 3396 τὸν

2096 3451 2455 3524 ὁμολογητὴν,
2491 3450 2584 3504 καὶ
2620 3447 2890 3502 πολύτλαν
2925 3445 3146 3515 Πατέρα
3205 3438 3555 3495 καταλείπων
3584 3435 3676 3489 Νι-

2098 3546 2312 3601 κόλαον.
2350 3546 2446 3606 Ὃς
2503 3543 2602 3612 τῆς
2631 3543 2788 3609 ἀξίας
2841 3539 2902 3592 τὸ
2959 3535 3210 3608 μέγεθος,
3243 3534 3340 3588 καὶ
3376 3532 3440 3586 τὸ
3477 3528 3676 3598 ταύτης

2100 3639 2356 3708 φορτικὸν
2392 3637 2870 3706 ἀναλογιζόμενος,
2898 3630 3147 3685 σύνοικόν
3175 3645 3232 3681 τε
3263 3626 3412 3695 αὑτῷ
3446 3625 3548 3695 τὴν
3574 3621 3677 3675 τῶν

2100 3731 2312 3802 ἀρετῶν
2359 3717 2661 3801 ἀκρόπολιν
2691 3727 2788 3798 τὴν
2829 3725 3163 3780 ταπείνωσιν
3201 3721 3287 3774 ἀεὶ
3320 3717 3678 3786 συνεπιφερό-

2106 3839 2300 3892 μενος,
2352 3819 2636 3889 ἐδυσφόρει
2695 3818 2770 3886 τῷ
2823 3816 3114 3888 πράγματι
3155 3807 3677 3878 κατολοφυρόμενος.

2103 3915 2293 3984 Ὅμως
2318 3912 2544 3976 ὑπείξας
2575 3912 2693 3972 ταῖς
2722 3908 2829 3961 τῶν
2863 3907 3119 3977 Πατέρων
3153 3902 3377 3964 πολλαῖς
3402 3898 3681 3970 παρακλή-

2106 4023 2246 4070 σεσι,
2293 4005 2506 4074 δέχεται
2540 4001 2771 4068 ταυτηνὶ
2819 4000 2916 4070 τὴν
2962 3996 3304 4065 καθίδρυσιν,
3336 3990 3495 4054 εἰδὼς
3532 3989 3682 4042 τοῦτο

2107 4099 2312 4170 κυρίως
2356 4096 2624 4167 ὑπάρχειν
2667 4092 3023 4154 ταπείνωσιν,
3060 4090 3120 4142 τὸ
3170 4087 3273 4140 ὑπὸ
3324 4086 3433 4139 τῶν
3482 4083 3682 4136 πολλῶν

2107 4192 2242 4262 πρδς
2267 4189 2326 4241 τὸ
2359 4191 2603 4261 κρεῖττον
2636 4185 2729 4239 τοῦ
2759 4185 2896 4258 πρὸς
2919 4183 2946 4236 ὃ
2978 4183 3083 4248 ἔξω
3115 4179 3206 4234 τοῦ
3250 4179 3559 4247 θελήματος
3587 4174 3685 4245 ψη-

2110 4280 2426 4348 φιζόμενον.

2195 4413 2316 4466 Ἐπὶ
2339 4411 2531 4482 τριετῆ
2570 4412 2625 4465 δὲ
2656 4411 2846 4482 χρόνον
2876 4407 3168 4481 εὐπρεπῶς
3201 4408 3340 4474 ἄγαν
3373 4406 3474 4477 τὴν
3505 4405 3687 4474 τιμίαν

2111 4507 2222 4560 τῶν
2266 4504 2513 4573 ἀδελφῶν
2538 4503 2740 4558 ὁλκάδα
2787 4503 2986 4572 μᾶλλον
3018 4500 3154 4571 πρὸς
3194 4501 3293 4568 τὴν
3331 4497 3440 4552 τῶν
3483 4495 3690 4566 ἀρετῶν

431 4592 675 4662 Spiritus
704 4591 1078 4661 aspirantibus
1109 4591 1284 4654 auris,
1320 4593 1545 4646 honeste
1590 4593 1886 4648 admodum
1923 4595 1993 4648 di-

2115 4594 2452 4665 ὲπανάληψιν
2488 4597 2607 4658 ταῖς
2630 4593 2723 4646 τοὺ
2759 4591 3074 4663 Πνεύματος
3109 4589 3304 4660 αὔραις
3359 4586 3690 4651 οἰακίζεσθαι

432 4684 666 4736 rexisset
685 4683 849 4750 ,quod
880 4683 1054 4750 plane,
1074 4682 1148 4734 uti
1179 4681 1291 4751 jam
1318 4698 1497 4736 sermo
1517 4683 1722 4751 liquido
1749 4686 2009 4747 ostendit,

433 4775 636 4843 quietis
665 4790 880 4838 amans,
915 4781 971 4825 ut
1001 4774 1125 4841 quis
1147 4774 1304 4836 alius,
1339 4785 1506 4838 esset,
1536 4790 1711 4845 eoque
1742 4776 2013 4832 desiderio

435 4867 813 4920 vehementius
862 4866 1140 4927 incensus,
1174 4866 1315 4918 haud
1366 4867 1506 4919 ultra
1538 4868 1836 4936 quatientia
1867 4871 2016 4940 cogi-

438 4957 919 5026 tationumjacula
961 4958 1102 5012 ferre
1152 4970 1365 5028 posset;
1409 4959 1498 5012 ubi
1542 4975 1713 5028 pauca
1767 4962 2014 5028 quaedam

435 5065 501 5105 ea
534 5049 602 5104 de
634 5066 691 5103 re
725 5048 981 5103 l’atribus
1022 5064 1208 5102 coram
1242 5051 1423 5105 habita
1456 5051 1705 5103 oratione
1733 5052 2018 5119 exposuis-

439 5156 554 5211 set;
591 5144 808 5198 demum
844 5144 1101 5212 proponit
1153 5144 1246 5213 qui
1297 5145 1413 5214 ejus
1450 5145 1572 5199 loco
1631 5144 2016 5215 praefecturam

439 5250 695 5310 gesturus
734 5248 920 5303 esset,
953 5236 1322 5307 Sophrottium
1389 5239 1611 5308 quidem
1673 5240 1916 5305 nomine,
1956 5256 2022 5294 ac

442 5331 764 5405 presbyterii
813 5333 1082 5402 dignitate
1114 5333 1529 5403 praefulgentem
1581 5333 1781 5396 vit-nm,
1814 5334 2020 5403 quique

444 5423 807 5477 nihilominus
874 5423 1260 5492 appellatiOnis
1321 5423 1554 5494 gratiam
1645 5426 2020 5493 temperantiae

445 5525 754 5588 augmentis
801 5518 979 5586 reipsa
1054 5518 1392 5586 obsignaret.
1434 5516 1646 5587 Quippe
1696 5517 1901 5584 ferunt,
1944 5520 2022 5572 uti

446 5629 556 5666 non
621 5627 743 5666 raro
807 5612 956 5681 loqui
1017 5613 1222 5666 accidit
1276 5613 1509 5680 quadam
1564 5612 1920 5682 simplicitate
1962 5629 2028 5668 ac

445 5709 704 5770 candore,
736 5706 912 5775 ipsum
939 5705 1008 5760 de
1038 5722 1096 5759 se
1122 5706 1240 5774 ipso
1258 5705 1471 5758 beatum
1507 5707 1687 5759 virum
1717 5705 1784 5759 ad
1811 5706 2027 5761 audito-

449 5817 572 5854 rum
623 5802 911 5855 utilitatem
964 5803 1292 5871 quandoque
1334 5799 1576 5862 dixisse,
1616 5816 1902 5870 nunquam
1946 5816 2026 5863 se,

449 5896 519 5949 ab
563 5910 628 5950 co
681 5908 922 5965 tempore
957 5910 1068 5966 quo
1115 5894 1368 5951 monachi
1432 5893 1680 5947 habitum
1735 5893 2025 5960 induisset,

2117 4686 2700 4758 παρασκευασάμενος,
2752 4686 3005 4754 ἐπείπερ,
3030 4684 3107 4746 ὡς
3151 4681 3440 4753 προλαϐὼν
3473 4683 3502 4733 ὁ
3542 4679 3692 4747 λόγος

2117 4781 2374 4850 ἐδήλωσε,
2403 4779 2701 4850 φιλήσυχος
2747 4781 2796 4832 εἰ
2827 4779 2920 4831 καί
2955 4795 3035 4840 τις
3077 4776 3235 4838 ἄλλος
3269 4777 3587 4844 γενόμενος.
3608 4773 3694 4826 καὶ

2118 4873 2196 4943 τῷ
2226 4872 2377 4942 πόθῳ
2409 4871 2584 4942 τούτῳ
2617 4872 2852 4941 ἱέμενος,
2879 4872 3062 4924 οὑκέτι
3092 4865 3204 4932 οἷός
3227 4885 3282 4920 τε
3317 4865 3382 4938 ἧν
3407 4867 3516 4920 τῶν
3544 4866 3688 4931 λογι·

2121 4963 2273 5034 σμῶν
2301 4965 2410 5025 τοῖς
2442 4960 2618 5026 τόξοις
2652 4960 3060 5032 κραδαίνεσθαι,
3083 4961 3196 5021 τοῖς
3244 4957 3493 5026 Πατράσι
3531 4953 3698 5024 μικρά

2120 5072 2241 5109 τινα
2285 5054 2418 5124 περὶ
2450 5052 2656 5115 ταύτης
2685 5052 2968 5120 διεξελθὼν
3014 5051 3112 5120 τῆς
3146 5049 3460 5110 ὑποθέσεως
3514 5047 3695 5105 ἕνεκα,

2124 5149 2490 5220 προϐάλλεται
2533 5147 2722 5200 λοιπὸν
2753 5147 2868 5201 ἀντ’
2911 5145 3078 5200 αὑτοῦ
3100 5147 3192 5198 τὸν
3214 5143 3426 5206 τούτοις
3453 5141 3698 5211 καθηγη-

2123 5243 2370 5312 σόμενον,
2415 5241 2720 5311 Σωφρόνιον
2775 5242 2874 5312 μὲν
2925 5238 3424 5310 ἐπονομαζόμενον,
3465 5237 3564 5289 καὶ
3618 5234 3692 5302 τῷ

2124 5335 2218 5388 τοῦ
2256 5335 2656 5407 πρεσϐυτερίου
2691 5333 3212 5404 κατακοσμούμενον
3260 5329 3537 5399 ἀξιώματι
3567 5343 3582 5358 ο
3605 5327 3695 5396 τῆς

2125 5429 2373 5500 κλήσεως
2429 5429 2485 5483 δὲ
2536 5429 2597 5484 τὺ
2640 5429 2831 5500 χαρίεν
2890 5431 2955 5499 τῇ
3002 5425 3330 5499 σωφροσύνῃ
3365 5427 3475 5488 τοῖς
3526 5422 3699 5494 ἔργοις

2129 5521 2624 5594 ὲπισφραγίζοντα.
2657 5523 2766 5575 Καὶ
2787 5523 2894 5590 γὰρ
2923 5521 2996 5584 ὡς
3021 5521 3181 5587 λόγος
3212 5519 3324 5589 ἔχει
3356 5525 3487 5590 περὶ
3517 5515 3696 5578 αὑτοῦ,

2127 5612 2216 5670 οἷα
2242 5615 2308 5688 δὴ
2350 5615 2642 5686 συμϐαίνει
2672 5614 2929 5678 πολλάκις
2985 5614 3252 5685 ἁπλότητι
3295 5611 3524 5681 γνώμης
3551 5611 3701 5680 φερό-

2134 5725 2318 5780 μενον,
2355 5708 2518 5762 αὑτὸν
2564 5709 2632 5762 δι’
2667 5705 2863 5762 ἑαυτοῦ
2915 5707 3052 5776 πρὸς
3089 5707 3190 5776 τὴν
3243 5705 3352 5758 τῶν
3399 5703 3698 5758 ἀκουόντων

2131 5803 2390 5870 ἀφέλειαν
2446 5800 2890 5869 ὑποφθέγγεσθαι
2941 5801 3034 5852 τὸν
3063 5798 3354 5870 μακάριον.
3388 5798 3465 5861 ώς
3509 5797 3600 5860 Ἐξ
3618 5797 3697 5848 ὅτε

2131 5893 2228 5947 τοῦ
2259 5895 2517 5973 μοιρχοὺ
2540 5897 2598 5949 τὸ
2638 5897 2822 5966 σχῆμα
2857 5895 3190 5966 ἠμφίεσμαι,
3224 5892 3451 5963 ἄρτουῆ
3485 5888 3699 5955 οῐνον,ῆ
