3978 6594
234 360 341 423 905

1361 366 1535 426 VlTA
1577 367 1636 428 S.
1683 367 1989 429 NICOLAI
2021 371 2394 435 STUDlT/E.

3382 383 3492 448 906

230 477 325 544 τῆς
357 475 587 531 οἱασοῦν
617 476 975 548 λιπαινούσης
1024 479 1228 550 τροφῆς
1280 480 1338 533 ὲν
1393 482 1678 553 πλησμονῇ
1713 500 1791 551 γα

1922 487 2115 554 panis,
2174 498 2269 543 aut
2312 489 2457 554 vini,
2518 500 2611 547 aut
2648 494 2901 565 cujusvis
2953 497 3179 553 alterius
3239 498 3347 555 cibi
3397 504 3491 571 qni

229 572 389 642 στρος
425 572 755 645 γεγένημαι.

301 760 509 813 Τοῦτον
566 762 690 834 flag.
735 763 936 837 τούτῳ]
968 766 1148 820 τοίνυν
1178 768 1313 841 πρὸς
1369 770 1463 823 τοῦ
1506 772 1810 843 ἀρχιερέως

226 852 559 922 καταλείψας
590 856 652 907 τὸ
691 856 966 928 ποίμνιον,
1008 861 1038 913 6
1069 861 1329 925 πανόσιος
1362 864 1524 929 αὐτὸς
1555 867 1808 932 ἐξελθὼν,

224 946 283 996 ὲν
314 944 392 1015 τῷ
423 949 794 1019 προρῤηθέντι
826 954 1159 1025 καταγωγίῳ
1190 955 1288 1024 τῆς
1332 957 1541 1028 Φίρμου
1598 961 1810 1025 πόλεως

220 1035 539 1099 ἐκαθέζετο.
573 1039 772 1093 Ἥδετο
793 1042 902 1111 γὰρ
933 1043 1010 1113 τῷ
1038 1046 1240 1116 τόπῳ,’
1254 1048 1345 1100 τὸν
1368 1050 1573 1120 τρόπον
1607 1053 1810 1123 μᾶλλον

220 1128 288 1180 δι’
347 1126 520 1202 οὗπερ
572 1136 601 1185 ὁ
649 1134 817 1198 τόπος
861 1143 1157 1208 κατασχεῖν
1206 1142 1583 1213 ἐπειγόμενος.
1651 1146 1809 1200 Ἀλλά

219 1220 315 1272 τοῦ
350 1223 600 1293 ἀοιδίμου
651 1228 961 1298 Σωφρονίου
992 1231 1173 1296 καλῶς
1204 1235 1304 1304 τὴν
1338 1236 1504 1307 μονὴν
1554 1240 1645 1291 ἐπὶ
1683 1242 1809 1293 τέσ-

220 1329 401 1382 σαρας
444 1318 671 1387 χρόνους
715 1320 1078 1391 αὐξήσαντος,
1116 1326 1213 1378 καὶ
1273 1329 1443 1399 γέρας
1504 1333 1602 1401 τῆς
1653 1336 1812 1404 ἀγχι-

218 1408 368 1470 νοίας
390 1410 487 1478 τὴν
514 1413 880 1482 ἀγαθοεργίαν
935 1419 1506 1491 καταπλουτὴσαντος,
1536 1427 1629 1477 καὶ
1650 1429 1807 1499 τρίτῃ

215 1502 312 1552 τοῦ
358 1503 672 1573 Νοεμϐρίου
706 1507 845 1577 πρὸς
889 1510 1097 1581 Κύριον
1136 1512 1580 1584 ἐκδημήσαντος,
1614 1520 1663 1571 oi
1695 1521 1805 1573 τῶν

217 1595 471 1665 μοναχῶν
511 1598 879 1670 φιλοπάτορες
919 1604 1105 1657 οὐκέτι
1136 1605 1349 1674 στέγειν
1383 1610 1674 1678 δυνάμενοι
1705 1615 1805 1684 τὴν

211 1686 310 1737 τοῦ
336 1688 487 1741 ὁσίου
512 1689 807 1755 διάζευξιν,
832 1695 969 1765 πρὸς
996 1695 1056 1749 τὸ
1076 1698 1276 1752 οἰκεῖον
1292 1702 1439 1771 αὐτῷ
1457 1707 1555 1774 τῆς
1576 1707 1805 1776 ἡσυχίας

214 1778 536 1846 ἀπάραντες
568 1783 914 1856 ἐνδιαίτημα,
957 1790 1047 1841 ἐπὶ
1069 1790 1166 1861 τὴν
1189 1793 1360 1846 πειθὼ
1378 1795 1477 1864 τῆς
1517 1798 1693 1868 ἀρχῆς
1729 1801 1806 1863 ὡς

214 1867 538 1933 φιλότεκνον
594 1873 692 1925 κα)⁸
749 1874 909 1938 αὖθις
970 1877 1158 1933 τοῦτον
1202 1881 1553 1951 ἑλκύσαντες,
1612 1888 1670 1938 ἐν
1725 1888 1803 1957 τῷ
1836 1856 1876 1908 Β

215 1961 570 2031 μοναστηρίῳ
629 1966 958 2037 εἰσήνεγκαν
982 1985 997 1999 ’
1032 1971 1125 2023 καὶ
1171 1967 1238 2043 ἦν
1290 1974 1318 2025 ὁ
1349 1974 1538 2047 Πατὴρ
1563 1980 1676 2041 τοῖς
1714 1980 1805 2033 τὲ-

210 2066 364 2112 κνοις
388 2052 512 2105 καθ’
560 2055 801 2129 ἑκάστην
841 2060 1363 2133 ὲπευφραινόμενος.

282 2144 588 2214 Τοιγαροῦν
648 2150 746 2219 τῆς
795 2152 1133 2223 φερωνύμως
1200 2156 1274 2220 ὡς
1335 2158 1509 2227 δῶρον
1570 2162 1636 2230 τῇ
1705 2161 1800 2215 τοῦ

209 2235 455 2304 Χριστοῦ
489 2237 788 2311 Ἐκκλησία
813 2247 1273 2319 παρασχεοείσης,
1305 2249 1405 2320 τῆς
1426 2250 1797 2323 φιλοχρίστου,

206 2316 379 2395 φημὶ,
411 2333 503 2382 καὶ
526 2334 897 2398 πανευσεὸοῦς
948 2316 1253 2407 βασιλίδος,
1290 2316 1395 2394 ὑπο
1439 2316 1661 2414 Μιχαὴλ
1708 2316 1802 2398 τοῦ

208 2420 418 2490 ἑαυτῆς
440 2423 557 2476 υἱοῦ
588 2425 689 2496 ἤδη
722 2427 909 2482 λοιπὸν
935 2430 1005 2483 τὰ
1036 2433 1136 2502 τῆς
1173 2435 1497 2506 νηπιότητος
1523 2438 1798 2491 ὲπαποθε-

205 2512 379 2581 μένου
401 2515 766 2587 ψελλίσματα,
795 2521 905 2574 τῶν
939 2524 1259 2596 ἀνακτόρων
1304 2528 1517 2582 ἐκεῖθεν
1570 2548 1795 2584 κατενε-

206 2605 461 2676 χθείσης,
496 2610 653 2680 κακῷ
700 2614 994 2687 συμϐούλῳ
1036 2616 1239 2689 δηλαδὴ
1273 2620 1455 2693 Βάρδᾳ
1487 2623 1564 2693 τῷ
1596 2625 1798 2694 ἑαυτῆς

204 2702 431 2773 ἀδελφῷ
462 2706 489 2756 6
541 2706 659 2770 νέος
708 2709 847 2773 ἄναξ
884 2712 1253 2783 χρησάμενος,
1311 2718 1405 2769 καὶ
1448 2721 1572 2770 κατ’
1628 2719 1796 2786 ἄμφω

203 2792 326 2843 τῶν
347 2792 442 2845 δύο
461 2836 476 2858 ,
497 2794 596 2865 τὴν
628 2797 1062 2869 αὑτοκρατορίαν
1081 2804 1109 2855 6
1125 2804 1332 2873 ἕτερος,
1369 2807 1397 2858 6
1425 2806 1480 2858 δὲ
1526 2806 1625 2879 τὴν
1661 2811 1796 2862 Καί-

200 2904 380 2957 σαρος
410 2888 576 2960 τιμὴν
604 2890 742 2961 πρὸς
776 2894 1005 2956 ἑαυτοὺς
1032 2897 1436 2967 ἀμφεπόμενοι,
1463 2900 1526 2953 οὐ
1564 2904 1789 2973 μικρὸν,

196 2979 282 3042 ὡς
316 2981 417 3032 οὐκ
438 2981 628 3051 ᾤοντο,
659 2984 760 3054 τὴν
791 2985 910 3038 κατ’
933 2986 1180 3059 ἀλλήλων
1202 2990 1311 3042 τῶν
1347 2992 1584 3061 γνωμῶν
1612 2994 1794 3047 ἐντεῦ-

202 3072 305 3124 θεν
345 3071 425 3142 τῷ
458 3074 686 3145 ὑπηκόῳ
727 3076 994 3148 σύγχυσιν
1021 3084 1459 3152 κατειργάσαντο
1490 3101 1501 3112 ·
1536 3086 1664 3150 τοὺς
1692 3090 1789 3143 τοῦ

194 3164 343 3218 Θεοῦ
375 3166 573 3237 νόμους
607 3169 694 3238 ἐφ’
723 3172 950 3233 ἑαυτοὺς
980 3173 1433 3244 καθυϐρίσαντες.

292 3261 353 3313 ὐ
382 3263 483 3332 μὲν
508 3262 617 3333 γὰρ
649 3264 793 3333 αἴρει
828 3265 927 3336 τὴν
973 3266 1145 3339 ὀφρῦν
1188 3268 1330 3321 κατὰ
1358 3269 1457 3339 τῆς
1490 3270 1694 3341 μητρός
1719 3286 1733 3298 '
1763 3273 1791 3325 6
1817 3254 1860 3311 θ

196 3351 282 3418 δὲ,
319 3355 455 3425 πρὸς
491 3355 685 3426 τούτῳ,
719 3357 814 3410 καὶ
858 3358 939 3420 είς
988 3358 1161 3429 αὐτὴν
1192 3359 1290 3430 τὴν
1336 3359 1498 3427 φύσιν
1541 3361 1788 3432 ἐξήμαρ-

196 3462 318 3509 τεν,
357 3446 498 3518 ὑπὲρ
521 3447 617 3518 τὴν
656 3447 821 3517 φύσιν
848 3448 948 3521 τὴν
1006 3450 1209 3520 πρᾶξιν
1247 3451 1536 3521 σχεδιάσας
1565 3452 1665 3522 τῆς
1689 3454 1791 3522 φύ-

199 3555 368 3601 σεως.
398 3540 539 3610 Ὅρα
569 3543 677 3613 γὰρ
707 3542 769 3595 τὸ
789 3543 1068 3612 ἐσόμενον.
1100 3545 1257 3597 Κατὰ
1282 3545 1390 3614 γὰρ
1416 3545 1516 3615 τῆς
1543 3544 1637 3598 τοῦ
1670 3546 1788 3600 υίοῦ

199 3631 398 3702 κοίτης
435 3633 464 3684 6
514 3634 732 3704 Καῖσαρ
786 3635 997 3705 Βάρδας
1037 3636 1373 3706 παρανόμως
1429 3638 1717 3708 ὲπιμανεὶς
1761 3643 1790 3694 ὁ

194 3724 744 3796 ταλαίπο›ρος,ξένος
775 3728 1029 3792 σύνευνος
1062 3729 1199 3798 πρὸς
1229 3732 1293 3799 τῇ
1322 3730 1426 3802 ἰδία
1453 3731 1662 3804 νύμφῃ,
1692 3735 1783 3787 καὶ

194 3817 518 3887 ὲτερόμοιον
561 3818 756 3887 ζεῦγος
804 3820 921 3891 (‘28)
979 3822 1373 3892 ἐκϐακχευοεὶς
1423 3825 1779 3895 ὲγνωρίζετο.

285 3912 345 3963 '0
406 3910 500 3966 οὖν
540 3913 635 3966 τοῦ
685 3914 822 3967 Θεοῦ
866 3915 1180 3987 ἀρχιερεὺς,
1238 3917 1331 3968 καὶ
1371 3915 1465 3970 τοῦ
1522 3918 1783 3988 θεοφόρου

195 4004 512 4073 ἐπώνυμος,
542 4005 615 4070 ὡς
642 4001 757 4060 οἶόν
792 4024 851 4059 τε
888 4008 1039 4061 τουτὶ
1070 4009 1130 4061 τὸ
1159 4009 1345 4079 δρᾶμα
1381 4008 1784 4079 διορθώσασθαι

195 4097 680 4168 προμηθούμενος,
713 4098 775 4153 οὐ
796 4099 1166 4169 διελίμπανεν,
1207 4100 1395 4173 ὥσπερ
1425 4102 1488 4171 δὴ
1526 4101 1619 4153 τοῦ
1647 4102 1782 4155 Θεοῦ

200 4190 391 4260 νόμος,
418 4189 932 4263 ὐπο[μι]μνήσκων,
965 4193 1303 4264 παρακαλῶν
1328 4235 1343 4258 ,
1372 4193 1640 4247 νουθετῶν
1673 4212 1688 4225 ·
1722 4195 1786 4248 ἐκ

194 4282 408 4335 τούτων
469 4283 709 4349 ἐλπίζων
757 4286 857 4355 τὴν
910 4287 1155 4357 ἐκκοπὴν
1196 4286 1290 4339 τοῦ
1323 4286 1528 4357 μύσους
1564 4287 1783 4352 πάντως

195 4376 555 4447 γενήσεσθαι.
588 4379 729 4431 Ἀλλ’
749 4381 777 4432 6
800 4380 898 4450 τῆς
922 4383 1240 4451 παρανόμου
1270 4380 1469 4451 μίξεως
1509 4380 1651 4448 ἔρως
1680 4381 1781 4434 οὐκ

191 4472 282 4521 εἶα
343 4469 438 4522 τὸν
483 4469 715 4524 ἐλεεινὸν
769 4473 1043 4543 ἀνανῆψαι
1096 4474 1157 4526 τὸ
1214 4473 1453 4527 σύνολον.
1493 4473 1639 4543 Πλὴν
1704 4473 1781 4538 ὡς

1919 580 2259 650 impingnare
2285 584 2478 652 possit,
2497 600 2616 640 eam
2641 589 3000 658 quantitatem
3024 592 3345 662 sumpsisse,
3374 609 3495 664 quae

1917 674 2091 726 ventri
2123 675 2394 743 explendo
2427 688 2593 733 esset.

1990 761 2128 819 llnic
2170 781 2300 837 ergo
2336 768 2389 821 in
2436 773 2724 838 prresentia
2774 775 3053 845 pontificis
3082 777 3274 833 relicto
3312 794 3493 851 grege,

1916 855 2105 911 exiens
2133 860 2217 912 vir
2244 865 2647 929 sanctissimus,
2685 869 2736 921 in
2771 869 3001 939 praefato
3041 873 3247 927 resedit
3277 871 3495 929 Firmo-

1915 949 2055 1018 pulis
2090 949 2350 1021 hospitio.
2376 954 2589 1027 Quippe
2618 960 2723 1014 luci
2758 976 2881 1017 eum
2920 962 3212 1018 delectatio
3243 967 3486 1031 tenebat,

1915 1056 2037 1094 cum
2062 1042 2175 1110 ille,
2207 1062 2386 1103 mores
2419 1051 2604 1118 potius
2629 1068 2862 1122 quorum
2895 1072 3060 1111 causa
3107 1058 3263 1114 locus
3311 1061 3495 1116 studio

1907 1140 2079 1195 esset,
2112 1134 2338 1203 adipisci
2387 1143 2759 1198 contenderet.
2797 1145 3066 1202 Caeterum
3120 1149 3210 1203 tibi
3261 1149 3495 1222 inclytus

1916 1220 2263 1291 Sophronius
2293 1228 2454 1283 annis
2503 1242 2743 1300 quatuor
2777 1237 3036 1301 pratclare
3096 1243 3491 1296 monasterium

1912 1315 2182 1383 auxisset,
2208 1333 2273 1372 ac
2314 1320 2551 1377 solertia!
2599 1327 2905 1392 praemium,
2941 1330 3209 1386 honorum
3264 1348 3490 1403 operum

1910 1406 2129 1463 divitias
2177 1425 2507 1468 consecutus
2568 1428 2714 1471 esset
2750 1459 2763 1482 ,
2817 1421 3014 1491 dieque
3064 1426 3222 1480 tertia
3286 1427 3492 1481 mensis

1909 1498 2236 1558 Novembris
2278 1505 2343 1557 ad
2376 1505 2663 1562 Dominum
2705 1511 3015 1581 migrasset,
3040 1515 3218 1572 Patris
3247 1531 3494 1572 amantes

1913 1596 2189 1659 monachi,
2244 1612 2367 1652 cum
2426 1602 2567 1653 ultra
2618 1600 2803 1658 Sancti
2861 1607 3165 1662 absentiam
3208 1609 3353 1666 ferre
3385 1628 3491 1664 non

1907 1697 2156 1755 possent,
2192 1692 2473 1759 proprium
2510 1694 2631 1762 ejus
2656 1698 2856 1767 quietis
2886 1699 3188 1770 b05pitium
3224 1711 3490 1772 petentes,

1909 1793 2147 1849 eumque
2182 1798 2373 1839 rursus
2411 1795 2666 1857 tanquam
2702 1792 2938 1845 tilinrnm
2971 1806 3249 1849 amantem
3278 1796 3344 1849 ad
3379 1812 3494 1851 sus-

1906 1873 2213 1940 cipiendam
2246 1878 2630 1947 praefecturam
2666 1893 2946 1954 cogentes,
2977 1886 3045 1940 ad
3091 1892 3486 1945 monasterium

1907 1966 2216 2027 duxerunt:
2256 1972 2414 2042 isque
2464 1975 2683 2030 interim
2751 1989 2975 2049 paterna
3027 1981 3227 2051 pietate
3262 1984 3314 2039 in
3364 1985 3491 2042 filiis

1906 2062 2153 2130 quotidie
2177 2063 2487 2121 laetabatur.
3349 2144 3356 2151 η

1975 2150 2114 2206 Cum
2141 2154 2499 2227 itaquejnxta
2531 2162 2769 2218 nominis
2816 2165 3091 2221 rationem
3126 2150 3489 2225 Christimu-

1905 2261 2010 2301 nus
2064 2248 2197 2302 illud
2258 2249 2519 2307 Ecclesiae
2560 2270 2921 2321 concessum,
2972 2258 3195 2325 Christi,
3232 2263 3482 2331 inquam,

1904 2352 2117 2402 amans,
2137 2354 2201 2395 ac
2216 2343 2634 2411 religiosissima
2650 2346 2963 2416 itnperatrix
2989 2392 3003 2413 ,
3024 2366 3054 2404 a
3073 2350 3333 2407 Michaele
3350 2354 3484 2419 lilio,

1908 2429 1999 2483 ubi
2027 2430 2139 2501 jam
2186 2432 2278 2487 ille
2317 2434 2564 2491 infantia:
2588 2438 2886 2494 balbutiein
2918 2442 3228 2510 abjccisset,
3261 2445 3328 2498 ab
3358 2447 3483 2500 aula

1902 2523 2113 2592 dejecta
2163 2537 2338 2594 esset;
2370 2544 2495 2583 cum
2540 2530 2802 2585 nimirum
2835 2549 3008 2588 novus
3042 2536 3337 2605 imperator
3367 2556 3485 2593 ma-

1901 2614 2012 2669 lum
2054 2619 2430 2675 consiliarium
2476 2622 2705 2678 Bardam
2767 2624 3072 2681 Theodora:
3114 2629 3337 2685 fratrem
3380 2633 3482 2688 sibi

1901 2709 2258 2777 adhibuisset,
2319 2715 2592 2783 amhoque
2646 2719 2717 2771 ita
2783 2734 2954 2788 remp.
2990 2722 3131 2777 inter
3184 2740 3246 2779 se
3300 2731 3481 2795 partiti

1897 2810 2101 2866 essent,
2139 2803 2352 2857 utaltcr
2386 2806 2702 2873 imperium,
2739 2808 2881 2862 alter
2911 2809 3143 2866 Caesaris
3172 2812 3274 2866 sibi
3310 2815 3484 2869 hono-

1899 2908 2013 2946 rem
2043 2895 2389 2963 vcndicaret;
2421 2912 2528 2951 non
2557 2899 2810 2969 exiguam
2846 2900 2975 2955 inde
3006 2904 3258 2973 subjecto
3278 2910 3482 2977 pupillo

1898 2986 2238 3041 voluntatum
2280 2989 2334 3043 in
2370 2990 2604 3046 invicem
2654 2993 3061 3061 confusionem,
3091 3013 3199 3067 qua
3242 3015 3349 3052 non
3387 3017 3480 3069 pn-

1898 3082 2085 3135 tabant
2137 3083 2370 3150 ratione,
2403 3085 2457 3138 in
2498 3102 2557 3141 se
2587 3085 2691 3157 ipsi
2737 3087 2950 3143 divinas
2982 3089 3134 3160 leges
3174 3092 3468 3159 violantes,

1897 3172 2165 3227 fecerunt.
3149 3223 3151 3226 ι

1968 3264 2061 3320 llle
2114 3267 2385 3336 siquidem
2430 3271 2782 3340 supercilium
2813 3274 2953 3330 tollit
2983 3274 3036 3328 in
3078 3284 3343 3344 matrem,
3388 3280 3479 3334 hic

1896 3365 2157 3426 praeterea
2181 3361 2236 3414 in
2261 3362 2433 3430 ipsam
2462 3378 2680 3433 quoque
2707 3373 2957 3419 naturam
2976 3369 3243 3436 peccavit,
3268 3380 3476 3425 natura:

1894 3452 2168 3506 actionem
2224 3464 2427 3511 temere
2480 3472 2755 3526 usurpans
2793 3468 2986 3513 contra
3026 3469 3299 3516 naturam.
3340 3463 3475 3521 Vide

1892 3544 2035 3598 enim
2088 3546 2218 3615 quid
2268 3558 2572 3619 gereretur.
2608 3549 2901 3615 Nimirum,
2932 3553 3263 3610 miserabilis
3292 3557 3475 3613 Caesar

1894 3636 2122 3705 Bardas,
2155 3642 2421 3698 adversus
2469 3644 2562 3698 filii
2617 3645 2834 3700 thornm
2893 3649 3125 3703 sceleste
3166 3650 3471 3718 insaniens,

1893 3746 2068 3787 novus
2103 3735 2299 3801 conjux
2333 3752 2456 3791 cum
2490 3740 2713 3809 propria
2750 3743 3299 3815 sponsa,jugumque
3330 3750 3471 3801 alte-

1896 3825 2010 3878 rius
2043 3827 2240 3883 similis
2269 3844 2332 3883 ac
2363 3828 2458 3883 filii
2494 3834 2821 3901 perturbans
2848 3838 3197 3892 noscebatur.

1962 3916 2054 3972 Dei
2101 3932 2232 3989 ergo
2278 3921 2544 3989 pontifex,
2599 3933 2766 3994 atque
2837 3942 2866 3980 a
2924 3928 3160 3988 Deifero,
3248 3946 3468 4000 magno,

1888 4010 2134 4079 inquam,
2165 4011 2395 4081 lgnatio,
2420 4029 2619 4068 nomen
2651 4017 2855 4071 habens
2900 4018 2951 4072 id
3005 4020 3269 4075 facinoris
3303 4038 3468 4093 quam

1888 4101 2004 4155 ﬁeri
2037 4115 2242 4171 posset,
2262 4105 2542 4176 corrigere
2570 4109 2820 4175 studens,
2853 4120 3136 4176 constans,
3171 4131 3235 4168 ex
3266 4115 3468 4171 divina:

1888 4195 2023 4265 legis
2054 4198 2372 4266 prmseripto
2398 4199 2601 4269 jngitcr
2619 4200 2965 4266 admonebat,
3001 4203 3347 4272 obsecrabat,
3387 4209 3470 4262 in-

1886 4292 2144 4358 crepabat
2160 4291 2228 4357 ",
2250 4307 2479 4361 sperans
2502 4292 2618 4348 fore
2644 4303 2785 4349 utea
2813 4296 3024 4352 ratione
3045 4299 3467 4357 seclusomnino

1886 4380 2324 4437 exscinderetur.
2393 4382 2548 4437 [laud
2598 4386 2742 4440 enim
2813 4402 2944 4441 vero
3006 4389 3209 4458 iniqua:
3260 4392 3469 4461 copula:

1888 4488 2046 4527 amor
2068 4473 2368 4543 quidquam
2416 4477 2672 4530 miserum
2716 4479 2782 4530 ad
2836 4478 3046 4549 frugem
3067 4482 3348 4536 meliorem
3381 4500 3468 4537 re-

191 4558 302 4613 εἶδε
355 4562 705 4632 ἐκκεκυφότα
759 4564 871 4637 (29)
935 4565 1027 4619 τὸν
1054 4565 1259 4632 ἄθλιον,
1291 4567 1386 4619 καὶ
1439 4564 1628 4619 δοῦλον
1680 4566 1777 4635 τῆς

1902 4565 2000 4621 Iire
2028 4566 2261 4622 sinebat.
2290 4567 2562 4622 Caeterum
2597 4568 2690 4622 ubi
2714 4583 2868 4624 sacer
2902 4572 3148 4641 pontifex
3181 4574 3459 4631 hominem

265 4721 311 4752 ¹⁶
340 4720 379 4773 ll
409 4719 547 4774 Tim.
591 4738 667 4783 IV,
698 4721 753 4774 ‘2.

1372 4843 1618 4899 FRANC.
1644 4843 2031 4901 COMBEFISH
2065 4845 2295 4901 ΝΟΤιΕ.

260 4979 525 5052 (‘28)Vox
567 4982 766 5045 rarior,
795 4981 1026 5062 sedqua
1061 4985 1423 5062 maxinpalilii
1458 4985 1522 5039 ad
1554 4994 1765 5054 patrem
1871 4984 2176 5062 pertinacia
2216 4988 2445 5062 notavit.
2487 4987 2648 5062 Forte
2689 4992 2817 5059 quia
2848 5007 3020 5046 senes
3050 5001 3167 5047 toto
3194 4994 3307 5062 jam
3340 5011 3465 5052 cor-

191 5053 546 5109 necessitndo
578 5054 717 5125 bene
748 5054 1109 5125 exprimatur,
1152 5057 1244 5125 qui
1278 5056 1350 5108 sit
1375 5056 1513 5109 alter
1541 5053 1769 5125 prorsus

186 5124 412 5185 similis,
438 5138 504 5176 ac
529 5124 678 5176 velut
714 5124 849 5178 alter
874 5125 1009 5193 ipse,
1046 5124 1210 5193 quam
1256 5124 1605 5179 incestuostts
1639 5126 1771 5178 Bar—

188 5197 293 5250 das
319 5194 781 5266 necessitudinem
817 5195 1057 5262 peSsiIno
1084 5197 1335 5266 exemplo
1364 5196 1591 5255 vinlans.
1620 5196 1772 5264 justo

187 5269 307 5320 zelo
328 5264 398 5317 ab
425 5264 637 5333 lgnatio
658 5274 942 5332 correptus
964 5275 1160 5348 esr,_'ac
1185 5264 1403 5348 tandem
1431 5268 1772 5348 proscriptus

187 5354 218 5389 a
250 5336 497 5390 fidelium
531 5344 701 5401 coetu,
766 5346 958 5405 negata
995 5337 1210 5405 publice
1246 5338 1468 5405 publico
1502 5336 1773 5404 peccatori

186 5423 348 5461 sacra
401 5406 761 5470 eucharistia,
804 5422 1122 5475 quanquam
1183 5409 1353 5462 sciret
1402 5409 1485 5461 vir
1521 5418 1772 5470 sanctus,

192 5486 402 5546 quanta
439 5477 566 5548 inde
596 5477 828 5529 creanda
859 5479 936 5530 illi
985 5480 1162 5532 forent
1190 5479 1355 5532 mala.
1391 5477 1521 5531 Erat
1561 5481 1772 5548 utique,

188 5550 282 5615 qui
310 5563 419 5601 non
444 5547 683 5600 animam
706 5562 884 5607 suam,
907 5564 963 5602 se
984 5550 1362 5618 pretiosiorem
1394 5549 1596 5603 faceret
1619 5565 1634 5612 ;
1666 5547 1777 5603 nec

189 5619 331 5672 forte
368 5633 587 5680 eorum,
640 5618 735 5699 qui
782 5619 929 5687 gravi
998 5620 1185 5688 aliquo
1250 5630 1434 5699 metn_,
1468 5620 1769 5699 publicum

191 5699 539 5756 peccatore")
563 5689 777 5756 publice
793 5698 1063 5756 petentem
1090 5691 1447 5745 sacramentis
1468 5691 1768 5759 impertire,

191 5760 335 5812 haud
374 5760 626 5812 illicitum
659 5759 878 5812 seelnso
912 5761 1174 5815 seandalo
1199 5762 1554 5816 arbitrantur.

248 5830 377 5901 3‘29)
438 5829 511 5882 Ita
566 5830 851 5898 Aristoph.
902 5831 955 5883 in
1006 5830 1203 5903 Vespis,
1237 5834 1389 5888 κάτω
1430 5833 1681 5897 κύπτειν,
1714 5832 1771 5887 in

434 5923 706 5985 PATROL.
745 5926 860 5987 Gn.
894 5928 1019 5990 CV.

1878 5071 2009 5125 pore
2040 5058 2271 5119 incurvi,
2310 5060 2635 5135 co_soleant
2685 5058 2808 5135 esse
2854 5064 3034 5131 genio,
3101 5074 3161 5118 ut
3195 5058 3463 5135 propositi

1877 5128 2347 5204 tenacioressint.
2382 5127 2661 5204 Illustrant
2693 5132 2797 5204 ista
2834 5127 2898 5185 e'a
2930 5149 3050 5200 qua
3101 5127 3329 5204 scripsit
3373 5137 3468 5193 Ni-

1875 5208 2027 5251 celas
2058 5199 2111 5251 in
2146 5196 2266 5250 Vita
2311 5198 2527 5265 lgnatii,
2564 5201 2643 5251 nti
2701 5210 2756 5254 et
2789 5202 2889 5256 ista
2928 5196 3034 5257 illis
3088 5196 3462 5263 illusirantur.

1877 5268 2122 5322 Anuotat
2148 5270 2239 5322 ille
2278 5270 2443 5333 diem,
2480 5285 2590 5339 quo
2617 5270 2822 5345 Bardas
2860 5290 2979 5326 eam
3014 5275 3082 5326 ab
3127 5275 3341 5345 lguatio
3379 5296 3465 5333 re-

1880 5341 2090 5417 pulsam
2116 5354 2315 5408 passus
2355 5353 2461 5417 est,
2532 5356 2724 5410 nempe
2776 5341 3249 5417 Epiphaniorufn,
3301 5348 3461 5417 cujus
3516 5359 3521 5364 '

1880 5410 2268 5477 antiquissima
2309 5411 2501 5480 religio
2539 5421 2645 5472 est,
2678 5422 2735 5465 ut
2780 5410 3254 5470 vix‘Christianus
3286 5410 3456 5473 habe-

1880 5488 2057 5542 retur,
2092 5480 2184 5546 qui
2229 5481 2404 5534 sacris
2434 5482 2875 5537 Christianorum
2921 5488 3025 5540 sub
3069 5487 3134 5541 iis
3176 5487 3459 5544 sulemniis

1884 5565 1992 5625 non
2042 5550 2332 5625 interesset
2367 5569 2406 5625 :_
2432 5553 2520 5625 cui
2553 5553 2628 5605 rei
2661 5566 2987 5621 argumento
3034 5567 3117 5612 est
3143 5597 3158 5622 ,
3201 5560 3347 5625 quod
3403 5560 3460 5614 in

1884 5618 2132 5696 Valente,
2176 5622 2341 5696 [nque
2384 5622 2602 5696 Ju_|ia_no
2635 5618 2901 5693 Augusto,
2952 5618 3458 5696 altero'Caesarem,

1880 5692 2053 5763 altero
2092 5692 2144 5745 in
2177 5691 2389 5759 Galliis,
2439 5691 2873 5763 Epiphanioru-m
2928 5714 3085 5753 sacro
3133 5698 3221 5754 die
3271 5691 3453 5756 actum

1880 5762 2179 5839 est._Qt_tod
2200 5764 2273 5817 ita
2307 5762 2639 5839 Salguat’ius
2667 5763 2888 5839 Martyr,
2926 5785 2990 5824 ac
3014 5770 3204 5826 tertius
3238 5787 3266 5824 a
3292 5770 3457 5826 Petro

1879 5833 2261 5891 Antiocltcnus
2311 5833 2626 5909 episcopus,
2662 5838 2783 5891 κατ’
2807 5833 3037 5913 ’ἐξοχὴν,
3076 5856 3141 5895 ac
3193 5844 3454 5913 peculiari

3042 5935 3123 5996 29
