3978 6638
519 363 621 426 907

1958 357 2306 420 ΑΝΟΝῩΜῙ
3643 365 3725 431 9ἷὶ8

519 477 856 534 obstinatum
891 473 1145 539 vidisset,
1179 487 1244 528 ac
1285 480 1531 528 extrema
1565 471 1708 528 linea
1745 473 1952 544 peccati
1985 489 2102 530 ser-

2209 475 2488 548 ἀμαρτίας
2526 475 2606 537 είς
2635 473 2787 538 τέλος
2845 473 3148 545 γινόμενον,
3183 471 3358 544 είργει
3403 473 3507 527 τῶν
3533 475 3618 544 τῆς
3655 483 3727 533 ὲκ-

517 587 670 637 vum,
696 577 846 624 arcet
874 567 1132 638 deinceps
1168 570 1236 620 ab
1277 565 1521 621 ecclesia:
1555 566 1730 621 sacris
1790 566 2094 632 liminibus,

521 665 660 718 hanc
687 662 736 716 ei
777 669 1044 731 prazstans
1080 655 1488 711 emendationis
1549 655 1954 710 materiam.At
1985 655 2094 722 ille,

520 756 600 810 ira
628 754 828 825 pariter
859 768 922 807 ac
947 750 1247 820 cupiditate
1283 749 1462 802 aliene
1498 761 1528 800 a
1576 747 1791 801 ratione
1824 745 2095 811 conﬁxus,

518 845 816 918 potentiam
851 843 904 897 in
941 841 1280 912 tyrannidem
1307 839 1622 908 arrogantia
1643 839 1803 893 vertit
1831 855 1844 891 :
1877 838 2100 893 univer-

519 953 691 1008 soque
715 936 914 1006 pOpnlo
940 933 1256 996 comitante,
1287 930 1549 994 fremens,
1581 946 1858 999 sensuque
1883 929 2099 985 excelso

521 1031 780 1102 templum
814 1027 1144 1098 ingrediens,
1171 1041 1235 1081 ac
1260 1027 1574 1093 intrasaera
1599 1024 1759 1095 adyta
1784 1032 2097 1093 penetrans,

524 1122 812 1177 horrendis
857 1119 1134 1190 mysteriis
1162 1117 1427 1187 impertiri
1459 1134 1487 1170 a
1513 1116 1768 1186 pontitice
1799 1115 2096 1187 ﬂagitabat.

591 1217 660 1268 At
694 1216 782 1269 ille
820 1213 1106 1268 :ernnlator
1133 1252 1148 1275 ,
1176 1227 1492 1266 sermonum
1539 1211 1834 1265 siromaste
1875 1210 2099 1266 sceleris

520 1312 597 1366 illi
647 1309 1135 1381 reprehensionem
1194 1307 1411 1378 publice
1461 1306 1803 1376 praetendens
1833 1347 1849 1370 ,
1907 1306 2100 1362 mediis

519 1403 838 1473 praecordiis
874 1402 1109 1472 graviter
1141 1401 1319 1456 conlix
1347 1409 1386 1463 t,
1415 1415 1757 1468 vacuantque
1779 1408 1942 1468 atque
1965 1414 2100 1452 con-

521 1499 705 1552 fusum
741 1496 810 1551 ab
857 1495 1086 1550 ecclesia
1135 1493 1315 1562 ejeeit.
1350 1492 1398 1546 ls
1425 1506 1551 1545 vero
1584 1490 1768 1546 furore
1801 1492 1926 1546 tutis
1960 1505 2097 1560 pra:-

522 1588 724 1643 cordiis
775 1596 952 1648 actus,
1016 1584 1234 1638 tandem
1287 1583 1602 1652 imperatori
1665 1581 1987 1652 persuadet,
2047 1591 2103 1636 ut

523 1695 780 1750 magnum
807 1676 1072 1746 lgnatiunt
1105 1691 1134 1729 a
1161 1691 1258 1731 sua
1283 1675 1534 1729 deturbet
1555 1675 1716 1740 sede;
1753 1676 1900 1744 quod
1937 1676 2102 1729 etiam

521 1772 668 1826 haud
719 1771 808 1824 diu
842 1780 962 1840 post
1003 1769 1220 1823 accidit.
1292 1766 1428 1820 Tum
1476 1784 1624 1830 vero,
1669 1767 1846 1836 quid?
1891 1767 2102 1837 lguatio

519 1881 617 1937 per
630 1865 971 1934 tyrannidem
991 1862 1242 1931 expulso,
1259 1860 1515 1916 Pbotiunt
1535 1859 1828 1929 quemdam
1858 1859 2097 1922 nomine.

521 1965 860 2028 tuncproto
909 1969 938 2008 a
991 1954 1218 2008 secretis
1271 1968 1500 2007 munere
1549 1951 1893 2022 fungentem,
1929 1953 2101 2006 multa

516 2049 700 2102 virum
753 2045 1034 2115 religionis
1069 2060 1132 2098 ac
1165 2044 1406 2098 scientia:
1439 2043 1606 2108 fama,
1653 2045 1863 2114 eligunt
1890 2061 1904 2098 :
1936 2060 2099 2114 quem

519 2143 702 2197 statim
733 2139 1012 2194 det0uderi
1059 2138 1339 2208 jubentes,
1367 2137 1662 2208 pontificali
1698 2140 1966 2208 dignitate
2007 2157 2102 2194 su-

519 2234 771 2288 blimant.
806 2230 941 2298 Quid
965 2242 1146 2285 autem
1202 2232 1423 2286 zizania-
1448 2232 1661 2302 singula
1709 2248 1774 2286 ea
1809 2235 2102 2289 occasione

517 2334 710 2382 exorta
741 2326 921 2379 dicere
961 2328 1176 2389 attinet,
1245 2340 1368 2378 cum
1421 2325 1506 2378 illa
1557 2325 1794 2379 universi
1843 2325 2104 2380 Ecclesia:

519 2419 722 2474 alumni
779 2418 1068 2489 perspicua
1130 2419 1416 2472 habeant?
1462 2418 1730 2472 Caeterum
1805 2422 2100 2488 aptandutn

518 2523 900 2583 argumentum
937 2513 1142 2581 pastori
1178 2522 1368 2566 nostro
1396 2510 1642 2566 Nicolao.

592 2699 691 2761 llic
721 2701 927 2769 itaque.
980 2699 1074 2768 qui
1108 2713 1167 2753 se
1202 2713 1427 2767 prorsus
1466 2697 1688 2752 Christo
1712 2713 1776 2752 ac
1839 2698 1950 2753 Deo
2000 2700 2099 2754 de-

527 2793 795 2857 vovisset,
850 2807 916 2846 ae
943 2791 1095 2845 omni
1149 2801 1302 2861 parte
1327 2793 1392 2845 ad
1447 2791 1568 2860 ejus
1594 2807 1654 2846 se
1707 2794 2098 2848 mandatorum

523 2899 774 2938 normam
801 2884 1208 2954 composuisset
1237 2901 1250 2937 :
1279 2884 1372 2952 qui
1395 2883 1536 2942 flore
1580 2884 1760 2953 primo
1797 2884 2104 2953 juventutis

525 2977 701 3048 patria
728 2976 913 3032 relicta
931 2976 1249 3047 pet-rgrinus
1270 2974 1444 3031 factus
1463 2987 1609 3032 esset
1629 2979 1699 3042 ἰ,
1719 2980 1925 3048 quique
1954 2994 2107 3034 more

523 3072 827 3142 apostolico
879 3069 1109 3123 fratrum
1159 3068 1573 3124 infirmitatibus
1597 3071 2110 3136 socius,unaundi-

2200 567 2434 638 κλησίας
2465 566 2660 629 οὒδῶν,
2699 565 2948 619 ἐντεῦθεν
2977 565 3074 634 τὴν
3113 564 3398 634 διόρθωσιν
3437 565 3575 636 αὑτῷ
3619 586 3728 638 προ.

2200 659 2555 730 ϐαλλόμενος.
2627 659 2688 712 '0
2730 659 2788 712 δὲ
2839 657 2918 728 τῷ
2959 657 3119 728 θυμῷ
3165 656 3488 728 παραλόγως
3533 662 3592 730 τῇ
3633 663 3730 715 ὲπι.

2201 753 2372 825 θυμία
2395 753 2887 824 συμπεριπείρεται
2911 792 2926 814 ,
2957 752 3052 804 καὶ
3079 751 3177 821 τὴν
3202 750 3518 805 δυναστείαν
3566 753 3636 817 είς
3657 773 3727 809 τυ-

2202 845 2423 917 ραννίδα
2449 844 2696 916 σοϐαρῶς
2727 842 3050 914 μετατίθησι
3079 858 3094 872 ·
3131 843 3227 896 καὶ
3252 841 3525 912 πανδημεὶ
3554 843 3734 916 βρέμων

2199 938 2290 991 τὸν
2317 936 2452 992 νεὼν
2485 936 2827 1007 κατειληφὼς
2859 937 2918 990 ὲν
2949 935 3270 1006 ὑπερέχοντι
3321 934 3400 1006 τῷ
3445 937 3734 1008 φρονήματι,

2199 1029 2306 1083 τῶν
2336 1047 2396 1084 τε
2423 1029 2632 1083 ἀδύτων
2662 1029 2812 1082 ἔνδον
2840 1029 3151 1098 γενόμενος,
3206 1028 3305 1097 τὴν
3363 1026 3472 1080 τῶν
3533 1030 3736 1097 φρικτῶν

2204 1125 2521 1194 μυστηρίων
2553 1125 2686 1194 πρὸς
2716 1122 2810 1175 τοῦ
2841 1119 3146 1194 ἀρχιερέως
3176 1119 3356 1191 ἐξῄτει
3387 1119 3683 1189 μετάληψιν.

2285 1217 2345 1271 ’0
2373 1218 2430 1271 δὲ
2460 1216 2705 1287 ζηλωτὴς
2736 1217 2944 1278 ἐκεῖνος
2977 1213 3054 1283 τῷ
3084 1212 3420 1284 σειρομάστῃ
3455 1212 3559 1264 τῶν
3596 1213 3736 1280 λόγων

2202 1311 2440 1382 δημοσίᾳ
2472 1311 2571 1380 τῆς
2613 1307 2963 1380 παρανομίας
2997 1307 3146 1377 αὐτῷ
3175 1304 3466 1373 προτείνας
3494 1304 3581 1356 τὸν
3613 1303 3734 1371 ἔλεγ-

2205 1421 2320 1476 χον,
2358 1420 2498 1456 κατα
2540 1402 2715 1473 φρένα
2761 1401 2952 1462 δεινῶς
2987 1400 3330 1467 ὲξεκέντησε,
3367 1396 3462 1450 καὶ
3498 1395 3642 1450 κενὸν
3667 1398 3739 1449 καὶ

2205 1495 2664 1567 κατῃσχυμμὲνον
2723 1494 2820 1564 τῆς
2885 1493 3182 1561 ἐκκλησίας
3254 1488 3552 1561 ἀπήλασεν.
3603 1487 3654 1541 ’0
3698 1489 3740 1542 δὲ

2208 1588 2400 1659 μανεὶς
2414 1586 2754 1657 καταφρένα,
2785 1585 2937 1646 τέλος
2970 1583 3147 1637 πείθει
3175 1581 3269 1636 τὸν
3297 1581 3504 1636 ἄνακτα
3522 1581 3741 1633 κατελευ·

2207 1680 2404 1750 σθῆναι
2456 1675 3026 1750 [ιεθ.καθαιρεθῆναι]
3064 1674 3158 1730 τοῦ
3205 1674 3396 1745 θρόνου
3457 1672 3550 1725 τὸν
3606 1673 3742 1743 μέγαν

2220 1773 2499 1840 Ἰγνάτιον,
2523 1771 2659 1842 ὅπερ
2679 1771 2739 1824 οὐ
2774 1770 2890 1840 μετ’
2912 1771 2971 1821 οὐ
3000 1769 3134 1822 πολὺ
3161 1767 3257 1820 καὶ
3279 1764 3604 1818 συνέόαινεν.
3641 1759 3745 1817 Ehe

2206 1867 2292 1932 τί;
2342 1866 2583 1920 Ἐκείνου
2616 1864 2956 1934 τυραννικῶς
2996 1861 3347 1928 ὲξωσθέντος,
3371 1853 3517 1913 οὗτοι
3549 1856 3746 1930 προδάλ·

2201 1957 2385 2012 λονταί
2414 1974 2560 2020 τινα,
2587 1958 2791 2010 Φώτιον
2840 1955 2940 2026 μὲν
2989 1954 3530 2027 προσαγορευόμενον
3561 1967 3742 2020 πρωτοο

2203 2054 2486 2125 σηκρήτης
2545 2051 2666 2104 τότε
2725 2051 3041 2120 ὑπάρχοντα
3069 2091 3086 2114 ,
3129 2047 3215 2101 ἐπ’
3273 2043 3531 2114 εὐλαϐείᾳ
3575 2042 3625 2095 δὲ
3670 2042 3745 2093 καὶ

2201 2147 2402 2216 γνώσει
2435 2145 2603 2213 πολλῇ
2639 2143 3015 2215 φημιζόμενον
3053 2159 3067 2172 ·
3102 2142 3274 2210 ὅνπερ
3331 2138 3490 2201 εὐθὺς
3534 2138 3743 2200 ἀποκαρ-

2205 2241 2368 2310 θῆναι
2414 2237 2797 2301 κελεύσαντες,
2825 2237 2896 2289 τὰ
2936 2237 3036 2304 τῆς
3066 2232 3486 2306 ἀρχιερωσύνης
3520 2227 3744 2300 πρεσϐεία

2207 2329 2712 2403 μεταχειρίζονται,
2744 2328 2852 2381 Καὶ
2896 2326 2949 2378 τί
3003 2325 3069 2378 ἂν
3111 2324 3329 2391 λέγοιμι
3372 2321 3440 2374 τὰ
3471 2318 3584 2373 καθ’
3639 2319 3744 2370 ἐχα-

2209 2442 2333 2478 στον
2359 2421 2612 2476 ἐντεῦθεν
2639 2419 2949 2488 ἀναφυέντα
2972 2416 3209 2482 ζιζάνια,
3235 2416 3373 2484 δῆλα
3403 2415 3531 2466 πᾶσι
3552 2414 3651 2474 τοῖς
3670 2412 3745 2477 τῆς

2216 2515 2545 2586 Ἐκκλησίας
2579 2513 2872 2582 τροφίμοις
2906 2510 3257 2580 ὑπάρχοντα;
3287 2502 3743 2576 Μεθαρμοστέονδὲ

2203 2606 2302 2676 τὴν
2335 2605 2592 2657 ὑπόθεσιν
2615 2603 2751 2673 πρὸς
2779 2603 2869 2655 τὸν
2893 2602 3161 2672 ἡμέτερον
3198 2599 3434 2668 ποιμένα
3486 2595 3737 2648 Νικόλαον.

2274 2691 2444 2760 Οὗτος
2496 2695 2677 2748 τοίνυν
2711 2697 2739 2748 ὁ
2769 2693 2846 2763 τῷ
2879 2693 3104 2764 Χριστῷ
3143 2693 3236 2745 καὶ
3273 2690 3399 2760 Θεῷ
3434 2687 3616 2742 ἑαυτὸν
3655 2687 3743 2738 ὀλι-

2205 2790 2319 2853 κῶς
2370 2788 2728 2858 ἀναθέμενος,
2766 2787 2859 2840 καὶ
2913 2783 3248 2854 πανταχόθεν
3284 2785 3411 2845 ταῖς
3438 2779 3592 2834 αὑτοῦ
3630 2781 3746 2830 ἐντο-

2207 2885 2324 2946 λαῖς
2356 2881 2757 2955 ρυθμιζόμενος
2795 2896 2808 2907 ’
2837 2881 2865 2932 ὁ
2890 2881 2946 2932 ἐν
2975 2881 3127 2948 ἀκμῇ
3162 2877 3264 2946 τῆς
3287 2876 3539 2945 νεότητος
3581 2872 3741 2942 πάροι-

2207 2994 2300 3039 κος
2339 2974 2589 3045 ὑπάρξας
2632 2974 2727 3027 καὶ
2760 2972 3166 3042 παρεπίδηςιος,
3191 2973 3287 3023 καὶ
3319 2972 3442 3033 ταῖς
3495 2965 3742 3021 ἀποστολι-

2209 3070 2334 3131 καῖς
2370 3062 2682 3128 ἀάθενείαις
2702 3061 3198 3132 συγκακουχεῖσθαι
3236 3058 3570 3128 πανταχόθεν
3595 3050 3744 3124 αἰρού-

525 3181 631 3236 qtte
652 3163 811 3234 allligi
836 3170 1076 3232 cuperet,
1103 3162 1178 3215 uti
1205 3171 1516 3216 accuratam
1547 3162 1836 3231 imaginem
1867 3178 1929 3218 ac
1950 3163 2102 3217 simi-

2215 3177 2395 3233 μενος,
2433 3158 2621 3228 ὥσπερ
2649 3159 2710 3210 τὸ
2745 3158 2863 3210 κατ’
2897 3155 3084 3209 εἰκόνα
3112 3171 3172 3207 τε
3212 3155 3306 3207 καὶ
3339 3153 3607 3224 ὁμοίωσιν,
3631 3146 3743 3199 οὕτω

523 3260 790 3323 tudinem,
818 3258 891 3310 ita
920 3266 974 3311 et
1001 3255 1446 3311 communionem
1485 3256 1806 3310 inviolatam
1843 3273 2100 3325 servans,

519 3351 587 3406 ab
605 3351 790 3419 iniqua
809 3365 867 3404 se
888 3349 1375 3418 incompositorum
1394 3348 1730 3402 conscientia
1748 3349 2101 3419 abrumpens,

518 3460 584 3499 ac
637 3459 747 3497 una
821 3457 946 3495 cum
1006 3441 1174 3494 fratre
1235 3457 1265 3494 e
1314 3441 1648 3494 monastvrio
1694 3441 2000 3506 discedens,
2047 3442 2100 3497 in

518 3534 762 3604 ejusdem
799 3533 1034 3602 hospitio
1053 3533 1300 3601 degebat,
1335 3532 1479 3602 quod
1528 3532 1758 3587 Prameti
1796 3534 1960 3588 situm
1990 3544 2092 3590 est.

520 3627 696 3697 Hujus
755 3627 831 3680 rei
887 3639 1078 3695 sparsa
1121 3625 1291 3688 fama,
1345 3641 1408 3680 ac
1437 3640 1560 3679 cum
1619 3627 2106 3695 pet-crebrescente

521 3727 636 3775 toto
667 3717 867 3790 populo
900 3733 1143 3782 rumore,
1181 3718 1339 3772 fidem
1376 3719 1602 3772 omnino
1636 3719 1884 3784 haberet,
1917 3720 2102 3776 sciens

518 3815 630 3883 jam
677 3811 806 3867 olim
847 3810 1034 3865 Caesar
1066 3810 1358 3866 sublimem
1384 3811 1487 3864 viri
1521 3811 1802 3877 virtutem,
1833 3822 1998 3882 utque
2054 3814 2100 3869 is

522 3908 768 3962 omnium
815 3919 910 3959 ore
943 3903 1351 3966 decantaretur,
1378 3912 1734 3974 stupensque,
1779 3921 1944 3975 quam
1979 3906 2101 3976 ejus

520 3999 831 4062 dementia-9,
862 3998 962 4054 viri
1000 3997 1175 4053 sancti
1209 3996 1297 4050 illa
1338 3997 1628 4064 discessio,
1658 3997 2103 4068 redargutionem

521 4101 750 4146 auctura
806 4097 974 4154 esset,
1022 4087 1237 4157 imperii
1279 4089 1423 4142 vires
1458 4087 1758 4158 detegendo
1791 4087 2058 4144 adhibens
2087 4128 2102 4153 ,

523 4185 613 4240 ubi
665 4183 786 4255 ejus
819 4182 1037 4252 hospitii
1071 4181 1251 4235 locum
1289 4180 1599 4244 didicisset,
1629 4181 1819 4236 statim
1852 4197 2106 4237 morosus

520 4279 707 4345 homo,
768 4274 1223 4348 persuasibilibus
1275 4289 1593 4329 sermonum
1647 4289 1874 4330 suorum
1905 4276 2108 4342 verbis,

604 4461 646 4490 "
682 4456 700 4510 ι
736 4458 866 4512 Cor.
901 4475 959 4524 ll,
988 4457 1077 4511 29.

2211 3257 2318 3309 κάν
2369 3253 2446 3324 τῷ
2484 3250 2650 3322 κοινῷ
2703 3248 3102 3320 ἀπαράτρωτον
3155 3245 3633 3317 διαφυλαττόμενος
3667 3240 3742 3308 τὴν

2213 3345 2524 3415 ἀκρίὸειαν.
2556 3343 2972 3413 ἀποῤῥήγνυσιν
3003 3339 3196 3392 ἑαυτὸν
3246 3339 3349 3408 τῆς
3390 3337 3617 3406 ἀθέσμου
3665 3332 3742 3383 τῶν

2211 3437 2526 3491 ἀσυνθέτων
2581 3436 2872 3497 συνέσεως,
2905 3434 2998 3487 καὶ
3043 3434 3141 3486 σὺν
3185 3430 3262 3501 τῷ
3296 3430 3483 3501 οἰκείῳ
3526 3424 3741 3497 όμαίμονι

2209 3533 2308 3602 τῆς
2337 3531 2508 3601 μονῆς
2531 3530 2771 3598 ἀπάρας,
2807 3528 2943 3598 πρὸς
2974 3525 3052 3596 τῷ
3083 3532 3137 3580 1v
3187 3525 3476 3596 Πραινέτῳ
3507 3521 3608 3592 (50)
3638 3516 3740 3571 ratio

2209 3643 2308 3696 της
2339 3621 2674 3692 καταγωγίῳ
2702 3621 2990 3692 διέτριϐεν.
3015 3621 3104 3683 Ὠς
3125 3619 3182 3672 δὲ
3213 3619 3467 3689 διεϐοήθη
3496 3615 3654 3679 τοῦτο,
3669 3610 3741 3664 καὶ

2211 3718 2456 3788 πανδημὶ
2532 3715 2838 3770 πλατυνθὲν
2918 3717 3222 3768 πάνπιστον
3281 3706 3742 3783 ἑπετύγχανεν,ὁ

2207 3811 2427 3880 Καῖσαρ
2465 3809 2633 3862 πάλαι
2661 3807 2759 3876 τῆς
2788 3808 2878 3861 τοῦ
2907 3807 3101 3879 ἀνδρὸς
3130 3808 3332 3876 ἀρετῆς
3360 3807 3423 3860 τὸ
3450 3803 3637 3874 ὑψηλὸν
3656 3801 3743 3851 ὲπι·

2212 3903 2502 3973 στάμενος,
2523 3904 2615 3956 καὶ
2656 3903 2730 3964 ὡς
2753 3904 2812 3955 ὲν
2843 3903 2954 3964 τοῖς
3005 3900 3263 3955 ἁπάντων
3298 3899 3486 3972 ᾄδεται
3532 3898 3741 3965 στόματι.

2211 3992 2674 4065 καταϐροντηθεὶς
2711 3992 2862 4046 ἐνθεν
2893 3995 2973 4057 είς
3013 3994 3139 4045 ὅσον
3178 3992 3328 4062 αὐτῷ
3361 3992 3458 4062 τῆς
3504 3985 3741 4058 παροινίας

2210 4089 2436 4153 ὲπαύξει
2460 4087 2552 4142 τὸν
2585 4088 2826 4158 ἔλεγχον.
2857 4088 2958 4159 τὴν
3009 4087 3106 4141 τοῦ
3155 4088 3398 4158 κράτους
3453 4087 3597 4154 ἰσχὺν
3631 4078 3737 4149 πρὸς

2213 4182 2432 4253 εὖρεσιν
2470 4185 2875 4252 χειρισάμενος,
2909 4182 3004 4235 καὶ
3038 4179 3376 4248 καταμαθὼν
3398 4179 3482 4250 ἐφ’
3503 4173 3642 4248 ᾧπερ
3666 4173 3740 4240 ηὑ-

2217 4275 2417 4339 λίςετο,
2438 4279 2505 4347 τῇ
2533 4274 2643 4328 τῶν
2673 4275 2847 4344 λόγων
2869 4273 3064 4330 ἑαυτοῦ
3097 4274 3449 4346 πειθανότητι
3467 4270 3590 4344 πρὸς
3619 4269 3742 4322 Eleiu-

1717 4546 1969 4603 FRANC.
1994 4545 2379 4603 COMBEFISII
2419 4546 2652 4606 ΝΟΤᾹΞ.

525 4693 737 4765 ratione
784 4689 966 4745 dictus
1017 4689 1089 4765 sit
1141 4689 1443 4765 Θεοφόρος,
1487 4691 1706 4765 qualem
1777 4691 1864 4765 h_ic
1909 4702 2104 4745 auctor
2137 4695 2179 4750 ἰ)
2211 4692 2412 4746 sitione
2453 4707 2718 4747 manuum
2767 4693 3094 4765 presbyterii
3145 4692 3387 4750 conferri
3424 4701 3636 4765 poterat,
3679 4688 3741 4742 sic

525 4763 796 4827 nominat,
826 4776 947 4814 eam
977 4761 1241 4813 rationem
1271 4760 1448 4814 reddit
1473 4764 1664 4815 Anast.
1693 4777 1757 4815 ex
1786 4759 2102 4817 Graecorum

524 4835 821 4890 traditione
849 4832 902 4884 iit
940 4831 1089 4901 notis
1118 4831 1182 4883 ad
1217 4847 1313 4884 vrtt
1371 4833 1589 4900 synod.,
1626 4830 1772 4901 quod
1805 4832 1921 4900 ipse
1951 4832 2114 4889 fuerit

526 4905 814 4975 parvulus,
837 4900 1309 4975 quem_Dontinus
1339 4903 1532 4975 statuit
1569 4903 1621 4956 in
1649 4900 1857 4975 medio,
1885 4901 2111 4975 dicens:

531 4971 548 5029 ι
583 4973 696 5029 Nisi
735 4971 984 5044 conversi
1007 4972 1245 5044 fueritis,
1273 4971 1701 5044 rctreiliciamini,
1733 4974 1983 5044 sicuthic
1998 4991 2116 5044 par-

524 5048 705 5106 vulus,
739 5064 758 5096 ι
786 5054 891 5098 etc.
935 5041 1008 5096 De
1037 5059 1148 5110 quo
1173 5043 1393 5096 dillicile
1425 5045 1568 5112 quod
1589 5044 1811 5097 subdit:
1850 5041 2115 5098 L'nde'm'c

524 5116 755 5186 apostoli
783 5116 902 5168 ausi
927 5114 1214 5186 fuerintsi,
1244 5129 1363 5166 cum
1388 5123 1454 5165 ad
1485 5113 1740 5167 Ecclesia:
1764 5113 2112 5182 prwsulalum

523 5185 936 5257 promoveretur,
995 5185 1226 5254 amplius
1284 5199 1472 5257 manus
1511 5187 1810 5250 imponere;
1856 5186 2111 5238 nimirum

523 5256 674 5330 quem
715 5275 803 5312 ore
841 5257 946 5330 Dei
976 5257 1277 5330 laudatum,
1311 5268 1358 5330 et
1403 5256 1570 5330 ipsius
1596 5265 1762 5330 Διίιίνιη
1798 5257 2108 5330 sancti/ica-

525 5325 637 5384 ium
671 5328 1030 5400 cognoverint.
1069 5327 1210 5393 Quid
1253 5327 1411 5400 enim
1436 5325 1772 5400 Dominicus
1800 5327 1888 5380 ille
1917 5337 2110 5400 conta-

523 5413 647 5455 ctus
677 5396 753 5454 ac'
779 5399 1166 5459 sanctiﬁcatio,
1196 5399 1260 5451 ad
1282 5397 1402 5466 ejus
1434 5397 1486 5450 in
1529 5397 1846 5466 episcopum
1882 5396 2108 5450 ordina-

526 5474 753 5533 tionem,
805 5478 859 5524 (τι
889 5480 943 5523 ιιι
979 5470 1091 5538 jam
1141 5480 1270 5522 tunc
1308 5477 1455 5523 esset
1488 5466 1756 5538 lgnatius,
1787 5469 1932 5538 quod
1977 5482 2110 5534 apo-

525 5543 650 5596 stoli
679 5557 789 5594 non
824 5540 928 5594 nisi
959 5535 1010 5592 in
1046 5538 1238 5603 Coena,
1274 5554 1337 5593 ac
1379 5535 1611 5593 subinde
1643 5535 1870 5607 accepto
1894 5535 2101 5606 Spiritu

525 5621 718 5666 sancto
755 5628 784 5665 a
839 5611 1123 5664 Dominica
1159 5609 1584 5673 resurrectione,
1626 5607 1754 5662 facti
1789 5609 1958 5662 sunt?
1987 5607 2100 5661 Nisi

527 5683 665 5735 forte
714 5681 820 5737 hoc
857 5682 1134 5744 volumus,
1173 5681 1522 5749 existimasse
1563 5679 1841 5748 apostolos
1873 5678 1958 5749 sic
2001 5677 2099 5731 Do-

527 5752 729 5807 minica
782 5767 1043 5807 manuum
1102 5747 1456 5820 impOsitione
1496 5747 1897 5804 sanctiﬁcatum
1925 5747 2102 5820 lgna-

528 5824 688 5886 tium,
722 5832 780 5878 ut
814 5839 875 5879 ea
914 5823 1196 5894 accepisse
1230 5830 1574 5887 censeretur,
1616 5820 1880 5890 quidquid
1918 5819 2100 5888 impo-

2221 4772 2402 4834 tatnen
2431 4774 2487 4817 ut
2517 4765 2714 4834 oratio,
2747 4763 2811 4818 ac
2842 4763 3006 4833 quam
3033 4765 3282 4834 juniores
3321 4763 3514 4819 vocant
3551 4763 3736 4817 fortnam

2219 4833 2610 4907 ordinationis,
2653 4835 2877 4889 deberet
2909 4833 3168 4907 accedere
3219 4854 3242 4907 :7
3267 4851 3374 4907 qua
3409 4835 3631 4907 adhibita
3669 4843 3739 4898 per

2219 4904 2522 4972 apostolos,
2558 4912 2691 4960 tunc
2721 4907 2943 4960 demum
2992 4905 3172 4961 factus
3203 4904 3546 4976 sit'pontifex
3595 4919 3647 4958 ac
3672 4913 3737 4976 sa-

2217 4978 2449 5037 cerdos,
2502 4977 2648 5044 quod
2705 4977 2858 5044 prius
2907 4989 3024 5031 erat
3077 4971 3330 5046 'quadani
3382 4985 3578 5032 tantum
3625 4971 3737 5046 velut

2217 5040 2613 5119 designatione.
2648 5040 2758 5119 Sic
2807 5048 2982 5102 visum
3010 5040 3342 5103 charissima
3369 5046 3642 5119 συμμύστῃ
3667 5040 3738 5093 καὶ

2215 5117 2526 5239 ῧὲρῇιὲίλῳ·
2580 5117 2929 5188 arbitrorque
2960 5119 3076 5188 ipse
3117 5119 3278 5190 longe
3334 5117 3480 5189 pium
3532 5132 3591 5172 ac
3636 5125 3734 5184 ρτο-

2255 5207 2264 5216 '
2307 5206 2319 5236 Ι
2383 5226 2414 5239 η

2253 5202 2414 5240 anne.

2287 5256 2402 5326 (50)
2440 5257 2707 5329 Bithynia:
2743 5260 3052 5329 emporium
3083 5269 3187 5321 est,
3229 5261 3441 5316 Socrati
3482 5261 3515 5315 l.
3539 5272 3604 5319 vt,
3634 5250 3737 5329 (το-4,

2211 5342 2241 5408 e
2277 5324 2500 5408 regione
2544 5324 2898 5408 Nicomedia}:
2937 5327 3030 5408 illa
3060 5332 3408 5408 fatendum,
3454 5346 3575 5408 quae
3597 5324 3736 5408 inulla

2213 5399 2528 5472 indicantur
2574 5401 2895 5471 monasterii
2935 5399 3315 5469 Studitarum,
3363 5399 3485 5472 ipsa
3533 5399 3737 5454 videntur

2212 5485 2335 5535 θυῖε
2371 5470 2424 5544 in
2457 5470 2610 5526 Aelirs
2638 5488 2690 5525 Vt
2742 5472 2935 5544 synodi
2993 5474 3252 5527 dicuntur
3285 5470 3516 5543 μέτατα·
3557 5478 3736 5544 parum:

2211 5541 2543 5612 queiabesse
2575 5552 2751 5610 putem
2772 5536 2812 5597 'a
2853 5543 3002 5599 villis
3033 5536 3670 5612 Carthusi'anorumfvel,
3691 5539 3734 5612 ut

2212 5609 2393 5685 malis,
2428 5614 2499 5665 ab
2537 5609 2776 5685 antiquis
2817 5612 3296 5667 Benedictinorum
3333 5609 3657 5685 primatibus.
3692 5609 3730 5685 ω

2210 5681 2410 5749 quibus
2458 5684 2612 5751 pauci
2669 5676 2864 5738 fratres
2915 5692 3070 5737 extra
3133 5676 3424 5739 commune
3472 5676 3730 5751 cwuobium

2210 5747 2551 5820 agerent,“
2581 5761 2694 5806 tttm
2727 5755 2896 5822 quieti
2927 5766 3208 5821 vacarent,
3247 5768 3361 5809 tum
3403 5756 3608 5807 fratrum
3634 5747 3730 5822 rrlt-

2210 5818 2450 5892 quorum
2482 5839 2546 5880 ac
2571 5818 2877 5883 communis
2901 5826 3138 5881 coeuobii
3165 5818 3377 5896 negotia
3405 5826 3505 5879 illic
3533 5818 3728 5889 agerent.
