3978 6596
254 360 362 425 969

1395 359 1573 442 Vm
1615 362 1673 423 s.
1718 359 2030 425 NICOLAI
2065 359 2435 426 STUDI'NE.

3409 347 3518 416 910

254 490 335 525 σιν
375 471 470 526 τοῦ
500 474 711 544 Πατρὶς
741 473 768 526 ό
809 472 957 537 σικδς
993 471 1107 544 [γρ.
1147 470 1354 545 σικχὸς]
1377 473 1832 546 ὁνειροπολούμε-

1964 492 1995 530 ιι
2029 479 2358 544 sententiam
2382 475 2601 528 Patrem
2630 470 2884 543 pellicere
2915 467 3134 523 molitur
3158 485 3172 533 ;
3193 481 3411 537 unaque
3429 483 3521 522 so-

252 582 360 629 νος,
394 567 453 616 ὲν
509 567 622 626 τοῖς
675 564 784 617 τῶν
831 563 1047 616 Πυθίων
1105 561 1328 634 θερμοῖς
1381 565 1494 635 (51)
1543 565 1702 635 δῆθεν
1740 564 1834 617 τὸν

253 661 467 715 ἄνακτα
520 658 741 729 Μιχαὴλ
773 656 1220 728 προσλαϐόμενος
1252 672 1265 684 ·
1286 657 1336 710 οἳ
1369 658 1532 729 τάχος
1568 675 1832 711 ποντοποη

255 749 477 820 ροῦντες
503 789 517 815 ,
582 751 640 804 ἐν
689 749 1005 820 Πραινέστῳ
1064 748 1156 801 τὸν
1221 748 1368 803 ὅσιον
1391 788 1402 800 .
1426 750 1787 819 κατειλήφασι
1817 765 1832 781 ’

254 841 448 910 λόγους
495 859 556 894 τε
603 841 895 904 κολακείας
957 842 1034 906 ὡς
1079 841 1209 906 τόξα
1257 843 1633 913 προτείνοντες
1668 844 1836 915 (δεινὴ

252 936 363 1008 γὰρ
386 933 640 1003 τούτωνή
672 934 952 1005 τυραννὶς,
988 935 1082 986 καὶ
1119 934 1296 1004 ψυχὰς
1315 935 1564 1007 ἀνδρείας
1594 937 1838 1008 εὐχερῶς

255 1027 577 1098 μεταθεῖναι
637 1027 958 1100 δυναμένη),
1014 1026 1185 1098 ᾣοντο
1238 1028 1450 1093 τούτοις
1487 1032 1837 1100 μεταπείθειν

249 1124 345 1175 τὸν
370 1121 436 1190 ἆγ
449 1140 546 1175 ιον.

326 1215 460 1266 Τότε
493 1213 824 1286 κοινοτέρως
865 1230 984 1278 πως
1015 1216 1106 1268 τὸν
1144 1215 1304 1285 λόγον
1327 1212 1536 1277 τούτοις
1581 1216 1610 1267 ό
1667 1213 1839 1284 μὲγας

251 1306 577 1374 ποιούμενος
600 1348 614 1369 ,
660 1304 876 1374 Ἐχρῆν
904 1304 1022 1374 μὲν
1048 1305 1226 1374 ὑμᾶς,
1257 1305 1441 1376 φησὶν,
1471 1305 1555 1368 είς
1577 1304 1837 1357 Θειὶνκαὶ

251 1399 398 1464 τοὺς
451 1397 638 1452 αὐτοῦ
705 1400 906 1465 θείους
965 1400 1189 1468 νόμους
1255 1396 1795 1466 ἐξαμαρτήσαντας
1823 1436 1838 1459 ο

251 1493 589 1562 δράξασθαι
633 1491 745 1560 τῆς
769 1493 985 1546 τούτου
1025 1491 1316 1558 παιδείας,
1341 1491 1436 1545 καὶ
1454 1492 1542 1561 μὴ
1575 1492 1644 1544 ἐν
1681 1488 1844 1560 θυμῷ

1938 569 2082 622 cium
2110 567 2427 623 Michaelem
2448 567 2833 636 imperatorem
2873 562 2926 615 in
2959 560 3278 632 Pythiorum
3315 560 3521 616 balneis

1940 674 2250 724 assumens,
2309 659 2420 714 cito
2480 669 2785 712 conscensa
2840 668 2997 719 nave,
3042 653 3218 707 virum
3270 663 3518 708 sanctum

1945 752 2209 806 Praenesti
2285 751 2656 815 invenerunt,
2714 747 2989 817 verbaque
3047 745 3324 800 blanditia:
3371 747 3524 815 jacu-

1943 845 2118 898 lorum
2198 845 2370 898 instar
2417 840 2811 914 prmtvndentes
2890 840 3113 910 (quippe
3163 839 3342 909 gravis
3405 852 3523 895 erat

1942 952 2130 992 eorum
2156 937 2426 1006 tyrannis,
2459 951 2524 990 ac
2549 949 2671 1005 quae
2710 933 2868 987 facile
2897 932 3038 986 virili
3066 947 3285 1003 quoque
3320 933 3521 988 virtute

1943 1029 2160 1083 animos
2199 1030 2484 1083 demutare
2513 1028 2747 1098 posset),
2807 1025 2875 1080 iis
2903 1034 3155 1082 sanctum
3188 1042 3218 1080 ο
3257 1025 3521 1081 sententia

1945 1130 2301 1176 revocaturos
2341 1122 2628 1190 pntahant.

2015 1213 2173 1270 Tunc
2204 1230 2352 1277 vero,
2390 1219 2772 1284 communiori,
2836 1233 3070 1289 magnus
3127 1214 3218 1272 ille
3271 1215 3337 1271 ad
3403 1231 3522 1281 eos,

1946 1320 2233 1360 sermone:
2269 1306 2378 1360 Par
2403 1308 2615 1378 quidem
2651 1319 2788 1373 erat,
2826 1320 2882 1363 ut
2906 1312 2998 1380 qui
3019 1311 3075 1363 in
3106 1309 3270 1363 Deum
3306 1309 3524 1378 ejusque

1949 1398 2156 1451 divinas
2184 1399 2321 1470 leges
2348 1401 2718 1470 peccat-eritis,
2773 1402 2888 1472 ejus
2915 1403 3375 1473 opprehendcretis
3424 1403 3526 1457 dis-

1948 1491 2223 1561 ciplinam,
2255 1509 2345 1547 nec
2363 1494 2499 1548 iram
2519 1496 2571 1547 in
2601 1495 2783 1566 furore
2816 1497 2868 1549 iu
2893 1513 2978 1551 vos
2997 1496 3099 1566 ipsi
3131 1495 3407 1549 ira/teretis
3437 1496 3522 1546 "2

253 1586 375 1651 τὴν
403 1584 589 1654 ὀργὴν
604 1583 696 1652 ἐφ’
716 1581 969 1648 ἑαυτοὺς
995 1581 1456 1638 ἐπισπάσασθαι
1487 1596 1501 1611 '
1522 1581 1612 1635 ὅτι
1646 1581 1845 1648 κρίσις

1964 1582 2208 1638 iudicium
2227 1585 2426 1655 quippe
2455 1586 2650 1640 durum
2690 1588 2862 1656 fietiu
2907 1589 2990 1648 iis.
3041 1589 3131 1658 qui
3171 1597 3404 1658 prwsunt
3459 1587 3527 1642 ”.

251 1678 562 1746 ἀπότομος
615 1674 686 1730 ἐν
740 1673 866 1738 τοῖς
902 1675 1262 1743 ὑπερέχουσι
1292 1674 1538 1743 γίνεται.
1583 1673 1746 1728 Ἐπεὶ
1776 1672 1846 1725 δὲ

253 1771 378 1823 τῶν
403 1767 754 1839 τραυμάτων
769 1767 878 1832 τὴν
899 1766 1213 1834 σηπεδόνα
1235 1767 1374 1833 τοὺς
1396 1765 1507 1836 τῆς
1523 1765 1843 1835 μετανοίας

251 1860 591 1932 φαρμακεῖς
645 1858 974 1929 ἐπιρρῶσαι
1019 1860 1092 1912 οὐ
1135 1859 1464 1924 βούλεσθε,
1499 1858 1641 1913 τάδε
1680 1858 1842 1927 λέγει

253 1957 326 2008 τὸ
348 1954 588 2023 Πνεῦμα
613 1953 679 2006 τὸ
707 1952 900 2018 ἅγιον,
933 1951 1232 2016 ὠςΚακὸν
1259 1952 1543 2023 κατάλιφω
1571 1951 1636 2005 τὸ
1669 1952 1845 2016 τέλος

254 2048 407 2118 ὑμῖν
443 2046 840 2113 ἀποϐήσεται.

331 2141 524 2194 Τοίνυν
540 2140 932 2210 τραχυνθέντες
948 2139 1157 2202 τούτοις
1183 2141 1294 2202 τοῖς
1315 2139 1546 2209 ῥήμασι,
1562 2137 1708 2191 κενοὶ
1738 2137 1847 2191 τῶν

253 2233 442 2286 ἐκεῖσε
483 2233 790 2303 ἁπῴχοντο,
808 2235 886 2296 εἰς
915 2233 1108 2303 ἑτέραν
1141 2232 1316 2303 ῥοπὴν
1335 2231 1432 2294 τὰς
1463 2231 1673 2285 ἑαυτῶν
1698 2230 1848 2283 ἐλπί-

250 2322 354 2387 δας
379 2323 832 2394 ταμιευσάμενοι.
866 2325 1152 2378 Στέλλουσι
1182 2323 1291 2395 γὰρ
1327 2325 1408 2387 εἰς
1448 2323 1692 2377 τούπίσω
1726 2322 1848 2376 τινὰ

253 2417 400 2486 πρὸς
427 2417 517 2470 τὸν
546 2418 712 2479 ὅσιον,
733 2417 828 2470 τοῦ
863 2418 937 2488 μὴ
968 2417 1077 2470 δεῖν
1101 2435 1182 2481 σε,
1210 2420 1402 2486 φησὶν,
1434 2416 1848 2488 δηλοποιοῦντες

255 2504 321 2557 ἓν
353 2523 460 2558 τινι
493 2507 602 2559 τῶν
634 2507 735 2578 τῆς
761 2507 932 2577 μονῆς
970 2524 1064 2560 σου
1104 2507 1468 2574 καταγωγίων
1497 2505 1843 2568 αὐλίζεσθαι.

257 2599 380 2651 Καὶ
436 2599 511 2663 ὡς
564 2600 701 2671 πρὸς
753 2599 970 2668 ἄμυναν
1021 2597 1183 2666 δῆθεν
1225 2599 1389 2661 εὐθὺς
1441 2597 1847 2669 χειροτονοῦσιν

255 2693 383 2745 ἀντ’
410 2691 576 2746 αὐτοῦ
597 2692 1028 2763 καθηγούμενον,
1071 2691 1322 2762 Ἀχιλλᾶν
1349 2691 1447 2762 μὲν
1466 2691 1559 2745 οὖν
1583 2692 1850 2760 ὀνομαζόο

261 2802 456 2854 μενον,
490 2787 724 2855 χρηστὸν
744 2785 802 2839 δὲ
845 2787 958 2849 τοῖς
1016 2786 1240 2856 τρόποις
1292 2786 1630 2855 πανταχόθεν
1677 2786 1852 2856 ὑπάρ-

257 2893 451 2946 χοντα.
480 2876 646 2928 Αὐτοὶ
674 2875 756 2938 δὲ,
787 2876 848 2928 τὸ
875 2874 941 2946 δὴ
963 2875 1282 2946 λεγόμενον,
1303 2875 1483 2930 πάντα
1510 2875 1692 2928 κάλων
1740 2875 1853 2928 ἐκί-

261 2985 396 3021 νουν
417 2967 510 3020 τοῦ
538 2967 824 3039 ζωγρῆσαι
856 2968 951 3021 τὸν
975 2969 1142 3022 ὅσιον.

352 3059 412 3114 Ὀ
443 3059 500 3112 δὲ
527 3058 618 3112 τοῦ
643 3058 880 3132 Χριστοῦ
904 3060 1159 3130 θεράπων
1184 3041 1469 3124 Νικόλαοᾷ
1499 3061 1609 3115 τῶν
1637 3061 1854 3115 οἰκείων

262 3151 620 3216 ἀπελασθεὶς,
653 3154 747 3205 καὶ¹
781 3151 990 3217 τούτοις
1021 3153 1341 3222 πλησιάζειν
1393 3156 1733 3225 εἰργόμενος,
1764 3155 1846 3208 δι-
1885 3173 1928 3231 C

264 3244 445 3298 ετέλει
477 3245 641 3298 τόπον
669 3247 734 3297 ὲκ
763 3245 929 3298 τόπου
953 3248 1018 3316 τῇ
1051 3247 1228 3317 ἐνδείᾳ
1265 3245 1342 3315 τῷ
1371 3246 1520 3317 γήρᾳ
1561 3245 1859 3316 συμπιεζό-

269 3352 457 3406 μενοςο
490 3337 580 3405 ὐφ’
601 3329 676 3389 ὧν
709 3353 792 3400 τις
822 3338 960 3408 ἀνὴρ
1003 3339 1479 3408 κατατρυχόμενον
1505 3337 1859 3408 θεασάμενος,

267 3428 528 3499 Σαμουὴλ
575 3429 674 3500 μὲν
714 3430 909 3500 ἐπίσης
935 3428 1016 3500 τῷ
1066 3431 1320 3503 προφήτῃ
1378 3429 1859 3500 καλλωπιζόμενος

264 3519 350 3590 τῷ
373 3521 618 3590 όνόματι’
655 3521 931 3574 ἐπιποθῶν
948 3522 1004 3574 δὲ
1031 3522 1128 3592 τὴν
1147 3523 1341 3594 κλῆσιν
1364 3514 1535 3592 οὗπερ
1557 3538 1854 3590 συγκοινω-

265 3613 385 3663 νεῖν
415 3613 508 3664 καὶ
539 3611 616 3682 τῷ
637 3612 944 3683 πράγματι,
979 3614 1071 3668 καὶ
1093 3613 1287 3684 λύτρον
1316 3613 1491 3685 ψυχῆς
1515 3613 1607 3667 τὸν
1624 3613 1854 3667 πλοῦτον

264 3703 512 3773 δαψιλῶς
535 3705 643 3766 τοῖς
681 3705 945 3774 χρήσουσι
967 3705 1360 3775 παρεχόμενος,
1416 3704 1561 3757 ἔνδον
1595 3707 1693 3775 τῆς
1753 3705 1853 3758 πό-

265 3796 406 3862 λεως
444 3801 581 3868 πρὸς
611 3797 680 3851 τὰ
715 3797 810 3850 τοῦ
829 3798 969 3851 Λίϐα
1011 3799 1156 3870 μέρη
1192 3799 1304 3868 (52)
1331 3798 1496 3851 τόπον
1532 3798 1856 3868 ἀπῳκισμέ-

268 3906 387 3955 νον,
420 3890 512 3942 καὶ
544 3891 749 3961 ἥσυχον
803 3891 1199 3962 ὲκπριὰμενος,
1235 3893 1539 3962 προσφέρει
1601 3890 1679 3961 τῷ
1705 3891 1846 3961 ἁγίῳ

273 3980 418 4044 μετὰ
432 3981 632 4050 πολλῆς
660 3983 757 4053 τῆς
785 3981 1100 4052 εὐθύτητος,
1123 3981 1380 4052 ἁρμόδιον
1405 3981 1558 4034 ἔνθεν
1579 3981 1679 4050 τὴν
1707 3981 1843 4050 ἠσυ-

267 4071 403 4140 χίαν
435 4071 716 4142 στέργοντι
768 4072 1145 4142 χαριζόμενον·
1165 4072 1224 4123 ὃν
1251 4072 1344 4124 καὶ
1364 4075 1431 4142 τῇ
1466 4072 1557 4124 τοῦ
1614 4069 1851 4140 Χριστοῦ

271 4162 460 4228 χάριτι
489 4163 788 4232 περιφανὲς
823 4163 1158 4232 ἁσκητήρεον
1187 4159 1855 4231 ἐναπεκατέστησεν,ἀρί-

271 4269 410 4320 στην
441 4253 500 4319 ἐξ
570 4254 822 4326 ὑπαρχῆς
848 4254 946 4325 τὴν
1014 4254 1170 4326 βάσιν
1213 4252 1468 4322 ἐντούτῳ
1523 4251 1859 4322 πηξάμενος.

346 4368 395 4398 ”
427 4368 575 4424 l’sal.
613 4385 674 4433 ιι,
712 4369 798 4425 19.
877 4369 1188 4443 ’³8ιψ.’νι,
1217 4369 1271 4426 6.

1953 1673 2094 1740 Quia
2125 1691 2248 1730 rera'
2291 1678 2611 1747 pmnitentiw
2661 1682 2889 1734 medicos
2935 1681 3291 1750 putrescentia
3351 1681 3528 1734 ulcera

1950 1767 2286 1824 consolidare
2308 1773 2553 1837 renuitis,
2593 1772 2704 1826 haec
2742 1773 2871 1826 dicit
2911 1771 3146 1844 Spiritus
3191 1783 3439 1829 sanctus:
3468 1771 3529 1827 In

1951 1857 2151 1912 malum
2179 1859 2390 1915 tandem
2422 1862 2564 1916 vobis
2597 1877 2678 1916 res
2711 1863 2874 1916 cedet.

2022 2131 2092 2188 lis
2119 2132 2300 2207 itaque
2333 2133 2407 2187 illi
2434 2135 2782 2189 sermonibus
2825 2138 3155 2207 exasperati,
3190 2138 3314 2194 inde
3374 2140 3533 2198 vacui

1950 2204 2270 2292 abscedunt,
2309 2226 2361 2280 in
2399 2227 2745 2282 commodum
2784 2230 2928 2282 aliud
2983 2243 3196 2301 tempus
3244 2248 3368 2302 spes
3405 2251 3534 2288 suas

1953 2325 2318 2373 reservantes.
2351 2315 2652 2383 Quemdam
2683 2318 2951 2389 siquidem
3009 2336 3146 2390 tione
3189 2338 3248 2377 se
3280 2324 3346 2377 ad
3391 2323 3534 2378 San-

1953 2417 2098 2461 etum
2131 2407 2493 2471 destinantes,
2521 2407 2854 2478 significant,
2920 2427 3027 2464 non
3077 2413 3276 2467 debere
3334 2415 3385 2468 in
3425 2417 3536 2470 ulto

1953 2499 2038 2554 sui
2071 2500 2392 2553 monasterii
2412 2495 2722 2569 hospitiolo
2739 2501 2953 2572 degere.
2984 2503 3062 2557 Ac
3090 2505 3236 2558 velut
3267 2507 3535 2563 ulciscen-

1953 2601 2055 2656 tes,
2089 2593 2274 2645 statim
2302 2592 2422 2662 ejus
2451 2593 2593 2657 loco,
2619 2594 2884 2650 Achillam
2920 2599 3160 2666 nomine,
3196 2601 3373 2656 virum
3429 2601 3538 2657 uti-

1953 2699 2062 2754 que
2077 2685 2262 2754 probis
2289 2686 2535 2756 undique
2567 2689 2830 2751 moribus,
2864 2692 3213 2761 praepositum
3238 2695 3492 2750 ordinant
3519 2713 3536 2751 :

1958 2779 2058 2848 ipsi
2085 2789 2290 2843 autem,
2321 2781 2465 2850 quod
2499 2781 2550 2835 in
2584 2784 2872 2850 proverbio
2901 2793 3004 2852 est,
3037 2786 3245 2842 nullum
3277 2805 3383 2844 non
3418 2806 3540 2846 mo-

1957 2873 2158 2928 vebant
2194 2873 2408 2940 funem,
2435 2889 2546 2944 quo
2575 2875 2839 2943 sanctum
2866 2888 3145 2947 caperent.

2034 3024 2127 3080 Dei
2187 3037 2371 3080 autem
2443 3025 2682 3081 famulus
2741 3024 3001 3083 Nieolaus
3069 3030 3150 3085 sic
3211 3047 3240 3085 a
3304 3034 3542 3103 propriis

1963 3119 2161 3189 pulsus
2196 3158 2210 3182 ,
2283 3127 2446 3189 atque
2498 3119 2568 3172 iis
2633 3121 2856 3188 propius
2911 3123 3172 3178 accedere
3205 3126 3427 3192 vrtitus,
3462 3128 3542 3181 loo

1965 3225 2089 3263 cum
2145 3225 2210 3264 ex
2260 3211 2378 3263 loco
2412 3247 2427 3271 ,
2480 3225 2603 3264 cum
2667 3220 2952 3278 egeatate,
3011 3222 3126 3267 tum
3195 3217 3350 3270 senio
3407 3233 3541 3272 con.

1964 3298 2162 3363 fectus,
2225 3297 2496 3352 mutabat.
2579 3295 2716 3350 Tum
2778 3299 2865 3353 vir
2915 3300 3232 3369 quidamita
3295 3305 3540 3363 divexari

1969 3391 2186 3458 videns,
2209 3391 2295 3444 cui
2325 3391 2464 3445 idem
2504 3400 2668 3462 atque
2711 3390 2955 3447 Samueli
3008 3395 3286 3464 prophetae
3334 3403 3542 3455 clarum

1958 3483 2246 3554 obtigisset
2297 3499 2531 3550 nomen;
2586 3484 2707 3554 ejus
2775 3485 2852 3538 uti
2914 3488 3322 3557 appellationis,
3369 3491 3442 3548 ita
3483 3506 3544 3549 et

1961 3587 2184 3642 operum
2217 3586 2282 3626 ae
2318 3572 2558 3628 veritatis
2606 3574 2946 3628 consortium
2999 3578 3269 3644 ambiens,
3304 3595 3369 3637 ac
3419 3597 3548 3652 pre-

1964 3667 2099 3718 tium
2135 3664 2520 3736 redemptionis
2552 3665 2770 3752 animae.
2805 3667 3027 3723 divitias
3050 3672 3238 3740 egenis
3267 3674 3412 3744 large
3439 3677 3549 3730 im-

1964 3756 2229 3825 pertiens,
2261 3755 2313 3809 in
2339 3756 2474 3810 urbe
2507 3757 2575 3810 ad
2606 3765 2788 3826 partes
2813 3756 2950 3814 Liba
2972 3772 3242 3816 semotum
3279 3765 3548 3824 locumac

1962 3851 2131 3919 quieti
2163 3859 2347 3917 aptum
2386 3864 2664 3910 coemens,
2693 3853 2976 3921 proposito
3015 3855 3184 3910 animi
3211 3859 3541 3926 rectissimo,

1957 3943 2075 3998 viro
2100 3949 2293 3998 sancto
2324 3943 2501 4004 olfert,
2527 3944 2872 3998 commodam
2905 3960 2966 4000 ea
3002 3946 3289 4017 largitione
3336 3956 3544 4008 amanti

1958 4033 2195 4102 quietem
2227 4041 2494 4100 praestans
2523 4048 2537 4085 :
2569 4048 2732 4102 quem
2774 4034 2824 4088 is
2862 4035 3066 4101 locum,
3095 4036 3185 4091 Dei
3228 4043 3546 4108 gratiailla-

1962 4130 2072 4176 stre
2100 4122 2314 4176 tandem
2348 4122 2764 4186 monasterium,
2791 4124 3055 4194 optimam
3087 4128 3139 4182 in
3171 4143 3237 4184 eo
3275 4145 3304 4184 a
3332 4131 3536 4201 princi-

1968 4215 2058 4284 pio
2083 4213 2260 4269 basim
2291 4214 2484 4279 ﬁgens,
2519 4212 2716 4268 etfecit.

1433 4487 1684 4544 FRANC.
1715 4489 2104 4547 COMBEFISII
2146 4489 2380 4548 NOTAE.

348 4647 468 4715 (3|)
523 4645 618 4700 Est
649 4601 814 4698 locus
841 4641 1112 4715 Bithyniae
1147 4638 1704 4715 irrideitqugecalidaa
1750 4654 1868 4694 sca-
1903 4647 1948 4705 1)
1977 4639 2088 4715 fere
2125 4647 2327 4695 statuta
2359 4639 2614 4715 ordinum
2648 4640 2813 4715 certis
2842 4641 3172 4715 quibusdam
3203 4643 3446 4710 casibus,
3481 4662 3546 4703 ac

278 4709 517 4774 turiunt.
543 4715 761 4770 Nicctas
791 4722 845 4767 et
887 4709 1118 4780 Procop.
1153 4720 1208 4764 v°
1274 4709 1585 4779 ﬁdi/icior.

351 4790 465 4859 (52)
506 4786 668 4841 llrbis
702 4799 904 4859 nomen
934 4783 1185 4836 absolute
1219 4781 1700 4859 prolatum__palam
1727 4780 1870 4859 indi-

274 4852 370 4916 cat
411 4852 602 4912 urbem
639 4856 883 4925 regiam;
920 4865 1095 4925 utque
1120 4868 1264 4914 eam,
1306 4852 1618 4925 nonaliam
1670 4853 1871 4906 intelli-

277 4947 430 5002 gam,
465 4928 657 5002 adhuc
689 4923 904 5002 suadet,
953 4924 1100 5002 quod
1158 4925 1302 5002 le_go_
1331 4923 1381 4975 in
1417 4923 1721 5002 paula-eux,
1755 4928 1788 4975 I.
1830 4939 1867 4987 ι,

277 4992 329 5056 ἕ.
365 4992 457 5065 40,
495 4998 586 5052 ubi
629 4999 695 5052 de
749 4998 906 5065 Irene
925 4992 1155 5064 conjuge
1188 4992 1483 5065 Andronici
1526 4993 1756 5065 minoris
1789 5003 1872 5047 est

277 5061 465 5126 sermo
501 5087 514 5122 :
545 5068 650 5121 Τδν
703 5069 802 5135 μὲν
849 5061 942 5119 οὖν
972 5061 1167 5134 νεκρὸν
1204 5063 1372 5135 αὐτῇς
1420 5064 1750 5132 κομίσαντες
1785 5066 1870 5135 ,εἰς

277 5141 602 5206 Βυζάντιον,
640 5133 713 5190 ὲν-
741 5140 808 5208 τῇ
840 5135 934 5208 τοῦ
987 5133 1151 5208 Λιβὸς
1204 5133 1411 5208 ἔθαψαν
1445 5137 1580 5208 μονῇ
1635 5133 1870 5208 μεγαλο-

282 5203 514 5282 πρεπῶς
551 5208 648 5282 καὶ
673 5203 1014 5282 βασιλικῶς.-
1035 5205 1238 5274 Corpus
1265 5203 1602 5282 ﬁyzuntiunr
1620 5203 1866 5273 deporta-

283 5275 418 5348 tum,
449 5283 500 5335 in
543 5275 689 5333 Libis
726 5275 1378 5348 monasteriomtagniﬁce
1399 5275 1638 5348 ucqrrgia
1673 5291 1864 5348 parum

282 5345 592 5421 funeratum
627 5360 724 5404 est.
753 5348 895 5402 Nihil
945 5347 1214 5416 siquidem
1266 5345 1414 5398 aliud
1439 5346 1862 5421 videaturjllud

280 5414 432 5478 Libis
486 5421 906 5481 nionasterinm,
939 5414 1549 5488 quamimona‘sterium
1594 5416 1660 5470 ad
1703 5414 1862 5488 Liba,

281 5495 399 5548 sive
435 5503 622 5561 partes
659 5490 792 5544 Liba
822 5507 837 5556 ;
872 5486 985 5561 sive
1011 5487 1279 5555 intelligat
1313 5486 1447 5540 illud
1479 5487 1680 5555 ipsum,
1717 5487 1864 5554 quod

281 5560 479 5618 auctor
531 5564 640 5617 illic
673 5577 702 5616 a
761 5560 982 5614 Nicolao
1032 5565 1376 5613 exstructum
1433 5564 1644 5619 narrat,
1701 5571 1865 5611 occa-

282 5636 442 5690 sione
471 5633 636 5687 illata-
675 5648 703 5686 a
740 5630 1024 5685 Photianis
1055 5629 1388 5691 vexationis,
1421 5643 1483 5682 ac
1527 5627 1866 5696 expulsionis

282 5721 311 5760 a
365 5718 470 5760 suo
514 5704 857 5758 Studitarum
901 5700 1263 5764 nionasterio,
1301 5713 1366 5754 ae
1407 5698 1543 5753 locis
1573 5698 1862 5768 subjectis,

284 5777 400 5832 sive
433 5775 581 5828 aliud
628 5773 922 5843 quodpiam
969 5789 982 5824 :
1021 5779 1184 5843 atque
1216 5771 1354 5843 adeo
1405 5769 1659 5843 videatur
1705 5784 1863 5839 paena

289 5847 377 5903 illa
410 5841 660 5911 Nieolai,‘
695 5843 891 5902 similis
920 5841 1228 5914 expulsioni
1279 5856 1311 5896 a
1359 5841 1648 5913 religione,
1699 5856 1863 5910 quam

1976 4713 2157 4784 rarius
2183 4712 2570 4782 praescribunt,
2594 4713 2670 4766 uti
2707 4711 2910 4781 Regula
2949 4710 3006 4766 S.
3036 4712 3093 4766 P.
3129 4711 3193 4769 N.
3228 4715 3543 4784 Augustini,

1972 4797 2037 4852 ac
2061 4783 2134 4852 illi
2160 4794 2550 4847 eonsentanee,
2574 4798 2712 4852 quas
2737 4793 2958 4846 vocant,
2979 4785 3412 4842 Constitutiones
3437 4786 3543 4844 FF.

1972 4851 2432 4926 Prtedicatoruru,
2461 4851 2681 4908 Poterat
2719 4869 2848 4922 ergo
2887 4857 2964 4908 sie
2999 4858 3296 4926 apropriis
3328 4862 3544 4926 pulsus,

1973 4925 2054 4994 vel
2093 4927 2146 4978 in
2190 4925 2303 4994 ipsa
2355 4924 2508 4986 urbe,
2543 4939 2607 4994 ac
2650 4933 2801 4978 extra
2837 4940 2989 4982 suos.
3042 4924 3397 4992 hospitiolum
3452 4930 3547 4982 ha-

1969 4992 2121 5059 bere,
2193 4992 2244 5047 iii
2292 4995 2494 5063 illoque
2555 4993 2752 5048 fratres
2797 4995 2914 5064 sibi
2978 4995 3192 5063 aliquos
3226 4998 3545 5064 adiungere,

1972 5066 2079 5121 nisi
2117 5066 2301 5134 potius
2345 5074 2472 5118 tunc
2504 5066 2682 5118 solum
2719 5063 2991 5137 adjynvit,
3013 5082 3136 5137 eum
3165 5067 3274 5129 jam
3307 5063 3547 5137 lgnatius

1979 5139 2268 5190 restitutus
2310 5148 2476 5196 esset.
2518 5137 2742 5204 ipseque
2793 5134 2968 5188 Studii
3001 5134 3382 5203 praefecturam
3423 5149 3547 5193 tau-

1977 5205 2100 5259 dem
2136 5205 2528 5274 resumpsisset
2559 5224 2570 5260 :
2609 5205 2749 5258 haud
2784 5216 2932 5258 certe
2973 5205 3245 5259 modicum
3300 5210 3549 5264 videatur

1976 5279 2057 5330 vel
2094 5277 2270 5331 solum
2294 5275 2461 5348 inferi
2493 5278 2544 5329 ιιι
2573 5277 2732 5348 urbe,
2759 5275 2930 5348 Barda
2960 5275 3182 5331 inimico
3208 5280 3546 5348 tyrannidem

1973 5358 2285 5401 exercente.
2329 5345 2483 5411 Quod
2537 5347 2609 5398 ait
2655 5345 2826 5399 Ortel.
2861 5346 2914 5398 in
2967 5362 3100 5400 voce
3150 5345 3278 5402 Liba
3321 5369 3333 5400 τ
3377 5349 3546 5404 Locus

1973 5419 2116 5470 circa
2143 5416 2533 5482 Nicomediam,
2567 5417 2824 5478 Cedreno,
2876 5416 3048 5485 possit
3091 5433 3279 5472 verum
3327 5421 3548 5475 habere.

1972 5489 2109 5542 Cum
2147 5491 2289 5542 erum
2317 5503 2514 5559 earvox
2553 5488 2686 5559 nihil
2729 5488 2873 5540 aliud
2906 5497 3065 5542 sonet
3098 5505 3261 5557 quam
3317 5501 3548 5559 guttam.

1972 5559 2342 5622 stilluliouem,
2378 5558 2600 5627 fontem,
2632 5558 2768 5611 nihil
2805 5567 2972 5621 vetat,
3001 5569 3061 5612 ut
3092 5574 3159 5613 ne
3200 5558 3370 5618 multa
3401 5562 3553 5617 Gne-

1973 5631 2073 5684 eia:
2114 5631 2231 5684 loca
2262 5628 2518 5701 fontibus
2540 5644 2604 5683 ac
2631 5629 2791 5698 aquis
2823 5629 3054 5701 irrigua,
3082 5630 3134 5685 id
3161 5630 3338 5701 ipsum
3367 5633 3550 5688 norni-

1974 5701 2062 5756 nis
2094 5701 2286 5755 sortita
2324 5701 2455 5754 sint.
2498 5697 2694 5754 Locus"
2729 5699 2869 5768 apud
2905 5697 3212 5756 Cedrenum
3247 5719 3352 5758 non
3382 5713 3467 5761 est.
3499 5707 3551 5760 in

1975 5787 2164 5840 manu,
2189 5785 2290 5829 nec
2323 5771 2484 5830 velim
2510 5773 2806 5842 quaerendo
2841 5779 3014 5827 totum
3044 5772 3316 5831 evolvere.
