3978 6598
479 333 585 396 '9“

481 532 678 603 cipulis
711 529 1029 585 Evarestum
1063 528 1281 581 nomine
1312 527 1664 588 accersisset;
1691 526 1885 579 nedum
1905 527 2055 582 solus

484 629 573 682 ille
597 625 850 681 ascetica:
883 623 1149 691 palaestra:
1169 619 1585 682 certaminibus,
1614 617 1929 672 Erareslum
1955 635 2014 672 se
2037 659 2052 683 ,

483 720 536 773 id
568 727 668 781 est,
702 716 1002 785 placentem
1033 728 1096 765 ac
1129 721 1341 781 gratum
1368 709 1629 772 ostemlit,
1662 725 1847 762 verum
1891 712 2055 764 etiam

486 813 666 867 locum
707 811 883 875 ipsum
917 822 1012 878 per
1038 822 1153 869 eos,
1184 806 1272 875 qui
1317 805 1367 858 in
1392 819 1459 860 eo
1498 804 1770 874 placerent
1823 804 1936 860 Deo
1997 821 2058 861 ac

489 904 739 974 religiose
766 910 1122 964 mererentur,
1152 897 1547 966 bencplacitum
1591 898 1740 962 fecit,
1792 901 1884 968 qui
1938 899 2058 968 ejus

487 997 750 1050 hactenus
772 993 983 1062 placitis
1012 990 1518 1055 intercessionibus,
1551 990 1826 1059 praeclaris
1851 990 2057 1044 meritis

485 1087 699 1157 egregie
728 1084 987 1147 abundet,
1019 1081 1224 1150 t0lique
1251 1081 1362 1134 fere
1386 1081 1504 1134 orbi
1563 1080 1898 1134 venerationi
1959 1083 2055 1134 lia-

485 1184 702 1242 beatur,
758 1193 881 1232 cum
917 1176 1045 1228 olim
1077 1173 1362 1228 Cocorobii
1390 1173 1543 1227 locus
1562 1173 1862 1242 appellatus
1891 1183 2054 1227 esset.

487 1272 728 1340 Denique
753 1269 882 1322 dum
911 1268 1129 1320 interim
1157 1265 1238 1318 vir
1262 1274 1485 1319 sanctus
1503 1264 1796 1318 venerabili
1823 1265 1914 1318 illo
1938 1265 2055 1318 loco

487 1369 624 1422 bene
648 1365 868 1435 quietus
889 1371 1096 1433 ageret,
1124 1376 1247 1414 eum
1270 1359 1496 1413 l’botins
1528 1359 1767 1422 pontifex
1796 1374 1918 1412 cuni
1945 1358 2055 1410 Au-

487 1461 685 1532 gustis,
717 1459 894 1512 modis
928 1455 1183 1510 omnibus
1224 1453 1289 1507 ad
1335 1468 1395 1506 sc
1445 1452 1657 1506 trahere
1710 1453 2053 1517 moliebatur,

485 1564 653 1622 utque
681 1550 747 1604 ad
778 1565 902 1604 eum
952 1546 1254 1612 accederet,
1307 1545 1564 1600 inducere
1613 1546 1873 1600 tentabat.
1929 1544 2056 1615 Ejus

485 1647 687 1716 quippe
715 1657 880 1712 supra
913 1656 1100 1696 omnes
1124 1641 1261 1694 alios
1295 1639 1521 1707 gloriam
1571 1641 1843 1708 captabat.
1873 1638 1926 1692 ld
1963 1639 2052 1692 ubi

485 1739 572 1794 vir
609 1735 950 1791 admirabilis
976 1732 1256 1796 intellexit,
1288 1746 1478 1784 eorum
1513 1732 1698 1784 volens
1721 1745 1915 1784 cavere
1971 1730 2047 1783 in-

1926 329 2268 392 ANONYMI
3593 337 3677 402 912

557 437 907 493 l'ostniodum
933 435 1075 490 enim
1102 449 1222 488 cum
1239 448 1408 487 unum
1435 432 1722 502 quemdam
1748 448 1783 516 _e
1808 434 1922 487 suis
1945 436 2058 490 dis-
2088 451 2129 504 Α

2239 441 2372 493 Ἕνα
2399 440 2506 512 γὰρ
2545 441 2650 494 τῶν
2677 440 2837 496 αὐτοῦ
2871 440 3130 511 μαθητῶν
3162 441 3459 514 Εὐάρεστον
3484 448 3680 520 τοῦνομα

2163 537 2244 597 είς
2285 534 2712 604 ὖστεροντοῧιον
2751 535 3278 604 μεταπεμψάμενος,
3329 537 3387 590 οὐ
3415 543 3519 602 τοῖς
3538 541 3681 608 ἀγῶσι

2166 628 2325 696 μόνος
2377 628 2583 688 ἐκεῖνος
2651 626 2750 695 τῆς
2806 626 3111 694 ἀσκητικῆς
3134 626 3466 697 παλαίστρας
3509 629 3685 701 ἐδείχίιη

2163 719 2474 789 Εὐάρεστος
2502 734 2517 749 ·
2545 717 2682 772 ἀλλὰ
2707 717 2812 788 μὴν
2837 718 2932 770 καὶ
2960 718 3090 770 αὐτὸ
3109 718 3170 770 τὸ
3200 720 3394 790 χωρίον
3414 719 3496 792 διὰ
3526 723 3619 775 τῶν
3643 728 3688 774 ἐν

2159 812 2306 880 αὐτῷ
2317 810 2464 880 τῷβε
2475 811 2536 881 ίῳ
2553 811 2710 880 εὐαρε
2720 809 3302 879 στούντων,εὑάρεστον
3315 814 3689 882 κατειργάσατο,

2164 903 2715 974 μέχριτῆςοσήμερον
2763 905 2883 965 ταῖς
2915 901 3080 955 αὐτοῦ
3113 902 3428 974 εὐαρέστοις
3467 907 3690 974 πρεσίεί-

2159 1013 2268 1058 αις,
2307 993 2490 1066 βρίθον
2521 997 2632 1058 τοῖς
2691 994 2917 1064 ἀγαθοῖς
2961 993 3377 1065 κατορθώμασι,
3422 996 3511 1048 καὶ
3533 997 3693 1064 σχεδὸν

2161 1087 2267 1142 ὑπὸ
2294 1089 2474 1157 πάσης
2489 1087 2587 1155 τῆς
2608 1087 2710 1155 γῆς
2739 1086 3122 1156 σεϐαζὸμενον·
3142 1085 3348 1140 ἄνωθεν
3370 1089 3436 1158 τῇ
3458 1103 3698 1158 προσωνυ-

2165 1181 2268 1251 μίᾳ
2313 1180 2422 1232 τῶν
2455 1179 2786 1250 Κοκοροσίου
2813 1180 3233 1251 ἐπιφερόμενον.
3281 1180 3494 1250 ’Δμέλει
3547 1182 3699 1246 καλῶς

2161 1275 2219 1325 ὲν
2245 1273 2382 1344 τῷδε
2445 1273 2524 1342 τῷ
2553 1274 2742 1342 εὐαγεῖ
2768 1273 2916 1344 τόπῳ
2938 1274 3016 1344 τῷ
3051 1274 3183 1344 ὁσίῳ
3232 1274 3631 1344 ὲφησυχάζοντι,
3680 1277 3702 1327 ὁ

2161 1367 2453 1438 ἀρχιερεὺς
2497 1365 2702 1429 Φώτιος
2763 1365 3034 1429 παντοίως
3075 1367 3211 1436 πρὸς
3257 1367 3449 1419 ἑαυτὸν
3485 1367 3576 1420 σὺν
3610 1370 3702 1432 τοῖς

2161 1459 2432 1530 κρακῦσιν
2496 1459 2723 1512 ὲλκῦσαι
2757 1459 2948 1512 τοῦτον
2969 1459 3508 1532 πραγματευόμενος,
3534 1461 3619 1513 καὶ
3640 1460 3704 1523 ὡς

2157 1551 2318 1604 αὐτὸν
2347 1551 2640 1620 ἀφικέσθαι
2669 1552 3028 1622 πειρώμενος.
3073 1553 3276 1623 Ἐοήρα
3313 1552 3421 1622 γὰρ
3445 1552 3599 1605 αὑτοῦ
3621 1553 3707 1624 τὴν

2158 1643 2321 1709 δόξαν
2346 1644 2496 1714 ὑπὲρ
2516 1645 2642 1708 τοὺς
2671 1644 2863 1708 ἄλλους
2893 1661 2978 1710 γε*
3008 1643 3385 1714 καταμαθὼνὸ
3410 1645 3703 1714 θαυμάσιος,

2159 1736 2255 1789 καὶ
2280 1737 2380 1800 τὰς
2399 1737 2607 1790 τούτων
2624 1737 2845 1808 ἐνέδρας
2865 1737 3152 1808 διαδράσαι
3177 1736 3522 1807 βουλόμενος,
3550 1739 3704 1808 φυγὰς

484 1831 674 1895 sidias,
711 1828 834 1897 fuga
859 1827 997 1880 sein
1058 1823 1448 1878 Pricouuesum
1502 1822 1768 1891 proripit,
1830 1823 2061 1891 indeque

2164 1830 2386 1899 ἀπαίρει
2400 1827 2538 1900 πρὸς
2561 1827 2660 1900 τὴν
2676 1829 3022 1899 Πρυκόνησον
3041 1827 3266 1901 (55)[γρ.
3290 1830 3708 1901 ιῐροικὸννησον],

487 1921 795 1992 Mitylenem
829 1917 939 1971 abit
973 1933 986 1970 :
1014 1931 1124 1985 quo
1179 1915 1322 1979 loco,
1341 1913 1430 1967 ubi
1458 1914 1548 1966 diu
1577 1913 1712 1967 satis
1740 1915 2054 1968 demoratus

485 2022 652 2077 esset,
687 2011 902 2066 tandem
953 2008 1006 2062 in
1070 2007 1474 2061 Cherronesum
1519 2020 1624 2058 una
1657 2019 1782 2058 cum
1834 2005 2056 2073 proprio

485 2107 689 2170 fratre,
749 2103 890 2176 apud
955 2101 1263 2156 Xamelium
1342 2099 1730 2164 habitaturus,
1799 2097 2054 2154 reductus

481 2209 588 2255 est.

553 2292 732 2344 Porro
763 2289 1021 2360 praefatus
1081 2287 1326 2342 Achillas
1377 2285 1469 2340 ubi
1513 2283 1671 2339 annis
1721 2283 1964 2353 quinque
2002 2281 2054 2335 in

485 2384 672 2441 Sancti
712 2383 1045 2437 monasterio
1081 2396 1296 2450 gregem
1358 2379 1735 2448 gubernasset,
1786 2376 2056 2443 archiepi-

487 2493 688 2548 scopus
734 2477 950 2530 Nicoliie
985 2475 1038 2528 in
1072 2474 1314 2541 partibus
1339 2471 1575 2525 Orientis
1620 2479 1834 2524 creatus
1870 2478 1954 2522 est
1985 2485 1999 2522 :
2025 2482 2057 2519 a

486 2590 597 2644 quo
625 2571 1005 2643 praefecturam
1039 2569 1217 2622 iniens
1241 2565 1606 2629 Theodosius,
1664 2577 1788 2618 cum
1851 2576 2055 2615 annum

489 2679 659 2718 unum
686 2672 740 2716 et
770 2661 888 2731 ipse
922 2658 1254 2730 praefuisset.
1291 2657 1432 2711 vivis
1457 2664 1742 2724 exemptus
1773 2667 2058 2707 successo-

485 2770 602 2810 rem
656 2753 962 2821 Eugenium
989 2751 1173 2804 habet.
1201 2749 1304 2802 Sed
1332 2759 1386 2802 et
1415 2749 1524 2816 ipse
1546 2761 1669 2801 cum
1691 2759 1904 2799 menses
1919 2758 2058 2813 qua-

489 2856 614 2900 tuor
643 2843 1022 2915 praefecturam
1057 2841 1346 2904 tenuisset,
1379 2837 1700 2891 Theodorus
1736 2834 2060 2889 Santabaris

486 2938 779 3001 oriundus,
815 2949 878 2989 ac
903 2933 1110 2989 idcirco
1140 2950 1167 2985 a
1209 2931 1486 2984 nonnullis
1522 2927 1919 2982 Sautabarinus
1962 2941 2058 2995 ap-

487 3030 740 3099 pellatus,
768 3041 1055 3081 successor
1083 3023 1344 3078 sulfccms
1377 3029 1461 3076 est
1497 3036 1510 3073 :
1544 3019 1632 3074 cui
1661 3019 1900 3082 demum,
1931 3033 2055 3071 cum

485 3135 688 3175 annum
723 3134 890 3173 unum
933 3115 1205 3186 prazpositi
1239 3125 1529 3182 personam
1574 3109 1854 3179 gessisset,
1884 3105 2056 3161 Sabas

487 3227 516 3264 a
539 3210 875 3274 Callistrato,
901 3204 1019 3276 eju's
1049 3204 1373 3273 discipulus,
1407 3202 1502 3272 qui
1559 3208 1690 3255 tunc
1741 3198 2052 3268 pontificem

485 3305 699 3374 agebat,
730 3301 1016 3358 ordinatus
1042 3297 1303 3354 succedit.

558 3582 695 3636 Cum
724 3591 902 3634 autem
933 3590 1164 3647 magnus
1197 3573 1358 3629 Pater
1375 3572 1629 3626 Nicolaus
1656 3586 1826 3626 annos
1850 3581 2054 3641 septem

487 3677 542 3730 in
574 3673 962 3744 prazl'atoloro,
1008 3685 1130 3725 cum
1197 3677 1411 3731 naturae
1453 3665 1882 3728 necessitatibus,
1941 3674 2054 3719 tum

489 3768 604 3836 ipsa
636 3773 912 3820 senectute
927 3763 1149 3816 attritus
1173 3759 1394 3828 egisset,
1416 3759 1539 3814 itide
1565 3760 1778 3815 vinctus
1798 3759 1862 3814 ad
1888 3773 2048 3815 suum

2158 1923 2366 1976 ἐκεῖθεν
2421 1923 2478 1975 δὲ
2511 1929 2649 1991 πρὸς
2681 1921 2991 1992 Μιτυλήνην
3021 1923 3272 1994 άπῲχετο
3299 1939 3314 1954 ο
3350 1924 3438 1992 ἐφ’
3473 1923 3641 1976 ἱκανὸν
3661 1924 3707 1976 δὲ

2156 2016 2328 2085 ταύτῃ
2359 2013 2805 2086 προσδιατρίψας,
2829 2016 3058 2084 ἀνῆκται
3082 2017 3218 2086 πρὸς
3247 2015 3346 2087 τὴν
3369 2017 3706 2088 Χερρόνησον,

2159 2109 2256 2161 σὺν
2277 2107 2354 2180 τῷ
2386 2110 2568 2180 οἰκείῳ
2599 2109 2814 2181 ἀδελφῷ
2867 2111 2924 2162 ὲν
2963 2107 3042 2174 τῷ
3103 2108 3364 2180 Ξαμηλίῳ
3423 2109 3706 2176 οἰκισθησο-

2159 2217 2340 2268 μενος.

2241 2292 2298 2345 Ὀ
2327 2293 2383 2345 δὲ
2416 2294 2746 2365 προῤῥηθεὶς
2787 2293 3034 2362 ’Ἀχιλλᾶς
3087 2295 3146 2345 ὲν
3175 2294 3240 2362 τῇ
3274 2295 3411 2362 μονῇ
3461 2290 3551 2343 τοῦ
3583 2289 3709 2343 ὁσίου

2157 2385 2248 2437 ἐπὶ
2281 2385 2440 2438 πέντε
2463 2386 2690 2455 χρόνους
2721 2385 2906 2448 ίθύνας
2957 2385 3018 2437 τὸ
3070 2386 3343 2454 ποίμνιον,
3385 2383 3710 2454 ἀρχιεπίσκο-

2158 2495 2257 2540 πος
2287 2479 2363 2539 εἰς
2388 2477 2662 2530 Νακόλιαν
2693 2479 2823 2547 (34)
2856 2480 2914 2530 ὲν
2943 2479 3055 2540 τοῖς
3071 2478 3170 2547 τῆς
3195 2477 3464 2544 ἀνατολῆς
3513 2490 3709 2544 προχει-

2159 2567 2366 2638 ρίζεται
2389 2567 2635 2638 μέρεσινο
2653 2567 2711 2620 ὃν
2731 2570 2829 2636 τῆς
2847 2567 3022 2638 ἀρχῆς
3038 2564 3420 2636 διαδεξάμενος
3437 2564 3709 2626 Θεοδόσιος.

2159 2661 2251 2714 καὶ
2269 2661 2538 2714 ἐνιαύσιον
2555 2660 2744 2732 χρόνον
2761 2662 3040 2730 κρατήσας
3053 2660 3114 2712 τὸ
3132 2659 3500 2730 μοναστήριον
3517 2673 3529 2687 ·
3546 2655 3712 2711 τοῦτον

2159 2753 2411 2820 Εὑγένιος
2435 2753 2833 2820 τελευτήσαντα
2882 2752 3200 2821 διαδέχεται.
3247 2750 3412 2804 Ἀλλὰ
3440 2752 3530 2802 καὶ
3545 2749 3713 2804 τοῦτον

2158 2847 2252 2898 ἐπὶ
2276 2845 2550 2915 τέσσαρας
2580 2845 2755 2915 μῆνας
2805 2845 3175 2916 ποιησάμενον
3213 2844 3311 2914 τὴν
3363 2845 3710 2912 κατάσχεσιν,

2157 2937 2430 3008 Θεόδωρος
2464 2938 2492 2988 ὁ
2523 2939 2586 2990 ὲκ
2615 2937 2816 3009 χωρίου
2879 2937 2971 2988 τοῦ
3029 2935 3426 3005 Σανταὸαρέως
3495 2932 3714 3003 ἐξορμῶ·

2161 3045 2346 3097 μενος,
2382 3029 2475 3081 καὶ
2503 3028 2590 3080 διὰ
2619 3027 2778 3080 τοῦτο
2811 3028 3212 3098 Σανταὸαρινδς
3239 3025 3592 3095 παρωνύμως
3622 3023 3714 3078 ὑπό

2158 3136 2320 3171 τινων
2344 3118 2836 3188 ὲπονομαςόμενος,
2888 3117 3178 3182 διεδέξατο.
3229 3117 3446 3183 ὐνπερ
3494 3113 3718 3166 ἐνιαυτὸν

2159 3213 2278 3265 ὅλον
2302 3211 2819 3282 άντιπροσωποῦντα
2847 3210 2910 3263 τὸ
2942 3211 3323 3280 μοναστήριον,
3353 3209 3381 3260 ὁ
3413 3210 3477 3259 ἐκ
3519 3205 3714 3272 Καλλη-

2161 3304 2397 3376 στράτου
2446 3304 2624 3366 Σάϐας
2703 3301 3126 3374 χειροτονηθεὶς,
3179 3300 3340 3354 αὑτὸν
3405 3299 3715 3368 διαδέχεται,

2164 3395 2414 3466 μαθητὴς
2445 3395 2708 3468 ὑπάρχων
2740 3393 2834 3448 τοῦ
2864 3395 2962 3465 τὴν
2985 3392 3400 3465 ἀρχιερωσύνην
3427 3393 3548 3445 τότε
3595 3406 3713 3461 κρα-

2159 3489 2398 3552 τοῦντος.

2241 3580 2571 3635 Ἐπταετίαν
2592 3579 2648 3632 δὲ
2679 3579 2774 3632 τοῦ
2807 3580 3046 3650 μεγάλου
3086 3579 3296 3650 Πατρδς
3351 3576 3622 3630 Νικολάου
3664 3569 3716 3624 ἂν

2165 3671 2241 3742 τῷ
2267 3675 2406 3743 προῤ
2415 3671 2631 3742 ῥηθέντι
2648 3670 2798 3740 τόπῳ
2814 3671 3203 3741 διαμείῦοντος,
3224 3672 3315 3723 καὶ
3334 3672 3458 3732 ταῖς
3473 3667 3718 3734 ἀνάγκαις

2157 3763 2256 3834 τῆς
2279 3766 2518 3833 φύσεως,
2556 3764 2649 3815 καὶ
2677 3765 2824 3838 αὐτῷ
2859 3764 2935 3835 τῷ
2963 3766 3108 3836 γήρᾳ
3167 3761 3714 3834 συγκακουχούμενοςο

1639 3895 1889 3954 FRANC.
1918 3897 2311 3956 COMBEFISII
2345 3900 2575 3958 NOTAE.

563 4021 679 4090 ('53)
716 4015 1114 4090 Προικόννησον
1147 4017 1339 4090 se_ribit
1388 4015 1735 4090 Ptolomzpus,
1783 4015 2063 4090 voluitque

491 4084 628 4162 puto
659 4084 865 4162 Noster
893 4089 1153 4162 scribere.
1183 4084 1280 4162 _Est
1315 4087 1660 4162 Propontidis
1709 4086 1895 4162 insula
1939 4093 2063 4162 ante

490 4155 775 4234 Cyzicum.
794 4155 1054 4234 __M_ityleue
1075 4156 1233 4234 Lesbi
1256 4158 1583 4234 oppidum,a
1612 4170 1723 4234 quo
1747 4165 1857 4208 tota
1886 4155 2062 4208 insula

493 4226 576 4288 sic
603 4234 744 4286 dicta
791 4229 910 4280 fuit.
965 4229 1139 4291 Quam
1184 4226 1417 4292 denique
1458 4228 1610 4297 ponit
1659 4226 2061 4297 Qlierronesum

494 4319 590 4358 seu
629 4299 992 4370 peninsulam,
1032 4299 1278 4370 inquam
1309 4295 1526 4352 tandem
1559 4297 1642 4350 vir
1678 4295 1779 4370 Dei
1807 4297 2066 4370 reductus

496 4383 589 4436 εει,
623 4367 796 4441 ipsam
833 4381 962 4438 puto
1007 4367 1928 4441 vicinam_Acrapromontorio,__in
1959 4381 2067 4433 qua

2165 4019 2418 4073 habuerit
2439 4018 2504 4072 ad
2533 4019 2744 4074 Patrem
2778 4015 3083 4083 Nicolaum,
3109 4032 3173 4071 ac
3191 4016 3387 4070 fratres
3414 4015 3714 4076 Studianos.

2165 4089 2566 4156 incompertum
2607 4098 2710 4142 est.
2762 4089 2951 4142 Putem
3003 4103 3199 4141 omnes
3267 4089 3353 4141 hic
3421 4090 3716 4144 nominatos

2166 4169 2360 4229 praeter
2392 4170 2754 4227 prostrcmum
2785 4159 2983 4212 Sabam
3032 4158 3208 4212 Pbotii
3241 4157 3597 4226 discipulum,
3632 4160 3715 4213 de-

2166 4240 2323 4283 votos
2365 4230 2514 4283 Patri
2563 4231 2754 4292 fuisse,
2792 4246 2856 4283 ac
2905 4231 2949 4282 si
2982 4229 3110 4297 quid
3163 4229 3574 4283 communionis
3611 4230 3716 4284 labe

2168 4316 2290 4354 cum
2317 4299 2511 4355 Photio
2539 4301 2720 4354 infeCIi
2756 4300 2994 4360 fuerunt,
3034 4299 3227 4352 timore
3260 4302 3440 4368 potius
3470 4302 3714 4363 humano,

2171 4387 2334 4440 quam
2358 4371 2481 4424 odio
2511 4371 2563 4424 in
2585 4371 2848 4440 Ignatium
2874 4372 2952 4424 vel
2975 4370 3255 4424 Nicolaum
3276 4370 3325 4422 id
3364 4371 3715 4426 commisisse.

497 4435 1006 4522 Iberidorus'diem
1027 4439 1185 4522 obiit.
1238 4437 1399 4518 Plura
1434 4440 1553 4519 lora
1588 4437 1673 4522 sic
1698 4435 2063 4522 appellantur.
2101 4435 2335 4522 D’Forte
2367 4435 2922 4522 veropr-ar'posituram
2952 4442 3199 4522 inierunt.
3235 4441 3310 4522 sic
3341 4442 3490 4493 velut
3521 4441 3714 4522 vicarii,

496 4513 683 4568 Potuit
715 4511 794 4565 sic
826 4507 1010 4563 reduci
1041 4524 1070 4561 a
1111 4507 1306 4562 Pbotio
1340 4522 1405 4560 ac
1450 4509 1797 4576 imperatore,
1831 4516 1887 4560 ut
1945 4506 2066 4559 urbi

497 4585 738 4638 vicinum
790 4580 1107 4649 diligentius
1159 4579 1536 4649 observarent,
1589 4591 1653 4630 ac
1699 4577 1906 4649 aliquid
1968 4591 2066 4645 pro

497 4653 709 4723 lgnatio
733 4648 909 4704 moliri
939 4649 1292 4723 prohiberent
1318 4667 1330 4702 :
1360 4648 1497 4723 forte
1520 4661 1644 4701 vero
1661 4649 1802 4723 quod
1839 4648 2064 4723 Romam

498 4719 872 4782 accessurum,
903 4734 1079 4786 coque
1105 4719 1319 4786 lguatii,
1345 4735 1406 4774 ac
1440 4719 1487 4771 ei
1521 4719 2066 4780 communicantium,

501 4795 678 4847 virum
705 4799 870 4844 tanta:
898 4790 1264 4852 auctoritatis,
1293 4789 1543 4858 querelas
1569 4789 1877 4842 delaturum
1911 4789 2068 4841 time-

499 4874 646 4918 rent.
691 4863 782 4914 Sic
813 4860 995 4913 conati
1046 4870 1175 4914 sunt
1213 4859 1584 4914 Treoctistum
1643 4873 1919 4922 revocare,
1969 4873 2065 4910 ceu

503 4949 656 4988 reum
685 4931 1008 5000 maiestatis,
1039 4948 1161 4985 cum
1189 4932 1278 4984 ille
1305 4947 1400 5000 pro
1424 4930 1627 5002 lgnatio
1651 4928 1838 4983 Roma:
1863 4937 2066 4998 ageret,

501 5013 560 5059 ut
589 5015 672 5059 est
703 5007 754 5056 in
791 5002 1037 5071 epistolis
1079 5004 1146 5057 ad
1182 5003 1486 5056 bicolaum.

570 5077 682 5144 (54)
727 5069 852 5126 Fuit
891 5074 992 5126 iste
1028 5073 1217 5144 procul
1249 5075 1415 5126 dubio
1447 5071 1744 5144 cpiscopus
1769 5085 1799 5124 a
1850 5069 2065 5135 Pbotio,

499 5146 551 5199 id
581 5141 845 5215 temporis
886 5141 1230 5214 tyrannidem
1278 5141 1602 5209 exercente;
1642 5141 1784 5215 unde
1821 5158 1924 5196 non
1954 5144 2070 5215 pla-

498 5227 605 5280 cet,
661 5213 806 5285 quod
855 5213 982 5268 cum
1031 5227 1236 5285 auctor_
1283 5213 1794 5285 paulorsupcrius,
1828 5227 1954 5267 cum
1997 5214 2071 5267 ait

498 5281 742 5341 creatum
809 5287 1164 5355 pracpositum
1212 5281 1391 5338 Studii
1427 5281 1872 5355 ejecto_Nicolao
1932 5300 2067 5353 χρη-

499 5358 622 5409 στὸν
657 5360 769 5419 τοῖς
809 5353 1033 5427 ῖιρόποις
1067 5356 1426 5427 πανταχόθεν,
1461 5353 1686 5427 asserit,
1726 5358 1896 5406 virum
1926 5355 2071 5407 omni

493 5439 644 5498 parte
696 5425 929 5481 moribus
979 5432 1282 5496 probatura.
1334 5425 1404 5480 Ut
1451 5427 1522 5478 ila
1579 5426 1838 5498 probatus
1893 5434 2069 5498 esset,

498 5495 603 5554 non
641 5501 721 5554 sic
750 5495 1134 5569 l'acilc'a'viro
1169 5512 1478 5569 grassatore
1528 5495 1738 5569 iteratis
1771 5496 2069 5569 honoribus

495 5584 690 5626 auctus
721 5579 888 5625 esset.
932 5568 1024 5624 Vel
1068 5574 1146 5624 sic
1174 5566 1347 5622 voluit
1393 5583 1610 5636 angere,
1655 5568 1830 5618 virum
1865 5566 2070 5634 alioqui

495 5658 704 5711 magna:
757 5643 1220 5703 existimationis,
1279 5655 1342 5692 ac
1388 5655 1416 5692 a
1469 5637 1692 5711 Nicolao
1742 5637 2068 5711 secundum,

495 5724 552 5766 ut
580 5709 690 5768 Sua:
727 5713 947 5767 factioni
986 5713 1297 5784 pl'iBSldilllll
1329 5718 1615 5784 quaereret.
1651 5709 1876 5784 Quidgin
1913 5717 2067 5760 utro-

489 5803 593 5856 quc
626 5791 816 5858 gradu,
856 5799 956 5855 pro
987 5781 1096 5840 aut
1125 5795 1313 5841 contra
1361 5783 1628 5853 lgnatium
1673 5781 1867 5850 egerit,
1901 5788 2066 5850 utque

2171 4527 2234 4564 ac
2267 4527 2334 4565 ne
2374 4511 2502 4578 quid
2555 4513 2777 4580 gravius
2837 4511 3065 4564 fratrum
3105 4510 3368 4564 sodalitas
3402 4527 3498 4580 per
3525 4510 3715 4564 Nieolai

2167 4581 2470 4635 absentiam
2516 4579 2810 4650 pateretur,
2853 4582 2935 4634 vel
2978 4583 3095 4648 ipso
3133 4579 3412 4650 annuente
3457 4579 3714 4635 Nicolao:

2168 4653 2330 4720 idque
2362 4649 2605 4705 videatur
2635 4660 2826 4705 auctor
2861 4651 3090 4704 innuere
3121 4651 3173 4702 in
3221 4649 3512 4704 Theodoro
3540 4651 3720 4704 Santa-

2169 4722 2380 4787 barino,
2444 4737 2568 4775 cum
2633 4721 3156 4790 ἁντιπροσωποῦντα
3210 4723 3268 4772 τὸ
3330 4727 3716 4790 μοναστήριον,

2169 4809 2262 4860 per
2287 4808 2490 4845 annum
2527 4792 2666 4857 intcg
2679 4807 2817 4852 rum,
2843 4806 3216 4846 successtirem
3241 4791 3502 4847 habuisse
3527 4807 3720 4846 mento-

2171 4877 2251 4915 rat
2287 4864 2482 4916 Sabam
2529 4861 2705 4915 l’liotii
2759 4863 3087 4930 discipulum
3151 4878 3164 4913 :
3223 4873 3282 4915 ut
3329 4863 3464 4924 alii,
3523 4860 3716 4915 Nicolai

2167 4933 2415 4999 discipuli
2467 4932 2701 4999 fuerint;
2744 4932 2917 4986 Sabas
2967 4933 3167 4987 Photii.
3199 4931 3418 4986 Nacolia
3473 4934 3600 4986 urbs
3646 4941 3720 4984 est

2169 5001 2464 5057 Ptolotntco
2511 5019 2576 5056 ac
2619 5003 2874 5057 Straboni
2942 5019 3152 5072 magna:
3199 5002 3464 5073 Phrygiae.
3522 5003 3577 5055 lu
3629 5017 3716 5073 vni

2167 5078 2375 5143 synodo
2397 5074 2738 5142 subscriptus
2773 5075 3018 5133 habt-tur,
3045 5071 3277 5126 'Pliotius
3308 5071 3581 5139 cpiscopus
3615 5071 3718 5124 Na-

2170 5145 2310 5198 talia:
2348 5159 2364 5196 :
2396 5159 2459 5198 ac
2492 5143 2658 5197 videri
2701 5146 2871 5211 possit
2897 5145 3244 5198 scribendum
3284 5143 3547 5210 Nacoliu',
3605 5153 3719 5196 cum

2169 5216 2256 5268 vix
2295 5215 2400 5268 ulla
2437 5218 2610 5284 possit
2644 5214 2908 5283 assignari
2945 5216 3072 5268 urbs
3114 5214 3348 5268 Natolia.
3375 5215 3512 5278 Quia
3551 5226 3716 5266 tamen

2169 5296 2383 5339 constat
2432 5301 2500 5339 ex
2531 5286 2824 5338 Anastasio
2853 5285 3001 5339 solos
3049 5296 3262 5340 veteres
3304 5291 3614 5354 episcopos,
3661 5296 3720 5334 ac

2171 5358 2272 5409 sub
2304 5356 2426 5410 aliis
2476 5356 2804 5425 patriarcbis
2843 5356 3147 5419 ordinatos,
3185 5357 3454 5410 admzssos
3495 5370 3617 5409 esse
3668 5361 3720 5403 ut

2171 5427 2582 5481 subscriberent
2604 5430 2834 5494 synodo,
2871 5443 2968 5479 nec
2998 5426 3236 5480 Achillas
3265 5427 3608 5479 subscribere
3627 5438 3720 5494 p01

2171 5499 2293 5559 tuit,
2331 5513 2430 5550 nec
2470 5498 2514 5551 si
2567 5490 2726 5566 quem
2763 5496 3013 5561 l’hotius,
3047 5514 3112 5550 co
3152 5498 3289 5550 forte
3331 5490 3720 5557 defunctopilli

2172 5568 2474 5621 substituit.
2507 5565 2739 5638 Sit’ergo
2766 5568 2979 5638 Natolia
3017 5569 3303 5637 peculiaris
3332 5567 3549 5638 civitas,
3589 5565 3719 5638 forte

2173 5638 2225 5691 in
2262 5640 2389 5692 Asia
2434 5638 2650 5699 Minori,
2680 5636 2843 5708 quam
2870 5636 3061 5692 'l'urca:
3090 5655 3153 5694 ac
3176 5639 3419 5693 moderui
3450 5636 3714 5708 Natoliatn

2173 5724 2369 5763 vocant
2397 5727 2409 5762 :
2437 5710 2582 5762 velut
2614 5704 2792 5762 tbe'ma
2824 5711 3110 5776 orientale,
3149 5727 3210 5766 ac
3234 5709 3376 5781 quod
3405 5704 3716 5763 orientalior

2173 5781 2242 5836 sit
2275 5781 2770 5850 Constantinopoli.
