3978 6598
258 496 366 563 913

1392 497 1570 559 VITA
1612 499 1670 558 S.
1712 497 2020 560 NICOLAI
2057 497 2428 560 STUDITIE.

3412 491 3517 556 9H

257 611 480 680 δέσμιος
501 608 653 664 ἔνθεν
675 608 780 663 ὑπὸ
819 608 912 664 τοῦ
969 610 1246 682 Καίσαρος
1297 609 1436 682 πρὸς
1495 613 1594 683 τὴν
1645 611 1840 665 ἑαυτοῦ

1964 613 2116 682 psius
2137 612 2414 667 reducitur
2445 608 2860 671 monasterium,
2881 621 2985 676 prae
2997 605 3217 674 latoque
3238 604 3305 658 Sa
3318 603 3397 658 ba:
3414 615 3527 658 tra-

266 701 434 772 μονὴν
460 701 811 768 ἐπανάγεται,
841 701 932 756 καὶ
971 701 1047 772 τῷ
1077 701 1442 774 προῤῥηθέντι
1463 702 1613 773 Σάϐα
1658 720 1842 773 παρα-

257 795 437 857 δοθεὶς
464 836 479 860 ,
547 794 878 866 ἐμφρούριος
935 795 1428 850 ἐναποκαθίσταται
1467 795 1560 848 ἐπὶ
1621 795 1715 850 δύο
1746 796 1839 865 ἔτη

259 883 620 953 ἁπρονόητος,
657 886 714 936 ἐν
735 886 965 954 τηρήσει
985 885 1150 955 πολλῇ
1168 886 1679 957 διαφυλαττόμενος.
1701 887 1843 941 Ἀλλ’

261 975 455 1044 ἐπειδὴ
499 980 557 1030 al
583 975 702 1029 τῶν
725 977 1089 1046 ἁμαρτωλῶν·
1113 978 1240 1032 ὁδοί
1268 979 1593 1044 σκοτειναὶ,
1621 980 1717 1033 καί
1734 981 1846 1034 οὐκ

262 1065 465 1121 οἴδασι
496 1066 616 1129 πῶς
641 1070 1138 1136 προσκόπτουσιν
1165 1087 1180 1103 ·
1215 1070 1299 1124 ἴνα
1325 1073 1446 1124 κατ’
1506 1071 1676 1141 ἄμφω
1733 1074 1846 1127 τοῖν

261 1158 410 1210 δυοῖν
447 1160 749 1229 Καισάροιν
805 1162 910 1214 ὑπὸ
941 1162 1034 1215 τοῦ
1074 1162 1221 1215 ὁσίου
1275 1163 1648 1235 προφητευθέν
1695 1163 1847 1228 τέλος

262 1251 770 1321 προκαταλάϐηται,
800 1254 891 1306 ἐπὶ
912 1255 1136 1325 Κρήτην
1160 1257 1188 1309 6
1227 1255 1360 1322 ἄναξ
1406 1256 1625 1329 Μιχαὴλ
1653 1259 1747 1312 σὺν
1770 1258 1846 1330 τῷ

262 1345 506 1415 Καίσαρι
549 1347 691 1399 κατὰ
748 1347 836 1400 τοῦ
883 1347 1108 1418 Ἰσμαὴλ
1140 1349 1632 1419 ἐκστρατεύουσιν·
1666 1351 1846 1404 ἐκεϊσέ

259 1453 325 1490 τε
346 1439 486 1491 κατὰ
512 1437 611 1507 τὴν
641 1437 757 1491 ὁδὸν
789 1440 1148 1510 ἐπιμανέντες
1179 1441 1426 1512 ἀλλήλοις
1460 1442 1561 1513 (55
1581 1443 1622 1514 ),
1648 1445 1676 1496 ό
1703 1445 1845 1498 Καῖ-

263 1544 373 1597 σαρ
427 1529 834 1594 ἐπιϐουλευθεὶς
883 1532 1135 1596 ἐλεεινῶς
1175 1535 1232 1586 ἐν
1287 1535 1534 1606 μαχαίρᾳ
1588 1535 1843 1607 διαμερι·

264 1622 417 1684 σθεὶς
446 1624 910 1690 κατασφάττεται.
962 1625 1020 1679 '0
1049 1626 1104 1679 δὲ
1156 1627 1522 1696 ὑποστρέψας,
1584 1632 1644 1681 οὐ
1708 1628 1847 1698 μετὰ

260 1713 402 1766 πολὺ
439 1715 708 1778 καὶαὺτὸς
728 1717 924 1786 ἐπίσης
947 1717 1140 1788 ἐκείνῳ
1171 1719 1268 1788 τῆς
1297 1719 1466 1788 ὀργῆς
1490 1719 1551 1772 τὸ
1587 1720 1847 1791 ποτήριον

263 1807 524 1860 πέπωκεν
543 1847 558 1872 ,
593 1809 652 1862 ἓν
672 1810 766 1862 καὶ
793 1808 854 1861 τὸ
884 1809 1016 1862 αὐτὸ
1038 1810 1190 1874 τέλος
1213 1809 1353 1863 κατὰ
1382 1811 1480 1882 τὴν
1506 1809 1600 1866 τοῦ
1633 1813 1847 1867 δικαίου

260 1901 530 1971 πρότασιν
560 1901 952 1972 ἐφευράμενος.

1948 703 2116 770 ditus,
2131 704 2183 757 in
2197 718 2413 758 carcere
2427 701 2492 756 ad
2513 700 2815 765 biennium,
2835 698 3072 752 maximo
3085 696 3332 765 corporis
3349 695 3527 765 negle-

1947 805 2060 860 ctu,
2093 795 2448 865 diligentiquc
2481 794 2774 848 admodum
2801 791 3073 854 custodia,
3121 799 3358 844 tenetur.
3384 787 3526 854 Quia

1948 889 2303 944 nihilominus
2319 887 2757 956 peccatorumvia:
2776 884 3059 939 tenebrosm
3082 892 3227 947 sunt,
3245 898 3336 936 nec
3355 882 3528 937 sciunt

1947 980 2204 1053 quomodo
2234 981 2504 1049 offendunt
2538 981 2605 1012 "'
2629 997 2643 1044 ;
2666 994 2774 1049 quo
2811 978 2932 1031 linis
2955 992 2983 1030 a
3039 975 3242 1030 Sancto
3302 975 3354 1028 in
3389 974 3530 1028 duos

1946 1074 2187 1130 Czcsares
2206 1073 2596 1143 praenuntiatus
2610 1083 2737 1126 tunc
2755 1071 2988 1140 primum
3002 1066 3531 1137 occuparet,junctis

1948 1166 2120 1236 copiis
2138 1166 2434 1234 imperator
2461 1163 2689 1217 Michael
2707 1178 2771 1216 ac
2791 1161 2992 1224 Caesar,
3014 1162 3067 1215 in
3097 1159 3313 1215 Cretam
3340 1159 3532 1214 adver-

1948 1276 2043 1316 sus
2075 1259 2356 1314 lsmaelem
2392 1257 2693 1311 exercitum
2720 1255 2992 1309 educunt:
3038 1261 3268 1322 tumque
3326 1251 3379 1306 in
3444 1251 3528 1304 via

1949 1364 2140 1407 mutuo
2165 1352 2218 1405 in
2245 1365 2304 1406 se
2336 1348 2518 1404 furore
2534 1347 2822 1403 concitatis
2841 1386 2856 1411 ,
2887 1345 3071 1400 Caesar
3092 1344 3308 1400 insidiis
3326 1343 3534 1412 appeti-

1950 1454 2059 1510 tus,
2082 1444 2281 1499 misere
2310 1441 2489 1512 gladio
2517 1438 3108 1509 dissectusjugulatur.
3142 1436 3416 1490 Reversus
3437 1450 3533 1487 au-

1950 1547 2056 1593 tem
2091 1537 2202 1602 ille,
2252 1535 2401 1590 brevi
2433 1544 2487 1590 et
2521 1533 2636 1602 ipse
2693 1532 2917 1602 perinde
2959 1529 3186 1584 calicem
3234 1526 3326 1581 ira'
3375 1525 3531 1588 bibit,

1950 1647 2120 1687 unum
2153 1630 2534 1698 eumdemque,
2555 1627 2708 1695 juxta
2733 1625 2878 1696 quod
2904 1624 2982 1679 vir
3005 1623 3190 1693 justus
3205 1619 3530 1692 pronuntia-

1952 1735 2056 1792 rat,
2091 1725 2375 1781 inveniens
2415 1722 2597 1778 linem.

338 1993 450 2046 Καὶ
483 1991 684 2056 εὐθέως
713 1995 975 2063 ὁΚαῖσαρ
1015 1993 1288 2058 Βισίλειος
1321 1995 1388 2049 τὰ
1411 1995 1521 2049 τῶν
1558 1995 1849 2065 Ῥωμαίων

2024 2003 2146 2059 Mox
2179 2018 2307 2058 vero
2333 2001 2566 2057 Basilius
2587 1999 2768 2056 Caesar
2795 1999 3029 2056 Romani
3069 1997 3282 2068 imperii
3315 2007 3534 2068 sceptra

265 2088 526 2158 σκῆπτρα
557 2087 1026 2158 μεταχειρίζεται·
1053 2087 1110 2151 ὃς
1146 2088 1296 2158 ίερὰν
1328 2088 1580 2156 γενέσθαι
1634 2089 1851 2143 σύνοδον

263 2180 844 2251 παρακελευσάμενος,
885 2180 1024 2250 μετὰ
1064 2181 1124 2234 τὸ
1167 2181 1463 2236 ἀποδοῦναι
1516 2182 1609 2236 τὸν
1650 2184 1852 2237 οἰκεῖον

266 2273 374 2342 τῆς
436 2272 849 2342 ἀρχιερωσύνης
880 2271 1069 2344 θρόνον
1124 2273 1215 2327 τὸν
1278 2273 1536 2346 θεοφόρον
1591 2277 1852 2345 Ἰγνάτιον

263 2362 387 2434 [πρ.
417 2363 495 2432 τῷ
529 2363 775 2434 θεοφόρῳ
826 2365 1124 2437 Ἰγνατίῳ],
1167 2367 1505 2438 ἐπιζητήσας
1531 2368 1623 2422 τὸν
1673 2369 1852 2423 κοινὸν

265 2455 430 2526 ἡμῶν
449 2457 686 2528 Πατέρα,
709 2457 915 2528 καὶτῆς
936 2459 1264 2530 Ἐκκλησίας
1283 2462 1546 2532 φωστῆρα
1562 2462 1852 2528 Νικόλαον,

265 2553 568 2619 κατασχεῖν
622 2551 924 2618 παρεκάλει
983 2551 1080 2605 καὶ
1119 2552 1283 2606 αὑτὸν
1327 2553 1388 2605 τὸ
1435 2554 1635 2607 οἰκεῖον
1682 2554 1852 2608 αὐτοῦ

269 2643 639 2712 μοναστήριον
665 2658 678 2672 ·
706 2643 1165 2712 συμπρεσϐευτήν
1224 2646 1283 2697 ἐν
1333 2645 1511 2716 τούτῳ
1597 2645 1733 2717 πρὸς
1754 2647 1854 2715 τὴν

267 2735 625 2806 παράκλησιν
681 2736 775 2790 καὶ
797 2735 888 2789 τὸν
917 2721 1179 2807 ἀρχιερέα
1229 2738 1647 2808 ἐπιφερόμενος.
1713 2739 1771 2791 ’0
1797 2738 1854 2792 δέ

264 2827 545 2880 ἀπωθεῖτο
565 2827 666 2898 τὴν
697 2826 952 2897 τοιαύτην
991 2829 1302 2899 ἐγχείρησιν
1335 2827 1456 2900 μεθ.
1489 2829 1788 2900 ἐγχείρισιν
1807 2827 1852 2901 ],

267 2920 377 2988 τήν
401 2935 456 2971 τε
481 2918 576 2972 τοῦ
617 2921 802 2990 γήρως
833 2919 1153 2990 ἀδυναμίαν,
1185 2920 1279 2974 καὶ
1305 2920 1405 2991 τὴν
1447 2921 1510 2974 ἐκ
1548 2920 1657 2973 τῶν
1722 2937 1856 2990 προ-

267 3011 642 3080 ηγησαμένων
693 3011 752 3063 ἐν
830 3011 981 3081 αὐτῷ
1037 3012 1328 3082 συντριϐὴν
1387 3012 1850 3082 προϐαλλόμενος.

274 3104 484 3170 Ἔχεις
507 3120 602 3171 με,
647 3104 835 3174 φησιν,
877 3099 1226 3169 ὦβασιλεῦ,
1257 3105 1380 3159 σὺν
1407 3104 1612 3172 πολλῇ
1633 3109 1852 3173 προθυο

261 3196 402 3264 μία,
435 3195 511 3261 ὡς
541 3193 619 3250 ἂν
636 3195 930 3260 κελεύοις,
971 3196 1123 3250 κατὰ
1167 3196 1366 3250 πάντα
1412 3197 1493 3260 τῷ
1522 3195 1614 3263 σῷ
1641 3199 1858 3266 ὑπηρε-

268 3287 499 3343 τοῦντα
524 3289 1007 3358 θελήματιοάλλὰ
1036 3290 1134 3344 καὶ
1157 3290 1273 3358 τὴν
1301 3292 1650 3360 παρῤησίαν
1673 3309 1737 3345 τε
1759 3292 1854 3346 καί

269 3380 636 3450 ἀποστολὴν
653 3380 970 3437 ἀκώλυτον
995 3379 1148 3437 εἶναι
1169 3384 1650 3452 παρακελεύομαι
1674 3399 1687 3413 ’
1707 3383 1859 3453 μέγα

268 3469 489 3538 κέρδος
519 3472 876 3541 ἡγούμενος,
934 3474 1001 3528 τὸ
1053 3475 1174 3530 ὑπὸ
1219 3475 1332 3544 τῆς
1372 3475 1494 3544 σῆς
1537 3478 1856 3544 ὁσιότητος

266 3561 708 3630 δηλοποεῖσθαί
729 3584 794 3621 τε
819 3568 914 3621 καί
945 3567 1436 3623 ἐπισκέπτεσθαι.
1477 3569 1568 3622 Ἐν
1596 3569 1804 3632 τούτοις
1831 3572 1858 3622 ὁ

266 3657 412 3724 ἄναξ
443 3659 974 3732 φιλοφρονησάμενος
1001 3660 1091 3715 τὸν
1114 3663 1404 3732 μακάριον,
1429 3661 1523 3715 καὶ
1536 3662 1728 3726 πείσας
1760 3663 1858 3732 τὴν

273 3752 416 3806 ἰδίαν
440 3752 612 3825 ἀρχὴν
633 3753 1011 3818 ἀναδέξασθαι,
1076 3757 1174 3806 σὺν
1229 3755 1468 3828 θυμηδίᾳ
1517 3755 1686 3828 πολλῇ
1745 3756 1854 3809 τῶν

1954 2095 2289 2150 moderanda
2324 2094 2585 2163 suscipit;
2611 2093 2922 2163 jubensque
2945 2106 3158 2148 sacram
3207 2090 3324 2146 ﬁeri
3370 2106 3539 2162 syno-

1954 2188 2107 2255 dum,
2141 2196 2264 2256 post
2318 2187 2585 2242 redditam
2633 2185 2843 2254 lgnatio
2899 2184 3268 2254 pontiﬁcalem
3325 2185 3534 2249 sedem,

1954 2294 2204 2350 quaerens
2231 2294 2580 2333 communem
2610 2287 2861 2334 nostrum
2909 2278 3126 2334 Patrem
3164 2292 3230 2332 ac
3283 2275 3541 2332 Ecclesiae

1953 2374 2138 2429 lumen
2172 2370 2479 2436 Nicolaum,
2513 2371 2863 2435 obsecrabat,
2897 2379 2955 2425 ut
2980 2371 3170 2440 ctipse
3217 2368 3536 2426 monasterii

1956 2467 2040 2521 sui
2065 2482 2253 2522 curam
2283 2467 2569 2536 reciperet,
2595 2481 2699 2518 una
2725 2480 2910 2521 secum
2937 2463 3340 2520 obsecrationis
3365 2463 3541 2516 inter-

1955 2574 2230 2615 ccssorem
2255 2559 2568 2630 episcopum
2603 2557 2888 2614 adhibens.
2924 2558 2993 2612 At
3026 2557 3138 2621 ille,
3168 2555 3529 2612 commissum

1957 2666 1987 2705 a
2023 2666 2082 2706 se
2112 2665 2313 2705 munus
2348 2649 2623 2719 rejiciens,
2648 2665 2772 2704 cum
2808 2647 3016 2704 allectat:
3041 2647 3339 2703 senectutis
3367 2645 3542 2717 impo.

1956 2740 2182 2795 tentiam
2217 2738 2568 2802 causabatur,
2597 2746 2712 2792 tum
2746 2737 2815 2792 ab
2846 2737 2934 2802 iis,
2961 2736 3056 2807 Qui
3090 2736 3201 2792 illic
3257 2737 3546 2807 praﬂ'ectu-

1959 2845 2074 2886 ram
2107 2829 2430 2900 gessissent,
2455 2828 2766 2884 exantlatos
2784 2826 3000 2883 labores
3044 2835 3213 2898 atque
3235 2827 3542 2882 molestias.

1962 2921 2162 2988 Habes,
2195 2920 2396 2991 inquit,
2449 2922 2763 2988 imperator,
2800 2919 2870 2974 ad
2915 2920 3096 2974 omnia
3152 2936 3272 2991 quae
3319 2920 3546 2990 jusseri:

1959 3015 2128 3069 multa
2155 3015 2435 3069 alacritate
2462 3024 2568 3068 tua:
2592 3015 2836 3068 devotum
2880 3015 3140 3069 uoluntati
3165 3028 3184 3066 ε
3227 3031 3401 3068 rerum
3443 3033 3475 3068 α
3499 3023 3548 3070 te

1959 3121 2122 3159 unum
2179 3106 2275 3159 hoc
2332 3122 2479 3172 rogo,
2545 3115 2600 3158 ut
2674 3121 2738 3159 ne
2791 3105 3092 3158 libertatem
3144 3120 3207 3157 ac
3276 3103 3548 3158 dimissio-

1959 3215 2078 3254 nem
2101 3215 2270 3254 meam
2303 3200 2589 3268 impedias;
2620 3199 2705 3253 cui
2732 3198 2910 3268 magni
2945 3198 3084 3251 lucri
3111 3197 3417 3268 compendio
3453 3214 3547 3251 ac-

1961 3295 2130 3359 cedat,
2149 3304 2205 3348 ut
2237 3311 2269 3347 ιι
2293 3303 2385 3346 tua
2415 3295 2696 3348 sanctitate
2724 3293 3030 3361 manifester
3051 3308 3113 3346 ac
3140 3301 3408 3362 protegar.
3444 3291 3550 3348 De-

1966 3400 2112 3440 mum
2146 3386 2442 3450 imperator
2463 3385 2727 3440 benevole
2753 3384 2931 3440 virum
2967 3385 3186 3439 beatum
3242 3385 3550 3454 excipiens,

1964 3494 2029 3534 ac
2066 3478 2400 3549 persuadens
2428 3478 2673 3548 pristinae
2702 3476 3041 3548 praefecturae
3088 3493 3292 3534 munus
3350 3476 3550 3531 etiam-

1966 3586 2094 3625 num
2127 3571 2300 3636 obire,
2338 3571 2504 3638 multa
2529 3570 2697 3624 animi
2725 3571 3010 3640 voluptate
3030 3571 3100 3625 ab
3122 3570 3249 3626 aula
3282 3569 3493 3624 remisit
3521 3584 3538 3622 :

1967 3679 2282 3734 quanquam
2307 3663 2470 3718 etiam
2517 3663 2583 3718 ad
2613 3677 2673 3718 se
2720 3663 2970 3720 crebrius
3033 3663 3370 3730 accersebat,
3430 3661 3552 3733 ejus

1968 3755 2242 3826 impendio
2274 3755 2622 3824 simplicitate
2648 3755 2896 3812 allectus.

271 3846 565 3915 βασιλείων
603 3846 1007 3912 ἐξαπέστειλεν,
1033 3849 1081 3901 εί
1114 3849 1206 3902 καὶ
1237 3849 1470 3919 μάλιστα
1501 3849 1838 3920 συχνοτέρως
1877 3849 2013 3919 πρὸς
2076 3848 2266 3902 ἐαυτὸν
2332 3848 2736 3919 μετεστέλλετο,
2778 3849 3042 3920 ἡδόμενος
3071 3848 3235 3903 αὑτοῦ
3268 3852 3334 3921 τῇ
3382 3848 3551 3903 ἁπλό-

267 3959 420 4014 τητι.

358 4037 502 4092 Ἀλλ’
521 4035 754 4090 ἐνταῦθα
789 4035 996 4090 δίκαιον
1045 4037 1232 4109 ᾠήθην
1281 4038 1369 4091 διὰ
1413 4038 1680 4108 βραχέων,
1747 4040 1857 4099 τοῖς

272 4131 462 4195 πόνοις
487 4130 679 4185 τούτου
708 4131 808 4202 τὴν
834 4131 1170 4202 ἐπικαρπίαν
1194 4133 1543 4202 προσενεῖραι
1565 4132 1643 4202 τῷ
1663 4131 1856 4201 διηγήο

276 4241 433 4295 ματι,
493 4224 587 4278 καὶ
633 4225 806 4294 μικρά
854 4241 976 4278 τινα
1040 4224 1148 4277 τῶν
1177 4225 1340 4277 αὑτοῦ
1373 4223 1671 4292 θαυμάτων
1723 4223 1858 4277 ὑπο-

279 4316 484 4386 μνῆσαι
513 4319 622 4378 τοῖς
654 4316 1041 4386 ἐντυγχάνουσι
1074 4333 1088 4346 ο
1141 4316 1218 4380 ὼς
1252 4317 1318 4370 ἂν
1377 4316 1562 4386 ἄρτιον
1619 4315 1706 4384 εἴη
1757 4316 1859 4385 τῆς

275 4409 612 4477 ὑφηγήσεως
650 4408 712 4461 τὸ
748 4407 1049 4477 ὠφέλιμον.
1099 4409 1159 4461 El
1206 4407 1316 4479 γὰρ
1339 4409 1432 4462 καὶ
1461 4407 1680 4476 σημεῖα
1732 4408 1860 4475 τοῖς

275 4504 580 4568 ἀπίστοις,
613 4502 688 4564 ὡς
718 4502 1060 4573 γέγραπταιδ
1090 4501 1206 4554 ἀλλ’
1228 4497 1320 4556 οὖν
1340 4503 1420 4566 είς
1454 4501 1679 4570 μείζονα
1702 4501 1861 4566 δόξαν

2039 4035 2138 4090 llic
2167 4034 2446 4089 enimvero
2479 4047 2658 4103 operae
2691 4035 2924 4104 pretium
2961 4035 3114 4101 duxi,
3143 4035 3284 4090 beati
3321 4035 3424 4089 viri
3472 4036 3554 4091 la-

1965 4127 2190 4182 boribus
2248 4127 2414 4182 etiam
2447 4135 2848 4196 consequentes
2895 4126 3108 4198 fructus
3166 4126 3316 4182 brevi
3360 4131 3551 4183 narra-

1961 4222 2107 4276 tione
2137 4224 2483 4282 subnectere,
2513 4235 2579 4274 ac
2610 4234 2782 4289 pauca
2816 4219 3067 4289 quaedam
3102 4222 3223 4290 ejus
3283 4221 3550 4277 miracula

1963 4313 2282 4368 Lcctoribus
2313 4312 2616 4377 insinuare,
2647 4326 2756 4381 quo
2779 4311 3030 4366 absoluta
3055 4311 3325 4367 consismt
3352 4328 3548 4366 narra-

1969 4403 2132 4459 tionis
2164 4404 2386 4458 utilitas.
2423 4403 2748 4473 Quanquam
2781 4403 2926 4457 enim
2952 4405 3107 4474 signa
3133 4405 3450 4474 infidelibus
3479 4405 3550 4468 ”,

1965 4497 2121 4567 juxta
2162 4495 2310 4566 quod
2339 4494 2626 4565 Scriptura
2654 4495 2816 4550 habet
2852 4513 2865 4547 :
2905 4494 3171 4550 Dominus
3229 4503 3432 4559 tamen,
3485 4496 3570 4552 ad"

275 4595 391 4647 τῶν
430 4593 597 4647 αὑτοῦ
625 4593 973 4664 θεραπόντων
999 4593 1028 4644 6
1062 4593 1287 4663 Κύριος,
1321 4593 1380 4645 ἐν
1404 4594 1514 4656 τοῖς
1545 4594 1756 4656 πιστοῖς
1789 4591 1855 4646 τὰ

1971 4589 2232 4660 majorem
2269 4588 2600 4644 famulorum
2621 4604 2848 4643 suorum
2876 4587 3128 4658 gloriam,
3156 4603 3346 4644 eorum
3388 4591 3556 4655 dona,

277 4687 419 4757 πρὸς
447 4686 770 4758 εὐεργεσίαν
797 4687 896 4754 τῆς
936 4685 1150 4754 φύσεως
1181 4685 1425 4754 διανέμει
1474 4686 1680 4739 τούτων
1701 4687 1860 4756 χαρί-

279 4790 488 4845 σματα·
528 4776 725 4829 οὐκοῦν
779 4775 897 4844 μετ’
934 4773 1275 4847 εὐφροσύνης
1312 4775 1379 4829 τὰ
1429 4774 1521 4828 τοῦ
1548 4775 1863 4845 Πνεύματος

279 4867 592 4936 ἐξείπωμεν
624 4866 896 4936 θαύματα.

352 4960 588 5014 Εὺδοκία
615 4961 724 5032 γὰρ
761 4963 794 5032 ἡ
825 4960 918 5014 τοῦ
954 4962 1300 5032 φιλοχρίστου
1360 4963 1611 5032 μέδοντος
1667 4960 1860 5014 σύνευ-

285 5070 398 5118 νος,
429 5053 565 5105 κατ’
591 5054 761 5118 αὐτὰς
813 5054 912 5117 τὰς
969 5055 1184 5125 ἡμέρας
1227 5056 1389 5109 πάθει
1430 5055 1589 5125 δεινῷ
1633 5053 1866 5126 περιπέο

285 5158 510 5199 πτωκε⁹
543 5145 636 5198 καὶ
669 5145 771 5216 τῆς
817 5147 880 5200 ἐκ
934 5147 1040 5200 τῶν
1083 5148 1282 5218 ἰατρῶν
1319 5148 1591 5219 ἑπομένης
1615 5147 1867 5218 βοηθείας

284 5236 700 5310 ἐστέρητο,ἐπεὶ
725 5238 895 5293 καὶτὰ
916 5239 1010 5293 τοῦ
1029 5240 1233 5302 πάθους
1250 5240 1384 5310 πρὸς
1404 5239 1632 5294 θάνατον
1651 5240 1865 5296 έϐλεπε.
1879 5261 1896 5278 ·

216 5358 222 5362 -
285 5327 396 5382 Τοῦ
429 5328 487 5381 δὲ
517 5329 780 5399 βασιλέως
813 5329 1172 5400 ἀθυμοῦντος,
1197 5331 1291 5383 καὶ
1313 5332 1441 5400 περὶ
1465 5331 1655 5384 τούτου
1675 5331 1866 5395 δεινῶς

286 5423 666 5493 ποτνιωμένου
731 5423 827 5479 καὶ
865 5425 1167 5488 στένοντος,
1203 5425 1439 5478 όπτασία
1471 5443 1552 5489 τις
1575 5440 1866 5496 παρεμπεο

359 5574 431 5608 ⁸³⁵
465 5575 627 5630 Prov.
666 5592 740 5640 tv,
776 5576 859 5630 l9.
939 5578 983 5609 ³⁵
1021 5578 1190 5634 ICor.
1227 5595 1336 5645 xw,
1369 5579 1458 5632 22.
1552 5593 1554 5595 ’

1972 4682 2171 4752 quibus
2195 4692 2389 4736 natura
2427 4681 2694 4736 beneﬁcio
2725 4679 3051 4748 allicitur,in
3088 4681 3340 4738 ﬁdelibus
3365 4683 3555 4737 distri-

1973 4776 2112 4832 imit.
2147 4775 2280 4832 Laeti
2312 4790 2444 4845 ergo
2490 4777 2674 4831 divina
2734 4775 2990 4845 Spiritus.
3049 4775 3316 4832 miracula
3373 4777 3544 4833 edica-

1973 4887 2120 4926 mus.
2459 4886 2468 4895 ’

2045 4963 2508 5034 QnippeEudoeia
2528 4963 2730 5018 Christi
2755 4965 2989 5018 amantis
3023 4963 3368 5034 imperatoris
3395 4979 3553 5042 uxor.

1975 5073 2070 5128 per
2091 5058 2190 5113 bos
2211 5056 2327 5112 dies
2347 5059 2396 5110 in
2425 5059 2672 5111 morbum
2687 5071 2906 5125 gravem
2929 5056 3137 5122 incidit,
3155 5056 3381 5126 jamque
3396 5054 3564 5110 omnis

1978 5150 2310 5205 medicorum
2351 5150 2578 5214 auxilio,
2631 5149 2824 5204 morbo
2862 5149 2916 5202 in
2950 5158 3180 5203 mortem
3233 5149 3557 5215 inclinante,

1975 5240 2232 5295 destituta
2267 5249 2402 5294 erat.
2434 5238 2569 5294 Cum
2595 5247 2776 5294 autem
2803 5237 3099 5307 imperator
3119 5253 3181 5294 ea
3210 5254 3267 5293 rc
3298 5249 3552 5302 mcestus,

1974 5332 2090 5388 dire
2115 5333 2496 5403 quiritarctur,
2527 5345 2591 5387 ac
2626 5329 2816 5385 animo
2852 5329 3554 5397 angnstiaretur,incidcns

1981 5425 2199 5480 interim
2261 5425 2403 5479 visio
2453 5425 2576 5479 laeto
2635 5423 2818 5478 animo
2873 5421 3073 5478 elTecit.
3133 5421 3365 5478 Putabat
3409 5423 3555 5479 cnim

1400 5688 1646 5750 FRANC.
1675 5686 2065 5748 COMBEFISII
2096 5689 2332 5747 ΝΟΤᾹΞ.

370 5828 490 5898 (55)
523 5827 803 5884 Videndus
831 5828 1046 5885 Nicctas
1079 5830 1131 5883 in
1170 5829 1288 5884 Vita
1320 5827 1538 5900 lgnatii,
1568 5829 1658 5884 ubi
1703 5830 1872 5898 pluri-

305 5905 409 5956 bus
441 5901 671 5972 explicat
701 5900 818 5972 ,ιιιιί
873 5900 973 5956 ista
1011 5900 1328 5962 habuerint,»
1377 5916 1441 5954 ac
1482 5904 1588 5970 qua
1633 5902 1869 5972 primum

306 5971 616 6039 occasione,
659 5971 956 6031 ulciscente
982 5973 1238 6040 Numine,
1268 5973 1399 6029 rixae
1425 5972 1528 6029 illa:
1556 5990 1617 6029 ac
1635 5971 1866 6029 tandem

1981 5833 2272 5916 utriusque
2309 5832 2541 5890 Caesaris
2587 5849 2736 5891 mors
2806 5833 3162 5917 contigerint,
3214 5835 3562 5910 Basiliusque

1980 5921 2101 5976 plus
2139 5921 2391 5977 princeps
2423 5921 2646 5979 regnum
2681 5917 3058 5978 capessnvcrtt.
