3978 6596
453 517 561 583 915

1870 518 2216 592 ANONYMI

3611 506 3708 570 916

453 635 570 701 illa,
625 649 749 688 cum
795 633 1076 687 modicum
1134 633 1451 705 degustaret
1501 650 1781 701 somnum,
1837 650 2016 690 senem

2133 631 2298 686 σοῦσα
2340 632 2524 702 μέσον.
2563 631 2818 701 εὐθυμεῖν
2857 624 3297 700 παρεσκεύαζεν.
3343 625 3555 677 Ἐδόκει
3605 624 3708 695 γὰρ

450 726 741 792 quemdam
805 725 1027 788 videre,
1099 728 1425 780 monachum
1519 728 1735 797 quidem
1799 728 2023 792 habitu,

449 828 724 882 quemque
754 814 922 867 multa
961 813 1134 881 gloria
1196 815 1526 881 honeStaret,
1583 817 1636 870 in
1691 817 1807 870 haec
1863 817 2024 868 verba

449 905 700 959 all'antem
736 924 748 959 :
780 905 1018 970 Con/ide,
1073 905 1268 976 inquit,
1333 907 1466 976 fore,
1529 919 1586 961 ut
1609 909 1762 962 modo
1809 908 2026 960 minime

449 999 696 1052 moriaris
721 1015 740 1053 :
775 1001 902 1069 quin
956 1000 1146 1052 amodo
1203 1010 1402 1069 optatae
1450 1002 1719 1056 sanitatis-
1750 1005 2024 1056 commoda

444 1105 757 1156 persensura
789 1105 862 1141 es.
897 1085 1032 1141 Tum
1063 1088 1151 1142 illa
1187 1104 1382 1143 somno
1419 1091 1595 1146 soluta
1648 1107 1762 1146 rem
1838 1092 2022 1147 statim

445 1196 568 1235 cum
595 1180 713 1234 viro
734 1179 1172 1244 communicatis,
1204 1180 1469 1249 imperiali
1520 1181 1761 1246 decreto,
1831 1196 2024 1236 omnes

446 1273 498 1325 in
525 1273 656 1326 urbe
683 1272 1058 1327 sanctimoniae
1085 1271 1245 1326 laude
1271 1273 1644 1342 praecellentes
1692 1273 1864 1337 viros,
1922 1286 2021 1328 ceu

445 1364 715 1418 invisendi
743 1379 873 1434 ergo
914 1365 982 1419 ad
1041 1378 1102 1419 se
1159 1365 1454 1420 ascendere
1488 1366 1642 1436 jubet
1680 1367 1746 1421 ³⁸.
1783 1365 2020 1432 Quamo-

446 1457 597 1510 brem
623 1456 784 1510 etiam
806 1455 965 1510 Pater
1010 1465 1198 1512 noster
1223 1473 1332 1512 una
1368 1473 1492 1512 cum
1515 1458 1738 1512 Patrum
1764 1458 1931 1512 choro
1965 1459 2020 1512 in

445 1545 704 1613 palatium
732 1546 979 1608 veniens,
1011 1544 1163 1599 vultu
1236 1546 1400 1602 Hosis
1461 1547 1634 1602 instar
1694 1547 2016 1617 gloritieato,

444 1636 652 1707 liquido
706 1637 767 1691 is.
795 1637 913 1706 ipse
956 1637 1221 1708 Augustae
1259 1639 1512 1702 innotuit,
1573 1639 1666 1710 qni
1706 1640 1759 1695 in
1810 1640 2022 1695 visione

441 1726 604 1780 verba
628 1727 1057 1796 oppignerasset.
1096 1726 1290 1797 Magna
1324 1730 1510 1799 itaque
1535 1745 1688 1794 voce,
1717 1733 1771 1786 in
1813 1732 2020 1798 gratia-

443 1835 561 1871 rum
589 1820 858 1874 actionem
908 1818 1100 1887 ell‘usa,
1157 1823 1332 1891 palam
1405 1828 1720 1890 traducens,
1779 1825 2019 1893 gloriosa

445 1910 534 1963 Dei
565 1911 616 1964 in
651 1912 822 1977 ipsam
850 1929 946 1984 per
968 1931 1092 1969 etim
1117 1915 1387 1985 magnalia
1420 1915 1754 1984 praedicavit.
1782 1916 2016 1985 Impera-

441 2012 527 2057 tor
553 2014 758 2067 autent.
783 2005 1118 2076 adsmnsqne
1151 2007 1334 2062 omnis
1366 2017 1604 2071 caterva,
1631 2010 1808 2062 virum
1844 2008 2020 2062 admi-

441 2106 644 2160 rantes,
666 2098 925 2166 congruis
951 2097 1251 2152 honoribus
1273 2100 1547 2168 prosecuti
1581 2110 1726 2155 sunt.
1789 2101 2022 2171 Symbo-

438 2183 538 2238 lice
564 2193 715 2254 puto,
734 2187 934 2242 Christi
951 2187 1212 2252 famulus,
1232 2188 1308 2242 illi
1335 2189 1513 2244 simile
1539 2190 1861 2245 miraculum
1893 2205 2021 2260 por-

438 2285 586 2329 tento
613 2278 848 2346 quodam
878 2287 1139 2348 operatus
1162 2289 1266 2346 est,
1301 2281 1449 2350 quod
1489 2281 1727 2336 nominis
1754 2290 2020 2352 patronus

435 2365 691 2424 Nicolaus
749 2370 877 2424 olim
939 2372 1239 2435 edidisset,
1319 2386 1443 2426 cum
1508 2373 1767 2428 nimirum
1845 2375 2019 2445 impe-

436 2458 606 2514 ratori
637 2459 689 2513 in
713 2461 834 2517 visu
875 2477 1167 2532 apparens,
1204 2462 1273 2516 ab
1299 2462 1501 2532 injusta
1528 2477 1659 2519 nece
1680 2465 1828 2520 viros
1881 2466 2017 2521 libe-

437 2545 1228 2614 ravit.Enimvero,miraculo
1284 2551 1676 2609 subnectentes
1726 2556 2014 2622 miracula,

435 2635 616 2694 Patris
647 2638 903 2696 virtutem
939 2644 1276 2701 ediscamus.

506 2816 708 2876 Helena
743 2825 946 2894 quippe
976 2824 1240 2884 Manuelis
1280 2833 1502 2902 patricii
1548 2835 1825 2904 quondam
1853 2851 2012 2902 uxor,

434 2925 561 2964 cum
601 2914 828 2978 perinde
879 2926 1045 2987 atque
1103 2924 1389 2992 Augusta,
1444 2927 1615 2995 portis
1681 2927 1905 2996 inferni,
1961 2930 2012 2984 vi

435 3005 882 3078 morbi,'pr0pior
904 3014 1250 3079 accessisset,
1277 3016 1500 3088 jamque
1517 3017 1600 3074 sui
1630 3021 1697 3074 ad
1732 3037 2011 3092 suprema.

435 3109 533 3162 pro
555 3099 907 3156 morientium
931 3104 1164 3171 ratione,
1193 3108 1371 3163 cilicia
1393 3111 1566 3180 parati
1590 3123 1774 3168 essent
1801 3133 1816 3183 ;
1857 3132 2013 3171 acce-

433 3187 568 3242 dens
591 3203 826 3259 magnus
849 3192 960 3255 ille,
993 3209 1058 3248 ac
1089 3211 1254 3251 manu
1277 3203 1593 3269 :egrmantis
1611 3214 1777 3272 caput
1845 3205 2012 3261 attin-

2133 723 2314 795 ἐκείνη
2349 725 2542 794 μικρὸν
2575 723 2975 794 καθευδήσασα,
3014 719 3252 789 καθορᾷν
3293 736 3416 770 τινα
3459 715 3707 786 γηραιὸν,

2131 817 2366 886 μοναχὸν
2395 817 2493 885 μὲν
2546 816 2878 885 ύπᾶρχοντα,
2936 814 3029 867 καὶ
3053 811 3180 884 δόξῃ
3231 809 3402 879 πολλῇ
3452 808 3713 878 σεμνυνό-

2137 927 2300 978 μενον
2321 925 2336 940 ·
2359 908 2502 961 οὕτω
2527 909 2582 962 δέ
2612 927 2728 970 πως
2759 909 2895 978 αὐτῇ
2955 903 3479 975 προσδιαλεγόμενον
3507 918 3521 931 ⁸
3569 899 3714 968 Θάρο

2128 1015 2246 1064 (νει,
2272 1001 2456 1069 φησὶν,
2474 1001 2554 1066 ὡς
2570 1001 2641 1053 οὐ
2662 1001 2950 1062 τεθναίεις
2971 996 3042 1048 τὰ
3069 996 3212 1048 νῦν-ο
3227 993 3386 1058 ἕξεις
3409 991 3477 1045 δὲ
3495 992 3714 1045 λοιπόν

2126 1093 2195 1146 ἐκ
2225 1092 2335 1161 τῆς
2359 1093 2536 1162 δεῦρο
2556 1092 2664 1161 τῆς
2692 1109 2795 1147 σοι
2821 1093 3010 1162 φίλης
3043 1089 3241 1158 ὑγείας
3279 1087 3342 1140 τὸ
3381 1086 3709 1154 χρήσιμον.

2132 1185 2204 1237 Ἥ
2235 1187 2329 1237 καὶ
2366 1185 2504 1255 μετᾶ
2531 1183 2621 1236 τὸν
2651 1183 2862 1254 ὄνειρον
2891 1182 3051 1235 τοῦτο
3078 1179 3357 1250 παρευθὺς
3383 1177 3572 1246 τάνδρὶ
3597 1175 3713 1228 δια-

2126 1275 2382 1346 νείμασα,
2413 1276 2590 1329 σθένει
2612 1275 2705 1328 τοῦ
2743 1277 2979 1346 κράτους
3013 1272 3150 1342 πρὸς
3207 1271 3408 1339 ἑαυτὴν
3437 1268 3564 1330 τοὺς
3601 1266 3706 1319 ἀνὰ

2125 1367 2221 1436 τὴν
2268 1368 2424 1420 πόλιν
2453 1369 2541 1420 ἐπ’
2608 1367 2868 1438 εὐλαϐείᾳ
2942 1363 3304 1435 προῦχοντας,
3360 1359 3709 1427 ἐπισκέψεως

2123 1455 2283 1526 χάριν
2313 1455 2553 1510 ἀνελθεῖν
2585 1456 3021 1526 παρεσκεύασεν.
3041 1451 3235 1505 Ἔνθεν
3282 1453 3310 1504 6
3354 1451 3530 1519 μέγας
3589 1465 3714 1500 συν-

2125 1546 2290 1602 ανιὼν
2312 1548 2425 1611 τοῖς
2443 1547 2714 1617 Πατράσι,
2733 1546 3119 1615 δεδοξασμένον
3146 1543 3329 1613 φέρων
3343 1541 3482 1595 κατά
3507 1539 3713 1593 Μωσέα

2122 1641 2183 1693 τὸ
2212 1641 2520 1711 πρόσωπον,
2553 1639 2829 1709 γνώριμος
2852 1641 2919 1709 τῇ
2979 1636 3216 1708 βασιλίδι
3252 1624 3572 1704 γεγένηται,
3625 1631 3701 1693 ὡς

2125 1733 2285 1796 αὐτὸς
2303 1731 2512 1803 είηόὲν
2533 1734 2599 1801 τῇ
2628 1731 2865 1799 ὀπτασίᾳ
2924 1731 3061 1799 αὐτῇ
3113 1726 3566 1798 ὁμηρευσάμενος
3616 1725 3712 1794 ῥή-
3793 1732 3800 1740 ·

2127 1843 2294 1897 ματα.
2331 1824 2496 1879 Ὅθεν
2549 1824 2759 1895 μεγάλῃ
2789 1825 2855 1894 τῇ
2911 1824 3062 1892 φωνῇ
3097 1820 3188 1873 διά
3233 1818 3332 1887 τῆς
3361 1817 3712 1886 εὐχαριστίας

2123 1917 2310 1970 τοῦτον
2340 1916 2647 1986 ἀναφανδὸν
2685 1915 3074 1984 ἐθριάμϐευσε,
3095 1911 3165 1964 τὰ
3204 1912 3285 1972 είς
3313 1909 3483 1979 αὐτὴν
3513 1909 3580 1960 δι’
3601 1907 3704 1960 αύ-

2123 2006 2221 2060 τοῦ
2247 2006 2433 2072 ἔνδοξα
2477 2005 2572 2060 τοῦ
2615 2005 2750 2058 Θεοῦ
2787 2005 3044 2075 μεγαλεῖα
3084 2001 3558 2072 ἀνακηρύττουσα.
3609 2000 3713 2050 Ὃν

2123 2101 2150 2153 6
2181 2099 2454 2170 βασιλεὺς,
2484 2099 2579 2154 καὶ
2619 2099 2820 2162 πάντες
2844 2099 2892 2150 οἱ
2926 2095 3308 2168 συμπαρόντες
3334 2087 3710 2161 θαυμάζοντες

2121 2195 2243 2257 ταῖς
2305 2192 2652 2264 πρεπούσαις
2722 2193 2909 2260 τιμαῖς
2973 2190 3375 2257 ἀπεσέμνυνον.
3438 2183 3708 2254 Συμϐολιο

2123 2285 2232 2348 κῶς
2285 2280 2438 2355 οἶμαι
2476 2284 2554 2355 τῷ
2598 2281 2908 2354 ἐπωνύμονι
2938 2280 3194 2349 Νικολάῳ
3224 2276 3541 2348 ἐφάμιλλον,
3569 2277 3597 2328 6
3617 2272 3712 2328 τοῦ

2120 2377 2359 2448 Χριστοῦ
2390 2375 2644 2446 θεράπων
2669 2373 2790 2428 κατ’
2821 2375 3028 2427 ἐκεῖνον
3057 2370 3120 2424 τδ
3149 2370 3338 2440 θαῦμα
3373 2368 3713 2438 τερατευσά-

2123 2487 2283 2540 μενος
2319 2512 2334 2534 ,
2391 2471 2449 2522 ἐν
2495 2467 2691 2538 ὀνείρῳ
2737 2467 2905 2520 πάλαι
2970 2464 3320 2534 δειματώσας
3345 2461 3425 2530 τῷ
3475 2463 3711 2524 ἄνακτι,

2119 2561 2216 2629 τῆς
2257 2561 2474 2614 ἀδίκου.
2507 2560 2668 2628 δίκης
2722 2559 2850 2622 τοὺς
2925 2558 3124 2628 ἄνδρας
3205 2554 3470 2619 ἐξείλατο.
3542 2553 3704 2606 Ἀλλὰ

2120 2651 2358 2723 θαύματι
2385 2653 2748 2716 συνάπτοντες
2776 2649 3055 2722 θαύματα,
3085 2649 3184 2720 τὴν
3213 2648 3309 2702 τοῦ
3344 2647 3560 2717 Πατρὸς
3579 2647 3714 2718 ἀρε-

2117 2742 2215 2814 τὴν
2248 2758 2389 2794 κατα
2398 2741 2683 2812 μάθωμεν.

2199 2837 2387 2894 Ἑλένη
2420 2836 2530 2908 γὰρ
2567 2837 2601 2906 ἡ
2629 2833 2722 2888 τοῦ
2753 2831 3044 2904 πατρικίου
3101 2831 3358 2902 Μανουὴλ
3417 2830 3714 2901 ὑπάρξασα

2119 2927 2366 3000 σύμϐιος,
2407 2927 2602 2999 ἐπίσης
2632 2931 2696 2998 τῇ
2734 2926 3030 2998 βασιλίσσῃ
3066 2929 3190 2989 ταῖς
3219 2924 3314 2979 τοῦ
3337 2927 3466 2997 ᾆδον
3503 2924 3714 2979 πυλῶσι

2116 3021 2188 3075 δι’
2220 3020 2536 3093 ἀρρωστίας
2559 3017 2874 3087 ἐγγίζουσα,
2906 3018 2999 3070 καὶ
3026 3017 3166 3087 πρὸς
3213 3017 3311 3087 τὴν
3351 3016 3554 3081 ἐξόδιον
3603 3016 3714 3070 τῶν

2116 3114 2290 3186 αὐτῆς
2329 3111 2803 3184 εὐτρεπιζομένων
2833 3111 3158 3180 συνήθειαντ
3211 3101 3490 3173 ἐπιστάςό
3535 3110 3713 3180 μέγας

2114 3208 2179 3276 τῇ
2215 3203 2358 3275 χειρὶ
2387 3206 2452 3274 τῇ
2481 3203 2581 3270 τῆς
2611 3198 2925 3270 καμνούσης
2951 3201 3162 3270 κορυφῇ
3212 3199 3584 3270 ἐφαψάμενος,
3636 3200 3714 3269 τῷ

433 3294 566 3346 gens
593 3283 883 3354 crucisque
914 3285 1070 3356 signo
1101 3275 1337 3360 desuper
1369 3294 1420 3346 in
1449 3309 1571 3348 aere
1593 3311 1854 3365 expresso
1884 3314 2008 3353 cor-

2126 3275 2396 3370 σταυρικῷ
2433 3293 2686 3364 συμϐόλῳ
2708 3293 2909 3363 ἀερίως
2937 3292 3176 3364 ’ύπερθεν
3209 3294 3414 3363 ταύτης
3442 3295 3707 3362 ἐπισφρα-

437 3387 537 3436 pus
567 3374 922 3444 consignatis,
947 3379 1140 3433 mortis
1170 3397 1445 3437 necessum
1477 3388 1767 3456 vegetavit.
1817 3389 2036 3446 Confe-.

435 3462 562 3517 stim
595 3464 740 3518 enim
775 3467 1010 3524 sanitate
1037 3483 1271 3541 recepta,
1300 3489 1331 3528 a
1351 3475 1472 3531 diro
1499 3478 1711 3546 dolore,
1735 3497 1846 3550 quo
1865 3491 2018 3539 tene-

436 3556 619 3619 batur,
657 3558 884 3614 liberata
915 3570 1020 3616 est.

508 3647 615 3703 Sed
633 3651 809 3707 ethoc
835 3653 1060 3722 praefato
1083 3658 1203 3726 ejus
1227 3659 1346 3714 viro
1369 3676 1708 3718 memoratur
1729 3665 2014 3725 accidisse.

438 3741 728 3810 Nimirum,
755 3761 880 3801 cum
905 3748 1095 3804 humili
1121 3752 1261 3807 lecto
1277 3753 1467 3822 jar-ens
1484 3757 1855 3825 decumberet,
1877 3760 2020 3829 jam-

435 3850 543 3901 que
569 3850 602 3890 a
643 3837 868 3893 medicis
899 3856 1212 3910 supremam
1247 3844 1441 3900 mortis
1481 3849 1808 3903 sententiam
1863 3867 2018 3907 accc-

436 3927 623 3994 pisset,
667 3929 893 3998 rogabat
947 3933 1140 3989 adesse
1196 3936 1375 3990 virum
1436 3948 1713 4002 sanetum.
1777 3944 2017 4001 clamore

435 4018 708 4090 ﬂagitans,
745 4031 806 4077 ut
843 4026 1092 4095 angelico
1149 4031 1549 4086 monachorum
1602 4033 1788 4088 habitu
1824 4051 2013 4104 peror-

435 4124 610 4169 naret.
666 4115 746 4169 Ad
808 4131 970 4186 quem
1027 4121 1312 4176 Sanctus:
1377 4121 1848 4193 Haudquaquam:
1919 4141 2016 4181 nec

431 4206 602 4272 enim,
635 4207 732 4272 ﬁli,
769 4211 1112 4267 conducibile
1143 4213 1302 4272 foret.
1334 4215 1427 4284 qui
1462 4214 1634 4279 brevi,
1680 4216 2014 4272 inﬁrmitatis

435 4297 597 4362 hujus
626 4302 867 4371 symbols
891 4303 1228 4372 relinquens.
1267 4306 1678 4372 magistratuum
1728 4306 2015 4371 praefectu-

433 4405 524 4446 ras
560 4391 654 4448 Dei
691 4409 916 4449 munere
933 4395 1532 4453 administraturussis.
1562 4397 1660 4452 Ubi
1686 4399 1869 4467 itaque
1909 4397 2014 4453 hoc

430 4485 698 4547 eveneri'.
717 4496 770 4541 te
791 4487 1050 4557 deinceps
1066 4503 1225 4544 coma
1250 4489 1497 4559 deposita
1524 4489 1591 4543 ad
1617 4489 1832 4544 beatam
1863 4490 2010 4543 illam

396 4565 400 4569 ’
431 4589 633 4632 sortem
670 4579 830 4635 bonis
857 4581 1117 4650 operibus
1149 4582 1410 4638 refertum
1447 4595 1833 4653 assumpturus
1860 4597 2008 4637 sum.

2124 3391 2286 3460 γίσας
2309 3389 2386 3459 τῷ
2423 3389 2660 3456 σώματι,
2717 3387 2811 3440 τὸν
2865 3385 2961 3439 τοῦ
3016 3385 3250 3440 θανάτου
3298 3385 3468 3456 μυχὸν
3503 3385 3708 3450 ἀνεζω-

2123 3499 2351 3554 γρησεν.
2385 3481 2636 3550 Ἐρρωτο
2658 3478 2766 3550 γὰρ
2812 3477 3038 3543 εὐθέως,
3089 3479 3184 3531 καὶ
3223 3478 3320 3550 τῆς
3362 3478 3708 3548 κατεχούσης

2121 3574 2314 3644 ὀδύνης
2353 3572 2692 3642 ἀπήλλακτο.

2193 3665 2368 3718 Ταυτδ
2395 3665 2452 3719 δὲ
2477 3663 2884 3735 συμϐεϐηκέναι
2915 3663 3012 3717 καὶ
3045 3661 3122 3734 τῷ
3168 3661 3542 3734 προρρηθέντι
3569 3660 3696 3714 ταύ-

2121 3777 2219 3829 της
2239 3759 2394 3828 ἀνδρὶ
2416 3757 2762 3829 διηγόρευται
2794 3773 2806 3786 ·
2827 3755 2884 3818 6;
2916 3756 3009 3809 ἐπὶ
3039 3754 3134 3808 τοῦ
3161 3753 3463 3823 σκίμποδος
3485 3753 3702 3807 ἀνακεί·

2124 3868 2303 3922 μενος,
2332 3847 2585 3921 καὶπρὸς
2613 3849 2720 3902 τῶν
2753 3849 2957 3918 ἰατρῶν
2997 3847 3098 3920 τὴν
3123 3847 3442 3901 τελευταίαν
3469 3845 3568 3899 τοῦ
3617 3846 3708 3900 θα·

2119 3944 2281 3997 νὰτου
2333 3943 2610 4011 ἀπόφασιν
2660 3940 3102 4011 προσλαϐόμενος
3135 3978 3151 4002 ,
3194 3939 3492 3992 ἐπιστάντα
3565 3955 3707 4009 παρα

2121 4036 2417 4090 εκάλειτὸν
2441 4036 2616 4104 ἀγιον,
2649 4033 2726 4104 τῷ
2761 4031 3039 4102 ἀγγελικῷ
3067 4031 3179 4085 τῶν
3211 4031 3462 4101 μοναχῶν
3479 4048 3712 4084 κατακο-

2125 4130 2340 4199 σμῆσαι
2365 4128 2556 4181 τοῦτον
2587 4126 2956 4196 ἐπιϐοώμενος
2990 4125 3252 4193 σχήματι.
3270 4121 3370 4187 Οὒ,
3390 4123 3550 4194 φησὶ,
3577 4125 3709 4194 πρὸς

2117 4220 2277 4273 αὑτὸν
2292 4222 2318 4272 ὁ
2334 4221 2476 4281 ὅσιος
2493 4216 2968 4286 ἀπεφθέγγετο,ού
2985 4215 3089 4285 γὰρ
3104 4215 3356 4285 λυσιτελῆ
3377 4232 3480 4280 σοι,
3499 4215 3708 4280 τέκνον,

2118 4313 2474 4383 συμϐήσεται,
2506 4311 2752 4381 μέλλοντι
2769 4309 3048 4378 συντόμως
3064 4307 3165 4376 τῆς
3202 4307 3518 4381 ἀρρωστίας
3549 4305 3708 4376 τῆσδε

2115 4407 2388 4476 διαδράντι
2413 4405 2483 4458 τὰ
2519 4403 2784 4472 σύμϐολα,
2817 4402 2982 4455 τῶνδε
3021 4400 3131 4452 τῶν
3161 4399 3494 4468 ἀξιωμάτων
3514 4403 3582 4470 τῇ
3615 4399 3709 4451 τοῦ

2116 4496 2354 4564 Χριστοῦ
2390 4497 2571 4567 χάριτι
2594 4495 2692 4552 τὰς
2715 4493 2885 4564 ἀρχὰς
2912 4491 3290 4559 διοικήσασθαι
3318 4483 3397 4561 ’ῌ
3417 4489 3464 4543 δ’
3497 4489 3565 4543 ἂν
3596 4489 3707 4543 τοί-

2117 4607 2211 4640 νυν
2239 4587 2394 4641 τοῦτο
2421 4587 2733 4655 γενήσεται,
2765 4584 2885 4637 τότε
2919 4601 3001 4636 σοι
3029 4580 3048 4654 [
3072 4601 3161 4651 γρ.
3194 4583 3315 4634 τότε
3357 4599 3415 4633 σε
3445 4580 3464 4652 ]
3525 4580 3712 4634 λοιπὸν

435 4669 602 4724 Porro
633 4669 795 4726 linem
842 4672 1041 4728 habuit
1068 4674 1371 4742 praedictio,
1403 4687 1742 4744 eventusque
1771 4674 2008 4744 prephe—

2126 4677 2498 4750 ἂποκαρθέντα
2557 4678 2690 4748 πρὸς
2713 4677 2812 4747 τὴν
2860 4678 3038 4728 ἐκεῖσε
3080 4675 3234 4743 λῆξιν
3291 4674 3554 4741 κομῶντα
3589 4675 3710 4735 ταῖς

434 4763 562 4815 liam
593 4773 810 4820 secutus
831 4777 916 4820 est
948 4806 962 4822 .
986 4765 1198 4822 Etenim
1219 4769 1405 4823 relicta
1430 4769 1520 4824 ille
1537 4783 1661 4822 cum
1687 4768 1830 4822 lecto
1847 4768 2009 4834 agri-

433 4853 1004 4928 tudine,diversisque
1057 4859 1167 4914 illis
1244 4861 1654 4931 magistratibus
1700 4859 2015 4926 defunctus,

429 4961 556 5001 cum
585 4947 800 5002 tandem
832 4949 1108 5005 modicum
1141 4959 1481 5021 aegrotasset,
1531 4951 1689 5019 juxta
1725 4949 1829 5003 viri
1873 4950 2010 5018 justi

433 5043 784 5108 sententiam,
807 5058 1023 5099 comam
1051 5044 1355 5116 deponens,
1407 5043 1663 5115 migravit
1691 5043 1764 5098 ad
1825 5041 2014 5098 Durni-

434 5149 591 5189 num.

512 5317 840 5389 Theophilus
878 5330 1082 5381 autem.
1109 5321 1201 5390 qui
1237 5319 1460 5390 perinde
1504 5329 1668 5389 atque
1718 5318 2014 5382 Melisscni,

433 5411 690 5482 Lydiates
749 5413 1167 5483 appellabatur:
1237 5413 1438 5482 quippe
1473 5413 1556 5467 vir
1611 5429 1801 5468 eorum
1850 5427 2016 5482 gener

431 5517 569 5572 erat,
622 5509 1047 5578 impositamque
1110 5507 1274 5560 illisa
1341 5523 1537 5577 genere
1591 5491 2013 5576 appellationem

434 5602 548 5669 ipse
587 5602 751 5656 etiam
783 5601 980 5654 merito
1009 5601 1274 5654 abusione
1305 5601 1530 5654 terebat.
1557 5599 1691 5654 Nam
1716 5610 1770 5654 et
1825 5609 2013 5668 proto-

433 5694 698 5762 spatharii
728 5693 992 5763 dignitate
1020 5701 1252 5747 ornatus
1278 5700 1413 5745 erat.
1442 5689 1561 5745 Nati
1593 5706 1758 5761 porro
1811 5707 1878 5744 cx
1947 5703 2014 5744 eo

435 5785 692 5850 infantes,
730 5788 896 5840 vitam
927 5787 1112 5840 statim
1169 5801 1295 5840 cum
1351 5795 1526 5839 morte
1570 5784 2008 5847 commutabant.

433 5878 706 5947 a.nboque
736 5886 990 5946 parentes
1045 5875 1452 5946 iucundissimo
1484 5891 1675 5932 eorum
1703 5873 1901 5946 gaudio
1934 5890 2000 5930 ac

502 5989 551 6030 ³⁵
582 5989 754 6047 Exod.
791 6005 976 6054 xxxiv,
1010 5990 1099 6046 ‘29.

2122 4772 2322 4840 ἀγαθοε
2333 4772 2514 4842 ργῖαις
2528 4769 2919 4841 προσλάϐοιμι.
2946 4763 3070 4838 Εἶχε
3092 4768 3147 4820 δὲ
3168 4767 3364 4836 τέλοςή
3381 4767 3705 4837 πρόρρησις,

2127 4866 2219 4917 καὶ
2242 4865 2340 4934 τὴν
2365 4863 2704 4934 προφητείαν
2729 4860 3092 4932 ἐπηκολούθει
3125 4860 3194 4914 τὰ
3241 4859 3567 4930 πράγματα.
3627 4859 3703 4926 Τῇ

2124 4957 2234 5028 γὰρ
2266 4957 2394 5026 εὐνῇ
2420 4955 2450 5007 6
2477 4955 2620 5024 ἀνὴρ
2645 4953 2744 5023 τὴν
2774 4953 2929 5006 νόσον
2956 4953 3391 5020 ἐπαποθέμενος.
3457 4951 3553 5003 καὶ
3593 4950 3704 5010 τοῖς

2122 5047 2403 5118 διαφόροις
2438 5045 2670 5108 ἐκείνοις
2690 5042 3028 5096 ὑπεισελθὼν
3069 5041 3367 5112 ἀξιώμασι,
3399 5039 3556 5103 τέλος
3620 5056 3708 5108 μισ

2124 5141 2254 5209 κρὸν
2284 5141 2538 5211 νοσήσας,
2587 5136 2728 5191 κατά
2751 5136 2851 5207 τὴν
2877 5136 2970 5189 τοῦ
2997 5136 3208 5188 δικαίου
3233 5134 3537 5203 ἀπόφασιν,
3575 5133 3707 5186 ἀπο-

2117 5231 2370 5301 Ἃαρθεὶς,
2406 5232 2543 5303 πρὸς
2583 5230 2788 5300 Κύριον
2821 5229 3146 5298 ἐξεδήμησε.

2197 5324 2456 5394 Θεόφιλος
2477 5323 2535 5375 δὲ
2567 5326 2594 5376 6
2620 5321 2761 5376 κατά
2777 5323 2902 5382 τοὺς
2931 5319 3272 5388 Μελισηνοὺς
3300 5317 3576 5387 Λυδιάτης
3604 5332 3704 5368 κα-

2124 5415 2383 5486 λούμενος
2426 5415 2696 5485 (γαμϐρὸς
2717 5415 2826 5482 γὰρ
2855 5411 3036 5465 αὐτῶν
3089 5413 3117 5464 6
3139 5412 3291 5480 ἀνὴρ.
3321 5409 3656 5479 ἐχρημάτισε
3681 5447 3700 5471 ,

2120 5509 2213 5560 καὶ
2252 5507 2312 5560 τὸ
2392 5509 2457 5560 ἐκ
2501 5505 2691 5582 γένους
2751 5506 2983 5566 ἐκείνοις
3030 5503 3382 5573 παρωνύμως
3432 5500 3700 5562 ἐπιτεθέν,

2127 5601 2353 5661 εἰκότως
2389 5599 2480 5651 καὶ
2531 5590 2686 5660 οὗτος
2711 5595 3170 5667 καταχρηστικῶς
3213 5592 3518 5663 ἐπεφέρετο
3549 5608 3561 5620 ·
3610 5592 3701 5641 καὶ

2116 5690 2224 5761 γὰρ
2254 5692 2349 5744 καὶ
2389 5689 2467 5760 τῷ
2493 5688 2610 5742 τοῦ·
2643 5686 3142 5760 πρωτοσπαθαρίου
3193 5683 3488 5751 ἐτετίμητο
3538 5679 3696 5746 ἀξιὼ-

2117 5782 2291 5852 ματι),
2317 5782 2384 5835 τά
2417 5782 2546 5853 παρ’
2569 5780 2733 5835 αὐτοῦ
2763 5782 2951 5850 νήπια,
2983 5777 3077 5832 τοῦ
3102 5779 3202 5848 ζῇν
3260 5775 3506 5844 αὑθωρδν
3531 5769 3694 5840 ἀπηλ-

2113 5878 2371 5938 λάττοντο
2399 5917 2417 5943 ,,
2443 5875 2536 5929 καὶ
2575 5874 2674 5945 τῆς
2719 5875 2943 5946 ἡδίστης
3000 5872 3206 5926 τούτων
3250 5865 3595 5942 χαρμοσύνης
3629 5876 3691 5916 τε
