3978 6582
241 488 346 553 917

1384 486 1559 547 VITA
1599 486 1660 545 S.
1704 481 2011 544 NICOLAI
2055 481 2430 543 STUDIT/E.

3395 479 3504 545 918

244 600 339 649 καὶ
368 595 702 659 διαόιὼσεως
751 596 917 667 ἄμφω
938 595 1015 649 τὼ
1042 594 1254 665 συμόίω
1288 595 1598 666 ἐστέρηντο.
1629 592 1821 662 Θέλγει

1941 592 2031 646 vita
2064 590 2341 646 carebant.
2375 587 2542 643 Plane
2577 587 2721 642 enim
2776 587 3035 655 mulcent,
3095 602 3214 657 qure
3272 591 3510 644 maxime

244 690 355 758 γὰρ
377 688 547 751 ὅντως
574 688 645 741 τά
674 689 1013 758 τῶν-νηπίων
1051 688 1417 759 ψελλίσματα,
1449 690 1513 741 ὲκ
1542 689 1641 759 τῆς
1670 688 1823 758 ἀτέχ-

243 797 336 831 νου
392 778 643 850 γλώσσης
706 780 940 849 μάλιστα
1009 781 1330 851 προϊέμενα.
1400 780 1510 833 Καὶ
1574 780 1638 850 δὴ
1706 778 1827 850 βου-

240 871 341 939 λὴν
412 872 584 943 καλὴν
651 871 1083 942 βουλευσάμενος
1139 873 1235 924 σὺν
1255 874 1321 941 τῇ
1355 873 1590 942 γαμετῇ,
1625 870 1702 941 τῷ
1733 887 1820 940 με·

241 964 396 1034 γάλῳ
434 963 610 1035 τούτῳ
660 965 909 1035 φωστῆρι
954 962 1352 1026 καταλαϐόντες
1397 964 1828 1033 προσπίπτουσι,

241 1058 335 1107 καὶ
362 1054 461 1125 τὴν
495 1057 593 1125 τῆς
611 1056 899 1119 ἁπαιδείας
916 1055 1111 1126 ὀδύνην
1150 1057 1287 1125 μετά
1316 1054 1524 1107 πολλῶν
1575 1054 1828 1126 δακρύων

239 1148 623 1219 διαγορεύουσι
651 1165 665 1180 ·
700 1153 793 1202 καὶ
819 1149 1008 1217 ῶσπερ
1039 1149 1214 1221 θυρεῷ
1260 1167 1365 1203 τινι
1413 1149 1638 1212 ἑαυτοὺς
1693 1149 1829 1218 πρὸς

240 1241 342 1311 τὴν
392 1243 703 1312 ἀπρόοπτον
762 1241 855 1295 τοῦ
917 1242 1152 1296 Θανάτου
1188 1241 1299 1295 τῶν
1348 1240 1603 1314 ἐμϐρύων
1656 1240 1830 1311 φορὰν

240 1332 799 1401 κατασφαλιςόμενοι,
823 1332 985 1386 αὑτὸν
1015 1332 1105 1386 τὸν
1139 1332 1313 1402 μέγαν
1351 1334 1448 1403 τὴν
1472 1333 1535 1385 ἐκ
1568 1331 1666 1401 τῆς
1696 1333 1829 1385 ἀνα-

240 1425 554 1494 γεννήσεως
577 1425 670 1478 τοῦ
715 1426 861 1479 θείου
916 1425 1290 1495 βαπτίσματος
1320 1424 1664 1494 παρεκάλουν
1702 1426 1833 1479 ἀνα-

240 1514 405 1585 δοχὴν
429 1516 639 1581 τούτοις
696 1518 1066 1590 δωρήσασθαι.
1121 1518 1178 1573 '0
1231 1518 1288 1571 δὲ
1329 1518 1467 1587 πρὸς
1514 1518 1672 1570 τοῦτο
1733 1517 1833 1588 μὲν

239 1609 342 1661 οῦκ
368 1609 628 1663 ἐπένευσε
648 1628 662 1641 ·
704 1611 803 1681 τὴν
831 1612 1007 1683 κάραν
1054 1611 1112 1664 δὲ
1147 1610 1338 1664 τούτου
1367 1610 1624 1682 βρέφους,
1662 1604 1834 1681 οὗπερ

238 1697 560 1769 ἐκέκτηντο,
585 1702 651 1771 τῇ
678 1700 808 1773 λαιᾷ
830 1702 974 1772 χειρὶ
1005 1701 1413 1771 καθαψάμενος,
1433 1702 1533 1773 τήν
1555 1718 1612 1753 τε
1640 1702 1834 1770 ἑτέραν

237 1789 560 1857 ἀπεωρίσας
585 1793 717 1857 ἀνω,
744 1793 839 1846 καὶ
872 1794 1072 1855 ἱκανῶς
1098 1794 1560 1863 προσευξάμενος,
1592 1794 1829 1857 "Amce,

237 1884 429 1954 φησὶν,
458 1884 692 1938 οῑκαδεο
714 1886 857 1939 τάδε
879 1886 988 1956 γὰρ
1004 1885 1163 1955 λέγει
1186 1886 1252 1939 τὸ
1279 1885 1521 1955 Πνεῦμα
1545 1884 1612 1939 τὸ
1639 1886 1832 1955 ἅγιον,

1930 682 2165 737 infantes
2192 681 2310 735 rudi
2332 681 2512 749 lingua
2527 680 2921 735 balbutimenta
2945 680 3323 750 pronuntiant.
3358 679 3510 735 Bono

1931 777 2114 847 itaque
2142 776 2392 842 consilio,
2427 791 2532 830 una
2560 790 2683 830 cum
2708 776 2959 846 conjuge,
2993 790 3247 844 magnum
3295 775 3400 829 hoc
3433 775 3516 828 lu-

1932 885 2055 923 men
2084 869 2368 933 adeuntes,
2400 868 2519 937 ejus
2547 882 2606 923 se
2639 867 2906 937 objiciunt
2940 867 3189 937 pedibus,
3217 867 3517 937 multisque

1935 962 2210 1032 Iacrymis,
2241 972 2548 1030 exponunt,
2577 978 2740 1032 quem
2771 976 2834 1015 ex
2868 962 3102 1016 orbitate
3138 962 3309 1032 prolis
3361 961 3518 1016 dolo-

1935 1070 2047 1108 rem
2081 1054 2461 1122 persentirent.
2518 1058 2599 1108 Ac
2662 1070 2812 1117 vero,
2844 1070 2941 1107 ceu
3002 1056 3239 1123 quodam
3299 1054 3515 1124 clypeo,

1934 1145 2224 1200 adversum
2263 1145 2612 1214 improvisam
2655 1146 2800 1200 illam
2837 1147 3029 1201 mortis
3076 1146 3342 1201 infantum
3399 1146 3521 1199 vio-

1935 1239 2156 1293 lentiam
2225 1253 2347 1294 sese
2400 1239 2748 1302 munientes,
2820 1240 2963 1294 lumc
3017 1240 3196 1310 ipsum
3261 1255 3521 1309 magnum

1934 1332 2137 1393 virum,
2165 1336 2225 1385 ut
2252 1332 2589 1401 susceptoris
2620 1346 2651 1386 a
2682 1332 2853 1386 divini
2894 1334 3240 1403 baptismatis
3292 1349 3521 1403 regene-

1936 1423 2147 1478 rationc
2199 1438 2399 1478 munus
2434 1423 2586 1479 obire
2616 1423 2955 1495 dignaretur,
3024 1424 3336 1480 obsecrant.
3368 1422 3524 1479 Haud

1939 1526 2118 1570 tamen
2156 1516 2245 1571 ille
2281 1515 2571 1587 postulatis
2629 1518 2876 1583 fannnit:
2939 1528 3106 1588 caput
3162 1518 3523 1573 nihilominus

1938 1608 2161 1663 infantis
2191 1610 2501 1677 superstitis
2537 1624 2699 1663 Inanu
2721 1610 2943 1665 sinistra
2973 1622 3184 1675 tenens,
3212 1611 3524 1665 dexteram-

1937 1714 2041 1768 que
2065 1700 2299 1769 desuper
2329 1701 2573 1765 eleVans,
2598 1716 2662 1756 ac
2687 1701 2904 1755 abunde
2938 1714 3194 1772 precatus
3232 1722 3243 1757 :
3270 1701 3521 1765 Domum,

1938 1793 2135 1863 inquit,
2159 1794 2297 1849 abite
2327 1809 2345 1848 :
2395 1796 2507 1848 hac
2538 1795 2678 1848 enim
2710 1794 2840 1847 dicit
2874 1793 3110 1862 Spiritus
3129 1806 3343 1847 sanctus
3378 1809 3395 1847 :
3423 1792 3521 1846 Vi-

1937 1896 2014 1939 cet
2040 1886 2217 1955 puella
2245 1902 2262 1940 :
2293 1888 2494 1957 quippe
2534 1886 2731 1940 femina
2760 1897 2877 1940 erat
2903 1904 2915 1939 :
2946 1890 3227 1956 vestrisque
3262 1886 3364 1956 ipsi
3396 1902 3525 1939 ocn-

237 1974 331 2027 ὅτι
359 1978 408 2027 Ζ
417 1974 625 2040 rimata;
652 1978 720 2031 τὸ
741 1978 1058 2047 θυγάτριον
1090 1977 1244 2047 (θῆλυ
1276 1978 1382 2047 γάρ
1425 1977 1658 2049 ἐπείπερ
1688 1976 1832 2044 ἐτύγ-

1946 1978 2010 2031 lis
2042 1978 2181 2047 ﬁlios
2208 1980 2440 2047 ﬁliorum
2463 1979 2575 2048 ejus
2597 1980 2760 2033 visuri
2789 1981 2952 2045 estis;
3003 1980 3181 2049 sicque
3212 1997 3298 2033 vos
3363 1980 3525 2033 etiam

237 2068 417 2137 χινε),
452 2068 550 2122 καὶ
581 2069 705 2136 τοῖς
740 2070 1069 2141 ὀφθαλμοῖς
1098 2069 1262 2139 ὑμῶν
1294 2052 1466 2136 υἱοὺς
1491 2069 1610 2123 τῶν
1637 2068 1829 2137 αὐτῆς

237 2157 391 2212 υἱῶν
437 2160 862 2230 καταθρήσετε,
921 2162 1196 2216 καὶοῦτω
1250 2162 1378 2231 μετ’
1440 2162 1827 2230 εὐφροσύνης

238 2250 341 2303 καὶ
375 2253 545 2321 ὑμεῖς
570 2251 689 2306 τῶν
727 2252 971 2307 ἐνθένδε
1021 2251 1828 2321 μεταναστεύσητε.,Ἐπηκοο

237 2341 423 2395 λούθει
455 2345 511 2398 δὲ
529 2348 621 2398 καὶ
644 2338 744 2398 ὧδε
768 2348 880 2408 τοῖς
901 2344 995 2398 τοῦ
1014 2345 1226 2415 Πατρός
1281 2344 1461 2411 λόγοις
1485 2343 1595 2395 τῶν
1635 2358 1816 2413 πραγ-

1938 2068 2003 2120 ab
2033 2068 2278 2123 Immanis
2301 2087 2417 2124 cum
2446 2071 2635 2125 laetitia
2664 2072 2981 2139 migrabitis.
3020 2070 3191 2125 Porro
3230 2071 3319 2125 bic
3383 2086 3524 2141 quo-

1937 2176 2044 2230 que
2075 2177 2254 2216 rerum
2296 2176 2519 2219 eventus
2549 2162 2728 2219 Patris
2761 2180 3044 2220 sermones
3063 2173 3393 2220 consecutus
3417 2173 3522 2231 est,

1939 2254 2144 2323 filiique
2178 2256 2413 2311 orbitate
2451 2259 2753 2312 multormn
2792 2256 3032 2314 filiorum
3068 2271 3322 2329 parentes
3354 2260 3525 2314 exsti-

1934 2354 2139 2413 terunt,
2164 2346 2255 2416 qui
2292 2348 2415 2403 filiis
2442 2349 2560 2403 Orbi
2582 2360 2762 2404 erant.

243 2443 435 2511 μάτων
461 2445 492 2511 ἡ
516 2441 875 2505 ἐκϐασις,καὶ
900 2441 1230 2504 πολύπαιδες
1249 2443 1314 2511 τῇ
1337 2439 1565 2510 ἀτεκνίᾳ
1589 2438 1681 2491 τοῦ
1706 2438 1898 2504 παιδὸς
1926 2442 1975 2494 oi
2003 2441 2231 2506 ἄπαιδες
2260 2444 2653 2513 ἐχρημάτιζον.

319 2535 432 2589 Καὶ
462 2534 513 2587 τί
544 2534 612 2587 ἂν
650 2534 867 2604 λέγοιμι
901 2533 969 2587 τὰ
1002 2533 1379 2598 καθέκαστον;
1419 2531 1702 2585 Δέδεικται
1731 2531 1820 2601 δή·

244 2644 353 2681 που
387 2625 464 2697 τῷ
496 2624 819 2697 προφητικῷ
857 2626 1167 2696 χαρακτῆρι
1187 2623 1295 2696 [Ion
1317 2624 1443 2677 add.
1466 2621 1688 2694 ἆμαῙτῇ
1725 2621 1831 2674 τῶν

244 2717 545 2787 θαυμάτων
569 2716 800 2787 διόπτρα
864 2715 1203 2786 πανταχόθεν
1254 2714 1346 2767 τὸν
1388 2712 1561 2783 μέγαν
1606 2728 1836 2764 κατακο-

247 2809 590 2881 σμούμενον,
614 2810 663 2861 εί
697 2808 792 2863 καὶ
823 2809 918 2862 τοῦ
952 2809 1144 2879 χρόνου
1180 2807 1257 2878 τῷ
1292 2807 1456 2877 μήκει
1487 2807 1577 2859 τά’
1602 2805 1831 2858 πλεῖστα

244 2899 460 2953 τούτων
488 2901 515 2953 ό
541 2901 639 2971 τῆς
668 2900 841 2970 λήθης
868 2899 1027 2970 βυθὸς
1060 2899 1443 2969 ὲθησαύρισεν.
1516 2898 1654 2951 Ἀλλ’
1715 2897 1836 2949 ἐπεὶ

247 2993 319 3047 δι’
351 2993 635 3056 ἀσθενείας
674 2996 701 3047 ό
736 2994 895 3061 λόγος
924 2991 1184 3061 ἀμυδρῶς
1238 3009 1353 3054 πως
1378 2990 1477 3053 τὰς
1508 2988 1674 3042 αὑτοῦ
1710 2990 1836 3057 ἀρι-

2006 2533 2145 2600 Quid
2192 2550 2318 2589 vero
2359 2536 2573 2606 singula
2619 2538 2973 2608 prosequar?
3030 2536 3173 2593 Sane
3234 2538 3524 2609 probatum

1933 2626 2038 2681 fuit
2096 2643 2355 2696 magnum
2406 2629 2553 2686 [nunc
2607 2632 2782 2684 virum
2842 2631 3163 2702 prophetico
3238 2631 3567 2687 schemate]

1934 2717 2325 2772 miraculorum
2371 2719 2585 2789 dioptra
2622 2721 2852 2775 omnino
2885 2731 3142 2776 ornatum
3176 2737 3316 2787 esse,
3347 2738 3526 2794 quan-

1932 2823 2095 2877 quam
2121 2810 2282 2879 longo
2338 2813 2599 2880 temporis
2655 2812 2807 2880 lapsu
2846 2813 3105 2883 pleraque
3136 2814 3351 2869 illorum
3380 2816 3521 2870 obli-

1932 2899 2107 2953 vionis
2126 2901 2452 2969 profundum
2478 2903 2781 2957 absorbuit.
2802 2902 2941 2969 Quia
2990 2904 3273 2957 enimvero
3294 2905 3526 2959 obscure

1943 2993 2348 3060 quodammodo
2384 3008 2494 3062 pra:
2519 3009 2616 3047 sua
2652 2994 3023 3049 imbecillitate
3053 2995 3299 3049 instituta
3326 2995 3523 3060 oratio,

250 3086 442 3149 στείας
473 3085 885 3153 ὑπεσημάνατο,
915 3085 1050 3153 φέρε
1076 3082 1307 3137 καθόσον
1343 3076 1455 3136 οἷόν
1484 3099 1563 3144 τε,
1596 3083 1706 3141 τοῖς
1729 3096 1832 3132 πα-

1944 3083 2064 3152 ejus
2117 3099 2206 3138 res
2246 3086 2501 3153 praeclare
2543 3095 2722 3153 gestas
2753 3086 3059 3156 designavit
3091 3105 3106 3143 :
3138 3102 3235 3158 age
3260 3089 3395 3157 jam,
3438 3106 3525 3144 res

247 3178 426 3243 λαιοῖς
456 3176 525 3231 τά
566 3177 778 3230 ἐκείνου
823 3177 1186 3245 συνάψαντες,
1216 3173 1516 3228 κάντεῦθεν
1548 3173 1638 3225 τὸν
1670 3171 1838 3243 ἄνδρα

251 3268 639 3339 γνωρίσωμεν.
699 3268 773 3321 Οὐ
810 3268 921 3337 γὰρ
980 3268 1185 3337 μερικά
1242 3264 1335 3319 τοῦ
1397 3263 1716 3334 Πνεῦματος
1768 3264 1837 3315 τὰ

252 3360 612 3431 χαρίσματα,
666 3360 714 3412 εί
784 3361 878 3413 καὶ
905 3359 1164 3429 διάφορος
1216 3360 1249 3426 ἡ
1304 3357 1510 3410 τούτων
1564 3356 1834 3425 ἐνέργεια.

250 3452 424 3506 Μόνοι
453 3454 562 3521 γὰρ
625 3452 704 3515 είς
740 3451 1006 3522 ἀλλήλους
1043 3450 1460 3521 διαμερίξομεν,
1493 3447 1554 3500 τὸ
1588 3464 1839 3517 προσπα-

250 3545 344 3608 os;
377 3546 538 3617 ἡμεῖς
565 3545 781 3615 ἑκάστῳ
817 3545 886 3598 τὰ
918 3543 1102 3615 ἀμερῆ
1138 3543 1196 3595 ὲν
1260 3543 1413 3613 μέρει
1446 3541 1690 3612 μερικῶς
1720 3556 1839 3592 συν-

250 3637 510 3703 ωτῶντες
541 3638 639 3711 τῆς
664 3638 922 3709 σχέσεως.
944 3636 1156 3691 Οὐτωσὶ
1186 3637 1244 3690 δὲ
1268 3637 1655 3707 σκοπήσωμεν.

320 3916 639 3988 Θαυμάζεις
685 3915 854 3969 Ἀϐελ
892 3914 990 3985 τὴν
1024 3914 1122 3985 τῆς
1176 3913 1405 3985 καρδίας
1431 3912 1705 3984 εὐθύτητα
1744 3916 1837 3966 καὶ

246 4010 320 4064 τά
349 4008 611 4080 ἀρτιγενῆ
641 4006 749 4059 τῶν
788 4006 976 4078 δώρων
1002 4005 1346 4077 πρωτότοκα,
1380 4004 1503 4057 ἐπεὶ
1564 4005 1659 4057 καὶ
1698 4006 1835 4073 πρὸς

246 4104 387 4156 Θεοῦ
410 4103 501 4155 τὸν
527 4101 747 4155 ἔπαινον
787 4100 1124 4167 ἀπειλήφασι
1149 4115 1162 4128 ο
1191 4098 1290 4167 τήν
1315 4114 1369 4149 τε
1403 4094 1495 4150 τοῦ
1535 4094 1701 4158 Ἐνὼς
1749 4096 1835 4148 ὲλ-

247 4196 403 4260 πίδα,
436 4195 531 4248 καὶ
546 4192 716 4263 Ἑνὼχ
732 4194 830 4264 τὴν
866 4192 1185 4262 μετάθεσιν·
1220 4190 1524 4260 θαύμασον,
1546 4191 1595 4243 εί
1629 4188 1833 4259 βούλει,

248 4288 348 4357 τὴν
382 4285 442 4351 ἐξ
480 4286 647 4355 αὐτῆς
687 4286 1013 4353 νηπιότητος
1074 4283 1170 4337 καὶ
1207 4282 1399 4335 τούτου
1435 4281 1535 4352 τὴν
1575 4282 1837 4353 ἀρτιγενῆ

247 4379 362 4431 τῶν
388 4378 599 4448 φρενῶν
628 4383 761 4447 πρὸς
792 4378 851 4429 τὸ
880 4376 1034 4428 Θεῖον
1090 4375 1405 4430 ἀλλοίωσιν·
1443 4376 1543 4446 τήν
1572 4391 1633 4427 τε
1686 4391 1833 4443 γενι-

1942 3174 2062 3243 ejus
2106 3175 2456 3244 antiquorum
2522 3177 2685 3232 rebus
2740 3178 2909 3248 gestis
2966 3177 3337 3244 conferentes,
3395 3180 3526 3234 hinc

1941 3280 2161 3334 quoque
2212 3266 2554 3320 declaremus
2606 3266 2705 3319 viri
2762 3266 3153 3336 prmstamiam.
3220 3268 3331 3323 Nec
3378 3270 3524 3324 enim

1944 3358 2180 3429 Spiritus
2231 3358 2374 3412 dona
2428 3359 2777 3428 particularia
2834 3369 2985 3424 sunt,
3024 3361 3266 3431 locisque
3290 3375 3353 3416 ac
3403 3378 3526 3432 per-

1941 3451 2089 3503 sonis
2151 3449 2387 3514 addicta,
2438 3451 2654 3505 tametsi
2704 3466 2896 3505 eorum
2931 3451 3112 3506 virtus
3164 3462 3249 3506 est
3286 3452 3522 3508 diversa.

1942 3542 2263 3613 Soliquippe
2280 3558 2397 3607 nos,
2417 3557 2537 3612 quae
2561 3541 2836 3596 individua
2861 3551 3012 3610 sunt,
3031 3543 3085 3596 in
3112 3552 3263 3613 parte
3280 3545 3526 3612 particu-

1942 3635 2092 3688 latim
2124 3636 2174 3689 in
2206 3635 2438 3689 invicem
2471 3635 2737 3704 partimur
2763 3650 2827 3688 ac
2847 3634 3168 3699 dividimus,
3192 3650 3299 3705 qua
3331 3652 3527 3693 sumus

1943 3731 1995 3783 in
2034 3730 2269 3800 aliquos,
2313 3728 2655 3785 alfcctionem
2690 3730 3003 3800 prodentes.
3063 3728 3155 3785 Sic
3182 3740 3363 3787 autem
3397 3746 3529 3787 c0n~

1944 3821 2270 3879 sideremus.

2013 3913 2230 3969 Miraris
2268 3915 2454 3969 Abelis
2487 3929 2582 3969 cor
2632 3922 2869 3977 rectum,
2914 3931 3169 3985 novaque
3232 3931 3521 3973 munerum

1942 4007 2234 4077 primitiva,
2269 4008 2491 4077 quando
2522 4009 2685 4061 etiam
2718 4022 2747 4060 a
2777 4006 2887 4060 Deo
2916 4008 3131 4063 Iaudem
3158 4020 3477 4064 meruerunt
3508 4030 3521 4065 :

1941 4115 2091 4167 Spem
2105 4114 2322 4168 quoque
2339 4098 2503 4163 Enos,
2526 4114 2588 4153 ac
2603 4098 2811 4152 Enocbi
2833 4099 3246 4156 translationem
3271 4116 3285 4155 :
3335 4118 3521 4157 verum

1943 4192 2106 4261 lmjus
2124 4206 2363 4261 quoque,
2382 4188 2425 4245 si
2447 4192 2616 4252 lubet.
2638 4191 2839 4246 mirare
2858 4193 2925 4245 ab
2941 4191 3165 4247 infantia
3192 4194 3308 4264 ipsa
3327 4209 3523 4249 novam

1943 4297 2139 4337 sensus
2171 4282 2337 4336 animi
2366 4284 2418 4336 in
2448 4279 2613 4337 Deum
2646 4283 3097 4349 demntationem,
3132 4285 3528 4357 universasque

1944 4385 2164 4430 aetatum
2188 4375 2460 4446 primitias
2482 4394 2496 4442 ;
2518 4376 3085 4448 rationalis,inquam,
3112 4378 3302 4434 hostia:
3331 4396 3394 4435 ex
3411 4382 3525 4451 spi-

248 4470 353 4542 κὴν
384 4470 493 4523 τῶν
531 4470 756 4540 ἡλικιῶν
796 4470 1070 4540 ἀπαρχὴν,
1098 4467 1197 4538 τῆς
1228 4467 1475 4537 λογικῆς,
1518 4468 1660 4538 φημὶ
1683 4508 1698 4533 ,
1731 4467 1826 4520 θυ-

1941 4468 2041 4522 ritu
2059 4468 2697 4538 contrito,pretiosiorem
2715 4486 2999 4523 munermn
3017 4470 3369 4538 oblationem,
3382 4490 3527 4543 qua:-

250 4565 377 4621 ata;
448 4563 513 4614 ἐκ
581 4561 890 4629 πνεύματος
957 4560 1446 4630 συντετριμμένου,
1500 4560 1833 4640 τιμιωτέραν

248 4657 363 4709 τῶν
396 4653 585 4727 δώρων
613 4654 890 4719 ἀνάθεσιν,
922 4655 1015 4707 καὶ
1054 4654 1154 4723 τὴν
1196 4652 1446 4706 ἐντεῦθεν
1496 4654 1708 4719 ἐλπίδα,
1741 4656 1835 4706 καὶ

247 4750 350 4821 τὴν
389 4747 485 4801 τοῦ
534 4747 655 4811 νοὸς
706 4748 843 4817 πρὸς
885 4747 953 4799 τὰ
995 4747 1136 4817 ὑπὲρ
1183 4744 1437 4816 αἴσθησιν
1486 4745 1837 4816 καθεκάστην

248 4842 615 4913 ὲγγινομένην
656 4840 981 4911 μετάθεσινθ
1017 4841 1140 4893 ὅσον
1175 4840 1292 4892 ἐκεῖ
1319 4841 1438 4910 μὲν,
1474 4841 1538 4892 ἐκ
1567 4839 1677 4892 τῶν
1706 4841 1835 4911 περὶ

249 4932 437 4987 αὐτῶν
457 4975 472 4993 ,
504 4932 568 4983 ὲκ
596 4931 703 4985 τῶν
754 4930 873 4983 κατ’
905 4929 1064 4983 αὐτὸν
1095 4930 1150 4982 δὲ
1182 4929 1355 5001 τούτῳ
1388 4930 1485 4999 τῆς
1515 4930 1833 5000 προσφορᾶς

248 5026 283 5094 ἡ
338 5022 641 5084 τελείωσις.
681 5023 742 5075 Εἰ
792 5020 976 5092 δὲτὴν
1012 5019 1103 5074 τοῦ
1147 5021 1575 5092 πρωτοπάτορος
1602 5022 1660 5073 ὲν
1688 5021 1835 5089 χειρὶ

248 5116 388 5170 Θεοῦ
424 5117 727 5186 γενομένην
771 5115 1086 5179 διάπλασιν,
1122 5114 1218 5167 καὶ
1253 5114 1352 5183 τὴν
1404 5116 1461 5167 ὲν
1515 5114 1834 5185 παραδείσῳ

248 5207 559 5279 διατριϐὴν,
596 5208 690 5261 καὶ
712 5207 809 5278 τὴν
831 5207 1057 5276 πρώτην
1087 5204 1408 5271 νομοθεσίαν
1445 5204 1835 5273 ἀντεπεξάγοις

248 5301 327 5369 τῷ
360 5300 616 5371 ἡμετέρῳ
646 5296 843 5370 Πατρὶ,
892 5286 1162 5366 μεῖζον,’ἣ
1189 5296 1409 5350 ἔλαττον
1440 5296 1694 5366 εὑρήσεις
1724 5296 1832 5365 τῆς

250 5394 462 5466 ἀρετῆς
483 5394 542 5445 τὸ
576 5392 887 5463 ἐγκώμιον,
960 5391 1056 5461 τὴν
1110 5391 1210 5459 τῆς
1265 5391 1485 5461 ἐντολῆς
1544 5390 1835 5459 ὑφαίρεσιν

248 5488 444 5557 ἄρτιον
482 5485 730 5539 ἐντεῦθεν
778 5484 1360 5555 προσλαμϐανόμενος,
1391 5484 1491 5554 τήν
1537 5500 1594 5535 τε
1620 5484 1678 5537 ὲν
1725 5500 1834 5537 πα-

252 5578 496 5651 ραδείσῳ
523 5578 636 5645 (56)
667 5578 879 5646 τρυφὴν
909 5576 1032 5628 ὅσον
1060 5574 1214 5627 οὔπω
1252 5574 1390 5645 μετά
1428 5574 1651 5629 δικαίων
1700 5576 1835 5629 ἀπο-

1936 4575 2043 4629 quc
2068 4561 2192 4614 inde
2210 4576 2351 4629 spes.
2381 4575 2445 4615 ac
2470 4562 2668 4615 mentis
2696 4563 3037 4631 quozidiatta,
3065 4564 3132 4617 ad
3156 4579 3216 4617 ea
3249 4580 3369 4634 quae
3399 4581 3527 4620 sen-

1939 4666 2060 4706 sum
2091 4662 2444 4719 exsuperant,
2474 4652 2760 4707 translatio
2794 4654 3000 4709 accedit
3029 4672 3042 4708 :
3071 4665 3281 4724 quanto
3305 4657 3433 4723 illic,
3459 4674 3528 4713 ex

1939 4742 2315 4797 circumstanti
2334 4752 2667 4814 externaque
2691 4745 3021 4809 substantia,
3079 4746 3207 4802 huic
3232 4755 3437 4811 autem,
3459 4763 3523 4802 ex

1942 4835 2194 4906 ipsismet
2241 4836 2485 4906 propriis
2516 4837 2722 4890 oblatio
2754 4848 3191 4894 consummatur.
3218 4839 3312 4894 Sin
3344 4850 3525 4895 autem

1938 4929 2256 4999 protoplasti
2302 4930 2356 4984 in
2403 4945 2566 4983 manu
2597 4928 2691 4985 Dei
2752 4929 3134 4986 formationem
3159 4971 3175 4995 ,
3206 4947 3529 5002 moramque

1936 5029 1991 5081 in
2042 5023 2318 5092 paradiso,
2352 5038 2416 5077 ac
2453 5022 2631 5091 primo
2691 5023 2858 5077 latam
2904 5024 3100 5093 legem,
3150 5023 3295 5078 Patri
3336 5033 3528 5079 nostro

1937 5128 2001 5168 ex
2042 5114 2271 5168 adverso
2325 5113 2685 5184 produxeris;
2720 5115 2920 5186 majus,
2953 5132 3115 5186 quam
3152 5118 3333 5173 minus
3360 5132 3527 5173 enco-

1941 5204 2111 5258 mium
2144 5203 2365 5257 virtutis
2412 5202 2731 5271 inveneris;
2768 5205 3034 5275 integram
3091 5206 3215 5267 inde
3281 5206 3528 5262 mandati

1943 5296 2353 5365 abrogationem
2388 5310 2697 5359 assumens,
2732 5297 3079 5366 paradisique
3134 5298 3228 5351 vix
3263 5313 3370 5353 non
3398 5314 3524 5352 cum

1936 5388 2438 5457 justisaccemurus
2456 5388 2787 5455 voluptatem
2812 5405 2823 5442 :
2845 5388 3143 5457 siquidem,
3166 5388 3320 5456 juxta
3343 5390 3528 5457 magni

1941 5483 2093 5538 Pauli
2125 5482 2475 5547 sententiam,
2537 5481 2877 5552 impossibile
2914 5490 2998 5537 est
3028 5497 3360 5551 quemquam
3391 5498 3526 5537 con-

1941 5577 2207 5632 summari
2236 5576 2303 5630 “.

246 5675 314 5744 λη
329 5672 557 5744 ρόμενος
584 5687 597 5703 ·
630 5671 754 5723 ἐπεὶ⁸
787 5671 858 5741 μὴ
888 5666 999 5725 οἷόν
1023 5670 1083 5724 τέ
1115 5687 1237 5723 τινα
1264 5669 1614 5738 τελειωθῆναι
1640 5671 1800 5735 κατὰ,
1839 5672 1930 5726 τὸν
1963 5673 2136 5743 μέγαν
2184 5672 2529 5726 ⁹Λπόστολον.

321 5790 368 5820 ’⁵
403 5787 566 5844 Hebr.
608 5806 665 5855 ιι,
699 5789 787 5843 40.

1415 5858 1666 5915 FRANC.
1700 5856 2092 5917 COMBEFISII
2130 5859 2361 5918 ΝΟΤᾹΞ.

328 5954 445 6027 (56)
473 5954 801 6027 Quanquam
856 5955 1070 6011 videtur
1116 5965 1309 6013 auctor
1368 5957 1657 6016 obscurius
1713 5958 1883 6029 loqui,
1920 5959 2053 6018 satis
2108 5968 2288 6015 tamen
2333 5958 2538 6015 indicat
2599 5970 2865 6022 errorem,
2924 5954 3208 6024 utriusque
3268 5954 3526 6009 Ecclesia:
