3978 6594
316 471 418 536 921

1441 481 1619 542 VITA
1657 483 1717 543 S.
1757 483 2063 544 NICOLAI
2105 485 2478 549 STUDITE.

3457 494 3563 560 922

393 589 455 641 Εἰ
483 587 540 640 δὲ
576 586 672 641 καὶ
709 589 807 658 τὴν
828 588 886 642 ἐν
914 589 1178 661 Αἰγύπτῳ
1234 591 1329 646 τοῦ
1384 593 1582 665 Ἰωσὴφ
1625 597 1868 649 σιτοδεία*

2060 598 2214 664 Quod
2248 601 2293 654 si
2332 602 2495 654 etiam
2523 599 2743 671 Jusephi
2775 601 2830 657 in
2872 603 3109 676 Atlgypto
3171 605 3561 662 frumentatio-

318 678 640 750 ἐπιζητοίης
680 680 1034 750 ὲκὸήσεσθαι,
1099 683 1336 754 πρόῆηθι
1384 684 1593 749 λοιπὸν,
1642 689 1737 740 καὶ
1767 688 1886 758 ὕψει

1992 706 2113 742 nem
2136 692 2338 759 quiaaris
2357 693 2422 755 ³⁷,
2444 694 2672 761 procede
2698 696 2877 759 modo,
2909 699 3108 761 majora
3132 714 3239 765 prae
3262 699 3328 752 iis
3345 699 3565 755 visurus

318 771 490 838 μείζω
519 773 628 824 τῶν
670 790 753 826 σοι
777 775 1161 844 ἐξητασμένων
1182 778 1282 847 τὴν
1295 777 1550 850 ὕπαρξιν.
1595 782 1749 835 Ἐπεὶ
1779 783 1868 854 γάι

1988 796 2112 850 qua:
2139 783 2506 851 interrogasti.
2531 785 2666 838 Nam
2691 787 2838 857 quia,
2859 789 3016 856 juxta
3051 791 3197 860 quod
3230 791 3306 844 ait
3332 807 3563 861 magnus

314 862 420 914 ἔδει
437 862 645 928 τοῦτον,
667 867 804 919 κατὰ
821 867 911 920 τὸν
929 867 1100 938 μέγαν
1116 869 1455 936 ’Λπόστολον,
1475 873 1572 942 τῆς
1586 875 1886 945 ἀθλητικῆς

312 953 656 1024 παλαίστρας
680 957 858 1020 καλῶς
883 959 974 1010 τὸν
993 959 1182 1027 ἀγῶνα.
1212 963 1645 1033 ἀγωνισάμενον,
1686 964 1746 1016 τὸ
1778 983 1886 1019 κοι-

310 1043 404 1096 νὸν
425 1047 681 1098 ἀποτῖσαι
707 1049 866 1118 χρέος
893 1051 991 1120 τῆς
1018 1051 1232 1119 φύσεως
1275 1051 1364 1125 (ἦν
1389 1055 1456 1109 δι’
1485 1057 1764 1128 ἁρῤωσίας
1790 1059 1885 1112 ἐπὶ

307 1135 401 1186 τοῦ
417 1136 713 1204 σκίμποδος
733 1141 922 1193 άνακεί
928 1160 1108 1212 μενος,
1123 1145 1231 1197 τῶν
1255 1147 1461 1200 τέκνων
1479 1149 1757 1218 στοιχηδὸν
1778 1150 1881 1220 ἤδη

309 1230 740 1295 παρισταμένων
787 1231 956 1302 αύτῷ,
991 1235 1172 1289 καὶτὰ
1220 1235 1316 1289 τοῦ
1379 1238 1584 1303 πάθους
1631 1241 1882 1312 σχετλια-

309 1314 511 1378 ζόντων
541 1320 758 1388 ἐξόδια),
794 1326 967 1377 εἰπεῖν
995 1326 1209 1394 λέγεται
1236 1329 1328 1381 τὸν
1354 1333 1628 1402 μακάριον
1657 1373 1672 1397 ,
1716 1334 1791 1404 μή
1824 1352 1879 1386 τι

307 1409 417 1462 τῶν
431 1413 780 1482 καθηκόντων
805 1419 1202 1488 ἐφυστεροῖντο,
1228 1423 1478 1476 ἐντεῦθεν
1508 1425 1606 1494 τὴν
1635 1427 1880 1496 άθυμοῦ·

308 1517 407 1552 σαν
432 1501 636 1570 αὐτῶν,
662 1505 736 1566 ὼς
756 1502 930 1576 οἶμαι,
947 1508 1124 1581 ψυχὴν
1141 1515 1659 1584 κατεγγυῖζόμενος.
1707 1519 1768 1570 Οί
1797 1518 1875 1580 δὲ,

307 1589 706 1661 θρυλληθέντες
737 1599 815 1668 τῷ
843 1602 1126 1672 παραδόξῳ
1161 1603 1256 1657 τοῦ
1290 1607 1500 1677 Πατρὸς
1527 1610 1872 1679 ἐρωτήματι,

303 1681 620 1748 ἀνεδίδαξαν
663 1687 759 1757 τὴν
800 1693 1128 1760 προσφάτως
1171 1696 1356 1760 αὐτοῖς
1399 1699 1636 1770 χρειώδη
1661 1701 1755 1753 τοῦ
1791 1700 1875 1754 σί-

301 1789 398 1826 του
447 1774 655 1829 ἐνδειαν
677 1782 1152 1852 παραστήσαντες.

372 1865 506 1920 Τότε
530 1869 794 1936 στενάξας
845 1875 873 1927 ὁ
909 1875 1237 1945 μέγαςνκαὶ
1262 1878 1449 1945 ἔνθους
1484 1881 1676 1953 ὥσπερ
1717 1885 1874 1952 γενό-

305 1973 488 2024 μενος,
530 1961 677 2030 Ἐγὼ
696 1963 813 2032 μὲν
841 1965 1062 2036 ἄπειμι,
1093 1971 1247 2040 φησὶ,
1299 1972 1398 2025 καί
1449 1978 1876 2042 ιιεταναστεύω
1909 1954 1949 2008 Β

301 2050 454 2117 πρὸς
491 2049 636 2118 τοὺς
665 2054 926 2122 πατέρας
943 2075 1085 2124 μου.
1124 2055 1270 2112 Οἶδα
1295 2061 1403 2130 γὰρ
1431 2062 1520 2116 ὅτι
1557 2065 1736 2120 τοῦτό
1768 2083 1872 2135 μοι

299 2139 371 2191 τὰ
398 2139 515 2192 νῦν
538 2141 922 2197 ἀποκείσεται
945 2161 960 2176 °
998 2148 1142 2216 ὑμῖν
1175 2149 1314 2214 δὲ,ό
1349 2151 1428 2230 τῷ
1476 2155 1724 2222 Ἰσραὴλ
1757 2156 1872 2210 πά-

297 2235 400 2284 .tat
441 2233 510 2286 τὸ
557 2234 762 2303 μάννα
817 2239 886 2292 ἐν
939 2240 1013 2308 τῇ
1057 2243 1276 2314 ἐρήμῳ,
1332 2246 1432 2300 καί
1488 2249 1554 2302 τὸ
1602 2249 1758 2318 ὕδωρ
1803 2251 1872 2305 ἐκ

295 2325 521 2394 πέτρας
584 2329 1132 2404 δαψιλευσάμενος,
1184 2339 1335 2406 μετὰ
1382 2341 1591 2410 τρίτην
1639 2342 1874 2410 ἡμέραν

298 2417 410 2485 τῆς
431 2418 582 2487 ἐμῆς
617 2422 717 2490 ἀφ’
745 2422 913 2492 ὑμῶν
948 2426 1322 2496 διαζεύξεως,
1357 2434 1545 2500 αὐτὸς
1590 2437 1735 2503 ὑμῖν
1763 2437 1874 2490 τὸν

295 2509 473 2562 σῖτον
515 2516 600 2580 είς
649 2518 836 2583 κόρον
877 2519 1283 2589 παράσχηται.
1343 2526 1546 2582 Καὶ...
1602 2528 1680 2599 τῷ
1729 2529 1875 2600 λόγῳ

299 2602 654 2674 ύποσημᾶναι
695 2611 811 2670 τοῖς
846 2611 1098 2680 ἀδελφοῖς
1136 2614 1204 2667 τὰ
1233 2615 1327 2668 τοῦ
1356 2617 1517 2682 ξύλου
1549 2619 1870 2691 κρούσματα

296 2698 874 2770 παρακελευσάμενος,
929 2704 1005 2768 ὡς
1054 2705 1132 2776 τῷ
1165 2708 1296 2780 ίερῷ
1334 2709 1411 2780 τῷ
1463 2712 1711 2782 μοναχῶν
1777 2731 1872 2766 συς

297 2779 534 2850 στήματι
594 2781 707 2855 [γρ.
759 2787 989 2860 τὸίερὸν
1050 2793 1329 2866 σύστημα]
1363 2779 1391 2860 ,ί
1449 2779 1542 2850 ἐπὶ
1602 2779 1675 2852 ’τὸ
1741 2801 1872 2853 αὐτὸ

299 2871 688 2941 συναθροισθὲν
720 2875 1002 2945 ἐθεάσατο,
1026 2881 1101 2945 ὡς
1129 2876 1241 2936 οἷόν
1285 2903 1366 2951 τε,
1397 2887 1570 2959 τούτῳ
1595 2890 1665 2941 τὰ
1693 2891 1869 2955 ἐξόδια

299 2963 823 3054 προσφθεγξάμενος
875 2972 1115 3042 ῥήματα,
1160 2979 1566 3047 προχειρίζεται
1591 2983 1730 3050 μετὰ
1770 2986 1868 3054 τῆς

296 3051 504 3106 τούτων
537 3055 733 3127 βουλῆς
763 3060 852 3111 τὸν
883 3061 1352 3135 καθηγησόμενον.
1382 3069 1616 3139 Κλήμης
1651 3071 1704 3122 δὲ
1739 3051 1870 3143 ἦννό

297 3143 620 3214 θαυμάσιος,
649 3153 676 3202 ὁ
722 3152 1060 3222 φερωνύμως
1108 3156 1185 3219 ὡς
1241 3156 1428 3227 κλῆμα
1489 3161 1864 3233 κατάκαρπον,

294 3237 568 3302 ἀειθαλεῖς
594 3244 718 3305 τοὺς
740 3244 850 3297 τῶν
899 3247 1110 3318 ἀρετῶν
1159 3250 1552 3320 ἐπιφερόμενος
1600 3256 1866 3326 βότρυας,

293 3330 386 3382 τὸν
413 3332 506 3385 τοῦ
530 3334 814 3406 οἰκονόμου
834 3338 952 3390 τότε
986 3338 1192 3410 βαθμὸν
1235 3346 1652 3415 μετερχόμενος.

363 3423 536 3488 Αὐτὸς
576 3426 630 3478 δὲ
692 3429 888 3498 μικρὸν
941 3435 1388 3504 κατατρυχωθεὶς
1450 3437 1525 3507 τῷ
1574 3440 1867 3511 νοσήματι,

293 3511 532 3582 ἔκδημος
563 3516 681 3579 ὅλος
712 3520 806 3570 καὶ
835 3519 940 3590 πρὸ
969 3521 1069 3590 τῆς
1097 3523 1366 3594 ἐκδημίας
1389 3528 1456 3596 τῇ
1493 3526 1586 3580 τοῦ
1619 3529 1737 3592 νοὸς
1770 3547 1870 3598 μεσο

294 3604 646 3659 ταθέσειτῷν
703 3609 852 3662 ἐνθεν
896 3613 1208 3682 γενόμενος,
1257 3616 1458 3686 ἐξάρας
1513 3619 1638 3682 τοὺς
1678 3621 1867 3686 πόδας,

293 3697 390 3749 καὶ
419 3699 698 3770 σταυρικῷ
729 3703 824 3763 τὰς
847 3705 1032 3773 χεῖρας
1066 3710 1323 3770 τυπώσας
1352 3707 1428 3778 τῷ
1457 3710 1720 3779 σχήματι,
1755 3716 1868 3776 τοῖς

290 3787 599 3856 ἀπάγουσιν
643 3792 814 3862 αὐτὴν
863 3794 1040 3863 ἁγίοις
1078 3796 1330 3865 ἀγγέλοις
1365 3799 1505 3867 μετά
1532 3801 1732 3870 πολλῆς
1767 3803 1868 3871 τῆς

290 3883 609 3955 παρρησίας
633 3884 729 3954 τὴν
759 3884 936 3956 ψυχὴν
978 3887 1296 3952 ἐναπέθετο,
1343 3889 1422 3960 τῷ
1475 3890 1866 3963 ἑϐδομηκοστῷ

286 3977 385 4028 καὶ
417 3977 652 4046 πέμπτῳ
673 3978 772 4048 τῆς
795 3980 938 4050 ζωῆς
962 3981 1127 4033 αὑτοῦ
1159 3985 1336 4052 χρόνῳ
1355 4022 1368 4046 ,
1407 3983 1867 4055 ἑξακισχιλιοστῷ

284 4068 342 4119 δὲ
376 4071 768 4141 τριακοσιοστῷ
838 4071 1220 4144 ἑϐδομηκοστῷ
1277 4074 1421 4144 ἕκτῳ
1458 4076 1581 4145 ’τῆς
1627 4078 1720 4129 τοῦ
1773 4077 1865 4130 κό-

286 4175 426 4227 σμου
457 4160 791 4226 συστάσεως,
821 4163 1057 4236 τετάρτῃ
1091 4164 1185 4218 τοῦ
1237 4165 1488 4237 Περιτίου
1525 4166 1716 4238 μηνὸς,
1769 4169 1866 4237 τῆς

283 4251 510 4322 πρώτης
546 4253 898 4319 ίνδικτιῶνος,
925 4257 983 4319 ὃς
1013 4258 1129 4309 ἐστι
1157 4257 1544 4328 Φεϐρουάριος.

354 4344 430 4398 Τὸ
459 4344 514 4397 δὲ
546 4345 898 4400 πολύστικτον
937 4347 1102 4400 αὑτοῦ
1162 4351 1259 4402 καὶ
1312 4349 1618 4404 πολύαθλον
1643 4351 1861 4421 σκῆνος,

284 4435 426 4505 μετὰ
451 4437 800 4506 Ναυκρατίου
832 4438 927 4490 τοῦ
967 4441 1216 4512 μάκαρος
1246 4441 1536 4510 κατετέθη,
1588 4443 1727 4512 πρὸς
1779 4441 1858 4512 τῷ

278 4525 440 4596 δεξιῷ
467 4526 641 4597 μέρει,
681 4529 737 4580 ἐν
764 4529 840 4598 τῷ
867 4533 984 4582 κατ’
1015 4531 1282 4594 ἀνατολὰς
1339 4531 1432 4584 τοῦ
1485 4532 1860 4604 Προδρομικοῦ

1985 873 2302 937 Apostolus,
2326 883 2611 942 postquam
2640 876 2914 932 athletica:
2941 879 3203 947 palaestra:
3228 878 3366 933 bene
3383 891 3563 932 certa-

1989 977 2110 1016 men
2142 974 2428 1029 certasset,
2461 982 2754 1023 commune
2805 971 3023 1024 tandem
3061 980 3269 1026 natum
3318 972 3560 1026 debitum

1986 1056 2388 1124 persoluturus,
2414 1061 2604 1114 morbo
2630 1063 2901 1127 detentus,
2937 1064 3127 1116 humili
3159 1063 3376 1133 jacebat
3398 1065 3560 1128 lecto,

1984 1146 2111 1200 [iliis
2141 1147 2252 1215 jam
2290 1149 2496 1202 circum
2539 1151 2814 1204 turmatim
2842 1153 3210 1217 adstantibus,
3253 1156 3560 1224 mortisque

1982 1238 2172 1291 exodia
2207 1239 2344 1292 tristi
2382 1240 2528 1294 luctu
2569 1242 2948 1312 plangentibus
2985 1265 2999 1300 :
3030 1247 3316 1314 quaesiisse
3375 1247 3560 1302 ferunt

1982 1328 2158 1382 virum
2191 1330 2433 1396 beatum,
2464 1349 2592 1386 num
2621 1335 2806 1404 aliquo
2825 1337 3258 1391 necessariorum
3282 1348 3556 1402 carerent,

1982 1430 2230 1473 mmstam
2260 1431 2388 1486 puto
2441 1439 2502 1477 ea
2537 1427 2749 1480 ratione
2789 1443 2980 1480 eorum
3030 1430 3393 1498 oppignerans
3426 1431 3552 1484 ani-

1980 1526 2146 1565 mam.
2177 1513 2252 1566 illi
2287 1523 2467 1569 autem
2493 1531 2632 1570 nova
2671 1533 2736 1572 ac
2793 1518 3013 1573 insolita
3057 1521 3236 1574 Patris
3269 1531 3556 1589 perconta-

1982 1603 2127 1658 tione
2169 1606 2390 1669 turltati,
2424 1623 2563 1670 eam,
2597 1623 2719 1677 qua:
2754 1624 2924 1677 nuper
2954 1609 3248 1675 acciderat,
3283 1626 3557 1682 exposue-

1977 1705 2104 1750 runt
2137 1698 2458 1753 necessarize
2489 1714 2720 1754 annona:
2754 1702 3062 1770 penuriam.

2049 1879 2204 1936 Tunc
2271 1880 2354 1934 vir
2431 1898 2663 1951 magnus
2716 1883 2884 1938 altum
2943 1893 3168 1954 pectore
3243 1888 3550 1956 suspirium

1977 1971 2202 2036 ducens,
2235 1987 2299 2028 ac
2328 1974 2470 2028 velut
2496 1975 2706 2030 afﬂatus
2737 1975 2999 2031 Numine:
3041 1977 3316 2046 Equidem,
3345 1979 3551 2048 inquit,

1976 2065 2126 2126 abeo,
2160 2073 2316 2132 atque
2353 2063 2421 2115 ad
2449 2080 2588 2118 meos
2640 2075 2822 2134 putres
2865 2068 3172 2135 commigro.
3251 2066 3363 2120 Iloc
3415 2069 3554 2121 enim

1975 2155 2031 2206 in
2057 2156 2460 2222 prwsentiarum
2501 2157 2628 2210 mihi
2677 2160 2960 2224 repositum
2988 2160 3135 2212 scio:
3177 2160 3316 2213 vobis
3357 2170 3554 2219 autem.

1974 2247 2022 2300 is
2049 2249 2141 2316 qui
2167 2248 2290 2300 olint
2325 2265 2520 2303 manna
2555 2250 2749 2305 Israeli
2803 2253 2856 2304 in
2889 2253 3113 2316 deserto,
3143 2269 3205 2305 ac
3262 2269 3454 2321 aquam
3492 2253 3558 2306 de

1973 2352 2119 2408 petra
2145 2338 2352 2394 abunde
2396 2343 2774 2410 suppeditavit,
2827 2346 2935 2411 ipse
2958 2343 3120 2408 vobis,
3173 2344 3351 2396 triduo
3374 2361 3404 2396 a
3430 2361 3570 2397 mea'

1973 2431 2348 2498 disjunctione,
2397 2433 2604 2503 largum
2633 2452 2856 2489 annona:
2879 2435 3129 2504 prwbebit
3168 2445 3514 2488 commeatum
3533 2475 3555 2492 .

1975 2521 2078 2577 Ubi
2121 2532 2301 2576 autem
2334 2524 2452 2578 dari
2482 2526 2698 2593 signum
2733 2527 2997 2581 fratribus
3033 2527 3160 2595 ligni
3208 2528 3551 2596 pulsatione,

1976 2612 2166 2667 humili
2213 2616 2364 2669 vocis
2405 2616 2777 2672 insinuatione
2818 2618 3098 2687 iussisset,
3153 2635 3372 2674 sacrum
3434 2621 3550 2689 jam

1974 2707 2363 2760 monachorum
2417 2719 2620 2763 ctetutn
2653 2711 2706 2762 in
2738 2726 2906 2764 unum
2931 2721 3320 2781 congregatum
3341 2712 3550 2774 videns,

1970 2799 2246 2851 communi
2287 2814 2477 2853 eorum
2520 2801 2751 2854 consilio
2797 2817 2920 2856 eum
2951 2803 3122 2873 eligit,
3146 2803 3238 2872 qui
3267 2803 3317 2856 in
3357 2819 3553 2857 mona-

1971 2889 2121 2943 sterii
2157 2887 2473 2956 praefectura
2496 2903 3027 2949 successurusessct.
3060 2894 3106 2948 Is
3125 2909 3287 2962 porro
3310 2895 3553 2950 admira-

1973 2979 2098 3034 bilis
2148 2979 2240 3034 ille
2316 2981 2572 3037 Clemens
2634 2984 2772 3051 luit;
2822 2987 2903 3038 vir
2951 2987 3109 3055 plane
3162 3002 3259 3055 pro
3315 2988 3553 3043 nominis

1973 3071 2183 3126 ratione
2223 3071 2396 3128 instar
2440 3073 2712 3128 fructiferi
2763 3077 3023 3145 palmitis,
3059 3078 3292 3132 virentes
3335 3094 3553 3143 semper

1972 3163 2235 3218 virtutum
2289 3166 2480 3222 botros
2519 3166 2734 3234 ferens;
2771 3184 2836 3223 ac
2882 3177 2994 3222 tum
3041 3169 3312 3223 oeconomi
3367 3169 3552 3225 ollieio

1974 3250 2300 3323 defttugens.

2047 3425 2138 3482 ille
2167 3441 2349 3487 autem
2382 3435 2689 3502 plusculum
2721 3436 2908 3490 morbo
2938 3439 3178 3499 attritus,
3211 3447 3378 3506 totus,
3411 3451 3540 3496 ante

1974 3519 2138 3574 etiam
2168 3525 2567 3594 migrationem,
2588 3529 2783 3581 mentis
2811 3529 2877 3582 ab
2909 3530 3164 3585 humanis
3191 3532 3548 3588 translatione

1973 3613 2241 3668 excedens
2267 3631 2330 3669 ac
2357 3628 2507 3670 extra
2532 3618 2725 3683 factus,
2759 3621 3059 3676 extendens
3085 3623 3268 3691 pedes,
3299 3633 3464 3693 atque
3489 3625 3545 3679 in

1969 3707 2158 3763 crucis
2211 3709 2431 3764 modum
2488 3725 2680 3764 ntanus
2736 3728 3101 3782 componens,
3140 3717 3310 3770 multa
3349 3716 3547 3772 ﬁducia

1971 3804 2369 3859 abducentibns
2397 3807 2604 3859 sanctis
2635 3807 2864 3875 angelis,
2897 3808 3144 3874 deposito
3167 3810 3402 3864 animam
3433 3821 3549 3864 tra-

1970 3897 2125 3961 didit,
2150 3912 2297 3950 anno
2323 3896 2445 3950 vita:
2473 3895 2645 3965 ipsius
2670 3897 2758 3962 75,
2790 3914 2818 3951 a
2848 3899 3032 3952 mundi
3073 3909 3250 3954 autem
3275 3903 3548 3957 creatione

1969 3989 2130 4052 6376,
2181 3989 2268 4042 die
2324 3991 2379 4054 4,
2443 3992 2650 4046 mensis
2694 3991 2939 4061 imparis,
2993 3993 3019 4046 1
3085 3993 3307 4059 indict.,
3341 3993 3550 4064 quiest

1969 4079 2306 4137 Februarius
2331 4121 2345 4136 .

2036 4353 2207 4409 Porro
2241 4354 2360 4424 ejus
2395 4354 2580 4410 multis
2614 4369 3026 4425 compunctum,
3054 4356 3394 4425 plurimaque
3420 4371 3545 4410 cer-

1966 4448 2230 4502 taminum
2265 4448 2434 4516 gloria
2478 4448 2736 4519 inclytum
2795 4451 3226 4515 tabernaculum,
3255 4466 3359 4503 una
3406 4465 3532 4505 cum

1965 4541 2124 4595 heato
2156 4538 2447 4595 Naueratio
2479 4541 2784 4611 depositum
2808 4553 2910 4611 est,
2935 4543 2999 4597 ad
3031 4544 3307 4598 dexteram
3335 4553 3542 4612 partem

276 4617 539 4686 τεμένους
565 4619 871 4690 πανενδόξῳ
899 4623 990 4673 καὶ
1025 4622 1153 4694 ἱερῷ
1185 4623 1294 4678 τῶν
1325 4625 1619 4694 μαρτύρων
1667 4627 1819 4696 σηκῷ
1841 4645 1855 4658 -

1987 4652 2016 4688 n
2043 4635 2440 4704 gloriosissimo
2483 4651 2549 4690 ac
2577 4652 2735 4692 sacro
2777 4647 3078 4708 martyrum
3121 4637 3347 4700 sacello,
3385 4638 3540 4707 quod

277 4707 408 4760 ἔνθα
453 4709 516 4779 δὴ
567 4711 661 4762 καὶ
711 4711 805 4764 τοῦ
851 4713 997 4766 ὁσίου
1050 4715 1263 4786 Πατρὸς
1309 4716 1469 4786 ἡμῶν
1515 4717 1850 4790 Θεοδώρουή

278 4801 618 4873 πανευκλεὴς
681 4805 774 4857 καὶ
820 4807 1193 4872 πανσέϐαστος
1221 4810 1379 4879 τιμία
1403 4809 1546 4883 θήκη
1592 4811 1855 4883 καθίδρυ-

273 4909 387 4948 ται.
429 4893 591 4948 Ἀλλὰ
614 4895 662 4948 τί
687 4897 750 4950 τὸ
775 4897 1023 4952 ἐντεῦθεν

345 5067 496 5142 ⁴ΙἈρα
521 5068 614 5127 οὖν
657 5077 900 5145 μεταϐὰς
953 5077 1062 5133 τῶν
1104 5083 1594 5152 προφητευθέντων
1630 5085 1844 5139 ἐλάττω

273 5162 386 5233 lia.
414 5162 659 5236 ἐλάϐετο]
691 5165 723 5236 ἢ
751 5167 849 5236 οὐχ
899 5168 974 5232 ὼς
1013 5171 1182 5240 ἐχρῆν
1214 5173 1310 5233 τὰς
1346 5173 1620 5238 ἐκϐάσεις,
1673 5176 1706 5246 ἢ
1740 5176 1850 5229 τῶν

273 5255 619 5322 ἐπαγγελιῶν
647 5258 837 5329 πόρρω
894 5261 972 5331 τῷ
1008 5263 1244 5334 χρονικῷ
1296 5267 1562 5336 πεποίηκε
1623 5268 1849 5339 διαστή-

271 5364 438 5416 ματι;
473 5349 754 5420 Οὐδαμῶς.
781 5353 936 5408 Μετὰ
959 5355 1065 5425 γὰρ
1097 5355 1288 5428 τρίτην
1314 5358 1526 5429 ἡμέραν
1554 5360 1654 5430 τῆς
1680 5361 1848 5414 αὐτοῦ

267 5442 488 5506 ἐνδόξου
521 5446 1020 5512 μεταναστεύσεως.
1053 5448 1266 5520 πλῆρες
1298 5451 1446 5504 σίτου
1475 5452 1582 5504 τῶν
1623 5454 1837 5524 βασιλι-

270 5534 386 5585 κῶν
431 5535 629 5590 πλοίων
659 5540 723 5591 ἐκ
755 5541 1035 5595 Βασιλείου
1064 5544 1158 5595 τοῦ
1212 5544 1558 5615 φιλοχρίστου
1601 5549 1852 5617 μέδοντος

269 5632 555 5696 πέπομφε,
602 5632 696 5684 καὶ
721 5634 848 5697 τοὺς
873 5634 974 5705 τῆς
1013 5637 1180 5706 μονῆς
1238 5639 1470 5702 σιτῷνας
1493 5641 1813 5712 ἐπλήρωσεν
1831 5657 1844 5671 ⁸

266 5720 341 5784 ὡς
382 5723 523 5790 μετὰ
561 5725 766 5794 πολλῆς
791 5728 890 5797 τῆς
915 5730 1231 5797 ἐκστάσεως
1283 5731 1361 5802 τῷ
1417 5731 1620 5804 θάμϐει
1665 5751 1838 5790 κατα-

355 5881 402 5914 ⁸²
431 5882 570 5940 Gen.
610 5903 719 5954 xm,
754 5889 840 5945 55.

1963 4744 1994 4781 a
2024 4728 2228 4781 dextris
2261 4728 2471 4782 delubri
2510 4730 2878 4785 PHDCUI'SOI‘iS
2917 4731 3082 4784 situm
3106 4739 3187 4785 est
3216 4749 3228 4785 :
3260 4747 3368 4800 quo
3415 4731 3542 4784 item

1962 4819 2104 4886 loco,
2136 4824 2314 4874 sancti
2359 4819 2543 4876 Patris
2573 4824 2745 4876 nostri
2794 4822 3065 4878 Theodori
3093 4825 3545 4893 prwclarissimns

1961 4926 2027 4967 ac
2059 4912 2567 4968 venerabilissimus
2600 4914 2940 4968 honorabilis
2968 4915 3179 4968 loculus
3211 4914 3546 4969 constitutus

1959 5011 2061 5058 est.
2105 5003 2246 5070 Quid
2279 5020 2404 5056 vero
2456 5003 2622 5056 inde?

1999 5095 2212 5164 Ergone
2240 5095 2328 5147 ubi
2364 5093 2652 5162 ntigrasset
2681 5095 2883 5148 oblitus
2910 5103 3016 5158 est,
3046 5109 3168 5163 quae
3206 5095 3541 5163 prophetans

1957 5185 2349 5259 praedixisset?
2379 5196 2473 5240 aut
2508 5201 2667 5240 secus
2707 5199 2870 5256 atque
2922 5187 3231 5257 Oportebat,
3284 5196 3376 5239 aut
3433 5197 3542 5239 ter-

1963 5279 2409 5346 minodilatiori,
2465 5295 2628 5349 quam
2683 5281 2904 5334 haberet
2962 5280 3281 5349 promissio,
3331 5278 3543 5332 curavit

1962 5370 2220 5424 evenire?
2256 5370 2708 5439 Haudquaquam.
2763 5371 2894 5425 Post
2955 5371 3197 5425 triduum
3249 5369 3394 5422 enitn
3425 5369 3542 5436 glo-

1964 5461 2120 5515 riosae
2132 5461 2250 5530 ejus
2266 5463 2628 5526 migrationis,
2647 5463 2822 5516 navim
2843 5477 3006 5516 unam
3023 5478 3050 5514 e
3066 5460 3320 5515 maximis
3337 5460 3540 5513 Christi

1961 5556 2196 5610 amantis
2214 5553 2400 5608 Basilii
2429 5555 2797 5624 imperatoris,
2833 5555 3104 5609 frumento
3125 5555 3336 5624 plenam
3365 5553 3537 5616 misit,

1961 5649 2382 5719 monasteriique
2430 5649 2622 5704 horrea
2667 5649 2940 5718 implevit:
2972 5659 3030 5702 ut
3077 5649 3252 5702 multo
3307 5657 3532 5717 stupore

1960 5741 2245 5811 perculsus
2295 5741 2487 5798 beatus
2525 5741 2777 5797 Clemens
2834 5743 2888 5796 in
2918 5742 3032 5797 haec
3083 5744 3243 5796 verba
3296 5755 3541 5812 pronun-
