3978 6604
427 499 538 566 99'}

1337 497 1682 560 ANONYMI
1719 499 1898 561 VITA
1947 495 2008 559 S.
2051 491 2359 559 NICOLAI
2413 496 2790 558 STUDlT/E.
3574 495 3664 558 (lii

431 611 700 667 tiaverit:
765 609 921 675 Ecce,
981 609 1180 680 inquit,
1235 609 1448 674 Patres,
1495 610 1788 664 communis
1845 609 2008 664 Pater

2130 611 2377 682 ῗληθέντα
2411 612 2707 681 Κλήμεντα
2741 610 2835 662 τὸν
2892 606 3160 678 μακάριον
3202 607 3663 675 ἀποφθέγξασθαι*

430 713 626 768 noster,
650 711 767 771 post
794 701 1052 765 triduum,
1082 701 1244 770 juxta
1281 701 1421 769 quod
1453 704 1792 770 promiserat,
1820 720 1930 756 sua:
1956 703 2008 755 iu

2131 703 2287 758 Ἰδοὺ
2325 705 2454 774 γὰρ,
2480 703 2633 773 φησὶ,
2670 700 2950 769 Πατέρες,
2987 703 3021 754 ό
3057 699 3262 765 κοινὸς
3290 699 3459 768 ἡμῶν
3483 701 3666 769 Πατὴρ

430 811 527 849 nos
561 794 858 863 «factionis
887 793 1126 848 debitum
1173 795 1427 862 implevit,
1468 811 1662 848 nouum
1702 797 1854 850 nobis
1898 811 2010 850 sua

2130 795 2264 849 μὲτὰ
2295 795 2412 862 τὴν
2445 796 2656 862 τρίτην
2701 793 2950 863 ἡμέραν,
2977 793 3058 858 ὡς
3116 792 3529 861 ἐπηγγείλατο,
3575 791 3671 860 τῆς

430 889 574 956 apud
602 887 768 942 Deum
798 886 1013 956 ﬁduciae
1035 897 1405 956 argumentum
1456 888 1719 958 praebens.

499 1165 676 1219 Habes
701 1163 917 1234 quaesiti
948 1164 1298 1231 solutionem,
1322 1164 1542 1236 Josephi
1577 1167 1630 1222 in
1658 1166 1893 1238 Aigypto
1915 1168 2014 1223 ob-

429 1266 694 1312 servatam
731 1257 939 1327 liquido
963 1273 1196 1312 auuome
1233 1258 1598 1326 provisionem
1629 1277 1643 1314 :
1695 1276 2011 1330 quanquam

433 1351 523 1404 hic
553 1350 879 1406 miraculum
913 1351 1073 1420 longe
1103 1351 1369 1404 miraculo
1393 1361 1627 1420 przestet.
1647 1351 1915 1406 Caeterum
1944 1354 2010 1408 ad

431 1441 734 1511 prodigium
799 1442 950 1496 aliud
1010 1441 1317 1496 orationem
1371 1453 1655 1497 converto.
1687 1444 1822 1498 Cum
1866 1445 2012 1499 enim

435 1533 776 1605 virinclytus
797 1534 1054 1588 Clemens
1073 1533 1162 1588 diu
1191 1533 1328 1589 satis
1357 1536 1672 1589 monasterii
1695 1535 2010 1606 praefectum

431 1622 658 1691 egisset,
688 1631 851 1693 atque
872 1625 939 1678 ad
973 1624 1264 1680 Dominum
1301 1625 1709 1694 quintadecima
1746 1630 1832 1683 die
1858 1647 2010 1684 ιηειιι⁴

429 1716 508 1768 sis
533 1714 659 1769 Julii
705 1718 1016 1786 migrasset,
1051 1718 1275 1789 jamque
1309 1721 1576 1786 Hilarion,
1609 1737 1852 1787 congrue
1892 1739 2013 1777 ont-

432 1806 562 1859 nino
596 1807 803 1861 nomini
836 1823 1050 1862 morum
1079 1810 1349 1864 hilaritate
1375 1811 1600 1871 habens.
1628 1812 2011 1880 praefecturam
2041 1808 2050 1813 ’

431 1907 678 1966 gereret;
740 1901 915 1956 sancti
974 1900 1154 1958 Patris
1215 1903 1386 1957 nostri
1453 1903 1657 1958 Nicolai
1712 1905 2016 1976 discipulus

431 1992 702 2047 Antonius
727 1995 969 2058 nomine,
990 2010 1019 2048 a
1055 1995 1335 2052 nonnullis
1357 1997 1424 2050 ab
1446 1998 1724 2052 accidente
1744 2001 2022 2069 nigredine
2050 1977 2096 2035 Β

433 2082 654 2138 Maurus
679 2086 1005 2154 appellatus,
1039 2103 1068 2140 a
1103 2088 1290 2143 multis
1316 2089 1498 2153 annis,
1536 2089 1715 2145 ﬂuxus
1740 2093 2023 2163 sanguinis

433 2176 628 2229 morbo
677 2178 1066 2245 exsugehatur,
1102 2179 1152 2232 vi
1187 2190 1333 2233 tanta
1365 2181 1726 2250 a'gritudinis,
1759 2193 1815 2236 ut
1863 2185 2024 2238 resti-

431 2265 677 2322 stuendaa
724 2268 977 2324 sanitatis
1023 2271 1264 2326 medicos
1315 2288 1440 2341 spes
1474 2274 1652 2329 omnis
1709 2273 2020 2331 defeciSset.

435 2354 575 2410 lluic
622 2360 842 2412 tandem
877 2360 1135 2430 praelatus
1169 2361 1327 2418 Pater
1365 2359 1630 2430 llilarion,
1666 2376 1722 2420 ut
1756 2367 1810 2420 in
1861 2368 2020 2432 cella,

433 2447 486 2499 in
527 2462 636 2516 qua
661 2447 789 2501 olim
823 2447 1032 2503 Christi
1064 2449 1302 2507 famulus
1333 2452 1584 2507 Nicolaus
1616 2455 1863 2511 inclusus
1887 2457 2025 2510 fuis-

431 2548 536 2604 set,
567 2541 925 2607 decumbens,
959 2545 1207 2613 corporis
1241 2545 1668 2615 disjunctionent
1698 2551 2019 2614 sustineret,

375 2685 380 2700 ,
434 2634 700 2700 permisit.
743 2635 878 2687 Dum
913 2651 1045 2705 ergo
1097 2639 1399 2705 impensius
1449 2641 1695 2710 gaudens
1743 2642 1797 2695 in
1825 2658 1887 2697 ea
1925 2643 2024 2698 de-

435 2735 707 2787 moratur.
761 2743 1034 2799 apparens
1081 2731 1157 2786 illi
1189 2735 1268 2787 vir
1309 2735 1616 2790 sauctusin
1683 2737 1918 2799 somnis,
1968 2736 2022 2792 iu

435 2819 551 2872 luec
581 2819 741 2873 verba
765 2822 1092 2890 compellat:
1130 2822 1363 2878 [Inutilis
1389 2827 1605 2889 Antoni,
1635 2828 1752 2896 quis
1801 2836 1851 2880 te
1884 2844 2028 2880 mor-

432 2909 527 2963 bus
553 2910 765 2966 moleste
794 2913 992 2967 habet?
1025 2913 1092 2968 Ut
1124 2927 1320 2980 autem,
1357 2917 1554 2986 inqttit,
1582 2920 1820 2972 morbum
1845 2921 2022 2986 expli-

433 3003 566 3066 cavi,
602 3005 815 3075 ejusque
845 3008 945 3059 vim
977 3009 1218 3061 remediis
1248 3009 1500 3078 majorem
1533 3012 1705 3064 detexi
1732 3030 1750 3066 :
1798 3012 1900 3080 Ne,
1937 3015 2023 3068 in-

433 3095 552 3163 quit
577 3096 658 3149 vir
685 3113 934 3168 magnus,
973 3100 1114 3153 ultra
1147 3102 1422 3156 timueris:
1477 3105 1672 3173 quippe
1702 3105 1913 3171 amodo,
1943 3109 2026 3161 ui-

436 3184 512 3237 hil
559 3187 739 3240 morbo
787 3187 884 3241 hoc
914 3190 1170 3244 molestia;-
1222 3204 1451 3258 creante,
1485 3211 1644 3248 sanus
1693 3197 1817 3251 eris.
1861 3196 2024 3250 Tum-

2117 889 2269 956 πρὸς
2301 886 2460 956 ἡμᾶς
2481 886 2799 950 διαθέσεως
2831 884 2898 938 τὸ
2921 885 3218 953 ὀφείλημα
3245 883 3671 952 ἐκπεπλήρωκε,

2119 982 2326 1034 κοινὸν
2352 978 2464 1048 τῆς
2487 980 2637 1046 πρὸς
2678 980 2827 1033 Θεὸν
2863 977 3051 1032 αὑτοῦ
3073 977 3412 1045 nominata;
3440 977 3576 1046 ἡμῖν
3616 977 3676 1031 τὸ

2119 1072 2313 1141 θαῦμα
2382 1070 2879 1141 ταμιευσάμενος.

2191 1166 2380 1235 Ἔχεις
2400 1165 2493 1218 τοῦ
2526 1165 2858 1235 ζητουμένου
2885 1164 2983 1235 τὴν
3007 1164 3182 1228 λύσιν,
3207 1162 3306 1234 τὴν
3358 1164 3414 1215 ὲν
3437 1161 3680 1232 Αἰγύπτῳ

2119 1258 2214 1312 τοῦ
2260 1259 2459 1328 Ἰωσὴφ
2489 1259 2750 1312 σιτοδείαν
2783 1257 3039 1328 εὐμαρῶς
3072 1257 3443 1319 διασώζουσαν
3480 1295 3494 1318 ,
3527 1256 3571 1308 εἰ
3597 1254 3683 1306 καὶ

2120 1349 2280 1420 δεῦρο
2310 1350 2625 1402 πλεονεκτεῖ
2652 1349 2712 1402 τὸ
2735 1348 2923 1418 θαῦμα
2957 1346 3051 1400 τοῦ
3089 1347 3388 1418 θαύματος.
3429 1345 3543 1399 Ἐπ’
3569 1345 3683 1399 ἄλλο

2120 1443 2177 1496 δὲ
2207 1444 2369 1514 τέρας
2406 1441 2484 1512 τῷ
2509 1443 2655 1512 λόγῳ
2698 1441 3058 1511 τετράψομαι.
3095 1440 3410 1509 Κλήμεντος
3450 1437 3556 1507 γάρ
3597 1437 3681 1490 τοῦ

2123 1537 2369 1605 ἀοιδίμου
2396 1535 2481 1606 ἐφ’
2511 1537 2727 1598 ἱκανοὺς
2755 1537 2882 1598 τοὺς
2919 1535 3147 1605 χρόνους
3173 1532 3272 1604 τὴν
3301 1532 3468 1601 μονὴν
3495 1531 3688 1602 κυϐερο

2123 1631 2406 1700 νήσαντος,
2441 1631 2536 1683 καὶ⁵
2557 1629 2695 1700 πρὸς
2729 1627 2936 1698 Κύριον
2987 1629 3054 1699 τῇ
3107 1625 3554 1696 ἑπτακαιδεκάτῃ
3603 1623 3688 1676 τοῦ

2135 1722 2354 1774 Ἰουλίου
2393 1720 2563 1792 μηνὸς
2609 1721 3050 1791 ἐκδημήσαντος,
3111 1717 3203 1772 καὶ
3263 1716 3571 1787 Ἱλαρίωνος
3603 1715 3686 1768 τοῦ

2124 1811 2266 1864 κατὰ
2296 1811 2475 1864 πάντα
2508 1814 2573 1881 τῇ
2602 1811 2710 1864 τῶν
2737 1811 2885 1881 ἠθῶν
2917 1810 3194 1882 ἱλαρότητι
3227 1809 3442 1873 οἰκείως
3492 1808 3691 1878 ἔχοντος

2124 1905 2201 1975 τῷ
2225 1905 2472 1974 ὀνόματι,
2503 1905 2600 1976 τὴν
2627 1905 2934 1974 ἡγεμονίαν
2973 1905 3099 1975 ἄρτι
3135 1902 3499 1971 κρατύνοντος
3521 1915 3534 1928 ·
3564 1898 3689 1953 ὁτοῦ

2126 1998 2276 2051 ὁσίου
2334 1999 2546 2068 Πατρός
2585 1998 2744 2068 ήμῶν
2791 1997 3060 2051 Νικολάου
3119 1995 3373 2066 μαθητὴς
3426 1994 3692 2056 Ἀντώνιος

2126 2090 2382 2161 τοῦνομα,
2409 2093 2436 2144 ὁ
2465 2090 2541 2161 τῷ
2562 2089 2936 2161 συμϐεϐηκότι
2969 2087 3316 2160 παρωνύμως
3345 2089 3414 2157 τῇ
3442 2101 3693 2156 προσηγο-

2131 2185 2222 2257 ρίᾳ
2253 2183 2478 2254 Μαῦρος
2507 2186 2656 2252 παρά
2683 2200 2822 2236 τισιν
2855 2181 3354 2250 ἐπονομαζόμενος,
3403 2181 3459 2232 ὲν
3500 2177 3694 2238 πολλοῖς

2127 2277 2272 2330 ἔτεσι
2307 2280 2372 2348 τῇ
2399 2277 2498 2346 τῆς
2525 2277 2849 2348 αἱμορροίας
2873 2276 3013 2346 νόσῳ
3039 2276 3454 2344 ὲκπιεζόμενος,
3477 2274 3541 2343 τῇ
3569 2272 3694 2342 φορᾷ

2127 2371 2220 2423 τοῦ
2253 2371 2557 2441 νοσήματος
2579 2369 2679 2440 τὴν
2720 2370 2871 2440 παρά
2899 2369 3006 2421 τῶν
3037 2367 3239 2436 ἰατρῶν
3279 2367 3594 2432 ἀπόγνωσιν
3613 2381 3693 2417 κο-

2131 2462 2450 2532 μισάμενος,
2487 2463 2771 2533 ἐπετράπη
2806 2461 2992 2514 λοιπον
3041 2461 3146 2512 an»,
3175 2460 3268 2512 τοῦ
3306 2457 3695 2529 προρῤηθέντος

2129 2557 2343 2626 Πατρὸς
2385 2555 2713 2626 Ἱλαριωνος,
2754 2555 2891 2625 πρὸς
2930 2558 2997 2626 τῇ
3030 2555 3196 2626 κέλλῃ
3261 2553 3319 2606 ὲν
3443 2553 3626 2623 πρώην
3669 2553 3695 2603 ό

2126 2645 2221 2698 τοῦ
2258 2646 2494 2717 Χριστοῦ
2529 2646 2786 2715 θεράπων
2836 2645 3130 2714 καθεῖρκτο
3181 2643 3475 2706 Νικόλαος,
3511 2644 3696 2694 ὲπαναυ

2129 2739 2384 2793 κλιθέντα
2413 2737 2512 2810 τὴν
2545 2737 2640 2791 τοῦ
2667 2736 2918 2808 σώματος
2952 2738 3176 2789 ὑποῖσαι
3210 2734 3490 2800 διάζευξιν
3510 2751 3523 2764 ·
3556 2736 3609 2786 ὲν

2132 2832 2269 2902 μετὰ
2298 2832 2501 2900 πολλῆς
2535 2831 2632 2899 τῆς
2676 2832 2850 2900 χαρᾶς
2895 2829 2994 2900 τὴν
3026 2829 3252 2900 οἴκησιν
3307 2826 3694 2898 ποιησαμένου,

2129 2925 2377 2993 φαίνεται
2429 2922 2552 2976 καθ’
2587 2921 2848 2984 ὕπνουςὸ
2919 2920 3076 2988 ἆγιος
3123 2920 3321 2972 οὑτωσί
3387 2935 3502 2981 πως
3563 2916 3696 2986 αὐτῷ

2128 3013 2662 3085 προσφθεγγόμενος·
2706 3011 2954 3067 Ταπεινὲ
2981 3009 3267 3074 Ἀντώνιε,
3283 3011 3338 3064 τί
3369 3010 3436 3062 τὸ
3479 3025 3689 3076 παρεν-

2128 3108 2359 3177 οχλοῦν
2388 3125 2486 3162 σοι
2522 3107 2884 3176 ἀρῤὠστημιι
2905 3107 3108 3172 ;-Ὠς
3125 3104 3192 3158 δὲ
3220 3104 3285 3158 τὸ
3316 3102 3514 3168 πάθος
3535 3102 3700 3170 ἀπήγ-

2130 3205 2319 3270 γειλα,
2380 3201 2534 3270 φησὶ,
2575 3201 2671 3254 καὶ
2716 3202 2933 3254 τούτου
2996 3199 3062 3254 τὸ
3127 3199 3389 3253 ἀνίατον
3443 3199 3552 3251 οὐκ
3595 3194 3697 3249 ἀπ-

433 3297 534 3349 que
559 3282 628 3335 ad
661 3299 740 3337 me
765 3285 876 3354 ipse
906 3285 1134 3352 rediens,
1166 3305 1268 3341 nou
1292 3288 1410 3357 jam
1437 3291 1488 3344 in
1521 3292 1746 3357 somnis,
1779 3293 1868 3345 sed
1891 3293 2022 3360 ipsis

2130 3293 2394 3361 ἐκρυψω
2436 3293 2657 3358 Μηκέτι
2690 3291 2897 3361 φοϐοῦ,
2930 3289 3096 3360 φησὶν
3127 3289 3154 3341 ὁ
3196 3288 3374 3358 μέγας
3399 3303 3413 3317 ο
3436 3285 3548 3379 ἔσῃ

441 3390 625 3428 coram
645 3376 830 3442 oculis,
863 3381 978 3445 ejus
998 3397 1024 3433 e
1069 3381 1201 3434 cella
1227 3384 1463 3436 exeuntis
1488 3385 1784 3453 posteriora
1820 3388 2022 3454 aspexi.

438 3464 796 3535 Quapropter,
843 3472 1060 3540 sanguis
1115 3473 1323 3540 quidem
1375 3475 1544 3542 ﬂuxio
1595 3486 1834 3530 actutum
1879 3496 2022 3532 com-

435 3575 617 3626 pressa
646 3570 759 3612 est:
791 3561 1059 3632 multaque
1102 3564 1278 3616 odoris
1313 3565 1588 3634 fragantia
1619 3568 2025 3638 circumquaque

437 3649 624 3702 cellam
659 3664 963 3720 pervagata,
1000 3653 1198 3707 humile
1231 3671 1321 3706 cor
1338 3671 1507 3707 unum
1541 3656 1794 3710 imntenso
1819 3658 2022 3728 gaudio

438 3739 682 3808 replevit.
711 3740 833 3796 Jam
860 3753 972 3796 tum
1004 3742 1131 3798 anni
1163 3745 1529 3814 quadraginta
1551 3747 1838 3814 tinxerant,
1866 3748 2022 3818 isque

439 3833 576 3887 nihil
598 3836 856 3891 molestiae
869 3838 936 3891 ab
952 3853 1017 3891 eo
1033 3839 1242 3907 patiens
1259 3839 1470 3901 morbo,
1489 3839 1576 3893 Dei
1593 3842 1764 3910 gratia
1786 3841 2019 3896 vivebat.

2134 3383 2310 3454 ὑγιὴς
2340 3384 2460 3438 ἀπὸ
2488 3383 2593 3450 τῆς
2620 3382 2818 3450 δεῦρο,
2867 3381 2946 3447 τῷ
2999 3383 3247 3446 τοιούτῳ
3287 3378 3586 3446 νοσήματι
3623 3371 3700 3442 μὴ

2130 3475 2715 3544 παρενοχλούμενος.
2749 3474 2854 3528 Καὶ
2887 3476 2975 3539 εἰς
3003 3473 3224 3528 ἑαυτὸν
3252 3470 3533 3541 γεγονὼς,
3568 3468 3696 3520 οὐκ·

2129 3565 2216 3620 ἐτι
2249 3567 2374 3621 καθ’
2405 3566 2670 3633 ὕπνους,
2711 3564 3192 3636 όφθαλμοφανῶς
3234 3565 3303 3617 δὲ
3356 3565 3578 3616 τούτου
3621 3573 3700 3610 ts-

2131 3658 2340 3728 θέαμαι
2379 3659 2451 3713 τὰ
2496 3661 2740 3714 ὀπίσθια
2793 3659 2904 3728 τῆς
2946 3660 3174 3726 κέλλης
3201 3655 3698 3726 ὑπεξερχομένου.

2133 3750 2306 3804 Ὅθεν
2341 3751 2378 3818 ἡ
2401 3749 2521 3818 μὲν
2541 3751 2724 3819 ῥύσις
2761 3753 2944 3818 εὐθὺς
2981 3751 3087 3806 τοῦ
3135 3752 3394 3819 αἵματος
3433 3744 3702 3804 ἀνεστέλ-

2129 3844 2270 3894 λετο
2292 3856 2305 3870 ·
2333 3841 2552 3895 εὐωδιά
2581 3841 2650 3895 δὲ
2689 3843 2892 3911 πολλὴ
2934 3842 3048 3908 τὴν
3082 3841 3314 3896 πέλλαν
3347 3832 3702 3910 περιστοιχή·

437 3941 626 3989 σασα,
661 3928 776 3997 τὴν
805 3931 1094 3998 ταπεινήν
1150 3948 1272 4000 μου
1330 3933 1584 4002 καρδίαν
1655 3933 1847 4003 χαρᾶς
1907 3935 2140 4005 ἀράτου
2206 3937 2590 4004 ἐπλήρωσεν.
2652 3939 2881 3991 Ἔκτοτε
2939 3936 3031 3992 οὖν
3087 3937 3529 4009 τεσσαρακοστὸν
3598 3935 3703 3998 ἔτος

442 4015 510 4088 ἦν
543 4021 676 4089 (58),
710 4021 802 4075 καὶ
835 4023 1279 4094 προσδιαμείϐων
1331 4025 1782 4097 ἀπαρενόχλητος
1827 4027 2075 4096 ἐγεγόνει
2106 4029 2293 4100 χάριτι
2332 4029 2468 4082 Θεοῦ
2490 4030 2582 4082 τοῦ
2617 4029 2859 4084 τοιούτου
2889 4031 3216 4101 νοσήματος.

514 4115 725 4172 Et-hzec
758 4119 1022 4176 hactenus
1053 4122 1194 4174 dicta
1226 4121 1338 4176 sint
1364 4138 1376 4173 :
1421 4122 1655 4193 plurima
1685 4125 1829 4178 enim
1859 4125 2028 4178 silen-

443 4210 520 4263 tio
561 4212 867 4266 omittenda
902 4223 1052 4278 sunt,
1089 4229 1198 4284 quo
1231 4215 1512 4269 brevitatis
1559 4217 1802 4288 regulam
1841 4233 2027 4273 serve-

443 4319 598 4370 mus;
642 4321 765 4360 cum
802 4315 855 4360 et
886 4307 1086 4377 alioqui
1130 4311 1308 4362 oratio
1351 4310 1583 4364 debilior
1628 4311 1720 4372 sit,
1769 4326 1932 4380 quam
1967 4321 2029 4366 ut

444 4396 837 4452 miraculorum
868 4398 972 4451 vim
1017 4401 1190 4455 valeat
1229 4416 1522 4466 enarrare;
1558 4402 1660 4456 hac
1683 4412 1839 4472 parte
1879 4404 2028 4460 auris

445 4489 512 4543 ad
537 4489 697 4543 tidem
739 4490 980 4546 durioris
1011 4492 1230 4547 utilitati
1254 4495 1611 4564 prospiciens.

519 4578 629 4635 Nos
664 4581 905 4651 quidem,
943 4583 1099 4638 beate
1131 4585 1231 4648 vir,
1261 4585 1324 4638 ad
1361 4602 1422 4639 ea
1445 4602 1565 4655 qua:
1596 4586 1740 4656 longi
1765 4587 2027 4657 temporis
2060 4603 2103 4657 ι)

448 4674 629 4743 lapsu,
674 4675 874 4728 silentii
925 4675 1198 4745 profundo
1253 4677 1447 4732 ohruta
1487 4689 1884 4741 remanserant,
1927 4695 2025 4749 pro

442 4783 510 4822 eo
546 4767 839 4833 desiderio,
873 4786 983 4840 quo
1021 4771 1248 4826 humilis
1279 4779 1466 4828 noster
1491 4773 1707 4828 animus
1738 4774 1792 4828 in
1833 4782 1885 4827 te
1922 4773 2026 4826 ha-

445 4860 556 4921 bet,
609 4860 868 4915 vitiosunt
925 4873 1092 4932 atque
1148 4862 1441 4918 contritum
1504 4864 1776 4919 calamum
1835 4871 2028 4919 exten-

445 4950 656 5021 dentes,
683 4960 942 5025 tanquam
970 4971 1033 5010 ex
1059 4970 1242 5010 rerum
1267 4955 1365 5012 abs
1393 4963 1445 5011 te
1464 4958 1723 5028 prazclare
1747 4965 2024 5026 gestarum

2203 4127 2315 4178 Καὶ
2351 4124 2525 4179 ταῦτα
2565 4125 2666 4196 μὲν
2709 4127 2789 4189 εις
2824 4124 3097 4179 τοσοῦτον.
3146 4122 3557 4193 Παραλειπτέον
3608 4117 3701 4187 γάρ

2127 4217 2196 4271 τὰ
2221 4217 2391 4271 πολλὰ
2411 4217 2489 4286 τῷ
2513 4217 2614 4286 τῆς
2638 4215 3006 4288 βραχυλογίας
3023 4215 3172 4285 νόμῳ
3204 4215 3550 4276 ὑπείκοντας·
3592 4210 3702 4263 ἐπεὶ

2128 4312 2223 4365 καὶ
2257 4311 2284 4364 ὀ
2327 4310 2506 4379 λόγος,
2552 4308 2620 4362 δι’
2653 4308 2957 4374 ἀσθενείας,
2993 4308 3099 4362 τῶν
3133 4307 3433 4377 θαυμάτων
3459 4306 3518 4357 τὸ
3535 4304 3702 4364 σθένος

2126 4402 2353 4473 ἀδρανεῖ
2408 4401 2813 4472 διηγήσασθαι,
2853 4401 2952 4471 τῆς
3002 4400 3414 4470 ἀπιστουμένης
3448 4395 3613 4465 ἀκοῆς
3653 4393 3702 4446 ἐν

2135 4494 2319 4564 ταυτῷ
2347 4495 2406 4547 τὸ
2437 4495 2709 4565 χρήσιμον
2741 4492 3254 4563 κατεγγυῖζόμενος.

2222 4585 2412 4656 Ἡμεῖς
2468 4586 2567 4656 μὲν
2621 4585 2735 4650 οὖν,
2799 4579 2843 4639 ὦ
2891 4585 3151 4656 μακάριε,
3195 4583 3264 4637 τὰ
3307 4584 3364 4635 ὲν
3417 4581 3608 4652 μακρῷ
3634 4577 3704 4650 τῷ

2129 4676 2348 4748 χρόνῳ.
2414 4677 2513 4743 τῆς
2591 4678 2803 4749 σιωπῆς
2877 4676 2954 4748 τῷ
3045 4675 3193 4746 βυθῷ
3272 4674 3696 4743 καλυπτόμενα,

2131 4770 2284 4840 πόθῳ
2339 4769 2520 4841 πολλῷ
2590 4773 2691 4842 τῆς
2769 4770 3033 4840 ταπεινῆς
3100 4767 3258 4838 ήμῶν
3321 4767 3563 4840 διανοίας
3621 4761 3703 4814 τὸν

2135 4859 2359 4933 ἐμπαθῆ
2400 4863 2491 4916 καὶ
2546 4862 3008 4936 συντετριμμένον
3044 4862 3294 4932 κάλαμον
3326 4856 3703 4931 παρεκτείνανο

2133 4973 2244 5020 τες,
2275 4957 2350 5019 ὡς
2378 4958 2441 5010 ὲκ
2467 4956 2738 5026 πελάγους
2764 4955 2870 5010 τῶν
2899 4956 3007 5010 σῶν
3029 4955 3494 5027 κατορθωμάτων,
3524 4948 3704 5025 μικρὸν

1625 5097 1876 5154 FRANC.
1910 5097 2298 5154 COMBEFISII
2331 5099 2560 5158 NOTAE.

518 5239 632 5313 (38)
663 5240 872 5313 indicat
921 5249 1113 5295 auctor
1147 5257 1207 5296 se
1265 5241 1379 5296 fere
1435 5257 1730 5312 supparem
1779 5240 2028 5308 Nicolao,

450 5312 554 5369 sttb
587 5312 746 5382 cujus
776 5326 1167 5383 exsnccessore
1196 5313 1552 5366 miraculum.
1582 5314 1726 5367 istud
1781 5319 2028 5383 contige-

449 5387 541 5444 rit.
575 5399 605 5438 a
639 5401 749 5450 quo
777 5382 1033 5451 deinceps
1073 5383 1141 5437 ad
1175 5383 1314 5436 hanc
1350 5385 1712 5452 scriptionem
1741 5382 2032 5438 ﬂuxissent

447 5455 577 5524 anui
624 5456 711 5511 ΔΟ.
749 5454 1115 5509 Consentium
1158 5455 1394 5523 reliqua,
1449 5465 1563 5508 tum
1609 5470 1732 5524 qua:
1764 5455 1830 5508 de
1870 5455 2031 5509 Creta

449 5521 679 5580 necdum
719 5525 950 5594 imperio
1004 5524 1158 5580 llout.
1225 5521 1480 5580 restituta
1541 5526 1592 5579 itt
1627 5521 2031 5594 superioribus

449 5597 610 5663 dixit,
655 5607 767 5652 tum
803 5612 926 5667 quae
960 5596 1176 5648 tandem
1228 5595 1280 5649 itt
1319 5599 1468 5652 calce
1509 5605 1754 5667 perorat,
1815 5596 2025 5667 tristem

450 5667 503 5721 id
541 5668 803 5736 temporis
844 5666 1103 5720 Ecclesia:
1137 5676 1363 5733 statum,
1412 5670 1478 5720 ah
1513 5666 1770 5720 hostium
1802 5666 2033 5719 infesta-

454 5738 604 5792 tione
644 5737 1041 5806 perstringens,
1102 5741 1326 5805 quando
1378 5741 1522 5791 aedes
1569 5753 1740 5790 sacra:
1793 5737 1862 5790 ab
1923 5736 2030 5790 illis

453 5806 865 5876 cremabantur,
905 5816 1045 5861 terra
1079 5807 1520 5862 Christianorum
1555 5807 1818 5876 sanguine
1844 5806 2032 5876 inade-

456 5879 571 5943 hat,
605 5893 710 5947 qua
741 5875 1054 5942 Saracenis,
1079 5895 1188 5948 qua
1224 5878 1473 5948 liulgaris
1500 5873 1790 5948 imperium
1830 5873 2026 5948 Orien-

456 5948 530 6007 tis
589 5945 976 6020 populantibus
1010 5966 1024 6004 :
1057 5945 1164 6020 qua
1217 5950 1285 6006 de
1330 5945 1398 6005 ’τις
1431 5947 1696 6004 nonnulla
1760 5945 2029 6003 Batonius

2132 5245 2235 5301 sub
2285 5243 2747 5300 Constantantiuo
2783 5241 2918 5314 ,VIll
2948 5256 3040 5314 rex
3093 5240 3384 5314 Cttropal:_
3417 5247 3704 5314 auctorque

2131 5317 2269 5371 Vita:
2295 5317 2354 5370 S.
2384 5315 2545 5370 Luem
2586 5313 2827 5383 junioris
2865 5313 3202 5382 quiescentis
3251 5309 3304 5365 in
3339 5309 3579 5383 Hellade,
3613 5309 3697 5375 qui

2131 5398 2182 5442 et
2213 5388 2329 5456 ipse
2351 5382 2786 5457 Θαυματουργὸς
2814 5385 3140 5457 appellatus.
3167 5398 3231 5437 ac
3267 5382 3567 5436 notissima:
3588 5391 3706 5457 san—

2131 5449 2360 5520 ctitatis,
2403 5449 2487 5510 eo'
2523 5449 2722 5510 claruit
2774 5449 3042 5522 tempore.
3095 5453 3234 5508 Sunt
3273 5461 3420 5506 certe
3475 5465 3538 5504 ea
3587 5449 3704 5499 Acta

2135 5529 2290 5582 valde
2346 5528 2604 5587 illustria,
2646 5540 2746 5580 nec
2779 5525 3170 5579 CCCIL’SiasllCIB
3227 5522 3472 5578 historia:
3524 5529 3705 5573 eorum

2139 5609 2444 5667 temporum
2475 5597 2718 5661 inutilia;
2755 5598 2972 5667 tametsi
3000 5594 3266 5667 Baronius
3295 5595 3472 5667 ipsum
3497 5598 3705 5667 queque

2139 5657 2337 5745 nomen
2371 5668 2474 5745 viri
2507 5669 2666 5731 lauti,
2706 5657 2771 5720 ac
2815 5665 2974 5720 Luca:
3005 5665 3244 5745 junioris
3294 5657 3528 5745 ignoret;
3574 5657 3705 5745 ξονι

2139 5739 2233 5794 illa
2266 5740 2593 5808 prolixiora,
2629 5752 2795 5804 quam
2832 5747 2890 5791 ut
2920 5733 3268 5808 commodo-nt
3294 5733 3541 5808 videatur
3574 5733 3704 5808 [nte-

2139 5825 2232 5880 gra
2269 5798 2588 5864 exscribere
2611 5798 2666 5863 et
2704 5810 2856 5861 dare.
2890 5807 3177 5880 (Excerpta
3205 5806 3348 5880 dedit
3371 5798 3702 5868 Combeﬁsius

2137 5876 2254 5951 qua:
2277 5881 2450 5935 locum
2479 5895 2632 5935 suum
2663 5881 2801 5947 apud
2843 5876 2936 5933 nos
2967 5876 3320 5948 obtinebunt.)
