3978 6572
248 486 350 550 925

1038 487 1096 546 S.
1135 486 1520 548 JOSEPIIUS
1551 486 2213 550 HYMNOGRAPHUS.
2254 515 2324 526 -
2352 487 2694 552 ΝΟΤΙΤῘᾹ.

3391 489 3541 553 9”.

244 627 295 662 τι
325 604 544 676 μνήμης
575 601 929 672 ὲμπύρευμα,
969 602 1003 670 ἢ
1041 605 1134 656 καὶ
1166 605 1395 674 ὀψώνιον
1425 605 1661 673 εὐτελὲς,
1697 607 1818 660 τοῦ·

1928 608 2137 686 pelago,
2196 609 2454 676 exiguum
2511 607 2613 661 hoc
2676 606 2954 660 memoria:
3006 605 3329 674 fomentum,
3403 625 3502 664 Seu

241 702 332 755 τόν
361 715 454 751 σου
485 698 554 768 τῇ
587 697 915 749 mmme
958 697 1052 750 καὶ
1083 699 1214 770 ἁγὶᾳ
1244 701 1434 771 μνήμῃ
1451 701 1819 770 ἀναγαγόντες

245 794 333 846 τὸν
353 791 534 858 λόγον.
581 789 905 860 ἀνεῦἐμεθα.
943 790 1114 853 Αὐτὸς
1166 792 1222 844 δὲ
1256 791 1468 846 ἄνωθεν
1531 796 1681 863 ἡμᾶς
1719 795 1821 846 ἐπ-

239 881 490 945 οπτεύοις
519 879 698 943 ἵλεως,
751 880 845 932 καὶ
892 879 986 932 τὸν
1039 882 1425 952 παρεπόμενον
1463 885 1564 952 τῆς
1621 885 1824 955 σαρκὸς

249 974 402 1041 ἡμῶν
435 973 674 1043 πόλεμον
727 971 1156 1045 κατευμαρίζοις
1220 975 1505 1041 ἑκάστοτε,
1553 976 1651 1030 καὶ
1681 976 1824 1043 διεξ-

241 1067 394 1134 ά·;οις
428 1067 616 1128 αἰσίως
653 1069 754 1136 τῆς
783 1067 1130 1137 ταλαιπώρου
1162 1068 1308 1139 ζωῆς
1334 1070 1490 1141 ἡμῶν
1531 1071 1630 1142 τὴν
1667 1072 1823 1125 οὐθέ-

243 1179 409 1223 νειαν,
455 1161 536 1214 ὅτι
586 1160 756 1212 πολλὰ
787 1159 857 1212 τὰ
909 1162 1040 1230 παρ’
1087 1161 1282 1215 ἐλπίδα
1318 1161 1524 1232 ταύτης
1557 1163 1820 1232 συμπτώ-

248 1271 426 1325 ματα,
477 1254 573 1306 καὶ
607 1253 974 1323 κυδερνήσαις
1022 1253 1214 1324 πόρρω
1269 1253 1370 1323 τῆς
1416 1257 1660 1326 πονηρᾶς
1714 1254 1825 1308 τῶν

246 1347 432 1400 παθῶν
478 1347 814 1414 καταιγίδος,
857 1347 958 1416 τὴν
1001 1347 1096 1399 τοῦ
1137 1347 1254 1410 νοὸς
1301 1348 1546 1419 εἰρεσίαν
1577 1348 1825 1417 διεξαγό-

247 1456 405 1510 μενος
425 1480 438 1502 ,
467 1439 560 1492 καὶ
611 1437 943 1508 βραϐεύσαις
989 1441 1217 1510 εξρήνην
1260 1440 1356 1510 τῆς
1383 1439 1719 1509 Ἑκκλησίας
1747 1439 1826 1512 τῷ

247 1529 592 1599 σοιτήματι·
625 1529 757 1599 ὁρᾷς
819 1529 926 1598 γὰρ
973 1529 1126 1598 ὅσην,
1177 1530 1272 1583 καὶ
1317 1529 1391 1593 ὡς
1440 1530 1827 1586 καλύπτουσαν

243 1618 660 1688 ἀμεταστρεπτὶ
693 1620 792 1688 τῆς
824 1620 1041 1690 ἡμέρας
1072 1620 1170 1690 τὴν
1202 1618 1372 1692 ὀργὴν
1413 1621 1786 1674 ἐπιδείκνυται
1809 1638 1825 1653 ·

245 1711 338 1764 καὶ
369 1710 696 1774 καταϐάλοις
739 1710 910 1764 ἐθνῶν
969 1711 1280 1765 ἁτιθάσσων
1326 1710 1587 1782 θρασεῖαν
1651 1712 1828 1784 ὁρμὴν

242 1803 339 1858 καὶ
370 1803 662 1857 ἀλλόκοτον
712 1803 993 1874 φρόνημα.
1035 1804 1142 1858 Ἴδε
1191 1805 1300 1876 γὰρ
1349 1801 1437 1858 οἶα
1482 1803 1577 1859 νῦν
1614 1804 1683 1859 τὰ
1710 1804 1831 1857 τολ-

246 1899 493 1966 μώμενα.
545 1894 860 1964 Ἐκκλησίαι
905 1895 1426 1968 κατεμπιπρῶνται,
1469 1898 1564 1951 καὶ
1594 1897 1667 1966 γῆ
1695 1897 1830 1969 Χρι-

1927 702 2088 756 etiam
2131 699 2236 754 vile
2281 699 2596 763 obsonium,
2644 713 2954 752 sermonem
3006 698 3152 752 hunc
3193 698 3406 770 inclyta:
3443 716 3508 753 ac

1925 799 2135 846 sanctze
2176 791 2453 844 memeriae
2499 799 2607 844 tuae
2635 789 2952 855 olfurentes,
2988 789 3387 844 dedicavimus.
3426 789 3506 842 Tu

1926 899 2057 938 vero
2087 897 2189 938 nos
2219 883 2490 952 propitius
2519 896 2551 938 e
2573 882 2728 938 cadis
2754 882 2990 943 intuere,
3017 881 3275 951 quodque
3298 881 3512 953 jugiter

1925 989 2111 1031 comes
2129 975 2280 1028 adeSt
2304 975 2486 1030 carnis
2509 973 2733 1034 bellum,
2753 975 2996 1042 quotidie
3020 975 3242 1035 alleves.
3267 975 3511 1027 misera:-

1925 1083 2033 1138 que
2101 1068 2226 1123 vitae
2289 1076 2491 1122 nostra:
2538 1068 2889 1138 exiguitatem
2954 1082 3219 1137 prospere
3277 1067 3506 1136 dirigas,

1925 1174 2090 1230 quam
2122 1159 2275 1212 multi
2316 1174 2478 1214 casus
2515 1159 2889 1229 inexspectato
2926 1159 3242 1228 excipiunt,
3288 1173 3351 1212 ac
3378 1171 3510 1226 pro~

1927 1252 2016 1305 cul
2049 1266 2079 1305 a
2108 1266 2248 1306 saava
2300 1250 2774 1320 perturbationum
2819 1251 3082 1320 procella,
3116 1251 3282 1306 animi
3324 1250 3507 1303 navim

1927 1345 2197 1416 gubernes
2222 1359 2285 1397 ac
2314 1359 2496 1412 regas.
2538 1359 2836 1414 pacemque
2858 1343 3114 1399 Ecclesiae
3144 1344 3310 1397 coetui
3340 1359 3369 1397 a
3399 1341 3512 1398 Deo

1927 1438 2200 1493 obtinens.
2242 1436 2404 1493 Vides
2439 1438 2584 1491 enim
2632 1447 2894 1508 quautam
2933 1452 3207 1506 quamque
3247 1437 3509 1491 immobi-

1926 1529 2052 1584 liter
2079 1530 2223 1584 diem
2255 1530 2627 1600 obtegentem,
2656 1529 2792 1583 iram
2821 1529 3079 1584 exhibeat
3107 1545 3121 1582 :
3153 1528 3511 1596 destruasque

1929 1624 2170 1694 gentium
2202 1623 2588 1678 indomitorum
2622 1623 2886 1678 audacem
2918 1623 3208 1692 impetum,
3245 1637 3308 1676 ac
3339 1623 3511 1676 animi

1931 1715 2221 1771 insolentis
2253 1717 2590 1786 superbiam.
2633 1715 2768 1769 Vide
2793 1717 2942 1770 enim
2976 1715 3161 1786 qualia
3194 1731 3342 1769 nunc
3371 1732 3513 1784 pne-

1931 1815 2242 1862 sumautnr.
2278 1807 2535 1862 Ecclesia!
2580 1807 2980 1870 incenduntur,
3028 1823 3093 1862 ac
3141 1815 3286 1862 terra
3354 1806 3515 1860 Chri-

1933 1901 2241 1956 stianorum
2271 1899 2454 1954 madet
2492 1900 2757 1969 sanguine
2791 1917 2807 1954 :
2841 1899 3186 1969 suadensque
3217 1899 3324 1953 tuis
3346 1900 3516 1952 inter-

247 1988 482 2048 στιανῶν
523 1989 637 2052 τοῖς
679 1988 878 2058 αἵμασι
934 1988 1250 2043 σπένδεται·
1309 1989 1404 2042 καὶ
1437 1990 1655 2050 πείσαις
1706 1993 1825 2052 ταῖς

1933 1992 2299 2055 cessionibus,
2322 2000 2379 2045 ut
2394 1992 2478 2046 vel
2499 1991 2602 2046 fide
2619 2000 2765 2045 recta
2784 1995 2848 2044 ad
2869 1993 3148 2059 antiquam
3171 1974 3519 2044 revertantur

244 2079 591 2148 πρεσϐείαις,
639 2079 672 2147 ἢ
707 2081 842 2150 πρὸς
891 2079 990 2151 τὴν
1025 2080 1266 2151 ἀρχαίαν
1315 2081 1404 2135 διὰ
1453 2081 1555 2150 τῆς
1592 2081 1830 2146 πίστεως

244 2170 564 2223 ἐπανελθεῖν
589 2169 690 2239 τῆς
719 2170 878 2238 δόξης
917 2170 1224 2238 εὐγένειαν.
1267 2171 1302 2241 ἢ
1341 2172 1665 2242 παμπληᾶεὶ
1699 2189 1828 2241 κρο-

239 2258 655 2330 τα·ι;ί[ζε]σθαι,
681 2260 756 2324 ὠς
788 2259 918 2330 ἔθνη
940 2262 1176 2331 πόλεμον
1203 2260 1446 2316 θέλοντα.
1465 2261 1576 2314 Καὶ
1600 2260 1707 2332 μὴν
1737 2261 1831 2314 καὶ

242 2352 551 2423 παράσχοις
585 2353 816 2420 ἀγαθαῖς
846 2353 1028 2407 ἐλπίσι
1067 2356 1190 2417 ταῖς
1221 2355 1362 2424 πρὸς
1388 2354 1450 2408 τὸ
1481 2356 1637 2407 Θεῖον
1681 2355 1829 2424 ἡμᾶς

243 2445 570 2514 πρακτικῶς
601 2444 1016 2516 ἑναόρύνεσθαι,
1045 2444 1368 2510 δοξάζοντας
1395 2445 1637 2516 Πατέρα,
1677 2445 1826 2510 Υιὸν,

241 2535 341 2588 καὶ
366 2536 523 2604 ἅγιον
553 2537 794 2607 Πνεῦμα,
824 2538 923 2609 τὴν
944 2539 1128 2609 ἀμερῆ
1151 2539 1342 2593 οὐσίαν
1367 2555 1426 2592 τε
1453 2540 1544 2593 καὶ
1569 2539 1825 2609 θεότητα,

241 2626 342 2680 νῦν
397 2628 494 2680 καὶ
546 2628 654 2696 ἀεὶ,
709 2629 805 2682 καὶ
857 2632 937 2694 εἰς
991 2632 1118 2695 τοὺς
1179 2631 1384 2696 αἰῶνας
1430 2631 1542 2684 τῶν
1587 2629 1823 2685 αἰώνων.

256 2722 310 2772 ’Δ
321 2719 454 2791 μήν.

1930 2084 2118 2156 gloriae
2157 2085 2572 2153 ingenuitatem,
2613 2083 2695 2137 vel
2743 2083 2962 2152 penitus
3006 2083 3359 2148 collidantur,
3395 2091 3518 2136 tan-

1928 2191 2092 2246 quam
2147 2187 2337 2247 gentes
2402 2193 2523 2246 qua:
2552 2177 2690 2230 bella
2739 2177 2952 2231 volunt.
2986 2175 3086 2238 Ita,
3128 2189 3335 2244 quaeso,
3374 2191 3515 2243 pra»

1929 2277 2176 2339 stesque,
2215 2277 2274 2322 ut
2301 2268 2440 2324 bona
2474 2269 2528 2323 in
2571 2268 2739 2322 Deum
2769 2283 2865 2338 spe
2879 2268 3124 2322 moribus
3156 2267 3257 2320 rite
3288 2281 3517 2335 compo-

1929 2359 2052 2415 sitis
2085 2359 2406 2426 gloriemur,
2441 2359 2670 2430 gloriam
2710 2357 3096 2412 submittentes
3138 2355 3308 2419 Patri,
3351 2355 3514 2419 Filio,

1931 2465 1997 2504 ac
2043 2449 2272 2520 Spiritui
2321 2459 2536 2516 sancto,
2587 2449 2881 2503 individua:
2933 2448 3025 2502 uni
3080 2447 3402 2502 substantia:
3451 2462 3516 2500 ac

1929 2543 2145 2609 deitati,
2182 2559 2333 2599 nunc
2364 2553 2422 2600 et
2463 2557 2704 2614 semper,
2733 2543 2871 2598 etin
2916 2543 3114 2597 saecula
3160 2541 3530 2596 saeculorum.-

1929 2636 2125 2692 Amen.

239 2923 3504 2972 W

1475 3101 1650 3148 ANNO
1690 3102 1916 3147 DOMINI
1961 3103 2274 3146 DCCCXCIH

579 3280 724 3511 S.
855 3276 1698 3512 JOSllPllllS
1811 3276 3176 3513 HYllNOGlllPllllS
3364 3383 3372 3392 λ

1632 3639 2146 3732 NOTITIA

860 3853 956 3916 (Ex
981 3855 1096 3907 Aut.
1129 3854 1432 3905 noscimus
1473 3851 1769 3904 Bibliotheca
1815 3851 2003 3913 Siculo,
2032 3853 2259 3902 Panormi
2299 3852 2438 3912 1708,
2475 3857 2591 3902 tom.
2619 3852 2661 3914 Ι,
2688 3869 2736 3915 p.
2761 3851 2897 3915 58L)

315 4184 589 4260 Joscphus
610 4182 1080 4258 bymnograpbus,
1106 4183 1178 4238 ita
1211 4183 1281 4237 ab
1307 4183 1641 4254 hymnorum
1673 4179 2045 4248 multitudine,
2072 4193 2214 4250 quos
2249 4179 2582 4245 decantavit,
2613 4180 2939 4250 appellatus,
2974 4180 3114 4236 lucis
3149 4197 3377 4235 usuram
3414 4182 3517 4251 Sy-

242 4279 460 4333 racusis
485 4277 715 4346 accepit,
745 4287 908 4328 natus
947 4288 1011 4326 ex
1040 4271 1256 4326 Plotino
1284 4280 1338 4325 et
1366 4270 1571 4340 Agatha
1594 4271 1912 4338 parentibus
1947 4267 2144 4322 virtute
2170 4267 2352 4322 claris.
2389 4269 2472 4322 Ab
2503 4267 2728 4322 infantia
2751 4284 2963 4322 nierum
3017 4270 3361 4333 maturitate,
3400 4271 3516 4324 vir-

242 4375 364 4420 tute
395 4379 460 4420 ac
495 4365 716 4434 pietate,
752 4362 949 4416 futura:
977 4358 1358 4418 sanctittloltia‘,
1390 4359 1666 4427 specimen
1704 4355 1869 4409 dedit.
1903 4354 2089 4411 Sacris
2111 4355 2363 4410 addictus
2394 4355 2588 4410 litteris
2647 4357 2845 4410 mirum
2884 4357 2936 4410 in
2989 4358 3211 4410 modum
3247 4357 3510 4427 profecit,

244 4465 299 4507 et
327 4469 436 4506 non
459 4452 692 4506 obscura
715 4449 957 4504 cmlestis
989 4447 1270 4517 sapientiae
1296 4461 1358 4499 ac
1385 4445 1584 4499 divina:
1647 4443 1976 4513 eloquentiae
2030 4443 2350 4512 splendores
2388 4445 2581 4508 edidit,
2619 4460 2759 4514 quos
2814 4445 3196 4516 praeclariores
3243 4445 3514 4498 virtutum

243 4542 601 4596 incrementis
631 4539 828 4604 effecit,
852 4539 943 4593 sed
976 4538 1203 4593 florente
1225 4537 1403 4590 adhuc
1426 4542 1582 4588 aetate
1620 4548 1744 4588 cum
1792 4531 2024 4602 Agareui
2062 4531 2364 4602 Syracusas
2396 4542 2782 4602 occupassent,
2838 4543 2897 4589 ut
2959 4532 3326 4587 Barbarorum
3361 4531 3514 4587 furo-

249 4648 366 4686 rem
391 4631 712 4693 declinaret,
732 4628 786 4682 in
811 4628 1208 4696 Peloponnesum
1231 4624 1490 4690 decessit,
1511 4623 1625 4687 ubi,
1657 4620 1866 4676 relictis
1894 4621 2252 4690 genitoribus,
2281 4629 2338 4673 ut
2365 4620 2718 4676 Deoliberius
2763 4630 3004 4685 vacaret,
3055 4619 3511 4675 Thessalonicam

245 4723 420 4788 petiit,
461 4721 648 4790 ibique
681 4718 1043 4774 monasticum
1075 4714 1137 4770 D.
1174 4714 1360 4768 Basilii
1387 4713 1691 4768 institutum
1724 4711 2010 4780 amplexus
2043 4717 2126 4764 est
2157 4708 2210 4762 in
2232 4708 2484 4763 emnobio
2505 4707 2714 4765 Latmni
2767 4711 2935 4765 dicto.
2967 4709 3044 4764 Eo
3085 4710 3254 4764 animi
3301 4708 3520 4765 fervore

245 4810 554 4881 regularem
583 4807 928 4877 disciplinam
956 4820 1250 4876 aggressus
1284 4813 1388 4869 est,
1421 4814 1484 4857 ut
1511 4803 1744 4857 breviter
1779 4796 2135 4870 perfectionis
2162 4797 2472 4866 exemplum
2502 4812 2624 4852 sese
2659 4799 2920 4852 omnibus
2949 4795 3281 4859 exhibuerit;
3318 4797 3509 4850 humi-

245 4899 418 4954 litatis
441 4897 612 4960 enim,
645 4895 990 4960 obedientize,
1024 4893 1338 4950 solitudinis
1370 4908 1434 4946 ac
1465 4889 1665 4946 silentii
1716 4886 1902 4942 studio
1955 4883 2207 4940 incubuit
2241 4903 2256 4939 :
2286 4884 2628 4949 austeritate,
2682 4883 3168 4953 contemplatione,
3215 4883 3510 4948 charitate,

247 4987 485 5056 aliisque
518 4985 816 5040 virtutibus
835 4980 1065 5038 ornatus
1103 4983 1178 5037 ita
1210 4981 1446 5046 refulsit,
1475 4989 1532 5034 ut
1571 4978 1830 5032 omnibus
1884 4973 2234 5048 admirationi
2275 4983 2444 5027 esset.
2506 4970 2583 5025 Ex
2645 4972 2871 5026 assidua
2895 4986 3177 5026 sacrarqu
3206 4969 3515 5024 litterarum

251 5084 678 5142 sanctorumque
707 5072 924 5126 Patrum
959 5071 1213 5134 lectione,
1247 5069 1512 5124 virtutum
1564 5069 1802 5121 fomenta
1837 5064 2116 5124 eliciebat.
2172 5062 2496 5130 etelitesque
2528 5061 2824 5131 primarius
2865 5061 3067 5114 nedum
3099 5058 3305 5113 imitari
3339 5073 3513 5112 cona-

253 5163 434 5224 batur,
467 5176 654 5214 verum
686 5159 848 5213 etiam
877 5168 930 5212 et
961 5158 1178 5230 hymnis
1217 5157 1452 5226 aliisque
1477 5155 1679 5224 ingenii
1727 5155 2098 5208 monumentis
2118 5153 2376 5206 extollere
2413 5154 2663 5205 curabat.
2699 5149 2834 5203 liiuc
2865 5149 2917 5203 in
2951 5150 3038 5203 sui
3059 5162 3303 5201 amorem
3333 5162 3398 5202 ac
3417 5161 3515 5202 ve-

251 5251 592 5305 nerationem
651 5264 843 5304 omnes
874 5247 1145 5312 trahebat;
1172 5246 1390 5302 dulcius
1415 5255 1596 5300 autem
1644 5261 1769 5300 cum
1828 5255 2109 5298 sacrarum
2168 5241 2474 5293 litterarum
2525 5252 2728 5292 arcana
2764 5251 2963 5304 magna
2998 5236 3266 5290 suavitate
3304 5251 3515 5304 expen-

249 5339 425 5392 deret.
461 5336 674 5408 Sarpius
701 5337 912 5391 caelesti
938 5335 1208 5404 sapientia
1261 5320 1506 5389 imbutus
1564 5333 2015 5395 concinnabatur,
2048 5339 2102 5382 et
2123 5329 2188 5382 ad
2220 5329 2458 5382 virtutes
2497 5327 2908 5396 antplectendas
2939 5326 3254 5380 auditorum
3291 5327 3515 5379 animos

249 5427 560 5482 excitabat:
592 5425 892 5494 profluebat
922 5424 1067 5478 enim
1103 5438 1167 5477 ex
1209 5438 1309 5477 ore
1339 5421 1540 5493 egregii
1575 5423 1674 5475 viri
1702 5421 1925 5476 mellita:
1978 5417 2305 5488 eloquentiae
2356 5417 2582 5476 ﬂumen,
2628 5435 2739 5488 quo
2791 5417 3038 5470 onmium
3081 5415 3247 5471 corda
3278 5415 3516 5470 dulciter

253 5516 546 5570 alliciebat.
573 5514 655 5570 0b
679 5515 947 5584 egregiam
991 5513 1113 5566 vitae
1141 5512 1562 5566 sanctimoniam
1594 5511 1791 5580 dignus
1821 5509 2168 5565 existimatus
2221 5508 2313 5577 qui
2339 5507 2644 5563 sacerdotio
2675 5509 3010 5572 initiaretur,
3033 5506 3158 5559 licet
3191 5504 3515 5561 humilitatis

254 5600 396 5654 vires
421 5600 778 5661 obsisterent,
817 5597 1070 5666 precibus
1098 5607 1150 5652 et
1171 5597 1491 5651 obcdientia:
1517 5596 1700 5661 cessit;
1735 5597 1967 5663 ideoque
1999 5598 2096 5649 bac
2125 5595 2388 5663 dignitate
2422 5595 2718 5662 insignitus
2767 5595 3069 5649 ferventius
3095 5593 3356 5647 virtutum
3388 5586 3512 5646 stit-

253 5687 342 5741 dio
371 5687 640 5741 incubuit.
668 5686 923 5740 Duriores
951 5686 1285 5756 poenitentia:
1318 5686 1462 5753 leges
1492 5686 1775 5754 amplexus
1801 5694 1906 5746 est,
1937 5684 2241 5737 orationem
2299 5683 2618 5752 protrahere
2686 5683 2898 5737 diutius
2949 5681 3182 5744 curm-it,
3209 5690 3264 5734 et
3287 5680 3353 5733 ad
3382 5697 3514 5736 san-

255 5776 530 5830 ctimonia:
564 5774 841 5844 fastigium
881 5775 1137 5829 omnibus
1161 5774 1327 5828 animi
1379 5773 1560 5827 nervis
1597 5787 1889 5842 properare
1933 5773 2236 5828 contendit.
2266 5772 2404 5828 Cum
2445 5785 2625 5826 autem
2662 5771 3116 5826 Thessalonicam
3149 5770 3508 5835 pervenisset,

256 5863 308 5915 S.
336 5862 636 5933 Gregorius
673 5862 1007 5932 Dccapolita,
1039 5866 1131 5932 qui
1162 5863 1469 5917 sanctitatis
1494 5877 1557 5915 ac
1591 5861 1982 5915 miraculorum
2031 5861 2201 5930 gloria
2230 5862 2475 5925 ﬂorebat,
2511 5859 2737 5931 Josephi
2788 5857 3208 5914 sanctimoniam
3261 5859 3508 5914 numeris

252 5949 511 6008 erunibus
546 5949 877 6017 absolutam,
903 5949 1226 6023 demiratus,
1284 5965 1410 6006 cum
1443 5950 1534 6007 illo
1579 5949 1950 6007 arctissimaut
2003 5950 2433 6010 l'amiliaritatcm
2471 5951 2766 6016 contraxit;
2800 5949 2936 6005 adeo
2963 5957 3019 6005 ut
3061 5947 3130 6004 ab
3179 5963 3246 6004 eo
3271 5946 3508 6003 distrahi
