3978 6592
478 489 584 555 927
1505 491 1563 550 S.
1604 487 1990 551 JOSEPHUS
2027 483 2679 546 HYMNOGBAPIIUS.
3581 483 3671 545 928

482 597 630 653 haud
662 604 939 667 pateretur
970 614 985 651 :
1019 596 1148 653 hinc
1167 595 1448 652 discedere
1472 605 1696 650 coactus
1718 595 1782 648 ad
1816 594 2167 663 gravissimas
2193 608 2279 647 res
2297 588 2766 658 Constantinopoli
2799 587 3231 656 pertractandas,
3265 588 3490 643 cmnobii
3518 595 3674 648 mode-

479 696 711 739 ratorem
746 686 904 740 enixe
933 685 1163 755 rogavit,
1194 694 1252 738 ut
1278 682 1574 751 Josephum
1628 682 1839 735 itineris
1882 680 2089 735 socium
2132 680 2469 749 adjnugeret.
2502 686 2557 731 et
2580 677 2794 731 tandem
2850 676 3107 730 obtinuit.

549 792 1080 860 Constantinopolim
1107 791 1366 860 appulsus
1401 786 1695 856 Josephus,
1731 785 2057 855 Gregorium
2088 786 2353 838 continuo
2397 784 2638 847 intuens,
2691 796 2909 835 omnem
2948 780 3071 834 vitae
3094 794 3207 834 suze
3261 780 3521 834 rationem
3558 781 3606 835 in
3630 799 3679 836 se

482 881 715 935 fideliter
752 880 1052 935 transferre
1082 880 1332 941 curabat,
1397 893 1459 931 ac
1493 878 1656 930 vitam
1688 878 1868 944 potius
1901 876 2204 943 angelicam
2240 889 2403 942 quam
2463 874 2761 927 humanam
2809 870 3151 923 traducebat.
3198 868 3333 921 Cum
3381 878 3551 921 autem
3591 869 3681 925 Leo

482 971 613 1035 (non
664 969 955 1031 Isauricus,
988 977 1046 1021 ttt
1076 968 1238 1020 habet
1294 965 1411 1021 Vita
1448 965 1505 1019 S.
1536 963 1755 1032 Jusephi
1812 962 1954 1031 apud
1999 961 2285 1016 Octavium
2322 964 2644 1025 Cat-tantum,
2676 970 2810 1013 tom.
2869 957 2910 1011 ll
2971 956 3219 1010 Sanctor.
3254 956 3474 1010 Siculor.
3506 973 3555 1026 p.
3605 958 3682 1019 46,

479 1058 571 1112 sed
603 1061 894 1121 Armenus,
930 1067 987 1110 ut
1014 1059 1166 1127 juxta
1209 1056 1467 1123 temporis
1514 1058 1751 1123 epochas
1792 1063 1933 1107 recte
1984 1053 2273 1106 advertunt
2314 1048 2645 1103 Godelridus
2678 1046 3057 1101 llenscbenius
3111 1052 3165 1097 et
3221 1044 3401 1097 Daniel
3444 1046 3683 1112 Papebro-

479 1146 635 1197 chius
669 1146 721 1198 in
761 1148 903 1199 Actis
945 1146 1045 1199 SS.
1080 1147 1114 1199 5
1177 1144 1403 1213 Aprilis.
1436 1144 1488 1196 in
1524 1152 1821 1197 comment.
1856 1140 2055 1210 praevio
2085 1140 2150 1191 ad
2183 1137 2357 1190 Vitam
2402 1134 2707 1203 SJOSCplll,
2737 1134 2763 1205 §
2798 1134 2902 1201 l,p.
2927 1132 3051 1195 266,
3085 1131 3211 1185 etin
3247 1141 3489 1184 aunotat.
3519 1132 3679 1201 ΜΠ)

480 1229 913 1286 immanissimus
938 1231 1577 1299 Constantinopolitanus
1610 1230 1927 1298 imperator,
1960 1241 2160 1280 vesana
2194 1225 2341 1277 rabie
2373 1224 2425 1276 in
2450 1239 2634 1276 sacras
2666 1222 2931 1289 imagines
2973 1235 3274 1287 carumque
3318 1220 3551 1273 cultores
3601 1236 3684 1273 ειε-

480 1316 637 1378 viret,
671 1316 730 1372 S.
759 1317 1075 1387 Gregorius,
1114 1319 1457 1385 imperatoris
1514 1317 1684 1369 furori
1720 1333 1778 1371 se
1800 1330 2098 1385 opponens,
2150 1313 2363 1382 publice
2419 1310 2745 1363 catholicam
2778 1308 2934 1361 fidem
2969 1308 3329 1377 propugnavit
3356 1322 3375 1361 :
3414 1306 3532 1359 hinc
3565 1322 3684 1360 non-

482 1405 613 1457 nulli
668 1405 765 1459 viri
806 1407 1042 1475 religiosi
1074 1406 1137 1458 ad
1166 1405 1510 1475 Gregorium.
1563 1416 1819 1472 tanquam
1879 1405 1943 1458 ad
1982 1404 2101 1457 fidei
2149 1401 2405 1454 athletam
2442 1400 2839 1469 confugientes,
2901 1400 3099 1465 saepius
3154 1397 3485 1459 institerunt,
3516 1408 3569 1448 ut
3597 1396 3689 1449 llo-

481 1506 623 1542 mam
669 1494 731 1543 ad
770 1508 1042 1545 summum
1073 1490 1386 1544 [’oatilieem
1418 1492 1473 1543 ὃ.
1506 1490 1803 1560 Josephum
1838 1493 2100 1551 mitteret,
2130 1490 2215 1541 cui
2252 1488 2505 1543 Ecclesia:
2549 1487 2887 1541 calamitates
2913 1502 2975 1539 ac
3007 1486 3244 1539 fidelium
3278 1485 3507 1553 pericula
3546 1502 3689 1554 expo-

482 1589 652 1640 neret,
688 1579 918 1648 ideoque
945 1592 1126 1633 noster
1158 1578 1425 1648 Josephus
1461 1578 1706 1647 Gregorii
1745 1579 1898 1647 jttssu
1946 1580 2171 1632 llomam
2206 1579 2533 1632 velificavit:
2568 1587 2625 1630 at
2674 1577 2728 1630 in
2780 1576 2972 1630 itinere
3003 1592 3030 1628 a
3062 1576 3251 1645 piratis
3291 1590 3586 1645 aggressus,
3611 1592 3689 1627 Ca-

480 1666 661 1734 ptivus
690 1667 740 1719 in
764 1668 979 1720 Cretam
1015 1668 1245 1720 insulam
1274 1668 1541 1721 adductus
1578 1676 1678 1731 est,
1719 1668 1803 1719 ubi
1840 1668 1889 1719 in
1928 1666 2140 1719 vincula
2192 1665 2491 1735 eomjectus,
2520 1666 2755 1719 obscuro
2784 1664 2989 1717 carceri
3042 1665 3401 1732 mancipatur.
3440 1663 3540 1716 Sed
3572 1664 3692 1717 inter

480 1764 702 1807 catenas
738 1755 993 1824 gestiens,
1024 1756 1295 1808 sociorum
1327 1755 1618 1822 languores
1654 1741 1857 1808 mellita
1891 1754 2222 1823 eloquentia:
2248 1754 2296 1806 vi
2329 1754 2661 1812 emollit-bat.
2688 1768 2749 1806 ac
2775 1752 2825 1805 in
2852 1751 2973 1805 fidei
3003 1752 3307 1806 constantia
3339 1751 3690 1811 confirmabat.

481 1838 805 1908 Episcopum
839 1839 1005 1893 animi
1036 1840 1348 1895 infirmitate
1376 1841 1739 1902 laborantem.
1776 1841 1864 1908 qui
1896 1851 1951 1893 nt
1980 1854 2082 1893 sea
2125 1842 2403 1895 laboribus
2451 1843 2687 1911 eriperet
2737 1842 2801 1895 ad
2832 1842 3131 1911 imaginum
3191 1848 3557 1909 contemptum
3596 1829 3690 1907 jam

482 1928 873 1995 propendebat,
903 1928 977 1980 ita
1012 1928 1307 1994 roboravit,
1344 1937 1403 1980 ut
1480 1945 1579 1997 pro
1610 1928 1810 1981 Christi
1846 1928 1949 1981 fide
1998 1943 2063 1981 ac
2096 1929 2393 1999 imaginum
2443 1926 2591 1985 cultu
2625 1930 2943 1998 sanguinem
2972 1928 3303 1999 profundere
3324 1938 3563 1996 paratum
3591 1928 3695 1980 red-

477 2015 693 2069 diderit.
730 2015 1049 2070 Innumeros
1078 2033 1107 2070 e
1140 2017 1338 2069 diaboli
1376 2016 1584 2085 laqueis
1614 2017 1793 2078 solvit,
1834 2032 1895 2070 ac
1920 2016 1973 2068 in
2010 2016 2109 2070 fide
2140 2015 2462 2072 fluctuantes
2497 2018 2750 2081 firmavit,
2785 2033 3019 2086 quorum
3067 2016 3314 2070 nonnulli
3341 2016 3690 2085 martyriipal-

481 2117 621 2154 mam
660 2104 895 2156 assecuti
930 2088 1076 2157 sunt.
1105 2104 1240 2156 Dum
1272 2114 1450 2156 autem
1487 2105 1557 2157 ita
1585 2103 1862 2157 fructuose
1892 2103 2078 2167 vitam,
2110 2106 2209 2159 etsi
2238 2107 2449 2160 catenis
2485 2107 2715 2165 vinctus.
2746 2104 3083 2167 traducebat,
3109 2104 3161 2156 in
3194 2102 3423 2157 natalitii
3456 2102 3691 2156 Dominici

480 2200 662 2250 nocte,
688 2190 1064 2257 spiritualibus
1089 2191 1317 2245 canticis
1357 2191 1615 2259 producta
1648 2206 1820 2259 usque
1839 2191 1902 2244 ad
1924 2192 2045 2260 galli
2081 2205 2324 2257 cantum,
2363 2195 2421 2247 D.
2450 2194 2704 2249 Nicolaus
2740 2192 3005 2263 Myrensis
3025 2207 3145 2247 sese
3190 2190 3535 2261 spectabilem
3560 2190 3688 2253 fecit,

478 2291 542 2328 ac
570 2274 807 2344 Josepho
845 2278 1132 2340 nuntiavit,
1164 2278 1582 2331 iconomachum
1613 2278 1994 2347 imperatorem
2032 2280 2143 2347 jam
2180 2281 2533 2346 defunctum;
2565 2298 2622 2335 se
2670 2291 2851 2334 autem
2912 2279 3452 2348 Constantinopolim
3503 2277 3689 2347 regredi

478 2379 617 2430 opus
648 2379 787 2428 esse,
823 2374 881 2418 ut
901 2366 1111 2420 cmlesti
1136 2367 1403 2435 sapientia
1438 2366 1644 2419 Christi
1672 2366 1856 2421 fideles
1888 2367 2240 2421 confirmaret
2276 2386 2287 2421 :
2314 2370 2437 2422 inde
2468 2370 2631 2422 libelli
2686 2368 2873 2421 folium
2918 2368 2974 2420 in
3008 2383 3072 2422 es
3093 2368 3213 2435 ejus
3236 2366 3487 2426 immisit.
3516 2366 3565 2418 in
3595 2380 3692 2433 quo

480 2450 593 2505 lucc
625 2452 940 2519 legebantur
966 2456 1123 2507 verba
1150 2474 1163 2508 ε
1201 2474 1217 2504 ι
1252 2454 1505 2507 Aceelera
1538 2465 1792 2523 tanquam
1853 2456 2186 2519 misericors,
2241 2467 2295 2512 et
2332 2458 2522 2512 festina
2553 2468 2806 2526 tanquam
2839 2456 3126 2509 miserator
3154 2456 3206 2507 in
3244 2454 3568 2522 adjutorium
3612 2467 3693 2504 no-

479 2550 675 2601 strum,
715 2553 865 2608 potes
898 2543 1042 2595 enim
1074 2543 1118 2595 si
1138 2544 1237 2595 vis.
1268 2560 1287 2593 ι
1327 2540 1451 2595 Haec.
1484 2558 1608 2595 cum
1641 2541 1964 2597 suavissime
2016 2543 2382 2605 decantasset.
2412 2560 2471 2599 se
2520 2543 2725 2599 ccelesti
2775 2543 3059 2597 dulcedine
3093 2540 3379 2611 perfusum
3421 2540 3600 2603 sensit,
3641 2554 3694 2592 ac

478 2629 832 2695 compedibus
860 2631 1123 2691 soluttnn,
1154 2641 1207 2684 et
1244 2646 1337 2699 per
1375 2647 1552 2685 aerem
1589 2639 1825 2701 raptum;
1887 2633 2069 2686 statim
2103 2650 2131 2686 a
2170 2634 2229 2685 υ.
2270 2631 2493 2686 Nieolao
2530 2631 3061 2699 Constantinopolim
3100 2630 3397 2684 translatus
3428 2638 3529 2681 est.
3566 2626 3686 2679 Cum

477 2714 550 2767 ibi
576 2713 892 2786 Gregorium
918 2718 1026 2785 jam
1050 2718 1365 2771 defunctum
1398 2720 1754 2788 deplorasset,
1790 2724 1840 2773 in
1872 2722 2160 2774 ecclesiam
2187 2722 2244 2774 S.
2287 2720 2512 2773 Joannis
2546 2719 2917 2789 Chrysostomi
2972 2718 3217 2779 secessit,
3276 2718 3368 2770 ubi
3400 2717 3616 2785 populos
3634 2715 3689 2767 ad

475 2802 760 2857 ecclesiam
796 2805 1131 2861 confluentes
1152 2807 1355 2861 caelesti
1393 2809 1657 2876 sapientia
1723 2809 1977 2873 erudivit,
2002 2819 2053 2863 et
2078 2814 2143 2864 ad
2181 2810 2427 2865 omnium
2480 2808 2828 2862 commodum
2881 2807 3193 2861 cmnobium
3240 2805 3531 2867 exstruxit,
3562 2801 3688 2871 quod

477 2892 664 2944 statim
706 2907 1033 2968 numerosus
1064 2895 1441 2965 religiosorum
1497 2910 1672 2952 coetus
1726 2899 1981 2968 explevit.
2038 2901 2268 2967 Accepta
2316 2910 2493 2951 autem
2538 2913 2604 2950 ex
2655 2896 2800 2949 dono
2831 2894 2888 2948 S.
2936 2894 3317 2947 Bartholomaei
3360 2893 3598 2961 reliquia,
3635 2891 3705 2947 ad.

478 2977 599 3043 ejus
633 2981 839 3033 cultum
868 2966 1156 3036 ecclesiam
1184 2984 1459 3049 excitavit,
1496 2985 1682 3054 ibique
1708 2966 1912 3054 pluvi-ies
1936 2986 1996 3040 S.
2030 2966 2309 3055 apostolus
2353 2984 2701 3053 spectabilem
2728 2981 2966 3049 Josepho
3009 2980 3303 3033 dormienti
3338 2996 3397 3034 se
3447 2982 3689 3044 exhibuit,

478 3066 638 3134 eique
666 3068 846 3121 abdita
878 3070 1134 3124 nonnulla
1172 3072 1445 3141 mysteria,
1480 3088 1542 3125 ae
1590 3074 1905 3128 diﬂieillima
1938 3089 2220 3129 sacrarum
2274 3072 2573 3126 litterarum
2604 3072 2719 3124 loca
2746 3069 3077 3139 explanavit;
3108 3069 3427 3122 cwlestibus
3460 3068 3691 3123 benedic-

482 3153 723 3209 tionibus
753 3164 804 3209 et
836 3158 1259 3213 charismatilms
1303 3161 1622 3223 cumulavit,
1679 3171 1734 3214 ut
1778 3170 2048 3214 terrarum
2112 3160 2297 3213 orbem
2345 3161 2659 3214 cantionum
2715 3158 2983 3212 suavitate
3021 3156 3381 3219 demulceret,
3417 3154 3687 3224 Joseplmm

482 3256 713 3309 superna
751 3244 1126 3302 benedictione
1154 3248 1353 3315 beavit,
1386 3258 1439 3302 et
1467 3250 1519 3302 in
1566 3250 1686 3317 cjns
1733 3250 1970 3318 linguam
1994 3264 2241 3317 superna:
2285 3247 2563 3315 sapientiae
2599 3246 2787 3299 latices
2836 3244 3056 3314 largiter
3092 3242 3294 3297 influit.
3332 3242 3408 3296 Ex
3433 3251 3557 3297 tunc
3578 3257 3689 3295 car-

484 3328 628 3381 mina
662 3332 847 3399 panxit
876 3332 1147 3389 uberrime
1173 3350 1240 3389 co
1270 3348 1486 3389 nectare
1518 3336 1738 3397 referta,
1770 3336 2159 3405 leporibusque
2208 3338 2558 3396 concinnata,
2588 3344 2646 3386 ut
2704 3333 3013 3387 auditorum
3062 3345 3125 3385 ac
3178 3330 3473 3399 legentium
3507 3331 3694 3383 animos

481 3417 616 3468 inira
654 3420 939 3473 dulcedine
968 3422 1314 3489 perfundant.
1344 3433 1397 3476 et
1432 3438 1777 3492 quocumque
1814 3424 1977 3477 velint
2014 3423 2272 3476 facillime
2304 3422 2522 3475 flectant
2556 3440 2568 3475 :
2606 3421 2740 3474 adeo
2777 3429 2835 3473 ut
2870 3434 2936 3473 ex
2978 3418 3168 3472 iisdem
3194 3416 3557 3471 cmlicolarum
3582 3431 3693 3471 can-

479 3512 659 3556 torum
702 3507 867 3559 ine-los
906 3507 1120 3562 effluere
1154 3507 1219 3561 ad
1252 3510 1556 3563 animarum
1593 3511 1843 3564 solatium
1879 3520 2052 3579 putet.
2084 3510 2219 3565 llinc
2247 3511 2437 3562 merito
2488 3510 2609 3577 ejus
2634 3507 2818 3578 hymni
2847 3506 2914 3561 ab
2951 3506 3188 3560 Ecclesia
3220 3506 3411 3561 Graeca
3442 3507 3493 3559 in
3540 3505 3691 3560 sacris

486 3591 682 3643 divinm
721 3593 1036 3660 psalmodia:
1068 3596 1201 3648 locis
1245 3598 1513 3661 translati,
1546 3598 1610 3650 ad
1660 3599 1903 3651 cmlitum
1940 3598 2153 3652 laudem
2207 3600 2587 3651 decantantur.
2626 3598 2820 3650 Multos
2855 3595 2907 3648 in
2942 3594 3192 3648 hreresim
3221 3594 3405 3664 lapsos
3435 3594 3500 3648 ad
3527 3594 3692 3648 catho-

482 3676 640 3730 licam
675 3678 833 3732 fldem
870 3682 1162 3743 revocavit,
1198 3682 1505 3753 multosque
1535 3700 1562 3737 a
1589 3685 1768 3737 saeculi
1828 3685 2094 3738 illecebris
2118 3692 2354 3751 ereptos,
2390 3685 2707 3736 monasticae
2734 3684 2855 3735 vita:
2888 3680 3119 3734 addixit.

556 3788 626 3841 At
669 3790 795 3843 dum
838 3791 890 3844 in
920 3791 1004 3846 bis
1052 3793 1273 3847 sedulus
1323 3793 1632 3857 insudabat,
1679 3794 1862 3866 inclyti
1916 3796 2013 3848 viri
2043 3795 2253 3849 labores
2306 3792 2616 3848 exturbavit
2677 3791 3009 3862 Theophilus
3046 3800 3343 3861 imperator
3380 3793 3525 3864 (non
3574 3793 3698 3847 Con-

482 3878 759 3931 stantinus
786 3880 1188 3951 Copronymus,
1219 3892 1276 3935 ut
1300 3896 1364 3934 ex
1390 3883 1547 3935 citata
1580 3883 1903 3937 llenschenii
1928 3894 1981 3937 et
2009 3883 2366 3952 Papebrochii
2418 3882 2777 3952 correctione)
2813 3882 2905 3950 qui
2936 3890 2989 3936 et
3020 3883 3135 3951 ipse
3190 3882 3365 3936 sacris
3400 3884 3701 3952 imaginibus

482 3964 751 4030 infensus,
780 3965 1079 4037 Josephum
1110 3970 1420 4039 evangelica
1456 3970 1705 4023 libertate
1745 3972 2187 4036 coneionantem,
2230 3971 2281 4023 in
2338 3971 2591 4023 exsilium
2647 3970 2814 4039 ejicit,
2865 3969 2918 4023 in
2970 3985 3078 4039 quo
3132 3968 3255 4022 forti
3312 3971 3498 4024 animo
3542 3969 3698 4024 exsilii

472 4069 745 4109 {cumnas
784 4072 1073 4125 perpessus
1096 4067 1195 4124 est,
1229 4058 1530 4127 usquedum
1565 4073 1593 4111 a
1635 4057 1892 4113 Michaele
1920 4059 2253 4127 imperatore
2275 4056 2806 4127 ConstantinOpolim
2828 4067 3132 4112 revocatur.
3154 4057 3285 4111 lnde
3307 4060 3508 4127 spretis
3539 4058 3699 4125 digni-

477 4144 677 4197 tatibus
707 4144 846 4199 ultro
868 4145 970 4199 sibi
1001 4145 1218 4209 oblatis,
1252 4146 1635 4200 ecclesiastica:
1662 4147 2014 4215 supellectilis
2044 4149 2344 4203 custodiam
2387 4150 2615 4216 accepit,
2654 4156 2711 4202 ut
2737 4147 2947 4218 lgnatio
3003 4147 3343 4202 Patriarchae
3382 4148 3706 4216 obtempera—

476 4242 561 4284 ret
593 4249 605 4284 :
639 4231 727 4285 hic
759 4232 903 4285 enim
935 4231 1157 4301 Josephi
1187 4234 1600 4287 sanctimoniam
1633 4233 2044 4303 doctrinamque
2076 4239 2438 4309 perpendens,
2470 4241 2520 4291 in
2552 4238 2949 4309 pertractandis
2981 4237 3235 4293 Ecclesia:
3277 4240 3511 4309 negotiis
3540 4240 3694 4307 ipsum

471 4320 731 4375 adhibere
787 4320 1058 4389 cupiebat,
1110 4322 1253 4388 quod
1307 4338 1371 4375 ex
1400 4322 1598 4375 collato
1643 4338 1865 4377 munere
1916 4324 2150 4381 obtinuit
2190 4346 2202 4381 :
2238 4328 2465 4394 ideoque
2498 4328 2550 4380 in
2596 4327 2758 4380 rebus
2805 4326 3138 4380 difficillimis
3194 4327 3397 4395 szepius
3424 4326 3694 4394 Josephnm

470 4407 810 4467 consulebat.
834 4417 883 4462 et
911 4408 978 4460 ab
1004 4408 1122 4477 ejus
1162 4423 1255 4461 ore
1311 4408 1544 4463 dulciter
1588 4410 1870 4479 pendebat.
1921 4410 2351 4480 Acceptissimus
2372 4415 2535 4468 etiam
2567 4413 2760 4467 Pbotio
2787 4414 3094 4468 successori
3133 4412 3253 4477 fuit,
3292 4415 3383 4482 qui
3423 4413 3695 4482 Josepluuu

468 4512 529 4547 ea
564 4497 993 4564 prosequebatur
1019 4496 1397 4559 aestimatione,
1437 4507 1493 4549 nt
1521 4497 1699 4565 ipsum
1731 4499 2029 4566 appellaret
2066 4499 2281 4556 Patrem
2336 4502 2577 4567 Patrum,
2606 4514 2657 4557 et
2692 4503 2969 4557 hominem
3005 4502 3135 4555 Dei:
3171 4514 3430 4572 tanquam
3464 4500 3692 4570 angelum

473 4584 856 4643 venerabatur,
890 4583 1047 4636 cuiet
1084 4583 1334 4637 Ecclesiae
1361 4586 1573 4655 negotia
1606 4586 1991 4651 demandabat,
2028 4603 2329 4658 omnesque
2380 4590 2635 4644 Ecclesiae
2677 4590 2938 4659 primates
2976 4590 3314 4654 hortabatur,
3349 4598 3410 4643 ut
3460 4589 3691 4643 eumdem

470 4669 636 4723 veluti
676 4670 1081 4723 sanctissimum
1112 4668 1324 4724 Patrem
1377 4673 1698 4733 recolerent,
1721 4684 1769 4727 cl
1801 4674 1898 4741 ipsi
1950 4677 2147 4729 mentis
2190 4692 2385 4729 arcana
2442 4678 2787 4747 detegerem;
2824 4677 2968 4746 quod
2996 4677 3250 4731 libentius
3283 4677 3689 4748 perpetrabant:

472 4749 782 4827 prophetica
818 4758 959 4812 enim
983 4758 1101 4812 luce
1134 4760 1412 4827 perfusum
1450 4761 1655 4823 experti
1712 4772 1859 4824 sunt,
1893 4778 2003 4830 quo
2044 4762 2290 4817 cordium
2343 4764 2638 4831 penetralia
2688 4764 2917 4817 rimabat
2945 4782 2958 4817 :
2990 4763 3261 4834 Josephus
3296 4777 3477 4819 autem
3522 4774 3694 4817 omnes

468 4849 535 4901 al
575 4856 773 4900 rectam
814 4845 1025 4901 Domini
1058 4847 1196 4900 viam
1222 4848 1501 4915 dirigebat.
1536 4845 1778 4902 Tandem
1811 4849 2052 4918 undique
2080 4851 2467 4905 celeberrimus
2508 4852 2822 4916 virtutibus,
2844 4868 2921 4913 ,ac
2952 4853 3314 4906 sanctimonia
3349 4851 3688 4908 clarissimUS.

470 4937 539 4991 ab
566 4935 756 5005 angelo
785 4936 1151 4991 commonitus
1174 4945 1275 5001 est,
1306 4937 1408 4989 sibi
1452 4936 1653 4989 inStare
1686 4937 1874 4992 mortis
1900 4937 2041 4991 diem
2083 4957 2096 5004 ;
2132 4938 2363 5009 ideoque
2398 4941 2649 4995 omnibus
2672 4942 2887 5011 rejectis
2918 4941 3087 5004 curis,
3120 4940 3184 4993 ad
3207 4940 3379 5007 ipsam
3413 4936 3693 4994 ferventius

471 5040 530 5078 se
561 5025 787 5094 paravit,
813 5038 874 5077 ac
906 5024 1119 5077 tandem
1162 5026 1224 5077 ad
1254 5025 1450 5079 cadum
1482 5024 1733 5090 evolavit,
1764 5025 1815 5077 in
1849 5042 1957 5094 quo
1991 5028 2219 5096 Deipara
2254 5028 2571 5098 coelitcsque
2612 5044 2823 5097 omnes,
2854 5043 3087 5098 quorum
3155 5028 3330 5097 elogia
3381 5028 3691 5081 decantave-

471 5123 571 5176 rat,
604 5130 818 5168 summo
848 5115 1054 5169 honore
1085 5130 1365 5183 excepere,
1406 5115 1439 5167 5
1468 5114 1667 5183 Aprilis
1698 5131 1841 5168 anno
1871 5116 1993 5170 885.

541 5224 596 5278 Si
631 5224 784 5293 plura
824 5225 956 5277 tanti
980 5224 1083 5278 viri
1123 5226 1299 5293 cupis,
1326 5226 1551 5279 consule
1574 5226 1693 5294 ejus
1730 5227 1907 5281 Vitam
1941 5244 1971 5282 a
2003 5227 2215 5283 Joanne
2249 5227 2487 5283 Diacono
2510 5228 2789 5297 scriptam,
2816 5227 2957 5297 apud
2983 5225 3267 5281 Octavium
3295 5225 3607 5285 Caetanum,
3638 5236 3682 5274 in

472 5313 614 5368 Vitis
643 5311 744 5367 SS.
782 5312 1091 5366 Siculorum
1118 5352 1132 5376 ,
1199 5322 1332 5366 tom.
1379 5315 1434 5377 ll,
1465 5315 1612 5383 p.55,
1644 5316 1712 5369 ab
1741 5332 1806 5370 co
1834 5317 2065 5386 primum
2096 5316 2199 5371 sub
2223 5316 2479 5383 anonymi
2499 5316 2781 5385 scriptoris
2802 5316 3022 5386 nomine
3043 5314 3264 5378 editam,
3291 5328 3355 5367 ex
3382 5329 3484 5366 ms.
3518 5309 3691 5365 codice

468 5402 657 5456 Graeco
684 5402 996 5455 monasterii
1023 5398 1079 5455 S.
1116 5399 1416 5457 Salvatoris
1446 5402 1726 5470 Messanae,
1751 5385 2153 5475 abAugustino
2204 5404 2406 5458 Florito
2427 5421 2540 5458 soe.
2572 5406 2691 5472 jesu
2740 5385 3029 5457 Latinitate
3068 5403 3357 5465 donatam;
3389 5400 3573 5454 exinde
3602 5394 3691 5450 sub

466 5488 695 5545 Joannis
730 5489 951 5544 Diaceni
986 5492 1206 5543 nomine
1232 5492 1474 5545 eamdem
1518 5494 1570 5545 in
1607 5492 1779 5547 lucem
1813 5496 2045 5551 emisere
2088 5495 2459 5551 llenscbenius
2492 5504 2545 5549 et
2574 5493 2999 5561 Papebrochius,
3036 5492 3087 5545 in
3118 5493 3269 5546 Actis
3294 5490 3393 5544 SS.
3421 5491 3453 5544 '5
3482 5485 3687 5557 Aprilis,

469 5596 502 5649 p
550 5579 679 5643 269;
708 5579 725 5648 (
761 5579 995 5632 hietiam
1028 5576 1207 5631 Vitam
1243 5595 1289 5631 s.
1315 5577 1534 5647 Josephi
1564 5596 1628 5634 ex
1670 5579 1988 5652 Synaxariis
2019 5601 2151 5640 mss.
2184 5584 2400 5638 edidere
2436 5599 2489 5653 p.
2519 5580 2668 5650 266;)
2696 5582 2942 5635 eamdem
2971 5582 3136 5634 etiam
3160 5596 3224 5634 ex
3264 5578 3578 5649 perantiquo
3607 5588 3688 5624 c0-

468 5671 586 5723 diee
605 5669 952 5724 Bibliothece
984 5667 1257 5723 Vaticana:
1290 5669 1341 5723 in
1377 5669 1628 5723 Latinum
1658 5673 1974 5726 translatam
2008 5690 2035 5727 a
2066 5672 2340 5727 Ludovico
2367 5670 2661 5724 Marraccio
2689 5684 2718 5723 e
2745 5670 3164 5739 congregatione
3190 5669 3381 5723 Clerie.
3413 5662 3574 5734 regul.
3597 5659 3689 5713 Ma-

471 5759 570 5810 tris
602 5755 711 5821 Dei,
743 5758 911 5811 edidit
944 5757 1265 5827 Hippolytus
1299 5756 1629 5813 Marraccius
1664 5758 1849 5825 frater,
1884 5761 2126 5828 ejusdem
2156 5760 2609 5831 Congregationis
2644 5759 2900 5813 sacerdos
2934 5758 2985 5813 in
3023 5758 3247 5811 Mariali
3278 5756 3447 5825 ipsius
3472 5751 3527 5806 S.
3550 5750 3688 5803 Jose-

469 5847 580 5914 phi,
609 5846 701 5914 qui
733 5857 786 5900 et
813 5863 875 5900 ea
912 5864 1031 5916 qua:
1065 5847 1116 5901 iu
1154 5846 1465 5902 Graecorum
1510 5846 1725 5903 Menwis
1764 5866 1827 5902 ac
1875 5849 2193 5918 Menologiis
2223 5850 2288 5903 de
2315 5848 2552 5918 Joseplto
2604 5847 2891 5911 habentur,
2934 5846 3224 5901 lectoribus
3254 5842 3512 5898 exhibuit.
3544 5837 3608 5888 De
3628 5846 3685 5885 cn

464 5935 627 5990 ctiam
663 5934 934 6006 Josepbus
974 5935 1315 6003 f’erdieat‘us,
1343 5938 1396 5991 in
1442 5937 1590 5993 Vitis.
1618 5937 1717 5993 SS.
1751 5937 2075 6004 Siculorum,
2100 5955 2152 6009 p.
2174 5938 2308 6002 28‘2;
2332 5937 2689 6006 Hieronymus
2708 5934 2942 6005 Baseape
2962 5933 3292 6003 liplwmcrid.
3312 5930 3456 5986 Sacr.
3492 5928 3521 5982 5
3540 5923 3683 5992 Apl'i'
