3978 6584
268 341 372 406 9Ξ9
1708 337 2043 401 ΝΟἸΊΤΙΑ.
3404 330 3513 396 9Ἱο

270 460 336 512 Iis
365 474 394 511 a
428 472 548 527 pag.
574 458 663 525 5|;
695 457 883 513 Simon
918 457 1383 529 Wungnererkius
1419 457 1470 510 in
1525 456 1929 527 Prolegomenis
1957 456 2020 507 ad
2069 454 2319 507 Pietatem
2360 452 2657 507 Matianum
2703 452 3024 515 Umerorum,
3050 467 3103 504 ιι.
3131 450 3220 513 2‘1;
3253 451 3342 518 qui
3368 450 3511 504 duos

268 546 558 614 distinguit
602 546 867 615 Josephos
897 546 1358 616 hymnographos,
1399 560 1631 613 quorum
1660 560 1821 604 unus,
1862 541 1923 595 S.
1960 541 2227 595 Theodori
2265 542 2494 594 Studitae
2532 542 2717 602 frater,
2746 536 3507 609 episcopus'l‘hessalonicrn—

270 634 368 695 sis,
397 637 533 687 alter
566 643 747 686 noster
778 635 996 687 Siculus
1027 652 1040 699 ;
1076 645 1128 687 et
1157 635 1281 687 huic
1318 633 1669 686 ascribcndos
1696 640 1846 699 putat
1868 646 2106 683 canones
2136 632 2225 699 qui
2257 631 2307 682 io
2344 631 2655 683 Graecorum
2685 629 2901 683 Mcnmis
2924 629 3126 681 nudum
3160 627 3381 695 .Iosephi
3412 643 3507 679 no-

269 738 393 774 men
427 723 754 791 pra-ferunt;
788 723 1015 792 ejusque
1036 723 1318 777 sententiae
1352 723 1629 775 adhterent
1661 719 2035 772 llenschenins
2058 726 2109 770 et
2137 718 2560 785 Papebrot-hins,
2595 718 2647 769 in
2696 733 2895 770 comm.
2956 717 3153 784 prtevio
3206 718 3272 768 ad
3324 713 3503 767 Vitam

273 811 302 880 ᾗ
332 811 389 871 2,
434 827 489 863 ιι.
516 811 578 864 10
598 821 653 864 et
684 811 766 864 11.
804 809 935 865 Vide
972 812 1133 864 etiam
1164 809 1427 865 Iacobum
1478 809 1623 862 Guar
1655 809 1705 860 in
1740 806 2022 860 Glossario
2047 806 2111 858 ad
2173 803 2382 858 Ritnale
2426 803 2769 866 (ﬁrmarunt,-
2814 803 3163 857 Marraeeium
3200 803 3423 856 citatum
3454 803 3507 854 in

274 902 533 956 Biblioth.
575 902 847 965 Mariana,
884 914 1024 971 part.
1057 904 1094 956 l.
1126 918 1179 971 p.
1210 901 1345 963 822,
1386 900 1648 954 Joannem
1688 896 1885 952 Nadasi
1921 897 1971 948 in
1995 897 2143 950 Anno
2181 897 2376 949 rwlcsti
2400 897 2657 965 3aprilis;
2700 895 2928 948 Leonem
2952 894 3207 947 Allatium
3254 894 3325 948 De
3360 895 3508 947 libris

268 993 640 1044 ecclesiasticis
670 991 971 1045 Grtvcorum
1000 992 1128 1045 diss.
1163 992 1245 1054 1.;
1278 989 1627 1043 Franciseum
1662 999 1932 1040 earreram
1965 984 2017 1036 in
2066 982 2258 1037 Panth.
2291 983 2470 1038 Siculo
2504 1000 2554 1052 p.
2588 983 2701 1045 75.,
2726 982 3003 1035 Bocchum
3024 983 3237 1035 Pirrutn
3274 982 3326 1035 in
3350 984 3505 1035 nolit.

272 1078 479 1133 Ercles.
512 1077 885 1146 Syracusantv,
919 1095 972 1147 ι).
1010 1078 1133 1142 159;
1168 1076 1431 1129 leontatn
1456 1076 1719 1128 Strotium
1751 1075 1803 1126 in
1832 1072 2199 1129 Controversia
2228 1074 2470 1142 Concept.
2516 1085 2654 1143 part.
2686 1092 2723 1136 ι,
2753 1075 2843 1127 lib.
2872 1074 2931 1139 ll,
2957 1090 3078 1142 cap.
3113 1072 3197 1137 19,
3231 1089 3282 1140 p.
3319 1074 3512 1134 163,et

269 1180 393 1233 cap.
430 1165 517 1219 “20.
551 1184 602 1233 p.
639 1167 759 1231 165;
826 1167 1137 1220 Michaelem
1183 1164 1446 1233 Angelum
1491 1163 1911 1217 Mancharnsum
1954 1165 2006 1217 in
2058 1162 2383 1217 Kalcndario
2430 1162 2789 1232 Syracusano;
2843 1163 3139 1216 Caetanum
3198 1162 3421 1217 citatum
3456 1163 3510 1217 in

270 1252 483 1319 lsagog.
515 1252 583 1304 ad
608 1255 730 1306 hist.
761 1254 930 1308 Sicul.
972 1269 1019 1308 c.
1048 1254 1137 1319 56,
1172 1270 1225 1305 ιι.
1251 1252 1341 1317 2-1,
1368 1252 1458 1316 25,
1486 1252 1751 1321 alio>quc.

346 1338 571 1408 Scripsit
598 1338 873 1407 JoSephus
908 1357 922 1393 :

352 1426 585 1496 llymnos
618 1430 942 1490 immmeros,
974 1442 1038 1481 ex
1063 1428 1261 1496 quibus
1284 1427 1684 1497 Hymnogrnphi
1713 1442 1908 1482 nomen
1924 1426 2151 1496 accepit.
2175 1425 2235 1479 In
2252 1424 2640 1479 ecclesiasticis
2665 1423 2976 1477 Crmt-orum
2997 1426 3149 1479 libris
3168 1424 3342 1480 CCCV
3362 1428 3514 1497 hym-

274 1528 379 1566 nos
407 1512 423 1579 (
454 1529 593 1582 quos
622 1516 783 1568 etiam
822 1531 1060 1569 canones
1085 1519 1302 1582 vocant)
1339 1531 1433 1583 per
1467 1516 1580 1569 dies
1607 1516 1924 1584 dispositos,
1946 1530 2007 1566 ac
2039 1529 2131 1581 per
2159 1513 2286 1565 anni
2334 1512 2598 1566 ambitum
2631 1512 2699 1564 ab
2728 1513 2968 1566 Ecclesia
3002 1513 3187 1566 Graeca
3236 1513 3515 1567 deeantari

273 1600 467 1654 Solitos
496 1602 759 1655 contineri
782 1610 1010 1656 testatur
1032 1600 1301 1656 Caetanus
1330 1602 1421 1657 cit.
1452 1602 1505 1655 in
1535 1602 1773 1657 animad.
1807 1602 1961 1658 Tom.
1982 1600 2021 1656 1|
2047 1600 2145 1655 SS.
2174 1598 2404 1655 Siculor.
2436 1617 2487 1671 p.
2520 1601 2677 1666 18,ιι.
2704 1600 2794 1666 20,
2817 1610 2871 1655 et
2903 1599 3228 1656 Perdicarus
3263 1603 3370 1657 loc.
3415 1604 3513 1655 cit.

278 1702 336 1755 p.
364 1686 736 1756 ‘291,nempc:

350 1774 589 1829 Canones
648 1775 742 1829 XC
763 1774 835 1828 γι
863 1775 915 1829 in
952 1774 1304 1829 Paraeletico.
1331 1773 1491 1830 Liber
1523 1785 1605 1829 est
1632 1776 1964 1843 Grtecorum,
1995 1776 2085 1845 qui
2117 1774 2359 1845 quotidie
2392 1774 2605 1844 aliquod
2642 1776 2976 1831 recitandum
3014 1777 3066 1830 in
3102 1778 3271 1831 choro
3299 1777 3519 1832 exhibet

278 1863 347 1916 ad
379 1864 611 1917 aliorum
648 1865 905 1919 librorum
939 1862 1319 1930 differentiam,
1341 1864 1539 1934 quibus
1576 1866 1793 1920 statutis
1822 1863 2156 1936 temporibus
2202 1871 2452 1926 utuntur,
2485 1878 2549 1916 ex
2588 1862 2771 1918 Leone
2797 1865 2994 1919 Allatio
3026 1866 3098 1918 De
3120 1864 3269 1918 libris
3310 1862 3517 1919 ϐιωσο-

278 1967 421 2015 rum,
462 1954 679 2007 dissert.
713 1953 764 2017 l,
795 1970 848 2023 p.
880 1953 967 2010 68.

355 2039 604 2093 Canoues?
638 2041 847 2096 XXXV
880 2046 932 2098 in
964 2044 1204 2101 Triodio.
1236 2045 1393 2099 Liber
1423 2042 1511 2098 hic
1543 2042 1818 2097 recitanda
1852 2040 1907 2094 in
1939 2041 2109 2094 choro
2144 2054 2173 2093 a
2214 2038 2623 2109 Septuagesima
2658 2054 2831 2108 usque
2872 2039 2937 2093 ad
2975 2040 3271 2095 Sabhalum
3301 2041 3521 2111 Majoris

279 2127 649 2182 Hebdomada:
712 2132 1117 2200 complectitur,
1147 2150 1209 2188 ex
1250 2132 1449 2187 Allalio
1479 2132 1574 2187 cit.
1604 2130 1826 2185 dissert.
1858 2131 1907 2194 1,
1959 2144 2012 2199 p.
2052 2128 2158 2193 69;
2191 2136 2244 2180 ct
2296 2125 2633 2181 Marraecius
2664 2128 2714 2180 in
2756 2126 2965 2182 Mariali
3007 2128 3227 2184 XXXVI
3263 2147 3291 2185 a
3336 2147 3390 2201 p.
3425 2132 3519 2203 50]

280 2215 350 2268 ad
393 2216 516 2279 522,
548 2231 612 2270 ex
650 2218 839 2271 eodem
877 2220 1013 2275 libro
1036 2222 1276 2275 exhibet.

356 2303 595 2357 Canones
638 2302 677 2356 V
709 2308 758 2358 iu
792 2305 1218 2363 Pentecostario.
1258 2308 1416 2361 Liber
1460 2317 1541 2360 est
1567 2305 1881 2360 Graecorum
1910 2302 2001 2372 qui
2036 2301 2317 2357 recitanda
2343 2301 2398 2355 in
2438 2302 2609 2356 choro
2647 2318 2676 2356 a
2712 2301 2918 2357 Pascha
2966 2319 3137 2373 usque
3175 2306 3241 2359 ad
3272 2315 3519 2360 octavam

279 2391 634 2447 Pentecostcs
672 2395 934 2460 continet,
967 2413 1030 2451 ex
1070 2397 1271 2450 Allatio
1298 2398 1389 2452 cit.
1423 2413 1473 2465 ι).
1507 2394 1573 2447 77
1607 2402 1661 2447 et
1687 2393 1777 2447 78.

354 2484 619 2537 Cononem
651 2484 677 2537 Ι
714 2488 764 2538 in
798 2485 1105 2556 llorologio,
1140 2488 1284 2557 quod
1312 2503 1450 2541 taem
1473 2495 1553 2540 est
1584 2500 1647 2538 ac
1691 2482 1882 2537 Latine
1932 2481 2212 2545 diurnum,
2289 2497 2352 2537 ex
2389 2482 2579 2536 eodem
2615 2480 2809 2535 Allatio
2838 2482 2927 2536 cit.

356 2572 594 2625 (Iunones
636 2572 768 2627 αλ
795 2573 929 2628 VIII
976 2575 1027 2628 in
1073 2575 1309 2629 Menaeis.
1341 2574 1570 2629 Codices
1597 2583 1723 2628 sunt
1749 2572 2059 2630 duodecim.
2083 2572 2236 2639 juxta
2269 2572 2554 2626 duodecim
2579 2574 2704 2624 anni
2727 2586 2939 2625 menses
2963 2570 3222 2637 distincti,
3255 2572 3525 2643 inquibus

279 2660 532 2726 quotidie
562 2660 902 2715 decantanda
932 2663 1080 2716 horis
1104 2662 1385 2716 canonicis
1411 2662 1475 2714 ad
1528 2660 1643 2723 Dei,
1679 2658 1921 2728 Deiparm
1954 2674 2016 2712 ac
2050 2670 2363 2713 sanctorum
2409 2660 2622 2713 laudent
2675 2661 3047 2723 continentur,
3087 2678 3150 2715 ex
3205 2663 3403 2717 Allatio
3426 2665 3521 2716 cit.

283 2760 321 2813 p
375 2746 463 2798 78.
492 2744 595 2800 Sed
632 2750 772 2800 haud
800 2750 1320 2817 prieterntittendnm
1355 2757 1485 2817 puto
1505 2763 1567 2800 ex
1591 2747 1779 2801 eodem
1808 2761 1859 2815 p.
1892 2747 1980 2809 8|,
2020 2744 2076 2799 S.
2108 2745 2329 2816 Josephi
2368 2748 2618 2818 hymnos,
2647 2748 2903 2801 omnibus
2926 2749 3155 2802 aliorum
3184 2749 3522 2814 Graecorum,

281 2834 381 2903 qui
424 2833 477 2887 in
511 2835 643 2903 ipsis
678 2834 897 2891 Metui-is
922 2840 1354 2906 comperiantur,
1383 2835 1811 2905 anteponendos.
1845 2833 1957 2886 lmo
1988 2834 2106 2902 ejus
2136 2833 2271 2887 Vita:
2300 2834 2603 2903 scriptores
2638 2836 2881 2898 tradunt,
2915 2844 3101 2904 poetas
3120 2838 3526 2907 scriptoresque

281 2936 479 2974 omines
509 2933 627 2990 post
650 2924 828 2991 ipsum
862 2924 1135 2990 ﬂorentes,
1160 2941 1282 2994 quae
1330 2924 1632 2977 venustatis
1656 2931 1709 2977 et
1734 2921 2117 2976 concinnitatis
2150 2922 2372 2986 habent,
2400 2922 2581 2975 omnia
2613 2937 2678 2976 ex
2718 2922 2937 2991 Josephi
2990 2924 3225 2994 hymnis,
3263 2935 3523 2995 tanquam

282 3023 353 3060 ex
387 3010 592 3063 caelesti
623 3010 927 3064 aut-ifodtna
967 3012 1194 3067 eruisse.
1242 3011 1313 3064 Ex
1345 3012 1425 3065 his
1454 3011 1707 3065 omnibus
1738 3008 1911 3071 libris,
1951 3009 2178 3076 aliisque
2212 3024 2346 3064 mss.
2362 3009 2642 3064 codicibus
2669 3011 3058 3064 celeberrimus
3086 3013 3185 3072 vir,
3208 3012 3527 3081 etiDeiparte

283 3096 467 3149 cultor
484 3096 718 3169 inclytus
736 3098 1057 3167 Hippolytus
1085 3098 1383 3152 Marracius
1426 3096 1687 3151 Lucensis
1708 3097 1935 3166 hymnos
1951 3098 2161 3165 collegit
2187 3112 2377 3152 omnes
2399 3096 2637 3161 Graecos,
2662 3114 2798 3167 quos
2834 3097 2893 3152 S.
2919 3097 3187 3167 Josephus
3204 3100 3254 3153 in
3282 3099 3525 3169 Deiparte

284 3184 503 3238 laudem
528 3188 743 3249 cecinit,
764 3196 821 3241 et
840 3186 1128 3240 Latinitate
1145 3188 1376 3241 donatos
1394 3185 1502 3241 fere
1528 3200 1717 3241 omnes
1740 3201 1768 3237 a
1788 3184 2061 3239 Ludovico
2087 3185 2379 3239 Marratcio
2392 3184 2511 3253 ejus
2530 3185 2715 3249 fratre,
2732 3186 2917 3247 edidit,
2942 3187 3189 3253 notisque
3236 3188 3445 3243 illustra
3486 3189 3527 3242 it

285 3273 391 3325 hoc
428 3275 674 3342 apposito
718 3276 873 3328 titulo
908 3293 921 3328 :
956 3275 1016 3329 S.
1042 3273 1258 3343 Iosephi
1286 3274 1686 3344 hymnographi,
1740 3271 1928 3336 Siculi,
1974 3271 2335 3342 Syracusani,
2364 3272 2580 3328 Ordinis
2615 3274 2677 3325 D.
2732 3273 2924 3327 Basilii
2962 3276 3226 3339 monachi,
3271 3274 3525 3343 Mariale,

280 3377 386 3429 quo
417 3361 646 3429 ejusdem
678 3362 738 3417 S.
760 3363 973 3431 Josephi
1004 3364 1066 3416 de
1111 3363 1493 3433 augustissima
1522 3362 1637 3414 coeli
1661 3371 1912 3431 terrteque
1939 3360 2133 3429 Regina
2161 3360 2389 3429 Deipara
2412 3361 2607 3429 virgine
2640 3360 2836 3425 Maria,
2862 3376 3017 3429 opera
3037 3363 3214 3414 omnia
3242 3379 3357 3432 qua:
3382 3381 3525 3433 repe-

282 3449 381 3501 riri
414 3459 718 3517 potuerunt,
748 3467 812 3505 ex
831 3450 1029 3505 ercis
1056 3467 1179 3505 mss.
1212 3450 1480 3502 codicibus
1529 3448 1750 3501 collecta
1778 3488 1794 3513 ,
1836 3447 2021 3502 Latine
2053 3449 2281 3514 reddita,
2330 3450 2567 3518 notisque
2621 3449 2913 3513 illustrata,
2966 3466 3104 3502 nunc
3153 3453 3321 3518 primo
3354 3454 3530 3521 publi-

279 3548 495 3597 cantur,
519 3540 695 3591 studio
728 3556 789 3592 ac
820 3540 997 3592 labore
1030 3538 1093 3592 P.
1130 3538 1407 3607 Hippolyti
1444 3536 1758 3597 MarraCCii,
1791 3536 2063 3599 Lucensis,
2104 3552 2130 3589 ε
2172 3538 2574 3606 congregatione
2590 3539 2715 3590 cler.
2760 3538 2926 3607 regul.
2973 3536 3163 3590 Matris
3194 3538 3304 3605 Dei,
3326 3539 3527 3605 Romw,

281 3626 426 3693 typis
456 3624 655 3695 Ignatii
679 3627 740 3680 de
766 3626 1006 3692 Lazaris,
1043 3626 1199 3688 1661,
1239 3628 1293 3679 in
1331 3627 1384 3681 8.
1412 3625 1576 3680 Addit.
1614 3640 1667 3678 et
1700 3625 1815 3692 ipse
1842 3623 2202 3690 Marraccius,
2240 3625 2292 3678 in
2324 3626 2471 3681 notis
2502 3627 2684 3695 p.425,
2721 3626 2951 3696 hymnos
2986 3630 3188 3682 multos
3222 3632 3445 3698 reperiri
3473 3632 3525 3685 in

281 3728 422 3767 mss.
457 3715 740 3769 codicibus
770 3715 1109 3768 bibliothecae
1161 3714 1494 3778 Barberime,
1525 3713 1617 3782 qui
1651 3715 1702 3766 in
1732 3712 1893 3767 editis
1923 3714 2239 3767 Graecorum
2277 3713 2495 3768 Menteis
2527 3716 2952 3783 desiderantur;
2993 3728 3042 3769 el
3082 3733 3204 3786 pag.
3240 3718 3530 3774 utSt-M95

281 3802 384 3863 ait,
417 3802 561 3870 quod
594 3803 644 3855 in
678 3801 901 3855 Triodio
928 3817 1029 3857 ms.
1063 3801 1509 3877 ercoejttsdem
1536 3802 1784 3855 biblioth.
1822 3817 1875 3852 ιι.
1910 3802 2031 3861 118,
2064 3802 2246 3871 hymni
2269 3811 2484 3855 exstant
2525 3803 2790 3869 nonnulli,
2826 3804 2915 3871 qui
2944 3804 3282 3873 initnpresso
3306 3807 3531 3861 Triodio

282 3904 394 3941 non
424 3891 791 3958 reperiuntur.
824 3891 979 3960 Apud
1017 3891 1301 3945 Octavium
1338 3889 1638 3944 Caetanum
1668 3890 1719 3942 in
1764 3887 1893 3941 Vitis
1922 3886 2029 3943 SS.
2066 3889 2392 3954 Siculorum,
2419 3890 2531 3944 haec
2562 3890 2614 3943 in
2639 3891 2893 3944 Latinum
2930 3907 3082 3946 versa
3113 3894 3182 3947 ab
3221 3894 3530 3964 AugUStino

278 3976 492 4031 Florito
524 3979 783 4034 soc..lesu
811 3981 1100 4043 habentur,
1124 3996 1315 4049 nempe
1341 3999 1353 4034 :

353 4066 609 4135 Antiquae
635 4068 767 4122 cdes
792 4068 1150 4137 fragmentum
1184 4070 1234 4121 in
1273 4070 1329 4123 S.
1358 4069 1691 4123 Marcianum
1728 4069 2043 4139 episcopum
2079 4067 2668 4139 Syracusanum.Tom.
2705 4071 2756 4137 1,
2786 4087 2836 4141 p.
2871 4074 2922 4126 7.

356 4155 411 4207 In
440 4155 497 4208 ὃ.
529 4158 839 4225 pontiﬁcem
866 4157 1216 4211 Pancratium
1244 4159 1499 4229 hymnus.
1529 4160 1601 4213 ib.
1635 4176 1687 4228 p.
1724 4159 1811 4212 15.

355 4243 414 4297 In
447 4244 505 4298 S.
533 4243 791 4299 Niconem
823 4256 1110 4316 martyrem
1147 4248 1402 4317 hymnus,
1428 4247 1558 4301 ibid.
1591 4264 1642 4318 p.
1681 4246 1751 4301 45
1782 4287 1795 4300 .

357 4332 412 4384 In
447 4333 503 4385 S.
537 4331 786 4401 Eupliutn
820 4335 1076 4404 hymnus,
1122 4334 1249 4387 ibid.
1289 4350 1340 4402 p.
1384 4335 1505 4388 110.

354 4418 600 4491 Hymnus
634 4423 907 4476 secundus
936 4423 986 4474 in
1009 4422 1065 4476 S.
1108 4422 1382 4491 Euplium,
1414 4422 1600 4491 ibid.p.
1624 4421 1745 4475 112.

358 4508 606 4578 Hytnnus
650 4510 703 4563 in
742 4508 799 4563 S.
834 4509 1121 4563 Fantiutnn
1161 4526 1224 4563 ex
1255 4527 1357 4565 IIIS.
1389 4510 1577 4564 Graeco
1616 4511 1802 4563 codice
1848 4508 2162 4563 monasterii
2196 4509 2253 4565 S.
2287 4510 2871 4583 PhilippLFragalatis,
2901 4514 3028 4570 ibid.
3062 4516 3245 4587 p.161.

358 4598 414 4651 In
448 4598 505 4651 ὃ.
534 4598 853 4667 Gregorium
878 4600 1289 4667 Agrigentinum
1323 4601 1635 4668 episcopum
1672 4600 1923 4669 hymnus.
1962 4597 2095 4652 Ibid.
2139 4614 2189 4667 p.
2223 4599 2347 4654 218.

353 4686 411 4741 ln
445 4686 505 4741 S.
544 4686 781 4741 Leonem
822 4689 1131 4757 episcopum
1167 4688 1552 4751 Cataneosem,
1586 4688 1819 4757 hymnus
1850 4687 2049 4751 tom.l!,
2104 4704 2156 4756 p.
2182 4687 2273 4742 26.

356 4779 600 4846 Denique
620 4780 759 4845 apud
778 4778 1127 4831 Laurentium
1147 4777 1366 4832 Surium
1396 4779 1449 4832 in
1474 4777 1609 4831 Vitis
1625 4778 1725 4832 SS.
1750 4777 1820 4831 24
1847 4776 2071 4847 Augusti
2098 4793 2150 4845 p.
2173 4778 2373 4848 254,]et
2396 4779 2672 4851 Aloysium
2700 4780 3058 4848 Lipomannm
3082 4783 3135 4836 in
3163 4783 3299 4838 Vitis
3332 4783 3427 4839 SS.
3458 4785 3533 4842 26

279 4866 516 4936 Augusti
558 4882 611 4935 p.
649 4866 773 4928 891,
808 4882 870 4919 ex
916 4866 1136 4920 Simone
1166 4866 1529 4935 Metaphraste
1560 4876 1736 4921 exstat
1763 4866 2254 4935 sermoinscriptos
2287 4886 2301 4923 :
2350 4867 2566 4937 Iosephi
2614 4869 2827 4921 humilis
2858 4880 2907 4921 et
2951 4872 3155 4923 minimi
3205 4872 3441 4925 laudatio
3474 4876 3533 4926 in

278 4964 530 5009 sanctum
571 4955 869 5017 apostolum
903 4955 1373 5010 Bartholomwum.
1398 4954 1550 5009 Hunc
1576 4957 1744 5010 nostri
1778 4953 2001 5023 Josephi
2029 4953 2196 5008 fetum
2231 4964 2423 5023 putant
2460 4957 2718 5010 Octavius
2750 4956 3029 5011 Caetanus
3073 4958 3124 5010 in
3159 4960 3434 5014 auimadv.
3461 4964 3529 5013 ad

284 5052 417 5096 tom.
446 5045 489 5096 Ι.
541 5041 640 5096 SS.
674 5042 839 5097 Sicul.
871 5060 925 5112 p.
961 5043 1083 5104 154,
1113 5060 1165 5097 ιι.
1193 5045 1256 5109 6;
1289 5044 1410 5095 etin
1436 5043 1707 5095 auimadv.
1744 5043 1809 5094 ad
1841 5050 1976 5095 tom.
1999 5042 2062 5101 ll,
2101 5039 2544 5111 p.18;.losep|tus
2577 5041 2898 5097 Perdicarus
2923 5044 2975 5097 in
3009 5043 3141 5097 Vitis
3164 5044 3261 5098 SS.
3297 5045 3530 5101 Siculor.

283 5144 339 5198 p.
370 5127 515 5190 294;
552 5129 927 5183 llenschenins
961 5138 1014 5183 et
1040 5130 1442 5198 Papebrochius
1500 5130 1552 5181 in
1584 5138 1830 5183 annotat.
1860 5128 1928 5182 ad
1960 5129 2066 5181 \‘it.
2095 5126 2149 5181 S.
2175 5126 2397 5196 Iosephi
2436 5144 2486 5197 p.
2511 5129 2635 5182 274.
2677 5128 2739 5183 Hi
2770 5145 2898 5184 vero
2927 5132 2978 5183 in
3001 5143 3292 5185 comment.
3327 5136 3535 5202 pra-vlo

282 5217 349 5269 ad
377 5218 624 5271 eamdem
657 5217 857 5278 Vitam,
881 5216 909 5289 §
929 5218 982 5281 2,
1015 5233 1073 5271 ιι.
1113 5219 1199 5280 11,
1225 5232 1288 5269 ex
1317 5216 1515 5269 Allatio
1537 5217 1588 5268 in
1608 5216 1914 5271 dissert.de
1941 5215 2277 5271 Graechbris
2304 5233 2355 5285 p.
2394 5217 2478 5281 11,
2510 5216 2728 5286 losephi
2759 5220 2929 5273 nostri
2956 5230 3164 5289 putant.

350 5305 603 5362 Canones
629 5307 695 5361 de
721 5305 779 5361 S.
807 5303 1053 5371 Nicolao,
1080 5315 1363 5361 servantur
1393 5304 1576 5360 Graece
1603 5320 1735 5360 mss.
1791 5307 1976 5359 Romae
2044 5307 2097 5359 in
2156 5306 2820 5361 bibliollieca.Barberina.
