3978 6584
305 322 409 385 923

1848 332 2047 398 VITA.

3465 328 3572 404 934

300 437 764 508 πολιτευσάμενος
786 438 1138 496 ἀνεπαύσατο
1161 444 1218 497 ἐν
1241 445 1434 518 Κυρίῳ
1464 464 1478 479 ·
1511 446 1730 518 λέγεται
1751 451 1872 522 γὰρ1

1990 452 2146 508 datas
2178 452 2555 522 pronuntiare,
2582 460 2635 506 et
2668 452 2908 522 praebere
2933 452 3362 523 postulantibus.
3394 456 3581 527 Itaque

299 529 382 582 ὅτι
441 529 476 601 ή
515 530 649 598 ἁγία
705 532 869 584 αὑτοῦ
921 532 1091 606 ψυχὴ,
1163 537 1531 611 ὀψικευομένη
1563 543 1715 613 παρὰ
1772 545 1882 599 τῶν

300 621 475 688 ἁγίων
504 623 800 693 μαρτύρων
829 625 927 678 καὶ
969 627 1237 696 ἀγγέλων,
1290 632 1522 703 ἀνῆλθεν
1556 637 1613 686 ὲν
1653 637 1767 700 τοῖς
1791 638 1883 688 οὺ-

301 717 509 785 ρανοῖς.
543 716 862 784 Ἄνθρωπός
883 735 988 788 τις,
1022 721 1162 792 ἔχων
1195 723 1381 778 δοῦλον
1407 728 1700 798 χρήσιμον,
1731 731 1882 783 ἐπεί-

301 823 406 875 περ
431 807 459 858 ὁ
482 806 666 870 δοῦλος
690 809 914 877 ἔφυγεν,
945 811 1196 865 ἀπελθὼν
1219 817 1246 868 ὁ
1275 817 1462 885 κύριος
1497 818 1662 872 αὐτοῦ
1688 822 1768 882 εἰς
1791 822 1882 874 τὸν

301 896 493 963 Ἀγιον
531 899 806 968 θεόδωρον
849 901 945 953 τὸν
979 903 1324 974 Φανερωτὴν,
1364 910 1668 978 παρεκάλει
1708 914 1876 968 αὑτὸν

295 989 614 1059 φανερῶσαι
648 993 737 1046 τὸν
773 993 962 1048 δοῦλον
995 998 1164 1050 αὑτοῦ
1188 1015 1206 1031 ο
1239 1002 1577 1072 προσμείνας
1599 1003 1654 1056 δὲ
1680 1006 1881 1071 ἱκανῶς

296 1083 394 1134 καὶ
430 1083 596 1152 μηδὲν
627 1084 834 1153 μαθὼν,
879 1087 1196 1141 ἐϐουλεύετο
1228 1093 1609 1162 ἀναχωρῆσαι.
1640 1096 1879 1167 Ὀρθρου

293 1174 353 1226 δὲ
400 1174 574 1238 ὄντος,
625 1179 718 1231 καὶ
751 1177 910 1246 λόγου
943 1179 1302 1252 ψυχωφελοῦς
1338 1187 1877 1258 ἀναγινωσκομένου,

297 1267 496 1336 μικρὸν
526 1267 847 1336 ἀφύπνωσε,
905 1274 1002 1325 καὶ
1053 1273 1172 1343 ὥρα
1212 1275 1303 1328 τὸν
1363 1277 1616 1351 μάρτυρα
1649 1280 1878 1349 λέγοντα

294 1359 446 1428 αὐτῷ
470 1377 485 1392 ·
513 1360 632 1413 Ἵνα
679 1361 731 1414 τί
771 1365 1071 1434 περίλυπος
1103 1363 1198 1428 εἷς
1258 1367 1365 1421 Τοῦ
1415 1371 1640 1440 ποιητοῦ
1683 1371 1878 1444 Ἰωσὴφ

293 1453 654 1524 κοιμηθέντος
688 1455 860 1527 ταύτῃ
892 1462 956 1530 τῇ
994 1460 1171 1524 νυκτὶ,
1225 1461 1485 1534 ὀψικεύθη
1518 1466 1549 1535 ἡ
1581 1465 1728 1536 ψυχὴ
1772 1469 1876 1520 αὺ-

289 1544 385 1598 τοῦ
441 1548 590 1618 παρὰ
629 1549 845 1602 πάντων
906 1552 1082 1621 ἡμῶν,
1124 1552 1220 1617 οὓς
1268 1557 1490 1608 κανίσιν
1546 1556 1639 1610 καὶ
1686 1558 1876 1628 ὕμνοις

289 1635 554 1707 ἐτίμησεν
578 1639 672 1690 καὶ
702 1640 1030 1713 ἐσυνοψίσθη
1069 1646 1148 1706 εἰς
1181 1644 1314 1697 Θεόν
1343 1662 1359 1677 ο
1391 1649 1484 1701 καὶ
1513 1648 1608 1703 νῦν
1636 1651 1874 1721 πάρειμι

288 1728 430 1798 πρὸς
465 1729 545 1782 σέ.
578 1731 682 1782 Τοῦ
707 1730 896 1784 λοιποῦ
926 1734 1111 1787 τοίνυν
1145 1735 1376 1804 δηλώσει
1403 1752 1420 1768 ⁸
1460 1739 1699 1793 Ἀπελθε
1731 1743 1875 1797 κατὰ

285 1819 440 1873 τόνδε
469 1821 558 1873 τὸν
585 1822 770 1886 τόπον,
805 1823 1043 1896 τοῦνομα
1076 1828 1418 1898 προσειπὼν,
1458 1833 1549 1885 καὶ
1592 1833 1870 1905 εὑρήσεις,

284 1911 350 1965 ὃν
384 1912 658 1983 ἐπιζητεῖς
685 1915 903 1987 οἰκέτην
935 1935 1052 1972 σου.

359 2006 416 2060 2.
463 2026 481 2058 ‹
516 2007 573 2061 S.
602 2009 663 2061 P.
697 2007 763 2063 N.
795 2008 997 2078 Joseph
1060 2011 1520 2084 Hymnographus
1551 2031 1614 2070 ex
1661 2015 1877 2073 Siculo-

286 2115 415 2154 rum
442 2101 721 2169 provincia
750 2111 892 2169 erat,
921 2107 1246 2171 parentibus
1280 2107 1503 2162 Plutino
1537 2119 1703 2180 atque
1729 2112 1878 2182 Aga-

289 2194 387 2247 tha
423 2212 436 2248 :
473 2193 526 2246 in
560 2195 986 2264 depopulatione
1017 2207 1198 2252 autem
1243 2215 1357 2254 sua:
1388 2203 1578 2270 patria:
1608 2219 1730 2258 cum
1761 2221 1878 2259 tua-

287 2294 375 2340 tre
408 2285 778 2357 fratribusque
826 2300 1102 2357 servatus,
1138 2293 1189 2346 in
1241 2294 1680 2363 Peloponnesum
1713 2299 1873 2366 abiit,

287 2379 529 2450 indeque
559 2397 618 2435 se
675 2384 952 2437 transtulit
995 2383 1476 2456 Thessalonicam;
1515 2398 1568 2444 et
1602 2392 1874 2447 decimum

285 2475 544 2543 quintum
569 2491 734 2544 agens
763 2477 940 2531 artatis
974 2492 1206 2545 annum,
1242 2489 1500 2534 attonsus
1541 2490 1624 2537 est
1651 2482 1703 2536 iu
1738 2497 1878 2537 ’πιο-

289 2569 537 2622 nasterio
567 2570 844 2639 quodam:
906 2571 998 2625 ubi
1063 2580 1228 2626 totam
1267 2588 1480 2627 sacram
1533 2573 1874 2646 Scriptorum

291 2667 450 2712 tanto
480 2673 604 2712 eum
638 2659 881 2728 profectu
914 2662 1180 2727 decurrit,
1216 2671 1275 2717 ut
1300 2665 1586 2736 presbyter
1615 2671 1878 2725 meruerit

288 2750 562 2814 ordinari,
593 2761 646 2806 et
673 2767 794 2806 cum
825 2751 1139 2824 Decapolita
1175 2753 1440 2826 Gregorio
1481 2758 1876 2814 Constantino-

294 2842 468 2911 polim
496 2844 734 2899 transiit.
762 2845 1061 2915 Postquam
1086 2858 1268 2902 autem
1292 2849 1394 2903 sub
1427 2849 1611 2906 Leone
1635 2855 1876 2910 Armeno

290 2935 479 2989 denuo
507 2937 828 2991 resuscitata
864 2937 1354 2994 leonomachorum
1390 2943 1615 2999 haeresis
1647 2946 1876 3000 extulis-

290 3037 376 3083 set
403 3037 587 3097 caput,
643 3030 918 3099 deprecati
973 3040 1100 3086 sunt
1134 3046 1382 3088 sanctum
1423 3037 1747 3106 Gregorium
1782 3055 1875 3093 or—

291 3123 542 3185 thodoxi,
573 3132 632 3178 ut
668 3123 895 3179 Romam
918 3127 1219 3182 destinaret
1264 3127 1585 3198 Josephum.
1621 3132 1870 3188 fidelibus

290 3215 365 3269 ibi
400 3214 724 3285 degentibus
749 3217 1147 3283 nuntiaturum,
1174 3221 1304 3288 quid
1359 3222 1669 3276 accidisset.
1707 3221 1870 3276 Navi-

288 3308 441 3377 gavit
471 3308 636 3378 igitur
667 3325 767 3375 eo;
803 3312 895 3362 sed
941 3325 970 3364 a
1020 3311 1382 3366 barbarorum
1423 3314 1652 3383 navigiis
1699 3316 1872 3369 inter-

287 3411 503 3471 ceptus,
537 3400 806 3456 abductus
833 3403 884 3456 iu
923 3402 1142 3458 Cretam
1179 3404 1431 3474 captivus
1471 3414 1576 3461 est.
1615 3405 1729 3462 Una
1771 3424 1870 3461 au-

287 3501 400 3547 tem
460 3494 703 3548 noctiqu
775 3503 964 3548 astans
1039 3496 1213 3550 eidem
1289 3498 1556 3566 quidam,
1634 3500 1869 3568 Speciem

290 3587 656 3657 pontiﬁcalem
695 3586 1030 3657 prmferens:
1070 3588 1146 3642 Ex
1194 3588 1364 3660 Myra,
1398 3592 1596 3660 inquit,
1631 3591 1739 3646 huc
1773 3593 1870 3644 ad—

285 3678 442 3739 veni;
485 3687 538 3731 et
573 3678 770 3732 librum
810 3693 1058 3743 sumens,
1091 3679 1260 3749 jussit
1303 3697 1426 3736 eum
1461 3683 1731 3752 accipere.
1764 3684 1872 3738 Ac-

285 3771 434 3840 cepit
459 3770 684 3839 Joseph,
712 3772 946 3841 legitque
996 3774 1107 3827 haec.
1139 3775 1304 3828 verba
1339 3775 1658 3840 :Accelera,
1707 3776 1870 3830 mise.

285 3862 486 3924 ricors,
507 3868 560 3914 et
587 3862 804 3925 festina,
828 3863 1134 3928 miserator,
1158 3863 1208 3916 in
1228 3865 1559 3934 adjutorium
1583 3875 1828 3921 nostrum
1853 3885 1866 3921 :

281 3961 444 4024 potes
477 3953 642 4017 enim,
692 3955 736 4009 si
767 3955 868 4009 vis.
921 3955 1076 4020 Quod
1108 3966 1290 4011 autem
1353 3970 1483 4012 tunc
1532 3960 1866 4024 decantavit,

285 4061 454 4114 opere
513 4047 631 4116 ipso
657 4049 986 4118 completum
1019 4049 1178 4117 vidit;
1226 4053 1448 4120 quando
1496 4051 1802 4122 Theophila
1840 4071 1870 4108 e

285 4137 428 4191 vivis
457 4136 696 4202 sublato,
729 4148 915 4191 saneta
953 4137 1194 4194 Ecclesia
1238 4158 1522 4195 sacrarum
1565 4143 1865 4212 imaginum

283 4229 493 4298 recepit
516 4238 792 4283 ornatum.
824 4229 1046 4287 Interim
1069 4233 1284 4287 divinus
1310 4232 1510 4303 .Ioscph
1538 4235 1802 4290 liberatus
1839 4251 1868 4290 e

283 4337 527 4385 carcere,
555 4322 1084 4391 Constantinopolim
1113 4325 1296 4380 salvus
1322 4326 1617 4395 perductus
1657 4337 1760 4381 est.

356 4414 412 4468 '5.
449 4432 466 4464 ι
507 4412 810 4480 lnvenerat,
852 4431 975 4469 cum
1002 4417 1180 4470 adhuc
1207 4427 1350 4472 essvt
1378 4421 1430 4472 in
1465 4419 1663 4475 finibus
1689 4419 1864 4476 Thes-

1983 546 2281 602 Ecclesium
2331 547 2643 602 universam
2687 547 2804 602 suis
2843 546 3139 602 illustravit
3173 547 3424 622 hymnis,
3461 566 3578 605 coe-

1985 638 2174 709 pitque
2214 639 2458 694 omnium
2512 654 2608 694 ore
2662 639 2969 704 celebrari,
3021 647 3075 694 et
3124 640 3338 695 cunctis
3385 640 3578 698 haberi

1983 733 2255 798 amabilis.
2292 747 2398 786 non
2433 742 2641 787 tantum
2672 733 2874 800 idiotis,
2910 733 3004 790 sed
3033 733 3201 788 etiam
3236 734 3581 806 principibus

1983 833 2037 877 et
2074 824 2501 894 imperatoribus
2536 825 2690 894 ipsis.

2058 915 2112 969 4.
2158 933 2177 967 ι
2214 916 2442 970 Multum
2492 931 2711 987 quoque
2746 915 3069 972 orthodoxa:
3109 917 3230 973 ﬁdei
3274 933 3441 974 causa
3481 921 3577 974 de-

1983 1014 2224 1068 certans,
2263 1007 2317 1060 in
2347 1006 2682 1062 Chersonem
2717 1017 2800 1063 est
2839 1007 3114 1078 relegatus
3160 1013 3231 1065 ab
3270 1010 3439 1081 impio
3469 1014 3575 1064 Ar-

1983 1114 2166 1162 meno,
2210 1113 2277 1153 eo
2317 1115 2476 1169 quem
2530 1099 2762 1155 Bardam
2817 1103 3088 1157 vocabant
3135 1104 3571 1168 condernnante,

1982 1191 2127 1261 quod
2162 1190 2313 1244 illum
2349 1207 2610 1261 generose
2642 1193 3032 1260 redarguisset.
3066 1192 3198 1249 Post
3229 1196 3387 1265 cujus
3421 1211 3574 1249 mor-

1984 1291 2090 1337 tem
2119 1297 2149 1336 e
2173 1282 2454 1338 Chersone
2488 1284 2750 1340 liberatus
2773 1295 2858 1339 est
2879 1287 2947 1340 ab
2973 1290 3189 1358 egregia
3222 1288 3311 1343 illa
3339 1289 3578 1358 impera-

1983 1376 2120 1431 trice
2158 1374 2504 1443 Theodore,
2558 1392 2680 1446 qua:
2729 1378 3108 1433 orthodoxiam
3154 1380 3482 1447 celebravit;
3523 1391 3579 1436 et

1982 1483 2266 1523 sacrorum
2301 1484 2556 1524 vasorum
2601 1469 2806 1540 Magna:
2838 1469 2931 1525 Dei
2963 1473 3206 1528 ecclesia:
3269 1481 3456 1529 custos
3496 1474 3580 1528 ef-

1981 1558 2160 1615 fectus
2188 1569 2293 1625 est,
2317 1559 2504 1614 divino
2534 1559 2745 1630 lgnatio
2776 1561 2960 1616 sedem
2988 1561 3408 1630 patriarchalem
3433 1563 3579 1617 obti-

1981 1659 2164 1705 neute.
2214 1649 2344 1704 Post
2373 1651 2538 1719 hujus
2586 1665 2750 1719 porro
2795 1667 2860 1706 ex
2914 1652 3018 1706 hac
3061 1652 3172 1706 vita
3219 1653 3572 1708 discessum.

1981 1743 2175 1798 Photio
2209 1759 2427 1813 quoque
2461 1744 2593 1816 (hic
2619 1744 2762 1797 euim
2796 1755 2917 1814 post
2961 1745 3229 1814 lgnatium
3263 1746 3576 1815 patriarcha

1977 1840 2060 1891 est
2100 1836 2454 1904 declaratus)
2494 1835 2546 1888 in
2603 1836 2890 1890 amoribus
2941 1834 3044 1890 fuit
3093 1836 3574 1907 aestimatioueque

1980 1927 2238 1981 maxima.
2268 1925 2409 1979 Inter
2435 1927 2548 1980 haec
2571 1925 2795 1995 longum
2820 1926 2942 1992 vitm
2963 1926 3200 1996 spatium
3228 1925 3577 1980 laudabiliter

1982 2017 2238 2088 implens,
2271 2023 2568 2084 sancteque
2619 2023 2672 2069 et
2711 2015 3032 2069 innocenter
3082 2029 3181 2068 suo
3224 2021 3478 2068 versatus
3515 2013 3570 2065 iu

1982 2124 2228 2171 munere,
2250 2108 2577 2163 obdormivit
2605 2108 2656 2161 in
2684 2105 2935 2162 Domino.
2962 2106 3168 2159 Dicitur
3190 2114 3395 2172 autem,
3423 2106 3571 2176 quod

1977 2211 2166 2256 sancta
2201 2200 2346 2254 illius
2382 2199 2588 2261 anima,
2624 2198 3024 2254 deducentibus
3063 2198 3270 2254 sanctis
3305 2199 3567 2268 martyri-

1978 2295 2083 2350 bus
2115 2294 2454 2364 augelisque,
2486 2299 2676 2346 erecta
2708 2293 2761 2346 in
2793 2292 2992 2346 coelum
3029 2291 3122 2346 sit.
3158 2291 3370 2345 Etenim
3409 2291 3575 2344 homo

1977 2389 2198 2460 quidam
2224 2428 2238 2452 ,
2280 2401 2499 2440 servum
2542 2386 2729 2439 utilem
2774 2384 3010 2449 habens,
3047 2399 3172 2438 cum
3220 2384 3310 2438 hic
3350 2399 3409 2437 se
3448 2381 3572 2452 fuga

1978 2479 2351 2551 proripuisset,
2374 2477 2509 2531 abiit
2529 2476 2595 2530 ad
2621 2485 2870 2531 sanctum
2903 2473 3575 2538 Theodorum,Phanero-

1979 2583 2084 2627 tem
2117 2573 2278 2641 vulgo
2304 2579 2706 2638 nuncupatum,
2738 2576 3030 2638 rogaturus
3058 2577 3116 2620 ut
3139 2581 3299 2620 suum
3329 2565 3433 2620 sibi
3457 2581 3574 2620 ser-

1977 2681 2102 2720 vum
2156 2665 2444 2719 revelaret.
2494 2661 2703 2716 Exacto
2747 2669 2928 2715 autem
2977 2660 3178 2715 ibidem
3221 2659 3401 2729 spatio
3451 2674 3560 2712 non

1978 2759 2193 2814 modico
2221 2759 2503 2827 temporis,
2541 2771 2664 2811 cum
2713 2755 2848 2810 nihil
2880 2755 3163 2810 didicisset
3203 2754 3271 2808 de
3317 2751 3568 2824 fugitivo.

1977 2845 2233 2900 recedere
2269 2845 2472 2906 voluit;
2516 2844 2980 2912 reeessissetque,
3023 2843 3130 2897 nisi
3165 2852 3288 2897 orto
3325 2841 3438 2913 jam
3485 2842 3573 2897 die

1977 2941 2230 2992 detentus
2267 2938 2541 3006 spirituali
2576 2937 2668 3003 qui
2700 2935 2862 2990 ﬁebat
2895 2952 3169 3001 sermone,
3202 2937 3572 2992 obdormisset

1979 3031 2265 3099 tantisper.
2297 3035 2474 3098 Atque
2504 3044 2631 3083 ecce
2659 3037 2950 3099 martyrem
2984 3030 3153 3087 videt.
3185 3038 3242 3082 et
3265 3028 3381 3084 hwc
3412 3029 3478 3083 ad
3512 3044 3572 3084 se

1977 3123 2244 3178 dicentem
2275 3123 2428 3176 audit
2461 3140 2475 3175 :
2511 3119 2713 3191 thuid
2744 3131 2974 3175 moestus
3005 3121 3104 3175 es?
3130 3123 3296 3175 Poeta
3331 3119 3572 3191 JUSPplto

1978 3216 2081 3270 hac
2120 3227 2279 3269 nocte
2310 3215 2600 3276 moriente,
2652 3213 2835 3267 anima
2869 3216 2988 3282 ejus
3017 3213 3085 3267 ab
3114 3215 3368 3270 omnibus
3410 3215 3569 3270 nobis

1974 3323 2114 3379 quos
2143 3307 2258 3362 suis
2290 3305 2589 3360 cauouibus
2623 3306 2952 3376 hymnisque
2986 3305 3298 3370 honoravit,
3333 3307 3566 3362 deducta

1973 3409 2059 3455 est
2085 3408 2138 3453 et
2170 3407 2296 3452 ante
2328 3398 2423 3453 Dei
2455 3407 2813 3466 conspectum
2847 3399 3168 3453 constituta.
3196 3397 3356 3455 Nunc
3381 3409 3564 3456 autem

1973 3499 2170 3562 praesto
2195 3505 2339 3553 sum,
2375 3497 2704 3544 ostensurus
2733 3491 3011 3557 deinceps,
3040 3489 3186 3559 quod
3217 3492 3387 3545 voles.
3422 3490 3568 3545 Vade

1973 3584 2040 3637 ad
2076 3585 2253 3637 locum
2284 3583 2435 3636 illum
2482 3582 2571 3651 (et
2597 3581 2774 3635 locum
2805 3580 3161 3652 nominavit),
3198 3580 3269 3635 ibi
3299 3579 3562 3636 famulum

1973 3685 2149 3739 tuum,
2180 3691 2342 3745 quem
2373 3675 2632 3744 requiris,
2665 3672 2934 3727 invenies.
2973 3690 2993 3724 ι

2043 3767 2095 3821 5.
2141 3767 2417 3821 Hactenus
2456 3765 2830 3836 Synaxar-ium
2857 3764 3192 3832 praedictum,
3223 3773 3368 3820 recte
3391 3775 3444 3820 et
3473 3781 3564 3819 or-

1970 3859 2098 3914 dine
2123 3858 2331 3919 omnia,
2356 3857 2458 3911 nisi
2490 3856 2635 3925 quod
2663 3856 2728 3908 ad
2752 3866 3004 3910 auctores
3026 3855 3210 3936 indicti
3246 3856 3299 3909 in
3318 3856 3558 3912 Cherso-

1973 3970 2092 4009 nem
2121 3954 2295 4008 exsilii
2326 3949 2581 4022 pertinet,
2613 3950 2858 4020 :idquue
2905 3959 2960 4005 et
2989 3950 3165 4020 ipsius
3198 3950 3379 4004 exsilii
3411 3959 3554 4004 temo

1972 4065 2093 4117 pus,
2131 4046 2341 4101 Etenim
2376 4043 2630 4114 quamvis
2674 4042 2779 4096 Leo
2808 4045 3101 4106 Armeuus,
3136 4058 3250 4097 suae
3283 4043 3552 4097 adversus

1971 4143 2267 4194 monachos
2300 4137 2638 4193 orthodoxos
2672 4136 2894 4190 saevitiae
2926 4137 3238 4190 ministrum
3265 4135 3553 4207 facemque

1971 4234 2228 4288 habuisse
2263 4232 2472 4300 legatur
2495 4227 2726 4282 Bardam
2759 4227 3073 4296 quemdam,
3104 4227 3320 4282 aﬁinem
3353 4242 3552 4292 suum;

1973 4325 2059 4378 hic
2094 4332 2272 4376 tamen
2307 4321 2508 4373 nullam
2545 4321 2722 4388 potuit
2753 4332 2962 4387 partem
3019 4317 3123 4373 sibi
3154 4317 3458 4372 vindicasse
3493 4319 3547 4373 iu

1972 4415 2221 4470 vexaudo
2251 4413 2487 4482 JOsepho
2529 4430 2542 4465 :
2580 4426 2703 4466 cum
2747 4410 2792 4464 is
2830 4410 2933 4465 sub
2963 4410 3140 4480 ipsqu
3172 4410 3388 4464 initium
3420 4426 3544 4480 per-

285 4506 578 4564 salonicaz,
620 4507 790 4560 sancti
842 4507 1073 4577 apostoli
1125 4507 1504 4564 Bartholomaei
1556 4512 1867 4582 reliquiam.
1905 4514 1946 4568 D
1977 4508 2292 4573 secutiouis,
2329 4521 2474 4560 anno
2511 4505 2546 4559 2
2587 4503 2806 4568 Leonis,
2843 4505 3146 4572 suscitatae,
3198 4501 3427 4558 Romam
3475 4503 3554 4558 le-

287 4597 442 4651 llane
480 4596 645 4667 igitur
678 4596 988 4666 accipiens,
1022 4599 1123 4654 sub
1153 4600 1298 4654 illius
1334 4601 1553 4656 nomine
1585 4603 1874 4658 aadiﬁravit

285 4690 547 4746 sacellum
571 4707 584 4755 ;
616 4690 889 4760 carpitque
907 4693 1076 4744 multa
1102 4707 1224 4746 cum
1255 4693 1626 4750 sollicitudine
1655 4712 1872 4753 versare

285 4782 492 4845 animo,
539 4781 814 4850 quomodo
860 4781 1208 4838 festivitatem
1261 4787 1382 4854 ejus
1429 4790 1602 4844 sacris
1635 4790 1869 4846 canticis

287 4875 684 4944 componendis
725 4885 980 4942 ornaret;
1017 4892 1140 4932 cum
1180 4879 1436 4950 lacrymis
1466 4894 1624 4953 atque
1660 4883 1870 4953 singul-

285 4965 434 5020 tibus
466 4967 800 5034 supplicans,
834 4978 894 5021 ut
926 4968 1087 5038 hujus
1123 4971 1378 5027 desiderii
1411 4975 1493 5028 sui
1527 4991 1754 5044 compos
1787 4977 1868 5032 ef-

287 5056 374 5112 ﬁci
410 5069 726 5112 mereretur.
777 5060 843 5113 Et
890 5076 1019 5115 vero
1060 5079 1282 5132 compos
1327 5066 1444 5134 ejus
1485 5067 1712 5122 effectus
1762 5078 1864 5124 est.

285 5147 463 5203 Noctu
491 5149 848 5204 enim’virunt
881 5155 1167 5222 quemdam
1204 5158 1556 5211 reverenduut
1587 5161 1870 5230 conspica-

286 5249 376 5294 tus
410 5250 492 5294 est
531 5241 597 5294 ad
639 5241 782 5296 latus
828 5244 1105 5312 epistolae,
1157 5246 1249 5315 qui
1299 5249 1585 5303 videbatur
1634 5267 1784 5306 sacra
1837 5269 1868 5308 e

286 5348 475 5387 mensa
504 5333 853 5404 Evangeliqu
884 5337 1094 5402 tollere,
1131 5339 1419 5410 ipsumque
1439 5340 1659 5413 Joscphi
1695 5345 1867 5415 impo-

287 5447 424 5485 nens
467 5435 711 5499 pectori,
747 5449 845 5490 sua
877 5450 998 5488 eum
1048 5435 1422 5492 benedictione
1470 5439 1754 5509 impertiri.
1790 5444 1865 5496 Ex

288 5533 419 5577 tunc
448 5533 630 5578 autem
662 5527 888 5594 gratiam
917 5530 1424 5596 componendorum
1458 5531 1783 5601 hymnorqu
1813 5543 1866 5588 et

287 5611 599 5670 facultatem
627 5617 815 5672 hahuit
839 5628 946 5672 tam
982 5620 1310 5689 expeditam,
1341 5632 1397 5676 ut
1425 5623 1647 5692 quidam
1675 5625 1862 5679 existi-

290 5715 520 5772 mar-ent,
579 5723 704 5761 eum
769 5711 1030 5765 ntelodias
1091 5727 1276 5767 sacras
1331 5729 1438 5767 nou
1490 5716 1737 5784 proferre
1796 5733 1863 5772 ex

287 5795 491 5868 seipso,
528 5799 622 5854 sed
657 5799 876 5855 aliunde
901 5809 1151 5870 acceptas
1182 5810 1236 5855 et
1277 5806 1552 5858 memor-ite
1576 5819 1860 5859 commen-

1978 4613 2133 4671 gatus
2179 4601 2269 4660 sit.
2302 4609 2356 4654 et
2390 4611 2567 4667 usque
2594 4597 2663 4651 ad
2714 4611 2916 4651 annum
2953 4595 3060 4650 820
3089 4596 3348 4652 manserit
3378 4598 3555 4667 capti-

1978 4705 2077 4743 vus
2106 4687 2160 4742 in
2193 4687 2371 4740 Creta.
2409 4685 2744 4754 Theophilus
2777 4685 2964 4754 igitur,
2997 4686 3198 4756 impius
3243 4687 3445 4756 passim
3482 4689 3552 4740 ab

1975 4779 2508 4841 auctoribusdictus,
2535 4779 2607 4833 ob
2647 4779 3085 4833 iconomaehiam
3143 4780 3550 4843 resuscitatam,

1975 4872 2139 4927 scribi
2192 4871 2280 4926 hic
2327 4882 2381 4926 et
2430 4871 2652 4940 intelligi
2709 4870 2933 4936 debuit;
3007 4869 3109 4923 sub
3160 4885 3269 4938 quo
3323 4871 3551 4930 Bardas,

1975 4964 2032 5020 S.
2089 4963 2388 5018 Theodorae
2429 4963 2688 5032 Augustae
2717 4961 2907 5024 frater,
2955 4961 3046 5014 vir
3098 4962 3341 5018 incesrus
3385 4973 3554 5033 atque

1973 5059 2236 5123 nefarius,
2289 5057 2429 5128 apud
2493 5056 2806 5119 sororium,
2874 5056 3162 5110 monachis
3227 5057 3551 5111 orthodoxis

1974 5151 2430 5212 iufeusissimum,
2467 5148 2625 5203 facile
2656 5149 2832 5217 potttit
2879 5148 3133 5202 effectum
3181 5147 3332 5214 dare,
3371 5157 3430 5202 ut
3458 5147 3550 5202 Jo-

1970 5247 2224 5316 sephum,
2255 5245 2385 5296 vitia
2416 5257 2516 5295 sua
2542 5242 2909 5310 increpantem
2941 5240 3184 5301 liberius.
3219 5241 3424 5294 videret
3459 5256 3547 5294 re-

1969 5342 2228 5412 legatum.
2277 5339 2348 5391 lla
2383 5347 2530 5390 certe
2571 5335 2784 5389 Censuit
2816 5334 2860 5390 is
2891 5334 3014 5404 quis
3054 5336 3284 5388 alterum
3341 5351 3372 5389 e
3411 5350 3542 5389 mss.

1971 5429 2288 5503 Synaxariis
2309 5425 2795 5497 Cryptze-Ferratze
2855 5427 3170 5497 compilavit
3221 5436 3432 5488 auctor,
3494 5439 3547 5481 et

1971 5524 2299 5579 conveniunt
2327 5521 2531 5590 Optime
2563 5517 2698 5574 Vita:
2732 5520 2888 5583 Acta,
2930 5519 3180 5588 quamvis
3210 5518 3358 5572 nulla
3403 5516 3542 5572 facta

1969 5617 2158 5670 Bardze
2189 5614 2466 5668 mentione
2499 5621 2664 5666 totam
2699 5612 2911 5681 culpam
2943 5612 2996 5665 iu
3024 5611 3370 5689 «pessimum
3399 5610 3545 5662 illius

1971 5708 2230 5778 temporis
2256 5707 2667 5775 imperatorem,
2711 5724 2726 5756 ι
2764 5703 2973 5760 scilicet
3009 5702 3372 5773 TheOphilum
3401 5716 3538 5754 con-

1969 5802 2167 5857 ferant.
2193 5799 2251 5854 lu
2283 5799 2606 5853 dicto‘vero
2645 5798 2947 5875 Synaxario
2981 5797 3059 5851 sic
3102 5796 3297 5866 legitur
3345 5809 3361 5850 :
3409 5812 3427 5848 ι
3457 5787 3546 5849 lt:-
