3978 6592
454 326 562 389 9⁸ἶῦ

1596 321 1660 382 S.
1700 319 2014 383 IOSEPHI
2051 317 2617 379 HYMNOGRAPIII
3593 321 3683 384 936

454 438 565 493 vidi
601 443 780 490 autem
810 432 1030 503 quidam
1063 446 1189 487 cum
1225 445 1347 487 eum
1382 431 1702 485 ealmnniati
1736 439 1920 485 essent
1973 429 2040 483 de
2074 433 2111 485 Α
2142 438 2196 481 et
2222 431 2365 497 apud
2400 426 2680 482 Bocchum
2711 426 2980 497 Pyrrhum
3020 426 3071 479 in
3113 425 3307 480 notitia
3338 423 3573 484 Ecclesiae
3602 436 3688 504 Sy—

455 533 541 594 iis,
574 544 696 598 quae
719 527 983 581 adversus
1022 524 1253 578 Bardam
1287 524 1557 579 Caesarem
1608 523 1755 576 dicta
1796 521 2032 583 fuerant,

456 623 509 676 in
548 620 884 674 Chersonem
934 616 1266 685 relegarunt,
1299 616 1443 668 unde
1475 624 1597 683 post
1634 613 1853 681 aliquod
1901 621 2039 665 tent-

458 728 558 781 pus
580 706 1105 774 Constantinopolim
1155 720 1460 775 regressus,
1514 718 1800 757 sacrorum
1835 700 2041 769 Magnae

470 804 563 855 Dei
614 802 863 856 ecclesiae
910 812 1167 852 vasorum
1226 806 1412 851 custos
1455 796 1632 851 factus
1693 804 1795 858 est,
1834 791 2041 863 lgnatio

457 893 791 966 patriarcha.
829 910 846 942 ι

527 988 578 1041 6.
612 986 877 1040 Graviora
939 983 1173 1037 aliorum
1231 981 1657 1052 Syuaxariormn
1723 990 1902 1034 errata
1953 979 2041 1033 hic

456 1094 565 1132 non
603 1079 945 1146 attingimus.
993 1086 1202 1128 tantum
1260 1074 1497 1128 dicimus
1530 1073 1581 1125 in
1638 1087 1827 1127 eorum
1895 1071 2043 1124 nullo

458 1172 633 1226 notari
663 1185 861 1224 nomen
895 1168 1094 1222 Leonis
1131 1166 1379 1231 Isaurici,
1407 1166 1553 1235 quod
1582 1166 1634 1219 in
1665 1166 1816 1220 Actis
1860 1180 2039 1234 reper-

456 1271 571 1315 tum
629 1262 698 1315 ita
741 1264 899 1315 torsit
947 1260 1233 1313 Octavium
1302 1258 1621 1326 Cajclanttm
1674 1267 1944 1319 nostrum,
1987 1255 2039 1309 in

456 1356 574 1407 suis
607 1354 673 1406 ad
712 1368 774 1407 ea
799 1351 1277 1414 annotationibus,
1338 1360 1393 1401 ut
1446 1363 1570 1401 cum
1614 1348 1816 1401 videret
1845 1362 2042 1402 conse-

457 1460 637 1513 quens
695 1460 838 1510 esse,
904 1444 1049 1513 quod
1097 1443 1257 1497 annis
1296 1452 1350 1494 ut
1409 1441 1696 1495 minimum
1747 1441 1849 1495 170
1875 1439 2043 1492 vixis-

456 1547 540 1589 set
566 1518 861 1604 Jusepltus,
900 1538 1134 1605 ingenue
1166 1534 1344 1589 fassus
1375 1535 1466 1599 sit,
1504 1552 1521 1584 ι
1552 1542 1661 1587 tam
1689 1532 2041 1602 longinquam

454 1636 697 1691 aetatem,
737 1627 878 1680 inter
921 1636 997 1682 tot
1024 1642 1207 1680 rerum
1241 1626 1511 1687 turbines,
1546 1634 1731 1693 totque
1769 1638 2044 1677 aerumnas

457 1728 512 1771 et
542 1718 965 1772 exercitationes
996 1718 1249 1771 ascetieae
1287 1717 1430 1781 vitae,
1466 1717 1743 1786 negotium
1803 1715 1905 1770 sibi
1958 1712 2042 1767 fa-

2145 536 2425 575 racusauae
2467 525 2756 591 impressa.
2794 520 2896 587 Qui
2925 522 3065 575 idem
3099 521 3340 591 Pyrrhus
3381 522 3578 576 interim
3603 542 3678 580 as-

2144 613 2276 666 serit
2308 624 2360 667 ιιι
2394 612 2656 665 Basiliaui
2688 612 2901 667 ordinis
2943 611 3273 665 monachum
3319 622 3371 665 et
3422 611 3689 683 Syracusa-

2146 719 2275 757 nntn
2315 702 2485 757 fuisse
2515 700 2854 772 JOscphum;
2906 702 3050 756 istud
3092 718 3156 755 ex
3201 718 3321 766 sua,
3347 704 3444 758 hoc
3471 720 3533 759 ex
3559 707 3690 776 Caje-

2147 793 2257 847 tani
2294 794 2606 861 conjectura
2633 810 2929 863 persuasus
2982 808 2996 846 :
3041 794 3300 862 additque
3344 795 3483 849 illius
3512 796 3685 853 festuut

2150 885 2439 956 Syracusis
2500 886 2767 941 celebrari
2818 886 2851 939 3
2898 886 3121 956 Aprilis,
3193 887 3379 956 utique
3432 901 3691 958 pOstquatu

2146 979 2444 1047 Cajetanus
2498 980 2700 1047 incepit
2753 988 2981 1033 sanctos
3043 979 3267 1034 Siculos
3316 996 3377 1033 ex
3412 981 3698 1037 Graecorum

2145 1071 2364 1126 Menaeis
2408 1072 2757 1142 conquirere,
2806 1080 2860 1125 et
2908 1072 3023 1126 suis
3077 1072 3344 1128 insulanis
3383 1079 3695 1132 venerandus

2147 1185 2452 1244 proponere
2483 1186 2497 1222 :
2529 1182 2707 1238 neque
2744 1167 2891 1222 enim
2927 1165 3309 1220 existimamus
3359 1166 3557 1219 cultum
3584 1182 3695 1222 eum

2147 1264 2439 1337 Syracusis
2470 1276 2591 1316 esse
2614 1259 2924 1327 antiquum,
2976 1271 3072 1312 aut
3108 1258 3159 1311 itt
3194 1257 3303 1311 ulla
3356 1258 3614 1328 majorum
3639 1263 3697 1315 de

2145 1356 2382 1427 Jusepbo
2416 1355 2715 1409 traditione
2747 1353 3057 1405 fundatum.

2216 1514 2337 1588 §Il.
2385 1512 2516 1567 Vita:
2546 1514 2851 1579 scriptores.
2904 1510 3142 1592 (laniones
3185 1512 3494 1580 compositi,
3527 1522 3708 1582 tempus

2836 1595 3043 1634 ηιοιίικ.

2216 1724 2271 1780 8.
2299 1723 2453 1790 Quod
2477 1721 2505 1794 ς
2529 1721 2797 1791 superiori
2829 1720 3069 1774 diximus
3095 1720 3163 1774 de
3194 1720 3390 1785 Barda,
3422 1729 3474 1775 et
3496 1722 3710 1777 circum-

456 1826 600 1866 cere.
651 1830 669 1862 ι
700 1809 893 1865 Omnia
943 1810 1323 1873 nihilominus,
1357 1826 1478 1879 quae
1531 1812 1791 1878 deinceps
1828 1809 1881 1861 in
1918 1805 2041 1861 Vita
2072 1798 2119 1857 Β
2148 1820 2365 1875 stantia;
2421 1816 2669 1885 qumdmu
2727 1815 2887 1877 aliae,
2940 1814 2994 1866 in
3053 1810 3372 1882 Synaxariis
3421 1815 3710 1882 expressius

457 1906 741 1967 dicuntur,
776 1906 846 1958 ita
878 1904 1124 1973 digessit,
1162 1912 1220 1957 ut
1264 1920 1282 1954 ι
1344 1902 1668 1973 pessimum,
1734 1921 1752 1953 ι
1814 1900 1881 1955 de
1930 1915 2040 1971 quo

457 2013 643 2065 supra,
682 1998 1088 2065 imperatorem,
1122 1997 1226 2050 sub
1273 2011 1383 2066 quo
1429 1996 1481 2049 in
1532 1996 1783 2050 exsilium
1832 1994 2040 2061 ejectus

454 2100 540 2145 est
569 2089 794 2160 Joseph,
821 2089 964 2143 haud
990 2088 1156 2142 dubie
1186 2098 1332 2142 notet
1365 2088 1533 2142 fuisse
1565 2108 1581 2139 ι
1618 2088 2037 2142 Constantinum

455 2184 884 2253 Cuprouymum,
945 2181 1141 2237 Leonis
1202 2180 1428 2236 Isaurici
1473 2181 1668 2245 tilium,
1716 2190 1769 2235 et
1824 2180 2038 2249 imperii

455 2275 683 2346 perinde
717 2288 876 2346 atque
902 2277 1193 2345 impietatis
1231 2292 1649 2341 successorem;
1689 2296 1707 2329 ι
1736 2286 1791 2331 et
1818 2276 2039 2329 «ortho-

453 2370 629 2424 doxos
664 2370 1045 2439 imperatores,
1083 2388 1102 2423 ι
1141 2370 1243 2424 sub
1292 2356 1494 2439 quibus
1536 2378 1620 2423 est
1652 2368 2042 2423 Constantino-

454 2463 621 2531 polim
650 2472 961 2527 revocatus,
987 2463 1409 2517 Constantinum
1442 2472 1496 2517 et
1527 2463 1734 2517 Irenem
1773 2463 2040 2531 interpre-

456 2564 617 2606 tetur.
650 2552 823 2620 thue
849 2554 965 2607 haec
995 2555 1287 2608 concordet
1310 2570 1433 2608 eum
1479 2553 1698 2609 Menaeis
1740 2554 2038 2609 occasione

456 2646 647 2699 Dardai
672 2646 907 2714 ejectum
938 2646 1287 2712 dicentibus;
1324 2648 1599 2701 concludit
1632 2666 1649 2698 ι
1690 2662 1906 2711 rursus,
1936 2647 2040 2703 sub

455 2737 719 2792 Michaele
740 2737 908 2793 Balbo
932 2740 1146 2809 pulsum
1180 2738 1502 2810 10sephum,
1528 2750 1689 2809 atque
1716 2756 1745 2795 a
1779 2740 1834 2795 S.
1861 2739 2038 2795 Theo-

454 2832 591 2884 dora
659 2831 971 2886 restitutum
1001 2832 1191 2887 videri.
1235 2851 1251 2882 ι
1302 2831 1520 2886 Dubitat
1548 2832 1712 2886 etiam
1756 2850 1775 2883 ‹
1825 2848 1890 2885 an
1928 2831 2039 2887 Leo

454 2921 747 2985 hauriens,
788 2940 950 2994 quem
981 2941 1073 2978 xw
1110 2925 1224 2979 Kal.
1264 2923 1391 2979 Julii
1430 2937 1710 2980 mortuum
1746 2925 2037 2995 Theopha-

454 3031 550 3069 nes
583 3017 797 3078 scribit,
857 3018 1040 3086 potius
1086 3016 1351 3073 dicendus
1389 3018 1462 3073 sit
1509 3017 1564 3071 itt
1616 3015 1891 3071 Natatlitiis
1925 3015 2035 3070 Do-

2143 1926 2307 1982 quam
2340 1910 2395 1964 in
2432 1908 2552 1962 Vita
2584 1916 2780 1961 notatae
2811 1908 2891 1976 (ut
2922 1906 3066 1975 quod
3096 1904 3310 1958 decimo
3340 1903 3532 1973 quinto
3556 1909 3713 1960 aetatis

2145 2018 2288 2057 anno
2309 2011 2561 2056 attonsus
2584 2003 2637 2054 in
2654 1999 2983 2053 monachum
3007 2008 3233 2051 sanctus
3254 1994 3453 2065 Joseph
3477 1996 3565 2061 sit,
3584 1999 3708 2063 quod

2144 2096 2332 2150 invasa
2382 2109 2410 2148 a
2459 2092 2748 2147 Saracenis
2783 2092 2959 2161 patria
2993 2107 3116 2145 eum
3161 2100 3334 2144 matre
3379 2105 3442 2144 ac
3476 2089 3711 2147 fratribus

2143 2197 2431 2253 servatus,
2475 2187 2621 2256 quod
2652 2196 3133 2254 extemporaneam
3169 2199 3304 2253 pene
3346 2183 3591 2237 habuerit
3630 2199 3710 2237 ca-

2145 2294 2350 2335 nonum
2391 2278 2797 2333 condemlorum
2839 2276 3197 2337 facultatem,
3228 2275 3376 2344 quod
3410 2277 3558 2330 locus
3584 2278 3710 2328 exsi-

2145 2371 2202 2424 lii
2229 2372 2510 2425 Chersona
2548 2368 2731 2435 fuerit,
2758 2368 2901 2437 quod
2936 2377 3064 2421 ante
3104 2367 3360 2420 exsilium
3402 2367 3587 2435 injecta
3616 2370 3712 2421 siut

2143 2474 2335 2519 sancto
2373 2463 2591 2519 vincula
2632 2472 2686 2517 et
2721 2462 2979 2526 verbera,
3028 2460 3172 2530 quod
3208 2461 3446 2529 denique
3486 2460 3709 2528 gloriose

2145 2558 2289 2612 illius
2318 2558 2369 2610 in
2398 2557 2595 2612 etclam
2631 2554 2976 2610 deductionis
3010 2554 3170 2618 visio,
3197 2552 3490 2607 occasione
3520 2551 3706 2622 fugitiri

2145 2650 2397 2720 requisiti
2433 2650 2485 2702 in
2516 2649 2717 2717 templo
2753 2647 2927 2703 sancti
2968 2645 3242 2699 Theodori
3283 2644 3597 2700 Phanerotac
3625 2660 3704 2697 seu

2145 2743 2596 2806 Manifestatoris,
2633 2742 2890 2811 obtigerit
2923 2740 3094 2808 probo
3124 2737 3200 2791 illi
3236 2738 3377 2801 viro,
3404 2739 3493 2807 qui
3518 2736 3628 2806 ejus
3648 2738 3703 2788 ad

2144 2838 2283 2893 alios
2316 2836 2515 2891 meruit
2547 2835 2699 2889 testis
2734 2833 3048 2900 exsistere),
3088 2830 3191 2891 hac,
3215 2830 3464 2898 inquam,
3492 2829 3706 2883 circum-

2144 2929 2394 2995 stantiae,
2431 2929 2485 2982 in
2527 2925 2916 2997 prolixioribus
2943 2922 3093 2978 Actis
3130 2922 3439 2992 praeteritae,
3469 2919 3706 2975 credibile

2146 3021 2303 3076 nobis
2338 3020 2579 3083 faciunt,
2618 3017 2749 3071 Vita:
2776 3017 3050 3085 epitomen
3082 3016 3099 3083 (
3126 3028 3291 3083 quam
3323 3029 3487 3083 supra
3511 3028 3572 3067 ex
3595 3011 3705 3067 Cla-

454 3107 585 3161 miui
618 3108 845 3170 obiisse,
876 3124 943 3162 an
986 3124 1114 3163 vero
1150 3122 1272 3179 post
1326 3125 1546 3165 menses
1584 3125 1677 3165 sex
1710 3118 1765 3164 et
1811 3107 2034 3163 totidem
2064 3144 2109 3206 ρ
2147 3124 2475 3167 romontano
2527 3110 2813 3169 dedimus,
2850 3123 3125 3178 quamque
3163 3106 3269 3160 alia
3311 3124 3452 3162 mss.
3483 3107 3588 3161 fere
3633 3122 3706 3159 se-

452 3200 568 3254 dies
604 3199 671 3253 de
706 3200 826 3269 ejus
863 3210 1040 3255 morte
1079 3199 1247 3255 fuerit
1294 3212 1487 3257 sancto
1532 3200 1771 3271 Josepho
1818 3201 2037 3255 nuntia-

453 3300 589 3345 tum.
621 3309 639 3342 ι
677 3292 809 3357 Qua:
851 3292 1035 3346 omnia
1085 3292 1243 3348 facile
1284 3294 1557 3364 potuisset
1592 3295 1933 3360 discernere,
1990 3292 2035 3348 si

448 3397 517 3435 ex
556 3384 792 3438 indicato
816 3386 1009 3439 mortis
1037 3385 1144 3449 die,
1171 3387 1424 3441 scivisset
1446 3387 1681 3441 Leonem
1714 3388 2034 3450 Armenum,

454 3474 696 3529 Isaurico
744 3482 897 3528 tanto
958 3477 1342 3544 posteriorem,
1400 3479 1738 3548 intelligere;
1780 3488 1838 3533 et
1877 3478 2033 3538 illud.

452 3569 510 3618 ἐν
536 3567 634 3635 τῆς
702 3567 997 3638 Ἰσαυρῐας,
1056 3568 1319 3623 insertum
1350 3571 1522 3634 Actis,
1564 3580 1879 3640 suspectum
1933 3572 2032 3624 ha-

452 3663 601 3725 bere,
637 3670 858 3730 propter
888 3662 1121 3715 aliorum
1158 3663 1404 3717 omnium
1440 3664 1720 3719 silentium
1764 3675 1817 3719 et
1864 3679 2032 3719 enor-

451 3768 592 3804 mem
633 3751 949 3806 distantiam
982 3755 1263 3825 temporis.

524 3843 573 3896 7.
608 3842 782 3897 Simili
812 3846 1019 3899 ratione
1069 3862 1176 3900 non
1227 3846 1517 3902 dilliculter
1571 3849 1842 3918 potuisset
1887 3851 2029 3905 idem

448 3934 745 4005 Cajetanus
774 3938 958 3991 videre
1003 3937 1149 3993 illius
1188 3941 1519 4007 conjectum
1567 3943 1885 4006 vanitatem,
1922 3959 2028 4013 qua

450 4025 752 4097 Syracusas
794 4030 963 4084 fuisse
995 4030 1219 4101 Josephi
1251 4034 1482 4102 patriam
1505 4043 1791 4103 propterea
1813 4051 2031 4091 asseve-

454 4119 613 4182 ravit,
644 4120 772 4189 quia
803 4121 854 4174 in
890 4121 1039 4177 Actis
1058 4121 1489 4194 diciturJosephi
1516 4126 1712 4195 patria,
1746 4126 2035 4195 gloriosior

450 4212 659 4265 reddita
681 4228 708 4262 a
744 4211 891 4266 Beati
922 4215 1237 4282 parentibus
1264 4224 1369 4269 tam
1397 4216 1536 4271 felici
1566 4218 1829 4286 germine,
1866 4236 2031 4289 quam

446 4317 477 4352 at
516 4301 799 4372 Dionysio,
838 4321 856 4353 ι
916 4304 1009 4371 qui
1048 4305 1179 4358 olim
1209 4305 1260 4359 in
1321 4320 1384 4359 ea
1439 4308 1674 4362 summis
1724 4308 1775 4362 iu
1819 4308 2033 4364 deliciis

450 4396 714 4463 regnavit.
758 4415 776 4446 ι
812 4395 943 4450 Esto
969 4398 1113 4450 enim
1158 4397 1304 4466 qttod
1355 4400 1557 4468 regiam
1600 4399 1891 4469 Syracusis
1936 4402 2035 4455 ha-

2145 3204 2433 3273 quuntur)
2464 3202 2634 3270 ipsam
2665 3214 2810 3263 esse,
2840 3213 3029 3267 quam,
3068 3213 3096 3249 a
3133 3197 3408 3266 discipulo
3435 3197 3597 3251 sancti
3623 3194 3704 3248 Jo-

2142 3297 2296 3367 sephi
2351 3294 2684 3365 Theophane
2732 3293 3031 3362 scriptam,
3081 3289 3321 3345 Joannes
3379 3290 3577 3358 Magnae
3624 3288 3704 3341 Dei

2143 3388 2393 3444 ecclesiae
2430 3388 2698 3442 diaconus
2722 3395 2776 3440 et
2799 3394 3009 3449 orator,
3037 3400 3145 3453 prae
3169 3383 3343 3437 oculis
3371 3383 3574 3446 habuit,
3607 3381 3705 3449 plc-

2142 3482 2267 3537 nius
2300 3481 2658 3549 ornatiusque
2688 3480 3090 3548 exponendam,
3123 3476 3322 3530 additis
3348 3492 3478 3557 qua:
3513 3475 3697 3529 deside-

2141 3574 2405 3627 rabantur
2451 3572 2659 3626 multis.
2698 3571 2848 3625 llanc
2881 3571 2963 3626 sic
3009 3582 3226 3623 anetam
3258 3581 3616 3635 ornatamque
3646 3579 3700 3618 ex

2138 3675 2310 3735 parte,
2335 3682 2396 3719 ex
2429 3674 2583 3734 parte
2610 3679 2759 3730 vero,
2793 3663 3160 3733 pradictarum
3182 3661 3701 3716 eircumstantiarutn

2139 3758 2387 3814 minutiis
2420 3757 2827 3827 praetermissis,
2864 3756 3194 3824 descriptam
3226 3754 3482 3817 liberius,
3514 3751 3704 3818 accepi-

2138 3866 2261 3904 mus
2287 3866 2351 3904 ex
2384 3849 2575 3903 codice
2620 3847 2810 3902 Graeco
2838 3845 3184 3901 Bibliotheca:
3212 3844 3505 3907 Vaticanae,
3538 3852 3707 3897 aucto-

2137 3944 2213 3997 ris
2239 3956 2437 3996 nomen
2458 3941 2620 4010 quale
2633 3940 2873 3993 diximus
2899 3938 3218 4008 praeferente
3244 3957 3256 3992 :
3284 3938 3705 4004 contulimusque

2136 4052 2261 4090 cum
2299 4035 2571 4107 eegrapho
2605 4032 2832 4087 alterius
2864 4032 3095 4097 codicis,
3134 4048 3163 4085 a
3199 4031 3423 4086 Daniele
3458 4036 3704 4084 monacho

2137 4140 2191 4184 et
2221 4131 2453 4184 sacrista
2486 4130 2537 4181 in
2564 4129 2899 4181 monasterio
2924 4127 3099 4181 sancti
3133 4127 3435 4181 Salvatoris
3464 4124 3703 4179 Messanae

2136 4222 2345 4290 absque
2384 4219 2630 4274 aucloris
2679 4219 2902 4273 nomine
2947 4216 3242 4287 descripti,
3291 4231 3358 4270 ex
3407 4216 3585 4284 pluteo
3624 4212 3700 4274 20,

2137 4326 2289 4364 num.
2317 4310 2405 4365 5‘2.

2208 4403 2261 4456 9.
2301 4402 2373 4457 Ea
2423 4404 2700 4473 primum,
2747 4399 2936 4455 Latine
2979 4400 3190 4455 reddita
3234 4415 3263 4454 a
3315 4399 3378 4453 P.
3418 4397 3703 4470 Augustino

449 4488 630 4541 bucrit
664 4489 975 4559 Dionysius,
1009 4490 1107 4544 toti
1145 4499 1327 4543 tamen
1362 4491 1695 4560 imperitavit
1744 4494 1933 4548 insulae
1964 4495 2032 4549 de
2067 4500 2109 4557 ο
2142 4494 2346 4549 Florito
2378 4496 2657 4550 societatis
2690 4504 2913 4559 nostrae,
2946 4494 3145 4563 prodiit
3166 4494 3305 4547 inter
3330 4492 3483 4548 Vitas
3504 4500 3704 4547 sancto-

444 4596 578 4650 qua,
615 4597 721 4634 non
760 4582 827 4635 de
855 4583 1116 4651 peculiari
1146 4582 1329 4652 aliqua
1376 4584 1495 4652 ejus
1548 4586 1683 4640 urbe
1730 4586 2031 4657 loquuntur

445 4673 603 4725 Acta.
636 4671 750 4725 Non
786 4684 972 4743 potest
1008 4690 1140 4729 sane
1197 4676 1507 4730 verositnile
1557 4678 1723 4733 videri
1780 4681 1831 4733 in
1878 4689 2030 4735 tanto

448 4764 838 4818 historicorum
871 4766 1119 4819 omnium
1154 4765 1398 4834 silentio,
1432 4767 1577 4836 quod
1610 4769 1764 4823 lrene
1796 4780 1849 4823 et
1880 4769 2027 4825 Con-

446 4852 691 4905 stantino
731 4854 1113 4923 regnantibus,
1169 4856 1326 4925 potiti
1380 4857 1493 4910 sint
1549 4858 1737 4927 piratae
1786 4860 2026 4925 barbari,

445 4962 508 4999 ea
539 4954 859 5015 tempestate
912 4962 1017 5001 non
1079 4950 1371 5004 admodum
1423 4952 1605 5017 validi,
1654 4954 2026 5009 munitissima

445 5042 580 5094 urbe
642 5059 652 5093 :
699 5058 862 5111 quam
920 5044 1107 5109 iidem,
1147 5044 1346 5100 Siciliae
1405 5048 1627 5118 reliquae
1682 5048 2025 5103 dominatum

444 5132 624 5200 adepti
650 5134 749 5187 sub
784 5134 1043 5190 Michacle
1079 5136 1263 5202 Balbo,
1305 5156 1410 5191 non
1453 5150 1767 5208 potuerunt,
1812 5141 1887 5193 nti
1930 5154 2027 5194 nec

443 5222 893 5291 Tauromenium,
957 5244 1053 5297 per
1121 5246 1295 5284 annos
1347 5232 1418 5285 55
1475 5233 1559 5285 sui
1607 5234 1749 5301 juris
1809 5231 2022 5297 facere;

444 5334 619 5387 usque
643 5320 772 5372 dum
833 5322 1041 5374 veniret
1094 5336 1274 5377 annus
1334 5324 1459 5387 878,
1526 5326 1749 5394 quando
1809 5326 1896 5380 die
1955 5325 2018 5380 2|

442 5410 587 5475 Maii,
624 5410 851 5465 victoria
887 5414 1021 5483 ipsis
1049 5414 1114 5468 de
1149 5416 1335 5468 eadem
1361 5415 1581 5485 obtigit,
1610 5427 1663 5471 et
1718 5418 1887 5473 totius
1935 5419 2022 5473 in-

440 5500 575 5555 sulae
601 5503 1012 5569 possessionem
1044 5504 1413 5567 confirmavit,
1444 5519 1639 5575 magna
1667 5522 1792 5561 eum
1832 5506 2021 5563 Eccle-

443 5595 539 5647 siae
578 5593 947 5651 amictissimae
970 5596 1279 5649 calamitate
1313 5616 1325 5650 :
1354 5612 1517 5665 quam
1557 5599 1821 5654 describit
1850 5602 1895 5656 is
1928 5602 2021 5670 qui

443 5684 691 5737 interfuit
718 5685 1063 5741 Theodosius
1092 5702 1418 5752 monachus,
1458 5691 1510 5743 in
1530 5692 1763 5761 epistola
1797 5693 1862 5748 ad
1888 5693 2023 5749 Leo-

445 5788 573 5829 nem
600 5776 1070 5846 archidiacouum,
1102 5794 1169 5833 ex
1206 5793 1311 5835 ms.
1352 5778 1543 5837 Graeco
1569 5781 1761 5841 Latine
1809 5786 2023 5843 reddita

2144 4603 2263 4641 rum
2325 4587 2634 4641 Siculorum
2694 4603 2785 4640 an.
2836 4586 3203 4653 1657;aliam
3244 4586 3444 4655 deinde
3480 4586 3701 4655 ejusdciu

2142 4680 2276 4734 Vitae
2299 4681 2604 4734 versionem
2637 4679 2923 4733 adornavit
2948 4678 3255 4733 Ludosicus
3282 4678 3583 4733 Maraccius
3612 4676 3706 4729 Lu-

2138 4774 2341 4838 censis,
2371 4788 2402 4827 e
2428 4774 2861 4842 Congregatione
2885 4772 3223 4826 Clericorum
3257 4770 3445 4826 Matris
3472 4772 3581 4831 Dei,
3609 4782 3703 4822 una

2137 4883 2261 4921 eum
2315 4866 2633 4921 Canouibus
2674 4867 2727 4918 in
2778 4866 2962 4919 omnia
3017 4864 3195 4920 Beata:
3247 4864 3487 4935 Virginis
3540 4863 3703 4917 Mariae

2137 4958 2297 5025 festa,
2344 4967 2399 5013 et
2447 4956 2759 5012 'l‘heotociis
2805 4973 2899 5027 per
2948 4973 3142 5011 omnes
3189 4956 3502 5012 Graecorum
3547 4955 3704 5010 eccle-

2136 5050 2391 5104 siasticos
2432 5049 2603 5103 libros
2657 5049 2895 5119 sparsis,
2932 5059 2986 5102 et
3020 5050 3197 5103 sancti
3240 5047 3465 5118 Josephi
3519 5059 3699 5100 nomen

2139 5150 2197 5195 ut
2225 5139 2470 5193 auctoris
2499 5139 3018 5209 praesel'erentibus;
3057 5156 3179 5209 quae
3213 5142 3393 5193 omnia
3438 5138 3703 5205 praenomi-

2138 5231 2247 5283 nati
2294 5227 2553 5283 Ludovici
2591 5228 2977 5294 conjunctione
3012 5229 3294 5298 sanguinis
3336 5238 3390 5282 ct
3438 5227 3700 5296 religionis

2136 5321 2476 5392 professione
2510 5320 2697 5386 frater,
2736 5318 3062 5392 Hippolytus
3094 5320 3410 5384 Mararcius,
3437 5332 3700 5372 commen-

2137 5414 2292 5468 tariis
2318 5414 2550 5467 eruditis
2580 5413 2893 5478 illustravit,
2924 5428 3127 5467 vocans
3163 5414 3250 5466 illa
3282 5410 3514 5464 Mariale
3542 5407 3701 5463 sancti

2132 5507 2350 5575 Iosephi
2399 5505 2834 5576 Ilynttwgraplii,
2885 5515 2937 5560 et
2993 5506 3289 5575 publicavit
3337 5503 3525 5558 Romae
3570 5517 3700 5555 anno

2135 5600 2295 5655 iﬁb‘l.
2349 5599 2499 5656 Hanc
2549 5603 2895 5664 versionem,
2947 5600 3118 5655 Graeci
3183 5607 3474 5653 contextus
3533 5594 3697 5649 verbis

2133 5694 2377 5765 pressius
2406 5694 2784 5760 in'ha'rentcm,
2824 5694 3239 5763 praetuleramus
3270 5702 3380 5745 tum
3414 5689 3579 5760 priori
3609 5686 3695 5748 illi,

2133 5796 2247 5841 tum
2289 5786 2443 5843 alteri
2483 5802 2513 5841 a
2550 5786 2786 5858 quodam
2825 5785 2989 5856 hujus
3024 5792 3210 5840 nostro
3251 5782 3541 5856 provinciae
3568 5776 3697 5849 plui-
