3978 6596
279 422 380 486 937

1815 416 2011 479 VlTA.

3414 412 3519 477 938

275 534 455 589 ellene
485 533 794 588 elaboratae.
830 527 936 583 Sed
968 536 1223 597 excerpta
1264 542 1331 581 ex
1379 526 1631 581 Maraceii
1674 525 1855 582 libello
1885 534 1930 590 Α
1959 527 2103 583 cium
2138 523 2357 580 faciant.
2408 524 2606 580 Praeter
2660 524 2759 580 hos
2808 525 2945 582 duos
2976 539 3085 580 non
3135 525 3345 581 videtur
3377 526 3518 580 alius

275 625 432 691 folia,
470 624 732 695 preloque
775 622 843 677 ad
873 630 1116 677 nostrum
1151 634 1355 675 morem
1388 630 1598 689 parata,
1624 619 1847 675 excide-

274 727 401 773 runt
433 717 591 771 nobis
621 711 1009 771 Amstelodami
1034 754 1050 780 ,
1081 712 1304 784 quando
1332 719 1457 783 post
1487 710 1695 766 tristetn
1723 709 1848 765 Bla-

273 808 449 863 vianae
499 806 869 878 typograpbia:
918 820 1109 860 casum
1164 804 1557 875 colligebamus
1603 803 1847 858 sarcinas

274 899 645 968 Antwerpiam
700 896 1073 952 revehendas:
1107 911 1282 966 neque
1302 896 1435 965 jam,
1464 910 1588 948 cum
1612 895 1845 964 primum

272 993 520 1047 detectus
540 989 1012 1055 animadvertitur,
1039 990 1341 1059 promptius
1357 988 1661 1057 estaliquid
1683 1003 1843 1055 quam

271 1098 341 1138 ex
391 1081 616 1137 Octavio
675 1080 937 1151 Caietano
983 1083 1224 1151 recipere
1265 1080 1452 1135 Floriti
1500 1082 1843 1142 versionem,

270 1190 506 1246 eamque
527 1176 593 1229 ad
626 1181 938 1230 contextum
966 1173 1212 1228 Graecum
1234 1172 1412 1227 demto
1434 1185 1844 1241 recognoscere,

270 1268 499 1323 mutatis
535 1267 663 1322 hinc
692 1264 818 1320 inde
849 1265 1097 1335 pauculis
1131 1264 1220 1319 ubi
1253 1263 1304 1319 id
1331 1263 1548 1333 exigere
1580 1277 1665 1316 res
1694 1262 1848 1315 vide-

268 1357 441 1414 bitur.

341 1448 432 1503 10.
491 1447 682 1501 Simon
714 1444 1182 1516 Wauguereckius
1236 1454 1440 1509 noster,
1482 1444 1537 1498 in
1585 1441 1841 1512 Prolrgo.

269 1542 448 1596 menis
481 1542 547 1596 ad
587 1540 883 1595 Marianum
930 1540 1243 1595 Graecorum
1292 1539 1569 1608 pietatem,
1601 1552 1665 1591 ex
1708 1537 1845 1589 duo-

267 1635 450 1689 decim
479 1635 640 1689 tomis
666 1633 989 1688 Menaaorutn
1028 1640 1082 1686 et
1128 1641 1331 1702 septem
1376 1631 1602 1700 reliquis
1644 1629 1845 1685 Graecae

270 1724 519 1781 Ecclesia
548 1724 915 1780 Voluminibus
937 1736 1271 1794 excerptam,
1309 1738 1366 1777 ιι.
1398 1722 1491 1784 22,
1523 1721 1592 1776 de
1622 1722 1843 1777 duobus

268 1816 478 1874 sanctis
520 1817 792 1888 Iosephis,
823 1828 1051 1885 utroque
1077 1816 1489 1886 hymnOgrapho
1518 1824 1572 1869 et
1621 1813 1840 1869 confes-

267 1914 396 1967 SOre
464 1910 609 1980 apud
669 1909 921 1972 Graecos,
963 1909 1073 1977 agit
1125 1926 1137 1963 :
1192 1922 1424 1977 quorum
1472 1909 1609 1961 alter
1675 1905 1842 1961 fuerit

267 2003 331 2057 S.
349 2002 621 2059 Theodori
660 2002 885 2056 Studiue
908 2001 1072 2055 frater
1102 2010 1266 2070 atque
1293 2001 1578 2069 episcopus
1601 1998 1841 2053 Thessa-

268 2093 587 2158 lonicensis,
625 2093 687 2148 l4
714 2092 841 2146 Iulii
872 2092 1216 2154 recolendus,
1248 2099 1302 2145 et
1349 2090 1598 2144 habuerit
1625 2090 1678 2143 in
1710 2104 1841 2143 catt-

266 2185 395 2240 ticis
419 2184 536 2239 suis
555 2184 854 2254 pangendis
873 2183 974 2236 hoc
1005 2181 1258 2245 notabile,
1290 2180 1434 2250 quod
1454 2195 1650 2235 nomen
1678 2196 1838 2235 suum

264 2291 416 2347 saepe
461 2276 727 2331 omissum
780 2275 832 2328 in
874 2274 1053 2338 titulo,
1093 2288 1187 2343 per
1236 2272 1670 2328 Acrostichidem
1723 2272 1840 2327 sive

264 2368 474 2439 primas
528 2368 873 2437 stropharum
923 2367 1148 2431 litteras,
1188 2364 1332 2419 circa
1391 2364 1630 2417 ultimam
1678 2363 1839 2417 odam

264 2460 358 2513 sui
394 2458 572 2513 ultimi
599 2460 849 2523 canonis,
884 2473 1097 2527 semper
1120 2456 1534 2511 accuratissime
1568 2454 1836 2526 signarit:

262 2551 405 2606 alter
430 2550 590 2604 annis
623 2550 759 2603 forte
792 2549 1148 2618 quadraginta
1177 2547 1386 2616 junior,
1420 2548 1506 2601 hic
1534 2556 1716 2600 noster
1747 2548 1837 2609 sit,

261 2645 355 2699 cui
389 2644 780 2699 adscribendos
813 2651 962 2713 putat
1022 2657 1117 2695 eos
1164 2655 1437 2705 canones,
1473 2654 1595 2709 quas
1634 2638 1837 2693 nudum

260 2736 488 2806 Iosephi
518 2752 713 2791 nomen
749 2735 1056 2805 appositum
1097 2733 1314 2787 habent.
1343 2732 1482 2798 Quia
1511 2746 1636 2787 vero
1673 2731 1837 2786 etiam

259 2844 508 2885 canones
554 2828 717 2899 hujus
770 2826 1110 2897 posterioris,
1147 2825 1214 2880 de
1260 2839 1370 2895 quo
1418 2840 1564 2880 nunc
1601 2824 1837 2894 agimus,

258 2917 511 2990 Iosephi,
538 2919 647 2972 fere
689 2916 1037 2972 acrostichidi
1070 2915 1234 2970 alicui
1268 2916 1547 2985 illigantur
1572 2953 1587 2979 ,
1644 2914 1833 2970 existi-

263 3021 380 3066 mat
432 3014 742 3081 prmcitatus
781 3007 1266 3079 Wangnereekius,
1327 3011 1393 3062 a-l
1440 3009 1589 3077 ipsos
1644 3015 1834 3076 tttpOte

260 3104 551 3173 operosius
580 3102 931 3171 compositos,
954 3100 1167 3155 extendi
1196 3099 1391 3155 debere
1413 3100 1835 3169 extemporalem

264 3197 416 3248 illam
444 3192 680 3248 dictandi
721 3191 1056 3253 facilitatem,
1090 3206 1254 3260 quam
1302 3206 1467 3259 supra
1494 3205 1559 3245 ex
1617 3188 1836 3244 “enatis

262 3285 541 3340 laudatam
566 3282 822 3338 vidimus.
862 3281 975 3336 Cur
1027 3291 1136 3335 tam
1187 3295 1479 3351 operosum
1528 3280 1634 3335 hoc
1663 3284 1753 3347 sit,
1782 3292 1840 3335 ut

262 3380 335 3433 ab
359 3377 658 3431 exercitato
704 3374 1013 3446 nequiverit
1069 3389 1137 3428 ex
1182 3382 1424 3443 tempore
1471 3373 1633 3428 fieri?
1681 3371 1841 3428 Certe

263 3472 397 3527 nulli
438 3471 647 3536 poetico
674 3479 847 3524 metro
908 3469 1162 3524 astrivtos
1221 3465 1537 3523 Graecorum
1578 3481 1839 3529 canones,

264 3564 512 3633 potuisse
561 3577 668 3616 non
703 3575 898 3632 magna
956 3558 1303 3615 contentione
1326 3558 1495 3612 animi
1541 3557 1609 3612 ad
1661 3568 1841 3612 certas

263 3658 501 3717 litteras,
524 3652 578 3706 in
624 3652 882 3721 cujusque
903 3650 1127 3720 strephe
1162 3648 1432 3719 principio
1464 3648 1840 3713 inveniendas,

261 3743 495 3813 astringi
560 3742 629 3796 ab
674 3757 758 3806 eo,
789 3740 877 3795 cui
928 3740 1157 3794 liberum
1192 3748 1338 3794 esset
1372 3738 1626 3807 str0phas
1655 3738 1842 3808 singu-

263 3839 368 3898 las,
404 3836 554 3889 nullo
581 3834 724 3888 inter
744 3847 803 3888 se
848 3833 1039 3887 ordine
1082 3846 1379 3896 cotmexas,
1434 3845 1465 3884 a
1516 3844 1841 3900 quacunque

263 3929 459 3982 liberet
505 3942 633 3982 voce
694 3926 896 3990 ordiri,
951 3924 1053 3995 ipsi
1106 3923 1399 3978 didit-imus
1471 3923 1838 3992 experiendo;

261 4019 487 4090 quando
509 4019 696 4073 talium
723 4031 993 4073 canonum
1017 4015 1232 4085 aliquos
1259 4012 1451 4069 Latine
1472 4012 1836 4077 reddidimus,

261 4110 454 4164 eadem
508 4107 937 4164 acrostichidum
988 4107 1104 4176 lege
1159 4114 1395 4171 servata,
1430 4102 1595 4173 idque
1633 4103 1687 4156 in
1721 4117 1842 4156 ver-

265 4203 439 4265 sione,
459 4201 525 4255 ad
543 4200 854 4256 Crtecorutn
872 4199 1156 4253 verborum
1173 4210 1391 4251 sensum
1405 4194 1840 4265 exprimendum,

264 4291 526 4360 obligata.
558 4289 640 4344 An
670 4296 850 4344 autem
876 4302 1068 4343 omnes
1114 4286 1191 4340 illi
1226 4299 1502 4353 canones,
1550 4298 1687 4355 quas
1724 4282 1841 4337 Ma-

266 4384 390 4439 riali
421 4397 523 4437 suo
569 4380 870 4437 Maraccius
922 4379 1175 4443 inseruit,
1234 4392 1485 4449 quosque
1535 4392 1698 4447 supra
1730 4386 1843 4432 tre-

267 4486 459 4530 centos
491 4473 720 4530 inveniri
752 4472 807 4527 in
840 4471 1130 4527 ritualibus
1157 4470 1473 4525 Graecorum
1506 4468 1662 4523 libris
1686 4484 1839 4524 asse-

1952 617 2145 673 tertius
2179 615 2449 687 Iosephus
2491 615 2683 682 fuisse,
2728 616 2821 689 qtti
2875 616 2930 672 in
2969 616 3129 672 titulo
3160 632 3265 673 ms.
3304 616 3515 689 Typici,

1952 706 2137 763 Romae
2169 709 2221 763 in
2248 708 2579 764 Bibliotheca
2604 709 2898 765 Bai-berina
2916 710 3176 766 asservati
3200 718 3255 766 et
3287 725 3315 764 a
3341 709 3521 768 Leone

1949 798 2170 866 Allatio,
2216 814 2340 869 pag.
2375 814 2413 853 ιι
2449 799 2852 854 dissertationis
2902 801 3220 869 praecitata»,
3285 799 3517 868 laudati,

1951 888 2281 955 nominetur,
2318 905 2442 944 cum
2497 889 2718 954 dicitur,
2763 887 3025 960 Typicum
3076 890 3206 945 illud
3238 891 3520 949 continere

1955 996 1973 1029 ι
2009 981 2430 1035 ecclesiasticam
2467 982 2910 1038 constitutionem
2963 987 3210 1038 omnium
3252 983 3517 1039 festorum

1949 1071 2115 1125 totius
2142 1073 2292 1134 anni,
2328 1073 2629 1128 secundum
2679 1074 3027 1130 traditionem
3061 1086 3377 1147 sanctorum
3412 1075 3518 1132 Pa-

1948 1172 2115 1227 trum,
2150 1163 2396 1220 videlicet
2442 1165 2499 1221 S.
2538 1165 2716 1232 Sabae,
2751 1177 2806 1224 et
2858 1169 3109 1234 Studitae,
3173 1178 3227 1225 et
3283 1170 3521 1227 maxime

1947 1253 2133 1308 Sancti
2149 1252 2382 1322 Montis;
2451 1271 2662 1311 necnon
2701 1268 2908 1328 partem
2939 1260 3252 1317 traditionis
3292 1262 3523 1318 sanctis-

1945 1345 2071 1400 simi
2152 1347 2331 1403 Patris
2396 1349 2564 1403 nostri
2624 1347 2876 1420 Josephi,
2926 1354 3265 1421 possessoris
3324 1356 3509 1410 sancti

1946 1439 2259 1493 monasterii
2291 1440 2438 1508 quod
2481 1439 2598 1494 Divi
2647 1439 2857 1496 Nicolai
2909 1443 3017 1497 τῶν
3069 1444 3349 1499 κασούλων
3379 1446 3519 1502 dici-

1946 1538 2053 1585 tur.
2098 1547 2117 1581 ι
2150 1528 2365 1585 Etenim
2415 1532 2462 1587 si
2508 1530 2709 1603 Ioseph
2765 1533 2857 1588 ille
2914 1536 3195 1604 proprium
3244 1538 3519 1593 ordinavit
3574 1588 3575 1591 η

1944 1620 2181 1676 ollicium
2214 1625 2545 1680 monasterio
2583 1640 2684 1680 suo
2708 1666 2723 1692 ,
2763 1626 2922 1695 cujus
2975 1636 3239 1696 patronus
3285 1636 3405 1683 erat
3454 1627 3519 1682 Ι).

1942 1711 2197 1771 Nicolaus
2222 1756 2239 1783 ,
2272 1718 2396 1787 quis
2437 1717 2808 1775 Paraeleticon
2857 1718 3173 1776 Graecorum
3222 1721 3407 1792 legens
3441 1722 3518 1794 (in

1944 1823 2055 1877 quo
2087 1808 2423 1864 ordinarium
2458 1812 2624 1867 totius
2674 1814 3027 1871 hebdomadas
3077 1815 3315 1870 olliciutn
3344 1815 3521 1874 octies

1944 1899 2241 1953 secundum
2269 1910 2390 1954 octo
2421 1910 2582 1958 tonos
2612 1905 2880 1959 variatum
2902 1908 3232 1976 continetur)
3259 1909 3314 1965 in
3341 1926 3518 1983 eoque

1944 1991 2240 2046 observans
2271 1994 2569 2048 secundum
2600 1993 2748 2049 ferize
2777 1996 2810 2049 5
2848 2014 3112 2054 canonem
3144 2002 3293 2069 (nam
3326 2004 3518 2078 singu-

1945 2082 2008 2135 lis
2038 2082 2187 2138 feriis
2220 2085 2329 2139 duo
2360 2095 2489 2139 sunt
2536 2101 2798 2153 canones,
2848 2101 2901 2147 et
2929 2090 3063 2147 feria
3115 2093 3149 2147 5
3206 2096 3416 2164 primus
3450 2099 3519 2154 de

1943 2174 2201 2243 apostolis
2220 2174 2322 2251 est)
2345 2190 2468 2230 cum
2498 2178 2835 2234 cathismatis
2858 2192 3019 2251 atque
3047 2185 3303 2252 tropariis
3320 2185 3512 2243 eodem

1942 2264 2311 2332 spectantibus
2326 2280 2447 2320 esse
2476 2266 2542 2320 de
2570 2264 2628 2321 S.
2657 2268 2882 2324 Nicolao
2914 2273 3095 2342 :quis,
3122 2273 3368 2342 inquam,
3404 2278 3517 2331 haec

1945 2353 2125 2423 legens
2157 2364 2212 2408 et
2242 2355 2557 2422 observans,
2587 2374 2692 2412 non
2724 2360 2994 2430 judicabit
3020 2361 3317 2434 Iosephum
3347 2369 3511 2423 istum

1940 2446 2048 2498 τῶν
2078 2446 2356 2501 κασούλων
2384 2463 2511 2507 esse
2541 2461 2818 2507 auctorem
2850 2454 3064 2509 illorum
3094 2467 3218 2512 octo
3239 2460 3304 2513 de
3333 2459 3371 2514 S
3418 2458 3505 2515 Ni-

1941 2536 2096 2591 colao
2116 2552 2386 2594 canonum
2411 2540 2433 2593 ?
2458 2542 2624 2612 Atqtti
2652 2544 2813 2597 etiam
2837 2545 3032 2599 horum
3060 2563 3331 2603 canonum
3359 2567 3519 2607 acro—

1942 2628 2203 2711 stichides
2254 2632 2607 2702 subjunctum
2668 2636 2868 2692 habent
2910 2654 3107 2693 nomen
3174 2642 3371 2714 Ἰωσὴφ
3414 2645 3520 2699 hoc

1940 2719 2102 2775 modo
2127 2738 2140 2774 :
2161 2717 2333 2793 τΗχθς
2357 2722 2426 2778 α’.
2454 2724 2568 2790 Σοὶ,
2609 2726 2863 2795 Νικόλαε,
2901 2731 3119 2800 πρῶτον
3147 2733 3386 2805 εἰσφέρω
3414 2736 3516 2807 μέ-

1940 2811 2049 2877 λος.
2094 2813 2311 2885 Ἰωσήφ.
2366 2817 2431 2871 Et
2470 2818 2743 2899 similiter_
2770 2821 2822 2874 in
2851 2822 3001 2886 aliis,
3060 2836 3422 2896 praeterquam
3459 2831 3514 2883 in

1941 2908 2243 2965 rationibus
2276 2909 2388 2963 toni
2416 2910 2646 2966 secundi
2687 2919 2743 2967 et
2777 2914 2982 2980 octavi,
3012 2915 3105 2985 qui
3156 2918 3517 2977 nihilominus

1939 3000 2181 3068 ejusdem
2214 3003 2454 3057 auctoris
2502 3003 2790 3059 manifeste
2817 3014 2967 3061 sunt.
3016 3006 3173 3065 Hunc
3213 3010 3379 3081 igitur
3406 3027 3515 3068 non

1938 3107 2060 3147 esse
2087 3109 2118 3147 a
2142 3103 2327 3149 nostro
2352 3093 2592 3164 Iosepho
2621 3096 3092 3169 distinguendum,
3122 3111 3233 3157 tttm
3262 3104 3353 3158 illa
3388 3106 3515 3176 styli

1868 3211 1909 3267 ο
1943 3183 2244 3238 similitudo
2292 3185 2524 3240 suadere
2562 3187 2783 3255 poterit,
2834 3199 2947 3244 tum
2994 3194 3140 3261 quod
3193 3204 3447 3250 nostrum
3482 3213 3515 3252 a

1942 3273 2187 3330 Cretensi
2215 3277 2529 3345 captivitate
2560 3276 2848 3333 liberatum
2884 3280 2945 3335 Ι).
2983 3280 3192 3337 Nicolai
3224 3286 3512 3353 miraculo,

1942 3373 2216 3443 possimus
2255 3370 2547 3442 prudenter
2578 3372 2813 3442 opinari,
2846 3373 2895 3428 ei
2940 3373 3085 3444 quod
3125 3373 3517 3433 Constantino-

1942 3466 2049 3535 poli
2126 3465 2300 3520 ercxit
2366 3466 2700 3520 monasterio
2770 3466 3137 3534 patrocinium
3210 3469 3518 3539 praetulisse

1942 3557 2001 3613 S.
2039 3557 2275 3625 Nieolai,
2319 3556 2372 3610 in
2412 3556 2630 3611 deserto
2685 3557 2779 3612 illo
2829 3558 2970 3626 loco,
3016 3559 3085 3614 ad
3131 3575 3314 3627 queat,
3372 3561 3518 3619 haud

1939 3650 2132 3724 procul
2164 3649 2405 3721 positum
2455 3664 2485 3703 a
2519 3650 2722 3720 templo
2752 3649 2813 3706 D.
2846 3649 3075 3707 Joannis
3113 3650 3515 3724 Cbrysostomf,

1947 3764 1967 3797 ι
2003 3744 2187 3799 sedem
2222 3751 2276 3798 et
2314 3757 2568 3797 curarum
2596 3743 2837 3798 scholam
2878 3762 2933 3799 ιι.
2960 3745 3053 3811 24,
3092 3746 3293 3801 dicitur
3335 3757 3518 3805 trans-

1943 3838 2155 3903 tulisse,
2206 3836 2449 3906 inibique
2494 3836 2890 3907 discipulorum
2940 3839 3286 3896 distribuisse
3331 3844 3520 3898 multi-

1947 3930 2236 3985 tudinem:
2272 3946 2289 3979 ι
2329 3928 2382 3982 in
2423 3928 2630 3985 casulis
2665 3928 2851 3984 forsan
2886 3935 3347 4003 extemporaneis,
3373 3936 3521 3993 unde

1943 4023 2149 4078 dictum
2207 4021 2283 4076 sit
2339 4020 2732 4075 monasterium
2794 4020 2859 4075 ι).
2906 4021 3121 4079 Nicalai
3174 4026 3528 4103 Catularum,

1946 4110 2236 4176 vocabulo,
2272 4121 2331 4165 ut
2360 4110 2469 4164 alia
2502 4110 2671 4165 multa
2698 4110 3334 4183 Constantinopolitana,
3382 4118 3517 4172 Ῥω-

1948 4202 2136 4276 μαῑκῷ
2165 4219 2179 4234 ο
2221 4202 2475 4273 quamvis
2507 4210 2563 4256 et
2602 4203 2919 4259 monasterii
2955 4222 2983 4259 a
3029 4205 3091 4261 D.
3121 4206 3345 4264 Nicolao
3386 4210 3515 4267 dicti

1945 4310 2218 4366 nusquam
2276 4294 2412 4348 Acta
2474 4292 2849 4361 meminerint,
2898 4306 2952 4350 et
3006 4296 3277 4366 adjectum
3327 4313 3512 4371 postea

1943 4387 2241 4442 oratorium
2270 4384 2326 4439 S.
2360 4384 2589 4439 Andreae
2631 4387 2880 4455 apostolo
2930 4393 3325 4460 nuncupaverit
3386 4410 3516 4449 san-

1946 4490 2091 4546 ctus,
2117 4488 2335 4550 propter
2367 4477 2624 4547 reliquias
2648 4478 2768 4548 ejus
2809 4480 2935 4535 istic
2964 4482 3283 4550 collocatas,
3332 4487 3411 4542 ttti
3441 4488 3519 4543 di-

268 4567 340 4619 rit
368 4565 681 4634 Cajetanus,
719 4562 881 4632 hujus
910 4561 1085 4617 ultimi
1124 4560 1351 4629 Iosephi
1376 4561 1489 4616 sint
1512 4602 1528 4626 ,
1564 4576 1633 4615 an
1662 4559 1831 4630 aliqui
1872 4548 1913 4603 ί)
1942 4573 2084 4628 cum.
2110 4548 2257 4625 έιιιιυ,
2295 4571 2383 4625 εδ,

269 4653 500 4722 relinqui
528 4652 693 4722 priori
729 4653 983 4714 debeant,
1016 4667 1122 4705 non
1170 4658 1328 4705 vacat
1380 4666 1479 4706 nec
1508 4665 1688 4722 operte
1713 4666 1828 4721 prc-

268 4747 407 4800 tium
437 4754 517 4797 est
554 4744 844 4799 sollicitius
866 4744 1205 4799 examinare.

344 4836 431 4888 ll.
478 4833 660 4888 Placet
699 4835 917 4887 interim
970 4835 1264 4888 discrimen
1325 4848 1354 4886 a
1407 4831 1841 4903 Wangnereckio

269 4945 436 5001 supra
489 4932 764 4983 nominato
825 4930 1208 4999 designatum,
1251 4939 1309 4983 ut
1345 4931 1553 4985 scilicet
1603 4946 1842 4987 canones

270 5024 368 5087 illi,
400 5024 495 5093 qui
544 5026 747 5076 nudum
789 5020 1008 5091 Josephi
1061 5036 1257 5075 nomen
1301 5022 1592 5091 praeferunt
1637 5023 1841 5091 absque

269 5116 377 5168 alio
402 5114 581 5175 titulo,
618 5112 839 5182 Iosephi
889 5112 1051 5181 hujus
1081 5113 1250 5165 nostri
1284 5111 1429 5165 sint;
1465 5128 1625 5181 quem
1680 5112 1840 5166 etiam

272 5206 576 5275 intelligere
600 5205 812 5259 videtur
841 5202 949 5259 Leo
975 5204 1204 5257 Allatius
1224 5203 1279 5256 in
1309 5218 1406 5256 sua
1434 5204 1500 5257 de
1530 5202 1841 5257 Graecorum

268 5298 424 5353 libris
474 5298 873 5361 dissertatione,
933 5294 1155 5364 quando
1208 5292 1506 5363 Josephum
1576 5293 1841 5349 lllelodutn

270 5389 541 5445 nominat.
573 5389 842 5458 Episcopo
898 5386 1376 5442 Thess:tlonicensi
1428 5388 1684 5457 imputari
1717 5405 1843 5458 pos-

270 5490 400 5536 sunt
431 5481 522 5535 alii
571 5481 663 5550 qui
722 5481 980 5536 dicuntur
1010 5478 1104 5532 τοῦ
1140 5478 1310 5549 κυροῦ
1358 5479 1585 5549 Ἰωσὴφ,
1636 5481 1843 5537 domini

269 5572 491 5642 Iosephi
522 5589 537 5626 ε
575 5573 690 5627 haec
713 5573 859 5626 enim
896 5571 1120 5625 honoris
1155 5570 1446 5641 appellatio
1476 5571 1700 5627 denotat
1722 5589 1847 5643 gra-

272 5662 399 5718 dum
430 5665 669 5733 aliquem
705 5664 1149 5718 eminentiorem.
1202 5661 1465 5718 Fatentur
1518 5675 1699 5721 tamen
1732 5682 1842 5722 non

271 5755 343 5809 ita
400 5759 612 5833 firmam
665 5771 785 5810 eam
840 5757 1211 5825 conjecturam
1272 5756 1464 5822 videri,
1524 5757 1655 5827 quin
1692 5761 1841 5815 varia

277 5850 488 5920 possint
520 5857 710 5905 contra
745 5865 865 5904 eam
916 5850 1136 5920 opponi,
1181 5865 1303 5920 qua:
1336 5850 1651 5923 ambiguum
1691 5851 1841 5924 judi-

633 5941 878 6003 Pnnor.
930 5945 1044 6003 Gn.
1090 5943 1214 6006 CV.

2024 4663 2109 4716 li.
2146 4660 2266 4729 Quo
2288 4678 2434 4717 anno
2456 4663 2781 4720 Christianae
2808 4679 2929 4720 tera:
2949 4675 3002 4721 et
3028 4667 3204 4724 astatis
3237 4685 3350 4726 sua:
3380 4688 3519 4728 mor-

1949 4766 2079 4810 tuus
2112 4755 2314 4821 sithic,
2349 4756 2417 4812 de
2450 4772 2562 4826 quo
2620 4758 2856 4829 agimus,
2898 4757 3195 4830 Iosephus,
3244 4779 3514 4834 nusquam

1944 4848 2254 4916 exprimunt
2281 4847 2416 4902 Acta
2451 4865 2465 4904 :
2502 4857 2710 4902 tantum
2735 4864 2790 4903 η.
2822 4849 2888 4902 57
2915 4850 3191 4921 inquiunt,
3227 4853 3321 4909 diu
3354 4856 3508 4909 illurn

1946 4942 2000 4994 in
2034 4941 2143 4994 vita
2202 4941 2507 5006 duravisse,
2548 4949 2603 4995 et
2640 4950 2859 5010 propter
2890 4957 3079 5011 graves
3117 4946 3170 4997 in
3193 4960 3255 4999 ea
3303 4946 3516 5002 labores

1945 5034 2259 5087 diuturnum
2314 5032 2529 5086 censeri
2569 5032 2771 5086 debere
2805 5034 3137 5089 sustinuisse
3170 5039 3508 5107 martyrium.

1944 5123 2104 5178 Num.
2145 5132 2325 5177 autem
2356 5123 2425 5177 54
2446 5122 2715 5187 dixerant,
2768 5123 2914 5192 quod
2956 5122 3250 5181 Dominit-ae
3292 5126 3512 5184 Passio-

1950 5216 2035 5269 nis
2060 5230 2253 5285 magna
2284 5228 2348 5269 ac
2379 5214 2674 5268 venerabili
2705 5213 3006 5269 Parasceve
3046 5213 3302 5282 instante,
3350 5219 3517 5273 disci-

1947 5306 2131 5374 pulum
2165 5320 2361 5369 suum,
2408 5313 2462 5360 et
2508 5305 2752 5361 ecclesiae
2800 5307 3182 5375 possessiones
3235 5308 3287 5362 in
3331 5308 3515 5367 libelfo

1946 5395 2561 5465 descriptas‘ohtulerit
2619 5406 2673 5451 et
2728 5397 3126 5453 commendarit
3176 5396 3371 5455 Photio
3421 5416 3517 5469 pa—

1947 5486 2219 5549 triarchae,
2272 5487 2406 5541 nihil
2459 5486 2687 5541 ulterius
2719 5488 3031 5557 exprimens
3060 5507 3074 5543 :
3101 5504 3208 5557 quo
3244 5489 3387 5545 facto
3413 5491 3516 5544 im-

1947 5578 2240 5634 minentem
2264 5578 2368 5633 sibi
2392 5578 2595 5633 exitum
2623 5582 2985 5650 praesignasse
3007 5582 3367 5638 deelaraverit
3387 5599 3513 5639 mox

1948 5670 2421 5725 vehementissima
2476 5670 2668 5737 febris,
2720 5689 2842 5742 qua:
2883 5674 3057 5743 eidem
3086 5673 3273 5731 fecerit
3299 5676 3514 5733 vivendi

1942 5761 2131 5828 ,ftnem,
2161 5770 2216 5816 et
2246 5760 2530 5833 (quantum
2557 5778 2622 5819 ex
2654 5773 2919 5822 contextu
2953 5746 3135 5838 colligi
3165 5767 3349 5839 datur)
3376 5784 3513 5839 pau-

1946 5868 2133 5911 corum
2173 5855 2400 5913 omnino
2434 5853 2644 5913 dierum
2695 5856 2875 5915 fuerit.
2906 5859 3052 5915 Hinc
3076 5874 3240 5931 porro
3273 5862 3514 5923 animum

3084 5952 3163 6017 30
