3978 6600
487 399 596 463 939

1626 397 1687 457 S.
1730 396 2045 456 JOSEPIII
2080 392 2647 454 HYMNOGRAPHI
3603 412 3687 476 940

486 530 695 572 etrcum
722 523 955 596 agentes
979 527 1073 582 per
1116 519 1243 565 octo
1275 512 1397 565 illos
1435 526 1633 575 annos,
1687 526 1828 580 quos
1858 512 2067 580 Ignatio
2097 519 2140 575 Α
2171 511 2376 581 expulit
2403 528 2433 565 e
2466 511 2663 581 patria,
2704 523 2812 564 non
2872 508 3061 579 paucis
3103 508 3264 565 annis
3302 511 3515 579 priorem
3553 519 3688 583 fuisse

486 616 707 663 mortuo
738 604 965 659 Photius
1002 606 1056 657 in
1089 602 1458 672 patriarchatu
1514 601 1723 667 habuit,
1768 612 2064 672 antequam

487 713 632 753 anno
661 696 765 753 888
812 696 1074 765 dignitate
1126 694 1214 748 illa
1254 696 1597 764 privaretur;
1630 704 1683 749 et
1733 712 1938 750 annum
1979 712 2068 749 re-

486 788 786 857 quirentes,
845 786 935 853 qni
975 783 1316 838 Parasceven
1376 783 1650 847 habuerit,
1710 800 1888 855 neque
1942 796 2065 855 post

486 882 705 951 tertium
722 879 873 953 diem
902 878 1124 947 Aprilis,
1145 893 1254 946 quo
1282 888 1555 931 mortuum
1584 878 1858 934 credimus
1889 876 1947 933 S.
1974 877 2069 932 Jo-

487 973 750 1042 sephum;
813 985 987 1036 neque
1033 970 1239 1023 tamdiu
1304 979 1451 1032 ante,
1491 980 1547 1024 nt
1599 970 1741 1025 inter
1807 970 1980 1040 ipsam
2013 979 2068 1026 et

482 1068 625 1121 diem
654 1064 857 1119 mortis
887 1064 1151 1132 longiOris
1184 1066 1450 1134 temporis
1486 1066 1653 1118 statui
1686 1063 1912 1130 debeat;
1943 1064 2067 1116 nul-

484 1159 569 1213 Ius
607 1157 854 1212 occurrit
924 1157 1289 1226 opportunior
1339 1172 1541 1223 annus,
1597 1172 1761 1227 quam
1803 1156 1929 1219 885,
1972 1156 2066 1224 qui

481 1252 822 1309 Parasceven
853 1252 923 1307 29
964 1252 1141 1306 Martii
1192 1253 1402 1312 habuit.
1449 1261 1499 1305 et
1536 1260 1733 1320 quarta
1790 1253 1925 1307 feria
1963 1237 2065 1305 Pa;

482 1346 684 1402 sclmlis
703 1346 1054 1400 bebdomadaa
1075 1346 1218 1399 diem
1236 1346 1270 1399 5
1289 1346 1511 1415 Aprilis.
1536 1344 1693 1408 Nam,
1716 1346 1761 1401 si
1794 1360 1940 1399 anno
1959 1346 2066 1402 880

482 1448 733 1492 mortuus
772 1445 920 1491 esset
977 1435 1272 1507 Josephus,
1325 1446 1574 1491 mortuus
1620 1446 1768 1491 esset
1794 1437 1914 1506 ipso
1965 1437 2055 1491 die

480 1529 744 1592 Pasclne;
779 1529 940 1583 talem
990 1540 1173 1583 autem
1228 1540 1447 1599 tamque
1498 1529 1791 1583 notabilem
1827 1529 2067 1584 festivis-

481 1622 636 1675 simze
691 1620 796 1675 diei
856 1621 1364 1684 circumstantiam,
1408 1636 1777 1692 nequaquam,
1836 1622 1881 1676 si
1934 1637 2059 1677 vera

479 1714 695 1777 fuisset,
729 1715 1008 1769 omisisset
1038 1715 1347 1783 exprimere
1378 1724 1571 1769 auctor
1602 1713 1759 1768 Viue.

548 1804 633 1860 13.
673 1802 809 1859 Hinc
840 1820 1003 1874 porro
1040 1805 1108 1858 de
1160 1811 1320 1858 actate
1352 1804 1660 1871 coniectare
1692 1805 1892 1873 possis,
1928 1819 2054 1859 eum

474 1900 567 1968 qni
599 1898 781 1953 Leone
813 1899 1056 1953 Armeno
1088 1887 1521 1967 persecutionem
1552 1898 1868 1968 incipiente,
1900 1898 1950 1952 id
1977 1907 2064 1953 est

474 2006 622 2045 anno
644 2005 767 2045 agree
796 1990 1036 2060 vulgaris
1070 1991 1172 2045 8M
1196 1990 1308 2059 jam
1336 1991 1619 2061 presbyter
1651 1990 1918 2056 initiatus,
1951 1989 2060 2044 Ro-

474 2098 650 2138 mante
682 2084 937 2153 legationi
965 2083 1315 2153 indicabatur
1349 2084 1598 2150 idoneus,
1629 2093 1791 2153 atque
1828 2083 1965 2138 adeo
2001 2091 2062 2139 ut

475 2172 761 2226 minimum
786 2171 1113 2227 tricenarius
1144 2181 1282 2235 erat,
1313 2173 1454 2227 haud
1489 2173 1717 2228 multum
1753 2171 1994 2227 abfuisse
2026 2188 2056 2227 a

471 2264 806 2331 centenario,
837 2265 1056 2334 quando
1078 2281 1107 2317 a
1128 2265 1340 2319 mortali
1367 2266 1468 2318 hac
1488 2265 1595 2318 vita
1626 2263 1693 2318 ad
1719 2264 2058 2321 immortales

477 2355 720 2426 Superos
776 2356 1012 2410 transiit.
1077 2354 1274 2410 Eadem
1334 2357 1545 2411 ratione
1606 2356 1835 2428 intelligi
1892 2356 2056 2412 datur

477 2448 624 2501 illam
662 2446 1024 2502 Barbarorum
1086 2448 1455 2503 incursionem
1518 2448 1571 2502 in
1633 2446 1897 2514 Siciliam,
1932 2464 2054 2520 qua:

472 2538 767 2609 Josephum
805 2556 929 2595 cum
954 2551 1126 2596 matre
1153 2540 1521 2612 fratribusque
1544 2542 1596 2596 iu
1615 2541 2048 2612 Peloponnesum

2172 602 2419 657 luctuoso
2478 602 2570 656 illo
2610 611 2874 671 tempore,
2946 614 3057 670 quo
3110 607 3232 669 post
3280 598 3465 658 Leonis
3507 607 3688 671 Armeni

2168 695 2392 760 (aedem,
2430 713 2448 745 ι
2482 692 2743 748 Michaele
2770 692 3035 748 adversus
3071 690 3321 748 rebellem
3353 691 3590 754 Thomam
3618 718 3690 758 oc.

2169 797 2388 856 cupato,
2437 797 2491 841 et
2519 801 2737 841 omnem
2794 786 2957 841 aliam
3005 801 3196 842 curam
3231 787 3355 841 huic
3400 790 3542 846 unice
3569 806 3691 863 post.

2172 886 2428 946 ponente,
2452 877 2635 943 Creta,
2661 877 2849 932 Sicilia
2876 886 2929 932 et
2955 876 3145 931 insula
3167 875 3422 946 Cyclades
3440 895 3468 933 a
3490 879 3694 939 Ruinam)

2172 969 2399 1038 imperio
2432 970 2677 1024 tescissa:
2701 977 2829 1023 sunt
2856 1009 2869 1034 ,
2910 987 2928 1021 ι
2958 977 3015 1023 ut
3042 968 3232 1023 scribit
3261 967 3366 1022 Leo
3412 969 3694 1029 Granunazi-

2171 1077 2293 1117 cus.
2324 1061 2527 1130 Nempe
2559 1060 2779 1116 Barbari
2816 1062 2913 1127 illi,
2962 1061 3212 1132 piraticis
3258 1064 3560 1119 excursibus
3587 1082 3697 1135 prm-

2170 1154 2268 1207 das
2300 1162 2426 1207 ante
2451 1153 2501 1207 id
2535 1164 2748 1225 tempus
2776 1154 3017 1209 contenti
3052 1168 3235 1224 agere,
3280 1163 3405 1208 tunc
3448 1158 3594 1211 etiam
3621 1162 3695 1212 fir-

2171 1261 2288 1299 mas
2322 1260 2462 1299 novo
2492 1245 2794 1299 dontinatni
2826 1243 2981 1301 sedes
3011 1245 3065 1298 in
3116 1244 3308 1299 iisdem
3338 1245 3521 1300 insulis
3546 1248 3698 1316 acqui-

2171 1338 2334 1392 siere.
2380 1336 2535 1403 Quod
2600 1346 2779 1391 autem
2818 1336 3122 1392 Barbariem
3154 1337 3315 1392 etiam
3363 1352 3515 1392 naves
3561 1338 3700 1395 fuisse

2168 1433 2447 1492 dicantur.
2486 1446 2604 1498 qua:
2635 1431 2752 1484 vela
2782 1426 3009 1484 Romam
3047 1428 3294 1485 facientis
3324 1445 3530 1484 cursum
3556 1430 3699 1486 inter-

2167 1525 2349 1581 cidere
2396 1534 2450 1579 et
2477 1524 2751 1594 captivum
2778 1523 2832 1578 in
2868 1523 3087 1578 Cretam
3140 1537 3369 1578 avexere
3394 1520 3699 1593 Josepltum;

2168 1618 2219 1672 id
2274 1618 2345 1672 ita
2385 1619 2686 1687 actipimus
2739 1624 2798 1670 ut
2836 1632 2958 1671 eam
2998 1614 3235 1670 insulam
3295 1628 3400 1671 non
3435 1616 3541 1684 jam
3594 1629 3703 1673 tunc

2168 1711 2441 1764 tenuerint
2488 1709 2736 1775 Barbari,
2776 1708 2869 1763 sed
2904 1716 2962 1763 ut
3011 1722 3043 1762 a
3079 1706 3281 1763 Leonis
3313 1707 3524 1762 Armeni
3571 1708 3704 1764 mini~

2166 1803 2294 1857 stris
2317 1802 2571 1855 conducti
2604 1801 2669 1856 ad
2702 1800 2885 1856 scelus
2916 1800 3123 1870 piratae,
3162 1797 3422 1870 profugos
3461 1798 3698 1855 Constan-

2166 1894 2397 1965 tinopoli
2444 1908 2725 1948 sacrarum
2783 1892 3025 1949 cultores
3088 1891 3387 1961 imaginum
3428 1892 3703 1946 curaverint

2171 1991 2448 2043 retrahere
2476 1989 2528 2041 in
2568 2003 2762 2042 manus
2818 1975 3342 2052 lconomachorum’;
3375 1984 3703 2055 etlosephum

2168 2081 2491 2135 nominatim
2525 2079 2859 2134 intenderint
2886 2079 3369 2150 comprehendere,
3432 2094 3583 2148 quem
3613 2077 3702 2131 Ro-

2170 2186 2311 2225 mam
2349 2169 2584 2239 legatum
2626 2169 2907 2238 navigare,
2970 2184 3078 2223 non
3113 2168 3294 2238 potuit
3348 2167 3560 2223 omnino
3588 2166 3704 2221 clam

2166 2262 2351 2317 haberi
2383 2280 2397 2317 :
2424 2276 2491 2318 ex
2526 2262 2678 2316 Actis
2708 2262 2856 2316 enim
2892 2261 3182 2318 manifeste
3214 2269 3451 2327 constat,
3492 2275 3592 2315 non
3621 2258 3703 2315 Sa-

2164 2370 2416 2420 racenos,
2456 2355 2551 2411 sed
2581 2352 3182 2419 lconomachoslnisse,
3210 2354 3263 2408 in
3292 2368 3518 2424 quorum
3549 2362 3705 2409 custo-

2161 2450 2249 2505 dia
2266 2448 2518 2505 detentus
2541 2448 2631 2505 ille
2653 2448 2797 2519 apud
2836 2446 3057 2503 Cretam
3106 2457 3192 2504 est
3248 2456 3363 2502 toto
3410 2445 3515 2502 fere
3541 2457 3705 2502 sexcu-

2159 2543 2272 2598 nio.

1754 2918 2446 3039 ΙΩΑΝΝΟΥ

976 3133 1327 3188 ΔΙΑΚΟΝΟΥ
1369 3133 1504 3189 ΤΗΣ
1543 3134 1680 3190 ΤΟΥ
1716 3133 1900 3190 ΘΕΟΥ
1938 3134 2271 3192 ΜΕΓΑΔΗΣ
2312 3134 2714 3191 ΕΚΚΑΗΣΙΑΣ
2754 3133 2872 3191 ΚΛΙ
2914 3135 3230 3192 ΡΗΤΟΡΟΣ

1995 3288 2194 3349 ΛΟΓΟΣ

539 3483 713 3571 ΕΙΣ
785 3483 1010 3572 TON
1092 3424 1351 3570 BlON
1426 3483 1655 3571 ΤΟΥ
1728 3483 1877 3569 EN
1951 3483 2053 3570 Α]

2161 3482 2320 3570 DIE
2395 3484 2831 3571 ΠΑΤΡΟΣ
2907 3484 3237 3575 ΗΜΩΝ
3316 3481 3641 3571 ΙΩΣΗΦ

1759 3667 1897 3723 ΤΟΥ
1935 3667 2435 3725 ΥΜΝΟΙῬΔΦΟΥ.

1792 4002 2253 4119 JOANN
2268 4001 2396 4117 IS

1139 4233 1447 4295 MAGN/E
1491 4233 1623 4294 DEI
1673 4229 2076 4293 ECCLESUE
2118 4226 2451 4293 DIACONI
2496 4228 2600 4290 ΕΤ
2648 4226 3054 4291 ORATORIS

1986 4390 2201 4441 SERMO

710 4582 835 4670 ΙΝ
930 4506 1307 4672 νιΤΑΜ
1383 4580 1476 4668 S.
1558 4580 1662 4667 P.
1746 4577 1864 4667 Ν.
1944 4575 2053 4669 JC

2164 4576 2446 4664 EPHI
2532 4572 3476 4666 HYMNOGBAPHI.

957 4771 1052 4837 (Ex
1078 4786 1170 4823 ms.
1198 4773 1371 4823 codice
1397 4770 1628 4821 biblioth.
1652 4769 1836 4832 Vatis,
1860 4768 2042 4819 collato
2065 4782 2178 4818 cum
2216 4781 2305 4817 ms.
2337 4766 2503 4817 Siculo
2526 4768 2816 4817 monasterii
2843 4767 2896 4817 S.
2924 4768 3234 4831 Salvatoris.)

1520 4919 1793 4979 Interprete
1820 4913 2063 4965 Ludovico
2107 4912 2402 4972 Mart-acria,
2431 4912 2650 4965 Lucensi.

532 5220 582 5277 Ι.
603 5217 798 5275 Omnis
813 5219 1029 5290 quidem
1067 5219 1309 5274 virorum
1337 5219 1538 5273 virtute
1556 5217 1905 5288 praeditorum
1930 5219 2037 5273 vita

2218 5226 2287 5274 α’.
2321 5221 2432 5274 Καὶ
2462 5219 2609 5282 ἄπας
2631 5219 2730 5290 μὲν
2765 5217 2880 5290 βίος
2911 5218 3024 5273 τῶν
3065 5220 3358 5290 ἐναρέτων,
3390 5220 3488 5293 τὴν
3515 5217 3702 5291 ἐρῶσαν

453 5312 699 5368 animum
732 5310 947 5365 virtutis
971 5322 1244 5365 amantem
1305 5310 1371 5364 ad
1412 5308 1768 5364 imitationem
1813 5308 2026 5375 invitat,

451 5414 506 5463 et
522 5403 826 5460 honestatis
859 5403 1093 5458 amicum
1143 5403 1209 5457 ad
1244 5418 1362 5457 eam
1390 5417 1488 5472 pro
1529 5402 1738 5458 viribus
1766 5403 2029 5458 aemulan-

453 5500 577 5554 dam
597 5496 875 5566 compellit
905 5516 918 5552 :
950 5497 996 5552 si
1034 5511 1163 5551 vero
1193 5495 1356 5550 etiam
1380 5508 1561 5550 sermo
1590 5483 1756 5548 vitam
1779 5504 2025 5557 exornet.

451 5603 505 5646 et
544 5592 844 5661 practicum
867 5605 993 5645 cum
1042 5589 1381 5660 speculativo
1427 5588 1842 5659 intelligibiliter
1894 5604 2028 5645 con-

454 5685 656 5749 veniat,
685 5682 1034 5753 perfectionis
1063 5682 1371 5738 studiosum
1408 5698 1505 5753 per
1543 5683 1658 5739 haec
1684 5682 1795 5738 duo
1826 5682 2027 5738 excitat

449 5773 518 5827 ad
576 5774 885 5829 sedulitatis
935 5772 1345 5843 expressionem
1394 5788 1411 5825 :

447 5862 561 5920 vita
587 5864 705 5920 sola
740 5864 840 5931 illi,
868 5864 961 5935 qui
990 5862 1162 5919 currit
1201 5863 1268 5919 ad
1316 5877 1544 5933 scopum
1585 5876 1835 5937 superum
1866 5877 2023 5922 voca-

2139 5313 2319 5383 ψυχὴν
2352 5313 2552 5384 ἀρετῆς
2589 5310 2723 5383 πρὸς
2750 5311 2982 5383 μίμησιν
3012 5312 3348 5379 ἐκκαλεῖται,
3407 5314 3501 5367 καὶ
3530 5305 3702 5380 ζηλοῦν

2139 5404 2440 5472 ἀναγκάζει
2472 5403 2611 5456 κατὰ
2630 5402 2860 5471 δύναμιν
2886 5402 2974 5455 τδν
3006 5403 3322 5471 φιλόκαλονο
3355 5405 3405 5457 εἰ
3429 5404 3485 5456 δὲ
3513 5402 3602 5455 καὶ
3629 5397 3703 5450 λό-

2139 5511 2234 5564 γος
2258 5495 2350 5548 τὸν
2387 5494 2499 5564 βίον
2535 5492 2789 5546 καλλύνει
2812 5534 2825 5558 ,
2850 5492 3029 5546 καὶτὸ
3062 5494 3372 5563 πρακτικὸν
3410 5492 3486 5562 τῷ
3515 5490 3702 5557 Θεωρησ

2138 5587 2275 5659 τικῷ
2303 5604 2388 5641 νοε
2399 5586 2506 5659 ρῶς
2534 5584 2886 5651 συνδυάζεται
2905 5587 2995 5640 τὸν
3015 5587 3343 5658 ὀρεγόμενον
3364 5584 3698 5651 τελειότητοςο

2137 5681 2207 5734 δι’
2230 5681 2519 5753 ἀμφότερα,
2540 5680 2714 5734 ταῦτα
2734 5680 3020 5752 διερεθιζει
3041 5682 3176 5753 πρὸς
3199 5680 3296 5753 τὴν
3315 5680 3418 5749 τῆς
3440 5673 3700 5747 ἀκριϐείας

1478 5787 1792 5842 quanquam
1854 5772 2021 5828 etiam

2162 5772 2461 5830 κτύπωσιν.
2497 5773 2691 5827 Καίτοι
2721 5790 2785 5842 γε
2812 5772 2907 5827 καὶ
2944 5772 3058 5843 βίος
3092 5773 3255 5844 μόνος
3276 5772 3441 5843 ἀρκεῖ
3468 5770 3543 5840 τῷ
3576 5765 3698 5821 κατὰ

2133 5865 2333 5922 σκοπὸν
2382 5867 2481 5937 τῆς
2530 5867 2641 5923 ᾶνω
2690 5864 2932 5938 κλήσεως
2982 5866 3262 5937 τρέχοντι,
3299 5863 3400 5938 τὴν
3439 5856 3699 5929 βασιλείαν
