3978 6580
334 431 438 493 941

1872 428 2067 487 VITA.

3478 438 3583 501 942

334 548 445 602 τῶν
467 545 714 618 οὐρανῶν
767 543 1094 615 προξενῆσαι
1154 544 1247 597 καὶ
1274 543 1368 615 τὴν
1399 543 1465 597 δι’
1501 543 1694 607 αἰῶνος
1733 559 1907 613 μακα-

2026 542 2201 606 tionis,
2246 543 2466 598 caeleste
2509 540 2738 615 regnum
2790 557 2955 616 atque
3011 558 3268 605 atternam
3308 552 3570 613 beatitudi

336 639 578 711 ριότητα.
614 637 688 690 Ού
725 637 830 707 μὴν
858 636 993 689 ἀλλά
1018 637 1111 689 καὶ
1146 636 1301 702 λόγος
1325 634 1404 706 τῷ
1434 636 1535 706 βίῳ
1567 634 1910 705 συνημμένος

333 729 696 801 κατάλληλος,
729 728 900 783 Λυδία
928 728 1075 791 λίθος
1108 729 1300 796 ὁρᾶται
1334 727 1402 780 τὰ
1443 726 1552 780 τῶν
1601 727 1776 782 ἀλλων
1804 725 1909 795 ήθη

338 822 644 892 βασανίζων
671 820 875 883 καλῶς,
905 818 996 871 καὶ
1015 818 1102 871 διὰ
1122 818 1222 888 τῆς
1245 817 1462 886 χάριτος
1488 818 1579 871 τὸν
1601 816 1747 885 αὐτῷ
1776 821 1915 886 μετὰ

334 913 543 984 τρόπον
591 912 987 982 κοσμούμενον,
1023 910 1205 963 κοινὸν
1254 909 1530 980 προτιθεὶς
1578 912 1690 966 τοῖς
1732 909 1910 979 βουλο·

340 1007 523 1075 μένοις
556 1005 880 1075 ἀρχέτυπον.
907 1003 1158 1056 Τοιοῦτον
1187 997 1305 1055 οῖδα
1330 1003 1425 1056 καὶ
1467 1002 1689 1071 Ἰωσὴφ,
1718 1002 1810 1055 τὸν
1856 1002 1912 1055 ὲν

336 1099 520 1160 πόνοις
555 1096 656 1161 μὲν
684 1096 1084 1163 γενναιότατον,
1108 1097 1166 1148 ὲν
1185 1095 1231 1148 δ’
1256 1095 1479 1165 ἀρεταῖς
1507 1093 1909 1165 ἀπαράμιλλον,

335 1188 415 1258 τῷ
445 1188 500 1240 δὲ
534 1187 775 1258 περιόντι
814 1186 904 1240 τοῦ
933 1186 1092 1255 λόγου
1122 1188 1232 1251 τοῖς
1262 1185 1526 1240 ἀνέκαθεν
1555 1186 1753 1253 ἁγίοις,
1771 1186 1912 1239 κατά

334 1278 435 1347 τὴν
461 1276 754 1347 δεδομένην
793 1275 943 1345 παρά
971 1275 1064 1328 τοῦ
1094 1274 1413 1346 Πνεύματος
1445 1274 1675 1346 δύναμιν
1696 1316 1712 1340 ,
1784 1276 1910 1346 μελο

336 1368 569 1439 ῳδικοὺς
602 1369 630 1421 ὑ
639 1384 813 1438 μνητη
822 1368 970 1439 ρίους
999 1367 1487 1439 ἐμπαρενείροντα.

410 1627 475 1700 β’.
509 1627 708 1681 Τοῦτον
750 1627 859 1680 ἔδει
890 1628 964 1697 μὴ
1003 1628 1385 1699 παραδραμεῖν
1427 1628 1519 1682 τὸν
1546 1630 1787 1699 ἐραστὴν
1819 1630 1911 1687 τοῦ

335 1719 536 1788 λόγου,
590 1719 683 1771 καὶ
724 1718 784 1770 τὸ
830 1718 1017 1787 περιόν
1066 1718 1168 1788 τῆς
1215 1718 1415 1789 ἀρετῆς
1461 1718 1911 1789 δυσωπούμενον,

336 1812 449 1864 ἀλλ’
483 1810 512 1863 ὃ
562 1812 765 1874 ἐκεῖνος
812 1811 868 1862 ὲν
900 1809 1076 1873 ἄλλοις
1116 1809 1328 1873 πολλοῖς
1372 1811 1720 1876 ὲκτετέλεκε,
1757 1812 1915 1866 τοῦτο

2017 649 2136 690 nem
2178 635 2509 691 sufﬁcienter
2534 639 2791 707 acquirit.
2827 638 3209 697 Verumtamen
3246 660 3428 701 sermo
3453 664 3593 720 quo-

2016 735 2331 796 quemutno
2360 741 2498 782 nexu
2531 731 2656 783 vitae
2689 732 3037 800 conjunctus,
3073 734 3243 807 Lydio
3276 738 3444 807 lapidi
3471 757 3592 812 per-

2016 821 2213 874 similis
2240 830 2323 874 est
2361 839 2373 874 :
2413 838 2536 875 nam
2575 824 2806 877 aliorum
2839 826 3129 895 qualitates
3174 830 3377 898 optime
3408 835 3595 902 probat

2016 926 2080 964 ac
2127 926 2324 977 mores,
2358 922 2411 965 et
2470 923 2753 981 propterea
2812 917 2999 985 gratiae
3063 918 3231 983 illius,
3293 938 3414 991 quae
3468 941 3591 980 cum

2016 1013 2158 1057 certa
2188 1004 2403 1057 ratione
2447 1001 2501 1057 in
2537 1020 2604 1059 eo
2637 1006 2904 1076 refulget,
2961 1010 3313 1082 archetypum
3350 1029 3595 1072 commu-

2017 1112 2137 1149 nem
2167 1097 2477 1151 volentibus
2504 1100 2774 1168 proponit.
2802 1099 2991 1157 Talem
3048 1104 3258 1160 allirmo
3300 1106 3474 1163 fuisse
3501 1108 3596 1163 Jo-

2016 1188 2268 1257 sephum,
2301 1189 2354 1241 in
2390 1189 2670 1246 laboribus
2695 1195 3201 1262 generosissimum,
3233 1196 3284 1250 in
3305 1199 3598 1256 virtutibus

2017 1278 2460 1347 insuperabilem,
2517 1281 2605 1347 qui
2663 1282 3018 1339 suavissimas
3048 1287 3359 1349 cautiones,
3404 1304 3587 1343 secune

2014 1368 2142 1423 dum
2185 1370 2496 1425 facultatem
2536 1373 2639 1427 sibi
2697 1389 2727 1427 a
2769 1374 2975 1444 Spiritu
3018 1388 3209 1433 sancto
3240 1382 3520 1452 tributam,
3545 1384 3597 1439 in

2015 1460 2281 1513 honorem
2334 1463 2756 1529 praecedentium
2818 1476 3135 1523 sanctorum
3197 1487 3264 1526 ex
3328 1477 3599 1533 sermonis

2014 1551 2170 1619 copia
2203 1564 2255 1606 et
2288 1553 2532 1608 ubertate
2559 1558 2889 1625 composuit.

2084 1645 2136 1696 2.
2200 1640 2356 1698 Hunc
2417 1645 2641 1700 minime
2697 1647 2920 1705 decebat
2994 1653 3273 1722 prmterire
3328 1656 3602 1715 sermonis

2017 1746 2342 1802 amatorem,
2373 1737 2589 1795 etiamsi
2639 1741 2910 1810 quiSpiam
2961 1744 3031 1799 ob
3060 1746 3279 1803 virtutis
3318 1747 3601 1804 abundan-

2021 1831 2149 1881 tiam
2184 1829 2452 1885 confusus
2493 1832 2726 1887 haereret
2768 1850 2784 1887 :
2836 1834 2932 1890 sed
2982 1837 3126 1906 quod
3177 1838 3268 1893 ille
3311 1839 3366 1894 in
3414 1840 3602 1898 multis

336 1906 555 1968 πάντως
582 1902 765 1956 λαϐεῖν
799 1902 949 1971 παρά
975 1901 1073 1971 τῆς
1098 1900 1254 1972 ἡμῶν
1283 1903 1687 1972 ταπεινότητος.
1721 1904 1783 1957 Ei
1808 1904 1917 1974 γάρ

2026 1921 2140 1976 aliis
2196 1921 2326 1976 fecit
2361 1962 2376 1987 ,
2419 1923 2523 1978 hoc
2577 1925 2803 1980 omnino
2862 1929 3221 1984 conveniebat
3264 1931 3514 1987 eumdem
3562 1947 3603 2009 pa

284 2041 289 2047 .
335 1998 431 2050 καὶ
464 1997 560 2065 οὑχ
608 1995 805 2065 ὡραῖος
855 1992 1041 2063 ὕμνος,
1075 1996 1218 2046 κατά
1257 1992 1348 2047 τὸν
1392 1993 1805 2063 Ὑμνογράερον,
1854 1998 1913 2050 ὲν

339 2089 573 2159 στόματι
603 2087 696 2140 τοῦ
725 2085 1054 2157 ἀμαρτωλοῦ
1076 2128 1090 2149 ,
1123 2084 1264 2154 πλὴν
1296 2084 1409 2138 ἀλλ’
1449 2088 1482 2157 ή
1512 2086 1791 2159 προθυμία
1821 2090 1914 2141 καὶ

332 2182 396 2235 τὸ
426 2175 546 2246 ζέον
578 2181 674 2250 τῆς
710 2178 1003 2238 διαθέσεως
1036 2177 1178 2243 ἕλξει
1211 2176 1303 2229 τὸν
1333 2178 1748 2249 εύιρημούμενον
1778 2182 1914 2251 πρὸς

334 2277 396 2329 τὸ
418 2274 487 2328 τά
519 2274 640 2327 λιτά
674 2271 842 2326 ταῦτα
871 2274 966 2325 καὶ
996 2271 1229 2340 πενιχρά
1250 2270 1690 2342 παραδέξασθαι·
1720 2273 1779 2325 ού
1808 2274 1915 2344 γὰρ

334 2365 397 2418 τὸ
437 2360 552 2418 ἴσον
595 2363 944 2432 ἀντιζητήσει
991 2363 1143 2429 παρά
1180 2361 1277 2431 τῆς
1331 2360 1490 2431 ἡμῶν
1529 2360 1911 2433 ούθενότητοςο

333 2450 418 2519 οἷς
452 2456 562 2526 γὰρ
592 2454 731 2508 κατὰ
761 2453 859 2524 τὴν
889 2453 1180 2522 ἀναλογίαν
1216 2453 1265 2506 οἱ
1298 2451 1404 2521 βίοι
1454 2453 1595 2506 κατά
1626 2453 1917 2527 διάμετρον

334 2548 715 2617 ἀφεστήκασι,
744 2544 950 2609 τούτοις
977 2546 1256 2614 ἀναλόγως
1282 2547 1376 2599 καὶ
1412 2547 1439 2599 ό
1471 2546 1627 2614 λόγος
1657 2550 1917 2619 ἀποσχοι-

336 2639 567 2702 νὶζεται.
600 2639 831 2708 Λαλήσω
860 2637 990 2705 γοῦν
1022 2639 1172 2706 παρὰ
1199 2638 1360 2708 μέλος
1394 2638 1470 2708 τῷ
1500 2642 1566 2693 τὰ
1595 2640 1706 2694 τῶν
1740 2642 1918 2696 ἄλλων

336 2730 594 2802 ἐμμελῶς
626 2730 1011 2802 μελῳδήσαντι·
1050 2731 1076 2782 ὁ
1111 2729 1168 2783 δὲ
1197 2731 1296 2800 τὴν
1327 2732 1445 2799 ἴσην
1468 2732 1625 2803 χάριν
1656 2733 1809 2796 εἰδὼς
1843 2736 1918 2805 μὴ

337 2818 620 2893 παροῦσαν
651 2817 727 2889 τῷ
759 2819 1051 2887 γράψαντι,
1099 2819 1313 2889 γυμνὴν
1353 2822 1449 2890 τὴν
1481 2822 1791 2892 προθυμίαν
1821 2825 1918 2893 τῆς

335 2911 560 2983 χάριτος
631 2908 985 2975 ἀποδέξεται’
1036 2910 1156 2961 ἐπεὶ
1201 2909 1335 2980 μηδὲ
1392 2911 1469 2980 τῷ
1499 2912 1593 2964 τοῦ
1629 2913 1918 2983 προσώπου

336 3003 532 3064 κάλλος
562 3003 756 3072 κομιδῇ
778 3001 885 3054 ἀπὸ
909 3001 1006 3073 τῆς
1028 3002 1243 3069 φύσεως
1267 3002 1442 3074 ἔχοντι
1473 3007 1919 3074 περισπούδαστα

335 3094 407 3146 τὰ
453 3093 650 3159 ἔξωθεν
699 3092 1101 3161 ὲπιτρίμματα.
1157 3089 1477 3145 Τούναντίον
1533 3095 1629 3163 μὲν
1684 3094 1777 3148 οὖν
1825 3099 1920 3151 καὶ

336 3186 691 3254 καταχραίνοι
725 3184 784 3236 τὸ
828 3182 1214 3253 ώραιόμορφον
1259 3184 1287 3235 ὁ
1331 3185 1768 3255 περιστιμμίζων
1806 3191 1918 3252 τοῖς

335 3276 608 3347 χρώμασι.

2021 2017 2210 2065 nostra
2246 2012 2554 2066 humilitate
2586 2017 2848 2083 recipere.
2884 2014 3034 2072 Licet
3060 2020 3203 2071 enim
3230 2018 3385 2089 juxta
3433 2019 3604 2092 Hym-

2017 2106 2277 2175 nOgraphi
2312 2105 2542 2171 dictum,
2568 2123 2671 2163 non
2700 2109 2771 2164 sit
2824 2110 3070 2180 speciosa
3108 2113 3226 2169 laus
3265 2114 3318 2168 in
3354 2129 3452 2170 ore
3472 2130 3603 2186 pec-

2016 2195 2239 2259 catoris,
2295 2189 2533 2251 attamen
2569 2207 2854 2268 promptus
2904 2200 3193 2271 alacerque
3245 2203 3494 2271 animus,
3548 2212 3605 2265 et

2019 2284 2234 2341 fervens
2277 2287 2509 2344 allectus
2544 2289 2745 2344 alliciet
2784 2306 2906 2345 cum
2934 2330 2949 2357 ,
3010 2293 3100 2363 qui
3153 2294 3408 2353 laudibus
3460 2296 3605 2352 cele-

2018 2376 2204 2432 bratur
2233 2381 2298 2433 ad
2337 2382 2454 2435 iure
2484 2391 2672 2437 nostra
2718 2383 2910 2453 exigua
2941 2385 3178 2456 viliaque
3226 2390 3599 2459 suscipienda.

2019 2468 2136 2525 Non
2164 2473 2308 2527 enim
2334 2474 2482 2540 paria
2504 2476 2683 2545 exiget
2711 2492 2741 2529 a
2770 2484 2953 2531 nostra
2979 2478 3350 2537 imbecillitate
3371 2485 3599 2548 ;ctenim

2018 2565 2587 2636 eadempmportione
2618 2569 2776 2623 debet
2822 2571 3054 2639 singulis
3102 2588 3284 2629 sermo
3321 2576 3486 2632 dividi
3538 2593 3603 2634 ac

2019 2653 2299 2721 distribui,
2331 2673 2436 2726 qua
2468 2674 2656 2713 eorum
2686 2660 2790 2714 vita
2832 2677 2927 2730 per
2948 2664 3279 2719 diametrum
3309 2667 3492 2723 dill‘ert
3538 2684 3603 2724 ac

2021 2759 2329 2815 separatur.
2391 2748 2606 2819 Loquar
2666 2751 2828 2820 igitur
2876 2755 3207 2813 inconcinne
3245 2757 3315 2813 de
3368 2774 3459 2825 eo,
3509 2763 3603 2831 qui

2019 2840 2251 2892 aliorum
2301 2840 2440 2896 facta
2487 2843 2817 2898 suavissimo
2854 2858 3027 2899 metro
3056 2850 3387 2917 composuit.
3430 2850 3604 2907 Porro

2021 2931 2108 2985 ille
2163 2932 2305 2987 idem
2335 2974 2349 2998 ,
2399 2936 2489 3003 qui
2526 2940 2675 2990 novit
2737 2951 2844 2990 non
2895 2939 3157 3019 :eqpalem
3194 2942 3426 3010 gratiam
3463 2944 3601 2999 mihi

2024 3020 2287 3077 si-ribenti
2323 3026 2513 3078 adesse
2541 3033 2704 3095 atque
2734 3026 2837 3095 ipsi
2878 3031 3087 3094 aderat,
3156 3032 3357 3086 nudam
3418 3035 3603 3103 gratia:

2022 3112 2507 3180 promptitudiuem
2544 3124 2711 3184 atque
2745 3118 2981 3171 alacrem
3011 3118 3264 3175 affectum
3297 3124 3556 3195 suscipiet
3585 3144 3602 3182 :

2024 3203 2467 3273 quandoquidem
2498 3220 2675 3275 neque
2704 3208 2815 3271 ille,
2852 3208 2946 3276 qui
2981 3225 3008 3263 a
3040 3221 3233 3266 natura
3266 3217 3450 3269 vultus
3483 3218 3603 3286 pul-

2018 3291 2383 3347 chritudinem
2422 3296 2665 3364 possidet
2689 3298 3105 3364 eximiam,non
3158 3302 3212 3357 in
3271 3307 3602 3365 extrinsecis

336 3372 722 3441 ελροιίιηθιιῑίε
769 3379 934 3438 aulth
1011 3370 1403 3425 am'icalllmllis
1483 3371 1695 3426 laborat
1750 3392 1765 3431 :
1812 3378 1904 3447 qni
1946 3398 2079 3439 vero
2140 3390 2394 3461 opposito
2433 3391 2596 3446 modo
2638 3381 2710 3447 se'
2737 3394 2917 3459 habet,
2980 3394 3168 3452 formae
3200 3397 3452 3456 decorem
3503 3419 3601 3476 ap-

337 3472 538 3539 pingit,
585 3476 643 3523 et
680 3466 1195 3536 circumpositorum
1252 3467 1498 3523 Colorum
1556 3468 1701 3524 fucat
1749 3482 2106 3537 ornamentis.

412 3557 482 3627 γ’.
512 3558 774 3627 Θεοφάνει
801 3559 903 3629 μὲν
932 3554 1023 3611 οὖν
1048 3575 1155 3611 τινι
1175 3598 1189 3626 ,
1223 3558 1317 3612 τοῦ
1344 3562 1491 3631 ἱεροῦ
1526 3565 1923 3638 πρεσϐυτερίου

337 3650 628 3721 ὴξιωμένῳ
658 3652 751 3703 καὶ
779 3651 858 3721 τῷ
886 3651 1174 3722 καταλόγῳ
1207 3652 1572 3726 ἠριθμημένῳ
1611 3659 1721 3711 τῶν
1755 3678 1922 3730 μονα-

337 3747 473 3815 χῶν,
503 3746 531 3797 ὁ
562 3743 677 3814 βίος
719 3744 871 3800 τοῦδε
908 3744 1001 3797 τοῦ
1040 3746 1312 3819 μακαρίου
1350 3750 1653 3818 πεπόνηται
1676 3769 1691 3783 ο
1722 3755 1781 3807 ού
1815 3756 1921 3827 μὴν

338 3836 477 3889 ἀλλὰ
513 3835 863 3907 παρέδραμεν
902 3835 1091 3889 τοῦτον
1126 3837 1335 3902 πολλὰ,
1371 3840 1452 3892 ὅτι
1497 3842 1639 3896 κατά
1685 3846 1922 3914 σπουδὴν

338 3927 533 3999 ἐκείνῳ
576 3926 994 4008 συνίερινφάνθη
1042 3927 1100 3981 τὸ
1152 3929 1404 3999 πόνημα·
1456 3933 1648 4003 ἀμέλει
1701 3938 1795 3989 καὶ
1836 3930 1918 4000 οἷς

337 4022 545 4083 ἐκεῖνος
568 4020 663 4073 τοῦ
704 4020 953 4091 μάκαρος
1001 4019 1156 4074 τοῦδε
1190 4020 1282 4073 τὸν
1312 4021 1426 4093 βίον
1462 4025 1791 4096 ὲσμίκρυνεν
1812 4067 1827 4092 ,
1861 4031 1920 4079 ὲν

341 4114 551 4175 τούτοις
584 4114 729 4184 ἡμᾶς
766 4113 856 4165 ἐπὶ
883 4113 943 4165 τὸ
975 4110 1132 4183 εὖρος
1161 4114 1259 4182 τῆς
1286 4114 1594 4183 διηγήσεως
1628 4119 1920 4187 προεόίὸα-

342 4220 455 4257 σεν.
498 4202 657 4256 Ἀλλά
686 4202 769 4265 τίς
799 4202 1008 4270 γένοιτο
1029 4201 1106 4273 τῷ
1134 4202 1234 4273 βίῳ
1264 4202 1417 4256 τοῦδε
1440 4204 1734 4275 ἀξιόχρεως
1762 4208 1922 4261 ἔπαι-

342 4311 468 4358 νος;
499 4293 626 4348 ποία
658 4293 711 4348 δὲ
744 4292 965 4362 γλῶσσα
1002 4292 1072 4345 τά
1103 4293 1295 4346 τούτου
1340 4294 1626 4366 δυνήσεται
1655 4296 1920 4367 διηγήσα-

345 4387 468 4440 σθαι
520 4384 955 4457 κατορθώματα;
999 4383 1148 4439 Ἔδει
1198 4387 1327 4457 γὰρ,
1380 4386 1487 4439 ἔδει
1530 4388 1630 4451 τὰς
1673 4388 1924 4457 γλώσσας

342 4479 469 4549 ἄρτι
498 4481 751 4549 παρεῖναι
777 4477 883 4531 τῶν
911 4478 1041 4547 παρ’
1077 4478 1243 4531 αὑτοῦ
1276 4479 1442 4543 ἀξίως
1475 4479 1921 4551 ἑξυμνουμὲνων,

2102 3579 2157 3632 5.
2194 3578 2363 3635 Porro
2392 3581 2533 3636 beati
2585 3581 2747 3651 hujus
2780 3584 2943 3638 vitam
2990 3584 3350 3657 Theophanes
3380 3592 3600 3662 quidam

2028 3684 2183 3724 Sacra
2242 3671 2568 3741 presbyterii
2624 3673 2890 3751 dignitate
2928 3675 3244 3744 insignitus,
3300 3688 3352 3732 et
3414 3696 3604 3734 mona-

2026 3760 2255 3815 chorum
2283 3763 2533 3833 catalogo
2564 3766 2863 3835 ascriptus,
2900 3766 3202 3823 elaboravit
3239 3786 3253 3825 :
3308 3772 3475 3827 multa
3517 3782 3599 3827 ta»

2028 3866 2149 3905 men
2195 3852 2283 3907 hic
2315 3868 2507 3909 auctor
2536 3858 2919 3926 praetermisit,
2954 3874 3080 3912 nam
3112 3859 3430 3916 festinanter
3463 3878 3600 3933 Opus

2024 3946 2275 3999 confecit.
2311 3946 2417 4001 Sed
2445 3948 2495 4001 iu
2524 3949 2592 4003 iis
2618 3950 2670 4002 in
2704 3949 2903 4018 quibus
2934 3950 3035 4004 iste
3067 3951 3208 4005 beati
3239 3952 3401 4022 hujus
3433 3954 3593 4009 vitam

2026 4037 2318 4101 imminuit,
2358 4056 2457 4095 nos
2511 4041 2577 4094 ad
2631 4040 2968 4095 narrationis
3005 4043 3418 4112 amplitudinem
3464 4062 3595 4117 pro-

2026 4131 2193 4183 vexit.
2231 4129 2431 4185 Verum
2467 4147 2589 4201 qua:
2632 4132 2849 4187 tandem
2887 4135 3018 4188 satis
3047 4134 3208 4205 digna
3254 4137 3376 4193 laus
3435 4139 3598 4209 hujus

2026 4220 2131 4273 vita
2159 4222 2463 4291 reperiatur
2494 4222 2517 4275 ?
2544 4221 2610 4275 Et
2636 4238 2755 4293 qua:
2776 4223 2957 4292 lingua
2993 4226 3255 4294 praeclara
3278 4227 3423 4283 illius
3451 4240 3595 4297 gesta

2029 4327 2315 4367 recensere
2337 4313 2555 4368 valeat?
2581 4313 2876 4382 Oportebat
2894 4330 3046 4381 sane,
3072 4318 3354 4385 oportebat
3382 4318 3595 4374 illorum

2030 4420 2174 4457 nunc
2230 4404 2442 4475 linguas
2482 4406 2694 4471 adesse,
2729 4407 2822 4476 qui
2864 4410 2931 4462 ab
2964 4409 3152 4463 eodem
3200 4425 3299 4480 pro
3338 4411 3598 4483 dignitate

2030 4496 2231 4550 laudati
2274 4506 2421 4563 sunt,
2452 4508 2506 4552 et
2533 4499 2600 4555 ab
2626 4498 2732 4554 illis
2787 4500 2873 4554 isti
2924 4501 3152 4571 gratiam
3188 4516 3281 4573 per
3319 4517 3599 4560 sermones

345 4576 440 4627 καὶ
472 4573 622 4644 παρά
652 4570 856 4625 τούτων
896 4570 1072 4641 τούτῳ
1102 4569 1550 4641 ἀποπληροῦσθαι
1579 4573 1679 4641 τὴν
1705 4573 1794 4626 διά
1827 4572 1916 4625 λό-

2030 4586 2265 4651 repeudi.
2308 4585 2423 4640 Non
2449 4597 2628 4642 tamen
2657 4604 2778 4655 nos,
2811 4590 2999 4660 quales
3030 4606 3239 4660 sumus,
3271 4594 3595 4661 tacebimus,

342 4681 456 4731 γων
502 4663 784 4733 ἀντίχαριν
808 4679 821 4693 ·
850 4662 912 4716 ού
957 4663 1067 4737 μὴν
1106 4662 1220 4717 ἀλλ’
1251 4663 1372 4715 οὐδὲ
1390 4664 1572 4733 ἡμεῖς,
1602 4663 1676 4728 ὡς
1699 4663 1918 4735 ἔχομεν,

346 4756 721 4825 σιωπήσομεν,
758 4754 825 4807 τὰ
849 4754 1057 4806 ἐκείνου
1088 4753 1519 4824 ἐκδιηγούμενοι.

415 4847 478 4901 δ’.
506 4848 704 4917 Πατρὶς
736 4845 1025 4915 τοιγαροῦν
1050 4846 1127 4917 τῷ
1152 4846 1372 4916 μεγάλῳ
1401 4848 1434 4917 ή
1456 4848 1516 4899 ὲν
1545 4848 1729 4918 νήσοις
1750 4846 1809 4900 τὸ
1833 4846 1921 4899 εὖ·

345 4939 538 5009 ἄτιμον
563 4939 800 5009 φέρουσα
821 4978 835 5002 ,
866 4941 899 5007 ή
926 4938 1230 5009 περιφανὴς
1251 4938 1501 5004 Σικελία,
1526 4939 1668 5009 φημὶ
1693 4978 1708 5003 ,
1734 4938 1799 5009 ἢν
1823 4939 1922 5008 οὐχ

346 5032 490 5084 οὕτω
539 5028 819 5100 περίδοξον
852 5028 1162 5093 Διονύσιος,
1217 5030 1245 5080 ό
1289 5031 1347 5082 ὲν
1381 5030 1517 5100 αὐτῇ
1568 5046 1698 5081 ποτε
1751 5029 1924 5099 ἄρξας

346 5124 531 5197 ἀὸρῶς
560 5122 963 5191 ἀπειργάσατο,
995 5121 1069 5184 ώς
1095 5122 1145 5173 οἱ
1174 5120 1266 5174 τοῦ
1306 5121 1543 5191 μεγάλου
1577 5121 1921 5193 γεννήτορες,

346 5220 407 5270 τὸ
455 5217 599 5286 μέγα
641 5218 706 5285 τῇ
755 5213 974 5285 πατρίδι
1002 5201 1370 5283 χαρισάμενοι
1401 5211 1602 5282 ὄνομα,
1637 5213 1726 5265 διὰ
1766 5213 1921 5266 τοῦδε

346 5311 439 5363 τοῦ
500 5309 771 5378 μακαρίου
818 5306 1223 5376 βλαστήματος.
1263 5304 1501 5374 Πατέρες
1547 5304 1603 5357 δὲ
1650 5306 1852 5375 Ἀγάθη
1888 5307 1922 5375 ἠ

351 5400 719 5472 περιώνυμος,
760 5402 855 5465 καὶ
883 5400 1168 5459 Πλουτῑνος
1192 5400 1219 5452 ό
1252 5399 1594 5472 περιϐόητος,
1631 5401 1799 5470 ἄμφω
1824 5400 1922 5471 μὲν

349 5492 448 5559 si;
499 5493 697 5561 ἀρετῆς
750 5492 1025 5561 ζηλωταὶ,
1075 5492 1167 5545 καὶ
1218 5491 1325 5544 τῶν
1389 5492 1549 5546 θείων
1605 5492 1923 5562 θελημάτων

348 5582 736 5652 ἐκπληρωταὶ,
775 5582 862 5635 διὰ
903 5582 959 5637 δὲ
1002 5583 1100 5652 τῆς
1146 5582 1373 5654 ἀρίστης
1431 5583 1617 5647 ὠδῖνος
1670 5585 1731 5638 τὸ
1781 5586 1923 5654 μέγα

348 5673 765 5744 κληρωσάμενοι
787 5672 977 5741 ὄνομα·
998 5672 1106 5726 ἔδει
1130 5673 1238 5745 γὰρ
1264 5673 1430 5742 εὐχῆς
1451 5672 1610 5743 ἔργον
1636 5669 1770 5726 εἶναι
1804 5674 1922 5727 τόδε
1952 5674 1973 5684 ”

347 5765 409 5817 τὸ
435 5765 579 5835 μέγα
607 5763 879 5837 [χάριτος]
903 5765 998 5820 καὶ
1020 5767 1217 5835 ἀρετῆς
1247 5765 1564 5836 ἀποκύημα.
1605 5768 1662 5819 '0
1695 5768 1795 5836 μὲν
1815 5769 1925 5839 γάρ

351 5856 599 5910 ἐπλούτει
630 5858 811 5910 πίστιν
846 5856 942 5927 τὴν
975 5859 1054 5921 εἰς
1082 5857 1233 5911 Θεόνο
1272 5858 1305 5929 ἡ
1340 5858 1395 5911 δὲ
1428 5861 1539 5922 τοῖς
1569 5859 1790 5927 ἀγαθοῖς
1825 5859 1921 5913 τοῦ

2030 4679 2177 4734 illius
2208 4695 2294 4734 res
2324 4688 2505 4751 gestas
2534 4691 2888 4752 exponentes.

2097 4857 2149 4910 4.
2182 4855 2307 4911 Fuit
2337 4858 2500 4928 igitur
2531 4842 2697 4929 hujus
2737 4861 2917 4930 magni
2948 4863 3119 4931 patria
3150 4863 3261 4930 illa,
3293 4880 3414 4935 qua:
3459 4866 3599 4921 inter

2028 4950 2237 5004 insulas
2269 4948 2550 5006 felicitatis
2573 4953 2808 5020 palmam
2856 4952 3043 5020 refert,
3081 4956 3475 5025 illustrissima,
3518 4963 3599 5014 in-

2028 5058 2213 5112 quam,
2248 5043 2457 5109 Sicilia,
2489 5060 2652 5113 quam
2707 5060 2814 5098 non
2837 5046 2910 5099 ita
2950 5047 3271 5118 Dionysius,
3300 5050 3393 5118 qui
3447 5051 3498 5105 in
3534 5067 3595 5106 ea

2027 5137 2156 5190 olim
2189 5135 2420 5190 summis
2453 5137 2505 5189 in
2532 5136 2746 5191 deliciis
2771 5138 3038 5206 regnavit,
3091 5139 3379 5208 glorfosam
3419 5142 3600 5197 reddi-

2012 5229 2141 5291 dit,
2173 5236 2234 5281 ut
2261 5227 2445 5298 magni
2486 5227 2652 5297 hujus
2687 5229 2958 5299 genitores
2985 5271 2999 5293 ,
3042 5231 3135 5299 qui
3176 5232 3595 5289 celeberrimum

2030 5313 2220 5383 patriae
2259 5328 2454 5367 nomen
2486 5329 2582 5384 per
2612 5323 2721 5368 tam
2744 5315 2961 5370 beatum
2988 5333 3207 5389 germen
3234 5322 3594 5390 acquisivcrc.

2030 5406 2181 5461 Illius
2209 5416 2384 5461 mater
2409 5407 2618 5475 Agatha
2644 5408 2865 5473 nobilis,
2893 5420 3046 5480 pater
3077 5427 3205 5467 vero
3232 5414 3481 5471 Plotinus
3511 5433 3598 5472 ce-

2030 5497 2198 5553 lebris
2217 5497 2621 5568 appellabatur:
2676 5501 2838 5555 ambo
2889 5517 3023 5556 sane
3076 5504 3292 5559 virtutis
3341 5507 3457 5561 zelo
3508 5524 3601 5561 ar-

2027 5589 2240 5653 dentes,
2287 5588 2593 5659 divinaeque
2635 5592 2934 5648 voluntatis
2969 5596 3302 5665 complenda:
3348 5599 3599 5653 studiosi.

2027 5681 2129 5734 Per
2164 5681 2425 5750 optimam
2450 5696 2577 5736 vero
2595 5683 2804 5752 prolem
2848 5700 3103 5755 magnum
3139 5704 3333 5743 nomen
3371 5691 3599 5745 haeredi-

2029 5783 2231 5829 tavere.
2250 5773 2546 5844 Oportebat
2575 5784 2757 5831 autem
2786 5792 3005 5848 precum
3030 5794 3168 5849 opus
3194 5796 3315 5837 esse
3339 5798 3594 5859 magnum

2028 5864 2176 5919 hunc
2210 5863 2429 5921 virtutis
2463 5863 2656 5921 letum.
2708 5866 2867 5924 Pater
2899 5869 3042 5923 enim
3095 5870 3218 5933 (ide,
3256 5886 3377 5933 ante
3410 5882 3495 5929 est
3543 5872 3598 5924 in
