3978 6632
403 436 512 502 943

1534 426 1595 488 S.
1629 423 1957 487 ‘JOSEPHI

2081 416 2560 482 {MNOGRAPHI
3538 419 3629 483 9M

402 547 593 609 Deum,
621 543 773 599 «lives
803 549 941 607 erat,
972 548 1147 594 muer
1174 551 1308 593 vero
1342 536 1461 592 vita:
1492 535 1655 605 hujus
1673 535 1832 589 bonis
1849 548 1975 602 gau-

2087 528 2204 600 βίου
2228 528 2447 599 χαίρειν
2474 524 2705 581 είποῦσα
2738 526 2887 599 μόνῳ
2921 528 3174 601 προσεῖχε
3199 527 3345 598 Θεῷ,
3369 528 3632 600 σωφρόνως

401 637 531 692 dere
568 646 853 697 recusans,
872 630 984 687 soli
1010 626 1471 684 Deo'intendebat
1512 626 1790 687 animum,
1838 638 1976 693 prae.

399 730 573 785 sentis
604 726 726 781 vitae
753 739 903 781 mare
939 721 1237 794 prudenter
1255 729 1309 774 et
1329 718 1672 775 continenter
1696 726 1979 787 pertrans-

398 821 538 884 iens,
606 818 676 873 ita
734 826 793 873 ut
843 815 1006 870 ambo
1053 815 1208 883 juxta
1250 812 1414 865 vitem
1475 810 1621 864 illam
1674 807 1977 862 Psalmistat

398 908 685 974 ﬂorerent,
733 914 788 959 et
838 902 1071 960 maturis
1122 902 1344 956 virtutis
1399 898 1670 955 fructibus
1710 897 1979 969 plurimus

398 1002 465 1056 ad
494 999 579 1056 sui
622 996 982 1053 imitationem
1016 995 1418 1066 pertraherent.
1438 991 1556 1046 Neu
1590 992 1735 1046 enim
1764 991 1981 1062 (quem-

407 1091 701 1147 admodum
747 1088 925 1143 facere
977 1095 1382 1143 consueverunt
1412 1086 1487 1139 illi
1520 1085 1614 1155 qui
1666 1084 1869 1137 munito
1898 1082 1981 1135 vi-

395 1192 551 1245 vunt,
577 1191 631 1237 et
672 1180 826 1235 carni
864 1179 1227 1234 inservienles
1284 1175 1564 1232 communi
1618 1182 1825 1229 natura:
1873 1170 1976 1241 legi

396 1270 797 1343 obsequuntur.)
839 1270 903 1323 ad
934 1270 1243 1339 voluptates
1258 1267 1640 1337 respiciebant,
1665 1274 1720 1320 et
1751 1265 1977 1321 delicias

396 1366 766 1425 sectabantur1
797 1363 891 1417 sed
924 1362 1058 1417 solis
1085 1360 1466 1415 tantummodo
1518 1357 1846 1413 necessariis
1893 1373 1981 1412 re-

394 1459 497 1515 bus
517 1456 780 1521 contenti,
803 1464 969 1523 atque
999 1454 1127 1516 illis,
1150 1452 1282 1508 sine
1308 1452 1509 1522 quibus
1538 1450 1979 1505 humilitatisno-

395 1561 525 1606 strae
552 1563 755 1617 corpus
786 1546 1094 1601 consistere
1149 1544 1359 1613 nequit,
1416 1541 1691 1613 superﬂua
1724 1541 1978 1595 manibus

394 1654 696 1716 pauperum
738 1638 1187 1709 dilargiebantur,
1247 1650 1314 1689 ne
1364 1633 1502 1689 forte
1533 1632 1840 1704 superﬂuis-
1872 1632 1975 1703 ipsi

395 1737 463 1791 ad
495 1734 829 1803 voluptatem
848 1728 1163 1783 acdelieias
1180 1734 1428 1788 utentes,
1462 1739 1493 1779 a
1530 1724 1624 1778 "ei
1676 1721 1974 1794 participa—

396 1825 544 1879 tione
572 1821 991 1879 excluderentur
1018 1856 1033 1881 ,
1067 1818 1160 1886 qui
1196 1825 1257 1869 ut
1290 1814 1512 1868 eosdem
1568 1828 1666 1883 pro
1702 1813 1977 1868 charitate

2086 620 2181 675 καὶ
2216 620 2502 691 ἐγκρατῶς
2542 619 2640 673 τοῦ
2684 619 2801 691 βίου
2841 621 3069 691 περῶσα
3101 622 3202 693 τὴν
3237 621 3501 677 θάλασσαν
3523 664 3537 685 ,
3571 625 3635 688 ὡς

2089 712 2302 767 θάλλειν
2323 712 2418 765 καὶ
2445 712 2612 782 άμφω
2650 711 2793 766 κατά
2825 712 2925 784 τὴν
2960 712 3240 785 ψαλμικὴν
3273 713 3527 784 ἄμπελον,
3558 717 3638 768 καὶ

2084 803 2164 875 τῷ
2190 802 2438 874 πεπείρῳ
2461 802 2559 872 τῆς
2584 802 2784 873 ἀρετῆς
2808 803 3035 869 πολλοὺς
3065 802 3383 872 ἐφέλκεσθαι
3409 804 3535 874 πρὸς
3555 805 3640 876 την

2088 896 2339 966 μίμησιν.
2367 895 2445 949 οὐ
2484 898 2594 967 γὰρ
2629 894 2705 959 ὡς
2743 895 2935 968 κόσμῳ
2966 896 3191 962 ζῶντες,
3224 896 3319 949 καὶ
3347 899 3505 968 σαρκὶ
3533 897 3640 950 δου·

2084 986 2352 1050 λεύοντες,
2382 986 2476 1039 καὶ
2503 986 2582 1054 τῷ
2607 985 2777 1057 κοινῷ
2803 987 2903 1059 τῆς
2938 987 3154 1057 φύσεως
3183 986 3333 1058 νόμῳ
3364 987 3642 1057 ὑπηρετούο

2087 1096 2237 1150 μενοι
2267 1079 2405 1149 πρὸς
2438 1080 2630 1149 ἡδονάς
2654 1079 2864 1151 ἑώρων,
2886 1081 2980 1134 καί⁸
3008 1080 3069 1134 τὺ
3096 1078 3372 1151 τρυφηλδν
3400 1080 3643 1135 κατεδίω-

2083 1188 2180 1225 κον
2203 1188 2218 1203 ·
2248 1171 2386 1226 ἀλλὰ
2429 1175 2544 1235 τοῖς
2576 1172 2899 1241 ἀναγκαίοις
2946 1173 3129 1244 μόνοις
3156 1171 3520 1244 ἀρκούμενοι,
3562 1175 3645 1228 καὶ

2082 1262 2228 1327 ὅσοις
2252 1262 2313 1316 τὸ
2337 1265 2497 1334 σῶμα
2521 1263 2838 1319 συνίσταται
2854 1268 2951 1335 τῆς
2974 1264 3133 1337 ἡμῶν
3171 1264 3565 1337 ταπεινότητος,
3587 1266 3647 1319 τὰ

2083 1354 2314 1425 περιττά
2370 1358 2620 1427 πενήτων
2670 1355 2861 1427 χερσὶν
2914 1355 3256 1429 ἐχαρίζοντοο
3304 1360 3390 1410 ῖνα
3435 1355 3506 1427 μὴ
3548 1360 3648 1420 τηιῖς

2083 1448 2363 1517 περιττοῖς
2395 1446 2549 1500 αὐτοὶ
2583 1446 2923 1518 ἠδυνόμενοι,
2955 1450 3054 1501 οὑκ
3083 1447 3257 1519 ἔχοιεν
3291 1448 3539 1501 κοινωνὸν
3569 1450 3648 1501 τὸν

2080 1538 2252 1592 Θεόψ
2288 1538 2347 1602 ὃς
2393 1540 2592 1604 αὐτοὺς
2636 1542 2735 1612 τῆς
2773 1541 2909 1611 πρὸς
2950 1541 3115 1594 αὑτὸν
3170 1541 3391 1612 ἀγάπης
3428 1542 3519 1595 καὶ
3563 1542 3648 1596 τοῦ

2080 1629 2294 1695 ζέοντος
2314 1631 2680 1702 ἀμειϐόμενος
2702 1633 2926 1705 ἔρωτος,
2945 1635 3036 1687 τ³ιν
3060 1632 3271 1687 κλεινὸν
3305 1633 3521 1705 Ἰωσὴφ,
3545 1635 3651 1689 ἀντὶ

2079 1723 2263 1793 πάσης
2298 1723 2466 1795 ἄλλης
2507 1724 2767 1795 άμοιῦῆς.
2804 1724 3118 1796 ὲχαρίσατο’
3168 1723 3367 1797 Ἰωσὴφ
3395 1725 3453 1779 ὃν
3491 1728 3536 1779 οί
3570 1744 3649 1780 τε-

2080 1815 2290 1881 κόντες,
2326 1816 2422 1870 καὶ
2451 1816 2623 1870 ταῦτα
2670 1816 2787 1887 βίου
2834 1816 3058 1891 τοιαύτῃ
3089 1818 3385 1889 ὡραιότητι
3414 1816 3648 1889 λαμπρυ-

396 1917 639 1989 ipsorum
682 1912 736 1967 in
787 1926 884 1974 se,
928 1906 1269 1977 ferventique
1317 1920 1514 1961 amore
1562 1913 1970 1968 .rentuneraret,

2081 1905 2293 1977 νόμενοι
2318 1947 2334 1973 ,
2394 1908 2538 1978 μέγα
2567 1926 2621 1962 τι
2663 1909 2965 1980 κατορθοῦν
2994 1909 3337 1979 ἐλογίζοντο,
3387 1911 3438 1965 εί
3484 1911 3650 1971 ποσῶς

396 2009 662 2064 illustrem
694 2001 998 2072 Josephum
1041 2016 1141 2071 pro
1178 1998 1372 2070 quavis
1427 1998 1535 2053 alia
1576 1996 1829 2054 mercede
1868 1995 1976 2052 illis

2082 1998 2483 2069 ἀπομιμεῖσθαι
2511 1999 2858 2072 δυνήσονται.

394 2100 620 2155 donavit
668 2116 683 2155 :
721 2095 882 2167 cujus
930 2094 1205 2165 genitores
1251 2092 1567 2163 hujusmodi
1608 2092 1734 2147 vitae
1784 2091 1984 2147 decore
2020 2090 2377 2163 refulgentes,-
2406 2108 2673 2165 »magnum
2751 2094 2957 2165 aliquid
3014 2092 3229 2151 eﬂieere
3263 2094 3649 2166 cogitabant,si

394 2208 505 2265 quo
532 2190 696 2251 modo
721 2190 922 2245 imitari
944 2186 1272 2257 potuissent.

470 2288 525 2343 5.
559 2287 674 2340 Non
705 2285 849 2339 enim
872 2283 1025 2353 juxta
1060 2296 1352 2352 puerorum
1386 2295 1593 2336 morem
1614 2278 1833 2349 primos
1865 2278 1976 2335 cri-

396 2394 489 2434 nes
518 2377 834 2433 molliterae
851 2374 1096 2444 speciose
1120 2371 1319 2436 alebat,
1348 2387 1547 2441 neque,
1562 2382 1627 2424 ut
1656 2370 1973 2424 adolescen-

397 2470 496 2525 tuli
518 2470 706 2527 facere
723 2479 1088 2532 consuevere,
1122 2465 1188 2520 ad
1223 2480 1387 2534 parva
1438 2463 1551 2517 haec
1585 2472 1639 2516 et
1686 2463 1830 2516 ﬂuxa
1889 2461 1975 2515 in-

397 2563 649 2618 tendebat
700 2562 967 2622 animum,
1004 2557 1097 2613 sed
1126 2556 1378 2627 quamvis
1405 2556 1583 2610 adhuc
1637 2570 1769 2624 puer
1806 2565 1971 2618 esset,

396 2652 689 2725 quamdam
733 2660 913 2705 tamen
949 2648 1268 2718 gravitatem
1327 2646 1807 2713 maturitatemque
1859 2659 1976 2715 prae

396 2760 457 2800 se
486 2743 721 2806 ferebat,
742 2756 907 2812 quam
940 2742 993 2796 in
1015 2738 1209 2811 pueris
1231 2752 1576 2807 nequaquam
1612 2736 1855 2792 solemus
1893 2751 1979 2791 re-

398 2849 751 2907 cognoscere,
815 2833 1017 2903 lingna,
1060 2830 1244 2886 nescio
1284 2829 1413 2899 quid
1456 2830 1616 2883 breve
1660 2838 1823 2898 atque
1876 2842 1978 2881 ano

397 2937 616 3000 gustum
647 2925 1087 2988 subbalbutiens,
1127 2922 1311 2977 divina
1345 2920 1562 2990 eloquia
1593 2920 1676 2975 vel
1708 2919 1975 2985 discebat,

399 3024 480 3076 vel
508 3020 754 3075 docebat.
787 3017 924 3085 Quia
977 3031 1107 3072 vero
1157 3014 1300 3085 apud
1338 3028 1538 3084 pueros
1594 3026 1758 3069 senex
1796 3022 1979 3066 mente

395 3123 449 3169 et
470 3111 679 3184 judicio
709 3108 1153 3179 incomparabilis
1195 3105 1618 3170 inscribebatur,
1654 3119 1720 3160 ex
1774 3104 1875 3160 hoc
1917 3103 1981 3157 il.

2154 2275 2217 2332 ε’.
2249 2278 2324 2331 Οὐ
2358 2279 2468 2349 γάρ
2492 2279 2635 2333 κατά
2666 2280 2863 2344 παῖδας
2896 2280 3043 2352 αὺτῷ
3075 2282 3143 2335 τά
3172 2280 3272 2351 τῆς
3307 2279 3526 2353 πρώτης
3547 2297 3651 2352 τρι-

2084 2369 2179 2442 χὸς
2206 2370 2329 2424 οὔτε
2366 2372 2473 2442 μὴν
2513 2370 2654 2425 κατὰ
2689 2371 2958 2443 μείρακας
2993 2372 3128 2444 πρὸς
3168 2374 3237 2429 τά
3272 2374 3446 2446 μικρᾶ
3494 2374 3648 2428 ταῦτα

2084 2462 2179 2517 καὶ
2214 2462 2406 2534 ῥέοντα
2443 2463 2478 2534 ἡ
2516 2464 2699 2535 ῥοπή·
2732 2463 2850 2517 ἀλλ’
2878 2459 2947 2537 ἦν
2982 2464 3210 2536 ἐκείνῳ,
3258 2464 3412 2519 παιδὶ
3448 2463 3541 2535 μὲν
3579 2463 3648 2517 ἔτι

2080 2552 2399 2625 ὑπάρχοντι,
2433 2555 2632 2625 σεμνόν
2654 2573 2705 2609 τι
2732 2557 2827 2610 καὶ
2854 2556 2915 2609 οὐ
2938 2557 3081 2611 κατὰ
3108 2555 3325 2611 παιδίον
3350 2557 3410 2610 τὸ
3438 2557 3646 2627 κίνημα*

2082 2646 2302 2715 γλῶσσα
2336 2647 2391 2700 δὲ
2412 2689 2427 2714 ,
2457 2647 2631 2718 βραχύ
2657 2666 2708 2702 τι
2740 2649 3174 2720 ὐποψελλίζουσα
3196 2691 3211 2719 ,
3248 2652 3317 2705 τά
3359 2650 3494 2704 κατά
3530 2649 3649 2703 Θεὸν

2082 2738 2391 2793 ὲδιδάσκετο
2420 2740 2594 2807 λόγια.
2641 2740 2797 2795 Ἐπεὶ
2827 2742 2898 2808 ,δὲ
2939 2743 3029 2796 καὶ
3063 2744 3144 2806 είς
3203 2744 3473 2813 μείρακας
3500 2743 3528 2796 ό
3557 2760 3646 2814 γη-

2082 2829 2235 2900 ραιὸς
2257 2829 2349 2883 τὸν
2386 2830 2510 2884 νοῦν
2530 2874 2544 2897 ,
2576 2833 2668 2886 καὶ
2700 2833 2800 2904 τὴν
2835 2836 3095 2905 φρόνησιν
3120 2835 3535 2908 ἀπαράμιλλος,
3564 2837 3640 2891 ἐν·

2080 2919 2385 2991 εγράφετο,
2418 2922 2609 2975 τούτου
2655 2922 2714 2976 τὸ
2762 2924 2979 2996 σῶφρον
3015 2924 3399 2980 ὑπεδεικνύετο
3423 2968 3438 2992 ,
3468 2927 3556 2977 καὶ
3596 2924 3649 2977 τὸ

2080 3010 2323 3082 ἀνδρεῖον
2350 3011 2412 3065 τὸ
2458 3012 2597 3084 πρὸς
2633 3014 2701 3068 τά
2737 3015 2885 3085 πάθη
2915 3014 3185 3087 διέλαμπε
3216 3056 3230 3081 ,
3274 3016 3372 3070 καὶ
3402 3017 3433 3088 ἡ
3466 3014 3649 3084 γνῶσις

2083 3104 2341 3174 καθαρῶς
2370 3106 2482 3169 τοῖς
2512 3106 2793 3176 ὁμιλοῦσιν
2829 3110 3246 3181 άνεγνωρίζετο.
3296 3110 3381 3164 Ti
3428 3111 3533 3182 γὰρ
3570 3112 3649 3179 ἐγ.

395 3207 503 3261 lius
527 3203 813 3275 prudentia
845 3202 1005 3255 tacite
1030 3197 1445 3255 ostendebatur.
1474 3196 1708 3251 Animus
1732 3196 1851 3265 ejus
1885 3194 1964 3249 vi-

2081 3196 2271 3251 κύκλια
2296 3196 2496 3267 μετιὼν
2527 3200 2555 3253 ό
2578 3199 2904 3271 Θαυμάσιος,
2935 3202 3150 3270 φύσεως
3170 3204 3359 3276 χάριτι
3387 3206 3478 3258 καὶ
3496 3221 3645 3259 σπου-

396 3298 516 3354 rilis
547 3296 601 3352 in
634 3294 985 3350 aﬂectionum
1021 3290 1248 3362 imperio
1264 3288 1533 3351 elucebat,
1562 3287 1802 3358 cognitio
1825 3300 1973 3354 vero,

394 3404 459 3445 ac
486 3386 709 3444 scicntia
739 3384 808 3440 ab
835 3384 924 3450 iis,
943 3383 1037 3453 qui
1071 3396 1197 3437 cum
1221 3396 1288 3436 eo
1311 3378 1657 3435 familiariter
1680 3377 1975 3434 versaban-

398 3491 508 3543 tur,
528 3478 675 3535 clare
701 3474 1155 3547 cognoscebatur.
1181 3472 1317 3528 Cum
1345 3473 1489 3526 enim
1517 3472 1854 3543 provinciam
1876 3468 1976 3524 ali-

396 3584 559 3642 quam
572 3571 656 3623 vir
672 3568 759 3623 hic
774 3565 1112 3622 admirabilis
1124 3565 1533 3637 aggrederetur,
1557 3572 1768 3617 natura:
1800 3560 1973 3633 gratia

394 3678 460 3717 ac
476 3659 785 3716 sedulitatis
796 3657 1071 3728 studiique
1090 3656 1394 3712 intentione
1412 3654 1698 3710 universos
1715 3665 1976 3722 superare

394 3752 742 3814 cernebatur,
772 3749 923 3815 ulna,
957 3749 1108 3820 iuxta
1142 3748 1515 3819 proverbium,
1544 3746 1715 3817 regia,
1733 3755 1789 3801 et
1818 3744 1976 3800 valde

396 3853 563 3901 recte.
595 3842 711 3897 Non
740 3842 886 3897 enim
919 3842 975 3896 in
997 3841 1113 3898 sola
1138 3856 1455 3898 sermonum
1479 3841 1636 3910 copia
1668 3854 1735 3894 ac
1755 3838 1975 3893 dicendi

395 3930 654 3987 facultate
683 3929 1018 4001 proﬂciehat.
1052 3931 1147 3986 sed
1184 3940 1312 3986 ante
1352 3934 1514 3985 verba
1546 3931 1732 4000 plures
1757 3929 1975 3985 virtutis

396 4021 609 4091 species
649 4020 874 4076 Sedulus
898 4019 1242 4091 praeferebat,
1278 4034 1342 4073 ex
1391 4034 1499 4089 quo
1529 4019 1596 4073 ad
1662 4020 1835 4088 ipsam
1891 4018 1974 4071 di-

395 4112 553 4168 cendi
604 4112 818 4181 copiam
861 4111 1072 4168 felicior
1128 4112 1202 4166 illi
1258 4113 1344 4166 via
1386 4111 1759 4180 aperiebatur.
1813 4109 1975 4167 Solus

397 4204 540 4257 cuitu
577 4207 756 4274 panis,
805 4203 1086 4258 occidente
1132 4203 1269 4267 sole.
1302 4202 1589 4258 universas
1649 4202 1725 4256 illi
1772 4217 1975 4257 ntcnsaa

397 4293 621 4347 delicias
652 4294 957 4363 supplebat.
1014 4308 1153 4362 aqua
1215 4307 1346 4346 vero
1404 4300 1611 4346 tantum
1668 4292 1735 4346 ad
1788 4302 1971 4361 potum

399 4386 673 4451 utebatur,
729 4394 1013 4457 propterea
1070 4393 1125 4439 et
1179 4382 1393 4439 dicendi
1451 4383 1710 4437 facundia
1768 4384 1975 4439 ditatus

398 4488 501 4533 est.
533 4477 729 4531 Anima
784 4478 929 4531 enim
984 4475 1274 4531 scribendo
1308 4484 1362 4530 et
1399 4475 1609 4528 orando
1642 4489 1853 4547 vacare
1881 4490 1972 4530 as-

2079 3288 2175 3359 δῆς
2212 3290 2526 3360 εὐτονότητι
2575 3292 2786 3356 πάντας
2848 3292 3035 3365 ὼρᾶτο
3083 3296 3249 3350 νικῶν
3292 3298 3485 3369 πήχει.
3524 3297 3650 3350 κατὰ

2076 3378 2175 3451 τὴν
2201 3382 2524 3453 παροιμίαν,
2552 3381 2848 3457 βασιλικῷ·
2885 3385 2979 3442 καὶ
3010 3386 3155 3458 μάλα
3189 3388 3438 3453 εἰκότως·
3468 3387 3526 3442 οὐ
3553 3387 3648 3458 γὰρ

2078 3472 2254 3542 λόγων
2297 3473 2531 3530 ἐποιεῖτο
2584 3476 2755 3546 μόνην
2789 3478 3069 3543 ἐπίδοσιν,
3123 3479 3260 3534 ἀλλά
3320 3480 3426 3552 πρὸ
3464 3479 3649 3533 τούτων

2076 3561 2279 3633 ἀρετῆς
2322 3563 2644 3633 ἐπεμελεῖτο
2687 3564 3034 3634 πολυειδοῦς,
3069 3567 3126 3635 ἐξ
3155 3564 3223 3641 ἦς
3270 3570 3424 3641 αὐτῷ
3460 3570 3549 3624 καὶ
3582 3569 3643 3622 τὰ

2079 3652 2218 3723 πρὸς
2246 3652 2341 3706 τὸν
2361 3652 2520 3722 λόγον
2544 3655 2754 3723 ἐγίνετο
2780 3655 2961 3712 εῦοδα.
3001 3658 3059 3713 ’0
3093 3658 3203 3729 γάρ
3230 3658 3398 3731 ἄρτος
3428 3660 3649 3731 ἑσπέραν

2075 3745 2271 3815 ἐκείνῳ
2304 3745 2463 3816 μόνος
2490 3747 2734 3819 ἐπλήρου
2763 3749 2862 3821 τὴν
2902 3751 3291 3823 έπιτραπέζιον
3322 3754 3533 3825 ἡδονὴν,
3565 3756 3648 3806 καὶ

2075 3836 2137 3890 τὸ
2192 3836 2339 3909 ὕδωρ
2372 3839 2472 3910 τὴν
2503 3840 2694 3910 πόσιν,
2746 3842 2828 3895 διὸ
2868 3842 2964 3896 καὶ
3009 3845 3077 3898 τά
3118 3846 3249 3914 περὶ
3296 3848 3424 3911 τοὺς
3476 3846 3649 3915 λόγους

2077 3928 2402 4001 ἐπλούτησε
2429 3930 2578 4004 ψυχὴ
2604 3933 2715 4005 γὰρ
2743 3934 3021 3989 ἐθισθεῖσα
3046 3936 3226 4006 λόγοις
3255 3938 3538 4009 σχολάζειν
3564 3937 3649 3993 καὶ

2077 4024 2433 4090 προσευχαῖς,
2458 4021 2534 4086 ὡς
2573 4021 2643 4077 ἂν
2666 4024 2724 4077 ὲν
2756 4025 2959 4095 ἀμφοῖν
2987 4028 3046 4080 τό
3063 4044 3120 4080 τε
3146 4027 3334 4100 νοερὸν
3362 4028 3639 4099 διαλάμποι

2077 4113 2171 4166 καὶ
2198 4112 2261 4165 τὸ
2293 4114 2544 4182 ἐφόλκιον
2568 4115 2721 4170 τοῦδε
2748 4116 2843 4171 τοῦ
2877 4118 3130 4189 σώματος
3156 4121 3646 4194 καταδεσμοὺμενον

2076 4203 2172 4257 καὶ
2201 4205 2504 4275 τηκόμενον
2528 4249 2541 4271 ,
2570 4208 2671 4261 οὐκ
2708 4208 2951 4279 εὐχερῶς
2995 4211 3108 4282 ἔχοι
3135 4211 3196 4265 τὸ
3235 4213 3371 4285 πρὸς
3411 4213 3476 4268 τά
3513 4211 3644 4282 πάθη

2076 4294 2374 4359 εὐόλισθον,
2396 4296 2492 4366 ὅλη
2520 4298 2577 4351 δὲ
2608 4300 2832 4370 φέρεται
2870 4302 3005 4371 πρὸς
3027 4303 3182 4368 Θεὸν,
3219 4304 3317 4358 καὶ
3348 4303 3426 4375 τῷ
3453 4302 3644 4357 ἐκείνου

2077 4388 2395 4459 κιρνωμένη
2430 4389 2594 4460 ἔρωτι
2633 4390 2782 4463 θείῳ,
2820 4390 2978 4464 ξυρόν
3024 4396 3193 4464 ἐστιν,
3220 4397 3300 4460 είς
3350 4395 3516 4470 ἀκοὴν
3546 4392 3641 4448 τῶν

2080 4478 2421 4549 μαθημάτων
2453 4480 2783 4554 ἀντεχομένη
2824 4483 3027 4545 καλῶς.

398 4581 576 4639 sueta,
606 4582 664 4627 ut
690 4574 743 4626 in
777 4582 1011 4642 utroque
1044 4585 1199 4625 mens
1225 4579 1280 4625 et
1314 4570 1627 4626 intellectus
1652 4570 1978 4636 illustratur,
2028 4580 2082 4628 et
2142 4576 2452 4644 corpusculi
2505 4577 2667 4648 hujus
2717 4579 2932 4635 sarcina
3005 4581 3221 4652 alligata
3272 4591 3327 4637 et
3366 4588 3642 4641 macerata.

403 4679 510 4718 non
545 4662 758 4717 facilem
780 4664 944 4718 habet
975 4663 1040 4717 ad
1066 4678 1263 4733 pravas
1280 4662 1599 4718 affectiones
1630 4665 1979 4734 prolapsum:
2026 4676 2138 4721 tota
2194 4666 2369 4723 fertur
2410 4669 2464 4724 in
2497 4668 2689 4736 Deum,
2721 4672 3016 4745 divinaque
3062 4675 3211 4732 illius
3266 4680 3440 4732 amori
3474 4671 3644 4731 immi-

401 4769 507 4823 sta,
535 4766 698 4826 atque
740 4758 914 4812 eidem
947 4758 1272 4828 perpulchre
1310 4758 1602 4824 inharens,
1628 4761 1693 4815 ad
1720 4762 2084 4820 humanarum
2119 4752 2532 4834 disciplinarum
2569 4768 2815 4825 auditum
2850 4771 3002 4825 arida
3031 4773 3233 4828 evadit.

465 4851 518 4905 6.
547 4851 803 4904 Attamen
834 4852 1028 4905 horum
1056 4850 1221 4905 etiam
1252 4851 1503 4922 peritiam
1548 4869 1844 4923 generosus
1893 4856 1975 4911 hic

2159 4854 2231 4922 ς’.
2271 4857 2411 4910 Ἀλλ’
2432 4855 2544 4928 εἶχε
2569 4860 2666 4930 μὲν
2697 4860 2839 4914 οὕτω
2865 4863 3121 4929 γνώσεως
3142 4866 3169 4919 ό
3191 4868 3457 4933 γενναῖος*
3486 4868 3644 4937 εἴχετο

393 4947 483 5000 vir
505 4945 771 5009 .babehat,
805 4944 897 4999 sed
922 4944 973 4998 in
1001 4943 1088 4997 illa
1120 4944 1369 5009 scientia,
1400 4960 1525 5014 quae
1559 4944 1660 5000 fert
1681 4946 1747 4999 ad
1782 4945 1973 5010 Deum,

402 5037 574 5108 magis
592 5052 754 5107 quam
783 5037 837 5091 in
873 5036 1107 5092 humana
1129 5036 1472 5107 philosophia
1498 5036 1743 5107 profecit.
1775 5038 1971 5093 Verum

400 5146 509 5185 non
531 5131 827 5185 diuturnus
862 5127 966 5184 fuit
988 5128 1063 5185 illi
1092 5129 1212 5184 sine
1244 5128 1579 5185 offendicqu
1610 5131 1732 5184 vitae
1753 5146 1973 5193 cursus.

399 5222 846 5295 quandoquidem
898 5221 1116 5292 magnis
1152 5221 1447 5277 animabus
1495 5236 1526 5277 a
1579 5222 1751 5292 prima
1799 5222 1976 5277 aetatis

399 5316 541 5370 linea
568 5314 809 5369 difficilia
834 5314 1081 5385 quaedam
1098 5328 1174 5368 ac
1194 5329 1388 5384 aspera
1414 5314 1805 5369 innascuntur.
1839 5313 1974 5370 Nam

396 5407 689 5463 multitudo
717 5405 977 5476 permista
1008 5405 1372 5460 barbarorum
1408 5405 1556 5460 illius
1582 5406 1810 5475 patriant
1850 5421 1971 5460 cum

395 5501 725 5566 obsedisset,
783 5513 1018 5569 eamque
1064 5498 1169 5553 sibi
1204 5496 1552 5569 subiecisset,
1608 5498 1754 5569 quod
1800 5498 1973 5555 cladis

396 5607 568 5663 genus
599 5590 968 5662 praetermisit,
1000 5598 1092 5644 aut
1120 5604 1285 5661 quam
1326 5589 1598 5645 malorum
1629 5589 1860 5646 .lliadem
1916 5590 1970 5644 in

393 5697 514 5737 eam
541 5696 650 5737 non
688 5682 892 5737 edidit?
923 5681 1026 5736 Alii
1056 5679 1206 5738 ferro
1228 5679 1429 5736 sublati
1459 5690 1587 5736 sunt
1621 5698 1638 5736 :
1669 5681 1759 5736 alii
1805 5683 1972 5738 mise-

395 5772 643 5830 rabiliter
706 5772 1026 5828 facultatum
1075 5770 1350 5842 iacturam
1388 5772 1774 5828 sustinuerunt
1808 5789 1973 5828 :non-

383 5864 527 5923 nulli
559 5864 756 5936 captivi
788 5865 914 5921 facti
960 5873 1109 5932 sunt,
1141 5873 1303 5934 atque
1334 5864 1388 5920 in
1430 5865 1969 5936 esternas‘regiones

2084 4948 2141 5002 δὲ
2176 4949 2338 5003 πλέον
2379 4951 2479 5019 τῆς
2511 4952 2783 5024 φερούσης
2828 4955 2963 5026 πρὸς
3004 4956 3097 5009 τὸν
3140 4956 3292 5022 Θεὸν,
3320 4958 3380 5010 οὐ
3416 4958 3519 5027 μὴν
3560 4960 3644 5011 ἀν-

2083 5040 2425 5112 επηρέαστος
2464 5042 2613 5113 αὐτῷ
2644 5044 2738 5097 καὶ
2768 5047 2795 5098 ό
2830 5045 2943 5115 βίος
2975 5046 3137 5117 μέχρι
3166 5047 3391 5113 πολλοῦ,
3418 5047 3535 5100 ἐπεὶ
3561 5044 3643 5098 καὶ

2079 5136 2199 5196 ταῖς
2251 5133 2517 5203 μεγάλαις
2562 5135 2761 5205 ψυχαῖς
2803 5114 2912 5191 ἀπὸ
2962 5114 3188 5209 πρώτης
3230 5140 3492 5211 γραμμῆς
3535 5114 3673 5190 ἐπι-ί

2080 5224 2276 5294 φύεταί
2330 5244 2449 5290 πως
2506 5227 2574 5280 τὰ
2640 5229 2962 5299 σκυθρωπά.
3000 5268 3012 5275 .
3043 5231 3259 5300 Ἀμέλει
3310 5233 3405 5285 καὶ
3458 5228 3643 5300 πλῆθος

2081 5316 2324 5385 μιγάδων
2358 5316 2651 5389 βαρὸάρων
2683 5319 2782 5390 τὴν
2813 5321 3050 5393 πατρίδα
3085 5321 3532 5393 περικυκλῶσαν,
3558 5317 3642 5371 καὶ

2077 5410 2251 5481 αὐτὴν
2278 5410 2368 5479 ὑφ’
2397 5411 2628 5476 ἑαυτοὺς
2651 5413 3035 5485 ποιησάμενοι,
3066 5416 3120 5469 τί
3143 5416 3253 5469 τῶν
3272 5415 3455 5469 δεινῶν
3478 5415 3530 5467 ὲν
3559 5410 3643 5465 ab-

2075 5504 2141 5573 τῇ
2176 5502 2275 5555 οὐκ
2300 5503 2663 5573 είργάσαντος
2691 5505 2852 5559 ποίαν
2876 5506 2935 5560 δὲ
2967 5506 3168 5563 Ἰλιάδα
3198 5505 3489 5579 συμφορῶν
3508 5503 3570 5557 τὰ
3590 5502 3641 5554 ἐν

2076 5595 2213 5665 αὐτῇ
2261 5595 2393 5666 παρ’
2460 5596 2641 5651 αὐτῶν
2695 5598 2798 5651 οὐκ
2851 5598 3212 5670 ἀπέκρυψανς
3276 5601 3339 5654 Oi
3393 5598 3491 5669 μὲν
3543 5592 3640 5662 γάρ

2076 5684 2276 5757 ηόηδὸν
2302 5685 2621 5758 ἀνῃροῦντο,
2650 5690 2698 5742 oi
2724 5687 2782 5741 δὲ
2803 5689 3005 5754 ἀθλίως
3042 5692 3151 5745 τῶν
3181 5689 3407 5763 καιρίων
3453 5686 3640 5755 ὑπέμε-

2074 5792 2164 5830 νον
2190 5776 2447 5849 στέρησιν
2466 5819 2481 5844 ,
2517 5780 2567 5831 οί
2597 5777 2655 5832 δὲ
2696 5779 3114 5836 κατεδουλοῦντο
3145 5786 3239 5836 καὶ
3265 5784 3342 5846 είς
3374 5775 3636 5846 ἀλλοτρίας

2075 5864 2352 5936 ἐφέροντο,
2377 5868 2427 5922 oi
2456 5867 2537 5935 δὲ,
2567 5868 2712 5932 ὅσοις
2738 5869 2845 5941 ἄρα
2885 5872 3268 5944 φιλάνθρωπον
3299 5867 3582 5939 ἐπέϐλεψεν
3608 5862 3634 5916 δ
