3942 6486
282 352 387 425 945,

1808 354 2009 418 νιΤΑ.

3332 402 3335 405 π
3419 369 3531 435 946

282 464 424 527 Θιδς,
447 455 541 528 τὴν
571 454 945 527 ένεγκαμένην
966 457 1346 525 ἀπολιπόντες,
1370 463 1515 533 φυγῇ
1543 461 1644 532 τὴν
1667 478 1836 535 σωτη.

1952 463 2173 521 abducti
2208 467 2497 524 :nonnulli
2535 483 2684 534 vero,
2711 484 2853 542 quos
2888 473 3049 530 oculo
3077 476 3251 547 magis
3293 477 3531 550 benigno

284 558 391 628 ρίαν
417 546 952 621 ὶπραγματεύσαντω
984 550 1042 604 ἐν
1068 546 1150 612 οἷς
1175 546 1315 623 ἦσαν
1339 553 1428 605 xui.
1458 553 1509 605 oi.
1536 552 1631 607 τοῦ
1665 572 1838 624 μακαο

283 648 389 717 ρίου
416 639 602 696 τούτου
625 640 971 712 γεννήτορες,
1002 640 1055 695 οἳ
1088 642 1179 695 τὸν
1210 643 1376 698 παῖδα
1408 644 1838 715 παραλαϐόντες,

280 738 401 807 πρὸς
425 734 518 803 τὴν
542 729 637 784 τοῦ
670 731 913 796 Πέλοπος
941 732 1186 805 ἔτρεχον,
1206 735 1346 801 ξένοι
1381 737 1665 809 πατρίδος,
1695 737 1840 804 ξένοι

279 826 593 904 χρημάτων,
630 822 724 877 καὶ
775 824 1073 895 ἑταιρείας,
1098 826 1194 881 καὶ
1244 828 1587 895 συγγενείας.
1613 827 1689 883 Οὐ
1731 830 1839 899 μὴν

277 914 417 981 οὗτος
444 919 470 971 6
493 914 668 985 μέγας
699 914 839 985 μετά
861 914 1069 970 τούτων
1101 916 1200 986 τὴν
1220 917 1625 988 Πελοπόννησον
1652 918 1841 991 ἔστερ-

215 1037 217 1040 .
240 1026 260 1108 γ
278 1014 380 1081 ξεν,
413 1008 518 1064 οὐδ’
550 1007 775 1108 ἠγάπα,
805 1006 965 1108 ξένης
1002 1009 1271 1108 πατρίδος⁸
1287 1011 1608 1108 γενόμενος,
1638 1012 1715 1083 μὴ
1739 1013 1840 1081 τὴν

274 1103 375 1158 ἀνω
407 1100 554 1154 πόλιν
597 1098 832 1169 ζητῆσαι
871 1099 961 1153 διά
987 1100 1086 1170 τῆς
1134 1099 1375 1171 ἀληθοῦς
1417 1100 1714 1167 ξενιτείας,
1744 1101 1838 1155 καὶ

273 1197 356 1253 τὸν
382 1194 506 1248 θεὸν
541 1192 722 1264 εὑρεῖν
760 1191 849 1246 διὰ
874 1192 972 1263 τῆς
999 1193 1396 1264 ἀκριϐεστέρας
1438 1194 1711 1259 πολιτείας
1739 1195 1837 1249 καὶ

273 1283 660 1345 καταστάσεως.
686 1282 779 1336 Διὸ
802 1283 897 1337 καὶ
928 1283 1020 1336 τὸν
1054 1281 1232 1337 ἴουλον
1259 1287 1429 1355 μήπω
1453 1285 1640 1357 φέρων
1675 1285 1835 1356 χλοάο

272 1378 439 1442 ζοντα,
472 1373 803 1445 ἀποστέργει
840 1373 940 1446 τὴν
988 1375 1250 1442 Πέλοπος,
1298 1377 1390 1431 καὶ
1425 1377 1561 1448 πρὸς
1589 1376 1689 1449 τὴν
1731 1378 1834 1433 πά-

271 1487 360 1540 σης
399 1465 738 1532 Μακεδονίας
792 1466 1200 1539 ὑπερκειμένην
1240 1469 1395 1523 πόλιν
1424 1469 1648 1541 ἀπαίρει
1696 1470 1832 1523 Θεσ-

270 1559 575 1628 σαλονίκην’
644 1558 732 1614 ἵνα
791 1558 867 1630 μὴ
936 1561 1004 1631 τῇ
1077 1561 1259 1630 σχέσει
1319 1560 1428 1614 τῶν
1492 1562 1835 1631 γεννητόρων

1946 570 2012 611 ac
2049 556 2285 627 propitio
2330 558 2574 630 respexit
2644 559 2808 626 Deus,
2854 564 3032 633 patria
3063 564 3326 624 derelicta
3353 611 3369 637 ,
3404 570 3529 641 fuga

1946 647 2050 704 sibi
2083 649 2312 705 salutem
2343 666 2750 722 comparavere.
2778 653 2922 710 Inter
2946 672 3090 728 quos
3111 657 3334 715 fuerunt
3364 662 3527 719 etiam

1945 739 2089 795 beati
2121 740 2283 811 huius
2314 752 2592 812 parentes,
2612 744 2705 813 qui
2732 745 2922 801 eodem
2967 763 3138 818 puero
3168 751 3349 805 adhuc
3375 768 3532 808 acce-

1941 840 2054 903 pto,
2091 833 2144 887 in
2164 832 2599 905 Peloponnesum
2623 837 2877 893 celeriter
2908 839 3137 911 profecti
3165 849 3318 905 sunt,
3343 852 3533 899 extor-

1942 940 2051 988 res,
2075 925 2193 979 sine
2217 927 2708 996 pecuniis,'amieis
2730 930 2990 987 omnibus
3025 934 3383 1005 cognatisque
3414 935 3530 1005 pri-

1941 1016 2071 1073 vati.
2122 1015 2241 1072 Non
2287 1028 2468 1073 tamen
2521 1035 2753 1092 magnus
2795 1020 3091 1079 hicnoster
3124 1040 3231 1079 una
3272 1041 3397 1081 cum
3422 1025 3531 1081 illis

1939 1107 2302 1177 Peloponnesi
2332 1124 2519 1166 amore
2540 1119 2706 1180 atque
2739 1110 2945 1169 affectu
2980 1124 3177 1184 captus
3218 1126 3326 1182 est,
3382 1131 3535 1188 pere-

1937 1200 2128 1271 grinus
2152 1217 2183 1255 a
2215 1201 2416 1270 patria,
2477 1203 2551 1258 ita
2578 1213 2637 1258 ut
2668 1218 2766 1275 per
2791 1221 2977 1261 veram
3031 1210 3527 1279 peregrinationem

1937 1308 2230 1363 supernam
2253 1293 2530 1350 civitatem
2561 1309 2672 1350 non
2707 1298 3038 1367 requireret,
3063 1309 3117 1354 et
3167 1316 3263 1371 per
3314 1302 3527 1358 studio-

1936 1384 2208 1441 sissimam
2239 1386 2481 1454 politian:
2524 1401 2590 1441 ac
2619 1396 2792 1444 status
2848 1391 3300 1461 tranquillitatem
3350 1393 3520 1449 Deum

1936 1491 2044 1531 non
2077 1476 2370 1533 inveniret.
2406 1477 2697 1547 Propterea
2730 1488 3029 1550 antequam
3055 1484 3228 1552 prima
3262 1486 3525 1556 lanugine

1932 1566 2081 1624 illius
2109 1570 2294 1627 vnitns
2314 1582 2589 1637 vernaret,
2615 1570 2832 1644 Pelopis
2864 1583 3086 1642 terram,
3109 1577 3258 1632 velut
3278 1593 3527 1643 exosam,

266 1650 620 1721 δεσμούμενος
640 1691 653 1713 ,
686 1648 789 1704 ούκ
820 1648 933 1721 ἔχοι
964 1649 1213 1714 εὐπετῶς
1232 1691 1249 1716 ,
1285 1651 1374 1706 διὰ
1409 1653 1504 1722 τῆς
1535 1652 1832 1717 παντελοῦς

1942 1660 2337 1730 derelinquens,
2388 1662 2863 1730 Thessalonicam,
2895 1667 3087 1721 urbem
3135 1668 3307 1737 totius
3347 1667 3529 1725 Mace-

266 1741 601 1815 ἐγκρατείας,
656 1743 795 1815 πρὸς
847 1744 941 1798 τὸν
997 1744 1175 1817 ἀληθῆ
1222 1745 1460 1818 ἐραστὴν
1519 1746 1829 1800 ἀναπετάν-

1929 1748 2106 1804 doniae
2127 1751 2451 1823 principem,
2477 1752 2862 1821 proficiscitur,
2888 1770 2956 1809 ne
2988 1755 3298 1826 genitorem
3326 1755 3527 1811 affectu

265 1834 461 1900 νυσθαι,
479 1835 575 1888 καλ⁵
601 1834 709 1908 ὅλῳ
735 1835 998 1908 φέρεσθαι
1019 1837 1096 1908 τῷ
1124 1837 1331 1909 πτερῷ.
1356 1838 1469 1891 Καὶ
1493 1839 1576 1893 ὅτι
1595 1838 1836 1902 τοιοῦτος

1942 1841 2221 1912 illigatus,
2274 1857 2383 1897 non
2430 1852 2616 1913 posset
2664 1843 2924 1900 facillime
2978 1860 3074 1915 per
3132 1847 3540 1901 continentiam

263 1923 325 1998 ἦν
344 1925 417 1998 τῷ
440 1926 678 1998 γενναίῳ
703 1927 928 1991 σκοπὸς,
958 1927 1053 1982 καὶ
1086 1929 1222 2000 πρὸς
1248 1930 1408 1984 τοῦτο
1442 1931 1600 2000 μόνον
1628 1930 1775 2003 ἐώρα
1800 1932 1837 2003 ἡ

261 2016 618 2092 ἀναχώρησις,
648 2019 918 2093 έδήλωσεν
945 2022 978 2091 ἡ
1008 2020 1105 2075 τοῦ
1128 2019 1457 2092 πράγματος
1482 2022 1725 2087 ἔκϐασις.

1942 1932 2238 2004 perfectam
2268 1932 2335 1987 ad
2372 1949 2561 1987 verum
2598 1943 2897 1992 amatorem
2927 1936 3170 2004 tendere,
3202 1946 3365 2006 atque
3396 1935 3527 1992 libe~

1944 2024 2020 2080 ris
2062 2024 2269 2078 amoris
2312 2025 2398 2079 sui
2433 2026 2537 2080 alis
2572 2026 2797 2081 deferri.
2830 2026 2987 2093 Quod
3029 2042 3160 2082 vero
3205 2027 3326 2083 talis
3365 2025 3529 2081 fuerit

262 2117 495 2189 generosi
526 2116 694 2187 hnjus
727 2126 961 2189 scapus,
996 2126 1051 2173 et
1092 2117 1162 2173 ad
1199 2118 1302 2173 hoc
1340 2118 1519 2175 solum
1581 2117 1883 2190 respexerit
1919 2118 2067 2176 illius
2096 2134 2132 2175 α
2184 2119 2560 2190 Peloponneso
2630 2136 2903 2190 recessus,
2955 2121 3033 2178 rei
3088 2122 3261 2194 ipsius
3300 2130 3528 2178 eventus

263 2214 678 2272 demonstravit.

322 2307 382 2372 ζ’.
413 2307 569 2378 Ἅμα
595 2325 656 2362 τε
690 2308 798 2379 γὰρ
826 2308 923 2379 τήν
946 2308 1351 2382 Θεσσαλονίκην
1391 2312 1655 2367 κατέλαϐε
1682 2351 1698 2377 ,
1743 2314 1838 2369 καὶ

260 2400 449 2464 εὐθέως
472 2400 751 2453 ἐπέδωκεν
777 2400 971 2455 ἑαυτὸν
998 2402 1155 2473 ἀνδρί
1185 2420 1292 2457 τινι
1323 2404 1435 2458 τῶν
1461 2406 1601 2474 ἀγαν
1633 2408 1836 2479 ἐγκρα-

257 2492 357 2546 τῶν
378 2492 467 2545 καὶ
486 2491 678 2559 ὁσίων,
698 2492 755 2556 ὃς
782 2492 870 2546 διὰ
886 2494 946 2546 τὸ
962 2495 1060 2564 τῆς
1085 2497 1287 2566 ἀρετῆς
1312 2497 1522 2567 περιὸν,
1548 2497 1646 2569 τὴν
1668 2516 1833 2569 φρονο

260 2584 367 2638 τίδα
395 2583 501 2638 τῶν
533 2584 820 2654 ἀδελφῶν,
860 2585 911 2639 οἳ
949 2588 1093 2641 κατά
1128 2588 1191 2642 τὸ
1228 2590 1374 2660 ἱερὸν
1417 2595 1836 2665 φροντιστήριον

258 2676 343 2731 τοῦ
373 2677 610 2749 μεγάλου
631 2678 767 2733 Θεοῦ
798 2680 893 2734 καὶ
918 2680 1168 2753 Σωτῆρος
1202 2683 1482 2753 ἠσκοῦντο,
1514 2687 1575 2741 οὐ
1608 2686 1827 2753 διώξας,

258 2770 382 2825 ἀλλά
411 2772 803 2843 πνευματικῶς
834 2772 1086 2844 διωχθεὶς
1108 2817 1123 2841 ,
1158 2777 1449 2843 ἀνεδέξατο
1472 2794 1487 2810 ⁶
1524 2772 1626 2833 ’τοῦ
1657 2782 1830 2835 Λατό-

263 2880 355 2934 μου
385 2862 494 2927 νῦν,
530 2865 603 2919 ἐκ
626 2864 722 2919 τοῦ
764 2868 1133 2939 γεγενημένου
1177 2867 1490 2939 θαύματος,
1519 2870 1580 2924 τὸ
1609 2890 1828 2943 φροντι-

263 2956 466 3036 στήριον
509 2955 869 3027 ὀνομάζεται.
901 2960 1011 3014 Καὶ
1046 2960 1104 3013 ὲν
1130 2959 1303 3031 τούτῳ
1328 2964 1356 3014 6
1384 2962 1557 3032 μέγας
1584 2959 1737 3026 οὗτος
1766 2965 1835 3019 τὰ

259 3048 355 3101 τῶν
386 3049 643 3120 μοναχῶν
676 3050 829 3115 ἐνδὺς
869 3054 896 3105 6
926 3053 1021 3106 καὶ
1053 3053 1162 3107 ἀπὸ
1204 3052 1429 3125 πρώτης
1472 3056 1657 3127 τριχὸς
1688 3056 1841 3113 ἅπαν

2015 2316 2070 2371 7.
2092 2314 2286 2371 Statim
2307 2315 2455 2371 enim
2485 2326 2650 2387 atque
2663 2314 3109 2373 Thessalonicam
3128 2315 3526 2386 pervenit,tra-

1942 2407 2077 2462 didit
2108 2408 2350 2478 seipsnm
2381 2424 2529 2464 cura:
2573 2417 2630 2464 et
2655 2408 3019 2463 moderationi
3059 2407 3343 2477 cujusdam
3396 2406 3522 2469 viri,

1943 2502 2035 2571 qui
2049 2502 2381 2558 abstinentia
2397 2511 2452 2558 et
2465 2502 2664 2574 pietate
2684 2509 2803 2559 erat
2823 2501 3083 2565 eximius,
3108 2509 3161 2556 et
3184 2507 3409 2571 propter
3424 2498 3529 2553 vir-

1943 2591 2078 2647 tutis
2123 2591 2532 2656 excellentiam,
2570 2606 2683 2647 non
2724 2589 3009 2655 affectans,
3032 2589 3128 2646 sed
3170 2590 3526 2661 spiritualiter

1940 2692 2188 2749 coactus,
2215 2694 2539 2756 susceperat
2581 2700 2773 2740 curam
2805 2683 3059 2752 fratrum,
3109 2683 3202 2755 qui
3221 2682 3523 2739 secundum

1937 2791 2158 2832 sacrum
2189 2777 2372 2848 magni
2402 2776 2495 2832 Dei
2513 2792 2581 2834 ac
2602 2775 2901 2833 Salvatoris
2922 2775 3297 2848 magisterium
3348 2790 3413 2831 ac
3440 2773 3524 2831 di—

1938 2866 2227 2938 seiplinam
2251 2868 2670 2925 exercebantur.
2691 2867 2846 2925 Nunc
2858 2868 3065 2931 schola,
3086 2883 3181 2924 seu
3201 2866 3520 2939 praefectura

1944 2956 2180 3023 Latomi,
2202 2974 2270 3014 ex
2296 2959 2616 3015 admirando
2637 2960 2901 3031 quodam,
2936 2959 3032 3029 qui
3058 2959 3263 3024 evenit,
3291 2975 3519 3014 succes-

1946 3047 2207 3112 su,locus
2237 3048 2328 3105 ille
2359 3050 2680 3120 appellatur.
2704 3048 2817 3106 Hoc
2846 3050 2900 3105 in
2936 3050 3267 3105 monasterio
3291 3065 3524 3119 magnus

262 3141 506 3211 σαρκικὸν
566 3142 982 3213 ἀποδυσάμενος
1039 3143 1287 3215 θέλημα,
1350 3145 1510 3200 ποίαν
1567 3148 1669 3218 μὲν
1729 3149 1836 3202 τῶν

1948 3140 2037 3195 hic
2070 3140 2155 3196 vir
2176 3142 2426 3197 monachi
2453 3142 2695 3198 habitum
2725 3150 3147 3210 assumens,eta
3173 3144 3347 3213 prima
3369 3157 3522 3197 coma

261 3231 455 3302 ἀρετῶν
499 3234 566 3287 ού
626 3232 989 3304 κατώρθωσε;
1046 3237 1201 3289 ποῖον
1252 3236 1310 3289 δὲ
1364 3232 1504 3301 εἶδος
1547 3239 1833 3310 ἀσκήσεως

261 3321 701 3392 ὑπερϐαλλόντως
722 3323 821 3377 ούκ
842 3324 1219 3396 ὲξησκήσατος
1252 3325 1329 3390 ώς
1362 3320 1502 3379 εἶναι
1537 3331 1649 3391 τοῖς
1669 3328 1837 3400 ὁρῶσι

261 3413 609 3486 παράδειγμα
635 3456 651 3479 ,
677 3414 774 3469 καὶ
802 3416 913 3478 τοῖς
937 3416 1135 3488 ζηλοῦν
1175 3416 1523 3487 βουλομένοις
1552 3419 1838 3489 ἀκριϐείας

264 3506 427 3576 πάσης
476 3506 812 3579 ἀρχέτυπον.
873 3508 1117 3578 Νηστεία
1175 3507 1284 3580 γάρ
1343 3508 1616 3579 ἐπενοήθη
1663 3509 1838 3581 τούτῳ

262 3599 432 3669 καινὴ,
464 3600 554 3655 ἵνα
577 3601 674 3654 καὶ
699 3600 792 3653 τὸν
820 3599 1020 3670 δεσμὸν
1046 3599 1280 3672 κατέχῃ,
1307 3600 1401 3653 καὶ
1425 3599 1749 3673 διαλανθάνῃ
1778 3601 1839 3655 τὸ

268 3688 701 3760 σπουδαζόμενον
725 3704 740 3720 ο
777 3688 1057 3761 ἀγρυπνία
1088 3690 1287 3761 μικροῦ
1316 3690 1424 3744 δεῖν
1454 3692 1550 3745 καὶ
1572 3692 1838 3745 ἀπιστου-

263 3780 389 3850 μὲνη
410 3783 521 3846 τοῖς
558 3781 936 3853 λογιζομένοις
973 3782 1071 3851 τῆς
1124 3782 1326 3853 σαρκὸς
1352 3782 1453 3853 τὴν
1478 3784 1789 3854 χαυνότητα
1817 3798 1834 3816 ο

262 3872 499 3944 γλώσσης
530 3872 867 3943 κατάσχεσις
890 3872 990 3925 οὐκ
1011 3874 1091 3935 είς
1112 3873 1172 3925 τὸ
1358 3873 1838 3945 πολυπραγμονεῖν

260 3961 320 4016 τά
350 3963 611 4034 ἀλλότρια
656 3964 837 4036 (τοῦτο
870 3965 979 4034 γὰρ
1005 3964 1156 4035 αῦτῷ
1188 3966 1298 4019 ἀπὸ
1349 3966 1541 4029 παιδὸς
1598 3967 1837 4037 μεμελέ·

262 4057 424 4127 τητο),
457 4058 577 4111 ἀλλ’
606 4057 747 4111 ὥστε
783 4058 857 4129 μὴ
889 4056 1253 4125 ἐξακούεσθαι
1274 4056 1375 4124 τὴν
1404 4058 1588 4129 φωνὴν
1612 4061 1725 4123 τοῖς
1758 4059 1836 4131 μὴ

261 4147 493 4219 ἀκριϐῶς
536 4150 677 4223 πρὸς
732 4151 941 4205 ἐκεῖνον
1003 4149 1384 4222 προσέχουσιν,
1432 4150 1461 4203 ὃ
1520 4151 1845 4221 φιλοσοφίας

261 4240 400 4293 ἐστὶν
446 4242 619 4313 ἀρχὴ,
657 4241 857 4312 μᾶλλον
894 4241 951 4295 δὲ
991 4240 1314 4311 φιλοσοφίας
1361 4240 1422 4293 τὸ
1461 4241 1836 4296 τελειότατον·

259 4332 304 4384 εί
346 4333 453 4404 γὰρ
500 4334 682 4406 ἀρχὴν
750 4335 943 4403 σοφίας
992 4333 1155 4403 φόϐον
1204 4332 1346 4386 Θεοῦ
1404 4334 1834 4405 μεμαθήκαμεν,

260 4423 385 4483 Θεοῦ
414 4426 470 4479 δὲ
493 4427 660 4497 φόϐος
690 4426 918 4480 ἐντολῶν
940 4426 1206 4495 ἐπάγεται
1234 4426 1538 4497 πλήρωσιν,
1565 4428 1833 4499 κρατίστη

1944 3232 2027 3303 (ut
2052 3232 2226 3303 aiunt)
2243 3233 2523 3290 universas
2544 3234 2728 3291 carnis
2754 3249 2964 3291 exuens
2993 3235 3301 3290 voluntates
3320 3234 3397 3300 ,in
3415 3250 3532 3305 qua-

1941 3326 2149 3403 virtute’
2169 3341 2491 3396 progressus
2510 3343 2615 3382 non
2646 3327 2773 3384 fecit
2790 3328 2812 3381 ’ί
2831 3334 2887 3383 et
2909 3328 2962 3382 in
2984 3344 3091 3397 qua
3120 3341 3374 3383 asceseos
3394 3342 3519 3397 spe-

1940 3416 2024 3471 cie
2053 3432 2175 3472 sese
2196 3416 2501 3473 eminenter
2519 3433 2628 3473 non
2647 3419 2889 3475 exercuit
2909 3419 3141 3489 illaque
3161 3427 3280 3473 erat
3303 3418 3521 3473 intuen-

1942 3506 2089 3562 tibus
2115 3508 2449 3577 exeinplum,
2483 3518 2537 3564 et
2563 3510 2933 3565 mmulationis
2952 3508 3213 3564 stmliosis
3256 3507 3524 3562 universae

1940 3599 2249 3655 sedulitatis
2273 3601 2626 3673 arebetypus.
2654 3600 2930 3672 J’ejunium
2953 3600 3097 3655 enim
3128 3615 3337 3655 novum
3360 3608 3529 3671 atque

1942 3687 2225 3744 insolitum
2252 3690 2599 3761 excogitavit,
2636 3692 2711 3747 ita
2740 3701 2809 3746 ut
2845 3701 2900 3746 et
2941 3691 3219 3746 vinculum
3243 3690 3522 3756 retineret,

1942 3788 1996 3835 et
2024 3782 2433 3840 studiumillius
2454 3786 2732 3855 singulare
2784 3792 3012 3840 caeteros
3038 3784 3259 3839 lateret.
3315 3782 3526 3853 Vigilia:

1945 3873 2057 3928 fere
2097 3884 2255 3929 erant
2283 3874 2669 3931 ineredilibiles
2699 3876 3173 3931 considerantibus
3202 3875 3387 3931 carnis
3418 3876 3523 3929 im-

1943 3965 2312 4022 becillitatem.
2340 3968 2601 4039 Linguam
2626 3968 2942 4033 cohibebat,
2972 3985 3041 4025 ne
3070 3969 3246 4025 aliena
3270 3969 3411 4024 facta
3430 3985 3526 4023 cu-

1941 4058 2150 4115 riosius
2172 4060 2541 4130 investigaret.
2574 4058 2630 4114 In
2654 4060 2756 4115 hoe
2785 4060 2932 4115 enim
2957 4076 2987 4114 a
3011 4075 3182 4131 puero
3211 4075 3398 4115 curam
3431 4077 3526 4131 po-

1942 4166 2151 4218 suerat,
2187 4169 2286 4207 nee
2312 4168 2415 4208 vox
2452 4154 2574 4222 ejus
2595 4152 2842 4207 exaudiri
2868 4160 3076 4223 poterat
3107 4152 3211 4206 nisi
3238 4153 3308 4206 ab
3338 4153 3404 4206 iis
3427 4151 3522 4221 qui

1941 4251 2148 4297 attente
2174 4257 2369 4296 aurem
2404 4242 2646 4311 loquenti
2676 4241 3037 4308 arrexissent,
3064 4242 3117 4297 id
3149 4246 3297 4311 quod
3343 4242 3523 4312 philo-

1943 4332 2150 4403 sophia:
2183 4342 2267 4387 est
2296 4333 2535 4395 initimn,
2563 4333 2673 4388 imo
2738 4348 2955 4390 summa
3011 4332 3370 4404 pltilOSOphia-
3391 4349 3520 4403 per-

1943 4425 2129 4481 fectio.
2167 4425 2223 4479 Si
2252 4425 2395 4480 enim
2427 4426 2644 4481 initium
2694 4426 2979 4497 sapientia:
2997 4426 3245 4482 timorem
3284 4425 3376 4480 Dei
3402 4440 3522 4479 esse

259 4515 311 4570 δὲ
339 4517 447 4572 τῶν
479 4518 716 4572 ἐντολῶν
749 4518 812 4571 τδ
865 4519 1077 4572 τιθέναι
1128 4517 1299 4589 θύραν
1331 4517 1408 4588 τῷ
1450 4518 1704 4587 στόματι,
1748 4519 1835 4572 ἴνα

1943 4517 2264 4584 didicimus;
2297 4517 2388 4571 Dei
2419 4527 2599 4573 autem
2647 4518 2832 4581 timor,
2863 4527 2923 4572 ut
2968 4516 3215 4587 ejusdem
3265 4515 3519 4570 mandata

264 4608 394 4679 μήτε
417 4610 545 4673 νοῦς
588 4609 799 4679 ἀλόγως
850 4610 1217 4681 ρεμϐἀζηται,
1254 4610 1393 4680 μήτε
1432 4609 1588 4679 λόγος
1633 4610 1837 4681 θυραυ-

261 4698 424 4770 λήσας
476 4701 684 4767 ἔξωθεν
719 4702 930 4772 ἀπηχὲς
979 4705 1060 4765 είς
1109 4701 1436 4770 πολυλογίαν
1495 4703 1837 4775 μετακινήσῃ

260 4794 354 4861 τῆς
384 4794 616 4865 ήτυχίας
667 4793 760 4848 τὸν
810 4792 1070 4865 ἐραστὴν,
1106 4793 1331 4863 εὔδηλον
1382 4793 1514 4863 ἄρα,
1551 4792 1695 4846 κατά
1744 4794 1837 4847 τὸν

262 4882 397 4938 θεῖον
428 4886 615 4953 Δαϐὶδ,
669 4886 745 4950 ώς
800 4888 833 4956 ἡ
886 4885 1101 4957 φυλακὴ
1137 4886 1245 4939 τῶν
1268 4885 1404 4939 ὁδῶν
1441 4884 1535 4938 τοῦ
1567 4884 1704 4939 Θεοῦ
1759 4885 1839 4957 τῷ

261 4974 628 5047 ἀναμαρτήτῳ
658 4976 756 5047 τῆς
783 4975 1031 5047 γλώττης
1064 4975 1447 5029 κατευοδοῦταί
1478 4993 1536 5030 τε
1572 4977 1667 5030 καὶ
1701 4975 1839 5030 πλα-

262 5064 512 5123 τύνεται’
562 5070 628 5140 ἦν
659 5068 1014 5141 κατορθώσας
1058 5070 1086 5122 6
1146 5070 1341 5138 μέγας,
1367 5070 1469 5132 τὰς
1509 5069 1677 5133 ἄλλας
1724 5064 1838 5140 εἶχε

265 5157 367 5211 τῶν
390 5159 605 5231 ἀρετῶν
627 5161 976 5231 ὲφεπομένας
1005 5159 1177 5231 αὐτῷ.
1196 5160 1269 5213 Τὸ
1297 5160 1354 5213 δὲ
1381 5160 1512 5232 περὶ
1539 5161 1638 5232 τὴν
1661 5178 1839 5232 στρω-

267 5247 405 5319 μνὴν
455 5250 804 5322 ἠμελημένον
826 5252 1021 5323 κομιδῇ
1052 5250 1145 5305 καὶ
1173 5250 1338 5316 λιτὸν,
1366 5252 1449 5315 τίς
1485 5250 1659 5317 οὕτως
1691 5254 1840 5307 ἐστὶν

265 5341 443 5412 ἀφυὴς
506 5344 634 5414 περὶ
664 5344 733 5397 τὰ
768 5343 931 5409 καλὰ,
961 5344 1019 5408 ὃς
1050 5343 1125 5414 μὴ
1159 5342 1479 5415 τεθαύμακὲ
1512 5362 1573 5399 τε
1628 5345 1724 5400 καὶ
1751 5346 1839 5413 ἐξ·

266 5433 502 5506 επλάγη,
536 5436 629 5489 καὶ
660 5436 723 5489 τὸ
753 5437 888 5507 πρὸς
927 5437 1121 5501 πόνους
1145 5437 1416 5509 ἀήττητον
1466 5437 1837 5508 ἐμεγάλυνενς

270 5522 505 5593 Ἔδαφος
533 5521 600 5598 ἦν
627 5525 823 5598 ἐκείνῳ
858 5526 1013 5597 ψιλὸν
1040 5528 1074 5598 ή
1117 5530 1398 5599 στρωμνὴ,
1432 5528 1492 5582 ὲν
1513 5519 1559 5594 ᾧ
1578 5527 1641 5580 τὸ
1675 5528 1841 5581 ἀσθε-

267 5615 352 5679 νὲς
374 5618 475 5687 τῆς
502 5618 719 5687 φύσεως
768 5619 1106 5692 διηλέγχετο,
1164 5620 1258 5673 καὶ
1301 5619 1447 5684 λίθος
1480 5620 1543 5674 τὸ
1591 5619 1839 5679 ποθεινὸν

271 5710 750 5778 προσκεφάλαιονο
823 5711 990 5781 ῦμνος
1029 5715 1057 5765 6
1112 5712 1288 5782 πάντη
1341 5712 1702 5785 βραχύτατος,
1748 5714 1839 5768 καὶ

273 5800 412 5856 κατὰ
433 5802 535 5860 τὴν
567 5804 858 5872 ἀναλογίαν
884 5806 982 5874 τῆς
1033 5806 1256 5876 ἐδωδῆς,
1293 5808 1351 5860 ὲν
1453 5806 1713 5872 πολλάκις
1747 5807 1842 5862 καὶ

1941 4610 2295 4681 impleantur,
2332 4610 2480 4673 facit,
2509 4626 2674 4681 porro
2727 4611 3109 4666 mandatorum
3140 4609 3523 4680 praestantissi-

1942 4716 2092 4755 mum
2126 4709 2231 4763 est,
2262 4716 2465 4771 ponere
2494 4703 2574 4756 ori
2607 4701 2855 4772 januam,
2888 4710 2950 4756 ut
2994 4715 3170 4770 neque
3199 4715 3355 4755 mens
3382 4699 3520 4753 irra-

1941 4792 2277 4848 tionabiliter
2297 4802 2575 4862 evagetur,
2610 4808 2788 4864 neque
2831 4794 2972 4849 ratio
3027 4792 3117 4848 cui
3155 4792 3355 4847 domus
3381 4792 3529 4845 inte-

1943 4882 2105 4938 rioris
2119 4882 2366 4938 custodia
2410 4883 2779 4947 inctnnbebat,
2804 4884 2992 4937 eadem
3013 4883 3220 4948 relicta,
3246 4885 3299 4937 in
3329 4883 3519 4937 multi-

1943 4974 2186 5045 loquium
2220 4974 2427 5030 absone
2454 4985 2800 5031 commoveat
2822 4974 3025 5030 silentii
3059 4984 3113 5029 et
3137 4976 3337 5045 quietis
3360 4992 3519 5030 ama-

1942 5077 2161 5133 torem,
2210 5067 2722 5123 manifestissimum
2752 5067 3038 5133 est,jnxta
3086 5066 3257 5122 divini
3299 5068 3521 5123 Bavidis

1940 5158 2187 5225 effatum,
2224 5158 2531 5213 custodiam
2563 5158 2945 5212 mandatorum
2996 5155 3111 5223 Dei,
3164 5158 3236 5224 ei,
3283 5159 3377 5229 qui
3409 5137 3554 5215 nini

1944 5261 2133 5322 peccat
2165 5251 2365 5321 lingua:
2392 5250 2572 5322 lapsu,
2608 5266 2872 5322 prospero
2903 5251 3161 5323 facilique
3199 5266 3362 5306 cursu
3393 5267 3521 5305 sne-

1943 5342 2159 5409 cedere,
2191 5352 2355 5411 atque
2387 5342 2440 5397 in
2491 5343 2903 5412 amplitudinem
2951 5343 3279 5400 commutari
3305 5360 3319 5396 ι
3350 5357 3516 5412 quam

1942 5436 2160 5507 quidem
2192 5434 2500 5491 custodiam
2545 5450 2779 5507 magnus
2831 5436 2919 5491 hic
2958 5436 3147 5492 sedulo
3194 5435 3519 5494 observans.

1944 5529 2173 5584 aliarum
2217 5528 2794 5600 virtutumsequelam
2858 5529 3018 5584 facile
3068 5528 3323 5584 obtinuit.
3365 5528 3531 5596 Quod

1945 5638 2073 5677 vero
2105 5622 2301 5678 attinet
2337 5621 2409 5677 ad
2433 5621 2641 5688 lectuli,
2673 5621 2727 5677 in
2766 5638 2878 5693 quo
2907 5622 3143 5691 jacebat,
3194 5622 3521 5695 neglectum,

1947 5728 2313 5784 magnamque
2346 5714 2627 5780 vilitatem,
2651 5715 2775 5785 quis
2802 5725 2918 5780 erat
2943 5716 3015 5769 ita
3046 5715 3111 5770 ad
3143 5730 3231 5772 res
3262 5715 3524 5770 honestas

1948 5807 2319 5881 dispiciendas
2341 5809 2580 5881 ineptus,
2610 5816 2667 5865 ut
2697 5810 2887 5866 nonin
2902 5807 3317 5867 admirationem
3339 5818 3553 5869 ειιιοορ.
