3978 6606
411 372 515 437 947
1544 377 1603 438 S.
1645 377 1677 437 J
1684 376 1924 437 OSEPH
1936 378 1960 437 Ι

2076 378 2568 442 YMNOGBAPHI
2898 428 2902 434 .
3537 392 3633 459 948

409 496 635 554 remque
664 490 968 553 raperetur,
1006 490 1171 554 atque
1197 481 1344 540 illius
1372 483 1425 538 in
1446 482 1726 539 laboribus
1760 481 1974 538 indel‘es

2094 485 2411 555 μυστηρίων
2445 486 2909 559 παραγυμνώσεις
2939 489 3018 560 τῷ
3070 489 3327 564 πανάγνῳ
3358 491 3539 551 τούτου
3565 489 3633 553 vo’

407 591 532 630 sum
564 576 933 649 invictumque
950 576 1189 632 animum
1208 590 1314 631 non
1338 576 1658 631 extolleret?
1691 575 1816 629 Erat
1834 576 1974 630 illius

2087 576 2465 647 διεγράφοντο.

407 668 577 725 lectus
611 658 814 726 nudum
853 671 1243 742 pavimentum,
1272 672 1325 726 in
1365 686 1474 739 quo
1508 680 1716 726 natura:
1743 670 2032 726 inﬁrmitas
2096 677 2504 732 monstrabatur
2550 694 2563 731 :
2599 678 2738 748 lapis
2769 693 2896 733 vero
2926 694 3026 748 pro
3088 680 3310 750 pulvillo
3374 682 3631 740 desidera-

408 760 531 816 bilis
552 762 912 819 descrvicbat.
954 762 1125 819 Porro
1148 780 1375 819 somnus
1409 773 1526 820 erat
1581 766 2215 850 omninoAbrevissimus,
2244 782 2295 824 et
2326 772 2392 826 ad
2456 783 2616 843 potus
2657 774 2876 844 cibique
2936 791 3249 831 mensuram
3300 793 3361 833 ac
3425 794 3635 850 propor-

406 858 606 913 tionem
648 876 660 913 :
687 858 740 912 in
770 874 835 912 co
866 869 1045 913 autem
1096 873 1240 928 sape
1271 874 1427 915 sacra
1466 862 1721 931 mysteria
1745 847 2055 931 purissima:
2086 863 2233 919 illius
2264 870 2429 923 menti
2451 869 2893 925 denudabantur.

472 949 720 1005 8—9.Alii
744 967 875 1006 sane
914 952 1184 1023 lacrymas
1210 953 1379 1008 instar
1438 956 1699 1011 torrentis
1728 972 1794 1012 ex
1835 957 1974 1011 illius

2162 960 2315 1031 ἠ’-θ’.
2355 964 2547 1027 ’Ἄλλος
2578 965 2675 1034 μὲν
2711 964 2888 1032 οὒνςτὸ
2920 964 3224 1035 καταρρέον
3264 965 3319 1028 ἐξ
3361 965 3639 1036 ὀφθαλμῶν

403 1040 577 1098 oculis
593 1054 906 1100 emanantes
944 1045 1302 1113 admirentur,
1335 1056 1389 1103 et
1422 1063 1659 1118 genuum
1697 1051 1832 1105 adeo
1877 1050 1974 1105 fre-

2091 1052 2415 1125 θαυμαζέτω
2440 1057 2735 1126 κρουνηδδν
2753 1058 3006 1127 δάκρυον,
3042 1058 3134 1109 καὶ
3166 1060 3262 1119 τὰς
3291 1059 3464 1110 πὰντα
3492 1059 3637 1126 λόγον

402 1142 628 1204 quentes
641 1134 1065 1201 incurvationes,
1086 1146 1143 1193 ut
1160 1139 1311 1194 nullo
1326 1154 1495 1210 prope
1506 1155 1761 1196 sermone
1774 1140 1974 1211 possint

2090 1147 2519 1219 ὐπερὸαινούσας
2553 1151 2918 1218 γονυκλισίας,
2945 1150 3021 1213 ὠς
3050 1152 3127 1212 εἰς
3154 1148 3300 1202 λίοοῦ
3324 1152 3484 1220 φύσιν
3517 1169 3639 1206 κατ-

402 1224 694 1288 recenseri,
732 1225 806 1279 ita
840 1236 900 1280 ut
930 1225 1077 1283 illius
1104 1244 1277 1298 genua
1309 1229 1363 1283 in
1404 1229 1599 1300 lapidis
1628 1239 1878 1285 naturam
1899 1230 1985 1285 di-

403 1316 687 1387 riguerint,
708 1318 936 1375 alternis
983 1320 1052 1375 ad
1092 1319 1262 1376 Deum
1308 1321 1619 1392 colloquiis,
1647 1331 1702 1378 et
1719 1323 1981 1389 motibus,

400 1423 465 1463 ac
498 1409 825 1466 stationibus
846 1426 942 1481 per
974 1419 1139 1468 totam
1183 1422 1396 1469 noctem
1426 1414 1688 1471 adhibitis
1730 1432 1744 1470 :
1790 1416 1979 1486 palpe-

402 1499 510 1553 brae
541 1514 667 1553 vero
695 1514 761 1556 ac
790 1501 1080 1571 supercilia
1114 1518 1178 1573 es
1236 1505 1458 1560 assiduo
1492 1513 1655 1576 atque
1706 1504 1979 1561 immenso

400 1588 763 1661 lacrymarum
810 1592 984 1648 imbre
1013 1604 1412 1651 excavarentur
1474 1611 1539 1652 ac
1583 1596 1973 1668 depilarentur.

399 1682 505 1737 Alii
530 1696 659 1738 vero
716 1684 1210 1741 eminentissimam
1266 1687 1415 1761 illius
1449 1688 1832 1755 humilitatem,
1866 1705 1972 1760 qua

2088 1241 2411 1311 εσκληκέναι
2464 1241 2532 1298 τά
2601 1244 2800 1310 γόνατα
2855 1244 2977 1306 ταῖς
3026 1242 3450 1314 ἀλλεπαλλήλοις
3512 1247 3637 1317 πρὸς

2086 1331 2220 1385 Θεὸν
2256 1331 2615 1404 ἀδολεσχίαις,
2676 1333 2772 1387 καὶ
2818 1334 2939 1395 ταῖς
2971 1333 3265 1403 παννύχοις
3318 1334 3556 1405 κινήσεσί
3582 1354 3637 1389 τε

2085 1425 2179 1477 καὶ
2213 1424 2454 1490 στάσεσι,
2484 1424 2581 1487 τάς
2614 1442 2673 1477 τε
2707 1424 2968 1494 ψιλώσας
3005 1424 3113 1478 τῶν
3138 1424 3474 1495 βλεφαρίδων
3511 1427 3636 1495 μετά

2084 1517 2418 1589 κοιλότητος,
2453 1520 2516 1571 ἐκ
2545 1518 2644 1588 τῆς
2678 1518 2908 1589 ἀπείρου
2939 1517 3048 1571 τῶν
3072 1518 3323 1589 δακρύων
3347 1517 3639 1589 ὀμὸροϐλυ-

2081 1613 2312 1680 τήσεως.
2346 1611 2537 1673 Ἀλλος
2575 1610 2631 1664 δέ
2652 1611 2712 1664 τὸ
2740 1611 3078 1680 ὑπερβάλλον
3114 1611 3218 1681 τῆς
3246 1594 3639 1677 ταπεινὼσὲως,

2080 1704 2229 1767 ὅπως
2255 1705 2351 1758 καὶ
2376 1704 2489 1766 τοῖς
2514 1703 2920 1772 ταπεινοτέροις
2954 1702 3143 1773 μέχρις
3175 1701 3408 1772 ἐδάφους
3435 1701 3532 1770 τὴν
3557 1718 3639 1754 σε-

396 1773 479 1829 vel
516 1774 715 1832 intimis
741 1778 1113 1834 venerandum
1144 1788 1310 1848 caput
1338 1780 1406 1835 ad
1441 1788 1674 1836 terrram
1694 1796 1871 1853 usque
1890 1783 1974 1837 in-

2084 1798 2327 1869 ϐασμίαν
2364 1802 2542 1868 κάραν
2567 1798 2824 1853 ὐπέκλινε
2853 1814 2867 1829 ·
2897 1796 2993 1851 καὶ
3024 1798 3191 1849 πᾶσιν
3228 1794 3428 1861 ἐπίσης
3456 1792 3523 1846 τὰ
3548 1792 3640 1861 τῆς

398 1865 660 1931 nlinabat,
688 1876 744 1924 et
783 1883 910 1939 erga
939 1881 1167 1935 cunctos
1205 1872 1469 1942 aequalem
1519 1872 1839 1928 charitatem
1885 1889 1983 1930 cu-

397 1958 687 2027 stodiebat,
723 1962 868 2016 nulla
907 1962 1260 2019 distinctione
1300 1963 1465 2030 facta,
1501 1973 1717 2021 servata
1766 1979 1982 2036 semper

396 2064 521 2120 erga
558 2066 745 2107 omnes
780 2053 1106 2110 immutabili
1164 2056 1386 2111 unione.
1434 2056 1539 2112 Alii
1575 2067 1758 2114 autem
1804 2057 1982 2114 conti-

398 2141 658 2208 nentiam,
693 2159 758 2200 ac
780 2144 947 2200 nullis
974 2145 1295 2215 dissipatam
1330 2148 1747 2217 evagationibus
1773 2149 1979 2218 cogita-

398 2233 624 2288 tionem.
654 2233 864 2290 Etenim
896 2251 1018 2292 cum
1042 2237 1143 2307 legi
1175 2240 1372 2295 mentis
1413 2239 1585 2310 legem
1605 2242 1789 2296 carnis
1807 2242 1980 2296 collu-

396 2332 632 2379 ctantem
657 2342 721 2382 ac
750 2338 1147 2398 repugnantem
1177 2330 1405 2395 videret,
1428 2332 1586 2402 juxta
1610 2333 1789 2404 magni
1828 2334 1975 2403 Apo-

401 2418 525 2472 stoli
554 2419 819 2487 dictum‘,
863 2430 978 2475 toto
1006 2422 1174 2481 animi
1223 2432 1421 2478 conatu
1448 2424 1503 2478 in
1557 2424 1727 2497 legem
1770 2425 1861 2481 Dei
1899 2426 1977 2483 fe-

405 2507 645 2575 rebatur,
669 2524 733 2563 ne
749 2524 973 2579 serpens
992 2510 1104 2576 ille,
1127 2511 1242 2584 qui,
1265 2514 1421 2583 juxta
1450 2530 1709 2586 magnum
1732 2518 1977 2573 veritatis

400 2601 702 2670 agonistam
727 2600 850 2670 Job,
886 2604 1086 2659 residet
1111 2604 1163 2658 in
1192 2606 1447 2663 umbilico
1497 2609 1720 2674 ventris,
1766 2612 1978 2680 passio-

400 2706 500 2747 nes
522 2708 779 2749 venercas
802 2695 851 2748 in
881 2697 1105 2753 renibus
1119 2698 1365 2754 excitans
1393 2699 1519 2768 illis,
1546 2701 1638 2771 qui
1665 2703 1809 2757 circa
1828 2714 1977 2760 exte-

397 2785 571 2839 riores
614 2801 806 2843 sensus
835 2800 1117 2859 vagantur,
1143 2789 1197 2844 in
1232 2789 1379 2847 illius
1405 2800 1640 2848 mentem
1667 2793 1972 2863 ingressum

400 2877 682 2947 reperiret.

471 2968 559 3022 10.
593 2969 696 3024 Alii
743 2970 1015 3027 intensum
1048 2972 1195 3029 illius
1253 2974 1696 3046 indefessumque
1723 2976 1775 3031 in
1830 2977 1973 3048 psal-

398 3061 501 3115 mis
522 3069 577 3116 et
594 3063 808 3133 hymnis
824 3064 1176 3121 concinendis
1198 3065 1436 3121 laborem
1454 3068 1805 3139 studiumque
1823 3084 1976 3126 com-

403 3153 679 3219 mendent,
704 3170 1137 3228 generosumque
1163 3146 1468 3228 agonistam
1499 3158 1697 3215 divinis
1720 3160 1974 3217 laudibus
2003 3132 2047 3192 c

2026 3326 2031 3331 γ
2078 3262 2207 3333 περὶ
2258 3262 2381 3322 τοὺς
2413 3258 2606 3326 λόγους
2646 3252 3067 3325 μεγαλυνέτω...
3115 3248 3263 3309 ὅπως
3300 3243 3382 3307 ὡς
3424 3238 3637 3333 μέλισσα

396 3244 681 3304 extollant.
729 3246 834 3300 Alii
876 3247 1356 3319 incomparabilem
1415 3249 1469 3304 in
1520 3250 1794 3320 loquendo
1842 3251 1978 3307 scri-

399 3336 684 3407 bendoque
716 3338 1022 3395 facundiam
1059 3343 1307 3397 oratione
1348 3342 1749 3409 concelebrent,
1776 3344 1976 3413 quippe

399 3429 490 3497 qui
517 3440 772 3499 tanquam
797 3430 915 3501 apis
944 3446 1222 3487 sacrarum
1255 3432 1660 3504 Scripturarum
1684 3443 1837 3504 prata
1867 3435 1975 3489 cir-

398 3521 785 3587 cnmvolitans,
804 3532 856 3577 et
888 3524 1281 3593 pulcherrimos
1296 3529 1641 3598 optimosque
1673 3526 1833 3585 ﬂores
1861 3528 1977 3583 dis-

397 3623 547 3669 crcte
566 3613 844 3683 colligens,
887 3631 1105 3671 omnem
1148 3618 1406 3675 virtutum
1459 3620 1763 3689 speciemin
1790 3620 1973 3691 seipse

400 3706 749 3762 melliticavit.
772 3706 1048 3764 Castitatis
1072 3710 1287 3781 quidem
1312 3727 1373 3766 ac
1394 3713 1767 3782 temperantia;
1790 3728 1975 3769 exem-

402 3800 719 3870 plar-habuit
748 3803 1113 3858 castissimum
1141 3802 1374 3874 Ioseph;
1406 3806 1563 3875 cujus
1592 3806 1643 3859 in
1671 3805 1973 3861 aﬂ‘ectioni-

401 3898 502 3949 bus
533 3895 845 3965 subigendis
878 3896 1215 3952 severitatem
1238 3896 1478 3953 imitatus
1509 3907 1612 3963 est,
1646 3912 1749 3951 non
1777 3897 1971 3952 adver-

398 4006 494 4046 sus
522 3989 828 4061 Egyptiam
868 3989 1122 4044 feminam
1183 4005 1304 4045 sese
1348 3989 1644 4046 defendens
1692 4006 1757 4045 ac
1812 4007 1971 4062 repu-

399 4098 594 4152 gnans,
620 4083 712 4138 sed
741 4082 1003 4137 adversus
1028 4092 1329 4151 peccatum,
1352 4083 1508 4148 juxta
1536 4083 1705 4138 divini
1724 4083 1967 4153 Apostoli

399 4175 771 4247 praescriptum
798 4177 842 4240 ’,
876 4189 1052 4243 usque
1082 4176 1148 4229 ad
1180 4175 1502 4244 sanguinem
1534 4176 1830 4233 resistenss
1855 4193 1968 4232 non

398 4266 618 4336 pallium
646 4280 851 4320 exuens
916 4278 985 4327 ac
1038 4263 1313 4333 rejiciens,
1366 4264 1965 4335 ut’impudentissinm

397 4357 643 4413 mulieris
670 4372 793 4412 sese
828 4355 895 4410 ad
920 4354 1101 4424 turpia
1146 4354 1433 4411 allicientis
1470 4370 1664 4409 manus
1686 4355 1961 4427 eii‘ugeret,

2081 1894 2301 1966 ἀγάπης
2352 1894 2609 1964 ἐτήρησε,
2661 1890 2932 1964 μηδεμίαν
2972 1886 3299 1958 ποιούμενος
3338 1883 3635 1955 διαστολὴν,

2079 1986 2167 2039 διὰ
2198 1987 2297 2055 τὴν
2327 1985 2463 2055 πρὸς
2503 1983 2710 2045 πάντας
2763 1980 3159 2050 ἀμετάπτωτον
3202 1976 3423 2030 ἕνωσιν.
3460 1975 3638 2036 ΙἌλλος,-

2078 2079 2139 2133 τὸ
2190 2078 2477 2148 ἐγκρατὲς,
2520 2077 2613 2130 καὶ
2669 2075 2728 2129 τὸ
2766 2074 2865 2144 τῆς
2897 2071 3135 2134 διανοίας
3170 2068 3515 2138 ἀνέμϐατον⁹
3566 2066 3638 2136 τῷ

2077 2171 2226 2241 νόμῳ
2246 2169 2355 2240 γάρ
2377 2169 2470 2222 τοῦ
2497 2167 2615 2230 νοὸς
2643 2163 3196 2235 ἀντιστρατευόμενον
3220 2160 3436 2228 βλέπων
3454 2158 3544 2211 τὸν
3564 2156 3642 2209 νό-

2081 2281 2179 2333 μον
2208 2263 2308 2331 τῆς
2340 2260 2563 2330 σαρκδς,
2600 2261 2627 2313 ὃ
2656 2276 2820 2329 φησιν
2870 2260 2898 2311 ό
2921 2256 3094 2327 μέγας
3129 2252 3478 2314 Ἀπόστολος,
3530 2249 3639 2311 ὅλος

2076 2354 2154 2425 τῷ
2171 2355 2321 2424 νόμῳ
2348 2351 2439 2406 τοῦ
2459 2351 2594 2405 Θεοῦ
2619 2348 2982 2419 ἀνεπτέρωτο,
3006 2347 3091 2399 ἴνα
3128 2344 3203 2415 μὴ
3237 2343 3394 2413 σχοίη
3420 2340 3630 2411 παρείσ-

2074 2446 2225 2499 δυσιν
2256 2446 2305 2507 ό,
2354 2442 2495 2496 κατά
2549 2441 2639 2494 τὸν
2688 2439 2859 2510 μέγαν
2895 2439 2995 2508 τῆς
3042 2436 3301 2508 ἀληθείας
3346 2430 3638 2501 ἀγωνιστὴν

2086 2537 2227 2601 Ἰὼϐ,
2268 2536 2396 2605 παρ’
2436 2532 2664 2605 ὀμφαλῷ
2698 2531 2935 2601 γαστρός
2962 2530 3225 2593 ὲνιζάνων
3278 2526 3426 2595 ὄφις,
3460 2524 3553 2577 καὶ
3579 2520 3639 2576 τά

2076 2629 2402 2702 περινέφρια
2427 2627 2574 2695 πάθη
2606 2623 2879 2679 ἀνακινῶν
2908 2624 3019 2686 τοῖς
3059 2616 3494 2692 ρεμὸαζομένοις
3517 2612 3637 2686 περὶ

2076 2722 2173 2792 τὴν
2204 2720 2403 2786 ἔξωθεν
2437 2719 2712 2785 αἴσθησιν.

2148 2985 2199 3039 ι’.
2237 2982 2428 3045 Ἀλλος
2462 2979 2522 3032 τὸ
2550 2980 2608 3031 ἐν
2636 2976 2871 3047 ψαλμοῖς
2899 2974 2994 3027 καὶ
3034 2971 3227 3044 ὕμνοις
3256 2966 3537 3023 ἀνένδοτόν
3579 2978 3632 3016 τε

2078 3078 2172 3131 καὶ
2200 3076 2451 3129 σύντονον
2514 3068 2879 3142 ρητορευέτω,
2935 3065 3032 3118 καὶ
3076 3060 3345 3126 θειαζέτω
3383 3058 3474 3111 τὸν
3524 3056 3636 3123 γεν-

2077 3171 2225 3226 ναῖον
2266 3164 2571 3236 ἀγωνιστήν
2596 3180 2610 3195 ·
2650 3163 2746 3220 καὶ
2793 3161 2824 3213 ό
2869 3160 2967 3230 μὲν
3020 3156 3081 3211 τὸ
3124 3154 3403 3225 ἀμίμητον
3440 3146 3635 3202 ἐκείνου

2075 3327 2199 3416 τοῦς
2227 3349 2492 3420 λειμῶνας
2536 3346 2645 3399 τῶν
2700 3342 2928 3414 Γραφῶν
2953 3336 3435 3426 *περιιπτάμενοῇ
3463 3330 3552 3385 καὶ
3578 3327 3638 3426 τὰ

2077 3440 2339 3497 κάλλιστα
2381 3436 2489 3491 τῶν
2548 3434 2756 3488 ἀνθέων
2809 3420 3079 3502 εὐκρινῶς
3112 3425 3500 3495 ἐκλεγόμενος,
3536 3420 3635 3472 πᾶν

2076 3531 2215 3596 εἶδος
2242 3531 2441 3602 ἀρετῆς
2474 3531 2529 3582 ἐν
2559 3526 2735 3597 ἐαυτῷ
2765 3526 3068 3593 ἐκεράσατο
3090 3538 3105 3554 ο
3148 3517 3510 3592 σωφροσύνης
3545 3511 3634 3602 μὲν

2075 3617 2214 3683 εἶδος
2247 3618 2340 3672 καὶ
2373 3617 2597 3685 ἁγνείας
2629 3616 2769 3686 ἔχων
2804 3614 2894 3667 τὸν
2929 3612 3182 3683 σώφρονα
3222 3608 3451 3679 Ἰωσὴφ,
3494 3605 3553 3659 οὐ
3582 3601 3637 3657 τδ

2075 3713 2212 3785 πρὸς
2251 3711 2321 3764 τὰ
2352 3709 2501 3778 πάθη
2538 3707 2815 3761 ἀνένδοτον
2860 3702 3311 3776 ἀπομιμούμενος
3368 3697 3632 3769 τέθηπεν,

2073 3805 2135 3860 οὐ
2170 3802 2309 3875 πρὸς
2355 3800 2659 3870 Αἰγυπτίαν
2701 3797 3143 3869 ἀπομαχόμενος,
3192 3792 3328 3849 ἀλλά
3378 3809 3513 3865 προς
3547 3791 3636 3859 τὴν

2072 3896 2370 3968 ἁμαρτίαν,
2403 3891 2476 3955 ὡς
2508 3892 2536 3945 ὁ
2583 3890 2722 3952 θεῖος
2772 3888 3117 3943 διατάττεται
3166 3882 3514 3948 ’Δπόστολος,
3545 3879 3636 3951 μέ-

2072 4004 2194 4061 χρις
2224 3987 2455 4057 αἵματος
2498 3981 3017 4050 ἀντικαθιστάμενος
3047 3996 3059 4009 ·
3095 3978 3194 4049 οὐχ
3242 3975 3461 4047 ἱμάτιον
3505 3973 3635 4027 ἀπο-

2070 4081 2349 4153 δυόμενος,
2378 4076 2465 4131 ἴνα
2504 4075 2651 4147 φύγῃ
2678 4078 2864 4145 χεῖρας
2900 4071 3123 4134 σοδάδος
3157 4067 3531 4139 ἐφελκομένης
3558 4064 3630 4123 εἰς

2071 4173 2249 4227 ἀτοπα
2275 4212 2290 4237 ,
2315 4168 2451 4224 ἀλλά
2479 4168 2657 4237 σάρκα
2686 4167 2866 4218 πᾶσαν
2914 4164 3003 4218 διά
3040 4163 3138 4233 τῆς
3195 4158 3523 4232 ἐγκρατείας
3557 4171 3634 4207 νεα

2074 4264 2242 4334 κρῶν,
2282 4262 2368 4315 ἵνα
2416 4260 2512 4314 καὶ
2580 4256 2784 4329 μικρὰς
2836 4255 3085 4319 εἰσϐολὰς
3122 4254 3409 4326 ἀποδράσῃ
3454 4249 3545 4303 τοῦ
3576 4246 3637 4301 δι’

2073 4354 2380 4426 αίσθήσεων
2411 4349 2908 4423 παρακλέπτοντος.
2953 4345 3148 4400 Ἰακὼῦ
3182 4345 3237 4399 δὲ
3269 4345 3331 4398 τὸ
3375 4343 3637 4398 ἄπλαστον

396 4450 490 4506 sed
505 4463 721 4507 carnem
740 4458 905 4505 totam
919 4463 1015 4518 per
1029 4447 1418 4502 continentiam
1439 4446 1794 4511 mortiﬁcans,
1811 4457 1868 4502 ut
1885 4448 1969 4503 vel

2080 4448 2173 4502 καὶ
2201 4447 2479 4517 ἀκέραιον,
2512 4443 2573 4497 οὐ
2604 4441 2852 4496 κλέπτων
2880 4439 3133 4508 εὐλογίας
3166 4439 3374 4509 πατρὸς
3414 4436 3480 4489 δι’
3513 4436 3639 4488 ὐποο

396 4543 656 4598 minimos
683 4544 919 4612 impetus
949 4540 1201 4597 evaderet
1230 4539 1377 4596 illius
1404 4540 1496 4609 qui
1528 4539 1713 4593 furtim
1732 4556 1826 4609 per
1842 4556 1969 4595 sen-

395 4652 493 4693 sus
516 4636 834 4706 ingreditur.
867 4633 1054 4689 Jacobi
1074 4643 1251 4689 autem
1282 4632 1681 4703 simplicitatem
1742 4649 1806 4688 ac
1857 4633 1969 4687 sin-

399 4729 677 4785 ceritatem
719 4728 962 4782 imitatus
1005 4735 1107 4792 est,
1137 4743 1243 4783 non
1292 4725 1439 4780 furto
1483 4725 1751 4794 arripiens
1802 4726 1973 4793 patris

396 4820 799 4877 benedictioncs
830 4836 927 4891 per
960 4821 1384 4892 suppositionem
1421 4821 1630 4884 matris,
1679 4833 1851 4889 neque
1881 4818 1972 4873 fu-

398 4915 551 4985 giens
579 4914 649 4969 ab
683 4912 954 4983 Esau,qui
985 4914 1145 4967 etiam
1171 4922 1461 4981 antequam
1484 4923 1816 4973 nasceretur,
1844 4911 1970 4964 odio

402 5006 619 5059 habitus
645 5014 752 5070 est,
788 5005 883 5060 sed
908 5018 1003 5075 per
1039 5004 1131 5059 Dei
1165 5002 1462 5059 Ecclesiam
1520 5017 1550 5056 a
1583 5016 1692 5071 qua
1734 5001 1968 5056 dilectus

397 5109 503 5164 est,
537 5107 590 5153 et
610 5113 773 5170 quam
793 5098 909 5169 ipse
928 5114 1147 5169 quoque
1166 5106 1355 5152 mutuo
1371 5096 1584 5161 dilexit,
1605 5096 1964 5166 primogenita

358 5176 365 5225 ί
401 5192 794 5247 benedictionis
818 5200 1119 5254 assecutus,
1147 5200 1207 5245 ut
1238 5206 1330 5257 per
1359 5188 1740 5245 suavissimam
1795 5190 1953 5260 bym-

398 5284 618 5340 uodiam
647 5282 817 5339 Deum
858 5283 1402 5349 benediceret,quam
1438 5281 1551 5350 ipse
1592 5280 1969 5351 primogenitis

397 5390 609 5439 eorum,
639 5375 732 5444 qui
765 5374 818 5429 in
857 5373 1009 5435 cmlis
1063 5371 1353 5440 conscripti
1377 5380 1528 5434 sunt,
1559 5371 1874 5427 dulcissimo
1906 5388 1969 5427 ac

401 5465 754 5523 festivissime
794 5477 968 5519 metro
1011 5465 1355 5531 composuit:
1410 5464 1765 5533 supplantans
1813 5464 1968 5517 mali-

397 5575 585 5631 gnum,
623 5568 677 5615 et
705 5560 772 5614 ab
800 5574 867 5613 eo
899 5556 1086 5628 procul
1123 5554 1352 5625 fugiens,
1394 5566 1453 5611 ut
1488 5565 1667 5611 mente
1696 5556 1764 5610 ab
1817 5556 1966 5611 omni

396 5653 807 5723 perturbatione
840 5652 1005 5704 libera
1036 5648 1202 5703 Deum
1240 5649 1513 5717 laudaret,
1554 5648 1841 5719 eidemque
1876 5663 1964 5705 se-

470 5827 491 5870 ι
512 5824 670 5887 Rom.
700 5842 797 5894 vlt,
828 5826 918 5883 25.
984 5827 1003 5856 ³
1024 5825 1189 5891 Hebr.
1221 5842 1323 5891 xtl,
1377 5826 1439 5891 4.,
1503 5904 1509 5910 ρ

2081 4540 2256 4609 θήκης
2285 4537 2512 4608 μητρὸς,
2545 4534 2666 4589 οὐδὲ
2695 4532 3016 4603 ἀποτρέχων
3066 4529 3237 4584 Ἠσαῦ
3279 4530 3373 4583 τὸν
3406 4544 3635 4599 μεμιση-

2083 4632 2241 4703 μένον
2280 4629 2375 4683 καὶ
2411 4627 2515 4698 πρὸ
2547 4626 2811 4695 γενέσεως
2834 4642 2845 4655 ·
2881 4622 3017 4677 ἀλλά
3054 4621 3141 4675 διά
3188 4622 3289 4692 τῆς
3313 4621 3476 4675 αὐτὸν
3506 4621 3635 4688 ἢγα-

2079 4722 2321 4794 πηκυίας
2379 4720 2454 4784 ὡς
2507 4716 2981 4786 ἀνταγαπωμὲνης
3039 4714 3369 4784 Ἐκκλησὶας
3415 4711 3547 4766 Θεοῦ
3575 4707 3637 4761 τὰ

2078 4811 2420 4887 πρωτοτόκια
2442 4813 2541 4882 τῆς
2583 4808 2831 4877 εὐλογίας
2853 4805 3054 4873 λαϐὼν,
3089 4806 3165 4871 ὡς
3217 4805 3465 4877 εὐλογοίη
3515 4803 3637 4857 Θεὸν,

2076 4906 2163 4959 διὰ
2191 4908 2288 4976 τῆς
2311 4901 2581 4974 ἐμμελοῦς
2614 4899 2909 4971 ὐμνῳδίας,
2949 4900 3013 4969 ἢν
3052 4898 3215 4962 αὐτὸς
3263 4901 3378 4963 τοῖς
3434 4911 3635 4967 πρωτοο

2075 4999 2253 5062 τόκοις
2274 4997 2380 5050 τῶν
2409 4999 2466 5050 ἐν
2493 4995 2742 5065 οὐρανοῖς
2772 4992 3157 5062 ἐγγραφέντων
3181 4992 3471 5062 εὐρύθμως
3506 4989 3635 5056 ἄγαν

2075 5090 2332 5160 ἀνέθηκε,
2400 5086 2692 5157 πτερνίσας
2741 5085 2830 5138 τὸν
2888 5084 3122 5155 πονηρὸν
3183 5084 3277 5136 καὶ
3326 5083 3632 5152 ἀποτρέχων

2075 5183 2358 5256 πόρρωθεν
2399 5180 2462 5246 ἐξ
2515 5177 2701 5242 αὐτοῦ,
2752 5178 2838 5231 ἵνα
2897 5177 2975 5248 τῷ
3029 5176 3362 5248 ἀρεμὸάστῳ
3387 5174 3466 5228 νοῒ
3507 5173 3628 5227 Θεὸν

2075 5275 2290 5348 ὐμνοίη,
2352 5274 2448 5328 καὶ
2510 5271 2681 5341 τούτῳ
2731 5271 2905 5324 ὲνοῖτο
2976 5269 3118 5323 κατά
3166 5268 3263 5338 τὴν
3314 5267 3636 5336 ἀδιάτμητον

2075 5370 2308 5437 κίνησιν.
2338 5365 2592 5436 Ἀϐραάμ
2610 5364 2671 5416 τὸ
2698 5361 3081 5432 μεταϐατικὸν,
3110 5361 3204 5413 καὶ
3234 5360 3367 5428 πρὸς
3391 5356 3627 5423 ὑπακοὴν

2075 5459 2310 5531 Χριστοῦ
2338 5454 2753 5532 ἑτοιμό[τα]τον,
2798 5456 2899 5509 οὐκ
2928 5456 2994 5507 ἐκ
3045 5451 3329 5505 Χαλδαίων
3361 5449 3627 5518 ἀπαίρων,

2075 5554 2169 5608 καὶ
2207 5553 2309 5625 τὴν
2362 5550 2727 5619 Παλαιστίνην
2785 5547 3155 5619 ἐργαζόμενος
3207 5546 3442 5615 οἴκησιν,
3501 5538 3629 5593 ἀλλὰ

2076 5647 2258 5717 σχέσιν
2288 5646 2486 5715 γονέων
2514 5643 2775 5715 δευτέραν
2814 5640 2949 5703 Θεοῦ
2993 5638 3372 5716 λογισάμενος,
3430 5631 3628 5695 mihi
