3978 6582
248 400 355 464 9ὶ9
1808 401 1860 461 VT

1967 424 2004 464 ι.
3418 405 3537 468 9.50-

242 507 403 562 τοῦτο
435 507 503 560 τά
552 505 846 579 περιπέζια
905 505 1083 560 πάντα
1133 505 1361 577 θέμενος
1407 508 1483 573 ώς
1536 508 1709 576 οὐδὲν,
1743 510 1835 563 τὸν

1975 512 2183 568 αηίίιιηι
2218 512 2573 569 insccabilem
2649 521 2815 583 atque
2851 512 3263 583 inseparabilem
3317 524 3526 572 motum

248 602 582 673 μονότροπον
611 602 724 672 βίον
757 600 844 654 ἐπ’
878 599 1142 673 ἀλλοτρίᾳ
1171 599 1528 672 προκέκρικε.

1967 604 2214 656 miretur.
2247 601 2417 656 Porro
2437 601 2813 657 Abrahamum
2846 612 3088 659 sectatus
3116 612 3200 658 est
3231 605 3282 659 in
3315 607 3531 677 paterni

155 722 159 727 ’
244 696 347 752 soli
376 694 825 758 commutatimne,
852 704 905 749 et
923 692 1327 765 promptissima
1350 709 1476 765 erga
1502 693 1781 751 Christum
1802 694 2133 759 obedientia,
2172 709 2278 749 non
2308 694 2525 764 quidem
2557 709 2624 749 es
2663 693 3044 750 Chalda~orum
3079 696 3299 767 regione
3351 698 3533 754 disce-

244 791 404 854 dens,
439 798 493 844 et
522 790 575 843 in
622 788 967 843 Palmstinam
1006 786 1377 857 proﬁciscens,
1429 787 1632 842 ibidem
1680 803 1832 843 suam
1874 790 2056 844 sedem
2084 789 2488 854 collocaturus;
2515 790 2609 844 sed
2676 786 2932 843 allectum
2962 805 3091 858 erga
3161 799 3414 859 parentes
3448 792 3535 845 di-

244 886 374 939 vino
426 883 598 937 amori
664 880 1098 951 posthabentlnm
1143 881 1486 949 existimans,
1522 889 1576 938 et
1623 890 1909 953 propterea
1951 892 2210 952 tanquam
2272 881 2504 936 nihilum
2550 882 2804 937 universa
2862 883 2979 937 haec
3036 883 3293 939 inferiora
3363 894 3528 954 atque

244 974 474 1031 humilia
511 974 740 1035 ducens.
777 973 1076 1043 simplicem
1131 973 1344 1028 vivendi
1405 974 1509 1029 sibi
1561 974 1664 1044 ipsi
1706 974 1974 1028 rationem
2000 975 2193 1030 alienis
2223 975 2371 1028 curis
2403 974 2743 1044 negotiisque
2775 975 3098 1045 prmposuit.

319 1071 411 1121 ια’.
451 1066 562 1119 Καὶ
591 1063 647 1117 τί
696 1063 779 1117 δεῖ
806 1064 933 1127 τοὺς
992 1063 1335 1119 καθέκαστον
1395 1064 1691 1131 ἐξετάζειν,
1740 1066 1837 1119 καὶ⁵

249 1156 626 1229 παραϐάλλειν
662 1154 876 1219 τούτοις
911 1155 1095 1222 αὐτὸν,
1130 1155 1273 1209 κατά
1293 1156 1387 1211 τὸν
1430 1157 1838 1229 μυστικώτερον

246 1250 409 1319 λόγον
458 1248 559 1320 τῆς
608 1246 983 1317 ἀνυψώσεωςς
1027 1248 1196 1303 Οὐδέν
1252 1250 1404 1303 ἐστιν
1447 1250 1839 1323 ἐπαινούμενον

245 1346 313 1413 τῇ
352 1343 543 1412 Γραφῇ
572 1340 601 1394 δ
639 1338 718 1412 μη
766 1338 953 1412 τούτῳ
987 1339 1342 1412 κατωρθοῦτο
1365 1357 1381 1372 ·
1416 1342 1590 1405 οὐδεὶς
1632 1343 1690 1395 ὲν
1734 1359 1839 1397 πα-

246 1434 433 1497 λαιαῖς
459 1432 725 1505 ἱστορίαις
754 1431 1118 1504 ὑμνούμενος,
1137 1433 1195 1487 ὂν
1214 1434 1314 1487 οὐκ
1337 1435 1546 1498 ἐκεῖνος
1572 1435 1836 1507 ἐζήλωσε.

248 1531 364 1582 Καὶ
397 1528 485 1581 ἵνα
518 1526 726 1581 συνέλω
763 1526 825 1580 τὸ
879 1527 1011 1590 πᾶν,
1062 1524 1294 1597 σύρροιά
1333 1542 1417 1589 τις
1458 1521 1525 1596 ἦν
1575 1526 1783 1598 ἀρετῶν
1813 1527 1841 1578 ὁ

130 1649 137 1655 -
248 1620 467 1673 ἐκείνου
502 1617 640 1689 βίος,
669 1617 764 1671 καὶ
809 1616 871 1671 ού
904 1617 1143 1689 μιμητὸν
1191 1616 1327 1690 πρὸς
1362 1618 1652 1689 ἀκρίϐειαν
1705 1618 1843 1685 diro-

247 1711 491 1782 τύπωμα
536 1713 646 1775 τοῖς
710 1708 1060 1780 βουλομένοις
1094 1708 1199 1762 κᾶν
1255 1708 1413 1777 ὀλίγα
1464 1707 1573 1761 τῶν
1631 1707 1844 1761 ἐκείνου

248 1801 719 1873 ἀπομιμήσασθαι
742 1816 757 1833 ο
800 1799 923 1855 ὅθεν
957 1801 1048 1854 καὶ
1081 1800 1159 1870 τῷ
1189 1798 1497 1870 προεστῶτι
1543 1800 1645 1867 τῆς
1678 1799 1851 1870 μονῆς

2018 1067 2105 1122 11.
2137 1064 2242 1121 Sed
2272 1067 2404 1137 quid
2436 1082 2575 1137 opus
2633 1076 2716 1122 est
2763 1068 3011 1138 singulos
3068 1083 3419 1132 enumerare,
3480 1080 3535 1125 et

1945 1160 2178 1231 mystico
2218 1174 2526 1229 areanoque
2547 1160 2815 1217 orationis
2850 1176 3049 1229 genere
3107 1162 3359 1216 eumdem
3405 1160 3532 1219 εσσε

1946 1252 2117 1307 rendo
2155 1252 2261 1307 illis
2291 1252 2649 1322 comparare?
2678 1250 2824 1307 Nihil
2865 1262 2951 1309 est
2974 1255 3120 1325 quod
3158 1255 3212 1309 in
3242 1254 3413 1311 sacris
3442 1272 3537 1311 vo—

1947 1342 2248 1398 luminibus
2307 1341 2467 1397 laude
2496 1340 2723 1413 dignum
2764 1344 3087 1413 praedicetur
3115 1346 3263 1414 quod
3316 1346 3386 1399 ab
3432 1346 3537 1399 hoe

1945 1430 2196 1486 effectum
2233 1433 2298 1486 ad
2328 1434 2592 1487 amussim
2635 1448 2743 1487 non
2777 1433 2866 1489 sit.
2897 1433 3068 1489 Nemo
3100 1435 3153 1489 in
3182 1438 3427 1507 antiquis
3456 1438 3540 1492 hi-

1951 1526 2138 1582 storiis
2168 1526 2497 1594 celebratur,
2540 1542 2706 1598 quem
2740 1528 2827 1584 hic
2853 1530 3143 1584 aemulatus
3192 1548 3301 1586 non
3346 1532 3534 1589 fuerit.

1951 1618 2039 1681 Et,
2078 1627 2136 1673 ut
2170 1620 2354 1674 omnia
2384 1621 2550 1676 verbo
2604 1622 2961 1692 complectar,
3014 1625 3271 1680 cumulus
3315 1625 3538 1695 quidam

1951 1720 2005 1765 et
2033 1712 2316 1782 congeries
2348 1712 2608 1769 virtutum
2657 1722 2774 1768 erat
2798 1713 2958 1770 istius
2992 1716 3119 1781 vita,
3142 1725 3199 1771 et
3238 1727 3538 1787 quantum-

1956 1806 2039 1859 vis
2071 1804 2270 1875 aliquis
2290 1806 2481 1860 sedulo
2498 1816 2811 1872 conaretur,
2830 1806 2914 1862 vel
2948 1808 3171 1863 minime
3200 1809 3374 1879 ipsius
3398 1810 3540 1865 facta

246 1898 355 1967 τῆς
389 1895 593 1965 πολλῆς
648 1892 1077 1964 σκληραγωγίας
1123 1892 1429 1963 ὲπετιμᾶτο
1454 1933 1469 1959 ,
1513 1893 1848 1947 παθοκτόνον

1967 1908 2005 1954 ξι
2035 1898 2285 1965 virtutes,
2305 1909 2561 1968 tanquam
2585 1911 2792 1971 typum,
2820 1900 3367 1970 propositasimitari,
3390 1904 3541 1960 nullo

248 1989 467 2057 λέγοντι
511 1985 611 2057 τὴν
664 1985 941 2056 νηστείαν,
988 1986 1050 2040 οὐ
1106 1986 1557 2057 σωματοκτόνον,
1605 1983 1692 2038 διὰ
1731 1985 1835 2055 τὴν

250 2084 359 2149 τῆς
401 2079 622 2150 φύσεως
651 2076 984 2147 οἰκειότητα.
1030 2076 1249 2148 ’Δμέλει
1288 2076 1383 2132 καὶ
1431 2077 1611 2131 πάντα
1647 2076 1852 2148 τρόπον

252 2174 509 2228 ὑπείκειν
556 2170 918 2243 μεμαθηκὼς,
977 2171 1073 2225 καὶ
1123 2170 1266 2224 κατὰ
1318 2169 1485 2241 μηδὲν
1546 2169 1854 2238 ἀντιλέγειν

250 2270 372 2331 τοῖς
405 2265 567 2321 αὑτὸν
602 2264 890 2333 ὲνάγουσιν
920 2262 999 2327 εἰς
1028 2263 1360 2316 ταπείνωσιν
1383 2302 1399 2328 ,
1449 2261 1510 2317 τὸ
1549 2279 1853 2335 προστετα-

254 2359 466 2431 γμένον
518 2358 717 2425 ἐποίει,
771 2357 869 2411 xci.
918 2356 1028 2410 τῶν
1081 2356 1503 2429 προσκειμένων
1554 2358 1853 2427 ἐφήπτετο,

256 2456 443 2509 πάντα
487 2457 567 2518 εἰς
600 2456 757 2524 δόξαν
782 2453 919 2510 Θεοῦ
943 2456 1039 2509 καὶ
1057 2454 1517 2527 συλλογιζόμενος
1544 2455 1639 2512 καὶ
1660 2456 1851 2511 ποιῶν.

268 2550 341 2602 Ὀ
371 2549 466 2603 καὶ
500 2547 662 2612 αὐτὸς
711 2549 741 2602 ὀ
767 2546 1050 2621 προεστὼς
1081 2547 1339 2616 ἐγνωκὼς
1363 2589 1378 2613 ,
1419 2547 1515 2602 καλ⁸
1548 2548 1729 2619 πάσης
1761 2549 1859 2603 ἀν-

260 2641 551 2715 θρωπίνης
580 2641 792 2708 ἐννοίας
842 2642 954 2697 ἀνω
999 2640 1092 2694 τὸν
1157 2641 1334 2711 μέγαν
1367 2639 1710 2704 καταλαϐὼν,
1754 2641 1857 2694 έπ-

261 2734 444 2789 έτεινε
486 2734 689 2806 μᾶλλον
744 2734 881 2808 πρὸς
934 2733 1033 2806 τὴν
1062 2732 1239 2805 ὁρμὴν
1286 2732 1380 2787 τοῦ
1430 2732 1599 2788 καλοῦ
1641 2731 1735 2787 καὶ
1758 2736 1859 2803 τῆς

262 2825 567 2897 καλλίστης
592 2826 859 2899 ὀρέξεως·
909 2826 987 2890 ὡς
1037 2825 1131 2878 καί
1162 2842 1293 2879 ποτε
1351 2825 1715 2896 συνηγμένοις
1745 2827 1859 2889 τοῖς

232 2919 517 2989 ’ἀδελφοῖς
568 2922 625 2973 ὲν
658 2919 869 2991 ταυτῷ,
920 2918 1112 2972 τούτου
1147 2918 1213 2988 δὴ
1264 2918 1428 2988 μόνου
1465 2916 1559 2971 τοῦ
1617 2916 1858 2989 μεγάλου

262 3012 526 3076 ἀπόντος,
559 3012 1023 3085 προφητικώτατα
1053 3010 1310 3078 ἐξειπεῖν,
1340 3009 1415 3075 ώς
1444 3030 1461 3061 ι
1487 3004 1656 3074 Οὗτος
1685 3011 1712 3062 ὁ
1736 3009 1859 3081 μεί-

270 3102 399 3174 ραξ,
446 3100 684 3173 Χριστοῦ
711 3100 806 3157 τοῦ
841 3101 1098 3172 ἀληθινοῦ
1147 3099 1285 3154 Θεοῦ
1320 3101 1470 3154 ἐστιν
1509 3100 1717 3173 ἀληθὴς
1754 3118 1861 3173 μαο

269 3192 470 3264 θητὴς,
503 3195 601 3247 καὶ
642 3193 752 3246 τῶν
780 3192 949 3249 αὐτοῦ
978 3192 1301 3263 θελημάτων
1345 3191 1733 3265 ὲκπληρωτὴς,
1763 3192 1860 3246 καὶ

1954 2002 2134 2045 tamen
2179 2001 2338 2063 pacto
2361 1994 2409 2047 id
2462 1993 2680 2063 assequi
2703 2002 2937 2063 poterat.
2973 1992 3365 2061 Quamobrem,
3395 2006 3449 2051 et
3472 1998 3545 2051 ob

1955 2083 2216 2139 eximiam
2277 2085 2400 2139 vitae
2448 2086 2801 2155 asperitatem
2856 2100 2887 2142 a
2939 2087 3265 2143 monasterii
3316 2087 3546 2158 pra2side

1954 2175 2230 2245 quondam
2268 2175 2596 2246 redargutns
2629 2185 2733 2241 est,
2758 2177 2853 2248 qui
2882 2177 3118 2245 dicebat,
3134 2177 3407 2247 jejunium
3438 2172 3537 2233 de;

1956 2269 2088 2324 bere
2123 2283 2244 2323 esse
2278 2268 3070 2340 interfectorem—passionum,
3122 2287 3229 2326 non
3271 2273 3543 2341 corporis,

1958 2370 2180 2432 propter
2236 2372 2448 2416 natura:
2494 2361 2944 2433 conjunctioncm
2998 2373 3163 2433 atque
3202 2364 3543 2419 alIinitatem.

1958 2453 2262 2520 Postremo,
2298 2468 2421 2509 cum
2453 2454 2505 2508 in
2535 2454 2793 2509 omnibus
2812 2470 3032 2524 semper
3056 2454 3249 2510 cedere
3267 2454 3547 2511 didicisset

1959 2558 2125 2618 atque
2159 2548 2306 2603 nulla
2356 2562 2580 2617 prorsus
2631 2546 2687 2601 in
2727 2563 2787 2602 re
2838 2548 2960 2603 aliis
3016 2548 3414 2612 contradicere,
3451 2551 3546 2618 qui

1959 2641 2036 2697 illi
2050 2640 2386 2711 humilitatis
2406 2640 2753 2694 occasionem
2781 2639 3169 2709 praabuissent,
3202 2656 3547 2711 quacunque

1960 2710 2223 2801 imperata
2282 2724 2539 2795 fuissent,
2602 2727 2798 2784 sedulo
2854 2710 3277 2799 exsequebatur,
3320 2737 3375 2785 et
3425 2745 3549 2799 qua:

1961 2824 2427 2895 proponebantur,
2469 2821 2816 2892 capessebat,
2873 2822 3141 2877 omniaad
3171 2821 3267 2878 Dei
3317 2822 3547 2893 gloriam

1961 2924 2014 2968 et
2043 2912 2249 2969 I‘aeiens
2278 2922 2331 2966 et
2364 2912 2636 2981 cogitans.
2712 2911 2868 2978 Quod
2927 2928 3054 2968 cum
3092 2912 3181 2967 ille
3228 2912 3394 2977 idem,
3453 2911 3546 2981 qui

1963 3006 2179 3061 caeteris
2206 3014 2454 3074 praterat,
2478 3003 2816 3073 agnovisset,
2843 3012 2898 3060 et
2919 3020 3175 3074 magnum
3200 3004 3345 3059 hunc
3370 3003 3548 3059 virum

1963 3096 2099 3152 nihil
2124 3096 2424 3150 humanum
2455 3103 2551 3149 aut
2584 3104 2861 3150 terrenum
2908 3104 3087 3150 mente
3130 3095 3337 3163 agitare
3391 3094 3579 3152 como‘

1965 3188 2219 3259 perisset,
2252 3187 2533 3242 intentiori
2569 3187 2754 3242 studio
2789 3186 2857 3242 ad
2896 3187 3117 3241 virtutis
3174 3187 3546 3252 honestatem,

267 3251 506 3356 ἐν.
536 3284 832 3357 καταμένει
871 3251 1306 3353 Πνεῦμαηᾶγιον,
1341 3284 1370 3337 ὃ
1404 3251 1749 3356 καῖ’λαλήσει
1772 3284 1860 3341 διὰ

1967 3251 2129 3351 atque
2160 3281 2226 3334 ad
2256 3278 2465 3349 Optima
2494 3293 2725 3350 quaeque
2752 3279 3053 3349 expetenda
3081 3280 3328 3335 animum
3351 3251 3551 3332 adver-

266 3379 366 3432 τοῦ
420 3381 689 3450 στόματος
741 3379 1136 3451 μελῳδήματα,
1176 3379 1357 3434 πάντα
1396 3380 1764 3451 περιηχοῦντα
1792 3378 1860 3432 τὰ

273 3471 515 3544 πέρατα.
557 3489 578 3524 ι

268 3566 494 3638 pbetico
524 3564 715 3637 spiritu
791 3566 1098 3623 vaticinans
1150 3566 1276 3622 ait:
1318 3585 1338 3619 ι
1394 3565 1728 3622 Adolescens
1782 3565 1889 3621 iste

1970 3374 2053 3429 tit.
2088 3373 2278 3441 Itaque
2308 3370 2397 3426 die
2426 3370 2687 3441 quadam,
2729 3369 2993 3426 iratribus
3025 3372 3079 3427 in
3104 3387 3275 3447 unum
3304 3385 3545 3441 congre-

1967 3469 2128 3539 gatis,
2150 3482 2260 3523 uno
2288 3477 2501 3522 tantum
2527 3482 2727 3537 magno
2745 3475 2935 3521 nostro
2966 3468 3191 3523 absente
3216 3468 3398 3522 futura
3423 3481 3551 3537 pro.

1964 3579 2127 3619 verus
2160 3571 2246 3617 est
2304 3560 2512 3617 Christi
2562 3562 2677 3617 veri
2726 3559 2821 3616 Dei
2875 3560 3203 3631 discipulus,
3253 3570 3310 3617 et
3356 3562 3555 3617 divina:

268 3663 451 3733 ipsius
484 3662 779 3718 voluntatis
798 3662 1125 3733 completor,
1159 3662 1295 3717 etin
1330 3675 1397 3716 eo
1432 3662 1638 3717 residet
1658 3659 1897 3733 Spiritus
1925 3668 2174 3723 sanctus,
2212 3658 2307 3729 qui
2347 3673 2444 3728 per
2478 3671 2542 3712 os
2611 3656 2759 3712 illius
2786 3656 3149 3713 suavissimas
3210 3657 3449 3728 hymnos
3482 3656 3557 3712 lo-

268 3764 497 3827 quetur,
528 3754 621 3826 qni
655 3769 751 3825 per
783 3753 1073 3811 universos
1107 3754 1262 3811 orbis
1290 3764 1450 3810 terra:
1479 3755 1615 3809 lines
1646 3753 2041 3809 resonabunt.»

350 3847 439 3921 ιβ’.
486 3848 627 3903 Ἀλλ’
654 3846 800 3902 οὓτω
832 3849 932 3920 μὲν
957 3843 1051 3903 οὖν
1074 3843 1223 3921 εἶχεν
1253 3851 1461 3914 ἐκεῖνος
1488 3851 1516 3904 ὁ
1538 3849 1679 3913 θεῖος
1696 3849 1862 3921 ἀνὴρ,

271 3942 377 3997 καὶ
396 3939 541 3995 οὕτω
581 3938 681 4012 μία
712 3956 797 4005 τις
828 3939 1130 4011 σύγκρασις
1185 3936 1253 4013 ἦν
1300 3941 1534 4014 ἀρετῶν,
1570 3939 1630 4007 ἐξ
1664 3936 1741 3995 ὧν
1770 3941 1867 3995 καὶ

276 4032 495 4105 βιϐλίον
523 4032 585 4087 τδ
610 4032 799 4105 νοερὸν
816 4034 917 4105 τῆς
946 4032 1129 4105 ψυχῆς
1150 4032 1550 4105 ἀπειργάσατο,
1574 4036 1716 4086 κατὰ
1738 4034 1867 4097 τοὺς

275 4128 507 4193 εὐφυεῖς
527 4124 637 4180 τῶν
668 4125 856 4197 κηρῶν
884 4123 1033 4180 ἅπαν
1061 4120 1204 4190 εἶδος
1244 4125 1589 4197 μαθημάτων
1617 4125 1871 4194 ἀποματ-

276 4216 535 4286 τόμενος.
566 4214 730 4287 Ψυχὴ
756 4217 863 4288 γὰρ
912 4217 978 4269 ὲκ
1014 4217 1241 4287 πρώτης
1288 4216 1388 4287 τῆς
1428 4216 1605 4288 ἀρχῆς
1655 4216 1867 4270 ἐνοικον

279 4311 494 4383 σχοῦσα
526 4310 684 4373 Θεὸν,
712 4308 781 4363 τά
801 4308 1013 4362 ἐκείνου
1039 4309 1136 4363 καὶ
1161 4309 1363 4382 μελετᾷ
1382 4309 1477 4363 καὶ
1506 4308 1863 4379 φαντάζεται,

250 4402 454 4475 ἀπρὶξ
484 4398 911 4469 ἐναδολεσχοῦσα
946 4401 1060 4463 τοῖς
1098 4398 1265 4454 αὐτοῦ
1299 4398 1704 4471 δικαιώμασιν·
1739 4401 1866 4454 ἐπεὶ

277 4496 379 4548 καὶ
408 4492 585 4555 ἄλλως
638 4491 699 4544 τὸ
740 4489 1003 4562 φρούριον
1029 4492 1129 4562 τῆς
1165 4490 1365 4563 ψυχῆς,
1417 4492 1737 4564 ἐγκρατείᾳ.
1772 4491 1867 4545 καὶ

2036 3847 2126 3903 12.
2161 3846 2237 3902 Ita
2264 3845 2484 3917 quidem
2515 3858 2637 3901 sese
2685 3843 2923 3899 habebat
2939 3843 3161 3900 divinus
3200 3842 3291 3900 hic
3320 3844 3427 3910 vir,
3463 3853 3553 3901 at-

1963 3955 2071 4011 que
2100 3939 2175 3996 ita
2198 3954 2302 3994 una
2331 3937 2579 4009 quaedam
2605 3945 2727 3993 erat
2757 3935 2906 3990 illius
2928 3936 3193 3991 virtutum
3232 3944 3553 4009 contempe-

1966 4032 2107 4087 ratlo
2130 4039 2188 4087 et
2214 4028 2553 4099 conjunctio,
2604 4043 2672 4084 ex
2702 4028 2906 4098 quibus
2938 4027 3105 4083 veluti
3127 4030 3420 4099 quemdam
3442 4030 3555 4101 spi~

1968 4122 2218 4180 ritualem
2256 4122 2456 4177 librum
2486 4120 2813 4191 composuit,
2858 4121 3016 4190 juxta
3054 4135 3206 4191 apes,
3241 4138 3365 4193 qua:
3394 4137 3554 4179 ceras

1972 4214 2306 4273 industriose
2352 4214 2647 4281 fabricant,
2699 4230 2861 4270 omne
2904 4215 3321 4286 disciplinarum
3381 4232 3555 4289 genus

1970 4306 2313 4380 congerendo
2377 4314 2542 4376 atque
2586 4305 2964 4376 exprimendo.
3041 4307 3235 4363 Anima
3290 4309 3436 4364 enim
3485 4312 3556 4365 ab

1972 4401 2105 4471 ipsis
2133 4399 2377 4456 exordiis
2396 4398 2567 4455 Deum
2596 4398 2929 4469 inquilinum
2963 4398 3194 4465 habens,
3224 4416 3312 4456 res
3344 4400 3556 4458 divinas

1972 4492 2193 4549 assidua
2224 4491 2578 4547 meditatione
2607 4496 2662 4547 et
2688 4488 3025 4562 cogitatione
3054 4493 3321 4560 revolvit,
3355 4492 3557 4547 tenaci-

277 4586 535 4657 νηστείᾳ,
577 4583 677 4637 καὶ
723 4581 1006 4655 ἀγρυπνίᾳ
1044 4562 1323 4655 ὀχυρωθὲν
1363 4562 1646 4653 ἀσφαλῶς,
1681 4562 1860 4637 ἀνεπί-

1980 4590 2064 4636 ter
2115 4590 2300 4637 mente
2331 4580 2613 4636 inhaerens
2651 4580 2801 4635 illius
2834 4580 3341 4651 justiﬁeationibus,
3382 4598 3557 4653 quan-
3596 4562 3621 4589 ¹

279 4678 450 4731 ϐατον
475 4676 827 4730 παντάπασιν
850 4670 919 4747 ἦν
936 4677 1047 4738 τοῖς
1069 4674 1268 4741 ἔξωθεν
1299 4676 1663 4747 ῥεμϐασμοῖς.
1682 4676 1869 4748 Ταύτῃ

279 4788 366 4823 τοι
404 4769 501 4822 καὶ
544 4766 729 4839 θαῦμα
778 4762 847 4837 ἦν
892 4766 1091 4839 Ἰωσὴφ
1140 4768 1256 4831 τοῖς
1286 4767 1500 4840 -ὀρῶσιν
1531 4769 1731 4822 αύτόνο
1775 4771 1872 4823 καὶ

282 4862 396 4915 πᾶν
430 4861 528 4929 μὶν
570 4858 697 4914 ἀλλο
724 4860 917 4932 ἠμέλει
957 4862 1010 4913 τι
1055 4861 1405 4932 παράδειγμα
1426 4879 1441 4892 ’
1486 4862 1625 4933 πρὸς
1653 4862 1784 4919 ἄλλο
1813 4861 1872 4915 δέ

280 4970 341 5007 τι
368 4951 525 5006 οὐδὲν
556 4951 871 5006 ἀπέϐλεπεν
909 4949 1281 5023 ἀποτύπωμα,
1310 4952 1428 5007 ἀλλ’
1470 4952 1504 5024 ἢ
1536 4952 1675 5024 πρὸς
1710 4952 1873 5023 μόνον

285 5044 382 5100 τδν
428 5045 628 5115 Ἰωσήφ
651 5061 665 5075 ·
705 5040 863 5109 οὗτος
894 5043 1002 5116 γὰρ
1037 5045 1133 5099 καὶ
1160 5043 1462 5116 ὁρώμενος,
1498 5045 1664 5099 είκὼν
1693 5043 1874 5109 ώρᾶτο

288 5137 392 5207 τῆς
441 5136 665 5207 ἀρετῆς,
701 5138 796 5189 καὶ⁵
844 5135 1025 5190 λαλῶν
1072 5136 1414 5208 γλυκυτέραν
1472 5137 1690 5208 μέλιτος
1720 5136 1874 5207 ἠφίει

291 5226 503 5297 φωνὴν.
532 5227 635 5281 κάν
667 5228 788 5289 ταῖς
821 5226 988 5281 αὐτοῦ
1036 5227 1424 5298 παραινέσεσιν
1472 5226 1621 5281 ἆπαν
1670 5226 1875 5296 βιϐλίον

292 5314 562 5390 ⁴ιιμέλητοί
607 5318 765 5373 Ἐπεὶ⁸
816 5319 869 5374 τί
899 5318 978 5390 μὴ
1006 5319 1135 5389 παρ’
1165 5318 1359 5389 ἐκείνῳ
1385 5317 1520 5388 asa;
1557 5317 1621 5370 El
1652 5318 1876 5387 σαφηνί-

292 5412 411 5477 ζειν
442 5410 552 5465 ἔδει
593 5411 757 5483 βάθος
803 5410 1060 5482 Γραφῶν,
1112 5410 1189 5481 τῷ
1222 5410 1338 5480 ἡδεῖ
1360 5410 1455 5465 τοῦ
1515 5410 1726 5482 ῥυθμοῦ
1776 5410 1877 5477 τὰς

295 5505 682 5578 μυθευομένας
711 5504 977 5575 Σειρῆνας
1003 5504 1357 5575 ἀπέκρυπτεν
1381 5520 1395 5534 ·
1424 5502 1491 5557 ἂν
1518 5504 1710 5574 ἠθικὸν
1740 5520 1877 5573 προ-

295 5600 469 5654 έτεινε
491 5599 670 5668 λόγον,
699 5599 817 5670 ἅμα
849 5597 927 5669 τῷ
954 5599 1098 5669 λόγῳ
1122 5596 1295 5651 καὶτὸ
1320 5598 1491 5662 πάθος
1515 5599 1865 5654 κατέστελλε.

298 5691 540 5762 Χάριτες
586 5686 729 5763 ἦσαν
756 5690 834 5761 τῷ
868 5692 1078 5745 ἐκείνου
1135 5690 1552 5763 ὑποκαθήμεναι
1605 5692 1874 5764 στόματιο

299 5781 538 5852 εστησαν
595 5779 832 5852 πρώτως
864 5782 922 5833 αἰ
977 5780 1179 5852 κρῆναι
1214 5779 1435 5850 ῥέουσαι
1468 5782 1711 5854 νάματα,
1741 5784 1776 5857 ἢ
1820 5785 1881 5839 τὸ

300 5873 518 5928 ικείνου
552 5873 729 5942 στόμα
759 5871 1050 5942 πελαγίζον
1072 5873 1141 5927 τὰ
1171 5872 1436 5943 δόγματα.

1973 4669 2287 4740 doquidem,
2319 4670 2453 4726 alias
2490 4670 2689 4727 animae
2725 4672 3040 4741 praesidium
3086 4674 3443 4742 continentia,
3473 4675 3557 4741 ie-

1968 4762 2127 4834 junio
2156 4764 2465 4835 vigiliisque
2500 4766 2772 4820 munitum
2803 4780 2868 4821 ac
2895 4766 3193 4832 ﬁrmatum,
3226 4768 3553 4839 impervium

1975 4853 2339 4925 undequaque
2355 4862 2495 4922 erat,
2512 4864 2567 4911 et
2591 4857 2953 4912 exterioribus
2972 4857 3387 4927 evagationibus
3403 4874 3558 4929 pror-

1976 4960 2074 5002 sus
2099 4945 2459 5003 inaccessnm.
2488 4946 2675 5018 Itaque
2700 4957 2756 5003 et
2789 4948 3115 5004 miraculum
3149 4949 3554 5019 eratJosephus

1979 5052 2100 5094 sese
2123 5036 2483 5100 intuentibus,
2516 5048 2571 5093 et
2590 5053 2754 5094 omne
2788 5040 2937 5094 aliud
2972 5042 3283 5110 exemplum
3313 5044 3553 5112 neglige-

1978 5132 2158 5195 batur,
2178 5146 2354 5201 neque
2368 5139 2489 5186 erat
2506 5130 2600 5201 qui
2628 5130 2696 5187 ad
2722 5131 2892 5186 ullum
2921 5133 3109 5197 alium,
3128 5148 3292 5204 quem
3316 5133 3560 5191 imitare.

1980 5232 2089 5288 tnr,
2107 5223 2294 5278 oculos
2312 5229 3049 5294 converteret,pra:terquam
3068 5226 3133 5279 ad
3153 5242 3321 5280 unum
3332 5224 3557 5297 inseph.

1978 5318 2117 5372 Cum
2141 5316 2287 5371 enim
2320 5316 2408 5371 ille
2435 5325 2774 5383 cerneretur,
2797 5317 2963 5373 simul
3016 5318 3183 5374 etiam
3221 5319 3443 5375 virtutis
3478 5322 3558 5374 si-

1982 5411 2286 5465 mulacrum
2334 5408 2687 5476 cernebatur,
2747 5418 2802 5465 et
2830 5409 2960 5474 dum
3026 5412 3365 5480 loqueretur,
3402 5413 3561 5469 melle

1981 5503 2291 5558 suaviorem
2314 5515 2502 5557 vocem
2520 5502 2818 5569 emittebat,
2850 5513 2905 5558 et
2922 5519 3032 5574 pra:
3055 5505 3200 5560 illius
3222 5504 3561 5561 adhortatio.

1982 5595 2167 5660 nibus,
2226 5592 2409 5665 quivis
2452 5593 2593 5649 alius
2634 5593 2772 5650 liber
2826 5596 2979 5666 parvi
3028 5595 3352 5652 ducebatur.
3421 5596 3561 5654 Nam

1982 5688 2113 5760 quid
2143 5702 2251 5744 non
2270 5686 2324 5743 in
2348 5685 2442 5743 illo
2462 5686 2620 5743 dulce
2642 5696 2763 5743 erat
2793 5700 2858 5744 ac
2876 5690 3069 5747 suave?
3085 5684 3381 5746 Saerarum
3416 5689 3562 5747 Scri-

1983 5792 2267 5854 pturarum
2301 5779 2625 5852 profundam
2661 5781 3053 5838 obscuritatem
3103 5782 3385 5840 declarare
3425 5797 3563 5853 opus

1985 5874 2127 5932 erat?
2154 5873 2412 5947 Rhythmi
2438 5875 2707 5933 suavitate
2735 5873 3106 5932 fabulosarum
3141 5875 3395 5933 Sirenum
3429 5891 3560 5931 can-
