3978 6640
460 419 560 487 951

1585 431 1645 493 S.
1682 430 1999 493 JOSEPHI
2038 429 2605 493 HYMNOGRAPHI
3210 474 3221 479 -
3590 434 3677 501 952

454 549 575 596 tum
603 538 676 597 ita
697 542 1091 613 superabat,ut
1119 541 1281 600 etiam
1307 546 1627 603 occultaret.
1668 547 1926 604 Moralem
1971 564 2279 605 sermonem
2312 551 2364 604 in
2431 549 2667 605 medium
2717 549 3064 619 proferebat?
3112 550 3288 606 Animi
3359 552 3571 610 allectus
3630 575 3681 615 ac

460 646 645 695 motus
678 638 925 696 oratione
945 640 1323 711 componebat.
1354 640 1552 698 Gratize
1600 642 1733 714 ipsa:
1778 645 1828 698 in
1874 645 2019 701 illius
2056 660 2150 701 ore
2175 647 2572 709 insidebant,et
2595 645 2745 717 prius
2785 644 3019 700 fontium
3044 647 3448 703 decurrentium
3507 651 3681 709 llnmta

460 732 739 787 stetissent
761 732 1004 797 immota,
1023 748 1187 803 quam
1215 748 1277 786 ex
1297 733 1441 789 illius
1464 749 1559 788 ore
1593 750 1743 790 saera
1773 737 2024 807 dogmata
2066 737 2332 809 profluere
2357 750 2519 810 atque
2555 754 2813 794 emanare
2835 746 3169 794 cessassent.

533 827 621 881 13.
657 825 794 882 Cum
829 827 951 882 talis
984 834 1128 882 esset
1153 826 1376 898 Juseph,
1438 828 1714 899 tantisque
1767 832 2027 886 virtutum
2060 836 2106 892 Α

462 933 527 974 ac
552 916 852 973 cmlestium
876 917 1141 973 donorum
1174 918 1593 975 charismatibus
1615 920 1913 991 effulgeret,
1948 938 2035 976 sa-

461 1010 688 1066 cerdotii
717 1010 942 1079 gradum
968 1010 1122 1066 avide
1146 1026 1250 1065 non
1275 1012 1518 1080 appetiit,
1552 1023 1646 1067 aut
1669 1015 1890 1080 invasit,
1910 1031 2036 1069 san-

462 1100 533 1154 cti
582 1100 818 1169 Spiritus
847 1100 1226 1170 dignissimum
1253 1103 1457 1157 donum
1491 1120 1596 1157 non
1633 1104 1924 1172 all‘ectavit,
1973 1121 2035 1161 ac

462 1194 822 1265 pmpinquam
868 1193 976 1251 Deo
1004 1195 1320 1265 dignitatem
1358 1198 1585 1266 tempori
1620 1213 1724 1251 non
1753 1210 1835 1253 est
1860 1198 2032 1253 snﬂ‘u~

463 1296 656 1353 ratus;
689 1288 819 1355 quin
854 1288 1031 1359 potius
1062 1304 1091 1343 a
1150 1288 1412 1360 dignitate
1452 1290 1565 1360 ipsa
1628 1291 1923 1361 requisitus
1974 1306 2037 1347 ac

462 1387 684 1434 coactus
713 1389 813 1446 est,
846 1379 1112 1435 universis
1145 1379 1405 1435 fratribus
1440 1382 1797 1437 reluctantem
1827 1384 2028 1438 adhor-

463 1472 728 1537 tantibus,
768 1481 823 1526 et
853 1481 1136 1543 praeterea,
1165 1482 1224 1527 ut
1286 1474 1526 1544 episcopi
1585 1474 1739 1527 urbis
1785 1476 2037 1544 precibus

464 1566 879 1635 Obsequeretur,
912 1565 1194 1637 presbyter
1215 1566 1496 1621 ordinatus
1525 1576 1629 1621 est.
1660 1564 1817 1621 Tunc
1853 1576 2034 1620 autem

462 1654 649 1711 videre
673 1665 791 1710 erat
830 1655 1048 1711 virtutis
1077 1655 1336 1725 speciem,
1365 1673 1487 1727 quae
1510 1657 1839 1713 intensionis
1862 1658 2035 1729 majo-

463 1746 543 1802 ris
574 1762 915 1819 nequaquam
946 1762 1114 1817 capax
1144 1757 1281 1813 erat,
1323 1764 1485 1818 quam
1536 1747 1738 1819 Josepb
1780 1748 2035 1819 praefere-

462 1838 575 1900 bat,
616 1839 975 1909 undequaque
1004 1839 1423 1910 amplissimam.
1462 1840 1642 1910 Ipsum
1688 1856 1819 1895 vero
1846 1843 2036 1897 conni-

463 1938 665 1985 tentem
708 1938 763 1985 et
798 1932 1241 1996 contendentem,
1281 1939 1469 2003 utpote
1523 1935 2033 2002 generosissimum,

463 2030 521 2075 ut
542 2036 855 2091 quanquam
888 2022 1101 2077 mortali
1131 2038 1295 2078 carne
1320 2023 1504 2078 adhuc
1555 2024 1806 2090 indutus,
1840 2025 1893 2079 in
1923 2040 2034 2081 ca:-

463 2113 581 2169 lrsti
599 2126 776 2170 tamen
792 2115 962 2170 choro
986 2115 1331 2171 inbabitaret.
1350 2114 1583 2183 Etenim,
1605 2124 1656 2171 et
1677 2117 1931 2189 lacryma:
1953 2117 2035 2187 ip-

461 2205 579 2261 sius
611 2206 982 2263 indeﬂeienter
997 2206 1278 2263 eminentes
1322 2208 1605 2264 numinum
1629 2213 1892 2266 decursus
1916 2210 2040 2265 imi-
2072 2181 2114 2239 Β

461 2297 748 2365 tabantur;
782 2308 837 2354 et
862 2313 1036 2369 genua
1070 2300 1188 2369 ejus
1209 2314 1304 2369 per
1342 2308 1516 2355 totum
1564 2301 1743 2356 noctis
1794 2316 2037 2368 cursum,

461 2389 925 2459 quemadmodum
952 2406 1117 2461 supra
1144 2391 1348 2446 dictum
1369 2402 1474 2457 est,
1498 2392 1781 2458 inclinata,
1819 2394 1873 2449 in
1898 2394 2037 2465 lapi-

461 2481 547 2536 dis
579 2492 830 2537 naturam
856 2492 1188 2539 commutata
1221 2496 1397 2551 erant,
1427 2494 1481 2540 et
1505 2494 1698 2556 pectus
1730 2486 1880 2543 illius
1911 2501 2035 2543 cre-

460 2575 562 2629 Lro
593 2574 791 2647 lapidis
824 2577 932 2632 ictu
987 2593 1309 2647 percussum
1352 2578 1687 2634 obcalluerat
1731 2594 1884 2646 sane,
1936 2579 2031 2635 sed

2206 831 2293 901 ιγ’.
2331 832 2584 896 Τοιοῦτος
2622 832 2699 886 ῶν
2736 833 2831 885 καὶ
2894 832 3169 895 τοσούτοις
3221 834 3685 904 καταλαμπόμενος

2141 925 2491 995 χαρίσμασιν,
2524 925 2626 979 οὐκ
2656 924 2899 995 ἐπιπηδᾷ
2928 924 3006 993 τῷ
3045 922 3239 993 βαθμῷ
3270 924 3373 995 τῆς
3394 926 3685 997 ἱερωσύνης,

2138 1017 2197 1068 οὑ
2256 1016 2582 1085 μεταδιώκει
2623 1016 2725 1088 τὴν
2756 1016 2915 1082 ἀξίαν
2948 1014 3041 1069 τοῦ
3077 1015 3416 1086 Πνεύματος,
3445 1019 3537 1087 οὐχ
3566 1018 3686 1071 ὑπο-

2139 1105 2358 1160 κλέπτει
2406 1108 2485 1180 τῷ
2535 1108 2714 1179 χρόνῳ
2763 1109 2862 1176 τὴν
2916 1108 3035 1177 Θεῷ
3084 1109 3521 1181 πλησιάζουσαν·
3570 1111 3688 1165 ἀλλὰ

2138 1198 2391 1253 διώκεται
2446 1201 2544 1269 μέν
2576 1202 2679 1255 ὑπὸ
2712 1201 2805 1255 τοῦ
2843 1200 3057 1271 βαθμοῦ
3116 1201 3207 1273 βίςτ⁴
3255 1203 3353 1256 καὶ
3399 1204 3563 1267 άκων,
3609 1204 3687 1256 καὶ

2145 1290 2248 1343 ὑπὸ
2280 1292 2462 1361 πάσης
2511 1293 2887 1364 παρακληθεὶς
2927 1293 3294 1366 άδελφότητος
3319 1337 3335 1362 ,
3382 1295 3462 1347 ἔτι
3506 1294 3560 1347 δέ
3609 1295 3688 1365 τὴν

2140 1382 2323 1451 δέησιν
2376 1384 2821 1456 προσηκάμενος,
2850 1385 2920 1456 ἢν
2978 1387 3007 1439 6
3054 1385 3157 1457 τῆς
3210 1387 3421 1450 πόλεως
3472 1388 3689 1441 ἐποιεῖτο

2142 1473 2462 1539 ἐπίσκοπος,
2499 1479 2887 1546 χειροτονεῖται
2924 1476 3317 1549 πρεσϐύτερος.
3350 1479 3461 1532 Καὶ
3489 1474 3553 1549 ἦν
3582 1476 3690 1531 ίδεῐν

2140 1563 2259 1616 τότε
2290 1563 2351 1616 τὸ
2385 1563 2460 1634 μὴ
2491 1565 2880 1637 ἐπιδεχόμενον
2910 1567 3162 1621 ἐπίτασιν
3195 1563 3337 1630 εἶδος
3366 1567 3690 1638 τῆς-ἀρετῆς,

2138 1656 2263 1709 ὅσον
2298 1656 2537 1727 ἐπήγετο
2578 1658 2607 1710 6
2651 1657 2874 1728 Ἰωσὴφ,
2919 1657 3294 1728 ἐκτεινόμενόν
3337 1673 3399 1711 τε
3470 1658 3560 1711 καὶ
3605 1657 3691 1727 ἐφ-

2139 1747 2312 1801 απλού
2319 1765 2501 1817 μενον,
2535 1749 2627 1802 καὶ
2645 1748 2982 1818 φιλονεικοῦν
3003 1748 3145 1821 μετά
3164 1749 3369 1821 σαρκὸς
3388 1747 3464 1819 τῷ
3480 1748 3691 1820 οὐρανίῳ

2138 1840 2287 1912 χορῷ
2344 1841 2740 1913 ἐγκατοικῆσαι
2792 1840 2883 1895 τὸν
2957 1841 3363 1910 γενναιότατον.
3421 1840 3550 1895 Τότε
3599 1842 3691 1911 γὰρ

2137 1931 2374 2004 δάκρυον
2428 1931 2595 1986 αὑτοῦ
2628 1931 2939 2005 ἀειρῤύτως
2992 1934 3137 2004 ῥέον,
3186 1934 3288 1997 τάς
3341 1932 3556 2003 ἀμάρας
3595 1934 3693 2003 ἐμι-

2141 2025 2294 2093 μείτο
2331 2023 2442 2077 τῶν
2497 2024 2797 2094 ποταμῶν·
2861 2023 2981 2078 τότε
3041 2023 3173 2093 γόνυ
3210 2022 3532 2095 παννύχως,
3564 2023 3630 2086 ὠς
3668 2025 3693 2077 ό

2140 2113 2299 2183 λόγος
2334 2113 2547 2185 φθάσας
2599 2114 2889 2186 ἐδήλωσεν,
2942 2102 3380 2186 ἐπικλινόμενον,
3438 2116 3517 2179 είς
3563 2115 3690 2169 λίθου

2144 2202 2307 2273 φύσιν
2343 2202 2818 2275 μεταπεποίηται⁶
2868 2202 2962 2257 καὶ
3016 2202 3080 2257 τδ
3126 2203 3351 2273 στέρνον
3405 2204 3580 2256 πυκνὰ
3628 2201 3693 2272 τῷ

2143 2294 2277 2368 λίθῳ
2308 2295 2663 2368 κρουόμενον,
2692 2295 2995 2350 τετὺλωται
3019 2296 3088 2350 τά
3116 2295 3257 2350 ἄλλα
3276 2311 3290 2326 ο
3320 2296 3416 2351 καὶ
3440 2296 3694 2365 συγκακῶ-

2146 2402 2249 2443 σαν
2270 2388 2367 2441 καὶ
2396 2388 2525 2452 τοὺς
2556 2387 2688 2459 περὶ
2719 2388 2813 2442 τὸν
2864 2386 3090 2459 θώρακα
3138 2385 3306 2458 μῦας,
3351 2386 3450 2440 οὐκ
3492 2386 3573 2440 εἶα
3612 2386 3695 2456 τὴν

2142 2480 2329 2551 φωνὴν
2351 2477 2735 2534 ἀποτελεῖσθαι
2762 2479 2945 2551 ἀπαρε
2955 2478 3248 2550 μπόδιστον
3268 2494 3282 2508 ·
3312 2476 3484 2541 οὕτως
3499 2479 3525 2532 ό
3541 2477 3691 2547 μέγας

2143 2568 2290 2647 εἶχεν
2320 2575 2601 2649 ἐρασμίως
2635 2576 2773 2647 πρὸς
2802 2575 3024 2646 ἀρετὴν,
3054 2574 3312 2631 τοσοῦτον
3329 2575 3430 2628 οὐκ
3458 2572 3692 2644 ἐμέλησεν

460 2675 642 2721 uiiiien
674 2668 942 2724 musculis
964 2669 1112 2724 circa
1142 2670 1421 2726 thoracem
1487 2671 1633 2728 lazsis
1670 2687 1776 2727 non
1831 2680 2043 2743 poterat

461 2774 567 2813 vox
600 2759 768 2815 libera
798 2770 851 2816 et
872 2761 1045 2817 soluta
1081 2762 1319 2833 prodire.
1346 2762 1417 2818 lta
1447 2778 1675 2834 magnus
1705 2764 1792 2820 hic
1821 2779 1941 2820 sese
1972 2764 2039 2818 ad

460 2851 716 2907 virtutem
739 2854 1047 2910 amabiliter
1086 2854 1341 2921 habebat,
1368 2865 1587 2926 tamque
1624 2855 1825 2910 nullam
1858 2856 2038 2911 carnis

2142 2853 2372 2923 λυθῆναι
2397 2851 2496 2923 μὲν
2521 2850 2615 2906 τοῦ
2639 2850 2866 2922 δεσμοῦ,
2900 2850 3043 2906 κατά
3085 2850 3321 2915 Παῦλον,
3361 2845 3693 2902 συνάπτεσθαι

460 2958 576 2998 sum
602 2957 787 2998 curam
831 2960 1071 3015 unquam
1113 2944 1323 3007 habuit,
1358 2956 1415 3000 ut
1447 2948 1674 3001 omnino
1706 2946 1777 3000 ab
1828 2946 1918 3000 illa
1949 2960 2038 3001 so-

2143 2947 2203 3001 δέ
2233 2946 2312 3019 τῷ
2343 2945 2607 3018 ἐρωμένῳ
2638 2946 2735 3000 καὶ
2766 2948 2996 3017 ἐραστῇ.

461 3036 609 3092 lntns
672 3052 735 3091 ae
761 3036 899 3093 liber
949 3038 1246 3093 videretur.
1278 3036 1449 3093 'l‘otns
1507 3048 1625 3093 erat
1664 3039 1865 3093 mentis
1920 3038 2038 3093 acie
2072 3036 2213 3095 ﬁxus
2240 3038 2293 3094 in
2319 3037 2510 3104 Deum,
2568 3045 2789 3109 propter
2816 3053 3001 3110 quem,
3043 3052 3151 3093 una
3180 3051 3308 3092 cum
3332 3034 3692 3101 Paulo,acor-

460 3129 609 3202 poris
640 3129 859 3185 vinculo
887 3129 1111 3185 dissolvi
1143 3130 1417 3200 cupiebat,
1443 3141 1496 3185 et
1522 3147 1645 3185 eum
1687 3131 1886 3185 dilecto
1914 3137 2078 3201 atque
2110 3140 2292 3186 amato
2327 3141 2429 3187 suo
2458 3130 2728 3201 copulari.

534 3223 618 3276 14.
643 3221 1011 3289 Quamobrem
1042 3237 1165 3277 cum
1196 3224 1334 3279 Deus
1355 3224 1503 3278 illum
1530 3225 1691 3279 etiam
1720 3224 1878 3278 bonis
1900 3239 2038 3294 pra:-

2221 3222 2302 3280 ιδ’.
2338 3222 2506 3277 Ὅθεν
2545 3222 2641 3276 καὶ
2671 3221 2807 3275 Θεοῦ
2838 3221 3029 3275 τοῦτον
3067 3219 3439 3291 ἀμειϐομένου
3478 3216 3564 3271 καὶ
3600 3216 3695 3279 τοῖς

460 3313 710 3370 sentibus
741 3328 1091 3370 remunerare
1115 3314 1277 3369 vellet
1305 3316 1323 3384 (
1357 3326 1439 3370 est
1460 3326 1641 3371 autem
1677 3316 1901 3381 bonum,
1926 3315 2037 3370 imo

2143 3314 2381 3369 ἐνταῦθα
2411 3315 2597 3378 καλοῖς
2635 3313 2821 3381 (καλὸν
2862 3312 2919 3367 δὲ
2949 3312 3056 3383 ἄρα
3086 3312 3182 3366 καὶ
3219 3310 3407 3365 καλῶν
3441 3309 3693 3364 κάλλιστον

462 3404 729 3460 bonorum
776 3407 1020 3460 omnium
1062 3407 1351 3477 optimum,
1409 3407 1641 3463 similem
1699 3408 1934 3478 aliquem
1981 3408 2032 3462 in

2141 3405 2203 3457 τὸ
2231 3404 2517 3476 εὑρίσκειν
2537 3404 2629 3458 τὸν
2654 3402 3011 3475 ἀρεταίνοντα
3028 3403 3234 3473 ὅμοιον,
3259 3404 3357 3457 καὶ
3378 3404 3443 3473 τῇ
3468 3398 3692 3471 προθέσει

459 3494 680 3549 virtutis
717 3493 893 3548 stadio
917 3503 1226 3549 currentem
1262 3495 1522 3565 reperire,
1540 3504 1595 3550 et
1628 3496 1907 3566 pr0positu
1931 3496 2033 3551 sibi

2146 3496 2578 3562 συνεπαυξάνειν
2606 3496 2696 3549 τὸν
2725 3495 2924 3567 δρόμον
2946 3496 3047 3566 τῆς
3076 3495 3328 3565 ἀρετῆς),
3368 3493 3613 3562 ἐπιδημεῖ
3634 3491 3689 3560 τῇ

462 3588 608 3643 illius
626 3588 874 3659 exemplo
889 3588 1133 3659 ejusdem
1157 3589 1374 3646 virtutis
1397 3605 1618 3647 cursum
1649 3593 1891 3665 augere),
1919 3606 2038 3662 per-

2145 3588 2584 3642 Θεσσαλονικέων
2612 3587 2779 3661 [οὕτω
2832 3586 2990 3652 δόξαν
3014 3587 3183 3658 αὐτῷ,
3216 3589 3243 3641 ὸ
3276 3584 3443 3649 πολὺς
3472 3583 3555 3637 τὸν
3573 3583 3687 3653 βίον,

460 3680 611 3737 venit
654 3681 707 3736 in
730 3681 918 3737 urbem
943 3681 1537 3749 Thessalonicensium,
1562 3684 1635 3739 ita
1671 3685 1780 3739 Deo
1809 3685 2038 3749 volente,

2146 3680 2243 3735 xci.
2267 3682 2380 3745 τοῖς
2413 3680 2658 3752 θαύμασι
2686 3678 3037 3752 περιϐόητος,
3070 3679 3130 3732 τδ
3153 3675 3533 3732 Δεκαπολιτῶν
3557 3690 3691 3743 περι-

462 3779 622 3827 ωιοιε
648 3781 959 3843 provectus,
996 3781 1048 3829 et
1076 3774 1356 3829 miraculis
1404 3775 1815 3838 celeberrimus,
1869 3773 2038 3829 Deca-

2144 3771 2384 3843 λάλημα,
2407 3772 2607 3843 μᾶλλον
2626 3770 2682 3825 δέ
2696 3770 2890 3826 πασῶν
2910 3770 3022 3823 τῶν
3041 3769 3250 3823 πόλεων
3267 3767 3688 3838 ἐγκαλλώπισμα.

463 3861 758 3932 politarum
789 3862 980 3928 decus,
1009 3872 1067 3919 et
1092 3873 1152 3920 ut
1179 3865 1366 3921 verius
1396 3865 1601 3930 dicam,
1653 3867 1901 3921 omnium
1956 3865 2038 3921 ci-

2142 3867 2324 3930 ὁθεϊος
2350 3864 2651 3938 Γρηγόριος
2672 3881 2686 3895 ⁸
2718 3864 2777 3928 ὃς
2808 3864 2928 3918 ἐπεὶ
2963 3863 3237 3936 παρέϐαλε
3269 3865 3339 3934 τῇ
3372 3858 3524 3932 μονῇ]
3550 3900 3564 3922 ,
3595 3851 3689 3926 ἐνῇ

465 3951 698 4007 vitatum
756 3961 1138 4008 ornamentum
1192 3954 1411 4011 divinus
1456 3954 1774 4026 Gregorius,
1822 3955 1916 4025 qui
1950 3955 2040 4010 ubi

464 4042 854 4099 monasterium
896 4042 1029 4099 illud
1074 4045 1299 4115 appulit,
1357 4045 1410 4099 in
1444 4060 1551 4115 quo
1607 4058 1904 4115 generosus
1953 4043 2043 4098 hic

463 4135 735 4205 agonista,
770 4150 1000 4205 magnus
1031 4135 1253 4206 inquam
1283 4134 1503 4204 Josepb,
1536 4138 1798 4192 adversus
1856 4137 2042 4191 hostes

463 4229 773 4286 invisibiles
799 4229 1185 4285 strenuissime
1207 4228 1568 4299 depugnabat,
1597 4228 1786 4284 videns
1816 4228 2040 4284 stabiles

461 4329 520 4378 et
540 4327 854 4384 constantes
884 4319 1028 4375 illius
1052 4334 1253 4383 mores,
1293 4319 1592 4388 animaeque
1620 4319 1741 4388 ejus
1795 4318 2037 4373 habitum

462 4425 785 4483 agnoscens,
808 4425 874 4465 ex
906 4410 1078 4480 gratia
1104 4410 1196 4464 illa
1227 4409 1408 4465 divina
1436 4424 1501 4464 ac
1526 4408 1893 4479 plenitudine.
1917 4425 2039 4479 quae

461 4503 521 4559 in
548 4503 794 4574 ejusdem
830 4502 970 4558 facie
1010 4501 1309 4573 refulgebat
1367 4502 1516 4573 (cito
1542 4502 1708 4565 enim,
1762 4517 1827 4556 ac
1881 4502 2039 4556 facile

461 4604 776 4651 sanctorum
810 4594 1006 4650 animae
1030 4609 1245 4659 eorum,
1270 4610 1411 4665 quos
1432 4594 1486 4649 in
1543 4594 1761 4650 virtutis
1815 4595 2039 4649 aemula-

463 4686 618 4743 tione
650 4685 861 4742 similes
884 4686 1103 4753 habent,
1134 4687 1353 4743 habitus
1378 4686 1708 4757 agnOscunt.
1757 4701 1821 4742 ac
1871 4688 2034 4742 veluti

2141 4695 2300 4767 φύσει
2325 4696 2433 4766 γὰρ
2456 4694 2748 4749 οἰκειοῦται
2778 4693 2854 4763 τῷ
2879 4692 3049 4764 ὁμοίῳ
3067 4691 3126 4745 τὸ
3147 4692 3357 4762 ὅμοιον.
3404 4683 3535 4739 Ἀλλ’
3566 4678 3679 4733 ἐκά-

463 4779 839 4851 venerantur)
870 4795 992 4835 cum
1044 4779 1139 4835 illo
1179 4779 1605 4835 familiaritatem
1657 4779 1947 4846 contraxit,
1984 4790 2037 4834 et

2141 4788 2220 4842 λει
2251 4786 2313 4841 τὸ
2341 4787 2593 4857 πρᾶγμα,
2630 4784 2726 4839 καὶ
2767 4782 2991 4856 ἔμελλεν
3020 4784 3049 4849 ό
3092 4780 3234 4845 θεῖος
3287 4777 3576 4850 Γρηγόριος
3599 4768 3681 4838 τὴν

463 4885 696 4942 corpore
715 4871 879 4928 simul
914 4885 978 4928 ac
1008 4881 1187 4926 mente
1226 4871 1553 4941 conjunetus
1580 4879 1684 4933 est,
1717 4886 1817 4925 nec
1847 4869 1915 4924 ab
1971 4885 2036 4925 eo

2141 4874 2575 4932 Θεσσαλονικέων
2590 4873 2934 4928 καταλιπεῖν
2952 4866 3287 4931 ⁴ἀνεϐάλλετο
3311 4870 3368 4923 δέ
3383 4868 3472 4921 τὸν
3487 4862 3678 4935 δρόμον,

464 4964 707 5036 separari
739 4964 985 5031 volebat;
1021 4979 1143 5035 qua:
1170 4963 1315 5018 enim
1351 4974 1543 5017 natura
1573 4961 1771 5016 similia
1802 4974 1927 5017 sunt
1953 4961 2037 5016 fa-

2141 4972 2206 5041 τῇ
2239 4968 2375 5039 πρὸς
2400 4967 2491 5020 τὸν
2514 4966 2655 5020 θεῖον
2685 4965 2883 5036 Ἰωσὴφ
2927 4962 3395 5033 ἀνακοπτόμενος,
3426 4959 3496 5021 ὡς
3522 4956 3580 5009 ἀν
3610 4964 3679 5011 τις

464 5057 667 5113 cillime
733 5057 1081 5123 copulantur.
1136 5054 1241 5111 Sed
1295 5054 1618 5122 Gregorium
1665 5054 1876 5124 negotia
1928 5055 2036 5108 alio

2142 5061 2306 5123 ιίποι,
2348 5060 2573 5130 στοργῇ.
2622 5058 2713 5110 Διὸ
2741 5057 2831 5112 διά
2867 5073 3023 5120 τινας
3072 5055 3322 5124 ἀνάγκας
3372 5045 3677 5117 ἐπιδημῆσαι

2144 2668 2298 2740 αὐτῷ
2333 2686 2464 2723 ποτε
2497 2669 2595 2739 τῆς
2633 2667 2859 2739 σαρκὸς,
2890 2668 2972 2721 ὅτι
3004 2666 3358 2723 παντάπασιν
3380 2666 3553 2728 αὐτοῖς
3578 2665 3694 2717 ἀπο-

2143 2760 2335 2815 λέλυτο
2351 2777 2366 2793 ’
2397 2760 2493 2815 καὶ
2525 2760 2647 2825 ὅλος
2666 2755 2738 2831 ἦν
2766 2759 2906 2831 πρὸς
2927 2758 3063 2813 Θεὸν
3097 2758 3345 2830 ἀφορῶν,
3365 2757 3432 2811 δι’
3454 2757 3511 2809 ὃν
3537 2753 3695 2809 ἐπόθει

2143 4050 2390 4106 ἐπετέλει
2432 4049 2920 4121 ἀνδραγαθήματα,
2968 4048 2997 4099 6
3035 4048 3227 4116 μέγας,
3286 4044 3462 4115 φημὶ,
3498 4039 3686 4109 Ἰωσὴφ,

2147 4138 2437 4215 ξδὼνξῆθος
2468 4141 2722 4213 βεϐηκὸς,
2754 4141 2848 4195 καὶ
2868 4140 3046 4211 ψυχῆς
3072 4138 3335 4206 ἐπιγνοὺς
3366 4135 3684 4201 κατάστημα,

2142 4240 2207 4291 ἐκ
2238 4238 2339 4307 τῆς
2387 4234 2818 4307 ἐπιφαινομένης
2857 4233 2937 4306 τῷ
2982 4231 3260 4305 προσώπῳ
3300 4231 3519 4302 χάριτος
3561 4224 3688 4284 θείας

2142 4329 2239 4385 καὶ
2277 4330 2617 4402 ὡραιότητπ
2656 4327 2892 4399 (ταχεῖαι
2922 4327 3031 4398 γὰρ
3078 4326 3135 4378 αἱ
3176 4324 3352 4395 ψυχαὶ
3396 4321 3501 4376 τῶν
3542 4316 3687 4387 ἁγίων

2142 4421 2279 4493 πρὸς
2312 4420 2375 4476 τὸ
2408 4420 2654 4492 θηρᾶσαι
2682 4419 2751 4474 τὰ
2770 4418 2881 4473 τῶν
2912 4418 3198 4489 ὀμοζήλων
3226 4417 3414 4478 αὐτοῖς
3446 4408 3686 4477 καταστή-

2144 4512 2334 4583 ματα),
2357 4510 2655 4567 οἰκειοῦται
2684 4509 2862 4580 τούτῳ
2884 4512 2980 4563 καὶ
3015 4507 3349 4561 συνάπτεται
3392 4496 3684 4573 σωματικῶς

2140 4604 2256 4675 ἆμα
2281 4604 2375 4658 καὶ
2396 4602 2622 4673 νοερῶς,
2654 4601 2752 4656 καὶ
2775 4601 2877 4655 οὐκ
2907 4599 3085 4654 ἐθέλει
3114 4598 3307 4653 τούτου
3339 4589 3680 4667 χωρίζεσθαι·

2146 3957 2197 4031 [6
2221 3960 2473 4027 γενναῖος
2490 3955 2823 4028 ἀγωνιστὴς]
2854 3954 2920 4009 τά
2949 3956 3089 4009 κατά
3111 3954 3219 4006 τῶν
3243 3954 3492 4024 ἀοράτων
3508 3947 3691 4020 ἐχθρῶν
3780 3992 3789 3999 ς

463 5149 786 5215 evocabant,
811 5159 866 5206 et
885 5148 1327 5206 Thessalonicam
1354 5132 1661 5216 relinquere
1698 5148 1991 5217 cogebatur
2018 5168 2031 5203 :

464 5242 569 5298 iter
584 5250 767 5298 tamen
802 5241 1084 5298 dill'erebat
1111 5255 1297 5295 amore
1338 5253 1467 5308 erga
1494 5238 1736 5293 divinum
1808 5238 2033 5310 Jusepb,

465 5342 527 5389 ut
563 5334 865 5399 ita-dicam,
899 5332 1274 5404 impeditnsae
1291 5339 1556 5386 retentus.
1600 5329 1888 5399 Propterea
1908 5345 2033 5385 eum

464 5426 520 5482 in
552 5426 768 5482 urbium
792 5426 1030 5497 reginam
1061 5422 1219 5478 vellet
1241 5422 1529 5493 proﬁcisci,
1552 5436 1652 5477 nec
1676 5421 1817 5477 ferre
1834 5432 2035 5491 posset,

2141 5156 2310 5209 θέλων
2337 5155 2471 5226 πρὸς
2508 5154 2606 5225 τὴν
2638 5151 2882 5223 μεγάλην
2910 5149 3019 5203 τῶν
3064 5149 3294 5210 πόλεων,
3330 5145 3393 5223 οὐ
3434 5141 3602 5211 φέρων
3625 5132 3677 5226 ξδ’

2140 5244 2249 5300 οὐδ’
2278 5224 2525 5313 ἐπολίγον
2546 5224 2646 5313 τὴν
2671 5240 2764 5295 τοῦ
2790 5240 3057 5313 δμοζήλου
3080 5238 3370 5309 διακοπὴν,
3393 5224 3678 5304 προσελθὼν

2141 5334 2219 5406 τῷ
2246 5334 2547 5406 προεστῶτι
2568 5336 2664 5405 τῆς
2697 5332 2888 5405 μονῆς,
2918 5331 3015 5386 καὶ
3044 5330 3224 5385 πάντα
3253 5327 3431 5383 κάλων
3454 5320 3675 5388 κινήσας.

2142 5429 2334 5496 λόγους
2387 5445 2448 5481 τε
2496 5427 2727 5499 μυρίους
2798 5423 3248 5499 παρακλητικοὺς
3321 5414 3674 5499 ποιησάμενοί.

466 5517 551 5575 vel
584 5518 652 5574 ad
682 5487 938 5588 exiguum
969 5526 1185 5587 tempus
1213 5487 1370 5572 avsuo
1407 5514 1462 5569 in
1498 5515 1697 5569 virtute
1723 5487 1923 5567 aemqu
1949 5528 2037 5568 se-

2141 5487 2403 5589 kapGé'vst
2436 5487 2527 5572 τὸν
2576 5487 2787 5588 ’Ἰωσῖὴφ
2819 5487 3200 5584 συναπόδημον
3224 5528 3238 5542 ο
3292 5506 3458 5580 ἔμαθε
3500 5502 3598 5571 γὰρ
3634 5487 3671 5561 ᾧ

468 5612 677 5682 parari,
717 5608 957 5682 perrexit
980 5606 1047 5663 ad
1072 5607 1392 5663 monasterii
1423 5606 1729 5677 prmsidem,
1749 5615 1802 5660 et
1816 5619 2034 5660 omnem

2141 5588 2272 5672 τέως
2308 5609 2554 5664 ὑπείκειν
2581 5608 2657 5680 τῷ
2684 5607 2991 5680 Γρηγορίῳ,
3022 5606 3114 5661 διὰ
3138 5605 3198 5659 τδ
3240 5595 3563 5673 ὑπερϐάλλον
3590 5588 3674 5653 τῆς

468 5704 641 5758 movit
662 5702 915 5773 lapidem,
945 5699 1252 5758 innumeris
1274 5699 1527 5771 precibus
1557 5696 1838 5761 adhibitis,
1861 5707 1920 5752 ut
1939 5694 2035 5751 Jo-

2136 5700 2361 5772 ἀρετῆς.

471 5796 606 5865 sepb
646 5795 854 5851 socium
886 5793 1097 5850 itineris
1119 5790 1203 5848 sui
1242 5800 1425 5861 posset
1474 5789 1743 5855 obtinere,
1783 5787 2110 5859 tandemque
2160 5792 2416 5849 obtinuit.
2490 5792 2608 5847 Jam
2671 5796 2815 5848 enim
2878 5791 3143 5848 didicerat
3191 5788 3448 5862 Gregorio
3504 5773 3669 5836 cedere

469 5900 628 5961 atque
655 5889 877 5960 obsequi
912 5897 1129 5960 propter
1158 5886 1373 5943 virtutis
1402 5885 1776 5943 eminentiam.
