3978 6578
291 450 401 517 953
1838 434 2035 498 VITA.
3433 422 3540 489 95³.

367 564 449 616 ιε’.
483 557 593 613 Καὶ
618 556 683 629 δὴ
705 558 772 629 τῇ
808 554 1040 628 βασιλίδι
1065 552 1473 625 παραϐαλόντες
1496 550 1607 605 τῶν
1636 548 1867 610 πόλεων,
1897 601 1899 607 ,

2046 541 2129 598 15.
2168 541 2305 596 Cum
2341 539 2505 612 igitur
2549 538 3078 609 Constantinopolim
3139 536 3542 609 pervenissent,

295 652 356 706 tv
390 650 471 723 τῷ
498 651 613 705 τῶν
648 628 978 704 καλλινίκων
1008 647 1308 720 μαρτύρων
1337 644 1566 716 Σεργίου
1610 642 1706 695 καὶ
1730 639 1878 693 Βάκ-

2011 652 2036 691 n
2075 634 2273 705 templo
2317 631 2830 704 gloriosissimorum
2884 641 3186 702 martyrum
3251 628 3425 699 Sergii
3490 638 3546 684 et

295 760 393 813 χου
421 742 538 814 ναῷ
565 742 666 814 τὴν
696 741 989 813 παροικίαν
1020 740 1155 812 πρὸς
1181 737 1357 811 βραχὺ
1393 736 1747 806 ἐποιήσαντο.
1768 730 1881 787 Καὶ

2011 727 2183 783 iacchi
2262 725 2411 781 brevi
2468 726 2730 795 temporis
2769 723 2944 794 spatio
3008 737 3216 778 moram
3278 722 3545 786 fecerunt,

295 823 367 900 ἦν
425 829 555 883 ίδεῖν
609 829 701 883 τὸν
750 828 895 901 ἱερὸν
962 828 1161 898 Ἰωσὴφ
1232 826 1309 892 ὡς
1339 828 1464 898 ἄρτι
1515 824 1616 896 τῆς
1679 823 1880 895 ἀρετῆς

2011 819 2059 873 bi
2089 832 2222 873 vero
2249 816 2434 872 videre
2460 825 2579 871 erat
2608 831 2825 871 sacrum
2851 814 3076 884 Joseph,
3138 823 3394 885 tanquam
3444 826 3548 868 no-

299 898 600 993 ἠργμένον.
634 898 813 977 πᾶσαν
870 922 968 992 μὲν
1016 920 1266 992 ὑπακοὴν
1312 918 1586 991 τηροῦντα
1619 915 1697 985 τῷ
1734 916 1879 986 Γρη-

2016 911 2167 965 itium
2203 924 2269 965 ac
2324 908 2541 964 virtutis
2569 907 2821 969 tironem,
2864 905 3120 960 omnibus
3170 904 3225 959 in
3266 904 3429 959 rebus
3454 898 3559 957 ex;

299 1018 493 1091 γορίῳ,
527 1019 634 1071 πᾶν
655 1018 711 1072 δὲ
743 1014 882 1081 εἶδος
906 1019 1002 1088 τῆς
1032 1017 1318 1089 ἀσκήσεως
1356 1014 1415 1081 ἐξ
1441 1011 1696 1085 ὑπαρχῆς
1741 1026 1877 1080 μετ-

2015 1014 2156 1058 ctam
2178 1001 2438 1072 Gregorio
2454 1000 2818 1055 obedientiam
2852 1006 3128 1069 praestare,
3146 1006 3308 1068 atque
3326 1010 3547 1050 omnem

302 1089 622 1180 ερχόμενον.
656 1109 725 1161 Ἀ
754 1109 852 1180 μὲν
883 1111 992 1179 γὰρ
1021 1105 1400 1177 κατωρθώκει,
1426 1103 1500 1169 ώς
1526 1103 1679 1157 οὐδὲν
1706 1099 1883 1168 ἐλογί-

2011 1094 2248 1165 eligiosaa
2276 1092 2686 1148 exercitationis
2716 1093 2950 1161 speciem
2988 1106 3018 1144 a
3077 1089 3350 1161 principio
3391 1101 3552 1157 repe-

304 1177 453 1264 ζετο,
474 1199 610 1272 πρὸς
637 1201 694 1255 δὲ
738 1177 808 1255 τὰ
854 1177 1165 1271 ἔμπροσθεν
1216 1196 1581 1261 ἐπεκτείνετο,
1632 1193 1728 1247 καὶ
1761 1192 1880 1263 ἅμα

2011 1200 2123 1252 ere;
2155 1200 2275 1255 quae
2296 1184 2443 1240 enim
2483 1192 2639 1238 antea
2672 1194 2820 1238 recte
2850 1193 3113 1253 gesserat,
3173 1192 3432 1250 tanquam
3466 1177 3552 1231 ni-

302 1289 637 1345 ὶπιϐεϐαιῶν
668 1292 760 1345 καὶ
782 1291 853 1345 τὰ
890 1290 1126 1362 πρώτως
1180 1285 1601 1360 κατορθωθέντα
1640 1287 1707 1357 τῇ
1743 1284 1881 1354 πρὸς

2011 1278 2058 1333 nil
2105 1284 2387 1348 reputans,
2438 1275 2507 1330 ad
2541 1274 2799 1329 ulteriora
2832 1289 2951 1328 sese
2999 1272 3345 1332 extendebat,
3376 1278 3429 1323 et
3462 1283 3552 1331 ea,

303 1386 516 1436 ἐκεῖνον
558 1383 931 1456 ἀκριϐεστάτη
967 1379 1364 1453 διαμορφώσει,
1399 1378 1494 1433 τδν
1529 1377 1703 1449 μέγαν
1737 1376 1882 1445 λέγω

2011 1385 2104 1440 luas
2127 1370 2275 1440 prius
2300 1368 2559 1437 praeclare
2579 1375 2786 1437 egerat,
2808 1366 2969 1421 simul
2984 1363 3366 1425 confirmabat,
3382 1370 3435 1416 et
3459 1376 3555 1431 per

306 1472 633 1543 Γρηγόριον,
660 1472 736 1538 ὠς
764 1455 1018 1544 άρτιίτῆς
1043 1471 1217 1541 καλῆς
1241 1468 1556 1542 ἀκορίστως
1592 1466 1881 1534 ἀσκήσεως

2016 1461 2381 1516 xactissimam
2398 1458 2877 1514 conformationem
2897 1456 2960 1510 ad
2982 1455 3131 1511 illum
3151 1455 3241 1526 (ad
3266 1467 3551 1521 magnum,

306 1562 714 1631 ἀπαρχόμενος,
744 1560 940 1631 νεαλὴς
972 1558 1171 1630 ἐχώρει
1193 1557 1327 1630 πρὸς
1356 1556 1485 1619 τοὺς
1519 1552 1762 1622 ἀγῶνας,
1785 1551 1882 1606 καὶ

2011 1568 2232 1623 nquam,
2277 1548 2647 1623 Gregorium)
2682 1549 2924 1604 honestae.
2943 1544 3369 1607 exercitationis,
3434 1553 3556 1596 tan-

306 1650 403 1705 τὺν
434 1652 542 1707 τῶν
570 1653 873 1723 ἀσωμάτων
897 1650 1234 1722 ἀπεμιμεῖτο
1261 1648 1375 1720 βίον
1404 1648 1462 1701 ὲν
1484 1644 1721 1716 σώματι,
1761 1641 1883 1715 χαί-

2011 1660 2145 1715 μιαιιι
2173 1653 2417 1709 recenter
2443 1649 2732 1711 susceptae,
2776 1637 3067 1694 insatiabili
3097 1635 3241 1691 fame
3265 1634 3544 1690 cruciatus

311 1759 429 1814 ρειν
452 1743 550 1814 μὲν
577 1745 743 1797 πᾶσιν
775 1742 946 1797 εἰπὼν
979 1742 1280 1813 αἰσθητοῖς,
1313 1738 1391 1811 τῷ
1413 1737 1634 1809 ἀοράτῳ
1656 1735 1712 1789 δὲ
1748 1733 1883 1789 κάλ-ο

2011 1736 2051 1791 ὼ
2067 1734 2614 1804 ειοιιιίοίηοίρίεὺαι,
2629 1743 2683 1787 ct
2708 1747 2882 1786 novus
2904 1739 3067 1801 atque
3083 1729 3287 1800 integer
3314 1727 3467 1781 miles
3492 1725 3560 1779 ad

308 1833 395 1887 λει
424 1834 830 1905 ὲνηδυνόμενος.
864 1835 974 1889 Καὶ
1001 1833 1199 1906 δροφον
1228 1831 1330 1903 μὲν
1369 1827 1481 1901 εἳχε
1507 1829 1599 1883 τὸν
1629 1825 1881 1899 ούρανὺν,

2011 1827 2277 1882 ertamina
2296 1825 2615 1897 procedens.
2630 1824 3075 1893 incorporeorum
3094 1821 3259 1876 vitam
3282 1819 3463 1874 adhuc
3505 1817 3559 1871 in

308 1924 436 1978 ἀντὶ
498 1899 557 1978 δὲ
594 1899 775 1996 πάσης
820 1899 1077 1991 γλυκείας
1112 1899 1451 1996 ’στρωμνῆς
1483 1920 1546 1975 τὸ
1588 1917 1885 1989 σύντροφον

2011 1934 2220 1989 :orpore
2254 1917 2464 1988 positus
2492 1916 2824 1971 imitabatur.
2862 1912 3129 1968 Omnibus
3172 1910 3391 1982 quidem
3432 1923 3560 1964 sen-

310 2014 511 2086 ἐκείνῳ
546 2015 642 2070 καὶ
671 2017 825 2086 φίλον
870 2017 1087 2085 ἔδαφος,
1129 2014 1183 2069 εί
1211 2031 1343 2069 ποτε
1391 2014 1501 2084 ἀρα
1530 2008 1885 2068 διαναπαύειν

2011 2008 2244 2065 sibilibus
2287 2007 2526 2077 gaudere
2582 2006 2890 2069 recusabat,
2944 2005 3062 2060 sola
3114 2018 3243 2058 vero
3300 1998 3563 2057 invisibili

308 2103 588 2207 ξμιλλεπδ
619 2106 919 2179 συνεργοῦν
951 2106 1145 2178 ἐκείνῳ
1175 2106 1313 2178 πρὸς
1334 2105 1569 2177 ἀρετήν·
1612 2101 1756 2156 οὕτω
1775 2100 1885 2171 γὰρ

2011 2100 2391 2156 iulchritudiue
2419 2096 2813 2152 delertabatur.
2850 2094 2914 2150 Et
2940 2101 3140 2150 tectum
3172 2092 3391 2162 quidem
3411 2090 3563 2143 illius

2086 2200 2099 2207 -
2156 2206 2195 2207 ,,
2231 2190 2245 2207 I
2302 2206 2331 2207 η
2396 2204 2483 2207 -μ-
2542 2188 2789 2207 μ-ᾉ9--ᾼμκ-
2854 2199 2979 2207 -.Α-Α
3036 2182 3218 2207 1..-...12
3272 2179 3563 2207 ,τηιηωιζηη

308 2192 463 2264 ἑώρα
505 2194 715 2263 διάγειν
754 2195 848 2250 καὶ
899 2194 991 2250 τδν
1030 2194 1174 2248 θεῖον
1194 2194 1519 2265 Γρηγόριον,
1556 2191 1650 2246 καὶ
1674 2189 1887 2244 κάτοπ-

2011 2200 2105 2246 erat
2144 2190 2363 2255 caelum,
2394 2204 2492 2259 pro
2541 2188 2795 2241 universa
2854 2199 2984 2239 vero
3036 2182 3221 2238 lectuli
3270 2179 3566 2235 dulcedine

310 2301 445 2355 τρον
474 2281 585 2358 εἶχε
618 2286 710 2340 τὸν
742 2285 953 2341 ἐκείνου
986 2285 1100 2357 βίον
1122 2302 1139 2319 ο
1166 2285 1261 2339 καὶ
1286 2285 1423 2356 πρὸς
1453 2282 1666 2337 ἐκεῖνον
1691 2279 1888 2335 ἑαυτὸν

2011 2284 2365 2339 :onnutritum
2390 2281 2494 2338 sibi
2516 2297 2581 2337 ac
2606 2280 2866 2335 dilec-tum
2890 2276 3261 2349 pavimentum
3308 2271 3564 2334 habebat,

309 2376 660 2445 ἀπευθύνων,
714 2379 1065 2450 καθεκάστην
1117 2377 1416 2442 ἀναϐάσεις
1463 2377 1524 2430 ὲν
1568 2377 1636 2446 τῇ
1688 2373 1889 2445 καρδίᾳ

2011 2374 2037 2430 ιί
2074 2374 2292 2446 quando
2324 2374 2703 2443 cooperarium
2753 2371 2876 2442 ejus
2900 2370 2966 2423 ad
3019 2368 3302 2429 virtutem,
3364 2377 3567 2433 corpus

310 2467 542 2525 hiOsro.

1992 2467 2219 2533 scilicet,
2238 2468 2582 2537 requiescere
2598 2473 2838 2537 optaret.
2880 2461 2955 2516 ita
2977 2462 3121 2516 enim
3140 2459 3302 2513 etiam
3321 2455 3564 2511 divinum

312 2563 635 2635 Gregorium
670 2566 837 2621 vitam
888 2579 1049 2634 agere
1117 2564 1356 2627 videbat,
1390 2572 1553 2634 atque
1575 2562 1724 2616 illius
1774 2558 1940 2613 vitam
1983 2567 2242 2631 tanquam
2302 2562 2583 2630 speculum
2641 2558 2713 2613 ob
2750 2556 2938 2610 oculos
2988 2553 3213 2615 habens,
3277 2550 3569 2619 eidemque

310 2660 554 2728 seipsum
597 2674 933 2729 componens
991 2669 1046 2716 et
1091 2657 1469 2725 conformans,
1514 2672 1611 2728 per
1662 2653 1909 2723 singulas
1948 2652 2064 2710 dies
2102 2655 2453 2711 ascensiones
2478 2654 2533 2707 in
2561 2650 2724 2708 corde
2748 2665 2849 2704 suo
2876 2645 3220 2718 disponebat.

389 2758 486 2818 ις’.
522 2753 598 2807 Ού
653 2753 789 2807 πολὺ
818 2752 881 2806 τὸ
916 2753 974 2807 ὲν
1034 2752 1207 2825 μέσῳ,
1256 2752 1351 2807 καὶ
1380 2747 1489 2823 (οἷα
1514 2751 1584 2805 τά
1622 2749 1718 2803 τοῦ
1751 2746 1889 2801 Θεοῦ

312 2842 615 2917 κρίμαται)
633 2844 784 2898 Λέων
808 2845 837 2899 ὁ
870 2844 1161 2916 θηριώδης,
1191 2847 1219 2898 ὁ
1241 2846 1306 2898 ὲκ
1330 2845 1429 2914 τῆς
1462 2841 1734 2913 Ἰσαυρίας
1758 2839 1889 2913 [imo

326 2935 668 3011 ’Δρμενίας],
700 2938 798 3009 τῆς
843 2938 1121 3009 βασιλείας
1163 2937 1272 2991 τῶν
1312 2938 1604 3007 σκήπτρων
1636 2932 1890 2988 δπιλαϐό·

325 3047 514 3100 μενος,
546 3029 691 3099 κυκᾷ
710 3028 809 3100 μὲν
829 3029 959 3099 ὅλην
982 3028 1080 3099 τὴν
1118 3027 1469 3097 Ἐκκλησίαν,
1491 3026 1584 3078 καὶ
1606 3025 1728 3087 ταῖς
1751 3040 1889 3075 παν-

314 3120 501 3189 αγίαις
543 3121 716 3174 είκόσι
768 3119 936 3175 πάλαι
978 3116 1427 3190 προσώχθηκὼς,
1483 3115 1716 3185 πόλεμον
1765 3112 1887 3166 κατ’

313 3211 497 3265 αὐτῶν
527 3211 637 3265 τῶν
674 3210 895 3265 πώποτε
934 3210 1320 3282 γεγενημένων
1362 3208 1583 3279 ἐκίνησε
1624 3206 1717 3259 τὸν
1767 3222 1895 3274 σιρο-

313 3302 577 3374 δρότατον
602 3316 619 3334 ο
671 3302 739 3357 τά
765 3302 823 3357 δὲ
852 3303 963 3356 τῶν
987 3301 1344 3374 φιλοχρίστων
1378 3301 1565 3371 στίφη,
1606 3298 1681 3371 μὴ
1710 3314 1896 3353 πεπει-

321 3396 503 3466 σμένα
532 3394 611 3467 τῷ
637 3395 847 3449 ἐκείνου
878 3393 1168 3466 θελήματι,
1187 3393 1345 3457 ἀλλος
1375 3391 1632 3463 ἀλλαχόθι
1649 3390 1895 3461 διεσκορ⁶

316 3487 565 3549 πίζοντο.
593 3487 685 3539 Διὸ
710 3488 805 3540 καὶ
835 3488 882 3541 οί
908 3486 1008 3553 μὲν
1037 3487 1128 3540 τὸν
1154 3487 1432 3557 Βόσπορον
1455 3481 1893 3553 κατελάμϐανον,

314 3579 372 3633 oi
403 3578 459 3633 δὲ
484 3578 646 3642 εὐθὺς
664 3578 766 3649 τῆς
787 3579 1032 3642 Σικελίας
1054 3579 1349 3643 ἀπέπλεον,
1372 3577 1521 3632 ἄλλοι
1541 3576 1596 3629 δὲ
1610 3575 1710 3638 τὰς
1730 3591 1897 3645 κορυ-

319 3672 430 3743 φὰς
450 3671 559 3725 τῶν
581 3672 752 3743 ὀρέων
800 3669 1455 3742 καταλαμϐάνοντες,τοῦ
1490 3667 1664 3722 δεινοῦ
1710 3665 1894 3739 μονιοῦ

318 3766 423 3829 τὰς
458 3763 682 3827 συώδεις
711 3766 891 3836 ὁρμὰς
933 3762 1353 3835 ἀπεδίδρασκον.
1399 3760 1541 3814 Ἀλλ’
1571 3761 1672 3831 οὐχ
1716 3760 1745 3813 ὁ
1774 3775 1899 3829 γεν‹

320 3859 474 3921 ναῖος
492 3857 817 3929 ἀγωνιστὴς,
845 3856 939 3910 καὶ
967 3855 1077 3908 τῶν
1120 3852 1283 3924 ιερῶν
1309 3851 1698 3924 μορφωμάτων
1727 3865 1898 3922 προσ-

322 3950 563 4020 κυνητὴς
593 3948 769 4013 οὕτως
794 3947 967 4002 ἐποίει
990 3945 1319 4017 Γρηγόριος·
1353 3944 1490 3998 ἀλλά
1518 3943 1611 3996 τὸν
1641 3942 1785 3996 θεῖον
1809 3944 1900 3995 ὲν-

320 4041 613 4114 δεδυμένος
662 4042 761 4113 τῆς
807 4040 1045 4105 πίστεως
1089 4038 1340 4111 θώρακα,
1390 4034 1745 4105 περιέρχεται
1799 4032 1900 4103 μὲν

323 4134 669 4205 πανταχόθεν
690 4134 792 4206 τῆς
826 4132 1055 4199 πόλεως,
1087 4130 1384 4204 κηρύσσων
1430 4130 1488 4182 ὲν
1514 4128 1761 4195 ἀγυιαῖς,
1803 4124 1901 4179 καὶ

324 4226 593 4282 διδάσκων
620 4228 678 4279 ὲν
710 4227 1026 4292 στενωποῖς,
1066 4224 1161 4277 καὶ
1186 4219 1500 4295 παρρησίαν
1521 4220 1579 4272 ὲν
1615 4219 1738 4280 ταῖς
1767 4216 1903 4271 πλα-

319 4320 501 4384 τείαις
543 4319 1007 4391 ἐπιδεικνύμενος,
1045 4316 1120 4389 μὴ
1157 4315 1236 4387 τῷ
1270 4313 1563 4384 λαοπλάνῳ
1617 4309 1902 4366 πείθεσθαι

327 4411 559 4491 βφσιλῑῖ,
591 4412 726 4485 μηδὲ
750 4415 862 4476 τοῖς
893 4411 1104 4466 ἐκείνου
1146 4409 1433 4480 ληρήμασι
1467 4405 1565 4477 τὴν
1598 4403 1771 4476 ἀκοὴν
1811 4404 1900 4457 ὲν-

2070 2749 2158 2807 Ιϐ.
2188 2746 2343 2804 Haud
2371 2747 2598 2803 multum
2631 2760 2761 2799 vero
2788 2739 3054 2812 temporis
3079 2733 3408 2795 intercessit,
3438 2747 3565 2787 cum

1997 2844 2053 2915 (ο
2081 2843 2263 2913 qualia
2300 2840 2395 2896 Dei
2436 2837 2709 2908 judicia!)
2762 2834 2873 2890 Leo
2919 2833 3008 2887 ille
3037 2826 3469 2886 immanissimus
3503 2839 3571 2878 ex

1994 2934 2250 2989 Armenia
2279 2933 2297 3004 (
2327 2933 2350 2986 l
2378 2932 2395 3002 )
2427 2946 2704 3002 egressus,
2733 2938 2895 2998 atque
2930 2922 3142 2994 imperii
3174 2928 3387 2989 sceptra
3426 2917 3575 2970 inva-

1993 3027 2126 3084 dens
2158 3065 2175 3091 ,
2223 3027 2533 3081 universam
2589 3021 2886 3076 Ecclesiam
2964 3017 3127 3086 erepit
3168 3012 3466 3082 exagitare,
3518 3014 3572 3060 et

1997 3118 2360 3175 sanctissimis
2416 3115 2775 3185 imaginibus,
2846 3110 3044 3181 quibus
3116 3107 3245 3161 olim
3327 3101 3573 3156 infensus

1998 3209 2196 3274 fuerat,
2231 3209 2411 3264 dirum
2444 3214 2608 3274 atque
2679 3200 3081 3257 atrocissimum
3112 3195 3312 3250 bellum
3349 3190 3569 3245 inferre.

1997 3302 2199 3357 Christi
2233 3309 2413 3355 autem
2447 3298 2748 3353 amantium
2785 3294 2985 3350 civium
3013 3290 3254 3349 ordines.
3305 3286 3451 3340 illius
3477 3297 3576 3335 vo-

1997 3394 2189 3450 luntati
2222 3409 2409 3464 parere
2437 3400 2776 3459 recusantes,
2830 3401 2925 3456 per
2963 3383 3148 3437 varias
3180 3379 3448 3449 regiones.
3483 3374 3573 3428 alii

1998 3488 2103 3543 alio
2123 3488 2413 3558 fugientes,
2445 3482 2677 3553 dispersi
2718 3488 2866 3536 sunt.
2895 3478 2998 3532 Alii
3030 3474 3247 3546 quidem
3285 3471 3338 3525 in
3378 3469 3577 3538 Buspo-

1999 3596 2119 3635 rum
2142 3577 2521 3650 profugerunt,
2546 3574 2633 3627 alii
2661 3588 2789 3627 vero
2816 3567 3030 3624 rectain
3066 3564 3308 3620 Siciliam
3339 3560 3415 3631 (‘2
3440 3562 3456 3629 )
3478 3574 3577 3611 na-

2000 3673 2316 3743 vigaverunt
2349 3685 2362 3722 :
2394 3666 2480 3721 alii
2514 3666 2731 3720 demum
2756 3659 3113 3733 adprontium
3140 3652 3425 3710 cacumina
3455 3664 3579 3703 sese

1999 3768 2339 3835 receperunt,
2362 3769 2419 3815 ut
2436 3757 2727 3828 singularis
2751 3754 2847 3808 feri
2873 3753 3016 3805 illius
3038 3743 3424 3803 immanissimi
3455 3756 3580 3811 pero

2001 3834 2155 3913 cinos
2190 3853 2460 3924 appetitus
2489 3852 2802 3906 evaderent.
2836 3846 2904 3898 At
2960 3856 3069 3896 non
3103 3839 3175 3894 ita
3207 3853 3264 3893 se
3295 3834 3463 3906 gessit
3497 3847 3583 3902 ge-

2005 3962 2241 4003 nerosus
2276 3944 2543 4014 agunista,
2573 3948 2628 3995 et
2651 3952 2931 3994 sacrarmn
2985 3931 3283 4001 imaginum
3325 3927 3583 3979 adorator

2002 4037 2320 4109 Gregorius,
2342 4034 2435 4090 sed
2467 4032 2709 4088 divinum
2728 4028 2847 4081 fidei
2878 4028 3154 4079 thoracem
3185 4020 3438 4080 induens,
3464 4016 3576 4069 cir-

2003 4107 2188 4187 cuibat
2220 4139 2627 4196 quaquaversus
2654 4121 2952 4182 civitatem,
2985 4112 3288 4184 praedicans
3333 4111 3386 4163 in
3421 4107 3579 4167 vicis,

1997 4213 2204 4275 docens
2242 4219 2295 4272 in
2323 4213 2643 4285 angiportis,
2674 4218 2728 4265 et
2755 4210 2808 4263 in
2849 4206 3037 4276 plateis
3081 4204 3385 4258 libertatem
3446 4197 3586 4250 fidu-

2005 4314 2255 4382 ciamque
2284 4309 2600 4381 praeferens,
2641 4320 2710 4359 ne
2739 4302 2963 4357 minima
2999 4297 3215 4369 quidem
3250 4296 3302 4349 in
3336 4308 3394 4348 re
3426 4289 3587 4345 sedu-

2008 4405 2144 4462 ctori
2175 4403 2345 4474 plebis
2368 4401 2479 4471 regi
2500 4399 2906 4466 obtemperans,
2944 4402 3037 4447 aut
3055 4389 3198 4445 illius
3222 4385 3383 4456 nugis
3400 4398 3464 4437 ac
3488 4382 3586 4437 de-

326 4472 666 4559 btédvatvx'av'
686 4472 1069 4576 npbgvptxpév.
1103 4472 1379 4571 Καί-ἦσαν
1408 4500 1458 4552 οί
1497 4472 1899 4563 ἐκείνου-λόγοι

2011 4472 2307 4556 liramentis
2334 4494 2579 4565 praebens
2601 4489 2864 4543 auditum.
2886 4483 3050 4538 Erant
3073 4489 3251 4537 autem
3287 4477 3432 4532 illius
3454 4472 3589 4528 allo-

327 4601 466 4671 πρὸς
492 4599 591 4664 τὰς
622 4598 732 4653 τῶν
756 4598 996 4653 εὐσεϐῶν
1040 4596 1270 4669 καρδίας
1320 4592 1671 4659 ὲνστάζοντες
1709 4590 1900 4659 δρόσος

326 4689 529 4761 ἑωθινὴ
563 4690 654 4745 καὶ
687 4691 824 4762 ίαμα
848 4687 1218 4761 πνευματικὸν
1259 4686 1357 4741 καὶ
1393 4685 1664 4756 σωτήριον
1688 4698 1704 4715 ο
1736 4675 1781 4751 ᾧ
1807 4680 1904 4736 καὶ

325 4784 389 4837 τὸ
417 4782 622 4853 πλῆθος
650 4783 761 4837 τῶν
783 4784 841 4837 ὲν
869 4784 936 4854 τῇ
970 4781 1184 4853 μεγάλῃ
1220 4778 1331 4833 τῶν
1380 4777 1590 4831 πόλεων
1639 4774 1899 4847 ἀσκητῶν

330 4874 699 4939 συνελθόντες,
730 4874 873 4929 κατά
898 4872 1097 4927 ταυτὸν
1120 4871 1466 4943 προσάγουσι
1499 4866 1687 4938 κοινὴν
1714 4866 1903 4936 ἱκετη-

331 4967 458 5036 ρίαν
479 4966 555 5036 τῷ
578 4966 886 5039 Γρηγορίιρ,
914 4964 1007 5021 τὸν
1035 4966 1282 5036 γενναῖον
1310 4964 1369 5017 ὲν
1399 4963 1605 5031 λόγοις,
1647 4960 1743 5014 xui
1771 4974 1907 5012 στα·

330 5058 502 5129 θηρδν
547 5058 606 5113 ὲν
665 5057 872 5123 πόνοις,
938 5056 1077 5129 πρὸς
1110 5057 1212 5126 τὴν
1256 5053 1638 5126 πρεσϐυτέραν
1682 5049 1907 5119 Ῥώμην

329 5150 748 5217 ἐξαποστεῖλαι,
807 5148 1242 5222 διαημανοῦντα
1286 5146 1365 5218 τῷ
1416 5142 1729 5217 πάπᾳγκαὶ
1782 5142 1899 5205 τοῖς

330 5243 512 5296 suis:
546 5242 615 5297 τά
666 5239 764 5296 νῦν
812 5239 1107 5312 συνέχοντα
1137 5238 1238 5311 τὴν
1287 5236 1442 5292 πόλιν
1483 5232 1655 5301 δεινὰ,
1693 5232 1782 5287 ἵνα
1814 5248 1901 5296 τις

406 5442 484 5515 (l)
516 5440 619 5515 Hic
649 5441 720 5498 ab
751 5438 943 5515 audaci
979 5451 1149 5515 manu
1194 5435 1461 5506 scriptum
1490 5429 1778 5515 erat,__&1tb
1799 5429 1909 5515 τῆς

342 5502 621 5588 gemis;
646 5551 662 5577 ,
694 5527 823 5588 cum
854 5508 967 5565 Leo
987 5507 1259 5588 Armentis
1297 5502 1454 5588 esser
1500 5502 1907 5588 intelligendus.

222 5608 223 5611 η
337 5584 414 5640 De
438 5577 831 5654 persecutionis
856 5588 1039 5654 autem
1060 5578 1220 5654 a_b_eo
1234 5593 1332 5654 3n.
1356 5577 1461 5654 ιιι
1487 5577 1693 5654 moveri
1717 5580 1915 5654 erepta:

336 5642 658 5736 acerbitate,
702 5651 833 5736 vi_d_e
873 5650 1047 5736 Acta"
1079 5647 1181 5736 SS“
1234 5645 1598 5736 TheOphanis
1641 5642 1913 5736 etance-

378 5725 521 5785 hori,
568 5713 717 5778 lﬁ'et
751 5721 819 5776 l3
872 5719 1071 5776 Martii.
1133 5713 1501 5787 Menologium
1557 5714 1742 5772 Basilii
1779 5713 1912 5787 imp.

343 5875 506 5921 recte.

379 5810 458 5849 aee
503 5784 687 5851 omnia
717 5792 785 5849 ad
837 5788 1126 5862 Theophili
1170 5784 1413 5861 tempora
1465 5787 1679 5845 refert:
1735 5784 1917 5840 minus

2000 4592 2247 4650 cutiones
2287 4588 2341 4642 in
2378 4586 2543 4641 corda
2578 4582 2792 4654 piorum
2827 4578 3119 4638 stillantes,
3143 4588 3234 4627 ros
3256 4568 3587 4631 matutinus,

2001 4698 2066 4738 ac
2095 4678 2545 4749 medicamentum
2570 4669 2855 4744 spirituale
2909 4683 2972 4723 ac
2996 4662 3362 4722 salutiferam.
3418 4656 3589 4730 Igitur

2001 4748 2293 4824 multitudo
2320 4773 2650 4826 ascetarum,
2681 4760 2772 4827 qui
2821 4752 3434 4823 Constantinopolitana
3460 4748 3590 4802 urbe

2006 4861 2384 4922 morabantur,
2445 4853 2699 4910 convenit
2777 4850 2829 4904 in
2888 4856 3155 4910 unum,et
3235 4854 3588 4897 communem

2014 4951 2461 5024 supplicationem
2532 4946 2762 5000 detulit
2811 4940 3093 5006 Gregorio,
3159 4943 3410 4992 statuens
3463 4946 3587 4984 eum

2016 5022 2230 5100 mittere
2280 5042 2516 5109 legatum
2549 5036 2761 5105 (utpote
2789 5030 3062 5086 efﬁcacem
3117 5029 3171 5081 in
3213 5022 3583 5082 sermonibus,

2015 5147 2069 5193 ct
2091 5142 2431 5191 constantem
2468 5128 2522 5183 in
2559 5124 2839 5182 laboribus
2869 5122 2888 5190 )
2922 5121 3152 5174 Romam
3199 5126 3462 5176 veterem,
3527 5120 3587 5165 ut

2014 5228 2348 5300 significaret
2379 5235 2530 5294 papae
2559 5218 2580 5292 (
2618 5220 2653 5274 ‘5
2684 5217 2702 5278 )
2761 5215 2996 5285 aliisque
3056 5209 3318 5267 Romanis
3343 5221 3407 5263 ea
3441 5204 3584 5260 mala

2087 5424 2165 5498 (2)
2198 5422 2490 5498 Caietanus
2520 5421 2627 5498 huc
2654 5419 2840 5498 trahit.
2881 5414 3024 5487 quod
3058 5413 3382 5496 Gregorium
3421 5408 3591 5465 Deca-

2020 5485 2243 5570 politam
2273 5485 2493 5570 "Mentea
2533 5493 2743 5570 dicant_
2778 5485 3346 5570 §yracusas_veni‘sse
3405 5499 3419 5535 :
3479 5497 3586 5534 non

2022 5556 2189 5631 recte,
2217 5566 2344 5636 quia
2380 5563 2647 5636 patethnc
2671 5562 2743 5616 ibi
2774 5556 2977 5636 factum
3018 5556 3123 5636 dici
3176 5563 3467 5636 antequam
3496 5567 3584 5633 ac-

2020 5623 2737 5697 cederet'The'ssalonieam,
2764 5631 3011 5698 adeoque
3035 5634 3158 5698 ante
3185 5623 3584 5698 persecutionis

2020 5693 2254 5776 tempus.
2288 5704 2426 5772 Quid
2455 5704 2597 5775 quod
2632 5693 2733 5758 hic
2750 5693 3009 5772 expresse
3052 5693 3264 5752 dicatur
3291 5693 3585 5765 Gregorius

2021 5793 2128 5830 non
2164 5776 2405 5830 fugisse?

2020 5793 2128 5836 non
2164 5792 2399 5836 ιιιιζιδεθξ

2088 5848 2166 5919 (5)
2200 5836 2341 5905 ὶῖίοιιι
2362 5855 2579 5918 propter
2594 5860 2831 5903 errorem
2854 5843 2922 5901 de
2940 5839 3123 5897 Leone
3142 5836 3402 5904 Isaurico,
3424 5848 3586 5905 quem
