  <div class='ocr_page' id='page_1' title='image "/cluster/home/n/w/nwhite01/storage/ocr_20150623/105/hvd.32044013678347/487.png"; bbox 0 0 3978 6652; ppageno 0'>
   <div class='ocr_carea' id='block_1_1' title="bbox 320 412 3606 486">
    <p class='ocr_par' dir='ltr' id='par_1_1' title="bbox 320 412 3606 486">
     <span class='ocr_line' id='line_1_1' title="bbox 320 412 3606 486; baseline 0.002 -10"><span class='ocrx_word' id='word_1_1' title='bbox 320 412 445 480; x_wconf 82' lang='grc'><strong>’955</strong></span> <span class='ocrx_word' id='word_1_2' title='bbox 1462 414 1524 475; x_wconf 88' lang='lat' dir='ltr'><strong>S.</strong></span> <span class='ocrx_word' id='word_1_3' title='bbox 1563 413 1879 476; x_wconf 83' lang='lat' dir='ltr'><strong>JOSEPHI</strong></span> <span class='ocrx_word' id='word_1_4' title='bbox 1919 417 2484 484; x_wconf 76' lang='lat' dir='ltr'><strong>HYMNOGRAPIII</strong></span> <span class='ocrx_word' id='word_1_5' title='bbox 3500 423 3606 486; x_wconf 77' lang='lat'><strong>955</strong></span> 
     </span>
    </p>
   </div>
   <div class='ocr_carea' id='block_1_2' title="bbox 335 521 1971 605">
    <p class='ocr_par' dir='ltr' id='par_1_2' title="bbox 335 521 1971 598">
     <span class='ocr_line' id='line_1_2' title="bbox 335 521 1971 598; baseline -0.002 -17"><span class='ocrx_word' id='word_1_6' title='bbox 335 541 458 598; x_wconf 71' lang='lat' dir='ltr'><strong>qua:</strong></span> <span class='ocrx_word' id='word_1_7' title='bbox 513 521 1172 592; x_wconf 68' lang='lat' dir='ltr'><strong>Constaminopolimnam</strong></span> <span class='ocrx_word' id='word_1_8' title='bbox 1226 521 1503 577; x_wconf 88' lang='lat' dir='ltr'><strong>civitatem</strong></span> <span class='ocrx_word' id='word_1_9' title='bbox 1587 522 1971 593; x_wconf 68' lang='lat' dir='ltr'><strong>allligebant,1</strong></span> 
     </span>
    </p>
   </div>
   <div class='ocr_carea' id='block_1_3' title="bbox 2080 521 3615 605">
    <p class='ocr_par' dir='ltr' id='par_1_3' title="bbox 2080 528 3615 605">
     <span class='ocr_line' id='line_1_3' title="bbox 2080 528 3615 605; baseline 0.008 -25"><span class='ocrx_word' id='word_1_10' title='bbox 2080 529 2316 599; x_wconf 80' lang='grc' dir='ltr'>τικουρία</span> <span class='ocrx_word' id='word_1_11' title='bbox 2351 529 2579 600; x_wconf 81' lang='grc' dir='ltr'>γένηται</span> <span class='ocrx_word' id='word_1_12' title='bbox 2630 532 2696 601; x_wconf 78' lang='grc' dir='ltr'>τῇ</span> <span class='ocrx_word' id='word_1_13' title='bbox 2729 528 2823 583; x_wconf 87' lang='grc' dir='ltr'><strong>τοῦ</strong></span> <span class='ocrx_word' id='word_1_14' title='bbox 2884 528 3020 584; x_wconf 81' lang='grc' dir='ltr'>Θεοῦ</span> <span class='ocrx_word' id='word_1_15' title='bbox 3063 529 3381 604; x_wconf 73' lang='grc' dir='ltr'>Ἐκκλησία.</span> <span class='ocrx_word' id='word_1_16' title='bbox 3447 533 3615 605; x_wconf 68' lang='grc' dir='ltr'><strong>’Θρᾷξ</strong></span> 
     </span>
    </p>
   </div>
   <div class='ocr_carea' id='block_1_4' title="bbox 338 613 1971 694">
    <p class='ocr_par' dir='ltr' id='par_1_4' title="bbox 338 613 1921 690">
     <span class='ocr_line' id='line_1_4' title="bbox 338 613 1921 690; baseline 0 -20"><span class='ocrx_word' id='word_1_17' title='bbox 338 634 450 690; x_wconf 90' lang='lat' dir='ltr'><strong>quo</strong></span> <span class='ocrx_word' id='word_1_18' title='bbox 474 615 692 685; x_wconf 86' lang='lat' dir='ltr'><strong>aliquod</strong></span> <span class='ocrx_word' id='word_1_19' title='bbox 717 616 976 670; x_wconf 79' lang='lat' dir='ltr'><strong>auxilium</strong></span> <span class='ocrx_word' id='word_1_20' title='bbox 1005 613 1259 670; x_wconf 69' lang='lat' dir='ltr'><strong>Ecclesia:</strong></span> <span class='ocrx_word' id='word_1_21' title='bbox 1301 615 1392 669; x_wconf 77' lang='lat' dir='ltr'><strong>Dri</strong></span> <span class='ocrx_word' id='word_1_22' title='bbox 1419 614 1720 670; x_wconf 80' lang='lat' dir='ltr'><strong>all&#39;erretur.</strong></span> <span class='ocrx_word' id='word_1_23' title='bbox 1755 613 1921 670; x_wconf 84' lang='lat' dir='ltr'><strong>Vides</strong></span> 
     </span>
    </p>
   </div>
   <div class='ocr_carea' id='block_1_5' title="bbox 2080 613 3617 694">
    <p class='ocr_par' dir='ltr' id='par_1_5' title="bbox 2080 615 3617 694">
     <span class='ocr_line' id='line_1_5' title="bbox 2080 615 3617 694; baseline 0.005 -21"><span class='ocrx_word' id='word_1_24' title='bbox 2080 621 2160 691; x_wconf 68' lang='lat' dir='ltr'><strong>ip,</strong></span> <span class='ocrx_word' id='word_1_25' title='bbox 2207 621 2413 691; x_wconf 74' lang='grc' dir='ltr'>ἔλεγον,</span> <span class='ocrx_word' id='word_1_26' title='bbox 2467 615 2511 676; x_wconf 82' lang='grc' dir='ltr'><strong>ὦ</strong></span> <span class='ocrx_word' id='word_1_27' title='bbox 2570 623 2772 694; x_wconf 74' lang='grc' dir='ltr'>Πάτερ,</span> <span class='ocrx_word' id='word_1_28' title='bbox 2830 623 2907 686; x_wconf 86' lang='grc' dir='ltr'>ὡς</span> <span class='ocrx_word' id='word_1_29' title='bbox 2977 625 3134 688; x_wconf 84' lang='grc' dir='ltr'>ἰλιάς</span> <span class='ocrx_word' id='word_1_30' title='bbox 3159 626 3276 679; x_wconf 77' lang='grc' dir='ltr'>ἐστι</span> <span class='ocrx_word' id='word_1_31' title='bbox 3323 626 3512 680; x_wconf 80' lang='grc' dir='ltr'>κακῶν</span> <span class='ocrx_word' id='word_1_32' title='bbox 3555 628 3617 682; x_wconf 80' lang='grc' dir='ltr'><strong>εά</strong></span> 
     </span>
    </p>
   </div>
   <div class='ocr_carea' id='block_1_6' title="bbox 337 707 1971 792">
    <p class='ocr_par' dir='ltr' id='par_1_6' title="bbox 337 707 1923 778">
     <span class='ocr_line' id='line_1_6' title="bbox 337 707 1923 778; baseline -0.003 -12"><span class='ocrx_word' id='word_1_33' title='bbox 337 711 508 771; x_wconf 89' lang='lat' dir='ltr'><strong>enim.</strong></span> <span class='ocrx_word' id='word_1_34' title='bbox 541 707 782 776; x_wconf 82' lang='lat' dir='ltr'><strong>aiebam,</strong></span> <span class='ocrx_word' id='word_1_35' title='bbox 809 726 840 762; x_wconf 88' lang='grc' dir='ltr'><strong>ο</strong></span> <span class='ocrx_word' id='word_1_36' title='bbox 871 709 1049 776; x_wconf 80' lang='lat' dir='ltr'><strong>Pater,</strong></span> <span class='ocrx_word' id='word_1_37' title='bbox 1076 707 1354 778; x_wconf 90' lang='lat' dir='ltr'><strong>quomodo</strong></span> <span class='ocrx_word' id='word_1_38' title='bbox 1382 723 1469 764; x_wconf 89' lang='lat' dir='ltr'><strong>res</strong></span> <span class='ocrx_word' id='word_1_39' title='bbox 1491 718 1690 762; x_wconf 64' lang='lat' dir='ltr'><strong>uestrae</strong></span> <span class='ocrx_word' id='word_1_40' title='bbox 1721 707 1774 760; x_wconf 91' lang='lat' dir='ltr'><strong>in</strong></span> <span class='ocrx_word' id='word_1_41' title='bbox 1802 707 1923 762; x_wconf 83' lang='lat' dir='ltr'><strong>Ilia-</strong></span> 
     </span>
    </p>
   </div>
   <div class='ocr_carea' id='block_1_7' title="bbox 2080 707 3618 792">
    <p class='ocr_par' dir='ltr' id='par_1_7' title="bbox 2080 712 3618 792">
     <span class='ocr_line' id='line_1_7' title="bbox 2080 712 3618 792; baseline 0.005 -27"><span class='ocrx_word' id='word_1_42' title='bbox 2080 712 2294 785; x_wconf 72' lang='grc' dir='ltr'>μέτερα,</span> <span class='ocrx_word' id='word_1_43' title='bbox 2328 714 2422 768; x_wconf 77' lang='grc' dir='ltr'>καὶ</span> <span class='ocrx_word' id='word_1_44' title='bbox 2456 715 2754 769; x_wconf 78' lang='grc' dir='ltr'>κινδυνεύει</span> <span class='ocrx_word' id='word_1_45' title='bbox 2785 715 2846 769; x_wconf 77' lang='grc' dir='ltr'>τὸ</span> <span class='ocrx_word' id='word_1_46' title='bbox 2871 716 3016 785; x_wconf 82' lang='grc' dir='ltr'>μέγα</span> <span class='ocrx_word' id='word_1_47' title='bbox 3065 719 3314 788; x_wconf 77' lang='grc' dir='ltr'><strong>ποίμνιον</strong></span> <span class='ocrx_word' id='word_1_48' title='bbox 3343 719 3440 774; x_wconf 87' lang='grc' dir='ltr'><strong>τοῦ</strong></span> <span class='ocrx_word' id='word_1_49' title='bbox 3474 721 3618 792; x_wconf 72' lang='grc' dir='ltr'>λρι-</span> 
     </span>
    </p>
   </div>
   <div class='ocr_carea' id='block_1_8' title="bbox 337 798 1971 880">
    <p class='ocr_par' dir='ltr' id='par_1_8' title="bbox 337 798 1902 870">
     <span class='ocr_line' id='line_1_8' title="bbox 337 798 1902 870; baseline -0.005 -11"><span class='ocrx_word' id='word_1_50' title='bbox 337 805 458 859; x_wconf 88' lang='lat' dir='ltr'><strong>dem</strong></span> <span class='ocrx_word' id='word_1_51' title='bbox 494 803 758 857; x_wconf 89' lang='lat' dir='ltr'><strong>malorum</strong></span> <span class='ocrx_word' id='word_1_52' title='bbox 793 803 904 855; x_wconf 87' lang='lat' dir='ltr'><strong>sint</strong></span> <span class='ocrx_word' id='word_1_53' title='bbox 935 809 1300 865; x_wconf 57' lang='lat' dir='ltr'><strong>commutata,</strong></span> <span class='ocrx_word' id='word_1_54' title='bbox 1337 810 1390 854; x_wconf 90' lang='lat' dir='ltr'><strong>et</strong></span> <span class='ocrx_word' id='word_1_55' title='bbox 1425 815 1678 870; x_wconf 85' lang='lat' dir='ltr'><strong>magnum</strong></span> <span class='ocrx_word' id='word_1_56' title='bbox 1701 798 1902 854; x_wconf 86' lang='lat' dir='ltr'><strong>Christi</strong></span> 
     </span>
    </p>
   </div>
   <div class='ocr_carea' id='block_1_9' title="bbox 2080 798 3198 880">
    <p class='ocr_par' dir='ltr' id='par_1_9' title="bbox 2080 804 3198 880">
     <span class='ocr_line' id='line_1_9' title="bbox 2080 804 3198 880; baseline 0.007 -21"><span class='ocrx_word' id='word_1_57' title='bbox 2080 805 2184 873; x_wconf 79' lang='grc' dir='ltr'>τοῦ,</span> <span class='ocrx_word' id='word_1_58' title='bbox 2220 807 2312 860; x_wconf 77' lang='grc' dir='ltr'>διὰ.</span> <span class='ocrx_word' id='word_1_59' title='bbox 2337 807 2396 860; x_wconf 80' lang='grc' dir='ltr'><strong>τὸ</strong></span> <span class='ocrx_word' id='word_1_60' title='bbox 2428 807 2503 880; x_wconf 78' lang='grc' dir='ltr'>μὴ</span> <span class='ocrx_word' id='word_1_61' title='bbox 2526 804 2667 862; x_wconf 83' lang='grc' dir='ltr'>εἰναι</span> <span class='ocrx_word' id='word_1_62' title='bbox 2690 807 2782 862; x_wconf 84' lang='grc' dir='ltr'><strong>τὸν</strong></span> <span class='ocrx_word' id='word_1_63' title='bbox 2810 808 3198 879; x_wconf 78' lang='grc' dir='ltr'>ὲκδικήσαντα.</span> 
     </span>
    </p>
   </div>
   <div class='ocr_carea' id='block_1_10' title="bbox 339 890 2642 964">
    <p class='ocr_par' dir='ltr' id='par_1_10' title="bbox 339 890 2642 964">
     <span class='ocr_line' id='line_1_10' title="bbox 339 890 2642 964; baseline -0.004 -12"><span class='ocrx_word' id='word_1_64' title='bbox 339 896 481 952; x_wconf 77' lang='lat' dir='ltr'><strong>Ovile</strong></span> <span class='ocrx_word' id='word_1_65' title='bbox 510 895 860 964; x_wconf 76' lang='lat' dir='ltr'><strong>periclitetur,</strong></span> <span class='ocrx_word' id='word_1_66' title='bbox 888 908 951 946; x_wconf 92' lang='lat' dir='ltr'><strong>eo</strong></span> <span class='ocrx_word' id='word_1_67' title='bbox 975 892 1119 963; x_wconf 85' lang='lat' dir='ltr'><strong>quod</strong></span> <span class='ocrx_word' id='word_1_68' title='bbox 1147 907 1252 946; x_wconf 91' lang='lat' dir='ltr'><strong>non</strong></span> <span class='ocrx_word' id='word_1_69' title='bbox 1282 893 1351 947; x_wconf 90' lang='lat' dir='ltr'><strong>sit</strong></span> <span class='ocrx_word' id='word_1_70' title='bbox 1377 892 1469 962; x_wconf 85' lang='lat' dir='ltr'><strong>qui</strong></span> <span class='ocrx_word' id='word_1_71' title='bbox 1489 890 1916 947; x_wconf 84' lang='lat' dir='ltr'><strong>delendatillud.</strong></span> <span class='ocrx_word' id='word_1_72' title='bbox 2621 944 2642 955; x_wconf 64' lang='lat'><strong>,</strong></span> 
     </span>
    </p>
   </div>
   <div class='ocr_carea' id='block_1_11' title="bbox 2109 984 3622 1065">
    <p class='ocr_par' dir='ltr' id='par_1_11' title="bbox 2109 984 3622 1065">
     <span class='ocr_line' id='line_1_11' title="bbox 2109 984 3622 1065; baseline 0.005 -25"><span class='ocrx_word' id='word_1_73' title='bbox 2109 984 2192 1052; x_wconf 80' lang='grc' dir='ltr'><strong>ιζ’.</strong></span> <span class='ocrx_word' id='word_1_74' title='bbox 2224 986 2448 1057; x_wconf 80' lang='grc' dir='ltr'>Δέχεται</span> <span class='ocrx_word' id='word_1_75' title='bbox 2490 986 2590 1060; x_wconf 78' lang='grc' dir='ltr'><strong>τὴν</strong></span> <span class='ocrx_word' id='word_1_76' title='bbox 2620 988 2970 1060; x_wconf 85' lang='grc' dir='ltr'>παράκλησιν</span> <span class='ocrx_word' id='word_1_77' title='bbox 3001 991 3029 1043; x_wconf 99' lang='lat'><strong>6</strong></span> <span class='ocrx_word' id='word_1_78' title='bbox 3087 991 3266 1061; x_wconf 86' lang='grc' dir='ltr'>μέγας</span> <span class='ocrx_word' id='word_1_79' title='bbox 3312 993 3622 1065; x_wconf 82' lang='grc' dir='ltr'>Γρηγόριος</span> 
     </span>
    </p>
   </div>
   <div class='ocr_carea' id='block_1_12' title="bbox 2034 1077 3618 1156">
    <p class='ocr_par' dir='ltr' id='par_1_12' title="bbox 2034 1077 3618 1156">
     <span class='ocr_line' id='line_1_12' title="bbox 2034 1077 3618 1156; baseline 0.004 -24"><span class='ocrx_word' id='word_1_80' title='bbox 2034 1078 2126 1132; x_wconf 66' lang='grc' dir='ltr'><strong>και</strong></span> <span class='ocrx_word' id='word_1_81' title='bbox 2158 1077 2234 1141; x_wconf 83' lang='grc' dir='ltr'>ὡς</span> <span class='ocrx_word' id='word_1_82' title='bbox 2267 1079 2468 1148; x_wconf 75' lang='grc' dir='ltr'>μᾶλλον</span> <span class='ocrx_word' id='word_1_83' title='bbox 2498 1080 2748 1150; x_wconf 75' lang='grc' dir='ltr'><strong>αἰτήσας,</strong></span> <span class='ocrx_word' id='word_1_84' title='bbox 2773 1082 2872 1134; x_wconf 83' lang='grc' dir='ltr'><strong>οὐκ</strong></span> <span class='ocrx_word' id='word_1_85' title='bbox 2901 1083 3172 1152; x_wconf 70' lang='grc' dir='ltr'>αἰτηθεὶς,</span> <span class='ocrx_word' id='word_1_86' title='bbox 3201 1085 3497 1156; x_wconf 77' lang='grc' dir='ltr'><strong>ἀπαρτίζει</strong></span> <span class='ocrx_word' id='word_1_87' title='bbox 3518 1089 3618 1140; x_wconf 75' lang='grc' dir='ltr'>τὸν</span> 
     </span>
    </p>
   </div>
   <div class='ocr_carea' id='block_1_13' title="bbox 2035 1170 3740 1248">
    <p class='ocr_par' dir='ltr' id='par_1_13' title="bbox 2035 1170 3740 1248">
     <span class='ocr_line' id='line_1_13' title="bbox 2035 1170 3740 1248; baseline 0.003 -24"><span class='ocrx_word' id='word_1_88' title='bbox 2035 1171 2191 1240; x_wconf 88' lang='grc' dir='ltr'>λόγον</span> <span class='ocrx_word' id='word_1_89' title='bbox 2214 1175 2354 1242; x_wconf 84' lang='grc' dir='ltr'>ταχύ</span> <span class='ocrx_word' id='word_1_90' title='bbox 2379 1187 2394 1202; x_wconf 77' lang='grc' dir='ltr'><strong>ο</strong></span> <span class='ocrx_word' id='word_1_91' title='bbox 2422 1171 2518 1226; x_wconf 76' lang='grc' dir='ltr'>καὶ</span> <span class='ocrx_word' id='word_1_92' title='bbox 2546 1170 2638 1226; x_wconf 76' lang='grc' dir='ltr'>τὸν</span> <span class='ocrx_word' id='word_1_93' title='bbox 2661 1171 2802 1227; x_wconf 82' lang='grc' dir='ltr'>Θεῖον</span> <span class='ocrx_word' id='word_1_94' title='bbox 2837 1175 3354 1246; x_wconf 74' lang='grc' dir='ltr'><strong>μετακαλεσάμενος</strong></span> <span class='ocrx_word' id='word_1_95' title='bbox 3395 1178 3621 1248; x_wconf 76' lang='grc' dir='ltr'>Ἰωσὴφ,</span> <span class='ocrx_word' id='word_1_96' title='bbox 3731 1217 3740 1220; x_wconf 93' lang='grc'><strong>-</strong></span> 
     </span>
    </p>
   </div>
   <div class='ocr_carea' id='block_1_14' title="bbox 2035 1259 3624 1337">
    <p class='ocr_par' dir='ltr' id='par_1_14' title="bbox 2035 1259 3624 1337">
     <span class='ocr_line' id='line_1_14' title="bbox 2035 1259 3624 1337; baseline 0.005 -21"><span class='ocrx_word' id='word_1_97' title='bbox 2035 1263 2172 1327; x_wconf 83' lang='grc' dir='ltr'>Νῦν,</span> <span class='ocrx_word' id='word_1_98' title='bbox 2194 1259 2338 1327; x_wconf 80' lang='grc' dir='ltr'>εἰπε,</span> <span class='ocrx_word' id='word_1_99' title='bbox 2367 1263 2576 1330; x_wconf 82' lang='grc' dir='ltr'>τέκνον,</span> <span class='ocrx_word' id='word_1_100' title='bbox 2613 1265 2804 1337; x_wconf 72' lang='grc' dir='ltr'>καιρὸς</span> <span class='ocrx_word' id='word_1_101' title='bbox 2831 1266 2925 1320; x_wconf 84' lang='grc' dir='ltr'><strong>τοῦ</strong></span> <span class='ocrx_word' id='word_1_102' title='bbox 2961 1284 3021 1320; x_wconf 85' lang='grc' dir='ltr'><strong>τε</strong></span> <span class='ocrx_word' id='word_1_103' title='bbox 3049 1267 3212 1336; x_wconf 88' lang='grc' dir='ltr'>λόγου</span> <span class='ocrx_word' id='word_1_104' title='bbox 3245 1268 3307 1321; x_wconf 78' lang='grc' dir='ltr'><strong>τὸ</strong></span> <span class='ocrx_word' id='word_1_105' title='bbox 3331 1271 3468 1323; x_wconf 79' lang='grc' dir='ltr'>πολὺ</span> <span class='ocrx_word' id='word_1_106' title='bbox 3497 1273 3624 1324; x_wconf 77' lang='grc' dir='ltr'>ἑπι-</span> 
     </span>
    </p>
   </div>
   <div class='ocr_carea' id='block_1_15' title="bbox 2036 1355 3628 1431">
    <p class='ocr_par' dir='ltr' id='par_1_15' title="bbox 2036 1355 3628 1431">
     <span class='ocr_line' id='line_1_15' title="bbox 2036 1355 3628 1431; baseline 0.004 -20"><span class='ocrx_word' id='word_1_107' title='bbox 2036 1355 2333 1421; x_wconf 78' lang='grc' dir='ltr'>δείξασθαι,</span> <span class='ocrx_word' id='word_1_108' title='bbox 2371 1358 2466 1411; x_wconf 77' lang='grc' dir='ltr'><strong>καὶ</strong></span> <span class='ocrx_word' id='word_1_109' title='bbox 2504 1356 2594 1410; x_wconf 85' lang='grc' dir='ltr'><strong>τὸν</strong></span> <span class='ocrx_word' id='word_1_110' title='bbox 2625 1357 2763 1429; x_wconf 79' lang='grc' dir='ltr'>πρὸς</span> <span class='ocrx_word' id='word_1_111' title='bbox 2797 1358 2930 1413; x_wconf 79' lang='grc' dir='ltr'>Θεὸν</span> <span class='ocrx_word' id='word_1_112' title='bbox 2966 1359 3148 1431; x_wconf 76' lang='grc' dir='ltr'>ἔρωτα</span> <span class='ocrx_word' id='word_1_113' title='bbox 3180 1361 3628 1416; x_wconf 82' lang='grc' dir='ltr'>πολυπλασιάσαι</span> 
     </span>
    </p>
   </div>
   <div class='ocr_carea' id='block_1_16' title="bbox 2038 1447 3627 1520">
    <p class='ocr_par' dir='ltr' id='par_1_16' title="bbox 2038 1447 3627 1520">
     <span class='ocr_line' id='line_1_16' title="bbox 2038 1447 3627 1520; baseline 0.004 -20"><span class='ocrx_word' id='word_1_114' title='bbox 2038 1447 2114 1511; x_wconf 86' lang='grc' dir='ltr'>ὡς</span> <span class='ocrx_word' id='word_1_115' title='bbox 2147 1448 2390 1518; x_wconf 81' lang='grc' dir='ltr'>ἐφικτόν.</span> <span class='ocrx_word' id='word_1_116' title='bbox 2435 1447 2491 1502; x_wconf 82' lang='lat'><strong>&#39;0</strong></span> <span class='ocrx_word' id='word_1_117' title='bbox 2528 1448 2586 1502; x_wconf 84' lang='grc' dir='ltr'>δὲ</span> <span class='ocrx_word' id='word_1_118' title='bbox 2622 1449 2812 1520; x_wconf 79' lang='grc' dir='ltr'>μαθὼν</span> <span class='ocrx_word' id='word_1_119' title='bbox 2842 1451 2929 1503; x_wconf 76' lang='grc' dir='ltr'><strong>ἀεὶ</strong></span> <span class='ocrx_word' id='word_1_120' title='bbox 2980 1451 3409 1518; x_wconf 78' lang='grc' dir='ltr'>ὑποτάσσεσθαι,</span> <span class='ocrx_word' id='word_1_121' title='bbox 3445 1453 3627 1506; x_wconf 80' lang='grc' dir='ltr'>κλίνει</span> 
     </span>
    </p>
   </div>
   <div class='ocr_carea' id='block_1_17' title="bbox 2043 1540 3630 1615">
    <p class='ocr_par' dir='ltr' id='par_1_17' title="bbox 2043 1540 3630 1615">
     <span class='ocr_line' id='line_1_17' title="bbox 2043 1540 3630 1615; baseline 0.004 -23"><span class='ocrx_word' id='word_1_122' title='bbox 2043 1540 2138 1611; x_wconf 78' lang='grc' dir='ltr'><strong>μὲν</strong></span> <span class='ocrx_word' id='word_1_123' title='bbox 2169 1541 2353 1610; x_wconf 70' lang='grc' dir='ltr'>ἡρέμα</span> <span class='ocrx_word' id='word_1_124' title='bbox 2385 1540 2484 1611; x_wconf 76' lang='grc' dir='ltr'><strong>τὴν</strong></span> <span class='ocrx_word' id='word_1_125' title='bbox 2519 1541 2785 1612; x_wconf 80' lang='grc' dir='ltr'>κεφαλὴν,</span> <span class='ocrx_word' id='word_1_126' title='bbox 2837 1543 2934 1597; x_wconf 73' lang='grc' dir='ltr'>καὶ</span> <span class='ocrx_word' id='word_1_127' title='bbox 2975 1543 3111 1615; x_wconf 81' lang='grc' dir='ltr'>μηδὲ</span> <span class='ocrx_word' id='word_1_128' title='bbox 3150 1543 3263 1598; x_wconf 84' lang='grc' dir='ltr'>τῶν</span> <span class='ocrx_word' id='word_1_129' title='bbox 3299 1545 3630 1613; x_wconf 78' lang='grc' dir='ltr'><strong>ἀναγκαίων</strong></span> 
     </span>
    </p>
   </div>
   <div class='ocr_carea' id='block_1_18' title="bbox 350 1631 1971 1708">
    <p class='ocr_par' dir='ltr' id='par_1_18' title="bbox 350 1631 1931 1704">
     <span class='ocr_line' id='line_1_18' title="bbox 350 1631 1931 1704; baseline 0.002 -19"><span class='ocrx_word' id='word_1_130' title='bbox 350 1631 569 1702; x_wconf 88' lang='lat' dir='ltr'><strong>quidem</strong></span> <span class='ocrx_word' id='word_1_131' title='bbox 635 1633 1068 1687; x_wconf 79' lang='lat' dir='ltr'><strong>necessariarum</strong></span> <span class='ocrx_word' id='word_1_132' title='bbox 1117 1633 1402 1686; x_wconf 90' lang='lat' dir='ltr'><strong>minimum</strong></span> <span class='ocrx_word' id='word_1_133' title='bbox 1454 1634 1583 1704; x_wconf 90' lang='lat' dir='ltr'><strong>quid</strong></span> <span class='ocrx_word' id='word_1_134' title='bbox 1637 1633 1931 1703; x_wconf 87' lang='lat' dir='ltr'><strong>accipiens,</strong></span> 
     </span>
    </p>
   </div>
   <div class='ocr_carea' id='block_1_19' title="bbox 2080 1631 3634 1708">
    <p class='ocr_par' dir='ltr' id='par_1_19' title="bbox 2080 1631 3634 1708">
     <span class='ocr_line' id='line_1_19' title="bbox 2080 1631 3634 1708; baseline 0.006 -28"><span class='ocrx_word' id='word_1_135' title='bbox 2080 1631 2208 1701; x_wconf 44' lang='grc' dir='ltr'>ηηδέν</span> <span class='ocrx_word' id='word_1_136' title='bbox 2234 1650 2285 1686; x_wconf 85' lang='grc' dir='ltr'><strong>τι</strong></span> <span class='ocrx_word' id='word_1_137' title='bbox 2317 1631 2672 1703; x_wconf 80' lang='grc' dir='ltr'>παραλαϐὼν,</span> <span class='ocrx_word' id='word_1_138' title='bbox 2703 1632 2831 1704; x_wconf 87' lang='grc' dir='ltr'>νηός</span> <span class='ocrx_word' id='word_1_139' title='bbox 2863 1651 2921 1688; x_wconf 90' lang='grc' dir='ltr'><strong>τε</strong></span> <span class='ocrx_word' id='word_1_140' title='bbox 2944 1635 3201 1689; x_wconf 71' lang='grc' dir='ltr'>ἐπέϐαινε</span> <span class='ocrx_word' id='word_1_141' title='bbox 3230 1637 3326 1690; x_wconf 80' lang='grc' dir='ltr'>καὶ</span> <span class='ocrx_word' id='word_1_142' title='bbox 3359 1637 3500 1707; x_wconf 72' lang='grc' dir='ltr'>πρὸς</span> <span class='ocrx_word' id='word_1_143' title='bbox 3525 1638 3634 1708; x_wconf 82' lang='grc' dir='ltr'>τὴν</span> 
     </span>
    </p>
   </div>
   <div class='ocr_carea' id='block_1_20' title="bbox 354 1721 1971 1802">
    <p class='ocr_par' dir='ltr' id='par_1_20' title="bbox 354 1721 1934 1786">
     <span class='ocr_line' id='line_1_20' title="bbox 354 1721 1934 1786; baseline 0.001 -9"><span class='ocrx_word' id='word_1_144' title='bbox 354 1725 531 1778; x_wconf 79' lang='lat' dir='ltr'><strong>navim</strong></span> <span class='ocrx_word' id='word_1_145' title='bbox 560 1723 902 1786; x_wconf 76' lang='lat' dir='ltr'><strong>conscendit,</strong></span> <span class='ocrx_word' id='word_1_146' title='bbox 922 1734 973 1778; x_wconf 91' lang='lat' dir='ltr'><strong>et</strong></span> <span class='ocrx_word' id='word_1_147' title='bbox 1013 1721 1240 1778; x_wconf 79' lang='lat' dir='ltr'><strong>Romam</strong></span> <span class='ocrx_word' id='word_1_148' title='bbox 1277 1740 1469 1779; x_wconf 81' lang='lat' dir='ltr'><strong>versus</strong></span> <span class='ocrx_word' id='word_1_149' title='bbox 1498 1725 1613 1778; x_wconf 88' lang='lat' dir='ltr'><strong>vela</strong></span> <span class='ocrx_word' id='word_1_150' title='bbox 1651 1722 1797 1779; x_wconf 82' lang='lat' dir='ltr'><strong>facit.</strong></span> <span class='ocrx_word' id='word_1_151' title='bbox 1825 1724 1934 1779; x_wconf 87' lang='lat' dir='ltr'><strong>Sed</strong></span> 
     </span>
    </p>
   </div>
   <div class='ocr_carea' id='block_1_21' title="bbox 2080 1721 3632 1802">
    <p class='ocr_par' dir='ltr' id='par_1_21' title="bbox 2080 1722 3632 1802">
     <span class='ocr_line' id='line_1_21' title="bbox 2080 1722 3632 1802; baseline 0.005 -26"><span class='ocrx_word' id='word_1_152' title='bbox 2080 1723 2272 1796; x_wconf 85' lang='grc' dir='ltr'>Ρώμην</span> <span class='ocrx_word' id='word_1_153' title='bbox 2302 1725 2594 1781; x_wconf 75' lang='grc' dir='ltr'>ἀπέπλεεν.</span> <span class='ocrx_word' id='word_1_154' title='bbox 2638 1726 2753 1780; x_wconf 87' lang='grc' dir='ltr'>Ούκ</span> <span class='ocrx_word' id='word_1_155' title='bbox 2783 1722 2852 1798; x_wconf 77' lang='grc' dir='ltr'>ἦν</span> <span class='ocrx_word' id='word_1_156' title='bbox 2887 1727 2945 1781; x_wconf 80' lang='grc' dir='ltr'>δὲ</span> <span class='ocrx_word' id='word_1_157' title='bbox 2984 1723 3108 1798; x_wconf 74' lang='grc' dir='ltr'>’ἀρα</span> <span class='ocrx_word' id='word_1_158' title='bbox 3159 1729 3254 1784; x_wconf 76' lang='grc' dir='ltr'><strong>καὶ</strong></span> <span class='ocrx_word' id='word_1_159' title='bbox 3280 1729 3398 1801; x_wconf 83' lang='grc' dir='ltr'><strong>Θεῷ</strong></span> <span class='ocrx_word' id='word_1_160' title='bbox 3430 1730 3632 1802; x_wconf 79' lang='grc' dir='ltr'>βουλη-</span> 
     </span>
    </p>
   </div>
   <div class='ocr_carea' id='block_1_22' title="bbox 357 1814 1971 1893">
    <p class='ocr_par' dir='ltr' id='par_1_22' title="bbox 357 1814 1932 1886">
     <span class='ocr_line' id='line_1_22' title="bbox 357 1814 1932 1886; baseline 0.001 -16"><span class='ocrx_word' id='word_1_161' title='bbox 357 1816 495 1870; x_wconf 82' lang='lat' dir='ltr'><strong>forte</strong></span> <span class='ocrx_word' id='word_1_162' title='bbox 527 1831 632 1869; x_wconf 91' lang='lat' dir='ltr'><strong>non</strong></span> <span class='ocrx_word' id='word_1_163' title='bbox 664 1822 780 1868; x_wconf 88' lang='lat' dir='ltr'><strong>erat</strong></span> <span class='ocrx_word' id='word_1_164' title='bbox 806 1814 921 1870; x_wconf 61' lang='lat' dir='ltr'><strong>hmo</strong></span> <span class='ocrx_word' id='word_1_165' title='bbox 954 1815 1042 1870; x_wconf 88' lang='lat' dir='ltr'><strong>Dei</strong></span> <span class='ocrx_word' id='word_1_166' title='bbox 1080 1817 1353 1880; x_wconf 76' lang='lat' dir='ltr'><strong>voluntas,</strong></span> <span class='ocrx_word' id='word_1_167' title='bbox 1386 1819 1480 1886; x_wconf 91' lang='lat' dir='ltr'><strong>qui</strong></span> <span class='ocrx_word' id='word_1_168' title='bbox 1534 1831 1678 1886; x_wconf 68' lang='lat' dir='ltr'><strong>saepe</strong></span> <span class='ocrx_word' id='word_1_169' title='bbox 1710 1831 1805 1885; x_wconf 88' lang='lat' dir='ltr'><strong>per</strong></span> <span class='ocrx_word' id='word_1_170' title='bbox 1843 1831 1932 1872; x_wconf 87' lang='lat' dir='ltr'><strong>res</strong></span> 
     </span>
    </p>
   </div>
   <div class='ocr_carea' id='block_1_23' title="bbox 2080 1814 3640 1893">
    <p class='ocr_par' dir='ltr' id='par_1_23' title="bbox 2080 1817 3640 1893">
     <span class='ocr_line' id='line_1_23' title="bbox 2080 1817 3640 1893; baseline 0.003 -22"><span class='ocrx_word' id='word_1_171' title='bbox 2080 1817 2152 1884; x_wconf 75' lang='grc' dir='ltr'>ὸν,</span> <span class='ocrx_word' id='word_1_172' title='bbox 2209 1817 2289 1888; x_wconf 81' lang='grc' dir='ltr'>τῷ</span> <span class='ocrx_word' id='word_1_173' title='bbox 2327 1818 2416 1872; x_wconf 83' lang='grc' dir='ltr'><strong>διά</strong></span> <span class='ocrx_word' id='word_1_174' title='bbox 2463 1821 2571 1871; x_wconf 85' lang='grc' dir='ltr'>τῶν</span> <span class='ocrx_word' id='word_1_175' title='bbox 2635 1819 2898 1874; x_wconf 67' lang='grc' dir='ltr'>ἐναντίων</span> <span class='ocrx_word' id='word_1_176' title='bbox 2945 1820 3208 1885; x_wconf 81' lang='grc' dir='ltr'>πολλάκις</span> <span class='ocrx_word' id='word_1_177' title='bbox 3255 1823 3640 1893; x_wconf 74' lang='grc' dir='ltr'><strong>οἰκονομοῦντι</strong></span> 
     </span>
    </p>
   </div>
   <div class='ocr_carea' id='block_1_24' title="bbox 355 1907 1971 1986">
    <p class='ocr_par' dir='ltr' id='par_1_24' title="bbox 355 1908 1971 1979">
     <span class='ocr_line' id='line_1_24' title="bbox 355 1908 1971 1979; baseline 0.002 -16"><span class='ocrx_word' id='word_1_178' title='bbox 355 1909 614 1963; x_wconf 85' lang='lat' dir='ltr'><strong>adversas</strong></span> <span class='ocrx_word' id='word_1_179' title='bbox 643 1908 962 1962; x_wconf 87' lang='lat' dir='ltr'><strong>admiranda</strong></span> <span class='ocrx_word' id='word_1_180' title='bbox 997 1909 1258 1978; x_wconf 78' lang='lat' dir='ltr'><strong>dispOttit.</strong></span> <span class='ocrx_word' id='word_1_181' title='bbox 1287 1909 1426 1976; x_wconf 86' lang='lat' dir='ltr'><strong>Quid</strong></span> <span class='ocrx_word' id='word_1_182' title='bbox 1464 1924 1595 1979; x_wconf 80' lang='lat' dir='ltr'><strong>ergo</strong></span> <span class='ocrx_word' id='word_1_183' title='bbox 1627 1910 1848 1972; x_wconf 71' lang='lat' dir='ltr'><strong>accidit,</strong></span> <span class='ocrx_word' id='word_1_184' title='bbox 1882 1921 1936 1965; x_wconf 88' lang='lat' dir='ltr'><strong>et</strong></span> <span class='ocrx_word' id='word_1_185' title='bbox 1970 1919 1971 1968; x_wconf 80' lang='grc' dir='ltr'>Ῑ</span> 
     </span>
    </p>
   </div>
   <div class='ocr_carea' id='block_1_25' title="bbox 2080 1907 3643 1986">
    <p class='ocr_par' dir='ltr' id='par_1_25' title="bbox 2087 1907 3643 1986">
     <span class='ocr_line' id='line_1_25' title="bbox 2087 1907 3643 1986; baseline 0.003 -22"><span class='ocrx_word' id='word_1_186' title='bbox 2087 1909 2344 1981; x_wconf 78' lang='grc' dir='ltr'>αράδοξα.</span> <span class='ocrx_word' id='word_1_187' title='bbox 2400 1910 2466 1964; x_wconf 86' lang='grc' dir='ltr'>Τί</span> <span class='ocrx_word' id='word_1_188' title='bbox 2499 1907 2594 1965; x_wconf 77' lang='grc' dir='ltr'>οὖν</span> <span class='ocrx_word' id='word_1_189' title='bbox 2645 1911 2878 1980; x_wconf 85' lang='grc' dir='ltr'>γίνεται,</span> <span class='ocrx_word' id='word_1_190' title='bbox 2929 1913 3024 1968; x_wconf 78' lang='grc' dir='ltr'>καὶ</span> <span class='ocrx_word' id='word_1_191' title='bbox 3071 1913 3126 1967; x_wconf 85' lang='grc' dir='ltr'><strong>τί</strong></span> <span class='ocrx_word' id='word_1_192' title='bbox 3155 1913 3432 1981; x_wconf 60' lang='lat' dir='ltr'><strong>salsi-rat;</strong></span> <span class='ocrx_word' id='word_1_193' title='bbox 3488 1915 3643 1986; x_wconf 80' lang='grc' dir='ltr'>Νῆες</span> 
     </span>
    </p>
   </div>
   <div class='ocr_carea' id='block_1_26' title="bbox 357 1999 1971 2078">
    <p class='ocr_par' dir='ltr' id='par_1_26' title="bbox 357 1999 1945 2072">
     <span class='ocr_line' id='line_1_26' title="bbox 357 1999 1945 2072; baseline 0.002 -17"><span class='ocrx_word' id='word_1_194' title='bbox 357 2001 489 2070; x_wconf 91' lang='lat' dir='ltr'><strong>quid</strong></span> <span class='ocrx_word' id='word_1_195' title='bbox 515 2001 716 2055; x_wconf 80' lang='lat' dir='ltr'><strong>factum</strong></span> <span class='ocrx_word' id='word_1_196' title='bbox 739 2001 864 2056; x_wconf 72' lang='lat' dir='ltr'><strong>est?</strong></span> <span class='ocrx_word' id='word_1_197' title='bbox 896 1999 1199 2056; x_wconf 50' lang='lat' dir='ltr'><strong>Barbaricas</strong></span> <span class='ocrx_word' id='word_1_198' title='bbox 1222 2002 1472 2058; x_wconf 80' lang='lat' dir='ltr'><strong>triremes</strong></span> <span class='ocrx_word' id='word_1_199' title='bbox 1500 2002 1799 2072; x_wconf 77' lang='lat' dir='ltr'><strong>piratarum</strong></span> <span class='ocrx_word' id='word_1_200' title='bbox 1851 2019 1945 2058; x_wconf 78' lang='lat' dir='ltr'><strong>su-</strong></span> 
     </span>
    </p>
   </div>
   <div class='ocr_carea' id='block_1_27' title="bbox 2080 1999 3643 2078">
    <p class='ocr_par' dir='ltr' id='par_1_27' title="bbox 2084 2003 3643 2078">
     <span class='ocr_line' id='line_1_27' title="bbox 2084 2003 3643 2078; baseline 0.004 -23"><span class='ocrx_word' id='word_1_201' title='bbox 2084 2005 2344 2058; x_wconf 77' lang='grc' dir='ltr'>πιστᾶσαι</span> <span class='ocrx_word' id='word_1_202' title='bbox 2373 2003 2712 2077; x_wconf 77' lang='grc' dir='ltr'>βαρϐαρικαὶ</span> <span class='ocrx_word' id='word_1_203' title='bbox 2757 2005 2970 2078; x_wconf 83' lang='grc' dir='ltr'>ἀνδρῶν</span> <span class='ocrx_word' id='word_1_204' title='bbox 3019 2006 3336 2078; x_wconf 82' lang='grc' dir='ltr'>πειρατῶν,</span> <span class='ocrx_word' id='word_1_205' title='bbox 3390 2009 3532 2061; x_wconf 78' lang='grc' dir='ltr'>ἄλλα</span> <span class='ocrx_word' id='word_1_206' title='bbox 3580 2024 3643 2061; x_wconf 81' lang='grc' dir='ltr'><strong>τε</strong></span> 
     </span>
    </p>
   </div>
   <div class='ocr_carea' id='block_1_28' title="bbox 359 2091 1971 2170">
    <p class='ocr_par' dir='ltr' id='par_1_28' title="bbox 359 2091 1941 2165">
     <span class='ocr_line' id='line_1_28' title="bbox 359 2091 1941 2165; baseline 0.003 -20"><span class='ocrx_word' id='word_1_207' title='bbox 359 2091 738 2162; x_wconf 85' lang='lat' dir='ltr'><strong>pervenientes</strong></span> <span class='ocrx_word' id='word_1_208' title='bbox 769 2091 952 2146; x_wconf 82' lang='lat' dir='ltr'><strong>omnia</strong></span> <span class='ocrx_word' id='word_1_209' title='bbox 985 2093 1200 2162; x_wconf 84' lang='lat' dir='ltr'><strong>navigia</strong></span> <span class='ocrx_word' id='word_1_210' title='bbox 1256 2093 1598 2159; x_wconf 84' lang='lat' dir='ltr'><strong>invaserunt,</strong></span> <span class='ocrx_word' id='word_1_211' title='bbox 1653 2103 1819 2165; x_wconf 88' lang='lat' dir='ltr'><strong>atque</strong></span> <span class='ocrx_word' id='word_1_212' title='bbox 1872 2095 1941 2149; x_wconf 86' lang='lat' dir='ltr'><strong>ad</strong></span> 
     </span>
    </p>
   </div>
   <div class='ocr_carea' id='block_1_29' title="bbox 2080 2091 3644 2170">
    <p class='ocr_par' dir='ltr' id='par_1_29' title="bbox 2080 2095 3644 2170">
     <span class='ocr_line' id='line_1_29' title="bbox 2080 2095 3644 2170; baseline 0.003 -22"><span class='ocrx_word' id='word_1_213' title='bbox 2080 2095 2212 2149; x_wconf 76' lang='grc' dir='ltr'>ιλοία</span> <span class='ocrx_word' id='word_1_214' title='bbox 2245 2096 2705 2162; x_wconf 68' lang='grc' dir='ltr'>συνεπισπιῖινται,</span> <span class='ocrx_word' id='word_1_215' title='bbox 2745 2099 2840 2151; x_wconf 80' lang='grc' dir='ltr'>καὶ</span> <span class='ocrx_word' id='word_1_216' title='bbox 2885 2097 2950 2169; x_wconf 79' lang='grc' dir='ltr'>δὴ</span> <span class='ocrx_word' id='word_1_217' title='bbox 2984 2099 3230 2167; x_wconf 84' lang='grc' dir='ltr'>κάκεῖνο,</span> <span class='ocrx_word' id='word_1_218' title='bbox 3261 2099 3290 2153; x_wconf 86' lang='grc' dir='ltr'><strong>ὃ</strong></span> <span class='ocrx_word' id='word_1_219' title='bbox 3339 2099 3430 2153; x_wconf 76' lang='grc' dir='ltr'><strong>τὸν</strong></span> <span class='ocrx_word' id='word_1_220' title='bbox 3461 2099 3644 2170; x_wconf 81' lang='grc' dir='ltr'>μέγαν</span> 
     </span>
    </p>
   </div>
   <div class='ocr_carea' id='block_1_30' title="bbox 359 2184 1971 2262">
    <p class='ocr_par' dir='ltr' id='par_1_30' title="bbox 359 2184 1948 2256">
     <span class='ocr_line' id='line_1_30' title="bbox 359 2184 1948 2256; baseline -0.001 -16"><span class='ocrx_word' id='word_1_221' title='bbox 359 2199 484 2240; x_wconf 78' lang='lat' dir='ltr'><strong>sese</strong></span> <span class='ocrx_word' id='word_1_222' title='bbox 515 2192 856 2239; x_wconf 78' lang='lat' dir='ltr'><strong>attraxerunt</strong></span> <span class='ocrx_word' id='word_1_223' title='bbox 885 2184 1014 2238; x_wconf 93' lang='lat' dir='ltr'><strong>illud</strong></span> <span class='ocrx_word' id='word_1_224' title='bbox 1043 2185 1206 2239; x_wconf 87' lang='lat' dir='ltr'><strong>etiam</strong></span> <span class='ocrx_word' id='word_1_225' title='bbox 1244 2185 1298 2239; x_wconf 92' lang='lat' dir='ltr'><strong>in</strong></span> <span class='ocrx_word' id='word_1_226' title='bbox 1348 2201 1458 2254; x_wconf 89' lang='lat' dir='ltr'><strong>quo</strong></span> <span class='ocrx_word' id='word_1_227' title='bbox 1487 2201 1722 2256; x_wconf 83' lang='lat' dir='ltr'><strong>magnus</strong></span> <span class='ocrx_word' id='word_1_228' title='bbox 1743 2184 1948 2256; x_wconf 83' lang='lat' dir='ltr'><strong>Joseph</strong></span> 
     </span>
    </p>
   </div>
   <div class='ocr_carea' id='block_1_31' title="bbox 2080 2184 3646 2262">
    <p class='ocr_par' dir='ltr' id='par_1_31' title="bbox 2080 2187 3646 2262">
     <span class='ocr_line' id='line_1_31' title="bbox 2080 2187 3646 2262; baseline 0.005 -25"><span class='ocrx_word' id='word_1_229' title='bbox 2080 2203 2249 2258; x_wconf 67' lang='grc' dir='ltr'>φερεν</span> <span class='ocrx_word' id='word_1_230' title='bbox 2287 2187 2510 2260; x_wconf 85' lang='grc' dir='ltr'>Ἰωσήφ.</span> <span class='ocrx_word' id='word_1_231' title='bbox 2550 2190 2757 2256; x_wconf 86' lang='grc' dir='ltr'>Ἦγετο</span> <span class='ocrx_word' id='word_1_232' title='bbox 2778 2188 2873 2243; x_wconf 83' lang='grc' dir='ltr'><strong>οῦν</strong></span> <span class='ocrx_word' id='word_1_233' title='bbox 2894 2190 3241 2261; x_wconf 76' lang='grc' dir='ltr'>αἰχμάλωτος</span> <span class='ocrx_word' id='word_1_234' title='bbox 3262 2193 3343 2254; x_wconf 84' lang='grc' dir='ltr'><strong>εἰς</strong></span> <span class='ocrx_word' id='word_1_235' title='bbox 3359 2191 3458 2262; x_wconf 80' lang='grc' dir='ltr'>τὴν</span> <span class='ocrx_word' id='word_1_236' title='bbox 3484 2193 3646 2262; x_wconf 77' lang='grc' dir='ltr'>Κρή-</span> 
     </span>
    </p>
   </div>
   <div class='ocr_carea' id='block_1_32' title="bbox 370 2273 1971 2354">
    <p class='ocr_par' dir='ltr' id='par_1_32' title="bbox 370 2273 1944 2346">
     <span class='ocr_line' id='line_1_32' title="bbox 370 2273 1944 2346; baseline 0.001 -17"><span class='ocrx_word' id='word_1_237' title='bbox 370 2273 676 2331; x_wconf 78' lang='lat' dir='ltr'><strong>ferebatur.</strong></span> <span class='ocrx_word' id='word_1_238' title='bbox 727 2276 1034 2330; x_wconf 86' lang='lat' dir='ltr'><strong>Adducitur</strong></span> <span class='ocrx_word' id='word_1_239' title='bbox 1084 2276 1271 2346; x_wconf 82' lang='lat' dir='ltr'><strong>itaque</strong></span> <span class='ocrx_word' id='word_1_240' title='bbox 1323 2277 1574 2346; x_wconf 84' lang='lat' dir='ltr'><strong>captivus</strong></span> <span class='ocrx_word' id='word_1_241' title='bbox 1598 2277 1654 2332; x_wconf 89' lang='lat' dir='ltr'><strong>in</strong></span> <span class='ocrx_word' id='word_1_242' title='bbox 1702 2279 1944 2346; x_wconf 84' lang='lat' dir='ltr'><strong>Cretam,</strong></span> 
     </span>
    </p>
   </div>
   <div class='ocr_carea' id='block_1_33' title="bbox 2080 2273 3650 2354">
    <p class='ocr_par' dir='ltr' id='par_1_33' title="bbox 2080 2279 3650 2354">
     <span class='ocr_line' id='line_1_33' title="bbox 2080 2279 3650 2354; baseline 0.006 -25"><span class='ocrx_word' id='word_1_243' title='bbox 2080 2279 2344 2348; x_wconf 74' lang='grc' dir='ltr'>ςην·ἒνθα</span> <span class='ocrx_word' id='word_1_244' title='bbox 2374 2281 2666 2351; x_wconf 82' lang='grc' dir='ltr'>γενόμενος</span> <span class='ocrx_word' id='word_1_245' title='bbox 2712 2279 2980 2335; x_wconf 70' lang='grc' dir='ltr'>ἑντίθεται</span> <span class='ocrx_word' id='word_1_246' title='bbox 3012 2281 3114 2348; x_wconf 75' lang='grc' dir='ltr'>μὲν</span> <span class='ocrx_word' id='word_1_247' title='bbox 3163 2284 3231 2352; x_wconf 79' lang='grc' dir='ltr'>τῇ</span> <span class='ocrx_word' id='word_1_248' title='bbox 3276 2284 3472 2354; x_wconf 75' lang='grc' dir='ltr'>εἱρκτῇ</span> <span class='ocrx_word' id='word_1_249' title='bbox 3509 2283 3650 2337; x_wconf 79' lang='grc' dir='ltr'>ἀλύ-</span> 
     </span>
    </p>
   </div>
   <div class='ocr_carea' id='block_1_34' title="bbox 363 2369 1971 2444">
    <p class='ocr_par' dir='ltr' id='par_1_34' title="bbox 363 2370 1956 2444">
     <span class='ocr_line' id='line_1_34' title="bbox 363 2370 1956 2444; baseline 0.003 -20"><span class='ocrx_word' id='word_1_250' title='bbox 363 2387 474 2439; x_wconf 84' lang='lat' dir='ltr'><strong>quo</strong></span> <span class='ocrx_word' id='word_1_251' title='bbox 521 2387 642 2426; x_wconf 86' lang='lat' dir='ltr'><strong>cum</strong></span> <span class='ocrx_word' id='word_1_252' title='bbox 668 2371 1024 2440; x_wconf 84' lang='lat' dir='ltr'><strong>pervenisset,</strong></span> <span class='ocrx_word' id='word_1_253' title='bbox 1057 2370 1110 2424; x_wconf 91' lang='lat' dir='ltr'><strong>in</strong></span> <span class='ocrx_word' id='word_1_254' title='bbox 1145 2386 1419 2426; x_wconf 75' lang='lat' dir='ltr'><strong>carcerem</strong></span> <span class='ocrx_word' id='word_1_255' title='bbox 1471 2371 1956 2444; x_wconf 81' lang='lat' dir='ltr'><strong>cunjectus,atque</strong></span> 
     </span>
    </p>
   </div>
   <div class='ocr_carea' id='block_1_35' title="bbox 2080 2369 3651 2444">
    <p class='ocr_par' dir='ltr' id='par_1_35' title="bbox 2080 2369 3651 2443">
     <span class='ocr_line' id='line_1_35' title="bbox 2080 2369 3651 2443; baseline 0.003 -20"><span class='ocrx_word' id='word_1_256' title='bbox 2080 2387 2178 2424; x_wconf 71' lang='grc' dir='ltr'>πεσι</span> <span class='ocrx_word' id='word_1_257' title='bbox 2211 2369 2459 2442; x_wconf 75' lang='grc' dir='ltr'>βαρείαις</span> <span class='ocrx_word' id='word_1_258' title='bbox 2490 2371 2690 2442; x_wconf 90' lang='grc' dir='ltr'>δεσμού</span> <span class='ocrx_word' id='word_1_259' title='bbox 2700 2389 2881 2442; x_wconf 87' lang='grc' dir='ltr'>μενος·</span> <span class='ocrx_word' id='word_1_260' title='bbox 2911 2372 3169 2426; x_wconf 85' lang='grc' dir='ltr'>τοσοῦτον</span> <span class='ocrx_word' id='word_1_261' title='bbox 3197 2372 3255 2426; x_wconf 82' lang='grc' dir='ltr'>δὲ</span> <span class='ocrx_word' id='word_1_262' title='bbox 3291 2376 3408 2437; x_wconf 79' lang='grc' dir='ltr'>τοῖς</span> <span class='ocrx_word' id='word_1_263' title='bbox 3426 2374 3651 2443; x_wconf 79' lang='grc' dir='ltr'>δεσμοῖς</span> 
     </span>
    </p>
   </div>
   <div class='ocr_carea' id='block_1_36' title="bbox 365 2461 1971 2535">
    <p class='ocr_par' dir='ltr' id='par_1_36' title="bbox 365 2461 1954 2532">
     <span class='ocr_line' id='line_1_36' title="bbox 365 2461 1954 2532; baseline 0 -17"><span class='ocrx_word' id='word_1_264' title='bbox 365 2461 708 2532; x_wconf 76' lang='lat' dir='ltr'><strong>gravissimis</strong></span> <span class='ocrx_word' id='word_1_265' title='bbox 766 2461 976 2516; x_wconf 84' lang='lat' dir='ltr'><strong>catenis</strong></span> <span class='ocrx_word' id='word_1_266' title='bbox 1027 2461 1280 2532; x_wconf 84' lang='lat' dir='ltr'><strong>alligatus</strong></span> <span class='ocrx_word' id='word_1_267' title='bbox 1321 2469 1425 2517; x_wconf 88' lang='lat' dir='ltr'><strong>est.</strong></span> <span class='ocrx_word' id='word_1_268' title='bbox 1477 2461 1712 2516; x_wconf 86' lang='lat' dir='ltr'><strong>Tantum</strong></span> <span class='ocrx_word' id='word_1_269' title='bbox 1771 2469 1954 2516; x_wconf 90' lang='lat' dir='ltr'><strong>autem</strong></span> 
     </span>
    </p>
   </div>
   <div class='ocr_carea' id='block_1_37' title="bbox 2080 2461 3652 2535">
    <p class='ocr_par' dir='ltr' id='par_1_37' title="bbox 2080 2463 3652 2535">
     <span class='ocr_line' id='line_1_37' title="bbox 2080 2463 3652 2535; baseline 0.003 -19"><span class='ocrx_word' id='word_1_270' title='bbox 2080 2465 2408 2535; x_wconf 73' lang='grc' dir='ltr'>ινηγὰλλετο,</span> <span class='ocrx_word' id='word_1_271' title='bbox 2441 2467 2565 2520; x_wconf 85' lang='grc' dir='ltr'>ὅσον</span> <span class='ocrx_word' id='word_1_272' title='bbox 2589 2466 2813 2529; x_wconf 75' lang='grc' dir='ltr'>καὶτοῖς</span> <span class='ocrx_word' id='word_1_273' title='bbox 2843 2464 3028 2530; x_wconf 84' lang='grc' dir='ltr'>ἀλλοις</span> <span class='ocrx_word' id='word_1_274' title='bbox 3051 2463 3358 2534; x_wconf 84' lang='grc' dir='ltr'>δεσμώταις</span> <span class='ocrx_word' id='word_1_275' title='bbox 3402 2467 3652 2521; x_wconf 70' lang='grc' dir='ltr'>ἐποιεῖτο</span> 
     </span>
    </p>
   </div>
   <div class='ocr_carea' id='block_1_38' title="bbox 368 2553 1971 2630">
    <p class='ocr_par' dir='ltr' id='par_1_38' title="bbox 368 2553 1956 2624">
     <span class='ocr_line' id='line_1_38' title="bbox 368 2553 1956 2624; baseline 0.001 -17"><span class='ocrx_word' id='word_1_276' title='bbox 368 2553 600 2607; x_wconf 87' lang='lat' dir='ltr'><strong>vinculis</strong></span> <span class='ocrx_word' id='word_1_277' title='bbox 618 2554 734 2608; x_wconf 86' lang='lat' dir='ltr'><strong>suis</strong></span> <span class='ocrx_word' id='word_1_278' title='bbox 763 2554 1068 2608; x_wconf 74' lang='lat' dir='ltr'><strong>exsultabat</strong></span> <span class='ocrx_word' id='word_1_279' title='bbox 1090 2569 1156 2608; x_wconf 90' lang='lat' dir='ltr'><strong>ac</strong></span> <span class='ocrx_word' id='word_1_280' title='bbox 1185 2553 1469 2621; x_wconf 79' lang='lat' dir='ltr'><strong>gestiebat,</strong></span> <span class='ocrx_word' id='word_1_281' title='bbox 1502 2563 1560 2608; x_wconf 92' lang='lat' dir='ltr'><strong>ut</strong></span> <span class='ocrx_word' id='word_1_282' title='bbox 1579 2555 1795 2610; x_wconf 74' lang='lat' dir='ltr'><strong>caeteris</strong></span> <span class='ocrx_word' id='word_1_283' title='bbox 1817 2569 1956 2624; x_wconf 82' lang='lat' dir='ltr'><strong>quo-</strong></span> 
     </span>
    </p>
   </div>
   <div class='ocr_carea' id='block_1_39' title="bbox 2080 2553 3648 2630">
    <p class='ocr_par' dir='ltr' id='par_1_39' title="bbox 2080 2557 3648 2630">
     <span class='ocr_line' id='line_1_39' title="bbox 2080 2557 3648 2630; baseline 0.001 -18"><span class='ocrx_word' id='word_1_284' title='bbox 2080 2557 2411 2628; x_wconf 71' lang='grc' dir='ltr'>παράκλησιν</span> <span class='ocrx_word' id='word_1_285' title='bbox 2455 2558 2625 2629; x_wconf 80' lang='grc' dir='ltr'><strong>ἡδέως</strong></span> <span class='ocrx_word' id='word_1_286' title='bbox 2663 2558 2851 2629; x_wconf 83' lang='grc' dir='ltr'>φέρειν</span> <span class='ocrx_word' id='word_1_287' title='bbox 2880 2558 2950 2613; x_wconf 74' lang='grc' dir='ltr'>τὰ</span> <span class='ocrx_word' id='word_1_288' title='bbox 2988 2557 3238 2624; x_wconf 74' lang='grc' dir='ltr'>ἐπιόντα,</span> <span class='ocrx_word' id='word_1_289' title='bbox 3268 2559 3362 2613; x_wconf 82' lang='grc' dir='ltr'>καὶ</span> <span class='ocrx_word' id='word_1_290' title='bbox 3391 2560 3468 2630; x_wconf 85' lang='grc' dir='ltr'>μὴ</span> <span class='ocrx_word' id='word_1_291' title='bbox 3515 2560 3648 2613; x_wconf 85' lang='grc' dir='ltr'>δυσ-</span> 
     </span>
    </p>
   </div>
   <div class='ocr_carea' id='block_1_40' title="bbox 369 2641 1971 2720">
    <p class='ocr_par' dir='ltr' id='par_1_40' title="bbox 369 2641 1960 2714">
     <span class='ocr_line' id='line_1_40' title="bbox 369 2641 1960 2714; baseline 0 -16"><span class='ocrx_word' id='word_1_292' title='bbox 369 2643 727 2714; x_wconf 86' lang='lat' dir='ltr'><strong>queeaptivis</strong></span> <span class='ocrx_word' id='word_1_293' title='bbox 782 2643 1000 2699; x_wconf 75' lang='lat' dir='ltr'><strong>aﬂ‘erret</strong></span> <span class='ocrx_word' id='word_1_294' title='bbox 1037 2643 1310 2698; x_wconf 83' lang='lat' dir='ltr'><strong>solatium</strong></span> <span class='ocrx_word' id='word_1_295' title='bbox 1382 2643 1757 2698; x_wconf 80' lang='lat' dir='ltr'><strong>dulcissimum</strong></span> <span class='ocrx_word' id='word_1_296' title='bbox 1815 2641 1960 2698; x_wconf 81' lang='lat' dir='ltr'><strong>ferre</strong></span> 
     </span>
    </p>
   </div>
   <div class='ocr_carea' id='block_1_41' title="bbox 2080 2641 2798 2720">
    <p class='ocr_par' dir='ltr' id='par_1_41' title="bbox 2080 2649 2798 2720">
     <span class='ocr_line' id='line_1_41' title="bbox 2080 2649 2798 2720; baseline 0.006 -19"><span class='ocrx_word' id='word_1_297' title='bbox 2080 2649 2339 2720; x_wconf 73' lang='grc' dir='ltr'>ιεραίνειν</span> <span class='ocrx_word' id='word_1_298' title='bbox 2366 2651 2476 2714; x_wconf 87' lang='grc' dir='ltr'>τοῖς</span> <span class='ocrx_word' id='word_1_299' title='bbox 2503 2649 2798 2718; x_wconf 79' lang='grc' dir='ltr'>ἀλγεινοῖς.</span> 
     </span>
    </p>
   </div>
   <div class='ocr_carea' id='block_1_42' title="bbox 371 2734 1592 2800">
    <p class='ocr_par' dir='ltr' id='par_1_42' title="bbox 371 2734 1592 2800">
     <span class='ocr_line' id='line_1_42' title="bbox 371 2734 1592 2800; baseline -0.002 -10"><span class='ocrx_word' id='word_1_300' title='bbox 371 2736 515 2790; x_wconf 86' lang='lat' dir='ltr'><strong>mala</strong></span> <span class='ocrx_word' id='word_1_301' title='bbox 547 2735 904 2800; x_wconf 85' lang='lat' dir='ltr'><strong>incurrentia,</strong></span> <span class='ocrx_word' id='word_1_302' title='bbox 940 2744 992 2791; x_wconf 91' lang='lat' dir='ltr'><strong>et</strong></span> <span class='ocrx_word' id='word_1_303' title='bbox 1019 2735 1302 2790; x_wconf 88' lang='lat' dir='ltr'><strong>doloribus</strong></span> <span class='ocrx_word' id='word_1_304' title='bbox 1325 2734 1592 2790; x_wconf 84' lang='lat' dir='ltr'><strong>amictari.</strong></span> 
     </span>
    </p>
   </div>
   <div class='ocr_carea' id='block_1_43' title="bbox 447 2819 1971 2899">
    <p class='ocr_par' dir='ltr' id='par_1_43' title="bbox 447 2824 1963 2899">
     <span class='ocr_line' id='line_1_43' title="bbox 447 2824 1963 2899; baseline -0.002 -18"><span class='ocrx_word' id='word_1_305' title='bbox 447 2827 532 2883; x_wconf 83' lang='grc'><strong>18.</strong></span> <span class='ocrx_word' id='word_1_306' title='bbox 573 2827 759 2883; x_wconf 86' lang='lat' dir='ltr'><strong>Dulcia</strong></span> <span class='ocrx_word' id='word_1_307' title='bbox 781 2828 978 2899; x_wconf 88' lang='lat' dir='ltr'><strong>quippe</strong></span> <span class='ocrx_word' id='word_1_308' title='bbox 1000 2835 1127 2883; x_wconf 90' lang='lat' dir='ltr'><strong>sunt</strong></span> <span class='ocrx_word' id='word_1_309' title='bbox 1152 2827 1369 2883; x_wconf 88' lang='lat' dir='ltr'><strong>vincula</strong></span> <span class='ocrx_word' id='word_1_310' title='bbox 1413 2843 1534 2896; x_wconf 71' lang='lat' dir='ltr'><strong>quae</strong></span> <span class='ocrx_word' id='word_1_311' title='bbox 1559 2835 1779 2896; x_wconf 88' lang='lat' dir='ltr'><strong>propter</strong></span> <span class='ocrx_word' id='word_1_312' title='bbox 1801 2824 1963 2880; x_wconf 86' lang='lat' dir='ltr'><strong>Chri-</strong></span> 
     </span>
    </p>
   </div>
   <div class='ocr_carea' id='block_1_44' title="bbox 2080 2819 3658 2899">
    <p class='ocr_par' dir='ltr' id='par_1_44' title="bbox 2142 2819 3658 2892">
     <span class='ocr_line' id='line_1_44' title="bbox 2142 2819 3658 2892; baseline -0.001 -16"><span class='ocrx_word' id='word_1_313' title='bbox 2142 2827 2231 2892; x_wconf 80' lang='lat' dir='ltr'><strong>t&#39;q&#39;.</strong></span> <span class='ocrx_word' id='word_1_314' title='bbox 2274 2821 2435 2875; x_wconf 80' lang='grc' dir='ltr'><strong>Ἦδὲα</strong></span> <span class='ocrx_word' id='word_1_315' title='bbox 2461 2821 2571 2892; x_wconf 83' lang='grc' dir='ltr'>γάρ</span> <span class='ocrx_word' id='word_1_316' title='bbox 2593 2823 2700 2875; x_wconf 82' lang='grc' dir='ltr'>εἰσι</span> <span class='ocrx_word' id='word_1_317' title='bbox 2726 2820 2794 2874; x_wconf 80' lang='grc' dir='ltr'>τὰ</span> <span class='ocrx_word' id='word_1_318' title='bbox 2831 2819 2922 2875; x_wconf 82' lang='grc' dir='ltr'>διὰ</span> <span class='ocrx_word' id='word_1_319' title='bbox 2966 2821 3205 2890; x_wconf 60' lang='grc' dir='ltr'>Χριστδν</span> <span class='ocrx_word' id='word_1_320' title='bbox 3233 2819 3430 2891; x_wconf 84' lang='grc' dir='ltr'>δεσμὰ,</span> <span class='ocrx_word' id='word_1_321' title='bbox 3478 2821 3572 2876; x_wconf 78' lang='grc' dir='ltr'>καὶ</span> <span class='ocrx_word' id='word_1_322' title='bbox 3603 2823 3658 2875; x_wconf 84' lang='grc' dir='ltr'><strong>εἰ</strong></span> 
     </span>
    </p>
   </div>
   <div class='ocr_carea' id='block_1_45' title="bbox 375 2903 1971 2989">
    <p class='ocr_par' dir='ltr' id='par_1_45' title="bbox 375 2912 1963 2989">
     <span class='ocr_line' id='line_1_45' title="bbox 375 2912 1963 2989; baseline -0.004 -15"><span class='ocrx_word' id='word_1_323' title='bbox 375 2927 519 2975; x_wconf 89' lang='lat' dir='ltr'><strong>stum</strong></span> <span class='ocrx_word' id='word_1_324' title='bbox 550 2917 872 2982; x_wconf 88' lang='lat' dir='ltr'><strong>tolerantur,</strong></span> <span class='ocrx_word' id='word_1_325' title='bbox 926 2918 1177 2989; x_wconf 86' lang='lat' dir='ltr'><strong>quamvis</strong></span> <span class='ocrx_word' id='word_1_326' title='bbox 1209 2917 1275 2970; x_wconf 91' lang='lat' dir='ltr'><strong>ad</strong></span> <span class='ocrx_word' id='word_1_327' title='bbox 1300 2925 1516 2988; x_wconf 84' lang='lat' dir='ltr'><strong>tempus</strong></span> <span class='ocrx_word' id='word_1_328' title='bbox 1565 2915 1847 2971; x_wconf 88' lang='lat' dir='ltr'><strong>tristitiam</strong></span> <span class='ocrx_word' id='word_1_329' title='bbox 1879 2912 1963 2968; x_wconf 80' lang='lat' dir='ltr'><strong>af-</strong></span> 
     </span>
    </p>
   </div>
   <div class='ocr_carea' id='block_1_46' title="bbox 2080 2903 3655 2989">
    <p class='ocr_par' dir='ltr' id='par_1_46' title="bbox 2080 2903 3655 2985">
     <span class='ocr_line' id='line_1_46' title="bbox 2080 2903 3655 2985; baseline -0.005 -18"><span class='ocrx_word' id='word_1_330' title='bbox 2080 2912 2209 2985; x_wconf 83' lang='grc' dir='ltr'>πρὸς</span> <span class='ocrx_word' id='word_1_331' title='bbox 2239 2912 2429 2983; x_wconf 83' lang='grc' dir='ltr'>καιρὸν</span> <span class='ocrx_word' id='word_1_332' title='bbox 2448 2913 2593 2983; x_wconf 84' lang='grc' dir='ltr'>ἀνιᾷ.</span> <span class='ocrx_word' id='word_1_333' title='bbox 2621 2903 3180 2982; x_wconf 75' lang='grc' dir='ltr'>Εύχαριστῶμενοῦν,</span> <span class='ocrx_word' id='word_1_334' title='bbox 3207 2906 3384 2976; x_wconf 72' lang='grc' dir='ltr'>ἔλεγε,</span> <span class='ocrx_word' id='word_1_335' title='bbox 3409 2907 3490 2978; x_wconf 81' lang='grc' dir='ltr'>τῷ</span> <span class='ocrx_word' id='word_1_336' title='bbox 3510 2906 3655 2976; x_wconf 85' lang='grc' dir='ltr'>Θεῷ,</span> 
     </span>
    </p>
   </div>
   <div class='ocr_carea' id='block_1_47' title="bbox 377 3000 1971 3080">
    <p class='ocr_par' dir='ltr' id='par_1_47' title="bbox 377 3007 1968 3080">
     <span class='ocr_line' id='line_1_47' title="bbox 377 3007 1968 3080; baseline -0.003 -14"><span class='ocrx_word' id='word_1_337' title='bbox 377 3011 557 3066; x_wconf 78' lang='lat' dir='ltr'><strong>[erant</strong></span> <span class='ocrx_word' id='word_1_338' title='bbox 600 3027 664 3066; x_wconf 88' lang='lat' dir='ltr'><strong>ac</strong></span> <span class='ocrx_word' id='word_1_339' title='bbox 701 3011 1056 3066; x_wconf 86' lang='lat' dir='ltr'><strong>diserueient.</strong></span> <span class='ocrx_word' id='word_1_340' title='bbox 1092 3010 1310 3066; x_wconf 87' lang='lat' dir='ltr'><strong>Gratias</strong></span> <span class='ocrx_word' id='word_1_341' title='bbox 1346 3011 1509 3080; x_wconf 84' lang='lat' dir='ltr'><strong>igitur</strong></span> <span class='ocrx_word' id='word_1_342' title='bbox 1556 3023 1786 3079; x_wconf 80' lang='lat' dir='ltr'><strong>agamus</strong></span> <span class='ocrx_word' id='word_1_343' title='bbox 1809 3047 1824 3072; x_wconf 89' lang='lat'><strong>,</strong></span> <span class='ocrx_word' id='word_1_344' title='bbox 1857 3007 1968 3062; x_wconf 83' lang='lat' dir='ltr'><strong>aie-</strong></span> 
     </span>
    </p>
   </div>
   <div class='ocr_carea' id='block_1_48' title="bbox 2080 3000 3658 3080">
    <p class='ocr_par' dir='ltr' id='par_1_48' title="bbox 2080 3000 3658 3077">
     <span class='ocr_line' id='line_1_48' title="bbox 2080 3000 3658 3077; baseline -0.005 -16"><span class='ocrx_word' id='word_1_345' title='bbox 2080 3008 2162 3061; x_wconf 84' lang='grc' dir='ltr'><strong>τδν</strong></span> <span class='ocrx_word' id='word_1_346' title='bbox 2202 3005 2376 3077; x_wconf 84' lang='grc' dir='ltr'>μέγαν</span> <span class='ocrx_word' id='word_1_347' title='bbox 2412 3003 2623 3058; x_wconf 79' lang='grc' dir='ltr'>Παῦλον</span> <span class='ocrx_word' id='word_1_348' title='bbox 2663 3002 3017 3074; x_wconf 80' lang='grc' dir='ltr'>παράδειγμα</span> <span class='ocrx_word' id='word_1_349' title='bbox 3059 3001 3298 3072; x_wconf 74' lang='grc' dir='ltr'>ἔχοντες,</span> <span class='ocrx_word' id='word_1_350' title='bbox 3325 3000 3385 3065; x_wconf 85' lang='grc' dir='ltr'>ὃς</span> <span class='ocrx_word' id='word_1_351' title='bbox 3428 3000 3526 3054; x_wconf 75' lang='grc' dir='ltr'><strong>καὶ</strong></span> <span class='ocrx_word' id='word_1_352' title='bbox 3575 3000 3658 3064; x_wconf 83' lang='grc' dir='ltr'>ὼς</span> 
     </span>
    </p>
   </div>
   <div class='ocr_carea' id='block_1_49' title="bbox 379 3089 1971 3176">
    <p class='ocr_par' dir='ltr' id='par_1_49' title="bbox 379 3099 1964 3176">
     <span class='ocr_line' id='line_1_49' title="bbox 379 3099 1964 3176; baseline -0.003 -17"><span class='ocrx_word' id='word_1_353' title='bbox 379 3105 492 3168; x_wconf 88' lang='lat' dir='ltr'><strong>bat,</strong></span> <span class='ocrx_word' id='word_1_354' title='bbox 523 3105 703 3176; x_wconf 80' lang='lat' dir='ltr'><strong>magni</strong></span> <span class='ocrx_word' id='word_1_355' title='bbox 727 3104 877 3159; x_wconf 87' lang='lat' dir='ltr'><strong>Pauli</strong></span> <span class='ocrx_word' id='word_1_356' title='bbox 911 3104 1219 3176; x_wconf 85' lang='lat' dir='ltr'><strong>exemplum</strong></span> <span class='ocrx_word' id='word_1_357' title='bbox 1251 3119 1362 3174; x_wconf 70' lang='lat' dir='ltr'><strong>prae</strong></span> <span class='ocrx_word' id='word_1_358' title='bbox 1405 3102 1582 3156; x_wconf 89' lang='lat' dir='ltr'><strong>oculis</strong></span> <span class='ocrx_word' id='word_1_359' title='bbox 1629 3099 1928 3172; x_wconf 76' lang='lat' dir='ltr'><strong>habentes‘</strong></span> <span class='ocrx_word' id='word_1_360' title='bbox 1949 3139 1964 3164; x_wconf 95' lang='lat'><strong>,</strong></span> 
     </span>
    </p>
   </div>
   <div class='ocr_carea' id='block_1_50' title="bbox 2080 3089 3662 3176">
    <p class='ocr_par' dir='ltr' id='par_1_50' title="bbox 2080 3089 3662 3168">
     <span class='ocr_line' id='line_1_50' title="bbox 2080 3089 3662 3168; baseline -0.004 -18"><span class='ocrx_word' id='word_1_361' title='bbox 2080 3096 2359 3168; x_wconf 75' lang='grc' dir='ltr'>ὑρμίσκοις</span> <span class='ocrx_word' id='word_1_362' title='bbox 2403 3096 2514 3157; x_wconf 85' lang='grc' dir='ltr'>τοῖς</span> <span class='ocrx_word' id='word_1_363' title='bbox 2561 3092 2760 3156; x_wconf 81' lang='grc' dir='ltr'>κλοιοῖς</span> <span class='ocrx_word' id='word_1_364' title='bbox 2817 3092 3110 3164; x_wconf 75' lang='grc' dir='ltr'>ὡραῖζετο,</span> <span class='ocrx_word' id='word_1_365' title='bbox 3166 3089 3264 3144; x_wconf 72' lang='grc' dir='ltr'>καὶ</span> <span class='ocrx_word' id='word_1_366' title='bbox 3299 3089 3523 3161; x_wconf 68' lang='grc' dir='ltr'>ἔχαιρεν</span> <span class='ocrx_word' id='word_1_367' title='bbox 3575 3091 3662 3144; x_wconf 81' lang='grc' dir='ltr'>ὅτι</span> 
     </span>
    </p>
   </div>
   <div class='ocr_carea' id='block_1_51' title="bbox 378 3181 1971 3266">
    <p class='ocr_par' dir='ltr' id='par_1_51' title="bbox 378 3191 1967 3266">
     <span class='ocr_line' id='line_1_51' title="bbox 378 3191 1967 3266; baseline -0.003 -16"><span class='ocrx_word' id='word_1_368' title='bbox 378 3195 471 3266; x_wconf 88' lang='lat' dir='ltr'><strong>qui</strong></span> <span class='ocrx_word' id='word_1_369' title='bbox 511 3205 766 3266; x_wconf 88' lang='lat' dir='ltr'><strong>tanquam</strong></span> <span class='ocrx_word' id='word_1_370' title='bbox 795 3195 1087 3250; x_wconf 81' lang='lat' dir='ltr'><strong>monilibus</strong></span> <span class='ocrx_word' id='word_1_371' title='bbox 1120 3193 1297 3251; x_wconf 82' lang='lat' dir='ltr'><strong>ferrea</strong></span> <span class='ocrx_word' id='word_1_372' title='bbox 1331 3201 1524 3249; x_wconf 89' lang='lat' dir='ltr'><strong>catena</strong></span> <span class='ocrx_word' id='word_1_373' title='bbox 1572 3193 1718 3247; x_wconf 90' lang='lat' dir='ltr'><strong>circa</strong></span> <span class='ocrx_word' id='word_1_374' title='bbox 1769 3191 1967 3247; x_wconf 85' lang='lat' dir='ltr'><strong>collum</strong></span> 
     </span>
    </p>
   </div>
   <div class='ocr_carea' id='block_1_52' title="bbox 2080 3181 3660 3266">
    <p class='ocr_par' dir='ltr' id='par_1_52' title="bbox 2080 3181 3660 3260">
     <span class='ocr_line' id='line_1_52' title="bbox 2080 3181 3660 3260; baseline -0.004 -20"><span class='ocrx_word' id='word_1_375' title='bbox 2080 3186 2280 3260; x_wconf 63' lang='grc' dir='ltr'>ἠξιώθη</span> <span class='ocrx_word' id='word_1_376' title='bbox 2335 3185 2476 3256; x_wconf 81' lang='grc' dir='ltr'>ὑπὲρ</span> <span class='ocrx_word' id='word_1_377' title='bbox 2513 3183 2608 3238; x_wconf 89' lang='grc' dir='ltr'><strong>τοῦ</strong></span> <span class='ocrx_word' id='word_1_378' title='bbox 2649 3184 2914 3256; x_wconf 84' lang='grc' dir='ltr'>ὀνόματος</span> <span class='ocrx_word' id='word_1_379' title='bbox 2963 3181 3202 3254; x_wconf 81' lang='grc' dir='ltr'>Χριστοῦ</span> <span class='ocrx_word' id='word_1_380' title='bbox 3248 3181 3618 3252; x_wconf 59' lang='grc' dir='ltr'>μαστιχθῐψαι</span> <span class='ocrx_word' id='word_1_381' title='bbox 3646 3197 3660 3210; x_wconf 92' lang='grc'><strong>·</strong></span> 
     </span>
    </p>
   </div>
   <div class='ocr_carea' id='block_1_53' title="bbox 379 3275 1971 3356">
    <p class='ocr_par' dir='ltr' id='par_1_53' title="bbox 379 3279 1971 3356">
     <span class='ocr_line' id='line_1_53' title="bbox 379 3279 1971 3356; baseline -0.003 -17"><span class='ocrx_word' id='word_1_382' title='bbox 379 3285 596 3356; x_wconf 86' lang='lat' dir='ltr'><strong>alligata</strong></span> <span class='ocrx_word' id='word_1_383' title='bbox 613 3285 990 3347; x_wconf 84' lang='lat' dir='ltr'><strong>decorabatur,</strong></span> <span class='ocrx_word' id='word_1_384' title='bbox 1005 3293 1058 3339; x_wconf 90' lang='lat' dir='ltr'><strong>et</strong></span> <span class='ocrx_word' id='word_1_385' title='bbox 1074 3284 1345 3354; x_wconf 78' lang='lat' dir='ltr'><strong>gaudebat</strong></span> <span class='ocrx_word' id='word_1_386' title='bbox 1358 3282 1504 3355; x_wconf 92' lang='lat' dir='ltr'><strong>quod</strong></span> <span class='ocrx_word' id='word_1_387' title='bbox 1527 3298 1623 3352; x_wconf 92' lang='lat' dir='ltr'><strong>pro</strong></span> <span class='ocrx_word' id='word_1_388' title='bbox 1641 3279 1850 3337; x_wconf 77' lang='lat' dir='ltr'><strong>Christi</strong></span> <span class='ocrx_word' id='word_1_389' title='bbox 1881 3297 1971 3335; x_wconf 91' lang='lat' dir='ltr'><strong>no-</strong></span> 
     </span>
    </p>
   </div>
   <div class='ocr_carea' id='block_1_54' title="bbox 2080 3275 3666 3356">
    <p class='ocr_par' dir='ltr' id='par_1_54' title="bbox 2083 3275 3666 3350">
     <span class='ocr_line' id='line_1_54' title="bbox 2083 3275 3666 3350; baseline -0.004 -15"><span class='ocrx_word' id='word_1_390' title='bbox 2083 3280 2219 3335; x_wconf 84' lang='grc' dir='ltr'><strong>ἀλλά</strong></span> <span class='ocrx_word' id='word_1_391' title='bbox 2247 3280 2342 3334; x_wconf 77' lang='grc' dir='ltr'>καὶ</span> <span class='ocrx_word' id='word_1_392' title='bbox 2369 3281 2395 3333; x_wconf 87' lang='lat'><strong>6</strong></span> <span class='ocrx_word' id='word_1_393' title='bbox 2427 3277 2641 3333; x_wconf 82' lang='grc' dir='ltr'>Παύλου</span> <span class='ocrx_word' id='word_1_394' title='bbox 2689 3277 2922 3350; x_wconf 74' lang='grc' dir='ltr'>Χριστὸς</span> <span class='ocrx_word' id='word_1_395' title='bbox 2950 3275 3361 3346; x_wconf 88' lang='grc' dir='ltr'>λοιδορούμενος</span> <span class='ocrx_word' id='word_1_396' title='bbox 3391 3276 3496 3329; x_wconf 82' lang='grc' dir='ltr'><strong>οὐκ</strong></span> <span class='ocrx_word' id='word_1_397' title='bbox 3525 3276 3666 3329; x_wconf 62' lang='grc' dir='ltr'>ἀντι</span> 
     </span>
    </p>
   </div>
   <div class='ocr_carea' id='block_1_55' title="bbox 416 982 1922 1053">
    <p class='ocr_par' dir='ltr' id='par_1_55' title="bbox 416 982 1922 1053">
     <span class='ocr_line' id='line_1_55' title="bbox 416 982 1922 1053; baseline -0.002 -14"><span class='ocrx_word' id='word_1_398' title='bbox 416 987 502 1041; x_wconf 81' lang='grc' dir='ltr'><strong>Π.</strong></span> <span class='ocrx_word' id='word_1_399' title='bbox 532 986 786 1038; x_wconf 83' lang='lat' dir='ltr'><strong>Admittit</strong></span> <span class='ocrx_word' id='word_1_400' title='bbox 834 984 1248 1038; x_wconf 79' lang='lat' dir='ltr'><strong>advocationem</strong></span> <span class='ocrx_word' id='word_1_401' title='bbox 1309 999 1541 1053; x_wconf 81' lang='lat' dir='ltr'><strong>magnus</strong></span> <span class='ocrx_word' id='word_1_402' title='bbox 1601 982 1922 1053; x_wconf 78' lang='lat' dir='ltr'><strong>Gregorius,</strong></span> 
     </span>
    </p>
   </div>
   <div class='ocr_carea' id='block_1_56' title="bbox 340 1077 1928 1153">
    <p class='ocr_par' dir='ltr' id='par_1_56' title="bbox 340 1077 1928 1153">
     <span class='ocr_line' id='line_1_56' title="bbox 340 1077 1928 1153; baseline -0.003 -16"><span class='ocrx_word' id='word_1_403' title='bbox 340 1091 397 1137; x_wconf 84' lang='lat' dir='ltr'><strong>et</strong></span> <span class='ocrx_word' id='word_1_404' title='bbox 424 1081 598 1153; x_wconf 79' lang='lat' dir='ltr'><strong>magis</strong></span> <span class='ocrx_word' id='word_1_405' title='bbox 630 1096 849 1152; x_wconf 84' lang='lat' dir='ltr'><strong>rogans,</strong></span> <span class='ocrx_word' id='word_1_406' title='bbox 883 1095 1048 1150; x_wconf 84' lang='lat' dir='ltr'><strong>quam</strong></span> <span class='ocrx_word' id='word_1_407' title='bbox 1089 1088 1333 1150; x_wconf 84' lang='lat' dir='ltr'><strong>rogatus,</strong></span> <span class='ocrx_word' id='word_1_408' title='bbox 1355 1094 1664 1134; x_wconf 90' lang='lat' dir='ltr'><strong>sermonem</strong></span> <span class='ocrx_word' id='word_1_409' title='bbox 1688 1077 1928 1134; x_wconf 86' lang='lat' dir='ltr'><strong>breviter</strong></span> 
     </span>
    </p>
   </div>
   <div class='ocr_carea' id='block_1_57' title="bbox 343 1168 1924 1241">
    <p class='ocr_par' dir='ltr' id='par_1_57' title="bbox 343 1168 1924 1241">
     <span class='ocr_line' id='line_1_57' title="bbox 343 1168 1924 1241; baseline -0.001 -13"><span class='ocrx_word' id='word_1_410' title='bbox 343 1172 594 1234; x_wconf 69' lang='lat' dir='ltr'><strong>absolvit,</strong></span> <span class='ocrx_word' id='word_1_411' title='bbox 632 1172 983 1241; x_wconf 79' lang='lat' dir='ltr'><strong>divinumque</strong></span> <span class='ocrx_word' id='word_1_412' title='bbox 1010 1168 1304 1241; x_wconf 80' lang='lat' dir='ltr'><strong>Josephum</strong></span> <span class='ocrx_word' id='word_1_413' title='bbox 1323 1185 1609 1226; x_wconf 84' lang='lat' dir='ltr'><strong>accersens</strong></span> <span class='ocrx_word' id='word_1_414' title='bbox 1644 1189 1658 1224; x_wconf 92' lang='lat'><strong>:</strong></span> <span class='ocrx_word' id='word_1_415' title='bbox 1687 1189 1705 1223; x_wconf 88' lang='grc'><strong>‹</strong></span> <span class='ocrx_word' id='word_1_416' title='bbox 1742 1169 1924 1234; x_wconf 83' lang='lat' dir='ltr'><strong>Nunc,</strong></span> 
     </span>
    </p>
   </div>
   <div class='ocr_carea' id='block_1_58' title="bbox 345 1242 1926 1336">
    <p class='ocr_par' dir='ltr' id='par_1_58' title="bbox 345 1242 1926 1336">
     <span class='ocr_line' id='line_1_58' title="bbox 345 1242 1926 1336; baseline 0 -18"><span class='ocrx_word' id='word_1_417' title='bbox 345 1265 542 1336; x_wconf 89' lang='lat' dir='ltr'><strong>inquit,</strong></span> <span class='ocrx_word' id='word_1_418' title='bbox 561 1281 592 1316; x_wconf 83' lang='grc' dir='ltr'><strong>ο</strong></span> <span class='ocrx_word' id='word_1_419' title='bbox 611 1265 702 1327; x_wconf 84' lang='lat' dir='ltr'><strong>Illi,</strong></span> <span class='ocrx_word' id='word_1_420' title='bbox 727 1242 938 1335; x_wconf 75' lang='lat' dir='ltr'><strong>tempus</strong></span> <span class='ocrx_word' id='word_1_421' title='bbox 957 1273 1036 1320; x_wconf 89' lang='lat' dir='ltr'><strong>est</strong></span> <span class='ocrx_word' id='word_1_422' title='bbox 1055 1263 1758 1334; x_wconf 86' lang='lat' dir='ltr'><strong>ostendendieloquentiam</strong></span> <span class='ocrx_word' id='word_1_423' title='bbox 1781 1273 1926 1320; x_wconf 90' lang='lat' dir='ltr'><strong>tuam</strong></span> 
     </span>
    </p>
   </div>
   <div class='ocr_carea' id='block_1_59' title="bbox 346 1354 1928 1427">
    <p class='ocr_par' dir='ltr' id='par_1_59' title="bbox 346 1354 1928 1427">
     <span class='ocr_line' id='line_1_59' title="bbox 346 1354 1928 1427; baseline -0.001 -17"><span class='ocrx_word' id='word_1_424' title='bbox 346 1357 665 1427; x_wconf 86' lang='lat' dir='ltr'><strong>plurimam,</strong></span> <span class='ocrx_word' id='word_1_425' title='bbox 697 1364 751 1410; x_wconf 92' lang='lat' dir='ltr'><strong>et</strong></span> <span class='ocrx_word' id='word_1_426' title='bbox 786 1356 1177 1426; x_wconf 77' lang='lat' dir='ltr'><strong>comprobandi</strong></span> <span class='ocrx_word' id='word_1_427' title='bbox 1238 1355 1571 1410; x_wconf 89' lang='lat' dir='ltr'><strong>incrementa</strong></span> <span class='ocrx_word' id='word_1_428' title='bbox 1614 1356 1818 1410; x_wconf 88' lang='lat' dir='ltr'><strong>amoris</strong></span> <span class='ocrx_word' id='word_1_429' title='bbox 1852 1354 1928 1409; x_wconf 94' lang='lat' dir='ltr'><strong>tui</strong></span> 
     </span>
    </p>
   </div>
   <div class='ocr_carea' id='block_1_60' title="bbox 348 1446 1930 1519">
    <p class='ocr_par' dir='ltr' id='par_1_60' title="bbox 348 1446 1930 1519">
     <span class='ocr_line' id='line_1_60' title="bbox 348 1446 1930 1519; baseline 0.001 -16"><span class='ocrx_word' id='word_1_430' title='bbox 348 1449 402 1503; x_wconf 91' lang='lat' dir='ltr'><strong>in</strong></span> <span class='ocrx_word' id='word_1_431' title='bbox 434 1446 600 1502; x_wconf 89' lang='lat' dir='ltr'><strong>Deum</strong></span> <span class='ocrx_word' id='word_1_432' title='bbox 650 1464 746 1519; x_wconf 92' lang='lat' dir='ltr'><strong>pro</strong></span> <span class='ocrx_word' id='word_1_433' title='bbox 788 1448 1020 1503; x_wconf 89' lang='lat' dir='ltr'><strong>viribus.</strong></span> <span class='ocrx_word' id='word_1_434' title='bbox 1063 1467 1080 1499; x_wconf 83' lang='grc'><strong>›</strong></span> <span class='ocrx_word' id='word_1_435' title='bbox 1114 1447 1230 1513; x_wconf 84' lang='lat' dir='ltr'><strong>ille,</strong></span> <span class='ocrx_word' id='word_1_436' title='bbox 1264 1447 1356 1516; x_wconf 92' lang='lat' dir='ltr'><strong>qui</strong></span> <span class='ocrx_word' id='word_1_437' title='bbox 1391 1463 1608 1517; x_wconf 87' lang='lat' dir='ltr'><strong>semper</strong></span> <span class='ocrx_word' id='word_1_438' title='bbox 1646 1447 1930 1519; x_wconf 84' lang='lat' dir='ltr'><strong>subjectus</strong></span> 
     </span>
    </p>
   </div>
   <div class='ocr_carea' id='block_1_61' title="bbox 347 1540 1927 1610">
    <p class='ocr_par' dir='ltr' id='par_1_61' title="bbox 347 1540 1927 1610">
     <span class='ocr_line' id='line_1_61' title="bbox 347 1540 1927 1610; baseline -0.001 -15"><span class='ocrx_word' id='word_1_439' title='bbox 347 1557 472 1595; x_wconf 91' lang='lat' dir='ltr'><strong>esse</strong></span> <span class='ocrx_word' id='word_1_440' title='bbox 494 1541 798 1607; x_wconf 87' lang='lat' dir='ltr'><strong>didicisset,</strong></span> <span class='ocrx_word' id='word_1_441' title='bbox 817 1551 977 1610; x_wconf 89' lang='lat' dir='ltr'><strong>caput</strong></span> <span class='ocrx_word' id='word_1_442' title='bbox 997 1541 1273 1595; x_wconf 84' lang='lat' dir='ltr'><strong>humiliter</strong></span> <span class='ocrx_word' id='word_1_443' title='bbox 1297 1540 1544 1606; x_wconf 89' lang='lat' dir='ltr'><strong>inclinat,</strong></span> <span class='ocrx_word' id='word_1_444' title='bbox 1571 1549 1625 1593; x_wconf 91' lang='lat' dir='ltr'><strong>et</strong></span> <span class='ocrx_word' id='word_1_445' title='bbox 1644 1556 1711 1594; x_wconf 89' lang='lat' dir='ltr'><strong>ne</strong></span> <span class='ocrx_word' id='word_1_446' title='bbox 1743 1555 1927 1594; x_wconf 88' lang='lat' dir='ltr'><strong>rerum</strong></span> 
     </span>
    </p>
   </div>
   <div class='ocr_carea' id='block_1_62' title="bbox 382 3371 1978 3446">
    <p class='ocr_par' dir='ltr' id='par_1_62' title="bbox 382 3371 1978 3446">
     <span class='ocr_line' id='line_1_62' title="bbox 382 3371 1978 3446; baseline 0 -18"><span class='ocrx_word' id='word_1_447' title='bbox 382 3374 527 3428; x_wconf 88' lang='lat' dir='ltr'><strong>mine</strong></span> <span class='ocrx_word' id='word_1_448' title='bbox 544 3373 749 3446; x_wconf 77' lang='lat' dir='ltr'><strong>ﬂagella</strong></span> <span class='ocrx_word' id='word_1_449' title='bbox 771 3375 878 3445; x_wconf 91' lang='lat' dir='ltr'><strong>pati</strong></span> <span class='ocrx_word' id='word_1_450' title='bbox 900 3374 1213 3430; x_wconf 80' lang='lat' dir='ltr'><strong>meruisset.</strong></span> <span class='ocrx_word' id='word_1_451' title='bbox 1233 3372 1377 3440; x_wconf 87' lang='lat' dir='ltr'><strong>Quin</strong></span> <span class='ocrx_word' id='word_1_452' title='bbox 1407 3373 1568 3428; x_wconf 87' lang='lat' dir='ltr'><strong>etiam</strong></span> <span class='ocrx_word' id='word_1_453' title='bbox 1589 3371 1842 3427; x_wconf 88' lang='lat' dir='ltr'><strong>Christus</strong></span> <span class='ocrx_word' id='word_1_454' title='bbox 1859 3372 1978 3442; x_wconf 83' lang='lat' dir='ltr'><strong>ipse</strong></span> 
     </span>
    </p>
   </div>
   <div class='ocr_carea' id='block_1_63' title="bbox 383 3463 1976 3530">
    <p class='ocr_par' dir='ltr' id='par_1_63' title="bbox 383 3463 1976 3530">
     <span class='ocr_line' id='line_1_63' title="bbox 383 3463 1976 3530; baseline -0.001 -11"><span class='ocrx_word' id='word_1_455' title='bbox 383 3463 535 3520; x_wconf 85' lang='lat' dir='ltr'><strong>Pauli</strong></span> <span class='ocrx_word' id='word_1_456' title='bbox 555 3464 816 3520; x_wconf 88' lang='lat' dir='ltr'><strong>Dominus</strong></span> <span class='ocrx_word' id='word_1_457' title='bbox 844 3481 970 3520; x_wconf 89' lang='lat' dir='ltr'><strong>cum</strong></span> <span class='ocrx_word' id='word_1_458' title='bbox 995 3465 1430 3530; x_wconf 86' lang='lat' dir='ltr'><strong>malediceretur,</strong></span> <span class='ocrx_word' id='word_1_459' title='bbox 1456 3480 1564 3520; x_wconf 92' lang='lat' dir='ltr'><strong>non</strong></span> <span class='ocrx_word' id='word_1_460' title='bbox 1585 3464 1976 3529; x_wconf 88' lang='lat' dir='ltr'><strong>maledicebat;</strong></span> 
     </span>
    </p>
   </div>
   <div class='ocr_carea' id='block_1_64' title="bbox 384 3549 1979 3626">
    <p class='ocr_par' dir='ltr' id='par_1_64' title="bbox 384 3549 1979 3626">
     <span class='ocr_line' id='line_1_64' title="bbox 384 3549 1979 3626; baseline -0.001 -14"><span class='ocrx_word' id='word_1_461' title='bbox 384 3573 510 3612; x_wconf 85' lang='lat' dir='ltr'><strong>curn</strong></span> <span class='ocrx_word' id='word_1_462' title='bbox 544 3566 837 3626; x_wconf 87' lang='lat' dir='ltr'><strong>pateretur,</strong></span> <span class='ocrx_word' id='word_1_463' title='bbox 865 3549 973 3612; x_wconf 76' lang='lat' dir='ltr'><strong>non</strong></span> <span class='ocrx_word' id='word_1_464' title='bbox 1015 3557 1455 3613; x_wconf 87' lang='lat' dir='ltr'><strong>comminabatur</strong></span> <span class='ocrx_word' id='word_1_465' title='bbox 1486 3576 1499 3613; x_wconf 88' lang='lat'><strong>:</strong></span> <span class='ocrx_word' id='word_1_466' title='bbox 1544 3557 1855 3613; x_wconf 89' lang='lat' dir='ltr'><strong>tradebatur</strong></span> <span class='ocrx_word' id='word_1_467' title='bbox 1878 3572 1979 3610; x_wconf 87' lang='lat' dir='ltr'><strong>au-</strong></span> 
     </span>
    </p>
   </div>
   <div class='ocr_carea' id='block_1_65' title="bbox 388 3646 1980 3719">
    <p class='ocr_par' dir='ltr' id='par_1_65' title="bbox 388 3646 1980 3719">
     <span class='ocr_line' id='line_1_65' title="bbox 388 3646 1980 3719; baseline -0.001 -18"><span class='ocrx_word' id='word_1_468' title='bbox 388 3647 778 3714; x_wconf 88' lang='lat' dir='ltr'><strong>temjudicanti</strong></span> <span class='ocrx_word' id='word_1_469' title='bbox 810 3646 1032 3719; x_wconf 86' lang='lat' dir='ltr'><strong>injuste,</strong></span> <span class='ocrx_word' id='word_1_470' title='bbox 1055 3649 1517 3719; x_wconf 87' lang='lat' dir='ltr'><strong>quemadmodum</strong></span> <span class='ocrx_word' id='word_1_471' title='bbox 1557 3649 1801 3719; x_wconf 90' lang='lat' dir='ltr'><strong>loquitur</strong></span> <span class='ocrx_word' id='word_1_472' title='bbox 1822 3663 1980 3719; x_wconf 74' lang='lat' dir='ltr'><strong>cory-</strong></span> 
     </span>
    </p>
   </div>
   <div class='ocr_carea' id='block_1_66' title="bbox 391 3738 1980 3813">
    <p class='ocr_par' dir='ltr' id='par_1_66' title="bbox 391 3738 1980 3813">
     <span class='ocr_line' id='line_1_66' title="bbox 391 3738 1980 3813; baseline 0.001 -22"><span class='ocrx_word' id='word_1_473' title='bbox 391 3742 541 3811; x_wconf 83' lang='lat' dir='ltr'><strong>ptnea</strong></span> <span class='ocrx_word' id='word_1_474' title='bbox 570 3741 943 3811; x_wconf 89' lang='lat' dir='ltr'><strong>apostolorum</strong></span> <span class='ocrx_word' id='word_1_475' title='bbox 992 3742 1282 3798; x_wconf 87' lang='lat' dir='ltr'><strong>summitas</strong></span> <span class='ocrx_word' id='word_1_476' title='bbox 1322 3757 1553 3813; x_wconf 87' lang='lat' dir='ltr'><strong>magnus</strong></span> <span class='ocrx_word' id='word_1_477' title='bbox 1591 3741 1784 3795; x_wconf 83' lang='lat' dir='ltr'><strong>Petrus</strong></span> <span class='ocrx_word' id='word_1_478' title='bbox 1806 3738 1848 3796; x_wconf 74' lang='grc'><strong>⁸.</strong></span> <span class='ocrx_word' id='word_1_479' title='bbox 1874 3738 1980 3793; x_wconf 90' lang='lat' dir='ltr'><strong>Sed</strong></span> 
     </span>
    </p>
   </div>
   <div class='ocr_carea' id='block_1_67' title="bbox 394 3831 1985 3905">
    <p class='ocr_par' dir='ltr' id='par_1_67' title="bbox 394 3831 1985 3905">
     <span class='ocr_line' id='line_1_67' title="bbox 394 3831 1985 3905; baseline 0.001 -20"><span class='ocrx_word' id='word_1_480' title='bbox 394 3833 651 3888; x_wconf 73' lang='lat' dir='ltr'><strong>videntur</strong></span> <span class='ocrx_word' id='word_1_481' title='bbox 668 3833 945 3905; x_wconf 86' lang='lat' dir='ltr'><strong>aliquibus</strong></span> <span class='ocrx_word' id='word_1_482' title='bbox 962 3847 1157 3904; x_wconf 89' lang='lat' dir='ltr'><strong>aspera</strong></span> <span class='ocrx_word' id='word_1_483' title='bbox 1185 3850 1250 3891; x_wconf 87' lang='lat' dir='ltr'><strong>ac</strong></span> <span class='ocrx_word' id='word_1_484' title='bbox 1272 3835 1551 3891; x_wconf 88' lang='lat' dir='ltr'><strong>doloritica</strong></span> <span class='ocrx_word' id='word_1_485' title='bbox 1567 3875 1583 3900; x_wconf 95' lang='lat'><strong>,</strong></span> <span class='ocrx_word' id='word_1_486' title='bbox 1607 3844 1826 3904; x_wconf 85' lang='lat' dir='ltr'><strong>propter</strong></span> <span class='ocrx_word' id='word_1_487' title='bbox 1844 3831 1985 3886; x_wconf 85' lang='lat' dir='ltr'><strong>mul-</strong></span> 
     </span>
    </p>
   </div>
   <div class='ocr_carea' id='block_1_68' title="bbox 395 3924 1980 3996">
    <p class='ocr_par' dir='ltr' id='par_1_68' title="bbox 395 3924 1980 3996">
     <span class='ocr_line' id='line_1_68' title="bbox 395 3924 1980 3996; baseline -0.003 -14"><span class='ocrx_word' id='word_1_488' title='bbox 395 3937 506 3982; x_wconf 87' lang='lat' dir='ltr'><strong>tam</strong></span> <span class='ocrx_word' id='word_1_489' title='bbox 541 3941 806 3982; x_wconf 88' lang='lat' dir='ltr'><strong>sensumn</strong></span> <span class='ocrx_word' id='word_1_490' title='bbox 831 3925 1280 3992; x_wconf 86' lang='lat' dir='ltr'><strong>imbecillitatem,</strong></span> <span class='ocrx_word' id='word_1_491' title='bbox 1300 3942 1384 3990; x_wconf 90' lang='lat' dir='ltr'><strong>ea,</strong></span> <span class='ocrx_word' id='word_1_492' title='bbox 1413 3941 1534 3996; x_wconf 69' lang='lat' dir='ltr'><strong>quas</strong></span> <span class='ocrx_word' id='word_1_493' title='bbox 1552 3925 1878 3993; x_wconf 87' lang='lat' dir='ltr'><strong>corporibus</strong></span> <span class='ocrx_word' id='word_1_494' title='bbox 1895 3924 1980 3978; x_wconf 92' lang='lat' dir='ltr'><strong>iu-</strong></span> 
     </span>
    </p>
   </div>
   <div class='ocr_carea' id='block_1_69' title="bbox 397 4016 1985 4089">
    <p class='ocr_par' dir='ltr' id='par_1_69' title="bbox 397 4016 1985 4089">
     <span class='ocr_line' id='line_1_69' title="bbox 397 4016 1985 4089; baseline 0 -18"><span class='ocrx_word' id='word_1_495' title='bbox 397 4016 646 4071; x_wconf 81' lang='lat' dir='ltr'><strong>l&#39;eruntur</strong></span> <span class='ocrx_word' id='word_1_496' title='bbox 675 4025 969 4073; x_wconf 85' lang='lat' dir='ltr'><strong>tormenta.</strong></span> <span class='ocrx_word' id='word_1_497' title='bbox 996 4022 1066 4073; x_wconf 81' lang='lat' dir='ltr'><strong>At</strong></span> <span class='ocrx_word' id='word_1_498' title='bbox 1085 4033 1196 4089; x_wconf 90' lang='lat' dir='ltr'><strong>quo</strong></span> <span class='ocrx_word' id='word_1_499' title='bbox 1223 4029 1383 4089; x_wconf 85' lang='lat' dir='ltr'><strong>pacto</strong></span> <span class='ocrx_word' id='word_1_500' title='bbox 1417 4017 1574 4072; x_wconf 87' lang='lat' dir='ltr'><strong>aliter</strong></span> <span class='ocrx_word' id='word_1_501' title='bbox 1592 4017 1854 4088; x_wconf 86' lang='lat' dir='ltr'><strong>possibile</strong></span> <span class='ocrx_word' id='word_1_502' title='bbox 1880 4016 1985 4072; x_wconf 86' lang='lat' dir='ltr'><strong>erit</strong></span> 
     </span>
    </p>
   </div>
   <div class='ocr_carea' id='block_1_70' title="bbox 395 4108 1983 4182">
    <p class='ocr_par' dir='ltr' id='par_1_70' title="bbox 395 4108 1983 4182">
     <span class='ocr_line' id='line_1_70' title="bbox 395 4108 1983 4182; baseline -0.001 -17"><span class='ocrx_word' id='word_1_503' title='bbox 395 4108 818 4182; x_wconf 78' lang='lat' dir='ltr'><strong>Cliristijugum</strong></span> <span class='ocrx_word' id='word_1_504' title='bbox 863 4108 1026 4174; x_wconf 77' lang='lat' dir='ltr'><strong>ferre,</strong></span> <span class='ocrx_word' id='word_1_505' title='bbox 1079 4111 1187 4165; x_wconf 89' lang='lat' dir='ltr'><strong>nisi</strong></span> <span class='ocrx_word' id='word_1_506' title='bbox 1234 4111 1358 4181; x_wconf 91' lang='lat' dir='ltr'><strong>quis</strong></span> <span class='ocrx_word' id='word_1_507' title='bbox 1393 4109 1611 4164; x_wconf 88' lang='lat' dir='ltr'><strong>incedat</strong></span> <span class='ocrx_word' id='word_1_508' title='bbox 1657 4125 1751 4180; x_wconf 90' lang='lat' dir='ltr'><strong>per</strong></span> <span class='ocrx_word' id='word_1_509' title='bbox 1790 4124 1983 4164; x_wconf 90' lang='lat' dir='ltr'><strong>omnes</strong></span> 
     </span>
    </p>
   </div>
   <div class='ocr_carea' id='block_1_71' title="bbox 399 4199 1986 4272">
    <p class='ocr_par' dir='ltr' id='par_1_71' title="bbox 399 4199 1986 4272">
     <span class='ocr_line' id='line_1_71' title="bbox 399 4199 1986 4272; baseline 0 -18"><span class='ocrx_word' id='word_1_510' title='bbox 399 4202 577 4255; x_wconf 69' lang='lat' dir='ltr'><strong>aetatis</strong></span> <span class='ocrx_word' id='word_1_511' title='bbox 632 4199 836 4272; x_wconf 86' lang='lat' dir='ltr'><strong>gradus</strong></span> <span class='ocrx_word' id='word_1_512' title='bbox 866 4200 989 4256; x_wconf 89' lang='lat' dir='ltr'><strong>sine</strong></span> <span class='ocrx_word' id='word_1_513' title='bbox 1038 4201 1277 4268; x_wconf 89' lang='lat' dir='ltr'><strong>macula,</strong></span> <span class='ocrx_word' id='word_1_514' title='bbox 1322 4215 1517 4255; x_wconf 91' lang='lat' dir='ltr'><strong>omnes</strong></span> <span class='ocrx_word' id='word_1_515' title='bbox 1554 4199 1717 4254; x_wconf 88' lang='lat' dir='ltr'><strong>etiam</strong></span> <span class='ocrx_word' id='word_1_516' title='bbox 1757 4199 1986 4254; x_wconf 87' lang='lat' dir='ltr'><strong>virtutes</strong></span> 
     </span>
    </p>
   </div>
   <div class='ocr_carea' id='block_1_72' title="bbox 403 4292 1982 4364">
    <p class='ocr_par' dir='ltr' id='par_1_72' title="bbox 403 4292 1982 4364">
     <span class='ocr_line' id='line_1_72' title="bbox 403 4292 1982 4364; baseline -0.001 -17"><span class='ocrx_word' id='word_1_517' title='bbox 403 4307 690 4360; x_wconf 79' lang='lat' dir='ltr'><strong>exercens,</strong></span> <span class='ocrx_word' id='word_1_518' title='bbox 733 4310 872 4364; x_wconf 88' lang='lat' dir='ltr'><strong>quas</strong></span> <span class='ocrx_word' id='word_1_519' title='bbox 925 4292 1172 4350; x_wconf 81' lang='lat' dir='ltr'><strong>exercuit</strong></span> <span class='ocrx_word' id='word_1_520' title='bbox 1206 4294 1296 4348; x_wconf 91' lang='lat' dir='ltr'><strong>ille</strong></span> <span class='ocrx_word' id='word_1_521' title='bbox 1328 4310 1425 4364; x_wconf 88' lang='lat' dir='ltr'><strong>pro</strong></span> <span class='ocrx_word' id='word_1_522' title='bbox 1467 4293 1648 4359; x_wconf 84' lang='lat' dir='ltr'><strong>nobis,</strong></span> <span class='ocrx_word' id='word_1_523' title='bbox 1683 4303 1735 4348; x_wconf 92' lang='lat' dir='ltr'><strong>et</strong></span> <span class='ocrx_word' id='word_1_524' title='bbox 1762 4293 1982 4364; x_wconf 90' lang='lat' dir='ltr'><strong>quidem</strong></span> 
     </span>
    </p>
   </div>
   <div class='ocr_carea' id='block_1_73' title="bbox 404 4383 1984 4457">
    <p class='ocr_par' dir='ltr' id='par_1_73' title="bbox 404 4383 1984 4457">
     <span class='ocr_line' id='line_1_73' title="bbox 404 4383 1984 4457; baseline -0.001 -17"><span class='ocrx_word' id='word_1_525' title='bbox 404 4401 528 4440; x_wconf 91' lang='lat' dir='ltr'><strong>cum</strong></span> <span class='ocrx_word' id='word_1_526' title='bbox 556 4385 701 4441; x_wconf 90' lang='lat' dir='ltr'><strong>Deus</strong></span> <span class='ocrx_word' id='word_1_527' title='bbox 726 4395 894 4454; x_wconf 84' lang='lat' dir='ltr'><strong>esset,</strong></span> <span class='ocrx_word' id='word_1_528' title='bbox 923 4395 978 4442; x_wconf 88' lang='lat' dir='ltr'><strong>et</strong></span> <span class='ocrx_word' id='word_1_529' title='bbox 1001 4383 1267 4441; x_wconf 87' lang='lat' dir='ltr'><strong>voluntati</strong></span> <span class='ocrx_word' id='word_1_530' title='bbox 1293 4386 1588 4457; x_wconf 90' lang='lat' dir='ltr'><strong>potentiam</strong></span> <span class='ocrx_word' id='word_1_531' title='bbox 1638 4384 1984 4455; x_wconf 77' lang='lat' dir='ltr'><strong>eonjunctam</strong></span> 
     </span>
    </p>
   </div>
   <div class='ocr_carea' id='block_1_74' title="bbox 405 4479 1988 4552">
    <p class='ocr_par' dir='ltr' id='par_1_74' title="bbox 405 4479 1988 4552">
     <span class='ocr_line' id='line_1_74' title="bbox 405 4479 1988 4552; baseline -0.001 -17"><span class='ocrx_word' id='word_1_532' title='bbox 405 4489 458 4535; x_wconf 89' lang='lat' dir='ltr'><strong>et</strong></span> <span class='ocrx_word' id='word_1_533' title='bbox 483 4490 904 4536; x_wconf 90' lang='lat' dir='ltr'><strong>coneurrentem</strong></span> <span class='ocrx_word' id='word_1_534' title='bbox 930 4480 1172 4544; x_wconf 89' lang='lat' dir='ltr'><strong>haberet,</strong></span> <span class='ocrx_word' id='word_1_535' title='bbox 1205 4491 1497 4552; x_wconf 86' lang='lat' dir='ltr'><strong>possetque</strong></span> <span class='ocrx_word' id='word_1_536' title='bbox 1529 4481 1688 4534; x_wconf 82' lang='lat' dir='ltr'><strong>aliter</strong></span> <span class='ocrx_word' id='word_1_537' title='bbox 1715 4479 1873 4535; x_wconf 91' lang='lat' dir='ltr'><strong>nobis</strong></span> <span class='ocrx_word' id='word_1_538' title='bbox 1899 4481 1988 4534; x_wconf 89' lang='lat' dir='ltr'><strong>in-</strong></span> 
     </span>
    </p>
   </div>
   <div class='ocr_carea' id='block_1_75' title="bbox 406 4572 1985 4644">
    <p class='ocr_par' dir='ltr' id='par_1_75' title="bbox 406 4572 1985 4644">
     <span class='ocr_line' id='line_1_75' title="bbox 406 4572 1985 4644; baseline 0.001 -19"><span class='ocrx_word' id='word_1_539' title='bbox 406 4573 574 4643; x_wconf 82' lang='lat' dir='ltr'><strong>gratis</strong></span> <span class='ocrx_word' id='word_1_540' title='bbox 615 4573 848 4629; x_wconf 88' lang='lat' dir='ltr'><strong>salutem</strong></span> <span class='ocrx_word' id='word_1_541' title='bbox 879 4573 1104 4630; x_wconf 69' lang='lat' dir='ltr'><strong>aﬂ‘erre?</strong></span> <span class='ocrx_word' id='word_1_542' title='bbox 1136 4572 1330 4628; x_wconf 84' lang='lat' dir='ltr'><strong>Verum</strong></span> <span class='ocrx_word' id='word_1_543' title='bbox 1370 4573 1467 4637; x_wconf 90' lang='lat' dir='ltr'><strong>illi,</strong></span> <span class='ocrx_word' id='word_1_544' title='bbox 1518 4575 1664 4644; x_wconf 87' lang='lat' dir='ltr'><strong>quod</strong></span> <span class='ocrx_word' id='word_1_545' title='bbox 1697 4574 1749 4627; x_wconf 93' lang='lat' dir='ltr'><strong>in</strong></span> <span class='ocrx_word' id='word_1_546' title='bbox 1784 4573 1985 4628; x_wconf 88' lang='lat' dir='ltr'><strong>virtute</strong></span> 
     </span>
    </p>
   </div>
   <div class='ocr_carea' id='block_1_76' title="bbox 415 4663 1988 4735">
    <p class='ocr_par' dir='ltr' id='par_1_76' title="bbox 415 4663 1988 4735">
     <span class='ocr_line' id='line_1_76' title="bbox 415 4663 1988 4735; baseline 0.001 -19"><span class='ocrx_word' id='word_1_547' title='bbox 415 4663 751 4720; x_wconf 87' lang='lat' dir='ltr'><strong>laboriosum</strong></span> <span class='ocrx_word' id='word_1_548' title='bbox 786 4674 888 4731; x_wconf 89' lang='lat' dir='ltr'><strong>est,</strong></span> <span class='ocrx_word' id='word_1_549' title='bbox 913 4663 1265 4720; x_wconf 88' lang='lat' dir='ltr'><strong>subscribens</strong></span> <span class='ocrx_word' id='word_1_550' title='bbox 1293 4666 1412 4735; x_wconf 89' lang='lat' dir='ltr'><strong>(per</strong></span> <span class='ocrx_word' id='word_1_551' title='bbox 1442 4679 1604 4735; x_wconf 90' lang='lat' dir='ltr'><strong>quam</strong></span> <span class='ocrx_word' id='word_1_552' title='bbox 1635 4665 1722 4731; x_wconf 91' lang='lat' dir='ltr'><strong>iis,</strong></span> <span class='ocrx_word' id='word_1_553' title='bbox 1757 4665 1848 4733; x_wconf 93' lang='lat' dir='ltr'><strong>qui</strong></span> <span class='ocrx_word' id='word_1_554' title='bbox 1881 4665 1988 4718; x_wconf 86' lang='lat' dir='ltr'><strong>sal-</strong></span> 
     </span>
    </p>
   </div>
   <div class='ocr_carea' id='block_1_77' title="bbox 2080 3366 3668 3446">
    <p class='ocr_par' dir='ltr' id='par_1_77' title="bbox 2080 3366 3668 3446">
     <span class='ocr_line' id='line_1_77' title="bbox 2080 3366 3668 3446; baseline -0.004 -19"><span class='ocrx_word' id='word_1_555' title='bbox 2080 3373 2370 3446; x_wconf 83' lang='grc' dir='ltr'>ελοιδόρει,</span> <span class='ocrx_word' id='word_1_556' title='bbox 2428 3372 2522 3426; x_wconf 76' lang='grc' dir='ltr'>καὶ</span> <span class='ocrx_word' id='word_1_557' title='bbox 2561 3371 2784 3442; x_wconf 82' lang='grc' dir='ltr'><strong>πάσχων</strong></span> <span class='ocrx_word' id='word_1_558' title='bbox 2842 3371 2944 3423; x_wconf 75' lang='grc' dir='ltr'><strong>οὐκ</strong></span> <span class='ocrx_word' id='word_1_559' title='bbox 2974 3369 3211 3440; x_wconf 80' lang='grc' dir='ltr'>ήπείλει,</span> <span class='ocrx_word' id='word_1_560' title='bbox 3265 3366 3556 3438; x_wconf 80' lang='grc' dir='ltr'>παρεδίδου</span> <span class='ocrx_word' id='word_1_561' title='bbox 3605 3366 3668 3420; x_wconf 84' lang='grc' dir='ltr'>δὲ</span> 
     </span>
    </p>
   </div>
   <div class='ocr_carea' id='block_1_78' title="bbox 2080 3460 3669 3536">
    <p class='ocr_par' dir='ltr' id='par_1_78' title="bbox 2080 3460 3669 3536">
     <span class='ocr_line' id='line_1_78' title="bbox 2080 3460 3669 3536; baseline -0.006 -14"><span class='ocrx_word' id='word_1_562' title='bbox 2080 3468 2156 3536; x_wconf 85' lang='grc' dir='ltr'>τῷ</span> <span class='ocrx_word' id='word_1_563' title='bbox 2187 3466 2426 3536; x_wconf 82' lang='grc' dir='ltr'>κρίνοντι</span> <span class='ocrx_word' id='word_1_564' title='bbox 2459 3463 2704 3529; x_wconf 81' lang='grc' dir='ltr'>δικαίως,</span> <span class='ocrx_word' id='word_1_565' title='bbox 2733 3462 2808 3527; x_wconf 82' lang='grc' dir='ltr'>ὡς</span> <span class='ocrx_word' id='word_1_566' title='bbox 2842 3465 2874 3533; x_wconf 81' lang='grc' dir='ltr'><strong>ὴ</strong></span> <span class='ocrx_word' id='word_1_567' title='bbox 2902 3462 3177 3533; x_wconf 76' lang='grc' dir='ltr'>κορυφαία</span> <span class='ocrx_word' id='word_1_568' title='bbox 3211 3460 3318 3514; x_wconf 83' lang='grc' dir='ltr'>τῶν</span> <span class='ocrx_word' id='word_1_569' title='bbox 3347 3460 3669 3514; x_wconf 81' lang='grc' dir='ltr'>ἀποστόλων</span> 
     </span>
    </p>
   </div>
   <div class='ocr_carea' id='block_1_79' title="bbox 2079 3550 3672 3628">
    <p class='ocr_par' dir='ltr' id='par_1_79' title="bbox 2079 3550 3672 3628">
     <span class='ocr_line' id='line_1_79' title="bbox 2079 3550 3672 3628; baseline -0.006 -16"><span class='ocrx_word' id='word_1_570' title='bbox 2079 3559 2322 3628; x_wconf 77' lang='grc' dir='ltr'>ἀκρότης</span> <span class='ocrx_word' id='word_1_571' title='bbox 2348 3558 2376 3611; x_wconf 91' lang='lat'><strong>6</strong></span> <span class='ocrx_word' id='word_1_572' title='bbox 2431 3555 2605 3627; x_wconf 84' lang='grc' dir='ltr'>μέγας</span> <span class='ocrx_word' id='word_1_573' title='bbox 2631 3555 2836 3624; x_wconf 80' lang='grc' dir='ltr'>Πέτρος</span> <span class='ocrx_word' id='word_1_574' title='bbox 2865 3553 3050 3623; x_wconf 83' lang='grc' dir='ltr'>φησίν.</span> <span class='ocrx_word' id='word_1_575' title='bbox 3111 3550 3273 3606; x_wconf 81' lang='grc' dir='ltr'>Ἀλλά</span> <span class='ocrx_word' id='word_1_576' title='bbox 3315 3550 3464 3605; x_wconf 79' lang='grc' dir='ltr'>δοκεῖ</span> <span class='ocrx_word' id='word_1_577' title='bbox 3523 3568 3672 3604; x_wconf 80' lang='grc' dir='ltr'>τισιν</span> 
     </span>
    </p>
   </div>
   <div class='ocr_carea' id='block_1_80' title="bbox 2081 3641 3672 3718">
    <p class='ocr_par' dir='ltr' id='par_1_80' title="bbox 2081 3641 3672 3718">
     <span class='ocr_line' id='line_1_80' title="bbox 2081 3641 3672 3718; baseline -0.004 -16"><span class='ocrx_word' id='word_1_578' title='bbox 2081 3648 2326 3718; x_wconf 77' lang='grc' dir='ltr'>ἀλγεινὰ,</span> <span class='ocrx_word' id='word_1_579' title='bbox 2353 3647 2441 3703; x_wconf 74' lang='grc' dir='ltr'>διὰ</span> <span class='ocrx_word' id='word_1_580' title='bbox 2469 3649 2530 3702; x_wconf 87' lang='grc' dir='ltr'>τὸ</span> <span class='ocrx_word' id='word_1_581' title='bbox 2554 3647 2686 3702; x_wconf 68' lang='grc' dir='ltr'>πολὺ</span> <span class='ocrx_word' id='word_1_582' title='bbox 2714 3649 2814 3718; x_wconf 78' lang='grc' dir='ltr'>τῆς</span> <span class='ocrx_word' id='word_1_583' title='bbox 2848 3645 3180 3716; x_wconf 77' lang='grc' dir='ltr'>αἰσθήσεως,</span> <span class='ocrx_word' id='word_1_584' title='bbox 3219 3641 3291 3697; x_wconf 72' lang='grc' dir='ltr'><strong>’.ἀ</strong></span> <span class='ocrx_word' id='word_1_585' title='bbox 3316 3645 3432 3706; x_wconf 87' lang='grc' dir='ltr'>τοῖς</span> <span class='ocrx_word' id='word_1_586' title='bbox 3477 3641 3672 3713; x_wconf 67' lang='grc' dir='ltr'>σῶμα·</span> 
     </span>
    </p>
   </div>
   <div class='ocr_carea' id='block_1_81' title="bbox 2083 3733 3672 3812">
    <p class='ocr_par' dir='ltr' id='par_1_81' title="bbox 2083 3733 3672 3812">
     <span class='ocr_line' id='line_1_81' title="bbox 2083 3733 3672 3812; baseline -0.006 -16"><span class='ocrx_word' id='word_1_587' title='bbox 2083 3760 2168 3798; x_wconf 91' lang='grc' dir='ltr'><strong>σιν</strong></span> <span class='ocrx_word' id='word_1_588' title='bbox 2193 3741 2535 3812; x_wconf 79' lang='grc' dir='ltr'>ὲπαγόμενα.</span> <span class='ocrx_word' id='word_1_589' title='bbox 2562 3739 2672 3792; x_wconf 77' lang='grc' dir='ltr'>Καὶ</span> <span class='ocrx_word' id='word_1_590' title='bbox 2694 3737 2810 3802; x_wconf 83' lang='grc' dir='ltr'>πῶς</span> <span class='ocrx_word' id='word_1_591' title='bbox 2843 3738 3019 3802; x_wconf 83' lang='grc' dir='ltr'>ἄλλως</span> <span class='ocrx_word' id='word_1_592' title='bbox 3045 3735 3270 3790; x_wconf 77' lang='grc' dir='ltr'>δυνατὸν</span> <span class='ocrx_word' id='word_1_593' title='bbox 3294 3736 3386 3790; x_wconf 82' lang='grc' dir='ltr'>τὸν</span> <span class='ocrx_word' id='word_1_594' title='bbox 3424 3733 3672 3806; x_wconf 78' lang='grc' dir='ltr'>Χριστοῦ</span> 
     </span>
    </p>
   </div>
   <div class='ocr_carea' id='block_1_82' title="bbox 2084 3824 3676 3906">
    <p class='ocr_par' dir='ltr' id='par_1_82' title="bbox 2084 3824 3676 3906">
     <span class='ocr_line' id='line_1_82' title="bbox 2084 3824 3676 3906; baseline -0.007 -17"><span class='ocrx_word' id='word_1_595' title='bbox 2084 3830 2216 3906; x_wconf 83' lang='grc' dir='ltr'>ἆραι</span> <span class='ocrx_word' id='word_1_596' title='bbox 2241 3831 2404 3902; x_wconf 75' lang='grc' dir='ltr'>ζυγὸν</span> <span class='ocrx_word' id='word_1_597' title='bbox 2432 3875 2449 3896; x_wconf 86' lang='grc'><strong>,</strong></span> <span class='ocrx_word' id='word_1_598' title='bbox 2482 3833 2531 3887; x_wconf 88' lang='grc' dir='ltr'><strong>εἰ</strong></span> <span class='ocrx_word' id='word_1_599' title='bbox 2565 3833 2639 3903; x_wconf 89' lang='grc' dir='ltr'><strong>μή</strong></span> <span class='ocrx_word' id='word_1_600' title='bbox 2670 3848 2754 3894; x_wconf 89' lang='grc' dir='ltr'><strong>τις</strong></span> <span class='ocrx_word' id='word_1_601' title='bbox 2785 3829 3049 3884; x_wconf 84' lang='grc' dir='ltr'>διοδεύσει</span> <span class='ocrx_word' id='word_1_602' title='bbox 3081 3829 3170 3883; x_wconf 80' lang='grc' dir='ltr'>διὰ</span> <span class='ocrx_word' id='word_1_603' title='bbox 3200 3828 3391 3883; x_wconf 84' lang='grc' dir='ltr'>πασῶν</span> <span class='ocrx_word' id='word_1_604' title='bbox 3411 3826 3522 3880; x_wconf 83' lang='grc' dir='ltr'>τῶν</span> <span class='ocrx_word' id='word_1_605' title='bbox 3556 3824 3676 3897; x_wconf 86' lang='grc' dir='ltr'>ήλι-</span> 
     </span>
    </p>
   </div>
   <div class='ocr_carea' id='block_1_83' title="bbox 2084 3917 3679 3998">
    <p class='ocr_par' dir='ltr' id='par_1_83' title="bbox 2084 3917 3679 3998">
     <span class='ocr_line' id='line_1_83' title="bbox 2084 3917 3679 3998; baseline -0.003 -18"><span class='ocrx_word' id='word_1_606' title='bbox 2084 3925 2220 3994; x_wconf 84' lang='grc' dir='ltr'>κιῶν</span> <span class='ocrx_word' id='word_1_607' title='bbox 2251 3927 2556 3998; x_wconf 84' lang='grc' dir='ltr'>ἀμέμπτως</span> <span class='ocrx_word' id='word_1_608' title='bbox 2607 3922 2773 3980; x_wconf 80' lang='grc' dir='ltr'>αὑτοῦ</span> <span class='ocrx_word' id='word_1_609' title='bbox 2825 3922 2922 3978; x_wconf 74' lang='grc' dir='ltr'><strong>καὶ</strong></span> <span class='ocrx_word' id='word_1_610' title='bbox 2962 3921 3270 3994; x_wconf 77' lang='grc' dir='ltr'>δυνάμεων,</span> <span class='ocrx_word' id='word_1_611' title='bbox 3306 3919 3486 3975; x_wconf 84' lang='grc' dir='ltr'>πάντα</span> <span class='ocrx_word' id='word_1_612' title='bbox 3527 3917 3679 3988; x_wconf 83' lang='grc' dir='ltr'>γινό-</span> 
     </span>
    </p>
   </div>
   <div class='ocr_carea' id='block_1_84' title="bbox 2088 4010 3676 4091">
    <p class='ocr_par' dir='ltr' id='par_1_84' title="bbox 2088 4010 3676 4091">
     <span class='ocr_line' id='line_1_84' title="bbox 2088 4010 3676 4091; baseline -0.006 -17"><span class='ocrx_word' id='word_1_613' title='bbox 2088 4035 2249 4091; x_wconf 86' lang='grc' dir='ltr'>μενος</span> <span class='ocrx_word' id='word_1_614' title='bbox 2278 4019 2378 4074; x_wconf 86' lang='grc' dir='ltr'>ὃσα</span> <span class='ocrx_word' id='word_1_615' title='bbox 2408 4019 2610 4082; x_wconf 72' lang='grc' dir='ltr'>ἐκεῖνος</span> <span class='ocrx_word' id='word_1_616' title='bbox 2643 4015 2784 4088; x_wconf 81' lang='grc' dir='ltr'>ὑπὲρ</span> <span class='ocrx_word' id='word_1_617' title='bbox 2813 4015 2996 4086; x_wconf 83' lang='grc' dir='ltr'>ήμῶν,</span> <span class='ocrx_word' id='word_1_618' title='bbox 3039 4015 3137 4069; x_wconf 80' lang='grc' dir='ltr'>καὶ</span> <span class='ocrx_word' id='word_1_619' title='bbox 3177 4013 3353 4069; x_wconf 87' lang='grc' dir='ltr'>ταῦτα</span> <span class='ocrx_word' id='word_1_620' title='bbox 3399 4013 3534 4076; x_wconf 72' lang='grc' dir='ltr'>Θεὸς</span> <span class='ocrx_word' id='word_1_621' title='bbox 3572 4010 3676 4074; x_wconf 86' lang='grc' dir='ltr'>ὣν,</span> 
     </span>
    </p>
   </div>
   <div class='ocr_carea' id='block_1_85' title="bbox 2087 4103 3678 4183">
    <p class='ocr_par' dir='ltr' id='par_1_85' title="bbox 2087 4103 3678 4183">
     <span class='ocr_line' id='line_1_85' title="bbox 2087 4103 3678 4183; baseline -0.006 -18"><span class='ocrx_word' id='word_1_622' title='bbox 2087 4113 2181 4166; x_wconf 72' lang='grc' dir='ltr'><strong>καὶ</strong></span> <span class='ocrx_word' id='word_1_623' title='bbox 2209 4109 2508 4183; x_wconf 80' lang='grc' dir='ltr'>σύνδρομον</span> <span class='ocrx_word' id='word_1_624' title='bbox 2545 4109 2683 4182; x_wconf 75' lang='grc' dir='ltr'>ἔχων</span> <span class='ocrx_word' id='word_1_625' title='bbox 2725 4113 2792 4182; x_wconf 74' lang='grc' dir='ltr'>τῇ</span> <span class='ocrx_word' id='word_1_626' title='bbox 2843 4108 3102 4180; x_wconf 83' lang='grc' dir='ltr'>βουλήσει</span> <span class='ocrx_word' id='word_1_627' title='bbox 3130 4107 3229 4178; x_wconf 78' lang='grc' dir='ltr'><strong>τὴν</strong></span> <span class='ocrx_word' id='word_1_628' title='bbox 3281 4105 3540 4176; x_wconf 88' lang='grc' dir='ltr'>δύναμιν,</span> <span class='ocrx_word' id='word_1_629' title='bbox 3578 4103 3678 4158; x_wconf 72' lang='grc' dir='ltr'>καὶ</span> 
     </span>
    </p>
   </div>
   <div class='ocr_carea' id='block_1_86' title="bbox 2086 4203 3678 4280">
    <p class='ocr_par' dir='ltr' id='par_1_86' title="bbox 2086 4203 3678 4280">
     <span class='ocr_line' id='line_1_86' title="bbox 2086 4203 3678 4280; baseline -0.006 -17"><span class='ocrx_word' id='word_1_630' title='bbox 2086 4209 2383 4280; x_wconf 72' lang='grc' dir='ltr'>δυνάμενος</span> <span class='ocrx_word' id='word_1_631' title='bbox 2407 4209 2582 4272; x_wconf 80' lang='grc' dir='ltr'>ἄλλως</span> <span class='ocrx_word' id='word_1_632' title='bbox 2604 4208 2706 4277; x_wconf 75' lang='grc' dir='ltr'><strong>τὴν</strong></span> <span class='ocrx_word' id='word_1_633' title='bbox 2727 4206 2886 4278; x_wconf 83' lang='grc' dir='ltr'>ήμῶν</span> <span class='ocrx_word' id='word_1_634' title='bbox 2916 4205 3026 4260; x_wconf 86' lang='grc' dir='ltr'><strong>τῶν</strong></span> <span class='ocrx_word' id='word_1_635' title='bbox 3051 4203 3374 4275; x_wconf 86' lang='grc' dir='ltr'>ἀχαρίστων</span> <span class='ocrx_word' id='word_1_636' title='bbox 3406 4217 3678 4272; x_wconf 83' lang='grc' dir='ltr'>πραγμα-</span> 
     </span>
    </p>
   </div>
   <div class='ocr_carea' id='block_1_87' title="bbox 2086 4293 3676 4371">
    <p class='ocr_par' dir='ltr' id='par_1_87' title="bbox 2086 4293 3676 4371">
     <span class='ocr_line' id='line_1_87' title="bbox 2086 4293 3676 4371; baseline -0.007 -14"><span class='ocrx_word' id='word_1_637' title='bbox 2086 4301 2380 4358; x_wconf 80' lang='grc' dir='ltr'>τεύσασθαι</span> <span class='ocrx_word' id='word_1_638' title='bbox 2407 4300 2680 4371; x_wconf 79' lang='grc' dir='ltr'>σωτηρίαν</span> <span class='ocrx_word' id='word_1_639' title='bbox 2703 4317 2718 4366; x_wconf 91' lang='lat'><strong>;</strong></span> <span class='ocrx_word' id='word_1_640' title='bbox 2769 4298 2936 4353; x_wconf 74' lang='grc' dir='ltr'>Ἀλλὰ</span> <span class='ocrx_word' id='word_1_641' title='bbox 2963 4297 3023 4350; x_wconf 81' lang='grc' dir='ltr'><strong>τὸ</strong></span> <span class='ocrx_word' id='word_1_642' title='bbox 3049 4297 3308 4352; x_wconf 75' lang='grc' dir='ltr'>ἐπίπονον</span> <span class='ocrx_word' id='word_1_643' title='bbox 3336 4293 3676 4364; x_wconf 76' lang='grc' dir='ltr'>ὑπογράφων</span> 
     </span>
    </p>
   </div>
   <div class='ocr_carea' id='block_1_88' title="bbox 2087 4385 3673 4466">
    <p class='ocr_par' dir='ltr' id='par_1_88' title="bbox 2087 4385 3673 4466">
     <span class='ocr_line' id='line_1_88' title="bbox 2087 4385 3673 4466; baseline -0.009 -16"><span class='ocrx_word' id='word_1_644' title='bbox 2087 4395 2188 4465; x_wconf 85' lang='grc' dir='ltr'>τῆς</span> <span class='ocrx_word' id='word_1_645' title='bbox 2217 4395 2440 4466; x_wconf 83' lang='grc' dir='ltr'>ἀρετῆς,</span> <span class='ocrx_word' id='word_1_646' title='bbox 2466 4393 2534 4448; x_wconf 78' lang='grc' dir='ltr'>δι’</span> <span class='ocrx_word' id='word_1_647' title='bbox 2556 4387 2625 4464; x_wconf 82' lang='grc' dir='ltr'>ἦς</span> <span class='ocrx_word' id='word_1_648' title='bbox 2648 4394 2760 4455; x_wconf 86' lang='grc' dir='ltr'>τοῖς</span> <span class='ocrx_word' id='word_1_649' title='bbox 2815 4389 3146 4460; x_wconf 77' lang='grc' dir='ltr'>σωζομένοις</span> <span class='ocrx_word' id='word_1_650' title='bbox 3175 4390 3232 4442; x_wconf 83' lang='grc' dir='ltr'>αἱ</span> <span class='ocrx_word' id='word_1_651' title='bbox 3284 4385 3673 4456; x_wconf 84' lang='grc' dir='ltr'>κεκλεισμέναι</span> 
     </span>
    </p>
   </div>
   <div class='ocr_carea' id='block_1_89' title="bbox 2090 4471 3677 4554">
    <p class='ocr_par' dir='ltr' id='par_1_89' title="bbox 2090 4471 3677 4554">
     <span class='ocr_line' id='line_1_89' title="bbox 2090 4471 3677 4554; baseline -0.008 -15"><span class='ocrx_word' id='word_1_652' title='bbox 2090 4485 2256 4540; x_wconf 84' lang='grc' dir='ltr'>πύλαι</span> <span class='ocrx_word' id='word_1_653' title='bbox 2287 4485 2615 4554; x_wconf 79' lang='grc' dir='ltr'>ἀνοίγονται,</span> <span class='ocrx_word' id='word_1_654' title='bbox 2666 4482 2736 4536; x_wconf 85' lang='grc' dir='ltr'>δι’</span> <span class='ocrx_word' id='word_1_655' title='bbox 2767 4480 3032 4536; x_wconf 68' lang='grc' dir='ltr'>ἐπιπόνου</span> <span class='ocrx_word' id='word_1_656' title='bbox 3081 4478 3224 4550; x_wconf 81' lang='grc' dir='ltr'>βίου,</span> <span class='ocrx_word' id='word_1_657' title='bbox 3270 4476 3346 4540; x_wconf 86' lang='grc' dir='ltr'>ὡς</span> <span class='ocrx_word' id='word_1_658' title='bbox 3387 4474 3525 4539; x_wconf 75' lang='grc' dir='ltr'>Θεὸς</span> <span class='ocrx_word' id='word_1_659' title='bbox 3584 4471 3677 4528; x_wconf 79' lang='grc' dir='ltr'>καὶ</span> 
     </span>
    </p>
   </div>
   <div class='ocr_carea' id='block_1_90' title="bbox 2091 4564 3680 4648">
    <p class='ocr_par' dir='ltr' id='par_1_90' title="bbox 2091 4564 3680 4648">
     <span class='ocr_line' id='line_1_90' title="bbox 2091 4564 3680 4648; baseline -0.009 -17"><span class='ocrx_word' id='word_1_660' title='bbox 2091 4578 2390 4647; x_wconf 83' lang='grc' dir='ltr'>Δεσπότης,</span> <span class='ocrx_word' id='word_1_661' title='bbox 2415 4575 2513 4648; x_wconf 80' lang='grc' dir='ltr'><strong>τὴν</strong></span> <span class='ocrx_word' id='word_1_662' title='bbox 2548 4575 2824 4645; x_wconf 88' lang='grc' dir='ltr'>σωτηρίαν</span> <span class='ocrx_word' id='word_1_663' title='bbox 2857 4573 3024 4626; x_wconf 77' lang='grc' dir='ltr'>πᾶσιν</span> <span class='ocrx_word' id='word_1_664' title='bbox 3053 4564 3327 4633; x_wconf 76' lang='grc' dir='ltr'>ὑπέδειξε.</span> <span class='ocrx_word' id='word_1_665' title='bbox 3353 4564 3551 4638; x_wconf 83' lang='grc' dir='ltr'>Χρεὼν</span> <span class='ocrx_word' id='word_1_666' title='bbox 3578 4581 3680 4618; x_wconf 75' lang='grc' dir='ltr'>τοιρ</span> 
     </span>
    </p>
   </div>
   <div class='ocr_carea' id='block_1_91' title="bbox 2093 4657 3680 4740">
    <p class='ocr_par' dir='ltr' id='par_1_91' title="bbox 2093 4657 3680 4740">
     <span class='ocr_line' id='line_1_91' title="bbox 2093 4657 3680 4740; baseline -0.01 -16"><span class='ocrx_word' id='word_1_667' title='bbox 2093 4667 2298 4740; x_wconf 84' lang='grc' dir='ltr'>γαροῦν</span> <span class='ocrx_word' id='word_1_668' title='bbox 2324 4667 2463 4737; x_wconf 81' lang='grc' dir='ltr'>ὑπὲρ</span> <span class='ocrx_word' id='word_1_669' title='bbox 2481 4667 2580 4737; x_wconf 84' lang='grc' dir='ltr'>τῆς</span> <span class='ocrx_word' id='word_1_670' title='bbox 2613 4665 2939 4735; x_wconf 81' lang='grc' dir='ltr'>θεανδρικῆς</span> <span class='ocrx_word' id='word_1_671' title='bbox 2963 4661 3173 4725; x_wconf 74' lang='grc' dir='ltr'>εἰκόνος</span> <span class='ocrx_word' id='word_1_672' title='bbox 3192 4657 3433 4732; x_wconf 86' lang='grc' dir='ltr'>Χριστοῦ</span> <span class='ocrx_word' id='word_1_673' title='bbox 3461 4657 3562 4711; x_wconf 73' lang='grc' dir='ltr'>καὶ</span> <span class='ocrx_word' id='word_1_674' title='bbox 3583 4659 3680 4727; x_wconf 80' lang='grc' dir='ltr'>τῆς</span> 
     </span>
    </p>
   </div>
   <div class='ocr_carea' id='block_1_92' title="bbox 410 4749 1971 4830">
    <p class='ocr_par' dir='ltr' id='par_1_92' title="bbox 410 4757 1944 4830">
     <span class='ocr_line' id='line_1_92' title="bbox 410 4757 1944 4830; baseline -0.001 -20"><span class='ocrx_word' id='word_1_675' title='bbox 410 4768 626 4824; x_wconf 85' lang='lat' dir='ltr'><strong>vantur,</strong></span> <span class='ocrx_word' id='word_1_676' title='bbox 669 4759 792 4814; x_wconf 68' lang='lat' dir='ltr'><strong>caeli</strong></span> <span class='ocrx_word' id='word_1_677' title='bbox 856 4769 1025 4830; x_wconf 65' lang='lat' dir='ltr'><strong>portae</strong></span> <span class='ocrx_word' id='word_1_678' title='bbox 1066 4769 1226 4815; x_wconf 87' lang='lat' dir='ltr'><strong>antea</strong></span> <span class='ocrx_word' id='word_1_679' title='bbox 1305 4759 1539 4815; x_wconf 73' lang='lat' dir='ltr'><strong>occlusae</strong></span> <span class='ocrx_word' id='word_1_680' title='bbox 1624 4757 1944 4828; x_wconf 87' lang='lat' dir='ltr'><strong>aperiuntur</strong></span> 
     </span>
    </p>
   </div>
   <div class='ocr_carea' id='block_1_93' title="bbox 2080 4749 3681 4830">
    <p class='ocr_par' dir='ltr' id='par_1_93' title="bbox 2094 4749 3681 4830">
     <span class='ocr_line' id='line_1_93' title="bbox 2094 4749 3681 4830; baseline -0.009 -15"><span class='ocrx_word' id='word_1_681' title='bbox 2094 4758 2257 4816; x_wconf 81' lang='grc' dir='ltr'>αὑτοῦ</span> <span class='ocrx_word' id='word_1_682' title='bbox 2326 4758 2561 4830; x_wconf 83' lang='grc' dir='ltr'>ἀμώμου</span> <span class='ocrx_word' id='word_1_683' title='bbox 2623 4759 2720 4812; x_wconf 69' lang='grc' dir='ltr'><strong>κα)⁸</strong></span> <span class='ocrx_word' id='word_1_684' title='bbox 2775 4755 3160 4828; x_wconf 84' lang='grc' dir='ltr'>παναχράντου</span> <span class='ocrx_word' id='word_1_685' title='bbox 3223 4749 3681 4823; x_wconf 83' lang='grc' dir='ltr'>προκινδυνεῦσαι</span> 
     </span>
    </p>
   </div>
   <div class='ocr_carea' id='block_1_94' title="bbox 413 4847 1987 4920">
    <p class='ocr_par' dir='ltr' id='par_1_94' title="bbox 413 4847 1987 4920">
     <span class='ocr_line' id='line_1_94' title="bbox 413 4847 1987 4920; baseline 0.002 -19"><span class='ocrx_word' id='word_1_686' title='bbox 413 4864 510 4918; x_wconf 89' lang='lat' dir='ltr'><strong>per</strong></span> <span class='ocrx_word' id='word_1_687' title='bbox 539 4847 705 4903; x_wconf 84' lang='lat' dir='ltr'><strong>vitam</strong></span> <span class='ocrx_word' id='word_1_688' title='bbox 741 4849 1020 4908; x_wconf 88' lang='lat' dir='ltr'><strong>laboribus</strong></span> <span class='ocrx_word' id='word_1_689' title='bbox 1042 4852 1280 4920; x_wconf 88' lang='lat' dir='ltr'><strong>plenam,</strong></span> <span class='ocrx_word' id='word_1_690' title='bbox 1308 4859 1568 4920; x_wconf 87' lang='lat' dir='ltr'><strong>tanquam</strong></span> <span class='ocrx_word' id='word_1_691' title='bbox 1595 4848 1736 4904; x_wconf 87' lang='lat' dir='ltr'><strong>Deus</strong></span> <span class='ocrx_word' id='word_1_692' title='bbox 1785 4864 1849 4904; x_wconf 90' lang='lat' dir='ltr'><strong>ac</strong></span> <span class='ocrx_word' id='word_1_693' title='bbox 1879 4849 1987 4904; x_wconf 85' lang='lat' dir='ltr'><strong>Do-</strong></span> 
     </span>
    </p>
   </div>
   <div class='ocr_carea' id='block_1_95' title="bbox 415 4938 1991 5008">
    <p class='ocr_par' dir='ltr' id='par_1_95' title="bbox 415 4938 1991 5008">
     <span class='ocr_line' id='line_1_95' title="bbox 415 4938 1991 5008; baseline -0.001 -16"><span class='ocrx_word' id='word_1_694' title='bbox 415 4939 603 4994; x_wconf 88' lang='lat' dir='ltr'><strong>minus</strong></span> <span class='ocrx_word' id='word_1_695' title='bbox 627 4939 860 4995; x_wconf 88' lang='lat' dir='ltr'><strong>salutem</strong></span> <span class='ocrx_word' id='word_1_696' title='bbox 875 4942 1131 4996; x_wconf 87' lang='lat' dir='ltr'><strong>omnibus</strong></span> <span class='ocrx_word' id='word_1_697' title='bbox 1153 4940 1572 4995; x_wconf 86' lang='lat' dir='ltr'><strong>demonstravit.</strong></span> <span class='ocrx_word' id='word_1_698' title='bbox 1598 4938 1868 4993; x_wconf 87' lang='lat' dir='ltr'><strong>Debemus</strong></span> <span class='ocrx_word' id='word_1_699' title='bbox 1896 4939 1991 5008; x_wconf 80' lang='lat' dir='ltr'><strong>igi—</strong></span> 
     </span>
    </p>
   </div>
   <div class='ocr_carea' id='block_1_96' title="bbox 415 5031 1992 5104">
    <p class='ocr_par' dir='ltr' id='par_1_96' title="bbox 415 5031 1992 5104">
     <span class='ocr_line' id='line_1_96' title="bbox 415 5031 1992 5104; baseline -0.001 -18"><span class='ocrx_word' id='word_1_700' title='bbox 415 5041 507 5086; x_wconf 90' lang='lat' dir='ltr'><strong>tur</strong></span> <span class='ocrx_word' id='word_1_701' title='bbox 539 5047 637 5102; x_wconf 90' lang='lat' dir='ltr'><strong>pro</strong></span> <span class='ocrx_word' id='word_1_702' title='bbox 661 5032 843 5088; x_wconf 91' lang='lat' dir='ltr'><strong>divina</strong></span> <span class='ocrx_word' id='word_1_703' title='bbox 864 5031 1098 5104; x_wconf 81' lang='lat' dir='ltr'><strong>imagine</strong></span> <span class='ocrx_word' id='word_1_704' title='bbox 1113 5031 1342 5096; x_wconf 87' lang='lat' dir='ltr'><strong>Christi,</strong></span> <span class='ocrx_word' id='word_1_705' title='bbox 1376 5031 1606 5102; x_wconf 83' lang='lat' dir='ltr'><strong>ejusque</strong></span> <span class='ocrx_word' id='word_1_706' title='bbox 1630 5031 1992 5090; x_wconf 80' lang='lat' dir='ltr'><strong>immaculata:</strong></span> 
     </span>
    </p>
   </div>
   <div class='ocr_carea' id='block_1_97' title="bbox 2094 4842 3678 4922">
    <p class='ocr_par' dir='ltr' id='par_1_97' title="bbox 2094 4842 3678 4922">
     <span class='ocr_line' id='line_1_97' title="bbox 2094 4842 3678 4922; baseline -0.008 -17"><span class='ocrx_word' id='word_1_707' title='bbox 2094 4851 2338 4922; x_wconf 81' lang='grc' dir='ltr'>Μητρὸς,</span> <span class='ocrx_word' id='word_1_708' title='bbox 2378 4849 2464 4904; x_wconf 77' lang='grc' dir='ltr'><strong>ἵνα</strong></span> <span class='ocrx_word' id='word_1_709' title='bbox 2496 4849 2690 4922; x_wconf 82' lang='grc' dir='ltr'>μέχρις</span> <span class='ocrx_word' id='word_1_710' title='bbox 2722 4849 2958 4920; x_wconf 79' lang='grc' dir='ltr'>αἵματος</span> <span class='ocrx_word' id='word_1_711' title='bbox 2984 4847 3123 4919; x_wconf 77' lang='grc' dir='ltr'>πρὸς</span> <span class='ocrx_word' id='word_1_712' title='bbox 3144 4844 3236 4898; x_wconf 84' lang='grc' dir='ltr'>τὸν</span> <span class='ocrx_word' id='word_1_713' title='bbox 3259 4842 3678 4913; x_wconf 78' lang='grc' dir='ltr'>κοσμοκράτορα</span> 
     </span>
    </p>
   </div>
   <div class='ocr_carea' id='block_1_98' title="bbox 2091 4929 3678 5020">
    <p class='ocr_par' dir='ltr' id='par_1_98' title="bbox 2091 4929 3678 5006">
     <span class='ocr_line' id='line_1_98' title="bbox 2091 4929 3678 5006; baseline -0.007 -15"><span class='ocrx_word' id='word_1_714' title='bbox 2091 4939 2186 4992; x_wconf 87' lang='grc' dir='ltr'><strong>τοῦ</strong></span> <span class='ocrx_word' id='word_1_715' title='bbox 2208 4939 2404 5002; x_wconf 76' lang='grc' dir='ltr'>αἰῶνος</span> <span class='ocrx_word' id='word_1_716' title='bbox 2425 4937 2615 4992; x_wconf 88' lang='grc' dir='ltr'>τούτου</span> <span class='ocrx_word' id='word_1_717' title='bbox 2639 4933 3182 5006; x_wconf 82' lang='grc' dir='ltr'>ἀντικαθιστάμενοι,</span> <span class='ocrx_word' id='word_1_718' title='bbox 3214 4933 3374 5004; x_wconf 85' lang='grc' dir='ltr'>χάριν</span> <span class='ocrx_word' id='word_1_719' title='bbox 3399 4929 3459 4983; x_wconf 79' lang='grc' dir='ltr'><strong>εὖ</strong></span> <span class='ocrx_word' id='word_1_720' title='bbox 3469 4945 3678 5000; x_wconf 76' lang='grc' dir='ltr'>ροιμεν,</span> 
     </span>
    </p>
   </div>
   <div class='ocr_carea' id='block_1_99' title="bbox 2095 5016 3681 5103">
    <p class='ocr_par' dir='ltr' id='par_1_99' title="bbox 2095 5016 3681 5103">
     <span class='ocr_line' id='line_1_99' title="bbox 2095 5016 3681 5103; baseline -0.017 -6"><span class='ocrx_word' id='word_1_721' title='bbox 2095 5031 2172 5096; x_wconf 84' lang='grc' dir='ltr'><strong>ὡς</strong></span> <span class='ocrx_word' id='word_1_722' title='bbox 2199 5031 2268 5085; x_wconf 80' lang='grc' dir='ltr'>τὰ</span> <span class='ocrx_word' id='word_1_723' title='bbox 2293 5030 2413 5103; x_wconf 77' lang='grc' dir='ltr'>ιερὰ</span> <span class='ocrx_word' id='word_1_724' title='bbox 2441 5047 2575 5102; x_wconf 85' lang='grc' dir='ltr'>φησι</span> <span class='ocrx_word' id='word_1_725' title='bbox 2615 5031 2807 5098; x_wconf 83' lang='grc' dir='ltr'>Δόγια,</span> <span class='ocrx_word' id='word_1_726' title='bbox 2833 5031 2914 5092; x_wconf 84' lang='grc' dir='ltr'>εἰς</span> <span class='ocrx_word' id='word_1_727' title='bbox 2947 5016 3206 5097; x_wconf 76' lang='grc' dir='ltr'>εὔκαιρον</span> <span class='ocrx_word' id='word_1_728' title='bbox 3233 5024 3514 5096; x_wconf 82' lang='grc' dir='ltr'>βοήθειαν.</span> <span class='ocrx_word' id='word_1_729' title='bbox 3543 5016 3681 5073; x_wconf 79' lang='grc' dir='ltr'>Τούο</span> 
     </span>
    </p>
   </div>
   <div class='ocr_carea' id='block_1_100' title="bbox 419 5109 1971 5195">
    <p class='ocr_par' dir='ltr' id='par_1_100' title="bbox 419 5123 1963 5195">
     <span class='ocr_line' id='line_1_100' title="bbox 419 5123 1963 5195; baseline -0.001 -15"><span class='ocrx_word' id='word_1_730' title='bbox 419 5141 483 5180; x_wconf 89' lang='lat' dir='ltr'><strong>ac</strong></span> <span class='ocrx_word' id='word_1_731' title='bbox 512 5125 820 5195; x_wconf 70' lang='lat' dir='ltr'><strong>purissima:</strong></span> <span class='ocrx_word' id='word_1_732' title='bbox 873 5125 1084 5192; x_wconf 80' lang='lat' dir='ltr'><strong>Matris,</strong></span> <span class='ocrx_word' id='word_1_733' title='bbox 1111 5127 1352 5194; x_wconf 89' lang='lat' dir='ltr'><strong>pericula</strong></span> <span class='ocrx_word' id='word_1_734' title='bbox 1387 5124 1595 5190; x_wconf 88' lang='lat' dir='ltr'><strong>subire,</strong></span> <span class='ocrx_word' id='word_1_735' title='bbox 1631 5134 1691 5179; x_wconf 91' lang='lat' dir='ltr'><strong>ut</strong></span> <span class='ocrx_word' id='word_1_736' title='bbox 1731 5123 1963 5182; x_wconf 81' lang='lat' dir='ltr'><strong>adversu</strong></span> 
     </span>
    </p>
   </div>
   <div class='ocr_carea' id='block_1_101' title="bbox 2080 5109 3679 5195">
    <p class='ocr_par' dir='ltr' id='par_1_101' title="bbox 2095 5109 3679 5191">
     <span class='ocr_line' id='line_1_101' title="bbox 2095 5109 3679 5191; baseline -0.013 -10"><span class='ocrx_word' id='word_1_737' title='bbox 2095 5142 2209 5189; x_wconf 89' lang='grc' dir='ltr'>τοις</span> <span class='ocrx_word' id='word_1_738' title='bbox 2232 5125 2326 5178; x_wconf 73' lang='grc' dir='ltr'><strong>καὶ</strong></span> <span class='ocrx_word' id='word_1_739' title='bbox 2373 5122 2637 5186; x_wconf 84' lang='grc' dir='ltr'>τοιούτοις</span> <span class='ocrx_word' id='word_1_740' title='bbox 2663 5120 2847 5185; x_wconf 77' lang='grc' dir='ltr'>ἄλλοις</span> <span class='ocrx_word' id='word_1_741' title='bbox 2880 5119 3098 5191; x_wconf 86' lang='grc' dir='ltr'>μυρίοις</span> <span class='ocrx_word' id='word_1_742' title='bbox 3151 5116 3355 5185; x_wconf 84' lang='grc' dir='ltr'>λογίοις</span> <span class='ocrx_word' id='word_1_743' title='bbox 3383 5115 3513 5175; x_wconf 76' lang='grc' dir='ltr'>τοὺς</span> <span class='ocrx_word' id='word_1_744' title='bbox 3544 5109 3679 5177; x_wconf 79' lang='grc' dir='ltr'>ὑπὲρ</span> 
     </span>
    </p>
   </div>
   <div class='ocr_carea' id='block_1_102' title="bbox 419 5219 1996 5290">
    <p class='ocr_par' dir='ltr' id='par_1_102' title="bbox 419 5219 1996 5290">
     <span class='ocr_line' id='line_1_102' title="bbox 419 5219 1996 5290; baseline 0 -18"><span class='ocrx_word' id='word_1_745' title='bbox 419 5219 819 5275; x_wconf 86' lang='lat' dir='ltr'><strong>moderatorem</strong></span> <span class='ocrx_word' id='word_1_746' title='bbox 853 5220 1038 5274; x_wconf 67' lang='lat' dir='ltr'><strong>saseuli</strong></span> <span class='ocrx_word' id='word_1_747' title='bbox 1072 5219 1234 5290; x_wconf 89' lang='lat' dir='ltr'><strong>hujus</strong></span> <span class='ocrx_word' id='word_1_748' title='bbox 1268 5234 1442 5288; x_wconf 86' lang='lat' dir='ltr'><strong>usque</strong></span> <span class='ocrx_word' id='word_1_749' title='bbox 1465 5219 1531 5273; x_wconf 90' lang='lat' dir='ltr'><strong>ad</strong></span> <span class='ocrx_word' id='word_1_750' title='bbox 1550 5219 1873 5288; x_wconf 79' lang='lat' dir='ltr'><strong>sanguinem</strong></span> <span class='ocrx_word' id='word_1_751' title='bbox 1901 5219 1996 5272; x_wconf 88' lang='lat' dir='ltr'><strong>de-</strong></span> 
     </span>
    </p>
   </div>
   <div class='ocr_carea' id='block_1_103' title="bbox 346 5310 1993 5382">
    <p class='ocr_par' dir='ltr' id='par_1_103' title="bbox 346 5310 1993 5382">
     <span class='ocr_line' id='line_1_103' title="bbox 346 5310 1993 5382; baseline 0 -18"><span class='ocrx_word' id='word_1_752' title='bbox 346 5314 351 5321; x_wconf 90' lang='lat'>&#39;</span> <span class='ocrx_word' id='word_1_753' title='bbox 419 5319 718 5374; x_wconf 89' lang='lat' dir='ltr'><strong>certantes,</strong></span> <span class='ocrx_word' id='word_1_754' title='bbox 753 5313 982 5380; x_wconf 85' lang='lat' dir='ltr'><strong>gratiam</strong></span> <span class='ocrx_word' id='word_1_755' title='bbox 1020 5310 1272 5365; x_wconf 88' lang='lat' dir='ltr'><strong>invenire</strong></span> <span class='ocrx_word' id='word_1_756' title='bbox 1306 5310 1603 5382; x_wconf 90' lang='lat' dir='ltr'><strong>possimus,</strong></span> <span class='ocrx_word' id='word_1_757' title='bbox 1639 5312 1993 5382; x_wconf 87' lang='lat' dir='ltr'><strong>quemadmo-</strong></span> 
     </span>
    </p>
   </div>
   <div class='ocr_carea' id='block_1_104' title="bbox 418 5401 1993 5473">
    <p class='ocr_par' dir='ltr' id='par_1_104' title="bbox 418 5401 1993 5473">
     <span class='ocr_line' id='line_1_104' title="bbox 418 5401 1993 5473; baseline 0 -17"><span class='ocrx_word' id='word_1_758' title='bbox 418 5401 550 5456; x_wconf 90' lang='lat' dir='ltr'><strong>dum</strong></span> <span class='ocrx_word' id='word_1_759' title='bbox 573 5417 726 5458; x_wconf 87' lang='lat' dir='ltr'><strong>saera</strong></span> <span class='ocrx_word' id='word_1_760' title='bbox 757 5403 1056 5472; x_wconf 82' lang='lat' dir='ltr'><strong>loquuntur</strong></span> <span class='ocrx_word' id='word_1_761' title='bbox 1078 5403 1323 5471; x_wconf 86' lang='lat' dir='ltr'><strong>oracula,</strong></span> <span class='ocrx_word' id='word_1_762' title='bbox 1360 5403 1413 5458; x_wconf 94' lang='lat' dir='ltr'><strong>in</strong></span> <span class='ocrx_word' id='word_1_763' title='bbox 1464 5403 1730 5460; x_wconf 79' lang='lat' dir='ltr'><strong>auxilium</strong></span> <span class='ocrx_word' id='word_1_764' title='bbox 1792 5417 1993 5473; x_wconf 73' lang='lat' dir='ltr'><strong>opnor-</strong></span> 
     </span>
    </p>
   </div>
   <div class='ocr_carea' id='block_1_105' title="bbox 419 5495 1992 5570">
    <p class='ocr_par' dir='ltr' id='par_1_105' title="bbox 419 5495 1992 5570">
     <span class='ocr_line' id='line_1_105' title="bbox 419 5495 1992 5570; baseline -0.001 -19"><span class='ocrx_word' id='word_1_765' title='bbox 419 5504 636 5554; x_wconf 85' lang='lat' dir='ltr'><strong>tuuunt.</strong></span> <span class='ocrx_word' id='word_1_766' title='bbox 670 5495 767 5554; x_wconf 82' lang='lat' dir='ltr'><strong>His</strong></span> <span class='ocrx_word' id='word_1_767' title='bbox 808 5496 1042 5570; x_wconf 74' lang='lat' dir='ltr'><strong>aliisque</strong></span> <span class='ocrx_word' id='word_1_768' title='bbox 1083 5497 1396 5568; x_wconf 88' lang='lat' dir='ltr'><strong>hujusmodi</strong></span> <span class='ocrx_word' id='word_1_769' title='bbox 1425 5497 1615 5554; x_wconf 88' lang='lat' dir='ltr'><strong>multis</strong></span> <span class='ocrx_word' id='word_1_770' title='bbox 1639 5497 1992 5554; x_wconf 82' lang='lat' dir='ltr'><strong>sermonibus</strong></span> 
     </span>
    </p>
   </div>
   <div class='ocr_carea' id='block_1_106' title="bbox 501 5645 1478 5722">
    <p class='ocr_par' dir='ltr' id='par_1_106' title="bbox 501 5645 1478 5722">
     <span class='ocr_line' id='line_1_106' title="bbox 501 5645 1478 5722; baseline -0.002 -12"><span class='ocrx_word' id='word_1_771' title='bbox 501 5645 523 5680; x_wconf 87' lang='grc'>³</span> <span class='ocrx_word' id='word_1_772' title='bbox 555 5657 722 5714; x_wconf 70' lang='lat' dir='ltr'><strong>Hebr.</strong></span> <span class='ocrx_word' id='word_1_773' title='bbox 752 5654 940 5722; x_wconf 61' lang='lat'><strong>&quot;.46.</strong></span> <span class='ocrx_word' id='word_1_774' title='bbox 1005 5653 1068 5710; x_wconf 76' lang='grc' dir='ltr'><strong>ιι</strong></span> <span class='ocrx_word' id='word_1_775' title='bbox 1111 5653 1254 5711; x_wconf 85' lang='lat' dir='ltr'><strong>Petr.</strong></span> <span class='ocrx_word' id='word_1_776' title='bbox 1291 5671 1352 5722; x_wconf 88' lang='lat' dir='ltr'><strong>tl,</strong></span> <span class='ocrx_word' id='word_1_777' title='bbox 1389 5655 1478 5710; x_wconf 82' lang='lat' dir='ltr'><strong>l9.</strong></span> 
     </span>
    </p>
   </div>
   <div class='ocr_carea' id='block_1_107' title="bbox 2092 5199 3677 5289">
    <p class='ocr_par' dir='ltr' id='par_1_107' title="bbox 2092 5199 3677 5289">
     <span class='ocr_line' id='line_1_107' title="bbox 2092 5199 3677 5289; baseline -0.012 -18"><span class='ocrx_word' id='word_1_778' title='bbox 2092 5216 2328 5289; x_wconf 87' lang='grc' dir='ltr'>Χριστοῦ</span> <span class='ocrx_word' id='word_1_779' title='bbox 2346 5213 2836 5286; x_wconf 74' lang='grc' dir='ltr'>ἐγκεκλεισμένους</span> <span class='ocrx_word' id='word_1_780' title='bbox 2862 5211 3162 5284; x_wconf 73' lang='grc' dir='ltr'>ὑπήλειςρε,</span> <span class='ocrx_word' id='word_1_781' title='bbox 3196 5207 3265 5262; x_wconf 85' lang='grc' dir='ltr'>δι’</span> <span class='ocrx_word' id='word_1_782' title='bbox 3283 5207 3380 5269; x_wconf 85' lang='grc' dir='ltr'><strong>οὓς</strong></span> <span class='ocrx_word' id='word_1_783' title='bbox 3413 5205 3556 5276; x_wconf 78' lang='grc' dir='ltr'>τάχα</span> <span class='ocrx_word' id='word_1_784' title='bbox 3584 5199 3677 5254; x_wconf 75' lang='grc' dir='ltr'>καὶ</span> 
     </span>
    </p>
   </div>
   <div class='ocr_carea' id='block_1_108' title="bbox 2095 5293 3677 5380">
    <p class='ocr_par' dir='ltr' id='par_1_108' title="bbox 2095 5293 3677 5380">
     <span class='ocr_line' id='line_1_108' title="bbox 2095 5293 3677 5380; baseline -0.011 -17"><span class='ocrx_word' id='word_1_785' title='bbox 2095 5309 2231 5380; x_wconf 77' lang='grc' dir='ltr'>πρὸς</span> <span class='ocrx_word' id='word_1_786' title='bbox 2261 5309 2425 5378; x_wconf 80' lang='grc' dir='ltr'>ἀλλην</span> <span class='ocrx_word' id='word_1_787' title='bbox 2462 5306 2832 5376; x_wconf 87' lang='grc' dir='ltr'>στελλόμενος,</span> <span class='ocrx_word' id='word_1_788' title='bbox 2862 5303 2962 5375; x_wconf 81' lang='grc' dir='ltr'>τὴν</span> <span class='ocrx_word' id='word_1_789' title='bbox 2986 5301 3083 5372; x_wconf 69' lang='grc' dir='ltr'>ἐπὶ</span> <span class='ocrx_word' id='word_1_790' title='bbox 3131 5301 3359 5373; x_wconf 79' lang='grc' dir='ltr'>Κρήτην</span> <span class='ocrx_word' id='word_1_791' title='bbox 3399 5293 3535 5350; x_wconf 81' lang='grc' dir='ltr'>Θεοῦ</span> <span class='ocrx_word' id='word_1_792' title='bbox 3585 5294 3677 5364; x_wconf 68' lang='lat' dir='ltr'><strong>dp-</strong></span> 
     </span>
    </p>
   </div>
   <div class='ocr_carea' id='block_1_109' title="bbox 2103 5388 3683 5476">
    <p class='ocr_par' dir='ltr' id='par_1_109' title="bbox 2103 5388 3683 5476">
     <span class='ocr_line' id='line_1_109' title="bbox 2103 5388 3683 5476; baseline -0.016 -16"><span class='ocrx_word' id='word_1_793' title='bbox 2103 5403 2248 5476; x_wconf 70' lang='grc' dir='ltr'>ρήτῳ</span> <span class='ocrx_word' id='word_1_794' title='bbox 2277 5403 2421 5473; x_wconf 80' lang='grc' dir='ltr'>λόγῳ</span> <span class='ocrx_word' id='word_1_795' title='bbox 2451 5399 2771 5465; x_wconf 74' lang='grc' dir='ltr'>κατέλαϐεν,</span> <span class='ocrx_word' id='word_1_796' title='bbox 2796 5398 2887 5453; x_wconf 74' lang='grc' dir='ltr'>ἵνα</span> <span class='ocrx_word' id='word_1_797' title='bbox 2917 5395 3014 5451; x_wconf 73' lang='grc' dir='ltr'>καὶ</span> <span class='ocrx_word' id='word_1_798' title='bbox 3043 5396 3206 5468; x_wconf 79' lang='grc' dir='ltr'>νῆσος</span> <span class='ocrx_word' id='word_1_799' title='bbox 3233 5394 3388 5447; x_wconf 79' lang='grc' dir='ltr'>πᾶσα</span> <span class='ocrx_word' id='word_1_800' title='bbox 3410 5391 3509 5445; x_wconf 79' lang='grc' dir='ltr'><strong>καὶ</strong></span> <span class='ocrx_word' id='word_1_801' title='bbox 3535 5388 3683 5458; x_wconf 81' lang='grc' dir='ltr'>ήπει-</span> 
     </span>
    </p>
   </div>
   <div class='ocr_carea' id='block_1_110' title="bbox 2102 5479 3682 5566">
    <p class='ocr_par' dir='ltr' id='par_1_110' title="bbox 2102 5479 3682 5566">
     <span class='ocr_line' id='line_1_110' title="bbox 2102 5479 3682 5566; baseline -0.015 -17"><span class='ocrx_word' id='word_1_802' title='bbox 2102 5511 2194 5566; x_wconf 86' lang='grc' dir='ltr'><strong>ρος</strong></span> <span class='ocrx_word' id='word_1_803' title='bbox 2215 5494 2307 5549; x_wconf 83' lang='grc' dir='ltr'><strong>τὸν</strong></span> <span class='ocrx_word' id='word_1_804' title='bbox 2336 5495 2452 5566; x_wconf 84' lang='grc' dir='ltr'>βίον</span> <span class='ocrx_word' id='word_1_805' title='bbox 2481 5492 2638 5565; x_wconf 82' lang='grc' dir='ltr'>γνοίη</span> <span class='ocrx_word' id='word_1_806' title='bbox 2667 5491 2760 5546; x_wconf 85' lang='grc' dir='ltr'><strong>τοῦ</strong></span> <span class='ocrx_word' id='word_1_807' title='bbox 2811 5491 3086 5563; x_wconf 77' lang='grc' dir='ltr'>μάκαρος,</span> <span class='ocrx_word' id='word_1_808' title='bbox 3117 5487 3213 5542; x_wconf 66' lang='grc' dir='ltr'><strong>καὶ</strong></span> <span class='ocrx_word' id='word_1_809' title='bbox 3259 5484 3404 5558; x_wconf 70' lang='grc' dir='ltr'>μετὰ.</span> <span class='ocrx_word' id='word_1_810' title='bbox 3439 5480 3536 5536; x_wconf 87' lang='grc' dir='ltr'><strong>τοῦ</strong></span> <span class='ocrx_word' id='word_1_811' title='bbox 3568 5479 3682 5550; x_wconf 81' lang='grc' dir='ltr'>βίον</span> 
     </span>
    </p>
   </div>
   <div class='ocr_carea' id='block_1_111' title="bbox 435 5797 3676 5880">
    <p class='ocr_par' dir='ltr' id='par_1_111' title="bbox 435 5797 3676 5880">
     <span class='ocr_line' id='line_1_111' title="bbox 435 5797 3676 5880; baseline -0.005 -13"><span class='ocrx_word' id='word_1_812' title='bbox 435 5825 620 5870; x_wconf 80' lang='lat' dir='ltr'><strong>cavere</strong></span> <span class='ocrx_word' id='word_1_813' title='bbox 669 5810 911 5867; x_wconf 83' lang='lat' dir='ltr'><strong>Floritus</strong></span> <span class='ocrx_word' id='word_1_814' title='bbox 962 5807 1656 5880; x_wconf 80' lang='lat' dir='ltr'><strong>nesciverat,Gregorium</strong></span> <span class='ocrx_word' id='word_1_815' title='bbox 1689 5807 1754 5861; x_wconf 90' lang='grc' dir='ltr'>ιιι</span> <span class='ocrx_word' id='word_1_816' title='bbox 1804 5806 1889 5862; x_wconf 87' lang='lat' dir='ltr'><strong>hic</strong></span> <span class='ocrx_word' id='word_1_817' title='bbox 1961 5804 2209 5878; x_wconf 84' lang='lat' dir='ltr'><strong>intelligit</strong></span> <span class='ocrx_word' id='word_1_818' title='bbox 2250 5815 2378 5863; x_wconf 88' lang='lat' dir='ltr'><strong>:ast</strong></span> <span class='ocrx_word' id='word_1_819' title='bbox 2437 5803 2616 5863; x_wconf 88' lang='lat' dir='ltr'><strong>Leone</strong></span> <span class='ocrx_word' id='word_1_820' title='bbox 2666 5803 2907 5860; x_wconf 75' lang='lat' dir='ltr'><strong>Aruleno</strong></span> <span class='ocrx_word' id='word_1_821' title='bbox 2953 5809 3309 5874; x_wconf 83' lang='lat' dir='ltr'><strong>persequente</strong></span> <span class='ocrx_word' id='word_1_822' title='bbox 3369 5797 3676 5859; x_wconf 61' lang='lat' dir='ltr'><strong>Ecclesium.</strong></span> 
     </span>
    </p>
   </div>
   <div class='ocr_carea' id='block_1_112' title="bbox 434 5879 1303 5954">
    <p class='ocr_par' dir='ltr' id='par_1_112' title="bbox 434 5879 1303 5954">
     <span class='ocr_line' id='line_1_112' title="bbox 434 5879 1303 5954; baseline -0.009 -12"><span class='ocrx_word' id='word_1_823' title='bbox 434 5883 609 5942; x_wconf 85' lang='lat' dir='ltr'><strong>eidem</strong></span> <span class='ocrx_word' id='word_1_824' title='bbox 638 5881 961 5954; x_wconf 69' lang='lat' dir='ltr'><strong>praesidebat</strong></span> <span class='ocrx_word' id='word_1_825' title='bbox 991 5879 1050 5936; x_wconf 89' lang='lat' dir='ltr'><strong>S.</strong></span> <span class='ocrx_word' id='word_1_826' title='bbox 1077 5879 1187 5938; x_wconf 79' lang='lat' dir='ltr'><strong>Leo</strong></span> <span class='ocrx_word' id='word_1_827' title='bbox 1213 5881 1303 5937; x_wconf 93' lang='grc' dir='ltr'>ιιι.</span> 
     </span>
    </p>
   </div>
  </div>
