3978 6588
210 394 325 488 951
363 419 375 427 '

1760 415 1932 476 VITA
1944 452 1957 465 -

3363 421 3470 483 953

213 536 309 590 καὶ
361 533 424 587 τὸ
483 525 819 598 ὑπερϐάλλον
865 523 965 592 τῆς
1000 523 1285 591 γνώσεως·
1333 525 1362 578 δ
1415 522 1511 579 καὶ
1567 524 1785 594 γέγονε,

1909 542 1986 583 P08
2018 528 2112 599 qui
2149 543 2253 598 pro
2296 528 2514 584 Christo
2542 529 2595 583 in
2626 543 2846 585 carcere
2884 530 3082 601 captivi
3118 530 3490 594 tenebantur,’

214 624 535 695 Πνεύματος
562 620 717 687 ἁγίου
752 616 900 687 αὑτῷ
932 616 1288 681 οἰακίζοντος.

1884 620 2293 700 alloquebatur,
2316 635 2549 688 quorum
2582 635 2749 675 causa
2775 621 3184 689 quamprimum
3208 624 3273 674 ad
3295 622 3458 674 aliam

215 736 438 794 quoque
469 720 658 774 urbem
687 716 861 779 (Στειέ
893 715 1117 779 missus,
1164 714 1422 771 incﬂ‘abili
1470 714 1563 770 Del
1618 716 1783 770 verbo
1822 715 1954 770 illutl
1987 724 2273 771 assecutus
2305 728 2413 782 est,
2440 726 2498 772 ut
2538 718 2712 772 insula
2740 716 2829 770 illa
2884 726 2993 770 tota
3024 733 3146 771 cum
3170 709 3470 771 conti’ncuti

216 820 363 873 beati
393 815 557 883 hujus
597 810 764 863 vitam
827 818 988 875 atque
1013 802 1500 863 entinentissimam
1531 807 1791 863 virtutem
1831 808 1975 864 illius
2031 824 2095 864 ac
2124 809 2410 863 scientiam
2464 808 2967 880 agnosceret.Quod
3000 808 3202 864 factum
3226 807 3475 877 est,Spi-

218 909 328 964 ritu
350 914 542 962 sancto
563 902 715 957 illum
744 897 999 968 dirigenti
1029 906 1083 953 et
1112 899 1470 968 gubernante.

291 1003 379 1061 ιθ’.
411 1002 583 1056 Ἔνθα
631 999 725 1054 καί
757 1015 880 1051 τινα
924 997 1004 1068 τῷ
1032 1000 1127 1068 τῆς
1156 998 1464 1070 ἐπισκοπῆς
1489 999 1793 1071 τετιμημέ..

214 1117 310 1155 νον
336 1093 529 1169 βαθμῷ
555 1089 875 1147 καταλαϐὼν
904 1090 964 1142 ὲν
999 1090 1231 1159 φρουρᾷ,
1255 1088 1349 1143 καί
1377 1107 1429 1143 τι
1464 1091 1561 1143 καὶ
1582 1088 1795 1161 ἀνθρώ-

216 1206 377 1243 πινον
408 1185 709 1255 πάσχοντα,
739 1180 835 1235 καὶ
880 1179 1159 1250 λογισμοῖς
1188 1178 1615 1250 ἀλλεπαλλήλοις
1659 1179 1792 1249 βαλ-

214 1282 467 1352 λόμενον,
501 1276 596 1330 καὶ
632 1270 832 1345 μικροῦ
855 1271 966 1325 δεῖν
1015 1270 1396 1325 κινδυνεύοντα
1423 1272 1568 1327 νῶτα
1607 1272 1789 1327 δοῦναι

216 1376 337 1435 τοῖς
373 1368 593 1441 μισοῦσι
619 1366 751 1419 Θεὸν
789 1362 886 1417 καὶ
914 1361 1014 1435 τὴν
1043 1361 1207 1415 αὑτοῦ
1234 1362 1417 1415 εἰκόνα
1450 1362 1784 1433 ὑϐρίζουσιν.

217 1460 593 1530 ἀναλαμϐάνει
622 1459 737 1519 τοῖς
779 1455 979 1524 λόγοις,
1028 1453 1381 1523 ὑποστηρίζει
1440 1455 1553 1517 rei;
1610 1471 1791 1525 παρα-

216 1556 499 1625 δείγμασι,
522 1551 619 1606 καὶ
644 1546 1155 1618 ὑπεραποθνήσκειν
1180 1547 1400 1614 ἕτοιμον
1420 1547 1795 1614 ἀπειργάζετο

217 1643 458 1716 Χριστοῦ
484 1642 583 1711 τῆς
609 1641 816 1703 εἰκόνος
841 1636 1006 1692 αὐτοῦ
1032 1652 1045 1666 ·
1098 1636 1207 1692 κᾶν
1256 1638 1284 1689 ό
1335 1636 1395 1688 τὸ
1427 1636 1650 1700 ἀσθενὲς
1694 1636 1794 1704 τῆς

218 1736 387 1791 αὐτοῦ
416 1733 592 1804 ψυχῆς
624 1730 1009 1799 ἐπιστάμενος,
1038 1728 1138 1782 οὐκ
1174 1728 1356 1782 εἴασεν
1389 1728 1552 1782 αὑτὸν
1594 1745 1793 1799 πειρα-

220 1828 417 1897 σθῆναι
477 1825 615 1891 ὑπερ
646 1824 746 1894 τὴν
796 1822 1049 1891 δύναμιν.
1096 1819 1255 1875 Μετὰ
1289 1820 1487 1892 μικρὸν
1513 1821 1620 1891 γὰρ
1657 1821 1796 1891 πρὸς

219 1920 289 1975 τά
320 1917 533 1972 ἐκεῖθεν
567 1913 1065 1987 μεταστειλάμενος
1091 1914 1121 1967 ὁ
1148 1911 1288 1974 θεῖος
1334 1911 1557 1981 Ἰωσὴφ,
1591 1912 1670 1977 τῷ
1698 1912 1796 1981 μὲν
1830 1899 1868 1954 Β

220 2011 508 2079 ἐπισκόπῳ
538 2005 758 2077 τοιαύτη
789 2020 874 2068 τις
898 2005 1116 2072 ἄγκυρα
1153 2002 1330 2073 καιρῷ
1353 2003 1621 2073 χειμῶνος
1663 2004 1793 2057 ἀλλ-

221 2101 543 2170 επαλλήλων
594 2097 868 2167 λογισμῶν
944 2093 1310 2148 κινδυνεύοντι
1371 2094 1752 2148 ἀναδείκνυται
1776 2108 1791 2123 '

221 2194 396 2263 ἑτέρῳ
422 2192 478 2244 δὲ
514 2187 721 2261 ἰδιώτῃ,
771 2186 867 2240 καὶ
910 2183 1004 2239 διά
1051 2181 1115 2237 τδ
1147 2182 1223 2253 μὴ
1260 2181 1451 2252 φέρειν
1472 2182 1567 2245 τάς
1597 2183 1663 2235 ὲκ
1693 2179 1790 2235 τοῦ

220 2286 457 2353 πάσχειν
478 2282 633 2343 ἀνίας
666 2276 980 2347 συνθεμένῳ
1008 2275 1070 2329 τὸ
1102 2276 1214 2329 πᾶν
1242 2274 1344 2345 τῆς
1368 2275 1610 2347 ἀρρήτου
1649 2274 1796 2328 οίκο-

220 2376 417 2445 νομίας
456 2370 747 2426 διαπτύσαι
774 2370 1093 2440 μυστήριον,
1128 2366 1221 2432 ζετι
1270 2382 1330 2419 τε
1366 2366 1465 2436 τὴν
1516 2365 1796 2436 θεόσωμον

221 2469 411 2524 εἰκόνα
440 2463 830 2534 καταπατῆσαι
858 2458 1123 2531 Χριστοῦ,
1152 2458 1349 2529 ἀθρόον
1375 2456 1711 2529 περιτυχὼν,
1735 2458 1795 2512 τί

225 2565 328 2633 μὲν
354 2564 453 2615 οὐκ
476 2555 595 2613 εἷπε
627 2558 735 2611 τῶν
766 2554 1057 2627 μαλάττειν
1086 2553 1303 2607 εἰδότων
1330 2553 1424 2605 καὶ
1452 2551 1664 2616 λιθίνας
1690 2553 1795 2623 ψυ-

222 2656 363 2727 χάςς
392 2657 522 2708 ποῖα
553 2652 610 2706 δὲ
638 2650 850 2719 δάκρυα
880 2648 980 2701 οὐκ
1007 2648 1188 2718 ἀφῆκε
1211 2647 1318 2700 τῶν
1339 2646 1672 2717 ὁφθαλμῶν;
1698 2645 1798 2701 τὰς

223 2751 415 2819 χεῖρας
475 2741 981 2811 κατασπαζόμενος,
1044 2739 1136 2792 καὶ
1195 2738 1346 2809 χείλη
1398 2738 1476 2808 τῷ
1537 2738 1799 2809 τραχήλῳ

226 2840 580 2912 προσάπτων,
602 2837 690 2891 ἵνα
720 2832 1057 2904 μετακινήσῃ
1090 2829 1279 2884 τοῦτον
1302 2831 1409 2883 τῶν
1433 2830 1802 2900 δεδογμένων,

224 2932 325 2987 καὶ
368 2930 530 3001 πείσῃ
569 2928 658 2982 διὰ
707 2923 944 2997 Χριστὸν
976 2920 1239 2994 προέσθαι
1270 2922 1364 2975 καὶ⁸
1416 2921 1515 2992 τὴν
1567 2921 1749 2992 ζωήν·
1779 2920 1809 2974 δ

222 3026 290 3097 δὴ
319 3025 417 3079 καὶ
450 3021 725 3083 τετέλεκε,
750 3019 846 3073 καὶ
875 3016 1046 3080 ὅπως,
1092 3013 1204 3083 ἐγὼ
1230 3014 1587 3085 διηγήσομαι.

1971 993 2060 1047 19.
2096 993 2301 1047 Ibidem
2348 994 2510 1048 etiam
2548 995 2835 1063 quemdam
2888 994 3093 1049 invenit
3147 995 3199 1049 in
3231 1011 3475 1054 carcere.

1896 1085 2189 1155 episcopali
2222 1085 2484 1154 dignitate
2524 1086 2861 1156 insignitum,
2891 1086 2983 1155 qui
3040 1102 3165 1140 cum
3223 1096 3280 1140 ut
3311 1088 3476 1140 homo

1900 1176 2141 1242 huutand
2170 1190 2320 1230 more
2348 1185 2645 1245 pateretur,
2672 1190 2726 1231 et
2763 1178 2987 1231 alternis
3021 1178 3298 1246 variisque
3320 1179 3441 1246 cogi
3460 1208 3473 1213 --

1895 1268 2192 1324 tationibus
2206 1267 2527 1337 iactaretur,
2547 1283 2737 1338 parum
2754 1271 2938 1322 aberat
2959 1284 2987 1321 a
3010 1268 3323 1323 discrimine
3340 1269 3476 1322 dan-

1893 1361 1945 1416 di
1971 1370 2117 1430 terga
2143 1360 2377 1415 inimicis
2413 1360 2525 1423 Dei,
2549 1360 2639 1429 qui
2670 1375 2878 1414 sacram
2911 1360 3054 1413 illius
3082 1358 3367 1431 imaginem
3387 1375 3473 1413 as-

1900 1455 2288 1524 pernabantur.
2340 1452 2497 1507 Hunc
2538 1451 2737 1521 Joseph
2791 1452 3189 1507 hortationibus
3248 1452 3360 1507 suis
3405 1449 3474 1505 ad

1901 1546 2045 1599 viam
2103 1545 2349 1600 veritatis
2406 1545 2641 1609 reduxit,
2697 1543 2959 1612 exemplis
3012 1545 3374 1607 continuavit,
3420 1551 3475 1596 et

1901 1639 1974 1692 ita
2028 1638 2334 1706 disposuit,
2396 1646 2455 1691 ut
2506 1651 2603 1706 pro
2663 1636 2883 1691 Christo
2928 1635 3157 1705 ejusque
3238 1633 3474 1702 imagine

1900 1728 2066 1781 vitam
2086 1742 2211 1781 cum
2235 1731 2492 1794 sanguine
2516 1727 2841 1796 profundere
2871 1737 3091 1795 paratus
3110 1736 3271 1780 esset.
3293 1722 3476 1790 Quan-

1902 1834 2066 1888 quam
2112 1820 2220 1886 ille,
2253 1820 2345 1888 qui
2377 1820 2542 1872 animi
2584 1820 2731 1873 illius
2774 1818 3142 1872 inﬁrmitatem
3186 1832 3292 1869 non
3325 1815 3478 1887 igno-

1902 1914 2076 1979 rabat,
2132 1928 2239 1966 non
2309 1913 2558 1982 permisit
2615 1913 2766 1965 illum
2829 1927 2991 1980 supra
3059 1910 3204 1964 vires
3254 1900 3497 1972 tentari,»

1903 2004 2028 2059 inde
2067 2003 2213 2057 enim
2251 2004 2358 2057 alio
2408 2006 2722 2073 deportatus
2760 2013 2860 2058 est.
2908 2001 3055 2057 Talis
3105 2002 3323 2071 quidem
3378 2016 3477 2054 an-

1901 2112 2030 2152 cora
2064 2096 2400 2151 fuitdivinus
2429 2096 2627 2165 Joseph
2666 2097 2919 2165 episcopo
2949 2095 3021 2149 illi
3052 2096 3191 2150 inter
3213 2094 3476 2148 ﬂuctuan-

1905 2197 1986 2243 tes
2026 2189 2291 2258 procellas
2334 2189 2664 2242 alteruarum
2695 2188 3084 2256 cogitationum
3126 2184 3472 2255 periclitanti.

1902 2282 2006 2336 Alii
2026 2296 2156 2336 vero
2192 2281 2373 2335 idiota:
2396 2297 2459 2336 ac
2509 2282 2740 2351 vulgari,
2778 2281 2870 2350 qui
2926 2280 3199 2334 tristitiam
3228 2296 3291 2333 ex
3326 2279 3474 2331 cala-

1906 2373 2094 2427 mitate
2118 2388 2217 2427 sua
2253 2381 2668 2437 consurgentem
2696 2372 2835 2425 ferre
2858 2387 2963 2424 non
2992 2382 3219 2440 poterat,
3263 2385 3325 2423 ac
3350 2384 3476 2437 pro-

1908 2475 2091 2535 pterea
2121 2458 2187 2519 de
2216 2465 2519 2534 respuenda
2549 2462 2838 2517 incll‘abilis
2867 2462 3113 2532 mysterii
3149 2461 3473 2523 oeconomia,
3550 2450 3579 2466 ”
3626 2444 3650 2451 Μ

1904 2566 1965 2612 ct
1986 2557 2165 2611 divina
2189 2556 2405 2611 Christi.
2422 2557 2659 2625 imagine
2711 2554 3089 2610 conculcanda
3106 2564 3296 2623 pactus
3327 2562 3475 2611 erat,

1905 2664 2029 2703 cum
2071 2650 2125 2703 in
2192 2650 2342 2702 illum
2390 2640 2607 2717 repente
2660 2648 2960 2709 incidisset,
3005 2647 3133 2716 quid
3184 2662 3290 2699 non
3342 2645 3480 2697 dixit

1904 2755 2114 2805 eorum,
2150 2755 2271 2809 qua:
2296 2739 2379 2793 vel
2414 2740 2654 2808 lapideos
2695 2739 2907 2793 animos
2937 2749 3160 2806 possent
3198 2733 3480 2788 emollire?

1903 2831 2106 2899 Quales
2129 2841 2309 2886 autem
2343 2833 2613 2902 lacrymas
2646 2832 2713 2884 ah
2737 2831 2911 2885 oculis
2936 2845 3041 2883 non
3063 2827 3279 2882 emisit?
3308 2824 3480 2878 maui-

1904 2924 2006 2979 bus
2035 2924 2186 2979 illum
2214 2924 2507 2979 submissis
2537 2923 2877 2992 amplcxans,
2910 2933 2962 2975 et
2987 2922 3175 2976 oscula
3202 2919 3341 2971 collo
3361 2918 3480 2984 ejus

1925 3017 2179 3086 inﬁgens,
2203 3017 2506 3072 conabatur
2539 3016 2787 3069 eumdem
2820 3031 2849 3067 a
2886 3014 3150 3068 sententia
3184 3013 3478 3074 dimovm'e,

224 3131 280 3176 et
305 3117 651 3191 persuadere.
709 3123 765 3168 ut
805 3120 1025 3182 propter
1071 3106 1354 3164 Christum
1408 3107 1579 3162 vitam
1621 3107 1792 3178 ipsam
1832 3108 2207 3179 profunderet.
2283 3107 2443 3175 Quod
2505 3122 2637 3162 sane
2703 3106 2960 3171 obtinuit,
3021 3103 3478 3175 quetnatlmotlum

226 3229 376 3273 nunc
412 3226 512 3282 ego
542 3205 808 3264 enarrabo

296 3317 367 3366 κ’.
404 3305 640 3377 Ἐσπὲρα
670 3301 770 3373 μὲν
792 3296 860 3373 ἦν
887 3301 977 3355 ὅτε
1006 3298 1084 3369 τῷ
1129 3294 1403 3367 ἀνθρώπῳ
1440 3294 1538 3358 τὰς
1582 3295 1799 3368 θαυμα-

1978 3293 2069 3349 20.
2091 3293 2328 3360 Tempus
2379 3299 2495 3346 erat
2542 3289 2936 3360 vespertinum,
2982 3302 3105 3341 cum
3148 3287 3482 3345 admirandis

229 3408 354 3467 σίας
381 3399 734 3473 παραινέσεις
772 3396 832 3449 ιν
862 3396 932 3465 τῇ
991 3390 1193 3463 καρδίᾳ
1242 3388 1538 3460 παρέθετο,
1580 3388 1699 3458 ἅμα
1745 3388 1804 3442 δὲ

225 3493 375 3567 πρωῒ
406 3494 603 3561 σπεῖρα
625 3484 936 3559 βαρϐαρικὴ
973 3483 1109 3553 πρὸς
1153 3482 1253 3552 τὴν
1286 3478 1531 3550 φρουρὰν
1560 3477 1807 3550 παραγέ-

226 3606 371 3660 γονε,
427 3581 764 3655 ρινολαδίδας
822 3574 1140 3646 ἐπαγομένη
1183 3574 1279 3628 καὶ
1326 3572 1645 3643 πιεστήρια,
1707 3571 1805 3625 καὶ

227 3678 489 3752 ἀνηρώτα
506 3678 598 3731 τὸν
617 3672 927 3744 ἄνθρωπον,
957 3667 1006 3721 εί
1046 3666 1123 3738 μὴ
1158 3666 1261 3736 τῆς
1293 3663 1521 3737 γνώμης
1570 3663 1804 3733 ὑφῆκεν,

229 3775 279 3828 εί
310 3771 387 3843 μὴ
413 3764 679 3839 ἠλλοιώθη
703 3761 844 3817 κατά
880 3776 956 3826 τι,
984 3757 1123 3813 ἀλλὰ
1140 3758 1253 3821 τοῖς
1287 3756 1392 3828 πρὸ
1444 3753 1643 3827 μικροῦ
1686 3772 1806 3826 κρι-

231 3866 404 3922 θεῖσιν
426 3860 627 3923 όλικῶς
654 3855 882 3928 ἐμμένει
907 3854 1005 3908 καὶ
1037 3851 1366 3922 ἀπαρνεῖται
1406 3848 1664 3921 Χριστόν.
1694 3849 1807 3902 Καὶ

230 3960 311 4022 ὃς.
341 3955 496 4010 οὐδὲν
530 3948 992 4019 ὑποστειλάμενος
1020 3943 1130 3998 οὐδ’
1160 3942 1446 4005 ὲνδυάσας,
1474 3940 1610 3995 ἀλλά
1650 3941 1806 4013 διαρσ

235 4046 407 4120 ῥήξας
459 4042 553 4096 τὸν
594 4039 796 4111 χιτῶνα
852 4036 947 4091 καὶ
999 4032 1334 4104 γυμνωθεὶς,
1386 4030 1647 4102 Ἔτοιμος
1694 4031 1805 4099 ἐγώ

232 4138 374 4207 εἰμι,
413 4133 618 4201 ἔλεγεν,
647 4129 695 4183 εἰ
721 4122 833 4181 οἷόν
856 4143 917 4179 τε
942 4124 1073 4196 ἀρα,
1108 4121 1369 4194 μυριάκις
1397 4123 1539 4193 ὑπὲρ
1569 4121 1665 4174 τοῦ
1703 4139 1802 4190 με-

233 4226 404 4296 γάλου
433 4220 565 4277 Θεοῦ
616 4219 711 4273 καὶ
753 4216 1003 4287 Σωτῆρος
1030 4213 1347 4268 ἀποθανεῖν.
1399 4211 1585 4266 Ταῦτα
1634 4210 1804 4265 είπὼν

234 4318 331 4374 καὶ
364 4311 577 4387 μηδέ[ν]
606 4329 659 4365 τι
692 4310 849 4363 πλέον
877 4307 1155 4379 προσθεὶς,
1178 4305 1339 4375 χερσὶ
1369 4305 1578 4375 δημίων
1609 4305 1805 4359 ἑαυτὸν

233 4408 453 4466 είσωθεί
481 4422 497 4436 ο
526 4408 556 4459 ό
589 4403 645 4457 δὲ
677 4402 840 4473 (οὕτω
871 4398 1182 4472 προσταγὲν
1217 4396 1321 4450 ὑπὸ
1352 4396 1447 4450 τοῦ
1493 4397 1673 4450 ἐκεῖσε
1706 4396 1805 4468 τὴν

234 4502 411 4576 ἀρχὴν
434 4495 811 4569 περιέποντος)
836 4494 1137 4561 ἀναρτᾶται
1160 4491 1238 4561 τῷ
1266 4490 1428 4560 ξύλῳ,
1453 4489 1547 4546 καὶ
1571 4489 1717 4543 ἅπαν
1741 4488 1804 4541 τὸ

236 4598 397 4666 σῶμα
428 4588 735 4659 καταϐελὴς
764 4587 1005 4656 γίνεται·
1046 4583 1199 4637 ἔνθεν
1248 4601 1330 4635 τοι
1385 4583 1483 4635 καὶ
1531 4580 1804 4651 ὀφθαλμοὶ

1910 3382 2385 3441 cohortationibus
2419 3383 2533 3436 suis
2557 3381 2609 3434 in
2639 3395 2733 3435 cor
2756 3380 2919 3449 hujus
2960 3378 3200 3432 hominis
3231 3387 3484 3448 penetra-

1908 3476 2007 3533 vit.
2042 3475 2271 3530 Summo
2294 3482 2472 3527 autem
2505 3487 2666 3527 mane
2690 3473 2891 3527 cohors
2922 3471 3205 3525 barbarica
3258 3470 3324 3524 ad
3358 3485 3482 3523 car-

1914 3580 2096 3622 cerem
2134 3565 2304 3629 venit,
2332 3562 2513 3619 ferens
2557 3578 2741 3618 secum
2761 3561 2995 3632 forcipes
3020 3566 3084 3615 ad
3110 3577 3269 3616 nares
3288 3562 3487 3615 distor-

1909 3658 2179 3729 quendas,
2203 3666 2256 3711 et
2286 3657 2392 3711 alia
2421 3655 2784 3711 instrumenta
2810 3655 2875 3708 ad
2899 3651 3230 3722 torquendus
3258 3651 3485 3706 miseros

1909 3756 2056 3819 apta,
2080 3755 2135 3803 et
2164 3746 2535 3817 interrogabat
2570 3745 2956 3805 bominem,an
2992 3750 3257 3810 perstaret
3294 3741 3345 3794 in
3362 3756 3487 3794 scn-

1908 3841 2102 3905 tentia,
2126 3839 2369 3910 nihilque
2386 3839 2532 3893 circa
2553 3851 2671 3891 eam
2695 3836 3015 3889 immutatus
3034 3832 3244 3896 fuisset,
3266 3848 3333 3885 an
3360 3847 3488 3885 vero

1906 3948 2030 3988 cum
2065 3931 2153 3995 iis,
2178 3932 2268 4000 qui
2299 3930 2462 4001 paulo
2519 3938 2647 3983 ante
2699 3924 2927 3997 judicati
2974 3924 3213 3988 fuerant,
3240 3925 3485 3978 sentiens

1907 4026 2052 4080 circa
2081 4024 2264 4077 omnia
2295 4022 2570 4075 Christum
2594 4016 2921 4087 abnegaret?
2950 4018 3040 4071 Ille
3071 4031 3217 4082 vero,
3252 4016 3488 4068 nihilre-

1908 4116 2356 4183 forntidans,_aut
2398 4113 2677 4175 haesitans,
2712 4110 2941 4164 discissa
2970 4108 3175 4169 tunica,
3215 4122 3281 4161 ac
3308 4111 3486 4160 denu-

1906 4210 2067 4265 datus
2094 4224 2110 4262 :
2138 4208 2269 4276 Ego,
2296 4206 2491 4275 inquit,
2540 4212 2762 4273 paratus
2786 4217 2930 4263 sum,
2957 4200 3002 4255 si
3031 4199 3141 4253 lieri
3168 4200 3361 4267 possit,
3389 4212 3486 4265 pro

1906 4314 2104 4371 magno
2137 4298 2248 4353 Deo
2284 4308 2339 4352 et
2384 4296 2665 4351 Salvatore
2725 4291 2922 4347 millies
2976 4305 3039 4343 ac
3097 4288 3286 4342 millies
3321 4287 3484 4340 mori.

1906 4394 2031 4448 llaec
2055 4392 2263 4453 dicens,
2297 4399 2351 4444 et
2386 4388 2519 4443 nihil
2560 4385 2793 4455 amplius
2815 4385 3043 4444 addens,
3076 4383 3128 4435 in
3164 4388 3494 4433 manustor‘

1909 4495 2090 4539 torum
2154 4496 2274 4535 sese
2328 4478 2582 4547 conjecit.
2668 4475 2845 4538 Tune,
2906 4474 2979 4528 ita
3034 4473 3331 4540 imperante
3373 4467 3486 4530 illo,

1910 4577 2001 4646 qui
2036 4575 2109 4628 ibi
2145 4588 2265 4628 cum
2318 4571 2547 4639 imperio
2596 4570 2889 4629 residebat,
2948 4580 3247 4634 suspensus
3295 4570 3379 4616 est
3432 4560 3486 4613 in

233 4687 583 4761 διερρύησαν,
614 4684 709 4737 καὶ
740 4681 947 4749 ἔγκατα
977 4678 1049 4741 ώς
1086 4677 1251 4746 ὕδωρ,
1286 4674 1586 4739 Δαυϊτικῶς
1608 4676 1801 4740 εἰπεῖν,

1914 4669 2081 4736 ligno,
2114 4674 2395 4732 totumque
2418 4663 2575 4721 illius,
2589 4676 2786 4730 corpus
2812 4666 2895 4714 est
2926 4658 3303 4711 dilaceratum.
3335 4651 3492 4707 Oculi

234 4780 575 4849 ἐξεκέχυντο,
605 4774 701 4829 καὶ
720 4773 938 4842 »πᾶσαή
969 4770 1115 4824 ἔνδον
1162 4767 1531 4839 ὲθριαμὸεύθη
1574 4766 1807 4821 διάπλαο

235 4890 319 4936 σις
341 4888 357 4903 ·
379 4873 413 4941 ἡ
437 4868 583 4939 ψυχὴ
619 4867 676 4921 δὲ
693 4864 768 4937 τῷ
796 4862 1028 4933 γενναίῳ
1056 4860 1252 4930 ἐκείνῳ
1274 4860 1366 4912 καὶ
1395 4860 1473 4913 ἔτι
1506 4859 1807 4929 κατείχετο,

234 4967 331 5019 καὶ
361 4963 601 5032 γλῶσσα,
633 4958 948 5028 κεκμηκυῖα
980 4956 1093 5016 τοῖς
1144 4953 1329 5014 πόνοις
1351 4951 1446 5003 καὶ
1487 4953 1608 5013 ταῖς
1642 4951 1809 5019 ὑπερ-

234 5055 560 5114 ϐαλλούσαις
614 5049 849 5112 ὀδύναις,
885 5046 978 5100 τὸν
1028 5044 1261 5115 Χριστδν
1290 5044 1679 5113 ἀνεκήρυττεν.
1714 5042 1812 5091 ‘Uv

234 5149 410 5209 οὕτως
438 5144 589 5214 ὁρᾷν,
634 5141 729 5195 καὶ
754 5137 953 5199 ἀθλίως
977 5136 1188 5205 ἔχοντα,
1225 5134 1298 5195 ὡς
1349 5133 1578 5194 ἐκείνοις
1614 5130 1811 5195 ἐδόκει,

234 5243 299 5297 οἱ⁸
315 5238 588 5308 ἀλιτήριοι
633 5232 709 5305 μὴ
740 5229 1057 5301 ἀνεχόμενοι
1085 5227 1288 5296 δήμιοι.
1331 5225 1599 5284 παντοίως
1648 5240 1816 5293 προσ-

238 5327 663 5392 πατταλεύουσι,
693 5325 789 5380 καὶ
833 5322 978 5375 λίθον
1047 5319 1279 5389 ἄραντες
1336 5313 1682 5387 πάμμεγα[ν]
1715 5316 1810 5367 ἐπ-

240 5426 437 5493 αφιᾶσι
455 5420 527 5491 ’τῇ
558 5418 771 5489 κεφαλῇ
798 5431 815 5448 ·
838 5416 872 5486 ή
898 5415 953 5469 δὲ
979 5412 1376 5485 διαρρήγνυται
1426 5409 1531 5482 ἄρα
1560 5409 1700 5462 κατὰ
1726 5426 1815 5478 μι-

238 5516 372 5586 κρὰ,
410 5516 505 5569 καὶ
536 5515 570 5585 ή
598 5512 747 5584 βιαία
774 5508 920 5580 ψυχὴ
944 5507 1126 5577 εκείνη
1160 5505 1299 5577 πρὸς
1338 5502 1469 5558 Θεὸν
1493 5503 1741 5572 ὲκδημεῐ.

1918 4761 2064 4814 illitts
2091 4757 2437 4819 eﬂluxerunt,
2469 4764 2524 4809 et
2573 4752 2834 4807 interiora
2884 4751 3023 4820 ejus,
3082 4748 3405 4815 velutaqua,
3433 4750 3494 4796 ttt

1917 4868 2041 4907 cum
2067 4849 2270 4905 Davide
2295 4848 2508 4916 loquar,
2543 4844 2715 4899 ell'usa
2737 4852 2884 4908 sunt,
2904 4841 3083 4896 omnis
3111 4853 3239 4893 vero
3268 4836 3492 4890 interior

1919 4945 2093 4999 forma
2161 4952 2217 4997 et
2273 4939 2599 5009 compositio
2694 4936 2983 4992 dissoluta.
3058 4932 3253 4987 Adhuc
3308 4938 3490 4983 tamen

1920 5038 2098 5090 anima
2131 5033 2377 5105 generosi
2433 5030 2579 5084 illius
2639 5027 2692 5082 in
2746 5040 2973 5096 corpore
3030 5022 3391 5083 detinebatur,
3436 5028 3494 5073 et

1922 5129 2125 5198 lingua,
2160 5122 2501 5195 quantumvis
2530 5120 2808 5176 laboribus
2855 5128 2910 5173 et
2950 5116 3250 5171 excessivis
3286 5113 3490 5167 dolori-

1868 5252 1881 5261 ι
1921 5220 2025 5274 bus
2054 5220 2348 5276 delassata.
2381 5214 2659 5270 Christum
2680 5220 2860 5265 tamen
2891 5209 3085 5263 iterum
3135 5203 3485 5277 praedicabat.

1922 5314 1987 5366 At
2024 5326 2152 5365 vero
2191 5325 2316 5364 cum
2366 5305 2578 5377 profani
2650 5302 2726 5357 illi
2769 5303 3144 5369 immanesque
3208 5298 3487 5361 satellites,

1921 5404 2141 5461 illumin
2164 5412 2272 5457 tam
2307 5401 2527 5461 misero,
2561 5403 2722 5466 prout
2744 5393 2878 5465 ipsis
2900 5392 3204 5457 videbatur,
3238 5396 3380 5443 statu
3406 5386 3491 5439 in~

1924 5496 2062 5553 tueri
2087 5511 2192 5550 non
2225 5492 2578 5557 sustinerent,
2622 5489 2983 5558 undequaque
3013 5500 3137 5540 eum
3187 5480 3487 5549 conligunt,

243 5625 295 5669 et
328 5576 609 5681 magnum.
638 5576 961 5676 vastumque
992 5605 1223 5675 lapidem
1258 5601 1589 5661 attollentes.
1650 5613 1815 5668 super
1849 5605 2007 5665 caput
2043 5592 2192 5647 illius
2248 5589 2602 5653 demiserunt,
2632 5583 2778 5654 quod
2811 5581 2996 5639 statim
3050 5581 3104 5635 in
3140 5576 3312 5632 frusta
3336 5589 3488 5629 com-

246 5706 517 5759 minutum
556 5709 680 5765 est;
709 5698 891 5753 anima
909 5711 1040 5752 vero
1075 5696 1163 5750 illa
1200 5693 1358 5752 fontis
1405 5701 1568 5761 atque
1619 5691 1816 5745 invicta
1856 5688 1923 5742 ad
1950 5686 2117 5740 Deum
2147 5681 2400 5737 evolavit.

313 5793 419 5849 κα’.
450 5793 635 5847 Ταῦτα
658 5791 728 5845 τὰ
751 5790 1003 5861 πάρεργα
1027 5790 1219 5858 γέγονε
1237 5787 1315 5857 τῷ
1343 5784 1650 5856 ὑπερμάχῳ
1677 5784 1810 5855 Χρι-

250 5891 373 5947 στοῦ
416 5890 648 5959 Ἰωσήφο
673 5879 823 5948 οὗτος
858 5885 915 5941 ἐν
949 5883 1139 5955 Κρήτῃ
1164 5879 1256 5934 τοῦ
1297 5876 1545 5942 γενναίου
1585 5874 1800 5947 διάδρο-

1985 5778 2073 5833 2|.
2112 5775 2234 5831 Haec
2260 5782 2387 5830 sunt
2410 5787 2530 5842 qum
2547 5769 2709 5824 veluti
2729 5764 3109 5838 perfunctorie.
3136 5778 3199 5818 ac
3219 5778 3314 5832 per
3333 5772 3485 5817 tran-

1910 5885 2134 5928 sennam
2184 5874 2554 5940 propugnator
2606 5860 2812 5918 Christi
2860 5857 3060 5929 Ioseph
3092 5856 3343 5927 peregit:
3389 5854 3482 5911 hic
