3978 6654
477 405 589 488 959
1578 422 1638 481 s.
1679 417 1997 483 JOSEPHI
2040 414 2605 477 HYMNOGRAPHI
2684 428 2691 441 -
3620 416 3716 478 ιιι

479 534 585 590 fuit
617 532 868 605 generosi
892 530 1058 603 hujus
1082 546 1178 603 per
1196 530 1512 587 Cretensem
1547 531 1824 600 regionem
1842 530 2050 585 discur-

2171 546 2272 600 μος
2291 544 2306 559 ’
2332 526 2578 583 τοιοῦτον
2596 525 2656 580 τὸ
2684 524 3028 596 καλλιέρημα
3051 524 3081 577 ὁ
3098 522 3442 595 αίχμάλωτος
3466 523 3539 593 τῷ
3565 524 3709 591 οὕτως

484 644 600 685 sus.
626 626 949 698 Huiusmodi
977 625 1279 690 victimam,
1298 639 1421 679 cum
1440 622 1687 691 captivus
1706 622 2055 689 detineretur1

2170 617 2546 690 οἰκονομοῦντι
2575 619 2646 672 τά
2674 620 2798 672 κατ’
2829 617 2994 672 αὑτὸν
3022 615 3145 687 Θεῷ
3166 616 3493 687 ἀφιέρωσεν.
3531 616 3710 689 Ὑπέρ-

484 716 617 784 Deo,
634 717 727 787 qui
757 717 831 771 ita
849 731 935 771 res
959 731 1088 771 suas
1107 715 1456 784 disponebat,
1488 712 1867 778 consecravit,
1899 728 1964 767 ac
1990 710 2055 768 l'e-

2174 726 2303 780 ευγε
2331 710 2431 781 τῆς
2476 705 2729 777 γνώμηςι
2766 706 3041 777 ὑπέρευγε
3070 706 3169 775 τῆς
3200 704 3496 773 φιλοκάλου
3532 704 3710 776 eum!

488 810 664 865 liciter
686 819 868 863 votum
896 824 1057 863 suum
1076 819 1365 863 assecutus
1389 815 1495 871 est,
1519 806 1876 876 animumque
1898 804 2059 859 hone-

2172 803 2255 858 ὅτι
2287 802 2384 856 καὶ
2430 803 2490 857 ἐν
2520 798 2791 871 ὑπερορίᾳ
2834 800 2929 853 καὶ
2978 800 3038 851 ὲν
3074 798 3293 868 φρουρᾷ
3333 796 3585 866 ἀσίγητον
3620 794 3715 867 εἶχε

483 902 640 958 statis
679 902 915 956 anticum
953 901 1207 970 explevit.
1252 898 1389 954 Nam
1419 899 1544 955 licet
1578 908 1724 954 esset
1758 898 1811 953 in
1848 898 2054 962 exsilio,

2172 893 2271 964 τὴν
2303 892 2582 962 γλῶσσαν,
2610 891 2748 962 μετά
2774 889 3091 964 παρρησίας
3136 888 3609 960 ἀνακηρύττουσαν
3638 892 3721 957 τὴν

487 1003 649 1063 atque
676 995 727 1048 iu
761 1009 997 1057 carcere,
1034 993 1273 1063 linguam
1305 1000 1489 1047 tamen
1513 991 1739 1047 liberam
1771 990 1837 1045 ad
1873 990 2058 1061 praedi-

2175 985 2483 1041 εὑσέὸειαν.
2538 984 2987 1053 Ἐστενοχωρεῖτο
3035 982 3159 1043 ταῖς
3205 979 3445 1049 θλίψεσι,
3492 980 3582 1031 καὶ
3620 979 3720 1051 Θεῷ

486 1086 716 1140 candam
790 1087 1046 1155 pietatem
1110 1101 1172 1139 ac
1194 1084 1513 1155 religionem
1582 1098 1801 1153 semper
1852 1082 2057 1138 habuit.

2174 1079 2499 1150 προσήγαγε
2531 1078 2812 1148 μάρτυρας
2836 1088 2852 1105 ⁸
2892 1072 3190 1145 ἐϐαρύνετο
3219 1074 3335 1135 τοῖς
3372 1071 3608 1141 δεσμοῖς,
3641 1073 3724 1124 καὶ

486 1174 768 1229 Pressuris
787 1173 1225 1244 angustiabatur,
1245 1184 1299 1228 et
1311 1172 1423 1229 Deo
1444 1182 1714 1245 martyres
1735 1173 2057 1228 transmitte-

2019 1187 2072 1227 e-
2174 1169 2404 1235 πολλοὺς
2427 1169 2720 1240 ὲλυτροῦτο
2744 1167 2854 1223 τῶν
2883 1166 2978 1222 τοῦ
3004 1164 3349 1236 παλαμναίου
3375 1163 3590 1235 χειρῶν·

489 1265 581 1319 bat
610 1282 623 1318 :
666 1266 875 1320 catenis
900 1266 1257 1331 gravabatur,
1285 1275 1340 1321 et
1372 1265 1571 1321 multos
1604 1280 1637 1320 a
1665 1263 1852 1321 sicarii
1873 1262 2067 1319 Tarta-

491 1356 566 1411 rei
598 1358 850 1411 manibus
875 1357 1157 1411 liberabat.

559 1448 655 1503 2'1.
691 1448 795 1502 Sed
826 1448 1137 1519 qualisnam
1191 1448 1356 1504 fuerit
1390 1449 1536 1505 illius
1557 1448 1623 1504 ad
1652 1448 1842 1504 urbem
1868 1446 2071 1518 regiam

2252 1461 2358 1534 κβ’.
2389 1460 2531 1516 Ἀλλ’
2561 1459 2648 1515 οἶα
2668 1458 2761 1514 καὶ⁵
2795 1460 2828 1529 ἠ
2862 1456 3030 1513 αὑτοῦ
3074 1458 3236 1513 πάλιν
3284 1456 3424 1529 πρὸς
3452 1456 3550 1527 τὴν
3590 1457 3721 1524 βαστ-

493 1556 781 1610 regressus
811 1556 1175 1611 exponamus.
1198 1540 1314 1597 Nox
1346 1542 1433 1595 illa
1469 1551 1607 1604 erat,
1648 1542 1701 1595 in
1733 1556 1841 1611 qua
1869 1539 2064 1595 Christi

2175 1556 2438 1611 λεύουσαν
2475 1553 2872 1619 ἑπανάζευξιςς
2921 1553 2984 1605 Ἥ
3014 1551 3110 1618 νὺξ
3146 1549 3334 1621 παρῆν
3371 1551 3461 1603 ὅτε
3514 1550 3610 1618 τὴν
3634 1550 3724 1603 τῶν

490 1633 741 1688 Natalitia
784 1634 1068 1689 censuevit
1094 1633 1336 1689 Ecclesia
1392 1634 1689 1690 celebrare.
1733 1632 2061 1704 .Ioscphau-

2174 1647 2464 1719 γενεθλίων
2490 1647 2584 1702 τοῦ
2605 1645 2844 1717 Χριστοῦ
2874 1645 3089 1717 ἡμέραν
3108 1645 3145 1714 ιή
3185 1642 3485 1712 Ἐκκλησία
3520 1641 3730 1696 εἰθισται

494 1737 598 1779 tem
626 1740 749 1780 cum
785 1726 949 1795 pedes
986 1727 1346 1796 compedibus
1403 1726 1834 1790 constrictos,ct
1872 1726 2065 1781 collum

2175 1742 2346 1795 τελεῖν
2369 1750 2384 1771 ⁸
2416 1742 2445 1794 ὁ
2467 1739 2526 1793 δὲ
2576 1738 2668 1792 καὶ
2704 1737 2846 1808 ξύλῳ
2891 1736 2984 1790 τὸν
3008 1734 3145 1789 πόδα
3189 1731 3599 1802 ἑκπιεζὸμενος,
3648 1733 3724 1785 καὶ

493 1819 703 1873 catenis
727 1828 1010 1887 gravatum
1038 1819 1287 1883 haberet,
1311 1828 1478 1873 totam
1502 1820 1647 1873 illam
1674 1830 1887 1873 noctem
1911 1818 1965 1872 in
1984 1818 2064 1872 di-

2175 1835 2288 1895 τοῖς
2315 1832 2516 1894 κλοιοῖς
2536 1830 2628 1885 τδν
2654 1828 2927 1900 τράχηλον
2968 1826 3529 1896 κατακαμπτόμενος,
3553 1823 3726 1876 παννύ-

494 1909 636 1963 vinis
658 1909 915 1963 laudibus
946 1909 1308 1966 concinendis
1335 1910 1435 1972 illi,
1478 1909 1571 1979 qui
1607 1919 1826 1979 propter
1854 1926 1954 1965 nos
2000 1908 2065 1965 si-

2178 1940 2295 1994 χιον
2316 1923 2562 1977 ἐπετέλει
2589 1896 3008 1994 τὴντὺμνιρδίαν,
3044 1918 3137 1972 καὶ
3181 1916 3259 1988 τῷ
3294 1917 3365 1970 δι’
3422 1917 3565 1986 ἡμᾶς
3612 1914 3726 1983 ὑπὲρ

495 2001 641 2055 milis
685 2000 1215 2056 nobisiuell'abiliter
1253 2002 1556 2066 lactusest,
1608 2001 1900 2071 transegit;
1946 2017 2066 2069 pr0<

2180 2016 2338 2085 λόγον
2368 2015 2490 2070 καθ’
2510 2017 2659 2085 ἡμᾶς
2686 2013 2910 2084 ὀφθέντι
2931 2009 3155 2082 Χριστῷ
3194 2008 3569 2079 παρετείνετο,
3591 2007 3725 2076 μέχρι

494 2092 652 2147 duxit
683 2102 863 2148 autem
896 2108 1083 2149 sacros
1107 2092 1337 2163 hymnos
1366 2111 1539 2164 usque
1559 2094 1629 2150 ad
1660 2095 1789 2166 galli
1808 2104 2033 2151 cantum
2060 2112 2065 2161 ς

2182 2110 2278 2163 καὶ
2307 2109 2683 2177 ἀλεκτρυόνων
2712 2105 2887 2177 ᾠδῶν.
2920 2104 3029 2158 Καὶ
3052 2104 3117 2175 δὴ
3168 2098 3461 2171 ἐφίσταταί
3491 2117 3569 2162 τις
3605 2098 3724 2167 ὑπὲρ

498 2201 624 2240 cum
657 2200 788 2240 ecce
814 2185 999 2242 subito
1025 2186 1247 2256 quidam
1289 2202 1463 2243 canus
1513 2187 1782 2254 crinibus,
1821 2190 2069 2245 sacerdo-

2186 2200 2360 2273 [ῦπαρ
2381 2198 2427 2272 ?]
2455 2198 2650 2269 ἀθρόον
2672 2238 2688 2264 ,
2714 2195 2898 2259 πολιὸς
2927 2195 3027 2266 τὴν
3055 2193 3240 2265 τρίχα,
3275 2189 3606 2262 ἱεροπρεπὴς
3647 2188 3732 2256 τὴν

498 2277 591 2332 tali
625 2289 773 2333 veste
825 2278 1074 2345 indutus,
1124 2280 1356 2351 gratiam
1390 2280 1539 2335 vultu
1579 2280 1905 2336 emicantcm
1968 2297 2069 2352 pra

2185 2291 2411 2363 ἐσθῆτα,
2461 2288 2873 2359 ἀγλαῖξομένην
2899 2287 2977 2356 τῷ
3006 2284 3289 2358 προσώπῳ
3318 2284 3483 2355 χάριν
3506 2279 3730 2351 ἐπιφερό-

501 2389 560 2427 se
596 2370 799 2437 ferens,
830 2372 904 2426 illi
937 2377 1212 2443 apparuit,
1244 2388 1482 2443 eumque
1506 2373 1578 2427 ita
1628 2373 1899 2430 allocutus
1951 2384 2035 2430 est
2065 2391 2072 2430 :

2190 2400 2374 2455 μενος,
2407 2381 2503 2436 καὶ
2517 2381 2652 2451 πρὸς
2672 2380 2835 2433 αὑτδν
2856 2380 2982 2448 ἄρτι
3013 2376 3211 2448 φησίνυ
3242 2393 3262 2427 ι
3306 2375 3404 2426 Ἐκ
3432 2372 3625 2441 Μύρων
3649 2368 3729 2436 τῆς

506 2481 527 2513 ι
558 2463 739 2529 Nuper
761 2479 828 2518 ex
860 2464 1095 2536 Myrensi
1131 2463 1307 2536 Lycia:
1322 2466 1542 2520 civitate
1557 2464 1870 2530 discedens,
1929 2466 1997 2521 ad
2033 2476 2077 2522 te

2187 2473 2396 2537 Λυκίας
2416 2473 2657 2544 ἀπάρας,
2696 2472 2834 2542 πρὸς
2862 2470 2922 2523 σὲ
2947 2469 3041 2523 καὶ
3078 2470 3177 2540 τὴν
3216 2470 3321 2538 σὴν
3347 2467 3565 2536 ἀγάπην
3583 2463 3731 2533 ἀπήν-

502 2563 557 2608 et
585 2555 654 2610 ad
707 2566 853 2609 tuam
884 2556 1207 2610 charitatem
1249 2557 1479 2621 deveni;
1511 2556 1626 2622 Dei,
1671 2567 1893 2628 prepter
1924 2574 2073 2629 quem

2189 2577 2350 2632 τησα,
2371 2561 2507 2614 Θεοῦ
2534 2561 2602 2614 δι’
2631 2561 2691 2614 ὃν
2705 2560 2946 2622 ὲναθλεῖς
2962 2560 3188 2629 ἀπτέρῳ
3214 2559 3376 2629 τάχει
3394 2557 3493 2628 μὲν
3512 2553 3731 2611 κατεπεί-

502 2646 721 2700 laboras
743 2663 805 2701 ac
833 2647 1103 2715 decertas,
1123 2648 1466 2705 velocissima
1507 2658 1732 2719 urgente
1784 2650 2073 2707 celeritate.

2190 2670 2406 2724 γοντος·
2441 2654 2536 2708 καὶ
2564 2654 2628 2723 δή
2657 2651 2831 2706 σοιτά
2859 2651 3082 2722 θυμήρη
3104 2650 3250 2718 λέγω
3296 2647 3645 2719 ἀγγελτήρια,
3672 2648 3732 2710 ὡς

504 2738 748 2808 Apporto
774 2750 953 2795 autem
980 2741 1073 2796 tibi
1099 2752 1251 2813 grata
1303 2758 1368 2797 ac
1413 2742 1606 2799 festiva
1668 2744 1909 2799 nuntia:
1976 2744 2075 2809 ille,

2191 2747 2221 2799 ὁ
2251 2746 2349 2817 μὲν
2377 2747 2477 2815 τὴν
2522 2744 2850 2814 Ἐκκλησίαν
2909 2742 3114 2808 κυκῶν,
3148 2742 3243 2796 καὶ
3286 2742 3732 2812 κατασπσράττειν

506 2832 602 2900 qui
638 2832 934 2888 Ecelesiam
968 2833 1061 2890 Dei
1092 2836 1423 2905 exagitabat,
1480 2844 1535 2891 et
1557 2850 1688 2891 oves
1717 2834 2077 2891 Christidila-

2194 2837 2488 2907 ἐπιχειρῶν
2518 2835 2586 2889 τά
2614 2836 2866 2906 πρόϐατα
2891 2834 2986 2889 τοῦ
3022 2833 3285 2905 Χριστοῦ,
3310 2833 3636 2905 παραλυθεὶς
3654 2833 3737 2901 τῆς

511 2927 666 2980 niare
715 2926 1153 2997 aggretliebatur,
1216 2928 1447 2998 imperio
1504 2929 1774 2999 privatus,
1829 2940 2082 3000 tanquam

2194 2929 2390 2999 ἀρχῆς,
2448 2930 2561 2992 τοῖς
2607 2929 2819 2982 ἐκεῖθεν
2870 2926 3276 2998 δικαιωτηρίοις
3338 2926 3415 2990 ὡς
3453 2925 3633 2993 ἐναγὴς
3674 2927 3735 2987 εἰς

506 3018 860 3073 exsecrabilis
888 3034 952 3073 ac
980 3020 1355 3085 detestandus,
1403 3020 1601 3075 futuris
1621 3022 1844 3091 judiciis
1866 3023 1918 3076 in
1946 3022 2077 3077 diem

2196 3023 2410 3094 ἡμέραν
2444 3020 2871 3091 ἀ’ποκαλὺψεως,
2927 3020 3002 3084 ῶς
3046 3036 3181 3090 φησι
3216 3018 3455 3082 Παῦλος,
3505 3018 3733 3086 ἀποτετή-

511 3110 884 3174 revelatiouis,
912 3112 1608 3181 quemadmodumPaulus
1656 3115 1957 3185 loquitur',
2005 3131 2082 3170 re-

2202 3134 2362 3187 ρηται
2383 3132 2398 3146 '
2425 3116 2483 3168 σὲ
2510 3115 2567 3168 δὲ
2598 3116 2772 3186 χρεὼν
2798 3114 2898 3184 τὴν
2927 3112 3177 3183 βασιλίδα
3217 3112 3567 3172 καταλαϐεῖν,
3598 3112 3662 3173 ὡς
3686 3110 3742 3163 ἂν

512 3212 763 3257 servatus
794 3212 896 3259 est.
940 3202 1014 3257 Te
1046 3214 1227 3258 autent
1255 3217 1472 3276 oportet
1500 3206 1552 3259 in
1580 3206 1781 3275 regiam
1812 3205 2083 3260 civitatem

2198 3206 2554 3279 ὲπιστηρίξῃς
2616 3206 2845 3269 πολλοὺς
2895 3208 2962 3276 τῇ
3012 3204 3275 3275 δεδομένῃ
3340 3222 3423 3258 σοι
3466 3201 3608 3273 παρὰ
3664 3200 3740 3253 τοῦ

512 3298 867 3362 conten-dere,
903 3298 1271 3353 utconlirmes
1297 3298 1565 3367 plurimos
1590 3299 1760 3368 gratia
1787 3299 1883 3353 tibi
1912 3315 1939 3352 a
1964 3298 2083 3369 Spi-

2197 3298 2515 3369 ῐινεὺματος
2542 3297 2747 3368 χάριτι.
2787 3298 2937 3365 Πλὴν
2965 3295 3102 3349 ἀλλὰ
3131 3295 3314 3349 λαϐὼν
3381 3295 3479 3365 τὴν
3520 3291 3739 3361 κεφαλίδα

516 3390 621 3442 ritu
663 3400 853 3443 sancto
874 3404 1156 3445 concessa.
1192 3389 1296 3445 Sed
1323 3392 1476 3460 prius
1505 3392 1694 3461 accipe
1730 3391 1832 3447 hoc
1876 3393 2087 3462 capitu-

2196 3391 2420 3461 ταύτην,
2457 3390 2742 3457 κατάφαγε
2776 3389 2960 3460 (ἐῴκει
2990 3389 3099 3458 γάρ
3146 3387 3552 3459 παρακατέχειν
3592 3387 3650 3454 τῇ
3669 3383 3736 3459 5;-

512 3478 648 3543 lum,
679 3490 732 3535 et
761 3483 987 3537 comede
1024 3483 1210 3536 illud.»
1241 3481 1543 3538 Videbatur
1564 3492 1747 3538 autem
1790 3485 1990 3541 habere
2040 3486 2083 3540 in

2201 3485 2290 3557 ξιᾷ
2316 3485 2489 3556 βραχὺ
2524 3503 2578 3538 τι
2612 3485 2797 3554 βίϐλου
2833 3482 3180 3555 ἀπότμημα).
3218 3501 3237 3535 ι
3292 3481 3356 3535 '0
3394 3481 3451 3536 δὲ
3496 3478 3736 3549 ὲνηδῦνετο

516 3571 741 3626 dextera
767 3575 1024 3643 exiguum
1052 3575 1344 3642 quemdam
1380 3575 1646 3629 libellum.
1676 3574 1776 3632 Hic
1813 3591 1943 3632 vero
1958 3578 2087 3632 scri-

2207 3580 2306 3650 μὲν
2341 3582 2409 3651 τῇ
2445 3582 2654 3650 γραφῇ,
2684 3578 2799 3644 και,
2829 3595 2847 3629 ‹
2871 3578 2959 3641 ’ος
2984 3576 3137 3647 ἡδέα,
3174 3574 3356 3643 ελεγε,
3392 3573 3470 3643 τῷ
3510 3570 3740 3640 νοουμένῳ

516 3672 690 3733 ptura:
736 3667 955 3736 quidem
1013 3667 1161 3723 illius
1216 3676 1505 3723 venustate
1567 3668 1983 3725 delectabatur:
2033 3687 2087 3725 ea

2198 3671 2435 3740 λάρυγγι
2466 3673 2566 3740 τῆς
2614 3668 2795 3739 ψυχῆς
2814 3668 2883 3721 τά
2905 3666 3267 3737 γεγραμμένα
3297 3663 3481 3718 ταυτίῑ
3514 3682 3530 3714 ι
3568 3656 3676 3730 Εἶχε
3694 3658 3740 3709 δὲ

518 3773 670 3824 vero,
694 3775 816 3829 qua:
845 3759 919 3814 ibi
953 3761 1155 3831 scripta
1172 3772 1351 3826 erant,
1386 3760 1631 3817 interiori
1658 3764 1856 3817 animte
1878 3770 2089 3833 gutture

2204 3764 2237 3833 ἡ
2259 3760 2447 3833 γραφὴ
2484 3760 2625 3814 κατά
2646 3760 2793 3827 λέξιν
2812 3758 3007 3823 οὑτως·
3043 3778 3062 3811 ι
3097 3758 3441 3828 Τάχυνονῶς
3464 3754 3741 3822 οἰκτίρμων.

519 3851 847 3906 suavissime
878 3851 1165 3906 recitabat.
1197 3852 1563 3907 Erantautem
1590 3853 1643 3907 in
1674 3854 1942 3907 eolibello
1965 3854 2090 3909 scri-

2205 3854 2297 3907 καὶ
2330 3851 2565 3905 σπεῦσον
2591 3852 2667 3915 ὡς
2691 3851 2942 3921 ἐλεήμων
2972 3851 3053 3913 εἰς
3077 3850 3179 3919 τὴν
3211 3848 3468 3918 βοήθειαν
3498 3843 3656 3915 ἡμῶν,
3678 3841 3742 3893 ὅτι

521 3954 610 4011 pta
642 3944 756 3999 hac
781 3944 942 3999 verba
970 3962 984 3998 :
1019 3962 1037 3995 ι
1072 3945 1334 4000 Accelera
1381 3955 1646 4014 tanquam
1686 3946 2021 4011 misericors,
2050 3956 2092 4000 et

2204 3944 2428 3999 δύνασαι
2456 3942 2801 4015 βουλόμενος.
2823 3962 2842 3995 ι
2866 3941 2975 3995 Καὶ
3001 3941 3078 4005 ῶς
3100 3938 3512 4010 ταῦταψάλλειν
3531 3931 3742 4005 ἐμμελῶς

523 4032 717 4090 festina
746 4046 1005 4106 tauquam
1031 4036 1318 4092 ntiserator
1343 4038 1395 4092 itt
1444 4038 1780 4107 adjutorium
1815 4048 2094 4092 nostrum:

2206 4039 2347 4107 ἄγαν
2373 4038 2467 4091 καὶ
2494 4037 2736 4108 λιγυρῶς
2770 4034 3072 4103 ἐκελεύσθη
3102 4034 3256 4104 παρὰ
3286 4032 3382 4086 τοῦ
3415 4030 3552 4085 θείου
3587 4025 3742 4093 ἀνδρὸς

525 4138 676 4196 potes
700 4130 869 4193 enim,
895 4130 938 4184 si
968 4129 1069 4184 vis.
1111 4149 1129 4182 ι
1162 4130 1229 4185 Ει
1251 4129 1341 4184 ubi
1376 4130 1565 4199 jussus
1596 4146 1626 4185 a
1652 4130 1839 4186 divino
1862 4130 1954 4185 illo
1987 4132 2096 4185 vire

2208 4132 2441 4195 ἐκείνου,
2480 4131 2581 4201 ὁρᾷ
2611 4130 2710 4200 μὲν
2740 4128 2931 4182 ἑαυτὸν
2958 4128 3058 4196 τῆς
3092 4126 3399 4195 ποδοκάκης
3428 4119 3743 4177 ἁπολυθέντα,

522 4220 812 4277 cecinisset
839 4222 951 4277 hanc
982 4237 1109 4277 cum
1138 4238 1353 4277 summa
1392 4222 1680 4278 dulcedine
1710 4239 1775 4278 ac
1814 4223 2093 4288 suavitate,

2208 4227 2334 4288 τοὺς
2361 4226 2407 4279 δ’
2437 4226 2495 4278 ὲν
2550 4223 2628 4295 τῷ
2679 4225 2938 4295 τραχήλῳ
2971 4224 3184 4286 κλοιοὺς
3229 4222 3517 4292 κειμένους
3563 4219 3615 4270 έν
3660 4214 3744 4272 τοῖς

527 4314 744 4385 aspexit
802 4315 1043 4384 sripsum
1077 4331 1107 4369 a
1162 4315 1520 4384 compedibus
1570 4315 1851 4370 solutum:
1884 4323 2098 4370 catenas

2211 4320 2359 4372 ποσί*
2380 4319 2495 4381 καὶ,
2533 4337 2551 4369 ι
2580 4319 2929 4388 Παρομάρτει
2959 4334 3071 4387 μοι,
3106 4334 3125 4366 ι
3147 4316 3317 4385 ἤκουε
3342 4314 3471 4384 παρ’
3488 4307 3655 4366 αὐτοῦ’
3676 4303 3747 4357 καὶ

526 4423 679 4473 vero,
706 4408 906 4478 quibus
932 4408 1133 4462 collum
1161 4408 1441 4478 alligatum
1473 4417 1610 4473 erat,
1635 4417 1760 4462 ante
1786 4409 1950 4478 pedes
1981 4422 2097 4462 sunt

2213 4409 2281 4477 (ὦ
2333 4408 2429 4462 τοῦ
2481 4408 2800 4479 θαύματα-τι
2852 4408 2897 4461 ὦ
2940 4409 3041 4475 τῆς
3090 4407 3318 4477 ταχείας
3360 4393 3748 4473 ἐπικουρίαςιῶ

524 4499 789 4571 iacentes,
845 4511 899 4553 et
935 4500 1144 4553 audivit
1194 4501 1347 4553 illum
1397 4499 1662 4553 dicentem
1711 4516 1775 4554 ει
1867 4502 2095 4568 Sequert

2214 4502 2322 4557 τῶν
2352 4501 2733 4571 ἀνεκλαλήτων
2782 4500 2875 4554 καὶ
2905 4499 3231 4571 παραδόξων
3259 4497 3561 4569 τεραστίων
3592 4488 3745 4548 Θεοῡῐὶ

532 4608 641 4647 me.
671 4610 689 4643 ι
713 4593 802 4654 Ει,
826 4611 859 4647 υ
886 4593 1204 4646 miraculum
1232 4593 1245 4645 ί
1273 4608 1305 4647 o
1332 4594 1518 4648 auxilii
1552 4594 1881 4649 celeritatem
1904 4596 1918 4649 l
1946 4610 1979 4645 ο
2012 4594 2103 4650 Dei

2173 4590 2456 4666 ⁵ἀοράτως
2491 4597 2671 4666 ὼρᾶτη
2728 4594 2821 4648 τὸν
2890 4594 3074 4662 ἀναφῆ
3116 4592 3424 4661 διατέμνων
3473 4588 3620 4659 ἀέρα,
3672 4580 3744 4633 καὶ

533 4685 774 4756 prodigia
802 4685 1094 4740 ineﬂ‘abilia
1135 4697 1299 4757 atque
1330 4686 1675 4742 admiranda!
1708 4689 2003 4745 invisibilis
2031 4690 2104 4743 τίς

2212 4688 2513 4758 ὑπηνέμιος
2549 4688 2738 4758 ὥσπερ
2787 4687 2921 4756 πρὸς
2960 4686 3059 4757 τὴν
3113 4684 3362 4755 μεγάλην
3418 4681 3526 4734 τῶν
3577 4676 3747 4730 πόλεων

532 4777 764 4831 debatur
812 4778 1073 4834 intactum
1109 4795 1289 4836 aerem
1325 4780 1620 4844 dissecare,
1660 4792 1714 4837 et
1746 4783 1890 4838 celer
1930 4784 2103 4838 instar

2213 4779 2489 4833 ἀπαντῶν.
2517 4778 2794 4841 ΙΡοιοὺτοις
2833 4773 2942 4831 οἶδε
2994 4776 3125 4839 Θερς
3157 4778 3270 4837 τοῖς
3314 4773 3531 4846 πτεροῖς
3575 4760 3743 4829 δεξιοῧ·

535 4868 665 4924 Euri
699 4871 765 4925 ad
801 4873 1043 4926 omnium
1081 4874 1374 4928 maximam
1404 4873 1675 4929 civitatem
1721 4889 1945 4931 cursum
1978 4875 2106 4929 diri-

2218 4874 2340 4929 σθαι
2369 4873 2497 4938 τοὺς
2539 4874 2639 4947 τὴν
2665 4872 2879 4927 ἑαυτῶν
2908 4870 3135 4941 καρδίαν
3158 4869 3295 4941 πρὸς
3318 4870 3523 4923 ἐκεῖνον
3549 4864 3746 4917 ἀναπτε-

536 4977 683 5031 gere.
712 4962 1099 5033 llujuscentodi
1148 4966 1250 5022 alis
1284 4967 1429 5020 novit
1466 4965 1608 5021 Deus
1654 4966 1888 5022 feliciter
1941 4967 2113 5022 dedu-
2218 4965 2522 5039 ρῶσαντας.

535 5070 682 5121 cere,
712 5055 805 5126 qui
836 5071 931 5112 cor
958 5074 1117 5112 suum
1140 5057 1205 5112 ad
1231 5058 1382 5111 illum
1416 5057 1624 5112 faciunt
1654 5058 1896 5113 evolare.

606 5089 682 5121 I0,
712 5089 805 5126 ιιυι
836 5089 921 5112 ιυι
958 5089 1117 5112 δυυΙΙΙ
1140 5089 1205 5112 dll
1233 5089 1382 5111 11111111
1417 5089 1624 5112 111υ1υ111ι
1654 5089 1896 5113 ῦνυι-ιιῦο

606 5148 701 5202 25.
734 5146 845 5203 Hoc
866 5164 999 5205 sane
1030 5150 1352 5206 miraculum
1375 5151 1442 5205 ad
1474 5151 1639 5206 Deum
1668 5151 1886 5221 hymnis
1904 5151 2080 5206 collau
2100 5180 2115 5192 -

2288 5148 2395 5219 κγ’.
2447 5148 2606 5203 Ἀλλά
2638 5148 2748 5219 γάρ
2776 5089 2835 5202 ex
2859 5148 2958 5219 μὲν
2991 5147 3175 5217 θαῦμα
3207 5148 3343 5219 πρὸς
3374 5142 3635 5215 ὑμνῳδίαν
3657 5134 3748 5188 ἐκί-

540 5240 781 5294 dandum
809 5238 1009 5312 Joseph
1039 5241 1324 5310 incitabat;
1364 5243 1495 5298 illud
1542 5258 1671 5299 vero
1722 5244 1867 5313 quod
1924 5244 2111 5300 deinde

2218 5255 2299 5292 νει
2338 5238 2523 5292 τοῦτον
2546 5237 2703 5301 Θεοῦ,
2731 5238 2794 5291 τὸ
2825 5238 2883 5291 δὲ
2919 5238 3133 5309 συμσάν
3195 5239 3329 5308 πρὸς
3357 5234 3614 5305 ὀδυρμοὺς
3643 5242 3751 5293 παρ’

542 5333 762 5399 accidit,
816 5335 883 5390 ad
916 5337 1181 5408 lacrymas
1232 5346 1287 5391 et
1315 5336 1476 5393 ﬂetus
1541 5336 1817 5392 excitavit.
1862 5334 2113 5391 Nondum

2219 5331 2352 5386 ῶθει
2386 5332 2480 5385 καὶ
2529 5331 2762 5403 δάκρυα.
2820 5328 2991 5384 Οὔπω
3024 5330 3133 5402 γάρ
3186 5332 3320 5384 πᾶσι
3371 5330 3484 5390 τοῖς
3534 5318 3749 5375 ποθοῦσιν

544 5426 690 5481 enim
725 5427 795 5482 ab
814 5428 1087 5493 omnibus,
1121 5427 1213 5499 qui
1237 5443 1361 5483 eum
1410 5427 1669 5483 amabant
1717 5441 1784 5482 ac
1841 5425 2115 5481 desidera-

2219 5426 2423 5496 ὀφθεὶς,
2464 5424 2855 5496 ἀναμανθάνει,
2887 5424 2963 5487 ὡς
2984 5424 3014 5476 ὁ
3039 5423 3182 5487 θεῖος
3212 5421 3530 5493 Γρηγόριος,
3554 5416 3609 5469 τὸ
3652 5427 3744 5464 κοι-

545 5520 698 5588 bant,
730 5532 1056 5592 conspectus
1080 5522 1279 5587 fuerat,
1314 5537 1440 5577 eum
1467 5519 1953 5586 audivit,divinum
1988 5517 2113 5573 Gre-

2222 5518 2311 5570 νὸν
2340 5514 2735 5589 παρηγόρημα,
2773 5514 2837 5568 τὸ
2883 5513 2993 5568 τῶν
3040 5511 3381 5583 Ἐκκλησιῶν
3413 5501 3648 5577 ἀληθινὸν
3672 5512 3747 5549 πε-

545 5616 780 5685 gorium,
828 5632 1179 5674 communem
1222 5617 1469 5672 omnium
1522 5614 1978 5675 consolationem,
2029 5612 2116 5681 qui

2228 5608 2526 5680 ριλάλημα,
2586 5609 2647 5660 τὸ
2706 5606 2950 5678 ἔμψυχον
3008 5604 3120 5658 τῶν
3171 5601 3383 5672 ἀρετῶν
3427 5594 3748 5694 armti-mgf.

551 5725 803 5767 verarum
832 5709 1202 5769 Ecclesiarum
1217 5724 1313 5769 ore
1325 5709 1727 5779 celebrabatur,
1743 5718 1798 5767 et
1815 5708 2122 5766 animatum

2232 5702 2440 5767 πολλοῖς
2471 5702 2737 5773 καμάτοις
2772 5697 3191 5771 κατακαμφθιὶς
3224 5696 3317 5751 καὶ
3354 5693 3533 5755 πόνοις
3574 5680 3749 5757 sputi-

620 5893 641 5924 ⁵
658 5892 819 5949 Rom.
850 5909 919 5961 tt,
938 5892 1027 5948 23.
