3978 6588
220 413 317 481 961

1780 414 1978 477 VITA.

3377 424 3486 488 9i»?

217 556 332 606 τοις
368 537 727 600 κατατακεὶς,
763 534 900 606 πρδς
933 534 995 588 όν
1023 533 1211 588 ἐπόθει
1235 534 1371 588 Θεὸν
1399 532 1760 601 ἑπανέζευξεν

1905 536 2167 590 virtutum
2199 537 2480 609 exemplar
2525 548 2662 606 erat,
2687 539 2877 595 multis
2920 540 3200 597 laboribus
3252 545 3482 614 vietum,

214 636 244 689 ὃ
276 634 370 688 καὶ
390 631 607 705 θρήνων
634 628 890 684 ὑπόθεσιν
912 628 1302 701 ποιησάμενος,
1328 629 1700 700 ἀναλαμϐάνει
1733 627 1796 682 τὸ

213 727 416 797 σκῆνος
463 726 523 779 ἐν
576 726 700 788 ταῖς
737 723 918 795 χερσὶ,
960 723 1057 775 καὶ
1092 721 1169 785 ὡς
1207 722 1454 793 ἔμψυχον
1491 722 1594 793 ἢδη
1626 722 1791 794 ὀρῶν,

210 821 470 883 τοιαύτας
490 818 630 891 πρὸς
661 816 826 870 αὑτὸν
863 817 1101 869 ἐποιεῖτο
1129 814 1229 879 τὰς
1257 814 1655 887 παρακλήσεις,
1696 815 1794 869 θα-

216 910 423 972 λάσσας
449 907 697 978 δακρύων
726 906 786 973 ἐξ
815 904 1111 976 ὀφθαλμῶν
1146 905 1460 979 ἀπορρέων,
1493 906 1590 960 καὶ
1622 905 1791 969 πόδας

216 1000 526 1071 ἐπιϐρέχων
550 1000 674 1062 τοὺς
689 996 1221 1068 εὐαγγελισαμένους
1237 998 1459 1069 είρήνην
1473 999 1566 1051 καὶ
1585 997 1789 1067 ἀγαθά,

218 1092 340 1164 μεθ’
367 1086 441 1146 ὧν
458 1092 662 1153 ἐκεῖνος
686 1088 930 1160 ἐλήλυοεο
957 1106 975 1141 ι
1008 1089 1132 1154 Πῶς
1162 1089 1420 1160 ὑπομενῶ
1447 1106 1562 1153 σου,
1585 1090 1787 1159 Πάτερ,

212 1187 315 1257 τὴν
346 1184 603 1255 στέρησιν
629 1200 643 1247 ;
671 1184 787 1246 πῶς
815 1183 859 1236 δ’
887 1182 1023 1253 ἄτερ
1054 1181 1149 1235 σοῦ
1203 1182 1284 1253 τῷ
1331 1183 1594 1254 περιγείῳ
1624 1180 1790 1253 χώρῳ

213 1277 520 1348 παραμενῶ
543 1294 559 1343 ;
594 1277 689 1339 Τίς
714 1293 817 1346 μου
843 1275 905 1328 τδ
937 1275 1254 1345 θλιϐόμενον
1279 1275 1377 1345 τῆς
1400 1275 1581 1345 ψυχῆς
1609 1275 1788 1342 λόγοις

212 1368 588 1440 παρακαλέσει
613 1367 715 1437 τῆς
752 1366 1189 1438 παρακλήσεως;
1215 1366 1320 1421 τίνι
1347 1366 1402 1419 δὲ
1429 1368 1523 1420 καὶ
1555 1365 1645 1420 τὸν
1670 1383 1784 1437 χει-

212 1463 370 1533 μῶνα
398 1462 505 1516 τῶν
531 1463 807 1532 λογισμῶν
833 1462 1197 1532 ἁναγνωρίσω
1227 1464 1391 1528 ποτέ;
1420 1462 1542 1515 τίνα
1567 1461 1786 1534 εὕροιμι

204 1548 296 1607 οἷα
323 1554 555 1621 Χριστὸν
582 1554 759 1628 ταύτῃ
777 1557 842 1625 τῇ
865 1555 1074 1626 χαλεπῇ
1107 1553 1349 1625 θαλάσσῃ
1368 1553 1447 1618 τὸ,
1476 1552 1784 1623 Φιμώθητι,

205 1646 563 1715 ἐπιλέγοντα;
597 1648 714 1701 Ἵνα
740 1648 792 1700 τί
821 1647 898 1718 μὴ
925 1647 1142 1717 πρῶτον
1167 1646 1268 1716 ἐμὲ
1305 1644 1383 1716 τῷ
1415 1644 1493 1714 σῷ
1535 1645 1786 1716 Δεσπότῃ

203 1738 584 1809 προέπεμπες,
612 1738 677 1792 ἵν’
706 1734 871 1811 εἶχον,
896 1739 1047 1810 παρά
1092 1739 1275 1810 χερσὶν
1322 1737 1619 1808 ἀποψύχων
1663 1738 1784 1800 ταῖς

205 1835 352 1897 σαῖς,
382 1832 490 1886 τῶν
511 1834 568 1886 ἐν
589 1832 711 1903 ἀέρι
734 1832 1035 1887 όδοστατῶν
1059 1834 1155 1885 καὶ
1181 1831 1436 1903 πονηρῶν
1469 1830 1783 1902 φορολόγων

1896 626 2237 701 et,an'umnis
2272 627 2575 683 innumeris
2597 629 2931 695 conlectum,
2959 633 3025 685 ad
3084 631 3274 700 Deum,
3318 651 3480 704 quem

1891 716 2260 784 desiderabat,
2295 720 2738 792 emigrasseH).
2770 720 2885 776 Hoc
2938 734 3197 793 tauquam
3256 725 3481 781 ﬂetuum

1894 824 1960 864 ac
1992 810 2358 883 lacrymarum
2387 813 2675 869 materiam
2738 815 3041 884 accipiens,
3100 832 3302 888 corpus
3338 819 3482 874 illius

1893 902 2149 957 manibus
2183 904 2616 971 ampleubatur,
2661 913 2715 960 et
2750 915 3010 976 tanquam
3067 909 3246 964 adhuc
3294 910 3480 965 vivum

1892 994 2183 1064 aspiceret,
2217 996 2351 1051 tales
2388 995 2455 1049 ad
2480 1010 2605 1050 eum
2637 996 3004 1053 allocutiones
3037 1000 3352 1071 tlit'igchal(
3380 1002 3471 1058 llu-

1890 1085 2039 1140 mina
2057 1085 2421 1158 lacrymarum
2441 1102 2505 1143 ex
2522 1087 2698 1143 oculis
2717 1084 3075 1159 profunden‘s,
3095 1101 3145 1145 et
3170 1094 3331 1163 pedes
3359 1095 3480 1151 illos

1890 1176 2148 1247 irrigans,
2180 1177 2274 1247 qui
2307 1178 2816 1249 evangelizaverant
2857 1197 3041 1250 pacem
3093 1198 3157 1237 ac
3190 1185 3330 1240 bona
3353 1201 3477 1240 cum

1889 1269 2091 1339 quibus
2135 1269 2224 1323 ille
2256 1271 2500 1339 venerat)
2534 1285 2548 1321 :
2587 1288 2604 1321 ι
2631 1268 2915 1337 Quomodo
2961 1272 3232 1328 sustinere
3265 1285 3477 1345 poti-ro,

1889 1378 1922 1415 ο
1944 1360 2123 1426 I’ater,
2153 1361 2352 1427 aiebat,
2378 1362 2449 1415 ita
2477 1363 2595 1418 sine
2624 1373 2677 1417 te
2696 1363 2860 1419 orbus
2894 1366 3219 1420 remanere?
3248 1366 3479 1436 Qnopa-

1886 1462 1975 1506 cto
1996 1452 2184 1522 procul
2218 1467 2249 1507 a
2274 1463 2324 1507 te
2354 1453 2406 1506 in
2466 1453 2568 1508 hac
2613 1462 2826 1508 terrena
2864 1455 3087 1524 regione
3106 1457 3481 1524 permanebo?

1887 1543 2021 1609 Quis
2040 1544 2223 1600 cordis
2249 1545 2352 1599 mei
2379 1545 2665 1614 angustias
2694 1546 3043 1601 suavissimis
3061 1548 3318 1617 alloquiis
3337 1564 3439 1603 con
3454 1575 3475 1591 -

1886 1635 2152 1691 Sulabitur
2182 1636 2205 1690 ?
2236 1636 2336 1691 Cui
2368 1644 2561 1707 potero
2595 1636 2891 1693 identidem
2953 1654 3230 1711 exponere
3258 1642 3472 1712 cogita~

1886 1729 2096 1783 tiomnn
2124 1742 2369 1782 mearum
2407 1738 2805 1798 tempestatem,
2836 1739 2892 1783 ut
2932 1731 3150 1785 scilicet
3187 1730 3472 1785 Christum

1885 1822 2179 1883 inveniam,
2212 1820 2305 1891 qui
2361 1821 2580 1875 turbido
2624 1821 2751 1876 huic
2810 1823 3058 1877 mortalis
3098 1822 3221 1877 vita:
3274 1823 3469 1893 pelago

201 1924 303 1989 τὰς
341 1924 693 1995 παλαμναίας
724 1928 913 1996 χεῖρας
957 1923 1375 1995 ἀποδιδράσκειν
1416 1923 1504 1977 διὰ
1535 1923 1635 1992 τῆς
1679 1922 1771 1991 σῆς

1885 1916 2264 1978 Comminetur,
2292 1928 2356 1967 ac
2386 1913 2531 1968 dicat
2563 1930 2577 1967 :
2611 1912 2993 1982 Compescere,
3022 1930 3084 1968 ac
3112 1916 3341 1969 sedare?
3362 1916 3475 1969 Cur

202 2016 640 2089 παρακλήσεως;
672 2017 817 2088 Πλὴν
840 2015 1026 2087 ἐπειδὴ
1059 2016 1428 2087 προέδραμες,
1458 2014 1503 2067 ὣ
1530 2016 1780 2084 γενναῖος

196 2107 299 2180 τὴν
334 2109 516 2181 ψυχὴν
536 2110 629 2163 καὶ
648 2111 784 2182 πρὸς
807 2110 1001 2173 πόνους
1022 2109 1325 2174 ἀνένδοτος,
1351 2107 1413 2161 τὸ
1434 2107 1660 2172 ἀσθενὲς
1679 2107 1779 2177 τῆς

195 2201 345 2271 ἐμῆς
380 2203 559 2272 ψυχῆς
581 2200 949 2274 ἀναῤῥώννυε,
973 2202 1067 2255 καὶ
1096 2200 1190 2255 σοῦ
1236 2204 1358 2265 ταῖς
1389 2203 1622 2265 πυκναῖς
1655 2202 1780 2254 ἐπι-

195 2293 447 2357 στασίαις
477 2294 537 2346 ἐν
562 2294 716 2346 νυκτὶ
769 2293 868 2364 μὲν
911 2294 1005 2348 καὶ
1063 2295 1122 2346 ἐν
1174 2292 1358 2365 ἡμέρᾳ
1390 2292 1528 2364 πρὸς
1566 2292 1635 2346 τὰ
1674 2293 1770 2346 τοῦ

192 2384 337 2438 Θεοῦ
375 2384 637 2439 διευθέτει
662 2384 789 2455 Θελή
801 2402 946 2455 ματα
967 2403 981 2416 ο
1012 2384 1079 2438 ἶν’
1114 2384 1221 2438 ὑπὸ
1249 2384 1347 2455 τὴν
1384 2383 1594 2438 ἐκείνου
1618 2387 1778 2456 χεῖρα

188 2475 297 2547 τὴν
330 2478 595 2547 κραταιάν
620 2476 1065 2547 ταπεινούμενος,
1099 2476 1189 2529 διὰ
1235 2477 1343 2529 τῶν
1379 2476 1487 2529 σῶν
1536 2491 1777 2546 προσευ-

190 2566 335 2637 χῶν,
368 2565 435 2631 ἃς
462 2567 683 2638 ἀμέσως
710 2565 887 2632 τελεῖς
910 2569 976 2638 τῇ
1010 2566 1262 2638 μακαρίᾳ
1287 2565 1476 2637 Τριάδι
1499 2565 1780 2636 καταλαμ-

189 2658 460 2729 πόμενος,
487 2658 740 2725 ἀϐλαϐῶς
756 2659 912 2714 διαπε
923 2661 1073 2731 ράσω
1096 2658 1189 2712 τοῦ
1217 2657 1334 2728 βίου
1361 2656 1458 2728 τὴν
1480 2657 1777 2723 θάλασσαν,

186 2751 292 2806 καὶ
325 2750 423 2805 σοῦ
448 2751 523 2823 τῷ
554 2750 734 2824 λιμένι
762 2751 1205 2824 προσορμισθεὶς,
1235 2749 1490 2820 βλέποιμι
1515 2766 1575 2802 σε
1600 2749 1779 2819 διηνεέ

187 2844 307 2907 κῶς
331 2845 476 2899 κατὰ
506 2844 606 2915 τὴν
643 2844 976 2916 ἁδιάτμητον
1004 2844 1218 2897 ἕνωσιν.
1253 2861 1271 2895 ι

1879 2024 1963 2061 me
2001 2009 2237 2076 priorem
2271 2007 2337 2061 ad
2389 2005 2677 2060 Dominum
2712 2017 2863 2059 tuum
2914 2022 3022 2060 non
3052 2007 3386 2077 pra'misisti,
3414 2016 3473 2063 ιιι

1877 2100 2087 2155 scilicet
2112 2114 2326 2169 possem
2366 2114 2462 2168 per
2515 2108 2633 2153 tuas
2686 2114 2884 2152 manus
2927 2101 3223 2168 respirare,
3255 2116 3471 2154 acme-

1877 2191 2059 2245 diante
2088 2190 2465 2246 Consolatione
2490 2200 2580 2244 tua
2615 2192 2980 2259 pessimorum
3011 2208 3188 2247 aereae
3222 2192 3468 2259 regionis

1877 2280 2319 2335 stationariorum
2361 2288 2522 2349 atque
2554 2287 2871 2333 exactorum
2909 2283 3217 2333 daamonuut
3277 2289 3469 2333 trucu-

1883 2374 2057 2428 lentas
2086 2387 2282 2427 manus
2305 2370 2539 2441 cﬂ‘ugere
2559 2371 2582 2424 ?
2602 2370 3008 2435 Verumtamen,
3027 2370 3467 2440 quandoquidem

1883 2463 2547 2535 prtecurristi,generosus
2576 2464 2783 2529 animo,
2809 2472 2863 2516 et
2918 2464 2972 2515 in
3006 2463 3283 2518 laboribus
3316 2464 3472 2515 inde-

1884 2556 2084 2620 fessus,
2116 2555 2314 2609 anima:
2348 2570 2480 2610 meae
2518 2556 2888 2610 iulirmitatem
2926 2556 3246 2619 corrobora,
3271 2564 3325 2608 et
3361 2553 3469 2608 frc-

1881 2649 2176 2719 quentibus
2207 2649 2473 2719 praesidiis
2511 2651 2794 2704 tuisuoete
2849 2665 2913 2704 ac
2947 2647 3035 2703 die
3066 2650 3131 2703 ad
3155 2648 3245 2703 Dei
3269 2649 3467 2703 volun-

1883 2746 2052 2793 tatem
2082 2738 2421 2793 eiliciendam
2478 2739 2832 2808 dispone;ut
2888 2740 2993 2792 sub
3058 2738 3266 2808 potenti
3324 2737 3468 2792 illius

1881 2845 2047 2885 manu
2072 2830 2416 2897 humiliatus,
2442 2846 2535 2902 per
2556 2831 2689 2885 tales
2708 2846 2918 2901 preces,
2941 2845 3078 2900 quas
3098 2828 3218 2885 sine
3244 2829 3353 2883 ullo
3378 2829 3466 2883 in-

185 2934 462 2989 termedio
491 2933 821 2990 beatissima:
873 2933 1126 2988 'l‘rinitati
1184 2931 1563 2987 lueidissimus
1627 2921 1887 2983 eﬂ‘nndis,
1920 2922 2042 2975 sine
2109 2918 2414 2976 offensione
2476 2920 2603 2976 vita:
2635 2919 2798 2991 hujus
2864 2935 3015 2974 mare
3061 2932 3462 2997 pet-transeam,

184 3028 334 3083 etad
363 3038 519 3084 tuum
572 3040 791 3100 portum
847 3029 1137 3101 appulsus,
1193 3044 1288 3098 per
1349 3020 1770 3095 inseparabilem
1812 3014 2073 3070 unionem
2110 3022 2160 3069 te
2195 3030 2411 3084 semper
2445 3015 2682 3069 intuear.
2722 3031 2741 3066 ι

261 3122 367 3179 κδ’.
415 3122 599 3189 Οὕτως
657 3124 827 3180 εἰπὼν
876 3124 955 3196 τῷ
990 3124 1142 3195 τόπῳ
1189 3121 1646 3195 προσκαρτερεῖν,
1708 3118 1767 3171 ἐν

1946 3108 2036 3165 94.
2069 3108 2165 3165 His
2197 3110 2383 3177 dictis,
2417 3110 2471 3163 in
2498 3111 2687 3164 eodem
2713 3109 2832 3163 loco
2860 3118 3179 3162 constanter
3212 3122 3461 3177 perseve-

180 3208 342 3284 ᾧπερ
370 3217 399 3269 ὅ
436 3215 577 3280 θεῖος
603 3216 641 3269 Γ
646 3217 901 3289 ρηγὸριος
926 3216 1310 3287 ἐγκλειόμενος
1336 3215 1438 3285 τῆς
1477 3212 1769 3283 φιλοσόφου

1878 3200 2057 3266 ravit,
2108 3202 2164 3256 in
2198 3215 2310 3271 quo
2350 3200 2570 3254 divinus
2600 3198 2897 3269 Gregorius
2936 3198 3182 3252 inclusus
3221 3197 3463 3266 philoso-

181 3270 898 3379 aralaiotpac'dvrsixsto;
942 3270 1196 3379 ἐλόμενος
1238 3270 1546 3377 ἔχεινντῶν
1591 3270 1768 3356 πόνων

1880 3292 2040 3364 phica
2096 3270 2229 3347 sese,
2266 3291 2319 3345 in
2356 3290 2605 3361 palaestra
2635 3299 2992 3353 exercuerat,
3036 3288 3309 3357 clegitque
3353 3287 3456 3342 sibi

181 3398 570 3471 συμμεριστὴν
609 3377 885 3472 Ἰωάννην,
915 3398 1007 3453 τὸν
1039 3377 1144 3453 τοῦ
1179 3396 1419 3469 μεγάλου
1462 3393 1767 3467 Γρηγορίου

1880 3384 2092 3439 socium
2147 3382 2396 3438 laborum
2436 3394 2665 3437 suorum
2710 3378 2974 3435 Joannem
3010 3378 3336 3448 quemdam,
3365 3377 3458 3449 qui

178 3494 455 3565 φοιτητήν
510 3508 570 3546 τε
622 3491 716 3546 κα)⁵
767 3470 1037 3564 ζηλωτήν.
1098 3485 1168 3564 Ὦ
1227 3488 1542 3563 συμϐιώσας
1579 3487 1769 3559 χρόνον

1880 3474 2061 3543 magni
2113 3471 2359 3542 Gregorii
2409 3470 2710 3539 discipulus
2760 3482 2878 3524 erat
2926 3478 3091 3540 atque
3135 3470 3457 3536 annulator,

182 3561 419 3655 συχνσλν,
439 3583 615 3638 ἐδόκει
646 3561 940 3656 βλέπεσθαι
964 3561 1412 3656 Ῠρηγόριος,καὶ
1458 3580 1633 3645 διδοὺς
1672 3579 1768 3633 καὶ

1878 3580 2002 3618 cum
2050 3579 2161 3634 quo
2212 3563 2388 3619 multo
2432 3571 2677 3633 tempore
2719 3562 2885 3617 vitam
2932 3561 3265 3628 traducens,
3305 3561 3458 3616 vide-

176 3673 482 3744 λαμϐάνων
541 3675 797 3746 ἀφορμὰς
824 3674 1053 3747 ἀρετῶν.
1086 3673 1297 3739 Πολλὰς
1353 3672 1463 3744 γάρ
1505 3668 1621 3742 εἶχε
1670 3671 1766 3725 καὶ

189 3765 456 3835 Ἰωάννης
512 3766 927 3837 ἐπικαθημένας
964 3769 1032 3838 τῇ
1071 3766 1291 3841 γλώσσῃ
1349 3766 1451 3830 τὰς
1512 3764 1764 3837 χάριτας.

190 3855 353 3912 Ἐπεὶ
380 3857 438 3911 δὲ
462 3857 557 3911 καὶ
594 3852 769 3924 οὗτος,
794 3858 1024 3932 νηστείᾳ
1053 3859 1151 3912 καὶ
1191 3857 1473 3932 ἀγρυπνίᾳ
1522 3856 1765 3912 καταδα-

179 3952 370 4021 μάσας
395 3950 458 4003 τὸ
489 3950 586 4021 τῆς
614 3951 787 4023 ψυχῆς
817 3951 1233 4024 περικάλυμμα,
1263 3952 1401 4023 πρὸς
1426 3949 1561 4005 Θεὸν
1581 3949 1764 4020 ἐξεδή-

180 4056 382 4111 μησεν·
420 4040 605 4104 όθεῖος
645 4041 841 4112 Ἰωσὴφ
871 4043 964 4095 τον
982 4042 1148 4096 τόπον
1186 4038 1522 4107 καταλιπὼν,
1556 4039 1635 4109 τῷ
1666 4036 1760 4091 τοῦ

181 4132 428 4202 μεγάλου
460 4132 555 4186 καὶ
586 4131 788 4203 χρυσοῦ
841 4131 940 4204 τὴν
991 4132 1244 4201 γλῶσσαν
1309 4131 1558 4187 Ἰωάννου
1608 4128 1761 4202 σηκῷ

176 4221 570 4292 ἐμφιλοχωρεῖ,
593 4221 669 4285 ὥς
701 4237 825 4274 τινα
867 4220 1140 4292 θησαυρὸν
1174 4220 1517 4290 ἐπαγόμενος
1548 4219 1758 4290 Γρηγο-

178 4313 300 4380 ρίου
326 4310 388 4365 τὸ
417 4310 709 4382 ἱερώτατον
736 4309 991 4381 λείψανον
1022 4310 1119 4364 καὶ
1156 4309 1249 4364 τοῦ
1282 4308 1444 4363 αὐτοῦ
1488 4307 1756 4381 μαθητοῦ,

176 4400 393 4455 πολλῶν
422 4400 940 4474 συνδεδραμηκότων
987 4398 1129 4455 κατὰ
1188 4400 1405 4466 ταυτὸν,
1450 4398 1594 4453 ὥστε
1636 4416 1758 4452 ποι-

176 4490 475 4561 μαίνεσθαι
503 4492 598 4546 καὶ
624 4491 1045 4563 καθοδηγετσθαι
1081 4490 1346 4563 τεχνικῶς
1399 4490 1531 4562 παρ’
1563 4490 1753 4557 αὑτοῦ,

173 4583 274 4637 καὶ
305 4583 554 4655 γλώττης
611 4583 829 4656 ἐκείνης
866 4583 1174 4655 ἀκροᾶσθαι
1219 4584 1319 4655 τῆς
1351 4582 1637 4655 μελιχρᾶς,
1680 4583 1755 4645 ὡς

172 4674 351 4728 ἐδίδου
372 4673 467 4728 τοῦ
498 4675 667 4729 τόπου
711 4675 774 4729 τὸ
809 4674 1131 4731 πάνσθενον.
1164 4674 1330 4729 Ὅθεν
1385 4674 1482 4727 καὶ
1522 4666 1753 4745 πλησίον

167 4764 268 4820 τοῦ
326 4767 516 4833 τόπου,
556 4767 766 4840 ἐρήμου
826 4766 948 4821 τότε
993 4766 1175 4839 πάντη
1227 4766 1606 4838 τυγχάνοντος,
1663 4768 1755 4819 ἐν-

174 4857 423 4929 ιδρύεται
464 4859 880 4931 φροντιστήριον
903 4873 919 4888 '
946 4860 1005 4913 ἐν
1028 4853 1073 4928 ᾧ
1106 4859 1169 4913 τό
1201 4875 1264 4912 τε
1291 4858 1494 4927 πλῆθος
1524 4857 1760 4912 κατατὲ-

171 4967 299 5019 μνει
323 4949 434 5002 τῶν
465 4949 746 5020 μαθητῶν,
772 4950 868 5004 καὶ
891 4949 995 5022 πρὸ
1030 4950 1253 5005 πάντων
1286 4950 1358 5013 ῶς
1391 4966 1443 5001 τι
1472 4948 1757 5020 κειμήλιον

170 5039 375 5092 ἄσυλον
405 5037 468 5091 τὸ
494 5040 687 5111 σκῆνος
716 5040 811 5094 τοῦ
839 5040 1082 5112 μεγάλου
1113 5040 1210 5095 καὶ
1236 5039 1329 5095 τοῦ
1366 5039 1625 5111 φοιτητοῦ
1653 5056 1755 5099 κατ

165 5130 469 5185 τατίΡεται.

241 5390 341 5446 κε’.
376 5392 452 5446 Οὐ
486 5391 615 5463 μὴν,
644 5392 759 5447 ἀλλ’
806 5392 995 5462 ἐπειδὴ
1046 5393 1214 5447 πάλαι
1244 5395 1355 5456 τοῖς
1394 5392 1749 5456 Θεσσαλικοῖς

167 5484 528 5560 ἐνδιατρίϐων
554 5484 746 5554 όρίοις,
785 5485 938 5557 παρά
963 5502 1108 5549 τινος
1144 5484 1291 5537 οείου
1319 5484 1512 5555 ἀνδρὸς
1531 5488 1624 5539 καὶ
1646 5492 1748 5555 τὴν

164 5576 373 5644 γνῶσιν
410 5576 473 5629 οὐ
502 5576 764 5647 μιμητοῡ,
790 5576 852 5629 τὸ
884 5575 1026 5630 θεῖον
1048 5574 1140 5630 καὶ
1161 5576 1472 5647 γερὼτατον
1492 5575 1746 5647 λείψανον

1875 3656 2033 3712 batur
2059 3657 2164 3712 sibi
2196 3655 2520 3730 Gregorium
2548 3655 2724 3726 ipsutn
2754 3654 2958 3720 videre,
2990 3668 3053 3708 ac
3079 3653 3246 3706 multa
3284 3652 3453 3707 dabat

1871 3758 1926 3804 et
1988 3747 2291 3818 accipiebat
2331 3747 2595 3802 virtutum
2638 3747 2989 3801 documenta.
3037 3744 3245 3798 Etenim
3288 3742 3456 3798 Joan-

1875 3855 1975 3894 nes
2005 3840 2475 3910 etiamplurimas
2513 3838 2567 3892 in
2634 3838 2817 3907 lingua
2858 3836 3099 3892 charites
3152 3837 3453 3891 residentes

1870 3931 2125 3986 habebat.
2176 3929 2476 4001 Postquam
2534 3939 2717 3984 autem
2767 3929 2871 3982 iste
2917 3928 3169 3982 similiter
3219 3927 3449 3996 jejuniis

1869 4024 2180 4094 vigiliisque
2233 4038 2464 4093 corpore
2512 4022 2755 4077 edomito
2800 4031 2967 4089 atque
3007 4031 3337 4089 consumpto
3380 4020 3448 4074 ad

1870 4112 2041 4169 Deum
2082 4114 2371 4183 emigravit
2414 4130 2429 4168 :
2482 4112 2700 4167 divinus
2739 4110 2975 4180 .loseph,
3008 4110 3127 4164 loco
3169 4111 3263 4164 illo
3292 4113 3453 4165 dere-

1868 4207 2031 4272 licto,
2067 4207 2121 4261 in
2152 4206 2334 4277 magni
2362 4214 2528 4275 atque
2558 4218 2723 4259 aurea
2754 4203 2940 4274 lingua
2978 4203 3188 4273 prtediti
3221 4201 3451 4259 Joannis

1868 4300 2071 4372 templo
2129 4300 2363 4355 libenter
2414 4298 2881 4363 conversabatur,
2927 4297 2981 4351 in
3024 4312 3135 4367 quo
3187 4306 3446 4375 tanquam

1866 4394 2183 4446 thesaurum
2235 4391 2526 4460 quemdam
2572 4388 2980 4445 saeratissimas
3026 4387 3271 4458 Gregorii
3316 4389 3447 4443 reli-

1865 4482 2059 4553 quias,
2097 4481 2327 4552 ejusque
2368 4480 2622 4551 discipuli
2677 4480 2991 4536 collocavit.
3033 4479 3221 4535 Multis
3260 4489 3443 4534 autem

1866 4579 1931 4632 ad
1976 4592 2101 4631 eum
2142 4577 2599 4632 concurrentibus
2621 4618 2634 4641 ,
2686 4585 2743 4630 ut
2776 4576 2845 4631 ab
2888 4590 2954 4631 eo
2984 4584 3325 4646 regerentur,
3357 4591 3445 4631 so.

1860 4669 2091 4740 lertique
2118 4683 2250 4723 cura
2282 4668 2669 4739 dirigerentur,
2706 4679 2759 4723 et
2784 4667 2986 4736 lingua:
3019 4668 3166 4725 illius
3196 4668 3444 4724 mellitis-

1860 4762 2015 4817 simze
2035 4776 2232 4816 arcana
2263 4761 2535 4827 audirent,
2565 4764 2816 4831 angustia
2847 4761 2950 4816 ioci
2973 4776 3069 4817 eos
3089 4762 3440 4818 exeludebat.

1862 4851 2017 4908 Unde
2047 4868 2172 4907 cum
2204 4853 2380 4907 locum
2414 4854 2773 4922 undequaqm-
2799 4850 3076 4907 desertum
3116 4867 3221 4905 non
3253 4852 3442 4921 procul

1858 4943 1985 4998 inde
2015 4943 2336 5008 invenisset,
2362 4943 2435 4998 ibi
2461 4945 2644 4999 sedem
2671 4957 2850 5007 suam,
2883 4958 3142 4998 curarunt
3171 4943 3438 5004 scholam,

1857 5032 2181 5097 collocavit,
2226 5033 2280 5087 in
2330 5049 2435 5103 qua
2472 5044 2525 5089 et
2577 5034 2977 5103 discipulorum
3026 5033 3436 5086 multitudinem

1858 5126 2174 5191 distribuit,
2234 5135 2290 5180 ct
2343 5134 2470 5181 ante
2521 5128 2742 5191 omnia,
2803 5135 3062 5191 tanquam
3117 5120 3436 5178 inviolabile

1861 5217 2135 5286 quoddam
2168 5216 2595 5272 'monimentum
2652 5214 2836 5284 magni
2890 5213 3139 5284 Gregorii
3202 5225 3258 5269 et
3316 5215 3439 5284 ejus

1857 5308 2103 5378 discipuli
2135 5323 2337 5379 θοι-ρης
2366 5307 2675 5364 collocavit.

1926 5398 2018 5453 25.
2073 5397 2345 5466 Quoniam
2393 5414 2525 5455 vero
2569 5399 2698 5454 olim
2766 5397 2818 5452 in
2864 5396 3197 5453 Thessalicis
3239 5396 3437 5452 ﬁnibus

1855 5490 2022 5545 vitam
2065 5491 2362 5547 traducens
2392 5506 2423 5546 a
2481 5492 2600 5546 viro
2635 5490 2874 5563 quodam
2906 5490 3130 5554 divino,
3170 5498 3224 5544 et
3260 5488 3313 5543 in
3355 5487 3429 5541 di-

1854 5580 1979 5636 vina
2018 5582 2249 5637 scientia
2295 5583 2750 5655 incomparabili,
2783 5582 2998 5639 divinas
3028 5596 3093 5638 ac
3124 5578 3433 5637 sacratissi-

241 5772 321 5840 (ι)
352 5774 600 5847 Elogium
631 5777 685 5833 in
746 5776 965 5834 Menaeis
1004 5778 1076 5835 20
1146 5775 1488 5843 Novembris,
1535 5777 1684 5834 brevi
1755 5778 2046 5837 admodum
2109 5791 2352 5854 tempore
2419 5783 2673 5843 reducem
2713 5782 3035 5856 Gregorium
3091 5780 3296 5839 vixisse
3344 5776 3430 5835 in-

165 5842 373 5899 sinuat.
