3978 6582
294 384 399 445 9ίὸ

1943 409 2050 469 TA.
3450 434 3555 497 986

290 492 369 564 τῷ
395 494 514 565 ἡδεῖ
561 495 659 567 τὴν
703 497 1013 571 δυναμένην
1064 504 1364 574 συμϐαλεῖν
1393 510 1504 572 τοῖς
1554 508 1837 583 λεγομένω

290 584 526 611 ἓ-.ι...-.....
585 588 687 611 νηὶ
724 595 833 611 --νγ
868 609 873 611 .
906 610 909 611 ,
951 597 962 611 ι
1084 593 1134 611 οδ
1240 597 1253 611 ο
1335 597 1384 611 ..Α
1532 599 1587 611 ιι.
1811 607 1822 611 -

1943 521 2195 588 .bnntur,
2244 536 2481 582 mentem
2516 530 2787 598 potuisset
2832 534 3188 609 animumque
3240 542 3550 611 advertere,

288 584 548 644 διάνοιαν.
585 588 693 642 Καὶ
721 595 875 646 ποῖον
902 597 1014 665 γὰρ
1055 593 1194 659 εἶδος
1236 597 1451 651 ἐκεῖθεν
1487 599 1744 671 φθόγγων
1770 607 1831 658 οὐ

2182 584 2191 588 τ
2516 584 2530 598 .
2686 584 2783 587 wn
2836 584 3187 609 -~--—-v—---1--~
3240 584 3550 611 ἰι-’νιννιυι

1978 616 2118 670 mira
2149 617 2440 675 dulcedine
2481 622 2813 680 oblectabat.
2846 624 3063 683 Etenim
3105 633 3285 701 qualis
3314 638 3556 694 musico-
3598 670 3601 671 ν

286 679 600 734 ἐδιδάσκετο
637 685 950 755 μουσικῶν;
1002 687 1188 758 ἢποία
1229 689 1391 761 χάρις
1431 692 1531 746 οὐκ
1586 695 1837 767 ὲπέλαμπ

3109 679 3285 701 -,---.-.,
3316 679 3552 694 ...πην-

1976 724 2100 763 rum
2140 727 2402 767 sonorum
2446 716 2662 784 species
2711 718 2838 774 inde
2868 735 2977 775 non
3016 723 3441 784 addiscehatur?
3469 734 3552 788 vel

284 775 397 835 τοῖς
425 773 888 847 ᾲτματιζομένοις
914 780 1062 852 αύτῷ
1089 798 1104 847 ;
1147 782 1387 838 Ἐκεῖθεν
1401 783 1586 872 ’ὕπνος
1635 789 1732 843 καὶ
1757 792 1837 843 τοῖ

1966 799 2152 868 qualis
2178 801 2351 871 gratia
2392 803 2445 857 in
2479 804 2564 869 iis,
2591 821 2712 875 quae
2747 807 2815 861 ab
2841 810 3030 865 eodem
3059 815 3414 884 canebantur,
3443 836 3551 876 non

282 864 426 932 ἄγαν
464 866 733 939 ῥᾳθύμοις
775 871 1191 941 ἀπετινάσσετο,
1226 864 1518 930 σπεύδουσι
1561 881 1837 952 κηληθῆνα

1990 864 2002 868 -
2180 864 2206 871 _
2554 864 2561 869 .
2609 864 2622 875 .
2958 864 2965 865 κ
3069 864 3414 884 --ηρ---ι-.--.,
3444 864 3551 876 ..νη

1970 890 2261 946 elucebat?
2289 893 2420 950 lude
2452 897 2531 950 vel
2572 897 2942 965 ignavissimis
2975 917 3041 956 ac
3094 907 3344 962 socordia
3375 911 3551 977 plenis

280 956 380 1028 τὴν
402 958 572 1029 ἀκοὴν
601 961 740 1029 ὁμοῦ
772 964 867 1018 καὶ
901 964 1141 1020 διάνοιαν
1176 967 1256 1039 τῷ
1301 967 1510 1041 λιγυρῷ
1537 976 1869 1044 προσφωνή-

282 1065 437 1118 ματι.
472 1049 755 1105 Ἐντεῦθεν
779 1054 875 1108 καὶ
905 1057 1018 1120 τοῖς
1054 1057 1188 1127 πρὸς
1215 1058 1418 1129 ἀρετὴν
1465 1061 1694 1125 ἑαυτοὺς
1743 1064 1866 1116 ἐπι-

278 1138 513 1193 τείνουσι
536 1142 633 1209 τῆς
662 1143 867 1216 ἀρετῆς
895 1147 928 1218 η
955 1146 1069 1213 ἕξις
1095 1150 1511 1222 κατανενόηται;
1558 1152 1746 1209 Ταῦτα
1771 1154 1866 1208 καὶ

276 1229 326 1281 οἱ
356 1230 415 1284 ἐν
439 1230 636 1296 λύπαις
672 1234 1169 1308 ἀναλαμϐάνοντες,
1198 1240 1259 1294 τὸ
1284 1241 1530 1313 ἀθυμοῦν
1554 1245 1645 1297 καὶ
1674 1246 1864 1301 δακνό⁶

278 1338 443 1391 μενον
468 1324 566 1394 τῆς
606 1325 784 1398 ψυχῆς
835 1331 1260 1403 κατεκοίμιζονο
1313 1335 1524 1401 τούτοις
1568 1336 1666 1391 καὶ
1701 1340 1751 1392 οἱ
1804 1340 1863 1393 ὲν

273 1415 513 1490 εὐθυμία
540 1418 694 1485 ὄντες
727 1427 865 1494 πρὸς
894 1425 1091 1497 ἡδονῆς
1123 1429 1247 1482 κατ’
1282 1428 1445 1485 ἄλλον
1493 1422 1695 1504 τρόπον
1729 1453 1861 1505 μετ-

276 1506 511 1563 έπιπτον
531 1512 765 1585 δάκρυα.
784 1516 848 1568 Ol
876 1517 1179 1589 γράφοντες
1201 1520 1278 1584 δὲ,
1307 1524 1420 1587 τοῖς
1449 1524 1626 1589 ἄλλοις
1652 1527 1862 1598 χαίρειν

272 1603 520 1668 εἰπόντες
554 1607 854 1678 πονήμασι,
909 1613 1023 1674 τοῖς
1071 1611 1169 1665 τοῦ
1201 1612 1350 1667 θείου
1402 1614 1598 1686 Ἰωσὴφ
1623 1618 1758 1672 πολύ
1807 1637 1857 1674 τι

270 1694 463 1766 κέρδος
479 1697 913 1770 ὲμμελῳδήμασι
939 1704 1353 1775 συνηθροίκασι,
1398 1708 1601 1778 μᾶλλον
1627 1708 1686 1763 δὲ
1738 1726 1860 1765 συν-

267 1786 609 1856 αθροίζουσι.
654 1790 902 1847 Γὶῶσσαι
927 1794 1037 1867 γὰρ
1080 1798 1257 1852 πᾶσαι
1304 1798 1447 1854 κατὰ
1491 1800 1685 1870 φυλὰς,
1720 1802 1858 1874 πρὸς

1970 998 2200 1039 somnus
2232 988 2635 1056 excutiebatur,
2674 990 3066 1049 festinantibus
3099 996 3165 1051 ad
3195 999 3552 1060 oblectandas

1968 1083 2131 1130 abres
2179 1076 2345 1131 simul
2391 1087 2447 1133 et
2492 1081 2740 1136 animum
2786 1093 2949 1139 cantu
3002 1085 3150 1143 illius
3196 1092 3547 1148 suavissimo.

1966 1165 2097 1222 lnde
2142 1179 2195 1223 et
2231 1170 2359 1236 illis,
2393 1173 2485 1241 qui
2526 1174 2594 1227 ad
2626 1176 2883 1231 virtutem
2920 1179 3273 1237 vehementer
3299 1185 3547 1241 animum

1966 1260 2345 1326 intendebant,
2409 1264 2631 1321 virtutis
2694 1267 2869 1336 ipsius
2920 1270 3142 1327 habitus
3197 1288 3549 1343 comparatus

1966 1359 2070 1404 est.
2105 1348 2231 1404 llrec
2261 1354 2523 1408 memoria
2571 1364 2884 1423 repetentes
2916 1358 3016 1425 illi,
3060 1362 3152 1430 qui
3187 1379 3426 1421 maerore
3453 1382 3552 1437 op-

1964 1442 2137 1510 pressi
2175 1452 2351 1507 erant,
2388 1445 2557 1500 animi
2587 1446 2941 1526 pusillitatem
2987 1467 3053 1507 ac
3100 1455 3409 1510 molestiam
3451 1457 3549 1514 de-

1963 1534 2260 1601 ponebant.
2318 1535 2416 1591 llis
2465 1540 2629 1593 etiam
2704 1541 2781 1595 illi
2826 1542 2918 1613 qui
2975 1544 3305 1603 hilaritatem
3374 1550 3544 1604 animi

1961 1623 2407 1691 experiebantur,
2442 1627 2505 1681 ad
2541 1629 2837 1700 voluptatis
2866 1632 3157 1705 laerymas,
3194 1639 3289 1692 sed
3323 1638 3547 1695 diverso

1961 1715 2147 1780 modo,
2187 1717 2481 1772 transitum
2526 1718 2826 1780 faciebant.
2882 1724 3198 1796 Scriptores
3252 1738 3436 1784 autem
3487 1731 3543 1786 in

1960 1804 2089 1859 aliis
2135 1807 2395 1875 operibus
2448 1815 2849 1881 componendis
2878 1815 3049 1873 laetari
3102 1831 3440 1890 recusantes,
3476 1837 3546 1878 ex

263 1879 364 1947 τὴν
400 1880 612 1936 ἑαυτῶν
651 1883 932 1941 διάλεκτον
970 1888 1040 1943 τὰ
1088 1890 1442 1961 μελετήματα
1496 1893 1837 1966 βαλλόμεναι,

1959 1894 2129 1950 divini
2159 1895 2361 1968 Joseph
2395 1879 2631 1957 canticis
2676 1918 2740 1961 ac
2779 1907 3016 1965 modulis
3055 1911 3416 1982 collegerunt,
3457 1914 3544 1969 vel

259 1972 365 2043 τὴν
390 1973 565 2029 νύκτα
587 1978 768 2033 πᾶσαν
794 1983 1257 2051 καταφωτίζουσι,
1286 1993 1381 2040 καὶ
1409 1988 1470 2041 τὸ
1510 1988 1681 2061 αὐτῆς
1726 2005 1854 2044 σκο·

259 2066 442 2120 τεινὸν
465 2070 557 2122 καὶ
586 2070 720 2141 πρὸς
744 2071 912 2128 ῦπνον
945 2063 1236 2148 ἑλκόμενον
1274 2083 1344 2151 τῇ
1369 2084 1549 2152 πυκνῇ
1596 2098 1851 2153 φρυκτω-

261 2156 360 2227 ρίᾳ⁸
404 2158 545 2231 πρὸς
579 2160 811 2231 ἡλιακὰς
880 2169 1222 2238 φωτοχυσίας
1268 2172 1719 2242 μεταϐιϐάζουσι,
1753 2174 1848 2229 καὶ

254 2249 585 2323 χαίρεινετῴ
619 2251 775 2325 ὕπνῳ
799 2257 1053 2313 εἰποῦσαι
1083 2262 1194 2325 τοῖς
1218 2261 1463 2333 ᾄσμασιν
1483 2263 1841 2335 ὡραῖζονται.

1958 1985 2146 2055 potius
2186 1987 2457 2059 colligunt
2499 1990 2714 2047 lucrum
2767 1997 3041 2065 quoddam
3084 2002 3424 2071 peramplum
3478 2018 3545 2060 ac

1958 2077 2166 2133 nobile.
2198 2078 2456 2136 Omnium
2483 2084 2631 2138 enim
2665 2085 2865 2158 lingua:
2900 2089 3057 2160 juxta
3093 2093 3269 2149 tribus
3300 2110 3449 2158 suas,
3476 2112 3543 2151 ac

1955 2170 2323 2240 proprietates
2360 2172 2589 2243 loquela:
2625 2190 2761 2244 suae,
2788 2193 2883 2248 per
2915 2188 3084 2236 totam
3114 2194 3331 2240 noctem
3366 2187 3541 2242 sacris

1955 2264 2405 2319 meditationibus
2434 2275 2716 2332 vacantes,
2743 2269 2893 2326 illius
2929 2275 3185 2331 tenebras
3212 2291 3276 2331 ac
3304 2293 3532 2332 somnn-

255 2347 511 2418 lentiam,
548 2345 821 2418 frequenti
854 2349 1124 2407 luminum
1175 2356 1503 2411 accensione
1551 2358 1604 2411 in
1635 2359 1845 2415 solares
1884 2357 2072 2414 radios
2103 2366 2471 2423 commutant,
2512 2370 2567 2416 et
2601 2363 2780 2418 somni
2828 2364 3119 2423 dulcedine
3195 2368 3300 2423 frui
3378 2385 3538 2426 recu-

252 2449 469 2503 santes,
498 2443 671 2497 sancti
705 2442 867 2512 hujus
893 2444 997 2499 viri
1031 2446 1263 2505 canticis
1292 2447 1646 2507 decorantur.

269 2527 289 2534 ’
325 2529 436 2592 κζ’.
463 2532 619 2584 Ἐστι
669 2550 756 2597 τις
791 2534 1056 2605 ἄτεγκτος
1108 2540 1205 2593 καὶ
1232 2540 1553 2612 ἀμείλικτος
1579 2545 1676 2598 xal.
1705 2546 1842 2617 πρὸς

248 2621 509 2692 δακρύων
538 2625 799 2699 ὲπιρῤοὰς
829 2630 1014 2700 ἀφυής
1038 2650 1055 2697 ;
1084 2632 1167 2687 Τὰ
1200 2635 1280 2698 είς
1304 2635 1405 2706 τὴν
1430 2636 1714 2709 Παρθένον
1746 2640 1842 2693 καὶ

247 2714 485 2786 Μητέρα
505 2716 661 2784 Θεοῦ,
708 2720 808 2792 τὴν
836 2723 975 2795 ὑπὲρ
1002 2724 1161 2794 λόγον
1203 2727 1579 2784 συλλαϐοῦσαν
1612 2731 1703 2786 τὸν
1733 2732 1840 2786 Λό-

245 2824 372 2875 γον,
412 2809 612 2881 λιγυρὰ
653 2813 1016 2886 μελῳδήματα
1047 2819 1239 2888 ἐπιὼν,
1273 2820 1549 2887 θαλάσσας
1584 2824 1839 2897 δακρύων

242 2900 379 2965 τοὺς
408 2902 719 2975 ὀφθαλμοὺς
739 2906 1073 2980 πληρωθεὶς,
1108 2913 1205 2967 καὶ
1241 2914 1342 2985 τὴν
1368 2916 1611 2973 διάνοιαν
1640 2936 1837 2975 συντα-

243 2993 394 3058 κεὶς,
424 2995 574 3067 ἀῢλῳ
603 2997 679 3067 νῷ
708 3004 1121 3075 κατατρυφήσει
1142 3005 1253 3059 τῶν
1272 3009 1476 3080 νοερῶν
1502 3010 1708 3080 ίύγγων
1736 3015 1836 3085 τῆς

241 3086 628 3154 κιτανύξεως·
660 3093 832 3163 μυρία
864 3093 920 3147 δὲ
966 3096 1144 3151 ταῦτα
1174 3098 1353 3172 τούτῳ
1399 3103 1736 3158 συντέθειται
1774 3106 1833 3161 ὲν

2025 2539 2117 2595 27.
2149 2539 2244 2595 Est
2278 2541 2552 2610 quiSpiam
2587 2540 2796 2612 rigidus
2827 2558 2891 2598 ac
2922 2544 3117 2612 durus,
3154 2556 3316 2619 atque
3351 2553 3417 2607 ad
3451 2555 3536 2611 la-

1952 2650 2172 2706 crymas
2196 2634 2557 2691 cilundendas
2581 2636 2841 2707 ineptus?
2868 2641 3239 2699 Suavissimas
3270 2650 3534 2709 melodias

1948 2724 2020 2779 ab
2045 2738 2111 2779 eo
2140 2726 2375 2795 scriptas
2402 2727 2452 2781 in
2482 2725 2762 2799 Virginem
2787 2745 2851 2784 ac
2875 2729 2968 2786 Dei
3001 2732 3225 2791 Matrem
3254 2738 3387 2811 (l0),
3412 2754 3535 2812 quae

1948 2814 2299 2871 lneﬂ‘abiliter
2351 2816 2592 2873 Verbum
2643 2823 2917 2893 concepit,
2966 2826 3190 2883 assidue
3248 2831 3431 2901 legens
3468 2853 3534 2892 ac

1944 2908 2270 2974 decantans,
2307 2910 2677 2982 lacrymarum
2711 2916 2884 2970 maria
2921 2916 3100 2987 plenis
3144 2923 3533 2989 orulis,eﬂun-

1943 2998 2053 3065 det,
2080 3010 2134 3053 et
2160 3009 2344 3055 mente
2364 3002 2807 3073 colliquefactus,
2835 3007 3185 3065 immateriali
3211 3027 3376 3069 sensu
3410 3019 3529 3087 spi-

1942 3088 2236 3145 ritualibus
2282 3093 2726 3161 compunetionis
2787 3095 3000 3152 deliciis
3051 3098 3380 3169 perfruetur.
3432 3105 3527 3163 lite

241 3177 531 3250 διαφόροις
588 3181 931 3252 ἐναλλαγαῖς,
973 3186 1069 3241 καὶ
1114 3188 1264 3260 ἢχων
1325 3196 1686 3265 κατατομαῖς,
1737 3196 1830 3250 καὶ

1943 3192 2119 3237 autem
2162 3184 2414 3239 melodia:
2447 3196 2722 3243 sexcenta:
2764 3198 2916 3255 sunt,
2978 3207 3102 3261 quae
3151 3194 3220 3249 ab
3248 3209 3317 3250 eo
3359 3199 3528 3255 variis

243 3269 476 3339 ῥυθμῶν
532 3274 792 3329 ποικίλων
826 3276 1117 3350 διαφοραῖς
1155 3283 1221 3334 τὸ
1264 3282 1366 3353 ἡδύ
1401 3302 1519 3349 πως
1545 3287 1834 3358 ἀρωματί-

240 3360 433 3421 ζοντα.
466 3363 725 3421 Βούλεταί
751 3385 834 3432 τις
860 3369 1056 3440 μαθεῖν
1087 3371 1181 3426 τὸν
1221 3373 1337 3445 βίον
1365 3375 1463 3429 τοῦ
1508 3378 1647 3447 πρὸς
1693 3380 1835 3451 ἠμέ-

239 3473 350 3525 ραν
380 3459 698 3529 τιμωμένου
723 3460 880 3531 ἁγίου
905 3465 971 3535 τῇ
1020 3464 1317 3538 Ἐκκλησία
1341 3467 1433 3521 τοῦ
1457 3469 1593 3524 Θεοῦ
1623 3489 1639 3539 ;
1682 3474 1834 3528 Μετ-

236 3547 493 3618 ερχέσθω
563 3552 624 3605 τὸ
670 3551 977 3626 εὔρυθμον,
1032 3559 1130 3612 καὶ
1181 3559 1268 3628 ἐφ’
1323 3561 1407 3614 ἑνὶ
1455 3563 1671 3632 ἑκάστῳ
1723 3566 1834 3619 τῶν

236 3642 549 3713 ᾀδομένων,
603 3645 1020 3714 ἐπιγινωσκέτω
1064 3649 1167 3721 τὴν
1201 3651 1297 3705 τοῦ
1357 3652 1476 3723 βίου
1529 3654 1829 3728 διαγωγήν.

237 3732 358 3788 Καὶ
386 3734 498 3798 πᾶς
530 3734 632 3806 μὲν
659 3737 768 3793 τῶν
801 3739 974 3808 ἁγίων
1003 3741 1096 3795 ὑπ’
1126 3743 1321 3812 ἐκείνῳ
1351 3745 1667 3818 τιμώμενος
1701 3749 1835 3803 ἀνα-

234 3828 522 3882 δείκνυται
542 3844 557 3861 *
591 3828 755 3893 αὐτὸς
785 3831 841 3885 δὲ
878 3832 940 3886 ὲν
973 3834 1142 3888 πᾶσιν
1171 3836 1365 3906 ὁρᾶται
1398 3838 1740 3911 τιμώμενος,
1772 3843 1833 3896 ἐν

232 3918 422 3971 ἄλλων
452 3918 589 3988 βίοις
617 3920 782 3986 αὐτὸς
810 3920 1211 3996 ἑξυμνούμενος
1231 3966 1245 3991 ,
1277 3927 1368 3983 διά
1393 3928 1455 3982 τὸ
1483 3929 1702 4002 λιγυρὸν
1735 3932 1833 3987 καὶ

234 4008 518 4079 εῦρυθμον
540 4009 641 4078 τῆς
667 4012 943 4081 ἐμμελοῦς
977 4014 1354 4086 μελῳδήσεως.
1386 4018 1581 4082 Ἀλλος
1608 4020 1708 4091 μὲν
1737 4020 1831 4076 οῦν

235 4102 598 4173 μεγαλυνέτω
621 4104 713 4159 τὸν
740 4104 854 4176 βίον
875 4106 971 4160 τοῦ
999 4108 1298 4180 μακαρίου,
1324 4110 1354 4163 ὁ
1375 4110 1431 4164 δὲ
1455 4112 1552 4182 τῆς
1574 4111 1831 4181 γνώσεως

230 4196 295 4248 τὸ
314 4195 650 4266 ὑπερφέρον,
671 4198 870 4259 πάντες
886 4198 943 4251 δὲ
960 4198 1139 4252 πάντα
1152 4199 1351 4271 ἐπίσης
1377 4200 1473 4256 καὶ
1500 4202 1590 4256 διὰ
1607 4203 1829 4259 πάντων

233 4287 698 4357 μεγαλυνέτωσαν
716 4288 813 4359 τὴν
843 4290 1002 4361 χάριν
1024 4291 1121 4346 τοῦ
1138 4292 1477 4365 Πνεύματος,
1508 4298 1631 4369 ἥτις
1652 4299 1827 4373 τούτῳ

229 4376 411 4442 οὕτως
448 4380 763 4451 ἐκκέχυται,
794 4382 870 4448 ὡς
896 4386 978 4449 είς
1000 4386 1183 4439 πᾶσαν
1207 4388 1305 4459 τὴν
1329 4391 1655 4463 οίκουμένην
1677 4394 1826 4463 ἐξελ-

231 4472 358 4527 θεῖν
373 4472 471 4527 τὸν
501 4474 743 4544 φθόγγον
776 4477 967 4543 αὐτοῦ,
994 4479 1092 4533 καὶ
1122 4481 1203 4544 είς
1230 4480 1300 4537 τὰ
1320 4483 1534 4555 πέρατα
1560 4488 1739 4542 πάντα
1756 4489 1826 4544 τὰ

228 4564 350 4618 τῶν
398 4564 808 4638 μελῳδημάτων
854 4568 1189 4644 θεοκρότητα
1242 4574 1484 4644 ῥήματα.
1532 4578 1667 4650 Περὶ
1714 4581 1822 4653 γὰρ

226 4656 344 4711 τῶν
386 4656 563 4712 ἄλλων
600 4660 655 4715 τί
704 4662 811 4734 χρὴ
844 4663 940 4717 καὶ
986 4663 1201 4732 λέγεινς
1242 4667 1475 4732 ὁπόσους
1511 4670 1722 4736 ἐκεῖνος
1751 4675 1816 4727 ὲκ

224 4751 329 4804 τοῦ
355 4749 522 4821 βυθοῦ
547 4752 646 4823 τῆς
683 4754 944 4819 ἀπιστίας
970 4755 1268 4821 ἐξείλκυσε,
1305 4761 1401 4815 καὶ
1429 4761 1564 4831 πρὸς
1592 4763 1691 4835 τὴν
1720 4764 1822 4835 τῆς

225 4842 399 4911 ἁγίας
432 4843 660 4915 Τριάδος
692 4845 895 4913 γνῶσιν
929 4848 1222 4919 ὲρύθμισεο
1250 4851 1451 4917 πόσους
1477 4854 1533 4907 δὲ
1564 4854 1820 4926 πέπεικε,

224 4936 448 5005 χαίρειν
475 4937 649 4989 εἰπεῖν
682 4935 760 5006 τῷ
794 4937 985 5009 κόσμῳ
1010 4939 1104 4993 καὶ
1127 4943 1239 5004 τοῖς
1265 4942 1324 4995 ἐν
1357 4942 1550 5015 κόσμῳ
1568 4987 1581 5011 ,
1611 4947 1705 5001 καὶ
1729 4947 1820 5001 τὸν

227 5026 453 5097 μονήρη
483 5025 597 5097 βίον
641 5028 1033 5083 ἀσπάσασθαιο
1068 5031 1243 5097 πόσας
1273 5033 1331 5087 δὲ
1370 5039 1637 5103 γυναῖκας
1683 5056 1823 5111 παρ-

223 5118 476 5171 θενεύειν
510 5118 749 5185 ἐδίδαξεν
770 5160 785 5185 ,
816 5120 882 5174 ἵν’
922 5120 1098 5193 ἔχοιεν
1124 5124 1223 5187 τὰς
1268 5125 1559 5197 λαμπάδας
1585 5130 1824 5185 ἀναπτο-

224 5213 405 5283 μένας
418 5212 710 5283 διηνεκῶς,
728 5214 823 5267 καὶ
847 5214 1156 5269 συνέλθοιεν
1180 5216 1257 5287 τῷ
1281 5220 1552 5291 μνηστῆρι
1578 5221 1821 5294 Χριστῷ,

220 5305 356 5376 ἄρτι
391 5304 641 5375 κραυγῆς
664 5304 998 5376 τελουμένης
1020 5306 1077 5360 ἐν
1098 5305 1173 5377 τῷ
1198 5307 1349 5380 μέσῳ
1376 5309 1440 5380 δὴ
1468 5310 1567 5382 τῆς
1589 5313 1784 5377 νυκτός
1804 5330 1819 5379 ;

1937 3273 2460 3329 commutationibus
2476 3283 2531 3329 et
2555 3289 2817 3331 sonorum
2839 3279 3270 3347 concisionibus,
3308 3288 3523 3343 variis-

1936 3378 2045 3434 que
2110 3364 2494 3435 rhythmorum
2530 3366 2860 3425 diﬂerentiis
2896 3372 3241 3442 compositae,
3273 3375 3523 3432 dulcedi-

1936 3471 2061 3512 nem
2082 3457 2487 3525 quodatnmudo
2508 3469 2676 3530 atque
2694 3462 2920 3517 odorem
2945 3454 3236 3522 suavitatis
3258 3470 3524 3524 aromati-

1936 3556 2082 3603 zant.
2106 3547 2201 3604 Est
2217 3565 2384 3620 porro
2415 3551 2934 3623 aliquis,quisancti
2953 3556 3127 3624 illius,
3154 3560 3250 3629 qui
3280 3564 3523 3618 currenti

1933 3640 2027 3695 die
2055 3640 2125 3696 ab
2147 3642 2392 3698 Ecclesia
2433 3642 2527 3697 Dei
2562 3644 2887 3709 honoratur,
2926 3648 3093 3725 vitam
3126 3651 3407 3708 addiscere
3426 3669 3523 3708 cu-

1934 3733 2086 3805 piat?
2110 3735 2374 3806 Capessat
2394 3752 2461 3793 ac
2490 3737 2632 3807 legat
2661 3739 3001 3810 lepidissima
3023 3742 3170 3799 illius
3198 3746 3433 3810 cantica,
3466 3755 3523 3800 et

1934 3828 1990 3882 in
2039 3844 2374 3900 unoquoque
2397 3845 2612 3896 eorum,
2650 3847 2771 3901 qua:
2821 3843 3120 3901 canuntur,
3180 3837 3309 3891 vita:
3340 3839 3517 3894 sancti

1933 3919 2083 3977 illius
2100 3922 2371 3978 rationem
2389 3933 2770 3996 recognoscat.
2799 3925 2865 3980 Et
2889 3925 3132 3997 profecto
3159 3929 3520 4001 uniuscujus-

1932 4029 2041 4084 que
2068 4025 2409 4082 sauctorum,
2433 4017 2529 4087 qui
2552 4017 2625 4073 ab
2664 4032 2733 4073 eo
2770 4018 3094 4085 honoratur,
3118 4020 3224 4075 vita
3251 4021 3307 4075 in
3335 4021 3511 4078 lucem

1932 4105 2230 4178 profertur,
2248 4108 2532 4178 oculisque
2549 4109 2861 4180 subjicitur.
2880 4109 3002 4181 Ipse
3021 4126 3150 4168 vero
3168 4112 3306 4168 inter
3322 4127 3518 4171 omnes

1932 4200 2239 4257 honoratus
2269 4209 2517 4272 apparet,
2549 4210 2716 4274 atque
2744 4203 2799 4258 in
2831 4202 3066 4260 aliorum
3097 4204 3210 4261 vita
3242 4204 3359 4277 ipse
3390 4206 3513 4261 Ian-

1930 4295 2093 4349 datur
2144 4304 2371 4366 propter
2422 4296 2756 4352 suavitatem
2808 4305 2862 4353 et
2908 4297 3341 4354 concinnitatem
3393 4299 3516 4355 dul-

1929 4386 2167 4443 cissima:
2221 4387 2489 4443 mclodiae.
2542 4388 2650 4444 Alii
2695 4390 2860 4460 igitur
2917 4389 3084 4459 hujus
3145 4390 3291 4445 beati
3345 4393 3511 4447 vitam

1930 4495 2065 4537 sane
2110 4480 2505 4553 magniﬁcent:
2539 4481 2632 4537 alii
2662 4490 2845 4538 autem
2882 4482 3132 4538 scientia:
3176 4483 3327 4539 illius
3372 4484 3511 4540 emi-

1930 4574 2214 4640 nentiam;
2248 4589 2443 4630 omncs
2465 4589 2598 4630 vero
2630 4574 2816 4631 omnia
2845 4574 3131 4645 aequaliter
3161 4584 3215 4631 et
3254 4566 3351 4646 per
3384 4591 3504 4632 om-

1931 4665 2018 4718 nia
2065 4663 2416 4733 magniﬁcent
2444 4664 2709 4736 Spiritus
2736 4665 3005 4736 gratiam,
3059 4681 3183 4737 qua:
3214 4667 3292 4723 ita
3326 4667 3381 4722 in
3415 4667 3512 4723 illo

1929 4757 2100 4813 eil‘usa
2150 4768 2256 4821 est,
2316 4768 2375 4812 ut
2422 4758 2478 4812 in
2511 4772 2729 4814 omnem
2762 4767 3034 4814 terrarum
3070 4759 3257 4816 orbem
3312 4760 3511 4816 exierit

1928 4865 2105 4906 sonus
2167 4850 2312 4921 ejus,
2369 4859 2425 4906 et
2477 4850 2535 4905 in
2587 4850 2726 4908 fines
2773 4860 2936 4907 terra:
2994 4851 3285 4909 universos
3339 4853 3508 4908 verba

1928 4942 2100 5000 Deum
2131 4944 2442 5001 resonantia
2502 4945 2863 4999 melodiarum
2897 4943 3039 5014 ejus.
3074 4943 3153 5000 De
3187 4945 3311 5001 aliis
3339 4960 3509 5015 porro

1929 5036 2059 5108 quid
2095 5051 2235 5107 opus
2268 5045 2353 5093 est
2380 5045 2643 5107 praeterea
2670 5035 2876 5100 dicere,
2902 5046 3035 5105 quot
3080 5035 3171 5091 ille
3204 5050 3272 5090 ex
3314 5036 3507 5091 intlde-

1928 5130 2103 5187 litatis
2139 5130 2401 5186 barathro
2443 5130 2512 5185 ad
2555 5138 2759 5186 sanctae
2800 5127 3088 5183 Trinitatis
3133 5128 3504 5198 cognitionem

1927 5221 2209 5288 eduxerit;
2242 5229 2378 5292 quot
2399 5220 2739 5291 persuaserit
2763 5218 2951 5273 mundi
2985 5229 3042 5273 et
3072 5233 3265 5274 eorum
3296 5234 3419 5290 qua:
3442 5219 3500 5273 in

1932 5313 2141 5368 mundo
2172 5324 2300 5368 sunt
2342 5313 2542 5384 gaudia
2573 5324 2835 5381 respuere
2857 5349 2875 5375 ,
2913 5317 2969 5365 et
2998 5310 3303 5366 solitariam
3336 5311 3502 5364 vitam

222 5398 569 5470 amplexari;
604 5408 740 5469 quot
771 5398 1006 5454 feminas
1044 5399 1413 5471 virginitatem
1488 5420 1710 5461 servare
1746 5408 2018 5473 docuerit,
2053 5415 2114 5461 ut
2174 5406 2441 5461 haberent
2508 5404 2730 5461 assidue
2798 5402 3079 5473 lampades
3109 5416 3373 5459 accensas
3399 5438 3415 5464 ,
3448 5407 3504 5455 et

219 5511 353 5551 cum
406 5505 612 5560 sponso
645 5478 867 5547 Christo
907 5492 1128 5562 nuptias
1176 5493 1402 5561 inirent,
1431 5498 1617 5552 statim
1654 5508 1822 5570 atque
1859 5501 2067 5557 clamor
2097 5499 2281 5557 media
2348 5507 2511 5555 nocte
2532 5495 2725 5554 ﬁeret?

300 5631 413 5701 (l0)
443 5631 718 5687 Plurimas
743 5645 839 5687 eas
862 5629 1029 5688 fuisse
1052 5647 1159 5688 non
1180 5632 1496 5691 dubitamus
1524 5654 1537 5691 :
1561 5645 1613 5690 et
1639 5639 1823 5695 multae

222 5703 686 5777 forsitauadhuc
732 5702 899 5777 latent
935 5702 1155 5777 in_tuss.
1189 5702 1389 5777 Siculis
1418 5709 1562 5777 apud
1596 5707 1822 5764 Basilia-

221 5788 354 5829 nos.
421 5772 746 5843 Hippolytus
783 5771 1105 5843 Maracciusg
1131 5788 1197 5829 ex
1241 5771 1555 5832 Graecorum
1601 5778 1822 5838 Menaeis

221 5859 426 5901 novem
452 5841 691 5915 integros
722 5857 965 5899 canones
992 5842 1057 5900 de
1087 5841 1318 5915 Deipara
1354 5848 1546 5914 edidit,
1571 5861 1622 5905 et
1650 5852 1821 5905 maxi-

1922 5657 2072 5696 mum
2107 5656 2396 5696 numerum
2443 5637 2867 5695 Theotociorum
2889 5674 2905 5701 ,
2938 5634 2990 5690 id
3020 5641 3102 5688 est
3144 5632 3494 5703 str0pharum

1920 5716 1987 5767 de
2038 5711 2231 5778 Beata,
2264 5714 2317 5767 in
2349 5712 2469 5787 line
2505 5715 2772 5787 cujusque
2811 5705 3348 5787 odaehcanendarum
3373 5739 3392 5770 ,
3430 5718 3495 5757 ex

1921 5784 2179 5862 omnibus
2209 5775 2355 5862 quos.
2378 5799 2408 5837 a
2440 5775 2697 5862 Iosephi};
2706 5776 3053 5862 compositos!
3068 5775 3296 5862 credidit
3328 5789 3496 5830 cano-

1922 5854 2104 5919 nibus,
2137 5844 2242 5923 per'
2262 5854 2427 5909 totius
2457 5844 2589 5921 anni
2613 5844 2849 5907 cilicium
2881 5844 3108 5917 sparsis.
