3978 6592
500 420 601 487 967

1587 410 1645 470 S.
1691 408 2002 470 JOSEPIII
2043 404 2596 467 ΗΥΜΝΟΘΒΑΡΙΠ
3598 404 3683 465 968

570 530 659 583 9.8.
697 527 891 582 Verum
921 542 1109 581 rursus
1136 522 1369 577 extorris
1401 531 1561 589 atque
1582 520 1736 573 etis-ul
1758 534 1880 572 esse
1903 533 2053 571 com-

2234 513 2341 583 κη’.
2368 515 2442 568 Οὑ
2479 519 2586 584 μὴν
2620 512 2753 566 ἀλλὰ
2787 511 2878 565 καὶ
2901 510 3061 564 πάλιν
3086 510 3371 582 ὑπερόριος
3409 510 3615 577 γίνεται,
3638 515 3686 568 τὸ

499 621 743 690 pellitur;
786 620 1015 673 caudam
1075 633 1173 671 sua
1231 620 1610 670 munumento
1654 611 1855 664 Satana
1913 610 2063 664 flau-

497 713 741 771 dulento,
790 721 844 766 et
898 710 1195 780 pessimum
1254 707 1401 761 illius
1450 704 1712 772 temporis
1764 703 2056 772 imperato-

503 819 616 857 rem
657 802 768 875 (ii)
808 803 1095 855 excitante.
1133 798 1247 853 Non
1293 800 1437 851 enim
1469 804 1645 866 potest
1679 795 1726 848 is
1758 795 2060 863 quiescere,

498 897 587 962 qui
634 902 891 960 tanquam
925 890 1162 944 triticum
1198 889 1316 958 pios
1348 888 1532 940 fideles
1569 884 1810 938 cribrare
1841 884 2061 953 expetit,

502 989 593 1040 sed
623 986 834 1039 animas
869 985 933 1037 ad
978 1000 1098 1038 sese
1132 984 1397 1053 proclives
1433 986 1649 1051 penitus
1675 989 1981 1036 commovet
2012 987 2067 1033 et

498 1078 756 1143 exagitat.
802 1073 1171 1138 Quamobrem
1211 1073 1408 1124 iterum
1444 1070 1640 1124 bellum
1673 1069 1933 1123 adversus
1961 1065 2065 1120 Ec-

498 1164 719 1217 clesiam
768 1163 1159 1215 inconcussam
1211 1161 1529 1225 suscitatur,
1561 1169 1615 1214 et
1654 1175 1823 1214 sacra:
1863 1155 2065 1212 Lhristi

501 1261 929 1319 sanctorumque
979 1251 1124 1303 illius
1177 1250 1445 1317 imagines
1492 1250 1876 1321 exploduntur,
1930 1263 2068 1318 quas

501 1360 623 1396 cum
661 1344 1044 1412 magnanimus
1093 1351 1277 1395 noster
1313 1350 1423 1393 t0ta
1458 1340 1639 1408 lingua
1673 1339 1929 1408 populum
1973 1338 2069 1391 ho-

2163 608 2379 678 οὐραῖον
2407 608 2815 674 περισεῖσαντος
2847 603 2943 657 τοῦ
2978 601 3381 672 πτερνοσκόπου
3407 602 3588 669 Σατὰν,
3612 607 3689 658 καὶ

2163 701 2254 752 τὸν
2294 698 2416 751 τότε
2454 697 2687 766 πονηρὸν
2730 696 2954 767 βασιλέα
2984 698 3321 763 κινήσαντος.
3361 696 3470 747 Οὔκ
3508 691 3569 766 ἦν
3601 696 3689 765 γὰρ

2165 780 2414 860 ἠρεμεῖν,
2444 790 2537 842 τδν
2563 791 2639 853 ὡς
2679 792 2823 843 σῖτον
2855 791 3094 844 σινιάσαι
3127 786 3390 860 ζητοῦντα
3413 787 3529 852 τοὺς
3558 789 3693 842 ιύσε-

2165 880 2281 945 δεῖς
2304 921 2319 947 ,
2351 880 2485 935 ἀλλά
2511 881 2781 945 παντοίως
2813 883 2952 935 κινεῖ
2978 881 3077 946 τάς
3106 881 3251 953 -πρδς
3274 880 3433 935 αὑτὸν
3461 880 3695 951 ῥεπούσας

2164 973 2359 1045 ψυχας.
2390 975 2554 1029 Ὅθεν
2583 978 2678 1030 καὶ⁵
2703 976 2865 1029 πάλιν
2896 975 3130 1048 πόλεμος
3153 975 3295 1029 κατά
3320 975 3416 1045 τῆς
3444 974 3695 1027 ἀτινάκτου

2168 1066 2504 1137 πανταχόθεν
2557 1067 2883 1137 Ἐκκλησίας
2919 1067 3356 1140 ἀναρριπίζεται,
3390 1067 3477 1119 καὶ
3513 1064 3573 1117 τὰ
3599 1066 3699 1135 ἱερὰ

2171 1159 2515 1228 μορφώματα
2567 1159 2803 1230 Χριστοῦ
2854 1161 2949 1214 καὶ
3002 1162 3111 1213 τῶν
3154 1159 3319 1213 αὑτοῦ
3359 1157 3521 1228 ἀγῖων
3564 1159 3700 1211 πάλιν

2168 1249 2478 1329 διώκονται,
2506 1250 2541 1303 ἀ
2570 1250 2831 1320 τιμᾶσθαι
2860 1252 2956 1325 ὅλῃ
2990 1250 3209 1323 γλώσσῃ
3236 1250 3298 1303 τὸ
3330 1251 3522 1320 «Milo;
3548 1250 3701 1303 ἀναδι-

2168 1343 2382 1397 δάσκων
2399 1345 2426 1396 ὁ
2452 1344 2852 1411 γενναιότατος,
2879 1347 2973 1397 καὶ
2996 1343 3389 1415 ἀνακηρύττων
3404 1342 3496 1412 τῆς
3518 1341 3702 1412 ὀρθοδα-

499 1449 698 1487 norare
739 1436 980 1497 doceret,
1043 1442 1096 1487 et
1142 1431 1430 1485 catholicae
1470 1431 1897 1498 orthodoxaeque
1945 1428 2068 1483 fidei

2176 1433 2287 1498 ξέας
2318 1436 2385 1487 τὰ
2404 1435 2672 1505 δόγματα,
2697 1437 2798 1489 οὑκ
2822 1438 2880 1490 ἐν
2905 1437 3053 1508 οἰκὶᾳ
3076 1436 3182 1489 οὐδ’
3207 1435 3300 1488 ἐπὶ
3320 1433 3558 1504 δώματος
3577 1476 3590 1497 ,
3611 1433 3705 1485 ἀλλ’

499 1525 776 1595 dogmata,
815 1542 919 1578 non
958 1528 1009 1578 in
1044 1526 1277 1593 privato,
1307 1535 1404 1577 aut
1437 1524 1490 1577 iu
1524 1523 1710 1586 domo,
1742 1524 1835 1576 sed
1872 1522 1925 1574 in
1956 1520 2069 1590 pla-

2176 1529 2231 1581 ἐν
2270 1529 2551 1593 πλατείαις
2587 1530 2679 1583 καὶ
2713 1530 2996 1601 παρρησίᾳ
3019 1569 3034 1594 ,
3062 1527 3342 1594 ἐξωθεῖται
3382 1526 3477 1596 τῆς
3510 1524 3705 1587 πόλεως,

504 1614 606 1670 teis
655 1632 779 1671 cum
821 1616 1071 1669 libertate
1127 1617 1477 1684 praedicaret,
1537 1614 1859 1667 exturbatur
1907 1620 2071 1683 atque

2176 1621 2265 1672 καὶ
2288 1615 2357 1689 ἦν
2390 1621 2449 1673 ἐν
2473 1620 2741 1692 ὑπερορίᾳ
2772 1618 3297 1690 στενοχωρούμενος,
3323 1615 3519 1687 μᾶλλον
3545 1614 3584 1667 δ’
3606 1616 3709 1666 ἐαυ-

504 1708 723 1777 ejicitur
755 1722 785 1760 e
821 1707 1044 1760 civitate
1088 1708 1140 1759 in
1188 1706 1466 1771 exsilium,
1507 1705 1596 1758 tibi
1633 1705 1844 1773 magnis
1884 1704 1937 1756 in
1969 1720 2069 1757 au-

2176 1715 2262 1767 τὸν
2289 1715 2751 1785 οἱκειογνωμόνως
2782 1711 3151 1784 στενοχωρῶν.
3176 1709 3310 1765 Μετ’
3332 1708 3393 1761 οὑ
3420 1708 3545 1760 πολὺ
3567 1706 3615 1759 δέ
3635 1705 3712 1775 λή-

502 1799 703 1869 gustiis
737 1799 1078 1860 vorsabatur,
1114 1798 1351 1864 majores
1384 1808 1563 1850 tamen
1599 1796 1879 1864 angustias
1909 1806 2072 1867 atque

2176 1806 2362 1870 ξαντος
2386 1804 2480 1859 τοῦ
2498 1804 2694 1870 κακοῦ,
2718 1804 2812 1859 καὶ
2837 1804 2931 1858 τοῦ
2961 1802 3229 1875 χειμῶνος
3254 1801 3611 1870 λωφήσαντος,
3638 1800 3714 1851 καὶ

500 1867 820 1949 aliiicnones
871 1894 984 1963 ipse
1023 1893 1242 1962 proprio
1282 1907 1445 1947 sensu
1495 1901 1800 1961 sponteque
1828 1890 2064 1945 Subibat.

2178 1867 2478 1967 δρθοδόξοις
2522 1867 2786 1952 δοθέντων
2810 1896 2920 1951 τῶν
2949 1867 3244 1968 σκήπτρων
3286 1867 3585 1964 βασιλεῦσιν
3627 1891 3715 1944 ἀπὸ

500 1984 616 2038 Non
655 1985 825 2039 multo
863 1995 1044 2039 autem
1094 1993 1238 2053 post,
1270 1997 1520 2038 cessante
1556 1984 1722 2047 malo,
1768 1999 1831 2037 ac
1861 1994 2068 2053 tempe-

2176 1989 2339 2053 Θεοῦ,
2368 1989 2754 2059 μετακαλεῖται
2776 1986 2931 2053 αὖθις
2960 1988 3103 2042 κατὰ
3124 1986 3276 2040 Θεόν.
3316 1986 3376 2038 ὐ
3400 1984 3454 2038 δέ
3477 1984 3534 2036 οὑ
3565 1983 3717 2035 πείθε-

501 2090 640 2131 State
680 2078 1015 2145 quiescente,
1065 2076 1347 2130 concessis
1377 2091 1407 2128 a
1439 2076 1546 2128 Deo
1577 2075 1792 2143 imperii
1824 2074 2066 2129 fascibus

2176 2099 2285 2149 ται,
2324 2086 2389 2155 τῇ
2417 2083 2685 2156 ὑπερορίᾳ
2727 2084 2803 2147 ὡς
2841 2081 3158 2153 παραδείσῳ
3186 2080 3275 2134 διὰ
3300 2078 3531 2148 Χριστὸν
3559 2075 3717 2148 ἡδυνό-

504 2168 923 2237 imperatoribus
973 2167 1294 2219 orthodoxis
1342 2166 1475 2235 (1‘2).
1515 2167 1710 2219 iteiutn
1764 2167 2065 2220 accersitur
2176 2192 2359 2246 μενος,

505 2260 804 2313 srcundum
873 2257 1067 2311 Deum.
1100 2257 1189 2311 ille
1257 2272 1384 2311 vero
1447 2271 1553 2311 non
1621 2257 2049 2329 obtemperavit;
2108 2267 2309 2321 etenim
2368 2267 2422 2323 in
2478 2267 2671 2323 exsilio
2727 2266 2969 2337 paradisi
3026 2264 3371 2321 dulcedinem
3443 2260 3722 2331 degustahai

501 2362 721 2421 propter
740 2350 1040 2403 Christum.

567 2446 658 2495 29.
699 2440 802 2495 Sed
851 2444 1107 2510 quoniam
1160 2442 1213 2495 hi
1262 2443 1611 2496 vehementer
1660 2442 1963 2505 instabant,
2015 2460 2073 2500 ac

2258 2450 2358 2506 οιθ’.
2394 2451 2540 2523 Πλὴν
2564 2452 2687 2505 ἐπεὶ
2726 2452 2925 2503 ἐκεῖνοι
2972 2448 3073 2521 μὲν
3098 2448 3382 2502 ἐπέκειντο
3409 2443 3717 2499 ἀντιϐολοῦν-

504 2535 674 2589 veluti
729 2534 951 2589 admoto
994 2538 1238 2587 exercitu
1288 2537 1573 2602 urgebant,
1622 2536 1709 2589 ille
1762 2551 1887 2590 vero
1922 2552 2073 2606 repu-

2178 2560 2270 2607 τες
2300 2546 2400 2616 τὴν
2430 2544 2740 2610 ἀνάζευξιν,
2771 2544 2801 2595 ὁ
2831 2543 2888 2596 δὲ
2922 2542 3247 2597 ἀντιτείνειν
3268 2541 3372 2594 οὐκ
3394 2535 3525 2609 εἶχε,
3567 2539 3643 2593 διά
3670 2538 3717 2591 τὺ

502 2641 668 2695 gnare
719 2640 827 2678 non
882 2626 1118 2691 valebat,
1168 2628 1465 2695 praesertim
1512 2628 1640 2696 quia
1680 2644 1877 2696 magno
1933 2628 2073 2683 cives

2180 2635 2275 2688 καὶ
2304 2635 2440 2706 πρὸς
2460 2636 2585 2696 τοὺς
2614 2637 2672 2688 ἐν
2697 2636 2763 2705 τῇ
2812 2634 2970 2687 πόλει
3014 2633 3426 2703 φιλάνθρωπον,
3458 2630 3587 2684 εἴκει
3614 2632 3715 2692 ταῖς

504 2734 695 2772 amore
747 2719 1207 2786 prosequebatur,
1259 2720 1638 2787 frequentibus
1693 2720 2073 2789 imperantium

2177 2726 2286 2777 τῶν
2334 2725 2679 2795 κρατούντων
2728 2728 2960 2787 πυκναῖς
3019 2723 3437 2794 παρακλήσεσι,
3496 2722 3583 2776 καὶ
3636 2721 3717 2787 τὴν

506 2810 758 2880 precibus
791 2811 1050 2874 oiiedivit,
1088 2821 1249 2878 atque
1301 2811 1477 2864 exsilii
1538 2812 1751 2865 tandem
1809 2813 2069 2866 derelicto

2181 2816 2478 2888 ὑπερορίαν
2507 2815 2641 2879 τέως
2670 2814 2987 2869 καταλιπὼν
3031 2817 3097 2885 τῇ
3141 2813 3429 2877 Βυζαντίδι
3458 2811 3685 2880 ἐπιφοιτᾷ
3704 2824 3715 2838 '

504 2902 644 2963 loco,
667 2900 718 2951 in
739 2898 1091 2969 Byzantinam
1127 2901 1313 2953 urbem
1341 2900 1618 2969 profectus
1650 2910 1752 2954 est.
1786 2902 1851 2956 Et
1874 2903 2072 2957 nihilo-

2183 2910 2278 2963 καὶ
2305 2909 2459 2975 μόλις
2484 2910 2603 2979 μὲν,
2632 2907 2878 2960 πείθουσι
2906 2906 2951 2960 δ’
2977 2908 3147 2975 ὅμως,
3180 2908 3300 2968 ταῖς
3322 2904 3509 2966 ἄλλαις
3541 2904 3719 2973 χαίρειν

504 3008 685 3046 minus
724 3008 849 3047 cum
916 2991 1146 3045 aliorum
1184 2992 1451 3045 honorum
1487 2993 1683 3062 gaudio
1715 2992 1818 3047 frui
1850 3007 2072 3048 recusa-

2180 3001 2403 3054 είπόντα
2450 3002 2659 3070 τιμαῖς,
2714 3000 3189 3070 ἐκκλησιαστικὼν
3242 2998 3541 3069 προστῆναι
3597 3011 3715 3064 πρα-

504 3094 606 3149 ret,
642 3087 729 3138 vix
793 3084 944 3138 illum
996 3096 1409 3152 persuaserunt,
1457 3098 1513 3138 ut
1571 3085 2069 3139 ecclesiasticorum

2181 3093 2428 3163 γμάτων,
2480 3094 2573 3145 καὶ
2604 3092 2703 3159 τὴν
2745 3090 2989 3163 φυλακὴν
3019 3090 3453 3161 ἐμπιπευθῆναι
3500 3088 3598 3141 τῶν
3639 3086 3721 3154 τῆς

506 3182 850 3247 negotiorum
881 3191 1069 3230 curam
1104 3185 1435 3246 capesseret,
1471 3191 1792 3247 sacramque
1821 3177 2073 3232 Ecclesiae

2191 3185 2518 3256 Ἐκκλησίας
2558 3184 2718 3255 ιερῶν
2752 3182 3071 3254 κειμηλίων.
3126 3184 3240 3237 Οὐκ
3279 3181 3603 3236 ἐπείθετοδὲ
3631 3180 3720 3247 ἄρα

504 3268 903 3336 supellectilem
938 3270 1168 3322 insuam
1200 3267 1359 3322 fidem
1387 3270 1712 3338 susriperet.
1748 3268 1814 3323 Et
1846 3269 2073 3324 forsitan

2178 3279 2292 3341 τοῖς
2317 3276 2565 3348 ἄρχουσι,
2598 3276 2694 3328 καὶ
2727 3273 2815 3328 διά
2861 3272 3021 3327 τοῦτο
3067 3274 3166 3343 τὴν
3192 3272 3472 3325 διακονίαν
3520 3271 3719 3340 ἐδέχετο,

509 3361 851 3431 principibus
881 3376 989 3414 non
1021 3361 1473 3426 obtemperasset,
1513 3377 1612 3415 nec
1650 3369 1936 3432 propterea
1970 3363 2075 3416 mi-

510 3454 801 3506 nisterium
836 3453 968 3507 illud
997 3453 1357 3522 suscepisset,
1382 3458 1473 3507 sed
1507 3454 1694 3508 divino
1713 3453 2076 3524 ignatioUS),

506 3545 601 3612 qui
632 3544 865 3613 plurima
890 3545 1091 3599 virtute
1118 3556 1371 3610 ornatus,
1397 3556 1451 3599 et
1478 3544 1947 3601 ferventissimum
1979 3560 2079 3616 pro

506 3637 730 3691 Christo
760 3636 936 3690 zelum
970 3652 1187 3706 gerens,
1223 3653 1395 3707 nuper
1440 3638 1843 3706 patriarchatus
1872 3638 2077 3709 guber-

509 3728 707 3782 nacula
742 3729 846 3783 sibi
887 3731 1096 3784 credita
1157 3738 1494 3798 susceperat.
1548 3745 1657 3784 non
1699 3730 2079 3801 obtemperare

508 3837 616 3875 non
636 3824 833 3891 potuit.
861 3821 975 3886 llic,
1000 3823 1516 3878 excellentissimam
1534 3821 1754 3895 Iosephi
1775 3825 1945 3879 nostri
1964 3826 2077 3880 vir-

506 3920 678 3973 tutem
706 3913 1035 3980 admiratus,
1059 3914 1311 3969 eumdem
1348 3915 1400 3968 in
1423 3914 1669 3969 laborum
1706 3929 1930 3971 suorum
1955 3930 2079 3985 par-

509 4016 639 4072 tem,
671 4014 726 4060 et
780 4006 836 4061 in
874 4008 1034 4061 rebus
1084 4007 1412 4062 necessariis
1442 4007 1749 4077 adiutorem
1795 4023 2080 4065 assumere

507 4097 759 4152 studebat
784 4114 796 4150 :
822 4107 877 4152 et
902 4112 1023 4152 cum
1044 4098 1331 4152 ministerii
1350 4099 1464 4168 jam
1484 4100 1726 4169 praedicti
1751 4109 2076 4171 praetextum

509 4190 829 4251 invenisset.
862 4189 913 4242 id
950 4189 1096 4259 quod
1140 4192 1400 4261 cupiebat
1445 4191 1605 4247 facile
1648 4193 1905 4247 obtinuit.
1944 4191 2079 4248 Fre-

509 4293 740 4350 quentes
766 4282 931 4351 igitur
958 4297 1082 4335 rum
1109 4297 1175 4336 eo
1200 4298 1486 4338 sermones
1508 4292 1563 4339 et
1584 4284 1854 4354 colloquia
1888 4285 2083 4340 misce-

509 4370 625 4436 bat,
646 4380 770 4424 etea
798 4387 919 4440 quae
945 4372 1261 4441 ignorabat,
1289 4374 1357 4428 ab
1374 4377 1562 4427 eodem
1583 4373 1917 4429 addisceliat.
1940 4374 2080 4429 Nihil

2178 3369 2293 3425 ἀλλ’
2335 3370 2581 3441 Ἰγνατίῳ
2610 3368 2687 3439 τῷ
2726 3368 2861 3439 θείῳ
2888 3367 3078 3441 (πολὺς
3107 3366 3163 3419 δὲ
3192 3365 3280 3437 ἀρ’
3311 3360 3472 3428 οὗτος
3495 3365 3587 3434 τὴν
3617 3367 3722 3432 ἁρε-

2179 3463 2301 3533 τὴν,
2330 3463 2423 3516 καὶ
2451 3462 2542 3515 τὸν
2572 3461 2714 3531 ὑπὲρ
2749 3459 2988 3531 Χριστοῦ
3020 3459 3181 3529 ζῆλον
3213 3456 3590 3529 θερμότατος),
3619 3454 3723 3525 ἀρτι

2179 3556 2279 3625 τῆς
2309 3553 2723 3625 ἀρχιερωσύνης
2774 3549 3198 3623 ἐμπιστευθέντι
3252 3551 3383 3612 τοὺς
3415 3548 3632 3605 οἷακας⁸
3676 3545 3724 3607 ὃς

2179 3646 2241 3699 τὸ
2271 3646 2461 3715 περιὸν
2488 3645 2590 3710 τῆς
2614 3643 2818 3715 ἀρετῆς
2839 3643 2995 3696 τοῦδε
3019 3642 3113 3696 τοῦ
3143 3640 3291 3714 ῖεροῦ
3313 3639 3724 3708 δυσωπούμενος,

2180 3732 2442 3786 ἔσπευδεν
2488 3733 2632 3804 ἐχειν
2668 3732 3034 3801 συγκοινωνδν
3062 3732 3174 3788 τῶν
3230 3732 3435 3797 πόνων,
3495 3730 3592 3783 κάν
3637 3729 3728 3788 τοῖς

2182 3825 2503 3895 ἀναγκαίοις
2527 3824 2879 3897 συλλήπτορα
2899 3839 2916 3857 ·
2945 3824 3041 3879 καὶ
3066 3824 3345 3896 πρόφασιν
3364 3823 3465 3893 τὴν
3490 3818 3729 3875 διακονίαν

2183 3918 2502 3990 εὑράμενος,
2531 3917 2625 3971 τοῦ
2653 3917 2993 3988 ποθουμένου
3027 3918 3311 3987 ἐτύγχανε.
3341 3917 3451 3970 Καὶ
3474 3911 3540 3986 ἦν
3565 3912 3730 3979 ἐκείνῳ

2186 4009 2490 4081 συνομιλῶν
2526 4008 2698 4079 θαμὰ,
2728 4012 2824 4063 καὶ
2850 4009 2979 4080 παρ’
3005 4008 3172 4061 αὑτοῦ
3200 4010 3267 4061 τὰ
3296 4006 3629 4076 ἀγνοούμενα
3665 4001 3730 4054 δι·

2184 4101 2542 4173 δασκόμενος.
2594 4102 2796 4155 Καινὸν
2834 4102 2892 4154 δὲ
2951 4102 3170 4164 πάντως
3214 4099 3371 4153 οὐδὲν
3416 4100 3468 4152 εἰ
3504 4114 3617 4151 τινα
3642 4093 3732 4147 τῶν

2181 4194 2510 4264 ἀπορρήτων
2583 4192 2683 4262 τῆς
2745 4192 2785 4244 Γ
2790 4193 2970 4263 ραφῆς
3037 4190 3354 4262 μυστηρίων
3413 4190 3598 4258 ἐκείνῳ
3650 4185 3731 4256 μὲν

2182 4284 2449 4354 ἠγνοεῖτο.
2478 4285 2555 4353 τῷ
2577 4284 2635 4338 δὲ
2670 4284 2892 4355 μεγάλῳ
2921 4284 3055 4354 τῷδε
3093 4284 3293 4354 Πατρὶ,
3329 4284 3424 4336 διά
3452 4299 3509 4334 τε
3536 4281 3593 4334 τὸ
3617 4275 3728 4331 πολῦ

2180 4380 2281 4448 τῆς
2316 4377 2552 4447 σπουδῆς
2610 4378 2707 4430 καὶ
2747 4377 2808 4429 τὸ
2861 4376 3052 4446 περιὸν
3103 4376 3203 4445 τῆς
3253 4376 3593 4446 καθάρσεως,
3653 4369 3730 4421 καὶ

513 4477 677 4531 porro
698 4464 820 4517 novi
845 4463 1041 4524 erat.si
1060 4477 1165 4531 qua
1189 4462 1539 4519 ineli'abiiium
1563 4463 1756 4518 divina:
1785 4462 2073 4534 Scriptura

2183 4466 2512 4535 ἐγινώσκετο
2522 4468 2615 4521 καὶ
2630 4467 2712 4535 διη
2722 4467 2951 4538 ρθροῦτο
2967 4483 3031 4537 με
3041 4467 3104 4520 τά
3118 4466 3317 4535 πολλῆς
3351 4462 3729 4536 μελιχρότητθςι

512 4555 899 4624 mysteriorum
918 4556 1036 4608 viro
1053 4554 1126 4608 illi
1140 4565 1323 4609 essent
1338 4554 1541 4624 ignota.
1559 4553 1751 4624 Magno
1763 4563 1943 4609 autem
1964 4555 2073 4611 ltuit

2196 4558 2223 4610 δ
2251 4559 2493 4629 χάρισμα
2515 4558 2625 4612 τῶν
2670 4561 2821 4630 παρὰ
2869 4558 2949 4630 τῷ
2999 4559 3221 4629 μεγάλῳ
3259 4557 3460 4627 Παύλῳ
3490 4548 3733 4626 ὑμνουμέ-

502 4647 672 4712 Patri,
700 4654 755 4701 et
792 4656 1013 4716 propter
1051 4647 1280 4702 multum
1316 4648 1582 4711 studium,
1607 4657 1660 4701 et
1684 4657 1904 4717 prapter
1934 4649 2071 4701 emi-

2176 4668 2281 4703 νων
2309 4651 2476 4718 ἐστὶν,
2499 4652 2660 4706 ἄλλου
2691 4653 2765 4723 μὴ
2793 4652 3190 4723 προσδεόμενον
3217 4651 3364 4705 θείου
3387 4650 3720 4721 χαρίσματος-

506 4752 729 4797 rientem
775 4746 1068 4811 puritatem
1099 4754 1152 4798 et
1177 4743 1395 4811 cognita
1425 4752 1599 4807 erant,
1637 4742 1911 4797 eteadem
1942 4744 2176 4814 plurima
2209 4761 2332 4801 cum
2372 4746 2661 4802 dulcedine
2707 4762 2773 4802 ac
2812 4748 3082 4802 suavitate
3125 4745 3434 4815 explicabat
3476 4764 3488 4800 :
3526 4742 3574 4798 id
3605 4736 3727 4811 quod

505 4837 709 4891 donum
742 4844 845 4900 est,
888 4850 954 4890 cx
982 4826 1089 4902 ‘iis,
1133 4852 1256 4906 qua:
1290 4852 1319 4892 a
1351 4854 1547 4907 magno
1591 4838 1854 4906 Apostolo
1888 4836 2362 4902 commendantur,
2400 4849 2456 4895 et
2490 4841 2691 4895 nullius
2731 4840 2957 4895 alterius
2988 4840 3114 4895 doni
3150 4840 3390 4909 indigere
3418 4839 3639 4891 videtur.

583 4932 673 4987 50.
731 4928 1029 5000 Postquam
1077 4943 1257 4987 autem
1310 4949 1538 5002 magnus
1583 4933 1674 4987 hic
1720 4933 1949 4986 antistes
1998 4947 2073 4987 se-

2250 4932 2315 4989 λ’.
2361 4934 2502 4987 Ἀλλ’
2532 4936 2654 4987 snsi.
2682 4936 2775 4988 καὶ
2813 4937 2840 4988 ό
2873 4934 3045 5005 μέγας
3092 4934 3383 5005 ἀρχιερεὺς
3428 4928 3576 4995 οὗτος
3605 4930 3730 4997 γήρᾳ

504 5033 724 5079 nectute
782 5024 1171 5094 laboribusque
1234 5025 1541 5079 innumeris
1598 5024 1881 5077 confectus
1943 5024 2073 5077 cmi-

2184 5023 2632 5091 ἐταλαιπωρεῖτο,
2697 5024 2791 5077 καὶ
2842 5024 3076 5093 καμάτῳ
3119 5023 3393 5076 πολυειδεῖ
3434 5022 3568 5093 πρὸς
3619 5016 3730 5070 Θεδν

509 5118 686 5187 gravit
707 5118 773 5171 ad
805 5116 997 5182 Deum,
1038 5118 1301 5170 successit
1336 5118 1389 5171 in
1411 5116 1531 5185 ejus
1560 5116 1737 5171 locum
1765 5125 1819 5168 ct
1842 5115 2078 5185 patriar-

508 5209 722 5264 chalem
751 5209 1072 5279 dignitatem
1098 5207 1352 5272 Photius,
1382 5210 1472 5276 qui
1499 5208 1551 5259 in
1577 5208 1811 5276 publicis
1833 5207 2079 5263 consiliis

508 5300 565 5355 in
596 5300 871 5356 sententia
903 5298 1153 5367 ferenda,
1186 5310 1239 5354 et
1275 5310 1497 5369 propter
1536 5300 1807 5354 sermonis
1840 5300 2075 5369 copiam,

577 5503 688 5575 (ii)
712 5503 1071 5575 Theophilum
1100 5503 1327 5575 scilicet,
1351 5503 1487 5575 utin
1520 5502 1828 5575 Prolegom.
1850 5500 2079 5575 dictum.

574 5572 689 5648 (12)
714 5575 850 5629 Sunt
868 5572 935 5648 ibi
965 5574 1249 5648 '_l‘_heodora
1272 5574 1499 5648 et_iilin_s_
1514 5574 1635 5648 ejus
1660 5572 2083 5648 ΜίεὶιιιοΙμΜειιτ

502 5642 632 5702 duin
662 5642 842 5699 autem
889 5647 943 5699 in
972 5643 1277 5712 Meuologio
1319 5642 1501 5713 Basilii
1538 5644 1730 5713 imper.
1783 5652 1902 5713 est,
1934 5643 2078 5711 quod

504 5716 718 5771 nonnisi
775 5709 1360 5785 Tlicoplijlo__ni6rtuo,
1405 5709 1676 5785 Iosephus
1711 5709 1984 5785 scribatur
2012 5727 2078 5767 ex

502 5800 723 5842 carcere
742 5780 962 5856 ereptus
990 5784 1054 5840 D.
1080 5780 1285 5837 Nicolai
1313 5796 1435 5856 ope,
1464 5783 1765 5853 iterumque
1793 5783 1996 5853 ejectus
2025 5784 2078 5837 in

2184 5113 2509 5185 ἐξεδήμησε,
2533 5114 2835 5185 διαδέχεται
2860 5115 2952 5168 τὸν
2993 5115 3094 5183 τῆς
3122 5113 3537 5185 ἀρχιερωσύνης
3567 5109 3731 5179 θρόνον

2181 5208 2210 5259 ὁ
2239 5208 2462 5269 Φώτιος,
2513 5207 2572 5270 ὃς
2625 5206 2724 5277 τῆς
2777 5208 3081 5276 συγκλήτου
3128 5207 3328 5278 βουλῆς
3386 5206 3641 5275 ἐτύγχανε
3682 5199 3732 5250 τὸ

2183 5301 2449 5368 πρωτεῖον
2496 5300 2914 5372 ἐπιφερόμενος,
2940 5300 3030 5354 διὰ
3054 5317 3113 5354 τε
3165 5299 3228 5353 τὸ
3279 5299 3417 5354 πολὺ
3461 5298 3554 5352 τοῦ
3595 5295 3730 5361 λόγου

2191 5502 2465 5557 exsilium.

2266 5574 2377 5644 (15)
2410 5571 2468 5647 _S.
2500 5570 2759 5641 lgnatius,
2796 5573 2889 5643 qui
2914 5571 3111 5627 colitur
3132 5572 3205 5647 25
3249 5571 3457 5647 octob.,
3492 5562 3732 5647 methodio

2192 5643 2493 5705 suecessit,
2556 5652 2753 5710 quarto
2816 5653 2939 5711 post
3002 5645 3381 5698 orthodoxiam
3455 5643 3730 5711 restituernt

2188 5728 2367 5779 anno;
2400 5702 2589 5783 pulsus
2615 5720 2669 5765 et
2693 5702 2888 5783 iterum
2916 5715 3220 5781 restitutus,
3241 5727 3414 5783 usque
3439 5710 3506 5765 ad
3537 5724 3621 5763 an.
3646 5702 3731 5757 879

2188 5784 2369 5838 sedem
2410 5782 2580 5838 tenuit
2607 5782 3051 5853 patriarchalem.
