3978 6626
241 434 347 499 αἱθ

1803 435 1997 503 VITA.

3388 437 3493 502 970

243 536 339 600 καὶ
372 545 434 598 τὸ
465 545 804 619 ὑπερϐάλλον
848 542 947 620 τῆς
1004 550 1278 620 γνώσεως,
1336 554 1430 606 καὶ
1480 544 1597 625 ἅμα
1650 555 1738 608 διὰ
1766 555 1827 607 τὸ

1947 562 1982 606 :t
2017 557 2241 622 propter
2274 549 2516 606 scientim
2546 547 2948 616 excellentiam,
2980 558 3034 605 et
3075 556 3297 620 propter
3326 554 3493 606 animi

241 637 415 691 δεινὸν
439 638 535 691 τοῦ
564 640 703 706 νοὸς,
735 643 834 694 καὶ
874 641 1015 714 πρὸς
1037 643 1100 696 τὸ
1130 644 1407 698 συνθεῖναι
1434 647 1532 699 καὶ
1556 647 1823 700 σκευάσαι

244 732 545 803 πράγματα
570 733 895 806 ἐπιτήδειον,
921 735 984 800 ἐξ
1012 730 1074 791 οὗ
1094 737 1189 791 καὶ
1213 736 1313 807 τὴν
1334 739 1510 810 ἀρχὴν
1544 739 1641 808 τῆς
1663 739 1822 810 ίερω-

245 826 414 895 σύνης
441 824 890 895 ἀπεκληρώσατο,
950 828 1038 881 ῐνα
1077 828 1152 898 μὴ
1197 828 1340 898 λέγω
1389 829 1567 883 πάντα
1615 830 1684 883 τὰ
1724 828 1822 883 τοῦ

243 918 456 989 ἀνδρὸς,
485 918 577 970 καί
609 935 711 971 που
748 919 845 973 καὶ
878 919 1015 991 πρὸς
1070 921 1326 985 διασολὰς
1372 922 1609 992 χωρήσω
1645 921 1821 987 τοῦδε,

243 1009 353 1061 ἀπὸ
384 1008 479 1062 τοῦ
503 1009 825 1080 πράγματος
845 1013 926 1075 είς
954 1011 1112 1066 τοῦτο
1142 1014 1638 1083 παρακινούμενος.
1677 1014 1825 1083 Πλὴν

244 1098 328 1151 ὅτι
358 1099 452 1152 καὶ
481 1094 636 1163 οὗτος
674 1100 753 1171 τῷ
786 1101 1009 1172 μεγάλῳ
1056 1102 1236 1174 τούτῳ
1266 1105 1446 1176 Πατρὶ
1492 1105 1692 1177 Ἰωσήφ
1727 1105 1827 1175 τὴν

246 1190 369 1260 ἴσην
401 1192 585 1262 ἐτήρει
620 1193 806 1264 τιμήν,
844 1194 941 1248 xui.
988 1193 1066 1266 τῷ
1107 1196 1256 1267 μέσῳ
1295 1198 1393 1268 τῆς
1441 1198 1670 1267 καρδίας
1718 1197 1825 1250 ὑπὸ

243 1281 513 1352 ἑκρνπτε,
558 1283 696 1337 Θεοῦ
744 1284 1031 1355 ἄνθρωπον
1081 1288 1384 1357 ὀνομάζων,
1432 1291 1528 1343 καὶ
1558 1290 1828 1361 ίσαγγέλῳ

245 1376 391 1427 κατά
428 1375 489 1428 τὸ
539 1376 759 1447 θεμιτὸν
812 1379 1096 1450 προσέχων
1149 1381 1317 1451 αὐτῷ.
1370 1381 1562 1435 Ἔνθεν
1602 1398 1683 1437 τοι
1732 1382 1830 1437 καὶ

244 1466 375 1537 ὅλην
403 1467 499 1537 τήν
526 1468 781 1540 φροντίδα
810 1471 921 1524 τῶν
975 1472 1450 1544 ὲκκλησιαστικῶν
1488 1476 1831 1545 πραγμάτων

243 1557 398 1629 αὐτῷ
428 1560 781 1630 ἀναθέμενος,
814 1563 1035 1634 Πατέρα
1062 1564 1324 1635 Πατέρων
1352 1565 1556 1630 ἐκάλει,
1582 1566 1678 1620 καὶ
1706 1566 1833 1632 τοὺς

243 1650 357 1701 τῶν
387 1650 620 1717 πρώτων
663 1651 889 1723 βαθμῶν
938 1652 1295 1725 ἀξιουμένους
1340 1658 1439 1727 τῆς
1497 1656 1832 1729 Ἐκκλησίας

243 1739 549 1809 παρεκάλει
585 1742 758 1811 τούτῳ
799 1744 1112 1799 ἀνατιθέναι
1163 1747 1290 1811 τοὺς
1340 1746 1671 1818 λογισμούς’
1711 1748 1741 1802 ὃ
1769 1747 1833 1818 δὴ

241 1834 343 1887 καὶ
386 1836 496 1897 πᾶς
530 1835 702 1889 ἐτέλει
756 1837 850 1891 καὶ
900 1838 1007 1909 πρὸ
1038 1839 1140 1910 τῆς
1186 1843 1595 1913 πατριαρχικῆς
1647 1858 1830 1914 παρα-

1928 643 2246 714 gravitatetn
2293 643 2500 713 primas
2546 640 2863 707 obtinebat;
2904 649 2961 697 et
3004 641 3057 695 in
3103 643 3500 697 concinnandis

1927 736 2435 805 pertractandisque
2482 734 2716 803 negotiis
2762 748 3012 804 magnam
3049 733 3285 789 habebat
3310 735 3501 789 dexte-

1929 825 2170 891 ritatem,
2204 826 2348 882 unde
2397 837 2452 882 et
2499 826 2805 882 sacerdotis
2858 826 3225 896 principatum
3275 829 3506 882 sortitus

1928 926 2010 973 est
2042 921 2153 989 (ne
2204 919 2400 989 loquar
2429 934 2578 974 nunc
2610 919 2676 974 de
2704 918 2918 973 caeteris
2960 919 3254 979 omnibusa
3282 935 3403 988 quae
3436 920 3504 974 ad

1927 1011 2074 1066 hunc
2093 1012 2267 1066 virum
2303 1020 2572 1083 spectant,
2591 1021 2646 1067 et
2673 1029 2702 1067 a
2733 1012 3015 1083 proposito
3033 1026 3287 1066 sermone
3307 1012 3373 1065 ad
3402 1026 3500 1065 ca-

1928 1103 2169 1159 lumnias
2215 1104 2551 1176 divertam).
2616 1104 2885 1159 Pra'terca
2939 1104 3030 1158 hic
3085 1104 3251 1160 etiam
3309 1118 3507 1171 magno

1932 1194 2079 1251 Patri
2100 1194 2340 1266 Josepho
2370 1196 2635 1266 aequalem
2662 1196 2928 1250 honorem
2962 1195 3335 1265 impendebat,
3366 1203 3421 1247 et
3450 1196 3504 1247 in

1928 1289 2108 1344 medio
2126 1289 2306 1344 cordis
2328 1289 2629 1344 recondens
2664 1303 2786 1342 eum
2830 1288 3110 1343 hominem
3155 1287 3245 1342 Dei
3266 1286 3500 1357 appella—

1929 1379 2043 1445 bat,
2064 1387 2117 1433 et
2135 1387 2394 1445 tanquam
2414 1378 2629 1448 angelo,
2649 1386 2914 1447 quantum
2937 1377 3019 1432 fas
3054 1386 3195 1441 erat,
3227 1376 3401 1431 eidem
3423 1375 3509 1428 iu-

1932 1467 2187 1521 tendebat
2215 1482 2229 1519 :
2262 1482 2479 1521 omnem
2528 1467 2694 1521 etiam
2730 1467 3231 1521 ecclesiasticorum
3264 1464 3510 1536 negotio-

1937 1572 2061 1611 rum
2120 1572 2306 1611 curam
2370 1573 2434 1612 ac
2494 1557 2917 1613 sollicitudinem
2982 1559 3035 1612 in
3088 1572 3155 1613 eo
3219 1572 3509 1628 reponens,

1935 1646 2154 1703 Patrem
2191 1648 2413 1703 Patrum
2441 1649 2746 1715 vocitabat,
2781 1660 2835 1704 et
2874 1664 2989 1714 eos,
3039 1649 3132 1720 qui
3180 1648 3235 1703 in
3268 1648 3511 1703 Ecclesia

1934 1742 2147 1812 primos
2196 1743 2399 1813 gradus
2453 1743 2748 1808 habebant,
2808 1743 3160 1808 hortabatur,
3214 1752 3274 1797 ut
3332 1741 3387 1795 in
3444 1756 3514 1794 eo

1936 1833 2105 1887 animi
2153 1848 2316 1888 curas
2369 1833 2734 1899 collocarent;
2798 1834 2944 1904 quod
2993 1848 3127 1889 sane
3168 1833 3332 1888 etiam
3385 1839 3514 1886 ante

247 1924 524 1996 κλήσεως.
559 1923 669 1982 Ἦν
689 1928 821 2000 γὰρ,
855 1899 995 1984 κατὰ
1021 1899 1373 2003 reiectura
1547 1899 1828 2004 gaudebam

1947 1925 2262 1994 patriarcha:
2320 1926 2757 1980 exhortationem
2807 1899 3000 1983 omnes
3044 1925 3337 1981 faciebant.
3385 1925 3515 1978 Erat

249 2018 453 2089 κομιδῇ
488 2018 716 2090 εὐφυὴς,
763 2020 1056 2086 ἀλώπεκας
1101 2023 1518 2094 ἁμαρτημάτων
1576 2026 1832 2097 κατέχειν

243 2110 514 2187 σμικρὰς,
546 2112 641 2162 καὶ
684 2112 1036 2165 ἀποκτέννειν
1064 2114 1166 2184 τῆς
1207 2116 1503 2185 νοουμένης
1547 2116 1655 2186 γῆς
1702 2119 1831 2182 τοὺς

241 2199 628 2270 ἁμαρτωλοὺς,
653 2202 682 2255 ὅ
734 2220 901 2273 φησιν
929 2206 957 2258 ὀ
1017 2204 1163 2270 θεῖος
1214 2207 1402 2271 Δασὶδ,
1442 2209 1530 2261 ναὶ
1572 2208 1710 2279 δῆτα
1737 2208 1831 2263 καὶ

240 2292 427 2362 ψυχὴν
459 2293 811 2364 ἐπιστηρίξαι
846 2297 940 2350 καὶ
998 2296 1429 2367 βεόαιώσασθαι,
1479 2301 1576 2354 καὶ
1623 2299 1716 2353 τὸν
1751 2302 1832 2364 είς

246 2383 525 2451 σαρκικὰς
557 2381 769 2451 ὀρέξεις
803 2384 959 2456 δίκην
989 2387 1228 2458 σφαίρας
1266 2389 1410 2444 κατά
1462 2390 1704 2462 πρανοῦς
1730 2408 1831 2445 κυ-

240 2470 500 2542 λιόμενον
527 2475 829 2545 ἀναστῆσαι
863 2477 963 2545 τῆς
999 2478 1277 2550 ἁμαρτίας
1309 2481 1404 2534 καὶ
1435 2484 1661 2553 ποιῆσαι
1693 2499 1831 2555 μετ-

241 2565 438 2636 άρσιον
464 2582 477 2595 ·
504 2564 641 2621 ἀλλὰ
692 2569 786 2621 καὶ
808 2567 901 2621 τὸν
927 2570 1356 2645 ἀπερικτυπήτῳ
1376 2574 1621 2638 συξῶντα
1639 2576 1830 2646 σχολῇ,

243 2654 346 2705 καὶ
378 2656 500 2717 ταῖς
527 2653 628 2723 τῆς
654 2654 816 2722 ἁγίας
848 2655 1077 2725 Τριάδος
1108 2657 1370 2729 θεωρίαις
1406 2660 1830 2733 περιλαμπόμε-

243 2756 364 2805 νον,
400 2741 481 2795 ἔτι
509 2744 719 2807 πεῖσαι,
755 2744 830 2815 μὴ
886 2746 1121 2815 χαλάσαι
1146 2748 1208 2801 τὸ
1240 2749 1384 2804 θεῖον
1431 2751 1650 2823 πτερὸν,
1695 2752 1832 2822 μηδὲ

249 2834 723 2904 μετεωρισθῖψαι,
766 2834 855 2890 διὰ
902 2838 998 2899 τὰς
1053 2839 1110 2891 ἐν
1146 2839 1404 2911 θεωρίαις
1457 2843 1690 2910 παγίδας
1742 2842 1832 2914 (δι’

243 2919 324 2979 ὦν
345 2927 376 2978 ὀ
407 2929 813 2997 πτερνοσκόπος
840 2928 1071 3000 οίήσεως
1098 2931 1259 2985 πάθει
1287 2933 1410 2997 τοὺς
1434 2933 1664 2997 πολλοὺς
1695 2933 1835 3005 πρὸς

242 3016 311 3071 τὸ
340 3017 445 3087 τῆς
468 3018 742 3083 ἀττωλεέας
774 3022 1091 3091 κατήγαγεν
1119 3022 1437 3096 βάραθρον),
1468 3024 1709 3095 γαλήνην
1735 3025 1836 3095 μὲν

245 3108 523 3162 διδάσκων
555 3109 705 3174 ὅπως
732 3112 1048 3167 συνίσταται
1082 3117 1115 3185 ή
1151 3114 1319 3187 ψυχὴ,
1343 3117 1438 3169 καὶ
1458 3117 1606 3179 ὅπως
1630 3116 1699 3171 τὰ
1731 3134 1829 3186 φυ-

1931 2016 2098 2080 enim,
2156 2016 2456 2071 secundum
2511 2018 2657 2085 quod
2721 2018 2775 2071 in
2837 2016 3067 2073 Cantico
3134 2016 3515 2072 canticorum‘

1936 2107 2201 2177 scriptum
2256 2118 2358 2173 est,
2413 2108 2707 2165 admodum
2754 2109 2977 2165 sedulus
3030 2125 3095 2164 ac
3147 2108 3416 2163 sollicitus
3455 2109 3510 2162 in

1932 2198 2171 2270 parvulis
2240 2208 2591 2270 peccatorum
2662 2201 2917 2271 vulpibus
2986 2200 3281 2270 capiendis,
3338 2209 3394 2255 et
3457 2199 3513 2254 in

1932 2290 2196 2361 spiritalis
2249 2300 2408 2346 terrae
2463 2292 2846 2362 peccatoribus
2879 2334 2895 2359 ,
2938 2292 3093 2362 juxta
3151 2291 3372 2345 Davidis
3428 2290 3509 2344 di-

1946 2392 2123 2449 ctum,
2152 2384 2561 2439 interﬁciendis.
2593 2383 2862 2440 Praeterea
2896 2386 3139 2439 animum
3161 2382 3381 2438 assidue
3418 2383 3517 2436 ﬁr-

1943 2476 2150 2541 mabat,
2191 2491 2256 2532 ac
2310 2476 2560 2531 stabilem
2606 2476 2889 2541 reddebat,
2929 2490 3167 2546 cumque
3212 2477 3267 2529 in
3305 2489 3517 2529 morem

1934 2568 2083 2623 orbis
2134 2582 2230 2622 seu
2286 2567 2505 2636 sphera:
2577 2566 2644 2621 ad
2686 2567 2936 2621 carnales
2984 2565 3261 2635 appetitus
3311 2564 3519 2633 peccati

1940 2667 2199 2730 tanquam
2231 2659 2284 2713 in
2319 2659 2530 2715 declive
2559 2659 2888 2724 volveretur,
2919 2658 3236 2713 retrahebat
3272 2667 3439 2727 atque
3464 2656 3521 2711 in

1934 2753 2171 2809 sublime
2185 2752 2445 2821 erigebat.
2469 2751 2719 2822 Cumque
2731 2751 3080 2821 quietissimo
3100 2751 3212 2805 otio
3228 2749 3520 2814 frueretur,

1934 2854 1988 2901 et
2018 2853 2223 2901 sancta:
2262 2844 2553 2901 Trinitatis
2599 2844 2905 2899 visionibus
2953 2842 3344 2904 illustraretur,
3379 2857 3524 2895 nun-

1936 2951 2100 3006 quam
2120 2934 2455 2997 remittebat,
2471 2933 2563 2989 sed
2584 2947 2801 3002 semper
2823 2932 3021 2987 divinae
3045 2930 3522 3000 contemplationis

1938 3027 2054 3081 alas
2081 3025 2431 3091 intendebat;
2483 3039 2661 3094 neque
2698 3032 2878 3079 mente
2909 3024 3263 3087 efferebatur,
3299 3030 3524 3090 propter

1938 3119 2166 3188 laqueos
2204 3116 2297 3186 qui
2343 3116 2397 3171 in
2446 3116 2757 3171 visionibus
2809 3115 3183 3184 reperiuntur,
3239 3126 3336 3182 per
3382 3125 3526 3180 quos

250 3200 427 3260 σικῶς
450 3202 943 3275 ἐγκατεσπαρμένα
964 3205 1067 3274 τῆς
1088 3206 1342 3274 γνώσεως
1360 3206 1668 3279 σπέρματα,
1696 3224 1836 3261 παν-

1947 3216 2197 3264 versutus
2226 3208 2439 3263 daemon
2474 3206 2727 3262 elationis
2756 3205 2887 3259 vitio
2920 3206 3122 3260 multos
3174 3205 3228 3257 in
3258 3203 3431 3257 ruina:
3460 3216 3527 3255 ae

246 3289 417 3354 τοίως
446 3292 505 3345 ἐν
532 3293 663 3363 ήμῖν
691 3295 834 3347 κατά
865 3296 1063 3365 κρᾶσιν
1086 3298 1181 3350 καὶ
1213 3296 1452 3368 ἰδιότητα
1481 3298 1839 3368 μεταποιοῦν-

248 3382 348 3437 ταί
378 3400 439 3438 τε
468 3386 564 3438 καὶ
596 3385 952 3452 ὲπαύξονται,
985 3387 1121 3460 πρὸς
1151 3389 1289 3460 ὅπερ
1331 3388 1559 3455 ἕκαστος
1602 3389 1840 3460 πέφυκε.

1948 3300 2274 3372 perditionis
2296 3299 2624 3362 barathrum
2651 3299 2887 3365 induxit,
2914 3297 3365 3366 tranquillitatem
3413 3309 3527 3365 pra)

1949 3404 2009 3445 se
2044 3388 2226 3444 ferens
2246 3403 2313 3443 ac
2328 3388 2551 3450 docens,
2572 3402 2638 3442 ne
2655 3388 2839 3441 anima
2871 3386 3102 3442 ulterius
3123 3385 3522 3457 progrediatur,

248 3498 353 3554 sed
386 3499 463 3554 ibi
496 3500 725 3570 gradum
763 3502 943 3569 sistat,
981 3513 1037 3560 et
1064 3505 1445 3575 conquiescat,
1472 3515 1527 3561 et
1560 3515 1620 3561 ut
1642 3521 1705 3562 ca
1737 3506 1945 3562 semina
1984 3505 2229 3561 scientiae
2269 3512 2323 3559 et
2350 3503 2702 3573 cognitionis,
2735 3516 2858 3573 quae
2906 3504 3228 3559 naturaliter
3261 3504 3526 3559 seminata

246 3600 407 3658 sunt,
453 3594 676 3648 omnino
706 3595 761 3650 in
798 3596 980 3663 nobis,
1025 3596 1181 3667 juxta
1212 3606 1637 3669 temperaturam
1667 3599 1817 3655 illam
1850 3615 1915 3655 ac
1952 3597 2341 3670 proprietatem
2381 3604 2791 3652 commutentur
2829 3606 2884 3650 et
2915 3605 3189 3659 crescant,
3240 3594 3309 3649 ad
3359 3607 3527 3663 quam

252 3690 642 3761 unusquisque
680 3693 1001 3748 naturaliter
1031 3709 1341 3765 propensus
1369 3704 1475 3750 est.

332 3783 439 3839 λα’.
480 3786 596 3839 Καὶ
631 3787 686 3840 τί
733 3788 809 3859 μὴ
846 3789 989 3858 λέγω
1032 3789 1104 3843 τά
1145 3792 1319 3860 μείζω
1364 3791 1459 3845 καὶ
1507 3790 1846 3862 τε).εώτερα;

265 3873 457 3948 Ἐώρα
481 3879 606 3941 τοὺς
635 3879 948 3949 ὀφθαλμοὺς
973 3882 1002 3934 ὀ
1023 3884 1288 3951 γενναῖος,
1312 3882 1407 3936 καὶ
1424 3883 1533 3937 ἀπὸ
1562 3882 1731 3953 μόνης
1750 3883 1850 3954 τῆς

248 3968 438 4038 ὅψεως
466 3970 637 4040 ὁποίῳ
666 3971 830 4025 πάθει
859 3972 1092 4037 ἕκαστος
1118 3973 1421 4045 ὲδεσμεῖτο,
1455 3972 1850 4045 μυστηριωδῶς

254 4060 668 4132 προδιέγραφεν
688 4103 703 4128 ,
736 4063 870 4133 ὀμοῦ
900 4065 998 4135 μὲν
1029 4065 1377 4119 ὑπεκκλίνων
1407 4068 1505 4136 τὴν
1529 4065 1723 4132 δόξαν,
1760 4064 1847 4117 ἵνα

258 4154 341 4224 μή
368 4170 454 4216 τις
478 4154 639 4225 τυχὸν
667 4155 1021 4227 ὑπολειφθείη
1054 4158 1210 4229 παρὰ
1241 4158 1370 4222 τοὺς
1395 4157 1644 4221 πολλοὺς,
1680 4160 1709 4211 ὀ
1736 4160 1847 4219 τοῖς

257 4246 433 4299 ⁸πᾶσιν
466 4247 697 4315 ἄγγελος
719 4249 1096 4320 νομιζόμενος,
1126 4250 1224 4305 καὶ
1264 4250 1351 4305 ἵνα
1383 4251 1458 4322 μὴ
1492 4250 1725 4322 ὲντρέψῃ
1761 4249 1851 4303 τὸν

256 4340 652 4411 ἁμαρτάνοντα
673 4383 687 4407 ,
715 4344 809 4396 καὶ
838 4344 924 4397 διά
952 4344 1111 4397 τοῦτο
1141 4346 1343 4416 ποιήσῃ
1376 4344 1513 4416 πρὸς
1542 4345 1640 4414 τὴν
1669 4345 1850 4414 ἁμαρ-

261 4429 388 4483 τίαν
408 4433 893 4504 ἐπιρρεπέστερον·
916 4434 1060 4504 φιλεῖ
1080 4436 1189 4503 γὰρ
1211 4436 1273 4489 τὸ
1295 4436 1434 4497 τέως
1451 4434 1848 4506 κρυπτόμενον,

261 4519 363 4571 καὶ
388 4520 465 4585 ὡς
495 4524 756 4595 αἰσχύνης
784 4525 946 4597 ἔργον
969 4525 1306 4597 νομίζεσθαι·
1327 4526 1386 4580 τὸ
1406 4525 1465 4581 δὲ
1491 4526 1627 4596 πρδς
1650 4525 1851 4588 πολλὰς

2020 3786 2111 3839 51.
2146 3782 2253 3838 Sed
2295 3795 2396 3837 cur
2426 3779 2639 3849 majora
2688 3792 2754 3833 ac
2794 3776 3123 3847 perfectiora
3170 3778 3529 3847 prmteream?

1952 3876 2010 3931 Si
2042 3890 2205 3947 quem
2232 3887 2536 3945 generosus
2572 3871 2676 3926 iste
2702 3870 2756 3924 in
2781 3869 2959 3924 oculis
2986 3869 3253 3938 vultuque
3284 3871 3530 3938 aspexis-

1951 3976 2054 4032 set,
2079 3983 2145 4022 ex
2181 3966 2301 4020 solo
2324 3972 2570 4035 aspectu,
2604 3974 2845 4032 quanam
2883 3959 3142 4029 passione
3169 3962 3405 4029 quisque
3437 3960 3532 4013 de-

1952 4059 2244 4119 tineretur,
2305 4054 2526 4108 areanis
2578 4051 2755 4106 modis
2814 4049 3202 4120 praesignabat,
3257 4058 3312 4104 et
3366 4048 3529 4104 simul

1952 4147 2183 4218 gloriam
2212 4143 2548 4211 declinabat,
2572 4156 2641 4197 ne
2661 4140 2787 4212 quis
2808 4139 2949 4195 forte
2979 4155 3102 4195 eum
3131 4154 3296 4209 supra
3328 4140 3533 4194 multos

1952 4253 2075 4295 esse
2098 4237 2501 4307 suspicaretur,
2531 4234 2625 4304 qui
2651 4234 2720 4288 ab
2754 4232 3012 4287 omnibus
3041 4232 3265 4302 angelus
3294 4232 3534 4286 aestima-

1955 4329 2167 4384 batur:
2223 4337 2280 4381 et
2329 4341 2397 4381 ne
2451 4333 2765 4395 peccantem
2818 4323 3133 4389 innutriret,
3188 4336 3253 4376 ac
3301 4322 3532 4388 foveret,

1953 4429 2119 4490 atque
2166 4418 2235 4474 ad
2276 4416 2616 4490 peccandum
2668 4414 2874 4470 faceret
2924 4414 3332 4485 procliviorem.
3384 4412 3536 4469 Solet

1956 4512 2102 4567 enim
2139 4511 2193 4567 id
2227 4510 2374 4582 quod
2417 4508 2597 4565 adhuc
2635 4506 2913 4564 occultum
2959 4515 3063 4569 est,
3098 4514 3356 4575 tanquam
3395 4518 3537 4576 opus

263 4603 441 4702 ἀκοάς
471 4609 715 4679 ἐμπεσὸν
753 4596 1233 4685 εὐκαταφρόνητον
1286 4614 1365 4685 τῷ
1396 4614 1653 4684 ,ποιοῦντι
1702 4612 1839 4681 λογί·

1964 4614 2122 4675 turpe
2174 4602 2430 4661 censeri:
2494 4599 2645 4673 quod
2697 4614 2830 4655 vero
2893 4598 2962 4654 ad
3020 4596 3313 4652 multorum
3345 4612 3539 4694 [aures

267 4694 480 4758 ζισθαι.

348 4871 462 4945 λβὀ
503 4872 666 4929 Ἀλλά
706 4879 812 4945 γὰρ
848 4882 970 4935 ἐπεὶ
1013 4881 1122 4935 ἔδει
1163 4882 1256 4936 καὶ
1302 4881 1523 4945 τοῦτον,
1571 4882 1853 4954 ἄνθρωπον

273 4963 410 5018 ὂντα
442 4963 536 5017 καὶ
565 4964 626 5017 τὸ
670 4964 833 5035 σῶμα
869 4965 969 5036 τῆς
1005 4971 1391 5035 ταπεινώσεως
1430 4970 1851 5042 περικείμενον,

278 5056 489 5126 μᾶλλον
516 5056 574 5109 δὲ
601 5057 659 5110 ὲν
681 5056 990 5127 ὀστρακίνῳ
1020 5060 1204 5113 σκεύει
1227 5063 1321 5115 τοῦ
1354 5061 1605 5133 σώματος
1627 5063 1722 5115 τὸν
1753 5063 1852 5132 μέ-

273 5163 385 5215 γαν
412 5146 513 5217 τῆς
540 5148 737 5219 ἀρετῆς
766 5149 1209 5218 περικρύπτοντα
1241 5152 1525 5223 μάργαρον
1543 5194 1558 5219 ,
1591 5153 1854 5207 ἀναλῦσαι

275 5239 417 5312 πρὸς
438 5239 532 5292 τὸν
553 5239 708 5306 Θεὸν,
733 5241 828 5296 καὶ
858 5243 921 5312 τῇ
944 5241 1168 5312 ἀλήκτῳ
1198 5246 1536 5315 μαρμαρυγῇ
1565 5246 1673 5297 τῶν
1695 5245 1856 5299 θειων

279 5330 667 5402 θεωρημάτων
704 5331 928 5402 ἀμέσως
958 5333 1351 5401 ὲνωραῐζεσθαι
1375 5349 1388 5362 ³
1429 5335 1526 5388 καὶ
1573 5333 1683 5387 τῶν
1734 5335 1865 5386 πολ-

278 5422 394 5478 λῶν
467 5424 712 5495 ἱδρώτων
767 5426 860 5479 τὸν
914 5428 1106 5495 μισθὸν
1172 5429 1613 5497 συγκομισασθαι
1652 5443 1668 5459 ο
1721 5433 1868 5481 νοσεῖ

286 5514 389 5585 μὲν
414 5514 601 5584 ὀλίγον
621 5556 637 5581 ,
669 5516 758 5570 διὰ
788 5518 846 5571 δὲ
874 5518 1027 5583 θείας
1068 5519 1466 5589 ἀποκαλύψεως
1506 5523 1725 5590 μυεῖται
1769 5521 1868 5591 τήν

284 5604 578 5675 ἐκδημίαν,
609 5605 840 5674 ἀγγέλου
866 5607 1040 5679 τούτῳ
1060 5611 1200 5663 κατά
1220 5610 1344 5673 τοὺς
1367 5608 1567 5672 ὕπνους
1597 5609 1866 5680 λαλήσαν-

285 5713 400 5758 “Ioc.
444 5696 505 5749 Ὀ
541 5696 649 5749 τῶν
679 5700 944 5768 νηστειῶν
975 5700 1158 5755 τοίνυν
1186 5702 1507 5773 παρῳχήκει
1534 5702 1745 5773 καιρὸς,
1776 5702 1869 5755 καὶ

361 5872 389 5909 ⁸
420 5874 581 5930 Cant.
621 5890 681 5936 tt,
716 5876 803 5929 15.

612 5970 878 6031 ΡΑΤιιοι..
925 5973 1042 6033 (in.
1072 5972 1198 6037 CV.

1963 4699 2231 4767 pervenit,
2293 4691 2707 4764 contemptibile
2762 4692 2832 4747 ab
2905 4704 2973 4746 eo
3030 4690 3125 4760 qui
3181 4676 3372 4760 pecca’t
3425 4690 3544 4745 exi-

1956 4788 2189 4845 stimari.

2028 4882 2118 4936 32.
2155 4880 2430 4949 Quoniam
2463 4898 2593 4939 vero
2644 4882 2933 4953 oportebat
2966 4881 3144 4953 ipsum
3185 4883 3370 4946 etiam,
3409 4896 3533 4935 cum
3571 4933 3587 4958 ,
3628 4906 3635 4911 ν

1956 4985 2102 5029 esset
2157 4975 2339 5039 homo,
2399 4986 2452 5031 et
2505 4991 2737 5047 corpore
2786 4974 3116 5031 humilitatis
3161 4973 3538 5030 circumdatus
3582 4960 3583 4963 “

1959 5074 2125 5132 esset,
2174 5067 2259 5120 vel
2300 5068 2482 5136 potius
2530 5067 2585 5120 in
2640 5081 2769 5121 vase
2812 5066 2964 5121 tictili
3003 5065 3252 5136 corporis
3288 5077 3540 5134 magnam

1962 5158 2181 5213 virtutis
2241 5159 2595 5230 margaritam
2672 5157 3051 5213 absconditam
3121 5156 3543 5217 circumferret;

1964 5250 2272 5319 oportebat.
2328 5251 2578 5318 inquam.
2636 5264 2884 5305 remeare
2933 5249 3001 5304 ad
3064 5249 3258 5311 Deum,
3321 5257 3375 5302 et
3440 5248 3544 5301 im-

1966 5342 2174 5397 mensis
2211 5342 2525 5397 divinarum
2582 5342 3105 5412 contemplationum
3157 5339 3542 5411 splendoribus
3580 5354 3586 5361 ν

1967 5437 2283 5490 immediate
2319 5436 2609 5501 illustrari,
2654 5435 3063 5503 multorumque
3102 5433 3360 5489 sudorum
3397 5446 3546 5485 mer—

1967 5529 2153 5583 cedem
2215 5538 2517 5596 reportare,
2580 5529 2746 5598 ctepit
2795 5526 3196 5597 aliquantulum
3243 5532 3542 5594 aegrotare;

1972 5635 2069 5689 per
2122 5620 2362 5674 divinam
2402 5632 2585 5675 autem
2632 5618 3021 5673 revelationem
3074 5630 3194 5671 sese
3228 5616 3357 5669 hinc
3406 5613 3548 5667 emi-

1975 5720 2257 5777 graturum
2299 5710 2585 5777 intellexit,
2646 5709 2839 5780 angelo
2880 5707 2933 5762 id
2980 5707 3033 5761 in
3085 5705 3293 5761 somnis
3339 5701 3550 5775 signiti—

3090 5976 3162 6034 31
