3978 6582
393 450 491 517 971

1491 451 1547 510 S.
1592 449 1901 511 JOSEPIII
1944 447 2256 509 IIYMNOG
2272 448 2501 508 RAPIII

3550 445 3658 509 9'12

398 574 577 621 caute.
624 565 758 620 Cum
803 566 966 635 igitur
1022 565 1518 635 Quadragesitnalis
1552 566 1743 635 jejunii
1784 565 1961 621 tertni'

2074 567 2105 634 ἡ
2137 564 2230 617 τοῦ
2256 567 2523 636 σωτηρίου
2548 564 2749 629 πάθους
2778 566 2988 637 μεγάλη
3011 566 3105 620 καὶ
3122 562 3396 634 σεϐασμία
3417 563 3656 633 ἑφεστὴ-

390 674 496 713 nus
528 659 899 722 adventasset,
933 668 987 713 et
1016 658 1318 714 salutifera:
1342 658 1624 711 Passionis
1661 673 1879 728 magna,
1903 673 1966 710 ac

388 752 719 807 venerabilis
759 749 1062 807 Parasceve
1094 752 1344 814 instaret,
1381 750 1878 818 accepitlibellntn,
1910 749 1963 802 in

388 859 499 910 quo
531 843 797 895 uniret'sze
830 845 1007 909 gregis
1040 842 1417 911 possessiones
1460 840 1746 908 descriptae
1779 848 1966 904 erant;

389 948 442 987 et
472 916 759 988 ἆεειιιιιυηδ
809 935 972 988 simul
1004 934 1332 1003 discipulunt
1363 949 1521 986 suum
1553 930 1963 1001 TbeOpbanem,

390 1029 713 1095 patriarchae
751 1026 948 1081 Pbotio
1000 1036 1301 1096 utrumque
1356 1026 1779 1089 tommentlavit,
1834 1024 1968 1077 nihil

388 1122 620 1174 ulterius
670 1121 850 1175 verbis
883 1120 1222 1189 signiﬁcans.
1257 1120 1486 1173 l’botius
1525 1136 1653 1172 vero
1682 1119 1847 1172 variis
1876 1134 1968 1171 co‘

386 1212 748 1279 gitationibvs
800 1212 1167 1281 undequaque
1220 1211 1554 1280 jactabatur.
1604 1220 1657 1263 et
1703 1210 1964 1278 quidnam

388 1305 489 1358 hoc
526 1304 627 1357 sibi
664 1305 839 1366 vellet,
878 1304 1063 1356 animo
1093 1302 1426 1365 t'evolt'ebat,
1460 1301 1610 1369 quod
1643 1316 1750 1353 non
1796 1302 1965 1355 multo

390 1407 511 1465 post
550 1397 930 1450 intellecturus
970 1404 1111 1449 erat.
1161 1394 1354 1447 Mortis
1402 1394 1549 1446 enim
1604 1392 1965 1460 praecedentia

387 1489 539 1553 signa
595 1485 1027 1558 (ardentissima
1090 1484 1303 1537 scilicet
1363 1482 1576 1551 febris)
1646 1484 1818 1535 instar
1863 1498 1965 1535 cu-

378 1578 607 1646 juslibet
639 1574 789 1629 vocis
823 1574 1001 1642 magni
1034 1572 1199 1643 hujus
1236 1573 1399 1625 tinem
1450 1573 1960 1641 pta-monstrabant.

456 1668 546 1721 55.
605 1666 912 1721 Vehemens
941 1678 1119 1719 autem
1168 1666 1324 1719 dolor
1368 1674 1485 1718 erat
1541 1665 1614 1718 illi
1667 1666 1964 1733 gratiarum

386 1761 617 1815 actionis
665 1760 904 1823 occasio,
952 1776 1014 1813 ac
1055 1759 1308 1812 dicebat:
1353 1756 1627 1811 Benediro
1674 1768 1746 1825 te,
1800 1760 1962 1821 Deus,

384 1854 513 1921 quia
542 1854 644 1907 sub
678 1852 781 1906 alis
814 1852 925 1905 tuis
958 1851 1424 1904 intellectualibus
1457 1853 1761 1906 custoditus
1804 1868 1962 1916 sttui;

2071 673 2156 709 κει
2187 658 2541 729 Παρασκευή·
2567 658 2625 710 ἐν
2702 656 2764 709 τό
2790 659 3189 729 γραμματεῖον,
3212 656 3295 724 ἐφ’
3314 649 3359 723 ᾧ
3387 656 3447 708 αἱ
3483 656 3656 706 πᾶσαι

2068 747 2163 800 τοῦ
2222 748 2476 817 ποιμνίου
2543 750 3032 818 ἀναγεγραμμέναι
3120 749 3344 818 κτήσεις
3408 747 3657 814 ὐπῆρχον

2068 841 2365 911 ἀράμενος,
2402 843 2494 893 καὶ
2521 842 2618 894 σὺν
2640 840 2817 910 τούτῳ
2843 841 2937 894 καὶ
2968 840 3057 893 τὸν
3097 840 3343 908 μαθητὴν
3372 838 3657 904 Θεοφάνην

2072 932 2423 1003 παραλαϐὼν,
2456 933 2649 1004 Φωτίῳ
2674 934 2752 1003 τῷ
2783 934 3034 1005 ἀρχιερεῖ
3072 931 3454 1003 παρατίθεται.
3488 928 3657 997 μηδέν

2067 1042 2121 1077 τι
2154 1025 2314 1078 πλέον
2340 1028 2367 1079 ό
2392 1029 2639 1093 γενναῖος
2664 1043 2838 1097 προση
2848 1026 3183 1096 μηνάμενος.
3220 1025 3276 1076 'O
3300 1024 3356 1076 δὲ
3382 1022 3657 1081 παντοίοις

2067 1119 2349 1191 λογισμοῖς
2374 1121 2719 1173 ὲπατάσσετο
2742 1121 2841 1191 τὴν
2866 1120 3115 1191 καρδίαν,
3143 1123 3239 1172 καὶ
3264 1119 3317 1172 τί
3341 1134 3473 1170 ποτε
3496 1116 3659 1169 τοῦτό

2067 1212 2188 1263 ἐστι
2231 1211 2352 1265 καθ’
2385 1213 2579 1265 ἑαυτὸν
2612 1213 2910 1282 ἐλογίζετο’
2958 1213 3060 1266 οὐκ
3108 1212 3299 1282 ἔμελλε
3335 1211 3391 1263 δὲ
3439 1210 3657 1270 πάντως

2067 1302 2159 1353 ἐπὶ
2194 1302 2326 1353 πολὺ
2360 1302 2595 1370 ἀγνοεῖν·
2625 1302 2693 1355 τά
2716 1304 2823 1372 γὰρ
2854 1301 2947 1355 τοῦ
2971 1302 3201 1355 Θανάτου
3228 1298 3659 1371 προμηνυτὴρια

2068 1391 2289 1459 (κλῑκος
2324 1392 2378 1445 δὲ
2410 1389 2477 1462 ἧν
2507 1395 2665 1447 ταυτὶ
2696 1394 2968 1465 πυρετὸς)
3004 1394 3127 1446 ἀντὶ
3163 1392 3342 1461 πάσης
3376 1390 3562 1460 φωνῆς
3596 1389 3662 1439 τὸ

2070 1484 2218 1554 παρά
2247 1484 2341 1537 τοῦ
2378 1484 2617 1555 μεγάλου
2648 1483 2900 1538 τελεσθὲν
2926 1484 3239 1553 προεμήνυε

2139 1671 2237 1738 λγ¹.
2272 1672 2379 1723 Καὶ
2415 1667 2481 1740 ἦν
2516 1671 2711 1739 ἐκείνῳ
2734 1671 2771 1741 ἡ
2793 1668 3045 1738 ἀλγηδὼν
3071 1664 3421 1736 εὐχαριστίας
3458 1660 3663 1715 ὑπόθε-

2068 1781 2173 1828 σις,
2210 1764 2327 1828 καὶ,
2372 1764 2595 1831 Εὐλογῶ
2624 1781 2708 1827 σε,
2748 1763 2956 1829 ἔλεγεν,
3005 1764 3034 1815 6
3071 1760 3239 1823 Θεὸς,
3274 1759 3357 1811 ὅτι
3404 1773 3497 1810 σου
3536 1758 3661 1816 ταῖς

2067 1859 2285 1925 νοηταῖς
2319 1855 2767 1926 διαπεφύλαγμαι
2813 1854 3075 1924 πτέρυξιν
3098 1892 3113 1913 ,
3149 1850 3288 1906 ἀλλὰ
3320 1849 3663 1918 συντήρησόν

385 1960 571 1998 verum
621 1943 835 1998 custodi
886 1958 969 1995 me
1006 1958 1181 2011 usque
1230 1942 1296 1995 ad
1329 1944 1535 1995 exitum
1571 1943 1797 2010 spiritus
1834 1943 1959 2005 mei,

2070 1965 2135 2017 με
2168 1951 2261 2001 καὶ
2288 1948 2452 2018 μέχρι
2482 1949 2579 2015 τῆς
2606 1945 2927 2008 τελευταίας
2952 1942 3254 2013 ἀναπνοῆς,
3281 1942 3376 1995 καὶ
3395 1940 3660 1998 ἀπλανῶς

385 2046 439 2091 et
494 2038 734 2090 c0ncede
786 2036 944 2099 mibi,
992 2048 1048 2088 ut
1106 2036 1226 2088 sine
1293 2050 1477 2088 errore
1527 2050 1590 2087 ae.
1642 2035 1962 2099 deceptione

384 2146 512 2182 aura
564 2128 993 2190 tenebricosum,
1045 2143 1106 2181 ac
1136 2129 1542 2195 plantasmata,
1581 2144 1700 2195 qua:
1743 2127 1794 2179 in
1836 2141 1962 2179 acre

390 2232 699 2284 morantur,
765 2231 1167 2289 pcrtranscani,
1219 2238 1285 2273 ne
1344 2222 1480 2273 forte
1528 2229 1745 2288 propter
1794 2219 1959 2289 negli-

383 2318 600 2384 gentias
636 2313 694 2365 in
736 2316 844 2365 vita
894 2327 1012 2365 mea
1056 2312 1351 2376 admissas,
1400 2311 1559 2379 gaudi
1580 2320 1632 2362 at
1667 2326 1828 2377 super
1876 2324 1962 2362 me

383 2408 644 2461 inimicus
689 2422 865 2460 meus.
912 2404 1169 2458 anerna
1212 2403 1375 2458 etiam
1434 2420 1649 2473 gregem
1702 2413 1880 2469 tuum,
1928 2419 1963 2457 o

383 2497 622 2552 Verbum
654 2498 772 2561 Dei,
814 2505 866 2550 et
897 2498 1125 2551 dextera
1166 2504 1255 2549 tua
1289 2497 1650 2564 omnipotenti
1686 2510 1861 2564 usque
1891 2494 1961 2548 ad

383 2594 548 2645 linem
622 2591 809 2645 sazculi
874 2589 1103 2644 benedic
1165 2588 1292 2642 ﬁliis
1352 2587 1647 2642 Ecclesiae:
1710 2588 1959 2641 stabilem

386 2683 844 2753 tranquillitatem
881 2681 1141 2737 Ecclesiis
1192 2681 1301 2735 tuis
1350 2680 1590 2750 largire:
1644 2680 1823 2750 regale
1868 2694 1959 2733 sa-

380 2778 685 2835 cerdotium
728 2776 921 2847 gratiis
957 2775 1066 2829 tuis
1092 2790 1341 2829 exorna:
1382 2772 1550 2827 Belial
1584 2772 1687 2826 sub
1724 2772 1962 2841 pedibus

382 2869 729 2937 diligentium
759 2879 810 2921 te
843 2866 1072 2921 humilia
1101 2883 1115 2920 :
1152 2881 1370 2919 otnnem
1410 2865 1656 2918 haeresim
1700 2874 1959 2931 tanquam

382 2958 724 3012 mortiferam
779 2972 1129 3028 gangrwnant
1174 2957 1244 3010 ab
1301 2956 1548 3010 Ecclesm
1603 2956 1846 3025 expelle:
1906 2965 1961 3011 et

379 3052 579 3110 anima:
608 3067 741 3106 mete
762 3052 1085 3106 miserrima:
1109 3052 1364 3117 concede,
1391 3060 1450 3105 ut
1476 3050 1594 3105 sine
1625 3051 1735 3106 ullo
1764 3052 1961 3107 timore

382 3162 417 3199 a
435 3156 670 3215 corpore
702 3153 1005 3213 separetur.
1031 3142 1188 3208 Novi,
1206 3142 1458 3210 Dauniae,
1479 3142 1746 3214 Spiritum
1806 3152 1959 3197 tuum

382 3236 955 3292 immaculatissitnum
993 3250 1102 3289 non
1156 3236 1491 3305 requievisse
1522 3236 1578 3290 in
1615 3250 1699 3290 me
1736 3246 1960 3307 propter
1987 3277 2028 3333 ε

381 3328 626 3384 maculas
681 3329 984 3397 impressas
1028 3327 1227 3380 anima:
1274 3341 1427 3381 mea:.
1480 3324 1588 3381 Sed
1635 3336 1695 3381 tu
1740 3336 1960 3396 propter

380 3420 903 3477 excellentissimam
938 3417 1327 3488 benignitatem
1362 3426 1509 3471 tuam
1537 3418 1827 3473 dissimula
1864 3417 1962 3472 ini-

379 3514 619 3583 quitates
661 3527 832 3577 meas,
881 3519 936 3564 et
968 3510 1022 3564 iu
1052 3517 1257 3563 sortem
1313 3510 1828 3580 primogenitarnm,
1866 3509 1963 3578 qui

380 3608 435 3661 in
465 3607 622 3660 ccelis
654 3603 877 3674 ascripti
916 3613 1065 3667 sunt,
1100 3616 1437 3655 connumera
1486 3616 1594 3655 me.
1643 3599 1739 3655 llis
1775 3602 1958 3666 dictis,

379 3697 661 3752 benedixit
716 3695 825 3749 illis
877 3694 973 3764 qui
1032 3692 1283 3756 aderant,
1330 3700 1383 3746 et
1429 3692 1753 3747 absentibus
1793 3692 1957 3747 etiam

380 3790 561 3843 fausta
612 3802 678 3843 ac
727 3786 913 3843 felicia
960 3794 1314 3857 appreCatus,
1370 3784 1719 3839 immaculata
1770 3799 1959 3840 sacra-

378 3890 563 3936 menta
601 3889 868 3949 suscepit.
918 3878 1125 3933 Deinde
1166 3876 1435 3947 paulatim
1468 3891 1663 3931 manus
1692 3876 1960 3931 extollens

382 3975 438 4028 in
470 3973 697 4036 ccelum,
737 3980 928 4042 utpote
980 3969 1227 4025 omnium
1264 3969 1530 4023 amatoris
1562 3969 1794 4034 amicus,
1837 3968 1963 4023 laeta

377 4082 442 4121 ac
496 4065 802 4120 subridenti
840 4064 981 4118 facie
1015 4061 1384 4118 immaculatis
1423 4060 1520 4117 Dei
1563 4062 1821 4118 manibus
1853 4076 1958 4133 pu-

376 4160 661 4215 rissimum
695 4158 950 4228 Spiritum
981 4154 1408 4212 commendavit.

444 4252 535 4309 54.
583 4251 784 4306 Eodem
838 4262 1077 4322 tempore
1127 4249 1527 4305 monachorum
1594 4246 1959 4318 undequaque

377 4346 596 4415 agmina
623 4356 953 4416 congregata
972 4346 1154 4399 locum
1174 4344 1327 4398 illum
1359 4356 1636 4398 concursu
1654 4356 1756 4396 suo
1785 4355 1957 4396 coan—

377 4438 706 4507 gustabant;
752 4447 808 4493 et
863 4439 1154 4490 innumera
1202 4434 1497 4490 multitudo
1547 4434 1840 4489 commista
1891 4448 1958 4487 ex

380 4532 512 4595 illis,
554 4546 793 4601 quarunt
831 4529 949 4600 ipse
980 4544 1207 4599 quoquo
1256 4533 1424 4583 modo
1469 4543 1658 4583 curam
1690 4537 1957 4599 gesserat,

2064 2039 2149 2103 δὶς
2177 2041 2433 2110 διαϐῆναι
2464 2040 2553 2092 τὸν
2582 2039 2818 2109 ἄρχοντα
2844 2038 2938 2090 τοῦ
2967 2035 3193 2096 σκότους
3225 2034 3319 2087 καὶ
3342 2032 3411 2085 τά
3444 2034 3502 2083 ὲν
3532 2030 3661 2097 ἀέρι

2065 2134 2448 2203 φαντάσματα,
2481 2136 2554 2201 μή
2589 2148 2719 2184 ποτε
2741 2130 2830 2185 διὰ
2849 2131 2947 2192 τὰς
2975 2127 3137 2199 ὲν-τῷ
3170 2126 3272 2198 βίῳ
3303 2124 3661 2181 τελεσθείσας

2064 2223 2394 2297 ἀπροσεξίας
2428 2221 2719 2293 ἐπιχαρείη
2763 2221 2850 2273 ἐπ’
2894 2218 2994 2289 ἐμὲ
3041 2220 3070 2271 δ
3118 2216 3309 2287 ἐχθρός
3362 2232 3489 2285 μου.
3548 2215 3661 2266 Κυ-

2065 2318 2330 2388 ϐέρνησον
2363 2316 2420 2369 δὲ
2450 2319 2544 2370 καὶ
2572 2315 2633 2367 τὸ
2670 2312 2925 2384 ποίμνιόν
2948 2329 3068 2376 σου,
3097 2311 3238 2377 Λόγε
3270 2307 3430 2372 Θεοῦ,
3466 2308 3566 2360 καὶ
3590 2310 3657 2376 τῇ

2068 2413 2133 2479 σῇ
2196 2410 2677 2480 παντοκρατορικῇ
2735 2404 2887 2477 δεξιᾷ
2944 2405 3099 2457 δίεπε
3150 2403 3316 2473 μέχρι
3364 2401 3661 2468 τερμάτων

2066 2503 2289 2565 αἰῶνος,
2320 2501 2389 2554 τὰ
2413 2501 2578 2553 τέκνα
2610 2503 2707 2570 τῆς
2754 2496 3082 2566 Ἐκκλησίας
3114 2493 3411 2563 εὐλόγησον
3439 2508 3453 2522 ⁸
3489 2490 3662 2559 γαλή-

2066 2612 2164 2665 νην
2208 2592 2488 2663 σταθηράν
2540 2594 2659 2656 ταῖς
2719 2590 3075 2659 Ἐκκλησίαις
3124 2604 3218 2640 σου
3267 2585 3548 2657 δώρησαι.
3599 2585 3662 2634 τὸ

2066 2686 2337 2757 βασίλειον
2358 2687 2659 2757 ἱεράτευμα
2687 2686 2809 2747 ταῖς
2844 2686 2960 2746 σαῖς
2991 2679 3414 2749 κατακόσμησον
3447 2678 3657 2748 χάρισι,

2063 2780 2403 2832 ταπείνωσον
2451 2779 2543 2831 τὸν
2592 2776 2793 2845 Βελίαρ
2825 2776 2929 2829 ὐπὸ
2972 2777 3097 2836 τοὺς
3133 2772 3301 2835 πόδας
3352 2770 3467 2823 τῶν
3520 2773 3662 2836 ἀγα-

2066 2872 2294 2925 πώντων
2329 2888 2410 2935 σε,
2442 2874 2626 2925 πᾶσαν
2658 2871 2870 2940 αἰρεσιν
2894 2867 2969 2931 ὡς
2991 2864 3353 2936 ψυχοὶεθρίαν
3381 2864 3661 2931 γάγγραιε

2064 2982 2162 3017 ναν
2190 2964 2292 3033 τῆς
2330 2962 2659 3033 Ἐκκλησίας
2688 2962 2989 3026 ἀπέλασον,
3031 2960 3125 3011 καὶ
3157 2957 3247 3017 δὸς
3276 2958 3342 3025 τῇ
3376 2955 3660 3024 παναθλία

2063 3057 2207 3127 ψυχῇ
2243 3073 2343 3125 μου
2379 3056 2672 3125 ἀταράχως
2704 3051 3093 3121 διαζευχθῆναι
3126 3048 3280 3102 τοῦδε
3325 3047 3417 3099 τοῦ
3470 3048 3663 3115 σώμαι

2063 3164 2175 3211 τος.
2212 3143 2369 3211 Οἶδα,
2391 3146 2663 3211 Δέσποτα,
2692 3145 2769 3208 ὡς
2799 3143 2861 3197 τὺ
2890 3140 3270 3213 πανάχραντόν
3292 3155 3387 3191 σου
3410 3136 3658 3206 πνεῦμα,

2063 3242 2164 3295 οὐκ
2194 3240 2580 3294 ἀναπέπαυται
2613 3240 2670 3291 ὲν
2697 3238 2818 3308 ἐμοὶ
2843 3236 2932 3290 διὰ
2968 3236 3068 3298 τὰς
3101 3230 3552 3303 ἀπομορχθείσας
3589 3232 3656 3298 τῇ

2061 3334 2206 3405 ψυχῇ
2248 3351 2350 3405 μου
2382 3332 2608 3405 κηλῖδας
2632 3351 2645 3364 ·
2688 3331 2826 3385 ἀλλὰ
2867 3332 2932 3385 σύ
2964 3329 3051 3383 διὰ
3080 3327 3180 3398 τὴν
3206 3323 3659 3396 ὑπερϐάλλουσαν

2063 3445 2158 3481 σου
2179 3427 2530 3499 χρηστότητα
2560 3424 2757 3495 πάριδέ
2792 3441 2893 3495 μου
2922 3423 3023 3487 τὰς
3049 3420 3279 3491 ἀνομίας
3301 3456 3317 3484 ,
3346 3418 3441 3471 καὶ
3470 3415 3662 3484 κλήρῳ

2060 3520 2171 3574 τῶν
2218 3520 2587 3591 πρωτοτόκων
2621 3518 2729 3571 τῶν
2764 3512 3273 3585 ἀναγεγραμμένων
3313 3512 3370 3563 ἐν
3404 3510 3660 3580 οὐρανοῖς

2064 3610 2491 3681 συναρίθμησον.
2536 3602 2673 3662 Εἷπε
2702 3607 2875 3661 ταῦτα
2904 3608 2999 3660 καὶ
3028 3607 3154 3668 τοὺς
3183 3604 3462 3676 παρόντας
3496 3604 3656 3657 εὐλοο

2061 3704 2271 3774 γήσας,
2310 3704 2403 3756 καὶ
2433 3704 2548 3766 τοῖς
2594 3701 2797 3755 ἀποῦσι
2843 3700 2914 3753 τά
2956 3699 3204 3770 έξιτήρια
3238 3698 3615 3769 ἐπευξάμενος
3638 3740 3655 3761 ,

2061 3793 2181 3849 εἶτα
2200 3795 2292 3848 καὶ
2315 3794 2423 3847 τῶν
2447 3794 2731 3864 ἀχράντων
2755 3791 3083 3864 μεταλαϐὼν
3103 3793 3443 3863 μυστηρίων,
3471 3792 3573 3861 ἡρέ
3581 3811 3658 3860 μα

2060 3906 2119 3942 τε
2142 3890 2239 3952 τάς
2275 3891 2465 3959 χεῖρας
2497 3887 2634 3958 ἄρας
2664 3888 2745 3951 είς
2777 3886 3028 3958 οὐρανόν.
3058 3886 3166 3939 Καὶ
3195 3880 3307 3938 οἷον
3339 3886 3477 3953 πρὸς
3521 3888 3655 3955 ἐρα-

2062 3980 2195 4051 στὴν
2239 3980 2497 4050 ἐλόμενος
2535 3979 2823 4045 ἁπάντων,
2865 3977 3078 4049 φαιδρῷ
3113 3978 3209 4031 καὶ
3262 3976 3655 4047 ὐπομειδιῶντι

2061 4073 2363 4146 προσώπῳ,
2416 4074 2606 4145 χερσὶν
2648 4072 2943 4145 ἀκράντοις
2980 4069 3117 4125 Θεοῦ
3163 4070 3223 4123 τὸ
3270 4070 3655 4141 πανάχραντον

2060 4166 2281 4236 πνεῦμα
2304 4166 2593 4238 παρέθετο.

2131 4260 2224 4316 λδ’.
2266 4261 2393 4314 Ὅτε
2429 4261 2522 4315 καὶ
2559 4258 2898 4329 πανταχόθεν
2930 4258 2998 4313 τὰ
3039 4260 3221 4328 σμήνη
3253 4258 3361 4311 τῶν
3396 4259 3656 4328 μοναχῶν

2061 4354 2202 4425 κατά
2239 4353 2433 4409 ταυτὸν
2467 4351 2851 4423 ἀθροιζόμενα,
2887 4348 3393 4420 κατεστενοχώρουν
3426 4350 3518 4401 τὸν
3558 4352 3652 4403 τόο

2062 4465 2163 4501 πον
2212 4450 2280 4517 τῇ
2313 4445 2623 4516 συνδρομῇ,
2666 4443 2763 4498 καὶ
2802 4443 2871 4497 τὰ
2917 4443 3254 4514 μυριόμικτα
3308 4439 3489 4510 πλήθη
3515 4479 3532 4502 ,
3575 4434 3653 4491 ὢν

2065 4543 2267 4604 ἐκεῖνος
2300 4539 2620 4609 ἐπεμελεῖτο
2649 4537 2943 4600 παντοίως,
2972 4536 3002 4590 ό
3035 4535 3133 4605 μὲν
3158 4537 3252 4589 τὸν
3286 4534 3499 4604 πατέρα
3560 4534 3658 4585 έπ-

376 4626 671 4679 convenit:
700 4638 933 4693 quorum
969 4622 1112 4676 alius
1140 4630 1355 4692 patrem
1393 4621 1648 4688 uellebat,
1676 4625 1819 4679 alius
1845 4641 1951 4679 nu-

2066 4636 2221 4705 ολοφυ
2230 4635 2458 4705 ρόμενος
2482 4628 2570 4705 ἦν,
2588 4634 2617 4687 ό
2642 4631 2699 4685 δὲ
2723 4630 2813 4684 τὸν
2836 4628 3234 4701 τροφέα,ᾶλλος
3262 4628 3353 4681 τὸν
3385 4626 3483 4696 τῆς
3512 4624 3653 4684 ιδίας

376 4715 622 4779 triciuin,
648 4714 787 4768 alius
814 4714 1013 4768 anima:
1037 4730 1150 4769 sua!
1173 4715 1427 4769 sedulum
1456 4728 1787 4782 curatorem,
1816 4718 1959 4774 alius

373 4824 507 4865 vero
535 4809 589 4863 in
619 4809 783 4864 rebus
811 4809 1021 4878 asperis
1051 4824 1115 4864 ac
1141 4808 1481 4866 ditliclllintis
1510 4810 1815 4879 adjutorem
1849 4813 1955 4867 mi-

373 4903 682 4959 serabibter
721 4902 937 4973 eiulans
970 4903 1313 4972 deplorabat.
1351 4903 1556 4960 Omnes
1588 4914 1795 4971 autem,
1835 4920 1957 4959 om-

374 4999 537 5052 nibus
577 4999 767 5053 omnia
798 4997 1028 5060 factum,
1068 4997 1231 5067 juxta
1290 5013 1553 5067 uiaguum
1607 5000 1954 5067 Apostolnm,

376 5099 434 5145 ut
462 5093 645 5145 omnia
679 5090 1053 5155 lucrifacerct,
1105 5090 1366 5161 lacrymis
1409 5092 1838 5147 comitabantur.
1876 5090 1957 5147 Ita

374 5183 543 5241 funus
578 5184 653 5236 illi
687 5185 1030 5253 persolutum
1065 5189 1172 5247 est,
1202 5191 1257 5235 et
1302 5180 1355 5235 id
1402 5183 1548 5251 quod
1581 5182 1702 5236 luce
1727 5181 1952 5248 dignum

372 5288 512 5340 erat,
539 5278 782 5347 copiosis
818 5292 943 5330 cum
1007 5275 1312 5331 luminibus
1338 5275 1444 5329 sub
1485 5287 1630 5330 terra
1662 5276 1957 5330 abscondi-

376 5382 486 5424 tum
515 5368 645 5436 fuit;
701 5369 912 5438 angelis
941 5384 1163 5424 sursum
1210 5367 1638 5431 exsultantibus,
1684 5376 1739 5421 et
1786 5367 1952 5422 veluti

373 5480 499 5520 cum
528 5465 752 5520 concive
792 5478 857 5517 ac
887 5462 1147 5519 cousucio
1174 5477 1276 5516 suo
1306 5461 1707 5529 colitetantibus
1733 5478 1746 5514 :
1779 5462 1957 5515 omni-

374 5559 479 5613 bus
503 5574 634 5612 vero
668 5558 936 5612 deorsum
975 5554 1349 5623 gementibus,
1384 5568 1451 5608 eo
1493 5554 1639 5623 quod
1670 5568 1801 5622 erga
1829 5555 1953 5608 uni-

371 5667 564 5707 versos
598 5650 1036 5705 humanissimus
1070 5664 1286 5717 semper
1320 5647 1533 5702 fuisset.
1567 5648 1635 5701 At
1670 5662 1798 5703 vero
1840 5648 1954 5702 dm-

374 5762 570 5804 mones
603 5748 655 5801 in
688 5746 888 5800 divinze
941 5745 1091 5799 illius
1143 5746 1341 5799 anima:
1398 5761 1633 5799 ascensu
1689 5746 1955 5799 exhorre-

373 5843 615 5908 scebant,
676 5852 839 5909 atque
891 5840 1109 5893 interim
1168 5853 1355 5891 aereas
1414 5838 1665 5905 regiones
1720 5836 1951 5889 derelin-

373 5946 601 6005 quentes
651 5934 849 6004 procul
899 5932 1269 6007 aufugit-bant.
1320 5930 1383 5983 Et
1420 5930 1640 5999 quidan
1678 5945 1741 5983 cx
1788 5931 1954 6000 longo

2061 4730 2237 4801 ψυχῆς
2262 4726 2625 4797 ἐπιμελητὴν,
2645 4727 2672 4779 ό
2693 4724 2750 4777 δὲ
2772 4724 2862 4776 τὸν
2885 4725 2942 4776 ὲν
2964 4723 3159 4785 δεινοῖς
3180 4722 3467 4785 ἐπίκουρον
3486 4731 3652 4785 στερ·

2062 4821 2311 4876 νοτυπῶν
2335 4820 2586 4882 ἐλεεινῶς
2614 4817 2927 4888 ὠλοφύρετο
2946 4857 2961 4881 ,
3004 4815 3207 4869 πάντες
3243 4808 3301 4860 δὲ
3344 4808 3435 4859 τὸν
3467 4808 3651 4860 πάντα

2060 4917 2195 4970 πᾶσι
2225 4914 2509 4984 γινόμενον
2538 4913 2625 4964 ἵνα
2660 4910 2789 4973 τούς
2818 4909 3026 4964 πάντας
3065 4899 3304 4969 κερδήσῃ
3328 4940 3343 4964 ,
3383 4900 3527 4951 κατὰ
3554 4900 3653 4951 τὸν

2063 5009 2235 5078 μέγαν
2283 5004 2627 5057 Ἀπόστολον.
2658 5000 2768 5053 Καὶ
2793 4994 3083 5049 διετελείτο
3123 4994 3155 5061 ἡ
3190 4990 3429 5060 ἐκφορά,
3457 4991 3551 5042 καὶ
3590 4994 3654 5043 το

2060 5098 2239 5170 φωτὸς
2262 5096 2413 5162 ἀξιον
2439 5095 2548 5148 ὑπὸ
2576 5091 2790 5162 δαψιλεῖ
2821 5087 2899 5159 τῷ
2931 5086 3071 5156 φωτὶ
3104 5082 3210 5137 ὐπὸ
3237 5082 3344 5153 γῆν
3373 5084 3652 5152 κατεχρύ-

2060 5210 2256 5256 πτετο,
2313 5191 2560 5262 ἀγγέλων
2619 5176 2828 5243 ἀνωθεν
2863 5178 3321 5253 προσκιρτὼντων
3382 5177 3475 5230 καὶ
3534 5172 3651 5229 οἷον

2060 5284 2523 5354 ὲπαγαλλομένων
2572 5279 2651 5351 τῷ
2683 5276 3015 5349 συμπολίτῃ.
3049 5272 3146 5326 καὶ
3174 5268 3516 5339 συνθιασῶτῃ
3546 5269 3650 5323 αὐο

2057 5378 2184 5444 τῶν,
2225 5376 2531 5449 ἀνθρώπων
2564 5372 2809 5428 κάτωθεν
2844 5366 3191 5438 οἰμωζόντων
3227 5362 3315 5415 διὰ
3342 5362 3404 5415 τὸ
3433 5362 3651 5414 ἐκείνου

2060 5470 2196 5542 πρὸς
2232 5469 2442 5531 πάντας
2480 5464 2884 5537 φιλάνθρωπον,
2911 5458 3182 5530 δαιμόνων
3214 5453 3548 5524 φριττόντων
3579 5455 3649 5520 τῇ

2059 5562 2232 5633 ἀνόδῳ
2270 5563 2368 5630 τῆς
2417 5561 2567 5621 θείας
2603 5557 2812 5612 ἐκείνου
2847 5552 3048 5625 ψυχῆς.
3089 5549 3139 5602 οἳ
3188 5549 3323 5609 τέως
3362 5545 3458 5597 τὸν
3504 5544 3651 5614 ἀέρα

2059 5654 2453 5717 καταλιπόντες
2474 5651 2873 5722 ἀπεδίδρασκον
2900 5644 3185 5717 πόρρωθεν
3207 5659 3219 5672 ο
3246 5640 3342 5695 καί
3364 5655 3506 5702 τινες
3537 5639 3652 5690 ἀπὸ

2062 5750 2278 5819 μακρᾶς
2301 5746 2611 5818 ὁδοιπορίας
2638 5746 2763 5813 ἄρτι
2791 5742 2925 5810 πρὸς
2949 5739 3045 5809 τὴν
3076 5734 3452 5804 ὲνεγκαμένην
3482 5747 3651 5801 μετα-

2059 5842 2382 5911 φοιτῶντες,
2416 5837 2726 5909 ὀλοφυρμοῦ
2762 5834 2946 5905 ἀερίου
2985 5829 3282 5903 ᾐσθάνοντο
3305 5866 3320 5888 ,
3364 5824 3503 5893 τάχα
3533 5821 3651 5875 τῶν

2061 5934 2318 6005 πονηρῶν
2353 5932 2724 6003 οἴμωζόντων,
2750 5928 2835 5980 διὰ
2870 5928 2928 5979 τὸ
2961 5924 3038 5995 μὴ
3073 5923 3287 5990 στέγειν
3324 5917 3423 5988 τὴν
3449 5914 3644 5969 ἄνοδον
