3978 6610
301 479 405 543 973

1864 487 2043 546 VITA
2057 535 2069 546 .

3452 500 3560 565 974

298 593 401 664 ἀὴρ
428 592 575 654 ἄπας
606 586 973 662 καθηγιάζετο
1001 592 1097 647 καὶ
1132 595 1202 664 γῇ
1229 595 1295 665 τῇ
1321 592 1611 649 καταθέσει
1651 595 1744 650 τοῦ
1776 595 1881 652 σώ-

1994 594 2184 651 itiuere
2206 611 2384 666 nuper
2417 596 2789 665 advenientes,
2821 601 3058 663 gemitus
3097 604 3366 678 fletusque
3396 625 3557 669 voces

296 702 483 754 ματος.

1986 689 2041 744 in
2092 704 2218 744 aere
2277 689 2625 759 audiverunt,
2676 694 2927 749 celeriter
2976 701 3230 767 pessimis
3273 678 3560 771 spiritibus
3649 748 3654 753 .

295 796 418 832 t'Ulll
466 778 667 848 gemitu
712 779 1067 857 abeuntibus,
1114 797 1179 836 eo
1248 784 1393 852 quod
1443 783 1591 839 illius
1629 778 2236 840 ascenSttwsustinere
2268 802 2377 840 non
2448 800 2695 859 possent.
2740 787 3043 846 Universas
3079 802 3260 851 autem
3295 812 3389 852 aer
3429 814 3561 853 san-

293 869 657 937 ctiﬁcabatur,
710 879 877 938 atque
926 872 1088 925 etiam
1138 881 1282 927 terra
1329 876 1582 945 corporis
1614 876 1760 931 illius
1790 876 2151 947 depositione.

361 957 457 1013 λε’.
498 959 606 1012 Καί
640 976 722 1022 τις
750 960 913 1030 ἀνὴρ,
947 960 1184 1032 συνήθης
1213 961 1288 1025 ὼς
1318 963 1387 1016 τὰ
1414 962 1586 1016 πολλὰ
1614 964 1690 1034 τῷ
1721 966 1883 1035 ἁγίῳ,

295 1052 387 1106 καὶ
422 1050 524 1121 βίῳ
558 1050 716 1119 λόγον
750 1053 1002 1121 κοσμῶν,
1037 1055 1130 1107 καὶ
1158 1052 1235 1124 τῷ
1269 1055 1410 1126 λόγῳ
1448 1056 1539 1109 τὸν
1591 1057 1703 1127 βίον
1754 1058 1886 1111 καθ’

292 1146 564 1215 ωραῒζων,
584 1143 745 1215 ὲῲκει
763 1148 903 1200 κατὰ
922 1147 1013 1201 τὸν
1043 1149 1233 1219 καιρὸν
1256 1150 1353 1221 τῆς
1379 1151 1645 1222 ἐκδημίας
1660 1153 1757 1223 τῆς
1783 1171 1885 1223 μα-

294 1236 493 1307 καιρίας
514 1236 733 1306 ἐκείνης
748 1236 925 1306 ψυχῆς
950 1238 1166 1310 (πόρρω
1190 1239 1299 1311 γὰρ
1320 1236 1431 1310 ἦν),
1461 1244 1646 1312 φωνῆς
1665 1244 1884 1297 ἀκούειν

291 1330 565 1399 καλούσης
605 1328 803 1382 αὐτόν·
841 1329 1054 1395 Ἐξιθι,
1099 1332 1194 1384 καὶ
1249 1332 1413 1403 βλέπε
1454 1336 1737 1406 παράδοξα
1784 1336 1879 1392 καὶ

294 1422 415 1476 θεῖα
451 1421 763 1492 μυστήρια·
801 1422 994 1493 ἀμέλει
1033 1424 1127 1478 καὶ
1166 1427 1265 1496 τῆς
1308 1426 1546 1491 οἰκείας,
1589 1428 1665 1491 ὡς
1701 1429 1877 1483 ἐδόκει

291 1515 508 1586 ἐκείνῳ,
534 1515 640 1568 ὑπὸ
662 1516 758 1585 τῆς
782 1517 964 1587 φωνῆς
987 1517 1383 1585 ἀφυπνισθέντι
1411 1522 1505 1573 καὶ
1525 1520 1721 1587 ἐξιόντι
1750 1523 1877 1592 ὀροῖ-

289 1608 382 1661 ταί
420 1625 473 1659 τι
500 1607 665 1677 φόϐον
705 1608 797 1661 καί
837 1609 1016 1679 χαρὰν
1049 1609 1315 1680 ἐμποιοῦν
1349 1611 1551 1682 θέαμα.
1596 1613 1878 1685 Ἐφαίνετο

289 1701 400 1770 γὰρ
425 1700 546 1753 ὅλον
576 1700 638 1753 τὸ
667 1700 830 1764 κῦτος
856 1701 951 1754 τοῦ
979 1702 1210 1774 ούρανοῦ
1244 1704 1656 1778 διασχιζόμενον
1690 1707 1878 1778 σώμα-

288 1809 400 1857 τος,
425 1794 492 1846 τὰ
515 1792 573 1846 δὲ
596 1793 852 1863 τάγματα
872 1794 981 1848 τῶν
1000 1796 1173 1864 ἁγίων
1199 1796 1452 1868 ὁμιλαδὸν
1474 1800 1573 1870 τῆς
1599 1802 1877 1872 μακαρίας

290 1888 555 1960 περιοχῆς
599 1886 935 1960 ἐξερχόμενοι
955 1930 971 1956 ,
1005 1891 1064 1944 ού
1108 1890 1230 1943 καθ’
1258 1890 1452 1945 ἕνωσιν
1498 1892 1625 1963 μίαν
1651 1894 1744 1947 καὶ
1776 1893 1876 1965 τὴν

2056 967 2143 1020 53.
2176 965 2268 1021 Vir
2295 976 2477 1023 autem
2503 971 2724 1040 quidam
2766 972 2939 1027 sancti
2970 972 3132 1043 hujus
3162 980 3562 1037 consuetudine

1981 1056 2189 1122 clarus,
2221 1059 2315 1129 qui
2352 1060 2462 1115 vita
2494 1075 2806 1118 sermonem
2848 1066 3169 1134 exornabat,
3206 1078 3263 1124 et
3306 1087 3563 1130 sermone

1982 1149 2153 1203 vitam
2187 1151 2506 1215 decorabat,
2535 1165 2700 1225 atque
2732 1156 2808 1210 illi
2855 1158 3012 1214 valde
3042 1160 3241 1219 similis
3273 1176 3427 1233 erat;
3464 1184 3563 1237 per

1983 1240 2114 1296 illud
2163 1250 2396 1312 tempus,
2445 1260 2555 1313 quo
2593 1245 2753 1302 beata
2802 1248 2951 1306 illius
2997 1252 3183 1309 anima
3229 1257 3558 1327 emigrabat.

1984 1349 2110 1390 cum
2144 1337 2333 1405 procul
2376 1350 2540 1403 esset,
2578 1353 2768 1395 vocem
2798 1341 3008 1397 audivit
3052 1356 3341 1403 vocantem
3373 1366 3452 1416 se,
3499 1368 3565 1407 ac

1984 1425 2295 1481 dicentem:
2343 1427 2613 1500 Egredere
2661 1446 2727 1487 ac
2772 1432 2895 1487 vide
2936 1434 3230 1499 mirabilia.
3278 1448 3333 1493 et
3379 1441 3562 1497 divina

1986 1520 2271 1590 mysteria.
2319 1519 2567 1591 Denique
2611 1539 2642 1577 a
2676 1524 2933 1580 familiari
2975 1542 3130 1593 voce,
3166 1540 3226 1584 ut
3270 1531 3375 1586 sibi
3408 1534 3561 1588 vide-

1984 1610 2166 1675 batur,
2188 1611 2637 1683 expergefactus,
2665 1623 2720 1670 et
2753 1630 3029 1684 egressus,
3071 1619 3337 1676 visionem
3366 1639 3563 1693 quam-

1984 1703 2110 1757 dam
2138 1702 2337 1758 timore
2367 1706 2671 1775 gaudioqtte
2701 1706 2915 1775 plenam
2952 1711 3258 1779 conspexit.
3297 1712 3562 1771 Universa

1985 1796 2132 1851 enim
2184 1797 2307 1851 εαξη
2362 1797 2592 1876 latitudo
2636 1799 2869 1854 discindi
2921 1801 3228 1865 videbatur,
3282 1814 3447 1876 atque
3495 1824 3564 1863 ex

1987 1885 2148 1943 beato
2179 1888 2273 1941 illo
2318 1888 2441 1943 sinu
2482 1891 2760 1944 turmatim
2791 1901 3103 1948 sanctorum
3140 1898 3360 1952 ordines
3386 1900 3558 1964 exire,

289 1980 483 2051 αὐτὴν,
513 1979 651 2034 ἀλλὰ
695 1983 993 2052 προηγεῖτο
1023 1981 1123 2052 μὲν
1156 1982 1191 2051 ἡ
1220 1982 1330 2036 τῶν
1362 1983 1678 2037 ἀποστόλων
1711 1984 1878 2055 ἀκρόο

1994 1994 2093 2034 non
2122 1981 2344 2051 quidem
2387 1997 2496 2036 uno
2524 1983 2829 2054 eodemque
2859 1986 3054 2052 modo;
3089 1989 3182 2043 sed
3229 1991 3406 2059 primo
3438 1995 3561 2061 qui-

287 2090 387 2143 της
421 2072 557 2143 μετά
587 2074 687 2143 τῆς
725 2071 851 2144 ὅλης
889 2072 1070 2127 αὐτῶν
1111 2073 1438 2146 ὁμηγύρεως
1466 2115 1481 2139 ,
1520 2076 1796 2147 μάρτυρες
1827 2076 1883 2130 δὲ

294 2165 436 2235 μετά
460 2164 682 2228 τούτους
707 2166 1141 2235 συνεφεπὸμενοι
1170 2166 1586 2236 κατεφαίνοντο,
1620 2169 1717 2220 καὶ
1749 2168 1881 2222 καθ-

288 2258 421 2328 εξῆς
445 2259 494 2311 οἱ
520 2257 832 2329 προφῆται,
866 2258 961 2311 καὶ
989 2258 1099 2311 τῶν
1126 2258 1300 2313 ἄλλων
1339 2258 1502 2322 ὁσίως
1536 2259 1882 2330 βεόιωκότων

286 2350 356 2403 τὰ
386 2351 572 2421 στίφη.
608 2350 701 2404 καί⁹
739 2352 768 2403 ὁ
801 2349 908 2403 τῶν
942 2348 1358 2421 διαπρεψάντων
1384 2352 1444 2403 ὲν
1478 2351 1762 2425 ἁγιωσύνῃ
1790 2353 1883 2405 καὶ

290 2441 679 2516 ἀρχιερωσύνη
698 2441 1112 2512 παναγιώτατος
1148 2442 1424 2512 σύλλογος.
1459 2443 1643 2517 Ἐὡρα
1666 2445 1797 2514 γοῦν
1821 2446 1884 2499 τὸ

288 2537 577 2605 γινόμενον
614 2535 642 2588 ὁ
677 2535 867 2607 ῥηθεὶς
896 2537 1102 2600 ἐκεῖνος
1126 2534 1287 2606 ἀνὴρ,
1325 2535 1423 2588 καὶ
1447 2536 1567 2599 ὅλος
1591 2532 1658 2609 ἦν
1679 2537 1884 2607 ἐκπλή-

292 2630 430 2695 ξεως
456 2630 727 2700 καθορῶν
757 2628 872 2682 ἀλλ’
891 2628 994 2683 οὐκ
1014 2628 1248 2701 ἡδύνατο
1277 2628 1574 2700 συμϐαλεῖν
1602 2630 1677 2702 τῷ
1704 2648 1883 2703 παρα-

290 2724 458 2787 δόξως
488 2722 760 2793 γινομένῳ
802 2722 1080 2793 θεάματι,
1112 2721 1264 2774 ἔνθεν
1308 2740 1390 2775 τοι
1429 2723 1524 2776 καὶ
1569 2723 1884 2796 διηπορεῖτο

294 2817 417 2871 καθ’
452 2817 667 2878 ἑαυτὸν,
702 2815 766 2868 Τί
792 2817 921 2869 ποτέ
961 2816 1078 2868 ἐστι
1107 2815 1167 2867 τὸ
1205 2816 1481 2886 ὁρώμενον
1507 2832 1522 2883 ;
1560 2815 1671 2871 Kat't
1693 2817 1760 2885 δὴ
1785 2819 1884 2888 τῆς

295 2912 571 2979 προτέρας
619 2908 794 2961 ὲδόκει
837 2908 932 2960 καὶ
968 2906 1122 2970 αὖθις
1161 2906 1382 2961 ἀκούειν
1425 2908 1643 2979 φωνῆς·
1692 2910 1883 2978 Νῆφε,

294 3002 390 3056 ἄνθ
402 3019 571 3071 ρωπε,
600 3001 706 3054 ἰδοὺ
734 3000 792 3052 τὸ
819 2999 1096 3074 ὁρώμενον
1131 3000 1394 3071 πρόδηλον
1419 3016 1432 3030 ·
1470 3001 1637 3072 ἤκουε
1665 3000 1835 3055 ταῦτα
1866 3018 1880 3032 ⁸

295 3095 391 3148 καὶ
439 3095 542 3165 ὁρᾷ
588 3094 904 3156 νεανίσκους
950 3092 1227 3163 τέσσαρας
1270 3092 1364 3144 τὸν
1405 3092 1673 3164 ἀριθμὸν,
1708 3093 1885 3163 πτερά

296 3184 722 3255 περικειμένους
753 3185 845 3236 ἐπὶ
874 3182 983 3237 τῶν
1018 3182 1206 3254 ὤμων,
1237 3184 1331 3236 καὶ
1360 3183 1604 3255 ὡσπερεί
1635 3202 1759 3238 τινα
1788 3185 1883 3238 κό-

298 3295 400 3349 ρην
433 3277 556 3346 ἄρτι
588 3276 749 3331 καλὸν
776 3274 871 3328 καὶ
901 3275 998 3346 ἡδὺ
1028 3275 1461 3346 ἀπολάμπουσαν
1488 3279 1545 3329 ὲν
1574 3276 1724 3346 μέσῳ
1749 3295 1883 3331 κατ-

1986 2072 2107 2126 dem
2155 2073 2530 2143 apostolorum
2563 2075 2853 2130 summitas
2899 2091 3025 2131 cum
3060 2079 3317 2135 universo
3344 2082 3565 2138 illorum

1986 2171 2130 2217 cmttt
2171 2164 2469 2233 ’proilibat:
2519 2177 2644 2234 post
2675 2166 2775 2222 hos
2822 2178 3010 2223 autem
3058 2180 3329 2242 martyres
3367 2189 3566 2230 conse-

1985 2256 2219 2324 quentes
2242 2257 2614 2325 apparebant:
2640 2260 2920 2328 prophette
2942 2260 3224 2332 deinceps,
3252 2274 3306 2319 et
3328 2265 3564 2322 aliorum

1986 2357 2306 2403 sanctorum
2377 2349 2470 2419 qui
2503 2350 2635 2404 olim
2671 2352 2942 2417 vixerant,
2982 2354 3153 2421 acies,
3188 2365 3244 2411 et
3284 2359 3568 2427 pontificia

1985 2440 2254 2510 dignitate
2286 2442 2529 2513 insignes
2559 2442 2800 2509 fuerant,
2834 2447 3242 2503 sanctissimum
3274 2450 3566 2522 collegium

1985 2531 2288 2586 visebatur.
2339 2532 2658 2603 Aspieiebat
2702 2549 2834 2605 ergo
2871 2536 2956 2590 vir
2990 2539 3285 2607 praedictus
3324 2542 3379 2597 id
3417 2547 3569 2613 quod

1987 2625 2169 2689 fiebat,
2196 2635 2456 2696 totusque
2481 2635 2707 2697 stupore
2732 2629 2927 2699 plenus
2950 2641 3090 2697 erat,
3119 2633 3247 2688 dum
3272 2638 3566 2705 aspiceret.

1987 2733 2096 2772 non
2130 2726 2308 2772 tamen
2356 2728 2572 2789 poterat
2604 2721 2761 2791 plene
2793 2724 3018 2793 assequi
3062 2734 3229 2795 atque
3261 2728 3570 2800 intelligere

1986 2811 2357 2879 spectaculum
2409 2812 2541 2865 illud
2577 2813 2997 2882 admirandum;
3047 2828 3333 2888 propterea
3386 2831 3570 2879 mente

1987 2900 2152 2955 dubia
2194 2911 2360 2973 atque
2396 2904 2524 2959 hinc
2574 2904 2699 2958 inde
2732 2906 2938 2975 agitata
2973 2907 3159 2964 aiebat
3186 2911 3300 2979 ipse
3335 2928 3520 2968 secum
3550 2934 3565 2968 :

1998 2993 2271 3061 Quidnam
2313 3005 2397 3051 est
2438 2998 2543 3051 hoc
2587 2997 2732 3066 quod
2767 3012 2867 3067 ego
2906 3000 3095 3055 video?
3126 3000 3279 3058 Tune
3313 3004 3461 3061 visus
3485 3016 3571 3060 est

1988 3086 2092 3141 sibi
2141 3086 2245 3156 ipsi
2283 3102 2469 3142 vocem
2502 3089 2676 3153 illam,
2708 3106 2874 3159 quam
2907 3098 3065 3146 antea
3110 3095 3419 3160 audiverat,
3458 3097 3563 3152 ite-

1988 3195 2109 3233 rum
2138 3179 2327 3234 audirc
2370 3180 2641 3234 dicentem
2693 3181 2840 3235 sibi:
2878 3181 3105 3252 Evigila,
3152 3201 3185 3238 ο
3225 3188 3408 3253 homo,
3443 3203 3571 3243 ecce

1991 3270 2336 3325 manifestum
2384 3279 2467 3325 est
2506 3269 2558 3324 id
2611 3270 2760 3340 quod
2808 3271 2998 3327 vides:
3050 3274 3177 3327 audi
3224 3274 3359 3330 haec.
3413 3277 3571 3332 Tunc

298 3338 524 3442 ἔχοντας
546 3412 560 3436 ,
594 3369 690 3422 καὶ
726 3370 840 3432 τοῖς
877 3338 986 3422 τάν
1018 3368 1193 3436 ἁγίων
1212 3338 1452 3422 ’ἐκείνων
1489 3338 1669 3440 χοροῖς
1696 3338 1885 3423 διακε-

1994 3364 2122 3417 vidit
2151 3373 2388 3433 quatuor
2411 3338 2642 3431 juvenes
2670 3363 2949 3419 habemtes
2978 3364 3092 3421 alas
3110 3366 3255 3421 circa
3286 3367 3568 3433 humeros.

295 3462 629 3532 λευομένους
679 3463 775 3515 καὶ
822 3460 1113 3530 λέγονταςο
1150 3460 1389 3528 Δέξασθε
1429 3460 1549 3531 μεθ’
1593 3461 1746 3532 ὑμῶν
1786 3463 1885 3530 τὴν

300 3555 582 3626 μακαρίαν
606 3554 812 3624 ταύτην
842 3553 1058 3624 ψυχὴν,
1114 3554 1237 3624 ἥτις
1277 3554 1408 3624 ὑμῖν
1464 3553 1634 3607 πολλά
1672 3552 1887 3621 διεμελ-

297 3646 477 3717 ᾠδησε
532 3646 917 3715 μελῳδὴματα,
957 3644 1097 3715 μετά
1128 3642 1222 3696 καὶ
1260 3640 1352 3695 τοῦ
1374 3641 1465 3694 τὸν
1492 3641 1755 3711 ὑμέτερον
1774 3640 1887 3710 βίον

296 3737 780 3809 ἀπομιμήσασθαι.
823 3735 932 3788 Καὶ
967 3734 1177 3799 πάντας
1217 3736 1365 3805 ἑώρα
1400 3733 1605 3804 ταύτην
1646 3732 1889 3797 ἀσπαζο-

298 3832 502 3899 μένους
543 3826 880 3900 περιχαρῶς,
913 3826 1383 3900 προηγησαμένης
1416 3827 1513 3898 τῆς
1540 3826 1761 3896 Μητρὸς
1792 3824 1886 3878 τοῦ

297 3921 461 3976 Θεοῦ.

372 4189 483 4255 λς’.
530 4188 747 4259 Ἀμέλει
802 4186 900 4243 καὶ
939 4187 1101 4244 πάλιν
1132 4186 1435 4257 διηπόρειὸ
1465 4183 1770 4255 ἄνθρωπος,
1794 4183 1890 4246 Τίς

304 4300 441 4337 ποτε
471 4282 528 4336 δὲ
560 4280 698 4352 αὕτη
723 4283 756 4352 ἡ
788 4280 1058 4351 τοσαύτης
1082 4278 1181 4350 τῆς
1202 4278 1360 4349 δόξης
1386 4276 1760 4340 ἀπολαϐοῦσα,
1797 4275 1892 4328 καὶ

302 4377 407 4446 τῆς
446 4374 590 4443 ὑπὲρ
634 4372 792 4441 λόγον
833 4370 997 4441 τιμῆς
1028 4386 1044 4437 ;
1070 4369 1182 4422 Καὶ
1228 4368 1419 4424 ἀκούει
1459 4367 1567 4420 τῶν
1613 4364 1891 4436 φερόντων

306 4466 525 4536 ἐκείνην
564 4464 814 4533 ἀγγὲλων
840 4461 1147 4534 διαπρυσίῳ
1181 4464 1365 4531 φωνῇ’
1399 4452 1566 4520 Οὗτός
1592 4460 1741 4510 ἐστιν
1782 4457 1892 4508 ἰω-

304 4556 440 4625 σὴφ,
496 4556 693 4627 Ἰωσὴφ
736 4553 844 4606 τῶν
887 4550 1229 4622 Ἐκκλησιῶν
1259 4552 1291 4621 ή
1322 4545 1724 4619 εύπρέπεια,ὂς
1752 4546 1891 4599 ἀπο-

1987 3465 2042 3511 et
2064 3455 2226 3510 veluti
2258 3455 2499 3525 puellam
2525 3456 2820 3528 quamdam
2852 3456 3264 3526 pulchritudine
3293 3473 3358 3513 ac
3383 3463 3571 3513 suavi-

1992 3558 2103 3603 tate
2145 3548 2386 3617 undique
2434 3549 2717 3618 perfusam
2763 3557 3013 3604 tenentes
3059 3548 3113 3601 in
3166 3550 3366 3615 medio,
3402 3562 3569 3622 atque

1990 3642 2212 3697 illorum
2237 3650 2560 3697 sanctorum
2580 3640 2769 3695 choris
2790 3639 3169 3710 prmeipientes
3191 3657 3257 3695 ac
3278 3642 3524 3699 dicentes
3551 3662 3565 3695 :

1992 3734 2267 3805 Suscipite
2310 3734 2594 3789 vobiscum
2649 3733 2867 3787 beatam
2921 3733 3064 3787 hanc
3125 3735 3389 3801 animam,
3447 3750 3571 3805 qua:

1992 3827 2149 3882 vobis
2184 3827 2452 3897 plurimas
2482 3824 2771 3880 cautiones
2802 3825 3129 3879 suavissime
3160 3824 3439 3880 modulata
3464 3836 3567 3891 est,

1991 3927 2342 3987 vestramque
2390 3917 2561 3970 vitam
2610 3915 2822 3969 imitata
2865 3925 2969 3969 est.
3023 3914 3088 3968 Et
3128 3915 3297 3969 simul
3346 3915 3570 3972 videbat

1994 4011 2115 4065 illos
2158 4024 2350 4065 omnes
2393 4023 2515 4063 eam
2547 4007 2923 4078 amplexantes
2966 4022 3159 4076 magna
3195 4022 3322 4061 cum
3361 4007 3569 4075 laetitia,

1996 4100 2164 4155 Maer
2193 4098 2284 4153 Dei
2321 4099 2653 4168 principium
2690 4097 2856 4167 hujus
2885 4097 2960 4152 rei
2994 4096 3231 4153 faciente

2066 4192 2157 4248 36.
2197 4192 2369 4247 Porro
2400 4206 2619 4246 rursum
2661 4190 2826 4245 homo
2858 4191 3026 4261 ctrpit
3061 4192 3360 4261 ambigere,
3387 4207 3450 4247 ac
3484 4208 3571 4248 se-

1996 4300 2124 4340 cum
2159 4282 2401 4351 colloqui
2430 4300 2442 4336 :
2473 4281 2734 4348 Quaenam
2770 4280 2884 4336 haec
2910 4290 3015 4345 est,
3043 4296 3165 4350 quae
3196 4290 3341 4336 tanta
3369 4281 3567 4336 fruitur

2001 4374 2175 4442 gloria
2206 4380 2372 4442 atque
2413 4369 2673 4426 ineffabili
2712 4369 2950 4425 honore?
2980 4369 3313 4437 Audivitque
3347 4371 3569 4440 angelos

1998 4465 2172 4535 ipsam
2205 4464 2441 4519 ferentes
2485 4463 2666 4517 dicere
2697 4461 2801 4516 sibi
2834 4476 2967 4516 voce
3002 4460 3324 4530 perspicua:
3359 4459 3458 4516 Hic
3484 4472 3573 4517 est

1995 4556 2217 4628 Joseph,
2248 4556 2449 4627 Joseph
2485 4555 2857 4611 Ecclesiarum
2888 4554 3055 4608 decus
3084 4561 3139 4607 et
3162 4562 3568 4618 ornamentum,

307 4649 513 4705 στόλων
541 4649 631 4703 τὸν
658 4647 771 4718 βίον
793 4648 887 4701 καὶ
916 4646 1024 4699 τῶν
1061 4643 1355 4716 μαρτύρων
1384 4645 1442 4695 ὲν
1469 4641 1567 4712 βίῳ
1591 4638 1772 4700 καλῶς
1800 4654 1886 4709 μι-

1996 4650 2091 4721 qui
2129 4650 2504 4720 apostolorum
2542 4663 2607 4703 ac
2637 4657 2940 4717 martyrum
2974 4646 3138 4700 vitam
3168 4645 3275 4699 vita
3302 4661 3397 4701 sua
3432 4660 3571 4716 prae-

312 4743 650 4810 μησάμενος,
680 4742 817 4795 ἀλλά
855 4741 950 4794 καὶ
990 4739 1199 4802 πάντας
1231 4737 1470 4808 τιμήσας
1504 4736 1571 4805 τῇ
1624 4730 1886 4803 δεδομένη

306 4831 489 4898 τούτῳ
516 4833 666 4899 παρά
683 4832 777 4887 τοῦ
813 4831 954 4885 Πνεύ
964 4847 1133 4901 ματος
1156 4831 1362 4900 χάριτι,
1410 4827 1632 4898 ᾄσματά
1681 4843 1741 4878 τε
1770 4824 1890 4877 θεῖα

308 4920 522 4983 τούτοις
547 4918 712 4984 ἀξίως
738 4923 835 4989 τῆς
869 4922 1074 4986 οἰκείας
1106 4921 1296 4992 σοφίας
1344 4922 1437 4973 καὶ
1483 4918 1735 4987 γνώσεως
1765 4915 1892 4969 πλέ-

313 5018 437 5081 ξας,
472 5015 622 5086 παρὰ
652 5014 857 5067 τούτων
881 5008 1034 5074 αὖθις
1073 5016 1445 5084 ἀντιτιμίται,
1482 5011 1684 5082 ταύτην
1721 5011 1892 5063 ὑπαν-

311 5109 413 5180 την
440 5106 577 5176 πρὸς
610 5106 873 5177 οὐρανοὺς
904 5106 1225 5175 εἰσιτήριον,
1262 5105 1405 5158 οὕτω
1436 5104 1572 5158 Θεοῦ
1604 5101 1892 5168 διατάξαν-

308 5217 427 5264 τος,
482 5197 569 5251 ἵνα
597 5198 786 5269 μηδεὶς
830 5196 939 5250 τῶν
984 5197 1079 5249 ἀπ’
1128 5197 1322 5260 αἰῶνος
1368 5196 1540 5264 ἁγίων
1573 5196 1709 5266 ἀπῇ,
1751 5194 1892 5246 ὥστε

313 5292 526 5353 πάντας
558 5288 693 5359 ὁμοῦ
733 5287 1138 5358 συνδραμόντας
1173 5286 1386 5339 τελέσαι
1416 5287 1508 5338 τὸν
1541 5285 1894 5355 ὲπιϐατήριον

314 5382 398 5453 τῷ
424 5380 655 5450 γενναίῳ
686 5379 858 5450 τούτῳ
881 5379 1096 5449 ζηλωτῇ
1124 5395 1184 5430 τε
1207 5377 1300 5430 καὶ
1326 5380 1558 5448 μιμητῇ.
1603 5376 1763 5430 Ἀλλά
1787 5376 1896 5445 γὰρ

315 5477 414 5527 καὶ
447 5474 529 5525 ἔτι
585 5470 751 5540 βλέπε
799 5470 893 5524 καὶ
947 5470 1015 5525 τά
1048 5468 1252 5522 τούτων
1304 5468 1750 5537 παραδοξότατα·
1802 5468 1897 5521 καὶ

235 5544 249 5563 κ
315 5565 440 5636 ἅμα
467 5563 675 5632 ἔλεγον,
703 5565 798 5617 καὶ
826 5563 950 5626 ὅλος
977 5562 1205 5633 οὐρανὸς
1251 5561 1567 5627 ὲξεκένωτο,
1594 5562 1689 5613 καὶ
1715 5558 1897 5625 τάξεις

318 5659 496 5712 πᾶσαι
526 5656 635 5710 τῶν
673 5655 941 5724 οὐρανίων
991 5654 1298 5724 δυνάμεων,
1338 5653 1573 5721 ἐντίμως
1614 5654 1753 5720 ἄγαν
1808 5654 1899 5706 καὶ

317 5748 567 5812 εὐλαϐῶς
596 5746 1031 5819 κατησπάςοντο.
1085 5746 1196 5801 Καὶ
1228 5748 1327 5800 οὐκ
1370 5747 1451 5799 ἔτι
1490 5746 1716 5810 δυνατὸς
1766 5747 1900 5817 ὁρᾷν

318 5836 393 5911 ἦν
420 5842 450 5892 ὁ
489 5840 587 5910 τῆς
622 5839 852 5911 θεωρίας
879 5838 1081 5907 ταύτης
1106 5838 1468 5903 καταξιωθεὶς
1515 5837 1585 5891 τὰ
1621 5838 1898 5901 ἐπέκεινα,

322 5931 433 5986 ὑπὸ
460 5931 661 6002 πολλῆς
688 5930 925 6001 ἀγωνίας
956 5929 1138 6001 ἱδρῶτι
1160 5930 1343 6002 λεπτῴ
1367 5929 1703 6001 πανταχόθεν
1732 5948 1900 5984 κατα-

1994 4742 2141 4798 clare
2170 4742 2419 4796 imitatus
2441 4750 2545 4807 est,
2578 4750 2631 4795 et
2660 4741 2886 4809 insuper
2915 4739 3205 4793 universos
3239 4735 3367 4794 illos
3399 4738 3571 4793 hono-

1996 4834 2138 4889 ravit
2167 4849 2264 4905 per
2295 4834 2524 4903 gratiam
2561 4832 2665 4888 sibi
2707 4847 2737 4886 a
2783 4830 2988 4902 Spiritu
3041 4840 3232 4885 saneto
3269 4829 3524 4883 tributam
3550 4848 3567 4883 ε

1996 4935 2050 4981 et
2078 4925 2293 4981 cantica
2322 4924 2508 4979 divina
2543 4922 2812 4993 sapientia
2863 4936 2927 4976 ac
2972 4921 3199 4975 scientia
3251 4936 3350 4974 sua
3380 4920 3564 4986 digna,

1998 5020 2051 5072 itt
2104 5016 2419 5073 earumdem
2471 5016 2685 5069 laudem
2731 5014 3064 5076 modulatus,
3118 5028 3265 5068 nunc
3315 5014 3386 5065 ab
3435 5011 3567 5079 ipsis

1997 5110 2117 5164 vice
2149 5123 2306 5164 versa
2353 5108 2654 5162 honoratur
2680 5122 2694 5158 :
2728 5105 2801 5159 ita
2835 5104 2946 5158 Deo
2976 5104 3269 5158 ordinante
3299 5104 3442 5156 hunc
3474 5117 3569 5155 oc-

1998 5215 2221 5255 cursum
2275 5199 2328 5251 in
2375 5197 2555 5267 primo
2614 5196 2762 5249 illius
2814 5195 2881 5248 ad
2931 5195 3132 5249 malum
3192 5197 3461 5271 ingressu,
3511 5202 3572 5245 ut

2003 5291 2186 5345 nullus
2238 5297 2557 5343 sanctorum
2598 5285 2694 5356 qui
2730 5283 2955 5340 fuerunt
3002 5300 3238 5352 unquam
3276 5299 3305 5336 a
3345 5282 3567 5344 saeculo,

2003 5381 2171 5446 absit,
2208 5380 2301 5435 sed
2336 5394 2527 5433 omnes
2579 5377 2745 5431 simul
2783 5382 3195 5435 concurrentes,
3242 5386 3568 5443 generosum

2007 5474 2154 5527 hunc
2210 5470 2438 5524 zelotent
2474 5476 2530 5522 et
2577 5468 2908 5521 imitatorem
2956 5465 3247 5529 deducant,
3289 5472 3451 5530 atque
3495 5462 3571 5515 illi

2004 5563 2073 5617 ad
2107 5561 2277 5617 ccelos
2314 5573 2605 5613 ascensum
2645 5557 2869 5612 faciant.
2902 5554 3124 5617 Verum,
3168 5555 3349 5622 aspice
3378 5561 3573 5621 praete-

2008 5670 2099 5710 rea
2124 5653 2192 5708 ad
2218 5653 2334 5706 haec
2356 5665 2571 5705 summe
2594 5645 3297 5713 maximequeadmiranda.
3323 5642 3449 5697 Haec
3470 5644 3568 5708 ait,

2004 5756 2061 5803 et
2092 5746 2412 5801 universum
2450 5742 2649 5796 caelum
2684 5747 3008 5796 evacuatum
3041 5745 3203 5806 atque
3229 5736 3573 5792 exinanitum

2006 5850 2110 5903 est,
2138 5850 2440 5906 omnesque
2459 5833 2680 5893 ordines
2699 5830 3004 5887 caelestium
3036 5838 3363 5900 potestatum
3386 5842 3573 5898 egres-

2008 5947 2103 5997 sua,
2159 5929 2312 5983 illum
2351 5940 2550 5995 magno
2594 5939 2716 5980 cum
2758 5924 2963 5979 honore
3011 5936 3073 5975 ac
3119 5918 3417 5977 reverentia
3459 5931 3574 5972 am-
