3978 6574
399 470 507 534 975

1502 462 1560 524 S.
1605 463 1918 524 JOSEPHI
1960 454 2271 527 HYMNOG
2285 466 2520 529 RAPIII

3554 453 3660 532 976

400 588 785 664 plexabantur.
817 582 1004 653 Neque
1036 580 1266 637 ulterius
1297 579 1379 634 vir
1420 579 1509 635 ille
1551 582 1736 635 videre
1774 582 1971 651 potuit,

2091 587 2432 657 σταζὸμενος.
2466 586 2601 642 Τίνα
2627 586 2837 654 ταύτας
2879 579 2943 641 Ἦ
2967 586 3101 659 πρὸς
3136 585 3234 660 τὴν
3263 586 3423 657 ἀγίαν
3452 586 3663 659 Τριὰδα

401 681 495 750 qui
544 677 860 750 hujusmodi
892 674 1205 744 spectaculo
1234 670 1432 742 dignus
1468 670 1646 727 factus
1674 673 1871 739 fuerat,
1905 676 1976 729 ob

402 778 631 833 multam
659 775 935 846 agoniam,
965 771 1246 840 animique
1268 768 1575 837 angustiam
1606 769 1975 825 minutissima

403 871 605 925 sudore
650 868 894 936 undique
938 864 1186 919 stillante
1224 861 1505 933 perfusus.
1555 862 1814 929 Quaenam
1848 873 1977 919 sunt

2085 680 2366 750 εἰσαγωγὴ
2393 680 2488 733 καὶ
2517 680 2907 751 προσκύνησις,
2930 682 2964 751 ἡ
2998 679 3136 749 μετά
3154 680 3262 733 τῶν
3292 680 3543 749 ἀγγέλων
3566 699 3665 735 πα-

2086 774 2369 843 ράστασις,
2406 775 2440 843 ἠ
2472 773 2708 845 ἂρῤητος
2738 773 2940 841 γνῶσις
2972 773 3142 843 αὐτῆς
3180 772 3329 843 αύτῷ
3355 775 3666 844 κεχυμένης

2084 864 2325 933 ἀμέσως,
2353 865 2441 918 διὰ
2457 866 2555 935 τὴν
2583 864 2752 935 χωρὶς
2782 866 3305 936 παραπετασμάτων
3334 866 3661 937 ἁνάκρασιν.

412 962 563 1018 lwc?
590 961 670 1015 Ad
708 958 1115 1014 sanctissimam
1153 954 1475 1009 Trinitatem
1517 956 1781 1011 admissio
1816 968 1981 1027 atque
2019 971 2276 1011 accessus
2305 968 2360 1012 ut
2387 973 2507 1011 eam
2539 958 2830 1025 adoraret;
2899 968 3081 1012 astare
3141 974 3264 1031 cum
3300 960 3507 1029 ar-gclis
3537 968 3667 1014 ante

401 1058 585 1113 illam:
620 1054 913 1111 inell‘abilis
947 1053 1012 1109 de
1047 1051 1241 1108 eadem
1281 1051 1512 1106 scientia
1543 1050 1621 1105 illi
1687 1052 1807 1107 sine
1872 1050 2054 1107 medio
2096 1051 2300 1119 infusa,
2350 1062 2574 1123 propter
2622 1053 3179 1109 communicationem
3241 1055 3360 1110 sine
3421 1056 3534 1110 ullo
3570 1070 3669 1109 ve—

398 1151 620 1206 lamine.

472 1247 562 1301 57.
609 1243 798 1314 Neque
838 1255 968 1297 vero
1019 1255 1220 1297 novum
1262 1241 1446 1311 aliqua
1482 1254 1549 1295 ex
1598 1245 1751 1310 parte
1805 1238 1980 1293 videri

400 1339 583 1403 debet,
632 1338 679 1393 si
733 1335 1055 1406 hujusmodi
1114 1334 1325 1390 honore
1372 1333 1426 1387 in
1478 1344 1708 1388 ascensu
1761 1345 1862 1387 suo
1912 1333 1980 1386 ad

404 1432 604 1487 cmlum
641 1429 839 1499 dignus
882 1428 1060 1483 factus
1089 1436 1193 1483 est.
1237 1426 1317 1482 Δΐ)
1348 1426 1458 1481 illis
1488 1426 1634 1481 enim
1678 1425 1982 1479 honoratus

403 1533 509 1587 est,
536 1535 660 1576 cum
691 1521 893 1589 quibus
919 1520 1070 1573 illum
1109 1533 1324 1589 semper
1353 1518 1611 1572 honorari
1636 1517 1845 1587 justum
1875 1526 1977 1571 cst.

406 1614 624 1668 Etenim
661 1613 880 1665 illorum
915 1611 1080 1664 vitam
1120 1610 1315 1664 scdulo
1351 1611 1645 1680 descripsit
1677 1620 1840 1679 atque
1873 1610 1984 1664 ela-

408 1706 651 1771 boravit;
683 1720 804 1758 cum
842 1702 1109 1773 apostolis
1141 1709 1405 1771 tanquam
1449 1703 1733 1773 apostolus
1767 1718 1982 1757 connu-

405 1795 737 1859 meraudus;
775 1808 899 1847 cum
940 1792 1276 1861 martyribus
1320 1802 1579 1863 tanquam
1619 1803 1848 1864 martyr,
1888 1794 1981 1864 qui

2156 1235 2254 1300 λζ’.
2312 1233 2515 1288 Καινδν
2570 1234 2627 1288 δὲ
2674 1235 2893 1297 πάντως
2925 1235 3079 1289 οὐδὲν
3130 1237 3178 1289 εἰ
3212 1237 3465 1305 τοιαύτης
3511 1240 3570 1293 ἐν
3597 1242 3668 1311 τῇ

2083 1330 2253 1399 ἀνόδῳ
2285 1328 2452 1397 τιμῆς
2481 1326 2821 1399 κατηξίωτο·
2855 1326 3009 1399 παρά
3044 1329 3153 1401 γὰρ
3190 1328 3401 1383 τούτων
3444 1332 3674 1402 τετίμη-

2083 1438 2191 1485 ται,
2225 1417 2307 1483 οἷς
2340 1418 2426 1473 ἀεὶ
2458 1419 2821 1490 συντιμᾶσῢαι
2848 1420 3057 1473 δίκαιόν
3082 1422 3248 1486 ἐστιν,
3286 1422 3366 1475 ὅτι
3413 1425 3506 1476 καὶ
3546 1424 3676 1477 τού-

2084 1531 2192 1567 των
2222 1513 2313 1567 τδν
2356 1512 2470 1583 βίον
2516 1512 2969 1582 ἀπηκριϐῶσατο,
3011 1514 3124 1576 τοῖς
3167 1514 3493 1579 ἀποστόλοις
3546 1533 3676 1570 συν-

2086 1605 2515 1677 αριθμούμενος,
2537 1605 2612 1669 ὡς
2641 1605 2958 1670 ἁπόστολος’
2991 1608 3105 1669 τοῖς
3135 1600 3404 1676 μάρτυσιν
3424 1598 3498 1671 ὥς
3525 1609 3677 1680 μάρο

2084 1717 2181 1762 τυς
2224 1700 2583 1770 ἀναίμακτος,
2622 1699 2705 1752 ὅτι
2734 1697 2827 1751 τὸν
2883 1698 3044 1752 πόνον
3087 1698 3290 1769 μᾶλλον
3330 1699 3577 1753 ἐπέτεινε
3602 1704 3675 1772 τῇ

2085 1793 2184 1863 τῆς
2212 1789 2359 1863 ζωῆς
2381 1790 2787 1863 ἀποκληρώσει,
2814 1790 2909 1844 καὶ
2929 1791 3235 1861 παρατάσει
3270 1791 3347 1863 τῷ
3369 1792 3555 1863 οἰκείῳ
3577 1794 3675 1847 τοῦ

412 1886 542 1938 licet
587 1900 841 1939 cruorem
888 1899 998 1938 non
1031 1884 1307 1950 effuderit,
1343 1887 1648 1956 graviorem
1690 1899 1869 1943 tamen
1910 1890 1983 1941 la-

2092 1880 2396 1945 συνειδότος
2426 1881 2715 1951 μαρτυρίῳ
2736 1879 3178 1951 ἐπαγαλλόμενος
3205 1894 3219 1909 ·
3257 1883 3369 1943 τοῖς
3398 1881 3567 1945 ὁσίοις
3597 1883 3679 1946 ὡς

406 1976 595 2031 berem
649 1977 902 2030 toleravit
954 1977 1007 2030 in
1043 1992 1104 2030 ea
1143 1978 1274 2043 vita,
1305 1993 1468 2047 quant
1510 1979 1610 2034 sibi
1654 1980 1815 2050 eli-git
1847 1990 1900 2035 et
1931 1980 1982 2035 in

406 2083 513 2138 qua
542 2068 634 2121 diu
664 2068 902 2129 duravit,
951 2068 1103 2123 la‘tus
1136 2068 1421 2125 sustinens
1468 2069 1740 2125 familiare
1774 2083 1983 2143 marty-

406 2158 573 2222 rium,
594 2160 737 2226 quod
762 2157 877 2227 ipse
900 2166 1114 2211 tantum
1140 2168 1365 2214 noverat
1391 2177 1403 2214 :
1432 2176 1553 2213 cum
1575 2163 1987 2217 conlessorihus

409 2258 671 2320 tanquam
702 2249 987 2304 confessor
1007 2257 1255 2304 sanctam
1293 2251 1534 2305 animam
1564 2268 1735 2320 usque
1758 2254 1824 2307 ad
1852 2255 1989 2307 ima-

411 2343 749 2411 ginationem
775 2353 983 2398 eaStam
1016 2358 1319 2412 puramque
1339 2342 1578 2397 efficiens
1603 2360 1618 2396 :
1643 2359 1765 2399 cum
1799 2345 1865 2398 iis
1895 2345 1986 2415 qui

408 2434 597 2490 futura
664 2436 988 2506 praevident,
1071 2445 1333 2505 tanquam
1394 2452 1500 2490 non
1553 2452 1749 2507 expers
1802 2439 1990 2508 gratiae

408 2528 786 2596 praedictionis
823 2527 1158 2591 futurorum,
1193 2528 1317 2598 plus
1353 2528 1561 2585 habens
1604 2524 1766 2598 quam
1798 2546 1989 2588 omnes

408 2620 500 2675 alii
547 2623 655 2691 (ut
698 2622 902 2691 aliquid
953 2624 1075 2691 plus
1105 2621 1264 2676 beato
1303 2621 1429 2676 huic
1469 2621 1828 2694 gratiﬁcer);
1861 2640 1987 2679 nam

410 2724 577 2779 supra
604 2725 798 2765 omnes
843 2710 981 2764 alios
1017 2710 1133 2779 ipse
1177 2710 1423 2763 animum
1459 2710 1717 2781 apposuit
1747 2713 1812 2766 ad
1851 2726 1989 2783 pan-

411 2799 617 2868 geudas
663 2799 1090 2853 encomiasticas
1135 2799 1420 2853 cantiones
1465 2814 1563 2868 per
1601 2802 1986 2856 suavissimam

411 2895 582 2957 atque
630 2889 1046 2943 ornatissimam
1093 2890 1420 2945 melodiam:
1460 2891 1575 2961 ipse
1607 2907 1735 2948 vero
1776 2895 1843 2947 ab
1870 2909 1990 2949 om-

409 2978 577 3034 nibus
622 2983 821 3035 meruit
857 2982 910 3035 in
942 2981 1223 3036 caelestem
1259 2983 1558 3038 thalamum
1593 3001 1716 3039 cum
1758 2986 1987 3053 honore,

409 3070 545 3125 nulli
588 3072 681 3126 alii
728 3088 1018 3138 concesso,
1061 3075 1364 3129 ascendens
1395 3075 1613 3132 deduci.
1648 3077 1816 3149 Magis
1860 3095 1989 3149 ergo

2089 1974 2256 2037 ὅσιος,
2283 1972 2455 2043 ἁγνὴν
2483 1970 2584 2041 τὴν
2626 1966 2795 2041 ἀγίαν
2820 1970 3000 2043 ψυχὴν
3042 1971 3138 2024 καί⁵
3167 1970 3331 2043 μέχρι
3374 1973 3679 2042 φαντασίας

2088 2067 2579 2137 ἀπεργασάμενοςο
2617 2067 2726 2128 τοῖς
2761 2063 3035 2137 προορῶσι
3053 2064 3121 2118 τὰ
3155 2064 3440 2135 μέλλοντα,
3472 2063 3550 2129 ὡς
3576 2066 3680 2135 τῆς

2090 2160 2449 2230 προρρήσεως
2486 2159 2588 2212 οὐκ
2636 2156 2883 2229 ἀμοιρῶν
2941 2156 3035 2211 τοῦ
3091 2154 3466 2228 χαρίσματος’
3510 2157 3680 2212 πλέον

2090 2252 2228 2322 ἔχων
2250 2251 2508 2306 ἀπάντων
2531 2250 2641 2322 (ἵνα
2664 2268 2716 2304 τι
2741 2249 2903 2303 πλέον
2918 2248 2995 2321 τῷ
3021 2248 3279 2321 μακαρίῳ
3308 2250 3677 2322 χαρίσωμαι),

2089 2345 2172 2397 ὅτι
2213 2347 2326 2408 τοῖς
2359 2343 2542 2406 ἄλλοις
2572 2344 2740 2397 πᾶσιν
2769 2341 2931 2405 αὐτὸς
2962 2341 3199 2411 ἐπέθηκε
3230 2342 3318 2396 διὰ
3358 2342 3459 2412 τῆς
3497 2344 3679 2413 ἐμμεο

2090 2435 2215 2499 λοῦς
2252 2434 2519 2506 μελῳδίας
2546 2436 2645 2505 τὴν
2673 2433 2873 2505 ψυχὴν,
2911 2433 3200 2504 εὐκόσμως
3231 2434 3470 2503 ἄγουσαν
3497 2436 3681 2503 ἐγκωο

2095 2528 2356 2596 μιαστικά
2389 2526 2775 2598 μελῳδήματα.
2806 2526 2980 2590 Αύτδς
3021 2522 3078 2581 δὲ
3110 2526 3263 2598 παρά
3292 2527 3512 2582 πάντων
3546 2529 3681 2597 μίαν

2091 2620 2295 2690 ταύτην
2362 2618 2531 2691 τιμὴν
2600 2619 2949 2690 εἰσδατήριον
3004 2620 3341 2691 εἰσουρανίου
3399 2619 3682 2683 παστάδος

2092 2709 2589 2783 [ἀπεκεκλήρωτο],
2631 2711 2831 2782 μᾶλλον
2870 2712 2968 2783 μὲν
2996 2708 3091 2766 οὖν
3130 2712 3226 2767 καὶ
3256 2711 3547 2775 ἀπολαύει,
3582 2716 3682 2765 καὶ

2092 2804 2458 2857 συναπολαύει
2485 2803 2698 2868 τούτοις
2722 2805 2821 2875 τῆς
2850 2805 2999 2876 παρά
3025 2804 3123 2875 τῆς
3149 2805 3309 2874 ἁγίας
3327 2804 3559 2877 Τριάδος
3593 2821 3683 2857 τι-

2095 2895 2203 2966 μῆς
2232 2912 2293 2949 τε
2346 2895 2440 2949 καὶ
2470 2895 2889 2969 λαμπρότητος⁸
2985 2898 3415 2969 παριστάμενος,
3449 2897 3545 2951 καὶ
3578 2898 3683 2964 τῆς

2093 2987 2423 3059 ύπερφώτου
2469 2990 2836 3061 κατατρυφῶν
2867 2988 3228 3062 ὡραιότητος,
3267 2990 3543 3063 μέμνηται
3579 2992 3684 3061 μὲν

2091 3079 2248 3150 ἡμῶν
2262 3080 2371 3133 τῶν
2385 3079 2670 3151 τιμώντων
2687 3081 2867 3148 αὐτὸν,
2888 3081 3158 3136 ἀντιϐολεῖ
3172 3082 3229 3136 δὲ
3245 3081 3509 3153 διηνεκῶς
3526 3081 3683 3144 ὅπως

408 3171 464 3216 et
489 3162 707 3227 fruitur,
737 3174 791 3219 et
821 3165 1134 3220 confruitur
1175 3181 1296 3221 cum
1336 3166 1445 3222 illis
1477 3167 1685 3224 honore
1714 3185 1778 3224 ac
1806 3171 1983 3241 splen-

2096 3174 2189 3227 καί¹
2212 3175 2374 3245 ἡμεῖς
2395 3174 2644 3247 ἀϐρόχως
2664 3175 2763 3247 τὴν
2778 3174 2870 3229 τοῦ
2893 3174 3009 3247 βίου
3027 3174 3453 3247 διαπεράσαντες
3473 3175 3685 3229 θάλασ-

407 3254 544 3310 dore
576 3271 606 3310 a
639 3258 990 3312 sanctissima
1024 3258 1292 3313 Trinitale
1315 3260 1417 3315 sibi
1446 3263 1875 3326 communicato,
1901 3265 1983 3319 cui

2099 3282 2197 3318 σαν
2233 3231 2373 3337 ᾎὲρδξ
2396 3231 2488 3320 τὸν
2516 3231 2785 3322 {lauat-av
2804 3231 3002 3338 λιμένα
3033 3231 3565 3340 καθορμισθείημεν.

407 3356 617 3408 astans.
663 3355 718 3400 et
765 3346 1195 3415 pulchritudine,
1244 3364 1367 3418 qua:
1414 3348 1589 3403 lucem
1643 3364 1860 3405 omnem
1912 3362 2158 3421 superat,
2214 3355 2545 3421 oblectatus,
2614 3372 2827 3412 memor
2853 3372 2989 3412 sane
3012 3367 3097 3413 est
3153 3358 3355 3425 nostri,
3383 3358 3477 3429 qui
3511 3359 3675 3413 illum

409 3442 772 3506 bonoramus,
807 3452 859 3496 et
885 3442 1107 3497 assidue
1147 3458 1243 3511 pro
1294 3444 1455 3499 nobis
1500 3455 1867 3521 precatur,ut
1892 3464 1994 3505 nos
2032 3451 2198 3507 etiam
2229 3451 2352 3507 vita:
2380 3452 2545 3523 hujus
2566 3468 2718 3509 mare
2764 3453 2935 3510 salvis
2992 3454 3253 3511 anchoris
3275 3464 3682 3526 pertranseun-

407 3546 489 3591 tes
520 3537 586 3591 ad
621 3537 1132 3607 tranquillissimum
1161 3549 1379 3609 portum
1402 3542 1807 3609 perveniamus.

477 3626 570 3683 '58.
599 3625 826 3695 Verum,
846 3642 880 3684 ο
901 3628 995 3684 Dei
1034 3628 1238 3684 famule
1259 3629 1589 3699 ﬁdelissime,
1619 3649 1902 3703 compesce
1927 3650 1990 3692 ac

408 3719 539 3775 seda
569 3719 627 3773 in
659 3719 818 3775 nobis
846 3721 1175 3775 acerrimum
1208 3722 1391 3776 carnis
1418 3723 1686 3793 praelium,
1729 3734 1785 3779 ct
1815 3726 1988 3795 impe-

408 3819 512 3876 tra,
545 3810 706 3866 nobis
748 3811 855 3866 tuis
887 3812 1031 3882 apud
1084 3811 1251 3867 Deum
1291 3814 1800 3883 intercessionibus,
1836 3833 1989 3871 men-

409 3913 517 3956 tem
554 3903 623 3957 ab
654 3904 805 3958 omni
842 3904 1290 3973 phantasmatum
1323 3907 1735 3975 perturbatione
1775 3924 1992 3978 semper

406 3995 710 4050 immunem
746 4014 759 4051 :
808 3996 981 4053 habes
1027 3999 1172 4053 enim
1216 3999 1604 4053 confidentiam
1644 4000 1868 4055 multam
1920 4015 1985 4056 ac

405 4089 741 4155 libertatem,
790 4090 997 4160 quippe
1032 4091 1126 4161 qui
1179 4091 1421 4146 animam
1453 4101 1599 4146 tuam
1642 4092 1853 4147 beatam
1884 4108 1984 4163 pro

408 4191 601 4236 sancta
653 4181 802 4236 illius
860 4183 1097 4252 imagine
1152 4184 1406 4253 posuisti,
1460 4194 1787 4255 sanctOsque
1837 4186 1984 4240 illius

409 4274 617 4329 sanctis
664 4274 946 4329 laboribus
989 4275 1097 4330 tuis
1145 4276 1450 4342 honorasti,
1498 4291 1623 4331 cum
1667 4277 1868 4347 quibus
1902 4279 1987 4331 in-

405 4363 641 4418 tercedis
696 4380 798 4435 pro
848 4366 1029 4432 nobis,
1076 4365 1172 4435 qui
1229 4382 1451 4437 semper
1505 4376 1870 4438 protectorem
1919 4384 1983 4423 ac

404 4455 695 4520 prasidcm
728 4465 779 4509 te
811 4455 1012 4511 habere
1040 4471 1336 4525 rogamus:
1369 4466 1423 4512 et
1463 4468 1699 4513 mentem
1733 4468 1979 4513 nostram

2158 3634 2260 3710 λη’.
2296 3637 2455 3704 Ἀλλ’,
2483 3632 2528 3693 ὦ
2556 3635 2691 3692 Θεοῦ
2722 3636 2975 3709 θεράπων
3010 3638 3322 3704 πιστόταντε,
3354 3639 3568 3694 παῦσον
3588 3642 3684 3696 τὸν

2087 3732 2147 3784 ἐν
2180 3732 2312 3802 ἡμῖν
2344 3730 2445 3801 τῆς
2472 3730 2676 3800 σαρκὸς
2710 3730 3083 3804 ἰσχυρώτατον
3112 3732 3371 3802 πόλεμον,
3402 3733 3499 3785 καὶ
3534 3733 3681 3787 δίδου

2087 3824 2208 3885 ταῖς
2242 3824 2362 3885 σαῖς
2384 3822 2522 3893 πρὸς
2550 3824 2641 3876 τὸν
2670 3823 2804 3877 Θεὸν
2850 3823 3288 3895 παρακλήσεων,
3323 3823 3677 3893 ἀφανταστον

2088 3912 2245 3982 ἡμῶν
2289 3912 2665 3983 διατηρεῑσθαι
2699 3912 2792 3966 τὸν
2824 3911 2989 3967 νοῦνο
3021 3912 3169 3983 ἔχεις
3205 3912 3315 3985 γὰρ
3356 3914 3680 3987 παρρησίαν

2090 4002 2312 4073 πολλὴν,
2336 4001 2410 4066 ὡς
2432 4003 2694 4069 τεθεικὼς
2717 4002 2818 4076 τὴν
2855 4003 2955 4075 σὴν
2986 4004 3262 4075 μακαρίαν
3304 4006 3489 4076 ψυχὴν
3534 4006 3677 4075 ὑπὲρ

2090 4095 2187 4164 τῆς
2208 4095 2369 4163 ἀγίας
2400 4094 2609 4159 εἰκόνος
2660 4093 2851 4163 αὐτοῦ,
2906 4096 2981 4159 ὡς
3025 4098 3264 4166 τιμήσας
3317 4098 3447 4161 τοὺς
3487 4098 3680 4166 ἁγίους

2089 4186 2258 4240 αὑτοῦ
2283 4189 2396 4251 τοῖς
2427 4189 2539 4252 σοῖς
2557 4187 2735 4257 ἁγίοις
2757 4189 3064 4260 πονήμασι,
3096 4188 3217 4260 μεθ’
3244 4183 3320 4244 ὧν
3346 4190 3679 4261 πρεσϐεύοις

2089 4279 2231 4350 ὑπὲρ
2257 4279 2437 4350 ἡμῶν,
2482 4280 2590 4333 τῶν
2633 4279 2692 4334 σέ
2745 4282 3061 4352 προστάτην
3103 4280 3247 4351 ἔχειν
3284 4282 3674 4353 ἐπευχομένων

2086 4372 2197 4437 ἀεὶ,
2228 4372 2323 4425 καὶ
2372 4371 2671 4443 ἐλλάμποις
2715 4372 2874 4443 ήμῶν
2922 4370 3015 4426 τδν
3050 4371 3175 4425 νοῦν
3228 4371 3433 4442 νοερῶς
3483 4372 3673 4425 τυπῶν

2085 4464 2223 4536 πρὸς
2272 4466 2544 4535 μυστικὴν
2579 4464 2851 4535 μελῳδίαν
2897 4464 2994 4518 τοῦ
3034 4464 3373 4535 Πνεύματος,
3417 4463 3507 4516 ἵνα
3536 4480 3671 4531 συμ·

406 4544 693 4611 splendore
718 4534 1022 4614 perfundis,
1057 4549 1381 4616 spiritaliter
1418 4550 1724 4605 informans
1752 4549 1818 4604 ad
1865 4566 1983 4619 my-

2092 4534 2295 4628 φωνοίη
2329 4557 2395 4610 τὰ
2430 4534 2536 4624 ἔξω
2580 4534 2953 4625 τοϊςένδοθεν,
2987 4556 3083 4611 καὶ
3127 4557 3188 4610 τὸ
3229 4556 3508 4628 μακάριον
3558 4554 3668 4625 ᾄδοι

406 4637 544 4692 stica
577 4637 799 4707 spiritus
828 4638 1141 4705 melodiam,
1169 4653 1229 4696 ttt
1260 4642 1583 4697 exteriorem
1601 4653 1821 4697 cantum
1854 4660 1978 4698 cum

406 4728 657 4782 interiori
689 4731 1009 4800 conjungat,
1064 4741 1119 4785 et
1148 4732 1525 4788 beatissimum
1557 4732 1727 4789 Deum
1762 4736 1975 4790 suavis-

405 4821 547 4875 simo
602 4834 767 4875 cantu
812 4823 1087 4878 collaudet
1129 4826 1428 4880 secundum
1486 4828 1762 4882 occultam
1816 4837 1981 4897 atque

406 4910 832 4968 intellectualem
869 4914 1135 4971 musicam
1174 4933 1237 4972 ac
1280 4918 1737 4984 modulationem,
1770 4918 1826 4972 in
1860 4920 1981 4973 loco

404 5003 625 5073 quidem
647 5006 916 5063 incolatus
942 5024 1035 5080 per
1062 5017 1248 5080 typum
1270 5019 1326 5065 et
1352 5011 1671 5081 imaginem,
1706 5011 1759 5064 in
1796 5010 1980 5066 futuro

2089 4646 2230 4700 κατά
2259 4648 2320 4701 τὸ
2348 4650 2591 4720 κρυπτὸν
2632 4648 2727 4703 καὶ
2758 4648 3052 4720 νοούμενον
3096 4648 3353 4719 ἐμμελῶς
3399 4646 3667 4718 μουσούρ-

2087 4752 2245 4807 γημα
2274 4738 2368 4790 καὶ
2401 4736 2729 4809 μελῴδημα,
2753 4739 2810 4792 ἐν
2837 4738 2937 4809 μὲν
2964 4738 3043 4809 τῷ
3065 4738 3217 4809 τόπῳ
3245 4738 3343 4808 τῆς
3376 4733 3665 4802 παροικίας

2088 4830 2375 4894 εἰκονικῶς
2397 4847 2456 4884 τε
2486 4832 2583 4884 καὶ
2612 4832 2881 4900 τυπικῶς,
2913 4833 2973 4885 ἐν
3014 4832 3072 4885 δὲ
3111 4832 3190 4901 τῷ
3218 4827 3467 4897 μέλλοντι
3509 4824 3662 4876 αἰῶνι

2088 4922 2291 4992 νοερῶς
2321 4925 2415 4977 καὶ
2445 4925 2794 4991 τελεστικῶς,
2828 4926 2887 4979 ἐν
2921 4925 3067 4991 αύτῷ
3090 4919 3332 4992 Χριστῷ,
3375 4917 3453 4988 τῷ
3486 4933 3546 4969 σε
3585 4932 3661 4970 τι-

2090 5014 2325 5085 μήσαντι
2354 5016 2447 5068 καὶ
2465 5014 2744 5081 δοξάσαντι
2767 5018 2846 5079 εἰς
2870 5015 2995 5077 τοὺς
3019 5012 3242 5077 αἰῶνας.
3288 5011 3482 5080 ’Λμήνο

404 5103 587 5150 autem
620 5098 1281 5157 saeculointellcctualiter
1350 5110 1516 5172 atque
1557 5115 1755 5158 arcane
1800 5101 1855 5157 in
1921 5103 2039 5172 ipso
2112 5102 2354 5171 Christo,
2400 5105 2494 5176 qui
2548 5114 2601 5161 te
2652 5102 2943 5162 honoravit
2990 5110 3043 5159 et
3094 5099 3417 5172 gloriﬁcavit
3457 5098 3513 5153 in
3557 5109 3654 5154 sa!-

405 5188 548 5245 cula.
583 5190 756 5248 Amen
