3978 6610
283 503 396 570 sn
1309 452 1330 457 ’θ
1398 452 1406 456 ⁷
1727 503 1854 564 MA]

1975 504 2093 567 LE.
2576 454 2601 500 τ’
3435 497 3545 566 978

2515 666 2785 686 —_

1125 849 1806 1009 SANCTI
1913 850 2723 1010 JOSEPHI

1488 1151 2382 1262 HYMNOGRAPHI

889 1382 1164 1457 SlCULl,
1211 1383 1730 1456 SYRACUSANI,
1779 1382 2103 1444 ORDlN-IS
2147 1383 2220 1442 D.
2271 1380 2558 1442 B'ASILH
2606 1379 2987 1442 MON'ACHI

1373 1575 2480 1693 MARIALE

297 1815 452 1890 Quo
487 1814 772 1892 ejusdem
820 1816 879 1876 S.
934 1815 1200 1902 losephi
1257 1815 1338 1877 de
1373 1814 1828 1902 augustissima
1872 1815 2045 1902 _cmli_
2079 1813 2696 1902 terrmque__R_egina
2743 1813 3030 1902 Dei-para
3049 1809 3562 1902 Virginei-faris

386 1888 581 1974 opera
619 1895 1068 1974 quaireperiri
1095 1888 1708 1974 "potuerunt'omnia
1742 1912 1820 1956 ex
1849 1895 2084 1968 Graecis
2125 1888 2638 1958 mssXcodicib'uS
2670 1888 2969 1974 collecta.
3005 1891 3227 1974 Latine
3255 1890 3498 1950 reddita
3531 1888 3566 1921 "

390 1971 692 2052 notisque
726 1971 1254 2044 illustrata,nunt:
1287 1974 1566 2052 primum
1606 1975 2019 2051 publicentur
2051 1975 2267 2038 studio
2301 1990 2372 2035 ac
2413 1975 2630 2034 labore
2674 1975 2740 2034 P.
2775 1973 3122 2037 Hteeoum
3163 1971 3522 2034 MARBACGJI
3547 2011 3564 2041 ,

387 2051 725 2129 Lucensis,
756 2069 833 2115 ex
865 2051 1360 2134 congregatione
1395 2053 1788 2116 Clericorum
1823 2052 2240 2134 Regularium
2280 2052 2498 2114 Matris
2538 2052 2679 2114 Dei.

315 666 1730 695 W

1348 2241 1552 2305 (Romae,
1576 2242 1705 2306 typis
1729 2239 1904 2304 ignaui
1931 2241 1994 2294 de
2022 2239 2213 2293 Lazaris
2244 2237 2527 2302 MDCLXI.)

1920 2415 1989 2426 ν...

1466 2545 1556 2592 ΕΜ
1567 2544 2036 2595 ιΝΕΝΤ-ιςςωο
2071 2544 2238 2596 PRIN
2249 2544 2392 2598 CIPI

523 2628 584 2676 ι).
622 2627 1010 2681 BENEDICTO
1048 2630 1449 2689 θυεερ-ηερ,
1485 2634 1776 2684 εΑΝοΤΔς
1811 2634 2094 2684 ROMANI!

1909 2634 2111 2684 ΜΑΝιΕ
2158 2633 2498 2684 Εσοιιῑειιε
2535 2634 2905 2684 CARDINALI
2941 2634 3382 2685 AMPLISSIMO
3478 2706 3480 2709 Ι

1033 2711 1481 2762 ιιιΡΡοιγΤινς
1517 2713 1940 2764 ΜΑιιιιΑοωυς
1977 2714 2440 2765 FELICITATEM
2477 2716 2846 2766 PRECATUR.

387 2879 447 2935 S.
469 2882 685 2953 Iosephi.
712 2883 1129 2956 Ilgmnographi,
1150 2887 1406 2942 Ecclesia:
1435 2885 1632 2943 erca:
1668 2889 1952 2942 luminaris
1983 2891 2193 2943 omnino
2220 2889 2532 2954 clarissimi,
2567 2891 2816 2957 Mariale,
2841 2909 2943 2954 quo
2971 2892 3204 2961 ejusdem
3235 2891 3294 2947 S.
3327 2890 3568 2962 Iosephi,

313 2974 384 3025 de
408 2976 788 3044 augustissima
835 2978 952 3030 cwli
986 2987 1238 3046 terraeque
1293 2975 1492 3047 Regina
1537 2977 1768 3046 Deipara
1825 2976 2038 3047 Virgine
2092 2975 2294 3041 Maria,
2319 2993 2481 3047 opera
2528 2981 2728 3044 omnia,
2765 2996 2882 3048 qua:
2917 2980 3136 3049 reperiri
3168 2989 3475 3047 potuerunt,
3505 2995 3572 3034 ea:

318 3058 532 3115 Grauis
565 3063 944 3132 manuscriptis
969 3064 1237 3118 codicibus
1277 3065 1520 3130 collecta,
1549 3063 1740 3119 Latine
1773 3065 2000 3127 reddita.
2053 3066 2593 3136 notisque'illustrata
2619 3071 2978 3133 continentur,
3007 3069 3062 3122 in
3093 3068 3358 3137 publicam
3387 3067 3572 3122 mundi

309 3148 516 3210 lucem,
544 3151 973 3219 splendoremque
1010 3151 1352 3214 deducturus.
1386 3153 1520 3206 votis
1559 3153 1822 3215 onmibus,
1856 3170 1918 3206 ac
1945 3163 2055 3208 toto
2080 3153 2259 3207 cordis
2294 3164 2510 3218 conatu,
2541 3165 2644 3208 tua:
2677 3155 2812 3208 illud
2840 3172 2982 3210 cura:
3011 3172 3074 3209 ac
3099 3155 3396 3225 patrocinio
3430 3171 3574 3208 com-

317 3238 533 3299 mendo,
567 3237 822 3308 Princeps
856 3241 1304 3307 eminentissime;
1345 3251 1397 3292 ut
1427 3241 1605 3311 ipsum
1647 3242 1780 3295 satis
1815 3256 1908 3308 per
1937 3258 1992 3296 se
2022 3242 2250 3307 clarum,
2283 3245 2361 3297 tui
2391 3260 2595 3314 quoque
2629 3246 2855 3298 nominis
2891 3261 2954 3299 ac
2985 3245 3332 3314 protectionis
3363 3243 3574 3321 fulgen-

321 3327 532 3380 tissima
558 3327 748 3395 iubare
777 3328 1128 3394 illustratum,
1169 3327 1487 3384 Christiame
1529 3329 1832 3398 reipublicae
1884 3331 2112 3384 utilitati
2161 3333 2324 3399 possit
2363 3333 2597 3402 dignius,
2635 3349 2696 3386 ac
2724 3333 2953 3387 nobilius
2990 3333 3268 3388 inservire.
3316 3331 3438 3386 Non
3480 3332 3576 3386 tibi

316 3416 492 3484 offero
525 3417 673 3469 vilem
704 3426 1009 3488 tenuemque
1039 3419 1238 3489 ingenii
1273 3421 1375 3472 mei
1415 3418 1663 3488 opellam,
1711 3429 1816 3473 tua:
1856 3435 2112 3488 purpurat
2155 3421 2432 3490 majestate
2463 3437 2524 3474 ac
2553 3423 2830 3492 dignitatis
2873 3422 3091 3493 fastigio
3140 3423 3454 3492 indignam;
3487 3420 3578 3475 sed

319 3520 456 3566 opus
484 3505 696 3558 omnino
735 3505 1010 3571 eximium,
1045 3522 1108 3559 ac
1135 3508 1645 3578 prorsus-egregium
1695 3509 2010 3563 veneranda:
2045 3509 2378 3578 antiquitatis
2414 3519 2835 3574 monumentum,
2872 3509 3011 3581 quod
3041 3527 3068 3564 e
3100 3509 3341 3576 latebris,
3375 3511 3428 3564 in
3459 3511 3580 3580 qui-

323 3589 422 3642 bus
455 3607 549 3660 per
587 3600 779 3660 septem
810 3601 860 3646 et
889 3591 1117 3659 amplius
1155 3593 1372 3658 saecula,
1427 3594 1537 3648 alta
1575 3596 1833 3650 oblivione
1864 3596 2130 3666 sep-ultum
2167 3595 2366 3664 jacuit,
2411 3597 2657 3667 prodiens
2686 3599 2741 3651 in
2778 3609 3042 3668 apertum,
3080 3599 3176 3652 sub
3213 3599 3290 3651 tui
3323 3598 3580 3652 tutissimi

322 3679 616 3746 patrocinii
660 3695 723 3732 ac
752 3678 1048 3734 clarissimi
1078 3682 1329 3763 _nominis
1379 3683 1640 3751 auspiciis
1689 3683 1833 3736 haud
1874 3683 2120 3738 indecore
2148 3701 2258 3739 sese
2303 3694 2502 3740 asseret
2536 3686 2592 3738 in
2625 3685 2815 3740 lucent.
2853 3685 3036 3742 Desint
3064 3687 3111 3741 ei
3141 3687 3264 3740 licet
3314 3686 3581 3755 offerentis

314 3767 556 3835 dignitas
592 3775 640 3820 et
673 3768 942 3833 meritum,
973 3785 1104 3838 opus
1126 3779 1203 3824 est
1237 3769 1459 3840 Iosephi
1481 3768 1885 3842 Hgmnograph-i
1935 3773 2026 3841 qui
2067 3788 2184 3825 cum
2236 3789 2339 3826 non
2371 3772 2766 3828 solumaterrce
2793 3774 3022 3844 regibus,
3056 3775 3148 3828 sed
3167 3773 3332 3827 acteli
3360 3774 3581 3835 civibus,

327 3857 463 3909 miro
496 3857 650 3909 modo
700 3857 862 3925 fuerit
898 3859 1187 3912 honoratus
1221 3874 1240 3914 :
1273 3858 1378 3912 imo
1421 3875 1540 3913 cum
1569 3863 1635 3912 ab
1681 3860 1796 3928 ipsa
1831 3861 2185 3928 augustisima
2237 3860 2332 3914 Dei
2377 3859 2569 3925 Matre,
2618 3877 2683 3915 ex
2721 3861 3187 3932 indulgentissima
3237 3864 3454 3930 pietate,
3489 3879 3587 3920 sua

328 3945 487 4013 fuerit
519 3945 767 4015 amplexu
800 3947 1052 4015 dignatus
1079 3963 1099 4000 :
1125 3949 1265 4017 quis,
1301 3949 1540 4020 quamvis
1588 3965 1832 4018 magnus,
1867 3949 1973 4001 sibi
2021 3947 2212 4002 ducere
2261 3959 2429 4015 potest
2488 3951 2796 4019 inglorium,
2831 3952 2967 4004 tanti
3002 3953 3099 4004 riri
3144 3952 3290 4019 operi
3330 3953 3384 4004 i‘n
3417 3951 3586 4008 lucem

319 4031 599 4099 publicam
630 4033 934 4101 prodeunti,
967 4037 1050 4089 sui
1077 4036 1329 4102 nominis,
1359 4052 1421 4089 ac
1445 4036 1724 4105 dignitatis
1757 4036 2098 4098 auctoritate,
2133 4036 2312 4090 tutelae
2343 4053 2454 4090 suae
2498 4038 2749 4106 gratiam,
2785 4053 2847 4091 ac
2878 4039 3168 4107 patrocinii
3212 4039 3442 4107 favorem
3481 4037 3588 4089 im-

327 4122 570 4189 partiri?
602 4119 830 4192 Insuper
859 4139 989 4193 opus
1016 4133 1095 4178 est
1131 4127 1196 4177 de
1226 4123 1458 4191 Deipara
1521 4122 1751 4194 Virgine,
1793 4138 1912 4192 quae
1945 4139 2068 4176 cum
2095 4125 2164 4176 sit
2193 4123 2288 4177 Dei
2329 4124 2581 4178 altissimi
2625 4124 2819 4190 Mater,
2849 4135 2897 4179 et
2924 4135 3297 4179 creaturarum
3347 4126 3587 4180 omnium

322 4210 581 4275 Domina,
610 4213 749 4282 quis,
783 4213 1022 4282 quamvis
1053 4212 1252 4266 eximia
1279 4213 1535 4282 dignitate
1569 4210 1856 4280 refulgens,
1888 4211 1940 4264 in
1972 4227 2183 4265 summa
2213 4211 2490 4280 felicitate,
2542 4213 2878 4282 maximaque
2911 4214 3176 4267 beatitatis
3207 4224 3359 4284 parte
3392 4214 3592 4281 reposi-

327 4313 440 4354 tum
476 4317 583 4355 non
617 4301 926 4366 arbitretur,
953 4301 1128 4369 rebus,
1155 4319 1271 4373 qua:
1299 4303 1368 4355 ad
1399 4302 1570 4371 ipsam
1596 4302 1882 4370 pertinent,
1905 4309 1956 4353 et
1987 4317 2105 4368 qua:
2131 4300 2298 4370 ipsius
2317 4298 2514 4354 cultum
2545 4317 2607 4354 ac
2627 4302 2876 4356 honorem
2911 4311 3156 4372 tangunt,
3190 4318 3340 4370 posse
3373 4301 3589 4368 aliquod

325 4390 615 4458 patrocinii
649 4408 809 4460 genus
846 4391 1164 4459 impendere,
1188 4410 1252 4446 ac
1282 4391 1552 4446 servitutis
1591 4391 1848 4460 specimen
1898 4388 2184 4443 exhibere?
2220 4391 2520 4458 prtesertim
2551 4405 2672 4442 cum
2695 4398 2897 4443 certum
2927 4391 3142 4444 omnino
3173 4378 3265 4455 sit,
3295 4390 3368 4443 ad
3393 4389 3591 4443 summi

331 4479 426 4534 Dei
450 4481 681 4552 gloriam
716 4483 994 4551 pertinere,
1027 4483 1283 4554 quidquid
1317 4482 1576 4538 Genitrici
1611 4497 1720 4536 sua:
1745 4480 1906 4550 fuerit
1955 4479 2248 4548 impensum
2282 4491 2300 4530 :
2329 4485 2487 4548 atque
2517 4479 2958 4549 augustissimam
3007 4479 3100 4534 Dei
3129 4481 3355 4533 hominis
3391 4478 3594 4533 Paren-

327 4581 454 4635 tem,
490 4572 845 4639 patrocinium
893 4573 995 4626 sibi
1031 4572 1344 4638 exhibitum,
1399 4571 1652 4640 muniﬁca
1691 4585 1894 4638 semper
1933 4567 2229 4638 patrocinii
2252 4567 2338 4621 sui
2369 4567 2689 4621 exhibitione
2738 4569 2974 4622 vicissim
3028 4585 3390 4636 compensare.
3444 4566 3594 4622 Nihil

325 4657 496 4726 igitur
522 4660 728 4722 dubito,
755 4658 1003 4727 Princeps
1028 4660 1462 4723 eminentissime,
1492 4668 1540 4713 te
1556 4658 1678 4712 huic
1705 4656 2022 4726 Josephino,
2055 4655 2317 4719 simulque
2343 4654 2593 4709 Mariano
2613 4656 2781 4725 operi,
2810 4656 2962 4726 quod‘
2980 4656 3091 4709 tibi‘
3108 4655 3383 4710 humiliter
3405 4657 3592 4731 offero,

328 4748 409 4799 tui
444 4748 692 4818 suffragii
714 4765 777 4802 ac
794 4750 1082 4818 patrocinii
1105 4749 1335 4820 gratiam
1355 4749 1747 4817 promptissime
1777 4765 1840 4800 ac
1871 4744 2606 4812 libentissime»prazstiturum
2628 4761 2652 4809 ;4
2681 4761 2801 4796 nam
2818 4744 2962 4807 licet,
2981 4753 3140 4814 prout
3163 4755 3240 4798 est
3262 4762 3294 4797 a
3329 4760 3597 4814 nte,.mor-

324 4834 523 4886 talium
553 4836 755 4903 infimo,
775 4853 992 4890 summa:
1024 4847 1131 4891 tua:
1158 4835 1498 4905 benignitatis
1525 4844 1892 4904 argumentum
1916 4834 2100 4896 ducat,
2120 4834 2166 4886 si
2191 4841 2246 4885 tu
2271 4832 2410 4886 illud
2428 4833 2507 4886 vel
2536 4833 2708 4887 solum
2742 4834 2998 4902 respicere
3029 4833 3264 4903 digneris
3293 4843 3594 4896 ;.attamen,

324 4937 481 4992 prout
503 4923 829 4992 estJosephi,
848 4926 938 4994 qui
965 4925 1087 4978 talis
1111 4941 1171 4976 ac
1204 4935 1384 4977 tantus
1416 4932 1515 4986 est,
1547 4933 1602 4976 ut
1630 4924 1697 4976 sit
1728 4933 1815 4975 tuo
1836 4922 2014 4990 favore
2043 4930 2196 4992 atque
2221 4921 2417 4976 honore
2443 4923 2792 4991 dignissimus
2821 4938 2839 4975 :
2865 4933 2914 4976 et
2954 4931 3113 4992 prout
3139 4931 3217 4976 est
3239 4927 3306 4976 de
3337 4921 3590 4989 Deipat'a,

325 5028 447 5082 quae
475 5011 764 5065 innumeris
789 5013 975 5079 gratiis
1001 5013 1054 5066 in
1083 5022 1131 5065 te
1156 5012 1392 5077 collatis,
1414 5011 1533 5080 jam
1568 5021 1737 5065 totum
1770 5020 1918 5061 tuum
1959 5011 2026 5061 ad
2057 5025 2112 5062 se
2144 5011 2403 5078 pertraxit
2430 5011 2715 5077 a/I'ectum;
2755 5018 2945 5072 totum,
2982 5009 3122 5063 velut
3147 5011 3274 5078 jure
3321 5025 3418 5062 suo
3445 5017 3594 5060 tuum

326 5102 431 5158 sibi
457 5101 687 5155 vindicat
713 5102 1088 5171 patrocinium.
1111 5101 1369 5154 Pietatem
1385 5117 1508 5170 erga
1543 5099 1825 5168 Deiparam
1843 5115 1875 5151 a
1892 5097 2180 5165 majoribus
2202 5098 2327 5162 tuis,
2347 5095 2592 5150 Mariano
2609 5095 2778 5148 cultui
2801 5113 3002 5165 semper
3036 5095 3435 5159 addictissimis,
3457 5094 3595 5148 velut

325 5189 1021 5261 prreclaramluereditatem
1043 5191 1097 5242 in
1119 5185 2144 5258 tetransfusamlcetanteraccepisti:et
2163 5185 2359 5254 abipso
2379 5186 2564 5238 indita:
2592 5187 2810 5238 rationis
2839 5201 2959 5248 usu,
2980 5194 3128 5238 tanto
3152 5183 3349 5247 studio,
3375 5193 3423 5237 et
3441 5182 3596 5237 bene-

324 5278 560 5334 uolentia
596 5278 1027 5348 augustissimam
1059 5276 1153 5330 Dei
1177 5274 1405 5330 Matrem
1437 5275 1713 5344 amplexus
1744 5291 1819 5338 es,
1851 5283 1910 5327 ut
1940 5276 1998 5328 in
2023 5275 2137 5344 ejus
2161 5275 2418 5344 obsequiis
2445 5291 2608 5339 supra
2629 5273 2846 5340 multos,
2878 5274 3041 5328 etiam
3072 5272 3600 5343 obsequentissimos,

325 5367 639 5421 eminueris.
693 5365 952 5435 Equidem
993 5365 1235 5436 quamvis
1263 5366 1324 5418 in
1359 5365 1568 5434 familia
1611 5375 1708 5419 tua
1747 5363 2066 5429 Odescalca,
2099 5379 2214 5432 qua:
2242 5362 2297 5412 in
2344 5361 2734 5414 Germanorum
2766 5361 2874 5414 oris
2906 5361 3202 5431 antiquitus
3244 5369 3372 5412 nata
3407 5367 3507 5424 est,
3543 5377 3602 5420 ει·

329 5458 669 5528 pustmodum
699 5460 753 5511 in
787 5457 952 5512 Italia
979 5458 1086 5524 fuit
1118 5456 1390 5526 splendide
1417 5465 1732 5526 propagata,
1776 5457 1932 5510 avita
1979 5454 2273 5508 nobilitatis
2307 5461 2584 5518 tesseram,
2618 5463 2782 5523 atque
2810 5452 2999 5524 inclyti
3027 5451 3236 5520 generis
3287 5452 3594 5503 claritatem

333 5563 441 5600 non
473 5562 662 5615 parum
689 5547 997 5615 suspiciam,
1027 5548 1194 5614 magis
1227 5553 1400 5598 tamen
1430 5545 1657 5610 suspicio
1685 5543 2207 5614 obsequentissimum
2236 5540 2494 5606 studium,
2522 5556 2584 5594 ac
2609 5542 3045 5594 ardentissimum
3075 5541 3292 5609 pietatis
3317 5539 3600 5607 allectumt

331 5650 440 5704 quo
474 5635 704 5704 majores
735 5637 811 5688 tui
836 5651 889 5689 se
921 5645 1058 5689 totos
1094 5633 1337 5703 Deipara:
1387 5632 1587 5702 Virgini
1635 5632 1877 5685 addictos
1909 5640 2062 5702 atque
2090 5631 2455 5696 emancipatos
2491 5629 2857 5683 declararunt.
2894 5629 3162 5697 Quoniam
3198 5645 3316 5681 vero
3355 5626 3595 5696 epistolae

331 5726 684 5780 dedicatorite
714 5727 960 5780 brevitati
993 5724 1402 5792 inserviendum,
1440 5733 1490 5779 et
1517 5722 1755 5778 volumen
1783 5725 2045 5792 integrum
2075 5735 2176 5772 non
2211 5718 2487 5787 sufficeret,
2520 5719 2565 5771 si
2594 5734 2772 5773 omnes
2799 5729 2968 5772 essent
2999 5731 3104 5772 tua:
3130 5718 3392 5786 pt'osapite
3423 5731 3597 5769 recen.

404 5912 422 5930 ‘
445 5910 611 5956 Gr-r-ca
643 5921 702 5954 ex
731 5907 932 5955 “armis
965 5903 1340 5972 aliienolngiis
1365 5900 1572 5972 aliisque
1601 5895 1848 5972 titurgicis
1878 5897 2157 5972 Qrtecorugl
2203 5894 2348 5972 libris
2383 5894 2675 5946 addidimus.
2711 5897 2830 5956 Quae
2879 5907 2994 5942 vero
3039 5887 3329 5942 Marraccius
3353 5899 3415 5937 ex
3460 5884 3598 5940 todic

337 5975 480 6026 cibus
505 5988 618 6022 mss.
651 5978 983 6035 etprcsserat,
1010 5960 1273 6020 deﬁciente
1296 5960 1680 6032 Gra—coﬂmtine
1707 5960 1758 6016 ei
1781 5977 1869 6013 nos
1890 5963 2076 6013 damus.
2103 5960 2224 6013 Ευιτ
2269 5965 2421 6016 Pun.
