3978 6590
454 472 559 535 979
1554 470 1613 527 s.
1656 463 1966 528 JOSEPHI
2011 455 2573 521 HYMNOGRAPHI
2686 426 2689 431 “
3571 444 3661 508 θδο

516 584 626 647 ηάὶ,
664 581 754 652 qui
798 578 1092 634 incredibili
1126 595 1249 649 erga
1285 578 1381 632 Dei
1436 578 1661 632 Matrem
1697 578 1885 630 ardore
1915 580 2231 633 a-stuarunt,
2258 580 2304 623 et
2339 567 2620 621 tenerrima
2670 577 2887 633 prorsus
2924 576 3061 652 erga
3090 556 3324 652 eamdem
3363 553 3545 652 pietate
3569 557 3662 652 eni-

516 642 709 733 erunt';
741 668 872 721 duas
900 666 1072 721 solum
1097 684 1124 720 e
1150 642 1275 731 tuis,
1311 665 1411 719 levi
1458 674 1663 718 tantum
1698 665 1904 717 calamo
1951 661 2214 723 delibabo,
2250 675 2373 727 erga
2404 653 2843 724 augustissimam
2880 648 2971 702 Dei
3007 645 3233 700 Matrem
3280 642 3665 712 flagrantissimo

512 764 647 815 tectu
701 760 1031 829 conspicuos,
1085 777 1115 811 a
1144 758 1319 827 proba:
1366 768 1502 811 nottt:
1549 756 1891 826 scriptoribus
1928 752 2229 814 recensitos,
2278 766 2340 801 ac
2370 747 2589 801 smnmis
2643 745 2803 798 etiam
2845 739 3094 795 laudibus
3147 734 3472 795 celebratos;
3509 749 3665 799 nempe

474 841 489 846 ’
510 852 685 903 aulum
716 848 1081 910 Odescalcum,
1115 824 1391 917 utriusque
1416 824 1709 915 signatura
1738 841 2174 911 referendarium,
2209 842 2505 905 episcopum
2540 832 2885 888 Pennensem.
2910 838 2958 882 et
2989 826 3301 880 Adriensem
3323 838 3339 883 ξ
3363 824 3452 890 qui
3480 824 3670 874 αιιάὶιοτ

521 938 715 990 rterulis
744 951 967 989 camera
1001 912 1330 1003 apostolicte,
1356 942 1405 987 et
1436 912 1579 1002 apud
1614 931 1805 985 multos
1852 928 2116 999 principes
2165 925 2497 980 Christianos
2527 920 2870 993 (nominatim
2902 916 3046 986 apud
3092 912 3473 983 Hispaniarum
3500 913 3669 1003 regem)

506 1029 592 1081 dis
645 1026 952 1095 apostolica:
988 1001 1226 1089 nuntius,
1254 1034 1301 1077 et
1331 1026 1652 1093 gubernator
1696 1021 2115 1091 provinciarum,
2146 1024 2193 1068 et
2230 1016 2392 1067 totius
2433 1011 2804 1067 ecclesiastica:
2848 1008 3069 1061 ditionis
3124 1005 3368 1095 visitatar
3414 1001 3671 1095 generalis.

510 1126 573 1167 ist
612 1087 804 1167 multos
833 1129 926 1180 pro
960 1112 1201 1166 Romana
1252 1087 1497 1165 Ecclesia
1540 1087 1774 1178 sumptos
1808 1108 2035 1167 labores,
2067 1115 2115 1158 et
2150 1119 2360 1172 operum
2385 1100 2588 1169 egregie
2618 1106 2891 1159 navatam,
2935 1094 3061 1147 obiit
3095 1107 3232 1144 anno
3270 1088 3478 1180 Domini
3533 1087 3673 1180 158:5,

515 1201 645 1256 Idus
682 1175 984 1254 Februarii.
1010 1200 1079 1253 Et
1103 1198 1322 1252 Petrum
1363 1175 2039 1268 Georgium-Odescalcum,
2066 1189 2488 1259 protonotarium
2524 1186 2895 1255 apostolicum,
2933 1181 3208 1268 utriusque
3242 1175 3678 1268 signatum-refe.-

516 1290 783 1351 ndarium,
822 1288 1044 1356 majoris
1076 1286 1431 1357 prttst'tlentia:
1469 1288 1900 1347 abbreviatorem,
1942 1281 2171 1335 brevium
2196 1275 2425 1342 justitite
2462 1273 2794 1342 pratfectum.
2842 1266 3184 1357 Alexandria:
3218 1265 3468 1333 priurum,
3513 1261 3679 1357 deinde

501 1372 721 1442 ’igevani
748 1348 1261 1441 episcopum-atque
1294 1374 1432 1437 apud
1462 1369 1731 1425 Helvetios
1763 1369 1900 1423 sedis
1937 1366 2241 1437 apostolica:
2282 1363 2548 1422 nuntium,
2574 1360 2746 1414 virum
2782 1356 2995 1410 omnino
3026 1354 3301 1413 eximium,
3336 1359 3385 1404 et
3416 1348 3681 1417 compluri-

494 1479 553 1515 us
578 1461 879 1514 litterarum
908 1460 1259 1513 monumentis
1294 1459 1581 1513 wternitati
1613 1459 1947 1511 meritissime
1975 1463 2374 1517 consecratum;
2398 1452 2486 1520 qui
2513 1449 2737 1517 majores
2765 1448 3022 1499 honorum
3055 1443 3251 1513 gradus
3286 1439 3521 1503 meritus,
3544 1454 3682 1506 quam

459 1545 702 1613 adeptus,
730 1559 948 1596 cursum
971 1543 1091 1595 vita:
1119 1542 1502 1595 consummavit
1526 1558 1664 1594 anno
1686 1550 1803 1608 post
1836 1550 2019 1594 natum
2050 1543 2113 1596 de
2149 1540 2365 1610 Virgine
2393 1537 2725 1593 Salvatorem
2755 1535 2919 1597 i620,
2944 1532 3029 1585 die
3058 1530 3090 1584 6
3116 1529 3266 1584 Maii.
3298 1526 3471 1580 Porro
3498 1524 3682 1578 Paulus

463 1631 805 1693 Odescalcus,
838 1647 954 1684 cum
989 1638 1122 1685 esset
1158 1631 1549 1699 augustissima:
1590 1630 1840 1683 ctelorum
1894 1628 2104 1699 Regina:
2142 1626 2575 1682 constantissima
2616 1625 2833 1691 pietate,
2873 1630 3031 1691 atque
3072 1615 3395 1671 immutabili
3437 1615 3685 1667 devotione

460 1719 729 1773 devinctus
759 1720 858 1789 (a),
883 1719 1042 1787 jussu
1078 1716 1319 1786 Gregorii
1349 1715 1500 1771 XIII
1540 1715 1746 1780 Pontif.
1781 1715 1933 1770 Max.
1967 1719 2163 1771 electus
2184 1724 2283 1777 est,
2314 1723 2370 1768 ut
2397 1713 2666 1766 Joannam
2704 1711 3070 1773 Austriacam,
3111 1704 3441 1760 Ferdinandi
3476 1702 3685 1757 Caesaris

460 1808 655 1875 ﬁliam,
682 1808 1019 1876 eamdemque
1051 1805 1353 1867 Francisci,
1389 1806 1566 1875 magni
1617 1804 1850 1859 Etruriae
1893 1806 2067 1870 ducis,
2118 1821 2359 1868 uxorem,
2416 1803 2706 1858 Lauretum
2750 1812 2977 1862 euntem,
3024 1809 3134 1853 tota
3173 1795 3449 1865 pontificia
3485 1794 3684 1854 άὶιῐοηεν

459 1897 604 1966 regio
625 1896 769 1949 cultu
795 1896 1072 1961 exciperet,
1090 1904 1141 1948 et
1166 1893 1238 1947 ad
1262 1894 1653 1963 optatissimam
1691 1892 1918 1963 Virginis
1938 1895 2101 1947 wdem
2124 1894 2404 1949 deduceret
2434 1910 2452 1948 :
2477 1910 2596 1946 cum
2627 1906 2917 1961 congruum
2959 1888 3175 1942 omnino
3222 1892 3380 1947 esset,
3436 1881 3686 1936 Iteroinam

466 1983 989 2052 prwstantissimam,
1022 1998 1226 2036 summa
1259 1981 1633 2045 benevolentia,
1665 1996 1970 2051 summoque
1997 1998 2122 2051 erga
2167 1982 2448 2045 Deiparam
2487 1979 2753 2050 Virginem
2796 1977 2966 2031 animi
2991 1975 3186 2045 affectu
3225 1970 3632 2043 pra’dicandam,
3660 1984 3687 2019 a

457 2070 572 2123 viro
599 2071 788 2138 excipi,
821 2068 1127 2139 deducique,
1153 2070 1244 2138 qui
1266 2077 1398 2122 esset
1439 2069 1832 2139 augustissima
1861 2067 1957 2122 Dei
1993 2069 2188 2123 Matris
2244 2068 2478 2140 Virginis
2517 2068 2707 2123 Maria:
2739 2067 2901 2120 cliens
2945 2065 3159 2117 omnino
3194 2062 3447 2122 eximius,
3496 2057 3691 2126 ejusque

458 2156 629 2210 cultui
658 2157 1003 2226 obsequioque
1028 2156 1353 2224 penitissime
1382 2156 1650 2209 addictus.
1682 2154 1832 2209 Idem
1861 2172 2064 2227 quoque
2097 2157 2323 2220 Paulus,
2355 2174 2475 2211 cum
2513 2156 2799 2211 Rosarium
2830 2154 2891 2208 Β.
2934 2153 3164 2223 Virginis
3191 2170 3221 2205 a
3245 2149 3476 2219 pueritia
3511 2148 3620 2215 ipsa
3642 2148 3689 2197 in

457 2243 729 2298 cursoribus
775 2242 1062 2307 habuisset,
1095 2259 1127 2295 a
1156 2240 1258 2297 Pio
1302 2241 1343 2294 V
1380 2242 1587 2312 Pontif.
1624 2240 1776 2295 Max.
1809 2242 1879 2295 ad
1905 2240 2169 2299 Joannem
2220 2244 2588 2312 Austriacum,
2627 2245 2811 2301 Caroli
2848 2242 2889 2296 V
2927 2242 3161 2298 Ca'saris
3195 2240 3369 2309 filium
3403 2236 3501 2308 (b),
3532 2247 3575 2288 et
3600 2233 3691 2287 Ca-

458 2330 645 2384 tholici
680 2332 940 2384 exercitus
964 2340 1149 2383 contra
1180 2329 1380 2383 Turcas
1413 2332 1809 2399 imperatorem,
1832 2330 1958 2399 jure
1987 2334 2175 2388 merito
2209 2334 2311 2403 fuit
2340 2333 2574 2389 Nuntius
2601 2333 2924 2398 destinatus,
2952 2339 3007 2383 ut
3041 2331 3183 2383 inter
3218 2327 3330 2380 alia
3358 2327 3449 2394 pia
3473 2339 3693 2385 munera,

455 2418 521 2471 in
559 2417 863 2471 classiarios
930 2433 1106 2470 omnes
1139 2433 1255 2469 cum
1293 2418 1474 2486 fausta
1528 2419 1763 2472 victoria:
1798 2420 2171 2487 apprecatione
2202 2420 2594 2484 distribuenda,
2628 2420 2735 2489 ipsi
2767 2418 3051 2473 Austriaco
3100 2414 3335 2479 eiusdem
3367 2412 3435 2466 Β.
3478 2410 3692 2479 Virginis

459 2504 745 2559 Rosarium
775 2505 1024 2572 deferret.
1064 2504 1216 2568 Quod
1263 2521 1420 2573 porro
1474 2505 1779 2573 Rosarium,
1816 2507 1944 2559 dum
1970 2507 2033 2561 de
2059 2508 2297 2577 ejusdem
2342 2508 2608 2577 pontificis
2667 2504 2923 2560 mandato
2957 2506 3011 2556 in
3046 2503 3182 2556 tanti
3231 2499 3491 2569 principis
3524 2512 3693 2550 manus

458 2596 816 2664 consignaret,
844 2596 925 2649 his
953 2596 1138 2655 dictis.
1166 2610 1230 2648 ex
1256 2596 1431 2649 cordis
1460 2598 1722 2664 penetrali
1762 2598 1973 2659 intimo,
2010 2614 2074 2650 ac
2106 2614 2134 2651 e
2161 2599 2322 2651 totius
2356 2598 2568 2664 fiducia:
2601 2593 2876 2649 soliditate
2910 2590 3256 2661 expromptis,
3288 2603 3419 2640 usus
3449 2597 3521 2639 est
3546 2602 3562 2638 :
3590 2605 3605 2635 ι
3637 2582 3693 2635 ln

455 2682 556 2737 hoc
592 2684 739 2753 signo
771 2684 960 2737 vinces.
1004 2703 1023 2736 s
1058 2684 1185 2737 Iltec
1230 2696 1404 2736 autem
1458 2685 1633 2748 verba,
1668 2695 1724 2740 ut
1754 2684 2100 2740 Constantino
2132 2681 2281 2743 olim,
2309 2683 2383 2734 ita
2435 2690 2557 2733 tunc
2593 2679 2808 2732 Austrio
2854 2677 3020 2745 fuisse
3071 2684 3269 2728 certam
3298 2689 3325 2726 e
3352 2671 3487 2725 ca'lo
3517 2670 3693 2738 futura:

456 2771 693 2825 victoriw
717 2772 1067 2839 sponsionem,
1098 2773 1176 2825 rei
1196 2783 1375 2842 postea
1398 2772 1778 2825 demonstravit
1807 2784 2036 2826 eventus.
2068 2770 2211 2825 Nam
2237 2772 2506 2833 Austrius,
2533 2787 2652 2823 cum
2676 2768 2957 2822 Rosarium
2983 2766 3047 2821 ab
3084 2765 3374 2821 Odescalco
3410 2763 3692 2830 accepisset,

458 2858 638 2913 divina
671 2860 903 2930 quadam
940 2862 1131 2917 virtute
1154 2871 1205 2916 et
1236 2862 1421 2916 robore
1457 2862 1811 2930 confortatus,
1850 2862 1956 2916 Deo
1984 2874 2030 2916 et
2062 2861 2379 2914 beatissima:
2422 2857 2623 2928 Virgini
2665 2857 2957 2927 confidens,
2990 2871 3169 2909 omnes
3203 2854 3447 2906 triremes
3480 2862 3527 2904 et
3557 2864 3694 2902 naves

458 2947 698 3013 visimus,
736 2950 957 3013 milites,
988 2951 1144 3006 duces
1169 2961 1216 3006 et
1247 2953 1533 3021 principes,
1562 2954 1650 3021 qui
1683 2952 1755 3005 ibi
1786 2951 2029 3012 aderant,
2065 2950 2421 3018 confirmavit,
2456 2949 2715 3019 simulque
2747 2949 2816 3001 ad
2844 2963 3075 3018 pugnam
3108 2956 3321 2997 strenue
3359 2942 3625 3001 excitavit,
3652 2947 3695 2991 et

455 3037 812 3107 postmodum,
844 3038 1081 3106 ejusdem
1107 3042 1403 3109 pra'sertim
1434 3040 1648 3095 Rosarii
1678 3042 1891 3105 virtute,
1920 3041 1982 3095 de
2008 3039 2379 3109 potentissima
2412 3037 2707 3092 Turcarum
2732 3036 2900 3091 classe
2929 3035 2997 3088 ad
3034 3032 3338 3087 Echinadas
3370 3030 3573 3084 insulas
3597 3027 3695 3098 glo-

455 3125 807 3183 riosissimam
838 3128 1117 3181 victoriam
1142 3132 1448 3199 reportavit.

531 3210 723 3267 Petrus
766 3229 885 3266 vero
937 3212 1191 3284 Georgius
1244 3214 1599 3281 Odescalcus,
1650 3219 1730 3271 vir
1762 3218 1825 3270 ab
1859 3218 2053 3271 eximia
2086 3220 2142 3272 in
2176 3216 2407 3271 Mariam
2467 3215 2751 3285 Deiparam
2818 3213 3087 3284 Virginem
3120 3214 3316 3282 pietate
3352 3220 3406 3262 et
3464 3207 3697 3277 religione

458 3309 718 3360 aternum
751 3302 1145 3369 prtedicandus,
1175 3304 1314 3357 inter
1342 3306 1450 3358 alia
1478 3306 1633 3373 plane
1664 3309 1963 3369 innumera,
1992 3307 2179 3376 quibus
2205 3306 2642 3361 ardentissimum
2664 3322 2788 3375 erga
2817 3320 3064 3373 magnam
3098 3303 3193 3356 Dei
3220 3302 3454 3355 Matrem
3480 3299 3695 3350 studium

458 3388 752 3445 declaravit
789 3390 886 3460 (ο),
919 3389 1223 3443 litterarum
1260 3394 1610 3446 ntonumentis
1642 3394 1710 3446 ad
1743 3404 1980 3463 posteros
2014 3396 2313 3448 transmisit
2338 3410 2468 3464 opus
2498 3394 2654 3463 plane
2683 3393 2970 3463 egregium,
3007 3401 3057 3444 et
3085 3390 3149 3444 ab
3184 3389 3432 3443 omnibus
3475 3385 3697 3439 Mariano

459 3476 627 3530 cultui
653 3477 970 3544 mancipatis
1002 3478 1217 3530 assidue
1251 3478 1546 3545 legendum,
1576 3478 1671 3533 sub
1707 3481 1862 3534 titulo
1895 3482 1971 3551 (ά)
2007 3501 2019 3535 :
2048 3480 2357 3536 lnstilutum
2383 3482 2692 3537 devotionis
2716 3482 2779 3534 ad
2809 3482 3073 3534 honorem
3106 3478 3443 3532 beatissima:
3481 3472 3702 3542 Virginis

463 3562 650 3619 Mariae
678 3582 694 3630 ;
726 3573 885 3635 atque
935 3566 1149 3634 insuper
1196 3579 1349 3619 extra
1396 3566 1543 3621 urbis
1578 3566 1959 3623 Alexandriam
2004 3573 2217 3630 mantia,
2245 3571 2299 3623 in
2330 3569 2561 3639 ejusdem
2598 3570 2918 3623 beatissima:
2960 3566 3196 3636 Virginis
3239 3565 3431 3619 Maria:
3470 3564 3699 3615 honorem

459 3652 569 3706 tria
605 3651 797 3720 templa
824 3652 1183 3705 construenda
1228 3653 1560 3725 dicandaque
1608 3656 1833 3711 curavit.
1881 3655 2009 3710 llazc
2058 3668 2236 3712 autem
2266 3660 2328 3711 de
2355 3658 2461 3711 tuis
2498 3656 2828 3711 solummodo
2868 3657 3127 3711 delibasse
3181 3664 3459 3708 contentus
3490 3653 3625 3717 (nam
3650 3656 3698 3700 ut

459 3740 700 3793 oratione
730 3738 795 3793 de
822 3757 918 3794 sua
946 3741 1000 3793 in
1033 3742 1396 3810 presbyterum
1447 3742 1813 3812 designatione
1862 3745 2131 3798 verissime
2162 3744 2301 3798 dixit
2346 3744 2755 3816 Chrysostomus
2786 3761 2803 3798 :
2838 3760 2859 3797 ι
2894 3742 2960 3797 In
2996 3743 3243 3813 pretiosis
3279 3741 3584 3810 unguentis,
3612 3752 3699 3787 ηοιι

460 3837 669 3881 tantum
701 3828 747 3880 si
770 3828 887 3897 quis
936 3828 1177 3897 effundat
1223 3828 1507 3898 lecgthum,
1534 3847 1713 3885 verum
1743 3834 1905 3886 etiam
1944 3834 1992 3887 si
2024 3834 2143 3903 quis
2174 3832 2254 3887 vel
2283 3832 2504 3885 summis
2551 3832 2737 3900 digitis
2776 3830 3106 3899 superficiem
3159 3830 3416 3897 attingat,
3455 3836 3503 3880 et
3544 3838 3700 3877 aerem

459 3929 591 3968 novo
623 3913 781 3969 odore
809 3914 988 3979 tinxit,
1019 3925 1067 3968 et
1104 3925 1354 3985 quotquot
1389 3917 1584 3973 adsunt
1619 3922 1938 3990 fragrantia:
1968 3922 2239 3976 suavitate
2275 3920 2514 3989 replevit.
2565 3939 2585 3971 ι
2627 3919 2770 3986 Quid
2792 3920 2855 3974 de
2886 3929 2933 3972 te
2970 3918 3171 3983 dicam,
3210 3918 3457 3987 princeps
3487 3915 3700 3967 eminen-

461 4000 685 4062 tissime.
717 4001 807 4071 qui
842 4006 1077 4055 omnium
1100 4004 1365 4071 majorum
1399 4014 1616 4059 tuorum
1645 4008 1895 4076 pietatem
1924 4025 2053 4081 erga
2088 4009 2400 4079 Deiparam,
2427 4025 2534 4061 una
2563 4022 2683 4060 cum
2707 4006 2830 4060 aliis
2864 4006 3433 4074 prtestantissimarum
3466 4004 3701 4055 virtutum

459 4090 808 4150 ornamentis,
837 4106 936 4142 non
968 4092 1140 4145 solum
1172 4107 1405 4159 atquare,
1433 4092 1523 4146 sed
1546 4095 1704 4147 etiam
1749 4111 1999 4163 superare
2028 4096 2326 4151 studuisti?
2353 4096 2595 4150 Dicerem
2644 4105 2692 4148 te
2727 4094 2975 4149 Ecclesia
3014 4092 3073 4148 S.
3116 4091 3309 4146 Maria:
3334 4094 3399 4145 de
3430 4089 3700 4145 Montibus.

458 4173 521 4228 ab
550 4176 919 4245 patentissima
954 4178 1336 4232 miraculorum
1378 4181 1551 4250 signa,
1592 4198 1710 4251 qua:
1755 4184 1829 4237 ibi
1871 4183 2107 4253 quotidie
2137 4186 2189 4239 in
2238 4183 2432 4238 Matris
2481 4198 2592 4237 sua:
2648 4183 2883 4252 gratiam
2938 4181 3268 4234 demonstrat
3306 4179 3471 4242 Deus,
3515 4179 3567 4229 in
3596 4173 3705 4228 urbe

458 4265 965 4336 famigeratissinttc,
1008 4283 1109 4321 non
1143 4269 1256 4322 sine
1286 4270 1509 4339 speciali
1537 4270 1729 4326 divina:
1751 4274 2095 4343 providentia:
2126 4272 2369 4336 consilio,
2402 4278 2751 4339 protectorem
2778 4269 2942 4337 fuisse
2968 4268 3304 4322 meritissime
3341 4266 3704 4323 constitutum;

457 4371 579 4409 cum
607 4371 666 4409 eo
696 4357 925 4409 exsistas
957 4372 1082 4425 erga
1113 4356 1400 4425 Deiparam
1451 4358 1720 4429 Virginem
1759 4361 1975 4429 affectu,
2009 4372 2067 4415 ut
2110 4363 2164 4415 in
2192 4361 2392 4424 omnia,
2424 4375 2542 4429 qua:
2574 4366 2741 4412 tantce
2774 4356 2968 4410 Matris
3009 4356 3260 4409 honorem
3284 4370 3347 4407 ac
3378 4351 3701 4407 reverentiam

460 4452 703 4513 tangunt,
733 4445 901 4513 magis
920 4460 1086 4512 prono
1112 4462 1174 4498 ac
1204 4446 1414 4499 incenso
1442 4449 1620 4500 animo
1668 4451 1923 4517 rapiaris,
1955 4467 2115 4521 quam
2141 4448 2212 4503 ad
2245 4457 2534 4517 magnetem
2563 4447 2789 4516 ferrum.
2819 4457 2977 4515 atque
3006 4446 3075 4497 ad
3105 4445 3237 4499 solis
3263 4453 3439 4496 rotam
3481 4441 3705 4508 rapiatur

458 4530 853 4598 heliotropium.
888 4531 1247 4585 Prtcdicarem
1277 4550 1597 4603 propensum
1636 4538 1928 4593 voluntatis
1961 4550 2065 4593 tua:
2092 4538 2347 4602 studium,
2378 4554 2440 4591 ac
2462 4537 2611 4591 cordi
2650 4546 2740 4591 tuo
2767 4537 2988 4590 insitam
3025 4536 3358 4588 teneritatem
3390 4548 3519 4601 erga
3548 4544 3702 4597 augu-

456 4618 753 4671 stissimum
802 4617 1121 4673 Lauretana:
1182 4618 1416 4690 Virginis
1464 4624 1803 4682 sacrarium.
1849 4626 1903 4679 in
1945 4643 2047 4695 quo
2099 4626 2329 4694 Deipura
2378 4628 2577 4694 genita,
2630 4634 2677 4679 et
2719 4624 2967 4686 educata,
3013 4632 3062 4676 et
3098 4623 3153 4675 in
3189 4638 3292 4691 quo
3332 4619 3563 4674 Verbum
3595 4629 3707 4669 caro

457 4706 663 4774 factum
694 4716 813 4770 est;
842 4723 960 4759 cum
1002 4699 1136 4793 illud
1183 4724 1286 4761 non
1310 4709 1482 4762 solum
1531 4711 1925 4782 religiosissinte
1966 4715 2209 4768 inviseris
2233 4756 2247 4777 ,
2295 4716 2385 4768 sed
2418 4716 2579 4767 etiam
2624 4713 2677 4765 in
2715 4712 3088 4780 beneficiorum
3135 4708 3458 4763 Lauretana:
3497 4702 3704 4773 Virginis

454 4810 582 4863 erga
611 4802 659 4846 te
691 4796 903 4863 signum
950 4796 1087 4865 (ipsa
1118 4792 1254 4850 enim
1289 4798 1418 4852 votis
1453 4801 1558 4853 tuis
1601 4802 1814 4871 benigne
1868 4812 2159 4866 annuente,
2202 4803 2353 4871 fuisti
2383 4819 2414 4854 a
2446 4802 2593 4870 gravi
2633 4800 2923 4870 gutturalis
2960 4799 3362 4867 suppurationis
3411 4792 3708 4865 (egritudine

457 4882 797 4951 persanatus)
831 4884 1006 4939 aureis
1038 4884 1210 4949 donis,
1254 4895 1345 4939 tua
1372 4887 1565 4954 pietate
1589 4900 1637 4942 et
1672 4890 2067 4958 magnificentia
2095 4891 2294 4956 dignis,
2326 4888 2703 4941 honestaveris.
2742 4886 3072 4941 Celebrarem
3109 4896 3177 4949 te,
3212 4885 3460 4952 adjutum
3499 4894 3705 4950 prtescr—

457 4970 553 5021 tim
581 4984 674 5034 one
701 4968 963 5037 Deiparte,
1003 4988 1161 5039 quam
1188 4974 1548 5043 singularibus
1598 4975 1969 5046 obsequiorum
2000 4979 2302 5047 generibus,
2332 4976 2637 5045 magnisque
2659 4974 2985 5027 devotissimi
3030 4973 3254 5043 affectus
3306 4964 3706 5041 signiﬁcationi-

458 5056 555 5109 bus
581 5056 680 5109 tibi
703 5059 917 5111 assidue
940 5060 1197 5113 demereri
1228 5063 1533 5129 procurasti
1553 5080 1570 5127 ;
1611 5063 1988 5119 Novariensem
2020 5066 2406 5134 episcopatum,
2453 5063 2769 5132 legationem
2813 5059 3237 5121 Ferrariensem,
3271 5069 3430 5130 atque
3461 5056 3570 5110 alia
3603 5068 3707 5105 tnu—

460 5159 589 5196 nera
620 5161 653 5199 a
680 5144 797 5198 sede
829 5146 1123 5213 apostolica
1160 5157 1263 5201 tua:
1284 5165 1425 5203 cura:
1455 5153 1763 5213 commissa,
1799 5169 2006 5205 summa
2034 5170 2238 5222 semper
2267 5169 2385 5205 cum
2411 5151 2717 5221 prudentia,
2751 5159 2909 5221 atque
2938 5150 3244 5220 integritate
3275 5148 3706 5202 administrasse:

459 5247 523 5281 ac
547 5231 779 5295 ejusdem
838 5232 1084 5302 Deipara:
1125 5234 1221 5289 tibi
1262 5238 1558 5305 patrocinio
1600 5238 1840 5307 favente,
1884 5251 1933 5293 te
1961 5242 2015 5294 in
2055 5241 2299 5294 omnibus
2351 5240 2516 5309 fuisse
2564 5254 2766 5306 semper
2796 5240 2851 5293 in
2875 5239 3086 5309 judicio
3135 5246 3357 5300 rectum,
3398 5240 3457 5289 in
3493 5231 3706 5287 moribus

456 5319 809 5388 inculpatum,
839 5322 892 5373 in
919 5323 1108 5391 gratiis
1132 5333 1179 5377 et
1214 5322 1480 5393 beneﬁciis
1518 5336 1844 5394 promptum,
1876 5345 1999 5397 erga
2026 5331 2268 5384 subditos
2308 5330 2611 5399 benignum.
2639 5328 2693 5381 in
2723 5344 2979 5396 pauperes
3011 5325 3345 5394 munificum,
3388 5322 3571 5375 animo
3593 5334 3709 5372 can-

456 5408 663 5474 didum,
689 5408 846 5463 corde
874 5411 1161 5478 sincerum,
1195 5414 1300 5466 vita
1322 5430 1535 5482 purum,
1567 5424 1615 5467 et
1644 5427 1698 5467 ut
1732 5418 1882 5468 verbo
1914 5417 2114 5481 dicunt,
2144 5420 2197 5471 in
2229 5417 2470 5470 omnibus
2500 5418 2671 5469 virum
2700 5418 2776 5468 tui
2805 5415 3033 5469 nominis
3062 5413 3392 5466 benedictum
3418 5426 3437 5462 :
3465 5409 3567 5462 nisi
3588 5409 3708 5465 luet,

454 5506 503 5550 et
531 5497 808 5568 complura
836 5500 946 5552 alia
972 5500 1325 5554 devotissima:
1360 5503 1547 5554 mentis
1572 5513 1677 5555 tuae
1708 5520 1831 5572 erga
1867 5503 1960 5556 Dei
1991 5503 2217 5557 Matrem
2247 5503 2569 5563 testimonia,
2599 5509 2648 5552 et
2674 5499 2956 5567 splendida
2991 5495 3228 5563 ejusdem
3259 5495 3354 5549 Dei
3376 5492 3575 5547 Matris
3597 5504 3708 5557 erga

456 5592 508 5639 te
538 5581 841 5640 Clementite
874 5598 1237 5651 monumenta,
1269 5604 1387 5656 qua:
1422 5589 1535 5643 solo
1573 5592 1811 5643 veritatis
1855 5592 2051 5660 affectu
2089 5600 2327 5660 urgente,
2376 5589 2488 5641 sine
2520 5587 2633 5640 ulla
2664 5585 3044 5639 assentationis
3079 5592 3205 5637 nota
3235 5582 3463 5636 scribere
3492 5592 3707 5643 possent,

547 5774 602 5842 a)
635 5770 873 5842 Tursell.
910 5770 965 5826 in
1004 5770 1150 5829 Hist.
1188 5770 1401 5827 Lauret.
1440 5771 1536 5827 lib.
1577 5788 1651 5835 tv,
1686 5789 1807 5842 cap.
1835 5774 1927 5838 25,
2219 5772 2288 5841 (ς)
2320 5769 2577 5842 Ughellus
2605 5767 2660 5821 in
2694 5763 2864 5842 Italia
2893 5782 3071 5842 sacra,
3092 5777 3245 5842 _tani.
3280 5762 3423 5842 Νι..
3641 5826 3669 5842 μ

524 5827 992 5967 (ὺῇῡιιγαρίιιιιιυε
1026 5827 1370 5913 Οιιοήτιιιοιιυε
1417 5842 1471 5898 in
1512 5827 1799 5913 Triumpho
1844 5827 2033 5897 Ro'sar.
2328 5827 2692 5962 Hieronz'tn'us
2719 5836 2975 5893 Ghilinus
3004 5827 3066 5892 in
3091 5837 3320 5892 Theatra
3364 5831 3606 5886 Virorum
3636 5827 3710 5880 ίίι·

455 5927 578 5983 cap.
657 5951 671 5966 .
2151 5925 2462 5976 tcratorum,
2501 5927 2530 5964 c
2584 5926 2611 5962 ει
2642 5925 2697 5962 ιι.
