3978 6582
250 431 366 501 '98!
1681 447 2045 511 MARIALE.
3424 441 3531 505 98:2

269 551 460 606 tacitus
488 551 758 619 prteterire
813 567 1024 607 omnino
1077 569 1308 625 cogerer,
1348 557 1410 610 ob
1445 559 1771 629 singularem
1808 563 1887 616 tui
1927 562 2094 617 auinti
2148 558 2484 627 modestiam,
2526 574 2644 630 qum
2692 557 2902 628 magnis
2939 554 3044 609 tuis
3095 554 3352 609 laudibus
3396 553 3532 606 hanc

267 639 539 708 adjunxit,
574 640 752 694 laudis
802 641 1005 695 odium.
1053 641 1280 721 Implere
1323 648 1463 700 enim
1505 647 1736 717 gloriose
1769 652 1972 721 satagis
2009 650 2262 720 inclytam
2297 651 2374 703 tui
2401 646 2730 720 cognominis
2766 643 3042 699 Odescalci
3098 642 3530 711 appellationem,

267 743 384 795 quae
417 745 447 779 a
475 727 774 781 calcatione
805 729 1053 794 odarum,
1090 720 1247 785 id'est
1282 732 1526 797 laudum,
1563 752 1664 788 non
1696 720 1982 807 incongrue
2009 739 2285 792 derivatur
2309 754 2328 791 :
2358 746 2512 805 atque
2537 734 2654 789 ideo
2681 734 2833 796 odas,
2862 731 2914 786 id
2941 742 3017 786 est
3050 731 3259 788 laudes.
3294 731 3534 798 quamvis

269 826 373 870 tua:
409 817 593 868 virtuti
629 817 842 870 omnino
871 817 1100 882 debitas,
1137 829 1292 890 atque
1322 840 1354 875 a
1385 824 1592 876 sincera
1625 826 1954 894 confessione
1986 825 2322 879 laudantium
2352 826 2444 878 tibi
2467 822 2755 888 exhibitas,
2786 835 3036 893 generoso
3061 817 3383 872 humilitatis
3409 816 3538 883 pede

267 903 476 954 calcare
502 919 605 956 non
630 903 851 957 desinis.
888 903 1080 958 Omnia
1105 907 1266 975 igitur
1294 919 1400 962 tua:
1434 910 1706 965 modestia:
1736 913 2043 978 concedens,
2065 924 2114 966 et
2137 930 2220 969 ea.
2253 912 2443 982 quibus
2471 912 2534 965 de
2564 921 2612 965 te
2641 928 2783 965 meus
2812 908 3076 971 calamus,
3108 925 3140 960 a
3168 905 3284 959 sola
3318 905 3536 958 veritate

267 988 550 1057 impulsus.
588 1006 690 1043 non
739 1006 902 1044 unam
952 994 1204 1063 paginam
1255 1006 1429 1064 posset
1476 1013 1703 1061 ornare,
1744 1000 1795 1052 in
1832 1001 2021 1054 intinto
2075 1000 2262 1054 mentis
2310 1016 2536 1059 recessu,
2586 998 2780 1052 ibidem
2814 1006 3158 1055 reternatnra,
3199 993 3482 1047 recondens
3519 1003 3539 1041 .'

264 1079 440 1130 solum
481 1081 610 1132 nti/ti
637 1098 668 1131 a
694 1089 742 1132 te
767 1081 980 1134 concedi
1010 1082 1162 1136 enixe
1193 1093 1330 1152 peto.
1377 1086 1608 1156 mihique
1640 1088 1786 1142 nullo
1821 1099 1975 1158 pacto
2026 1089 2274 1157 denegari
2322 1087 2704 1142 ardentissime
2741 1086 3012 1149 desidero,
3061 1099 3211 1152 passe
3245 1081 3444 1134 scilicet
3482 1078 3537 1132 in

266 1167 373 1235 ﬁne
403 1167 558 1236 hujus
583 1169 822 1238 epistolae
847 1170 971 1224 huic
1002 1169 1062 1225 S.
1091 1170 1311 1242 Iosephi
1347 1173 1753 1246 Hymnographi
1779 1178 1924 1248 operi
1953 1177 2222 1240 Mariano,
2255 1194 2317 1230 ac
2346 1177 2444 1230 tibi
2479 1177 2643 1230 etiam
2672 1176 2796 1245 ipsi.
2826 1190 2890 1228 ea:
2919 1171 3098 1227 cordis
3131 1172 3318 1225 intimo
3343 1169 3538 1222 saltent

267 1257 493 1309 breviter
525 1257 813 1327 gratulari.
851 1257 1112 1314 Gratulor
1144 1263 1313 1331 igitur
1345 1263 1470 1318 huic
1499 1267 1667 1334 operi,
1708 1265 1958 1336 Princeps
1989 1265 2425 1326 eminentissime,
2457 1280 2517 1318 eo
2547 1263 2688 1334 quod
2731 1263 2789 1315 in
2839 1262 3020 1315 mundi
3053 1267 3388 1328 conspectum
3415 1273 3541 1325 pro-

266 1345 441 1409 diens,
476 1361 540 1399 ea:
563 1347 1026 1414 providentissime
1061 1349 1160 1404 Dei
1195 1351 1518 1420 benignitate
1543 1363 1592 1408 te
1618 1357 1868 1409 sortitunt
1895 1357 1965 1410 sit
2009 1364 2317 1425 patronum,
2354 1368 2456 1423 quo
2486 1353 2541 1406 in
2575 1347 2819 1419 Deiparat
2857 1347 3027 1413 cultu,
3057 1356 3106 1400 et
3140 1344 3344 1399 caeteris
3374 1343 3538 1396 etiam

261 1432 512 1486 omnibus
545 1433 976 1489 Christianarum
1019 1437 1272 1492 virtutum
1299 1443 1651 1505 ornamentis,
1686 1445 1772 1497 via:
1808 1444 2063 1512 majorem
2093 1442 2464 1510 melioremque
2489 1450 2670 1506 optare
2704 1437 2958 1506 potuisset
2985 1449 3002 1489 :
3035 1443 3083 1488 et
3111 1431 3354 1503 gratulor
3374 1431 3537 1484 etiam

261 1521 386 1584 tibi,
413 1523 538 1592 quia
584 1520 784 1593 Ioseph
825 1541 970 1579 meus
1001 1526 1080 1594 (ut
1109 1527 1327 1596 ﬁrmum
1367 1530 1510 1597 apud
1545 1547 1625 1583 nte
1665 1531 1765 1602 est)
1800 1541 1949 1584 tuum
1981 1546 2076 1584 suo
2123 1529 2268 1599 operi
2303 1527 2595 1581 exhibitunt
2639 1523 2923 1594 patrocinii
2974 1522 3248 1578 honorem,
3283 1525 3437 1588 grata
3469 1516 3540 1568 sit

264 1625 473 1678 semper
513 1613 788 1677 memoria,
821 1623 868 1666 et
898 1613 1132 1668 sollicita
1180 1617 1321 1681 apud
1362 1616 1529 1671 Deum
1559 1635 1730 1687 prece,
1777 1628 2157 1688 prosecuturus
2184 1633 2202 1670 :
2234 1625 2389 1686 atque
2423 1613 2808 1685 augustissinta
2855 1610 3108 1665 cwlorunt
3141 1606 3366 1678 Regina,
3406 1607 3540 1658 dunt

261 1699 416 1765 operi
441 1699 580 1768 quod
605 1699 720 1768 ejus
747 1699 933 1756 laudes
964 1711 1014 1756 et
1041 1705 1278 1758 encomia
1307 1707 1559 1766 continet,
1585 1707 1928 1776 protectionis
1953 1718 2059 1761 tua:
2079 1706 2312 1775 favorem
2345 1705 2624 1776 impendis,
2658 1705 2756 1758 hoc
2787 1701 2967 1756 valida
2993 1699 3225 1756 vicissim
3250 1694 3539 1768 protectio-

263 1786 350 1840 uis
379 1803 490 1840 sua:
517 1804 640 1856 erga
675 1798 722 1842 te
743 1788 1087 1851 exhibitione,
1114 1801 1164 1845 et
1197 1793 1372 1862 dignis
1403 1810 1429 1846 e
1460 1795 1588 1848 caelo
1623 1795 1927 1850 muneribus
1961 1797 2027 1849 sit
2064 1796 2456 1865 aﬁluentissime
2483 1802 2876 1862 compensaturt

349 1875 478 1929 Vale
508 1877 719 1930 interim
749 1877 962 1947 publico
984 1879 1116 1934 bono
1143 1898 1348 1950 magna:
1370 1882 1464 1936 Dei
1496 1882 1689 1936 Matris
1716 1884 1878 1937 cliens
1901 1884 2293 1948 amantissime,
2331 1894 2379 1937 et
2407 1899 2486 1936 me
2507 1881 2769 1951 [amulum
2792 1877 3314 1940 tibideditissimum,
3346 1883 3541 1929 totam-

258 1980 362 2035 que
390 1969 850 2038 congregationem
883 1985 1075 2032 meam,
1106 1971 1214 2024 tuis
1253 1971 1515 2042 obsequiis
1556 1971 2010 2032 addictissimam.
2044 1971 2206 2025 solita
2238 1970 2564 2038 benignitate
2597 1982 2933 2039 prosequere.

337 2051 544 2118 Romw.
582 2071 646 2109 ea:
674 2055 874 2110 aedibus
909 2055 966 2111 S.
1003 2056 1194 2111 Maria:
1219 2058 1276 2111 in
1302 2057 1643 2128 Campitello,
1679 2076 1819 2113 anno
1849 2061 2042 2114 salutis
2089 2059 2217 2113 lﬁﬁl
2237 2101 2250 2120 ,
2274 2059 2362 2112 die
2386 2061 2419 2112 l5
2439 2055 2721 2111 Januarii.

1071 2212 3526 2237 ww

1629 2319 2188 2411 LECTORI.

340 2470 542 2531 Pauca.
577 2470 753 2526 amice
801 2469 1018 2535 Lector,
1050 2473 1117 2527 de
1145 2484 1372 2528 auctore
1403 2473 1569 2542 hujus
1620 2474 1823 2544 Operis.
1861 2489 1924 2528 ac
1953 2473 2020 2527 de
2059 2488 2224 2542 opere
2254 2473 2373 2542 ipso
2426 2481 2604 2526 locum
2647 2467 2942 2541 prafabor,
2995 2468 3188 2525 audire
3210 2468 3258 2525 si
3291 2468 3531 2523 libuerit.

258 2556 402 2623 Quis
429 2574 493 2612 ac
519 2570 760 2628 quantus
789 2559 956 2613 fuerit
981 2559 1038 2616 S.
1076 2558 1348 2630 Iosephus
1400 2561 1882 2633 llymnographus,
1929 2561 2090 2630 cujus
2139 2560 2380 2614 Mariana
2415 2569 2773 2614 monumenta
2819 2573 2969 2614 nunc
3013 2561 3192 2624 primo
3237 2555 3531 2627 spectanda

260 2647 380 2701 tuis
405 2647 580 2701 oculis
619 2646 844 2715 objicio,
877 2663 942 2701 ex
973 2647 1040 2702 iis
1066 2666 1188 2718 qua:
1228 2649 1295 2703 de
1326 2650 1447 2720 ipso
1482 2650 1535 2702 in
1571 2650 1842 2720 principio
1878 2650 2040 2718 hujus
2070 2650 2257 2719 Operis
2308 2665 2525 2719 appono
2552 2651 2643 2720 (ne
2678 2649 2732 2702 in
2775 2648 2880 2704 hoc
2913 2647 3195 2703 vestibulo
3233 2655 3284 2701 te
3311 2645 3532 2716 longius

265 2735 474 2802 morer)
504 2734 630 2798 erit,
658 2745 718 2789 ut
752 2751 934 2805 spero,
966 2736 1064 2790 tibi
1099 2737 1232 2792 satis
1265 2752 1539 2806 superque
1590 2736 1965 2794 manifestum.
1998 2737 2222 2808 Iosephi
2272 2737 2418 2803 Vita,
2465 2755 2565 2810 per
2593 2737 2864 2794 Joannem
2903 2737 3111 2808 Magnae
3149 2737 3239 2792 Dei
3275 2735 3533 2790 Ecclesia:

263 2823 897 2892 Constautinopolitame
930 2825 1222 2879 diaconum
1263 2840 1327 2878 ac
1355 2835 1629 2879 oratorem
1681 2828 2005 2897 composita,
2044 2843 2206 2896 quam
2239 2826 2499 2894 exhibeo,
2525 2833 2705 2880 exstat
2739 2825 2931 2880 Graece
2967 2839 3073 2879 ms.
3109 2824 3161 2877 in
3206 2822 3532 2892 perantiquo

265 2911 462 2965 codice
492 2912 847 2982 amplisimus
892 2913 1238 2968 bibliotheca:
1266 2912 1571 2978 Vaticanze,
1603 2925 1658 2968 et
1683 2914 1809 2969 inde
1841 2925 2120 2986 excerpta,
2159 2930 2254 2985 per
2285 2912 2347 2968 P.
2379 2913 2723 2969 Ludovicum
2763 2912 3152 2978 Marrae‘cium,
3188 2926 3366 2965 meum
3395 2925 3530 2962 con-

262 3001 556 3069 junctione
582 3002 891 3072 sanguinis,
927 3017 991 3056 ac
1035 3002 1318 3072 religionis
1359 3001 1726 3071 professione,
1761 3002 1985 3059 fratrem
2018 3017 2343 3073 germanum
2385 3000 2576 3056 Latine
2609 2999 2821 3054 reddita
2864 3007 2966 3054 est.
3018 2996 3208 3052 Exstat
3247 2996 3438 3050 eadem
3476 2994 3528 3047 in

260 3087 462 3143 Grn-co
493 3105 596 3142 ms.
622 3090 810 3144 codice
845 3090 1164 3144 monasterii
1198 3088 1257 3144 S.
1287 3087 1594 3146 Salvatoris
1624 3091 1769 3160 apud
1818 3089 2148 3154 Messanam,
2182 3097 2348 3159 atque
2373 3103 2402 3142 a
2430 3087 2593 3142 Patre
2636 3086 2946 3158 Augustino
2978 3084 3206 3139 Floritio
3234 3085 3362 3138 Sec.
3398 3081 3529 3136 Jesu

266 3175 324 3228 iit
361 3174 616 3231 Latinum
661 3177 952 3242 translata,
981 3178 1126 3232 edita
1161 3186 1246 3232 est
1280 3176 1561 3244 Panormi,
1601 3179 1875 3250 superiori
1905 3193 2050 3234 anno
2086 3177 2256 3244 1657,
2289 3193 2396 3231 una
2429 3191 2556 3231 cum
2592 3185 2742 3231 lomn
2793 3173 3036 3230 secundo
3066 3173 3250 3243 operis
3283 3171 3356 3225 De
3393 3171 3531 3224 Vitis

267 3262 378 3320 .SS.
422 3263 729 3319 Siculorum
767 3267 826 3318 P.
864 3267 1072 3321 Octavii
1129 3266 1379 3336 Cajetani
1431 3267 1680 3338 ejusdem
1737 3268 2046 3325 Societatis.
2089 3267 2210 3322 Vita
2256 3265 2503 3339 Iosephi,
2553 3282 2717 3338 quam
2747 3281 2815 3322 ex
2851 3265 3073 3321 Menaeis
3135 3263 3399 3334 produco,
3433 3277 3532 3333 per

261 3354 522 3408 eumdem
551 3353 613 3409 Ρ.
649 3353 984 3409 Ludovicum
1016 3354 1374 3410 Mart-accium
1405 3366 1488 3410 est
1517 3355 1677 3413 Latio
1708 3357 1855 3413 illata
1895 3357 1992 3430 (a).

341 3441 420 3495 De
444 3457 610 3511 Opere
642 3452 824 3499 autem
859 3445 980 3514 ipso
1013 3445 1142 3515 quid
1174 3443 1402 3498 dicam?
1439 3446 1572 3501 Dico
1604 3447 1737 3502 illud
1772 3462 1836 3503 ex
1866 3445 2108 3511 Menaeis,
2140 3463 2202 3501 ex
2234 3443 2555 3514 Horologio,
2594 3460 2659 3500 ex
2685 3442 3048 3508 Paracletico,
3081 3458 3145 3498 ex
3185 3439 3430 3502 Triodio,
3462 3455 3531 3495 ex

263 3530 705 3596 Pt-nlecoslario,
739 3550 803 3588 ex
845 3535 1069 3596 liituali.
1105 3534 1334 3606 aliisque
1361 3535 1686 3592 Graecorum
1725 3536 2124 3597 voluminibus.
2157 3535 2212 3589 in
2246 3535 2449 3604 quibus
2475 3532 2701 3603 Iosephi
2751 3532 3004 3588 (Sationes
3037 3531 3166 3586 hinc
3201 3529 3327 3584 inde
3351 3530 3530 3598 sparsi

266 3623 649 3693 reperiuntur,
684 3623 852 3678 fuisse
873 3625 1160 3679 Culleolum
1198 3641 1212 3678 :
1245 3635 1300 3678 et
1325 3624 1438 3680 fere
1468 3633 1642 3680 totum
1669 3626 1854 3681 studio
1886 3641 1951 3682 ac
1983 3624 2264 3692 diligentia
2285 3623 2399 3693 jam
2433 3621 2562 3677 dicti
2592 3620 2650 3676 P.
2686 3619 2956 3675 Ludovici
2985 3617 3253 3674 Marracci
3279 3633 3310 3673 e
3337 3615 3531 3672 Graeco

265 3711 325 3764 in
359 3707 616 3764 Latinum
648 3727 957 3767 sermonem
991 3712 1161 3768 fuisse
1191 3715 1540 3769 translatum.
1572 3713 1704 3770 Dico
1730 3730 1855 3770 esse
1889 3722 2060 3768 totum
2099 3729 2358 3776 aureum,
2394 3721 2571 3767 totum
2620 3726 2956 3782 gemmeum,
3009 3717 3185 3764 totum
3213 3723 3277 3763 ex
3312 3707 3533 3779 pietatis

263 3802 560 3864 saccbaro,
589 3817 653 3856 ac
683 3803 992 3858 devotionis
1023 3802 1180 3858 melle
1210 3813 1584 3873 compactum.
1617 3821 1681 3858 ex
1714 3820 1848 3874 quo,
1881 3818 2049 3874 quam
2080 3801 2415 3857 aﬂ‘eetuosus
2455 3799 2624 3854 fuerit
2663 3799 2910 3854 auctoris
2953 3797 3008 3853 in
3040 3797 3267 3865 Mariam
3311 3797 3529 3868 genius,

265 3898 439 3952 quam
491 3885 812 3954 ingeniosus
861 3885 1110 3952 allectus,
1137 3895 1192 3941 et
1229 3903 1395 3957 quam
1445 3904 1617 3956 purus
1651 3904 1716 3943 ac
1747 3888 1966 3946 fervens
2015 3907 2172 3945 amor
2223 3889 2666 3946 luculentissime
2695 3887 2895 3943 elucet.
2948 3886 3080 3941 Dico
3124 3901 3248 3941 esse
3277 3885 3528 3940 omnium

267 3987 492 4042 semper
527 3974 891 4028 immaculata:
923 3975 1168 4045 Virginis
1199 3975 1576 4030 studiosorum
1613 3976 1870 4031 manibus
1908 3976 2220 4041 terendum,
2253 3975 2593 4044 iudiciisque
2633 3973 3002 4043 probandum,
3035 3987 3160 4027 cum
3190 3971 3244 4026 in
3280 3971 3528 4024 omnium

265 4063 474 4120 animis
522 4065 777 4135 pietatem
823 4081 947 4138 erga
995 4079 1216 4137 semper
1253 4075 1309 4121 et
1351 4066 1612 4122 onmibus
1661 4067 1841 4122 modis
1882 4065 2453 4120 immaculatissiinam
2503 4061 2784 4135 Virginem
2827 4062 3136 4132 Deiparam,
3191 4076 3298 4116 non
3350 4061 3528 4116 solum

266 4148 463 4209 fovere
498 4156 592 4209 sed
627 4169 829 4225 augere
856 4171 962 4208 non
994 4171 1189 4225 parum
1228 4155 1439 4221 valeat;
1471 4170 1596 4208 cum
1632 4155 1755 4209 duri
1800 4170 2030 4225 prorsus
2060 4169 2124 4209 ac
2155 4153 2352 4224 lapidei
2384 4152 2572 4210 cordis
2604 4153 2698 4218 sit,
2730 4153 2824 4223 qui
2864 4167 2931 4207 eo
2962 4153 3104 4207 lecto
3138 4166 3245 4206 non
3275 4151 3529 4206 emollia-

265 4250 382 4305 tur,
409 4251 464 4296 et
485 4241 555 4296 ad
583 4241 831 4314 Magnam
865 4240 960 4297 Dei
986 4241 1212 4297 Matrem
1240 4242 1523 4297 ardentius
1547 4243 1842 4297 amandum
1877 4258 1985 4297 non
2017 4242 2309 4297 excitetur.
2343 4242 2476 4296 Dico
2501 4255 2627 4297 esse
2655 4239 2992 4296 ditissimum
3031 4239 3524 4310 Gazopbylacium,

268 4327 578 4384 innumeris
627 4328 997 4384 Marianarum
1051 4329 1278 4385 laudum
1328 4341 1383 4383 et
1423 4332 1822 4401 prteeoniorum
1872 4332 2097 4388 talentis
2152 4330 2581 4386 refertissimum
2627 4328 3080 4402 :pretiossimam
3141 4327 3525 4382 Aurifodinam

266 4418 445 4472 sacris
478 4417 724 4487 Dciparae
752 4435 851 4488 pro
879 4419 1148 4475 concione
1182 4420 1650 4475 declamatoribus
1683 4421 1908 4476 uberem
1939 4421 2290 4490 virginalium
2327 4420 2710 4476 encomiorum
2747 4417 3035 4473 materiam
3071 4415 3477 4472 ministrantem
3507 4435 3524 4471 :

265 4512 434 4573 atque
473 4505 952 4576 incomparabilem
1007 4506 1395 4574 Thesaurum,
1435 4525 1541 4563 non
1573 4525 1637 4564 ex
1674 4524 1870 4578 magna
1903 4509 2022 4563 auri
2069 4509 2152 4564 vel
2185 4508 2399 4579 argenti
2447 4509 2522 4574 vi,
2576 4521 2875 4578 rerumque
2930 4505 3304 4577 pretiosarum
3341 4505 3524 4575 copia,

264 4594 362 4645 sed
395 4609 462 4647 ex
499 4593 698 4664 amplis
725 4597 1068 4665 summisque
1103 4595 1346 4665 Deiparze
1373 4597 1614 4668 Virginis
1649 4598 1849 4668 opibus
1883 4597 2300 4652 allluentissime
2333 4604 2679 4668 congestum.
2715 4595 2792 4651 De
2821 4609 2932 4664 quo
2959 4595 3182 4665 quidem
3217 4609 3528 4664 operejure

265 4680 470 4733 merito
497 4681 553 4734 in
585 4681 760 4751 ipsius
790 4682 1017 4754 Josephi
1050 4682 1169 4737 Vita
1199 4681 1443 4739 Joannes
1477 4682 1686 4754 Magna:
1715 4684 1806 4740 Dei
1839 4685 2088 4741 ecclesiae
2128 4685 2398 4740 diaconus
2428 4697 2483 4740 et
2511 4694 2700 4739 orator
2728 4684 2784 4738 in
2815 4684 2963 4738 hunc
3003 4683 3227 4737 modum
3261 4683 3480 4752 scripsit
3509 4700 3522 4735 :

268 4765 367 4821 Est
394 4769 659 4837 quispiam
706 4771 930 4840 rigidus,
960 4788 1025 4826 ac
1062 4773 1251 4838 durus,
1288 4781 1444 4850 atqu;
1477 4773 1545 4825 ad
1583 4773 1848 4844 lacrymas
1894 4771 2240 4842 e/fundendas
2270 4773 2524 4842 ineptus?
2565 4772 2923 4828 Suavissimas
2956 4771 3211 4826 melodias
3236 4787 3268 4824 a
3294 4769 3525 4840 Joseplto

264 4857 496 4923 scriptas
523 4859 577 4911 in
616 4857 880 4928 Virginem
907 4877 968 4914 ac
999 4860 1092 4915 Dei
1120 4861 1361 4927 Matrem,
1397 4878 1516 4932 qua:
1558 4861 1902 4931 ine/)‘abiliter
1951 4859 2174 4915 Verbum
2214 4863 2472 4932 concepit,
2523 4863 2740 4916 assidue
2788 4861 2982 4930 legens,
3005 4869 3055 4914 et
3097 4859 3407 4924 decantatis,
3439 4859 3523 4912 la-

265 4959 572 5013 crymaram
607 4947 781 4999 maria
831 4946 1000 5015 plenis
1031 4950 1196 5002 ocu'is
1226 4949 1478 5018 effundet,
1509 4959 1558 5002 et
1601 4957 1769 5003 mente
1803 4947 2028 5018 collique
2073 4948 2248 5016 factus
2280 4949 2630 5003 immateriali
2669 4965 2826 5002 sensu
2860 4946 3232 5016 spiritualibus
3265 4962 3522 5013 compun-

267 5032 464 5084 ctionis
489 5031 694 5087 deliciis
728 5034 1050 5103 perfruetur.
1087 5033 1186 5091 Ha!
1208 5045 1385 5088 autent
1416 5036 1656 5091 melodiae
1687 5044 1946 5090 sexcenta:
1973 5047 2116 5098 sunt.
2151 5052 2268 5107 qua:
2297 5035 2361 5090 ab
2387 5053 2446 5090 eo
2472 5037 2634 5090 variis
2661 5033 3169 5089 commutationibus
3194 5042 3244 5086 et
3269 5049 3521 5086 sonorum

265 5119 681 5187 concisionibus,
711 5122 972 5192 variisque
997 5121 1362 5192 rhythmorum
1393 5123 1707 5192 di/ferentiis
1741 5125 2072 5195 compositas,
2099 5123 2433 5178 dulcedinem
2459 5125 2855 5194 quodammodo
2888 5131 3048 5192 atque
3093 5122 3309 5177 odorem
3342 5122 3520 5174 suaui-
3572 5125 3577 5131 '

269 5206 400 5259 tatis
449 5195 830 5264 aromatizant.
869 5207 960 5264 Sic
993 5209 1104 5264 ille.
1149 5209 1334 5272 Certe,
1382 5211 1558 5265 amice
1605 5211 1822 5276 Lector,
1853 5213 1902 5268 si
1945 5215 2012 5269 ad
2053 5230 2119 5270 ea
2156 5230 2279 5284 qme
2305 5230 2336 5268 a
2371 5213 2429 5269 S.
2467 5211 2711 5282 Josepbo
2744 5211 3174 5282 llyinnographo
3203 5213 3302 5266 tibi
3330 5211 3385 5266 in
3417 5211 3522 5265 hoc

263 5307 437 5361 opere
465 5294 820 5359 exhibentur,
849 5295 1074 5367 legenda
1109 5295 1352 5350 animum
1391 5297 1694 5368 oculosque
1744 5300 1996 5370 adjicies,
2031 5312 2216 5358 certus
2245 5302 2472 5356 omnino
2511 5318 2633 5355 sum
2681 5303 2748 5355 de
2781 5312 2872 5357 tua
2909 5310 3032 5371 post
3065 5303 3409 5373 degustatam
3444 5300 3519 5355 ibi

270 5382 530 5437 latentem
571 5383 915 5438 dulcedinem
952 5385 1006 5440 in
1043 5383 1273 5454 legendo
1328 5388 1756 5455 perseverantia,
1812 5405 1915 5446 nec
1947 5390 2138 5445 dubito
2185 5397 2238 5444 te
2291 5389 2603 5453 hujusmodi
2657 5389 2894 5444 lectione
2923 5389 2978 5444 in
3011 5389 3164 5445 cultu
3219 5403 3520 5458 amoreque

273 5467 519 5542 Virginis
558 5474 963 5542 augustissima:
994 5471 1337 5544 Deiparentis
1369 5474 1615 5544 pristina:
1645 5477 1863 5545 pietatis
1891 5477 2255 5548 magnitudini
2293 5493 2509 5542 semper
2541 5478 2746 5548 aliquid
2790 5478 3129 5533 additurum.
3167 5477 3389 5534 Interim
3422 5492 3520 5548 pro

267 5556 378 5613 hoc
413 5558 474 5613 S.
509 5556 734 5629 Josephi
761 5575 949 5631 opere,
981 5561 1128 5632 quod
1161 5561 1254 5616 tibi
1286 5561 1340 5616 in
1373 5563 1661 5630 praesentia
1689 5563 1946 5630 exhibeo,
1976 5575 2032 5621 et
2064 5580 2163 5636 pro
2185 5565 2312 5620 aliis
2341 5567 2507 5621 etiam
2546 5565 2643 5620 SS.
2683 5567 2906 5620 Patrum
2933 5566 2988 5620 in
3020 5565 3236 5621 laudem
3272 5563 3518 5634 Deiparte

269 5644 522 5718 Virginis.
559 5650 998 5719 praeclarissimis
1029 5651 1419 5717 monumentis,
1447 5666 1588 5722 quae,
1616 5652 1662 5708 si
1687 5651 1832 5708 Deus
1862 5651 2031 5707 vitam
2059 5653 2227 5716 vires,
2256 5661 2422 5723 atque
2454 5654 2626 5706 otium
2660 5653 2791 5708 dare
2818 5661 3030 5724 pergat,
3065 5652 3162 5708 tibi
3188 5652 3517 5723 quantocius

264 5737 622 5793 exbibiturus
645 5753 791 5802 sum,
818 5754 1006 5809 preces
1024 5749 1148 5794 tuas
1173 5739 1315 5811 apud
1341 5739 1509 5796 Deum
1537 5749 1591 5798 et
1614 5740 2022 5798 sanctissimam
2051 5740 2171 5812 ejus
2200 5739 2487 5796 Parcutem
2509 5738 2788 5812 Virginem
2815 5740 3062 5805 Mariam,
3090 5739 3514 5809 modestissime,

264 5825 366 5880 sed
407 5825 808 5896 instantissime
838 5827 1080 5896 requiro.
1115 5824 1264 5883 Vale.

340 5939 424 6006 (η)
455 5937 586 5992 Vide
611 5953 776 6006 supra
805 5938 910 5994 col.
948 5938 1075 5998 931.
