3978 6648
347 468 456 532 985

1762 475 2131 538 MARIALE.

2682 367 2737 383 ἢ

3510 474 3618 540 986

352 580 589 644 καθίσας
658 580 825 650 σαρκὶ
886 581 915 635 ό
948 579 1277 654 ὗπερούσιος
1323 582 1451 649 τοὺς
1483 583 1827 655 καθημένους
1871 589 1920 640 ὲν

2045 591 2210 647 simus
2260 596 2368 653 est,
2400 601 2435 643 ο
2461 585 2657 658 Virgo;
2685 582 2738 638 in
2768 595 2878 655 quo
2938 580 3028 637 ille
3066 580 3265 637 sedens
3304 585 3611 639 secundum

351 673 536 726 σκότει
562 673 859 741 ἀπωλείας,
891 674 1106 745 ἐγερεῖς
1146 674 1286 747 πρὸς
1322 674 1580 745 γνώσεως
1622 676 1742 747 φῶς
1797 680 1936 749 ἀγα·-

348 762 558 834 θότητι.

1030 874 1151 948 ᾮδὴ
1192 873 1261 944 τ’.

436 986 501 1041 Ἥ
525 988 595 1060 γῆ
628 990 661 1060 ή
704 990 1064 1061 κατάκαρπος
1104 992 1171 1045 ὲκ
1217 991 1321 1061 γῆς
1346 991 1602 1063 ἀκάρπου
1648 998 1932 1064 γεννᾶται.

347 1083 475 1153 ἥτις
503 1085 905 1156 καρπογονήσει
959 1084 1052 1138 τὸν
1093 1085 1342 1156 γεωργὸν
1390 1086 1502 1140 τῶν
1552 1088 1794 1158 ἀγαθῶν,
1836 1091 1935 1145 καὶ

350 1175 638 1247 ζωηφόρον
675 1178 918 1249 ἀσταχυν
941 1178 1036 1232 τὸν
1071 1179 1344 1250 τρέφοντα
1375 1181 1587 1246 πάντας
1631 1182 1764 1255 θείῳ
1812 1183 1934 1238 νεύ-

347 1284 507 1338 ματι.
1510 1306 1513 1307 ,

420 1362 670 1434 Σήμερον
698 1363 1001 1436 ἐϐλάστησε
1047 1366 1149 1437 τῆς
1190 1367 1553 1441 παρθενίαςή
1605 1371 1822 1444 ῥάϐδος,
1869 1374 1930 1443 ἐξ

344 1446 415 1523 ἧς
439 1454 664 1526 ἀνθήσει
689 1455 849 1520 ἀνθος
875 1458 904 1510 ό
932 1458 1236 1528 φυτουργὸς
1264 1461 1423 1531 ήμῶν
1444 1462 1598 1527 Θεὸς,
1621 1466 1689 1518 τὰ
1712 1467 1927 1539 πονηρά

347 1544 705 1617 βλαστήματα
725 1547 1048 1618 ἀποτέμνων
1076 1549 1225 1622 ἄκρᾳ
1252 1552 1571 1624 ἀγαθότητι.

429 1638 525 1691 ἰδὲ
541 1639 601 1693 τὸ
621 1639 915 1706 ἀλάξευτον
935 1642 1061 1711 ὅρος
1080 1643 1146 1697 ὲκ
1174 1645 1383 1715 πέτρας
1409 1646 1607 1713 ἀγόνου
1627 1648 1930 1720 ἀπο-τεχθὲν

342 1729 437 1782 τον
462 1728 607 1786 λίθον
628 1736 961 1804 καρπογονεῖ
986 1735 1197 1808 νοητὸν,
1224 1736 1285 1801 ὃς
1309 1739 1605 1810 συντρισήν
1626 1742 1927 1813 ἐργάσεται

344 1823 454 1877 τῶν
484 1822 690 1891 ξοάνων
719 1826 937 1882 πάντων
962 1827 1058 1883 τοῦ
1084 1829 1407 1903 ἀλάστορος.

415 1996 602 2069 Νόμου
625 2002 1071 2076 προχαράγματά
1097 2023 1158 2061 σε
1188 2008 1593 2081 προεδήλωσαν,
1624 2010 1806 2083 Κόρη*
1836 2012 1929 2068 τδν

345 2088 659 2165 Νομοδότην
691 2096 754 2149 σὺ
787 2095 897 2169 γὰρ
928 2098 1177 2169 νομίμων
1205 2100 1328 2171 δίχα
1372 2103 1432 2155 ἐν
1470 2104 1671 2175 γαστρὶ
1723 2122 1924 2175 κυοφο-

345 2184 482 2254 ρεῖς,
517 2185 791 2257 τηροῦντα
815 2204 873 2242 σε
897 2189 1039 2262 ὑπὲρ
1070 2190 1228 2261 λόγον
1251 2193 1512 2264 ἄφθορον,
1548 2196 1837 2267 ἀμίαντον.

1027 2457 1147 2530 ᾮδῆ
1175 2457 1239 2513 δ’·

430 2568 740 2641 ’Υπερτέρα
772 2569 883 2625 τῶν
917 2573 1165 2641 ἀγγέλων
1195 2572 1287 2628 ἐπὶ
1334 2573 1440 2645 γῆς
1491 2575 1629 2648 κόρη
1660 2576 1926 2645 τίκτεται,

344 2660 403 2715 ὲν
437 2662 714 2735 ἁγιωσύνῃ
762 2660 897 2719 οὖσα
936 2668 1032 2721 καὶ
1083 2666 1353 2739 καθάρσει
1387 2669 1742 2742 ἀσύγκριτος,
1804 2672 1929 2743 ¹ἥτις

343 2756 447 2826 τὴν
475 2756 744 2828 κάθαρσιν
802 2760 1021 2814 πάντων
1067 2762 1300 2833 Χριστὸν
1338 2762 1579 2831 τέξεται,
1636 2765 1926 2838 ἀγιότητα,

344 2846 443 2900 καὶ
482 2848 720 2919 παντελῆ
754 2849 1157 2921 ἀπολύτρωσιν.

416 2939 679 3011 Μακαρία
731 2942 764 3012 ή
813 2942 991 2997 κοιλία
1027 2945 1060 3015 ή
1093 2944 1192 3015 τῆς
1232 2945 1433 3019 Ἀννης
1460 2948 1752 3019 γεγένηται
1778 2965 1793 2980 θ
1829 2948 1929 3021 τὴν

345 3030 456 3099 γὰρ
483 3032 540 3084 ὲν
589 3032 769 3105 κοιλίᾳ.
827 3033 1128 3103 μέλλουσαν
1161 3039 1358 3107 χωρεῖν
1396 3038 1488 3091 τὸν
1525 3039 1799 3111 μακάριον
1834 3041 1929 3094 καὶ

349 3121 428 3193 μὴ
492 3124 840 3195 χωρούμενον
901 3128 1075 3196 Λόγον
1121 3128 1515 3200 ἀπεγέννησεν,
1565 3131 1929 3204 άναγέννησιν

347 3214 485 3268 πᾶσι
521 3219 733 3279 πιστοῖς
762 3219 1162 3289 παρεχόμενον.

2039 694 2258 737 carnem
2299 679 2351 749 2
2388 693 2487 734 eos
2534 676 2628 747 qui
2672 677 2725 730 in
2778 673 3102 746 perditionis
3153 674 3397 731 tenebris
3426 675 3620 731 sedent.

2036 771 2297 826 excitabit
2315 770 2383 825 ad
2405 770 2583 827 lucem
2604 768 2844 825 scientia:
2870 776 3090 838 propter
3110 766 3413 823 bonitatem
3435 785 3613 825 suam.

2714 880 2825 938 Ode
2851 880 2886 935 ὅ

2091 999 2227 1055 Mira
2258 999 2585 1055 fecunditate
2627 995 2853 1067 praedita
2904 1005 3047 1050 terra
3091 1010 3157 1051 ex
3182 1004 3323 1050 terra
3372 996 3618 1051 nascitur

2034 1090 2358 1155 infecunda;
2388 1098 2443 1144 et
2469 1086 2921 1144 fecundissimum
2960 1084 3205 1141 fructum
3231 1086 3437 1156 gignet,
3470 1086 3617 1154 agri-

2034 1183 2210 1240 colam
2234 1181 2443 1237 scilicet
2472 1180 2776 1245 bonorum;
2808 1186 2863 1234 et
2894 1177 3102 1248 spicam
3130 1178 3258 1233 vita:
3305 1178 3614 1232 allatricem

2032 1291 2153 1346 quae
2176 1274 2351 1330 nutrit
2383 1287 2577 1328 omnes
2604 1271 2785 1327 divina
2812 1271 3116 1325 voluntate.

2102 1365 2397 1421 Pullulavit
2413 1363 2572 1419 hodie
2591 1362 2739 1433 virga
2756 1361 3104 1432 virginitatis,
3122 1378 3188 1416 ex
3218 1377 3325 1432 qua
3346 1363 3446 1419 flos
3463 1366 3615 1420 emo-

2030 1458 2173 1514 rebit
2204 1465 2356 1514 sator
2377 1466 2565 1512 noster
2591 1454 2756 1518 Dens,
2788 1454 2883 1523 qui
2908 1454 3049 1507 mala
3079 1454 3327 1524 germina
3357 1459 3618 1515 rescindit

2030 1558 2253 1622 propter
2281 1561 2551 1604 summam
2583 1544 2887 1600 bonitatem
2919 1558 3099 1599 suam.

2104 1638 2236 1696 Vide
2283 1638 2556 1710 quomodo
2610 1653 2770 1693 mons
2805 1653 2836 1692 a
2891 1636 3125 1706 lapicida
3185 1636 3443 1706 intactus,
3476 1651 3530 1695 et
3584 1656 3616 1697 a

2030 1743 2185 1807 petra
2239 1728 2412 1788 sterili
2485 1738 2686 1797 natus,
2735 1730 3159 1789 intellectualem
3214 1733 3446 1805 lapidem
3497 1732 3618 1788 fru-

2029 1823 2260 1889 ctificat,
2286 1822 2379 1893 qui
2408 1822 2665 1877 universa
2697 1822 3080 1892 superbissimi
3116 1826 3292 1887 hostis
3321 1826 3617 1882 simulacra

1962 1956 2004 2012 B
2032 1916 2363 1985 confringet.

2104 2008 2509 2079 Expresserunt
2561 2015 2613 2062 te
2658 2017 2786 2064 ante
2846 2008 2984 2081 legis
3033 2009 3485 2081 prazsignationes
3523 2049 3541 2073 ,
3581 2024 3615 2063 ο

2032 2100 2216 2155 Puella
2246 2117 2259 2154 :
2288 2098 2489 2155 etenim
2515 2106 2712 2168 praeter
2743 2109 3063 2154 consuetum
3088 2116 3295 2155 morem
3318 2097 3617 2170 Legislato-

2033 2205 2147 2246 rem
2174 2189 2227 2243 in
2260 2197 2418 2244 utero
2446 2197 2779 2257 conceptum
2813 2200 3015 2258 gestas,
3050 2190 3142 2259 qui
3176 2199 3229 2244 te
3250 2205 3416 2259 supra
3444 2188 3617 2243 ratio-

2033 2283 2118 2338 nis
2144 2292 2385 2352 captum,
2411 2282 2788 2352 incorruptam
2818 2290 2986 2355 atque
3036 2282 3447 2338 immaculatam
3477 2296 3615 2338 con-

2031 2382 2240 2431 εθιδνοι.

2729 2461 2844 2520 Ode
2871 2462 2927 2520 ὁ.

2102 2574 2286 2647 Longe
2318 2576 2527 2646 angelis
2556 2576 2850 2633 sublimior
2874 2576 3053 2648 puella
3084 2576 3329 2633 nascitur
3355 2576 3411 2632 in
3438 2586 3616 2644 terra;

2030 2683 2155 2739 quae
2202 2668 2258 2723 in
2303 2670 2599 2725 sanctitate
2648 2678 2702 2725 et
2753 2669 2993 2740 puritate
3023 2678 3108 2725 est
3145 2668 3618 2740 iucomparabilis,

2030 2768 2083 2815 et
2116 2775 2238 2829 qua!
2287 2759 2564 2816 Christum
2625 2760 2842 2831 pariet,
2895 2760 3143 2816 omnium
3190 2759 3568 2831 purgationem
3596 2797 3615 2825 ,

2030 2852 2541 2917 sanetillcationem,
2566 2863 2621 2908 et
2652 2852 2947 2923 perfectam
2979 2853 3435 2923 redemptionem.

2101 2942 2285 3000 Laetus
2310 2959 2375 3000 ac
2391 2944 2584 3000 beatus
2608 2945 2778 2999 Annae
2803 2954 2993 2999 uterus
3019 2943 3246 3000 effectus
3263 2954 3381 3009 est;
3409 2943 3614 2999 etenim

2030 3038 2176 3094 illam
2199 3039 2499 3109 generavit,
2534 3053 2657 3108 quae
2696 3036 2930 3092 Verbum
2960 3036 3204 3102 beatum,
3235 3035 3379 3106 quod
3411 3050 3443 3090 a
3469 3034 3616 3089 nulla

2030 3148 2090 3189 re
2120 3133 2238 3203 capi
2271 3140 2468 3202 potest,
2510 3139 2675 3200 atque
2727 3128 2987 3185 omnibus
3021 3128 3273 3183 fidelibus
3311 3142 3609 3199 regenera-

2029 3223 2233 3278 tionem
2276 3221 2575 3291 praestabit,
2601 3219 2655 3273 in
2683 3228 2838 3274 utero
2871 3233 2972 3273 suo
2998 3217 3325 3273 continebit.

418 3306 534 3359 Νῦν
568 3309 596 3361 ό
632 3305 795 3376 ζόφος
833 3308 933 3378 τῆς
963 3310 1163 3375 κακίας
1193 3310 1550 3382 ὲκμειοῦσθαι
1577 3314 1919 3386 ἀπάρχεται·

2099 3314 2231 3369 Atra
2259 3314 2477 3368 malitiae
2492 3314 2665 3382 caligo
2684 3327 2830 3366 nunc
2847 3310 3040 3380 incipit
3058 3308 3310 3364 imminui
3332 3325 3347 3374 ;
3371 3308 3614 3365 animata

342 3398 378 3468 ή
404 3397 516 3470 γὰρ
540 3398 634 3453 τοῦ
652 3400 803 3472 ήλίου
833 3401 1076 3474 ἔμψυχος
1123 3405 1323 3475 νεφέλη
1348 3406 1597 3460 ἀνέτειλε·
1641 3424 1927 3479 στειρωτι-

344 3489 460 3545 κῶν
487 3492 553 3545 ἐκ
575 3492 818 3561 λαγόνων
843 3496 876 3567 ή
908 3497 1270 3569 πανάμωμος.
1322 3491 1391 3570 ἦς
1416 3497 1517 3571 τὴν
1545 3500 1800 3573 γέννησιν
1823 3500 1924 3571 τὴν

344 3585 612 3655 φωταυγῆ
638 3587 1011 3659 ὲορτάσωμεν.

428 3674 518 3741 Ὦς
561 3678 920 3750 κατάκαρπος
975 3678 1152 3747 ἐλαία,
1188 3682 1221 3753 ή
1271 3681 1336 3737 ὲκ
1371 3682 1529 3753 ῥίζης
1574 3683 1928 3755 βλαστήσασα

260 3834 267 3839 ι
354 3766 857 3840 Ὶεσσαὶ,Παρθένε,
896 3772 1066 3826 ΙΙἈννα
1103 3773 1163 3827 σὲ
1200 3774 1488 3845 βλαστάνει
1521 3776 1926 3846 βλαστάνουσαν

340 3859 434 3913 τὸν
459 3860 724 3932 ἐλεήμονα
750 3865 943 3932 Λόγον,
973 3859 1034 3920 οὗ
1078 3866 1141 3919 τὸ
1189 3865 1338 3933 ἕλεος
1383 3869 1479 3922 καὶ
1516 3870 1550 3942 ή
1578 3868 1808 3941 ἀλήθεια
1836 3871 1927 3925 διὰ

340 3954 545 4020 παντὸς
568 3957 990 4030 προπορεύεται.

1030 4073 1153 4146 ᾬδὴ
1184 4071 1249 4129 ε’.

413 4205 488 4262 Τὸ
511 4210 955 4283 ὲσφραγισμένον
993 4210 1091 4267 νῦν
1137 4211 1344 4284 βιϐλίον
1365 4213 1739 4280 ἀποτίκτεται,
1785 4215 1924 4286 ὅπερ

338 4301 713 4373 ἀναγνώσεται
759 4306 992 4371 ούδόλως
1023 4308 1239 4378 φύσεως
1272 4310 1422 4380 νόμῳ
1461 4308 1672 4380 βροτὸς,
1718 4312 1920 4381 τηρούο

344 4410 508 4463 μενον
530 4397 707 4465 Λόγου
736 4399 816 4462 είς
848 4399 1193 4469 κατοίκησιν,
1248 4400 1433 4465 καθὼς
1460 4402 1635 4473 βίϐλοι
1688 4402 1923 4474 προεδή-

338 4485 520 4540 λωσαν
543 4487 820 4561 θεηγόρων
846 4491 904 4543 ὲν
930 4492 1228 4564 Πνεύματι.

424 4577 489 4633 Ἥ
514 4580 756 4651 ἄμπελος
782 4585 1023 4656 σήμερον
1057 4587 1251 4657 ὲτέχθη
1287 4588 1319 4658 ὴ
1353 4588 1641 4659 σωτήριος,
1680 4588 1801 4660 ήτις
1830 4586 1922 4640 τὸν

2030 3408 2175 3463 enim
2209 3406 2341 3463 solis
2393 3405 2565 3461 nubes
2595 3414 2715 3460 orta
2742 3420 2810 3459 ex
2844 3402 3124 3459 sterilibus
3162 3401 3363 3457 lumbis
3392 3401 3481 3455 illa
3506 3403 3616 3457 sci-

2030 3499 2159 3555 licet
2190 3508 2301 3555 tota
2334 3496 2773 3568 immaculata“)
2810 3495 3008 3567 ;cnjus
3024 3494 3329 3567 fulgentem
3357 3495 3616 3550 nativita-

2031 3602 2139 3649 tem
2172 3591 2407 3648 solemni
2438 3592 2545 3646 ritu
2578 3590 2944 3647 celebremus.

2099 3687 2151 3757 3
2178 3685 2247 3742 Es
2269 3686 2416 3742 velut
2436 3685 2577 3740 oliva
2610 3683 2914 3747 fructifera,
2934 3697 2968 3737 ο
2994 3680 3182 3753 Virgo,
3203 3696 3324 3751 qua:
3346 3696 3412 3735 ex
3434 3680 3618 3735 radice

2028 3778 2182 3836 Jesse
2228 3779 2585 3850 germiuasti:
2617 3777 2778 3834 Anna
2828 3785 2879 3831 te
2922 3774 3185 3847 protulit,
3233 3789 3360 3829 mox
3406 3771 3616 3842 prodn-

2029 3882 2243 3929 ctnram
2274 3870 2511 3927 Verbum
2545 3871 2884 3936 misericors,
2905 3869 3051 3943 quod
3080 3881 3298 3937 semper
3324 3866 3615 3922 miserico-

2030 3965 2120 4020 dia
2151 3974 2205 4018 et
2230 3964 2434 4019 veritas
2465 3965 2803 4035 praecedunt.

2703 4074 2816 4129 Ode
2849 4072 2902 4127 5.

2095 4211 2253 4269 Nunc
2298 4211 2436 4267 liber
2473 4218 2723 4281 signatus
2768 4209 2996 4279 paritur,
3038 4223 3202 4279 quam
3259 4207 3411 4262 nullo
3444 4205 3608 4263 modo

2028 4307 2329 4363 secundum
2355 4314 2563 4360 naturae
2602 4305 2773 4373 legem
2804 4302 2948 4372 leget
2974 4302 3222 4358 mortalis
3250 4302 3437 4363 homo,
3474 4316 3602 4357 cum

2026 4407 2341 4455 reservatur
2392 4397 2460 4452 ad
2494 4395 2657 4451 Verbi
2694 4396 3115 4461 habitationem,
3141 4394 3609 4465 quemadmodum

2026 4501 2182 4547 antea
2211 4492 2335 4546 libri
2370 4490 2751 4561 theologorum
2785 4490 2837 4544 in
2867 4487 3074 4560 Spiritu
3113 4489 3551 4544 declaraverunt.

2098 4583 2238 4639 Vitis
2270 4582 2549 4639 salutifera
2578 4583 2737 4639 hodie
2758 4582 2884 4637 data
2927 4591 3031 4649 est,
3061 4597 3125 4637 ex
3157 4597 3266 4652 qua
3294 4583 3483 4636 botrus
3508 4580 3603 4635 ille

341 4672 620 4743 ἀκήρατον
667 4674 894 4746 ἀνθήσει
944 4677 1140 4749 βότρυν
1167 4678 1260 4732 τὸν
1307 4678 1451 4733 θεῖον
1496 4680 1723 4749 γλεῦκος
1776 4696 1915 4750 προ-

2051 4677 2462 4747 ncorruptibilis
2519 4676 2807 4740 ell'lorebit,
2869 4674 2964 4746 qui
3029 4674 3272 4730 divinum
3363 4682 3605 4729 mustu'u

341 4762 553 4830 χέοντα,
587 4764 645 4831 ἐξ
683 4759 746 4818 οὗ
777 4767 887 4829 πᾶς
913 4768 943 4819 ό
975 4769 1148 4821 πίνων
1179 4770 1459 4839 μυστικῶς
1489 4769 1641 4827 θείαν
1682 4771 1779 4825 καὶ¹
1814 4787 1922 4823 σω-

339 4856 533 4927 τήριον
563 4856 906 4932 εὐφροσύνην
955 4862 1328 4932 καρπώσεται.
1430 4843 1443 4851 μ

412 4949 778 5021 Σκιρτήσατε,
808 4953 1054 5022 ἄγγελοι,
1107 4954 1419 5024 ἀνθρώποις
1450 4956 1873 5028 συγχορεύοντες
1904 4971 1918 4987 ⁶

342 5041 585 5113 σήμερον
614 5044 678 5097 ὲκ
728 5045 948 5117 στείρας
1006 5048 1040 5117 ἡ
1094 5048 1368 5117 Παρθένος
1397 5049 1762 5119 ἀποτεχθεϊσα
1814 5048 1916 5120 τήν

328 5134 519 5213 ⁵λύπην
552 5136 780 5203 ἔπαυσε,
812 5141 906 5194 καὶ
936 5139 1350 5213 προοιμιάζεται
1380 5142 1557 5215 χαράν
1588 5145 1702 5208 τοῖς
1768 5162 1910 5198 παν-

333 5228 662 5299 ηγυρίζουσι
690 5231 787 5300 τὴν
820 5233 992 5304 αὐτῆς
1019 5233 1169 5289 θείαν
1199 5235 1468 5306 γέννησιν.

407 5317 563 5382 θεῖος
608 5321 976 5393 προδιεγραψε
1008 5324 1296 5397 προφήτης
1346 5325 1722 5397 προδηλότατα
1750 5327 1914 5398 τόμον

340 5425 402 5461 σε
458 5410 665 5477 καινὸν,
724 5415 781 5466 ὲν
845 5408 890 5484 ᾦ
938 5414 1188 5489 δακτύλῳ
1236 5417 1407 5486 Λόγος
1439 5416 1697 5488 πατρῴῳ,
1736 5418 1913 5489 Κόρη,

337 5664 349 5675 ,
414 5592 492 5661 (ι)
522 5594 766 5675 llaec__est
792 5598 1216 5675 yelutipropria
1252 5599 1315 5675 Β.
1353 5598 1592 5675 Virginis
1624 5610 1773 5662 nota.
1797 5615 1916 5675 qua

336 5665 457 5734 ipsa
485 5665 558 5739 ab
590 5668 714 5725 aliis
738 5669 864 5722 Adae
892 5665 1015 5724 filiis
1052 5665 1381 5737 secernitur,
1416 5665 1628 5727 scilicet
1664 5672 1809 5739 quod
1826 5665 1917 5726 'sit

337 5744 452 5789 tota
485 5736 854 5812 immaculata.
882 5740 1096 5812 Etcum
1128 5741 1195 5795 de
1224 5741 1324 5796 hac
1355 5756 1488 5796 voce
1527 5750 1640 5796 tota
1668 5736 1826 5812 quasi
1861 5742 1910 5796 in

305 5807 930 5884 .prorerbiumgahierit
957 5811 1360 5884 apudhomnes:
1394 5812 1497 5879 Qui
1535 5807 1707 5867 totum
1754 5812 1907 5877 dicit,

340 5874 475 5951 nihil
503 5891 583 5931 ex:
608 5880 763 5945 ludit,
798 5874 1069 5950 Joseph'us
1100 5880 1159 5935 Β.
1196 5874 1465 5951 Virginem
1510 5892 1677 5937 totum
1717 5874 1911 5935 imma-l

340 5944 579 6002 calatum
609 5944 907 6021 appellans,
930 5944 999 6007 'in
1043 5954 1190 6009 nulla
1221 5944 1340 6009 νίιῖε
1380 5964 1528 6023 parte
1569 5970 1688 6009 eam
1736 5953 1906 6009 fuisse

2022 4768 2324 4840 profundit,
2356 4770 2423 4825 de
2448 4786 2557 4841 quo
2588 4770 2840 4841 quisquis
2862 4768 3091 4841 mystice
3122 4767 3281 4833 bibit,
3309 4767 3510 4824 divinae
3537 4782 3605 4824 ac

2021 4864 2259 4921 salubris
2282 4864 2481 4921 laetitiae
2510 4864 2721 4919 fructus
2755 4863 3035 4935 percipiet.

2094 4958 2303 5014 Movete
2336 4958 2589 5021 choreas,
2618 4974 2651 5013 ο
2699 4958 2876 5025 angeli
2909 4955 3249 5011 exsultantes
3286 4952 3451 5009 simul
3479 4966 3602 5005 cmn

2023 5052 2361 5109 hominibus.
2412 5051 2582 5107 Hodie
2616 5067 2679 5105 ex
2706 5050 2876 5105 sterili
2915 5048 3082 5118 Virgo
3108 5057 3259 5115 nata,
3310 5060 3603 5102 mmrorem

2019 5146 2347 5208 eliminavit,
2387 5155 2442 5201 et
2468 5145 2793 5216 principium
2828 5141 3194 5197 deditlzetitiae
3224 5141 3293 5195 iis
3328 5139 3423 5210 qui
3466 5136 3610 5193 divi-

2022 5253 2147 5292 nam
2182 5237 2327 5292 illius
2352 5236 2693 5292 Nativitatem
2733 5235 3142 5290 concelebrant.

2080 5331 2341 5387 lndicavit
2370 5338 2422 5386 te
2444 5339 2569 5386 ante
2595 5330 2810 5385 divinus
2828 5328 3092 5398 propheta
3119 5323 3600 5388 manifestissime.

2025 5423 2281 5478 volumen
2315 5436 2519 5478 novum
2556 5430 2608 5477 te
2627 5421 2932 5492 appellans,
2954 5435 2989 5475 ο
3012 5418 3199 5474 Puella
3235 5436 3249 5474 :
3284 5417 3338 5472 in
3368 5430 3479 5489 quo
3502 5431 3598 5487 pa-

2016 5599 2345 5675 macttlatant
2409 5600 2654 5675 profecto
2720 5599 2915 5675 voluit.
2976 5595 3209 5675 Macula:_
3245 5588 3595 5675 enim‘njhil

2015 5670 2193 5727 inesse
2226 5671 2385 5726 debet
2410 5666 2515 5731 illi.
2552 5672 2647 5739 qui
2684 5685 2789 5724 non
2821 5671 2873 5723 in
2907 5676 3077 5739 parte,
3117 5666 3210 5739 sed
3248 5666 3302 5718 in
3353 5670 3466 5739 toto
3497 5666 3595 5715 im-

2013 5741 2318 5796 maculatus
2348 5753 2451 5797 est.
2483 5734 2619 5797 Cum
2659 5742 2821 5810 igitur
2857 5734 2921 5792 Β.
2948 5736 3111 5808 Virgo
3145 5737 3216 5791 sit
3250 5742 3363 5788 tota
3395 5734 3593 5810 imma-

2010 5811 2234 5884 culata,
2255 5811 2433 5881 quoad
2473 5822 2646 5867 totum
2679 5802 2803 5865 rita:
2840 5825 2954 5884 sure
2984 5802 3220 5884 tempus,
3255 5815 3420 5874 atque
3451 5802 3589 5884 adeo

2006 5882 2170 5935 etiam
2225 5878 2286 5936 in‘
2320 5884 2438 5952 ipso
2484 5891 2772 5951 conceptu,
2828 5882 2922 5949 qui
2969 5891 3050 5936 est
3102 5878 3370 5949 cujusque
3413 5878 3619 5951 primn‘

2008 5967 2154 6017 pars,
2182 5954 2367 6010 debuit
2391 5971 2509 6011 cssc
2534 5954 2904 6009 immaculata.
