3978 6580
244 409 348 476 989

1646 416 2025 479 MARIALE.‘

3385 415 3492 479 900

242 523 584 595 γεννήτορες,
604 522 703 594 τὴν
735 525 1103 581 συλλαϐοῦσαν
1155 526 1308 592 Θεὸν,
1363 527 1456 583 τὺν
1508 533 1814 586 καταπλου-

1943 532 2312 604 .equisierunt,
2344 547 2465 601 qua:
2494 531 2791 601 concepisti
2840 530 3008 585 Deum
3071 529 3332 584 ditantem
3379 548 3492 583 ιιιιι-

241 619 476 685 τήσαντα
532 617 759 688 δωρεαῖς
788 618 1060 690 κρείττοσι
1104 621 1231 684 τοὺς
1260 620 1701 691 κραυγάζοντας’
1753 624 1811 678 Ὀ

238 710 348 763 τῶν
375 710 627 780 πατέρων
657 711 861 781 Κύριος
888 712 982 766 καὶ
1007 711 1165 778 Θεὸς,
1199 713 1494 783 εὐλογητὸς
1522 711 1595 768 εἴ.

311 802 373 855 Oi
422 801 617 873 μασθοί
671 820 767 855 σου
828 803 968 875 ὑπὲρ
1012 802 1152 858 οἶνον
1208 805 1584 872 ἀγαθώτατον,
1647 808 1816 863 ¹Ἄννα

240 893 518 961 θεόκλητε,
537 893 617 946 ὃτι
634 893 860 963 μασθοῖς
877 895 1103 964 ἀγαθοῖς
1123 895 1221 967 τὴν
1236 897 1325 949 τὸν
1343 897 1694 966 ἀγαθώτατον
1712 900 1817 954 A6-

238 1006 332 1056 γον
353 988 664 1057 θηλάσασαν
689 990 752 1042 σὺ
776 989 1072 1061 ἐθήλασας,
1107 992 1197 1046 τὸν
1213 993 1449 1064 χορηγὸν
1480 993 1575 1048 τοῦ
1642 993 1818 1063 γάλα-

238 1098 365 1143 κτος
425 1081 521 1133 καὶ
543 1082 711 1152 πνοῆς
738 1082 945 1153 τροφέα
981 1084 1185 1152 πάσης.

310 1171 535 1241 Σκίρτα,
562 1171 726 1245 κροῦε
764 1173 866 1244 τὴν
899 1176 1127 1247 κινύραν
1172 1194 1291 1242 σου,
1349 1177 1670 1232 θεόπνευστε
1714 1180 1803 1233 Δα·

239 1262 349 1327 ὅὶδ,
378 1264 475 1315 καὶ
536 1264 768 1335 χόρευε’
829 1267 1136 1336 ήκιὸωτὸς
1179 1268 1288 1338 γὰρ
1350 1269 1460 1323 ἰδοὺ
1529 1270 1597 1340 ἢν
1648 1268 1817 1323 πάλαι

242 1355 636 1425 προήγγειλας,
670 1359 733 1410 ἐκ
764 1358 1153 1427 στειρευούσής
1176 1360 1413 1431 γαστρὸς
1456 1360 1815 1433 προελήλυθε,

241 1448 319 1518 τῷ
353 1448 573 1502 Βασιλεῖ
602 1450 699 1521 τῆς
735 1450 963 1515 κτίσεως
977 1452 1071 1505 καὶ
1086 1452 1206 1524 Θεῷ
1259 1455 1631 1525 τετηρημένη.

892 1564 1019 1636 se
1064 1564 1139 1636 η’-

310 1680 638 1749 Κινήσωμεν
668 1680 914 1750 γλῶτταν
940 1682 1231 1753 ὑμνῳδίαις,
1266 1684 1325 1737 τὸ
1358 1683 1502 1738 θεῖον
1529 1683 1814 1753 γενέθλιον

239 1771 591 1843 γεραίροντες
620 1772 718 1843 τῆς
757 1771 851 1825 τὸν
884 1773 1269 1846 ὑπερύμνητον
1301 1774 1476 1843 Λόγον
1521 1776 1615 1827 καὶ
1645 1775 1818 1847 ὑπέρ-

1921 627 2148 682 lioribus
2173 625 2336 680 donis
2382 640 2477 678 eos
2507 625 2599 695 qui
2634 626 2907 680 clamant:
2943 622 3087 679 Deus
3130 639 3194 677 ac
3229 623 3494 678 Dominus

1921 729 2161 789 patrum,
2206 717 2524 772 hcnedittus
2555 733 2636 773 es.

1976 813 2020 865 A
2046 811 2151 865 Deo
2179 824 2367 865 vocata
2402 812 2554 865 Anna
2575 849 2591 874 ,
2629 811 2852 865 meliora
2874 820 3000 865 sunt
3025 811 3190 864 tthera
3218 818 3308 863 tua
3329 810 3455 861 vino
3479 826 3495 871 ;

1921 912 1977 958 ttt
2006 904 2150 957 enim
2174 904 2322 957 illam
2368 903 2606 965 lactasti,
2631 919 2753 972 qua:
2800 903 2959 959 bonis
2995 904 3253 957 uberibus
3276 902 3498 955 lactavit

1919 997 2184 1066 optimum
2213 994 2472 1059 Verbum,
2496 1006 2769 1052 auctorem
2796 997 2973 1062 lactis,
2995 1005 3050 1050 et
3077 997 3255 1050 omnis
3274 997 3500 1065 spiritus

1920 1088 2267 1146 nutritorem.

1973 1180 2218 1243 Exsulta,
2256 1195 2289 1234 ο
2324 1180 2488 1234 David
2509 1164 2544 1234 Aa
2578 1179 2687 1235 Deo
2722 1182 3013 1251 inspirate;
3043 1190 3263 1251 percute
3292 1180 3489 1251 cytha-

1921 1289 2036 1328 ram
2066 1283 2238 1339 tuam,
2268 1282 2323 1327 et
2350 1274 2615 1343 tripudia;
2638 1290 2765 1329 ecce
2798 1275 2941 1328 enim
2977 1276 3136 1338 Area,
3168 1289 3331 1344 quam
3364 1274 3496 1326 olim

1924 1366 2325 1436 prmuuntiasti,
2365 1382 2429 1421 ex
2463 1376 2617 1420 utero
2649 1367 2820 1420 sterili
2871 1366 3153 1433 processit,
3187 1366 3315 1435 [tegi
3340 1380 3499 1418 erea-

1922 1466 2171 1512 turarum
2226 1457 2474 1513 omnium
2508 1473 2571 1512 ac
2609 1459 2719 1513 Deo
2747 1466 3048 1512 reservata.

2621 1571 2734 1626 Ode
2764 1570 2816 1625 8.

1979 1684 2115 1739 Cum
2172 1683 2499 1755 hymnorum
2572 1676 2800 1737 canticis
2864 1682 3104 1751 linguam
3156 1696 3495 1743 moveantue,

1923 1778 2070 1833 illius
2101 1778 2443 1832 nativitatem
2474 1776 2714 1829 divinam
2742 1785 3085 1835 venerantes,
3113 1789 3235 1841 qua:
3259 1773 3494 1827 Verbum

239 1859 362 1914 θεον
410 1863 818 1933 σωματωσάσης
880 1864 1183 1935 Πνεύματι,
1244 1866 1339 1920 καὶ
1388 1866 1815 1937 ἁνακράζωμεψ

1943 1869 2388 1937 mperlaudatum,
2421 1882 2485 1922 ac
2508 1867 2915 1937 superdivinum
2954 1882 3048 1935 per
3074 1865 3339 1934 Spiritum
3376 1880 3500 1918 cor-

238 1952 344 2006 Τὺν
379 1953 581 2020 Κύριον
614 1954 863 2024 ὑμνεῖτε,
892 1956 962 2011 τὰ
994 1957 1153 2029 ἔργα,
1209 1958 1305 2013 καὶ
1334 1958 1675 2029 ύπερυψοῦτε
1733 1959 1814 2022 εἰς

238 2044 451 2106 πάντας
482 2045 609 2107 τοὺς
637 2046 861 2105 αἰῶνας.

311 2142 375 2193 Οἱ
406 2142 564 2205 θεῖοι,
591 2143 1265 2217 σκιρτήσατε,προφῆται,
1295 2148 1564 2218 τιμῶντες
1598 2148 1813 2222 Παρθέ-

238 2250 334 2287 νου
367 2232 429 2287 τὸ
478 2233 783 2302 γενέθλιον·
844 2236 983 2307 αὑτὴ
1011 2237 1120 2308 γὰρ
1179 2239 1464 2312 ἐπλήρωσε
1517 2242 1695 2296 πάντα
1748 2242 1816 2295 τὰ

238 2326 596 2394 κηρύγματα,
627 2326 720 2379 τδν
752 2327 846 2397 ὑφ’
873 2327 1036 2398 ήμῶν
1089 2329 1419 2401 δηλούμενον
1448 2333 1813 2403 ἀποκυήσασα

240 2417 497 2489 Χριστὸν.
525 2417 617 2471 τὸν
646 2418 741 2472 τοῦ
794 2420 993 2484 παντὸς
1044 2419 1299 2486 Βασιλέα,
1330 2423 1389 2477 ὂν
1430 2424 1817 2496 ὑπερυψούμεν

244 2508 324 2570 εἰς
352 2507 566 2571 πάντας
593 2509 720 2571 τοὺς
741 2508 966 2573 αἰῶνας.
992 2544 995 2547 -

303 2599 557 2665 Ῥήξατε,
574 2600 643 2654 τὰ
665 2602 787 2672 ὅρη,
810 2602 1172 2676 εὐφροσύνην,
1188 2604 1495 2668 ἀπόστολοι,
1519 2608 1815 2680 μάρτυρες,

247 2692 569 2762 χορεύσατε,
612 2696 750 2749 ὅσιοι
795 2698 889 2748 καλ⁵
941 2696 1140 2751 δίκαιοι
1183 2698 1277 2752 νῦν
1306 2699 1702 2770 ἀγαλλιάσθητε
1741 2702 1818 2772 τῷ

243 2785 507 2855 γενεθλίῳ
530 2788 767 2857 σήμερον
792 2791 891 2858 τῆς
911 2787 1004 2842 τοῦ
1034 2791 1466 2863 Κυριομήτορος,
1491 2795 1584 2845 καὶ
1609 2792 1817 2865 Κύριον

243 2876 467 2947 ὑμνεῖτε
501 2878 731 2947 βοῶντες
758 2881 848 2933 καὶ
878 2881 1220 2952 ύπερυψοῦτε
1254 2885 1333 2945 εἰς
1360 2884 1488 2947 τοὺς
1513 2885 1743 2949 αἰῶνας.

315 2970 557 3041 Ἠνθησε
584 2972 644 3025 τὸ
674 2972 840 3042 μῆλον
873 2974 935 3026 τὸ
959 2974 1178 3039 εὑῶδες,
1205 2974 1266 3028 τό
1294 2976 1443 3047 ῥόδον
1469 2976 1528 3029 τὸ
1556 2975 1696 3030 θεῖον
1722 2994 1818 3029 πε-

242 3062 577 3132 φανέρωται,
609 3065 704 3116 καὶ
742 3066 1047 3137 κατευωδία
1104 3067 1388 3138 ἐπλήρωσε
1451 3068 1693 3139 σήμερον
1750 3068 1821 3122 τά

243 3156 489 3225 πέρατα,
523 3159 619 3210 καὶ
652 3157 713 3210 τὸ
741 3158 975 3224 δυσῶδες
1012 3160 1216 3214 ἔπαυσε
1247 3163 1343 3232 τῆς
1370 3160 1641 3232 ἁμαρτίας
1662 3162 1819 3232 ἡμῶν

1922 1962 2211 2033 poravit,et
2233 1961 2601 2016 exclamemus
2618 1979 2630 2014 :
2649 1959 3171 2028 Benedicite,opera,
3186 1957 3497 2023 Dominum,

1919 2064 1973 2109 et
1995 2055 2399 2125 superexaltate
2430 2054 2482 2107 in
2521 2054 2703 2108 omnia
2728 2052 2945 2107 saecula.

1979 2148 2179 2203 Adeste
2239 2148 2599 2209 exsultantes,
2643 2159 2678 2199 o
2727 2143 3000 2214 prophetae
3047 2141 3215 2196 divini
3251 2182 3266 2203 ,
3331 2150 3498 2211 atque

1923 2241 2189 2296 honorate
2212 2239 2447 2294 natalem
2477 2236 2715 2305 Virginis
2740 2236 2881 2290 diem
2926 2252 2940 2289 :
2975 2235 3091 2303 ipsa
3132 2234 3277 2288 enim
3306 2248 3499 2287 omnes

1922 2328 2648 2400 atlimplevitprmdictiones,
2664 2325 2879 2396 pariens
2898 2324 3177 2379 Christum
3212 2338 3310 2392 pro
3338 2322 3498 2378 nobis

1922 2422 2355 2484 manifestatum,
2408 2418 2647 2474 universi
2692 2416 2920 2487 llcgcm,
2970 2432 3131 2487 quem
3177 2415 3499 2484 superexal-

1926 2525 2105 2590 tamus
2156 2514 2207 2567 in
2259 2512 2441 2567 omnia
2477 2513 2696 2567 saecula.

1991 2605 2041 2677 5
2066 2605 2219 2662 Nuuc
2253 2605 2542 2675 erumpite,
2577 2614 2809 2666 montes.
2835 2603 3110 2670 ltetitiam;
3151 2604 3382 2674 apostoli
3436 2619 3503 2659 ac

1924 2710 2212 2771 martyres,
2245 2701 2474 2755 choreas
2499 2698 2711 2763 ducite;
2755 2697 2926 2753 sancti
2959 2705 3014 2752 et
3043 2697 3203 2766 justi,
3234 2698 3503 2752 exsultate

1926 2791 2086 2845 hodie
2122 2792 2174 2845 in
2204 2789 2377 2845 Natali
2416 2788 2603 2845 Matris
2629 2788 2864 2854 Domini,
2884 2795 2936 2841 et
2962 2787 3252 2843 Dominum
3284 2788 3503 2842 laudate

1926 2884 2247 2946 clamantes,
2285 2892 2340 2938 et
2393 2881 2795 2951 superexaltate
2822 2882 2871 2933 in
2907 2880 3129 2935 sarcula.

1989 2973 2185 3031 Oderis
2229 2974 2541 3029 suavissimi
2602 2988 2821 3041 pomum
2868 2972 3100 3037 ﬂoruit;
3156 2986 3279 3024 rosa
3318 2969 3504 3025 divina

1928 3068 2183 3137 apparuit
2207 3067 2311 3136 (6),
2335 3075 2389 3122 et
2415 3066 2698 3120 universos
2725 3074 2881 3119 terra:
2909 3065 3043 3119 fines
3076 3064 3241 3118 hodie
3277 3062 3506 3132 replevit

1928 3159 2319 3222 suaveolentia,
2357 3174 2421 3213 ac
2448 3158 2656 3228 peccati
2698 3157 2865 3211 nostri
2901 3155 3126 3211 fetorem
3162 3156 3488 3217 elitniuavit,

242 3250 280 3321 ἡ
317 3250 590 3317 πάναγνος
624 3253 714 3305 καὶ
746 3254 930 3325 μήτηρ
971 3252 1065 3307 τοῦ
1099 3254 1298 3323 Λόγου,
1325 3256 1391 3327 ἢν
1436 3254 1816 3327 ὕπερυψοῦμεν

1943 3254 2234 3310 :astissima
2293 3252 2504 3309 scilicet
2537 3251 2695 3306 Verbi
2734 3259 2927 3317 mater,
2969 3266 3135 3321 quam
3185 3251 3507 3320 superexal‘

240 3345 323 3406 εἰς
352 3345 562 3408 πάντας
590 3346 717 3408 τοὺς
745 3348 968 3409 αἰῶνας.

318 3437 681 3509 Στειρεύουσα
711 3440 871 3508 φύσις
900 3440 1009 3493 τῶν
1057 3439 1377 3513 ἀνθρώπων,
1416 3444 1629 3498 σεπτῶν
1662 3462 1821 3516 χαρι-

244 3527 471 3595 σμάτων
501 3529 608 3582 τῶν
641 3529 785 3582 θείου
824 3532 1159 3601 Πνεύματος,
1204 3534 1443 3605 σήμερον
1488 3534 1822 3607 εύφράνθητι

245 3618 461 3689 στείρα,
496 3619 596 3690 τὴν
628 3620 889 3674 θεόπαιδα
919 3624 1311 3693 ἀποτεχοεῖσαν
1372 3624 1666 3694 βλέπουσα,
1729 3627 1823 3679 καὶ

241 3713 551 3783 ἀναϐόησον
573 3731 586 3746 ο
611 3716 713 3768 Τὸν
738 3716 941 3787 Κύριον
967 3717 1206 3785 ὑμνεῖτε,
1230 3719 1296 3773 τὰ
1324 3718 1482 3788 ἔργα,
1530 3718 1624 3772 καὶ
1654 3718 1823 3789 ὑπερ-

242 3806 450 3877 υιῖροῢτε
485 3810 567 3872 εἰς
600 3810 807 3874 πάντας
837 3811 964 3875 τοὺς
993 3811 1216 3874 αἰῶνας.

931 3925 1054 3997 me;
1086 3926 1151 3980 θ’.

330 4038 433 4093 ’ἰδὲ
460 4039 554 4092 τοῦ
581 4037 716 4092 Θεοῦ
737 4040 764 4092 ό
793 4038 957 4102 τόπος
978 4039 1007 4092 ό
1029 4039 1183 4108 ἅγιος
1208 4038 1505 4110 προφανῶς
1532 4040 1820 4103 δέδεικται,

245 4131 405 4195 πόλις
438 4133 472 4203 ή
521 4131 802 4202 περίδοξος
850 4130 944 4184 τοῦ
983 4131 1259 4194 Βασιλέως
1297 4131 1735 4201 ἀνῳκοδόμηται,
1797 4131 1826 4182 ό

248 4223 544 4294 φωταυγὴς
609 4224 935 4292 παράδεισος
992 4223 1236 4294 φαιδρῶς
1288 4222 1589 4293 ἐξήνθησε,
1641 4233 1824 4291 παρα-

244 4314 427 4369 δείσου
460 4315 715 4386 πρόξενος
771 4314 1114 4386 ὑπάρχουσα,
1145 4315 1280 4385 πρὸς
1339 4314 1572 4386 Χριστόν
1618 4328 1679 4366 τε
1734 4313 1826 4366 ἀν-

250 4405 488 4477 θρώπων
516 4407 813 4462 οῖκείωσιν.

324 4499 502 4570 Ὠφθη
530 4502 563 4571 ή
599 4500 820 4571 λαμπὰς
849 4500 1040 4570 λυχνία
1077 4518 1136 4554 τε
1166 4502 1425 4571 σήμερον,
1460 4504 1492 4573 ή
1524 4505 1825 4575 χρυσαυγε-

1926 3359 2103 3402 tamus
2125 3346 2178 3399 in
2218 3362 2403 3399 omma
2442 3345 2667 3399 saecula.

1992 3436 2281 3492 lnfecunda
2304 3436 2737 3491 venerandorum
2762 3434 3155 3491 charismatum
3187 3434 3358 3490 divini
3374 3433 3503 3503 Spi-

1925 3531 2089 3596 ritus,
2135 3530 2320 3584 la'tare
2368 3528 2561 3593 hodie,
2610 3543 2643 3581 ο
2695 3528 2978 3583 hominum
3026 3539 3253 3593 natura,
3316 3528 3513 3582 videns.
3574 3578 3581 3585 .

1925 3623 2166 3677 divinam
2197 3622 2427 3692 puellam
2463 3637 2527 3675 ex
2556 3622 2727 3677 sterili
2755 3629 3103 3684 nascentem,
3135 3632 3189 3677 et
3216 3622 3497 3676 exclama:

1925 3715 2167 3771 Laudate
2190 3730 2355 3786 opera
2380 3714 2696 3780 Dominum,
2726 3722 2781 3769 et
2809 3715 3212 3785 superexaltate
3248 3714 3299 3768 in
3324 3716 3511 3767 orantia

1926 3806 2145 3863 saecula.

2610 3923 2723 3978 Ode
2782 3923 2837 3977 9.

1983 4039 2224 4097 Ornatus
2252 4040 2546 4096 sanctitate
2572 4038 2664 4093 Dei
2696 4040 2850 4093 locus
2884 4052 3011 4093 ecce
3038 4035 3196 4089 hodie
3218 4034 3507 4088 manifeste

1927 4145 2267 4191 monstratus
2306 4144 2389 4189 est
2424 4151 2439 4199 ;
2484 4134 2679 4188 civitas
2746 4132 2981 4201 gloriosa
3039 4130 3199 4193 Regis
3240 4128 3507 4182 a-dilirata

1928 4239 2010 4284 est
2030 4243 2044 4293 ;
2062 4228 2356 4282 Paradisus
2377 4224 2650 4297 refulgens
2674 4223 2949 4294 splendide
2971 4223 3229 4285 efﬂoruit;
3254 4234 3300 4270 et
3332 4221 3507 4273 homi-

1928 4319 2090 4374 nibus
2117 4317 2454 4388 paradisum,
2479 4325 2533 4372 et
2578 4330 2704 4370 cum
2750 4315 2971 4371 Christo
3006 4312 3507 4368 reconciliationem

1928 4411 2238 4480 acquisivit.

1985 4502 2276 4574 Splendida
2309 4502 2538 4573 lampas,
2579 4513 2629 4558 et
2656 4504 2879 4557 lucerna
2908 4501 2979 4554 ho
2999 4500 3067 4554 lie
3098 4498 3367 4568 apparuit,
3387 4510 3516 4565 quze

247 4586 419 4651 ζουσα
450 4588 565 4657 φῶς
611 4590 670 4642 τὸ
736 4590 1082 4660 προαιώνιον,
1116 4586 1237 4664 ἐ.νῇ
1291 4592 1524 4663 οἱκῆσαν
1584 4596 1711 4659 τοὺς
1766 4597 1816 4649 ὲν

1943 4609 2102 4648 aureo
2124 4602 2341 4647 aeterna:
2370 4592 2507 4647 lucis
2534 4591 2742 4661 fulgore
2775 4600 3062 4646 corusr-at:
3107 4590 3158 4642 iu
3183 4604 3287 4660 qua
3317 4587 3513 4640 eadem

246 4682 405 4732 νυκτὶ
433 4680 541 4733 τῶν
570 4680 757 4734 δεινῶν
779 4681 1167 4751 καταφωτίσει,
1192 4683 1391 4737 παύσει
1416 4702 1474 4737 τε
1507 4686 1604 4756 τῆς
1637 4686 1828 4751 ἀθεῖας

246 4774 441 4842 ἀχλὺν,
473 4774 565 4827 καὶ
624 4774 834 4845 ἡμέρας
871 4776 1078 4840 πάντας
1104 4776 1481 4847 ἀπεργάσεται
1533 4783 1825 4845 κοινωνοὺς

247 4866 471 4934 ἀληθῶς
498 4866 586 4920 διὰ
613 4867 872 4933 πίστεως.

320 4958 575 5030 Σήμερον
627 4961 662 5031 ή
693 4959 767 5030 γῆ
818 4959 1066 5032 χορεύει’
1098 4960 1190 5016 τδν
1250 4962 1370 5017 νέον
1424 4962 1531 5035 γάρ
1596 4962 1826 5034 οὐρανὸν

326 5164 404 5234 (6)
443 5162 811 5219 Bernardinus
839 5164 905 5219 de
936 5163 1103 5220 Busta
1133 5163 1186 5219 in
1222 5164 1433 5219 Mariali
1471 5181 1638 5220 serm.
1665 5164 1725 5234 5.
1758 5164 1825 5219 de

250 5233 518 5303 Concept.
551 5243 703 5302 parte
752 5250 833 5293 ut.
862 5236 1099 5304 probans
1139 5235 1364 5289 Mariam
1414 5237 1465 5289 in
1498 5252 1619 5289 rosa
1653 5233 1824 5289 fuisse

250 5304 765 5375 tiguratangccles.
806 5321 953 5367 xxiv,
991 5306 1080 5359 ubi
1125 5305 1177 5359 in
1213 5321 1443 5373 persona
1477 5305 1712 5373 Virginis
1738 5306 1822 5357 di-

249 5373 397 5431 citur
454 5393 469 5428 :
530 5373 597 5427 Et
649 5379 802 5445 quasi
853 5376 1118 5445 plantatio
1168 5392 1302 5430 rosa:
1357 5378 1411 5429 in
1465 5375 1702 5438 Iericho,
1750 5377 1823 5429 ait

248 5446 394 5500 inter
428 5445 532 5499 alia
559 5462 572 5498 :
620 5464 638 5496 ι
662 5444 817 5499 Rosa
844 5444 910 5499 de
940 5446 1111 5514 spinis
1139 5449 1403 5510 nascitur,
1430 5456 1483 5501 et
1506 5461 1684 5501 tamen
1712 5448 1822 5514 spi-

248 5532 380 5569 naul
414 5531 522 5568 nott
572 5516 764 5587 habet;
800 5518 879 5570 sic
929 5518 1089 5585 Virgo
1139 5515 1306 5571 Maria
1339 5519 1589 5587 quamvis
1623 5518 1689 5570 de
1727 5518 1821 5568 .Iu-

246 5588 353 5649 da,
407 5601 529 5655 qua:
575 5586 761 5653 utique
816 5588 1053 5653 peccatis
1104 5590 1323 5654 spit‘tosa
1360 5586 1511 5649 ierat,
1563 5597 1685 5640 nata
1722 5588 1813 5651 sit,

250 5657 466 5725 nullum
486 5667 662 5708 tamen
684 5658 872 5725 spinas,
897 5656 947 5710 id
969 5667 1051 5710 est
1068 5658 1293 5725 peccati,
1313 5658 1559 5710 aculeum
1581 5657 1767 5709 sensit.
1788 5676 1805 5706 ι

258 5724 419 5780 Unde
450 5726 518 5779 de
557 5727 670 5794 ipsa
716 5724 930 5795 Virgine
959 5724 1106 5781 canit
1150 5726 1383 5780 Ecclesia
1418 5728 1470 5781 in
1501 5728 1688 5781 Officio
1717 5729 1817 5779 As-

251 5796 585 5862 sumptiools
630 5796 874 5861 ejualeat
943 5814 956 5846 :
1017 5797 1082 5850 Et
1144 5798 1282 5849 sicut
1344 5800 1454 5849 dies
1520 5799 1659 5850 verm'
1713 5799 1815 5851 cir-

252 5865 577 5923 cumdabant
616 5882 733 5919 eam
784 5867 941 5933 ﬂeres
997 5883 1259 5921 rosarum.
1300 5868 1355 5922 In
1415 5867 1614 5922 Missali
1656 5869 1816 5922 ctiaut

1938 4689 2028 4744 lux
2054 4687 2392 4751 inhabitans,
2423 4701 2518 4740 eos
2550 4687 2641 4755 qui
2668 4686 2720 4738 in
2748 4697 2907 4738 nocte
2929 4683 3198 4736 malorum
3224 4690 3511 4733 morantur

1937 4778 2289 4841 illuminabit,
2329 4786 2383 4831 et
2447 4776 2745 4846 impia-tatis
2803 4774 3058 4829 nchulatu
3118 4771 3403 4833 dissolvet,
3454 4776 3511 4825 ct

1935 4884 2124 4923 omnes
2154 4884 2252 4937 per
2276 4868 2437 4921 fidem
2471 4869 2768 4937 participes
2790 4866 2895 4921 diei
2932 4882 3055 4919 vere
3083 4865 3298 4919 efliciet.

1994 4964 2239 5021 Exsultat
2264 4964 2424 5019 hodie
2453 4970 2594 5017 terra
2615 4977 2815 5017 novum
2850 4964 3046 5018 caelum
3075 4961 3153 5031 (7)
3176 4959 3286 5013 Deo
3310 4958 3514 5029 jucun—

1926 5163 2175 5217 Romano
2209 5162 2457 5231 antiquo,
2488 5170 2547 5215 ut
2587 5160 2752 5215 refert
2790 5158 3087 5229 Balinghcn
3127 5156 3179 5231 i_u
3230 5155 3515 5231 Ramesse

1928 5235 2199 5299 Mariano,
2239 5226 2364 5304 pag'.
2398 5234 2486 5299 25,
2521 5232 2651 5285 olim
2696 5226 2997 5285 cauebatur
3030 5231 3096 5284 de
3128 5227 3190 5282 Β.
3236 5226 3458 5297 Virgine
3486 5243 3501 5279 ;

2344 5346 2472 5399 Ηωσ
2501 5353 2749 5411 concepta
2782 5344 2917 5396 miro
2949 5343 3103 5395 modo

2454 5426 2550 5475 est,
2578 5425 2633 5468 ut
2664 5432 2785 5467 rosa
2816 5430 2934 5466 cum
2966 5414 3138 5465 nitore

2450 5497 2499 5538 et
2532 5497 2587 5538 ut
2618 5487 2844 5538 candens
2873 5483 3069 5536 (illum.

2345 5556 2413 5612 Ut
2439 5557 2643 5625 [ructus
2668 5557 2772 5608 exit
2808 5572 2839 5607 a
2868 5555 2997 5621 ﬂore

2458 5637 2536 5680 est
2568 5626 2825 5694 producta
2849 5641 2961 5694 rttm
2987 5640 3187 5690 pauore

2449 5707 2713 5766 prteveuta
2748 5712 2838 5765 per
2872 5693 3094 5748 Filium.

1992 5794 2067 5855 (7)
2100 5791 2236 5858 Quia
2272 5807 2375 5844 non
2410 5789 2511 5843 fuit
2557 5804 2585 5843 a
2621 5787 2854 5843 terrenis
2889 5786 3102 5859 pristini
3134 5782 3492 5859 flagitiicon.

1920 5853 2082 5936 tagiis
2122 5853 2558 5932 coinquinatum,
2604 5859 2696 5915 scd
2734 5875 2762 5912 ιι
2806 5853 3176 5916 cotieeutiottis
3229 5853 3383 5910 initio
3445 5853 3511 5909 iur
