3978 6582
510 362 618 477 99$

1543 481 1546 485 ἢ
1604 407 1663 464 S.
1706 402 2021 465 JOSEI’HI
2062 400 2619 463 llYMNOGRAPHI
3618 414 3707 477 9;:5

576 519 731 574 Nunc
748 532 961 570 omnem
993 530 1139 584 spcm
1173 529 1349 569 mcum
1383 515 1433 567 in
1461 524 1531 575 te,
1557 528 1589 566 ο
1610 513 1809 581 puella,
1841 527 2077 581 repoiio;

2259 512 2400 582 Πρὸς
2424 512 2482 565 σέ
2519 529 2621 583 μου
2643 511 2741 581 τὴν
2774 511 2990 566 ἃπασαν
3046 513 3236 569 ἐλπίδα
3259 556 3273 579 ,
3309 516 3475 588 Κόρη,
3524 521 3703 593 τίθημι,

512 612 578 665 ad
621 608 1023 663 misericordias
1054 617 1173 660 tuas
1195 606 1447 675 confugio
1489 605 1611 659 :l'ac
1643 606 1869 659 liberam
1904 623 1930 656 a
1964 604 2079 657 dat:-

2184 602 2320 673 πρὸς
2346 604 2471 665 τούς
2500 604 2823 673 οίκτιρμούς
2856 621 2953 657 σου
2989 607 3348 676 καταφεύγω’
3384 610 3575 681 βλάϐης
3615 617 3710 669 δαι-

513 719 734 756 ntonnin
781 710 1105 753 nuCumento
1126 700 1363 752 animam
1406 715 1578 752 meam
1617 697 1906 767 dejectam,
1938 708 1991 751 et
2013 697 2077 751 ad

2188 696 2364 764 μόνων
2394 696 2563 760 δεῖξον
2594 698 2860 768 ἀμέτοχον
2887 700 2986 769 τὴν
3018 703 3463 758 καταπτωθεῖσάν
3504 723 3596 775 μου
3614 710 3703 778 ψυ-

512 800 824 864 lauguorcm
847 791 1117 845 redactam
1138 792 1746 859 aconcupiscentiarum
1764 790 2078 844 inﬂuxibus.

1219 881 1331 936 Ode
1365 882 1418 936 6.

584 998 863 1053 Obiirmatt
902 996 1074 1066 gratia
1103 996 1284 1050 divina
1303 994 1476 1048 divini
1511 993 1749 1065 Virginis
1782 994 2076 1065 genitores,

512 1102 766 1159 tanquam
811 1089 1118 1142 columbam
1161 1087 1568 1141 innnaculatam
1604 1089 1654 1140 in
1690 1086 1887 1140 Sancta
1921 1100 2080 1139 sanc-

510 1192 710 1247 torum,
738 1193 795 1234 ut
826 1180 1025 1235 ibidem
1044 1180 1389 1243 educaretur,
1425 1193 1551 1234 cum
1588 1177 1782 1233 ell‘ectn
1808 1177 1955 1231 illam
1978 1177 2079 1231 ob-

511 1275 701 1327 tulere.

560 1364 834 1419 Orientem
856 1380 919 1418 cx

980 1363 1099 1417 luce
1129 1362 1303 1416 lucem
1360 1378 1484 1417 cum
1526 1377 1675 1417 esses
1709 1361 1763 1415 in
1813 1369 1863 1415 te
1898 1374 2083 1415 susce~

2184 790 2304 861 χὴν,
2334 794 2427 845 καὶ
2451 792 2892 862 ὲξασθενήσασαν
2915 795 3117 864 ἡδονῶν
3164 798 3523 855 ὲπικλύσεσιν.

2831 887 2954 959 seu
3025 894 3100 952 <:'.

2255 993 2531 1058 Σωθέντες
2581 996 2645 1065 τῇ
2682 996 2801 1068 θεία
2859 1000 3041 1069 χάριτι
3085 1003 3131 1054 οί
3161 1002 3293 1056 θεῖοι
3336 1004 3431 1074 τῆς
3470 1006 3713 1077 Παρθένου

2183 1088 2537 1159 γεννήτορες,
2567 1089 2774 1161 ταύτην
2805 1090 2880 1154 ὼς
2935 1091 3165 1162 ἄμωμον
3216 1094 3536 1165 περιστερὰν
3562 1099 3631 1161 εἰς
3659 1100 3713 1153 τὰ

2184 1176 2351 1244 ’Ἅγια
2381 1178 2763 1251 ἀνατραφῆναι
2802 1182 2950 1250 πόθῳ
2978 1184 3346 1237 ἀνατιθέασιν.

2253 1358 2363 1412 Τοῦ
2389 1361 2489 1429 τῆς
2520 1358 2823 1431 μελλούσης
2839 1359 3172 1430 εἰσδέχεσθαι
3204 1362 3265 1414 τὸ
3291 1361 3406 1429 φῶς
3444 1366 3501 1416 τὸ
3532 1365 3590 1416 ὲκ
3625 1384 3720 1434 φω-

517 1465 701 1523 ptura,
735 1453 1053 1507 veneranda:
1085 1452 1279 1522 puella:
1313 1451 1648 1522 splendidam
1679 1451 1852 1505 lucem
1881 1465 2078 1504 accen-

507 1547 699 1601 dentcs
729 1554 782 1599 et
825 1545 1055 1598 choreas
1098 1544 1359 1598 ducentes
1389 1584 1404 1609 ,
1452 1553 1503 1597 te
1532 1549 1598 1596 ad
1637 1542 1879 1596 divinum
1933 1552 2071 1596 tetu-

510 1640 656 1709 plum
705 1636 1099 1706 praecedebant.

458 1734 461 1737 ‘
566 1728 790 1780 Plenum
830 1726 1013 1794 gloriae
1040 1722 1325 1792 palatium,
1348 1737 1540 1790 magna
1566 1722 1952 1792 prophetarum
1970 1722 2078 1776 cir-

512 1818 877 1880 cnmsonatio,
909 1815 1141 1867 thronus
1180 1823 1404 1867 sanctus
1438 1813 1491 1866 in
1525 1812 1722 1867 Sancta
1762 1822 2075 1867 sanctorum

510 1908 809 1962 collocatur
846 1905 1090 1958 omnium
1141 1904 1268 1974 Regi
1300 1914 1656 1974 pra-paratus.

589 2001 798 2068 Quibus
823 2014 1045 2069 possum
1066 1998 1317 2051 laudibus
1341 1995 1530 2062 eﬂ'ero,
1556 2012 1588 2051 ο
1632 1996 1811 2051 Puella
1837 2038 1852 2064 ,
1883 2012 2081 2054 conce-

512 2092 824 2162 ptionem9
847 2101 1016 2150 tuam,
1041 2098 1094 2143 ct
1118 2087 1441 2143 iuell‘abilem
1463 2098 1675 2157 partum
1713 2100 1862 2143 tuum
1886 2106 1899 2142 :
1927 2105 2082 2144 com-

508 2184 705 2238 mendo
735 2182 1125 2253 profectionem
1157 2192 1328 2244 tuam,
1367 2196 1463 2250 per
1495 2197 1660 2249 quam
1715 2182 1783 2234 ab
1812 2182 1961 2235 omni
1989 2181 2082 2235 la:-

508 2276 811 2330 sioncliber
834 2276 1028 2339 evado,
1063 2288 1188 2343 ego,
1222 2273 1315 2342 qui
1347 2274 1589 2327 adducor
1621 2273 1691 2328 ad
1730 2283 1879 2328 tuam
1929 2289 2080 2329 sere-

508 2381 561 2417 ni
572 2374 733 2419 tatem
744 2403 758 2417 .

2180 1454 2273 1518 τὸς
2317 1455 2717 1525 προερχόμενον
2751 1453 2906 1522 φῶτα
2937 1453 3316 1523 ὑφαπτόμεναι
3344 1455 3500 1525 κόραι
3554 1460 3721 1526 σεμναὶ

2182 1542 2612 1613 προπορεύονται
2667 1542 2932 1612 φωτοειδῆ
2978 1542 3113 1613 πρὸς
3178 1542 3322 1597 θεῖον
3381 1544 3505 1599 ναὸν
3553 1546 3719 1616 χορεύο

2183 1651 2359 1687 ουσαι.

2252 1727 2327 1780 Τὸ
2344 1726 2553 1797 πλῆρες
2576 1725 2734 1795 δόξης
2754 1724 3036 1789 παλάτιον,
3060 1723 3119 1776 τὸ
3151 1724 3292 1794 μέγα
3321 1723 3606 1793 προφητῶν
3634 1741 3719 1776 πε-

2188 1820 2454 1889 ριήχημα,
2490 1818 2682 1888 θρόνος
2712 1818 2740 1869 δ
2772 1816 2927 1884 ἅγιος
2976 1815 3123 1868 ἔνδον
3172 1817 3252 1877 είς
3311 1814 3480 1882 Ἀγια
3533 1812 3714 1869 τίθεται

2188 1914 2266 1985 τῷ
2296 1912 2515 1966 Βασιλεῖ
2546 1911 2654 1963 τῶν
2691 1910 2827 1963 ὅλων
2855 1908 3297 1978 ὲτοιμαξόμενος.

2267 2004 2454 2075 Ὑμνῶ
2484 2022 2597 2070 σου,
2628 2004 2803 2074 Κόρη,
2852 2001 2949 2072 τὴν
2981 1998 3263 2069 σύλληψιν,
3297 1998 3452 2069 ὑμνῶ
3509 2016 3597 2052 σου
3644 2002 3726 2071 τὴν

2187 2098 2501 2169 ἀπόρρητον
2539 2097 2816 2169 γέννησιν,
2882 2094 3037 2163 ὑμνῶ
3093 2092 3192 2162 τὴν
3254 2080 3465 2162 σκέπην
3528 2108 3633 2154 σου,
3670 2092 3725 2145 δι’

2186 2185 2253 2261 ἧς
2278 2189 2483 2259 βλάϐης
2511 2188 2696 2259 πάσης
2749 2186 2971 2260 ῥύομαι,
3009 2186 3037 2237 ὁ
3065 2184 3201 2257 πρὸς
3229 2183 3330 2255 τὴν
3369 2184 3468 2255 σὴν
3515 2185 3729 2254 γαλήνην

2188 2282 2667 2351 κατεπειγόμενος.

1184 2458 1297 2513 Ode
1332 2460 1385 2512 7.

583 2548 906 2603 Radiantem
950 2559 1209 2620 tanquam
1262 2550 1431 2605 solem
1464 2544 1575 2625 (l5)
1609 2549 1808 2619 excipit
1854 2558 1904 2605 te
1943 2560 2081 2604 teni-

510 2643 660 2712 plum
697 2653 943 2695 sanctum
975 2643 1114 2697 intra
1142 2658 1222 2708 se,
1266 2642 1634 2698 eil‘undcntem
1663 2642 1787 2697 inde
1808 2643 2079 2698 salutares

511 2735 828 2803 splendores
870 2736 923 2787 in
961 2750 1151 2789 omnes
1200 2737 1333 2790 lines
1382 2746 1567 2802 terrae,
1617 2749 1828 2793 ocasta
1880 2734 2077 2805 Virgo,

511 2829 921 2881 Sanetissituum
957 2830 1217 2895 templum
1246 2828 1520 2882 facturum
1550 2844 1673 2884 esse
1698 2827 1817 2881 Filii
1851 2827 1966 2881 Dei.

582 2916 825 2974 Sublatis
875 2920 1126 2974 manibus
1176 2934 1366 2974 omnes
1416 2922 1660 2990 plaudite
1702 2921 1944 2974 videntes
1991 2918 2079 2971 itt-

510 3025 761 3080 nuptam,
799 3027 920 3080 qua:
950 3009 1054 3065 fert
1102 3013 1496 3081 redemptionis
1526 3013 1711 3081 signa;
1748 3013 1948 3066 etenim
1985 3024 2079 3079 per

511 3121 709 3160 manus
754 3106 929 3176 angeli
967 3106 1259 3171 enutritur,
1307 3106 1683 3176 quippe‘quze
1722 3105 1963 3175 paritura
1996 3111 2081 3159 est

511 3197 671 3249 nobis
710 3196 1052 3250 ineffabiliter
1093 3211 1286 3266 panem
1318 3199 1619 3252 caelestem.

582 3287 1005 3342 Tenebricosum
1050 3291 1155 3343 sub
1201 3298 1345 3344 terra
1410 3289 1748 3344 domicilium
1782 3286 2081 3342 incolentes

514 3381 706 3435 animae
738 3382 1010 3449 justorum
1054 3383 1321 3436 universa:
1356 3379 1484 3435 felix
1530 3381 1781 3435 nuntium
1821 3380 2080 3449 accipite:

511 3473 762 3527 columba
816 3488 977 3526 aurea
1049 3473 1298 3542 apparuit
1358 3490 1480 3542 qua:
1541 3472 1839 3543 spiritualis
1895 3471 2083 3526 diluvii

513 3566 871 3619 cessationem
898 3566 1149 3631 adducit,
1174 3575 1228 3619 et
1256 3565 1309 3619 in
1335 3564 1534 3620 Sancta
1583 3576 1898 3621 sanctorum
1957 3580 2083 3619 cum

511 3656 764 3726 religioso
788 3658 1024 3726 tripudio
1050 3658 1371 3728 ingreditur.

590 3747 784 3817 Utpote
817 3750 1065 3818 speciosa
1102 3752 1409 3818 speciosum
1452 3750 1732 3821 peperisti,
1773 3751 1866 3822 qui
1895 3748 2086 3804 delor~

511 3842 753 3896 mitatem
787 3852 1032 3897 nostram
1066 3843 1119 3897 in
1152 3845 1439 3914 pristinam
1482 3845 1726 3901 restituit
1769 3843 2017 3915 clligiem,
2051 3857 2084 3897 ο

509 3932 692 3988 Puella
737 3944 846 3988 tota
874 3934 1220 3990 immaculata
1239 3936 1375 4008 (16),
1404 3947 1685 4007 propterea
1717 3937 2081 4004 illi,canimus.

508 4024 729 4079 Patrum
758 4024 1026 4082 Dominus
1050 4037 1104 4082 et
1132 4026 1272 4083 Deus
1298 4029 1615 4084 benedictus
1640 4043 1723 4094 es,
1760 4039 1865 4083 etc.

2863 2463 2987 2535 Ὠδὴ
3009 2462 3071 2527 ζ’.

2255 2560 2575 2629 Φωτοφόρον
2621 2576 2682 2613 σε
2714 2558 2791 2623 ὡς
2835 2557 2991 2629 ἥλιον
3027 2555 3328 2628 εἰσδέχεται
3358 2555 3487 2618 ναὸς
3517 2556 3543 2608 ὁ
3573 2554 3724 2623 ἅγιος,

2187 2651 2335 2704 ἔνδον
2366 2650 2787 2721 ἀστράπτουσαν
2815 2648 3043 2712 ἀκτῖνας
3071 2650 3184 2709 τοῖς
3224 2646 3431 2717 πέρασι
3460 2642 3719 2714 σωτηριὼ-

2186 2744 2319 2807 δεις,
2364 2730 2523 2814 ἁγνὴ,
2573 2741 2870 2813 ὑπεράγιον
2898 2739 3023 2794 ναὸν
3055 2738 3305 2808 γενέσθαι
3337 2736 3625 2808 μέλλουσαν
3650 2732 3728 2787 τοῦ

2188 2835 2320 2887 Υίοῦ
2348 2834 2510 2904 Θεοῦ,
2550 2833 2813 2903 Παρθένε.

2258 2927 2457 2997 Χεῖρας
2509 2927 2754 2989 ἅπαντες
2786 2926 3087 2995 κροτήσατε
3138 2924 3466 2994 λυτρὼσεως
3515 2919 3731 2990 σύμϐολα

2189 3021 2458 3091 φέρουσαν
2485 3020 2583 3090 τὴν
2620 3020 2992 3089 ἁπειρόγαμον
3024 3017 3258 3088 ὁρῶντες
3279 3033 3292 3046 ’
3359 3016 3594 3085 ἀγγέλου
3637 3012 3728 3082 γὰρ

2186 3114 2373 3185 χερσὶν
2405 3112 2747 3181 ὲκτρέφεται,
2777 3111 2866 3163 τὸν
2896 3111 3145 3179 οὐράνιον
3170 3111 3333 3181 ἄρτον
3369 3110 3501 3180 ἡμῖν
3534 3108 3602 3170 ὡς
3626 3104 3733 3176 μέλα

2104 3225 2149 3289 C
2189 3204 2385 3259 λουσαν
2412 3204 2737 3275 ἀπορρήτους
2769 3202 3105 3254 ἁποτίκτειν.

2256 3297 2445 3367 Ψυχαὶ
2469 3296 2679 3350 ἅπασαι
2716 3295 2942 3348 δικαίων
2967 3294 3270 3363 ὑποχθόνιοι
3306 3291 3730 3360 εὐαγγελίζεσθε·

2186 3391 2548 3460 περιστερὰή
2591 3390 2766 3460 χρυσῆ
2803 3387 3144 3442 κατάπαυσιν
3198 3386 3442 3455 φέρουσα
3492 3380 3732 3437 κατακλυ-

2189 3482 2330 3552 σμοῦ
2394 3480 2587 3551 νοητοῦ
2643 3480 3052 3550 πεφανέρωται,
3087 3478 3182 3531 καὶ
3236 3479 3315 3540 είς
3365 3477 3532 3545 ’Ἅγια
3587 3474 3734 3541 ἁγίων

2185 3573 2425 3637 εὐσεϐῶς
2455 3572 2824 3643 περιχορεύει.

2269 3751 2356 3815 Ὠς
2406 3751 2583 3819 ὡραία
2610 3748 2701 3803 τὸν
2726 3749 2928 3822 ὼραίον
2973 3747 3313 3816 ἀπεκύησας,
3341 3745 3441 3816 τὴν
3483 3740 3733 3815 ἀμορφίαν

2186 3844 2342 3915 ήμῶν
2369 3843 2853 3913 προσεπανάγοντα
2879 3842 2958 3903 είς
2993 3839 3216 3911 πρώτην
3262 3838 3584 3908 ἐμφέρειαν,
3604 3833 3736 3902 Κόρη

2186 3937 2494 4004 πανάμωμε
2512 3952 2526 3966 ο
2560 3928 2604 4002 ᾦ
2628 3934 2720 3987 καὶ
2735 3933 3010 4004 ψάλλομεν
3029 3950 3043 3964 ο
3062 3933 3119 3985 Ὀ
3136 3931 3243 3983 τῶν
3273 3930 3531 4001 πατέρων
3557 3924 3736 3995 Κύριος

2187 4028 2281 4082 καὶ
2312 4026 2444 4089 Θεὸς
2478 4024 2767 4094 εὐλογητὸς
2802 4019 2871 4076 εἴ.

989 4119 1103 4175 Ode
1136 4119 1190 4173 8.
1219 4119 1587 4189 Alphabelum.

2551 4116 2674 4187 ᾮδὴ
2702 4114 2772 4186 η’,
2847 4114 2997 4169 κατὰ
3029 4111 3402 4183 ἀλφάϐητον.

579 4232 744 4297 Audi,
775 4242 828 4287 et
870 4232 1132 4304 intellige,
1181 4234 1488 4289 venerande
1529 4248 1717 4298 senex,
1770 4232 1907 4288 dixit
1928 4231 2077 4286 Anna

2262 4231 2484 4295 Ἄκουε,
2516 4227 2697 4293 σύνες,
2731 4224 3012 4297 πρεσϐύτα
3038 4224 3188 4295 σοφὲ,
3225 4222 3304 4294 τῷ
3324 4222 3571 4295 Ζαχαρία
3588 4223 3737 4275 ’Δννα

508 4322 788 4379 Zachariae
833 4340 847 4377 :

2187 4324 2341 4396 φησί.

577 4417 777 4486 Accepi
817 4416 1097 4470 voluntate
1128 4415 1313 4470 divina
1337 4414 1577 4470 Puellam
1619 4414 2019 4472 venerandam.

2257 4413 2517 4485 Βουλήσει
2566 4411 2688 4483 θεία
2722 4411 2786 4483 ἣν
2845 4410 3004 4481 ἔσχον
3050 4409 3218 4463 παῖδα
3270 4409 3482 4479 σεμνὴν
3530 4403 3736 4475 γενναίᾳ

580 4508 733 4562 Bono
764 4522 1070 4577 magnoque
1109 4510 1291 4561 animo
1321 4508 1461 4562 hanc
1498 4518 1553 4563 tu
1586 4510 1822 4580 suscipe.

2186 4505 2331 4576 ψυχῇ
2356 4503 2632 4571 ὑπόδεξαι.

576 4599 905 4653 Conceditur
931 4599 1073 4652 enim
1104 4613 1198 4665 per
1223 4599 1371 4652 illam
1398 4599 1735 4669 redempta:
1760 4609 1815 4655 et
1844 4601 1899 4655 in
1918 4599 2077 4657 Tem-

2258 4600 2337 4651 Δι’
2360 4596 2530 4667 αὐτῆς
2561 4594 2670 4666 γὰρ
2698 4592 2850 4647 ἔσται
2890 4591 3176 4661 λύτρωσις,
3210 4588 3307 4641 καὶ
3367 4588 3451 4650 είς
3511 4583 3632 4638 ναὸν
3662 4581 3738 4634 τὸν

509 4691 597 4759 plo
632 4700 823 4745 sancto
854 4690 987 4745 oll'er
1013 4691 1182 4751 illam.
1214 4692 1494 4749 clamans:
1523 4691 1856 4758 Benedicite,
1890 4694 2075 4749 omnia

2186 4693 2340 4760 ἅγιον
2390 4688 2589 4743 ἀνάθου
2636 4685 2841 4755 ταύτην
2900 4684 3039 4755 βοῶν
3078 4699 3091 4713 ·
3118 4681 3436 4750 Εὐλογεῖτε,
3466 4680 3638 4732 πάντα
3680 4670 3737 4725 τὰ

510 4796 669 4849 opera
701 4779 939 4845 Domini,
976 4778 1232 4835 Domino.

2186 4782 2320 4855 ἔργα
2339 4780 2571 4852 Κυρίου,
2590 4778 2681 4832 τὸν
2710 4777 2937 4848 Κύριον.

577 4871 841 4927 Dominus
863 4873 1012 4927 solus
1039 4874 1377 4941 benedictus,
1402 4876 1726 4931 exclamavit
1750 4877 2024 4933 sacerdos.

2249 4875 2555 4946 Εὐλογητὸς
2604 4874 2764 4945 μόνος
2794 4870 3019 4942 Κύριος,
3051 4869 3277 4940 ἐϐόησεν
3303 4869 3333 4922 ὁ
3361 4867 3566 4939 ἱερεὺς,
3603 4861 3738 4929 Ζωῆς

595 4965 700 5034 ιο
746 4965 948 5021 Dedisti
980 4965 1137 5021 nobis
1164 4982 1310 5023 nunc
1339 4978 1528 5038 aperte
1566 4970 1765 5024 intueri
1800 4968 2077 5039 ingressus

2186 4969 2418 5033 είσόδους
2455 4966 2550 5022 νῦν
2577 4964 2897 5035 ὑποφαίνεις
2935 4962 3143 5033 σαφῶς.

511 5058 649 5109 vitae.

2184 5216 2335 5272 Sicut
2369 5212 2449 5269 sol
2505 5212 2677 5267 oriens
2732 5210 2951 5271 mundo,
2985 5214 3115 5267 etc..
3148 5202 3363 5273 inquit:
3416 5219 3438 5252 ι
3477 5199 3627 5273 Sicut
3668 5191 3739 5273 sol

2185 5270 2399 5341 creatus
2430 5294 2513 5338 est
2543 5284 2736 5352 plenus
2759 5270 2984 5352 lumine,
3014 5284 3068 5329 et
3093 5270 3345 5328 sine'ulla
3365 5270 3638 5352 tenebras
3666 5270 3735 5352 illa

2185 5335 2475 5410 iiiiéEbe'i
2497 5335 2572 5407 ⁷ἱῖι
2598 5335 2981 5418 οοιιοεριίοηο’
3007 5360 3105 5401 sua
3134 5351 3411 5418 procreata
3436 5350 3524 5393 est
3554 5335 3737 5418 fulgida

2181 5405 2407 5481 Efﬂuit;
2427 5405 2621 5478 divina:
2651 5405 2838 5491 gratia:
2858 5457 2874 5483 ,
2902 5425 2956 5471 et
2989 5405 3266 5485 nunquam
3315 5412 3607 5466 obscurata
3640 5405 3741 5458 fuit

2183 5497 2289 5550 ulla
2323 5494 2531 5564 peccati
2556 5493 2795 5565 tenebra.
2835 5508 2853 5541 ν
2966 5557 2979 5565 _
3168 5554 3178 5564 _
3218 5554 3229 5565 ,
3328 5553 3339 5565 ,

2248 5548 2294 5636 (ί
2307 5548 2362 5636 ἱ)
2391 5565 2570 5631 Quare
2591 5573 2702 5617 tota
2726 5557 3096 5636 immaculata,
3129 5554 3231 5608 nisi
3254 5553 3398 5636 quia,
3425 5548 3741 5636 (inuadunt:

2176 5620 2299 5691 nein
2331 5620 2453 5690 tua:
2478 5648 2593 5688 suae
2616 5642 2845 5703 partem,
2878 5630 2996 5683 sine
3024 5620 3361 5703 ullapecéati
3391 5620 3610 5703 macula

2174 5707 2316 5762 fuit?
2351 5705 2467 5759 Non
2505 5696 2901 5773 fitissetautem
2939 5707 3072 5773 tota,
3099 5697 3145 5773 si
3177 5696 3231 5773 in
3268 5696 3441 5763 prima
3468 5696 3600 5773 vita:
3636 5697 3736 5773 sui

2176 5753 2807 5848 an}:,"éftiée'éah'cépiio
2835 5781 2938 5833 est,
2974 5753 3503 5837 ori'ginalis'peccati
3536 5753 3737 5813 macula

2176 5845 2451 5903 sordidata
2481 5845 2841 5913 apparuisset.

526 5276 527 5279 η
575 5214 687 5285 (15)
734 5213 1107 5273 Bernardinus
1150 5216 1218 5271 de
1260 5215 1431 5271 Busto
1468 5216 1518 5270 in
1566 5212 1776 5268 Mariali
1819 5229 1986 5269 serui.
2018 5215 2073 5277 5.

503 5286 570 5341 de
604 5300 853 5353 concept.
898 5298 1051 5354 parte
1089 5288 1143 5352 3,
1176 5289 1415 5356 probans
1450 5286 1673 5356 Mariam
1704 5286 1757 5339 in
1794 5286 1908 5339 sole
1938 5286 2075 5356 ligu-

500 5366 675 5409 ratam
707 5360 844 5420 psal.
884 5358 967 5423 l8,
1015 5357 1104 5411 ubi
1147 5354 1386 5412 dicitur:
1436 5356 1502 5409 In
1544 5354 1661 5425 sole,
1681 5356 1855 5425 posuit
1897 5354 2074 5409 taber-

500 5425 750 5482 naculum
782 5443 971 5489 suum,
1015 5428 1088 5481 ait
1126 5429 1268 5481 inter
1308 5437 1540 5481 extera:
1582 5447 1601 5479 ε
1638 5424 1739 5480 Per
1780 5425 1950 5481 solem
1987 5428 2073 5480 itt-

500 5499 763 5566 wlligitur
822 5496 880 5550 Β.
941 5497 1128 5566 Virgo,
1181 5499 1312 5566 quia
1365 5497 1507 5550 sicut
1562 5496 1645 5550 sol
1716 5496 1922 5550 clarior
1988 5505 2073 5551 est

500 5570 757 5635 oumibus
822 5566 1115 5632 sideribus,
1186 5579 1240 5621 et
1295 5575 1379 5621 est
1434 5566 1870 5635 incorruptibilis
1917 5584 1931 5621 :
1992 5567 2073 5622 sic

500 5634 563 5689 Β.
597 5635 757 5705 Virgo
793 5638 845 5689 in
883 5652 978 5691 sua
1018 5638 1376 5704 conceptione
1409 5638 1508 5691 fuit
1535 5634 1760 5701 clarior,
1791 5646 1844 5692 et
1882 5636 2072 5707 purior

502 5710 757 5760 omnibus
802 5709 1090 5770 creaturis,
1128 5717 1181 5762 et
1218 5709 1320 5759 fuit
1351 5708 1667 5777 incorrupta
1708 5712 1777 5761 ab
1813 5708 2071 5761 omnibus

501 5779 758 5844 peccatis.
793 5795 811 5827 ι
848 5778 1102 5846 Idemque
1132 5779 1249 5830 loco
1279 5778 1445 5831 citato
1475 5794 1640 5832 scrin.
1673 5777 1726 5839 8,
1773 5792 1879 5830 non
1916 5778 2071 5844 longe

503 5863 533 5899 ει
554 5848 844 5917 prnieipio,
868 5848 1146 5917 explicans
1170 5850 1235 5904 de
1258 5847 1314 5901 Β.
1339 5846 1563 5919 Virgine
1590 5848 1721 5901 illud
1744 5846 1947 5901 Ecclus.
1976 5846 2067 5913 26,
