3978 6588
276 390 383 453 99'!

278 591 547 643 παλατιον
583 590 817 660 Χριστὸς
844 592 873 644 6
918 591 1178 656 Βασιλεὺς
1209 594 1302 647 τοῦ
1361 596 1582 659 παντὸς,
1642 596 1779 666 πρὸς
1804 596 1863 650 ὃν

281 684 383 752 βοᾷ
418 683 565 735 πᾶσι
598 682 689 751 γῆ·
715 681 1023 751 Εὐλογεῖτε,
1049 685 1305 738 πάντατὰ
1336 686 1472 757 ἔργα
1499 688 1736 757 Κυρίου,
1770 688 1861 740 τὸν

283 775 520 844 Κύριον.

372 865 529 931 Ἰδοὺ,
560 866 844 935 πρεσϐύτα
872 867 1173 937 σοφώτατε,
1227 871 1260 940 ἡ
1297 872 1463 926 Ἀννα
1521 872 1723 943 ἔφησεν
1775 874 1865 926 εύο

285 956 489 1011 λαϐὦς.

360 1051 675 1121 Καλλίστην
707 1052 875 1105 παῖδα
900 1051 965 1122 ἢν
996 1052 1226 1106 δέδωκέν
1267 1071 1356 1123 μοι
1389 1054 1525 1119 θεὸς

358 1145 639 1214 Λαμπρῶς
669 1143 927 1213 ὑποδέχου
976 1144 1070 1197 καὶ
1108 1148 1445 1215 προφήτευε.

360 1236 544 1306 Μάνην
570 1235 868 1305 μέλλουσαν
898 1237 975 1298 εἰς
1008 1238 1304 1306 πράγματα
1343 1239 1638 1309 προφέρειν
1673 1238 1739 1291 τὰ
1768 1256 1867 1309 κη-

288 1327 547 1396 ρύγματα
576 1327 694 1395 μεθ’
722 1320 796 1379 ὧν
834 1326 959 1397 βοᾷς
992 1328 1304 1399 προφητῶψ
1338 1330 1642 1395 Εὑλογεῖτε,
1688 1330 1867 1383 πάντα

286 1418 362 1472 τὰ
386 1421 522 1488 ἐργα
553 1419 786 1489 Κυρίου,
820 1420 907 1470 τὸν
945 1419 1171 1489 Κύριον.

364 1509 480 1562 Νῦν
538 1510 733 1578 ἔγνων,
789 1507 973 1577 γύναι,
1034 1513 1369 1580 σαφέστατα,
1416 1512 1739 1584 προφρόνως
1762 1512 1868 1584 ἔφη

290 1602 321 1653 6
347 1602 604 1671 γηραιὸς,

370 1690 541 1745 Ξύλον
575 1696 633 1745 ἐν
666 1693 815 1764 μέσῳ
851 1694 925 1757 ώς
977 1694 1365 1748 ὲκὸλαστάνειν
1418 1697 1483 1749 ἐκ
1544 1697 1663 1763 σοῦ,

367 1783 507 1835 ὐπε
517 1800 547 1853 ρ
574 1786 857 1856 ὲξανθήσει
880 1787 1022 1840 θεῖον
1043 1788 1212 1851 ὅντως
1240 1790 1478 1861 καρπόν.

366 1963 686 2036 Παραδείσῳ
720 1965 1062 2033 εἰσοικίζοντι
1085 1970 1212 2033 τοῦς
1244 1969 1470 2040 βροτοὺς
1530 1970 1869 2038 ὲξωσθέντας

290 2054 493 2125 φθορᾷ,
529 2056 874 2121 ἀναϐοῶντας
907 2062 1072 2131 χαρᾷο
1108 2061 1423 2131 Εὐλογεῖτε,
1453 2064 1629 2117 πάντα
1652 2064 1869 2135 τὰέργα

290 2149 525 2220 Κυρίου,
550 2152 640 2204 τὸν
671 2152 899 2223 Κύριον.

374 2240 582 2313 Ῥητῶν
597 2244 849 2315 ἀρρήτων
874 2245 1179 2317 μυήσεωνή
1209 2247 1274 2318 σὴ
1304 2247 1469 2319 ψυχὴ,
1500 2249 1650 2321 Κόρη
1675 2251 1869 2323 σεμνή.

361 2426 559 2495 Σαφῶς
581 2426 836 2498 ὑπάρξει,
862 2428 891 2480 6
925 2428 1164 2499 πρέσϐυς
1188 2429 1290 2501 ἔφη
1321 2430 1561 2501 τρανῶς.

365 2603 473 2657 Τὸν
495 2602 637 2657 θεῖον
669 2605 803 2672 ίδοῦ,
823 2607 1092 2678 Παρθένε,
1124 2610 1266 2662 οἰκεῖ
1294 2611 1440 2666 ναόν.

377 2691 501 2747 Ὑπ⁹
530 2696 762 2764 ἀγγέλου
780 2700 1091 2769 τρεφομένη
1130 2700 1232 2771 γὰρ
1259 2700 1455 2771 βουλῆς
1475 2704 1718 2774 μεγάλης
1741 2706 1871 2774 Ἀγ-

290 2789 452 2856 γελον
508 2791 754 2861 κυήσεις,
789 2785 834 2860 ᾧ
886 2793 1150 2864 μελῳδεῖ,
1184 2794 1511 2864 εὐλογοῦντα
1572 2798 1749 2852 πάντα
1803 2800 1872 2853 τὰ

291 2880 433 2951 ἔργα
461 2881 665 2950 Κυρίου
694 2881 768 2944 ὼς
794 2883 1015 2955 Κύριον.
1174 2888 1183 2891 ”

365 2973 554 3044 Φωνήν
585 2989 676 3026 σου
699 2973 916 3045 ᾄδομεν,
949 2976 1100 3048 Κόρη
1132 2977 1288 3050 ἁγνὴ,
1314 2981 1623 3052 περιχαρῶς
1653 2981 1746 3036 τοῦ
1770 2983 1866 3035 Γα·

296 3064 484 3134 ὅριήλ.

369 3156 567 3224 Χαῖρε,
596 3157 696 3228 τῆς
723 3157 939 3211 πάντων
968 3159 1116 3213 αἰτία
1157 3161 1293 3233 μόνη
1323 3164 1517 3233 χαρᾶς.

370 3245 583 3317 Ψυχῶν
610 3252 766 3319 χαῖρε
793 3249 1183 3323 καθαρτήριον.

380 3337 469 3401 Ὦς
500 3338 703 3404 τέξασα
729 3341 823 3411 τὴν
846 3340 1115 3413 λύτρωσιν
1142 3343 1298 3413 ἡμῶν
1320 3346 1414 3399 καὶ
1444 3347 1543 3417 τὴν
1573 3346 1877 3402 ἀνάπλασιν

293 3430 407 3485 τῶν
454 3430 834 3502 μελῳδούντων
861 3434 1030 3504 αύτῷ·
1075 3435 1384 3504 Εύλογείτε,
1416 3437 1594 3491 πάντα
1620 3439 1689 3492 τὰ
1739 3439 1879 3510 ἔργα

296 3521 537 3593 Κυρίου,
565 3522 657 3577 τὸν
684 3524 913 3596 Κύριον.
1046 3536 1049 3539 ‘

979 3661 1101 3735 ’ῼδὴ
1143 3659 1211 3719 θ’.

381 3791 517 3845 Ἰδοὺ
548 3792 644 3846 τοῦ
670 3792 805 3848 Θεοῦ
836 3795 898 3848 τὸ
942 3796 1065 3868 ὅρος
1092 3798 1151 3851 τὸ
1176 3799 1332 3865 ἅγιον
1379 3798 1521 3873 μετὰ
1573 3801 1879 3871 λαμπάδιον

297 3881 545 3954 φαιδρῶν
564 3883 708 3939 ἔνδον
733 3888 812 3949 εἰς
843 3887 912 3940 τὰ
932 3886 1096 3957 ’Ἅγια
1134 3888 1362 3959 βαδίζει,
1396 3891 1542 3955 λίθος
1560 3891 1619 3957 ἐξ
1643 3884 1704 3945 οῦ
1738 3909 1879 3962 τμη·

300 3972 524 4044 θήσεται
558 3977 649 4028 καὶ
676 3978 803 4041 τοὺς
838 3977 1056 4050 βωμοὺς
1088 3981 1182 4034 καὶ
1231 3981 1395 4047 ξόανα
1444 3982 1733 4053 δαιμονικὰ
1791 3983 1880 4037 λε-

300 4070 514 4130 πτυνεῖ,
557 4069 685 4131 τοὺς
742 4068 966 4139 βροτοὺς
998 4071 1053 4124 δὲ
1105 4071 1314 4136 τούτοις
1360 4074 1736 4144 ἀπεργάσεται
1782 4074 1878 4128 καὶ

301 4161 463 4223 ναοὺς
484 4161 577 4213 καὶ
608 4162 781 4213 σεπτὰ
814 4161 1155 4230 καταγώγια.

378 4252 583 4321 Ὦμοσε
611 4251 744 4315 Θεὸς
768 4253 860 4305 καὶ
895 4253 988 4306 νῦν
1024 4253 1446 4324 ἐκπεπλήρωκε,
1482 4253 1657 4324 φυλῆς
1706 4254 1877 4309 Ἰούδα

301 4343 584 4419 ἡμῖνδοὺς
603 4344 700 4415 τὴν
745 4345 1149 4414 Ἀειπάροενον,
1169 4340 1236 4417 ἦς
1264 4348 1299 4418 ἡ
1332 4347 1510 4400 κοιλία
1559 4346 1715 4411 ξύλον
1749 4346 1878 4419 βλα-

224 4482 229 4488 .
304 4435 491 4504 στήσει
520 4433 689 4504 ζωῆς,
714 4436 1093 4508 θανατηφόρου
1124 4438 1379 4509 βρώσεως
1402 4438 1879 4512 ἀπολυτρούμενον

1699 394 2062 455 MARIALE.

363 495 528 566 Ἡμῖν
559 494 887 567 φανερώσει-ς
917 497 1055 569 ὅπερ
1095 499 1277 570 μέλλει
1308 501 1480 554 οἰκεῖν
1515 501 1855 573 Θεοχώρητον
1885 513 1929 566 Α

3438 385 3548 448 998

2048 499 2260 556 Etenim
2281 499 2575 554 manifeste
2602 497 2889 553 ostendisti
2916 496 3178 566 palatium
3210 496 3339 550 illud
3371 512 3549 567 rapax.

1967 593 2084 658 Dei,
2120 594 2264 663 quod
2307 591 2526 674 futu'rus
2580 600 2664 646 est
2699 600 2757 645 ut
2806 591 3075 645 inhabitet
3128 590 3383 646 Christus
3423 591 3541 644 lle:

1966 690 2237 741 universi:
2262 687 2325 739 ad
2352 701 2511 755 quem
2535 685 2734 738 clamat
2754 684 3008 737 universa
3028 690 3171 736 terra
3187 698 3200 736 :
3215 678 3546 744 Benedicite,

1966 778 2150 833 omnia
2177 794 2340 847 Opera
2372 775 2618 837 Domini,
2660 774 2913 827 Domino.

2041 869 2254 925 Glande
2285 869 2564 938 sapientia:
2590 869 2757 923 decus
2782 882 2969 931 senex,
3021 865 3199 936 inquit
3230 865 3386 920 Anna
3414 864 3544 921 reli-

1968 962 2119 1030 gioSe
2154 960 2483 1025 verecunda,

2045 1050 2513 1104 Gratiosissimnm
2553 1049 2785 1114 puellam
2815 1064 2979 1119 quam
3008 1049 3156 1104 dedit
3186 1047 3319 1102 mihi
3373 1046 3546 1112 Deus,

2039 1143 2297 1197 llilariter
2325 1144 2531 1212 accipe,
2568 1152 2620 1196 et
2649 1142 2963 1203 vaticinare,

2056 1238 2209 1290 Illam
2245 1235 2419 1290 solam
2456 1235 2698 1289 futuram
2736 1249 2857 1303 qua:
2889 1248 3052 1302 Opere
3100 1231 3433 1300 completura
3464 1239 3550 1285 est

1969 1331 2189 1384 oracula
2213 1327 2624 1397 prephetarum,
2657 1341 2782 1381 cum
2814 1326 3014 1395 quibus
3042 1325 3347 1379 exclamas:
3372 1320 3549 1374 Bene-

1968 1421 2155 1487 dicite,
2187 1419 2372 1474 omnia
2401 1434 2570 1489 opera
2601 1417 2841 1484 Domini,
2866 1416 3116 1470 Domino.

2040 1512 2272 1583 Liquido
2323 1528 2471 1567 nunc
2516 1511 2773 1584 cognovi,
2809 1510 3024 1574 mulier,
3077 1506 3353 1577 respondit
3384 1520 3550 1560 sene:

1970 1605 2234 1661 benevolo
2252 1606 2458 1669 animo,

2014 1718 2015 1725 η
2056 1698 2286 1769 Liguum
2318 1715 2380 1752 ex
2426 1706 2477 1751 te
2503 1697 2862 1768 germinasse,
2894 1692 3062 1764 quod,

2039 1787 2214 1844 Medio
2247 1790 2409 1844 veluti
2446 1790 2500 1843 in
2553 1790 2829 1859 paradiso,
2867 1787 3255 1857 producturum
3311 1792 3395 1836 est
3438 1780 3551 1834 fru-

1908 1872 1947 1927 Β
1977 1894 2124 1935 etum
2159 1898 2283 1935 vere
2327 1882 2596 1936 divinum.

2044 1974 2264 2044 Nosque
2280 1976 2529 2030 homines
2550 1990 2644 2046 per
2667 1975 3072 2044 corruptionem
3098 1971 3377 2043 expulsos,
3405 1969 3512 2021 reci
3536 1996 3551 2007 -

1975 2067 2204 2137 piendos
2234 2067 2427 2120 iterum
2457 2067 2526 2121 ab
2558 2066 2651 2120 illo
2681 2066 2960 2137 paradiso,
2988 2066 3289 2121 clamantes
3320 2063 3392 2116 ob
3416 2074 3557 2129 gauo

1975 2159 2158 2213 dium:
2196 2158 2530 2220 Benedicitc.
2570 2169 2677 2213 etc.

2045 2248 2089 2304 Ο
2112 2252 2291 2320 puella
2341 2250 2665 2317 veneranda,
2701 2247 2881 2303 anima
2911 2247 3042 2302 tua!
3082 2244 3369 2299 manifeste
3391 2282 3405 2306 ,
3465 2255 3552 2295 re-

1977 2342 2199 2412 spondit
2227 2342 2369 2396 clare
2391 2356 2584 2397 senex.
3267 2405 3281 2416 ,

2042 2433 2209 2505 Origo
2240 2433 2342 2489 erit
2363 2433 2739 2503 narrabilium,
2774 2441 2830 2489 et
2852 2429 3309 2487 inenarrabilium
3368 2427 3553 2482 initia-

1976 2523 2204 2578 tionum.
3157 2573 3190 2589 ,,

2046 2614 2216 2686 Perge
2248 2630 2416 2681 nunc,
2440 2614 2643 2679 habita,
2671 2630 2705 2667 ο
2734 2612 2923 2681 Virgo,
2957 2612 3009 2665 in
3044 2610 3244 2679 templo
3273 2608 3478 2661 divino.

2032 2706 2150 2773 Quo
2178 2707 2231 2760 in
2269 2708 2386 2761 loco
2414 2708 2483 2761 ab
2533 2708 2725 2775 angelo
2784 2704 3060 2768 nutrieris,
3094 2701 3279 2771 magni
3334 2698 3557 2754 consilii

1975 2798 2241 2868 Angelum
2271 2799 2536 2867 paritura,
2569 2799 2653 2853 cui
2687 2798 2927 2852 suaviter
2967 2802 3191 2854 canunt,
3238 2801 3291 2845 et
3335 2790 3561 2844 benedi-

1972 2890 2107 2943 ‘cunt
2134 2890 2319 2943 omnia
2346 2905 2506 2959 opera
2542 2889 2778 2953 Domini,
2811 2898 3069 2957 tanquam
3101 2883 3348 2937 Domino.

2041 2983 2382 3035 Itesnnanms
2410 2983 2504 3036 tibi
2532 2983 2669 3036 laetis
2688 2982 2940 3046 canticis,
2972 2996 3004 3032 o
3037 2987 3186 3032 casta
3220 2974 3426 3036 Puella,
3460 2986 3555 3024 vo-

1976 3088 2094 3128 cem
2127 3071 2417 3127 Gabrielis.

2044 3165 2224 3230 Salve,
2260 3181 2292 3218 ο
2318 3182 2481 3219 causa
2516 3167 2674 3220 unica
2707 3167 2903 3223 laetitia:
2941 3169 3206 3225 omnium.

1898 3226 1945 3287 δ
2053 3259 2169 3313 Tibi
2226 3260 2375 3314 salve
2422 3259 2677 3325 dicimus,
2705 3262 3065 3317 oanimarum
3097 3268 3559 3335 purilieatorium.

2044 3353 2115 3407 Ut
2157 3370 2277 3423 quae
2334 3353 2759 3422 redemptionem
2802 3357 3083 3425 peperisti,
3113 3368 3168 3414 et
3197 3361 3549 3418 reformatio-

1978 3460 2102 3499 nem
2133 3455 2397 3509 nostram,
2424 3445 2511 3499 cui
2538 3461 2638 3498 nos
2654 3447 2903 3501 canimus
2925 3450 3195 3505 suaviter:
3218 3451 3550 3525 Benedicite,

1982 3537 2166 3591 omnia
2190 3553 2353 3608 opera
2386 3534 2623 3603 Domini,
2657 3537 2901 3594 Domino.

2481 3674 2582 3745 ιι
2611 3674 2726 3729 ΟιΙε
2750 3675 2804 3731 9.
2836 3674 3056 3746 Joseph.

2054 3800 2363 3875 [ngreditur
2404 3805 2458 3859 in
2500 3804 2700 3860 Sancta
2733 3815 3048 3862 sanctorum
3077 3824 3201 3864 cum
3251 3812 3565 3882 splendidis

1978 3899 2325 3970 lampadibus
2380 3913 2537 3952 mons
2563 3896 2656 3951 Dei
2695 3906 2943 3964 sanctus,
2994 3915 3060 3954 ex
3122 3918 3233 3972 quo
3275 3907 3565 3961 excidelur'

1978 3992 2138 4062 lapis,
2185 3989 2278 4061 qui
2313 4004 2461 4053 aras,
2505 3998 2561 4042 et
2585 3988 2940 4042 simulacrum
2977 3989 3286 4048 daemonum
3319 4000 3552 4050 commi-

1977 4092 2141 4148 nuet;
2174 4081 2426 4135 homines
2461 4088 2644 4134 autem
2680 4079 2875 4146 templa
2898 4087 2953 4134 et
2989 4085 3295 4140 veneranda
3338 4087 3557 4143 habita-

1976 4176 2092 4231 eula
2125 4174 2338 4229 eﬂiciet.

2069 4266 2209 4323 Olim
2232 4269 2442 4338 iuravit
2473 4268 2637 4335 Deus,
2663 4280 2718 4326 et
2738 4285 2882 4326 nunc
2912 4271 3262 4341 adimplevit,
3283 4271 3419 4327 dans
3452 4288 3553 4327 no-

1977 4358 2063 4415 bis
2095 4361 2163 4414 de
2216 4362 2359 4415 tribu
2410 4361 2549 4417 Juda
2605 4360 2879 4433 Virginem
2938 4372 3277 4433 perpetuam,
3313 4378 3345 4417 e
3391 4366 3560 4432 cujus

1979 4459 2168 4503 ventre
2206 4450 2417 4519 lignum
2463 4452 2587 4507 vita:
2637 4453 2988 4523 germinabit,
3032 4453 3178 4523 quod
3235 4452 3487 4508 liberabit
3518 4471 3551 4508 a

300 4527 429 4590 τοὺς
447 4527 547 4598 τὴν
571 4528 777 4583 πτῶσιν
796 4529 994 4601 βρώσει
1016 4530 1421 4600 ύποκύψαντας,
1445 4530 1540 4584 καὶ
1571 4531 1874 4596 κλαπέντας

2006 4538 2269 4595 nortifero
2305 4542 2428 4597 cibo
2464 4557 2585 4607 eos,
2614 4546 2709 4612 qui
2734 4557 2830 4612 per
2851 4558 3033 4597 escam
3062 4542 3282 4597 subiere
3311 4543 3548 4608 ruinam,

302 4621 490 4691 ἀπάτῃ
516 4620 613 4673 τοῦ
643 4622 843 4692 ὄφεως.

374 4712 615 4782 Στόματι
635 4713 875 4785 λαμπρῷ
901 4718 935 4784 ή
966 4716 1134 4771 Ἅννα
1164 4717 1393 4789 ἐὸόησεν
1413 4719 1473 4774 ὲν
1498 4719 1578 4790 τῷ
1611 4719 1725 4791 ναῷ
1780 4720 1875 4774 τοῦ

302 4802 463 4857 Θεοῦ·
507 4805 597 4857 Σοὶ
618 4805 1055 4877 προσανατίθημι
1088 4807 1156 4878 ἦν
1191 4824 1282 4877 μοι
1323 4809 1599 4880 παρέσχου
1624 4810 1808 4875 παῖδα,
1832 4803 1883 4864 ὦ

300 4893 577 4960 Δέσποτα,
608 4896 666 4961 ἐξ
686 4891 754 4967 ἧς
802 4897 869 4950 δι’
899 4896 1077 4951 οἶκτον
1109 4899 1313 4967 ἄφατον
1357 4903 1749 4972 σωματοφόρος
1778 4904 1878 4972 ὀφ-

303 4986 444 5052 Θεὶς,
467 4987 756 5051 διασώσεις
800 4988 1005 5060 κόσμον
1043 4988 1213 5061 ὅνπερ
1258 4990 1521 5057 ἔπλασας,
1557 4993 1876 5063 μεγαλύνων

302 5080 475 5149 αὐτὴν
504 5079 580 5143 ώς
609 5081 838 5153 Μητέρα
871 5098 991 5135 σου.

373 5168 628 5238 Ηῦγασεν
657 5171 765 5223 ἰδοὺ
806 5172 989 5243 ἡμέρα
1020 5174 1287 5244 σωτήριος
1316 5177 1428 5239 τοῖς
1462 5177 1521 5229 ὲν
1563 5175 1722 5229 νυκτὶ
1765 5176 1877 5230 τῶν

302 5261 518 5327 δεινῶν,
545 5262 691 5334 πύλη
719 5265 1040 5336 ἐπουράνιος
1078 5264 1211 5318 ναοῦ
1249 5267 1347 5330 τὰς
1377 5268 1554 5331 πύλας
1595 5269 1876 5323 ἀναπετά-

306 5373 451 5412 σασα
487 5357 626 5429 μετὰ
657 5358 957 5429 λαμπάδων
988 5359 1233 5425 πρόεισιν
1267 5360 1415 5415 ἔνδον
1443 5363 1525 5426 εἰς
1561 5362 1748 5432 Ἅγια,
1786 5364 1876 5434 ὑφ’

304 5450 469 5519 ἁγίας
495 5450 791 5521 τρέφεσθαι
818 5450 1100 5523 δυνάμεως
1126 5454 1205 5516 εἰς
1230 5452 1391 5521 ἁγίαν
1419 5452 1556 5506 θεοῦ
1600 5455 1878 5525 κατασκή-

302 5536 492 5601 νωσιν.

373 5640 652 5706 suum,
699 5641 859 5713 ἁγνὴ,
911 5640 1091 5713 ψυχῆς
1148 5659 1249 5713 μου
1298 5643 1369 5697 τὰ
1406 5643 1651 5715 ὄμματα,
1681 5642 1797 5713 φῶς
1840 5645 1873 5715 ή

301 5734 593 5804 κυήσασα,
628 5734 704 5804 μὴ
732 5733 1085 5788 καταλαὸέτω
1131 5751 1199 5805 με
1236 5735 1325 5805 τῆς
1362 5736 1636 5806 ἁμαρτίας
1686 5736 1875 5799 σκότος

306 5824 630 5903 βαθύτατον,
666 5826 796 5896 μηδὲ
825 5824 985 5896 βυθὸς
1011 5826 1221 5899 καλύψῃ
1248 5846 1315 5899 με
1351 5830 1449 5900 τῆς
1476 5828 1868 5897 ἀπογνώσεωςο

1981 4644 2033 4689 et
2060 4634 2247 4688 fraude
2266 4635 2534 4702 serpentis
2562 4634 2774 4704 decepti
2810 4644 2959 4690 sunt.

2046 4726 2310 4781 Sermone
2333 4727 2484 4781 claro
2527 4727 2852 4782 exclamavit
2888 4726 3046 4781 Anna
3081 4727 3134 4781 in
3181 4726 3383 4797 templo
3420 4726 3549 4783 Dei:

1978 4817 2159 4873 Oﬂ’ero
2191 4819 2315 4884 tibi,
2335 4818 2583 4883 Domine,
2619 4820 2875 4889 puellam,
2896 4834 3057 4888 quam
3089 4817 3220 4871 mihi
3256 4820 3551 4883 tradidisti,

1978 4923 2042 4962 ex
2079 4925 2185 4978 qua
2219 4920 2440 4979 propter
2466 4908 2789 4964 ineﬁ‘abilem
2813 4908 3238 4962 misericordiam
3262 4918 3407 4959 tuam
3432 4923 3555 4960 cor-

1980 5013 2208 5072 poralus
2235 4992 2527 5070 apparens,
2554 5000 2793 5053 salvabis
2817 4997 3079 5051 mundum
3110 5012 3272 5066 quem
3300 4996 3551 5051 formasti

1982 5095 2341 5164 magniﬁcans
2375 5108 2520 5156 eam,
2571 5101 2825 5162 tanquam
2875 5088 3101 5143 Matrem
3143 5098 3313 5159 tuam.

2065 5185 2202 5240 Ecce
2228 5184 2538 5239 coruscavit
2568 5182 2685 5236 dies
2716 5179 2971 5236 salutaris
3002 5180 3471 5257 commorantibus
3496 5180 3548 5234 in

1984 5285 2143 5331 nocte
2164 5275 2432 5329 malorum
2458 5276 2647 5343 :‘porta
2674 5270 2911 5325 coalestis
2929 5269 3115 5339 templi
3142 5262 3327 5338 portas
3344 5285 3552 5339 expan-

1980 5368 2139 5431 dens,
2170 5382 2294 5433 cum
2325 5365 2660 5435 lampadibus
2707 5362 3007 5434 ingreditur
3077 5363 3131 5415 in
3180 5359 3382 5415 Sancta
3424 5377 3559 5416 san-

1980 5470 2193 5517 ctorum
2223 5476 2254 5514 a
2280 5458 2464 5515 divina
2493 5458 2693 5513 virtute
2723 5456 3031 5521 nutrienda,
3062 5464 3123 5510 ut
3158 5455 3231 5511 sit
3250 5453 3343 5509 Dei
3374 5456 3556 5511 saucii

1982 5553 2380 5608 habitaculum.

2051 5640 2352 5697 Purissima
2397 5637 2587 5710 Virgo,
2628 5638 2875 5693 illumina
2923 5636 3115 5693 oculos
3158 5635 3350 5691 animae
3391 5650 3554 5699 mea,

1979 5744 2036 5791 tu
2073 5749 2197 5804 quae
2237 5736 2412 5790 lucem
2449 5735 2730 5807 peperisti,
2766 5750 2832 5789 ne
2862 5731 3264 5803 deprehendant
3305 5746 3390 5785 me
3420 5745 3551 5798 pro-

1982 5827 2324 5887 foedissima:
2387 5836 2735 5900 peccatorum
2774 5828 3038 5885 tenebrat:
3084 5841 3257 5896 neque
3291 5827 3555 5895 despera-
