3978 6594
257 371 391 440 1001

1656 375 1895 436 MARIA
1905 375 2014 436 LE.

3374 365 3512 434 1002

324 494 400 547 Σὺ
456 510 657 563 χωριον
699 493 1009 566 εὐρύχωρον
1046 494 1276 564 γέγονας
1307 494 1399 547 τοῦ
1453 494 1650 562 Λόγου,
1697 493 1822 547 ὃθεν

2001 491 2156 546 Verbi
2199 491 2348 545 locus
2385 499 2436 543 et
2463 488 2622 544 sedes
2667 488 3009 560 amplissima
3059 499 3114 544 tu
3153 488 3336 544 fuisti:
3371 489 3517 543 unde

255 584 466 654 μετῆρέ
498 601 556 637 σε
603 585 740 655 πρὸς
775 587 1086 658 εὐρύχωρον
1133 587 1224 640 καὶ
1254 587 1426 655 ἆγιον,
1455 586 1706 651 Θεοτόκε,
1736 585 1834 655 λῆ-

253 674 338 741 ξιν
374 675 472 727 καὶ
495 674 732 730 αἰώνιον.

326 762 440 833 Τὴν
460 762 624 832 άγίαν
656 781 752 817 σου
771 765 1028 837 κοίμησιν
1051 767 1272 836 ἄγγελοι
1293 767 1386 821 καὶ
1427 765 1522 820 άνθ
1532 783 1700 838 ρωποι
1727 784 1834 837 μα-

253 853 570 924 καρίζουσι,
608 856 829 911 πάντων
884 859 1073 924 πέλεις
1106 861 1215 930 γὰρ
1257 857 1565 927 βασίλισσα,
1601 859 1833 914 Βασιλέα

253 945 502 1014 πάντων,
526 948 701 1020 Κόρη,
731 950 952 1015 τέξασα.

942 1149 1069 1222 ᾮδὴ
1084 1149 1144 1207 ι’-

336 1264 395 1318 ’0
443 1265 612 1334 τάφος
661 1281 756 1317 σου
800 1263 1081 1335 κηρύττει,
1115 1267 1444 1338 πανάμωμε,
1503 1267 1603 1338 τὴν
1653 1267 1832 1338 ταφήν

250 1377 372 1424 σου,
400 1360 497 1411 καὶ
524 1359 623 1429 τὴν
655 1359 798 1430 μετὰ
829 1357 1080 1430 σώματος
1113 1359 1250 1431 πρὸς
1279 1359 1540 1432 οὐρανοὺς
1584 1358 1681 1413 νῦν
1726 1377 1827 1430 με·

245 1452 533 1505 τάστασιν.

342 1540 677 1610 Ὺμνήσατε,
717 1542 999 1612 παρθένοι,
1033 1542 1315 1609 δοξάσατε,
1360 1542 1652 1609 νεανίσκοι,
1695 1559 1831 1616 πρε-

251 1629 448 1684 σσύται
479 1634 572 1685 καὶ
600 1633 880 1704 ἄρχοντες,
902 1634 1002 1704 τῆς
1026 1633 1288 1689 Θεοτόκου
1315 1634 1415 1706 τὴν
1444 1633 1718 1704 κοίμησιν.

1938 593 1992 638 et
2024 583 2092 638 ab
2135 583 2226 637 illo
2256 583 2322 637 ad
2357 581 2620 636 latissime
2671 589 2944 650 patentem
2969 590 3024 635 et
3075 589 3324 636 sanctam
3349 590 3514 649 atque

1937 690 2215 744 nunquam
2236 673 2782 742 desituramquietem
2805 674 3068 728 translata
3091 689 3170 739 es,
3197 688 3229 727 ο
3250 672 3508 743 Deipara!

2007 766 2399 820 Dormitionem
2424 775 2570 820 tuam
2603 781 2815 820 sacram
2841 767 3017 837 angeli
3052 765 3215 821 simul
3247 774 3301 819 et
3335 765 3512 820 homi-

1937 874 2032 914 nes
2062 860 2273 913 beatam
2312 857 2479 913 fuisse
2501 859 2842 928 proﬁtentur.
2875 859 2941 914 Es
2962 859 3105 912 enim
3132 859 3361 913 istorum
3387 873 3510 912 om-

1936 950 2089 1006 nium
2126 950 2334 1019 regina,
2370 967 2401 1001 0
2434 949 2617 1020 Virgo,
2649 959 2707 1006 ut
2738 967 2858 1022 qua:
2879 950 3080 1021 Regem
3127 951 3510 1006 universorum

1935 1044 2255 1113 procreasti.

2601 1137 2714 1194 Ode
2758 1139 2813 1193 5.

2007 1252 2270 1309 Omnibus
2301 1256 2544 1311 tumulus
2575 1255 2676 1310 iste
2703 1263 2830 1307 tuus
2867 1249 3184 1312 declaravit,
3209 1245 3507 1317 aliquando

1934 1351 1986 1396 te
2014 1342 2185 1400 fuisse
2218 1347 2541 1401 tumulatam
2572 1364 2585 1400 :
2626 1353 2679 1399 ct
2707 1343 2754 1398 is
2800 1357 2946 1396 nunc
2970 1354 3188 1410 quoque
3207 1338 3384 1410 palam
3417 1337 3507 1390 in-

1931 1435 2077 1491 dicat
2103 1438 2350 1506 corporis
2384 1437 2462 1492 tui
2488 1437 2552 1492 ad
2585 1436 2751 1492 caelos
2782 1433 2980 1488 factam
3013 1431 3448 1486 translationem.

2003 1525 2292 1582 Genitricis
2321 1527 2413 1580 Dei
2459 1524 2916 1581 obdormitionem
2960 1520 3179 1590 hymnis
3215 1519 3506 1580 celebrate,

1929 1614 2188 1687 virgines,
2237 1617 2533 1687 glorificate
2582 1616 2736 1680 item,
2782 1629 2814 1668 ο
2856 1613 3087 1684 juvenes
3136 1616 3300 1680 atque
3327 1624 3507 1674 senes,

1931 1721 2039 1761 una
2065 1723 2190 1762 cum
2218 1709 2558 1779 principibus
2592 1718 2773 1763 terrai.

320 1808 572 1863 Θανοῦσα
619 1809 920 1874 ἀθανάτους
954 1809 1189 1881 μετέϐης
1224 1810 1361 1882 πρὸς
1414 1810 1694 1873 κατοικίας
1737 1811 1826 1882 ἐχ-

2006 1799 2110 1871 ],4
2136 1801 2412 1856 Excedens
2439 1801 2541 1856 hac
2565 1801 2677 1854 vita
2702 1800 2770 1853 ad
2813 1797 2969 1853 sedes
2996 1793 3258 1850 transiisti
3287 1793 3510 1847 immor-

247 1901 378 1972 θρὸν
399 1900 756 1955 θανατώσασα
786 1901 863 1973 τῷ
889 1902 1095 1973 τοκετῷ
1125 1919 1241 1969 σου,
1280 1904 1610 1974 πανάμωμε.

287 2079 636 2144 .,Ἐκύκλουν
718 2079 1032 2153 θεολήπτων
1079 2081 1288 2153 ἀνδρῶν
1341 2099 1400 2135 σε
1451 2082 1825 2154 χοροστασίαι,

244 2172 470 2240 ἔξοδίοις
507 2175 747 2246 ῥήμασιν
786 2173 1209 2244 ύμνολογοῦντὲς
1242 2192 1324 2240 σε,
1361 2174 1647 2230 Δέσποινα.

946 2371 1070 2442 ᾮδὴ
1087 2371 1162 2436 ς’.

333 2462 395 2516 '0
431 2457 578 2527 οἶκος
606 2463 698 2516 τὸν
715 2463 805 2516 τοῦ
843 2463 1038 2527 παντὸς
1059 2463 1286 2534 συνοχέα
1310 2463 1338 2516 ὁ
1364 2465 1623 2535 χωρήσας
1656 2481 1826 2535 μετα-

244 2555 426 2608 ϐαίνει
459 2555 678 2625 οἰκῆσαι
710 2555 846 2626 πρὸς
902 2556 1188 2627 οὐρανοὺς,
1228 2556 1454 2624 οὐρανὸς
1485 2556 1826 2628 δεδειγμένος

244 2645 490 2717 Χριστοῦ
515 2647 608 2700 καὶ
638 2645 824 2717 θρόνος
856 2650 947 2700 καὶ
980 2648 1126 2719 μέγα
1155 2647 1440 2713 παλάτιον,
1471 2649 1505 2718 ὴ
1551 2649 1826 2717 πάναγνος

243 2737 574 2810 περιστερὰ,
602 2733 670 2809 ἦς
702 2737 852 2791 θείαν
883 2738 1220 2810 ύμνὴσωμεν
1252 2740 1534 2812 κοίμησιν,

334 3001 667 3072 ’Υπόπτεροι
693 3003 752 3056 ἐν
784 3003 1030 3072 νεφέλαις
1066 3004 1327 3076 ἀρθέντες
1356 3005 1528 3073 ἀετοὶ,
1562 3006 1638 3071 ὡς
1683 3007 1823 3079 ὑψη-

251 3093 422 3146 πέται
459 3093 553 3146 τοῦ
586 3094 760 3162 Λόγου
793 3095 1120 3166 Γεθσημανῆ
1161 3096 1528 3162 συνελθόντες,
1561 3097 1826 3168 Παρθένε,

1933 1893 2090 1956 tales,
2116 1893 2243 1962 quia
2266 1909 2362 1963 per
2395 1902 2547 1948 tuum
2573 1901 2814 1963 partum,
2844 1890 3136 1959 oundique
3163 1887 3507 1949 intemerata,

1931 1994 2156 2039 mortem
2182 1986 2409 2042 aﬂ‘ecisti
2442 1994 2638 2042 morte.

2000 2073 2233 2132 Numine
2274 2077 2575 2132 amatorum
2609 2075 2890 2130 hominum
2936 2071 3088 2128 chori
3117 2079 3170 2126 te
3195 2069 3504 2141 cingebant,

1931 2181 1964 2220 ο
1997 2167 2225 2223 Domina
2253 2170 2266 2223 !
2299 2170 2670 2224 collaudantes
2699 2179 2750 2223 te
2783 2169 3022 2237 hymnis,
3059 2163 3292 2218 faustam
3320 2159 3414 2217 tibi
3439 2161 3507 2214 ad

1929 2261 2128 2317 coelum
2159 2261 2548 2332 profectionem
2585 2259 3012 2333 gratulantibus.

2620 2349 2733 2407 Ode
2763 2350 2815 2406 6.

1984 2442 2077 2496 l.la
2095 2443 2289 2500 domus
2310 2458 2416 2514 qua
2437 2442 2923 2514 comprehenditur
2945 2441 3131 2497 omnia
3150 2437 3508 2509 comprehen-

1929 2535 2064 2590 dens
2091 2534 2204 2604 jam
2234 2536 2398 2591 modo
2448 2535 2516 2590 ad
2550 2536 2724 2590 caalos
2777 2534 2910 2589 facit
2939 2534 3230 2589 transitum
3285 2540 3344 2586 ut
3388 2529 3510 2583 illos

1931 2627 2214 2694 inhabitet,
2231 2627 2345 2697 ipsa
2365 2639 2580 2698 quoque
2597 2627 2794 2684 coelum
2812 2625 3082 2680 exsistens
3105 2633 3288 2694 utpote
3305 2621 3509 2676 tlhristi

1929 2719 2159 2775 thronus
2181 2729 2234 2775 et
2247 2721 2495 2786 ejusdem
2518 2735 2773 2792 magnum
2797 2718 3081 2790 palatium,
3111 2716 3224 2780 illa,
3258 2715 3506 2784 inquam,

1930 2813 2240 2868 castissima
2291 2810 2540 2868 columba
2571 2854 2585 2878 ,
2637 2812 2796 2882 cujus
2866 2809 3110 2864 divinam
3161 2807 3509 2862 celebramus

1929 2904 2342 2963 dormitionem.

2036 2997 2320 3069 Tanquam
2347 3000 2555 3054 alarum
2588 2999 2813 3068 remigio
2840 2999 2978 3052 vecti
3003 2999 3054 3052 in
3076 2999 3310 3053 nubibus
3329 3007 3382 3051 et
3407 3011 3507 3051 ceu

1931 3090 2090 3146 Verbi
2131 3092 2300 3147 divini
2343 3093 2588 3162 quaedam
2617 3091 2963 3145 altivolantes
3014 3091 3212 3160 aquilae
3246 3091 3298 3144 in
3332 3089 3504 3143 Geth-

249 3187 352 3240 καὶ
387 3186 707 3256 ὲπιφθάνειν
737 3190 991 3258 ἀπαιρεῑν
1033 3205 1092 3241 σε
1138 3189 1444 3258 μέλλοντες,
1482 3189 1825 3262 πανύμνητε,

1949 3197 2172 3248 ιοῐηδηο,
2193 3196 2303 3235 uno
2326 3189 2544 3250 repente
2576 3190 2721 3234 ccetu
2753 3180 2982 3235 abitura:
3005 3181 3068 3233 ad
3089 3181 3286 3234 cmlum
3313 3179 3431 3244 tibi,
3470 3194 3505 3232 ο

248 3279 392 3350 πρὸς
427 3279 678 3350 οὐρανὸν,
733 3279 826 3344 οὓς
868 3281 944 3345 ὠς
969 3280 1138 3335 τέκνα
1174 3280 1306 3334 1⁸ίοῦ
1363 3299 1458 3335 σου
1497 3282 1828 3354 ηὑλόγησας.

327 3467 424 3532 Τίς
452 3468 588 3538 αὕτη
621 3469 656 3540 ἡ
682 3469 1051 3525 ἀναϐαίνουσα
1090 3471 1243 3524 πέλει
1274 3472 1552 3542 κοσμικῶν
1582 3472 1691 3526 ἀπὸ
1719 3490 1831 3526 κοι-

245 3561 426 3615 λάδων
449 3578 464 3627 ;
495 3563 580 3625 τίς
608 3562 749 3633 αὕτη
768 3564 802 3634 ὴ
834 3567 1138 3635 προπομπὴ
1155 3564 1248 3617 καὶ
1272 3564 1637 3636 προπόρευσις
1668 3561 1828 3634 ξένης

244 3654 304 3708 τί
336 3653 397 3708 τό
420 3654 695 3726 ὁρώμενον
729 3657 871 3728 μέγα
894 3658 1192 3728 μυστήριον
1214 3672 1228 3722 ;
1252 3655 1319 3710 Ἢ
1342 3657 1557 3711 πάντων
1584 3658 1700 3711 ἐστὶ
1726 3657 1819 3727 βα-

250 3746 418 3814 σιλὶς,
445 3749 538 3801 καὶ
558 3747 744 3819 κυρία,
777 3748 872 3803 κοιλ⁸
891 3747 1038 3815 δόξα,
1071 3749 1168 3802 καὶ
1200 3749 1482 3820 καύχημα.

339 4018 638 4086 Ἦλάλαεεν
660 4019 975 4073 ἀποστόλων
995 4021 1024 4071 ὁ
1057 4020 1229 4091 δῆμος
1255 4035 1350 4071 και
1377 4017 1629 4088 δακρύων
1659 4019 1828 4089 ἐπλη-

252 4110 430 4184 ρώθη,
469 4113 632 4183 ἡνίκα
661 4129 756 4167 σου
802 4112 900 4183 τὴν
936 4112 1114 4183 ψυχὴν
1146 4112 1243 4181 τὴν
1268 4110 1428 4179 ἁγίαν
1477 4109 1741 4164 λιποῦσαν
1769 4111 1828 4164 τὸ

250 4203 501 4273 θεοδόχον
531 4204 780 4258 τεθέαται
806 4206 1092 4276 σκήνωμα,
1125 4207 1221 4258 καὶ
1242 4203 1450 4274 ὕμνησε
1507 4202 1829 4274 θεοπρεπῶς

251 4313 351 4351 σου
369 4296 468 4368 τὴν
497 4296 673 4364 θείαν,
701 4299 1036 4370 πανάμωμε,
1066 4297 1346 4370 κοίμησιν.

950 4535 1075 4608 ᾮδῆ
1108 4536 1176 4600 ζ’.

322 4646 548 4717 Νόμους
581 4647 681 4718 τῆς
712 4647 929 4718 φύσεως
978 4648 1221 4704 λαθοῦσα
1257 4652 1325 4722 τῇ
1376 4651 1571 4720 κυήσει
1596 4667 1716 4715 σου,
1747 4649 1827 4720 τῷ

245 4737 504 4812 ἀνομίμῳ
550 4740 1007 4813 νόμῳ-θνήσκεις,
1041 4743 1179 4813 μόνη
1225 4742 1363 4814 ἁγνὴ
1396 4741 1664 4807 ζωώσασα
1691 4742 1820 4803 τοὺς

248 4832 423 4886 πάλαι
479 4835 941 4906 νενεκρωμένους,
992 4835 1254 4907 άχραντε,
1301 4834 1570 4908 ζωηφόρῳ
1616 4833 1820 4905 τοκετῷ

247 4938 370 4980 σου.

317 5205 490 5262 Μένει
519 5210 676 5276 κενὸς
706 5214 736 5267 ό
765 5214 910 5278 θεῖος
961 5212 1133 5282 τάφος
1169 5230 1263 5267 σου
1290 5214 1382 5268 τοῦ
1419 5214 1691 5286 σώματος,
1722 5215 1821 5286 τῆς

249 5299 474 5371 χάριτος
531 5302 589 5356 δὲ
620 5303 876 5377 πλήρης·
911 5307 1189 5376 ποταμοὺς
1239 5306 1348 5376 γάρ
1400 5308 1531 5378 ἡμῖν
1589 5307 1826 5376 πηγάζει

253 5390 522 5460 ίαμάτων,
557 5393 651 5447 καὶ
681 5395 956 5452 άποπαύει
984 5396 1254 5467 ῥεύματα,
1294 5398 1533 5467 παναγία
1572 5399 1824 5453 Θεοτόκε.

322 5563 507 5636 Ἥρθη
535 5565 595 5619 τὸ
617 5566 778 5639 σῶμα
804 5569 903 5640 μὲν
928 5569 1020 5624 τοῦ
1044 5571 1240 5641 τάφου,
1273 5571 1580 5644 παραμένει
1611 5572 1667 5625 δὲ
1698 5573 1828 5643 ἡμῖν

1857 4546 1910 4605 D

1941 3271 2104 3342 Virgo
2126 3273 2194 3327 ab
2225 3271 2478 3326 omnibus
2509 3271 2747 3337 laudata,
2778 3278 3231 3340 supervenerunt,
3278 3284 3418 3339 quos
3448 3281 3504 3323 tu

1937 3374 1996 3418 nt
2036 3365 2176 3420 ﬁlios
2206 3362 2327 3419 Filii
2357 3364 2433 3420 tui
2465 3371 2754 3436 prosecuta
2796 3379 2857 3418 es
2884 3363 3291 3418 benedictione.

2015 3456 2188 3529 Rogo,
2223 3472 2473 3529 quaenam
2507 3456 2608 3512 ista
2648 3471 2769 3527 qua:
2795 3455 3040 3511 ascendit
3060 3455 3127 3510 de
3152 3455 3338 3510 mundi
3370 3470 3506 3509 con-

1939 3549 2171 3605 vallibus
2200 3550 2504 3616 ?Quzenam
2530 3549 2646 3604 '1th
2664 3557 2773 3604 tam
2803 3548 2959 3603 nobis
2992 3547 3270 3618 incognita
3296 3561 3507 3616 pompa;

1936 3639 2188 3696 deductio
2217 3643 2514 3710 procedens
2535 3657 2564 3695 a
2599 3650 2744 3696 terra
2777 3641 2828 3694 in
2859 3640 3057 3695 coelum
3090 3639 3307 3709 usque?
3329 3637 3503 3704 Quam

1935 3741 2018 3787 est
2046 3733 2372 3789 immensum
2407 3733 2549 3788 istud
2577 3733 2896 3804 mysterium
2917 3731 3060 3802 quod
3089 3730 3370 3785 intuemur
3390 3729 3504 3799 jam

1937 3823 2125 3878 nunc?
2155 3823 2419 3878 Nimirum
2468 3823 2714 3879 ascendit
2739 3823 2900 3878 modo
2927 3834 3114 3876 nostra
3139 3820 3382 3875 omnium
3411 3822 3506 3876 do-

1938 3915 2083 3968 mina
2109 3924 2161 3968 et
2191 3916 2397 3983 regina,
2426 3914 2594 3968 decus
2619 3914 2743 3969 item
2767 3924 2821 3968 et
2855 3913 3109 3984 gloriatio
3151 3920 3364 3966 nostra.

2005 4005 2266 4060 Jubilavit
2291 4007 2660 4076 apostolorum
2700 4015 2874 4062 cmtus
2891 4015 2944 4061 et
2960 4004 3122 4061 simul
3140 4015 3318 4060 tamen
3334 4004 3507 4076 lacry-

1935 4095 2040 4150 mis
2068 4097 2324 4165 perfusus
2346 4094 2450 4150 fuit
2475 4095 2692 4164 quando
2720 4095 2855 4150 vidit
2881 4097 2955 4149 tui
2985 4095 3232 4163 corporis
3255 4094 3505 4148 taberna-

1935 4186 2140 4251 culum,
2175 4187 2229 4241 in
2260 4202 2369 4256 quo
2404 4185 2572 4240 Deum
2603 4185 2912 4256 suscepisti,
2943 4201 2972 4238 a
2999 4191 3187 4239 sancta
3204 4183 3384 4236 anima
3413 4192 3502 4237 tua

1934 4274 2260 4344 derelinqui.
2291 4274 2468 4341 Quare
2494 4275 2733 4329 divinam
2763 4275 2904 4329 hanc
2926 4274 3165 4344 quietem
3201 4281 3349 4326 tuam
3390 4273 3507 4326 lau-

1935 4365 2097 4422 dibus
2129 4367 2220 4420 Dci
2251 4367 2535 4438 majestate
2563 4368 2745 4439 dignis
2787 4376 3112 4439 prosecutus
3152 4365 3275 4432 fuit,
3319 4380 3352 4419 ο
3386 4380 3503 4418 om-

1937 4454 2097 4509 nibus
2125 4455 2348 4510 omnino
2369 4456 2554 4510 modis
2577 4455 2932 4510 intemerata!

2518 4547 2620 4617 15
2682 4545 2796 4602 Ode
2820 4547 2874 4602 7.

2003 4659 2371 4730 Conceptione
2392 4673 2482 4716 tua
2503 4677 2704 4717 arcana
2725 4661 3022 4731 legitimum
3047 4657 3320 4730 quondam
3347 4666 3504 4711 natu-

1930 4765 2003 4804 ra:
2021 4751 2267 4805 ordinem
2301 4752 2801 4822 superasti,eadem
2823 4767 2968 4806 nunc
3000 4761 3180 4804 tamen
3217 4750 3332 4818 lege
3364 4747 3502 4800 ritu-

1931 4857 2038 4911 que
2066 4843 2302 4909 mortali,
2336 4845 2487 4900 subis
2523 4855 2752 4901 mortem
2796 4843 3186 4914 :quantumvis
3213 4850 3369 4910 partu
3411 4848 3504 4891 tuo

1933 4933 2150 4988 vivitico
2202 4935 2450 4989 homines
2490 4936 2790 4990 inveterata
2828 4933 3038 5003 jamdiu
3089 4939 3262 4984 morte
3307 4928 3504 4982 exani-

1937 5034 2112 5080 matos
2134 5024 2201 5080 ad
2224 5027 2388 5079 vitam
2420 5027 2722 5091 reduxeris,
2752 5040 2787 5080 o
2812 5039 2935 5094 quae
2972 5021 3088 5078 sola
3118 5035 3241 5076 vere
3268 5035 3329 5076 es
3349 5028 3503 5074 casta

1935 5133 1999 5171 ac
2019 5132 2242 5186 prorsus
2266 5117 2762 5187 immaculata(19).

2005 5207 2199 5264 Exstat
2240 5208 2462 5264 divinus
2493 5209 2582 5264 ille
2613 5209 2856 5264 tumulus
2880 5219 3130 5276 corpore
3159 5201 3378 5275 quidem
3405 5209 3500 5254 tuo

1927 5299 2039 5370 jam
2061 5316 2284 5366 vacuus,
2309 5301 2404 5357 sed
2424 5301 2471 5355 is
2495 5300 2665 5370 gratia
2683 5312 2862 5355 tamen
2883 5297 3274 5354 miraculorum
3307 5299 3498 5347 scatet.

1929 5390 2065 5446 Nam
2097 5393 2491 5448 medicinarum
2527 5394 2683 5448 nobis
2718 5392 2895 5448 fundit
2928 5391 3175 5455 ﬂumina,
3214 5386 3498 5455 ,malorum

1931 5493 2112 5538 autem
2148 5484 2377 5540 sutfocat
2408 5492 2694 5540 torrentes.

2005 5575 2184 5630 Manet.
2234 5576 2388 5629 nobis
2420 5574 2727 5631 benedictio
2757 5573 2950 5629 saltem
3003 5581 3116 5635 tua,
3145 5568 3271 5624 licet
3303 5577 3503 5634 corpus

322 5743 767 5830 (192Ἐυὶεδευιϐ
914 5747 1082 5818 Virgo
1118 5763 1343 5830 prorsus
1379 5749 1756 5814 immaculata,
1791 5747 1837 5804 si
1879 5752 2021 5822 turpi
2065 5767 2127 5807 ac
2193 5753 2836 5829 detestandaoriginalis
2870 5752 3077 5824 peccati
3122 5747 3336 5806 macula
3396 5740 3503 5799 ali-

247 5817 471 5884 quando
501 5825 863 5885 conspurcata
906 5817 1290 5888 apparuisset?

569 5909 836 5971 ΡΑτιωι..
885 5912 999 5972 Gn.
1052 5913 1174 5974 CV.

3119 5902 3196 5962 32
