3978 6600
290 381 427 448 1005

1702 372 2068 435 MARIALE.

2153 265 2222 283 ’.Ἀ-Ρ

3398 363 3533 429 ιφοο

290 506 354 542 σε
385 489 502 561 λαῷ
548 487 851 559 δεδώρησαι
891 485 978 541 ἀεὶ
1001 485 1149 558 ἱερὸν
1203 483 1612 556 περιτείχισμα,
1645 482 1864 537 ἃπασαν

1998 479 2170 548 ιοριιιο
2206 488 2257 533 te
2290 476 2510 540 colenti,
2560 491 2681 546 qua:
2709 488 2928 545 semper
2968 473 3040 530 sit
3083 487 3236 528 sacra
3270 473 3497 528 munitio
3518 516 3533 536 .

283 581 398 634 τῶν
426 575 683 634 ὲῦάντίων
702 581 1073 635 ἐπανάστασιν
1093 583 1325 633 πάντοτε
1349 575 1726 648 ἐκτρεπόμεθα
1752 575 1866 628 σθέο

287 690 370 726 νει
408 672 502 726 τοῦ
537 674 869 743 πνεύματος.

363 763 536 832 Σαρκὶ
554 763 645 816 τοῦ
675 762 741 815 δι’
771 763 919 833 ἡμᾶς
944 762 1006 826 ἐξ
1028 760 1205 830 ἁγνῶν
1232 777 1326 814 σου
1376 759 1622 830 αἱμάτων
1671 777 1866 830 γνωρι-

291 851 516 915 σθέντος
568 852 668 908 ἐπὶ
710 853 832 922 γῆς,
870 853 1075 923 ἐσθῆτα
1118 854 1268 924 ἱερὰν
1290 855 1473 924 ὲπαφῆ
1503 853 1863 925 καθηγίασας,

291 942 546 1011 σώματός
593 958 693 999 σου
740 947 807 1015 τῇ
856 944 1218 1016 προσψαύσει,
1265 945 1334 998 δι’
1376 941 1445 1016 ἦς
1487 945 1695 1008 πάντας
1741 945 1865 1005 τοὺς

287 1033 514 1098 δούλους
550 1051 644 1087 σου
676 1034 950 1104 ἀγιάζεις,
974 1035 1237 1106 Παρθένε,
1271 1033 1574 1105 ὑμνοῦντας
1607 1051 1688 1088 σε.

365 1202 733 1276 Θησαύρισμα
779 1205 976 1258 σεπτὸν
1015 1209 1126 1270 τοῖς
1159 1207 1363 1272 πιστῶς
1393 1224 1451 1260 σε
1498 1207 1697 1278 τιμῶσι
1735 1207 1866 1262 ἐδω-

296 1294 472 1365 ρήσω,
509 1295 690 1367 ἀγαθὴ
725 1297 990 1367 Παρθένε,
1025 1297 1244 1368 ἀληθῶς
1285 1297 1384 1369 τὴν
1428 1299 1615 1368 τιμίαν
1662 1298 1867 1368 ἐσθῆτά

294 1400 414 1449 σου,
447 1383 692 1449 ἃπαντας
723 1386 1172 1441 καταπλουτοῦσα
1197 1388 1429 1458 δωρεαῖς
1450 1387 1592 1443 θείου
1619 1388 1871 1460 Πνεύμα-

292 1490 408 1539 τος,
441 1474 537 1527 καὶ
569 1475 862 1547 θαυμάτων
891 1478 1113 1542 πολλαῖς
1144 1478 1488 1544 ἐπιδείξεσιν.

383 1567 447 1618 Ἡ
483 1565 711 1631 ἄσπιλος
759 1569 960 1640 ἀμνὰς,
1004 1570 1097 1623 τὸν
1158 1569 1355 1642 ’Δμνδν
1397 1573 1431 1642 ἠ
1481 1571 1716 1626 τεκοῦσα
1769 1571 1864 1626 τοῦ

291 1657 430 1711 Θεοῦ
468 1659 784 1730 ὑπερφυῶς,
825 1661 1130 1734 δεδώρησαι
1161 1664 1294 1733 ἡμῖν
1322 1663 1421 1734 τὴν
1446 1665 1635 1736 τιμίαν
1664 1664 1870 1735 ἐσθῆτά

296 1768 418 1814 σου,
442 1752 630 1805 σπίλον
646 1752 814 1817 ὅντως
844 1755 938 1810 καὶ
961 1754 1150 1826 ῥυτίδα
1171 1756 1609 1829 ὲκκαθαίρουσαν
1637 1757 1869 1813 πάντοτε

293 1841 408 1894 τῶν
436 1843 608 1914 αὐτὴν
642 1845 1118 1916 προσκυνούντων,
1152 1847 1490 1920 πανάμωμε.

969 2021 1091 2096 ᾮδὴ
1119 2023 1188 2094 γ’-

368 2135 442 2190 Τὸ
463 2135 694 2207 τερπνὸν
737 2137 1009 2210 ἁγίασμα,
1055 2140 1153 2214 τὴν
1183 2142 1509 2214 ἐπουράνιον
1540 2143 1737 2214 πύλην,
1772 2143 1872 2215 τὴν

293 2228 392 2282 τοῦ
420 2229 555 2281 Θεοῦ
597 2229 830 2300 Μητέρα
884 2232 1243 2304 ὑμνήσωμεν,
1299 2236 1395 2289 καὶ
1445 2235 1618 2308 αὐτῆς
1670 2237 1874 2308 ἐσθῆτα

297 2320 420 2376 ,εἷα
465 2320 733 2394 βρύουσαν
785 2325 1142 2396 χαρίσματα,
1192 2327 1260 2397 ἢν
1310 2327 1493 2382 πίστει
1539 2329 1871 2400 ἀνυμνήσω-

300 2431 424 2484 μεν.
563 2451 580 2464 .

389 2508 724 2580 Ἀφθαρσίας
768 2509 975 2580 ἔνδυμα
1005 2511 1133 2574 τοὺς
1169 2513 1235 2582 τῇ
1268 2510 1445 2582 φθορᾷ
1487 2510 1874 2582 γυμνωθέντας

302 2615 406 2652 σου
460 2599 538 2669 τῷ
588 2601 816 2672 ἀφθὸρῳ
849 2601 995 2673 τόκῳ
1046 2602 1254 2664 πάντας
1303 2602 1596 2669 ὲνέδυσας,
1657 2603 1874 2676 σεμνὴ,

299 2682 384 2751 οἷς
424 2689 522 2760 τὴν
565 2690 768 2760 σεπτὴν
800 2690 1010 2760 ἐσθῆτά
1070 2708 1163 2746 σου
1211 2690 1514 2762 δεδώρησαι
1569 2692 1728 2746 ὄλϐον
1777 2694 1870 2748 dv-

297 2781 620 2852 αφαίρετον.

1971 587 2069 641 per
2126 585 2291 641 quam
2325 584 2518 625 omnes
2559 567 2999 624 adversariorum
3037 567 3273 636 impetus
3311 567 3538 636 spiritus

1972 661 2169 715 robore
2202 669 2466 730 perpetuo
2492 659 2858 714 declinamus.-

2043 751 2194 822 Ejus,
2228 753 2321 823 qui
2350 761 2571 823 propter
2603 769 2703 807 nos
2731 767 2794 806 ex
2836 751 3006 806 castis
3039 749 3396 821 sanguiuibus
3427 759 3535 802 tuus

1971 842 2027 896 in
2058 857 2223 896 carne
2249 856 2412 911 super
2444 852 2643 896 terram
2670 840 2921 911 cognitus
2949 849 3052 902 est,
3082 847 3285 893 vestem
3318 853 3530 892 sacram

1972 942 2177 988 attactu
2209 932 2591 994 sanctiﬁcasti,
2621 933 2870 1001 corporis
2892 931 3101 987 scilicet
3141 931 3216 984 tui
3250 940 3538 989 contactu;

1973 1040 2068 1093 per
2106 1039 2271 1094 quam
2320 1037 2516 1078 omnes
2563 1039 2752 1080 servos
2807 1033 2951 1089 tuos,
2994 1023 3090 1094 qui
3129 1033 3182 1077 te
3223 1022 3468 1086 laudant,
3509 1036 3544 1076 ο

1976 1115 2163 1184 Virgo,
2194 1116 2532 1170 sanctiﬁcas.

2042 1205 2197 1260 Sicut
2225 1205 2544 1261 thesaurum
2568 1204 2969 1269 honorabilem,
3001 1215 3204 1260 vestem
3241 1213 3387 1260 tuam
3419 1217 3543 1275 prc'-

1977 1295 2176 1350 tiosam
2209 1295 2427 1350 donasti
2462 1295 2592 1360 illis,
2625 1295 2716 1364 qui
2759 1304 2812 1350 te
2841 1294 3069 1349 ﬁdeliter
3093 1298 3298 1361 colunt,
3321 1309 3354 1348 ο
3378 1294 3542 1364 Virgo

1972 1401 2099 1440 vere
2137 1386 2566 1457 benignissima,
2628 1387 2809 1440 ditans
2856 1400 3049 1440 omnes
3077 1385 3317 1455 Spiritus
3367 1386 3542 1440 sancti

1973 1478 2157 1540 donis,
2192 1478 2494 1546 multisque
2533 1477 2926 1532 miraculorum
2965 1476 3398 1532 ostensionibus.

2043 1568 2182 1622 Tota
2218 1583 2354 1638 pura
2385 1582 2546 1637 agna,
2578 1583 2701 1638 qua:
2737 1567 2953 1638 Aguum
2980 1567 3091 1627 ,Dei
3137 1581 3303 1635 supra
3332 1575 3542 1622 natura:

1972 1659 2192 1713 modum
2255 1659 2487 1728 peperit,
2546 1658 2736 1727 largita
2782 1667 2867 1713 est
2899 1658 3058 1713 nobis
3106 1659 3396 1728 pretiosam
3445 1673 3539 1712 ve-

1975 1760 2114 1806 stem
2171 1765 2352 1812 suam,
2400 1751 2618 1805 assidue
2672 1749 3061 1804 emundantcm
3117 1765 3310 1805 omnes
3357 1751 3542 1806 sordes

1901 1849 1943 1903 B
1974 1858 2040 1900 ac
2085 1844 2332 1899 maculas
2365 1859 2578 1909 eorum,
2620 1845 2714 1912 qui
2762 1843 2934 1913 ipsam
2977 1844 3240 1909 adorant;
3281 1857 3313 1898 ο
3350 1843 3544 1897 imma-

1972 1935 2332 1992 culatissima.

2573 2026 2680 2098 ιε
2711 2025 2823 2083 Ode
2853 2025 2912 2080 δ.

2045 2134 2198 2201 Eam,
2252 2150 2374 2205 qua:
2417 2144 2500 2190 est
2524 2135 2763 2206 jucunda
2802 2135 3184 2199 sanctiﬁcatio,
3229 2145 3386 2205 porta
3428 2150 3544 2190 cce-

1975 2227 2151 2295 lestis,
2202 2227 2408 2297 Deique
2431 2226 2628 2294 Mater,
2660 2228 2984 2294 laudemus;
3024 2239 3336 2298 vestemque
3376 2229 3542 2294 illius,

1977 2337 2044 2377 ex
2077 2336 2186 2392 qua
2216 2321 2401 2382 divina
2439 2321 2772 2378 charismata
2805 2323 3140 2388 scatttriunt,
3172 2322 3390 2394 hymnis
3419 2339 3544 2379 cum

1979 2413 2082 2470 {ide
2111 2415 2474 2470 celebremus.

2064 2506 2338 2564 Mediante
2369 2517 2530 2580 partu
2574 2517 2668 2562 tuo
2695 2507 3041 2579 incorrupto,
3073 2524 3266 2565 omnes
3303 2525 3398 2579 per
3425 2524 3551 2565 cor-

1979 2601 2291 2672 ruptionem
2315 2602 2570 2667 nudatos,
2604 2601 3032 2673 incorruptionis
3061 2603 3265 2658 amictu
3295 2603 3541 2664 induisti.

1988 2708 2021 2748 ο
2073 2701 2303 2763 augusta
2339 2691 2486 2764 (22);
2534 2704 2698 2763 atque
2731 2695 2926 2750 iisdem
2955 2704 3159 2750 vestem
3201 2704 3346 2752 tuam
3379 2711 3555 2750 vene-

1980 2788 2235 2852 ramlam.
2278 2788 2502 2846 stabiles
2525 2803 2596 2845 ac
2631 2803 2897 2859 perennes
2937 2789 3160 2844 divitias
3229 2790 3420 2860 largita
3472 2806 3554 2860 es.

378 2874 517 2945 (εἴ)
562 2873 884 2931 Beatissima
928 2883 1078 2930 veste
1114 2884 1211 2934 tua
1254 2874 1408 2932 illum
1455 2875 1885 2945 circumdedisti,
1938 2895 1971 2935 ο
2009 2881 2360 2938 immaculata
2389 2881 2526 2952 (9.5),
2570 2883 2664 2952 qui
2703 2881 2934 2938 nubibus
2999 2882 3200 2938 ctelum
3235 2883 3410 2937 induit
3433 2883 3556 2937 uui-

302 2979 525 3020 versum
555 2985 567 3020 :
606 2981 725 3020 eam
767 2966 930 3037 igitur
959 2967 1249 3022 adorantes
1279 2982 1403 3025 eum
1452 2966 1576 3033 lide,
1610 2979 1663 3023 te
1691 2969 2084 3040 gloriﬁcamus,
2117 2990 2150 3026 ο
2182 2974 2540 3042 patrocinium
2577 2974 2884 3028 animarum
2918 2982 3254 3030 nostrarum.

392 3053 652 3126 Ἰατρεῖον
679 3056 910 3126 ἄμισθον
937 3058 1050 3120 τοῖς
1073 3046 1398 3110 ἀσθενοῦσιν
1422 3057 1658 3130 ὑπάρχει
1683 3059 1712 3112 ὁ
1735 3060 1876 3126 θεῖος

303 3137 462 3209 οὗτος
509 3143 685 3210 οἶκος·
731 3146 830 3217 τὴν
878 3147 987 3218 γὰρ
1033 3147 1236 3218 ἐσθῆτά
1288 3164 1419 3215 σου,
1465 3149 1646 3224 ἁγνὴ,
1698 3151 1881 3222 πηγὴν

2055 3062 2149 3119 Est
2182 3064 2298 3118 hac
2332 3063 2529 3120 domus
2568 3071 2680 3128 tua,
2725 3064 3148 3119 medicaminum
3189 3063 3428 3135 gratuita
3473 3061 3559 3116 of-

1991 3155 2153 3212 ﬁcina
2183 3156 2376 3212 morbo
2419 3155 2801 3212 laborantibus
2831 3173 2846 3210 :
2886 3155 3132 3224 possidet
3171 3156 3318 3210 enim
3350 3163 3554 3210 restem

313 3357 404 3413 die
441 3351 1018 3427 2_Julii,_h_ujusmodi
1053 3363 1182 3427 est;
1225 3374 1246 3406 ‹
1283 3353 1464 3427 Galba
1485 3363 1542 3410 et
1577 3354 1885 3427 candidus,
1911 3367 1955 3426 c
1991 3375 2059 3414 ex
2091 3358 2141 3414 vi
2171 3359 2488 3414 meritorum
2512 3356 2738 3412 Christi.
2773 3356 3116 3427 Quapropter
3142 3357 3201 3412 S.
3235 3356 3558 3412 Ambrosius

347 3425 514 3481 emini
549 3423 796 3495 patricii,
842 3425 1085 3495 germani
1123 3423 1356 3495 Matres,
1405 3426 1671 3482 adorandi
1711 3443 1884 3486 causa

339 3494 744 3565 lierosolymam
793 3493 1044 3566 proiecti,
1101 3495 1155 3549 in
1192 3494 1534 3552 Palaestinam
1588 3507 1887 3563 venerunt,

311 3563 753 3640 quibusdamque
796 3563 1070 3619 ‘Galilaais
1150 3566 1264 3621 oris
1335 3567 1663 3640 peragratis,
1741 3567 1888 3637 apttd

311 3582 753 3640 qumosoamque
829 3582 1070 3619 balineis
1150 3582 1264 3621 oris
1335 3582 1663 3690 peragratis,
1741 3582 1888 3637 apud

311 3638 608 3710 quamdam
656 3635 935 3690 Hebraaam
977 3644 1285 3690 matronam
1383 3677 1397 3691 .
1437 3634 1676 3710 Virginis
1720 3653 1888 3693 vene-

313 3707 540 3764 randam
583 3714 788 3759 vestem
832 3714 1148 3776 repererunt
1177 3722 1190 3758 :
1235 3721 1399 3776 quam
1428 3718 1487 3762 ut
1518 3707 1886 3776 acquirerent,

317 3719 540 3764 ranoam
583 3719 788 3759 vestem
832 3719 1148 3829 reple-reruni
1177 3722 1190 3758 :
1235 3721 1399 3776 quam
1428 3719 1487 3762 ut
1518 3719 1886 3776 acquirerent,

317 3779 422 3833 hac
442 3785 561 3848 arte
591 3776 676 3830 usi
706 3784 855 3830 sttnt.
943 3776 1324 3848 ierosolymam
1355 3777 1682 3848 peregrinati
1706 3779 1890 3833 omnia

318 3849 432 3902 illic
453 3846 575 3918 loca
611 3855 801 3918 sancta
829 3845 1510 3918 venerabundiadierant;
1537 3849 1892 3918 arculamque

316 3917 662 3989 persimilem
699 3915 776 3969 illi
827 3915 881 3968 in
911 3931 1035 3989 qua
1071 3916 1163 3970 Dei
1212 3915 1404 3989 Matris
1441 3919 1674 3972 multum
1713 3915 1886 3972 bono-

318 3985 489 4043 ianda
529 3986 697 4041 vestis
731 3985 1165 4050 custodiebatur.
1201 3987 1316 4041 lieri
1335 3997 1598 4041 curarunt
1621 3989 1889 4053 ;reversi-

318 4075 426 4128 que
462 4056 529 4110 ad
564 4066 869 4128 matronam
902 4070 1058 4110 suam
1097 4056 1245 4110 illam
1284 4071 1514 4111 vacuam
1555 4057 1622 4110 ad
1653 4057 1891 4128 speciem

325 4126 685 4197 reliquerunt,
714 4126 861 4180 illam
893 4141 1044 4197 vero,
1077 4128 1132 4180 in
1159 4141 1267 4195 qua
1297 4126 1707 4197 sacrosanctum
1761 4127 1892 4181 illud

319 4209 375 4254 et
407 4196 652 4252 divinum
685 4206 808 4251 erat
835 4196 1240 4259 indumentum,
1278 4196 1548 4251 sublatam
1577 4211 1762 4252 secum
1795 4212 1894 4266 ap-

321 4275 628 4338 portarunt,
658 4275 712 4321 et
758 4267 1284 4338 Constantinopolim
1341 4268 1594 4336 regressi,
1634 4266 1710 4338 Ain
1756 4268 1890 4321 sub-

323 4335 482 4393 urbio
533 4351 657 4398 suo,
710 4336 798 4391 cui
847 4335 1164 4392 Blacherua:
1225 4335 1444 4402 nomen,
1509 4335 1890 4391 condiderunt.

321 4408 474 4461 Clam
539 4406 798 4462 omnibus
850 4407 1177 4460 thesaurum
1239 4420 1464 4462 servare
1525 4407 1705 4460 conati
1768 4422 1894 4462 cum

324 4476 532 4534 [rustra
581 4477 836 4542 fuissent,
883 4476 1203 4547 imperatori
1231 4491 1349 4531 rem
1383 4477 1654 4547 aperiunt.
1689 4478 1780 4546 qui
1817 4477 1896 4531 al-

324 4549 448 4602 lata:
493 4548 659 4602 vestis
691 4547 884 4601 nuntio
924 4545 1227 4602 incredibili
1268 4545 1470 4616 gaudio
1521 4545 1748 4602 allectus
1790 4555 1892 4610 est,

328 4620 459 4673 dum
486 4634 605 4672 eam
631 4618 1073 4681 exoscularetur,
1111 4617 1550 4686 amplecteretur,
1581 4618 1898 4686 temploque

327 4689 382 4742 in
422 4687 924 4758 ipsisHBlachernis
969 4688 1231 4750 excitato,
1269 4702 1452 4758 arcam
1493 4687 1690 4758 ibidem
1741 4702 1896 4756 repo-

326 4755 460 4813 suit.
507 4777 524 4810 ι
573 4756 848 4812 Hactenus
878 4756 1080 4812 Menaaa
1120 4759 1262 4827 apud
1309 4757 1604 4811 Baderum.
1638 4755 1898 4811 Eamd’em

330 4828 644 4891 historiam,
678 4827 1020 4898 ethquidem
1074 4829 1382 4882 uberiorem
1441 4837 1521 4898 et_
1550 4828 1902 4898 prolixiorem

328 4900 502 4953 babes
554 4896 694 4966 apud
749 4893 1118 4967 Nicephorum
1172 4898 1268 4952 lib.
1335 4913 1401 4951 xv
1469 4893 1615 4961 IIiSt.
1679 4895 1905 4959 Eccles.,

327 4985 456 5036 cap.
487 4969 592 5034 εις
629 4967 1050 5037 Metapbrastem
1077 4969 1131 5022 in
1150 4968 1399 5022 oratione
1429 4967 1497 5023 de
1528 4969 1638 5020 vita
1670 4976 1724 5020 et
1755 4968 1908 5021 obitu

329 5039 702 5108 sanctissima:
729 5036 982 5106 Deiparte
1007 5037 1150 5108 apud
1173 5038 1392 5108 Surium
1423 5037 1616 5108 die_15
1639 5039 1907 5106 Augusti;

331 5109 630 5180 Georgium
656 5105 1129 5180 Nicomediensem
1149 5107 1403 5180 oratione
1430 5109 1482 5160 in
1502 5105 1908 5180 Depositionem

330 5176 592 5249 pretiosa:
626 5179 797 5234 vestis
848 5176 1094 5249 Deipara:
1143 5177 1202 5249 _in
1244 5177 1607 5249 Blaclieinis,
1637 5177 1908 5249 aliosque.

403 5251 518 5318 (22)
551 5253 604 5304 ln
639 5251 675 5304 Ι.
713 5249 990 5316 Princeps,
1020 5248 1082 5300 ϐ.
1131 5247 1205 5299 De
1236 5247 1430 5316 legibus
1468 5251 1581 5301 haec
1599 5248 1907 5300 habentur:

337 5339 356 5372 ι
403 5321 669 5391 Princeps
727 5320 967 5391 legibus
1000 5318 1256 5391 subditus
1321 5333 1428 5370 non
1489 5326 1612 5370 est:
1665 5322 1909 5391 augusta

328 5405 487 5456 vero,
535 5386 662 5446 licét
691 5390 766 5445 sit
785 5386 1051 5452 'snbdita,
1082 5389 1337 5457 princeps
1371 5397 1554 5441 tamen
1584 5387 1772 5442 eadem
1801 5388 1914 5457 pri-

329 5455 530 5532 vilegia
577 5461 655 5514 illi
700 5459 973 5523 concedit,
1015 5455 1137 5528 qua:
1185 5455 1299 5532 ipse
1324 5458 1520 5532 habet.
1561 5458 1777 5532 i_(.‘ertc
1805 5455 1910 5532 _Pa-

324 5527 730 5586 tres'arbitrati
765 5539 918 5595 sunt,
944 5542 998 5585 et
1035 5527 1184 5593 vere,
1209 5528 1487 5582 Christum
1534 5528 1710 5582 solum
1742 5527 1912 5581 fuisse

331 5603 574 5657 solutum
616 5618 646 5655 a
692 5601 903 5670 legibus
947 5600 1153 5668 peccati
1193 5598 1478 5668 originalis
1513 5612 1610 5667 per
1637 5614 1718 5670 se,
1761 5607 1817 5670 et
1846 5612 1913 5650 ex

332 5674 386 5726 vi
451 5688 564 5725 sua:
622 5669 849 5735 natura),
909 5685 1007 5740 per
1061 5670 1166 5723 hoc
1225 5678 1406 5722 tamen
1473 5684 1582 5722 non
1631 5669 1912 5740 adimitur,

331 5742 393 5796 Β.
457 5741 768 5811 Virginem,
832 5738 1090 5809 tanquam
1163 5740 1528 5811 Augustam,
1573 5740 1642 5811 ab
1682 5738 1913 5811 Δὶιειιιξιιι

331 5808 643 5882 exetnptam
690 5811 862 5865 fuisse
900 5808 994 5880 per
1042 5810 1297 5882 gratiam,
1349 5818 1406 5864 et
1452 5808 1816 5878 privilegium,
1860 5817 1914 5860 et

1993 3432 2048 3484 in
2093 3431 2289 3499 psalm.
2334 3428 2791 3499 cxvut,rquando
2827 3428 3104 3497 Virginem
3151 3437 3435 3499 attestatus
3477 3439 3562 3483 est

1992 3498 2260 3570 integrant
2302 3499 2372 3554 ab
2405 3498 2553 3570 omni
2602 3499 2732 3570 labe,
2771 3500 2997 3568 peccati,
3039 3498 3268 3570 addidit,
3309 3515 3408 3570 per
3437 3515 3561 3570 gra-

1993 3567 2148 3629 lieni.
2189 3568 2258 3624 Et
2319 3569 2587 3623 Eusebius
2617 3567 2956 3635 Emissenus,
2989 3569 3210 3638 quando
3279 3567 3557 3622 Christum

1992 3640 2342 3698 solummodo
2372 3641 2576 3707 peccati
2606 3639 2892 3710 originalis
2922 3653 3223 3710 arumnam
3253 3638 3560 3710 dcclinasse

1992 3711 2254 3773 asseruit,
2315 3710 2478 3765 verba
2547 3725 2639 3778 per
2704 3708 2759 3763 se
2792 3710 3042 3779 protinus
3089 3708 3360 3778 adjunxit,
3391 3709 3562 3779 signi-

1989 3779 2160 3836 ﬁcare
2193 3780 2386 3837 volens
2431 3778 2804 3835 beatissimam
2844 3778 3121 3849 Virginem
3159 3791 3415 3849 tanquam
3448 3778 3563 3833 Au-

1993 3860 2229 3921 gustam,
2280 3867 2404 3921 quae
2454 3850 2722 3920 principis
2769 3847 3082 3921 privilegiis
3122 3847 3340 3921 gaudet.
3391 3847 3564 3902 fuisse

1993 3917 2088 3990 per
2137 3917 2540 3990 Citris'tumfac
2575 3917 2696 3987 ejus
2741 3917 3000 3989 gratiam,
3035 3917 3103 3990 ab
3145 3918 3392 3990 ejusdem
3433 3932 3562 3986 pec-

1993 3985 2099 4045 cati
2135 3989 2553 4057 inquinamento
2599 3985 3214 4058 preservatatn._ﬁaui,
3254 3995 3314 4040 ut
3355 3985 3483 4040 luna
3530 4004 3561 4040 a

1993 4060 2110 4114 sole
2140 4056 2360 4130 recipit
2402 4056 2756 4130 claritatem,
2781 4059 2854 4112 ita
2885 4057 2980 4113 Dei
3026 4056 3198 4130 Mater
3241 4059 3421 4130 omnia
3462 4071 3560 4130 sua

1996 4127 2298 4199 privilegia;
2332 4138 2386 4182 et
2416 4128 2716 4199 pt-azsertim
2747 4129 2849 4199 hoc
2880 4127 3351 4199 przeservationis;
3371 4127 3565 4199 recipit

1994 4195 2026 4253 ἐι
2098 4199 2258 4323 Filio.
2340 4195 2470 4254 Vide
2535 4195 2913 4268 Nieretiiberg.
2982 4197 3036 4252 in
3099 4196 3562 4267 exceptionibus,

1994 4284 2114 4323 can.
2192 4308 2206 4323 .

1994 4284 2114 4323 €30.
2152 4284 2206 4323 4.

2061 4286 2114 4340 p.
2152 4286 2206 4323 4.

2067 4339 2203 4410 (22‘)
2240 4337 2395 4394 Deest
2421 4338 2646 4410 stroplic
2685 4352 2790 4410 una
2823 4338 2877 4392 in
2924 4336 3141 4410 Menaeis
3175 4336 3480 4410 impressis,
3514 4344 3569 4388 ct

1995 4407 2136 4466 infra
2167 4407 2389 4480 plures;
2419 4407 2563 4478 quod
2593 4409 2760 4462 semel
2793 4408 3080 4480 monuisse
3111 4407 3364 4480 sufﬁciat.
3403 4407 3565 4480 Eutr.

2070 4477 2186 4551 (ΩΒ)
2219 4478 2292 4534 Ut
2322 4477 2631 4533 veritioetur
2660 4477 2806 4546 quod
2833 4492 3074 4548 purpura
3095 4478 3342 4551 regiasit
3364 4478 3567 4551 nitida,

1997 4546 2257 4606 et'outni
2307 4564 2534 4619 prorsus
2581 4552 2744 4603 sorde
2798 4546 3018 4611 \acaus,
3066 4548 3366 4617 requiritur
3425 4546 3569 4616 quod

2001 4620 2152 4674 nullo
2181 4622 2255 4676 sit
2297 4635 2524 4690 aspersa
2557 4619 2799 4690 pulvere,
2836 4628 2928 4671 aut
2963 4619 3572 4690 oleisiLconspurcata

1923 4723 1978 4782 1)
2005 4694 2153 4782 {est
2179 4686 2574 4782 θεοβξῑζιιὲιξιξί
2605 4690 2781 4782 ,εξὲἓξπξ
2823 4686 3570 4782 ΡὲἷίίξξῖῖοηΧῩτἫἪξΈΨ

2006 4764 2052 4816 si
2101 4763 2230 4831 quid
2275 4776 2402 4815 cuni
2437 4761 2559 4829 ejus
2605 4762 2783 4812 nitore
2822 4768 2934 4831 aut
2960 4759 3229 4831 munditia
3265 4760 3574 4831 consistere

2007 4827 2213 4902 posset,
2247 4827 2486 4885 maxime
2515 4831 2764 4902 modicus
2785 4827 2991 4897 pulvis,
3010 4829 3102 4896 qui
3133 4829 3386 4902 iacillime
3411 4843 3573 4902 excu-

2012 4899 2166 4967 titur,
2200 4919 2305 4955 non
2356 4916 2487 4955 vero
2527 4899 2668 4954 foeda
2707 4901 3075 4968 proserpentis
3107 4899 3210 4951 olei
3245 4899 3478 4960 macula,
3513 4915 3577 4949 ac

2010 4973 2065 5026 in
2106 4973 2314 5025 vicinas
2337 4977 2526 5039 partes
2554 4984 2613 5024 se
2636 4968 2991 5039 insinuantis,
3019 4977 3080 5039 ut
3115 4977 3291 5039 totum
3321 4976 3575 5039 contactu

2011 5058 2116 5096 suo
2170 5037 2446 5108 deturpet.
2505 5037 2708 5094 Eodem
2783 5038 2948 5108 modo
2999 5037 3172 5108 dictio
3225 5037 3579 5108 itu-iaculata

2011 5112 2217 5167 nullius
2247 5105 2456 5181 peccati
2504 5117 2627 5181 autA
2656 5107 2879 5161 macula:
2927 5105 3266 5161 consortium
3317 5105 3577 5181 admittit,

2011 5191 2064 5236 et
2095 5182 2140 5236 si
2170 5176 2293 5234 cuin
2328 5179 2514 5248 aliquo
2547 5177 2820 5233 cohaerere
2850 5184 3145 5245 pateretur,
3185 5176 3427 5248 maxime
3455 5189 3578 5225 cum

2015 5253 2233 5305 modico
2269 5244 2560 5302 venia'lium
2618 5244 2965 5315 peccatorum
3024 5244 3260 5308 naavulo,
3289 5259 3405 5315 non
3453 5257 3581 5315 vero

2015 5337 2140 5375 cum
2195 5319 2402 5387 peccati
2467 5312 2749 5387 originalis
2813 5315 3100 5387 gravitate,
3155 5314 3333 5387 quod
3367 5312 3582 5387 turpius

2018 5374 2165 5444 omni
2196 5374 2492 5442 iabet‘actat
2520 5374 2660 5440 oieo.
2695 5374 3035 5454 Quapropter
3064 5374 3193 5438 dum
3226 5374 3284 5437 S.
3309 5374 3583 5451 Josephus

2012 5460 2074 5512 Β.
2111 5458 2391 5528 Virginem
2430 5459 2590 5528 toties
2635 5456 2885 5528 absolute
2929 5455 3336 5528 immaculatam
3371 5468 3584 5528 n_uucu-

2013 5532 2183 5599 pavit;
2213 5522 2558 5599 conceptioni
2583 5527 2947 5599 immaculata:
2974 5540 3078 5599 non
3103 5525 3290 5599 solum
3317 5522 3586 5599 solli-aga-

2013 5595 2101 5654 ius
2149 5610 2254 5660 est.
2302 5595 2403 5653 sed
2439 5598 2618 5652 eidem
2653 5612 2754 5651 suo
2798 5595 3060 5664 suffragio
3103 5596 3315 5664 insigne
3353 5595 3587 5647 ain-tori-

2015 5673 2143 5726 tatis
2188 5671 2402 5740 pondus
2443 5667 2670 5724 addidit.
2725 5665 2855 5722 Vide
2906 5665 3278 5735 Nieremberg.
3318 5665 3373 5720 in
3414 5664 3587 5720 Exce-

2015 5745 2272 5812 ptionib.,
2304 5755 2425 5810 cap.
2461 5740 2516 5794 5.
