3978 6618
510 389 643 455 1007
1593 397 1651 457 S.
1694 396 2007 457 JOSEPIII
2048 397 2081 455 1?

2113 397 2205 457 ΥΜ
2217 397 2265 457 Ν
2269 396 2608 459 OGRAPHI
3580 407 3684 475 1008

510 519 682 572 tuam,
731 520 763 558 ο
799 506 1132 572 castissima,
1178 516 1341 579 atque
1390 507 1922 573 immaculatissima,
1962 508 2081 564 fon-

2116 511 2157 570 Α
2184 511 2479 575 ἀπαύστως
2528 510 2800 581 βρύουσαν
2840 508 3048 580 ίάματα
3090 510 3372 583 κέκτηται,
3406 517 3687 593 πανάμωμε.

507 607 615 651 tem
650 613 714 651 ex
746 613 857 668 quo
886 599 1244 654 medicamina
1280 598 1651 655 indeﬁcienter
1689 612 1967 655 emanant.

1190 688 1303 743 ()de
1334 689 1390 742 4.

2883 685 3006 757 neq
3028 683 3089 739 δ’.

582 777 830 832 Adeste:
881 778 1103 832 unicam
1147 778 1489 833 benedictam
1541 780 1983 850 magnilicemus;
2029 788 2084 835 et

2248 777 2660 848 Μεγαλύνωμεν
2676 778 2776 849 τὴν
2803 778 2972 849 μόνην
2990 778 3190 849 εὐλογη
3199 776 3385 848 μένην,
3411 781 3498 833 καὶ
3519 782 3604 852 τὴν
3619 785 3695 837 αὖ.

508 867 574 921 ad
620 876 825 921 vestem
862 866 1006 923 illius
1035 883 1160 923 cum
1210 867 1316 923 ﬁde
1354 868 1707 934 accedamus,
1757 882 1814 924 ut
1850 872 2079 941 gratiam

2178 868 2275 937 τῆς
2298 869 2498 938 ἐσθῆτα
2524 866 2964 938 προστησώμεθα
2984 866 3187 933 πίστει,
3209 866 3356 930 ὅπως
3375 867 3696 940 άρῤυσώμεθα

508 958 745 1023 Spiritus
772 958 1111 1013 bauriamus.

2177 960 2277 1032 τὴν
2317 962 2479 1031 χάριν
2506 960 2602 1013 τοῦ
2627 958 2966 1029 Πνεύματος.

580 1048 861 1118 Tanquam
900 1048 1361 1120 pretiosissimum
1397 1048 1743 1114 thesaurum,
1788 1049 1904 1103 hare
1943 1049 2079 1103 civi-

2261 1055 2348 1117 Ὠς
2380 1053 2677 1124 πολύτιμον
2712 1052 3068 1123 θησαύρισμα
3118 1051 3428 1122 κεκτημένη
3449 1094 3462 1118 ,
3492 1055 3521 1123 ἡ
3551 1055 3602 1107 σὲ
3636 1073 3698 1107 τι·

506 1152 589 1193 tas
637 1155 758 1210 qua:
804 1151 858 1195 te
914 1142 1172 1205 honorat,
1227 1141 1520 1210 possidens
1568 1150 1776 1195 vestem
1825 1151 1996 1206 tuam,
2045 1155 2077 1195 ο

2180 1146 2338 1217 μῶσα
2372 1145 2526 1208 πόλις
2554 1144 2652 1213 τὴν
2682 1142 2886 1213 ὲσθῆτά
2913 1160 3027 1210 σου,
3048 1143 3223 1215 Κόρη,
3247 1144 3424 1197 πίστει
3458 1148 3699 1198 κατασπά-

508 1234 706 1301 puella,
753 1249 877 1287 eum
905 1233 1013 1287 ﬁde
1048 1248 1169 1288 eam
1203 1231 1555 1303 amplectitur
1580 1238 1745 1301 atque
1771 1231 2075 1297 osculatur,

1426 1232 1555 1286 titur
1580 1238 1745 1301 atque
1771 1231 2075 1297 osculatur,
2176 1237 2348 1302 ζεται,
2382 1235 2476 1289 καὶ
2502 1234 2659 1306 χάριν
2692 1232 2997 1305 κομίζεται.

503 1331 555 1375 et
589 1324 817 1390 gratiam
851 1323 978 1378 inde
1010 1332 1272 1393 reportat.

572 1417 881 1473 Adoramus
921 1427 1128 1473 vestem
1159 1427 1330 1483 tuam,
1362 1432 1395 1472 ο
1435 1416 1902 1485 laudabilissima,
1969 1428 2228 1492 tanquam
2299 1420 2731 1492 incorruptionis
2769 1419 2994 1486 fontem,
3037 1429 3091 1476 ct
3128 1402 3313 1493 gloriae
3355 1418 3541 1475 stolam
3589 1417 3707 1473 exsi-

503 1518 732 1564 stentem
767 1509 1021 1565 omnibus
1056 1508 1408 1565 laudantibus
1433 1517 1504 1564 te.

573 1602 769 1656 Munda
820 1603 889 1657 ab
940 1602 1089 1658 omni
1147 1603 1265 1659 labe
1324 1612 1378 1659 et
1435 1604 1553 1659 sola
1599 1604 1885 1660 benedicta
1940 1605 2080 1678 (24).

2266 1607 2333 1660 Ἢ
2363 1606 2705 1677 πανάμωμος
2739 1606 2831 1660 καὶ
2862 1606 2996 1677 μόνη
3036 1605 3378 1677 εὐλογημένη
3404 1606 3507 1659 τῶν
3535 1607 3710 1678 Χερου-

502 1709 625 1763 quae
647 1694 941 1749 Cherubim
991 1695 1232 1749 sanctior
1263 1694 1599 1765 apparuisti;
1621 1694 1833 1752 animas
1860 1705 2073 1751 nostras

2185 1697 2286 1768 ὁὶμ
2312 1698 2562 1767 φανεῖσα,
2588 1696 2685 1759 τὰς
2706 1696 2885 1766 ψυχὰς
2907 1695 3064 1767 ήμῶν
3094 1696 3269 1749 σῶσον
3298 1697 3476 1766 πάσης
3497 1699 3710 1769 περιστά-

503 1790 570 1842 ab
589 1788 740 1842 omni
764 1787 1093 1843 adversitate
1114 1786 1350 1853 custodi,
1373 1786 1502 1843 dum
1540 1796 1590 1842 te
1610 1801 1731 1841 cum
1762 1787 1867 1842 lide
1898 1788 2073 1843 hono-

1540 1796 1590 1842 te
1610 1801 1731 1841 cum
1762 1787 1867 1842 lide
1898 1788 2073 1843 hono-
2106 1829 2151 1888 Β
2184 1805 2319 1852 σεως
2347 1788 2455 1842 τῶν
2478 1787 2659 1841 πίστει
2688 1786 2973 1859 τιμώντων
3002 1804 3084 1842 σε.

504 1895 714 1935 ramus.

1116 1969 1222 2041 19
1248 1967 1361 2025 Ode
1391 1970 1445 2026 5.
2166 2036 2167 2039 η

2166 2036 2167 2039 η
2812 1963 2933 2036 ᾮδὴ
2963 1962 3024 2018 εό

570 2062 949 2133 Undequaque
980 2061 1275 2131 purissima
1322 2062 1552 2117 Domina
1577 2060 1717 2133 (25),
1763 2070 1818 2117 tu
1859 2061 2075 2117 donasti

2241 2056 2337 2121 Σὺ,
2367 2054 2635 2109 Δέσποινα
2680 2054 2852 2124 ἁγνὴ,
2901 2059 3015 2118 τοῖς
3067 2057 3177 2115 σοῖς
3206 2053 3417 2118 δούλοις
3447 2054 3710 2127 δεδώρησαι

500 2154 676 2211 servis
723 2155 833 2210 tuis
868 2162 1071 2209 vestem
1118 2169 1182 2209 ac
1228 2154 1522 2224 pretiosam
1560 2169 1756 2209 zonam
1804 2163 1974 2221 tuam,
2016 2162 2071 2208 ut

2170 2147 2500 2218 κραταίωμα
2527 2147 2625 2219 τὴν
2653 2146 2891 2219 ἐσθῆτα,
2919 2147 3014 2200 καὶ
3059 2146 3250 2218 τιμίαν
3276 2164 3373 2200 σου
3414 2146 3601 2219 ζώνην,
3635 2148 3712 2201 καὶ

500 2250 569 2303 sit
598 2248 707 2303 illis
730 2248 899 2303 robur
921 2261 986 2301 ac
1010 2246 1258 2301 divinum
1288 2247 1713 2301 munimentum.

1185 2261 1258 2300 Im
1288 2247 1713 2301 munimentum.
2172 2241 2317 2295 θεῖον
2349 2241 2756 2313 περιτείχισμα.

567 2338 1031 2396 Jueundissimum
1059 2338 1404 2405 viridarium,
1433 2352 1656 2393 suavem
1676 2336 1912 2408 Spiritus
1935 2337 2070 2392 odo-

2250 2333 2582 2404 Παράδεισος
2599 2330 2833 2402 τερπνὸς
2864 2330 3094 2386 εὐωδίαν
3124 2330 3219 2386 τοῦ
3245 2331 3575 2403 Πνεύματος,
3600 2349 3712 2386 παν-

498 2449 614 2488 rem
649 2433 906 2487 emittens
936 2429 1144 2485 factum
1170 2438 1255 2485 est
1281 2429 1543 2500 templum
1575 2429 1731 2497 illud,
1759 2444 1793 2483 ο
1825 2437 1937 2483 tota
1962 2428 2069 2482 im-

2176 2428 2442 2498 άχραντε,
2497 2424 2844 2496 ἀποπέμπων
2883 2426 2911 2477 ὁ
2951 2425 3075 2490 ναὸς
3131 2423 3160 2475 ὁ
3213 2425 3461 2496 κατέχων
3501 2425 3590 2496 τὴν
3631 2424 3711 2494 σὴν

499 2526 796 2589 maculata,
827 2524 880 2578 in
913 2540 1023 2595 quo
1050 2532 1146 2577 tua
1182 2522 1351 2577 vestis
1380 2531 1758 2578 conservatur.

1488 2531 1758 2578 servatur.
2175 2518 2383 2589 ἐσθῆτα
2404 2516 2698 2573 δέδεικται.
3051 2537 3053 2540 ⁴

571 2616 799 2681 Repleta
850 2615 1000 2670 omni
1050 2614 1363 2680 sanctitate,
1413 2612 1697 2668 sanctiﬁea
1735 2611 1950 2668 animas
1995 2620 2047 2668 et
2108 2624 2342 2681 corpora
2387 2616 2601 2674 nostra,
2645 2607 2775 2662 dum
2805 2614 3009 2662 vestem
3079 2616 3228 2662 tuam
3294 2615 3539 2663 sanctam
3570 2607 3713 2661 hono-

497 2725 706 2776 ramus,
739 2721 999 2780 tanquam
1027 2709 1175 2763 omni
1207 2707 1415 2764 honore
1440 2708 1842 2777 dignissimam.

570 2801 820 2858 Genitrix
869 2801 987 2867 Dei,
1037 2799 1123 2856 fac
1169 2815 1270 2856 nos
1312 2799 1510 2869 templa
1544 2799 1636 2854 Dei
1678 2800 1773 2869 qui
1804 2797 2072 2853 habitavit

2245 2798 2428 2861 Ναοὺς
2474 2796 2623 2867 ἡμᾶς
2656 2795 2792 2849 Θεοῦ
2834 2794 2929 2849 τοῦ
2970 2796 3031 2851 ὲν
3060 2796 3142 2850 σοὶ
3186 2796 3567 2867 ἐνοικήσαντος
3609 2795 3710 2849 ἀνά-

497 2893 556 2949 in
583 2901 655 2958 te,
684 2892 811 2947 dum
844 2902 896 2948 te
926 2893 980 2947 in
1012 2892 1212 2961 templo
1243 2900 1336 2946 tuo
1364 2891 1551 2945 divino
1579 2907 1702 2946 cum
1732 2890 1837 2946 ﬁde
1859 2888 2067 2959 gloriﬁ-

2174 2888 2381 2956 δειξον,
2413 2888 2644 2942 Θεοτόκε
2664 2928 2680 2953 ,
2716 2889 2843 2952 τοὺς
2884 2888 2962 2959 τῷ
2995 2888 3126 2959 θείῳ
3173 2888 3286 2960 ναῷ
3319 2906 3418 2942 σου
3450 2887 3642 2951 πιστῶς
3666 2903 3714 2939 σε

493 3000 709 3042 camus.

2178 2979 2599 3052 μακαρίζοντας.

1166 3076 1280 3131 Ode
1334 3076 1388 3130 6.
2115 3143 2122 3144 ί

2115 3143 2122 3144 ,
2851 3072 2974 3144 ᾮδὴ
3012 3070 3086 3137 ς’·

566 3167 1047 3240 lnexpugnanilem
1091 3176 1351 3237 tanquam
1399 3182 1639 3234 murum,
1676 3182 1710 3221 o
1742 3165 1912 3222 Mater
1944 3182 2067 3222 om-
2095 3143 2137 3204 θ

2254 3165 2558 3231 Ἀνέδειξας
2608 3170 2675 3239 τῇ
2720 3143 2913 3219 πασῶν
2978 3165 3210 3235 βασιλίδι
3262 3164 3376 3217 τῶν
3429 3162 3713 3229 πζλεων,ἠ

496 3264 648 3318 nium
687 3261 852 3332 Regis
897 3269 952 3315 et
992 3257 1234 3326 Domini,
1282 3258 1481 3314 dedisti
1512 3259 1791 3314 civitatum
1826 3259 2067 3314 omnium

2170 3257 2407 3313 τεκοῦσα
2442 3257 2685 3312 Βασιλέα
2715 3259 2824 3312 τῶν
2850 3257 2987 3311 ὅλων
3014 3260 3107 3311 καὶ
3137 3255 3368 3328 Κύριον,
3400 3255 3628 3328 ἀρραγὲς
3652 3252 3714 3315 ὡς

491 3356 700 3426 reginae
728 3361 933 3408 vestem
965 3361 1113 3406 tuam
1145 3358 1391 3406 sanctam
1430 3364 1494 3405 ac
1516 3351 1905 3406 venerabilem.

1839 3366 1905 3405 m.
2168 3353 2347 3421 τεῖχος
2376 3350 2475 3421 τὴν
2503 3350 2709 3421 σεπτὴν
2738 3352 2833 3405 καὶ
2856 3352 3018 3419 ἁγίαν
3048 3349 3257 3419 ἐσθῆτά
3291 3366 3410 3411 σου.

567 3447 684 3501 Nos
712 3445 1035 3514 gaudentes,
1075 3440 1312 3512 Virginis
1330 3442 1563 3513 gratiam
1591 3441 1985 3512 gloriﬁcemus,
2005 3456 2071 3497 ac

2238 3442 2536 3514 Γηθόμενοι
2585 3441 2687 3512 τῆς
2741 3440 3021 3514 Παρθένου
3056 3442 3157 3510 τὴν
3190 3441 3355 3510 χάριν
3406 3439 3713 3507 δοξάσωμεν,

495 3536 905 3594 sanctissimam
935 3533 1084 3587 illius
1113 3542 1321 3588 vestem
1350 3547 1695 3595 veneremur,
1724 3547 1790 3586 ex
1814 3547 1923 3602 qua
1946 3546 2066 3587 om-

2169 3535 2264 3589 xa‘t
2295 3535 2397 3605 τὴν
2430 3533 2633 3604 ταύτης
2664 3534 2940 3603 παναγίαν
2968 3533 3171 3603 ἐσθῆτα
3201 3534 3549 3605 τιμήσωμεν,
3589 3532 3640 3596 ἐξ
3662 3525 3716 3603 ἦς

496 3628 587 3684 nis
614 3626 824 3682 sanitas
852 3639 918 3680 ac
947 3623 1119 3678 robur
1148 3623 1340 3677 morbo
1368 3623 1750 3680 laborantibus
1779 3623 2066 3680 incessan-

2005 3639 2066 3677 ιι-
2176 3628 2328 3681 πᾶσα
2356 3627 2523 3698 ῥῶσις
2552 3625 2875 3681 ἀσθενοῦσιν
2904 3626 3198 3690 ἀπαύστως
3229 3627 3576 3697 προέρχεται.

496 3729 579 3775 ter
610 3725 918 3789 promanat.

563 3811 959 3868 lnexhaustum
1005 3824 1272 3880 aquarum
1324 3810 1570 3866 vitalium
1619 3810 1823 3865 fontem
1880 3821 1931 3866 te
1962 3811 2236 3878 novimus,
2306 3826 2338 3867 0
2369 3811 2621 3883 Deipara,
2687 3821 2944 3883 tuamque
3018 3810 3259 3867 divinam
3340 3821 3545 3867 vestem
3578 3822 3716 3863 vene-

490 3925 707 3975 ramur,
752 3923 820 3964 ex
868 3922 977 3978 qua
1026 3923 1126 3963 nos
1173 3906 1359 3963 ﬁdeles
1406 3907 1651 3979 quotidie
1701 3908 2067 3963 medicamina
2101 3908 2410 3963 haurimus.

565 4003 941 4059 Substantiam
968 4001 1247 4057 hominum
1278 4003 1384 4058 sibi
1416 4002 1520 4073 ipsi
1542 4001 1900 4058 domesticam
1934 4002 2064 4058 fecit

2255 4005 2315 4056 '0
2354 4002 2559 4073 Κύριος
2617 4003 2755 4072 μετά
2794 4002 2928 4069 σοῦ,
2981 4002 3210 4056 Θεοτόκε
3234 4042 3249 4068 ,
3300 4003 3593 4074 γενόμενος
3628 3999 3717 4052 τῶν

491 4095 778 4161 Dominus,
822 4095 1079 4150 habitans
1128 4093 1181 4148 in
1231 4103 1301 4159 te,
1348 4110 1381 4149 ο
1429 4092 1682 4164 Deipara,
1733 4109 2062 4166 omnemque

2171 4092 2474 4165 ἀνθρώπων
2504 4094 2681 4164 ἑαυτῷ
2700 4094 2797 4167 τὴν
2822 4094 3008 4147 οὐσίαν
3029 4093 3328 4164 ᾠκείωσεν,
3357 4098 3452 4147 καὶ
3471 4093 3561 4147 τοῦ
3585 4091 3717 4145 ἀλλο-

492 4190 667 4244 bostis
691 4188 969 4244 laesionem
994 4186 1064 4241 ab
1089 4200 1155 4242 eo
1186 4187 1595 4241 exterminavit.

2169 4186 2321 4243 τοίου
2359 4186 2419 4250 ἐξ
2445 4187 2615 4257 αὐτῆς
2647 4188 2828 4241 πᾶσαν
2864 4186 3071 4259 βλάϐην
3094 4186 3381 4259 ἐξώρισεν.

1171 4297 1286 4353 Ode
1324 4300 1377 4353 7.

2853 4299 2977 4372 ᾮδὴ
3005 4298 3068 4366 ζ’-

566 4392 837 4462 Depresso
867 4400 1031 4461 atque
1060 4389 1256 4445 humili
1287 4390 1474 4457 corde,
1503 4400 1794 4462 menteque
1817 4391 2059 4457 sublimi,
2092 4459 2130 4466 ξ

2249 4391 2600 4464 Ὑψηλοτάτῳ
2630 4393 2710 4448 νοῒ
2741 4394 2835 4447 κα)⁸
2864 4397 3095 4466 ταπεινῇ
3122 4392 3321 4466 καρδίᾳ
3350 4393 3447 4448 τοῦ
3481 4389 3716 4465 βασιλέως

493 4459 823 4540 altissimum
857 4459 1025 4551 Regis
1056 4481 1313 4536 thronum
1338 4459 1746 4550 gloriﬁeemus';
1774 4482 2063 4537 sanctissi-

2166 4459 2502 4562 sum...
2550 4459 2642 4547 τὸν
2691 4492 2880 4563 θρόνον
2944 4459 3259 4563 δοξάσωμεν
3294 4459 3416 4562 ’τὴν
3469 4459 3716 4555 παναγίσν

496 4591 639 4630 mam
668 4576 875 4631 scilicet
903 4584 957 4628 et
980 4573 1194 4644 plenam
1225 4574 1403 4643 gratia
1433 4573 1689 4643 puellam.

1397 4597 1403 4627 l
1433 4573 1689 4643 puellam.
2163 4583 2333 4653 κόρην
2365 4584 2463 4655 τὴν
2496 4584 2968 4656 κεχαριτωμένην.

562 4667 673 4738 2ο
702 4668 757 4722 1η
786 4668 892 4721 hoc
914 4665 1152 4720 thalamo
1170 4672 1262 4719 tuo
1288 4665 1596 4720 venerando
1619 4677 1950 4722 asservatam
1975 4681 2067 4723 ve-

2232 4676 2451 4741 Παστάς
2498 4677 2634 4731 Θεοῦ
2681 4677 2952 4745 ὲκλεκτὴ,
2993 4677 3052 4730 ὲν
3098 4678 3164 4749 τῇ
3205 4678 3381 4748 σεπτῇ
3439 4692 3532 4728 σου
3566 4670 3714 4737 ταύτῃ

490 4767 631 4815 stem
675 4767 826 4812 tuam
884 4772 1011 4812 cum
1053 4756 1159 4812 ﬁde
1184 4756 1542 4823 bonoramus,
1578 4766 1838 4828 tanquam
1878 4774 2061 4814 arcam

2163 4768 2395 4823 παστάδι
2428 4769 2610 4822 πίστει
2637 4770 2736 4840 τὴν
2769 4769 2978 4841 ἐσθῆτά
3015 4787 3110 4822 σου
3149 4770 3416 4838 κειμένην
3448 4762 3714 4834 σεϐόμεθα,

489 4862 759 4916 sanctam,
832 4860 887 4907 et
933 4852 1190 4923 pietatem
1231 4852 1527 4908 colentium
1565 4854 1982 4925 protectionem,
2026 4870 2060 4911 ο

1930 4870 1982 4921 η,
2026 4870 2061 4911 0
2163 4863 2240 4927 ὡς
2271 4863 2503 4917 κιϐωτὸν
2536 4864 2702 4932 ἁγίαν
2733 4862 2832 4916 καὶ
2860 4862 3231 4915 εὐσεϐούντων
3263 4860 3501 4932 σκέπην.

491 4947 587 5002 Dei
614 4946 851 5001 tbalame
872 4945 1060 5001 electe.

560 5038 607 5090 Α
627 5045 899 5092 vetustate
927 5037 1192 5092 liberatur
1218 5038 1399 5094 omnis
1420 5038 1513 5109 qui
1538 5053 1662 5093 eum
1688 5037 1794 5094 ﬁde
1828 5039 2061 5104 accedit,

2255 5038 2689 5100 Ἀνακαινιςεται
2729 5038 2837 5100 πᾶς
2866 5037 2895 5089 ὁ
2920 5034 3160 5107 προσιὼν
3186 5036 3245 5088 ὲν
3278 5034 3489 5099 πίστει,
3520 5035 3611 5086 καὶ
3634 5043 3718 5094 την

487 5138 542 5183 et
581 5137 828 5183 sanctam
877 5128 1157 5198 capsulam
1207 5129 1508 5195 osculatur,
1554 5140 1676 5200 quae
1722 5130 2058 5200 splendidam

2168 5130 2331 5198 ἁγίαν
2360 5130 2740 5199 ἀσπαζόμενος
2774 5128 2931 5201 σορὸν
2964 5128 3063 5199 τὴν
3105 5128 3447 5199 κατέχουσαν
3487 5126 3583 5195 τὴν
3614 5124 3716 5191 σὴν,

487 5224 693 5271 vestem
721 5225 866 5268 tuam
895 5217 1160 5282 continet,
1195 5231 1229 5270 ο
1255 5214 1420 5289 Virgo
1450 5227 1622 5273 casta.

1571 5233 1622 5272 a.
2170 5220 2309 5291 ἁγνὴ
2335 5220 2601 5292 Παρθένε,
2628 5222 2894 5293 φωτοειδῆ
2920 5220 3142 5290 ἐσθῆτα.

559 5397 671 5481 (ἓρ)
706 5396 791 5481 {tu
818 5396 934 5451 huc
968 5396 1643 5481 verba-immaculataanB.
1661 5396 1905 5481 Virginis
1925 5414 2066 5481 ἐορ-
2246 5400 2360 5481 (ἓξ)
2410 5400 2551 5467 Quid
2583 5410 2669 5481 est
2708 5415 2830 5455 esse
2862 5403 3227 5481 undequaque
3268 5392 3720 5481 purum,.nisi_e:!

482 5462 726 5535 ceptioni
770 5466 1006 5529 faveant,
1042 5465 1252 5535 iudicet
1294 5470 1682 5541 leet‘oquel-te
1720 5462 1827 5541 ego
1861 5469 2064 5541 intellif
2164 5462 2316 5525 omni
2344 5462 2524 5541 parte,
2569 5480 2734 5539 atque
2763 5487 2826 5525 ex
2861 5462 3482 5541 omni-genere'earere
3510 5462 3720 5541 impuri:

486 5528 751 5614 gerenon
782 5528 1348 5614 possuquuomodo
1389 5538 1447 5591 Β.
1489 5528 1927 5614 \'irgo_ab§ol_pte
1954 5539 2060 5614 diei
2162 5542 2312 5595 tate?
2352 5528 2478 5595 Non
2503 5528 2720 5614 luisset
2756 5542 2922 5610 igitur
2954 5528 3015 5594 Β.
3054 5528 3220 5614 Virgo
3250 5528 3635 5614 undequaque,
3676 5528 3719 5581 id

522 5609 660 5663 ossit
700 5610 904 5680 munda
952 5610 1020 5660 ab
1047 5608 1370 5680 oumi_labe.
1421 5618 1477 5662 et
1517 5611 1631 5663 sola
1661 5610 1970 5673 benedicta,
2001 5608 2059 5680 psi
2161 5618 2331 5666 estex
2365 5612 2513 5665 omni
2539 5623 2710 5680 parte,
2734 5608 2901 5680 atque
2924 5624 2992 5665 ex
3013 5608 3173 5680 omni
3190 5623 3389 5680 genere
3413 5608 3719 5680 purissima.

505 5680 606 5731 abe
632 5678 915 5752 originalis
940 5678 1149 5752 peccati
1179 5676 1399 5752 taedam
1446 5680 1741 5747 aliquando
1783 5679 2059 5752 apparuit,
2162 5680 2205 5735 si
2238 5697 2302 5736 ex
2337 5691 2490 5750 parte
2514 5674 2893 5752 c'oneeptioiiis
2919 5679 3175 5750 originali
3194 5674 3718 5747 Tuisset'impuritate

481 5749 864 5822 ethcommuui
916 5748 1311 5822 maledictioni,
1367 5758 1426 5804 ut
1462 5752 1645 5805 caeteri
1694 5748 1884 5806 omnes
1932 5750 2061 5803 Adae
2160 5748 2469 5822 deturpata.

489 5818 607 5884 lilii,
640 5818 886 5888 subjecta
917 5818 1039 5873 fuit.
