3978 6592
326 400 463 466 1009

1728 412 2097 477 MARIALE.

3414 392 3550 487 1010

392 518 662 574 Euumdat
687 532 877 575 omnes
907 519 1101 577 anima:
1129 523 1399 589 sordes,o
1466 525 1630 598 Virgo
1692 530 2074 595 mundissima,
2110 528 2225 586 haec
2256 544 2404 597 arca,
2471 545 2591 603 quae
2619 532 2862 588 continet
2928 544 3131 591 vcstcm
3204 534 3372 598 illuni,
3439 554 3547 606 qua

317 627 518 681 corpus
548 620 702 667 tuum
724 613 1091 668 venerandum
1118 626 1433 686 coopertum
1468 616 1591 673 fuit.

390 705 757 777 Θεογεννῆτορ
786 706 945 777 ἁγνὴ,
994 707 1094 778 τὴν
1124 708 1184 762 σὲ
1220 710 1468 782 τιμῶσαν
1514 713 1668 767 πόλιν
1696 713 1880 786 λιμοῦ,

2055 716 2301 783 Custodi,
2336 719 2429 776 Dei
2460 720 2704 778 Genitrix
2729 738 2885 794 pura,
2934 723 3075 779 hanc
3109 722 3299 778 urbem
3344 738 3466 793 quae
3497 731 3549 778 te

318 798 547 869 σεισμοῦ
593 815 653 852 τε
692 800 786 852 καὶ
832 798 1128 864 κακώσεως
1172 802 1392 875 ἀπάσης
1439 806 1710 878 περίσωξε
1736 848 1752 876 ,
1796 808 1883 864 καὶ

2004 814 2247 880 honorat,
2311 830 2341 869 a
2408 814 2582 883 fame,
2641 826 2970 883 terrmmotu,
3025 827 3188 888 atque
3243 816 3390 871 omni
3468 813 3552 869 af-

315 890 540 963 εθνικῆς
569 891 783 962 ἐφόδου,
818 894 913 948 καὶ
942 892 1192 957 ἐναντίας
1226 894 1451 968 βλάϐης.
1482 958 1483 961 η

1018 1076 1125 1148 ῼδὴ
1164 1075 1236 1147 η’-

387 1166 748 1236 Εύχαρίστοις
774 1169 978 1238 φωναῖς
1007 1168 1360 1239 ἀνυμνοῦμέν
1392 1187 1450 1227 σε
1478 1171 1576 1242 τὴν
1616 1173 1883 1228 παντοίων

315 1257 497 1310 καλῶν
524 1260 654 1330 ἡμῖν
703 1259 983 1329 πρόξενον,
1014 1260 1106 1314 καὶ
1133 1259 1231 1331 τὴν
1276 1262 1480 1333 σεπτὴν
1533 1262 1738 1333 ἐσθῆτά
1787 1280 1882 1318 σου

314 1350 706 1421 ἀσπαζόμενοι,
725 1352 898 1424 Κόρη,
917 1352 1274 1418 ἀναϐοῶντεςο
1294 1354 1603 1423 Εὐλογεῐτε,
1627 1356 1695 1411 τὰ
1723 1356 1882 1429 ἔργα.

313 1441 406 1493 τὸν
436 1442 658 1513 Κύριον.

386 1532 594 1603 Νοητὸν
616 1534 690 1594 ὡς
712 1534 1020 1605 λαμπάδιον
1047 1534 1264 1607 ἔχοντες
1296 1538 1354 1591 ὲν
1382 1536 1577 1609 λυχνίᾳ
1602 1537 1883 1610 τραπέζης

308 1622 676 1693 ’προκείμενον
746 1622 807 1677 τὸ
868 1626 1011 1697 ἱερὸν
1090 1627 1358 1696 μαφόριον
1434 1628 1535 1697 τῆς
1606 1628 1882 1698 πανάγνου

315 1711 635 1783 Παρθένου,
691 1714 791 1779 τὰς
849 1716 952 1787 τῆς
1006 1718 1237 1789 καρδίας
1300 1719 1650 1790 φωτιζόμεθα
1715 1723 1882 1793 κόρας

313 1803 597 1860 ἑκάστοτε.

382 1896 649 1966 οὐδαμῶς
686 1895 1050 1968 ἀμοιροῦντας
1079 1898 1371 1964 κατέλιπες
1398 1901 1551 1972 ίερᾶς
1582 1918 1699 1969 σου,
1734 1903 1882 1974 [Iap-

310 1982 455 2049 θένε,
488 1984 882 2055 προσψαύσεως
909 1986 1036 2050 τοὺς
1057 1986 1313 2053 ἀναξίους
1340 1990 1563 2054 δούλους
1595 2009 1691 2045 σου
1720 2011 1734 2025 ο
1761 1995 1883 2047 ἀντὶ

1992 905 2269 962 ﬂictione:
2340 908 2408 963 ab
2463 910 2805 967 ethnicorum
2856 911 3082 981 impetu,
3140 919 3304 980 atque
3362 906 3550 965 hostili

1989 997 2227 1055 laesione.

2648 1094 2757 1150 Ode
2812 1094 2867 1150 8.

2055 1180 2100 1237 Ο
2150 1184 2394 1241 omnium
2452 1184 2610 1242 nobis
2663 1188 2930 1242 bonorum
2990 1186 3365 1253 conciliatrix,
3424 1200 3552 1241 cum

1984 1274 2285 1344 gratiarum
2332 1277 2547 1332 actione
2592 1286 2646 1332 te
2693 1278 3026 1332 laudamus:
3065 1286 3119 1332 et
3153 1287 3355 1333 vestem
3403 1286 3550 1332 tuam

1985 1367 2351 1423 venerabilem
2387 1368 2787 1435 deosculantes,
2819 1385 2851 1423 ο
2880 1368 3098 1434 Puella,
3131 1370 3506 1425 exclamamus
3534 1386 3550 1424 :

1985 1453 2311 1522 Bcnedicite,
2344 1473 2529 1527 opera,
2559 1456 2869 1513 Dominum.

2055 1544 2282 1601 Lumine
2308 1547 2422 1618 jugi
2474 1547 2729 1603 fruuntur
2778 1549 2921 1603 oculi
2965 1549 3148 1603 cordis
3187 1548 3381 1611 nostri,
3428 1563 3550 1601 cum

1985 1636 2289 1695 habeamus
2331 1648 2592 1712 tanquam
2641 1641 2947 1712 lampadem
3000 1642 3055 1696 in
3100 1641 3320 1696 lucerna
3353 1654 3554 1694 mensae

1984 1732 2407 1801 prominentem,
2445 1750 2655 1789 sacram
2692 1745 2897 1791 vestem
2933 1735 3263 1811 castissimae
3290 1732 3551 1803 Virginis.

2055 1910 2099 1965 Ο
2130 1908 2318 1982 Virgo,
2352 1911 2479 1966 licet
2507 1911 2761 1980 indignos
2802 1926 2990 1967 servos
3024 1923 3167 1975 tuos,
3202 1911 3352 1964 nullo
3394 1910 3555 1963 modo

1985 2000 2255 2071 reliquisti
2293 2010 2543 2071 expertes
2574 2001 2713 2056 sacri
2762 2011 3045 2057 contactus
3077 2002 3184 2067 tui;
3223 2002 3419 2054 etenim
3457 2016 3555 2069 pro

312 2076 564 2143 σώματος
588 2077 695 2148 γάρ
723 2094 816 2130 σου
839 2075 934 2130 τοῦ
958 2079 1244 2151 ζωηφόρου
1270 2080 1371 2152 τὴν
1392 2081 1598 2153 ἐσθῆτά
1622 2100 1713 2137 σου
1745 2086 1878 2139 πᾶσι

2004 2093 2132 2148 ritali
2178 2108 2411 2165 corpore
2448 2102 2562 2160 tuo,
2603 2104 2805 2149 vcslcm
2854 2103 2999 2148 tuam
3031 2093 3283 2163 omnibus
3314 2092 3553 2147 donasti.

310 2165 634 2238 δεδώρησαι.

393 2259 715 2329 ’Υμνῳδίαις
750 2260 955 2325 ἐνθέοις
992 2262 1317 2333 τιμήσωμεν
1343 2264 1437 2318 τοῦ
1468 2265 1603 2319 Θεοῦ
1631 2267 1878 2338 εὐρύχω-

313 2370 407 2422 ρον
438 2353 702 2423 σκήνωμα
730 2352 829 2425 τὴν
849 2354 908 2407 ὲν
930 2355 1171 2426 μητράσι
1202 2356 1477 2425 πάναγνον
1507 2357 1604 2429 τὴν
1627 2359 1879 2429 οὐράνιον

311 2441 510 2510 πύλην,
538 2442 605 2495 δι’
632 2438 699 2514 ἧς
739 2442 992 2515 ἐκλείσθη
1020 2446 1054 2516 ἡ
1094 2444 1232 2517 πρὸς
1264 2446 1492 2502 θάνατον
1535 2448 1676 2502 πύλη
1726 2450 1877 2504 είσά-

309 2550 507 2603 γουσα.

990 2633 1114 2706 mi;
1143 2634 1208 2689 θ’.

395 2721 525 2776 Ἰδού
563 2739 621 2776 σε
654 2721 755 2794 τὴν
789 2722 976 2797 κλίνην
1013 2725 1265 2797 Σολομῶν
1306 2727 1640 2800 γεραίρομεν
1667 2746 1880 2800 χαρμο-

313 2812 491 2876 σύνοις
534 2815 909 2885 μελῳδήμασι,
958 2817 1053 2870 καὶ
1080 2816 1177 2888 τὴν
1215 2818 1404 2888 τιμίαν
1449 2835 1542 2872 σου
1571 2820 1773 2890 ἐσθῆτα
1804 2820 1883 2884 ὠς

296 2904 480 2973 “ᾶλ.λην
511 2906 741 2959 κιϐωτὸν
780 2908 1123 2979 άγιάσματος
1175 2908 1523 2976 κυκλοῦντες,
1572 2910 1671 2974 τὰς
1709 2911 1882 2975 ίάσεις

310 2994 658 3068 λαμϐάνομεν
688 2999 786 3062 τὰς
810 2999 1136 3070 σωτηρίους,
1164 3000 1252 3054 ἀεὶ
1281 3001 1547 3071 Παρθένε.

386 3090 561 3160 Ὠρθη
586 3089 682 3143 νῦν
708 3091 742 3162 ἡ
774 3089 893 3144 θεία
917 3107 1010 3145 σου
1042 3092 1200 3164 σορὸς
1230 3096 1534 3164 κατέχουσα
1558 3093 1656 3165 τὴν
1682 3094 1884 3165 ἐσθῆτα

311 3180 411 3251 τὴν
426 3182 610 3251 τιμίαν
636 3200 755 3249 σου,
781 3182 970 3253 ὥσπερ
995 3186 1174 3254 πηγὴν
1204 3183 1402 3253 φωτός,
1435 3185 1700 3256 Παρθένε,
1731 3187 1885 3239 ἀκτί-

312 3291 410 3338 νας
461 3273 708 3345 ἰαμάτων
757 3276 1120 3345 ἐκπέμπουσα
1166 3276 1263 3329 καὶ
1320 3278 1512 3340 σκότος
1559 3276 1883 3347 νοσημάτων

310 3365 603 3427 διώκουσα,
631 3369 696 3439 ἢν
730 3367 867 3437 μετὰ
892 3367 1058 3422 πόθου
1088 3367 1474 3439 ἀσπαζόμεθα.

2058 2273 2404 2329 “lustremus
2451 2274 2654 2329 divinis
2721 2274 2951 2329 canticis
3009 2256 3425 2343 amplissimum
3460 2270 3553 2324 Di-i

1988 2366 2424 2432 tabernaculum,
2467 2365 2836 2421 castissimam
2887 2366 3033 2420 inter
3074 2376 3298 2428 matres,
3345 2372 3554 2432 portam

1989 2452 2290 2517 caelestem,
2337 2468 2434 2522 per
2474 2469 2639 2523 quam
2673 2453 2858 2508 clausa
2895 2463 2979 2509 est
3005 2453 3195 2524 jwnua,
3232 2468 3348 2521 qua:
3384 2452 3556 2506 intro-

1986 2543 2219 2602 ducebat
2248 2544 2315 2599 ad
2352 2552 2609 2601 mortem.

2685 2637 2795 2692 Ode
2822 2637 2876 2693 9.

2062 2728 2103 2779 0
2146 2724 2309 2797 Virgo
2342 2735 2628 2797 perpetua,
2670 2726 2907 2799 ingentis
2949 2726 3152 2781 lmthiae
3174 2727 3400 2782 canticis
3433 2735 3559 2782 ecce

1987 2832 2319 2872 veneramur
2360 2826 2412 2872 te
2452 2818 2708 2872 lectulum
2756 2818 3109 2873 Salomonis:
3157 2832 3219 2871 ac
3261 2818 3555 2888 pretiosam

1989 2920 2192 2965 vestem
2225 2916 2375 2965 tuam
2409 2917 2668 2979 tanquam
2705 2909 2865 2964 aliam
2900 2909 3350 2965 sanetiticationis
3374 2924 3556 2963 arcam

1988 3001 2414 3065 circumdantes,
2437 3001 2701 3056 salutares
2731 3001 2835 3070 21
2874 3000 3112 3055 medelas
3135 3000 3450 3069 recipimus.

2061 3091 2216 3149 Sicut
2256 3090 2381 3147 fons
2418 3091 2553 3147 lucis
2582 3091 2698 3146 visa
2745 3099 2850 3159 est,
2907 3106 2941 3146 ο
2971 3089 3155 3161 Virgo,
3198 3107 3322 3145 arca
3356 3091 3446 3145 illa
3477 3090 3559 3142 di-

1989 3188 2137 3253 vina,
2179 3199 2301 3256 quae
2336 3183 2582 3240 continet
2617 3192 2824 3239 vestem
2861 3191 3008 3237 tuam
3038 3183 3357 3252 pretiosam,
3401 3182 3559 3235 emito

1990 3289 2110 3336 tens
2131 3280 2315 3334 radios
2346 3278 2719 3341 curationum,
2755 3278 3093 3332 actenebras
3124 3275 3439 3329 morborum
3466 3270 3539 3327 de

1992 3372 2229 3443 pellens;
2259 3371 2380 3426 ideo
2416 3370 2562 3424 illam
2595 3385 2719 3424 cum
2758 3368 2953 3424 affectu
2983 3367 3389 3424 deosculamur.

382 3457 630 3529 Σήμερον
669 3458 1058 3530 συγχαίρουσιν
1099 3460 1253 3530 ἡμῖν,
1282 3451 1615 3530 πανάμωμε.
1650 3476 1883 3531 προσκυ-

2065 3462 2357 3518 Exsultant
2396 3462 2684 3517 nobiscum
2729 3461 2914 3526 hodie,
2956 3477 2989 3516 ο
3033 3458 3558 3521 immaculatissima,

310 3551 464 3621 νήσιι
511 3551 610 3621 τῆς
655 3551 881 3621 ἐσθῆτός
929 3568 1024 3606 σου
1074 3554 1247 3607 πᾶσαι
1302 3553 1558 3625 οὐράνιαι
1587 3553 1882 3624 Δυνάμεις,

311 3642 622 3708 ἀπόστολοι,
662 3644 959 3715 προφῆται,
991 3646 1085 3699 καὶ
1121 3647 1420 3717 μάρτυρες,
1469 3651 1565 3700 καὶ
1594 3646 1754 3709 ὅσιοι,
1786 3648 1884 3700 καὶ

311 3737 509 3791 δίκαιοι
536 3738 794 3802 ἅπαντες,
832 3738 1097 3794 Δέσποινα
1124 3741 1259 3811 μόνη
1290 3742 1378 3794 ἀεὶ
1403 3740 1670 3813 Παρθένε.

396 3829 682 3897 Ἠγίασται
732 3830 977 3901 ἃπασαὴ
1009 3830 1121 3901 γῆ,
1155 3831 1424 3899 πανάγιον
1471 3829 1566 3884 τοῦ
1611 3830 1883 3884 Δεσπότου

312 3920 681 3991 καταγώγιον,
711 3926 779 3994 τῇ
808 3921 1098 3977 καταθέσει
1126 3923 1230 3992 τῆς
1261 3923 1488 3993 ἐσθῆτος
1512 3924 1612 3994 τῆς
1637 3922 1758 3993 σῆς,
1790 3923 1887 3975 καὶ

310 4015 342 4066 ό
369 4013 533 4066 Δαϐὶδ
558 4014 923 4083 ὲπαγάλλεται
945 4018 1045 4086 τῆς
1076 4015 1244 4069 πάλαι
1279 4014 1519 4068 κιϐωτοῦ
1575 4014 1887 4085 προτυπού-

315 4121 416 4174 σης
444 4122 504 4157 σε
531 4108 599 4176 τῇ
630 4105 941 4172 καταθέσει,
973 4107 1061 4160 ἀεὶ
1100 4105 1374 4178 Παρθένε.

384 4196 612 4268 Φαιδρὸν
633 4198 979 4269 περιϐόλαιον
1006 4198 1069 4252 τὸ
1092 4200 1184 4253 σὺν
1210 4200 1477 4269 μαφόριον
1508 4198 1765 4268 ἐδωρήσω
1789 4198 1886 4252 καὶ

313 4288 684 4359 προτείχισμα
726 4291 791 4359 τῇ
841 4305 902 4342 σε
946 4290 1161 4361 τιμώσῃ
1221 4289 1454 4360 βασιλίδι
1499 4289 1610 4341 τῶν
1675 4289 1885 4342 πόλεων

312 4380 527 4448 πασῶν,
561 4381 637 4446 ὡς
676 4382 994 4452 βασίλισσαν
1026 4382 1282 4438 ἁπάντων
1316 4382 1642 4453 ποιημάτων
1674 4383 1884 4452 τυγχά-

312 4490 534 4538 νουσαν,
563 4474 868 4547 Θεοκυῆτορ
903 4475 1351 4547 μητροπάρθενε.

1059 4590 1135 4643 Ε’.

312 4700 455 4768 Περὶ
484 4699 592 4772 τῆς
615 4702 811 4772 τιμίας
844 4702 1029 4771 ζώνης
1070 4703 1180 4771 τῆς
1216 4705 1542 4772 ὑπεραγίας
1593 4706 1885 4759 Θεοτόκου

372 4770 598 4845 Κανῶν·
627 4770 805 4845 Ε,ᾏοῦ
836 4775 874 4843 ἡ
915 4770 1263 4843 ἀκροστιχίς
1294 4770 1427 4827 ἐστὶ
1447 4792 1461 4804 ·
1500 4793 1517 4824 ι
1566 4774 1777 4845 Ἰοῆχύν
1800 4791 1880 4844 με

383 4840 499 4910 τὴν
523 4842 647 4910 σὴν
678 4840 894 4909 (ὅσον,
935 4840 1088 4914 div-i1
1118 4840 1400 4915 Πάρθένε.
1431 4863 1449 4896 ι
1492 4840 1733 4915 Ἰωσήφ.

1004 4959 1129 5014 Ὠδὴ
1161 4966 1232 5014 α’.

1004 4960 1019 4980 '
1067 4960 1094 5012 δ
1161 4966 1232 5014 α’.

397 5050 574 5120 ’ἰσχύν
604 5067 671 5119 με
702 5049 851 5104 θείαν
881 4960 1131 5113 εὐσεϐὶῶέ
1147 5049 1450 5119 περίζωσον
1482 5049 1888 5121 ὕμνολογοῦντά

315 5160 413 5195 σου
446 5141 546 5212 τὴν
578 5142 731 5213 ἱερὰν
762 5141 940 5213 ζώνην
971 5142 1114 5195 θεῖον
1159 5142 1605 5210 χρηματίζουσαν
1635 5143 1702 5211 τῇ
1733 5140 1890 5195 πόλει

314 5252 413 5287 σου
442 5234 771 5305 περίζωσμα
804 5235 901 5287 καὶ
932 5233 1283 5304 κραταίωμα,
1303 5233 1478 5304 Κόρη,
1508 5232 1603 5286 καὶ
1639 5233 1884 5304 aeaut;

389 5411 501 5481 (26)
530 5412 716 5466 Exstat
751 5413 840 5469 hic
883 5427 1061 5469 canon
1106 5412 1294 5467 Graiae
1322 5409 1375 5465 in
1404 5410 1621 5466 Menaeis
1646 5409 1882 5481 Gratco-

315 5498 460 5545 rum,
488 5480 597 5536 tam
626 5483 929 5552 impressis,
950 5497 1113 5552 quam
1140 5482 1545 5552 manuscriptis,
1571 5480 1784 5552 subdie
1809 5481 1875 5535 3!

312 5552 569 5620 Augusti;
613 5549 721 5621 quo
766 5553 851 5608 die
888 5549 1018 5609 olim
1059 5551 1620 5621 Constantinopolim
1652 5549 1885 5605 Chalco-

314 5624 526 5690 prateio
560 5620 935 5677 Celebrabatur
977 5623 1175 5678 festum
1225 5620 1585 5690 Depositionis
1636 5620 1888 5689 pretiosa:

314 5688 493 5745 zonae.
531 5707 626 5744 seu
662 5694 863 5760 cinguli
896 5692 1255 5749 sanctissima:
1281 5688 1373 5744 Dei
1404 5688 1717 5760 Genitricis,

410 5760 527 5829 (27)
557 5758 1074 5832 Prmterdoscphum
1103 5773 1377 5832 nostrum,
1397 5756 1889 5832 sacratampeipa-

316 5846 394 5886 ra:
419 5827 613 5886 zonam
647 5833 861 5903 hymnis
883 5827 936 5889 et
971 5834 1221 5888 laudibus
1253 5828 1544 5888 celebravit
1572 5827 1630 5885 S.
1658 5828 1886 5884 Germa-

1989 3556 2043 3611 in
2086 3556 2406 3611 adoratione
2446 3556 2615 3610 vestis
2657 3562 2785 3620 tuae,
2832 3552 3084 3608 Virtutes
3124 3551 3397 3615 caelestes,
3431 3564 3562 3620 apo~

1988 3648 2136 3713 stoli,
2169 3649 2449 3719 propheta:
2470 3656 2525 3702 et
2547 3656 2851 3717 martyres;
2877 3655 2933 3699 et
2962 3644 3138 3699 sancti
3172 3657 3238 3699 ac
3272 3642 3407 3713 justi
3438 3643 3562 3696 uui-

1988 3740 2171 3808 versi;
2199 3755 2232 3795 o
2264 3740 2495 3795 Domina
2525 3739 2642 3795 sola
2678 3737 2847 3808 Virgo
2885 3746 3169 3807 perpetua.

2056 3833 2441 3904 Propositione
2463 3831 2631 3886 vestis
2661 3840 2788 3894 tuae,
2816 3830 3153 3884 sanctiﬁcata
3179 3835 3266 3881 est
3296 3825 3556 3880 universa

1988 3932 2156 3989 terra,
2206 3940 2240 3981 ο
2287 3924 2697 3980 sanctissimum
2761 3921 2979 3975 Domini
3038 3917 3451 3972 habitaculum:
3505 3925 3564 3969 et

1986 4017 2282 4072 exsultavit
2315 4016 2445 4070 olim
2479 4015 2643 4070 David
2678 4014 2732 4068 in
2764 4012 3099 4082 expositione
3134 4026 3296 4074 arcae,
3327 4023 3451 4078 qua!
3484 4016 3557 4070 te,

1988 4122 2022 4162 0
2058 4106 2221 4177 Virgo
2247 4116 2530 4177 perpetua,
2567 4103 2970 4175 prmligurabat.

2059 4197 2212 4253 Hanc
2250 4209 2451 4253 vestem
2495 4206 2644 4251 tuam
2678 4208 2939 4265 tanquam
2982 4195 3300 4263 praeclarum
3354 4192 3557 4247 vallum

1987 4306 2052 4347 ac
2085 4291 2484 4345 munimentum
2527 4289 2742 4343 donasti
2788 4288 2986 4356 reginae
3016 4285 3262 4341 omnium
3312 4284 3557 4345 urbium.

1986 4399 2109 4456 quae
2138 4393 2189 4439 te
2210 4383 2359 4447 colit,
2377 4382 2543 4437 veluti
2565 4380 2825 4451 Reginam
2848 4379 3092 4433 omnium
3108 4387 3508 4440 creaturarum,
3528 4391 3563 4431 ο

1989 4475 2081 4532 Dei
2122 4476 2363 4533 Genitrix
2399 4473 2566 4546 Virgo
2595 4482 2790 4529 mater.

2755 4584 2796 4639 V

1990 4705 2069 4759 De
2108 4705 2337 4772 pretiosa
2371 4719 2504 4756 zona
2545 4702 2604 4757 Β.
2660 4701 2891 4772 Virginis
2940 4698 3399 4770 Constantinopoli
3437 4698 3564 4751 olim

2056 4784 2345 4838 asservata,
2383 4773 2566 4827 Canon
2616 4771 2657 4825 V
2694 4771 2830 4843 (26),
2880 4772 3031 4840 cujus
3085 4772 3399 4843 gerostichis
3442 4781 3562 4843 est:

1915 4833 1957 4887 ι)
2058 4865 2077 4898 ι
2122 4833 2423 4898 {laborante
2442 4844 2652 4913 accinge
2686 4833 2862 4907 ιίιοζό
2892 4833 3040 4897 casta
3083 4839 3261 4911 Virgo.
3298 4857 3317 4892 ι
3345 4839 3560 4907 Ioseph.

2669 4953 2783 5009 Ode
2826 4955 2879 5008 1.

2063 5049 2275 5105 Robore
2326 5048 2511 5102 divino
2551 5045 2850 5101 clementer
2900 5059 2987 5098 me
3036 5042 3319 5098 circumda
3369 5050 3423 5096 et
3471 5055 3563 5094 ac-

1989 5140 2164 5209 cinge,
2194 5154 2227 5192 ο
2257 5138 2576 5191 intemerata
2607 5133 2803 5205 Virgo!
2838 5133 3058 5203 quando
3091 5142 3365 5188 sacratam
3417 5148 3563 5186 nunc

1991 5248 2185 5287 zonam
2211 5239 2359 5285 tuam
2382 5229 2600 5300 hymnis
2624 5227 2843 5283 celebro
2877 5225 3012 5298 (27),
3044 5240 3167 5294 qua:
3200 5224 3342 5279 hanc
3365 5224 3562 5279 civita-

1990 5424 2094 5464 nus
2128 5407 2437 5477 patriarcha
2463 5405 3127 5477 Constantinopolitangs,
3158 5411 3212 5457 et
3239 5399 3563 5477 Euthymius

1993 5472 2295 5533 monachus
2336 5477 2661 5546 Zigabenus,
2696 5472 2927 5545 uterque
2956 5473 3311 5546 in_Encomio
3341 5472 3394 5546 in
3426 5472 3561 5525 ado-

1986 5548 2255 5601 rationem
2294 5542 2615 5602 venerandae
2661 5561 2811 5599 zona:
2838 5542 3221 5598 sanctissimae
3281 5542 3560 5609 Deiparaa;

1986 5618 2114 5671 item
2172 5617 2437 5687 Georgius
2467 5615 3172 5687 Nicomediensis,_canone
3332 5611 3561 5687 Deposi-

1986 5688 2133 5740 tione
2189 5680 2510 5741 venerandae
2571 5701 2722 5739 zonae
2778 5682 3141 5739 sanctissimm
3198 5680 3558 5753 Virginisuin

1989 5756 2326 5818 Blachernis,
2366 5756 2460 5825 qui
2490 5770 2666 5810 canon
2696 5754 2882 5825 Grzece
2915 5760 3095 5825 exstat
3136 5768 3238 5805 ms.
3276 5750 3327 5805 in
3370 5750 3563 5803 codice

1990 5826 2337 5884 Bibliotheca:
2382 5821 2696 5882 monasterii
2730 5824 2943 5895 Cryptae
3007 5821 3303 5877 Ferratar:
3345 5833 3559 5875 necnon
