3978 6598
503 374 630 441 1011

1592 380 1651 439 S.
1692 377 2004 440 JOSEPH-I
2046 381 2607 444 HYMNOGRAPHI

3570 387 3697 454 una
3807 355 3812 359 ’

502 503 608 546 tem
651 492 756 563 22
799 499 946 547 tuam
999 491 1167 564 cingit
1199 501 1258 547 ut
1301 490 1501 546 vallum
1532 502 1582 546 et
1621 492 1762 548 forte
1790 492 2061 562 quoddam

2170 499 2579 569 περιτείχισμα,
2613 499 2846 568 ἇχραντε
2902 497 3166 570 Παρθένε,
3221 501 3286 570 τῇ
3351 500 3542 572 ποίμνῃ
3601 520 3694 560 σου.

501 585 959 654 pr0pngnaculum
1000 583 1070 638 ab
1100 585 1219 650 ipso
1247 585 1403 638 nobis
1433 581 1665 639 Numine
1696 598 2018 639 concessum
2047 603 2061 640 :
2102 600 2224 654 quae
2255 588 2380 642 item
2408 599 2627 644 tuorum
2657 589 2916 645 clientum
2947 604 3163 660 gregem
3239 591 3410 647 munit
3471 601 3696 664 tanquam

501 675 640 729 muri
695 673 913 744 quidam
989 674 1227 729 ambitus
1278 673 1423 728 nulla
1481 689 1737 746 unquam,
1786 677 1837 729 vl
1906 678 2264 746 rumpendas.

571 764 1008 835 Omnipotentem
1037 765 1293 835 peperisti
1327 765 1516 829 Deum,
1537 781 1569 817 ο
1597 745 2060 822 incontaminatal

2234 773 2305 827 Συ
2341 773 2430 826 τδν
2460 772 2593 826 Θεὸν
2629 771 2720 826 τὸν
2753 773 2980 829 δυνατὸν
3027 773 3266 845 ἐκύησας
3293 774 3697 845 περιζωννύοντα

501 860 595 929 qni
626 875 816 915 omnes
846 860 962 928 pios
1005 861 1240 930 accingit
1285 859 1523 914 virtute:
1569 861 1712 915 unde
1763 861 1975 914 beatam
2012 869 2061 916 te

2162 866 2288 927 τοὺς
2327 863 2568 928 εὐσεϐεῖς
2615 865 2827 924 πάντας
2879 865 3132 936 δύναμιν,
3188 866 3529 938 πανάμωμε·
3557 870 3627 922 διό
3651 889 3700 925 σε

503 951 868 1014 nominantes,
926 953 1065 1006 hanc
1109 952 1390 1007 etelestem
1442 967 1634 1006 zonam
1682 961 1830 1006 tuam
1873 967 2066 1022 magna

501 1041 808 1095 animorum
842 1041 1029 1095 laetitia
1059 1043 1466 1108 deosculamur,
1503 1053 1561 1097 ut
1581 1058 1643 1096 ex
1666 1057 1774 1113 qua
1808 1052 2067 1112 tanquam

502 1131 646 1184 fonte
673 1131 904 1198 gratiam
935 1132 1225 1188 haurimus
1264 1141 1316 1186 et
1347 1134 1798 1188 misericordiam.

459 1238 464 1242 ι
568 1219 716 1274 Bona
766 1222 929 1276 hodie
979 1223 1101 1278 luce
1152 1233 1344 1280 exorta
1397 1240 1521 1278 cum
1578 1224 1817 1296 tripudio
1872 1240 2072 1294 magno

2168 955 2566 1026 μακαρίζομεν,
2609 955 2703 1009 καὶ
2745 955 2842 1025 τὴν
2886 955 3036 1008 θείαν
3064 973 3160 1009 σου
3192 955 3371 1026 ζώνην
3415 961 3703 1030 περιχαρῶς

2165 1047 2532 1117 ἀσπαζόμενοι
2565 1047 2725 1119 χάριν
2751 1047 3130 1119 ἀπαντλοῦμεν
3159 1048 3251 1102 καί¹
3281 1048 3450 1113 ἔλεος.

2239 1215 2610 1298 Χαρμονικῶς
2633 1227 2700 1296 τῇ
2732 1225 3028 1280 καταθέσει
3063 1226 3306 1297 σήμερον
3329 1226 3707 1296 περιχορεύσωο

495 1314 836 1372 exsultemus
865 1325 1086 1398 pr0pter
1112 1328 1340 1374 sacratae
1366 1335 1535 1385 zonze,
1567 1334 1687 1388 quin
1729 1330 1937 1374 castam
1972 1317 2061 1374 Dei

2171 1335 2273 1388 μεν
2307 1318 2408 1386 τῆς
2462 1319 2612 1387 ἱερᾶς
2657 1315 2835 1383 ζώνης
2884 1317 2987 1387 τῆς
3033 1317 3204 1388 ἁγνῆς
3252 1316 3550 1384 θεόπαιδος,
3578 1319 3632 1383 ἐξ
3655 1315 3711 1392 ἦς

497 1403 783 1460 Parentcm
834 1400 1027 1474 cinxit,
1063 1411 1204 1480 apud
1243 1426 1341 1466 nos
1391 1412 1480 1466 hic
1517 1412 1777 1481 deposita:
1807 1411 2069 1466 solemni-

499 1507 662 1552 tatem
695 1497 806 1569 (‘28)
833 1519 845 1553 :
872 1515 937 1555 ex
968 1516 1075 1570 qua
1116 1502 1278 1557 nobis
1312 1518 1445 1557 zona
1481 1512 1797 1558 contextum
1839 1511 1922 1558 est
1948 1503 2067 1557 cin-

2165 1409 2298 1478 ἡμῖν
2347 1407 2672 1477 περίζωσμα
2721 1405 3035 1477 ἀφθαρσίας
3096 1406 3354 1478 ὐφὰνθη,
3402 1409 3496 1463 καὶ
3544 1407 3686 1480 eam

2167 1504 2369 1574 ρηκτον
2398 1500 2622 1570 ἔνδυμα,
2654 1501 2751 1554 καὶ
2779 1500 3042 1573 περιϐολὴ
3067 1501 3458 1567 ἀδιάσπαστος,
3661 1478 3668 1480 ⁷
3721 1478 3736 1532 ἔ

497 1590 706 1658 gnlum,
740 1591 884 1660 quod
925 1607 1032 1646 non
1065 1593 1362 1664 corrumpi,
1392 1603 1446 1648 ct
1475 1594 1876 1659 indumentum,
1913 1591 2059 1663 quod
2094 1605 2206 1646 non
2271 1590 2523 1655 lacerari,
2552 1600 2604 1648 et
2668 1591 2904 1664 denique
2925 1590 3171 1664 pallium,
3195 1591 3342 1662 quod
3376 1606 3482 1647 non
3521 1592 3664 1648 avelli
3689 1609 3715 1649 a

497 1679 654 1733 nobis
679 1687 878 1749 potest.

563 1773 610 1829 0
640 1784 793 1830 extra
839 1791 1056 1831 omnem
1098 1778 1545 1848 reprehensionis
1590 1781 1764 1836 aleam
1798 1781 2064 1836 collocata
2098 1800 2141 1856 Β

494 1865 694 1939 Virgo!
727 1869 959 1939 populus
994 1879 1122 1926 tuus
1164 1887 1363 1940 magno
1389 1887 1552 1927 cursu
1585 1873 1651 1928 ad
1682 1880 1831 1928 tuam
1869 1882 2062 1943 poten-

495 1957 626 2010 tiam
659 1957 960 2024 contendit,
983 1968 1037 2013 et
1063 1958 1116 2013 in
1146 1960 1362 2016 cunctis
1387 1962 1812 2019 adversitatibus
1848 1963 1913 2018 ad
1941 1978 2066 2033 pro-

2254 1779 2391 1832 ’Υπδ
2418 1779 2518 1850 τὴν
2547 1779 2646 1850 σὴν
2669 1777 2698 1831 ὁ
2735 1777 2828 1844 σὸς
2855 1778 3006 1844 λαὸς,
3037 1779 3374 1850 πανάμωμε,
3420 1778 3717 1850 προστρέχει

2161 1869 2416 1942 δύναμιν,
2452 1871 2558 1924 ὑπὸ
2580 1869 2678 1943 τὴν
2712 1869 2812 1942 σὴν
2847 1868 3060 1942 σκέπην
3101 1868 3442 1940 καταφεύγει
3473 1869 3714 1924 πάντοτε·

2165 1963 2303 2017 πᾶσι
2352 1961 2511 2032 γενοῦ
2565 1961 2826 2033 βοήθεια,
2869 1962 2969 2016 καὶ
3011 1961 3082 2016 τὰ
3119 1961 3257 2034 πρὸς
3307 1959 3578 2032 σωτηρίαν
3619 1964 3718 2025 τοῖς

493 2049 786 2103 tectionem
814 2065 875 2104 se
907 2059 1056 2105 tuam
1086 2051 1297 2121 recipit.
1333 2050 1466 2108 Esto
1508 2053 1674 2125 igitur
1701 2055 1915 2112 cunctis
1947 2055 2061 2111 loco

2164 2055 2300 2110 πᾶσι
2346 2054 2489 2110 δίδου
2535 2054 2818 2126 αἰτήματα
2881 2053 3130 2119 σώζουσα
3179 2053 3374 2112 δεινῶν
3418 2052 3516 2118 τὰς
3564 2051 3718 2124 ψυχὰς

491 2139 756 2208 praesidii,
787 2149 843 2196 et
875 2156 1216 2212 quaecunque
1255 2142 1361 2198 sibi
1427 2144 1560 2214 ipsis
1599 2146 1885 2215 postulant
1915 2146 2065 2201 salu-

492 2230 651 2295 taria,
682 2244 744 2285 ea
771 2230 882 2287 illis
907 2232 1090 2287 omnia
1124 2233 1344 2304 largire,
1383 2241 1440 2289 tu
1483 2250 1608 2304 quae
1659 2236 1907 2306 impertis
1937 2238 2062 2292 ani-

493 2320 692 2378 mabus
721 2323 928 2379 nostris
956 2324 1336 2380 liberationem
1368 2341 1399 2381 a
1432 2326 1862 2385 calamitatibus.

1191 2419 1306 2475 Ode
1343 2418 1397 2474 5.

556 2505 879 2564 Renovatur
922 2523 1021 2565 cor
1062 2518 1336 2578 nostrum,
1379 2521 1434 2567 et
1475 2526 1617 2568 novo
1663 2513 1823 2586 quasi
1877 2513 2065 2585 vigore

2162 2145 2345 2217 ἡμῶν.

2233 2510 2594 2580 Νεουργεῖται
2626 2510 2846 2580 καρδία,
2871 2417 3084 2564 ἳτῗέτῖι.
3110 2509 3290 2581 θερμῇ
3319 2506 3569 2579 ψαύουσα
3594 2505 3718 2578 ζώνη

491 2599 788 2666 hilarescit,
826 2599 956 2655 dum
988 2616 1205 2658 sacram
1233 2611 1406 2670 tuam,
1437 2617 1472 2659 o
1506 2603 1690 2675 Virgo,
1724 2619 1920 2660 zonam
1959 2606 2061 2661 ﬁde

2164 2602 2286 2673 ἱερᾷ
2308 2603 2408 2672 τῆς
2442 2602 2742 2674 Παρθένου,
2779 2603 2876 2656 καὶ
2911 2602 3314 2674 περιζώννυται
3341 2601 3568 2670 δύναμιν
3594 2601 3717 2668 ἅμα·

489 2685 720 2744 ferventi
766 2691 1154 2761 apprehendit.
1189 2708 1298 2763 qua
1342 2693 1472 2750 item
1515 2711 1653 2751 zona
1687 2709 1785 2751 eor
1812 2705 2062 2750 nostrum

2163 2711 2276 2764 χον,
2309 2693 2451 2748 κατὰ
2473 2694 2663 2748 παθῶν
2683 2695 3032 2768 ἀκαθάρτων,
3059 2694 3370 2766 δυσμενῶν,
3403 2692 3650 2765 ἀσάρκων
3667 2706 3717 2742 τε

487 2780 599 2836 vim
629 2780 810 2838 induit
840 2783 1317 2855 inexpugnabilem
1359 2785 1590 2856 impuris
1635 2787 2061 2857 appetitionibus

2163 2786 2410 2856 ἄτρωτος
2451 2787 2716 2858 μένουσα.

487 2871 846 2940 debellandis,
912 2889 976 2930 ac
1023 2875 1186 2932 simul
1241 2875 1368 2932 hinc
1417 2887 1730 2946 perseverat
1768 2876 1914 2934 idem
1972 2892 2069 2934 eor
2142 2888 2394 2933 nostrum
2480 2877 2697 2948 penitus
2754 2876 3152 2935 invulnerabile
3214 2894 3246 2935 a
3301 2877 3586 2950 spiritibus
3627 2879 3722 2936 ini-

489 2962 671 3020 micis.

573 3057 884 3116 Etiamnum
928 3069 1111 3117 manet
1139 3061 1456 3134 incorrupta
1506 3076 1646 3119 zona
1690 3064 1804 3120 haec
1824 3071 2060 3128 sacrata,
2088 3079 2135 3144 ο

485 3168 608 3222 quae
639 3153 769 3208 olim
810 3169 1012 3225 corpus
1054 3164 1205 3211 tuum
1241 3156 1406 3211 nullis
1443 3172 1682 3228 unquam
1717 3158 1995 3224 sordibus,
2026 3173 2060 3212 o

2237 3062 2406 3119 Μένει
2448 3064 2684 3136 ἄφθορος
2717 3063 2798 3118 ἔτι
2825 3065 2860 3137 ἡ
2891 3063 3015 3136 ἱερὰ
3061 3064 3208 3135 ζώνη
3242 3079 3366 3130 σου,
3405 3064 3528 3134 ἣτις
3557 3079 3643 3116 σου
3665 3060 3715 3114 τὺ

2167 3156 2438 3227 ἄχραντον
2480 3156 2857 3228 σῶμα,Κόρη,
2886 3156 3132 3222 διέζωσε,
3173 3153 3583 3223 καθαγιάζουσα
3609 3153 3716 3214 τοὺς

488 3249 678 3320 Virgo,
714 3248 1062 3318 inquinatum
1100 3249 1509 3315 circumcinxit,
1547 3258 1603 3305 et
1639 3264 1896 3318 magnam
1941 3249 2061 3306 inde

2174 3247 2415 3311 εὐσεϐῶς
2451 3249 2799 3318 προσιόντας,
2852 3250 2948 3304 καὶ
2979 3249 3186 3321 φθορᾶς
3215 3247 3534 3319 ὲξαίρουσα,
3567 3243 3716 3298 νόσων

485 3341 654 3396 trahit
686 3342 956 3411 hodieque
985 3341 1280 3396 ellicaciam
1317 3341 1424 3412 23
1457 3341 1524 3396 ad
1560 3341 1664 3398 hos
1705 3357 1901 3399 omnes
1927 3357 2061 3412 quo-

2175 3341 2271 3394 καὶ
2301 3339 2554 3409 θλίψεων.

483 3434 777 3489 dammodo
805 3433 1253 3498 sanctiﬁcandos,
1287 3436 1380 3505 qui
1413 3449 1473 3489 se
1520 3434 1605 3505 pie
1649 3435 1944 3491 conferunt
1971 3435 2043 3492 ad
2081 3448 2202 3493 eam
2243 3433 2636 3499 venerandam,
2689 3433 2952 3506 ipsosque
3011 3433 3083 3490 ab
3149 3431 3374 3489 interitu
3405 3447 3500 3503 per
3529 3430 3716 3486 morbos

484 3541 536 3586 et
566 3532 704 3586 alias
735 3531 1078 3586 calamitates
1103 3531 1454 3586 imminentes
1488 3531 1706 3586 liherat.

561 3622 808 3676 Maxima:
852 3620 1278 3691 pulchritudinis
1308 3621 1508 3676 domus
1542 3621 1801 3678 exstitisti
1846 3631 1902 3676 tu
1944 3623 2061 3693 ipsa

2246 3623 2654 3694 Ἐχρημάτισας
2682 3618 2829 3686 οἰκος
2876 3621 3233 3693 περικαλλὴς,
3264 3622 3528 3693 ἄχραντε,
3569 3620 3716 3687 Λόγου

483 3729 705 3785 quoque
732 3730 828 3783 pro
863 3713 1041 3768 Verbo
1079 3713 1265 3768 divino
1292 3730 1358 3768 ex
1390 3723 1440 3768 te
1479 3715 1786 3781 incarnato,
1815 3731 1848 3769 o
1890 3714 2061 3770 Mater

2163 3716 2259 3770 τοῦ
2299 3717 2364 3769 ἐκ
2393 3715 2486 3770 σοῦ
2512 3716 2909 3786 σαρκωθέντος,
2933 3716 3030 3770 καὶ
3053 3717 3112 3770 ὲν
3142 3715 3290 3786 ἁγίῳ
3309 3733 3407 3769 σου
3439 3716 3571 3784 οίκῳ
3593 3713 3719 3767 εὐδο-

483 3809 834 3866 immaculata
856 3809 869 3863 l
894 3807 1122 3877 jamque
1148 3807 1253 3864 sibi
1282 3808 1668 3876 complacitum
1701 3817 1788 3864 est
1822 3809 1976 3873 item,
2001 3816 2061 3864 ut

2165 3809 2437 3878 κήσαντος
2469 3805 2647 3878 ζώνην
2675 3807 2773 3879 τὴν
2816 3808 2915 3878 σὴν
2959 3807 3264 3879 ἐντεθῆναι,
3293 3806 3364 3878 ἢν
3398 3803 3720 3868 κατασπαζό-

485 3904 601 3960 hac
631 3918 769 3958 zona
799 3910 890 3958 tua
916 3901 972 3956 in
1007 3911 1198 3957 sancta
1221 3901 1388 3956 domo
1409 3901 1539 3967 ista,
1567 3915 1692 3971 qua:
1721 3900 1932 3956 nomini
1965 3909 2058 3956 tuo

2163 3917 2318 3970 μενοι
2344 3898 2712 3968 ἁγιαζόμεθα.

483 4005 802 4054 consecrata
837 4005 941 4060 est,
981 4003 1302 4064 reponatur,
1376 4009 1540 4064 quam
1573 4002 1628 4050 et
1670 4009 1772 4051 nos
1839 3995 1945 4066 piis
1982 3994 2188 4065 passim
2235 3993 2442 4049 osculis
2508 3993 2944 4063 frequentantes,
3003 3993 3133 4050 inde
3171 3993 3416 4049 fructum
3455 3989 3719 4064 quemdam

483 4087 788 4142 sanctitatis
817 4087 1150 4142 obtinemus.

554 4183 859 4239 Eminentia
879 4183 1037 4254 pretii
1069 4197 1267 4240 zonam
1298 4181 1789 4253 tuam.oDeipara,
1822 4197 2052 4238 venera-

482 4277 668 4335 bundo
695 4277 876 4331 cordis
907 4275 1103 4346 iubilo,
1147 4289 1339 4332 omnes
1380 4275 1740 4330 circumcirca
1774 4275 2056 4345 amplexa-

2234 4181 2346 4251 Τὴν
2397 4180 2584 4252 τιμίαν
2634 4197 2730 4234 σου
2788 4180 2969 4251 ζώνην
3019 4181 3326 4251 τιμητικῶς
3397 4181 3628 4242 ἅπαντας
3670 4176 3720 4232 ἂν

2161 4272 2480 4340 ἀγαλλιάσει
2511 4271 2742 4341 καρδίας
2782 4269 3718 4342 περιπτυσσόμεθατιμὴνὺπάρχου-

483 4385 630 4436 mur,
686 4378 944 4438 tanquam
1009 4369 1179 4425 decus
1236 4367 1672 4424 Christianitatis
1745 4370 2052 4434 universae;

2161 4380 2260 4417 σαν
2295 4363 2512 4417 πάντων
2541 4360 2771 4427 πιστῶν,
2811 4361 3064 4427 Θεοτόκε,
3091 4360 3168 4425 ὡς
3221 4360 3300 4432 τῷ
3336 4359 3721 4432 ὑπερτίμῳσον

483 4461 929 4532 quandoquidem
983 4461 1074 4514 illa
1119 4470 1370 4516 sanctum
1418 4474 1620 4530 corpus
1671 4470 1846 4524 tuum,
1908 4461 2056 4530 quod

2167 4455 2455 4525 ψαύσασαν
2488 4454 2723 4525 σώματι.

483 4566 643 4605 omne
674 4551 908 4621 pretium
945 4560 1000 4606 et
1025 4550 1558 4620 honurernsuperat,
1587 4552 1854 4620 attingere
1890 4552 2053 4622 digna

484 4643 605 4698 fuit.

1139 4733 1253 4791 Ode
1295 4737 1350 4791 ι.

555 4823 639 4880 Tu
672 4824 894 4893 quidem
938 4825 993 4880 in
1045 4827 1214 4882 altum
1246 4837 1522 4898 assumpta
1567 4829 1634 4882 ad
1672 4829 2052 4885 inaccessibilc

483 4916 666 4970 lumen
702 4918 983 4974 accessisti
1013 4938 1026 4974 :
1058 4928 1114 4974 at
1145 4920 1358 4977 cunctis
1392 4921 1612 4975 interim
1645 4920 1859 4975 beatam
1888 4930 1939 4975 te
1969 4921 2053 4976 di-

482 5009 735 5064 centibus
779 5010 902 5065 loco
949 5011 1027 5066 tui
1078 5011 1386 5069 intemerati
1433 5014 1705 5086 corporis,
1756 5012 2052 5082 pretiosam

482 5180 790 5236 anonymus
841 5175 1034 5221 auctor
1082 5169 1339 5236 antiquus
1394 5166 1658 5222 Encomio
1711 5168 1763 5220 in
1818 5167 2044 5236 Deposi-

485 5235 689 5290 tione’m
725 5252 878 5292 zonae
908 5235 975 5306 S.
1002 5235 1380 5306 Μαι-ἱερειοὰ
1414 5254 1479 5292 ex
1525 5238 1696 5306 Regio
1725 5235 1909 5292 Grave
1941 5255 2043 5292 ms.

482 5307 669 5360 codice
697 5307 858 5370 eruit,
877 5316 930 5360 et
961 5305 1151 5361 Latine
1173 5323 1200 5359 a
1231 5305 1288 5362 se
1315 5309 1584 5362 redditum
1612 5305 1761 5361 anno
1788 5307 1917 5360 lli-i8
1941 5324 2045 5362 una

483 5391 605 5429 cum
645 5374 882 5430 Historia
920 5377 1144 5431 hzeresis
1172 5376 1646 5432 Monothelitarum
1673 5377 1897 5432 Parisiis
1928 5378 2046 5430 edi-

481 5446 560 5500 dit
614 5446 671 5501 P.
707 5444 1033 5501 Franciscus
1092 5445 1396 5511 Cotiibeﬁs,
1449 5447 1656 5502 ordinis
1715 5445 2047 5502 Praedicato-

484 5533 627 5570 [υῐιι.

555 5586 664 5653 (28)
705 5586 1122 5641 Sacrosanctam
1159 5585 1485 5639 beatissima:
1514 5587 1608 5639 Dei
1637 5585 1824 5640 Matris
1857 5603 2049 5641 zonam

484 5672 655 5723 usque
683 5657 819 5710 adeo
858 5654 1097 5709 Ecclesia
1124 5654 1308 5709 Graeca
1343 5666 1597 5709 venerata
1634 5665 1738 5716 est.
1764 5667 1823 5709 ut
1846 5658 1897 5708 in
1931 5658 2051 5724 ejus

482 5725 748 5794 honorem
783 5725 980 5780 fesmm
1014 5724 1424 5794 quatannisrdie
1449 5727 1510 5782 5!
1557 5726 1762 5780 mensis
1799 5727 2048 5794 Augusti,

485 5793 711 5850 solemni
755 5796 864 5851 ritu
901 5794 1284 5852 Celebrandutn
1320 5793 1615 5851 instituerit
1652 5798 1703 5850 in
1740 5793 2049 5866 regiaiurbc

2235 4826 2448 4896 Ἠρθης
2496 4826 2634 4896 πρὸς
2661 4825 2777 4894 φῶς
2805 4731 3518 4896 ἄδιὲῗέδιμεταχωρήσασα,
3553 4823 3714 4882 ἔλιπες

2159 4919 2217 4973 δὲ
2248 4924 2358 4982 τοῖς
2377 4936 2434 4972 σε
2459 4917 2858 4990 μακαρίζουσιν
2881 4919 3002 4972 ἀντὶ
3025 4918 3120 4971 τοῦ
3149 4917 3402 4988 σώματός
3433 4934 3551 4982 σου,
3572 4913 3711 4982 ἁγνὴ»

2158 5011 2257 5083 τὴν
2302 5011 2490 5082 τιμίαν
2535 5009 2734 5081 ζώνην,
2790 5010 2973 5081 πηγὴν
3022 5008 3321 5080 θαυμάτων
3361 5009 3716 5080 ὑπάρχουσαν,

2153 5167 2796 5236 Constantinopolitana:
2837 5166 3064 5235 ejusque
3115 5165 3238 5222 festi
3291 5181 3408 5221 non
3460 5165 3626 5221 solum
3670 5161 3714 5215 in

2156 5238 2408 5306 praesenti
2438 5253 2650 5293 canone
2700 5238 2758 5291 S.
2789 5236 3084 5305 Iosephus,
3122 5239 3216 5291 sed
3251 5248 3304 5292 et
3347 5236 3714 5306 Germanuset

2155 5305 2483 5381 Euthymius
2516 5324 2681 5376 supra
2711 5309 2885 5381 relati,
2927 5307 3251 5381 Emmanuel
3281 5305 3711 5381 Comnenus_iin-

2156 5375 2375 5442 [teratur
2430 5379 2484 5431 in
2546 5375 2646 5432 suo
2698 5379 2875 5432 edicto
2929 5379 2996 5431 de
3055 5377 3228 5441 feriis,
3276 5387 3328 5432 et
3408 5375 3710 5429 Kalendaria

2157 5445 2491 5509 Graecorum,
2521 5447 2901 5501 llutlienornm
2953 5457 3007 5501 et
3047 5445 3310 5517 Syrorum
3352 5444 3622 5517 expressis
3659 5455 3713 5517 ac

2154 5518 2374 5571 disertis
2425 5518 2606 5571 verbis
2665 5518 2982 5570 meminere.
3042 5515 3179 5569 Vide
3234 5515 3612 5569 Colvenerium
3667 5515 3708 5562 in

2153 5586 2480 5657 Kalendnrio
2504 5585 2746 5640 Mariano
2765 5589 2851 5640 die
2890 5588 2910 5641 l
2957 5587 3215 5657 Augusti,
3249 5599 3301 5641 et
3323 5597 3482 5640 notas
3516 5590 3709 5637 nostras

2152 5657 2203 5709 in
2239 5656 2459 5711 Mariale
2496 5658 2552 5711 S.
2586 5657 2843 5712 Germani
2885 5657 2950 5712 ad
2985 5656 3295 5714 orationem
3326 5658 3390 5710 dc
3432 5669 3567 5709 zona
3597 5666 3707 5706 sau-

2149 5729 2411 5783 ctissimte
2448 5726 2542 5783 Dei
2571 5727 2778 5784 Matris.
3660 5734 3662 5736 ’
