  <div class='ocr_page' id='page_1' title='image "/cluster/home/n/w/nwhite01/storage/ocr_20150623/105/hvd.32044013678347/516.png"; bbox 0 0 3978 6596; ppageno 0'>
   <div class='ocr_carea' id='block_1_1' title="bbox 330 382 1918 463">
    <p class='ocr_par' dir='ltr' id='par_1_1' title="bbox 330 394 1918 463">
     <span class='ocr_line' id='line_1_1' title="bbox 330 394 1918 463; baseline -0.004 -1"><span class='ocrx_word' id='word_1_1' title='bbox 330 394 471 463; x_wconf 74' lang='grc' dir='ltr'><strong>1οι3</strong></span> <span class='ocrx_word' id='word_1_2' title='bbox 1742 395 1918 458; x_wconf 77' lang='lat' dir='ltr'><strong>MAR]</strong></span> 
     </span>
    </p>
   </div>
   <div class='ocr_carea' id='block_1_2' title="bbox 2025 382 3588 463">
    <p class='ocr_par' dir='ltr' id='par_1_2' title="bbox 2025 382 3588 458">
     <span class='ocr_line' id='line_1_2' title="bbox 2025 382 3588 458; baseline -0.004 -5"><span class='ocrx_word' id='word_1_3' title='bbox 2025 392 2109 458; x_wconf 70' lang='grc' dir='ltr'><strong>Ε.</strong></span> <span class='ocrx_word' id='word_1_4' title='bbox 3408 395 3427 401; x_wconf 83' lang='grc'>”</span> <span class='ocrx_word' id='word_1_5' title='bbox 3445 382 3588 449; x_wconf 75' lang='grc'><strong>1014</strong></span> 
     </span>
    </p>
   </div>
   <div class='ocr_carea' id='block_1_3' title="bbox 322 497 1918 584">
    <p class='ocr_par' dir='ltr' id='par_1_3' title="bbox 322 508 1911 584">
     <span class='ocr_line' id='line_1_3' title="bbox 322 508 1911 584; baseline -0.001 -18"><span class='ocrx_word' id='word_1_6' title='bbox 322 512 420 566; x_wconf 74' lang='grc' dir='ltr'><strong>καὶ</strong></span> <span class='ocrx_word' id='word_1_7' title='bbox 456 510 623 566; x_wconf 83' lang='grc' dir='ltr'>τόπον</span> <span class='ocrx_word' id='word_1_8' title='bbox 680 510 977 582; x_wconf 76' lang='grc' dir='ltr'><strong>σωτηρίας,</strong></span> <span class='ocrx_word' id='word_1_9' title='bbox 1046 510 1142 565; x_wconf 72' lang='grc' dir='ltr'>καὶ</span> <span class='ocrx_word' id='word_1_10' title='bbox 1196 508 1508 584; x_wconf 77' lang='grc' dir='ltr'><strong>χαράκωμα</strong></span> <span class='ocrx_word' id='word_1_11' title='bbox 1542 508 1753 583; x_wconf 79' lang='grc' dir='ltr'><strong>ταύτης</strong></span> <span class='ocrx_word' id='word_1_12' title='bbox 1807 510 1911 582; x_wconf 80' lang='grc' dir='ltr'>τῆς</span> 
     </span>
    </p>
   </div>
   <div class='ocr_carea' id='block_1_4' title="bbox 2025 497 3591 584">
    <p class='ocr_par' dir='ltr' id='par_1_4' title="bbox 2025 497 3591 576">
     <span class='ocr_line' id='line_1_4' title="bbox 2025 497 3591 576; baseline -0.004 -15"><span class='ocrx_word' id='word_1_13' title='bbox 2025 516 2161 571; x_wconf 65' lang='lat' dir='ltr'><strong>tuam</strong></span> <span class='ocrx_word' id='word_1_14' title='bbox 2194 503 2471 576; x_wconf 71' lang='lat' dir='ltr'><strong>reliquisti</strong></span> <span class='ocrx_word' id='word_1_15' title='bbox 2506 517 2727 567; x_wconf 83' lang='lat' dir='ltr'><strong>zonam,</strong></span> <span class='ocrx_word' id='word_1_16' title='bbox 2762 510 3031 571; x_wconf 79' lang='lat' dir='ltr'><strong>tanquam</strong></span> <span class='ocrx_word' id='word_1_17' title='bbox 3062 497 3453 571; x_wconf 82' lang='lat' dir='ltr'><strong>scaturiginem</strong></span> <span class='ocrx_word' id='word_1_18' title='bbox 3485 502 3591 555; x_wconf 89' lang='lat' dir='ltr'><strong>mi-</strong></span> 
     </span>
    </p>
   </div>
   <div class='ocr_carea' id='block_1_5' title="bbox 321 586 1918 675">
    <p class='ocr_par' dir='ltr' id='par_1_5' title="bbox 321 586 1287 675">
     <span class='ocr_line' id='line_1_5' title="bbox 321 586 1287 675; baseline 0.001 -18"><span class='ocrx_word' id='word_1_19' title='bbox 321 602 526 674; x_wconf 88' lang='grc' dir='ltr'>τιμῶσί</span> <span class='ocrx_word' id='word_1_20' title='bbox 563 619 624 656; x_wconf 89' lang='grc' dir='ltr'><strong>σε</strong></span> <span class='ocrx_word' id='word_1_21' title='bbox 659 601 892 670; x_wconf 85' lang='grc' dir='ltr'>πόλεως,</span> <span class='ocrx_word' id='word_1_22' title='bbox 927 601 1193 675; x_wconf 70' lang='grc' dir='ltr'>ἄχραντε.</span> <span class='ocrx_word' id='word_1_23' title='bbox 1284 586 1287 589; x_wconf 35' lang='grc'><em>’</em></span> 
     </span>
    </p>
   </div>
   <div class='ocr_carea' id='block_1_6' title="bbox 2025 586 3591 675">
    <p class='ocr_par' dir='ltr' id='par_1_6' title="bbox 2025 588 3591 662">
     <span class='ocr_line' id='line_1_6' title="bbox 2025 588 3591 662; baseline -0.001 -16"><span class='ocrx_word' id='word_1_24' title='bbox 2025 592 2326 648; x_wconf 72' lang='lat' dir='ltr'><strong>raculorum</strong></span> <span class='ocrx_word' id='word_1_25' title='bbox 2352 601 2408 648; x_wconf 90' lang='lat' dir='ltr'><strong>et</strong></span> <span class='ocrx_word' id='word_1_26' title='bbox 2436 591 2773 662; x_wconf 87' lang='lat' dir='ltr'><strong>ipsissimam</strong></span> <span class='ocrx_word' id='word_1_27' title='bbox 2801 590 2999 647; x_wconf 89' lang='lat' dir='ltr'><strong>salutis</strong></span> <span class='ocrx_word' id='word_1_28' title='bbox 3026 588 3237 653; x_wconf 85' lang='lat' dir='ltr'><strong>sedem,</strong></span> <span class='ocrx_word' id='word_1_29' title='bbox 3262 603 3327 645; x_wconf 91' lang='lat' dir='ltr'><strong>ac</strong></span> <span class='ocrx_word' id='word_1_30' title='bbox 3349 589 3591 659; x_wconf 77' lang='lat' dir='ltr'><strong>denique</strong></span> 
     </span>
    </p>
   </div>
   <div class='ocr_carea' id='block_1_7' title="bbox 2012 680 3590 755">
    <p class='ocr_par' dir='ltr' id='par_1_7' title="bbox 2012 680 3590 755">
     <span class='ocr_line' id='line_1_7' title="bbox 2012 680 3590 755; baseline -0.001 -15"><span class='ocrx_word' id='word_1_31' title='bbox 2012 694 2073 740; x_wconf 89' lang='lat' dir='ltr'><strong>ut</strong></span> <span class='ocrx_word' id='word_1_32' title='bbox 2096 685 2299 739; x_wconf 82' lang='lat' dir='ltr'><strong>vallum</strong></span> <span class='ocrx_word' id='word_1_33' title='bbox 2324 680 2490 755; x_wconf 90' lang='lat' dir='ltr'><strong>hujus</strong></span> <span class='ocrx_word' id='word_1_34' title='bbox 2514 684 2780 749; x_wconf 86' lang='lat' dir='ltr'><strong>civitatis,</strong></span> <span class='ocrx_word' id='word_1_35' title='bbox 2808 698 2931 755; x_wconf 67' lang='lat' dir='ltr'><strong>qua:</strong></span> <span class='ocrx_word' id='word_1_36' title='bbox 2968 696 3156 737; x_wconf 90' lang='lat' dir='ltr'><strong>amore</strong></span> <span class='ocrx_word' id='word_1_37' title='bbox 3188 681 3382 753; x_wconf 85' lang='lat' dir='ltr'><strong>ﬂagrat</strong></span> <span class='ocrx_word' id='word_1_38' title='bbox 3414 682 3590 738; x_wconf 91' lang='lat' dir='ltr'><strong>hono-</strong></span> 
     </span>
    </p>
   </div>
   <div class='ocr_carea' id='block_1_8' title="bbox 2012 777 2225 833">
    <p class='ocr_par' dir='ltr' id='par_1_8' title="bbox 2012 777 2225 833">
     <span class='ocr_line' id='line_1_8' title="bbox 2012 777 2225 833; baseline 0 -1"><span class='ocrx_word' id='word_1_39' title='bbox 2012 779 2091 833; x_wconf 87' lang='lat' dir='ltr'><strong>ris</strong></span> <span class='ocrx_word' id='word_1_40' title='bbox 2121 777 2225 833; x_wconf 92' lang='lat' dir='ltr'><strong>tui.</strong></span> 
     </span>
    </p>
   </div>
   <div class='ocr_carea' id='block_1_9' title="bbox 2080 866 3592 941">
    <p class='ocr_par' dir='ltr' id='par_1_9' title="bbox 2080 866 3592 941">
     <span class='ocr_line' id='line_1_9' title="bbox 2080 866 3592 941; baseline -0.001 -17"><span class='ocrx_word' id='word_1_41' title='bbox 2080 868 2246 926; x_wconf 82' lang='lat' dir='ltr'><strong>Velut</strong></span> <span class='ocrx_word' id='word_1_42' title='bbox 2279 884 2485 926; x_wconf 85' lang='lat' dir='ltr'><strong>novum</strong></span> <span class='ocrx_word' id='word_1_43' title='bbox 2513 867 2787 941; x_wconf 82' lang='lat' dir='ltr'><strong>quoddam</strong></span> <span class='ocrx_word' id='word_1_44' title='bbox 2823 867 3031 933; x_wconf 69' lang='lat' dir='ltr'><strong>omium</strong></span> <span class='ocrx_word' id='word_1_45' title='bbox 3070 877 3220 924; x_wconf 89' lang='lat' dir='ltr'><strong>tuam</strong></span> <span class='ocrx_word' id='word_1_46' title='bbox 3249 867 3477 924; x_wconf 88' lang='lat' dir='ltr'><strong>domum</strong></span> <span class='ocrx_word' id='word_1_47' title='bbox 3506 866 3592 922; x_wconf 92' lang='lat' dir='ltr'><strong>in-</strong></span> 
     </span>
    </p>
   </div>
   <div class='ocr_carea' id='block_1_10' title="bbox 2009 958 3591 1033">
    <p class='ocr_par' dir='ltr' id='par_1_10' title="bbox 2009 958 3591 1033">
     <span class='ocr_line' id='line_1_10' title="bbox 2009 958 3591 1033; baseline -0.001 -18"><span class='ocrx_word' id='word_1_48' title='bbox 2009 961 2310 1033; x_wconf 86' lang='lat' dir='ltr'><strong>gredimur,</strong></span> <span class='ocrx_word' id='word_1_49' title='bbox 2339 977 2374 1018; x_wconf 91' lang='grc' dir='ltr'>ο</span> <span class='ocrx_word' id='word_1_50' title='bbox 2420 960 2607 1030; x_wconf 84' lang='lat' dir='ltr'><strong>Virgo,</strong></span> <span class='ocrx_word' id='word_1_51' title='bbox 2662 961 2717 1016; x_wconf 92' lang='lat' dir='ltr'><strong>in</strong></span> <span class='ocrx_word' id='word_1_52' title='bbox 2747 975 2857 1031; x_wconf 89' lang='lat' dir='ltr'><strong>quo</strong></span> <span class='ocrx_word' id='word_1_53' title='bbox 2894 959 3037 1016; x_wconf 77' lang='lat' dir='ltr'><strong>caelo</strong></span> <span class='ocrx_word' id='word_1_54' title='bbox 3066 968 3330 1030; x_wconf 76' lang='lat' dir='ltr'><strong>tanquam</strong></span> <span class='ocrx_word' id='word_1_55' title='bbox 3363 958 3591 1014; x_wconf 86' lang='lat' dir='ltr'><strong>thesau-</strong></span> 
     </span>
    </p>
   </div>
   <div class='ocr_carea' id='block_1_11' title="bbox 2012 1050 3591 1124">
    <p class='ocr_par' dir='ltr' id='par_1_11' title="bbox 2012 1050 3591 1124">
     <span class='ocr_line' id='line_1_11' title="bbox 2012 1050 3591 1124; baseline -0.003 -16"><span class='ocrx_word' id='word_1_56' title='bbox 2012 1069 2107 1109; x_wconf 90' lang='lat' dir='ltr'><strong>rus</strong></span> <span class='ocrx_word' id='word_1_57' title='bbox 2129 1053 2353 1124; x_wconf 84' lang='lat' dir='ltr'><strong>quidam</strong></span> <span class='ocrx_word' id='word_1_58' title='bbox 2386 1062 2478 1108; x_wconf 90' lang='lat' dir='ltr'><strong>tua</strong></span> <span class='ocrx_word' id='word_1_59' title='bbox 2509 1051 2699 1107; x_wconf 87' lang='lat' dir='ltr'><strong>divina</strong></span> <span class='ocrx_word' id='word_1_60' title='bbox 2734 1060 2987 1115; x_wconf 83' lang='lat' dir='ltr'><strong>servatur</strong></span> <span class='ocrx_word' id='word_1_61' title='bbox 3024 1063 3164 1105; x_wconf 84' lang='lat' dir='ltr'><strong>zona</strong></span> <span class='ocrx_word' id='word_1_62' title='bbox 3208 1050 3441 1119; x_wconf 81' lang='lat' dir='ltr'><strong>(utpote</strong></span> <span class='ocrx_word' id='word_1_63' title='bbox 3467 1062 3591 1116; x_wconf 68' lang='lat' dir='ltr'><strong>tum</strong></span> 
     </span>
    </p>
   </div>
   <div class='ocr_carea' id='block_1_12' title="bbox 2011 1141 3591 1213">
    <p class='ocr_par' dir='ltr' id='par_1_12' title="bbox 2011 1141 3591 1213">
     <span class='ocr_line' id='line_1_12' title="bbox 2011 1141 3591 1213; baseline -0.003 -14"><span class='ocrx_word' id='word_1_64' title='bbox 2011 1146 2183 1201; x_wconf 91' lang='lat' dir='ltr'><strong>Deum</strong></span> <span class='ocrx_word' id='word_1_65' title='bbox 2216 1146 2348 1200; x_wconf 90' lang='lat' dir='ltr'><strong>olim</strong></span> <span class='ocrx_word' id='word_1_66' title='bbox 2387 1145 2529 1213; x_wconf 79' lang='lat' dir='ltr'><strong>injse</strong></span> <span class='ocrx_word' id='word_1_67' title='bbox 2551 1142 2979 1213; x_wconf 87' lang='lat' dir='ltr'><strong>circumdedit),</strong></span> <span class='ocrx_word' id='word_1_68' title='bbox 3012 1142 3260 1198; x_wconf 84' lang='lat' dir='ltr'><strong>illustres</strong></span> <span class='ocrx_word' id='word_1_69' title='bbox 3290 1141 3591 1197; x_wconf 79' lang='lat' dir='ltr'><strong>miraculo-</strong></span> 
     </span>
    </p>
   </div>
   <div class='ocr_carea' id='block_1_13' title="bbox 2010 1230 3601 1306">
    <p class='ocr_par' dir='ltr' id='par_1_13' title="bbox 2010 1230 3601 1306">
     <span class='ocr_line' id='line_1_13' title="bbox 2010 1230 3601 1306; baseline -0.001 -14"><span class='ocrx_word' id='word_1_70' title='bbox 2010 1253 2132 1293; x_wconf 90' lang='lat' dir='ltr'><strong>rum</strong></span> <span class='ocrx_word' id='word_1_71' title='bbox 2164 1237 2352 1303; x_wconf 87' lang='lat' dir='ltr'><strong>radios</strong></span> <span class='ocrx_word' id='word_1_72' title='bbox 2388 1236 2647 1293; x_wconf 86' lang='lat' dir='ltr'><strong>emittens</strong></span> <span class='ocrx_word' id='word_1_73' title='bbox 2696 1236 2870 1291; x_wconf 86' lang='lat' dir='ltr'><strong>instar</strong></span> <span class='ocrx_word' id='word_1_74' title='bbox 2898 1235 3054 1301; x_wconf 88' lang='lat' dir='ltr'><strong>solis,</strong></span> <span class='ocrx_word' id='word_1_75' title='bbox 3088 1249 3286 1306; x_wconf 90' lang='lat' dir='ltr'><strong>nempe</strong></span> <span class='ocrx_word' id='word_1_76' title='bbox 3326 1230 3601 1290; x_wconf 69' lang='lat' dir='ltr'><strong>cordibus</strong></span> 
     </span>
    </p>
   </div>
   <div class='ocr_carea' id='block_1_14' title="bbox 2010 1324 3587 1397">
    <p class='ocr_par' dir='ltr' id='par_1_14' title="bbox 2010 1324 3587 1397">
     <span class='ocr_line' id='line_1_14' title="bbox 2010 1324 3587 1397; baseline -0.002 -14"><span class='ocrx_word' id='word_1_77' title='bbox 2010 1328 2265 1389; x_wconf 44' lang='lat' dir='ltr'><strong>omnium,</strong></span> <span class='ocrx_word' id='word_1_78' title='bbox 2298 1325 2678 1382; x_wconf 87' lang='lat' dir='ltr'><strong>illuminandis</strong></span> <span class='ocrx_word' id='word_1_79' title='bbox 2706 1334 2762 1381; x_wconf 89' lang='lat' dir='ltr'><strong>et</strong></span> <span class='ocrx_word' id='word_1_80' title='bbox 2800 1324 3111 1397; x_wconf 78' lang='lat' dir='ltr'><strong>eli‘ugandis</strong></span> <span class='ocrx_word' id='word_1_81' title='bbox 3154 1325 3283 1382; x_wconf 90' lang='lat' dir='ltr'><strong>inde</strong></span> <span class='ocrx_word' id='word_1_82' title='bbox 3313 1324 3587 1381; x_wconf 82' lang='lat' dir='ltr'><strong>malarum</strong></span> 
     </span>
    </p>
   </div>
   <div class='ocr_carea' id='block_1_15' title="bbox 2010 1417 2669 1489">
    <p class='ocr_par' dir='ltr' id='par_1_15' title="bbox 2010 1417 2669 1489">
     <span class='ocr_line' id='line_1_15' title="bbox 2010 1417 2669 1489; baseline -0.005 -14"><span class='ocrx_word' id='word_1_83' title='bbox 2010 1418 2375 1489; x_wconf 80' lang='lat' dir='ltr'><strong>cupiditatum</strong></span> <span class='ocrx_word' id='word_1_84' title='bbox 2400 1417 2669 1473; x_wconf 74' lang='lat' dir='ltr'><strong>tenebris.</strong></span> 
     </span>
    </p>
   </div>
   <div class='ocr_carea' id='block_1_16' title="bbox 2004 1506 3587 1577">
    <p class='ocr_par' dir='ltr' id='par_1_16' title="bbox 2004 1506 3587 1577">
     <span class='ocr_line' id='line_1_16' title="bbox 2004 1506 3587 1577; baseline -0.004 -12"><span class='ocrx_word' id='word_1_85' title='bbox 2004 1570 2007 1574; x_wconf 48' lang='grc'><strong>,</strong></span> <span class='ocrx_word' id='word_1_86' title='bbox 2083 1511 2128 1565; x_wconf 85' lang='grc' dir='ltr'>υ</span> <span class='ocrx_word' id='word_1_87' title='bbox 2186 1508 2449 1565; x_wconf 83' lang='lat' dir='ltr'><strong>sordibus</strong></span> <span class='ocrx_word' id='word_1_88' title='bbox 2498 1509 2733 1574; x_wconf 88' lang='lat' dir='ltr'><strong>intacta,</strong></span> <span class='ocrx_word' id='word_1_89' title='bbox 2800 1516 2855 1563; x_wconf 92' lang='lat' dir='ltr'><strong>et</strong></span> <span class='ocrx_word' id='word_1_90' title='bbox 2905 1507 3057 1564; x_wconf 89' lang='lat' dir='ltr'><strong>omni</strong></span> <span class='ocrx_word' id='word_1_91' title='bbox 3111 1506 3339 1563; x_wconf 89' lang='lat' dir='ltr'><strong>laudum</strong></span> <span class='ocrx_word' id='word_1_92' title='bbox 3388 1522 3587 1577; x_wconf 86' lang='lat' dir='ltr'><strong>genere</strong></span> 
     </span>
    </p>
   </div>
   <div class='ocr_carea' id='block_1_17' title="bbox 2010 1598 3591 1670">
    <p class='ocr_par' dir='ltr' id='par_1_17' title="bbox 2010 1598 3591 1670">
     <span class='ocr_line' id='line_1_17' title="bbox 2010 1598 3591 1670; baseline -0.003 -14"><span class='ocrx_word' id='word_1_93' title='bbox 2010 1603 2255 1658; x_wconf 89' lang='lat' dir='ltr'><strong>certatim</strong></span> <span class='ocrx_word' id='word_1_94' title='bbox 2287 1602 2356 1656; x_wconf 90' lang='lat' dir='ltr'><strong>ab</strong></span> <span class='ocrx_word' id='word_1_95' title='bbox 2386 1602 2645 1657; x_wconf 90' lang='lat' dir='ltr'><strong>omnibus</strong></span> <span class='ocrx_word' id='word_1_96' title='bbox 2679 1599 2940 1665; x_wconf 80' lang='lat' dir='ltr'><strong>colenda!</strong></span> <span class='ocrx_word' id='word_1_97' title='bbox 2979 1609 3037 1655; x_wconf 88' lang='lat' dir='ltr'><strong>tu</strong></span> <span class='ocrx_word' id='word_1_98' title='bbox 3079 1615 3139 1654; x_wconf 90' lang='lat' dir='ltr'><strong>es</strong></span> <span class='ocrx_word' id='word_1_99' title='bbox 3189 1614 3318 1657; x_wconf 85' lang='lat' dir='ltr'><strong>arca</strong></span> <span class='ocrx_word' id='word_1_100' title='bbox 3349 1598 3591 1670; x_wconf 78' lang='lat' dir='ltr'><strong>sanctiﬁ-</strong></span> 
     </span>
    </p>
   </div>
   <div class='ocr_carea' id='block_1_18' title="bbox 2010 1693 3588 1764">
    <p class='ocr_par' dir='ltr' id='par_1_18' title="bbox 2010 1693 3588 1764">
     <span class='ocr_line' id='line_1_18' title="bbox 2010 1693 3588 1764; baseline -0.006 -13"><span class='ocrx_word' id='word_1_101' title='bbox 2010 1696 2244 1752; x_wconf 89' lang='lat' dir='ltr'><strong>cationis</strong></span> <span class='ocrx_word' id='word_1_102' title='bbox 2292 1695 2521 1759; x_wconf 72' lang='lat' dir='ltr'><strong>intimae,</strong></span> <span class='ocrx_word' id='word_1_103' title='bbox 2581 1693 2860 1750; x_wconf 87' lang='lat' dir='ltr'><strong>intellectu</strong></span> <span class='ocrx_word' id='word_1_104' title='bbox 2916 1693 3103 1764; x_wconf 87' lang='lat' dir='ltr'><strong>potius</strong></span> <span class='ocrx_word' id='word_1_105' title='bbox 3148 1708 3311 1763; x_wconf 89' lang='lat' dir='ltr'><strong>quam</strong></span> <span class='ocrx_word' id='word_1_106' title='bbox 3354 1700 3588 1746; x_wconf 82' lang='lat' dir='ltr'><strong>externo</strong></span> 
     </span>
    </p>
   </div>
   <div class='ocr_carea' id='block_1_19' title="bbox 2010 1781 3591 1858">
    <p class='ocr_par' dir='ltr' id='par_1_19' title="bbox 2010 1781 3591 1858">
     <span class='ocr_line' id='line_1_19' title="bbox 2010 1781 3591 1858; baseline -0.006 -15"><span class='ocrx_word' id='word_1_107' title='bbox 2010 1788 2250 1858; x_wconf 89' lang='lat' dir='ltr'><strong>quodam</strong></span> <span class='ocrx_word' id='word_1_108' title='bbox 2285 1803 2448 1843; x_wconf 88' lang='lat' dir='ltr'><strong>sensu</strong></span> <span class='ocrx_word' id='word_1_109' title='bbox 2480 1786 2807 1853; x_wconf 66' lang='lat' dir='ltr'><strong>delibandaz,</strong></span> <span class='ocrx_word' id='word_1_110' title='bbox 2833 1794 2888 1843; x_wconf 90' lang='lat' dir='ltr'><strong>et</strong></span> <span class='ocrx_word' id='word_1_111' title='bbox 2933 1784 3099 1841; x_wconf 86' lang='lat' dir='ltr'><strong>simul</strong></span> <span class='ocrx_word' id='word_1_112' title='bbox 3131 1784 3238 1839; x_wconf 89' lang='lat' dir='ltr'><strong>hoc</strong></span> <span class='ocrx_word' id='word_1_113' title='bbox 3271 1781 3591 1838; x_wconf 85' lang='lat' dir='ltr'><strong>venerabile</strong></span> 
     </span>
    </p>
   </div>
   <div class='ocr_carea' id='block_1_20' title="bbox 1939 1871 3591 1948">
    <p class='ocr_par' dir='ltr' id='par_1_20' title="bbox 1939 1871 3591 1948">
     <span class='ocr_line' id='line_1_20' title="bbox 1939 1871 3591 1948; baseline -0.002 -19"><span class='ocrx_word' id='word_1_114' title='bbox 1939 1872 1981 1929; x_wconf 84' lang='grc' dir='ltr'><strong><em>Β</em></strong></span> <span class='ocrx_word' id='word_1_115' title='bbox 2011 1878 2401 1944; x_wconf 79' lang='lat' dir='ltr'><strong>conditorium,</strong></span> <span class='ocrx_word' id='word_1_116' title='bbox 2460 1893 2573 1948; x_wconf 90' lang='lat' dir='ltr'><strong>quo</strong></span> <span class='ocrx_word' id='word_1_117' title='bbox 2623 1886 2942 1939; x_wconf 85' lang='lat' dir='ltr'><strong>asservatur</strong></span> <span class='ocrx_word' id='word_1_118' title='bbox 2984 1890 3123 1932; x_wconf 79' lang='lat' dir='ltr'><strong>zona</strong></span> <span class='ocrx_word' id='word_1_119' title='bbox 3170 1875 3268 1931; x_wconf 92' lang='lat' dir='ltr'><strong>tibi</strong></span> <span class='ocrx_word' id='word_1_120' title='bbox 3312 1874 3496 1930; x_wconf 87' lang='lat' dir='ltr'><strong>adhuc</strong></span> <span class='ocrx_word' id='word_1_121' title='bbox 3535 1871 3591 1927; x_wconf 85' lang='lat' dir='ltr'><strong>in</strong></span> 
     </span>
    </p>
   </div>
   <div class='ocr_carea' id='block_1_21' title="bbox 398 870 1909 945">
    <p class='ocr_par' dir='ltr' id='par_1_21' title="bbox 398 870 1909 945">
     <span class='ocr_line' id='line_1_21' title="bbox 398 870 1909 945; baseline 0.001 -19"><span class='ocrx_word' id='word_1_122' title='bbox 398 873 539 927; x_wconf 81' lang='grc' dir='ltr'>Νέον</span> <span class='ocrx_word' id='word_1_123' title='bbox 566 872 727 944; x_wconf 81' lang='grc' dir='ltr'>ήμεϊς</span> <span class='ocrx_word' id='word_1_124' title='bbox 750 872 824 937; x_wconf 86' lang='grc' dir='ltr'><strong>ὡς</strong></span> <span class='ocrx_word' id='word_1_125' title='bbox 852 871 1079 945; x_wconf 78' lang='grc' dir='ltr'>οὐρανὸν</span> <span class='ocrx_word' id='word_1_126' title='bbox 1110 871 1464 944; x_wconf 80' lang='grc' dir='ltr'>ὑπερχόμεθά</span> <span class='ocrx_word' id='word_1_127' title='bbox 1491 888 1586 927; x_wconf 91' lang='grc' dir='ltr'><strong>σου</strong></span> <span class='ocrx_word' id='word_1_128' title='bbox 1615 874 1707 928; x_wconf 84' lang='grc' dir='ltr'>τὸν</span> <span class='ocrx_word' id='word_1_129' title='bbox 1731 870 1909 939; x_wconf 79' lang='grc' dir='ltr'>οἷκον,</span> 
     </span>
    </p>
   </div>
   <div class='ocr_carea' id='block_1_22' title="bbox 327 960 1907 1039">
    <p class='ocr_par' dir='ltr' id='par_1_22' title="bbox 327 960 1907 1039">
     <span class='ocr_line' id='line_1_22' title="bbox 327 960 1907 1039; baseline 0.001 -21"><span class='ocrx_word' id='word_1_130' title='bbox 327 966 388 1018; x_wconf 76' lang='grc' dir='ltr'>ὲν</span> <span class='ocrx_word' id='word_1_131' title='bbox 421 960 466 1034; x_wconf 82' lang='grc' dir='ltr'>ᾧ</span> <span class='ocrx_word' id='word_1_132' title='bbox 508 966 940 1039; x_wconf 85' lang='grc' dir='ltr'>τεθησαύρισται</span> <span class='ocrx_word' id='word_1_133' title='bbox 980 964 1231 1037; x_wconf 83' lang='grc' dir='ltr'>καθάπερ</span> <span class='ocrx_word' id='word_1_134' title='bbox 1277 965 1426 1035; x_wconf 81' lang='grc' dir='ltr'>ἥλιος</span> <span class='ocrx_word' id='word_1_135' title='bbox 1476 966 1773 1036; x_wconf 83' lang='grc' dir='ltr'>φωταυγής</span> <span class='ocrx_word' id='word_1_136' title='bbox 1812 982 1907 1019; x_wconf 93' lang='grc' dir='ltr'><strong>σου</strong></span> 
     </span>
    </p>
   </div>
   <div class='ocr_carea' id='block_1_23' title="bbox 326 1055 1910 1129">
    <p class='ocr_par' dir='ltr' id='par_1_23' title="bbox 326 1055 1910 1129">
     <span class='ocr_line' id='line_1_23' title="bbox 326 1055 1910 1129; baseline -0.002 -18"><span class='ocrx_word' id='word_1_137' title='bbox 326 1060 363 1129; x_wconf 82' lang='grc' dir='ltr'>ἠ</span> <span class='ocrx_word' id='word_1_138' title='bbox 388 1059 506 1113; x_wconf 90' lang='grc' dir='ltr'>θεία</span> <span class='ocrx_word' id='word_1_139' title='bbox 535 1057 700 1127; x_wconf 80' lang='grc' dir='ltr'>ζώνη,</span> <span class='ocrx_word' id='word_1_140' title='bbox 735 1056 895 1127; x_wconf 81' lang='grc' dir='ltr'>βολὰς</span> <span class='ocrx_word' id='word_1_141' title='bbox 918 1056 1216 1128; x_wconf 78' lang='grc' dir='ltr'><strong>θαυμάτων</strong></span> <span class='ocrx_word' id='word_1_142' title='bbox 1240 1056 1627 1126; x_wconf 82' lang='grc' dir='ltr'><strong>ἐκπέμπουσα,</strong></span> <span class='ocrx_word' id='word_1_143' title='bbox 1654 1056 1746 1108; x_wconf 81' lang='grc' dir='ltr'><strong>καὶ</strong></span> <span class='ocrx_word' id='word_1_144' title='bbox 1773 1055 1910 1108; x_wconf 80' lang='grc' dir='ltr'>πάν-</span> 
     </span>
    </p>
   </div>
   <div class='ocr_carea' id='block_1_24' title="bbox 326 1132 1910 1221">
    <p class='ocr_par' dir='ltr' id='par_1_24' title="bbox 326 1132 1910 1221">
     <span class='ocr_line' id='line_1_24' title="bbox 326 1132 1910 1221; baseline -0.001 -17"><span class='ocrx_word' id='word_1_145' title='bbox 326 1168 438 1204; x_wconf 90' lang='grc' dir='ltr'><strong>των</strong></span> <span class='ocrx_word' id='word_1_146' title='bbox 466 1150 567 1214; x_wconf 83' lang='grc' dir='ltr'><strong>τὰς</strong></span> <span class='ocrx_word' id='word_1_147' title='bbox 614 1150 844 1221; x_wconf 81' lang='grc' dir='ltr'><strong>καρδίας</strong></span> <span class='ocrx_word' id='word_1_148' title='bbox 887 1148 1329 1218; x_wconf 82' lang='grc' dir='ltr'>καταυγάζουσα,</span> <span class='ocrx_word' id='word_1_149' title='bbox 1364 1132 1536 1221; x_wconf 76' lang='grc' dir='ltr'>Κόρη,</span> <span class='ocrx_word' id='word_1_150' title='bbox 1575 1149 1671 1203; x_wconf 77' lang='grc' dir='ltr'><strong>καὶ</strong></span> <span class='ocrx_word' id='word_1_151' title='bbox 1715 1146 1910 1202; x_wconf 86' lang='grc' dir='ltr'>παθῶν</span> 
     </span>
    </p>
   </div>
   <div class='ocr_carea' id='block_1_25' title="bbox 326 1234 1107 1314">
    <p class='ocr_par' dir='ltr' id='par_1_25' title="bbox 326 1234 1107 1314">
     <span class='ocr_line' id='line_1_25' title="bbox 326 1234 1107 1314; baseline 0.001 -18"><span class='ocrx_word' id='word_1_152' title='bbox 326 1243 429 1313; x_wconf 80' lang='grc' dir='ltr'><strong>τὴν</strong></span> <span class='ocrx_word' id='word_1_153' title='bbox 453 1242 687 1314; x_wconf 77' lang='grc' dir='ltr'>ὀμίχλην</span> <span class='ocrx_word' id='word_1_154' title='bbox 715 1241 1009 1297; x_wconf 88' lang='grc' dir='ltr'>διώκουσα.</span> <span class='ocrx_word' id='word_1_155' title='bbox 1102 1234 1107 1239; x_wconf 29' lang='grc'><em>“</em></span> 
     </span>
    </p>
   </div>
   <div class='ocr_carea' id='block_1_26' title="bbox 400 1506 1907 1580">
    <p class='ocr_par' dir='ltr' id='par_1_26' title="bbox 400 1506 1907 1580">
     <span class='ocr_line' id='line_1_26' title="bbox 400 1506 1907 1580; baseline 0.001 -19"><span class='ocrx_word' id='word_1_156' title='bbox 400 1509 475 1562; x_wconf 81' lang='grc' dir='ltr'><strong>Σὺ</strong></span> <span class='ocrx_word' id='word_1_157' title='bbox 515 1507 749 1571; x_wconf 76' lang='grc' dir='ltr'>κιϐωτὸς</span> <span class='ocrx_word' id='word_1_158' title='bbox 777 1506 871 1561; x_wconf 84' lang='grc' dir='ltr'><strong>τοῦ</strong></span> <span class='ocrx_word' id='word_1_159' title='bbox 899 1507 1092 1580; x_wconf 85' lang='grc' dir='ltr'>νοητοῦ</span> <span class='ocrx_word' id='word_1_160' title='bbox 1133 1509 1475 1579; x_wconf 81' lang='grc' dir='ltr'>ἁγιάσματος</span> <span class='ocrx_word' id='word_1_161' title='bbox 1520 1508 1907 1580; x_wconf 80' lang='grc' dir='ltr'>χρηματίζεις,</span> 
     </span>
    </p>
   </div>
   <div class='ocr_carea' id='block_1_27' title="bbox 327 1600 1909 1672">
    <p class='ocr_par' dir='ltr' id='par_1_27' title="bbox 327 1600 1909 1672">
     <span class='ocr_line' id='line_1_27' title="bbox 327 1600 1909 1672; baseline -0.001 -16"><span class='ocrx_word' id='word_1_162' title='bbox 327 1601 590 1671; x_wconf 75' lang='grc' dir='ltr'>ἄχραντε,</span> <span class='ocrx_word' id='word_1_163' title='bbox 621 1600 958 1671; x_wconf 79' lang='grc' dir='ltr'>πανύμνητε,</span> <span class='ocrx_word' id='word_1_164' title='bbox 1010 1600 1106 1654; x_wconf 71' lang='grc' dir='ltr'>καὶ</span> <span class='ocrx_word' id='word_1_165' title='bbox 1135 1601 1234 1672; x_wconf 80' lang='grc' dir='ltr'><strong>τὴν</strong></span> <span class='ocrx_word' id='word_1_166' title='bbox 1275 1601 1463 1671; x_wconf 78' lang='grc' dir='ltr'><strong>τιμίαν</strong></span> <span class='ocrx_word' id='word_1_167' title='bbox 1496 1600 1699 1672; x_wconf 80' lang='grc' dir='ltr'>ταύτην</span> <span class='ocrx_word' id='word_1_168' title='bbox 1751 1601 1909 1672; x_wconf 85' lang='grc' dir='ltr'>σορὸν</span> 
     </span>
    </p>
   </div>
   <div class='ocr_carea' id='block_1_28' title="bbox 326 1689 1910 1763">
    <p class='ocr_par' dir='ltr' id='par_1_28' title="bbox 326 1689 1910 1763">
     <span class='ocr_line' id='line_1_28' title="bbox 326 1689 1910 1763; baseline 0 -19"><span class='ocrx_word' id='word_1_169' title='bbox 326 1689 568 1761; x_wconf 71' lang='grc' dir='ltr'>ἔχουσαν</span> <span class='ocrx_word' id='word_1_170' title='bbox 596 1691 701 1762; x_wconf 82' lang='grc' dir='ltr'>τὴν</span> <span class='ocrx_word' id='word_1_171' title='bbox 730 1690 907 1762; x_wconf 81' lang='grc' dir='ltr'><strong>ζώνην</strong></span> <span class='ocrx_word' id='word_1_172' title='bbox 933 1691 1000 1762; x_wconf 74' lang='grc' dir='ltr'>ἢν</span> <span class='ocrx_word' id='word_1_173' title='bbox 1027 1692 1295 1761; x_wconf 81' lang='grc' dir='ltr'><strong>περιοῦσα</strong></span> <span class='ocrx_word' id='word_1_174' title='bbox 1325 1691 1613 1761; x_wconf 79' lang='grc' dir='ltr'>ὲφόρεσας,</span> <span class='ocrx_word' id='word_1_175' title='bbox 1645 1691 1910 1763; x_wconf 79' lang='grc' dir='ltr'><strong>παρέχεις</strong></span> 
     </span>
    </p>
   </div>
   <div class='ocr_carea' id='block_1_29' title="bbox 326 1781 1910 1856">
    <p class='ocr_par' dir='ltr' id='par_1_29' title="bbox 326 1781 1910 1856">
     <span class='ocr_line' id='line_1_29' title="bbox 326 1781 1910 1856; baseline 0.004 -22"><span class='ocrx_word' id='word_1_176' title='bbox 326 1783 409 1853; x_wconf 84' lang='grc' dir='ltr'><strong>τῷ</strong></span> <span class='ocrx_word' id='word_1_177' title='bbox 437 1783 553 1854; x_wconf 84' lang='grc' dir='ltr'>λαῷ</span> <span class='ocrx_word' id='word_1_178' title='bbox 588 1799 683 1838; x_wconf 91' lang='grc' dir='ltr'><strong>σου</strong></span> <span class='ocrx_word' id='word_1_179' title='bbox 718 1781 1057 1852; x_wconf 80' lang='grc' dir='ltr'>καταφῦγιον</span> <span class='ocrx_word' id='word_1_180' title='bbox 1097 1785 1257 1849; x_wconf 85' lang='grc' dir='ltr'>πᾶσι,</span> <span class='ocrx_word' id='word_1_181' title='bbox 1304 1784 1401 1838; x_wconf 80' lang='grc' dir='ltr'>καὶ</span> <span class='ocrx_word' id='word_1_182' title='bbox 1436 1784 1619 1855; x_wconf 81' lang='grc' dir='ltr'>πηγήν</span> <span class='ocrx_word' id='word_1_183' title='bbox 1660 1786 1910 1856; x_wconf 80' lang='grc' dir='ltr'><strong>ἰαμάτων</strong></span> 
     </span>
    </p>
   </div>
   <div class='ocr_carea' id='block_1_30' title="bbox 326 1874 623 1933">
    <p class='ocr_par' dir='ltr' id='par_1_30' title="bbox 326 1874 623 1933">
     <span class='ocr_line' id='line_1_30' title="bbox 326 1874 623 1933; baseline 0.013 -4"><span class='ocrx_word' id='word_1_184' title='bbox 326 1874 623 1933; x_wconf 77' lang='grc' dir='ltr'>ἀκένωτον.</span> 
     </span>
    </p>
   </div>
   <div class='ocr_carea' id='block_1_31' title="bbox 328 1969 3595 2044">
    <p class='ocr_par' dir='ltr' id='par_1_31' title="bbox 328 1969 3595 2044">
     <span class='ocr_line' id='line_1_31' title="bbox 328 1969 3595 2044; baseline -0.001 -18"><span class='ocrx_word' id='word_1_185' title='bbox 328 1971 494 2026; x_wconf 88' lang='lat' dir='ltr'><strong>terris</strong></span> <span class='ocrx_word' id='word_1_186' title='bbox 516 1972 680 2026; x_wconf 87' lang='lat' dir='ltr'><strong>vitam</strong></span> <span class='ocrx_word' id='word_1_187' title='bbox 699 1971 912 2037; x_wconf 70' lang='lat' dir='ltr'><strong>degenti</strong></span> <span class='ocrx_word' id='word_1_188' title='bbox 947 1980 1231 2041; x_wconf 88' lang='lat' dir='ltr'><strong>usurpata,</strong></span> <span class='ocrx_word' id='word_1_189' title='bbox 1268 1971 1712 2043; x_wconf 58' lang='lat' dir='ltr'><strong>populoutuo</strong></span> <span class='ocrx_word' id='word_1_190' title='bbox 1736 1971 1964 2029; x_wconf 80' lang='lat' dir='ltr'><strong>exhibes</strong></span> <span class='ocrx_word' id='word_1_191' title='bbox 2031 1981 2292 2044; x_wconf 84' lang='lat' dir='ltr'><strong>tanquam</strong></span> <span class='ocrx_word' id='word_1_192' title='bbox 2364 1971 2636 2043; x_wconf 78' lang='lat' dir='ltr'><strong>refugium</strong></span> <span class='ocrx_word' id='word_1_193' title='bbox 2661 1972 2936 2042; x_wconf 56' lang='lat' dir='ltr'><strong>,omnibus</strong></span> <span class='ocrx_word' id='word_1_194' title='bbox 3011 1979 3264 2042; x_wconf 89' lang='lat' dir='ltr'><strong>paratum</strong></span> <span class='ocrx_word' id='word_1_195' title='bbox 3310 1984 3379 2026; x_wconf 88' lang='lat' dir='ltr'><strong>ac</strong></span> <span class='ocrx_word' id='word_1_196' title='bbox 3444 1969 3595 2025; x_wconf 82' lang='lat' dir='ltr'><strong>velut</strong></span> 
     </span>
    </p>
   </div>
   <div class='ocr_carea' id='block_1_32' title="bbox 324 2067 2388 2140">
    <p class='ocr_par' dir='ltr' id='par_1_32' title="bbox 324 2067 2388 2140">
     <span class='ocr_line' id='line_1_32' title="bbox 324 2067 2388 2140; baseline 0 -19"><span class='ocrx_word' id='word_1_197' title='bbox 324 2068 705 2140; x_wconf 79' lang='lat' dir='ltr'><strong>prodigiorum</strong></span> <span class='ocrx_word' id='word_1_198' title='bbox 777 2067 978 2123; x_wconf 76' lang='lat' dir='ltr'><strong>fontem</strong></span> <span class='ocrx_word' id='word_1_199' title='bbox 1042 2068 1208 2122; x_wconf 88' lang='lat' dir='ltr'><strong>nullis</strong></span> <span class='ocrx_word' id='word_1_200' title='bbox 1289 2083 1531 2138; x_wconf 87' lang='lat' dir='ltr'><strong>unquam</strong></span> <span class='ocrx_word' id='word_1_201' title='bbox 1604 2068 1893 2124; x_wconf 88' lang='lat' dir='ltr'><strong>conatibus</strong></span> <span class='ocrx_word' id='word_1_202' title='bbox 1926 2069 2388 2126; x_wconf 85' lang='lat' dir='ltr'><strong>exhauriendum.</strong></span> 
     </span>
    </p>
   </div>
   <div class='ocr_carea' id='block_1_33' title="bbox 402 2152 1918 2233">
    <p class='ocr_par' dir='ltr' id='par_1_33' title="bbox 402 2152 1909 2233">
     <span class='ocr_line' id='line_1_33' title="bbox 402 2152 1909 2233; baseline 0.003 -21"><span class='ocrx_word' id='word_1_203' title='bbox 402 2152 545 2213; x_wconf 84' lang='grc' dir='ltr'>Ἧκε</span> <span class='ocrx_word' id='word_1_204' title='bbox 594 2163 660 2231; x_wconf 76' lang='grc' dir='ltr'>τῇ</span> <span class='ocrx_word' id='word_1_205' title='bbox 709 2162 776 2231; x_wconf 81' lang='grc' dir='ltr'>σῇ</span> <span class='ocrx_word' id='word_1_206' title='bbox 833 2160 989 2213; x_wconf 87' lang='grc' dir='ltr'>πόλει</span> <span class='ocrx_word' id='word_1_207' title='bbox 1040 2159 1334 2215; x_wconf 84' lang='grc' dir='ltr'>πολύολὸον</span> <span class='ocrx_word' id='word_1_208' title='bbox 1395 2160 1628 2233; x_wconf 85' lang='grc' dir='ltr'><strong>δώρημα</strong></span> <span class='ocrx_word' id='word_1_209' title='bbox 1679 2162 1909 2233; x_wconf 77' lang='grc' dir='ltr'>ήτιμία</span> 
     </span>
    </p>
   </div>
   <div class='ocr_carea' id='block_1_34' title="bbox 2025 2152 3594 2233">
    <p class='ocr_par' dir='ltr' id='par_1_34' title="bbox 2072 2154 3594 2223">
     <span class='ocr_line' id='line_1_34' title="bbox 2072 2154 3594 2223; baseline -0.004 -6"><span class='ocrx_word' id='word_1_210' title='bbox 2072 2161 2309 2223; x_wconf 82' lang='lat' dir='ltr'><strong>Advenit</strong></span> <span class='ocrx_word' id='word_1_211' title='bbox 2334 2162 2481 2218; x_wconf 80' lang='lat' dir='ltr'><strong>dono</strong></span> <span class='ocrx_word' id='word_1_212' title='bbox 2529 2158 2740 2219; x_wconf 79' lang='lat' dir='ltr'><strong>civitati</strong></span> <span class='ocrx_word' id='word_1_213' title='bbox 2789 2158 2921 2214; x_wconf 92' lang='lat' dir='ltr'><strong>huic</strong></span> <span class='ocrx_word' id='word_1_214' title='bbox 2961 2166 3069 2213; x_wconf 68' lang='lat' dir='ltr'><strong>tua:</strong></span> <span class='ocrx_word' id='word_1_215' title='bbox 3099 2157 3401 2213; x_wconf 84' lang='lat' dir='ltr'><strong>multarum</strong></span> <span class='ocrx_word' id='word_1_216' title='bbox 3435 2154 3594 2211; x_wconf 90' lang='lat' dir='ltr'><strong>valde</strong></span> 
     </span>
    </p>
   </div>
   <div class='ocr_carea' id='block_1_35' title="bbox 324 2248 1918 2330">
    <p class='ocr_par' dir='ltr' id='par_1_35' title="bbox 324 2250 1910 2329">
     <span class='ocr_line' id='line_1_35' title="bbox 324 2250 1910 2329; baseline 0.001 -23"><span class='ocrx_word' id='word_1_217' title='bbox 324 2250 477 2322; x_wconf 81' lang='grc' dir='ltr'>ζώνη</span> <span class='ocrx_word' id='word_1_218' title='bbox 498 2269 613 2315; x_wconf 80' lang='grc' dir='ltr'>σου,</span> <span class='ocrx_word' id='word_1_219' title='bbox 638 2252 978 2325; x_wconf 79' lang='grc' dir='ltr'>πανύμνητε,</span> <span class='ocrx_word' id='word_1_220' title='bbox 998 2254 1092 2307; x_wconf 72' lang='grc' dir='ltr'>καὶ</span> <span class='ocrx_word' id='word_1_221' title='bbox 1113 2253 1382 2324; x_wconf 79' lang='grc' dir='ltr'><strong>κατετέθη</strong></span> <span class='ocrx_word' id='word_1_222' title='bbox 1402 2254 1719 2325; x_wconf 83' lang='grc' dir='ltr'>περιφανῶς</span> <span class='ocrx_word' id='word_1_223' title='bbox 1734 2253 1910 2329; x_wconf 79' lang='grc' dir='ltr'>ταύτῃ</span> 
     </span>
    </p>
   </div>
   <div class='ocr_carea' id='block_1_36' title="bbox 2025 2248 3597 2330">
    <p class='ocr_par' dir='ltr' id='par_1_36' title="bbox 2025 2248 3597 2330">
     <span class='ocr_line' id='line_1_36' title="bbox 2025 2248 3597 2330; baseline -0.005 -21"><span class='ocrx_word' id='word_1_224' title='bbox 2025 2252 2327 2311; x_wconf 72' lang='lat' dir='ltr'><strong>’elicitatum</strong></span> <span class='ocrx_word' id='word_1_225' title='bbox 2388 2252 2683 2318; x_wconf 81' lang='lat' dir='ltr'><strong>cumulus,</strong></span> <span class='ocrx_word' id='word_1_226' title='bbox 2752 2261 2908 2307; x_wconf 90' lang='lat' dir='ltr'><strong>tuum</strong></span> <span class='ocrx_word' id='word_1_227' title='bbox 2983 2265 3181 2319; x_wconf 86' lang='lat' dir='ltr'><strong>nempe</strong></span> <span class='ocrx_word' id='word_1_228' title='bbox 3254 2248 3597 2330; x_wconf 66' lang='lat' dir='ltr'><strong>cingulum,</strong></span> 
     </span>
    </p>
   </div>
   <div class='ocr_carea' id='block_1_37' title="bbox 327 2338 1918 2417">
    <p class='ocr_par' dir='ltr' id='par_1_37' title="bbox 327 2343 1908 2417">
     <span class='ocr_line' id='line_1_37' title="bbox 327 2343 1908 2417; baseline 0.004 -21"><span class='ocrx_word' id='word_1_229' title='bbox 327 2345 397 2414; x_wconf 81' lang='grc' dir='ltr'><strong>τῇ</strong></span> <span class='ocrx_word' id='word_1_230' title='bbox 428 2344 612 2416; x_wconf 73' lang='grc' dir='ltr'>ήμέρᾳ</span> <span class='ocrx_word' id='word_1_231' title='bbox 640 2345 698 2397; x_wconf 78' lang='grc' dir='ltr'>ὲν</span> <span class='ocrx_word' id='word_1_232' title='bbox 726 2343 901 2415; x_wconf 76' lang='grc' dir='ltr'>τούτῳ</span> <span class='ocrx_word' id='word_1_233' title='bbox 932 2343 1063 2415; x_wconf 83' lang='grc' dir='ltr'>θείῳ</span> <span class='ocrx_word' id='word_1_234' title='bbox 1111 2345 1249 2416; x_wconf 85' lang='grc' dir='ltr'>οίκῳ</span> <span class='ocrx_word' id='word_1_235' title='bbox 1299 2362 1419 2413; x_wconf 92' lang='grc' dir='ltr'>σου,</span> <span class='ocrx_word' id='word_1_236' title='bbox 1455 2347 1549 2400; x_wconf 82' lang='grc' dir='ltr'>καὶ</span> <span class='ocrx_word' id='word_1_237' title='bbox 1580 2346 1776 2416; x_wconf 77' lang='grc' dir='ltr'>γέγονε</span> <span class='ocrx_word' id='word_1_238' title='bbox 1808 2363 1908 2417; x_wconf 73' lang='grc' dir='ltr'>με·</span> 
     </span>
    </p>
   </div>
   <div class='ocr_carea' id='block_1_38' title="bbox 2025 2338 3591 2417">
    <p class='ocr_par' dir='ltr' id='par_1_38' title="bbox 2025 2338 3591 2414">
     <span class='ocr_line' id='line_1_38' title="bbox 2025 2338 3591 2414; baseline -0.003 -16"><span class='ocrx_word' id='word_1_239' title='bbox 2025 2360 2037 2398; x_wconf 71' lang='grc' dir='ltr'><strong>ι</strong></span> <span class='ocrx_word' id='word_1_240' title='bbox 2104 2344 2396 2414; x_wconf 71' lang='lat' dir='ltr'><strong>praaconiis</strong></span> <span class='ocrx_word' id='word_1_241' title='bbox 2486 2343 2874 2401; x_wconf 86' lang='lat' dir='ltr'><strong>universorum</strong></span> <span class='ocrx_word' id='word_1_242' title='bbox 2978 2342 3271 2397; x_wconf 82' lang='lat' dir='ltr'><strong>decantata</strong></span> <span class='ocrx_word' id='word_1_243' title='bbox 3344 2338 3519 2410; x_wconf 72' lang='lat' dir='ltr'><strong>Virgo</strong></span> <span class='ocrx_word' id='word_1_244' title='bbox 3556 2366 3591 2403; x_wconf 53' lang='grc' dir='ltr'><strong>ν,</strong></span> 
     </span>
    </p>
   </div>
   <div class='ocr_carea' id='block_1_39' title="bbox 328 2434 1909 2580">
    <p class='ocr_par' dir='ltr' id='par_1_39' title="bbox 328 2434 1909 2580">
     <span class='ocr_line' id='line_1_39' title="bbox 328 2434 1909 2511; baseline 0.004 -23"><span class='ocrx_word' id='word_1_245' title='bbox 328 2434 525 2507; x_wconf 75' lang='grc' dir='ltr'>γίστης</span> <span class='ocrx_word' id='word_1_246' title='bbox 575 2438 792 2509; x_wconf 74' lang='grc' dir='ltr'>ἑορτῆς,</span> <span class='ocrx_word' id='word_1_247' title='bbox 841 2436 1097 2506; x_wconf 76' lang='grc' dir='ltr'>Θεοτόκε,</span> <span class='ocrx_word' id='word_1_248' title='bbox 1131 2441 1245 2503; x_wconf 86' lang='grc' dir='ltr'>τοῖς</span> <span class='ocrx_word' id='word_1_249' title='bbox 1290 2437 1509 2511; x_wconf 81' lang='grc' dir='ltr'>θερμῶς</span> <span class='ocrx_word' id='word_1_250' title='bbox 1549 2456 1611 2495; x_wconf 80' lang='grc' dir='ltr'><strong>σε</strong></span> <span class='ocrx_word' id='word_1_251' title='bbox 1649 2438 1909 2495; x_wconf 81' lang='grc' dir='ltr'><strong>ποθοῦσιν</strong></span> 
     </span>
     <span class='ocr_line' id='line_1_40' title="bbox 331 2527 611 2580; baseline 0 0"><span class='ocrx_word' id='word_1_252' title='bbox 331 2527 611 2580; x_wconf 75' lang='grc' dir='ltr'>ὑπόθεσις.</span> 
     </span>
    </p>
   </div>
   <div class='ocr_carea' id='block_1_40' title="bbox 369 2528 611 2593">
    <p class='ocr_par' dir='ltr' id='par_1_40' title="bbox 369 2528 611 2593">
     <span class='ocr_line' id='line_1_41' title="bbox 369 2528 611 2593; baseline 0.017 -12"><span class='ocrx_word' id='word_1_253' title='bbox 369 2528 611 2593; x_wconf 87' lang='grc' dir='ltr'>πόθεσις.</span> 
     </span>
    </p>
   </div>
   <div class='ocr_carea' id='block_1_41' title="bbox 2002 2433 3607 2510">
    <p class='ocr_par' dir='ltr' id='par_1_41' title="bbox 2002 2433 3607 2510">
     <span class='ocr_line' id='line_1_42' title="bbox 2002 2433 3607 2510; baseline -0.003 -15"><span class='ocrx_word' id='word_1_254' title='bbox 2002 2437 2169 2510; x_wconf 87' lang='lat' dir='ltr'><strong>idque</strong></span> <span class='ocrx_word' id='word_1_255' title='bbox 2214 2438 2482 2494; x_wconf 85' lang='lat' dir='ltr'><strong>hodierna</strong></span> <span class='ocrx_word' id='word_1_256' title='bbox 2514 2438 2639 2495; x_wconf 89' lang='lat' dir='ltr'><strong>luce</strong></span> <span class='ocrx_word' id='word_1_257' title='bbox 2674 2437 2732 2493; x_wconf 90' lang='lat' dir='ltr'><strong>in</strong></span> <span class='ocrx_word' id='word_1_258' title='bbox 2775 2437 2883 2493; x_wconf 83' lang='lat' dir='ltr'><strong>hac</strong></span> <span class='ocrx_word' id='word_1_259' title='bbox 2917 2436 3103 2492; x_wconf 90' lang='lat' dir='ltr'><strong>divina</strong></span> <span class='ocrx_word' id='word_1_260' title='bbox 3156 2435 3272 2490; x_wconf 69' lang='lat' dir='ltr'><strong>aede</strong></span> <span class='ocrx_word' id='word_1_261' title='bbox 3339 2444 3433 2490; x_wconf 86' lang='lat' dir='ltr'><strong>tua</strong></span> <span class='ocrx_word' id='word_1_262' title='bbox 3467 2433 3607 2501; x_wconf 49' lang='lat' dir='ltr'><strong>illu:</strong></span> 
     </span>
    </p>
   </div>
   <div class='ocr_carea' id='block_1_42' title="bbox 2012 2526 3596 2597">
    <p class='ocr_par' dir='ltr' id='par_1_42' title="bbox 2012 2526 3596 2597">
     <span class='ocr_line' id='line_1_43' title="bbox 2012 2526 3596 2597; baseline -0.004 -11"><span class='ocrx_word' id='word_1_263' title='bbox 2012 2539 2181 2589; x_wconf 76' lang='lat' dir='ltr'><strong>strenu</strong></span> <span class='ocrx_word' id='word_1_264' title='bbox 2229 2530 2286 2586; x_wconf 90' lang='lat' dir='ltr'><strong>in</strong></span> <span class='ocrx_word' id='word_1_265' title='bbox 2324 2530 2550 2586; x_wconf 88' lang='lat' dir='ltr'><strong>modum</strong></span> <span class='ocrx_word' id='word_1_266' title='bbox 2581 2537 2668 2585; x_wconf 89' lang='lat' dir='ltr'><strong>est</strong></span> <span class='ocrx_word' id='word_1_267' title='bbox 2702 2528 3056 2594; x_wconf 86' lang='lat' dir='ltr'><strong>collocatum,</strong></span> <span class='ocrx_word' id='word_1_268' title='bbox 3086 2527 3374 2597; x_wconf 81' lang='lat' dir='ltr'><strong>evasitque</strong></span> <span class='ocrx_word' id='word_1_269' title='bbox 3414 2526 3596 2581; x_wconf 85' lang='lat' dir='ltr'><strong>omnl-</strong></span> 
     </span>
    </p>
   </div>
   <div class='ocr_carea' id='block_1_43' title="bbox 2011 2617 3588 2693">
    <p class='ocr_par' dir='ltr' id='par_1_43' title="bbox 2011 2617 3588 2693">
     <span class='ocr_line' id='line_1_44' title="bbox 2011 2617 3588 2693; baseline -0.004 -12"><span class='ocrx_word' id='word_1_270' title='bbox 2011 2622 2115 2681; x_wconf 85' lang='lat' dir='ltr'><strong>bus</strong></span> <span class='ocrx_word' id='word_1_271' title='bbox 2145 2621 2375 2678; x_wconf 81' lang='lat' dir='ltr'><strong>ferventi</strong></span> <span class='ocrx_word' id='word_1_272' title='bbox 2412 2631 2467 2678; x_wconf 89' lang='lat' dir='ltr'><strong>te</strong></span> <span class='ocrx_word' id='word_1_273' title='bbox 2490 2636 2681 2678; x_wconf 86' lang='lat' dir='ltr'><strong>amore</strong></span> <span class='ocrx_word' id='word_1_274' title='bbox 2714 2621 3179 2693; x_wconf 86' lang='lat' dir='ltr'><strong>prosequentibus</strong></span> <span class='ocrx_word' id='word_1_275' title='bbox 3216 2620 3390 2675; x_wconf 91' lang='lat' dir='ltr'><strong>multo</strong></span> <span class='ocrx_word' id='word_1_276' title='bbox 3430 2617 3588 2675; x_wconf 78' lang='lat' dir='ltr'><strong>festi-</strong></span> 
     </span>
    </p>
   </div>
   <div class='ocr_carea' id='block_1_44' title="bbox 2013 2711 3023 2783">
    <p class='ocr_par' dir='ltr' id='par_1_44' title="bbox 2013 2711 3023 2783">
     <span class='ocr_line' id='line_1_45' title="bbox 2013 2711 3023 2783; baseline -0.002 -15"><span class='ocrx_word' id='word_1_277' title='bbox 2013 2711 2202 2768; x_wconf 87' lang='lat' dir='ltr'><strong>vitatis</strong></span> <span class='ocrx_word' id='word_1_278' title='bbox 2233 2712 2582 2769; x_wconf 68' lang='lat' dir='ltr'><strong>instituendae</strong></span> <span class='ocrx_word' id='word_1_279' title='bbox 2610 2722 3023 2783; x_wconf 84' lang='lat' dir='ltr'><strong>argumentum.</strong></span> 
     </span>
    </p>
   </div>
   <div class='ocr_carea' id='block_1_45' title="bbox 407 2792 1918 2877">
    <p class='ocr_par' dir='ltr' id='par_1_45' title="bbox 407 2792 1915 2870">
     <span class='ocr_line' id='line_1_46' title="bbox 407 2792 1915 2870; baseline 0.005 -25"><span class='ocrx_word' id='word_1_280' title='bbox 407 2792 594 2864; x_wconf 81' lang='grc' dir='ltr'>Νόμου</span> <span class='ocrx_word' id='word_1_281' title='bbox 631 2795 783 2850; x_wconf 74' lang='grc' dir='ltr'>σκιαὶ</span> <span class='ocrx_word' id='word_1_282' title='bbox 817 2796 912 2850; x_wconf 81' lang='grc' dir='ltr'>καὶ</span> <span class='ocrx_word' id='word_1_283' title='bbox 938 2797 1240 2869; x_wconf 82' lang='grc' dir='ltr'>προφητῶν</span> <span class='ocrx_word' id='word_1_284' title='bbox 1261 2797 1331 2851; x_wconf 67' lang='grc' dir='ltr'><strong>τὰ</strong></span> <span class='ocrx_word' id='word_1_285' title='bbox 1355 2798 1657 2870; x_wconf 73' lang='grc' dir='ltr'>αἰνίγματα</span> <span class='ocrx_word' id='word_1_286' title='bbox 1680 2799 1915 2870; x_wconf 85' lang='grc' dir='ltr'>προεδή-</span> 
     </span>
    </p>
   </div>
   <div class='ocr_carea' id='block_1_46' title="bbox 2025 2792 3598 2877">
    <p class='ocr_par' dir='ltr' id='par_1_46' title="bbox 2083 2802 3598 2877">
     <span class='ocr_line' id='line_1_47' title="bbox 2083 2802 3598 2877; baseline -0.001 -18"><span class='ocrx_word' id='word_1_287' title='bbox 2083 2804 2331 2875; x_wconf 88' lang='lat' dir='ltr'><strong>Caligine</strong></span> <span class='ocrx_word' id='word_1_288' title='bbox 2354 2815 2633 2862; x_wconf 84' lang='lat' dir='ltr'><strong>scatentes</strong></span> <span class='ocrx_word' id='word_1_289' title='bbox 2651 2806 2786 2877; x_wconf 80' lang='lat' dir='ltr'><strong>legis</strong></span> <span class='ocrx_word' id='word_1_290' title='bbox 2804 2805 3015 2861; x_wconf 65' lang='lat' dir='ltr'><strong>umbrae</strong></span> <span class='ocrx_word' id='word_1_291' title='bbox 3038 2820 3102 2860; x_wconf 87' lang='lat' dir='ltr'><strong>ac</strong></span> <span class='ocrx_word' id='word_1_292' title='bbox 3122 2804 3284 2860; x_wconf 91' lang='lat' dir='ltr'><strong>simul</strong></span> <span class='ocrx_word' id='word_1_293' title='bbox 3304 2802 3598 2874; x_wconf 61' lang='lat' dir='ltr'><strong>enigmata</strong></span> 
     </span>
    </p>
   </div>
   <div class='ocr_carea' id='block_1_47' title="bbox 332 2884 1918 2969">
    <p class='ocr_par' dir='ltr' id='par_1_47' title="bbox 332 2884 1912 2964">
     <span class='ocr_line' id='line_1_48' title="bbox 332 2884 1912 2964; baseline 0.004 -26"><span class='ocrx_word' id='word_1_294' title='bbox 332 2884 463 2964; x_wconf 83' lang='grc' dir='ltr'>λουν</span> <span class='ocrx_word' id='word_1_295' title='bbox 491 2887 709 2942; x_wconf 72' lang='grc' dir='ltr'>ἔσεσθαί</span> <span class='ocrx_word' id='word_1_296' title='bbox 748 2906 832 2953; x_wconf 83' lang='grc' dir='ltr'><strong>σε,</strong></span> <span class='ocrx_word' id='word_1_297' title='bbox 867 2889 1132 2960; x_wconf 82' lang='grc' dir='ltr'>πάναγνε,</span> <span class='ocrx_word' id='word_1_298' title='bbox 1160 2889 1298 2944; x_wconf 88' lang='grc' dir='ltr'>Θεοῦ</span> <span class='ocrx_word' id='word_1_299' title='bbox 1331 2891 1564 2961; x_wconf 82' lang='grc' dir='ltr'>Μητέρα</span> <span class='ocrx_word' id='word_1_300' title='bbox 1598 2890 1912 2960; x_wconf 86' lang='grc' dir='ltr'>παναληθῆ,</span> 
     </span>
    </p>
   </div>
   <div class='ocr_carea' id='block_1_48' title="bbox 2025 2884 3598 2969">
    <p class='ocr_par' dir='ltr' id='par_1_48' title="bbox 2025 2894 3598 2969">
     <span class='ocr_line' id='line_1_49' title="bbox 2025 2894 3598 2969; baseline -0.001 -18"><span class='ocrx_word' id='word_1_301' title='bbox 2025 2898 2407 2968; x_wconf 79' lang='lat' dir='ltr'><strong>prophetarum</strong></span> <span class='ocrx_word' id='word_1_302' title='bbox 2444 2908 2495 2954; x_wconf 90' lang='lat' dir='ltr'><strong>te</strong></span> <span class='ocrx_word' id='word_1_303' title='bbox 2521 2898 2824 2969; x_wconf 89' lang='lat' dir='ltr'><strong>aliquando</strong></span> <span class='ocrx_word' id='word_1_304' title='bbox 2859 2898 3206 2954; x_wconf 84' lang='lat' dir='ltr'><strong>verissimam</strong></span> <span class='ocrx_word' id='word_1_305' title='bbox 3244 2896 3337 2952; x_wconf 88' lang='lat' dir='ltr'><strong>Dei</strong></span> <span class='ocrx_word' id='word_1_306' title='bbox 3367 2894 3598 2950; x_wconf 77' lang='lat' dir='ltr'><strong>Matrem</strong></span> 
     </span>
    </p>
   </div>
   <div class='ocr_carea' id='block_1_49' title="bbox 333 2974 1918 3060">
    <p class='ocr_par' dir='ltr' id='par_1_49' title="bbox 333 2974 1917 3055">
     <span class='ocr_line' id='line_1_50' title="bbox 333 2974 1917 3055; baseline 0.005 -24"><span class='ocrx_word' id='word_1_307' title='bbox 333 2977 405 3032; x_wconf 83' lang='grc' dir='ltr'><strong>δι’</strong></span> <span class='ocrx_word' id='word_1_308' title='bbox 450 2974 518 3051; x_wconf 81' lang='grc' dir='ltr'><strong>ἧς</strong></span> <span class='ocrx_word' id='word_1_309' title='bbox 572 2981 607 3051; x_wconf 88' lang='grc' dir='ltr'><strong>ή</strong></span> <span class='ocrx_word' id='word_1_310' title='bbox 642 2982 859 3053; x_wconf 82' lang='grc' dir='ltr'>κατάρα</span> <span class='ocrx_word' id='word_1_311' title='bbox 914 2982 1296 3055; x_wconf 79' lang='grc' dir='ltr'>ἀπεστειρώθη</span> <span class='ocrx_word' id='word_1_312' title='bbox 1353 2983 1449 3037; x_wconf 74' lang='grc' dir='ltr'>καὶ</span> <span class='ocrx_word' id='word_1_313' title='bbox 1493 2984 1696 3054; x_wconf 74' lang='grc' dir='ltr'>ήνθησε</span> <span class='ocrx_word' id='word_1_314' title='bbox 1732 2984 1917 3039; x_wconf 84' lang='grc' dir='ltr'>τελεία.</span> 
     </span>
    </p>
   </div>
   <div class='ocr_carea' id='block_1_50' title="bbox 2025 2974 3599 3060">
    <p class='ocr_par' dir='ltr' id='par_1_50' title="bbox 2025 2988 3599 3060">
     <span class='ocr_line' id='line_1_51' title="bbox 2025 2988 3599 3060; baseline -0.002 -17"><span class='ocrx_word' id='word_1_315' title='bbox 2025 2988 2258 3044; x_wconf 72' lang='lat' dir='ltr'><strong>futuram</strong></span> <span class='ocrx_word' id='word_1_316' title='bbox 2285 2990 2808 3060; x_wconf 64' lang='lat' dir='ltr'><strong>praesigniﬁcarunt,</strong></span> <span class='ocrx_word' id='word_1_317' title='bbox 2835 3004 2870 3046; x_wconf 87' lang='grc' dir='ltr'>ο</span> <span class='ocrx_word' id='word_1_318' title='bbox 2894 2988 3246 3046; x_wconf 78' lang='lat' dir='ltr'><strong>castissima!</strong></span> <span class='ocrx_word' id='word_1_319' title='bbox 3282 2988 3473 3057; x_wconf 88' lang='lat' dir='ltr'><strong>sicque</strong></span> <span class='ocrx_word' id='word_1_320' title='bbox 3501 2999 3599 3056; x_wconf 85' lang='lat' dir='ltr'><strong>per</strong></span> 
     </span>
    </p>
   </div>
   <div class='ocr_carea' id='block_1_51' title="bbox 334 3065 1918 3153">
    <p class='ocr_par' dir='ltr' id='par_1_51' title="bbox 334 3065 1917 3147">
     <span class='ocr_line' id='line_1_52' title="bbox 334 3065 1917 3147; baseline 0.007 -29"><span class='ocrx_word' id='word_1_321' title='bbox 334 3065 579 3135; x_wconf 87' lang='grc' dir='ltr'>εὑλογία,</span> <span class='ocrx_word' id='word_1_322' title='bbox 608 3069 711 3123; x_wconf 80' lang='grc' dir='ltr'>καὶ</span> <span class='ocrx_word' id='word_1_323' title='bbox 726 3072 995 3143; x_wconf 85' lang='grc' dir='ltr'>σωτήριος</span> <span class='ocrx_word' id='word_1_324' title='bbox 1024 3071 1185 3144; x_wconf 84' lang='grc' dir='ltr'>χάρις</span> <span class='ocrx_word' id='word_1_325' title='bbox 1207 3075 1321 3137; x_wconf 79' lang='grc' dir='ltr'>τοῖς</span> <span class='ocrx_word' id='word_1_326' title='bbox 1351 3074 1410 3127; x_wconf 83' lang='grc' dir='ltr'>ὲν</span> <span class='ocrx_word' id='word_1_327' title='bbox 1445 3072 1624 3128; x_wconf 80' lang='grc' dir='ltr'>πίστει</span> <span class='ocrx_word' id='word_1_328' title='bbox 1652 3073 1746 3128; x_wconf 77' lang='grc' dir='ltr'>καὶ</span> <span class='ocrx_word' id='word_1_329' title='bbox 1767 3074 1917 3147; x_wconf 86' lang='grc' dir='ltr'>πόθῳ</span> 
     </span>
    </p>
   </div>
   <div class='ocr_carea' id='block_1_52' title="bbox 2025 3065 3596 3153">
    <p class='ocr_par' dir='ltr' id='par_1_52' title="bbox 2025 3077 3596 3150">
     <span class='ocr_line' id='line_1_53' title="bbox 2025 3077 3596 3150; baseline 0 -18"><span class='ocrx_word' id='word_1_330' title='bbox 2025 3088 2068 3134; x_wconf 81' lang='lat' dir='ltr'><strong>Le</strong></span> <span class='ocrx_word' id='word_1_331' title='bbox 2098 3089 2150 3145; x_wconf 81' lang='lat' dir='ltr'><strong>et</strong></span> <span class='ocrx_word' id='word_1_332' title='bbox 2173 3081 2381 3150; x_wconf 82' lang='lat' dir='ltr'><strong>peccati</strong></span> <span class='ocrx_word' id='word_1_333' title='bbox 2410 3081 2725 3138; x_wconf 87' lang='lat' dir='ltr'><strong>maledictio</strong></span> <span class='ocrx_word' id='word_1_334' title='bbox 2762 3081 2832 3137; x_wconf 88' lang='lat' dir='ltr'><strong>ad</strong></span> <span class='ocrx_word' id='word_1_335' title='bbox 2866 3081 3159 3150; x_wconf 88' lang='lat' dir='ltr'><strong>quamdam</strong></span> <span class='ocrx_word' id='word_1_336' title='bbox 3201 3079 3361 3149; x_wconf 85' lang='lat' dir='ltr'><strong>quasi</strong></span> <span class='ocrx_word' id='word_1_337' title='bbox 3391 3077 3596 3134; x_wconf 86' lang='lat' dir='ltr'><strong>sterili-</strong></span> 
     </span>
    </p>
   </div>
   <div class='ocr_carea' id='block_1_53' title="bbox 336 3155 3596 3243">
    <p class='ocr_par' dir='ltr' id='par_1_53' title="bbox 336 3155 3596 3243">
     <span class='ocr_line' id='line_1_54' title="bbox 336 3155 3596 3243; baseline -0 -16"><span class='ocrx_word' id='word_1_338' title='bbox 336 3155 572 3228; x_wconf 74' lang='grc' dir='ltr'>ὕμνοῦσί</span> <span class='ocrx_word' id='word_1_339' title='bbox 610 3178 692 3215; x_wconf 82' lang='grc' dir='ltr'><strong>σε·</strong></span> <span class='ocrx_word' id='word_1_340' title='bbox 1936 3157 1979 3217; x_wconf 80' lang='lat' dir='ltr'><strong>C</strong></span> <span class='ocrx_word' id='word_1_341' title='bbox 2016 3179 2182 3228; x_wconf 89' lang='lat' dir='ltr'><strong>tatem</strong></span> <span class='ocrx_word' id='word_1_342' title='bbox 2220 3171 2444 3229; x_wconf 88' lang='lat' dir='ltr'><strong>redacta</strong></span> <span class='ocrx_word' id='word_1_343' title='bbox 2465 3182 2572 3239; x_wconf 90' lang='lat' dir='ltr'><strong>est,</strong></span> <span class='ocrx_word' id='word_1_344' title='bbox 2602 3183 2660 3231; x_wconf 90' lang='lat' dir='ltr'><strong>et</strong></span> <span class='ocrx_word' id='word_1_345' title='bbox 2685 3173 2934 3231; x_wconf 85' lang='lat' dir='ltr'><strong>vicissim</strong></span> <span class='ocrx_word' id='word_1_346' title='bbox 2961 3174 3092 3229; x_wconf 80' lang='lat' dir='ltr'><strong>vera</strong></span> <span class='ocrx_word' id='word_1_347' title='bbox 3123 3189 3189 3228; x_wconf 88' lang='lat' dir='ltr'><strong>ac</strong></span> <span class='ocrx_word' id='word_1_348' title='bbox 3223 3173 3467 3243; x_wconf 78' lang='lat' dir='ltr'><strong>perfecta</strong></span> <span class='ocrx_word' id='word_1_349' title='bbox 3497 3171 3596 3226; x_wconf 85' lang='lat' dir='ltr'><strong>be-</strong></span> 
     </span>
    </p>
   </div>
   <div class='ocr_carea' id='block_1_54' title="bbox 337 3256 3598 3340">
    <p class='ocr_par' dir='ltr' id='par_1_54' title="bbox 337 3256 3598 3340">
     <span class='ocr_line' id='line_1_55' title="bbox 337 3256 3598 3340; baseline 0.003 -28"><span class='ocrx_word' id='word_1_350' title='bbox 337 3256 580 3313; x_wconf 89' lang='lat' dir='ltr'><strong>nedictio</strong></span> <span class='ocrx_word' id='word_1_351' title='bbox 630 3275 736 3314; x_wconf 89' lang='lat' dir='ltr'><strong>una</strong></span> <span class='ocrx_word' id='word_1_352' title='bbox 786 3275 911 3316; x_wconf 91' lang='lat' dir='ltr'><strong>cum</strong></span> <span class='ocrx_word' id='word_1_353' title='bbox 993 3261 1222 3318; x_wconf 88' lang='lat' dir='ltr'><strong>salutari</strong></span> <span class='ocrx_word' id='word_1_354' title='bbox 1299 3261 1537 3333; x_wconf 80' lang='lat' dir='ltr'><strong>quadam</strong></span> <span class='ocrx_word' id='word_1_355' title='bbox 1596 3264 1770 3333; x_wconf 84' lang='lat' dir='ltr'><strong>gratia</strong></span> <span class='ocrx_word' id='word_1_356' title='bbox 1849 3264 2193 3327; x_wconf 73' lang='lat' dir='ltr'><strong>efﬂorescere</strong></span> <span class='ocrx_word' id='word_1_357' title='bbox 2245 3267 2473 3339; x_wconf 87' lang='lat' dir='ltr'><strong>incepit,</strong></span> <span class='ocrx_word' id='word_1_358' title='bbox 2539 3268 2611 3326; x_wconf 88' lang='lat' dir='ltr'><strong>ad</strong></span> <span class='ocrx_word' id='word_1_359' title='bbox 2651 3268 2988 3340; x_wconf 79' lang='lat' dir='ltr'><strong>singularem</strong></span> <span class='ocrx_word' id='word_1_360' title='bbox 3070 3268 3345 3334; x_wconf 91' lang='lat' dir='ltr'><strong>omnium,</strong></span> <span class='ocrx_word' id='word_1_361' title='bbox 3397 3265 3598 3337; x_wconf 88' lang='lat' dir='ltr'><strong>cupida</strong></span> 
     </span>
    </p>
   </div>
   <div class='ocr_carea' id='block_1_55' title="bbox 335 3348 3567 3421">
    <p class='ocr_par' dir='ltr' id='par_1_55' title="bbox 335 3348 3567 3421">
     <span class='ocr_line' id='line_1_56' title="bbox 335 3348 3567 3421; baseline 0.006 -17"><span class='ocrx_word' id='word_1_362' title='bbox 335 3348 446 3404; x_wconf 72' lang='lat' dir='ltr'><strong>ﬁde</strong></span> <span class='ocrx_word' id='word_1_363' title='bbox 476 3350 572 3406; x_wconf 90' lang='lat' dir='ltr'><strong>tibi</strong></span> <span class='ocrx_word' id='word_1_364' title='bbox 605 3352 985 3421; x_wconf 84' lang='lat' dir='ltr'><strong>servientium,</strong></span> <span class='ocrx_word' id='word_1_365' title='bbox 1028 3354 1347 3410; x_wconf 89' lang='lat' dir='ltr'><strong>utilitatem.</strong></span> <span class='ocrx_word' id='word_1_366' title='bbox 1932 3408 1939 3417; x_wconf 64' lang='grc'><strong>,</strong></span> <span class='ocrx_word' id='word_1_367' title='bbox 3550 3376 3567 3404; x_wconf 77' lang='grc'><strong>-’</strong></span> 
     </span>
    </p>
   </div>
   <div class='ocr_carea' id='block_1_56' title="bbox 1029 3467 1257 3540">
    <p class='ocr_par' dir='ltr' id='par_1_56' title="bbox 1029 3467 1257 3540">
     <span class='ocr_line' id='line_1_57' title="bbox 1029 3467 1257 3540; baseline -0.004 0"><span class='ocrx_word' id='word_1_368' title='bbox 1029 3467 1158 3540; x_wconf 60' lang='lat' dir='ltr'><strong>ne;</strong></span> <span class='ocrx_word' id='word_1_369' title='bbox 1192 3468 1257 3523; x_wconf 82' lang='grc' dir='ltr'><strong><em>εό</em></strong></span> 
     </span>
    </p>
   </div>
   <div class='ocr_carea' id='block_1_57' title="bbox 412 3578 1918 3658">
    <p class='ocr_par' dir='ltr' id='par_1_57' title="bbox 412 3578 1918 3656">
     <span class='ocr_line' id='line_1_58' title="bbox 412 3578 1918 3656; baseline 0.006 -23"><span class='ocrx_word' id='word_1_370' title='bbox 412 3578 603 3651; x_wconf 86' lang='grc' dir='ltr'>Ζώνης</span> <span class='ocrx_word' id='word_1_371' title='bbox 646 3579 797 3645; x_wconf 89' lang='grc' dir='ltr'>θείας</span> <span class='ocrx_word' id='word_1_372' title='bbox 829 3580 1086 3652; x_wconf 81' lang='grc' dir='ltr'>τεθείσης</span> <span class='ocrx_word' id='word_1_373' title='bbox 1130 3582 1373 3654; x_wconf 81' lang='grc' dir='ltr'>σήμερον</span> <span class='ocrx_word' id='word_1_374' title='bbox 1401 3584 1460 3638; x_wconf 77' lang='grc' dir='ltr'>ὲν</span> <span class='ocrx_word' id='word_1_375' title='bbox 1488 3585 1623 3656; x_wconf 82' lang='grc' dir='ltr'>οῐκῳ</span> <span class='ocrx_word' id='word_1_376' title='bbox 1649 3602 1764 3655; x_wconf 91' lang='grc' dir='ltr'>σου,</span> <span class='ocrx_word' id='word_1_377' title='bbox 1802 3587 1918 3643; x_wconf 89' lang='grc' dir='ltr'>θεο-</span> 
     </span>
    </p>
   </div>
   <div class='ocr_carea' id='block_1_58' title="bbox 2025 3578 3601 3658">
    <p class='ocr_par' dir='ltr' id='par_1_58' title="bbox 2096 3586 3601 3658">
     <span class='ocr_line' id='line_1_59' title="bbox 2096 3586 3601 3658; baseline -0.002 -14"><span class='ocrx_word' id='word_1_378' title='bbox 2096 3586 2392 3658; x_wconf 88' lang='lat' dir='ltr'><strong>Cingulum</strong></span> <span class='ocrx_word' id='word_1_379' title='bbox 2444 3588 2591 3644; x_wconf 88' lang='lat' dir='ltr'><strong>istud</strong></span> <span class='ocrx_word' id='word_1_380' title='bbox 2639 3599 2790 3645; x_wconf 90' lang='lat' dir='ltr'><strong>tuum</strong></span> <span class='ocrx_word' id='word_1_381' title='bbox 2824 3587 3097 3652; x_wconf 89' lang='lat' dir='ltr'><strong>divinum,</strong></span> <span class='ocrx_word' id='word_1_382' title='bbox 3141 3587 3301 3657; x_wconf 90' lang='lat' dir='ltr'><strong>cujus</strong></span> <span class='ocrx_word' id='word_1_383' title='bbox 3346 3586 3511 3642; x_wconf 88' lang='lat' dir='ltr'><strong>hodie</strong></span> <span class='ocrx_word' id='word_1_384' title='bbox 3544 3586 3601 3642; x_wconf 91' lang='lat' dir='ltr'><strong>in</strong></span> 
     </span>
    </p>
   </div>
   <div class='ocr_carea' id='block_1_59' title="bbox 340 3672 1918 3753">
    <p class='ocr_par' dir='ltr' id='par_1_59' title="bbox 340 3672 1918 3745">
     <span class='ocr_line' id='line_1_60' title="bbox 340 3672 1918 3745; baseline 0.005 -20"><span class='ocrx_word' id='word_1_385' title='bbox 340 3672 615 3743; x_wconf 79' lang='grc' dir='ltr'>χαρίτωτε</span> <span class='ocrx_word' id='word_1_386' title='bbox 639 3712 655 3733; x_wconf 88' lang='lat'><strong>,</strong></span> <span class='ocrx_word' id='word_1_387' title='bbox 716 3675 1115 3745; x_wconf 84' lang='grc' dir='ltr'>συνεπανετέθη</span> <span class='ocrx_word' id='word_1_388' title='bbox 1170 3675 1394 3743; x_wconf 83' lang='grc' dir='ltr'>ἀγαθῶν</span> <span class='ocrx_word' id='word_1_389' title='bbox 1441 3678 1594 3731; x_wconf 80' lang='grc' dir='ltr'>πᾶσα</span> <span class='ocrx_word' id='word_1_390' title='bbox 1631 3678 1777 3743; x_wconf 86' lang='grc' dir='ltr'>δόσις</span> <span class='ocrx_word' id='word_1_391' title='bbox 1809 3682 1918 3744; x_wconf 82' lang='grc' dir='ltr'>τοῖς</span> 
     </span>
    </p>
   </div>
   <div class='ocr_carea' id='block_1_60' title="bbox 2025 3672 3603 3753">
    <p class='ocr_par' dir='ltr' id='par_1_60' title="bbox 2025 3679 3603 3753">
     <span class='ocr_line' id='line_1_61' title="bbox 2025 3679 3603 3753; baseline -0.001 -18"><span class='ocrx_word' id='word_1_392' title='bbox 2025 3680 2124 3736; x_wconf 88' lang='lat' dir='ltr'><strong>hac</strong></span> <span class='ocrx_word' id='word_1_393' title='bbox 2168 3682 2331 3736; x_wconf 89' lang='lat' dir='ltr'><strong>domo</strong></span> <span class='ocrx_word' id='word_1_394' title='bbox 2372 3692 2464 3736; x_wconf 90' lang='lat' dir='ltr'><strong>tua</strong></span> <span class='ocrx_word' id='word_1_395' title='bbox 2512 3681 2915 3753; x_wconf 88' lang='lat' dir='ltr'><strong>depositionem</strong></span> <span class='ocrx_word' id='word_1_396' title='bbox 2948 3680 3313 3745; x_wconf 84' lang='lat' dir='ltr'><strong>celebramus,</strong></span> <span class='ocrx_word' id='word_1_397' title='bbox 3345 3695 3378 3733; x_wconf 91' lang='grc' dir='ltr'>ο</span> <span class='ocrx_word' id='word_1_398' title='bbox 3411 3679 3603 3750; x_wconf 79' lang='lat' dir='ltr'><strong>singu-</strong></span> 
     </span>
    </p>
   </div>
   <div class='ocr_carea' id='block_1_61' title="bbox 336 3764 1918 3844">
    <p class='ocr_par' dir='ltr' id='par_1_61' title="bbox 336 3764 1918 3843">
     <span class='ocr_line' id='line_1_62' title="bbox 336 3764 1918 3843; baseline 0.003 -22"><span class='ocrx_word' id='word_1_399' title='bbox 336 3764 626 3837; x_wconf 82' lang='grc' dir='ltr'>χρῄζουσι,</span> <span class='ocrx_word' id='word_1_400' title='bbox 653 3765 746 3820; x_wconf 72' lang='grc' dir='ltr'><strong>καὶ</strong></span> <span class='ocrx_word' id='word_1_401' title='bbox 778 3768 1081 3839; x_wconf 83' lang='grc' dir='ltr'>πληροῦται</span> <span class='ocrx_word' id='word_1_402' title='bbox 1102 3769 1211 3832; x_wconf 75' lang='grc' dir='ltr'>πᾶς</span> <span class='ocrx_word' id='word_1_403' title='bbox 1242 3784 1330 3830; x_wconf 85' lang='grc' dir='ltr'><strong>τις</strong></span> <span class='ocrx_word' id='word_1_404' title='bbox 1361 3770 1663 3842; x_wconf 80' lang='grc' dir='ltr'>ἀγιασμοῦ,</span> <span class='ocrx_word' id='word_1_405' title='bbox 1690 3772 1719 3825; x_wconf 85' lang='grc' dir='ltr'><strong>ὁ</strong></span> <span class='ocrx_word' id='word_1_406' title='bbox 1749 3788 1918 3843; x_wconf 84' lang='grc' dir='ltr'>προσ-</span> 
     </span>
    </p>
   </div>
   <div class='ocr_carea' id='block_1_62' title="bbox 2025 3764 3600 3844">
    <p class='ocr_par' dir='ltr' id='par_1_62' title="bbox 2025 3769 3600 3844">
     <span class='ocr_line' id='line_1_63' title="bbox 2025 3769 3600 3844; baseline -0.003 -17"><span class='ocrx_word' id='word_1_407' title='bbox 2025 3772 2125 3827; x_wconf 92' lang='lat' dir='ltr'><strong>lari</strong></span> <span class='ocrx_word' id='word_1_408' title='bbox 2152 3773 2298 3843; x_wconf 89' lang='lat' dir='ltr'><strong>apud</strong></span> <span class='ocrx_word' id='word_1_409' title='bbox 2337 3773 2507 3827; x_wconf 90' lang='lat' dir='ltr'><strong>Deum</strong></span> <span class='ocrx_word' id='word_1_410' title='bbox 2543 3772 2718 3843; x_wconf 89' lang='lat' dir='ltr'><strong>gratia</strong></span> <span class='ocrx_word' id='word_1_411' title='bbox 2762 3772 2974 3842; x_wconf 84' lang='lat' dir='ltr'><strong>pollens</strong></span> <span class='ocrx_word' id='word_1_412' title='bbox 3002 3769 3205 3844; x_wconf 81' lang='lat' dir='ltr'><strong>Virgo!</strong></span> <span class='ocrx_word' id='word_1_413' title='bbox 3245 3769 3388 3826; x_wconf 89' lang='lat' dir='ltr'><strong>istud</strong></span> <span class='ocrx_word' id='word_1_414' title='bbox 3420 3779 3600 3835; x_wconf 93' lang='lat' dir='ltr'><strong>tuum,</strong></span> 
     </span>
    </p>
   </div>
   <div class='ocr_carea' id='block_1_63' title="bbox 339 3859 1918 3936">
    <p class='ocr_par' dir='ltr' id='par_1_63' title="bbox 339 3859 1670 3933">
     <span class='ocr_line' id='line_1_64' title="bbox 339 3859 1670 3933; baseline 0.006 -21"><span class='ocrx_word' id='word_1_415' title='bbox 339 3859 596 3923; x_wconf 78' lang='grc' dir='ltr'>πελάζων</span> <span class='ocrx_word' id='word_1_416' title='bbox 621 3860 722 3925; x_wconf 83' lang='grc' dir='ltr'><strong>τὰς</strong></span> <span class='ocrx_word' id='word_1_417' title='bbox 752 3861 997 3933; x_wconf 77' lang='grc' dir='ltr'>αἰτήσεις</span> <span class='ocrx_word' id='word_1_418' title='bbox 1045 3861 1255 3926; x_wconf 82' lang='grc' dir='ltr'>πιστῶς</span> <span class='ocrx_word' id='word_1_419' title='bbox 1288 3862 1670 3933; x_wconf 86' lang='grc' dir='ltr'>κομιζόμενος.</span> 
     </span>
    </p>
   </div>
   <div class='ocr_carea' id='block_1_64' title="bbox 2025 3859 3606 3936">
    <p class='ocr_par' dir='ltr' id='par_1_64' title="bbox 2030 3862 3606 3936">
     <span class='ocr_line' id='line_1_65' title="bbox 2030 3862 3606 3936; baseline -0.002 -16"><span class='ocrx_word' id='word_1_420' title='bbox 2030 3866 2285 3936; x_wconf 87' lang='lat' dir='ltr'><strong>inquam,</strong></span> <span class='ocrx_word' id='word_1_421' title='bbox 2318 3866 2598 3936; x_wconf 88' lang='lat' dir='ltr'><strong>cingulum</strong></span> <span class='ocrx_word' id='word_1_422' title='bbox 2634 3865 2688 3920; x_wconf 93' lang='lat' dir='ltr'><strong>in</strong></span> <span class='ocrx_word' id='word_1_423' title='bbox 2727 3880 2887 3922; x_wconf 89' lang='lat' dir='ltr'><strong>suum</strong></span> <span class='ocrx_word' id='word_1_424' title='bbox 2922 3865 3030 3920; x_wconf 89' lang='lat' dir='ltr'><strong>huc</strong></span> <span class='ocrx_word' id='word_1_425' title='bbox 3060 3865 3406 3928; x_wconf 87' lang='lat' dir='ltr'><strong>comitatum,</strong></span> <span class='ocrx_word' id='word_1_426' title='bbox 3438 3862 3606 3918; x_wconf 80' lang='lat' dir='ltr'><strong>traxit</strong></span> 
     </span>
    </p>
   </div>
   <div class='ocr_carea' id='block_1_65' title="bbox 338 3949 3603 4031">
    <p class='ocr_par' dir='ltr' id='par_1_65' title="bbox 338 3949 3603 4031">
     <span class='ocr_line' id='line_1_66' title="bbox 338 3949 3603 4031; baseline 0.001 -25"><span class='ocrx_word' id='word_1_427' title='bbox 338 3949 784 4009; x_wconf 85' lang='lat' dir='ltr'><strong>liberalissimam</strong></span> <span class='ocrx_word' id='word_1_428' title='bbox 810 3954 1057 4009; x_wconf 91' lang='lat' dir='ltr'><strong>omnium</strong></span> <span class='ocrx_word' id='word_1_429' title='bbox 1086 3955 1387 4027; x_wconf 84' lang='lat' dir='ltr'><strong>gratiarum</strong></span> <span class='ocrx_word' id='word_1_430' title='bbox 1429 3958 1668 4027; x_wconf 81' lang='lat' dir='ltr'><strong>cupiam,</strong></span> <span class='ocrx_word' id='word_1_431' title='bbox 1706 3968 1870 4028; x_wconf 90' lang='lat' dir='ltr'><strong>prout</strong></span> <span class='ocrx_word' id='word_1_432' title='bbox 1908 3960 2180 4031; x_wconf 85' lang='lat' dir='ltr'><strong>cujusque</strong></span> <span class='ocrx_word' id='word_1_433' title='bbox 2209 3958 2450 4030; x_wconf 90' lang='lat' dir='ltr'><strong>postulat</strong></span> <span class='ocrx_word' id='word_1_434' title='bbox 2486 3958 2810 4029; x_wconf 88' lang='lat' dir='ltr'><strong>indigentia,</strong></span> <span class='ocrx_word' id='word_1_435' title='bbox 2830 3966 2884 4011; x_wconf 89' lang='lat' dir='ltr'><strong>et</strong></span> <span class='ocrx_word' id='word_1_436' title='bbox 2917 3957 3233 4027; x_wconf 88' lang='lat' dir='ltr'><strong>quicunque</strong></span> <span class='ocrx_word' id='word_1_437' title='bbox 3281 3956 3389 4010; x_wconf 90' lang='lat' dir='ltr'><strong>huc</strong></span> <span class='ocrx_word' id='word_1_438' title='bbox 3414 3970 3603 4010; x_wconf 88' lang='lat' dir='ltr'><strong>acces-</strong></span> 
     </span>
    </p>
   </div>
   <div class='ocr_carea' id='block_1_66' title="bbox 341 4044 3603 4131">
    <p class='ocr_par' dir='ltr' id='par_1_66' title="bbox 341 4044 3603 4131">
     <span class='ocr_line' id='line_1_67' title="bbox 341 4044 3603 4131; baseline 0.003 -33"><span class='ocrx_word' id='word_1_439' title='bbox 341 4044 498 4107; x_wconf 81' lang='lat' dir='ltr'><strong>serit,</strong></span> <span class='ocrx_word' id='word_1_440' title='bbox 528 4045 622 4101; x_wconf 90' lang='lat' dir='ltr'><strong>ille</strong></span> <span class='ocrx_word' id='word_1_441' title='bbox 650 4047 908 4117; x_wconf 86' lang='lat' dir='ltr'><strong>impletur</strong></span> <span class='ocrx_word' id='word_1_442' title='bbox 937 4048 1162 4131; x_wconf 84' lang='lat' dir='ltr'><strong>copioso</strong></span> <span class='ocrx_word' id='word_1_443' title='bbox 1185 4048 1331 4104; x_wconf 90' lang='lat' dir='ltr'><strong>dono</strong></span> <span class='ocrx_word' id='word_1_444' title='bbox 1362 4051 1761 4116; x_wconf 68' lang='lat' dir='ltr'><strong>sanctimoniae,</strong></span> <span class='ocrx_word' id='word_1_445' title='bbox 1802 4053 1847 4107; x_wconf 90' lang='lat' dir='ltr'><strong>si</strong></span> <span class='ocrx_word' id='word_1_446' title='bbox 1887 4053 2147 4110; x_wconf 91' lang='lat' dir='ltr'><strong>nimirum</strong></span> <span class='ocrx_word' id='word_1_447' title='bbox 2180 4068 2371 4124; x_wconf 89' lang='lat' dir='ltr'><strong>preces</strong></span> <span class='ocrx_word' id='word_1_448' title='bbox 2416 4068 2545 4108; x_wconf 89' lang='lat' dir='ltr'><strong>suas</strong></span> <span class='ocrx_word' id='word_1_449' title='bbox 2579 4052 2747 4109; x_wconf 89' lang='lat' dir='ltr'><strong>corde</strong></span> <span class='ocrx_word' id='word_1_450' title='bbox 2786 4051 3046 4106; x_wconf 87' lang='lat' dir='ltr'><strong>obtulerit</strong></span> <span class='ocrx_word' id='word_1_451' title='bbox 3080 4051 3296 4105; x_wconf 87' lang='lat' dir='ltr'><strong>sincero</strong></span> <span class='ocrx_word' id='word_1_452' title='bbox 3330 4064 3394 4105; x_wconf 88' lang='lat' dir='ltr'><strong>ac</strong></span> <span class='ocrx_word' id='word_1_453' title='bbox 3428 4048 3603 4107; x_wconf 83' lang='lat' dir='ltr'><strong>ﬁdeli&#39;</strong></span> 
     </span>
    </p>
   </div>
   <div class='ocr_carea' id='block_1_67' title="bbox 425 4137 1918 4220">
    <p class='ocr_par' dir='ltr' id='par_1_67' title="bbox 425 4137 1918 4220">
     <span class='ocr_line' id='line_1_68' title="bbox 425 4137 1918 4220; baseline 0.006 -27"><span class='ocrx_word' id='word_1_454' title='bbox 425 4137 753 4213; x_wconf 78' lang='grc' dir='ltr'>Ὠραιὼθης,</span> <span class='ocrx_word' id='word_1_455' title='bbox 777 4142 1043 4215; x_wconf 81' lang='grc' dir='ltr'>Παρθένε,</span> <span class='ocrx_word' id='word_1_456' title='bbox 1074 4143 1247 4214; x_wconf 87' lang='grc' dir='ltr'>Λόγον</span> <span class='ocrx_word' id='word_1_457' title='bbox 1296 4144 1631 4215; x_wconf 86' lang='grc' dir='ltr'>ὡραιότατον</span> <span class='ocrx_word' id='word_1_458' title='bbox 1670 4141 1918 4220; x_wconf 82' lang='grc' dir='ltr'>ἀποκυή-</span> 
     </span>
    </p>
   </div>
   <div class='ocr_carea' id='block_1_68' title="bbox 2025 4137 3602 4220">
    <p class='ocr_par' dir='ltr' id='par_1_68' title="bbox 2096 4144 3602 4219">
     <span class='ocr_line' id='line_1_69' title="bbox 2096 4144 3602 4219; baseline -0.002 -18"><span class='ocrx_word' id='word_1_459' title='bbox 2096 4148 2358 4219; x_wconf 84' lang='lat' dir='ltr'><strong>lnclytam</strong></span> <span class='ocrx_word' id='word_1_460' title='bbox 2391 4147 2462 4202; x_wconf 85' lang='lat' dir='ltr'><strong>ob</strong></span> <span class='ocrx_word' id='word_1_461' title='bbox 2493 4147 2659 4203; x_wconf 83' lang='lat' dir='ltr'><strong>Verbi</strong></span> <span class='ocrx_word' id='word_1_462' title='bbox 2683 4162 2714 4200; x_wconf 88' lang='lat' dir='ltr'><strong>a</strong></span> <span class='ocrx_word' id='word_1_463' title='bbox 2759 4155 2808 4201; x_wconf 94' lang='lat' dir='ltr'><strong>te</strong></span> <span class='ocrx_word' id='word_1_464' title='bbox 2833 4145 3000 4217; x_wconf 83' lang='lat' dir='ltr'><strong>geniti</strong></span> <span class='ocrx_word' id='word_1_465' title='bbox 3025 4144 3509 4213; x_wconf 89' lang='lat' dir='ltr'><strong>pulchritudinem,</strong></span> <span class='ocrx_word' id='word_1_466' title='bbox 3544 4153 3602 4198; x_wconf 91' lang='lat' dir='ltr'><strong>tu</strong></span> 
     </span>
    </p>
   </div>
   <div class='ocr_carea' id='block_1_69' title="bbox 2686 3475 2903 3532">
    <p class='ocr_par' dir='ltr' id='par_1_69' title="bbox 2686 3475 2903 3532">
     <span class='ocr_line' id='line_1_70' title="bbox 2686 3475 2903 3532; baseline -0.005 -1"><span class='ocrx_word' id='word_1_467' title='bbox 2686 3475 2803 3532; x_wconf 85' lang='lat' dir='ltr'><strong>Ode</strong></span> <span class='ocrx_word' id='word_1_468' title='bbox 2847 3475 2903 3531; x_wconf 82' lang='lat'><strong>5.</strong></span> 
     </span>
    </p>
   </div>
   <div class='ocr_carea' id='block_1_70' title="bbox 344 4228 1918 4314">
    <p class='ocr_par' dir='ltr' id='par_1_70' title="bbox 344 4228 1918 4309">
     <span class='ocr_line' id='line_1_71' title="bbox 344 4228 1918 4309; baseline 0.006 -26"><span class='ocrx_word' id='word_1_469' title='bbox 344 4228 507 4297; x_wconf 84' lang='grc' dir='ltr'>σασα,</span> <span class='ocrx_word' id='word_1_470' title='bbox 543 4232 638 4286; x_wconf 81' lang='grc' dir='ltr'><strong>καὶ</strong></span> <span class='ocrx_word' id='word_1_471' title='bbox 689 4236 766 4304; x_wconf 77' lang='grc' dir='ltr'>τῷ</span> <span class='ocrx_word' id='word_1_472' title='bbox 799 4233 877 4305; x_wconf 82' lang='grc' dir='ltr'><strong>σῷ</strong></span> <span class='ocrx_word' id='word_1_473' title='bbox 901 4235 1091 4307; x_wconf 82' lang='grc' dir='ltr'>ὡραίῳ</span> <span class='ocrx_word' id='word_1_474' title='bbox 1123 4236 1499 4309; x_wconf 79' lang='grc' dir='ltr'>ὲπευδόκησας</span> <span class='ocrx_word' id='word_1_475' title='bbox 1528 4238 1666 4309; x_wconf 86' lang='grc' dir='ltr'>οῐκῳ</span> <span class='ocrx_word' id='word_1_476' title='bbox 1690 4238 1918 4309; x_wconf 84' lang='grc' dir='ltr'>τεθήσε-</span> 
     </span>
    </p>
   </div>
   <div class='ocr_carea' id='block_1_71' title="bbox 2025 4228 3653 4314">
    <p class='ocr_par' dir='ltr' id='par_1_71' title="bbox 2028 4236 3653 4314">
     <span class='ocr_line' id='line_1_72' title="bbox 2028 4236 3653 4314; baseline -0.002 -17"><span class='ocrx_word' id='word_1_477' title='bbox 2028 4257 2248 4313; x_wconf 86' lang='lat' dir='ltr'><strong>quoque</strong></span> <span class='ocrx_word' id='word_1_478' title='bbox 2282 4241 2481 4314; x_wconf 89' lang='lat' dir='ltr'><strong>inclyta</strong></span> <span class='ocrx_word' id='word_1_479' title='bbox 2519 4256 2579 4296; x_wconf 91' lang='lat' dir='ltr'><strong>es</strong></span> <span class='ocrx_word' id='word_1_480' title='bbox 2618 4237 3028 4312; x_wconf 85' lang='lat' dir='ltr'><strong>pulchritudine</strong></span> <span class='ocrx_word' id='word_1_481' title='bbox 3075 4237 3383 4301; x_wconf 89' lang='lat' dir='ltr'><strong>illustrata;</strong></span> <span class='ocrx_word' id='word_1_482' title='bbox 3436 4236 3606 4291; x_wconf 88' lang='lat' dir='ltr'><strong>simul</strong></span> <span class='ocrx_word' id='word_1_483' title='bbox 3646 4290 3653 4294; x_wconf 89' lang='lat'><strong><em>.</em></strong></span> 
     </span>
    </p>
   </div>
   <div class='ocr_carea' id='block_1_72' title="bbox 345 4324 1918 4404">
    <p class='ocr_par' dir='ltr' id='par_1_72' title="bbox 345 4324 1918 4404">
     <span class='ocr_line' id='line_1_73' title="bbox 345 4324 1918 4404; baseline 0.005 -27"><span class='ocrx_word' id='word_1_484' title='bbox 345 4324 474 4378; x_wconf 88' lang='grc' dir='ltr'>σθαι</span> <span class='ocrx_word' id='word_1_485' title='bbox 500 4325 600 4397; x_wconf 86' lang='grc' dir='ltr'>τὴν</span> <span class='ocrx_word' id='word_1_486' title='bbox 630 4326 839 4398; x_wconf 85' lang='grc' dir='ltr'>ὡραίαν</span> <span class='ocrx_word' id='word_1_487' title='bbox 878 4328 1077 4400; x_wconf 90' lang='grc' dir='ltr'>ζώνην,</span> <span class='ocrx_word' id='word_1_488' title='bbox 1106 4330 1228 4400; x_wconf 76' lang='grc' dir='ltr'>ἣτις</span> <span class='ocrx_word' id='word_1_489' title='bbox 1257 4329 1319 4384; x_wconf 78' lang='grc' dir='ltr'>τὸ</span> <span class='ocrx_word' id='word_1_490' title='bbox 1367 4331 1458 4384; x_wconf 78' lang='grc' dir='ltr'><strong>σὺν</strong></span> <span class='ocrx_word' id='word_1_491' title='bbox 1506 4329 1708 4404; x_wconf 78' lang='grc' dir='ltr'>ὡραῖον</span> <span class='ocrx_word' id='word_1_492' title='bbox 1739 4330 1918 4403; x_wconf 85' lang='grc' dir='ltr'>σῶμα,</span> 
     </span>
    </p>
   </div>
   <div class='ocr_carea' id='block_1_73' title="bbox 2025 4324 3609 4404">
    <p class='ocr_par' dir='ltr' id='par_1_73' title="bbox 2033 4325 3609 4401">
     <span class='ocr_line' id='line_1_74' title="bbox 2033 4325 3609 4401; baseline -0.006 -13"><span class='ocrx_word' id='word_1_493' title='bbox 2033 4340 2087 4388; x_wconf 89' lang='lat' dir='ltr'><strong>et</strong></span> <span class='ocrx_word' id='word_1_494' title='bbox 2123 4332 2175 4386; x_wconf 91' lang='lat' dir='ltr'><strong>in</strong></span> <span class='ocrx_word' id='word_1_495' title='bbox 2210 4332 2312 4386; x_wconf 86' lang='lat' dir='ltr'><strong>hoc</strong></span> <span class='ocrx_word' id='word_1_496' title='bbox 2378 4330 2579 4401; x_wconf 85' lang='lat' dir='ltr'><strong>templo</strong></span> <span class='ocrx_word' id='word_1_497' title='bbox 2616 4343 2710 4386; x_wconf 91' lang='lat' dir='ltr'><strong>tuo</strong></span> <span class='ocrx_word' id='word_1_498' title='bbox 2751 4329 2950 4399; x_wconf 89' lang='lat' dir='ltr'><strong>inclyte</strong></span> <span class='ocrx_word' id='word_1_499' title='bbox 2985 4327 3260 4397; x_wconf 86' lang='lat' dir='ltr'><strong>specioso,</strong></span> <span class='ocrx_word' id='word_1_500' title='bbox 3306 4335 3362 4381; x_wconf 94' lang='lat' dir='ltr'><strong>tu</strong></span> <span class='ocrx_word' id='word_1_501' title='bbox 3396 4325 3609 4396; x_wconf 89' lang='lat' dir='ltr'><strong>placide</strong></span> 
     </span>
    </p>
   </div>
   <div class='ocr_carea' id='block_1_74' title="bbox 344 4412 1918 4495">
    <p class='ocr_par' dir='ltr' id='par_1_74' title="bbox 344 4417 1159 4491">
     <span class='ocr_line' id='line_1_75' title="bbox 344 4417 1159 4491; baseline 0.007 -21"><span class='ocrx_word' id='word_1_502' title='bbox 344 4417 601 4482; x_wconf 85' lang='grc' dir='ltr'>Θεοτόκε,</span> <span class='ocrx_word' id='word_1_503' title='bbox 626 4420 849 4491; x_wconf 88' lang='grc' dir='ltr'>ὡραίως</span> <span class='ocrx_word' id='word_1_504' title='bbox 877 4422 1159 4487; x_wconf 86' lang='grc' dir='ltr'>διέζωσεν.</span> 
     </span>
    </p>
   </div>
   <div class='ocr_carea' id='block_1_75' title="bbox 2025 4412 3610 4495">
    <p class='ocr_par' dir='ltr' id='par_1_75' title="bbox 2029 4412 3610 4495">
     <span class='ocr_line' id='line_1_76' title="bbox 2029 4412 3610 4495; baseline -0.006 -16"><span class='ocrx_word' id='word_1_505' title='bbox 2029 4424 2140 4495; x_wconf 90' lang='lat' dir='ltr'><strong>pati</strong></span> <span class='ocrx_word' id='word_1_506' title='bbox 2191 4439 2251 4480; x_wconf 89' lang='lat' dir='ltr'><strong>es</strong></span> <span class='ocrx_word' id='word_1_507' title='bbox 2290 4422 2535 4495; x_wconf 86' lang='lat' dir='ltr'><strong>dignata,</strong></span> <span class='ocrx_word' id='word_1_508' title='bbox 2578 4432 2636 4477; x_wconf 88' lang='lat' dir='ltr'><strong>ut</strong></span> <span class='ocrx_word' id='word_1_509' title='bbox 2676 4429 3036 4492; x_wconf 89' lang='lat' dir='ltr'><strong>reponeretur</strong></span> <span class='ocrx_word' id='word_1_510' title='bbox 3074 4418 3291 4491; x_wconf 70' lang='lat' dir='ltr'><strong>inclyta:</strong></span> <span class='ocrx_word' id='word_1_511' title='bbox 3329 4418 3457 4473; x_wconf 91' lang='lat' dir='ltr'><strong>item</strong></span> <span class='ocrx_word' id='word_1_512' title='bbox 3492 4412 3610 4487; x_wconf 84' lang='lat' dir='ltr'><strong>pul-</strong></span> 
     </span>
    </p>
   </div>
   <div class='ocr_carea' id='block_1_76' title="bbox 347 4514 3610 4599">
    <p class='ocr_par' dir='ltr' id='par_1_76' title="bbox 347 4514 3610 4599">
     <span class='ocr_line' id='line_1_77' title="bbox 347 4514 3610 4599; baseline -0.001 -28"><span class='ocrx_word' id='word_1_513' title='bbox 347 4514 679 4575; x_wconf 89' lang='lat' dir='ltr'><strong>chritudinis</strong></span> <span class='ocrx_word' id='word_1_514' title='bbox 733 4536 869 4576; x_wconf 86' lang='lat' dir='ltr'><strong>zona</strong></span> <span class='ocrx_word' id='word_1_515' title='bbox 932 4530 1067 4589; x_wconf 87' lang='lat' dir='ltr'><strong>tua,</strong></span> <span class='ocrx_word' id='word_1_516' title='bbox 1112 4538 1233 4595; x_wconf 71' lang='lat' dir='ltr'><strong>qua:</strong></span> <span class='ocrx_word' id='word_1_517' title='bbox 1294 4534 1350 4579; x_wconf 91' lang='lat' dir='ltr'><strong>et</strong></span> <span class='ocrx_word' id='word_1_518' title='bbox 1401 4532 1557 4581; x_wconf 89' lang='lat' dir='ltr'><strong>tuum</strong></span> <span class='ocrx_word' id='word_1_519' title='bbox 1618 4524 1819 4598; x_wconf 86' lang='lat' dir='ltr'><strong>inclyte</strong></span> <span class='ocrx_word' id='word_1_520' title='bbox 1868 4525 2154 4599; x_wconf 89' lang='lat' dir='ltr'><strong>pulchrum</strong></span> <span class='ocrx_word' id='word_1_521' title='bbox 2210 4538 2432 4597; x_wconf 84' lang='lat' dir='ltr'><strong>corpus,</strong></span> <span class='ocrx_word' id='word_1_522' title='bbox 2473 4538 2506 4579; x_wconf 90' lang='grc' dir='ltr'>ο</span> <span class='ocrx_word' id='word_1_523' title='bbox 2564 4523 2814 4594; x_wconf 87' lang='lat' dir='ltr'><strong>Deipara,</strong></span> <span class='ocrx_word' id='word_1_524' title='bbox 2853 4521 3037 4578; x_wconf 89' lang='lat' dir='ltr'><strong>cinctu</strong></span> <span class='ocrx_word' id='word_1_525' title='bbox 3098 4517 3339 4589; x_wconf 90' lang='lat' dir='ltr'><strong>quodam</strong></span> <span class='ocrx_word' id='word_1_526' title='bbox 3405 4514 3610 4588; x_wconf 83' lang='lat' dir='ltr'><strong>inclyto</strong></span> 
     </span>
    </p>
   </div>
   <div class='ocr_carea' id='block_1_77' title="bbox 347 4616 685 4683">
    <p class='ocr_par' dir='ltr' id='par_1_77' title="bbox 347 4616 685 4683">
     <span class='ocr_line' id='line_1_78' title="bbox 347 4616 685 4683; baseline 0.006 -14"><span class='ocrx_word' id='word_1_527' title='bbox 347 4616 685 4683; x_wconf 86' lang='lat' dir='ltr'><strong>perornavit.</strong></span> 
     </span>
    </p>
   </div>
   <div class='ocr_carea' id='block_1_78' title="bbox 420 4703 1918 4785">
    <p class='ocr_par' dir='ltr' id='par_1_78' title="bbox 420 4704 1918 4785">
     <span class='ocr_line' id='line_1_79' title="bbox 420 4704 1918 4785; baseline 0.005 -26"><span class='ocrx_word' id='word_1_528' title='bbox 420 4706 525 4759; x_wconf 90' lang='grc' dir='ltr'>Σοῦ</span> <span class='ocrx_word' id='word_1_529' title='bbox 575 4708 605 4761; x_wconf 84' lang='grc' dir='ltr'><strong>ὁ</strong></span> <span class='ocrx_word' id='word_1_530' title='bbox 649 4709 806 4777; x_wconf 75' lang='grc' dir='ltr'>ἅγιος</span> <span class='ocrx_word' id='word_1_531' title='bbox 856 4704 1005 4774; x_wconf 80' lang='grc' dir='ltr'>οἶκος</span> <span class='ocrx_word' id='word_1_532' title='bbox 1055 4710 1214 4774; x_wconf 81' lang='grc' dir='ltr'>ἄλλος</span> <span class='ocrx_word' id='word_1_533' title='bbox 1261 4710 1337 4777; x_wconf 91' lang='grc' dir='ltr'><strong>ὡς</strong></span> <span class='ocrx_word' id='word_1_534' title='bbox 1390 4711 1722 4785; x_wconf 82' lang='grc' dir='ltr'>παράδεισος</span> <span class='ocrx_word' id='word_1_535' title='bbox 1786 4714 1918 4767; x_wconf 83' lang='grc' dir='ltr'>πᾶσι</span> 
     </span>
    </p>
   </div>
   <div class='ocr_carea' id='block_1_79' title="bbox 2025 4703 3611 4785">
    <p class='ocr_par' dir='ltr' id='par_1_79' title="bbox 2098 4703 3611 4780">
     <span class='ocr_line' id='line_1_80' title="bbox 2098 4703 3611 4780; baseline -0.007 -14"><span class='ocrx_word' id='word_1_536' title='bbox 2098 4710 2282 4768; x_wconf 85' lang='lat' dir='ltr'><strong>Novus</strong></span> <span class='ocrx_word' id='word_1_537' title='bbox 2336 4725 2461 4769; x_wconf 85' lang='lat' dir='ltr'><strong>esse</strong></span> <span class='ocrx_word' id='word_1_538' title='bbox 2508 4709 2800 4780; x_wconf 87' lang='lat' dir='ltr'><strong>paradisus</strong></span> <span class='ocrx_word' id='word_1_539' title='bbox 2853 4707 3053 4767; x_wconf 87' lang='lat' dir='ltr'><strong>domus</strong></span> <span class='ocrx_word' id='word_1_540' title='bbox 3096 4705 3214 4763; x_wconf 65' lang='lat' dir='ltr'><strong>haec</strong></span> <span class='ocrx_word' id='word_1_541' title='bbox 3247 4713 3337 4760; x_wconf 89' lang='lat' dir='ltr'><strong>tua</strong></span> <span class='ocrx_word' id='word_1_542' title='bbox 3368 4703 3611 4763; x_wconf 83' lang='lat' dir='ltr'><strong>creditur</strong></span> 
     </span>
    </p>
   </div>
   <div class='ocr_carea' id='block_1_80' title="bbox 350 4794 1918 4875">
    <p class='ocr_par' dir='ltr' id='par_1_80' title="bbox 350 4797 1918 4875">
     <span class='ocr_line' id='line_1_81' title="bbox 350 4797 1918 4875; baseline 0.006 -27"><span class='ocrx_word' id='word_1_543' title='bbox 350 4797 719 4867; x_wconf 77' lang='grc' dir='ltr'>γνωρίζεται,</span> <span class='ocrx_word' id='word_1_544' title='bbox 804 4800 972 4870; x_wconf 85' lang='grc' dir='ltr'>μέσον</span> <span class='ocrx_word' id='word_1_545' title='bbox 1033 4803 1370 4874; x_wconf 87' lang='grc' dir='ltr'>κεκτημένος</span> <span class='ocrx_word' id='word_1_546' title='bbox 1439 4803 1629 4875; x_wconf 85' lang='grc' dir='ltr'>ὥσπερ</span> <span class='ocrx_word' id='word_1_547' title='bbox 1694 4802 1918 4874; x_wconf 75' lang='grc' dir='ltr'>εὔοσμον</span> 
     </span>
    </p>
   </div>
   <div class='ocr_carea' id='block_1_81' title="bbox 2025 4794 3610 4875">
    <p class='ocr_par' dir='ltr' id='par_1_81' title="bbox 2029 4794 3610 4875">
     <span class='ocr_line' id='line_1_82' title="bbox 2029 4794 3610 4875; baseline -0.006 -18"><span class='ocrx_word' id='word_1_548' title='bbox 2029 4803 2208 4875; x_wconf 89' lang='lat' dir='ltr'><strong>palam</strong></span> <span class='ocrx_word' id='word_1_549' title='bbox 2242 4800 2348 4872; x_wconf 72' lang='lat'><strong>25</strong></span> <span class='ocrx_word' id='word_1_550' title='bbox 2382 4802 2452 4856; x_wconf 90' lang='lat' dir='ltr'><strong>ab</strong></span> <span class='ocrx_word' id='word_1_551' title='bbox 2496 4800 2794 4867; x_wconf 84' lang='lat' dir='ltr'><strong>universis,</strong></span> <span class='ocrx_word' id='word_1_552' title='bbox 2842 4798 2899 4854; x_wconf 87' lang='lat' dir='ltr'><strong>in</strong></span> <span class='ocrx_word' id='word_1_553' title='bbox 2945 4798 3106 4869; x_wconf 85' lang='lat' dir='ltr'><strong>cujus</strong></span> <span class='ocrx_word' id='word_1_554' title='bbox 3155 4795 3396 4870; x_wconf 86' lang='lat' dir='ltr'><strong>paradisi</strong></span> <span class='ocrx_word' id='word_1_555' title='bbox 3428 4794 3610 4850; x_wconf 90' lang='lat' dir='ltr'><strong>medio</strong></span> 
     </span>
    </p>
   </div>
   <div class='ocr_carea' id='block_1_82' title="bbox 354 4888 1918 4967">
    <p class='ocr_par' dir='ltr' id='par_1_82' title="bbox 354 4890 1918 4967">
     <span class='ocr_line' id='line_1_83' title="bbox 354 4890 1918 4967; baseline 0.005 -25"><span class='ocrx_word' id='word_1_556' title='bbox 354 4890 509 4959; x_wconf 76' lang='grc' dir='ltr'>ῥόδον</span> <span class='ocrx_word' id='word_1_557' title='bbox 547 4891 643 4963; x_wconf 75' lang='grc' dir='ltr'><strong>τήν</strong></span> <span class='ocrx_word' id='word_1_558' title='bbox 672 4892 851 4963; x_wconf 86' lang='grc' dir='ltr'>ζώνην</span> <span class='ocrx_word' id='word_1_559' title='bbox 881 4910 997 4955; x_wconf 89' lang='grc' dir='ltr'>σου,</span> <span class='ocrx_word' id='word_1_560' title='bbox 1039 4893 1249 4958; x_wconf 80' lang='grc' dir='ltr'>εὐοδίας</span> <span class='ocrx_word' id='word_1_561' title='bbox 1296 4894 1449 4960; x_wconf 87' lang='grc' dir='ltr'>θείας</span> <span class='ocrx_word' id='word_1_562' title='bbox 1495 4895 1918 4967; x_wconf 83' lang='grc' dir='ltr'>ἅποπληροῦσαν</span> 
     </span>
    </p>
   </div>
   <div class='ocr_carea' id='block_1_83' title="bbox 2025 4888 3608 4967">
    <p class='ocr_par' dir='ltr' id='par_1_83' title="bbox 2032 4888 3608 4965">
     <span class='ocr_line' id='line_1_84' title="bbox 2032 4888 3608 4965; baseline -0.006 -15"><span class='ocrx_word' id='word_1_563' title='bbox 2032 4896 2207 4951; x_wconf 87' lang='lat' dir='ltr'><strong>instar</strong></span> <span class='ocrx_word' id='word_1_564' title='bbox 2235 4893 2524 4965; x_wconf 84' lang='lat' dir='ltr'><strong>cujusdam</strong></span> <span class='ocrx_word' id='word_1_565' title='bbox 2558 4894 2855 4963; x_wconf 77' lang='lat' dir='ltr'><strong>fragrantis</strong></span> <span class='ocrx_word' id='word_1_566' title='bbox 2884 4907 3025 4948; x_wconf 75' lang='lat' dir='ltr'><strong>rosa:</strong></span> <span class='ocrx_word' id='word_1_567' title='bbox 3048 4906 3187 4946; x_wconf 86' lang='lat' dir='ltr'><strong>zona</strong></span> <span class='ocrx_word' id='word_1_568' title='bbox 3222 4898 3315 4945; x_wconf 89' lang='lat' dir='ltr'><strong>tua</strong></span> <span class='ocrx_word' id='word_1_569' title='bbox 3341 4888 3608 4944; x_wconf 84' lang='lat' dir='ltr'><strong>collocata</strong></span> 
     </span>
    </p>
   </div>
   <div class='ocr_carea' id='block_1_84' title="bbox 349 4981 1918 5059">
    <p class='ocr_par' dir='ltr' id='par_1_84' title="bbox 349 4981 1918 5059">
     <span class='ocr_line' id='line_1_85' title="bbox 349 4981 1918 5059; baseline 0.006 -25"><span class='ocrx_word' id='word_1_570' title='bbox 349 4981 453 5046; x_wconf 82' lang='grc' dir='ltr'><strong>τὰς</strong></span> <span class='ocrx_word' id='word_1_571' title='bbox 499 4983 723 5054; x_wconf 83' lang='grc' dir='ltr'>καρδίας</span> <span class='ocrx_word' id='word_1_572' title='bbox 768 4984 878 5038; x_wconf 89' lang='grc' dir='ltr'><strong>τῶν</strong></span> <span class='ocrx_word' id='word_1_573' title='bbox 912 4985 1118 5051; x_wconf 86' lang='grc' dir='ltr'>πιστῶς</span> <span class='ocrx_word' id='word_1_574' title='bbox 1176 4988 1537 5058; x_wconf 83' lang='grc' dir='ltr'>προσιόντων,</span> <span class='ocrx_word' id='word_1_575' title='bbox 1590 4988 1918 5059; x_wconf 80' lang='grc' dir='ltr'>πανάμωμε.</span> 
     </span>
    </p>
   </div>
   <div class='ocr_carea' id='block_1_85' title="bbox 2025 4981 3607 5059">
    <p class='ocr_par' dir='ltr' id='par_1_85' title="bbox 2032 4981 3607 5055">
     <span class='ocr_line' id='line_1_86' title="bbox 2032 4981 3607 5055; baseline -0.006 -14"><span class='ocrx_word' id='word_1_576' title='bbox 2032 4987 2299 5051; x_wconf 84' lang='lat' dir='ltr'><strong>cernitur,</strong></span> <span class='ocrx_word' id='word_1_577' title='bbox 2348 5000 2444 5054; x_wconf 87' lang='lat' dir='ltr'><strong>per</strong></span> <span class='ocrx_word' id='word_1_578' title='bbox 2480 4983 2637 5053; x_wconf 88' lang='lat' dir='ltr'><strong>cujus</strong></span> <span class='ocrx_word' id='word_1_579' title='bbox 2678 4982 3041 5055; x_wconf 78' lang='lat' dir='ltr'><strong>iragrantiam</strong></span> <span class='ocrx_word' id='word_1_580' title='bbox 3087 4981 3352 5044; x_wconf 86' lang='lat' dir='ltr'><strong>divinam,</strong></span> <span class='ocrx_word' id='word_1_581' title='bbox 3409 4992 3607 5034; x_wconf 88' lang='lat' dir='ltr'><strong>eorum</strong></span> 
     </span>
    </p>
   </div>
   <div class='ocr_carea' id='block_1_86' title="bbox 352 5062 3615 5151">
    <p class='ocr_par' dir='ltr' id='par_1_86' title="bbox 352 5062 3615 5151">
     <span class='ocr_line' id='line_1_87' title="bbox 352 5062 3615 5151; baseline -0.004 -10"><span class='ocrx_word' id='word_1_582' title='bbox 352 5073 546 5140; x_wconf 60' lang='lat' dir='ltr'><strong>corda,</strong></span> <span class='ocrx_word' id='word_1_583' title='bbox 577 5076 670 5145; x_wconf 83' lang='lat' dir='ltr'><strong>qui</strong></span> <span class='ocrx_word' id='word_1_584' title='bbox 698 5074 765 5132; x_wconf 78' lang='lat' dir='ltr'><strong>ad</strong></span> <span class='ocrx_word' id='word_1_585' title='bbox 799 5084 850 5132; x_wconf 85' lang='lat' dir='ltr'><strong>le</strong></span> <span class='ocrx_word' id='word_1_586' title='bbox 881 5078 968 5148; x_wconf 82' lang='lat' dir='ltr'><strong>pia</strong></span> <span class='ocrx_word' id='word_1_587' title='bbox 998 5080 1234 5149; x_wconf 85' lang='lat' dir='ltr'><strong>quadam</strong></span> <span class='ocrx_word' id='word_1_588' title='bbox 1268 5080 1603 5140; x_wconf 81' lang='lat' dir='ltr'><strong>conﬁdentia</strong></span> <span class='ocrx_word' id='word_1_589' title='bbox 1673 5081 1962 5148; x_wconf 85' lang='lat' dir='ltr'><strong>accedunt,</strong></span> <span class='ocrx_word' id='word_1_590' title='bbox 2004 5080 2285 5151; x_wconf 85' lang='lat' dir='ltr'><strong>voluptate</strong></span> <span class='ocrx_word' id='word_1_591' title='bbox 2328 5077 2648 5133; x_wconf 82' lang='lat' dir='ltr'><strong>plenissima</strong></span> <span class='ocrx_word' id='word_1_592' title='bbox 2697 5076 3056 5141; x_wconf 88' lang='lat' dir='ltr'><strong>inundantur,</strong></span> <span class='ocrx_word' id='word_1_593' title='bbox 3096 5088 3131 5129; x_wconf 95' lang='lat' dir='ltr'><strong>o</strong></span> <span class='ocrx_word' id='word_1_594' title='bbox 3173 5088 3203 5126; x_wconf 85' lang='lat' dir='ltr'><strong>a</strong></span> <span class='ocrx_word' id='word_1_595' title='bbox 3233 5072 3402 5133; x_wconf 70' lang='lat' dir='ltr'><strong>naevis</strong></span> <span class='ocrx_word' id='word_1_596' title='bbox 3427 5062 3615 5127; x_wconf 52' lang='lat' dir='ltr'><strong>omni?</strong></span> 
     </span>
    </p>
   </div>
   <div class='ocr_carea' id='block_1_87' title="bbox 354 5169 932 5244">
    <p class='ocr_par' dir='ltr' id='par_1_87' title="bbox 354 5169 932 5244">
     <span class='ocr_line' id='line_1_88' title="bbox 354 5169 932 5244; baseline 0.009 -21"><span class='ocrx_word' id='word_1_597' title='bbox 354 5169 463 5225; x_wconf 87' lang='lat' dir='ltr'><strong>bus</strong></span> <span class='ocrx_word' id='word_1_598' title='bbox 491 5170 694 5229; x_wconf 83' lang='lat' dir='ltr'><strong>intacta</strong></span> <span class='ocrx_word' id='word_1_599' title='bbox 730 5171 895 5244; x_wconf 80' lang='lat' dir='ltr'><strong>Virgo</strong></span> <span class='ocrx_word' id='word_1_600' title='bbox 919 5175 932 5228; x_wconf 92' lang='lat' dir='ltr'><strong>l</strong></span> 
     </span>
    </p>
   </div>
   <div class='ocr_carea' id='block_1_88' title="bbox 433 5262 1932 5337">
    <p class='ocr_par' dir='ltr' id='par_1_88' title="bbox 433 5262 1932 5337">
     <span class='ocr_line' id='line_1_89' title="bbox 433 5262 1932 5337; baseline 0.003 -23"><span class='ocrx_word' id='word_1_601' title='bbox 433 5262 683 5333; x_wconf 78' lang='grc' dir='ltr'>Ὀμϐρου</span> <span class='ocrx_word' id='word_1_602' title='bbox 716 5262 860 5317; x_wconf 87' lang='grc' dir='ltr'>θείου</span> <span class='ocrx_word' id='word_1_603' title='bbox 903 5263 1101 5336; x_wconf 84' lang='grc' dir='ltr'>νεφέλη</span> <span class='ocrx_word' id='word_1_604' title='bbox 1133 5264 1384 5332; x_wconf 77' lang='grc' dir='ltr'>γέγονας,</span> <span class='ocrx_word' id='word_1_605' title='bbox 1436 5266 1773 5337; x_wconf 84' lang='grc' dir='ltr'>πανὰμωμε,</span> <span class='ocrx_word' id='word_1_606' title='bbox 1804 5266 1932 5321; x_wconf 83' lang='grc' dir='ltr'>ὲνα-</span> 
     </span>
    </p>
   </div>
   <div class='ocr_carea' id='block_1_89' title="bbox 355 5354 1936 5432">
    <p class='ocr_par' dir='ltr' id='par_1_89' title="bbox 355 5354 1936 5432">
     <span class='ocr_line' id='line_1_90' title="bbox 355 5354 1936 5432; baseline 0.004 -25"><span class='ocrx_word' id='word_1_607' title='bbox 355 5354 704 5418; x_wconf 82' lang='grc' dir='ltr'>ποστάζουσα</span> <span class='ocrx_word' id='word_1_608' title='bbox 771 5356 1042 5429; x_wconf 88' lang='grc' dir='ltr'>δωτηρίας</span> <span class='ocrx_word' id='word_1_609' title='bbox 1107 5358 1291 5431; x_wconf 81' lang='grc' dir='ltr'>ὕδωρ,</span> <span class='ocrx_word' id='word_1_610' title='bbox 1343 5361 1439 5413; x_wconf 75' lang='grc' dir='ltr'>καὶ</span> <span class='ocrx_word' id='word_1_611' title='bbox 1504 5358 1658 5431; x_wconf 82' lang='grc' dir='ltr'>πηγὴ</span> <span class='ocrx_word' id='word_1_612' title='bbox 1723 5375 1936 5432; x_wconf 70' lang='grc' dir='ltr'>χερσωο</span> 
     </span>
    </p>
   </div>
   <div class='ocr_carea' id='block_1_90' title="bbox 314 5443 1933 5522">
    <p class='ocr_par' dir='ltr' id='par_1_90' title="bbox 314 5443 1933 5522">
     <span class='ocr_line' id='line_1_91' title="bbox 314 5443 1933 5522; baseline 0.006 -28"><span class='ocrx_word' id='word_1_613' title='bbox 314 5488 321 5491; x_wconf 44' lang='grc' dir='ltr'><strong>ν</strong></span> <span class='ocrx_word' id='word_1_614' title='bbox 358 5443 533 5498; x_wconf 79' lang='grc' dir='ltr'>θεῖσιν</span> <span class='ocrx_word' id='word_1_615' title='bbox 584 5445 923 5518; x_wconf 76' lang='grc' dir='ltr'>ἐγκλήμασιν</span> <span class='ocrx_word' id='word_1_616' title='bbox 958 5448 1095 5520; x_wconf 78' lang='grc' dir='ltr'>πρὸς</span> <span class='ocrx_word' id='word_1_617' title='bbox 1134 5450 1512 5521; x_wconf 82' lang='grc' dir='ltr'>καρποφορίαν</span> <span class='ocrx_word' id='word_1_618' title='bbox 1545 5449 1933 5522; x_wconf 86' lang='grc' dir='ltr'>μεταγαγοῦσα</span> 
     </span>
    </p>
   </div>
   <div class='ocr_carea' id='block_1_91' title="bbox 359 5536 1681 5615">
    <p class='ocr_par' dir='ltr' id='par_1_91' title="bbox 359 5536 1681 5615">
     <span class='ocr_line' id='line_1_92' title="bbox 359 5536 1681 5615; baseline 0.006 -26"><span class='ocrx_word' id='word_1_619' title='bbox 359 5536 651 5602; x_wconf 74' lang='grc' dir='ltr'>εὐσεϐείας</span> <span class='ocrx_word' id='word_1_620' title='bbox 672 5556 684 5569; x_wconf 87' lang='grc'><strong>·</strong></span> <span class='ocrx_word' id='word_1_621' title='bbox 718 5539 806 5593; x_wconf 74' lang='grc' dir='ltr'><strong>διὰ</strong></span> <span class='ocrx_word' id='word_1_622' title='bbox 843 5539 1000 5596; x_wconf 88' lang='grc' dir='ltr'>τοῦτο</span> <span class='ocrx_word' id='word_1_623' title='bbox 1035 5541 1244 5607; x_wconf 85' lang='grc' dir='ltr'>πιστῶς</span> <span class='ocrx_word' id='word_1_624' title='bbox 1278 5560 1337 5596; x_wconf 85' lang='grc' dir='ltr'><strong>σε</strong></span> <span class='ocrx_word' id='word_1_625' title='bbox 1364 5542 1681 5615; x_wconf 81' lang='grc' dir='ltr'>δοξάζομεν.</span> 
     </span>
    </p>
   </div>
   <div class='ocr_carea' id='block_1_92' title="bbox 2111 5254 3612 5329">
    <p class='ocr_par' dir='ltr' id='par_1_92' title="bbox 2111 5254 3612 5329">
     <span class='ocr_line' id='line_1_93' title="bbox 2111 5254 3612 5329; baseline -0.004 -9"><span class='ocrx_word' id='word_1_626' title='bbox 2111 5261 2374 5320; x_wconf 87' lang='lat' dir='ltr'><strong>Guttatim</strong></span> <span class='ocrx_word' id='word_1_627' title='bbox 2403 5259 2701 5317; x_wconf 86' lang='lat' dir='ltr'><strong>salutarem</strong></span> <span class='ocrx_word' id='word_1_628' title='bbox 2731 5257 2928 5329; x_wconf 74' lang='lat' dir='ltr'><strong>pluviae</strong></span> <span class='ocrx_word' id='word_1_629' title='bbox 2970 5256 3175 5313; x_wconf 74' lang='lat' dir='ltr'><strong>divinae</strong></span> <span class='ocrx_word' id='word_1_630' title='bbox 3206 5256 3404 5313; x_wconf 89' lang='lat' dir='ltr'><strong>undam</strong></span> <span class='ocrx_word' id='word_1_631' title='bbox 3429 5254 3612 5315; x_wconf 81' lang='lat' dir='ltr'><strong>distil-</strong></span> 
     </span>
    </p>
   </div>
   <div class='ocr_carea' id='block_1_93' title="bbox 2039 5347 3614 5421">
    <p class='ocr_par' dir='ltr' id='par_1_93' title="bbox 2039 5347 3614 5421">
     <span class='ocr_line' id='line_1_94' title="bbox 2039 5347 3614 5421; baseline -0.006 -8"><span class='ocrx_word' id='word_1_632' title='bbox 2039 5357 2160 5413; x_wconf 86' lang='lat' dir='ltr'><strong>lans</strong></span> <span class='ocrx_word' id='word_1_633' title='bbox 2198 5355 2372 5410; x_wconf 89' lang='lat' dir='ltr'><strong>nubes</strong></span> <span class='ocrx_word' id='word_1_634' title='bbox 2413 5352 2553 5408; x_wconf 84' lang='lat' dir='ltr'><strong>facta</strong></span> <span class='ocrx_word' id='word_1_635' title='bbox 2596 5367 2677 5419; x_wconf 90' lang='lat' dir='ltr'><strong>es,</strong></span> <span class='ocrx_word' id='word_1_636' title='bbox 2719 5366 2753 5407; x_wconf 92' lang='grc' dir='ltr'>ο</span> <span class='ocrx_word' id='word_1_637' title='bbox 2796 5351 2972 5421; x_wconf 78' lang='lat' dir='ltr'><strong>culpae</strong></span> <span class='ocrx_word' id='word_1_638' title='bbox 3005 5350 3185 5406; x_wconf 89' lang='lat' dir='ltr'><strong>omnis</strong></span> <span class='ocrx_word' id='word_1_639' title='bbox 3250 5364 3447 5420; x_wconf 78' lang='lat' dir='ltr'><strong>expers</strong></span> <span class='ocrx_word' id='word_1_640' title='bbox 3490 5347 3614 5404; x_wconf 77' lang='lat' dir='ltr'><strong>Vir-</strong></span> 
     </span>
    </p>
   </div>
   <div class='ocr_carea' id='block_1_94' title="bbox 2040 5440 3608 5521">
    <p class='ocr_par' dir='ltr' id='par_1_94' title="bbox 2040 5440 3608 5521">
     <span class='ocr_line' id='line_1_95' title="bbox 2040 5440 3608 5521; baseline -0.006 -18"><span class='ocrx_word' id='word_1_641' title='bbox 2040 5464 2108 5521; x_wconf 90' lang='lat' dir='ltr'><strong>go</strong></span> <span class='ocrx_word' id='word_1_642' title='bbox 2148 5446 2299 5519; x_wconf 61' lang='grc' dir='ltr'>(ξιιμ</span> <span class='ocrx_word' id='word_1_643' title='bbox 2352 5444 2750 5514; x_wconf 88' lang='lat' dir='ltr'><strong>animabusque</strong></span> <span class='ocrx_word' id='word_1_644' title='bbox 2800 5442 3009 5498; x_wconf 88' lang='lat' dir='ltr'><strong>nostris</strong></span> <span class='ocrx_word' id='word_1_645' title='bbox 3059 5448 3278 5512; x_wconf 82' lang='lat' dir='ltr'><strong>propter</strong></span> <span class='ocrx_word' id='word_1_646' title='bbox 3345 5440 3608 5509; x_wconf 81' lang='lat' dir='ltr'><strong>vitiorum</strong></span> 
     </span>
    </p>
   </div>
   <div class='ocr_carea' id='block_1_95' title="bbox 2041 5530 3611 5608">
    <p class='ocr_par' dir='ltr' id='par_1_95' title="bbox 2041 5530 3611 5608">
     <span class='ocr_line' id='line_1_96' title="bbox 2041 5530 3611 5608; baseline -0.004 -15"><span class='ocrx_word' id='word_1_647' title='bbox 2041 5539 2348 5594; x_wconf 89' lang='lat' dir='ltr'><strong>ariditatem</strong></span> <span class='ocrx_word' id='word_1_648' title='bbox 2383 5536 2602 5608; x_wconf 90' lang='lat' dir='ltr'><strong>penitus</strong></span> <span class='ocrx_word' id='word_1_649' title='bbox 2624 5534 2844 5590; x_wconf 89' lang='lat' dir='ltr'><strong>incultis</strong></span> <span class='ocrx_word' id='word_1_650' title='bbox 2871 5532 3098 5589; x_wconf 83' lang='lat' dir='ltr'><strong>exhibes</strong></span> <span class='ocrx_word' id='word_1_651' title='bbox 3146 5540 3197 5587; x_wconf 89' lang='lat' dir='ltr'><strong>te</strong></span> <span class='ocrx_word' id='word_1_652' title='bbox 3225 5539 3285 5586; x_wconf 92' lang='lat' dir='ltr'><strong>ut</strong></span> <span class='ocrx_word' id='word_1_653' title='bbox 3317 5530 3611 5601; x_wconf 79' lang='lat' dir='ltr'><strong>quamdam</strong></span> 
     </span>
    </p>
   </div>
   <div class='ocr_carea' id='block_1_96' title="bbox 2050 5756 3618 5828">
    <p class='ocr_par' dir='ltr' id='par_1_96' title="bbox 2050 5756 3618 5828">
     <span class='ocr_line' id='line_1_97' title="bbox 2050 5756 3618 5828; baseline -0.008 -8"><span class='ocrx_word' id='word_1_654' title='bbox 2050 5779 2161 5821; x_wconf 90' lang='lat' dir='ltr'><strong>non</strong></span> <span class='ocrx_word' id='word_1_655' title='bbox 2205 5763 2455 5820; x_wconf 88' lang='lat' dir='ltr'><strong>absolute</strong></span> <span class='ocrx_word' id='word_1_656' title='bbox 2512 5774 2613 5815; x_wconf 92' lang='lat' dir='ltr'><strong>nec</strong></span> <span class='ocrx_word' id='word_1_657' title='bbox 2664 5772 2790 5815; x_wconf 91' lang='lat' dir='ltr'><strong>vere</strong></span> <span class='ocrx_word' id='word_1_658' title='bbox 2830 5757 2939 5815; x_wconf 89' lang='lat' dir='ltr'><strong>dici</strong></span> <span class='ocrx_word' id='word_1_659' title='bbox 2991 5763 3192 5828; x_wconf 13' lang='lat' dir='ltr'><strong>posset,</strong></span> <span class='ocrx_word' id='word_1_660' title='bbox 3218 5756 3401 5813; x_wconf 90' lang='lat' dir='ltr'><strong>omnis</strong></span> <span class='ocrx_word' id='word_1_661' title='bbox 3445 5757 3618 5827; x_wconf 58' lang='lat' dir='ltr'><strong>culpat</strong></span> 
     </span>
    </p>
   </div>
   <div class='ocr_carea' id='block_1_97' title="bbox 440 5758 1942 5838">
    <p class='ocr_par' dir='ltr' id='par_1_97' title="bbox 440 5758 1942 5838">
     <span class='ocr_line' id='line_1_98' title="bbox 440 5758 1942 5838; baseline 0.007 -26"><span class='ocrx_word' id='word_1_662' title='bbox 440 5758 791 5838; x_wconf 66' lang='lat' dir='ltr'><strong>(29)_t3ulpae</strong></span> <span class='ocrx_word' id='word_1_663' title='bbox 829 5762 1014 5838; x_wconf 75' lang='lat' dir='ltr'><strong>igitur,</strong></span> <span class='ocrx_word' id='word_1_664' title='bbox 1060 5781 1189 5838; x_wconf 67' lang='lat' dir='ltr'><strong>quae</strong></span> <span class='ocrx_word' id='word_1_665' title='bbox 1229 5782 1294 5821; x_wconf 78' lang='lat' dir='ltr'><strong>ex</strong></span> <span class='ocrx_word' id='word_1_666' title='bbox 1326 5767 1498 5838; x_wconf 84' lang='lat' dir='ltr'><strong>Adam</strong></span> <span class='ocrx_word' id='word_1_667' title='bbox 1542 5782 1640 5837; x_wconf 90' lang='lat' dir='ltr'><strong>per</strong></span> <span class='ocrx_word' id='word_1_668' title='bbox 1668 5766 1942 5838; x_wconf 87' lang='lat' dir='ltr'><strong>originem</strong></span> 
     </span>
    </p>
   </div>
   <div class='ocr_carea' id='block_1_98' title="bbox 2041 5826 3333 5909">
    <p class='ocr_par' dir='ltr' id='par_1_98' title="bbox 2041 5826 3333 5909">
     <span class='ocr_line' id='line_1_99' title="bbox 2041 5826 3333 5909; baseline -0.009 -15"><span class='ocrx_word' id='word_1_669' title='bbox 2041 5850 2259 5909; x_wconf 81' lang='lat' dir='ltr'><strong>expers,</strong></span> <span class='ocrx_word' id='word_1_670' title='bbox 2289 5848 2415 5892; x_wconf 89' lang='lat' dir='ltr'><strong>cum</strong></span> <span class='ocrx_word' id='word_1_671' title='bbox 2443 5831 2729 5903; x_wconf 86' lang='lat' dir='ltr'><strong>originalis</strong></span> <span class='ocrx_word' id='word_1_672' title='bbox 2758 5844 2954 5904; x_wconf 88' lang='lat' dir='ltr'><strong>expers</strong></span> <span class='ocrx_word' id='word_1_673' title='bbox 2978 5826 3089 5885; x_wconf 80' lang='lat' dir='ltr'><strong>non</strong></span> <span class='ocrx_word' id='word_1_674' title='bbox 3117 5826 3333 5891; x_wconf 78' lang='lat' dir='ltr'><strong>fuisset.</strong></span> 
     </span>
    </p>
   </div>
   <div class='ocr_carea' id='block_1_99' title="bbox 363 5831 1934 5910">
    <p class='ocr_par' dir='ltr' id='par_1_99' title="bbox 363 5831 1934 5910">
     <span class='ocr_line' id='line_1_100' title="bbox 363 5831 1934 5910; baseline 0.004 -22"><span class='ocrx_word' id='word_1_675' title='bbox 363 5831 737 5903; x_wconf 76' lang='lat' dir='ltr'><strong>contrahitur,</strong></span> <span class='ocrx_word' id='word_1_676' title='bbox 774 5831 1016 5894; x_wconf 79' lang='lat' dir='ltr'><strong>nonfuit</strong></span> <span class='ocrx_word' id='word_1_677' title='bbox 1058 5831 1329 5910; x_wconf 76' lang='lat' dir='ltr'><strong>particeps</strong></span> <span class='ocrx_word' id='word_1_678' title='bbox 1359 5837 1422 5895; x_wconf 91' lang='lat' dir='ltr'><strong>B.</strong></span> <span class='ocrx_word' id='word_1_679' title='bbox 1455 5831 1641 5910; x_wconf 69' lang='lat' dir='ltr'><strong>Virgo,</strong></span> <span class='ocrx_word' id='word_1_680' title='bbox 1690 5831 1934 5910; x_wconf 76' lang='lat' dir='ltr'><strong>alioquin</strong></span> 
     </span>
    </p>
   </div>
  </div>
