3996 6656
460 407 601 473 1015

1545 417 1603 474 S.
1641 414 1955 474 JOSEPHI
1998 413 2315 479 HYMNOG
2326 417 2562 479 RAPHI

3547 416 3667 479 1016

454 524 732 580 fontanam
772 516 1188 595 ‘scaluriginem,
1276 539 1381 595 qua
1436 539 1536 581 nos
1589 526 1798 597 irrigati
1846 528 1914 583 ad
1965 527 2241 587 faciendos
2275 530 2487 588 fructus
2557 532 2773 603 pietatis
2842 532 3219 599 fecundamur,
3261 533 3400 589 unde
3471 542 3524 588 et
3568 536 3669 589 sin«

454 607 628 689 gniari
657 631 709 675 te
730 630 927 675 conatu
959 620 1082 675 fidei
1124 633 1324 677 nostra:
1349 621 1742 703 gloriﬁcamus.

580 712 581 717 “
1157 713 1270 771 Ode
1299 716 1357 771 6.

530 806 666 860 Eum
703 806 798 876 qui
827 814 910 862 est
936 812 1062 861 ante
1095 807 1277 862 omnia
1300 808 1520 875 saecula,
1547 818 1605 864 ut
1631 824 1831 865 novum
1865 811 2027 866 nobis

459 894 723 951 infantem
760 897 1119 966 progenuisti,
1149 907 1203 952 et
1227 899 1389 953 simul
1411 900 1475 953 ad
1511 914 1710 955 novum
1743 903 1889 958 hunc
1922 911 2029 956 tuae

460 988 753 1040 adventum
798 986 1135 1054 festivitatis,
1180 1003 1287 1057 qua
1335 990 1559 1059 pretiosi
1619 990 1779 1046 hodie
1826 991 2026 1063 cinguli

458 1078 538 1131 tui
573 1078 752 1147 agitur
787 1077 1079 1146 depositio,
1120 1078 1349 1134 innovas
1386 1094 1602 1150 quoque
1641 1081 1807 1136 corda
1837 1092 2025 1137 nostra

461 1169 689 1224 vetustis
710 1168 821 1237 jam
844 1170 1021 1239 culpis
1050 1171 1365 1240 depravata.

421 1285 436 1332 ρ
533 1258 579 1315 Ο
636 1260 881 1331 virginea
933 1260 1028 1316 Dei
1074 1261 1265 1325 Mater,
1320 1277 1537 1317 sacrum
1608 1262 1712 1318 hoc
1764 1263 2025 1332 templum

420 1330 434 1349 ’
462 1362 613 1406 tuum
656 1330 781 1421 jure
826 1353 1023 1407 merito
1071 1353 1243 1421 gignit
1279 1353 1693 1408 admirationem
1744 1330 2023 1417 omnibus,

461 1450 647 1513 utpote
704 1442 851 1512 quod
908 1442 1195 1497 mirificam
1242 1458 1436 1497 zonam
1512 1452 1660 1498 tuam
1723 1446 2027 1514 possidens,

459 1535 716 1591 omnibus
747 1535 866 1589 fidei
900 1536 1046 1590 dono
1089 1535 1329 1606 praeditis
1361 1537 1583 1607 pelagus
1621 1535 1899 1607 quoddam
1940 1552 2025 1589 re-

458 1636 757 1698 prresentat
782 1629 1169 1684 remediorum.

528 1719 755 1775 Cunctae
794 1721 1174 1775 exliilarantur
1217 1722 1415 1776 animae
1459 1715 1709 1777 sanctum
1759 1723 2031 1778 intrantes

460 1811 722 1879 templum
755 1821 930 1877 tuum,
973 1812 1099 1881 quia
1133 1826 1284 1867 zonae
1331 1812 1496 1883 hujus
1528 1821 1635 1867 tua:
1659 1812 1710 1867 id
1751 1813 1852 1868 loci
1884 1814 2031 1881 posi-

459 1910 531 1959 ιω
582 1901 836 1956 fruuntur
862 1902 1317 1971 contemplatione
1343 1920 1356 1957 :
1381 1903 1480 1958 ista
1500 1904 1646 1958 enim
1677 1904 1809 1959 solis
1834 1919 2032 1975 quam-

460 1996 587 2050 dam
614 1995 792 2049 sereni
834 1994 1038 2049 habens
1080 1992 1297 2060 faciem,
1327 1994 1717 2065 omnipotentis
1755 1996 1908 2050 illum
1944 1996 2030 2049 di-

460 2086 688 2156 vinique
715 2084 953 2153 Spiritus
1002 2085 1266 2155 fulgorem
1315 2086 1476 2141 donis
1518 2095 1683 2156 atque
1712 2088 1902 2157 gratiis
1939 2102 2028 2140 re-
2064 2100 2104 2156 Β

461 2175 683 2243 fertnm,
710 2193 810 2232 ceu
833 2177 1097 2247 quosdam
1123 2193 1192 2231 ex
1220 2192 1279 2233 se
1305 2178 1488 2234 radios
1512 2178 1725 2233 vibrare
1753 2178 1916 2233 solet.

530 2268 850 2322 Animarum
896 2275 1207 2321 nostrarum
1268 2267 1415 2323 vires
1476 2268 1712 2338 quadam
1766 2268 2031 2338 multipli-

2806 724 2930 796 ᾮδὴ
2966 722 3041 790 ςύ

2199 816 2335 869 Νέον
2378 814 2601 880 τέτοκας
2645 817 2778 889 ἡμῖν
2810 816 2884 880 ώς
2926 814 3138 870 παιδίον
3179 814 3269 868 τὸν
3318 814 3427 882 πρὸ
3471 813 3675 867 πάντων

2127 908 2359 972 αἰώνων,
2387 909 2479 961 καὶ
2505 908 2850 979 καινουργεῖς
2881 906 3109 976 καρδίας
3133 906 3406 977 ἁμαρτίας
3443 904 3671 957 παλαίω-

2129 1018 2212 1055 σιν
2235 1002 2553 1072 δεξαμένας,
2572 1002 2878 1073 καινισμῶν
2897 1002 2998 1072 τῆς
3017 1001 3365 1065 καταθέσεως
3390 1002 3489 1070 τῆς
3504 1003 3677 1073 τιμίας

2128 1091 2305 1165 ζώνης
2335 1111 2449 1162 σου,
2484 1094 2637 1167 Κόρη
2664 1093 3011 1166 ἀειπάρθενε.

2199 1277 2391 1345 ’Ἀγιὸς
2422 1293 2516 1329 σου
2539 1277 2569 1330 ὁ
2596 1275 2723 1338 ναὸς
2751 1273 3063 1344 θαυμαστὸς
3090 1271 3411 1344 δικαιοσύνῃ
3439 1271 3677 1339 ὑπάρχει,

2128 1370 2204 1434 ῶς
2230 1386 2313 1433 τις
2343 1369 2442 1439 τὴν
2472 1367 2793 1437 θαυμαστήν
2822 1383 2913 1420 σου
2945 1364 3121 1435 ζώνην
3146 1362 3402 1432 θαύματα
3429 1361 3680 1430 βρύουσαν

2130 1478 2299 1531 κεκτη
2309 1460 2489 1530 μένος,
2511 1461 2623 1521 τοῖς
2640 1459 2853 1521 πιστοῖς
2874 1456 3107 1525 πέλαγος
3126 1454 3403 1509 δείκνυται
3433 1452 3485 1504 ία
3492 1451 3682 1521 μάτων,

2130 1552 2440 1623 Θεοκυῆτορ
2480 1548 2917 1622 μητροπάρθενε.

2200 1728 2406 1799 Γέγηθε
2456 1729 2605 1780 πᾶσα
2654 1724 2799 1793 ψυχὴ
2834 1721 3091 1776 συνιοῦσα
3137 1718 3196 1771 έν
3228 1715 3368 1784 ἁγίῳ
3423 1711 3535 1781 ναῷ
3581 1726 3684 1771 σου,

2133 1822 2226 1875 καὶ
2259 1821 2317 1872 ὲν
2344 1817 2493 1887 αύτῷ
2523 1817 2726 1886 ὁρῶσα,
2759 1812 3010 1876 Θεοτὸκε,
3038 1810 3139 1879 τὴν
3164 1808 3341 1875 ζώνην
3370 1822 3486 1868 σου,
3514 1802 3687 1870 ὥσπερ

2131 1912 2280 1983 ῆλιον
2333 1908 2559 1980 φαιδρὸν
2614 1908 2819 1975 φέγγος
2874 1903 3297 1973 ἀστράπτουσαν
3347 1893 3687 1968 χαρισμάτων

2130 2007 2224 2062 τοῦ
2267 2002 2571 2077 παντεργοῦ
2604 2003 2697 2057 καὶ
2723 2000 2866 2055 θείου
2906 1998 3240 2069 Πνεύματος.

2201 2266 2493 2336 Νεύρωσον
2540 2262 2720 2334 ἡμῶν,
2768 2260 2930 2331 ἁγνὴ.
2981 2258 3081 2321 τὰς
3113 2256 3341 2329 καρδίας
3377 2250 3688 2324 παρεθείσας

462 2360 608 2415 cium
641 2369 991 2429 peccatorum
1035 2358 1269 2430 paralysi
1301 2359 1621 2427 dissolutas,
1652 2359 1809 2429 quasi
1851 2360 2035 2415 nervis

2136 2358 2403 2414 παντοίων
2437 2353 2727 2425 ἁμαρτιῶν
2762 2352 2950 2415 ἰδέαις,
2991 2350 3089 2404 καὶ
3123 2346 3434 2417 περίζωσον
3478 2343 3687 2411 δύναμιν

462 2450 789 2518 quibusdam
839 2449 1153 2513 corrobora,
1191 2447 1451 2520 oVirgo!
1499 2460 1555 2506 et
1602 2450 1699 2505 tibi
1747 2449 1869 2506 illos
1900 2465 2038 2521 prae-

465 2551 617 2598 terea
648 2543 850 2597 virtute
886 2542 1123 2611 quadam
1155 2542 1421 2613 singulari
1459 2545 1825 2616 accingendos
1855 2560 2034 2610 sume,

2131 2452 2258 2513 τοὺς
2287 2450 2386 2519 τὴν
2417 2446 2595 2518 ζώνην
2631 2463 2727 2499 σου
2757 2444 2962 2506 πιστῶς
2995 2442 3071 2505 ώς
3100 2440 3470 2509 πολυτίμητον
3498 2451 3684 2503 κεκτη-

2139 2542 2334 2613 μένους
2362 2538 2455 2592 ita).
2482 2536 2843 2606 ἀναφαίρετον
2870 2532 3246 2605 θησαύρισμα.

462 2635 777 2706 quicunque
824 2633 1020 2689 eximia
1054 2633 1313 2705 religione
1377 2650 1573 2690 zonam
1616 2646 1792 2704 tuam,
1830 2646 1889 2693 ut
1927 2636 2082 2693 multi
2122 2650 2310 2709 gazam
2365 2631 2521 2702 pretii
2580 2634 2892 2692 asservant,
2929 2625 3075 2679 nulla
3122 2632 3239 2677 arte
3277 2621 3344 2675 de
3380 2618 3485 2689 piis
3518 2630 3687 2672 eorum

465 2730 721 2786 manibus
757 2728 1213 2797 extorquendam.

1069 2827 1180 2897 23
1225 2825 1365 2883 0ᾶοῖ
1376 2828 1433 2881 7.

539 2920 804 2976 Sublimis
851 2920 918 2973 ad
975 2919 1217 2974 coelestia
1272 2920 1624 2977 tabernacula
1679 2922 2039 2992 proficiscens

464 3026 648 3067 rerum
696 3019 1002 3065 creatarum
1046 3011 1289 3065 omnium
1336 3012 1547 3083 regina,
1592 3022 1797 3069 nostrae
1825 3014 2035 3068 civitati

465 3111 786 3159 cunctarum
836 3102 1053 3157 urbium
1104 3102 1308 3173 regina:
1353 3118 1581 3175 magnas
1615 3105 1837 3175 reliquit
1880 3118 2037 3175 opes,

464 3196 659 3251 uenam
693 3210 885 3265 nempe
934 3210 1113 3259 suam,
1142 3209 1240 3265 per
1280 3210 1445 3266 quam
1496 3198 1629 3251 urbs
1669 3198 1787 3251 haec
1838 3206 2029 3252 nostra

464 3286 774 3344 custoditur
814 3286 1078 3343 adversus
1111 3287 1462 3343 incursiones
1499 3288 1763 3352 hostium,
1798 3297 1907 3343 tam
1938 3288 2033 3358 qui

465 3378 742 3445 videntur,
778 3394 943 3449 quam
972 3379 1066 3448 qui
1100 3393 1208 3434 non
1242 3379 1516 3434 videntur.

538 3469 672 3527 Tam
716 3471 883 3526 nobili
916 3471 1076 3537 fonti,
1110 3486 1177 3526 ex
1204 3485 1314 3541 quo
1352 3471 1603 3526 ebullivit
1654 3472 1827 3542 gratia
1855 3480 1910 3527 et
1936 3470 2036 3525 mi-

466 3561 765 3620 sericordia
792 3561 998 3627 divina,
1032 3560 1257 3632 propius
1288 3576 1435 3616 nunc
1460 3560 1809 3628 accedamus,
1841 3577 2036 3632 nempe

466 3652 815 3722 receptaculo
860 3652 989 3706 huic
1030 3650 1363 3718 venerando,
1406 3652 1459 3709 in
1504 3668 1614 3724 quo
1653 3670 1790 3709 zona
1822 3656 2033 3725 pretio-

469 3742 687 3798 sissima
720 3750 1080 3797 conservatur
1122 3742 1269 3798 illius
1311 3743 1502 3801 Matris
1561 3745 1726 3801 simul
1758 3760 1823 3802 ac
1857 3744 2038 3818 Virgi-

469 3834 578 3897 nis.
611 3849 732 3905 quae
766 3850 1004 3891 massam
1037 3834 1251 3908 generis
1296 3836 1527 3894 humani
1564 3837 1846 3894 adorando
1877 3849 2035 3910 partu

468 3939 573 3979 suo
601 3924 669 3980 ad
706 3940 961 3995 magnum
998 3926 1179 3981 evexit
1212 3925 1401 3983 decus.

537 4016 775 4071 Adorate
832 4017 1048 4090 hymnis
1108 4018 1421 4084 Dominum,
1481 4018 1727 4076 Virtutes
1772 4022 2038 4077 caelorum

467 4108 754 4174 universae,
776 4108 932 4178 cujus
948 4118 1001 4164 et
1020 4108 1346 4165 Genitricem
1360 4151 1373 4173 ,
1408 4112 1606 4184 linguae.
1625 4127 1818 4168 omnes
1836 4120 2043 4167 morta-

468 4198 628 4260 lium,
650 4199 953 4270 glorificate
979 4217 992 4255 :
1047 4200 1203 4257 vobis
1236 4202 1437 4272 quippe
1469 4203 1616 4257 dono
1664 4201 1813 4257 dedit
1844 4217 2037 4256 zonam

2062 3403 2111 3467 C

2812 2815 2944 2888 ’ῼδὴ
2981 2813 3045 2879 ζ’·

2220 2919 2285 2973 Ἦ
2343 2915 2564 2970 πάντων
2617 2909 2908 2982 βασίλισσα
2958 2908 3095 2976 πρὸς
3156 2899 3446 2973 οὐρανίους
3506 2894 3689 2966 σκηνὰς

2134 3010 2448 3083 ἀπαίρουσαι
2495 3003 2890 3061 καταλέλοιπεν
2930 2997 3088 3051 ὄλϐον
3133 2995 3201 3065 τῇ
3237 2984 3689 3083 βασιλίδιᾼπασῶν

2133 3104 2243 3157 τῶν
2277 3078 2489 3155 πόλεων
2524 3097 2624 3168 τὴν
2660 3092 2866 3163 ταύτης
2912 3088 3109 3158 ζώνην.
3148 3085 3217 3138 δι’
3245 3079 3313 3155 ἦς
3348 3078 3688 3151 περιζώσεται

2138 3194 2437 3267 ἐπιδρομῆς
2468 3188 2681 3261 ὁρατῶν
2719 3185 2814 3240 καὶ
2841 3181 3090 3254 ἀοράτων
3124 3176 3359 3248 ἐχθρῶν.

2210 3474 2369 3545 Πηγῇ
2417 3471 2515 3525 νῦν
2550 3465 2923 3541 προσέλθομεν
2978 3456 3366 3526 ἀποσταζούσῃ
3408 3453 3561 3545 χάριν
3611 3446 3691 3545 καὶ

2430 3562 2575 3634 σορῷ
2615 3562 2682 3630 τῇ
2716 3558 2897 3629 τιμία,
2936 3557 3005 3625 τῇ
3052 3549 3362 3621 κατεχούσῃ
3409 3544 3579 3636 ζώνην
3608 3540 3692 3609 τὴν

2142 3635 2410 3724 πάντιμον
2438 3651 2541 3722 τῆς
2584 3647 2897 3719 τιμησάσης
2933 3642 3235 3714 ἀνθρώπων
3269 3637 3332 3691 τὸ
3378 3635 3599 3706 φύραμα
3620 3645 3689 3682 τιο

2146 3747 2253 3819 μιῳ
2284 3746 2431 3814 τόκῳ
2459 3740 2652 3812 αὐτῆς,
2674 3727 2952 3809 Παρθένου
2978 3750 3038 3787 τε
3067 3732 3163 3787 καὶ
3193 3727 3437 3801 Μητρός.

2212 4026 2423 4082 Αίνείτε
2450 4021 2543 4076 τὸν
2559 4019 2784 4092 Κύριον,
2802 4016 3072 4085 Δυνάμεις
3098 4012 3267 4064 πᾶσαι
3293 4009 3349 4062 αἱ
3376 4003 3691 4075 ὲπουράνιαν

2143 4119 2242 4190 τὴν
2260 4117 2449 4172 τοῦτον
2464 4110 2751 4177 τεκοῦσαν,
2767 4106 3069 4180 ἀνθρώπων
3086 4102 3327 4172 γλῶσσαι
3346 4101 3538 4163 πᾶσαι,
3561 4092 3693 4198 δοξά-

2146 4227 2296 4274 σατε,
2329 4210 2412 4264 ὅτι
2456 4207 2558 4276 τὴν
2592 4202 2770 4274 ζώνην
2803 4198 2976 4268 αὐτῆς
3031 4195 3349 4266 ἐδωρήσατο
3399 4195 3691 4255 καταφυγην

472 4303 650 4349 suam,
688 4290 740 4344 in
770 4291 926 4359 cujus
947 4306 1073 4345 vere
1100 4301 1217 4347 tuto
1238 4308 1302 4347 ac
1327 4292 1557 4347 salutari
1582 4293 1812 4357 ambitu,
1843 4293 2035 4348 merito

2145 4301 2321 4373 ἀληθῆ
2351 4298 2447 4353 καὶ
2472 4295 2749 4367 σωτηρίαν
2778 4291 3011 4352 πιστοῖς.

470 4388 703 4450 possunt
731 4380 1003 4449 refugium
1039 4396 1285 4451 quaerere
1325 4380 1529 4438 fideles.

545 4470 786 4541 Urgeaut
806 4473 979 4527 nubes
1010 4473 1169 4528 hodie
1186 4474 1411 4529 imbrem
1431 4473 1657 4544 justitiaa
1680 4474 1746 4529 de
1764 4475 2040 4544 supernis,

470 4561 912 4631 quandoquidem
953 4579 1100 4618 nunc
1127 4565 1391 4633 deposita:
1418 4564 1506 4621 hic
1533 4581 1683 4619 zonae
1719 4574 1824 4620 tua:
1857 4565 2039 4637 agitur

474 4649 761 4713 festivitas,
793 4669 828 4706 υ
867 4669 990 4722 quae
1033 4654 1149 4723 ipsa
1192 4669 1253 4715 es
1283 4670 1501 4725 quoque
1542 4656 1714 4711 nubes
1754 4671 1883 4711 vere
1929 4656 2040 4711 Deo

474 4743 829 4812 gratissima!
892 4746 1058 4800 simul
1110 4761 1273 4801 omne
1339 4747 1603 4817 quidquid
1659 4749 1791 4803 vivit
1848 4749 2035 4804 exsul-

470 4834 644 4889 tando
670 4843 853 4891 cantet
883 4854 898 4893 :
932 4837 1259 4895 Benedictus
1282 4838 1460 4895 Deus!

1164 4928 1279 4986 Ode
1321 4933 1377 4986 8.

546 5025 606 5079 In
636 5022 952 5080 sanctuario
972 5022 1218 5094 profanis
1233 5024 1488 5095 etimpiis
1521 5025 1825 5088 inaccesso,
1859 5024 2037 5079 instar

2071 4812 2123 4873 D

2226 4368 2574 4447 Thermum;
2606 4382 2813 4440 ἀνωθεν
2842 4376 3190 4446 δικαιοσύνην
3226 4373 3453 4440 νεφέλαι
3480 4368 3692 4437 σήμερον

2148 4482 2441 4539 καταθέσει
2472 4478 2571 4548 τῆς
2602 4476 2782 4546 ζώνης
2811 4475 2910 4543 τῆς
2939 4472 3059 4540 σῆς,
3095 4466 3293 4536 νεφέλη
3330 4459 3689 4548 θεοχαρίτῳτε,

2148 4552 2244 4629 καὶ
2297 4544 2623 4642 μελῳδείτωή
2646 4544 2795 4638 ψυχὴ
2826 4565 2977 4619 πᾶσα
3020 4560 3321 4631 χαίρουσαο
3356 4544 3692 4620 Εὐλογητὸςό

2149 4666 2305 4729 Θεός.

2212 5019 2411 5092 Θρόνος
2433 5016 2686 5088 καθάπερ
2708 4921 2903 5084 ἆγιοίςὶδ
2894 4919 2940 5084 '1?
2951 4937 3109 5082 sipo;
3141 5008 3453 5064 ἀνατίθεται
3483 5002 3618 5057 ἔνδον
3642 4998 3690 5092 ἐν

462 5114 659 5169 throni
686 5089 1132 5184 cujusdam-sacri
1159 5089 1443 5184 reponitur
1465 5129 1680 5170 summa
1702 5128 1826 5170 cum
1845 5130 2035 5184 pompa

2142 5089 2357 5176 ἀδύτοις
2397 5112 2563 5183 ίεροῖς
2610 5107 2947 5179 φαιδρότατα
2982 5104 3082 5174 τῆς
3117 5103 3283 5173 μόνης
3311 5098 3585 5157 θεόπαιδος
3612 5089 3691 5145 καὶ

474 5215 532 5262 et
574 5202 755 5259 latitia
806 5203 913 5259 iste
960 5204 1194 5272 loculus,
1240 5206 1334 5275 qui
1383 5206 1560 5260 unicae
1588 5205 1681 5260 Dei
1715 5205 2035 5269 Geuitricis,

2149 5203 2418 5275 βασιλίδος
2467 5202 2685 5287 πάντῶν
2709 5198 2905 5268 ἁγνῆς,
2955 5196 3134 5287 ζώνην
3173 5190 3485 5287 κεκτημένη
3510 5188 3690 5287 ἑπαναῖ

472 5309 527 5357 et
557 5299 898 5355 intemeratae
936 5298 1183 5352 omnium
1220 5298 1421 5368 regina:
1454 5312 1647 5351 zonam
1683 5297 1737 5351 in
1783 5312 1906 5353 sese
1934 5297 2035 5353 col-

2150 5291 2562 5365 παυομένην,ὲξ
2584 5284 2777 5363 ἦςτοῖς
2801 5286 3067 5342 κοπιῶσιν
3089 5286 3146 5337 ὲν
3169 5283 3390 5346 πολλαῖς
3418 5280 3717 5369 ἁμαρτίαις.

471 5393 705 5447 locatam
736 5400 910 5454 tenet;
942 5404 1009 5444 ex
1054 5404 1158 5457 qua
1204 5387 1422 5459 quidem
1456 5389 1523 5443 iis
1566 5389 1661 5459 qui
1706 5389 1897 5445 multis
1918 5401 2035 5446 sunt

2148 5386 2457 5447 ἀνάπαυσις
2478 5381 2660 5435 τελεία
2696 5379 3026 5453 προέρχεται
3057 5373 3330 5444 ἀφθόνως.

475 5483 713 5554 peccatis
739 5481 897 5537 fracti
926 5481 1310 5547 ac-dehilitati,
1354 5480 1513 5551 plena
1546 5482 1683 5537 tanti
1723 5483 1853 5538 mali
1883 5483 2045 5554 quies

475 5590 541 5631 ac
567 5576 835 5631 medicina
873 5575 927 5629 in
967 5585 1216 5645 promptu
1245 5574 1419 5630 adest.

546 5666 757 5721 Revera
797 5680 892 5735 per
928 5635 1147 5721 sanctas
1180 5681 1377 5721 manus
1406 5674 1549 5731 tuas,
1584 5666 1734 5721 illum
1768 5682 1834 5722 ex
1874 5676 1925 5722 te
1965 5670 2035 5722 in-

2240 5659 2363 5714 Ἐπὶ
2390 5659 2487 5728 τῆς
2521 5657 2625 5727 γῆς
2661 5656 2752 5709 τὸν
2778 5654 2980 5726 Κύριον
3010 5651 3172 5723 ίερῶς
3198 5647 3580 5743 ὲσωμάτώσας,
3610 5635 3689 5689 καὶ

480 5766 765 5814 carnatum
801 5734 917 5829 737
958 5755 1013 5811 in
1050 5755 1212 5812 terris
1256 5754 1565 5821 Dominum,
1617 5765 1712 5811 tuo
1758 5756 2035 5811 accinxisti

2155 5752 2344 5821 χερσὶν
2372 5747 2557 5815 ἁγίαις
2591 5744 2807 5815 ἀληθῶς
2855 5742 3140 5819 διέζωσας³
3167 5740 3259 5793 τὸν
3288 5734 3689 5839 περιζωννύοντα

481 5847 725 5921 cingulo,
771 5828 865 5918 qui
910 5862 1100 5903 omnes
1147 5862 1288 5911 vera:
1332 5847 1518 5916 pietati
1553 5847 1765 5903 deditos
1810 5846 2035 5916 quodam

2154 5842 2281 5905 seu;
2311 5838 2667 5902 εὐσεϐοῦντας
2693 5836 2923 5905 δύναμιν
2944 5849 2959 5864 ·
2989 5831 3085 5893 νῦν
3111 5832 3170 5887 δὲ
3197 5828 3439 5884 ἀναϐᾶσα
3469 5828 3687 5899 ούρανων
