3996 6592
267 421 409 491 1017
668 368 671 371 γ
1675 426 2042 487 MARIALE.
3365 425 3501 492 1018

262 538 540 610 ὑπεράνω,
574 540 865 607 κατέλιπες
911 541 1218 614 ἀνθρώποις
1253 542 1350 612 τὴν
1395 540 1585 606 τιμίαν
1630 540 1827 613 ζώνην,

1934 540 2195 610 singulari
2231 541 2469 612 accingit
2503 543 2715 600 robore.
2749 542 2819 599 At
2850 558 3019 609 nunc,
3066 558 3098 599 0
3130 545 3369 617 virginea
3405 545 3496 601 Del

261 631 507 702 Παρθένε
539 634 788 700 Θεοτὸκε,
821 634 1149 706 κραταίωμα
1177 635 1271 688 καὶ
1299 634 1548 704 σκέπην.1

1942 632 2130 700 Mater,
2164 642 2516 704 posteaquam
2558 650 2726 706 super
2759 651 2952 691 omnes
2980 637 3149 692 caelos
3181 638 3494 702 ascendisti,

258 733 414 778 tuum
465 725 607 780 istud
658 726 967 782 venerabile
1016 727 1293 797 cingulum
1349 725 1664 781 hominibus
1694 724 1961 796 reliquisti
2025 734 2283 795 tanquam
2351 735 2543 796 petens
2607 725 2881 796 quoddam
2947 726 3345 784 munimentum
3385 744 3497 799 quo

256 826 628 888 protegamur.

326 933 694 1006 Νενοσηκόσιν
748 936 904 1005 ίαμα,
956 934 1319 988 ὀλισθαίνουσι
1370 935 1668 1007 στήριγμα,
1726 934 1821 987 καὶ

1995 929 2181 986 Gratia
2215 930 2303 986 illa
2338 930 2544 997 divina,
2586 947 2709 1003 qum
2748 933 2802 989 in
2834 949 2936 990 nos
2961 950 3027 990 ex
3061 944 3166 991 tua:
3208 952 3361 994 zonae
3390 957 3487 995 vc-

251 1031 364 1091 τοῖς
387 1027 721 1098 ῥᾳθυμοῦσιν
738 1026 993 1096 εὐθυμία,
1023 1027 1205 1091 ἔνθεος
1225 1027 1554 1099 κυϐέρνησις
1572 1027 1819 1092 πλέουσι,

1921 1021 2163 1077 nerando
2213 1022 2364 1076 cultu
2419 1022 2725 1079 redundare
2780 1026 3043 1093 cernitur,
3075 1028 3210 1093 hac,
3241 1028 3488 1100 inquam.

252 1120 694 1189 πεπλανημένοις
730 1119 1056 1192 ἐπιστροφὴ,
1087 1121 1121 1191 ή
1156 1120 1510 1191 παρεπομένη
1551 1122 1618 1191 τῇ
1661 1118 1820 1190 τιμία

1921 1118 2113 1186 gratia,
2145 1128 2179 1169 o
2221 1123 2370 1170 casta
2400 1114 2566 1184 Virgo
2588 1158 2603 1181 ,
2647 1125 2730 1171 est
2764 1119 3051 1174 verissima
3096 1123 3488 1192 aegrotantibus

250 1230 344 1264 σου
374 1211 539 1284 ζώνῃ,
560 1212 697 1282 ἁγνὴ
730 1211 993 1281 Παρθένε,
1034 1212 1194 1282 χάρις
1223 1210 1440 1282 ἀληθῶς
1467 1208 1817 1282 χρηματίζει,

1919 1207 2150 1269 medela,
2209 1206 2433 1278 jamjam
2496 1209 2621 1263 item
2694 1209 3003 1269 labentibus
3078 1213 3482 1282 fulcimentum;

244 1303 313 1373 ῆν
345 1304 518 1356 πίστει
553 1302 964 1375 προσκυνοῦμεν
989 1304 1070 1366 είς
1106 1303 1314 1363 πάντας
1344 1302 1572 1366 αἰῶνας.

1920 1308 2179 1370 praeterea
2230 1299 2370 1354 male
2425 1300 2682 1355 animatis
2730 1302 2929 1358 divina:
2965 1306 3236 1375 quoddam
3290 1308 3485 1362 alacri.

243 1396 372 1448 latis
400 1395 624 1461 donum,
652 1394 719 1450 ad
754 1396 865 1449 haec
899 1395 1247 1449 moderamen
1288 1404 1335 1450 et
1378 1393 1809 1464 gubernaculum
1848 1391 2258 1460 navigantibus,
2320 1406 2386 1448 ac
2425 1391 2660 1461 denique
2690 1394 2756 1449 iis
2825 1394 2916 1463 qui
2953 1396 3298 1463 aberrarunt,
3327 1398 3484 1452 auxi-

240 1484 376 1540 lium
422 1486 580 1556 plane
624 1500 689 1541 ac
733 1486 914 1540 lumen
959 1486 1027 1541 ad
1073 1486 1526 1557 resipiscendum.
1574 1486 1730 1542 Unde
1759 1494 1813 1541 et
1850 1483 2002 1540 cultu
2069 1483 2213 1539 fideli
2245 1493 2296 1539 te
2326 1484 2620 1540 adoremus
2651 1486 2704 1539 in
2736 1486 2918 1540 omnia
2946 1488 3165 1543 saecula.

316 1620 721 1686 Ἐπιτελοῦντες
762 1623 1001 1692 σήμερον
1034 1621 1134 1693 τὴν
1160 1623 1322 1691 ἀγίαν
1373 1621 1671 1677 κατάθεσιν
1702 1622 1808 1686 ζώ-

1993 1619 2075 1676 01)
2108 1630 2213 1675 tua:
2232 1620 2430 1676 divina:
2459 1637 2610 1677 zona:
2645 1623 3041 1692 depositionem
3077 1625 3164 1680 hie
3192 1626 3319 1680 olim
3351 1643 3475 1699 per-

233 1732 335 1781 νης
368 1731 462 1768 σου
508 1714 606 1784 τῆς
645 1713 815 1777 θείας,
870 1713 1020 1785 ἱερὰν
1071 1717 1379 1786 πανήγυριν
1408 1716 1457 1768 οί
1485 1714 1661 1769 δοῦλοί
1709 1731 1804 1769 σου

1906 1721 2110 1777 actam,
2163 1729 2261 1768 nos
2312 1714 2454 1768 servi
2487 1714 2562 1768 tui
2604 1728 2814 1768 sacram
2847 1714 3009 1770 hodie
3038 1718 3331 1788 panegyrin
3364 1720 3476 1774 sive

230 1800 480 1870 ἄγωμεν,
523 1804 617 1857 καὶ
662 1806 721 1857 ὲν
747 1804 894 1875 χαρᾷ
945 1804 1193 1875 βοῶμενο
1244 1806 1437 1875 Χαῖρε,
1479 1805 1734 1869 Θεοτόκε,
1768 1806 1800 1877 ὴ

1905 1813 2237 1860 conventum
2296 1805 2660 1871 celebramus,
2713 1808 3036 1875 magnisque
3096 1810 3192 1863 tibi
3244 1811 3470 1868 vocibus

228 1894 380 1963 καρά
405 1894 513 1947 τῶν
538 1894 805 1962 ἀγγέλων,
839 1895 931 1947 καὶ
966 1894 1185 1948 πάντων
1222 1893 1331 1948 τῶν
1360 1893 1663 1965 ἀνθρώπων
1692 1894 1802 1948 τῶν

1905 1895 2050 1949 hunc
2114 1895 2169 1949 in
2223 1895 2441 1948 modum
2480 1910 2603 1949 cum
2658 1895 2839 1949 laetitia
2870 1896 3251 1964 gratulamur:
3291 1897 3468 1961 Salve,

229 1982 441 2045 πιστῶς
464 1983 875 2052 μελῳδούντων·
910 1983 1072 2051 Λαδς,
1104 1982 1447 2057 ὑπερψψοῦτε
1477 1985 1558 2048 είς
1584 1983 1798 2048 πάντας

1904 1987 2153 2053 Deipara,
2180 1988 2435 2056 gaudium
2458 2002 2517 2041 es
2543 1987 2857 2054 angelorum
2884 1997 3148 2042 eteorum
3171 1991 3467 2056 praesertim

224 2074 355 2138 τοὺς
386 2073 607 2138 αίῶνας.

1904 2076 2209 2142 hominum,
2253 2077 2346 2147 qui
2396 2076 2650 2146 religiose
2700 2091 2845 2131 nunc
2884 2076 3087 2145 iugiter
3135 2077 3466 2134 decantauit:

1903 2166 2142 2236 Populus
2169 2167 2404 2233 Domini,
2434 2169 2835 2238 superexaltate
2867 2167 3158 2224 Dominum
3191 2171 3245 2223 in
3284 2169 3468 2238 omnia

1903 2260 2099 2315 macula
2122 2260 2135 2314 ί

912 2386 1123 2460 ’ῼδὴ’θ⁹.

2581 2390 2692 2446 Ode
2731 2392 2784 2448 9.

307 2521 443 2575 Ἰδοὺ
469 2523 501 2591 ἠ
533 2521 648 2576 θεία
666 2522 819 2593 κλίνη
835 2522 928 2576 τοῦ
955 2521 1227 2594 Σολομῶν,
1251 2521 1547 2595 δυνατοὶξῆν
1560 2521 1792 2577 κυκλοῦ-

1965 2523 2200 2588 Intuere,
2256 2524 2507 2588 obsecro,
2545 2538 2667 2577 nam
2727 2526 2827 2580 iste
2882 2525 3100 2579 divinus
3155 2525 3463 2583 Salomonis

218 2630 308 2666 σιν
340 2613 623 2684 ἑξήκοντα,
656 2616 839 2685 ῥήσεις
863 2614 1116 2686 ι’ραφῶν,
1142 2610 1343 2684 οἷάπερ
1371 2616 1429 2667 ὲν
1450 2614 1609 2685 κλίνῃ
1639 2614 1795 2685 βασι-

1899 2613 2170 2683 ιθειιιιιιε,ι
2206 2630 2367 2683 quem
2429 2614 2773 2670 circumdant
2823 2617 3102 2685 sexaginta
3149 2616 3318 2673 fortes
3358 2618 3462 2686 (ut

216 2704 347 2774 λικῇ
372 2704 516 2775 σορῷ
533 2705 688 2776 τιμία
708 2706 946 2776 σήμερον
965 2704 1141 2774 ζώνην
1163 2702 1439 2757 ἀνακλίνει
1469 2702 1568 2773 τὴν
1594 2701 1793 2771 ὲαυτῆς

1892 2707 2044 2761 aiunt
2072 2706 2371 2777 Scriptura:
2396 2708 2436 2776 ),
2481 2723 2637 2762 suam
2672 2708 2830 2762 hodie
2867 2724 3056 2762 almam
3087 2710 3375 2779 pretiosam
3407 2712 3458 2763 in

213 2796 530 2861 ἀνάκλισιν,
553 2798 631 2859 είς
657 2797 872 2849 πάντων
889 2796 996 2849 τῶν
1025 2794 1510 2866 τεταπεινωμένων
1534 2795 1628 2848 καὶ
1643 2795 1791 2848 εὐσε-

1892 2796 2075 2852 loculo
2104 2805 2365 2867 tanquam
2402 2800 2454 2852 in
2499 2799 2686 2854 lectica
2719 2799 2863 2866 regia
2900 2801 3133 2867 quodam
3182 2803 3343 2854 modo
3378 2817 3462 2854 rc-

214 2888 463 2941 6ούντων
498 2886 869 2958 περιποίησιν.

1889 2884 2078 2951 clinat,
2114 2886 2278 2955 idque
2306 2887 2358 2941 in
2401 2887 2656 2941 solatium
2700 2895 2755 2940 et
2795 2889 3295 2942 reconciliationem
3336 2905 3460 2941 0m-

213 2980 395 3044 nium,
447 2980 541 3048 qui
586 2990 644 3034 ut
691 2979 888 3049 abiecti
941 2986 1391 3045 contemnuntur,
1443 2977 1512 3033 ad
1563 2977 1779 3033 illorum
1821 2978 1952 3035 item
2016 2979 2263 3033 omnium
2342 2979 2812 3035 conservationem
2861 2996 2925 3035 ac
2952 2981 3195 3045 tutelam,
3226 2983 3459 3051 quicun-

210 3086 321 3140 que
353 3085 534 3124 veram
565 3069 816 3139 pietatem
848 3070 997 3125 cordi
1033 3070 1253 3124 habent.

297 3209 387 3273 Ὠς
418 3208 572 3271 πόλις
617 3209 875 3279 βασιλέως
927 3208 1035 3262 τῶν
1078 3205 1355 3276 οὐρανῶν,
1408 3207 1533 3277 περὶ
1563 3200 1631 3278 ἦς
1661 3206 1785 3259 ἐλα-

1965 3203 2009 3256 0
2033 3204 2175 3273 regis
2204 3204 2477 3259 calorum
2526 3204 2716 3259 civitas
2758 3206 2826 3260 de
2862 3222 2965 3276 qua
2995 3206 3139 3260 dicta
3168 3214 3295 3261 sunt
3337 3207 3456 3277 glo-

206 3301 354 3372 λήθη
383 3301 662 3371 παράδοξα
682 3318 697 3332 ο
740 3300 862 3353 ἔθου
888 3302 954 3371 τῇ
990 3302 1057 3370 σῇ
1089 3299 1242 3351 πόλει
1270 3298 1444 3368 δῶρον
1475 3298 1657 3367 τίμιον
1690 3297 1784 3351 καὶ

1892 3293 2039 3349 riosa
2065 3294 2077 3347 l
2107 3291 2187 3348 Tu
2230 3293 2282 3347 in
2324 3293 2428 3347 hac
2460 3302 2549 3347 tua
2581 3295 2801 3349 civitate
2844 3296 3132 3364 reposuisti
3164 3305 3450 3364 augustum

208 3397 416 3450 σεπτὸν
446 3397 544 3465 τὴν
573 3395 843 3464 παναγίαν
896 3395 1120 3466 μνήμην
1153 3411 1245 3447 σου
1277 3394 1493 3446 πάντων
1524 3394 1605 3453 είς
1644 3408 1783 3462 κρα-

1888 3394 1943 3439 et
1976 3384 2314 3438 adorandum
2362 3399 2582 3447 munus.
2621 3394 2769 3439 tuam
2816 3401 3009 3455 nempe
3040 3402 3231 3441 zonam
3272 3402 3455 3442 saera-

204 3490 431 3558 ταίωμα
456 3446 565 3541 τῶν
593 3446 817 3552 τειστῶν,
832 3446 908 3540 δι’ι
922 3446 1000 3559 ἦςΙ
1012 3446 1429 3555 οίιστεφηφόροι
1446 3446 1778 3553 *τροπῶνται

1886 3476 2173 3539 tissimam,
2235 3484 2296 3529 ut
2326 3484 2473 3530 esset
2511 3476 2622 3546 28
2648 3478 2904 3532 omnibus
2948 3493 3076 3532 vere
3107 3479 3453 3533 credentibus

204 3581 508 3650 πολεμίους
538 3580 817 3651 ὀρθοδοξίᾳ
857 3577 1277 3648 διαλάμποντες.

1884 3568 2158 3639 quoddam
2201 3576 2396 3638 potens
2436 3568 2594 3637 plane
2636 3570 3127 3639 propugnaculum,
3176 3586 3279 3638 qua
3314 3585 3450 3624 zona

202 3672 249 3727 si
290 3688 348 3727 se
386 3672 676 3739 accingam
744 3670 901 3741 quasi
954 3685 1019 3725 ac
1055 3671 1307 3725 muniant
1385 3675 1573 3723 nostra
1614 3662 1849 3721 illustria
1888 3661 2199 3732 principum
2264 3658 2703 3714 orthodoxorum
2760 3660 2959 3730 capita,
3017 3661 3268 3716 hostilem
3324 3676 3451 3716 mox

200 3765 472 3834 impetqu
502 3763 761 3819 facillime
795 3763 1101 3836 proﬂigant.

274 3900 608 3968 Σταλάξατε,
635 3899 703 3953 τὰ
744 3899 869 3971 ὅρη,
897 3899 992 3954 νῦν
1038 3898 1388 3969 γλυκασμδν,
1414 3897 1510 3951 καὶ
1563 3894 1769 3967 βουνοὶ,

1940 3888 2169 3950 Stillate.
2211 3897 2445 3949 montes,
2488 3886 2854 3952 dulcedinem,
2887 3894 2941 3940 et
2970 3886 3159 3949 colles,
3208 3885 3447 3939 laetitiam

194 3990 544 4062 εὐφροσύνην
579 3990 831 4046 αίώνιονο
866 3989 1219 4061 πατριαρχῶν
1269 3989 1456 4058 δῆμοι,
1488 3988 1583 4041 καὶ
1631 4004 1772 4056 μαρ-

1870 3978 2294 4049 sempiternam!
2330 3975 2439 4031 Vos
2472 3987 2752 4046 praetcrea,
2776 3977 2950 4032 tribus
2986 3976 3444 4046 patriarcharum,

194 4083 384 4153 τύρων
432 4084 634 4145 πάντες
679 4083 864 4152 χοροὶ,
924 4082 1033 4136 τῶν
1092 4079 1389 4152 προφητῶν
1419 4082 1447 4132 ὁ
1479 4077 1771 4146 σύλλογος,

1870 4076 1925 4122 et
1941 4067 2092 4121 chori
2122 4076 2424 4137 martyrum
2460 4065 2725 4132 universi,
2750 4066 2936 4120 adhaec
2961 4072 3137 4120 coetus
3160 4064 3446 4135 prepheta-

197 4174 365 4228 θείων
421 4174 739 4228 ἀποστόλων
789 4174 962 4244 δῆμος
1017 4174 1247 4237 σεπτὸς,
1297 4170 1640 4242 εὐφράνθητι
1677 4171 1775 4222 σὺν

1873 4173 2020 4221 rum,
2070 4172 2135 4212 ac
2190 4155 2426 4226 denique
2470 4156 2748 4211 adoranda
2794 4156 2995 4211 cohors
3047 4156 3443 4225 apostolorum,

196 4268 368 4320 πᾶσιν
394 4267 544 4336 ἡμῖν,
581 4269 647 4336 τῇ
678 4265 969 4319 καταθέσει
999 4266 1095 4337 τῆς
1125 4265 1276 4328 θείας
1309 4262 1485 4333 ζώνης
1516 4263 1613 4334 τῆς
1634 4262 1768 4315 Θεό-

1881 4258 2118 4303 vestram
2159 4247 2444 4302 nobiscum
2480 4261 2670 4301 omnes
2704 4246 2943 4301 laetitiam
2984 4246 3257 4301 cmlestem
3297 4259 3445 4299 come

1884 4341 2163 4398 municate
2210 4340 2275 4395 ad
2316 4338 2484 4395 divini
2519 4339 2685 4408 hujus
2725 4338 2928 4410 cinguli
2954 4353 3064 4409 quo
3106 4353 3165 4393 se
3193 4338 3318 4393 olim
3350 4335 3443 4391 Dei

194 4359 391 4423 παιδος
1884 4359 2163 4398 muntcate
2210 4359 2275 4395 au
2316 4359 2484 4395 lllVlllI
2521 4359 2685 4408 IIIIJUS
2725 4359 2928 4410 Clllglﬂl
2954 4359 3064 4409 quo
3106 4359 3165 4393 διε
3193 4359 3318 4393 011111
3353 4359 3441 4391 DEI

1869 4434 2114 4491 Genitrix
2147 4432 2408 4497 accinxit,
2437 4432 2622 4503 dignis
2651 4431 2813 4487 hodie
2840 4430 3019 4486 modis
3054 4430 3441 4486 celebrandam

1872 4526 2251 4581 feStivitatem.

275 4642 540 4711 Ἦγίασας
569 4643 637 4695 τὰ
663 4642 839 4695 πάντα
867 4640 957 4694 διὰ
981 4642 1078 4710 τῆς
1100 4639 1219 4710 σῆς,
1244 4638 1482 4706 παναγία
1505 4638 1770 4707 Παρθένε,

1945 4641 2275 4697 Exhilarasti
2306 4642 2490 4695 omnia
2522 4639 2751 4694 omnino
2792 4628 3024 4708 quadam
3063 4636 3444 4692 benedictione

192 4735 467 4803 κυήσεως,
516 4733 610 4783 καὶ
655 4730 749 4785 νῦν
794 4732 927 4800 ἡμῖν
975 4729 1215 4790 δέδωκας
1244 4728 1321 4792 ὡς
1350 4728 1574 4781 πλείονα
1607 4744 1770 4795 φωτι-

1875 4740 2063 4787 sancta
2112 4747 2207 4802 per
2240 4742 2391 4786 tuum
2439 4730 2880 4795 sanctissimum,
2922 4746 2954 4783 ο
2987 4728 3177 4798 Virgo,
3214 4744 3446 4799 puerpe-

194 4826 331 4894 σμὸν
355 4824 455 4894 τὴν
483 4822 749 4890 παναγίαν
771 4823 947 4893 ζώνην
978 4838 1096 4886 σου,
1118 4816 1185 4891 ἦς
1209 4823 1273 4891 τῇ
1296 4820 1589 4874 καταθέσει
1616 4821 1765 4872 πᾶσα

1875 4822 2043 4884 rium,
2100 4832 2154 4876 et
2207 4837 2353 4876 nunc
2396 4836 2616 4891 quoque
2655 4820 2835 4885 nobis,
2882 4828 2940 4874 ut
2982 4835 3084 4890 ope
3133 4829 3221 4873 tua
3271 4819 3443 4888 magis

189 4918 224 4985 ἡ
263 4916 337 4984 γῆ
369 4914 607 4985 χορεύει,
656 4913 750 4967 καὶ
794 4913 1043 4983 γεραίρει
1080 4929 1137 4964 σε
1169 4912 1272 4983 τὴν
1320 4912 1494 4983 χαρᾶς
1523 4912 1763 4982 άρῤήτου

1874 4927 2088 4981 semper
2119 4927 2182 4966 ac
2208 4911 2381 4983 magis
2417 4912 2777 4973 illustremur,
2813 4926 3008 4965 zonam
3056 4910 3255 4964 dedisti
3295 4922 3441 4963 tuam

187 5006 620 5074 ἀποπληροῦσαν
650 5005 710 5058 τὸ
733 5005 1095 5074 ἀνθρσὺπινον.

1874 5004 2322 5065 sacratissimam,
2350 5002 2404 5054 in
2432 5001 2587 5067 cujus
2616 5002 2705 5056 hic
2733 5000 3097 5068 depositionis
3136 4999 3430 5055 festivitate

189 5100 452 5155 universa
490 5098 771 5152 nobiscum
805 5096 1042 5150 exsultat
1075 5104 1218 5149 terra
1252 5102 1414 5165 teque
1450 5095 1681 5150 summis
1710 5095 2014 5149 animorum
2085 5096 2280 5150 studiis
2344 5095 2597 5151 honorat,
2647 5101 2707 5146 ut
2757 5107 2880 5161 quae
2933 5090 3233 5144 humanum
3267 5102 3440 5155 genus

188 5203 364 5248 totum
416 5192 673 5249 ineﬂ‘abili
712 5191 948 5263 quodam
980 5191 1177 5263 gaudio
1204 5192 1569 5261 compleVisti.

259 5309 446 5374 Φιλίας
496 5310 675 5374 δολίας
722 5312 821 5380 τῆς
867 5311 976 5363 τῶν
1012 5310 1198 5362 παθῶν
1248 5309 1341 5362 καὶ
1389 5307 1587 5377 ἐχθροῦ
1642 5308 1765 5361 καθ’

1948 5307 2182 5374 Ρτιῑιιίρο
2215 5320 2299 5359 me
2337 5320 2401 5357 ac
2432 5304 2621 5365 libera,
2674 5317 2706 5357 o
2751 5316 2964 5355 summe
3010 5301 3209 5355 intacta
3241 5297 3435 5367 Virgo.

183 5402 427 5471 ἑκάστην
477 5401 829 5472 πειράζοντος
865 5401 1148 5472 ἁμαρτιῶν
1185 5401 1340 5471 βάθει
1392 5398 1667 5470 ῥᾳθυμίας
1702 5417 1761 5452 τε

1872 5399 1941 5455 ab
1971 5399 2121 5453 omni
2164 5396 2537 5452 insidiantium
2590 5395 2719 5450 mihi
2768 5393 3127 5463 cupiditatum
3172 5390 3435 5457 amicitia,

183 5494 431 5564 χαλεπῆς
478 5494 805 5564 ἀπαγωγῆς,
858 5495 1228 5565 πανάχρσντι,
1260 5514 1352 5546 και
1379 5491 1760 5561 αἰχμαλωσίας

1861 5493 1932 5547 ab
1971 5490 2177 5545 inimici
2213 5490 2340 5543 item
2390 5487 2788 5543 tentationihus
2826 5484 3182 5557 quotidianis,
3224 5483 3424 5552 quibus

186 5583 283 5637 καὶ
312 5583 623 5654 προνομῆς,
654 5585 730 5655 τῷ
760 5586 838 5656 σῷ
866 5585 1324 5657 προσπεφευγότα
1372 5584 1512 5637 ἐλέει
1544 5584 1631 5636 διὰ
1660 5584 1758 5637 τά-

1863 5584 1952 5637 ille
1992 5598 2097 5644 me,
2125 5596 2221 5650 per
2260 5589 2481 5649 peccata
2519 5580 2700 5650 gravia
2736 5581 2970 5645 vitaeque
3000 5575 3412 5631 dissolutionem

185 5691 341 5746 χους,
375 5674 451 5740 ὡς
480 5677 791 5749 συμπαθὴς,
826 5678 988 5751 ἁγνὴ,
1023 5677 1353 5743 ἀπάλλαξον.

1864 5672 2180 5739 maximam,
2211 5672 2457 5741 abripere
2491 5672 2752 5727 violenter
2798 5672 2852 5726 in
2885 5669 3249 5739 captivitatem
3287 5683 3429 5736 prre‘

1862 5767 2100 5835 dantque
2128 5780 2283 5820 suam
2326 5765 2540 5831 nititur,
2593 5764 2657 5817 ad
2693 5773 2840 5819 tuam
2870 5762 3073 5832 quippe
3116 5775 3259 5817 nunc
3289 5774 3426 5815 cou-

1863 5854 2012 5927 ingio
2044 5855 2494 5923 misericordiam,
2517 5873 2551 5910 υ
2580 5853 2741 5928 Virgo
2768 5854 3105 5911 miseratrixl
