3996 6590
245 391 373 459 1021

1647 401 2014 462 MARIALE.

3344 397 3484 463 1022

245 499 468 573 μοχλοὺς
522 498 618 552 καὶ
668 499 844 563 πύλας
896 501 1044 573 ᾅδου,
1076 504 1365 570 Δέσποινα,
1403 504 1483 576 τῷ
1515 506 1660 575 τόκῳ
1705 523 1788 558 σοι

1909 506 2018 564 lum
2043 505 2423 577 pertransivit;
2450 522 2571 579 qua:
2593 515 2774 563 vectes
2814 516 2868 562 et
2897 515 3083 578 portas
3109 506 3304 562 inferni
3324 517 3483 578 partu

241 593 578 662 συντρίψασα
604 609 616 621 ·
650 597 830 666 χαῖρε,
863 598 894 668 ἡ
935 597 1054 650 θεία
1084 600 1284 663 εἴσοδος
1316 598 1424 652 τῶν
1455 599 1798 670 σωζομένων,

239 684 372 738 πανύ
382 700 570 754 μνητε.

924 781 1048 852 mi;
1075 782 1136 836 δ.

313 869 402 921 Ἐν
433 871 638 939 φωναῖς
687 871 957 942 ᾀσμάτων
988 875 1168 928 πίστει
1201 893 1284 929 σοι
1343 877 1581 948 βοῶμεν,
1610 877 1795 933 πανύςι

239 978 277 1030 μ
311 979 421 1026 ητε·
447 965 622 1032 χαῖρε,
645 966 765 1016 πῖον
781 965 905 1035 ὅρος
922 969 1014 1020 καὶ
1038 985 1160 1020 τετυ
1169 969 1411 1039 ρωμένον
1423 973 1479 1023 ὲν
1494 971 1793 1040 πνεύματι·

236 1052 609 1122 χαῖρε,λυχνία
626 1054 722 1108 καὶ
749 1055 954 1125 στάμνε
984 1057 1157 1126 μάννα
1191 1059 1454 1127 φέρουσα,
1486 1062 1545 1115 τὸ
1576 1062 1803 1131 γλυκαί-

236 1161 320 1195 νον
345 1144 411 1196 τὰ
441 1144 548 1197 τῶν
579 1144 822 1200 εύσεόὦν
851 1147 1204 1220 αίσθττήρια.

312 1318 650 1392 ’ἱλαστήριον
677 1324 771 1378 τοῦ
800 1326 1029 1397 κόσμου,
1055 1330 1235 1401 χαῖρε,
1254 1329 1490 1402 άχραντε
1508 1335 1797 1390 Δέσποινα·

234 1412 410 1481 χαῖρε,
465 1412 666 1484 κλίμαξ
713 1417 882 1487 γῆθεν
931 1421 1139 1486 πάντας
1190 1424 1528 1493 ἀνυψώσασα
1578 1430 1797 1499 χάριτιο

232 1506 386 1574 χαῖρε
409 1544 424 1569 ,
461 1508 493 1576 ἡ
548 1509 764 1579 γέφυρα
818 1511 989 1576 ὅντως
1031 1517 1064 1586 ἡ
1115 1517 1430 1586 μετάγουσα
1459 1521 1525 1574 ὲκ
1559 1521 1795 1577 Θανάτου

233 1594 440 1658 πάντας
467 1596 603 1664 πρὸς
637 1596 781 1670 ζωὴν
811 1603 935 1666 τοὺς
970 1603 1274 1674 ύμνοῦντάς
1304 1624 1384 1662 σε.

297 1686 556 1756 Ούρανῶν
615 1690 958 1764 ὑψηλοτέρα,
1011 1698 1192 1768 χαῖρε,
1226 1701 1328 1770 γῆς
1357 1699 1417 1754 τὸ
1450 1700 1699 1772 θεμέλιον
1742 1704 1801 1760 ἐν

231 1777 292 1844 τῇ
327 1780 395 1846 σῇ
438 1779 612 1849 νηδύϊ,
644 1781 901 1854 ἄχραντε,
951 1785 1174 1851 άκόπως
1225 1789 1579 1859 βαστάσασα·
1619 1798 1797 1867 χαῖρε,

1907 607 2000 653 tuo
2059 600 2390 666 contrivisti,
2445 601 2663 673 gaude:
2723 601 2921 672 gaude,
2951 599 3171 654 divinus
3226 603 3483 657 introitus

1904 702 2091 741 eorum
2125 689 2216 757 qui
2266 691 2566 757 salvantur,
2607 705 2640 743 o
2675 689 2822 744 omni
2858 688 3015 742 laude
3042 688 3388 759 dignissima.

2568 779 2681 833 Ode
2718 779 2774 833 4.

1963 866 2345 926 Exclamamus
2374 871 2437 928 ad
2463 880 2514 925 te
2553 873 2783 928 ﬁdeliter
2809 888 2934 927 cum
2960 874 3188 930 vocibus
3241 875 3488 930 cantico-

1899 969 2044 1025 rum,
2082 976 2115 1014 o
2157 963 2368 1018 cunctis
2409 962 2659 1018 laudibus
2698 963 3064 1018 celebranda:
3098 965 3294 1036 gaude,
3329 981 3486 1020 mons

1904 1050 2122 1119 pinguis
2156 1062 2209 1106 et
2258 1055 2579 1122 coagulatus
2609 1054 2801 1122 Spiritu
2837 1077 2849 1108 :
2900 1056 3097 1125 gaude,
3152 1056 3396 1122 lucerna,
3429 1063 3485 1110 et

1904 1158 2040 1196 urna
2073 1144 2254 1201 ferens
2274 1160 2492 1209 manna,
2518 1146 2663 1216 quod
2691 1145 2904 1216 piorum
2945 1161 3144 1204 sensus
3188 1147 3484 1202 dulcedine

1903 1232 2202 1303 perfundit.

1979 1322 2225 1383 Universi
2257 1325 2717 1395 propitiatorium,
2748 1327 2942 1397 gaude,
2977 1326 3256 1383 oDomina
3289 1327 3484 1382 imma-

1903 1414 2125 1469 culata:
2175 1415 2372 1484 gaude,
2420 1415 2588 1478 scala,
2633 1432 2754 1485 quae
2787 1431 2977 1471 omnes
3010 1433 3104 1486 per
3154 1420 3383 1487 gratiam
3427 1417 3484 1471 in

1903 1507 2070 1560 altum
2100 1506 2317 1561 extollis
2339 1521 2369 1560 a
2393 1515 2533 1560 terra
2564 1525 2578 1560 :
2609 1507 2802 1574 gaude,
2829 1522 2985 1575 pons,
3018 1507 3112 1576 qui
3142 1524 3268 1563 vere
3301 1518 3482 1566 trans-

1904 1597 2075 1652 mittis
2107 1612 2136 1650 a
2167 1605 2338 1651 morte
2366 1598 2431 1651 ad
2469 1597 2633 1650 vitam
2678 1612 2867 1651 omnes
2896 1597 3180 1652 laudantes
3207 1608 3278 1652 te.

1973 1686 2220 1742 Nobilior
2252 1689 2406 1744 cmlis
2433 1687 2789 1753 sublimitate,
2833 1688 3027 1758 gaude,
3070 1703 3191 1757 quae
3219 1689 3339 1746 sine
3371 1687 3483 1741 ullo

1902 1777 2090 1834 labore
2130 1778 2182 1832 iu
2222 1787 2314 1833 tuo
2360 1790 2515 1833 utero
2543 1786 2702 1832 terra:
2721 1777 3136 1832 fundamentum
3173 1779 3422 1848 portasti,
3449 1793 3484 1832 o

229 1868 466 1963 fon-ain
492 1872 777 1963 πορφύραν
807 1875 958 1930 θείαν
988 1876 1205 1951 βάψασα
1223 1880 1284 1949 ἐξ
1307 1885 1558 1957 αἱμάτων
1590 1865 1684 1946 σου
1715 1865 1788 1963 τῷ

1909 1869 2291 1924 immaculata:
2325 1870 2516 1939 gaude,
2560 1865 2800 1939 purpura
2825 1913 2838 1936 ,
2873 1885 2995 1938 quae
3029 1870 3290 1923 virtutum
3350 1869 3483 1940 Regi

228 1955 441 2027 βασιλεί
461 1961 570 2016 τῶν
595 1963 898 2037 δυνάμεων.

289 2136 609 2213 Νομοθέτην
627 2145 660 2215 ἠ
677 2145 913 2204 τεκοῦσα
931 2148 1170 2223 άληθῶς,
1191 2157 1375 2230 χαῖρε,
1400 2158 1686 2228 Δέσποινα,
1706 2161 1798 2215 τόν

222 2227 316 2292 τὰς
344 2233 582 2325 άνομίας
611 2237 829 2294 πάντων
853 2241 1064 2313 δωρεάν
1091 2227 1466 2320 ἐξαλείφοντα,
1492 2251 1801 2325 ἀκατανόηο

221 2335 310 2415 τον
333 2321 526 2415 βάθος,
559 2325 694 2398 ὕψος
725 2329 985 2404 ἄρρητον,
1035 2337 1403 2411 άπειρόγαμε,
1436 2341 1505 2396 δι’
1533 2338 1601 2415 ἦς
1634 2321 1798 2415 lutei:

220 2413 558 2487 ὲθεώθημεν.

286 2505 359 2598 Σε
387 2506 485 2579 τὴν
530 2509 799 2579 πλέξασαν
830 2516 909 2588 τῷ
949 2519 1140 2593 κόσμῳ
1164 2522 1554 2595 ἀχειρόπλοκον
1591 2528 1797 2598 στέφα-

219 2609 306 2689 νον
330 2595 828 2674 άνυμνολογοῦμεν,
870 2609 1066 2682 Χαῖρε,
1111 2613 1215 2680 σοὶ,
1255 2615 1517 2686 Παρθένε,
1550 2595 1798 2689 κραυγά-

219 2683 425 2782 ζοντες,
454 2689 515 2743 τὸ
544 2693 917 2768 φυλακτήριον
941 2701 1180 2770 πάντων,
1217 2707 1314 2777 καὶ
1341 2683 1671 2782 γαράκωμα,
1701 2683 1796 2768 καὶ

217 2778 568 2854 κραταίωμα,
599 2786 693 2841 καὶ
725 2787 868 2860 ἱερὸν
913 2795 1271 2863 καταφύγιον.

971 2884 1094 2956 ᾮδὴ
1126 2884 1160 2942 '-

293 2981 450 3043 Ὀδὺν
478 2989 513 3060 ἡ
542 2992 792 3062 κυήσασα
831 2994 999 3068 ζωῆς,
1021 3003 1200 3071 χαῖρε,
1257 3005 1592 3077 πανάμωμε,
1626 3007 1660 3077 ἡ
1690 3026 1794 3063 κα-

214 3078 536 3174 τακλυσμοῦ
567 3084 684 3174 ᾼτῆς
731 3087 1011 3160 ἁμαρτίας
1061 3093 1284 3149 σώσασα
1314 3098 1553 3169 κόσμον·
1608 3103 1790 3174 χαῖρε,

1902 1963 2191 2033 purpureis
2242 1961 2466 2017 ﬂoribus
2511 1970 2825 2017 contextam
2871 1968 3074 2015 vestem
3119 1962 3226 2017 tuis
3259 1961 3484 2031 sangui-

1903 2056 2061 2111 nibus
2086 2055 2319 2110 tinxisti.

1970 2147 2263 2203 Auctorem
2286 2149 2421 2220 legis
2448 2148 2608 2203 enixa
2646 2162 2794 2209 vere,
2819 2147 2910 2218 qui
2938 2147 3184 2202 omnium
3218 2145 3483 2216 iniquita-

1901 2248 1982 2297 tes
2019 2243 2254 2312 gratuito
2301 2243 2465 2308 delet,
2521 2242 2715 2310 gaude,
2776 2239 3028 2304 Domina,
3064 2238 3483 2309 iuintelligibilis

1898 2331 2268 2401 profunditas,
2315 2332 2419 2403 31
2477 2332 2768 2387 inefl'abilis
2823 2331 3168 2395 sublimitas;
3224 2328 3485 2400 nuptialis

1900 2426 2002 2480 tori
2033 2426 2242 2495 ignara,
2277 2442 2373 2496 per
2399 2441 2562 2495 quam
2602 2440 2702 2479 nos
2729 2424 2965 2480 deiﬁcati
2997 2438 3208 2477 sumus.

1970 2516 2171 2572 Mundo
2215 2533 2473 2572 coronam
2508 2533 2614 2570 non
2675 2531 2835 2570 mauu
2870 2514 3068 2569 factam
3122 2512 3479 2576 contexuisti,

1897 2608 2022 2664 ideo
2056 2617 2109 2663 te
2147 2608 2363 2679 hymnis
2391 2608 2758 2672 celebramus,
2787 2607 2906 2672 tibi,
2935 2605 3146 2667 Gaude,
3171 2604 3484 2658 exclaman-

1897 2709 2002 2766 tes,
2033 2715 2066 2755 ο
2095 2701 2341 2756 omnium
2374 2699 2648 2767 custodia,
2681 2710 2734 2758 et
2784 2699 3008 2763 vallum,
3062 2704 3119 2751 et
3179 2696 3371 2761 robur,
3427 2703 3483 2752 et

1897 2809 2114 2852 sacrum
2145 2794 2477 2851 subsidium.

2567 2885 2679 2944 Ode
2714 2885 2767 2940 5.

1965 3002 2079 3073 (32)
2107 3001 2316 3058 Carens
2340 3002 2489 3057 omni
2519 3001 2754 3066 macula,
2788 3015 2911 3069 quae
2956 2999 3102 3056 viam
3132 2999 3259 3055 vita
3318 3011 3484 3068 pepe-

1895 3095 2038 3157 risti,
2077 3094 2252 3164 gaude
2279 3111 2291 3146 :
2320 3093 2519 3164 gaude,
2547 3107 2670 3162 quae
2699 3092 2959 3145 mundum
2989 3107 3016 3143 a
3040 3091 3249 3145 diluvio
3271 3089 3481 3159 peccati

219 3163 514 3283 θεόΥ-υμφε,
554 3172 807 3283 ἄμουσμα
833 3179 926 3232 καὶ
956 3180 1172 3283 λάλημα
1205 3163 1460 3255 φρικτόν·
1489 3163 1668 3261 χαῖρε,
1700 3163 1786 3246 ένζ

1909 3163 2160 3254 ibet-asti,
2196 3203 2229 3242 ο
2256 3163 2348 3241 Dei
2382 3201 2584 3258 sponsa
2620 3203 2633 3241 :
2663 3184 2872 3239 auditio
2933 3193 2988 3238 et
3016 3184 3221 3238 locutio
3254 3184 3482 3237 horrore

216 3255 483 3332 διαίτημα
511 3264 606 3320 τοῦ
632 3269 904 3325 Δεσπότου
930 3275 1029 3345 τῆς
1057 3275 1312 3341 κτίσεως.

294 3437 477 3511 Ἰσχὺς
517 3446 612 3499 καὶ
645 3446 908 3521 ὀχύρωμα
938 3452 1264 3525 ἀνθρώπων,
1294 3460 1474 3529 χαῖρε,
1519 3459 1754 3532 άχραντε
1773 3479 1790 3496 ο

210 3531 342 3586 τόπε
373 3535 711 3608 άγιάσματος
739 3543 836 3613 τῆς
870 3543 1048 3615 δόξης,
1080 3547 1344 3620 νέκρωσις
1382 3551 1532 3622 ᾅδου,
1560 3531 1793 3623 νυμφὼν

211 3626 478 3719 όλόφωτε,
527 3637 708 3706 χαῖρε,
741 3637 852 3691 τῶν
900 3641 1152 3709 ἀγγέλων
1205 3646 1454 3717 χαρμονή
1481 3661 1498 3677 ο
1547 3650 1729 3718 χαῖρε,
1756 3648 1791 3719 ἡ

214 3718 444 3792 βοήθεια
474 3724 585 3779 τῶν
612 3729 818 3782 πιστῶν
855 3730 1124 3802 δεομένων
1157 3751 1273 3790 σου.

281 3908 639 3982 Πυρίμορφον
683 3912 867 3984 ὄχημα
892 3914 988 3968 τοῦ
1016 3916 1216 3985 Λόγου,
1273 3920 1430 3989 χαῖρε
1451 3959 1468 3985 ,
1497 3919 1788 3988 Δέσποινα,

209 3999 426 4072 ἐμψυχε
455 4004 773 4074 παρῶὸεισε,
801 4007 862 4061 τὸ
906 4008 1062 4075 ξύλον
1102 4011 1160 4065 ὲν
1190 4012 1342 4082 μέσῳ
1372 4011 1492 4083 ἔχον
1520 4011 1669 4083 ζωῆς
1696 4014 1788 4067 τὸν

211 4090 440 4165 Κύριον,
471 4089 532 4149 οὗ
556 4098 583 4150 ὁ
609 4097 926 4170 γλυκασμὸς
966 4100 1225 4166 ζωοποιεῖ
1256 4104 1434 4158 πίστει
1467 4105 1596 4169 τοὺς
1630 4106 1789 4160 μετέ-

208 4200 407 4254 χοντας
435 4189 527 4240 καὶ
557 4189 734 4262 φθορᾷ
776 4192 1179 4263 ύποκύψανσας.

291 4279 652 4352 Ῥωννύμενοι
707 4285 884 4341 σθένει
937 4305 1030 4341 σου
1059 4289 1269 4352 πιστῶς
1315 4290 1634 4362 άναὸοῶμέν
1665 4307 1784 4345 σοι’

208 4371 408 4442 Χαῖρε,
443 4375 599 4440 πόλις
646 4376 739 4431 τοῦ
791 4378 1184 4450 Παμὸασιλέως
1211 4423 1225 4445 ,
1280 4382 1648 4453 δεδοξασμένα
1689 4383 1785 4438 καὶ

207 4463 545 4527 ἁξιάκουστα
571 4469 696 4538 περὶ
725 4465 792 4542 ἦς
818 4471 1140 4544 λελάληνται
1177 4474 1364 4544 σαφῶς
1389 4489 1406 4507 ο
1437 4475 1564 4546 ὄρος
1589 4475 1798 4530 άλατόέι

211 4569 408 4622 μητον,
436 4557 615 4626 χαῖρε,
647 4557 811 4626 βάθος
837 4562 1164 4633 ἀμέτρητον.

278 4645 610 4719 Εὐρύχωρον
642 4654 907 4723 σκήνωμα
935 4653 1026 4707 τοῦ
1068 4655 1266 4724 Λόγου,
1309 4658 1488 4728 χαῖρε,
1521 4656 1781 4729 ἅχραντε,

207 4737 400 4806 κόχλος
418 4740 452 4808 ἡ
478 4739 567 4793 τὸν
593 4741 737 4797 θείον
763 4746 1110 4818 μαργαρίτην
1137 4749 1530 4818 προαγαγοῦσα
1553 4765 1567 4778 ο
1598 4753 1782 4821 χαῖρε,

207 4829 637 4900 πανθαύμαστε,
693 4835 912 4891 πάντων
961 4840 1096 4910 πρὸς
1129 4841 1264 4895 Θεὸν
1308 4843 1623 4916 καταλλαγὴ
1673 4845 1785 4898 τῶν

208 4920 627 4992 μακαριζόντων
662 4944 740 4993 σε,
774 4927 1026 4993 Θεοτόκε,
1059 4933 1340 4988 ἑκάστοτε.

902 5109 1024 5179 ᾮδὴ
1055 5117 1132 5174 ς’.

278 5194 503 5259 Παστὰς
526 5196 621 5250 τοῦ
653 5199 824 5268 Λόγου
849 5199 1136 5270 άμὸλυντε,
1190 5200 1341 5256 αἰτία
1371 5203 1471 5273 τῆς
1500 5202 1611 5256 τῶν
1641 5203 1778 5258 πάν-

273 5354 391 5435 (5j2)
423 5354 653 5435 Cuan.
691 5355 859 5427 Virgo
881 5373 946 5435 ex
979 5369 1158 5416 mente
1177 5359 1256 5435 Δ8.
1286 5359 1508 5435 Iosephi
1538 5364 1778 5418 caruerit

200 5427 356 5478 omni
400 5426 636 5501 macula,
683 5426 812 5501 noni
833 5430 1006 5501 solum
1043 5430 1218 5485 caruit
1263 5426 1493 5486 maculis
1525 5443 1776 5501 peccato-

201 5509 326 5547 rum
362 5496 679 5571 actualium,
710 5499 805 5553 sed
838 5498 999 5571 etiam
1037 5501 1248 5555 macula
1281 5501 1484 5571 peccati
1519 5496 1679 5557 nobis
1707 5506 1773 5557 ab

200 5573 329 5644 ortu
368 5568 660 5644 co_ugeniti,
691 5584 818 5644 cum
850 5570 963 5644 htec
998 5571 1067 5644 sit
1109 5587 1234 5644 ver_e
1265 5568 1475 5626 macula
1516 5572 1691 5644 turpis
1721 5581 1776 5628 et

200 5632 498 5713 deformis,
529 5646 585 5690 ut
615 5638 853 5713 animam
887 5640 1153 5713 inquinet,
1189 5642 1407 5710 Deoque
1436 5632 1626 5697 reddat
1649 5658 1770 5697 om-

197 5705 337 5778 nino
384 5705 653 5772 odiosam,
698 5705 1101 5778 alioquin'nou
1151 5705 1422 5768 caruisset
1464 5713 1611 5766 omni
1653 5729 1771 5767 ma-

185 5775 369 5826 cula:
404 5786 457 5829 et
508 5778 770 5844 particula
820 5775 1144 5834 universalis
1184 5784 1350 5836 omnis
1404 5799 1508 5836 non
1553 5798 1768 5837 omnem

200 5845 478 5901 maculam
506 5848 1008 5921 comprehenderet,
1042 5868 1166 5908 cum
1200 5869 1305 5909 non
1338 5853 1768 5924 comprehende-

1897 3281 2108 3353 plena:
2167 3280 2362 3352 gaude.
2404 3278 2620 3334 mansio
2683 3276 2900 3331 Domini
2948 3276 3193 3332 omnium
3259 3281 3478 3332 creatu-

1896 3385 2106 3424 rarum.

1965 3461 2422 3526 Oimmaculata,
2462 3459 2727 3515 fortitudo
2779 3471 2832 3516 et
2888 3459 3121 3514 munitio
3170 3458 3478 3521 hominum,

1893 3557 2108 3626 gaude:
2151 3558 2305 3611 locus
2335 3555 2791 3611 sanctiﬁcationis
2818 3553 3028 3624 gloriae,
3093 3551 3348 3608 interitus
3389 3549 3477 3606 inv

1893 3643 2053 3708 ferni,
2107 3644 2379 3699 thalamus
2436 3651 2584 3712 totus
2633 3642 2867 3705 lui-idus,
2917 3642 3112 3712 gaude,
3164 3642 3479 3712 angelorum

1893 3736 2078 3792 laetitia
2097 3753 2111 3802 ;
2132 3736 2328 3808 gaude,
2358 3736 2621 3792 auxilium
2650 3751 2867 3801 eorum,
2911 3735 3003 3806 qui
3031 3742 3226 3791 tecum
3263 3736 3364 3790 tide
3384 3736 3481 3790 de-

1893 3840 2209 3899 precantur.

1959 3920 2150 3976 Nitens
2177 3922 2332 3989 ignea
2355 3920 2475 3974 luce
2523 3934 2722 3974 currus
2752 3917 2939 3984 Verbi,
2992 3917 3190 3988 gaude,
3219 3916 3473 3983 Domina,

1889 4012 2142 4079 paradise
2177 4011 2438 4075 animate,
2470 4010 2524 4063 in
2567 4010 2726 4080 cujus
2760 4008 2943 4063 medio
2985 4016 3070 4065 est
3121 4007 3286 4062 arbor
3344 4009 3475 4062 vitae

1886 4100 2174 4167 Dominus,
2211 4101 2305 4172 qui
2355 4100 2642 4156 dulcedine
2697 4114 2794 4155 sua
2840 4098 3080 4153 viviﬁcat
3137 4113 3328 4155 omnes
3385 4095 3475 4155 sui

1885 4192 2182 4263 participes
2213 4199 2270 4245 et
2295 4189 2633 4259 εοτιιιριίοιιί
2665 4188 2957 4243 obnoxios.

1957 4279 2171 4336 Virtute
2200 4290 2292 4335 tua
2325 4280 2566 4335 roborati
2589 4320 2603 4344 ,
2636 4294 2759 4333 cum
2793 4279 2899 4335 fide
2923 4279 3225 4337 clamamus
3284 4279 3351 4335 ad
3376 4287 3469 4335 te:

1884 4373 2095 4438 Gaude,
2116 4374 2308 4428 civitas
2333 4373 2576 4428 omnium
2599 4371 2787 4442 Regis,
2806 4370 2874 4427 de
2907 4388 3015 4442 qua
3038 4370 3326 4429 manifeste
3353 4372 3472 4442 glov

1884 4465 2027 4520 riosa
2055 4473 2110 4520 et
2135 4465 2297 4536 digna
2352 4463 2542 4520 auditu
2573 4463 2721 4518 dicta
2754 4473 2884 4520 sunt
2936 4481 2949 4518 :
2986 4479 3147 4518 mons
3178 4479 3213 4525 α
3238 4463 3473 4534 lapicida

1809 4582 1855 4639 ι)
1885 4558 2120 4614 intactus
2148 4577 2160 4613 :
2191 4557 2387 4627 gaude,
2425 4555 2774 4627 profunditas
2823 4557 3114 4611 immensa.

1951 4651 2161 4722 Expers
2179 4651 2643 4722 maculze,gaude,
2671 4651 3071 4721 amplissimum
3094 4647 3258 4703 Verbi
3281 4648 3474 4711 taber_—.

1880 4747 2133 4801 naculum
2167 4745 2438 4808 :coueha,
2473 4761 2598 4815 qua:
2633 4744 2874 4802 divinam
2930 4742 3283 4810 margaritam
3343 4756 3471 4810 pro-

1882 4838 2093 4901 tulisti;
2122 4837 2316 4906 gaude,
2347 4845 2458 4891 tota
2488 4836 2873 4902 admirabilis;
2911 4850 3036 4888 cum
3075 4832 3185 4888 Deo
3227 4832 3473 4887 reconcie

1883 4928 2033 4982 liatio
2083 4929 2326 4984 omnium
2370 4929 2583 4984 illorum
2636 4927 2730 4997 qui
2773 4936 2845 4990 te,
2881 4942 2914 4981 ο
2947 4926 3199 4995 Deipara,
3245 4923 3481 4990 assidue

1892 5022 2223 5078 beatilicant.

2577 5111 2691 5165 Ode
2719 5109 2772 5163 6.

1981 5204 2308 5276 (55)Nullam
2363 5203 2571 5259 habens
2626 5199 2932 5266 maculam,
2982 5199 3220 5255 thalame
3277 5200 3472 5269 Verbi,

1878 5373 1959 5418 ret
1995 5366 2262 5418 maculam
2305 5364 2650 5432 originalem.
2687 5363 2846 5418 Certe
2893 5378 3019 5418 cum
3052 5379 3212 5419 nemo
3245 5364 3466 5420 dubitet

1882 5433 1973 5486 Dei
2012 5435 2236 5487 Matrem
2273 5434 2505 5488 actualis
2545 5435 2753 5502 peccati
2802 5435 3036 5489 venialis
3072 5435 3288 5489 macula
3325 5451 3467 5488 nun.

1875 5519 2036 5574 quam
2076 5505 2247 5557 luisse
2279 5504 2362 5557 vel
2398 5504 2674 5558 levissime
2702 5504 2961 5568 alilatam,
3003 5506 3309 5574 intelligere
3347 5520 3459 5561 non

1874 5589 2118 5642 possunt,
2170 5575 2445 5641 quomodo
2490 5575 2851 5630 nihilominus
2922 5575 3120 5642 aliquis
3165 5576 3466 5630 contendat

1873 5645 2131 5698 foedatam
2165 5646 2377 5698 macula
2406 5645 2565 5712 longe
2597 5645 2855 5713 turpiori,
2889 5660 3080 5712 nempe
3104 5644 3385 5712 originali.

1943 5714 2054 5784 (55)
2109 5713 2187 5766 En
2241 5725 2374 5783 quot
2433 5714 2716 5770 modis.S.
2757 5713 3045 5784 tJosephus
3085 5714 3460 5768 immaculata:

1871 5783 1932 5836 Β.
1985 5784 2220 5852 Virginis
2267 5785 2611 5852 conceptinni
2657 5783 3023 5852 sui‘frageturl
3075 5784 3306 5838 Omnem
3361 5784 3458 5836 ab-

1871 5854 2049 5910 solute
2075 5855 2344 5911 maculam
2375 5871 2406 5909 a
2434 5856 2491 5909 Β.
2526 5854 2766 5926 Virgine,
2801 5871 2923 5923 quae
2947 5853 3051 5913 fuit
3079 5855 3252 5911 divini
3283 5853 3446 5911 Verbi
