3996 6598
218 384 351 449 1025
1616 384 1796 446 MARI

1872 385 1982 445 LE.
3312 389 3450 459 1026

214 495 440 566 θήσασα,
471 495 651 564 χαῖρε,
684 493 974 558 Δέσποινα,
1002 492 1070 547 δι’
1110 507 1178 565 ης
1198 493 1373 565 χαρᾶς
1405 492 1783 564 πληρούμεθα,

1890 493 2361 555 immareescibilis
2382 494 2864 567 eﬂloruitzgaude,
2893 494 3143 565 Domina,
3173 514 3271 571 per
3285 517 3448 572 quam

212 590 305 639 καὶ
331 584 472 655 ζωὴν
504 582 969 654 κληρονομοῦμεν.

1883 584 2173 654 implentur
2202 587 2420 657 gaudio,
2446 595 2500 642 et
2521 587 2820 657 accipimus
2853 588 3224 647 hatreditatem
3300 594 3448 649 Viue.

291 677 688 747 Ῥητορεύουσα
721 676 781 728 οὐ
814 676 991 729 σθένει
1025 676 1266 744 γλῶσσα,
1300 677 1587 741 Δέσποινα,
1619 677 1784 746 ὑμνο-

1950 674 2141 731 Delicit
2166 677 2372 747 lingua,
2402 678 2531 732 dum
2567 680 2635 732 de
2661 687 2711 733 te
2742 679 3004 750 loquitur,
3030 696 3064 735 ο
3092 682 3338 749 Domina,
3392 685 3447 738 in

211 768 435 837 λογῆσαί
462 784 519 820 σε
547 783 560 796 ’
586 767 726 837 ὑπὲρ
760 768 868 838 γὰρ
895 767 962 820 τά
985 769 1237 839 Σεραφὶμ
1262 768 1501 839 ὐψώθης,
1527 768 1783 838 κυήσασα

1882 765 2135 822 laudibus
2167 769 2275 824 tuis
2307 786 2322 823 :
2353 771 2553 824 ctenim
2583 785 2748 841 supra
2777 770 3071 827 Clierubim
3126 776 3361 829 exaltata
3388 792 3450 832 es

209 858 302 912 τὸν
333 858 555 928 βασιλέα
572 859 830 928 Χριστὸν,
868 858 927 912 δν
957 859 1165 912 ἱκέτευε
1196 857 1378 927 ’πάσης
1427 857 1523 911 νῦν
1578 857 1779 927 ϐλάϐης

1960 858 2099 914 riens
2133 875 2313 931 regem
2342 860 2643 928 Christum,
2701 878 2862 933 quem
2906 863 3216 934 deprecare,
3264 877 3320 921 ut
3380 868 3451 922 ab
3522 892 3538 905 ι

210 948 478 1021 ῥύσασθαι
504 950 631 1013 τοὺς
658 950 866 1013 πιστῶς
896 966 957 1001 σε
996 948 1459 1019 προσκυνοῦντας.

1879 952 2027 1006 omni
2056 952 2278 1009 laesione
2309 954 2502 1011 liberet
2531 971 2676 1011 nunc
2708 970 2902 1013 omnes
2933 956 3027 1028 qui
3060 965 3112 1013 te
3151 972 3275 1012 cum
3299 961 3448 1014 omni

1880 1043 1984 1097 lide
2013 1044 2263 1100 adorant.
3234 1104 3237 1105 ν

282 1124 532 1193 Εὐφημεί
573 1140 632 1176 σε
671 1125 1051 1195 μακαρίζοντα
1074 1126 1143 1179 τὰ
1166 1126 1380 1198 πέρατα
1404 1127 1498 1179 καὶ
1534 1126 1778 1196 ἀνακρά-

1950 1134 2154 1203 Insigni
2178 1137 2336 1191 laude
2372 1146 2424 1193 te
2448 1137 2726 1193 celebrant
2777 1154 2845 1194 ac
2901 1137 3213 1195 beatiﬁcant
3259 1155 3451 1196 omnes

209 1216 290 1280 ζει
315 1232 425 1268 σοι’
452 1217 646 1285 Χαῖρε,
685 1218 713 1267 ὁ
746 1221 909 1288 τόμος
942 1220 1000 1270 ὲν
1022 1211 1066 1285 ᾧ
1096 1218 1347 1288 δακτύλῳ
1403 1219 1779 1287 ἐγγέγραπται

1879 1225 2013 1279 ﬁnes
2046 1235 2222 1290 terrm,
2252 1228 2553 1283 clamantes
2583 1230 2646 1282 ad
2694 1240 2744 1284 te
2776 1249 2789 1284 :
2830 1229 3041 1295 Gaude,
3086 1231 3361 1294 volumen,
3393 1233 3447 1286 in

152 1330 166 1343 ν-
214 1308 427 1379 [ἰατρὸς
455 1311 484 1361 ό
513 1310 705 1375 Λόγος,
743 1310 904 1379 ἁγνὴ,
941 1309 1000 1363 ὃν
1032 1310 1238 1363 ἱκέτευε
1282 1310 1620 1382 βίϐλῳζωῆς
1654 1310 1730 1362 τοί

1878 1332 1988 1387 quo
2037 1319 2300 1388 scriptum
2360 1330 2443 1375 est
2494 1322 2662 1390 digito
2729 1319 2905 1376 Patris
2960 1320 3238 1390 Verbum;
3303 1324 3448 1394 quod

207 1400 421 1465 δούλους
445 1418 538 1454 σου
567 1401 942 1474 καταγράψαι,
964 1402 1215 1458 Θεοτόκε.

1879 1410 2190 1480 deprecare,
2226 1428 2259 1466 0
2296 1423 2448 1468 casta
2481 1413 2727 1484 Deipara,
2777 1423 2834 1469 ut
2864 1414 2919 1468 in
2970 1415 3112 1470 libro
3168 1416 3294 1471 vita:
3348 1418 3447 1471 de—

1880 1503 2085 1558 scribat
2120 1520 2309 1561 servos
2356 1516 2500 1562 tuos.
2867 1516 2873 1521 “

263 1573 595 1645 Ἰκετεύομεν
609 1578 656 1628 οἱ
671 1576 846 1630 δοῦλοί
874 1595 967 1631 σου
997 1579 1093 1631 καὶ
1115 1579 1372 1651 κλίνομεν
1397 1581 1526 1647 γόνυ
1551 1580 1777 1650 καρδίας

1950 1595 2316 1666 Deprecamur
2349 1607 2399 1652 te
2425 1600 2566 1654 servi
2603 1601 2702 1665 tui,
2726 1608 2779 1655 et
2803 1599 3131 1655 inclinamus
3156 1615 3295 1670 genu
3324 1616 3448 1656 cor-

204 1659 359 1729 ἡμῶν
388 1676 402 1690 ·
426 1662 604 1714 κλῖνον
635 1664 692 1715 τὸ
722 1664 813 1727 οῦς
847 1683 962 1731 σου,
990 1666 1150 1738 ἁγνὴ,
1178 1668 1270 1722 καὶ
1299 1668 1474 1722 σῶσον
1506 1671 1633 1733 τοὺς
1662 1670 1777 1723 θλί-

1878 1687 1963 1744 dis
2012 1691 2182 1743 nostri
2215 1709 2229 1745 :
2272 1692 2472 1745 inclina
2507 1702 2585 1755 tu,
2635 1708 2667 1745 ο
2698 1693 3012 1761 purissima,
3044 1708 3230 1747 aurem
3273 1701 3444 1755 tuam,

202 1751 324 1820 ψεσι
345 1750 729 1823 βυοιξομένους
751 1758 921 1826 ἡμᾶς,
973 1760 1069 1812 καὶ
1099 1761 1439 1831 συντήρησον
1482 1763 1661 1845 πάσης
1686 1765 1777 1834 ἐχ-

1880 1790 1934 1835 et
1953 1781 2099 1836 salva
2126 1798 2248 1847 nos,
2282 1784 2376 1852 qui
2408 1783 2461 1836 in
2506 1784 2770 1852 profundo
2794 1784 3203 1840 tribulationum
3234 1784 3449 1840 demere

202 1842 344 1913 θρών
368 1844 621 1911 ἁλώσεως
641 1848 738 1917 τὴν
772 1849 870 1919 σὴν
899 1850 1073 1916 πόλιν,
1106 1853 1356 1907 Θεοτόκε.
1585 1842 1589 1845 ’

1880 1874 2089 1945 gimur;
2110 1876 2345 1939 custodi,
2378 1891 2411 1930 ο
2451 1877 2697 1946 Deipara,
2728 1878 3003 1932 civitatem
3038 1886 3181 1932 tuam
3208 1878 3276 1933 ab
3295 1879 3446 1933 omni

1877 1966 2227 2023 inimicorum
2252 1969 2675 2039 expugnatione.

837 2050 959 2121 ᾮδὴ
990 2050 1060 2121 η’-

2474 2078 2580 2149 33
2608 2076 2720 2134 Ode
2753 2078 2807 2134 8.

271 2158 449 2229 Νηδύῖ
470 2159 561 2213 τὸν
596 2162 770 2231 Λόγον
804 2163 1069 2229 ὑπεδέξω,
1109 2164 1202 2218 τὸν
1235 2165 1413 2220 πάντα
1436 2165 1775 2237 βαστάζοντα

1945 2188 1989 2243 0
2016 2198 2168 2244 casta
2195 2232 2210 2255 ,
2248 2189 2483 2245 Verbum
2516 2193 2566 2245 in
2592 2206 2746 2247 utero
2782 2193 3069 2263 suscepisti
3096 2212 3111 2249 :
3139 2203 3440 2265 portantem

198 2247 527 2315 ἐϐάστασας,
556 2251 789 2319 γάλακτι
810 2251 1111 2323 ἐξέθρεψας
1134 2254 1365 2326 νεύματι
1389 2257 1481 2309 τὸν
1506 2257 1774 2328 τρέφοντα

1874 2281 2055 2335 omnia
2082 2284 2335 2352 portasti,
2370 2284 2582 2339 nutristi
2619 2285 2945 2340 nutrientern
2994 2296 3127 2341 nutu
3182 2302 3282 2343 suo
3319 2288 3445 2341 uni-

196 2341 295 2410 τὴν
348 2341 677 2413 οἰκουμένην
708 2341 948 2406 ἃπασαν,
1003 2344 1163 2415 ἁγνὴ,
1201 2340 1245 2413 ᾧ
1300 2345 1614 2417 ψάλλομενο
1669 2348 1773 2404 Τὸν

1873 2386 2093 2426 versum
2122 2382 2391 2427 terrarum
2425 2374 2610 2431 orbem
2638 2393 2653 2441 ;
2687 2376 2773 2431 cui
2806 2377 3085 2446 psallimus
3115 2395 3130 2433 :
3156 2377 3444 2433 Dominum

198 2432 401 2501 Κύριον
431 2433 669 2502 ὑμνεῖτε,
700 2433 769 2486 τὰ
790 2434 948 2504 ἔργα,
970 2438 1062 2490 καὶ
1092 2436 1432 2508 ὑπερυψοῦτε
1464 2439 1544 2503 εἰς
1566 2438 1771 2504 πάντας

1872 2460 2109 2530 laudate,
2142 2479 2327 2535 opera,
2358 2475 2409 2521 et
2436 2469 2837 2537 superexaltate
2865 2469 2918 2523 in
2944 2468 3126 2525 omnia
3160 2470 3380 2526 saecula.

195 2520 321 2583 τοὺς
347 2519 572 2583 αἰῶνας.
862 2552 867 2559 ν

271 2612 518 2681 Μωῦσῆς
550 2613 873 2697 κατενόησεν
900 2616 958 2670 ὲν
987 2616 1134 2688 βάτῳ
1175 2618 1235 2671 τὸ
1280 2618 1423 2689 μέγα
1476 2622 1771 2693 μυστήριον

1941 2640 2156 2714 Moyses
2201 2644 2468 2703 intellexit
2524 2647 2578 2702 in
2626 2662 2765 2703 rubo
2808 2663 3063 2718 magnum
3119 2650 3439 2722 mysterium

194 2700 285 2753 τοῦ
317 2702 481 2754 τόκου
511 2719 607 2756 σου
627 2720 642 2736 ·
675 2704 864 2768 παῖδες
894 2707 1298 2778 προεικόνησαν
1324 2708 1484 2762 τοῦτο
1540 2712 1772 2782 ἐμφανέα

1870 2700 2059 2803 partus
2090 2736 2167 2791 tui
2201 2740 2396 2808 :pueri
2426 2740 2848 2809 praeﬁgurarunt
2900 2700 3035 2795 illud
3097 2700 3444 2813 apertissime

196 2809 368 2845 στατα
404 2795 570 2862 μέσον
604 2796 773 2866 πυρὸς
829 2798 1129 2869 ἱστάμενοι,
1175 2801 1273 2853 καὶ
1315 2802 1390 2873 μὴ
1426 2802 1767 2874 φλεγόμενοι,

1872 2834 2079 2882 stantes
2111 2828 2164 2882 in
2186 2829 2367 2884 medio
2398 2830 2540 2901 ignis
2578 2832 2698 2886 sine
2728 2832 2835 2884 ulla
2896 2832 3154 2900 Iresione;
3203 2837 3344 2888 unde
3370 2842 3443 2898 te,

194 2887 439 2958 ἀκήρατε
466 2888 597 2957 ἁγία
640 2889 881 2961 Παρθένε
902 2907 915 2922 ·
936 2891 1058 2946 ὅθεν
1080 2910 1140 2945 σε
1165 2893 1440 2965 ὑμνοῦμεν
1463 2897 1543 2960 είς
1566 2896 1771 2961 πάντας

1873 2918 2097 2989 oVirgo
2154 2921 2408 2977 inviolata
2465 2939 2532 2979 ac
2581 2935 2794 2990 sancta,
2832 2926 3116 2981 laudamus
3154 2925 3210 2981 in
3259 2928 3444 2981 omnia

193 2982 313 3043 τοὺς
343 2982 569 3046 αἰῶνας.
1631 3041 1635 3044 .

510 3000 569 3046 ίςο
1631 3041 1635 3044 ~
1871 3011 2088 3066 saecula.

261 3074 327 3125 Οί
368 3074 557 3146 πρώην
581 3079 762 3150 ἀπάτῃ
785 3079 1165 3150 γυμνωθέντες
1213 3081 1406 3153 στολὴν
1459 3081 1765 3155 ἀφθαρσίας,

1946 3102 2196 3159 Versutia
2227 3105 2399 3163 hostis
2419 3119 2576 3163 antea
2607 3110 2815 3174 nudati,
2850 3111 2987 3166 stola
3019 3110 3442 3166 immortalitatis

193 3162 521 3237 ἐνεόύθημεν
537 3172 602 3239 τῇ
632 3171 900 3243 κυοφορίᾳ
923 3189 1039 3241 σου,
1067 3173 1163 3225 καὶ
1197 3173 1247 3226 οί
1304 3174 1659 3246 καθεζόμενοι
1712 3176 1771 3229 ὲν

1876 3193 2049 3249 induti
2079 3213 2271 3254 sumus
2326 3208 2482 3268 partu
2510 3209 2646 3256 tuo:
2695 3210 2750 3257 et
2778 3217 2902 3256 cum
2944 3201 3257 3258 sederemus
3279 3203 3331 3257 in
3362 3211 3442 3257 tc-

197 3258 377 3309 εκότει
416 3260 831 3329 παριπτώσεων
882 3262 997 3330 φῶς
1042 3266 1535 3333 κατωπτεύσαμεν,
1594 3267 1768 3334 φωτὸς

1871 3287 2054 3342 nebris
2102 3299 2469 3358 peccatorum,
2538 3292 2720 3347 lumen
2787 3295 3137 3364 aspeximus,
3170 3310 3203 3349 o
3240 3295 3440 3364 puella,

194 3354 634 3422 κατοικητήριον,
664 3354 816 3425 Κόρη
835 3370 849 3386 ο
875 3355 997 3408 ὅθεν
1035 3373 1093 3408 σε
1128 3356 1405 3429 ὑμνοῦμεν
1437 3361 1517 3423 είς
1561 3360 1767 3425 πάντας

1870 3377 2091 3435 luminis
2129 3380 2537 3438 habitaculum:
2578 3399 2750 3455 quare
2799 3394 2851 3440 te
2888 3385 3174 3442 laudamus
3226 3388 3279 3441 in
3319 3403 3441 3442 om-

193 3442 314 3503 τοὺς
340 3441 569 3506 αἰῶνας.

1871 3472 1958 3526 nia
1993 3474 2212 3529 saecula.

258 3532 469 3603 Νεκροί
490 3534 579 3588 διὰ
616 3535 708 3589 σοῦ
757 3536 1175 3601 ζωοποιοῦνταιο
1208 3540 1354 3613 ζωὴν
1402 3541 1510 3614 γάρ
1565 3542 1664 3614 τὴν
1684 3544 1768 3597 ἐν·

1940 3562 2284 3620 Suscitautur
2312 3582 2407 3638 per
2430 3575 2479 3621 te
2504 3568 2570 3623 ad
2618 3569 2782 3623 vitam
2818 3569 3063 3637 mortui’;
3102 3572 3265 3626 vitam
3293 3572 3438 3628 enim

192 3625 495 3679 υπὸστατον
529 3628 788 3699 ὲκύησαςο
818 3630 1033 3685 εῦλαλοι
1058 3634 1108 3685 οί
1132 3632 1319 3687 άλαλοι
1342 3634 1535 3706 πρώην
1551 3653 1769 3706 χρημα-

1869 3660 2258 3715 subsistentem
2301 3661 2558 3730 peperisti
2589 3678 2602 3713 :
2646 3661 2868 3717 facundi
2902 3662 3038 3718 ﬁunt
3066 3679 3130 3719 ac
3161 3664 3374 3727 diserti,
3406 3668 3437 3721 ii

190 3715 459 3782 τίζοντες,
492 3718 685 3790 λεπροὶ
715 3721 1201 3793 ἀποκαθαίρονται,
1261 3725 1407 3779 νόσοι
1457 3726 1763 3792 διώκονται,

1869 3753 1959 3823 qui
1980 3754 2143 3823 paulo
2158 3760 2284 3806 ante
2307 3752 2453 3822 loqui
2481 3753 2794 3808 nesciebant
2818 3771 2833 3809 :
2860 3755 3059 3825 leprosi
3084 3759 3438 3820 mumlantur,

191 3809 520 3878 πνευμάτων
545 3813 744 3883 άερίων
771 3814 840 3867 τὰ
860 3813 1039 3885 πλήθη
1073 3816 1356 3888 ἥττηνται,
1380 3818 1621 3890 Παρθένε
1638 3818 1766 3891 βρο-

1868 3847 2046 3901 morbi
2078 3846 2441 3915 depelluntur,
2472 3860 2757 3901 aereorum
2793 3847 3083 3916 spirituum
3110 3850 3319 3919 multipl
3344 3866 3433 3905 ονε

189 3902 296 3951 τῶν
327 3902 365 3971 ή
400 3903 666 3972 σωτηρία.

1683 4002 1692 4006 _
1868 3938 2041 3993 turba:
2078 3937 2303 3991 devicta:
2326 3947 2474 4001 sunt,
2498 3951 2532 3991 ο
2571 3936 2734 4006 Virgo
2764 3937 2912 3991 salus
2938 3938 3240 3991 hominum.

269 3991 334 4043 Ἦ
354 3993 542 4063 κόσμῳ
562 3996 796 4049 τεκοῦσα
819 3999 1115 4070 σωτηρίαν,
1129 3999 1197 4053 δι’
1211 3995 1278 4073 ἦς
1290 4001 1397 4054 άπὸ
1416 4002 1519 4072 γῆς
1536 4004 1617 4066 εἰς
1633 4002 1768 4071 ὕψος

1940 4028 2245 4083 lnnumeris
2273 4028 2741 4083 benedictionibus
2764 4030 3061 4093 cumulata,
3092 4046 3213 4099 qua:
3236 4031 3439 4084 mundo

189 4082 459 4153 ἧρθημεν,
492 4088 722 4156 χαίροις,
774 4091 1198 4163 παντευλόγητε,
1271 4093 1449 4165 σκέπη
1488 4095 1583 4146 καὶ
1634 4112 1767 4165 κρα-

1867 4120 2096 4175 salutem
2126 4118 2408 4189 peperisti,
2454 4134 2550 4188 per
2579 4134 2744 4188 quam
2796 4134 2826 4173 a
2886 4129 3029 4175 terra
3095 4082 3148 4175 iii
3207 4121 3439 4176 sublime

190 4176 430 4246 ταίωμα,
484 4180 659 4249 τεῖχος
710 4184 805 4235 καὶ
861 4182 1127 4254 ὀχύρωμα
1198 4183 1306 4237 τῶν
1363 4184 1765 4255 μελῳδούντων,

1866 4209 2056 4264 elevati
2086 4224 2294 4273 sumus,
2328 4209 2519 4278 gaude,
2553 4224 2586 4263 ο
2610 4218 2757 4264 casta
2806 4211 3091 4280 protectio,
3150 4222 3204 4266 et
3250 4213 3435 4279 robur,

188 4266 324 4337 ἁγνή
359 4283 373 4296 ⁸
406 4269 507 4321 Τὸν
541 4270 744 4340 Κύριον
773 4274 1104 4343 ὑμνεῖτε,τὰ
1124 4276 1284 4347 ἔργα,
1317 4276 1410 4329 καὶ
1425 4276 1766 4347 ύπερυψοῦτε

1866 4316 2058 4356 murus
2087 4311 2140 4356 et
2166 4301 2447 4356 munimen
2485 4301 2839 4357 canentium:
2882 4302 3166 4356 Dominum
3201 4302 3436 4369 laudate,

188 4358 265 4421 είς
301 4360 513 4422 πάντας
542 4363 666 4424 τοὺς
696 4364 920 4428 αἰῶνας,

1867 4408 2055 4464 opera,
2089 4401 2143 4448 et
2172 4392 2571 4464 superexaltate
2604 4395 2659 4447 in
2686 4394 2866 4448 omnia
2905 4394 3122 4449 saecula.
3218 4438 3225 4448 .

774 4513 786 4524 -
828 4499 951 4570 ’ῼδὴ
986 4500 1051 4555 θ’.
1794 4542 1840 4599 D

1794 4542 1840 4599 ι)
2531 4502 2642 4558 Ode
2659 4502 2713 4559 9.

256 4630 385 4683 Ἵνα
418 4647 501 4685 σοι
536 4635 717 4687 πιστοὶ
741 4636 801 4689 τὸ
834 4639 1011 4707 Χαῖρε
1035 4642 1434 4714 κραυγάζωμεν
1464 4647 1511 4699 οί
1557 4645 1647 4700 διὰ
1671 4649 1766 4702 σοῦ

1937 4638 1981 4694 Ο
2015 4640 2219 4708 Puella,
2271 4649 2331 4696 ut
2366 4640 2462 4696 tibi
2497 4639 2681 4694 Gaude
2725 4641 3024 4696 clamemus
3074 4658 3171 4695 nos
3233 4641 3436 4705 ﬁdeles,

186 4721 285 4791 τῆς
318 4724 497 4793 χαρᾶς
526 4725 742 4795 μέτοχοι
770 4730 1050 4799 γενόμενοι
1082 4734 1177 4803 τῆς
1203 4735 1395 4802 ἀϊδίου,
1435 4737 1595 4807 ῥῦσαι
1622 4740 1764 4809 ἡμᾶς

1868 4734 1961 4802 qui
1999 4741 2172 4803 perte
2226 4733 2409 4805 gaudii
2452 4733 2746 4805 participes
2804 4733 2929 4789 facti
2994 4750 3205 4800 sumus,
3260 4733 3438 4792 libera

194 4815 529 4884 πειρασμοῦ,
563 4816 907 4891 βαρϐαρικῆς
946 4823 1222 4892 ἁλώσεως,
1257 4828 1352 4880 καὶ
1376 4829 1558 4901 πάσης
1602 4831 1768 4902 άλλης

1870 4838 1972 4879 nos
2019 4838 2049 4877 a
2079 4826 2302 4893 perenni
2349 4826 2671 4890 tentatione,
2710 4841 2740 4880 a
2772 4826 3125 4881 barbarorum
3160 4843 3437 4897 expugnao

191 4905 407 4995 τληγῆς
458 4905 547 4959 διὰ
597 4908 821 4977 πλῆθος,
845 4913 1020 4984 Κόρη,
1048 4918 1464 4987 παραπτώσεων
1510 4921 1769 4995 ἐπιούσης

1868 4913 2039 4979 tione,
2074 4924 2126 4970 et
2158 4916 2227 4969 ab
2258 4918 2406 4971 omni
2455 4918 2560 4973 alia
2603 4920 2778 4989 plaga,
2808 4933 2928 4989 qua:
2948 4927 3165 4989 propter
3194 4921 3440 4973 multitu-

188 4991 403 5064 βροτοῖς
464 4995 776 5066 άμαρτάνου
786 5015 887 5053 σιν.
1725 4991 1736 4995 ⁷

1871 5006 2051 5061 dinem
2076 5017 2451 5078 peccatorum,
2485 5010 2807 5064 mortalibus
2854 5011 3208 5080 peccantibus
3274 5012 3437 5068 adve-

1872 5100 1985 5153 nire
2013 5102 2169 5156 solet.

261 5171 476 5241 Ὠφθης
504 5175 782 5245 φωτισμὸς
826 5178 858 5249 ἡ
869 5177 984 5247 μῶν
1016 5184 1109 5233 καὶ
1132 5181 1447 5251 βεϐαίωσις,
1476 5184 1597 5239 ὅθεν
1631 5184 1769 5255 βοῶ-

1943 5189 2382 5246 Stabilimentum
2413 5199 2465 5246 et
2510 5191 2836 5246 illuminatio
2902 5202 3086 5247 nostra
3129 5192 3269 5249 facta
3337 5209 3432 5249 es:

188 5262 287 5330 μέν
319 5278 440 5314 σοι’
479 5265 673 5336 Χαῖρε,
705 5266 903 5339 ἄστρον
957 5271 1152 5325 ἄδυτον
1186 5274 1403 5343 εἰσάγον
1455 5276 1644 5347 κόσμῳ
1677 5277 1766 5332 τὸν

1869 5294 2039 5349 quare
2068 5280 2133 5332 ad
2164 5279 2273 5351 34
2304 5288 2356 5334 te
2379 5280 2714 5336 clamamus:
2759 5280 2966 5347 Gaude,
2995 5292 3200 5337 astrum
3230 5283 3436 5337 inocci-

186 5355 365 5424 μέγαν
383 5358 536 5428 ἥλιον
552 5373 564 5386 ·
587 5362 767 5430 χαῖρε,
788 5360 948 5431 Ἐδὲμ
965 5362 1222 5430 ᾀνοίξασα
1241 5365 1338 5436 τῆν
1351 5368 1761 5438 κεκλεισμένην,

1870 5371 2060 5436 duum,
2117 5373 2267 5441 quod
2344 5371 2547 5425 mundo
2629 5388 2885 5443 magnum
2944 5374 3110 5429 solem
3173 5374 3434 5439 attulisti;

182 5448 324 5517 άγνή
354 5467 367 5479 ο
392 5454 572 5520 χαῖρε,
603 5452 761 5505 στύλε
797 5453 991 5523 πύρινε
1019 5456 1313 5525 εἰσάγουσα
1372 5460 1452 5523 εἰς
1509 5460 1606 5530 τὴν
1650 5460 1760 5514 άνω

1879 5462 2076 5532 gaude,
2102 5476 2135 5515 o
2162 5470 2332 5527 casta,
2356 5477 2479 5531 quae
2511 5463 2823 5531 paradisum
2844 5462 3008 5519 Edem
3036 5464 3279 5519 clausum
3313 5480 3440 5535 ape-

183 5539 329 5612 ζωην
357 5542 417 5594 τὸ
446 5543 783 5613 ἀνθρώπινον
806 5548 982 5616 γένος.

1881 5553 2036 5609 ruisti
2064 5570 2078 5620 ;
2110 5554 2307 5624 gaude,
2340 5554 2593 5609 columna
2621 5556 2798 5626 ignea,
2834 5572 2954 5626 qua:
2997 5557 3293 5612 humanum
3345 5574 3439 5630 ge-

1878 5661 1982 5701 nus
2011 5646 2064 5700 in
2096 5661 2390 5716 supernam
2428 5647 2591 5701 vitam
2626 5647 2993 5703 introduxisti.

252 5717 481 5789 Στῶμεν
515 5710 759 5788 εὐλαϐῶς
804 5726 862 5779 ὲν
894 5727 1027 5798 οἴκῳ
1076 5728 1211 5783 Θεοῦ
1270 5730 1427 5801 ἡμῶν
1458 5733 1552 5784 καὶ
1574 5732 1767 5803 £7.60!)-

1947 5736 2010 5791 Et
2040 5737 2289 5808 religiose
2319 5747 2527 5795 stemus
2554 5739 2609 5793 in
2646 5738 2812 5795 domo
2839 5740 2932 5795 Dei
2957 5743 3150 5807 nostri,
3210 5752 3265 5797 et
3325 5745 3440 5795 clu-

183 5826 405 5876 σο-›μεν’
438 5816 842 5887 Χαῖρε,κόσμου
871 5821 1166 5894 Δέσποινα·
1201 5826 1379 5896 χαῖρε,
1413 5825 1621 5896 Μαρία,
1654 5827 1761 5880 Κυ-

1876 5843 2125 5897 metnus;
2171 5829 2380 5898 Gaude,
2412 5832 2600 5888 mundi
2642 5833 2825 5902 regina
2856 5850 2871 5900 ;
2897 5836 3088 5905 gaude,
3119 5835 3282 5892 Maria
3317 5851 3436 5893 om-
