3996 6634
230 402 368 509 102s

1636 434 2001 501 MARIALE.

3331 429 3476 499 1030

226 562 374 634 πάθη
413 557 691 631 ὠλίσθησα
727 556 975 631 Χαλεπά⁹
1003 556 1085 612 διό
1124 574 1205 625 σε,
1238 555 1373 612 Θεοῦ
1409 555 1525 623 ναὲ,
1558 554 1807 619 ἱκετεύω,
1838 572 1843 619 ;

1952 570 2035 611 ειη
2066 550 2313 621 ell'ectus,
2344 551 2650 608 voluntarie
2678 551 2731 607 in
2762 551 3173 609 molestissimas
3197 555 3484 623 passiones

226 652 520 718 Δέσποινα,
549 649 736 720 βοήθει
763 666 879 719 μοι.

298 822 523 887 Παστὰς
544 820 756 893 Κυρίου
782 814 1042 890 ὲκλεκτὴ,
1074 817 1327 890 οὐρανίου
1358 815 1629 880 παστάδος
1651 816 1805 886 ποίη-

231 916 325 970 σόν
396 932 464 985 με
490 913 828 983 κληρονόμον
857 913 949 965 τὸν
966 914 1034 982 τῇ
1068 906 1189 983 θείᾳ
1232 925 1329 963 σου
1384 908 1586 980 σκέπῃ,
1627 908 1703 971 ὡς
1749 909 1807 960 ὲν

229 1005 466 1062 παστάδι
510 1004 683 1074 σεπτῇ
730 1001 854 1057 καθ’
884 1001 1125 1073 ἑκάστην
1174 999 1411 1072 πύθῳσε
1454 998 1805 1069 γεοαίροντα.

910 1188 1034 1261 ᾭδὴ
1054 1188 1117 1244 δ’.

314 1281 576 1347 Ῥανίσιν,
600 1281 857 1352 άχραντε,
885 1280 1125 1349 πλευρᾶς
1153 1278 1246 1332 τοῦ
1277 1278 1437 1330 τόκου
1475 1292 1569 1329 σου
1583 1273 1690 1327 τῶν
1704 1291 1809 1327 πα-

158 1426 177 1441 ,
232 1375 342 1429 θῶν
375 1392 476 1445 μου
496 1373 589 1427 τὸν
620 1372 792 1442 ρὖον
824 1372 917 1426 καὶ
950 1373 1074 1433 τοὺς
1093 1369 1298 1432 δεινοὺς
1324 1365 1543 1429 σπίλους
1560 1368 1660 1438 τῆς
1674 1381 1808 1435 καρ-

229 1468 349 1531 δίας
382 1481 482 1537 μου
519 1464 933 1537 ἑναποκάθαρον
954 1504 969 1530 ,
1022 1463 1185 1533 άγνὴ,
1225 1462 1321 1515 κα)⁵
1353 1459 1494 1531 φωτί
1526 1476 1620 1513 σου
1646 1475 1812 1511 κατα-

231 1561 574 1649 “eremi:

440 1649 466 1693 ς
500 1628 689 1684 εὐθεῖά
724 1644 835 1698 μοι,
888 1626 1007 1691 ὁδὸς
1032 1626 1328 1695 εἰσάγουσα
1367 1623 1641 1695 σωτηρίας
1676 1622 1813 1693 πρὸς

232 1722 456 1794 τρίδους
502 1720 661 1792 ήτὴν
706 1719 826 1774 ὁδὸν
886 1716 1090 1784 τέξασα
1128 1715 1813 1789 γενήθητι,άποπλανήσει

233 1814 453 1885 πονηρᾷ
479 1815 583 1868 καθ
600 1815 614 1835 ’
640 1814 880 1884 ἑκάστην
905 1810 1284 1867 ὀλισθαίνοντι.

1908 646 2193 716 prolapsus
2224 662 2368 701 sum.
2423 644 2715 714 Propterea
2756 644 2984 723 supplex
3026 661 3164 717 rogo
3205 656 3277 711 te,
3306 661 3340 703 ο
3376 647 3485 701 Do-

1906 739 2077 800 mina,
2104 753 2223 808 quae
2250 753 2309 793 es
2339 737 2599 808 templum
2633 734 2746 802 Dei,
2780 736 2976 805 adjuva
3011 752 3117 791 me.

1978 826 2140 900 Regis
2169 827 2383 883 Domini
2412 828 2685 884 thalamus
2718 827 2942 893 electus,
2974 826 3061 883 fac
3112 842 3199 884 me
3248 828 3485 885 cmlestis

1908 920 2133 974 thalami
2203 930 2514 976 consortem
2578 919 2761 974 divina
2818 919 3156 989 protectione
3208 929 3341 986 tua;
3383 934 3485 991 ego

1909 1011 2110 1080 quippe
2152 1010 2205 1066 in
2239 1018 2473 1082 augusto
2501 1009 2742 1066 thalamo
2766 1008 3016 1082 quotidie
3049 1024 3174 1065 cum
3204 1010 3404 1067 all‘ectu
3429 1021 3482 1067 te

1909 1102 2142 1156 honoro.

2584 1190 2698 1247 Ode
2739 1194 2794 1248 4.

1980 1283 2261 1351 Ahsterge,
2297 1296 2331 1337 o
2364 1281 2716 1338 immaculata
2760 1292 2815 1340 et
2886 1292 3043 1353 pura,
3072 1283 3186 1355 (40)
3238 1282 3404 1354 guttis
3458 1297 3491 1337 e

1911 1374 2081 1430 latere
2118 1372 2242 1429 Filii
2301 1373 2379 1427 tui
2440 1374 2817 1439 manantibus,
2884 1376 3076 1431 sordes
3134 1374 3487 1431 aﬂ‘ectionum

1912 1480 2179 1533 mearum,
2212 1472 2265 1521 et
2290 1464 2562 1536 pessimas
2587 1466 2832 1522 maculas
2858 1464 3040 1524 cordis
3073 1467 3221 1535 mei;
3262 1475 3317 1523 et
3358 1468 3482 1523 luce

1913 1567 2005 1613 tua
2031 1558 2241 1613 illustra
2262 1572 2371 1613 me.

1986 1649 2074 1704 Sis
2104 1649 2261 1715 mihi,
2288 1657 2366 1715 tu,
2393 1663 2517 1720 qua:
2538 1648 2680 1704 viam
2728 1650 2901 1721 ipsam
2955 1650 3237 1722 peperisti,
3265 1651 3351 1705 via
3412 1666 3495 1706 re-

1915 1749 2001 1798 cta
2026 1758 2040 1809 ;
2074 1741 2159 1796 via
2190 1757 2311 1811 quae
2340 1740 2575 1797 deducat
2605 1757 2692 1797 me
2714 1742 2768 1796 in
2793 1743 3018 1799 semitas
3047 1744 3347 1810 salutares;
3366 1758 3493 1799 nam

1917 1835 2160 1906 quotidie
2185 1849 2373 1890 errore
2403 1835 2548 1890 malo
2574 1835 2854 1905 prolabor.

307 1907 553 1975 Σταγόνα
579 1905 842 1978 ὄμϐρισον
880 1907 938 1960 ὲν
960 1908 1027 1977 τῇ
1065 1902 1264 1975 καρδίᾳ
1292 1920 1394 1974 μου
1446 1898 1813 1964 κατανύξεως,

1988 1927 2219 1984 Eﬂ‘unde
2276 1929 2451 1986 stillas
2498 1929 2935 2002 compunctionls
2981 1931 3035 1986 in
3080 1930 3245 1987 corde
3298 1945 3495 1998 meo,o

236 1998 413 2070 Κόρη,
444 2000 477 2069 ἡ
509 1999 610 2067 τὴν
635 1998 821 2069 πηγὴν
852 1995 955 2068 τῆς
985 1996 1132 2068 ζωῆς
1161 1995 1434 2066 κυήσασα,
1478 1994 1577 2056 τὰς
1602 1989 1817 2062 διεκχύ-

236 2104 354 2153 σεις
382 2088 492 2142 τῶν
546 2087 697 2159 ἐμῶν
750 2076 1118 2158 παθημάτων
1156 2084 1577 2139 άναστέλλουσα.

321 2181 482 2250 ’Δγία
500 2180 788 2247 Δέσποινα,
818 2182 910 2234 τὸν
936 2179 1236 2250 ὑπεράγων
1266 2180 1301 2250 ἡ
1332 2178 1588 2249 κυήσασα
1626 2176 1817 2245 Λόγον,

235 2273 514 2344 ἁγιασμδν
544 2274 611 2345 τῇ
637 2273 783 2345 ψυχῇ
811 2290 912 2344 μου
946 2271 1212 2343 δώρησαι,
1252 2272 1348 2325 καὶ⁵
1372 2267 1668 2341 τρικυμίας
1695 2284 1819 2321 πει-

240 2365 596 2437 ρασμῶνθτὴν
616 2365 764 2438 ζωήν
791 2383 893 2438 μου
919 2364 1305 2438 ὲλευθέρωσον.

901 2551 1035 2622 ’ῼδὴ
1068 2558 1133 2608 ε’.

313 2663 478 2717 Ξένον
506 2664 582 2728 ὡς
613 2664 851 2735 ἔσχηκας
904 2671 1161 2747 τοκετρν,
1216 2666 1365 2733 ξένον
1411 2683 1479 2739 με
1536 2666 1827 2737 γενόμενον

243 2756 386 2810 Θεοῦ
404 2757 473 2811 δι’
487 2758 762 2830 ἁμαρτίας
790 2759 1094 2827 οίκείωσον,
1130 2761 1361 2827 ξένωσον
1395 2762 1458 2814 ἐκ
1486 2760 1709 2831 ταύτης,
1734 2758 1828 2813 καὶ

241 2848 327 2921 τῷ
350 2849 657 2922 οίκτίρμονι
687 2851 991 2919 οίκείωσον,
1028 2852 1296 2923 Παρθένε,
1325 2854 1390 2923 τῇ
1427 2854 1676 2924 μεσιτείᾳ
1709 2869 1824 2910 σου.

335 3120 425 3183 Ὠς
456 3120 583 3192 ὅρος
603 3121 772 3176 πάλαι
802 3122 1073 3193 σεΔανιὴλ
1106 3121 1318 3193 βλέπει,
1344 3122 1634 3196 τηλαυγῶς
1678 3144 1830 3198 -μαρ-

1918 2018 2123 2084 Puella,
2165 2035 2288 2090 quas
2336 2018 2540 2076 fontem
2573 2020 2695 2075 vitae
2742 2019 3024 2090 peperisti,
3076 2029 3133 2075 et
3179 2019 3495 2088 passionum

1919 2125 2163 2166 mearum
2192 2111 2492 2167 eﬂ'usiones
2521 2126 2831 2182 compesce.

1990 2202 2133 2258 Nulli
2155 2204 2442 2260 sanctitate
2473 2205 2711 2259 secunda
2739 2203 2967 2258 Domina
2999 2202 3134 2274 (41),
3178 2218 3301 2274 quae
3347 2202 3497 2258 omni

1921 2294 2210 2349 sanctitate
2236 2295 2490 2364 superius
2516 2293 2749 2350 Verbum
2793 2294 3070 2365 peperisti,
3110 2295 3497 2349 sanetillcatio~

1924 2401 2045 2439 netu
2105 2385 2306 2455 largire
2345 2386 2454 2457 36
2476 2386 2671 2441 animae
2731 2401 2886 2453 meae,
2944 2393 3000 2442 et
3057 2401 3089 2441 a
3133 2385 3497 2441 tentationum

1925 2478 2178 2547 procellis
2207 2478 2375 2533 libera
2404 2479 2572 2533 vitam
2622 2494 2820 2534 meam.

2592 2567 2707 2624 Ode
2727 2568 2782 2623 5.

1998 2683 2141 2754 Ipsa.
2169 2696 2288 2755 quae
2318 2692 2529 2755 partum
2562 2682 2909 2755 peregrinum
2945 2683 3206 2746 habuisti,
3230 2692 3314 2737 me
3339 2681 3501 2735 a'Deo

1927 2780 2274 2850 peregrinum
2297 2779 2572 2845 eﬂectum,
2633 2793 2699 2834 eo
2743 2778 2887 2848 quod
2913 2780 3117 2847 peccati
3169 2775 3503 2831 domesticus

1928 2865 2148 2932 luerim,
2182 2867 2249 2921 ah
2280 2868 2468 2921 eodem
2502 2876 2727 2938 peccato
2786 2865 3128 2935 peregrinum
3187 2862 3351 2916 redde
3400 2879 3415 2927 ;
3450 2870 3506 2915 et

1932 2960 2271 3013 misericordi
2305 2975 2392 3014 me
2418 2960 2781 3015 domesticum
2820 2956 2990 3022 ellicc,
3018 2972 3051 3010 o
3074 2955 3261 3024 Virgo,
3297 2953 3504 3007 media-

1932 3050 2080 3104 tione
2110 3060 2224 3105 tua.

2005 3138 2160 3195 Sicut
2186 3150 2425 3193 montem
2452 3140 2592 3194 vidit
2619 3150 2673 3193 te
2728 3138 2857 3193 olim
2917 3135 3137 3199 Daniel,
3176 3133 3509 3203 virginitatis

251 3216 533 3284 μαρυγαίς
563 3214 663 3284 τῆς
686 3213 985 3285 παρθενίας
1004 3215 1413 3285 ὲκλάμπουσαν,
1445 3216 1504 3284 ἐξ
1530 3211 1591 3272 οὗ
1612 3218 1823 3291 ἐτμήθη

1952 3232 2097 3285 ηαάἱίε
2134 3231 2415 3301 splendide
2446 3238 2854 3295 coruscantem,
2884 3243 2918 3282 ο
2945 3236 3057 3284 tota
3107 3226 3453 3281 immaculata
3486 3244 3503 3282 :

249 3305 400 3368 λίθος
449 3305 771 3376 συντρίϐων,
818 3305 1083 3376 πάναγνε,
1119 3306 1185 3361 τὰ
1230 3307 1421 3362 εἴδωλα
1442 3308 1543 3380 τῆς
1588 3309 1796 3384 πλάνης

251 3397 438 3452 σθένει
458 3396 725 3470 θεότητος.

1930 3337 1998 3376 ex
2031 3337 2142 3392 quo
2173 3323 2456 3377 abscissus
2486 3332 2569 3376 est
2603 3322 2765 3391 lapis,
2795 3321 2888 3392 qui
2927 3318 3126 3375 robore
3180 3318 3505 3393 divinitatis,

1896 3420 1901 3423 ‘
1931 3414 2140 3468 erroris
2180 3414 2473 3469 simulacra
2510 3414 2786 3469 contrivit.

325 3489 782 3546 Truculentorum
802 3491 1076 3547 latronum
1102 3492 1479 3551 invasiouibus
1508 3497 1816 3555 sauciatum
1858 3500 1911 3556 in
1938 3507 2148 3570 anima,
2177 3515 2231 3561 et
2256 3507 2674 3563 semimortuum
2734 3510 2790 3563 in
2820 3508 2906 3563 via
2938 3504 3104 3577 huius
3120 3508 3268 3573 vitae,
3326 3506 3509 3579 gravi-

246 3598 363 3655 que
389 3584 447 3640 in
476 3584 790 3641 discrimine
824 3586 1081 3657 positum,
1123 3588 1284 3643 visita
1313 3603 1422 3653 me,
1479 3604 1514 3645 ο
1559 3588 1825 3648 Verbum.
1868 3602 2105 3667 peream
2136 3613 2258 3671 quae
2280 3600 2487 3669 peperit
2520 3609 2593 3655 te.

1004 3678 1126 3751 ᾮδὴ
1160 3679 1235 3745 ς’.

339 3769 407 3822 Ἠ
437 3768 633 3841 ῥάϐδος
666 3768 946 3841 ήέντιμος
985 3744 1420 3844 ἰι-βλαστήσασα
1482 3775 1616 3845 ἡμῖν
1672 3774 1831 3842 ξύλον
1928 3744 1931 3747 Δ

255 3860 407 3933 ζωῆς
431 3861 521 3915 τὸν
544 3860 771 3932 Κύριον,
801 3863 901 3933 τὴν
925 3864 1189 3937 ταπινὴν
1209 3863 1389 3936 ψυχήν
1408 3878 1511 3935 μου
1536 3864 1833 3937 φθοροποι-

256 3956 352 4017 ob;
386 3955 592 4019 ἑννοίας
625 3954 1027 4027 βλαστάνουσαν
1054 3956 1136 4029 τῷ
1183 3958 1404 4029 σταυρῷ
1438 3956 1535 4011 τοῦ
1566 3957 1698 4011 Υίοῦ
1732 3970 1829 4012 σου

257 4046 617 4120 άποκάθαρον
1086 4104 1101 4139 ἓ

334 4106 807 4213 Θηρὸςάμαρτίας
839 4159 930 4213 με,
957 4140 1031 4205 ὡς
1063 4106 1283 4209 sarcina;
1334 4143 1398 4196 ἐκ
1458 4144 1695 4215 γαστρὸς
1751 4144 1844 4197 τὸν

277 4232 491 4298 Ἰωνᾶν,
546 4233 781 4303 ἐξάγαγε
826 4237 944 4298 σαῖς
976 4235 1225 4302 ἱκεσίαις,
1259 4235 1422 4304 Λόγε,
1477 4235 1577 4306 τῆς
1638 4238 1695 4290 ὲν
1743 4252 1845 4304 γα-

266 4326 397 4395 στρὶ
425 4326 605 4395 ἁγνῶς
627 4326 957 4400 χωρησάσης
990 4344 1051 4382 σε
1079 4327 1170 4383 τὸν
1198 4327 1482 4400 ἀχώρητον
1510 4328 1689 4398 φύσει,
1743 4344 1846 4381 πο-

266 4415 476 4471 λυέλεε.

356 4506 719 4579 Ἐπλήθυναν,
743 4510 1008 4579 Δέσποτα,
1059 4510 1199 4584 ὑπὲρ
1244 4511 1427 4583 ἄμμον
1456 4510 1742 4566 θαλασσῶν
1777 4512 1846 4565 τά

2578 3691 2691 3747 Otle
2722 3692 2755 3746 6

2011 3780 2257 3837 Einunda
2283 3797 2445 3837 cruce
2473 3781 2593 3836 Filii
2621 3784 2697 3837 tui
2732 3782 3009 3836 infelicem
3038 3780 3276 3835 animam
3308 3794 3510 3843 meam,

1930 3870 2294 3941 cogitationes
2314 3872 2513 3926 noxias
2551 3871 2946 3941 pulluluutem,
2983 3886 3017 3925 ο
3066 3872 3220 3939 virga
3284 3885 3515 3925 venera-

1930 3961 2086 4026 ‘bilis,
2114 3972 2180 4016 ex
2206 3974 2322 4032 qua
2351 3963 2511 4017 nobis
2540 3963 2746 4033 lignum
2770 3964 2894 4018 vitae
2925 3963 3188 4018 Dominus
3238 3963 3517 4032 germina-

1938 4053 2043 4106 vit.

2012 4144 2092 4200 Me
2131 4160 2161 4200 a
2194 4145 2304 4200 fera
2344 4147 2576 4216 peccati,
2600 4157 2859 4218 tanquam
2883 4146 3080 4204 Jomm
3108 4165 3139 4204 a
3187 4162 3379 4207 ventre
3407 4150 3516 4206 ceti

1941 4240 2101 4304 educ,
2132 4253 2165 4292 ο
2216 4238 2475 4304 Verbum,
2534 4240 2702 4293 multa
2746 4241 3034 4310 praeditum
3116 4242 3517 4305 misericordia,

1942 4344 2041 4399 per
2072 4330 2517 4386 intercessionem
2552 4332 2719 4397 illius,
2775 4347 2897 4402 quae
2949 4341 3001 4387 te
3049 4333 3521 4403 incomprehensi-

1936 4419 2106 4474 -bilem
2135 4430 2349 4485 natura,
2372 4420 2423 4474 iu
2450 4436 2551 4476 suo
2585 4431 2740 4476 utero
2766 4422 3071 4476 castissime
3084 4422 3519 4491 comprehendit.

2023 4510 2071 4565 0
2103 4513 2349 4577 Domine,
2374 4512 2729 4583 multiplicata
2752 4520 2880 4568 sunt
2918 4527 3085 4583 super
3128 4527 3348 4566 arenam
3400 4527 3521 4565 Ina-

274 4599 493 4670 πονηρά
516 4573 626 4670 pou
682 4573 1004 4673 πταίσματα
1018 4618 1033 4634 ο
1083 4573 1179 4666 ὡς.
1218 4573 1558 4674 κεκτημένος
1611 4602 1843 4671 πέλαγος

1956 4603 2031 4657 ris
2066 4603 2301 4672 pes.~ima
2334 4573 2558 4674 peccata
2589 4620 2707 4659 mea
2735 4622 2748 4659 :
2793 4612 2873 4671 tu,
2907 4573 3167 4675 tauquam
3234 4602 3524 4674 possidens

347 4760 462 4830 (40)
508 4757 739 4830 Quando
802 4759 1016 4825 Patres,
1046 4768 1153 4830 _utﬁ
1191 4758 1455 4829 Origenes
1515 4758 1711 4813 llomil.
1740 4775 1753 4813 ι
1786 4759 1853 4813 de

271 4828 510 4885 diversis
547 4832 600 4884 in
647 4829 999 4895 Mattharum;
1037 4828 1095 4884 S.
1129 4828 1440 4885 Bernartius
1470 4846 1634 4885 serui.
1671 4830 1756 4894 l3,
1787 4830 1853 4883 de

272 4902 447 4956 Carna
502 4899 752 4967 Domini;
784 4899 842 4956 S.
889 4899 998 4956 Leo
1058 4916 1194 4971 papa
1243 4902 1403 4969 epist.
1438 4900 1527 4965 58,
1581 4901 1639 4953 S.
1690 4898 1849 4953 Joan.

277 4972 709 5042 Chrysostomus
773 4971 828 5024 in
891 4986 1015 5040 cap.
1064 4970 1123 5024 at
1161 4970 1327 5040 Epist.
1356 4971 1423 5025 ad
1452 4971 1751 5042 *llehrmos,
1801 4976 1855 5022 et

278 5040 406 5103 alii,
432 5041 709 5108 Christum
758 5049 956 5095 vocant
990 5042 1424 5105 immaculatum,
1462 5056 1568 5094 nou
1614 5040 1789 5094 solum
1822 5054 1852 5093 a

276 5110 505 5165 Christo
543 5122 824 5180 peccatum
866 5112 1076 5165 acluale
1104 5110 1422 5180 excludunt,
1456 5126 1640 5180 verum
1686 5112 1851 5163 etiam

283 5191 339 5235 et
371 5178 661 5245 originale,
693 5182 743 5235 id
778 5184 923 5250 quod
951 5196 1206 5250 expresse
1240 5179 1426 5250 docuit
1458 5178 1576 5233 Odo
1605 5180 1861 5250 Camera-

281 5252 468 5306 censis
495 5252 548 5305 in
589 5246 939 5321 Expositione
966 5246 1371 5314 Cduonis,dist.
1402 5250 1466 5321 A5,
1491 5250 1677 5321 dicens
1703 5263 1716 5299 :
1747 5246 1860 5321 Ha—

281 5322 450 5373 stiam
478 5318 901 5387 immaculatum,
924 5322 978 5374 id
1001 5332 1101 5385 est,
1132 5321 1248 5373 sine
1269 5319 1411 5372 omni
1436 5320 1643 5372 macula
1671 5318 1859 5387 culpat,

283 5400 467 5459 utpote
493 5401 735 5458 concepta
764 5404 810 5445 et
849 5401 974 5444 nata
999 5392 1111 5444 sine
1143 5398 1375 5459 peccato.
1408 5390 1605 5443 Eodem
1637 5403 1861 5457 prorsus

286 5462 454 5515 modo
484 5462 550 5515 de
582 5462 798 5530 Virgine
817 5460 1154 5516 censendum
1184 5476 1198 5511 :
1235 5474 1357 5513 nam
1401 5459 1859 5530 quemadmodum

286 5532 547 5585 Christus
570 5528 975 5586 non—diceretur
996 5545 1182 5584 revera
1210 5529 1594 5583 immaculatus
1618 5528 1864 5583 absolute

286 5610 342 5655 et
384 5602 729 5671 simpliciter,
762 5602 806 5655 si
839 5602 1059 5670 aliqum!
1091 5601 1403 5671 admisisset
1451 5606 1732 5671 peccatum
1760 5613 1867 5671 _ac-

291 5672 440 5726 tuale
464 5668 561 5724 aut
586 5672 871 5741 originale,
900 5668 1054 5741 teque
1087 5673 1267 5725 minus
1293 5668 1465 5739 Virgo
1516 5668 1867 5741 immaculata

297 5737 739 5819 nuncuparetur,
794 5737 864 5819 si
908 5737 1131 5819 aliquod
1192 5737 1524 5819 agnovisset.
1568 5737 1868 5819 Meritoque

294 5809 413 5865 Odo
442 5808 861 5867 cauteracensis
916 5808 1034 5867 loco
1068 5808 1251 5866 citato'
1282 5811 1475 5878 eodem
1498 5808 1670 5878 modo
1701 5824 1869 5878 copu-

292 5880 424 5939 lavit
450 5880 637 5937 Jesuin
661 5882 937 5938 Christum
960 5891 1014 5938 ct
1036 5880 1259 5939 Matrem
1278 5879 1397 5952 ejus
1414 5877 1467 5935 in
1490 5877 1870 5951 EIOgiOﬂOlDi-

1958 4760 2045 4815 nis
2094 4759 2430 4815 immaculati
2466 4759 2595 4814 dum
2648 4762 2815 4817 dixit:
2848 4761 2916 4815 ab
2960 4759 3306 4815 immaculata
3354 4756 3527 4814 Matre
3585 4764 3621 4817 ,ι’

1959 4841 2231 4899 sumptam
2259 4847 2379 4885 esse
2409 4833 2638 4885 hostiam
2671 4833 3097 4887 immaculatam.
3120 4830 3252 4886 Vide
3279 4828 3528 4886 Nierem-
3552 4846 3576 4871 η

1961 4900 2230 4970 bcrgium,
2266 4900 2318 4954 in
2350 4901 2773 4971 Exceptionibus
2795 4918 2913 4971 cap.
2945 4900 2999 4955 2.

2035 4930 2230 4970 ιδιυιιι,
2266 4930 2318 4954 ιιι
2350 4930 2773 4969 ιειλυιςμιιυιηυυδ
2795 4930 2913 4971 cap.
2949 4930 2999 4955 ιι.
3554 4930 3568 4961 Ὗ

2035 4973 2146 5041 (tl)
2174 4972 2287 5025 Hoc
2362 4969 2552 5040 Elogio
2645 4972 2929 5040 Deiparam
2998 4970 3272 5041 Virginem
3337 4983 3529 5041 omnes

1936 5039 2181 5101 .omniuo
2216 5051 2322 5095 tatu
2387 5042 2636 5095 homines
2666 5039 2827 5109 quam
2867 5039 3116 5109 angelos
3148 5040 3203 5092 in
3243 5039 3531 5109 sanctitate

1959 5112 2263 5165 execssisse
2310 5107 2696 5179 proclamavib
2728 5107 3020 5178 Iosephus,
3052 5114 3205 5179 quod
3257 5107 3529 5179 rverilieat'i

1958 5180 2269 5235 nullatenus
2314 5178 2503 5248 ’posscrt
2550 5188 2835 5234 contracto
2874 5188 3095 5247 peccato
3130 5178 3435 5248 originali;
3462 5192 3529 5230 ex

1960 5249 2060 5302 hac
2096 5250 2241 5319 enim
2288 5246 2436 5318 parte
2484 5250 2661 5317 angeli
2699 5260 2752 5304 et
2784 5246 3113 5319 protoplasti
3165 5249 3221 5301 in
3277 5246 3532 5317 paradiso

1958 5318 2215 5389 essentB.
2242 5319 2460 5388 Virgine
2476 5322 2798 5376 sanctiores.
2819 5318 2955 5374 Nam
2973 5321 3017 5375 si
3039 5318 3242 5389 primos
3260 5326 3530 5389 parentes,

1960 5388 2103 5460 quod
2140 5385 2680 5444 Vesscnt'huinanuui
2728 5404 2898 5460 genus
2948 5385 3318 5460 pro'pagaturi,
3354 5385 3530 5441 visum

1963 5456 2047 5513 est
2075 5456 2186 5512 Deo
2218 5460 2576 5513 sanctimonia
2605 5456 2829 5516 orna'tos
2880 5456 3148 5515 in'luceni
3179 5460 3411 5511 educere
3442 5466 3529 5524 (ex

1964 5529 2330 5599 communiot'i
2360 5529 2671 5597 sententia),
2696 5545 2764 5585 an
2782 5530 3236 5599 videriipsialiter
3264 5528 3440 5599 potuit
3465 5527 3534 5579 de

1967 5598 2069 5651 hac
2090 5598 2259 5653 altera
2285 5598 2394 5653 Eva
2422 5602 2733 5667 reparandae
2758 5602 2951 5656 salutis
2972 5598 3259 5670 adiutrice,
3277 5598 3535 5670 sociaque

1966 5669 2361 5738 ampliﬁcanda:
2422 5666 2747 5739 sanctitatis,
2776 5683 2829 5726 et
2886 5666 3267 5736 aliis'insigni
3323 5666 3534 5739 gloriis.

1966 5754 2090 5809 qua:
2106 5739 2447 5811 primigenia;
2475 5738 2614 5794 labis
2641 5742 2905 5811 probrum
2939 5749 3033 5811 aut
3059 5738 3351 5811 excludant
3376 5752 3538 5807 opor-

1969 5817 2066 5874 tet,
2097 5818 2193 5864 aut
2228 5810 2285 5879 in
2320 5809 2545 5864 dubium
2582 5809 2941 5868 revocentur?
2972 5810 3028 5866 Si
3061 5810 3238 5879 angeli
3293 5812 3344 5862 in
3407 5825 3537 5879 bat:

1970 5879 2158 5937 ctitate
2176 5894 2207 5935 a
2227 5878 2336 5938 Deo
2356 5880 2548 5951 creati,
2572 5896 2669 5936 cur
2691 5898 2796 5939 non
2822 5884 3075 5938 similiter
3088 5875 3278 5935 eorum
3298 5875 3542 5949 Regina?
