3996 6596
481 384 503 448 1
515 384 619 448 035

544 607 679 660 Tota
716 614 869 670 pura,
893 591 1137 648 diseinde
1174 585 1470 657 pessimum
1501 585 1844 649 peccatorum
1894 582 2046 623 meo-

480 714 595 750 rum
618 657 1038 759 chirographum
1062 679 1241 732 divina
1270 676 1478 733 lancea.
1504 683 1627 738 quae
1650 662 1877 735 pupugit
1907 657 2045 713 divi-

482 803 610 843 nnm
635 788 775 839 Iattts
804 781 971 840 illius,
1002 776 1094 844 qui
1121 787 1186 825 ex
1213 779 1282 832 te,
1306 782 1338 821 ο
1374 764 1555 832 Virgo,
1580 806 1583 811 .
1608 761 1770 814 homo
1800 753 1912 809 ﬁeri
1962 758 2046 806 at-

483 897 589 951 que
618 879 757 931 inter
787 870 1038 927 homines
1066 860 1273 919 versari
1331 854 1525 919 voluit,
1580 861 1635 906 et
1687 860 1932 920 precare,
1988 849 2049 896 ut

1322 950 1329 951 γ
1435 946 1446 951 -
1622 942 1634 951 -
1790 945 1799 951 .
1948 931 2020 951 --.

482 942 581 1041 ego
621 987 649 1023 a
679 969 787 1020 Deo
818 976 912 1032 per
941 971 1117 1014 meam
1172 946 1538 1019 insipientiam
1589 942 1896 1010 elongatus,

487 1064 782 1119 vandorum
820 1057 959 1110 libro
980 1049 1244 1106 ascribar.

554 1148 887 1220 Indulgentia
921 1146 1140 1214 dignum
1171 1154 1258 1194 me
1308 1135 1417 1199 fac,
1450 1147 1482 1186 0
1514 1128 1720 1201 puella,
1766 1122 1861 1193 qui
1887 1118 2049 1175 vehe-

485 1254 694 1302 menter
743 1252 931 1311 pecco,
957 1244 1010 1289 et
1042 1235 1094 1287 in
1127 1229 1313 1301 gravia
1333 1225 1532 1281 delicta
1568 1214 1880 1289 prolapsusf
1904 1222 2047 1271 sum,

486 1348 547 1392 ut
575 1350 697 1390 cum
739 1297 965 1385 rocibus
996 1297 1172 1395 plenis
1202 1316 1502 1389 gratiarum
1532 1308 1751 1364 actione
1783 1313 1835 1357 te
1882 1297 2052 1369 glori-

488 1433 641 1485 ticem
669 1434 724 1479 et
758 1435 882 1476 cum
912 1416 1099 1473 divino
1119 1411 1312 1465 affectu
1341 1402 1638 1477 gloriﬁcem
1663 1410 1733 1461 te,
1785 1408 1907 1465 qua:
1954 1405 2053 1444 ex-

486 1514 875 1575 cellentissimo
908 1516 1065 1579 partu
1104 1514 1196 1559 tuo
1242 1500 1538 1554 universos
1566 1492 1703 1547 viles
1740 1496 1905 1555 atque
1951 1481 2052 1536 ab-

485 1615 677 1683 jrctos.
706 1623 740 1661 ο
765 1602 1082 1676 purissima,
1123 1588 1507 1665 magniﬁcasti.

560 1675 881 1757 Beatissima
917 1693 1120 1749 illibata
1144 1687 1382 1758 puritate
1411 1680 1596 1749 Virgo,
1653 1675 1705 1729 in
1734 1680 1785 1727 te
1843 1676 2056 1725 natura:

510 1810 635 1863 eges
667 1794 995 1846 innovantur
1023 1800 1039 1849 ;
1069 1779 1273 1837 etenim
1308 1788 1475 1843 supra
1507 1778 1758 1824 naturam

491 1846 749 1956 pifpel'lSli
776 1897 789 1932 :
827 1846 1113 1947 propterea
1146 1878 1197 1923 te
1221 1880 1345 1921 cum
1386 1861 1491 1917 ﬁde
1529 1870 1741 1929 precor,
1771 1861 1828 1906 ut
1852 1865 1938 1905 me
1964 1846 2058 1919 qui

492 1942 653 2046 supra
693 1942 988 2027 humanam
1021 1970 1270 2017 naturam
1302 1954 1473 2010 multa
1503 1947 1745 2021 peccavi,
1788 1951 1841 2001 et
1871 1959 1901 1997 a
1952 1942 2063 1995 Deo

492 2072 777 2137 elongatus
804 2075 948 2125 sum,
986 2062 1294 2116 convertas,
1323 2055 1379 2104 et
1414 2044 1624 2103 salvum
1678 2039 1850 2095 facias
1894 2035 2063 2091 inter-

492 2154 829 2213 cessionibus
852 2149 984 2202 tuis.
1871 2152 1893 2183 η

564 2251 823 2305 Inimicus
848 2243 1024 2303 ferox,
1075 2233 1281 2307 peccati
1329 2227 1530 2301 jaculis
1589 2232 1761 2279 totam
1824 2219 2065 2275 animam

495 2358 672 2399 meam
691 2332 1061 2394 cunsauciavit
1083 2337 1374 2393 meumque
1395 2334 1490 2375 cor
1508 2316 1664 2373 {cedis
1675 2310 2068 2381 concupiscen-

498 2434 590 2488 tiis
635 2419 1072 2484 commaculavit,
1108 2425 1270 2484 atque
1300 2427 1330 2465 a
1364 2409 1450 2463 via
1482 2415 1629 2462 recta
1686 2400 1901 2457 seduxit
1959 2411 2065 2451 me.

498 2528 784 2593 Propterea
831 2516 1006 2572 clamo
1030 2509 1097 2565 ad
1116 2517 1185 2573 te,
1224 2512 1283 2560 ut
1307 2506 1666 2559 revertentem
1700 2490 1988 2563 suscipias,
2018 2495 2073 2544 et

500 2612 676 2668 salves
702 2622 808 2662 me.

1149 2787 1262 2844 Ode
1282 2786 1335 2841 5.
1474 2781 1492 2846 1

576 2909 809 2964 Maxima
842 2913 895 2959 te
931 2915 1147 2971 semper
1169 2893 1507 2952 beatitudine
1566 2890 1863 2952 fruentem,
1898 2886 2072 2941 beati-

509 3006 672 3057 liram
726 3012 872 3052 nunc
898 2991 1278 3064 generationes
1308 2982 1721 3055 generationum
1756 2996 1770 3033 :
1818 2988 1873 3033 et
1911 2978 2075 3033 (αξιο-

504 3106 616 3150 stes
670 3093 900 3145 virtutes
947 3086 1117 3142 solam
1172 3094 1226 3137 te
1274 3077 1678 3138 concelebrant,
1715 3088 1748 3127 ο
1793 3068 2077 3127 benedicta

1568 357 1625 413 S.
1670 341 1985 411 JOSEPIII
2026 332 2586 398 HYMNOGRAPHI

1066 480 1174 552 40
1205 476 1313 533 Odc
1362 475 1392 527 4
1405 512 1417 527 .
2075 453 2128 511 Α

3582 324 3717 390 1036

2785 443 2908 514 ᾩδὴ
3638 484 3639 487 χ

2219 559 2292 611 Τὸ
2323 556 2558 629 πονηρὸν
2590 553 2876 627 ἁμαρτιῶν
2904 571 3006 623 μου
3038 552 3402 622 χειρόγραφον
3442 548 3566 621 θεία
3603 550 3727 617 λόγ-

2152 670 2244 723 χῃ,
2290 651 2555 719 πάναγνε,
2576 646 2869 719 διάρρηξον
2887 647 2953 715 τῇ
2978 644 3290 713 κεντησάσῃ
3313 641 3465 693 Θείαν
3490 641 3732 708 πλευράν

2151 742 2246 797 τοῦ
2274 740 2680 811 ἐνανορωπὶσαι
2706 741 2769 791 ἐκ
2805 736 2922 801 σοῦ,
2957 736 3223 806 Παρθένε,
3250 733 3601 803 θελήσαντος,
3638 734 3735 783 καὶ

2156 833 2321 903 βίϐλῳ
2349 849 2417 901 με
2448 830 2726 901 γραφῆναι
2764 826 3068 897 σωζομένον
3093 825 3353 888 δυσώπει,
3371 823 3462 875 τὸν
3480 821 3736 892 ἀφρόνως

1944 931 2049 988 sal-
2154 925 2289 979 Θεοῦ
2332 942 2365 998 ιι
2378 923 2767 995 ακρυνόμενον.

2227 1109 2347 1163 Ἵνα
2406 1107 2612 1177 φωναῖς
2671 1101 3046 1175 χαριστηρῐοις
3110 1097 3315 1164 δοξάζω
3354 1115 3437 1163 σε,
3494 1098 3582 1150 ἵνα
3607 1094 3743 1164 Θείῳ

2163 1198 2307 1272 ..όθῳ
2330 1198 2621 1271 μεγαλύνω
2673 1213 2756 1259 σε,
2811 1195 2910 1266 τὴν
2932 1194 3011 1265 τῷ
3078 1192 3324 1263 μεγίστῳ
3381 1206 3476 1243 σου
3526 1186 3745 1255 τοκετῷ

2157 1291 2365 1354 πάντας
2437 1287 2893 1360 σμικρυνθέντας,
2944 1284 3275 1353 πανάμωμε,
3330 1280 3743 1352 μεγαλύνασαν,

2162 1382 2414 1452 μεγάλως
2438 1380 2773 1451 ἁμαρτῶντα
2788 1380 2880 1432 καὶ
2903 1378 3091 1441 δεινῶς
3111 1376 3508 1446 συμπτωθελρτα
3521 1388 3745 1442 συγχω-

2161 1476 2392 1546 ρήσεως,
2432 1472 2593 1543 κόρη,
2625 1471 2880 1536 ἀξίωσον.

2229 1655 2403 1726 Νόμοι
2425 1655 2481 1707 ἐν
2505 1651 2589 1707 σοὶ
2622 1652 3112 1721 κεκαινοτόμηνται
3134 1649 3372 1720 φύσεως
3406 1648 3549 1717 ὑπὲρ
3578 1646 3751 1715 φύσιν

1812 1761 2052 1816 Verbum
2091 1813 2127 1819 _
2162 1747 2457 1819 Λόγονγὰρ
2484 1747 2743 1815 ὲκύησας’
2764 1744 2847 1797 διό
2872 1760 2930 1797 σε
2957 1743 3137 1796 πίστει
3170 1741 3470 1795 ὲκδυσωπῶ
3491 1741 3585 1792 τὸν
3602 1740 3751 1806 ὑπὲρ

2091 1813 2136 1871 Β
2164 1813 2263 1910 τὴν
2295 1813 2456 1908 φύσιν
2480 1838 2581 1907 τήν
2604 1813 2975 1905 άνθρωπινην,
2995 1832 3328 1902 πανάμωμε,
3358 1828 3531 1883 πολλὰ
3559 1828 3748 1897 ἡμαρ-

2168 1932 2495 2003 τηκότα,καὶ
2527 1929 2663 1983 Θεοῦ
2698 1926 3101 2002 μακρυνθέντα,
3139 1922 3548 1994 ἐπιστρέψαντα
3569 1919 3755 1973 σῶσον

2171 2024 2490 2098 πρεσϐείαις
2514 2040 2629 2077 σου.

2258 2210 2317 2264 '0
2354 2210 2625 2281 δυσμενὴς
2644 2209 2740 2279 τῆς
2773 2209 3055 2280 ἁμαρτίας
3087 2209 3198 2269 τοῖς
3230 2204 3410 2276 βέλεσι
3433 2202 3533 2274 τὴν
3562 2199 3753 2271 ψυχήν

2178 2318 2279 2374 μου
2302 2303 2429 2373 ὃλην
2459 2302 2851 2373 ὲτραυμάτισε,
2888 2303 2983 2355 καὶ
3020 2299 3384 2370 κατεμόλυνεν
3410 2296 3621 2367 ἡδοναῖς
3649 2292 3753 2361 τὴν

2176 2396 2313 2467 ἐμὴν
2352 2396 2601 2466 καρδίαν,
2636 2395 2858 2466 καὶτῆς
2891 2393 3013 2449 ὁδοῦ
3052 2391 3426 2460 ἀπεπλάνησε,
3478 2384 3753 2456 Παρθένε,

2175 2488 2275 2557 τῆς
2302 2488 2536 2551 stillam:
2559 2487 2648 2542 διὰ
2677 2485 2836 2542 τοῦτο
2862 2486 2973 2554 βοῶ
2998 2502 3102 2550 σοι,
3144 2481 3574 2553 Ἐπιστρέφοντα
3600 2475 3755 2541 δέξαι

2177 2580 2271 2634 καὶ
2302 2577 2474 2633 σῶσόν
2515 2595 2605 2649 με.

2859 2784 2984 2857 ᾬδὴ
3020 2791 3082 2840 ε’.

2251 2902 2443 2957 Γενεαὶ
2468 2900 2670 2970 γενεῶν
2701 2916 2760 2952 σε
2792 2896 2892 2969 τὴν
2920 2895 3351 2965 άειμακάριστον
3390 2888 3487 2942 νῦν
3514 2884 3757 2957 μακαρι-

2184 2995 2384 3059 ζουσιν·
2409 2990 2655 3064 οὐρανῶν
2674 2989 2951 3059 δυνάμεις,
2974 2986 3049 3049 ὼς
3075 2985 3143 3037 τά
3170 2983 3322 3037 κάτω
3348 2981 3461 3043 τοῖς
3494 2979 3610 3032 άνω
3639 2991 3758 3028 συν-

2188 3086 2425 3151 ἅψασαν,
2475 3080 2784 3153 εὐφημοῦσι
2819 3080 3007 3150 μόνην,
3038 3079 3096 3129 ὲν
3122 3073 3367 3145 γυναιξὶν
3392 3067 3757 3141 εὐλογημένη,

508 3188 649 3237 inter
696 3178 974 3241 mulieres,
1025 3182 1187 3243 atque
1235 3168 1427 3223 Adami
1493 3164 1723 3234 collapsi
1772 3160 2080 3230 revocatio;

2193 3179 2285 3234 τοῦ
2314 3177 2574 3239 πεσόντος
2614 3171 2786 3240 Ἀδὰμ
2815 3173 2848 3242 ή
2873 3168 3191 3239 ἀνάκλησις.

506 3275 707 3344 quippe
753 3283 874 3339 quae
945 3258 1207 3319 inferiora
1248 3275 1373 3316 cum
1426 3253 1803 3327 superioribus
1860 3250 2082 3321 copula-

506 3368 671 3421 veris.

579 3461 659 3515 Ad
714 3459 817 3511 hoc
846 3463 907 3510 ut
963 3454 1173 3519 integer
1227 3456 1506 3513 sanusque
1563 3454 1932 3511 perseverem,
1982 3452 2083 3493 nec

512 3556 621 3607 ullo
657 3550 817 3605 modo
847 3563 876 3600 a
913 3541 1125 3598 meliori
1155 3546 1301 3592 statu
1337 3536 1641 3599 dimovear,
1665 3533 1759 3588 sed
1789 3542 1938 3587 recto
1982 3540 2086 3585 tra-

511 3642 932 3705 miteineedam,
972 3636 1189 3704 Deoque
1215 3629 1412 3702 placita
1463 3628 1680 3691 faciam,
1739 3637 1795 3681 tu
1846 3640 1931 3680 me
1973 3627 2087 3679 vir-

516 3746 627 3789 tute
649 3730 965 3792 corrobora,
996 3740 1117 3795 quae
1140 3722 1243 3793 41
1290 3717 1523 3774 Verbum
1554 3719 1756 3773 bonum
1814 3714 2080 3787 peperisti

515 3826 660 3896 quod
694 3840 793 3879 nos
821 3825 889 3878 ab
926 3822 1348 3877 irrationalitate
1379 3818 1653 3874 liberavit.

593 3912 1005 3968 Redttndantem
1041 3912 1112 3965 ob
1144 3908 1532 3965 misericordiae
1560 3908 1815 3979 abyssum
1864 3905 2088 3975 sangui-

517 4024 638 4060 nent
678 4014 851 4070 tuum,
882 4018 916 4058 ο
965 4003 1227 4067 Verbum,
1265 4002 1319 4055 in
1374 4014 1539 4056 cruce
1588 4008 1759 4054 totum
1803 3996 2086 4052 ell‘udisti:

520 4095 641 4152 ideo
670 4097 881 4150 cxsicca
912 4094 1230 4164 passionum
1290 4107 1537 4147 mearum
1595 4091 1873 4162 abyssum,
1928 4087 2092 4143 etdi-

520 4204 684 4259 gnum
719 4202 806 4241 me
838 4185 921 4241 fac
950 4186 1223 4240 mediante
1253 4184 1506 4254 Deipara,
1545 4191 1605 4238 ut
1649 4198 1772 4237 cum
1830 4195 2091 4250 compun-

518 4282 701 4336 etione
733 4278 831 4334 tibi
864 4277 973 4333 Deo
999 4278 1213 4348 placere
1246 4284 1302 4331 et
1332 4286 1520 4346 gratus
1548 4288 1673 4330 esse
1723 4274 1948 4344 possim.

1212 4386 1323 4440 Ode
1346 4384 1401 4439 6.

595 4501 807 4556 Invenit
864 4513 960 4569 per
1001 4506 1053 4552 te
1110 4494 1541 4551 misericordiam
1587 4495 1823 4548 humana
1859 4502 2093 4560 natura;
2134 4523 2179 4581 ο

522 4596 723 4650 etenim
756 4590 1164 4648 misericordem
1194 4588 1480 4643 Dominum
1524 4586 1801 4656 peperisti,
1858 4602 1891 4641 ο
1942 4588 2099 4641 misc-

528 4688 695 4741 ratrix
732 4700 794 4739 ac
824 4692 934 4738 tota
969 4697 1102 4751 pura
1132 4699 1148 4736 :
1183 4680 1326 4736 unde
1364 4680 1461 4735 tibi
1516 4680 1785 4749 supplico,
1844 4679 2102 4734 miserere

526 4792 725 4832 ιιιιιιιιω
756 4789 910 4829 meat.

602 4868 761 4922 Acies
829 4868 1273 4934 incorporeorutn
1331 4864 1622 4934 spirituum
1677 4871 1905 4918 exorant
1957 4870 2027 4924 te,
2070 4878 2103 4917 ο

523 4961 768 5022 Christe,
789 4958 1058 5026 simulque
1076 4967 1397 5025 martyrum,
1440 4955 1854 5024 prepbetarum,
1887 4961 1941 5007 et
1970 4967 2105 5021 apo—

522 5048 800 5103 stolorum
820 5053 1027 5101 coetus:
1058 5058 1152 5113 per
1184 5042 1512 5097 Genitricem
1554 5049 1704 5094 tuam
1757 5042 1964 5094 salvum
2023 5038 2107 5092 fac

525 5140 794 5210 populum
850 5145 1007 5190 tuum
1065 5134 1133 5188 ab
1211 5131 1362 5187 omni
1425 5132 1816 5185 circumstante
1886 5128 2108 5183 calami-

538 5240 666 5283 late.

606 5318 847 5374 Cultoris
876 5317 1070 5373 nescia
1108 5326 1279 5383 terra,
1309 5332 1433 5386 qua:
1482 5315 1783 5385 agricolam
1823 5315 2104 5383 peperisti,

538 5415 898 5483 omniumque
927 5411 1263 5474 Creatorem,
1299 5411 1692 5481 sylvescentem
1755 5408 2108 5478 passionibus

540 5508 779 5561 animam
814 5520 1015 5570 meam,
1038 5502 1374 5560 fructiferam
1396 5503 1582 5571 redde,
1609 5503 1880 5559 mediante
1928 5503 2109 5557 divina

540 5601 791 5656 scicntia.

614 5695 690 5747 Ad
718 5694 885 5748 Deum
917 5708 1003 5748 mc
1047 5692 1367 5748 deducentia
1422 5701 1691 5762 prmcepta
1739 5700 2111 5762 transgressus

541 5801 688 5850 5.1m,
746 5797 797 5841 et
828 5796 1019 5857 sponte
1048 5786 1305 5855 pessimis
1347 5787 1693 5855 passionibus
1726 5802 1913 5842 servus
1938 5785 2112 5839 fartus

2269 3451 2558 3522 Διαμένειν
2615 3466 2680 3519 με
2705 3446 2866 3511 σῶον,
2905 3446 2982 3515 μὴ
3002 3438 3472 3513 περιτρεπόμενον
3523 3434 3757 3493 στάσεως

2192 3545 2522 3616 κρείττονος,
2556 3539 2670 3594 ἀλλ’
2699 3531 3227 3606 εὐθυποροῦντα,καὶ
3256 3528 3374 3597 Θεῷ
3401 3527 3471 3580 τὰ
3497 3525 3758 3595 εὐάρεστα

2192 3613 2522 3705 πράττοντα,
2546 3627 2934 3699 ὲνδυνάμωσόν
2981 3642 3071 3696 με,
3126 3621 3218 3675 τὸν
3276 3618 3482 3688 ἀγαθὸν
3530 3613 3759 3669 τεκοῦσα

2192 3728 2364 3796 Λόγον
2391 3725 2484 3779 τὸν
2516 3723 2659 3794 ἡμᾶς
2683 3720 2874 3782 ἀνοίας
2903 3717 3227 3789 ῥυσάμενον.

2277 3911 2337 3964 '0
2362 3907 2422 3962 τὸ
2449 3903 2592 3976 αἷμά
2628 3920 2746 3966 σου,
2786 3901 2951 3970 Δόγε,
2991 3899 3080 3951 διὰ
3113 3892 3563 3965 ὑπερϐάλλουσαν
3591 3888 3759 3947 ἐλέους

2196 4004 2431 4059 ἄϐυσσον
2459 4001 2516 4051 ὲν
2544 3994 2764 4066 σταυρῷ
2818 3992 3081 4055 κενώσας,
3126 3988 3236 4041 τῶν
3278 3983 3468 4040 παθῶν
3519 4000 3622 4053 μου
3671 3979 3760 4045 τὴν

2199 4096 2434 4152 ἄϐυσσον
2458 4092 2713 4163 ξήρανον,
2749 4085 2844 4141 καὶ
2863 4081 3225 4154 ὲγκαταρύξει
3256 4096 3336 4131 σοι
3391 4076 3470 4146 τῷ
3521 4072 3639 4142 θεῷ
3682 4071 3759 4121 εὑο

2197 4186 2504 4260 αρεστῆσαι
2526 4183 2614 4237 διὰ
2644 4180 2746 4247 τῆς
2774 4177 3040 4232 Θεοτόκου
3062 4174 3317 4239 ἀξίωσον.

2830 4380 2955 4453 Ὠδὴ
2996 4377 3073 4444 ς’-

2288 4498 2546 4570 Ίιλέηται
2595 4496 2683 4549 διὰ
2708 4491 2802 4547 σοῦ
2833 4494 2866 4564 ή
2891 4493 3051 4558 φύσις
3098 4488 3196 4556 τῆς
3228 4482 3653 4555 ἀνορωπότητοςο
3682 4475 3760 4526 τὶν

2213 4594 2480 4662 ἐλεήμονα
2518 4589 2627 4659 γὰρ
2649 4587 2890 4655 ἐκύησας
2921 4583 3148 4652 Κύριον,
3193 4578 3427 4646 ἐλεῆμον
3490 4572 3715 4637 πάναγνε
3738 4584 3749 4594 ο

2207 4686 2330 4740 ὅθεν
2360 4683 2593 4737 δυσωπῶ
2623 4698 2705 4748 σε,
2734 4679 2833 4750 τὴν
2856 4676 2993 4748 ἐμὴν
3015 4673 3190 4743 ψυχὴν
3222 4670 3468 4740 ἐλέησον.

2280 4860 2403 4915 Τῶν
2434 4858 2764 4927 ἀσωμάτων,
2790 4855 3015 4925 Χριστὲ,
3042 4852 3111 4906 τὰ
3160 4851 3417 4922 τάγματα
3480 4839 3759 4900 δυσωποῦσὶ

2214 4972 2296 5018 σε,
2341 4951 2635 5023 μαρτύρων
2655 4968 2737 5011 τε,
2791 4946 3107 5018 προφητῶν,
3166 4945 3264 4996 καὶ
3315 4941 3424 4994 τῶν
3478 4936 3760 4992 ἀποστόλων

2216 5060 2334 5099 σου·
2370 5043 2459 5095 διὰ
2480 5041 2579 5111 τῆς
2598 5039 2863 5108 τεκούσης
2894 5054 2975 5102 σε,
3004 5037 3097 5090 τὸν
3120 5036 3249 5089 λαόν
3275 5050 3367 5086 σου
3391 5029 3531 5094 σῶζε
3548 5028 3649 5082 άπὸ
3670 5023 3759 5076 πά-

2215 5156 2313 5209 σης
2350 5135 2741 5206 περιστάσεως.

2297 5320 2365 5374 ἸΙ
2394 5320 2750 5391 ἀγεώργητος
2788 5318 2858 5388 γῆ
2896 5316 2989 5369 τὸν
3020 5314 3268 5385 γεωργὸν
3296 5314 3331 5383 ή
3374 5311 3640 5381 κυήσασα,
3684 5301 3765 5356 καὶ

2220 5414 2441 5467 πάντων
2478 5410 2844 5485 Δημιουργὸν,
2868 5409 2966 5480 τὴν
3012 5408 3433 5477 ὑλομανήσασαν
3466 5403 3637 5472 ψυχήν
3675 5412 3761 5466 μου

2220 5510 2332 5570 τοῖς
2395 5505 2616 5569 πάθεσι,
2706 5504 2878 5567 δεῖξον
2932 5501 3285 5572 καρποφόρον
3352 5497 3442 5551 διὰ
3491 5496 3584 5564 τῆς
3638 5488 3765 5547 Θείας

2220 5596 2588 5666 ἐπιγνώσεως.
3266 5615 3269 5619 -

2292 5688 2546 5756 Παρέόην
2576 5687 2671 5749 τὰς
2700 5685 2917 5747 ἐντολάς
2964 5683 3065 5746 τὰς
3129 5681 3263 5752 πρὸς
3319 5681 3453 5733 Θεὸν
3501 5672 3766 5745 ὁδηγούσας
3854 5704 3855 5709 η

2226 5800 2311 5852 με,
2349 5784 2439 5832 καὶ
2473 5781 2641 5833 Οέλων
2678 5782 2786 5841 τοῖς
2812 5781 3069 5846 πονηροῖς
3100 5774 3433 5843 δεδούλιιιμαι
3471 5773 3651 5825 πάθεα
3672 5760 3767 5814 ’διὸ
