3996 6582
468 466 605 567 tota
1542 508 1600 566 s.
1639 504 1953 566 JOSEPHI
1993 503 2559 565 IIYMNOGRAPHI
3556 486 3695 555 tott

462 622 679 686 ruisset,
705 619 1026 676 intermedio
1054 619 1349 676 inimicitiae
1380 620 1583 690 pariete
1640 622 1874 685 sublato,
1919 637 2015 691 pa-

2122 623 2282 686 ἐλὼν,
2312 614 2543 694 εἰρήνην
2574 618 2922 692 ἐμεσίτευσε,
2955 615 3048 669 καὶ
3080 614 3224 687 ζωὴν
3253 611 3578 684 ἐϐράϐευσε,
3603 609 3696 664 καὶ

459 728 576 768 cem
600 713 921 780 interposuit
950 730 965 778 ;
1000 713 1272 783 vitamque
1294 728 1358 769 ac
1410 712 1651 767 divinam
1688 715 2018 783 redemptio-

1122 729 1272 783 mque
1294 728 1358 769 ac
1410 712 1651 767 divinam
1688 715 2018 783 redemptio-
2125 717 2277 772 θείαν
2300 717 2700 787 ἀπολύτρωσιν.

457 819 581 858 nem
610 805 834 874 largitus
863 815 964 860 est.

529 892 696 965 Virgo
745 905 891 951 casta
958 912 1081 968 post
1124 910 1336 971 partum
1406 903 1774 972 permansisti,
1805 915 1839 955 ο
1892 914 2022 955 san-

2194 902 2467 974 Παρθένος
2503 902 2640 972 ἁγνὴ
2668 900 2805 970 μετὰ
2823 898 2922 969 τὴν
2948 896 3168 967 κύησιν,
3196 889 3457 959 παναγία,
3488 887 3668 955 διέμει

457 985 728 1052 ctissima;
769 985 932 1041 Deum
958 990 1101 1044 enim
1124 991 1355 1047 Verbum
1390 994 1623 1065 genuisti
1651 992 1884 1048 similem
1918 1002 2022 1043 no-

2123 1012 2221 1058 νας
2247 1011 2261 1026 ·
2292 995 2426 1048 Θεὸν
2476 993 2649 1062 Λόγον
2673 992 2781 1063 γὰρ
2812 990 3112 1060 ἐγέννησας
3160 986 3290 1055 ἡμῖν
3337 977 3693 1051 ὁμοιωθέντα,

453 1077 542 1134 bis
558 1077 778 1146 factum,
807 1082 924 1136 sine
953 1092 1197 1152 peccato.

1038 1092 1197 1140 :cato.
2123 1087 2292 1156 χωρὶς
2322 1084 2616 1157 ἁμαρτίας.

546 1170 689 1226 Sana
719 1174 944 1229 vulnera
998 1176 1183 1232 cordis
1231 1176 1359 1239 mei,
1393 1192 1426 1230 ο
1468 1178 1687 1245 puella;
1737 1186 1791 1235 et
1839 1189 2022 1239 motus

2128 1155 2154 1156 Π
2196 1155 2374 1232 Ἴασαί
2397 1155 2498 1249 μου
2526 1177 2594 1232 τὰ
2615 1176 2924 1248 τραύματα,
2964 1170 3125 1241 κόρη,
3157 1169 3254 1236 τῆς
3294 1160 3569 1254 καρδέας.Δ
3602 1155 3695 1254 καὶ

455 1257 653 1312 anima:
680 1275 812 1314 meae
848 1269 996 1316 recto
1019 1277 1083 1317 ac
1108 1263 1250 1320 felici
1273 1266 1493 1321 tramite
1540 1267 1733 1338 dirige,
1768 1283 1802 1323 0
1835 1269 2021 1340 Virgo,

2125 1247 2491 1323 κατευόδωσον
2529 1268 2626 1337 τῆς
2649 1247 2824 1337 ψυχῆς
2853 1281 2954 1336 μου
2982 1262 3053 1315 τὰ
3078 1258 3354 1327 κινήματα
3400 1252 3482 1313 εἰς
3533 1247 3693 1310 Θεοῦ,

456 1348 524 1403 ad
557 1348 650 1403 Dei
674 1350 1004 1407 voluntatem
1040 1352 1361 1411 faciendam.

1234 1356 1361 1411 lam.
2125 1362 2391 1432 Παρθένε,
2421 1360 2490 1414 τὰ
2512 1359 2812 1429 θελήματα.

541 1437 724 1505 Salve,
758 1456 791 1495 ο
853 1444 1013 1497 unica
1065 1442 1309 1499 Genitrix
1359 1446 1527 1509 illius,
1571 1448 1663 1515 qui
1712 1464 2023 1507 carnem...

2194 1451 2387 1522 Χαῖρε,
2420 1451 2554 1522 μόνη
2582 1448 2819 1502 τεκοῦσα
2849 1444 3034 1499 τὸν....
3062 1440 3239 1511 σάρκα
3267 1431 3685 1503 πτωχεύσαντα,

454 1531 853 1598 emendicavit;
909 1533 1100 1598 salve,
1164 1536 1387 1605 collapsi
1446 1539 1634 1593 mundi
1697 1542 1924 1607 erectio,
1991 1557 2025 1597 0

2125 1543 2409 1616 χαῖρε,τοῦ
2433 1542 2687 1604 πεσόντος
2712 1536 3080 1607 ἐπανόρθωσις
3107 1532 3336 1599 κόσμου.
3361 1523 3693 1616 πανάμωμεο

458 1620 998 1687 immaculatissima;
1035 1626 1206 1692 salve,
1228 1629 1477 1683 man-oris
1493 1630 1782 1686 dissolutio
1810 1649 1825 1699 ;
1851 1634 2022 1698 salve,

2125 1614 2495 1708 χαῖρε,λύπης
2522 1632 2696 1696 λύσιςο
2720 1632 2899 1701 χαῖρε,
2928 1623 3134 1679 πιστῶν
3160 1624 3195 1692 ἡ
3222 1616 3484 1688 σωτηρία.⁸
3508 1614 3691 1684 χαῖρε,

459 1710 607 1766 salus
628 1711 864 1768 ﬁdelium
892 1733 909 1780 ;
942 1714 1118 1781 salve,
1151 1718 1342 1773 throne
1373 1717 1465 1773 Dei
1490 1720 1774 1777 altissime.

1202 1732 1342 1773 irone
1373 1717 1465 1773 Dei
1490 1720 1774 1777 altissime.
2126 1730 2281 1801 θρόνε
2297 1726 2431 1781 Θεοῦ
2461 1723 2780 1794 ὑψηλότατε.

528 1800 709 1857 Mente
737 1804 1073 1861 revolventes
1104 1807 1426 1878 diviniloqui
1451 1811 1748 1879 pr0phetae,
1781 1812 2024 1882 mysterii

2164 1797 2503 1891 'Noigaawe;
2561 1814 2811 1884 θεηγόροι
2866 1808 3146 1880 προφῆται
3207 1797 3505 1891 μυστήριόν
3563 1809 3693 1891 σου,

457 1893 537 1946 ιιιὶ
566 1892 1012 1962 profunditatem,
1043 1912 1075 1950 ο
1128 1896 1291 1968 Virgo
1320 1940 1335 1964 ,
1402 1900 1722 1969 prophetica
1770 1917 2026 1972 praenun-

2129 1885 2371 1983 Παρθένε
2400 1948 2416 1973 ,
2448 1907 2511 1960 τὸ
2557 1905 2717 1976 βάθος
2780 1896 3135 1973 προφητικῶς
3207 1885 3697 1983 προκατήγγειλαν

460 1984 737 2040 tiaverunt
760 1986 912 2052 illud,
940 1987 1052 2059 43
1083 1954 1267 2046 divino
1292 1954 1522 2061 Spir-itu.
1548 1954 1803 2048 illustrat‘i
1863 2012 1876 2048 :
1930 2009 2030 2051 nos

2132 1954 2840 2071 ¹τό.ῦέιῖφωταγωγούμενοι
2900 1954 3029 2061 θείῳ
3070 1988 3130 2042 ἐν
3188 1982 3470 2053 Πνεὺματι
3518 1996 3535 2011 ·
3605 1976 3700 2029 καὶ

458 2090 594 2131 vero
624 2092 748 2133 cum
798 2078 1015 2134 illorum
1046 2080 1303 2136 vaticinia
1357 2097 1522 2153 opere
1576 2084 1846 2155 completa
1887 2100 2031 2142 nunc

2138 2094 2232 2149 νῦν
2298 2093 2459 2163 ἡμεῖς
2505 2085 2819 2160 περιχαρῶς
2864 2083 2964 2147 τὰς
3008 2078 3276 2151 ἐμφάσεις
3329 2072 3565 2144 ὁρῶντες
3604 2084 3699 2120 πι-

458 2167 568 2224 laeti
594 2169 929 2230 intueamur.
963 2172 1263 2229 credimus.

842 2186 929 2230 ur.
963 2172 1263 2229 credimus.
2138 2183 2420 2254 στεύομεν.

533 2258 578 2313 0
602 2261 802 2329 puella.
838 2263 1098 2319 omnibus
1129 2265 1409 2322 miraculis
1454 2267 1847 2335 admirabilior,
1877 2267 2032 2324 illum

2218 2251 2351 2331 ’Υπε
2362 2273 2491 2345 ρθαύ
2501 2288 2672 2344 μαστε
2715 2255 2854 2341 κόρη
2876 2255 2925 2333 ,’
2942 2266 3033 2319 τὸν
3082 2260 3188 2333 πρὸ
3210 2258 3429 2313 πάντων
3487 2251 3700 2345 αἰῷνων

460 2350 719 2417 genuisti,
746 2352 840 2422 qui
864 2361 949 2409 est
971 2363 1097 2409 ante
1124 2356 1307 2409 omnia
1335 2357 1555 2423 saecula,
1592 2357 1750 2414 nobis
1797 2358 2030 2413 similem

2137 2344 2510 2439 ὲκυοφόρησας
2544 2366 2673 2434 ἡμῖν
2700 2356 3054 2430 ὁμοιωθέντα,
3078 2353 3145 2408 δι’
3196 2352 3380 2439 ἄκραν
3425 2344 3702 2439 εὐσπλαγ-

458 2438 664 2494 t‘actum
693 2450 916 2512 propter
937 2458 1208 2498 summam
1261 2445 1694 2501 misericordiam
1739 2461 1916 2512 suam,
1970 2460 2033 2505 ut

2168 2433 2318 2528 νων,
2339 2433 2438 2509 ἰνά
2468 2433 2618 2525 σώση
2640 2451 2766 2514 τοὺς
2793 2448 3104 2519 ιιιιόιλλοντας⁸
3129 2458 3145 2474 ·
3188 2440 3247 2495 Ὀ
3314 2436 3421 2493 τῶν
3447 2433 3699 2505 πατέρων

460 2528 640 2584 salvos
672 2528 873 2586 faceret
901 2545 1017 2600 eos,
1038 2532 1132 2603 qui
1160 2542 1365 2588 canunt
1394 2550 1410 2589 :
1438 2533 1765 2591 Benedictus
1786 2549 1865 2602 es,
1885 2535 2031 2592 Deus

1308 2542 1365 2588 nt
1394 2550 1410 2589 :
1438 2533 1765 2591 Benedictus
1786 2549 1865 2602 es,
1885 2535 2031 2592 Deus
2140 2528 2296 2621 ἡμῶν
2323 2548 2475 2615 Θεὸς,
2502 2541 2793 2613 εὐλογητὸς
2815 2535 2886 2594 ei.

464 2627 683 2689 patrum
722 2630 1056 2678 nostrorum.

534 2710 741 2768 Divinis
764 2714 942 2770 verbis
974 2715 1084 2770 tuis
1115 2716 1395 2771 hominum
1429 2717 1810 2786 generationes
1853 2720 2029 2776 inhze-

2219 2728 2452 2804 Ῥήμασί
2470 2745 2563 2782 σου
2588 2725 2752 2788 θείοις
2778 2722 2970 2793 γενεαὶ
2998 2716 3266 2789 ἑπόμεναι
3283 2713 3339 2767 αἱ
3354 2710 3464 2766 τῶν
3492 2702 3705 2804 tivo“?-

463 2815 669 2869 rentes,
730 2804 941 2862 beatam
994 2814 1048 2863 te
1102 2808 1308 2876 dicunt,
1369 2824 1402 2864 ο
1435 2825 1651 2879 semper
1694 2811 2029 2879 beatissima,

2137 2842 2255 2880 πων
2301 2795 2683 2893 ’μακαρίζομέν
2720 2832 2780 2868 σε
2818 2812 2916 2884 τὴν
2950 2807 3398 2879 ἀειμακάριστον,
3440 2799 3545 2893 καὶ
3577 2795 3706 2867 μελ-

464 2894 705 2950 snaviter
729 2896 1079 2954 concinentes
1106 2917 1119 2953 :
1152 2898 1474 2968 Benedicite,
1500 2900 1685 2955 omnia
1710 2916 1900 2971 opera,
1926 2901 2031 2958 Do-

2017 2932 2031 2943 '
2135 2892 2375 2987 ῳδοῦμεν
2400 2932 2411 2946 ·
2437 2911 2742 2978 Εὐλογεϊτε,
2774 2906 2951 2960 πάντα
2972 2902 3042 2957 τὰ
3067 2901 3227 2973 ἔργα,
3259 2896 3348 2951 τὸν
3369 2892 3595 2963 Κύριον.

465 3000 701 3042 mnium.
1738 3004 1754 3059 ι

535 3077 790 3150 OVirgo,
821 3080 1088 3137 bonorum
1120 3086 1376 3151 amatrix,
1403 3086 1599 3142 bonam
1624 3086 1773 3141 elﬁce
1789 3086 2028 3141 animam

2202 3096 2471 3166 Φιλάγαθε
2499 3091 2764 3163 Παρθένε,
2795 3087 2893 3158 τὴν
2921 3081 3314 3152 κεκακωμένην
3350 3079 3416 3147 τῇ
3456 3070 3708 3166 ἁμαρτξφ

465 3185 667 3235 meam,
694 3173 899 3240 peccati
930 3175 1138 3230 malitia
1195 3176 1543 3248 depravatam
1576 3195 1592 3245 ;
1633 3186 1687 3232 tu
1731 3178 1875 3234 enim
1939 3178 2030 3234 bo-

2132 3192 2310 3263 ψυχήν
2342 3162 2440 3260 μου
2466 3162 2736 3255 ἀγάθυνον
2757 3199 2774 3216 ο
2819 3180 2912 3234 τὸν
2959 3174 3162 3246 ἀγαθὸν
3187 3174 3221 3244 ἡ
3276 3166 3510 3224 τεκοῦσα
3572 3162 3706 3216 Θεὸν

466 3278 597 3316 num
629 3262 795 3319 Deum
824 3280 886 3320 ac
913 3264 1202 3321 Dominum
1236 3269 1518 3339 peperisti.

913 3264 1202 3321 Dominum
1236 3269 1518 3357 peperisti.
2056 3300 2100 3358 ο
2133 3262 2226 3340 καὶ
2253 3280 2478 3348 Κύριον.

467 3387 554 3444 Ex
583 3390 793 3447 Catiane
814 3394 869 3446 in
898 3393 1521 3519 ρενυὶρίιίἱᾶςιιέηιὶηωπ,
1567 3411 1657 3449 seu
1690 3394 2022 3467 Epiphaniw,

1189 3481 1234 3519 te
1310 3508 1321 3520 .

2192 3404 2295 3459 Ἐκ
2321 3402 2427 3456 τοῦ
2447 3399 2716 3464 Κατ-ὄνος
2734 3395 2804 3451 ἐν
2828 3390 3137 3532 προῇορτίᾳ
3152 3385 3271 3442 τῶν
3288 3384 3521 3451 Φώτων,
3561 3382 3705 3453 ἠμέ-

2819 3481 2899 3532 ρςι
2984 3501 2999 3516 ο

1189 3481 1234 3519 te
1268 3481 1321 3520 ο.
2819 3481 2899 3534 ,οςι
2928 3481 2999 3532 γ·

539 3570 584 3627 0
608 3571 1000 3627 ιηὶιιιιοιιτοτυη]
1032 3573 1386 3630 miraculum!
1420 3575 1706 3643 Quomodo
1759 3574 1903 3631 Deus
1933 3590 2028 3631 no-

2201 3585 2264 3637 ‘0
2300 3581 2484 3651 θαῦμα
2502 3574 2825 3646 θαυμάτωνζι
2868 3570 3040 3634 Πῶςό
3077 3566 3257 3637 πάσης
3289 3564 3549 3618 ἐπέκεινα
3589 3558 3702 3615 κτε-

471 3668 606 3725 ster,
646 3661 736 3730 qui
777 3670 860 3715 est
913 3664 1161 3732 superior
1208 3667 1354 3719 omni
1400 3662 1670 3727 creatura.
1724 3674 1938 3719 creatur
1973 3673 2029 3718 et

2132 3690 2271 3737 σεως
2304 3673 2435 3736 Θεὸς
2456 3668 2616 3742 ήμῶν
2643 3666 2889 3731 κτίζεται
2918 3663 3011 3716 καὶ
3034 3660 3322 3714 πλάττεται
3344 3659 3407 3709 ἐκ
3432 3656 3533 3723 τῆς
3558 3655 3689 3706 Θεο-

470 3749 853 3825 plasmaturex
885 3750 978 3805 Dei
1010 3751 1212 3819 Matre;
1232 3762 1284 3807 et
1313 3755 1589 3807 voluntate
1613 3767 1709 3807 sua
1730 3760 1953 3806 renovat
1976 3760 2029 3807 et

2133 3766 2390 3836 μήτορος,
2423 3760 2518 3815 καὶ
2567 3756 2884 3827 καινουργετ
2934 3752 3197 3821 θελήματι
3218 3749 3312 3801 καὶ
3364 3745 3694 3801 ἀναπλάττει

467 3842 701 3914 plasmat
721 3843 914 3899 iterum
934 3859 1031 3899 nos
1057 3860 1123 3898 ex
1150 3860 1311 3914 aqua,
1339 3854 1393 3900 et
1417 3845 1613 3915 Spiritu
1641 3843 1795 3899 solus
1832 3842 2030 3900 beneﬁ-

2130 3858 2298 3929 ήμᾶς,
2328 3855 2398 3908 δι’
2427 3853 2619 3914 ὓδατος
2646 3851 2741 3903 καὶ
2763 3843 3072 3916 πνεύματος
3090 3841 3284 3896 πλάσιν
3311 3836 3701 3908 θαυμασιωτά-

469 3951 567 3991 cus
598 3936 954 4006 plasmatiune
985 3939 1220 3992 maxime
1244 3937 1592 3992 admirabili?

1280 3937 1553 3992 dmirabili
1567 3941 1592 3991 ‘t
2129 3966 2249 4018 την,
2265 3948 2294 4000 ὁ
2327 3945 2483 4016 μόνος
2519 3939 2814 4011 εὐεργέτης
2839 3954 2854 4003 ;

540 4024 882 4082 Horrescunt
920 4028 1227 4092 cherubim,
1273 4036 1437 4100 atque
1486 4031 1739 4089 universa
1794 4030 2031 4088 caelestis

2185 4017 2417 4107 id’pt'ﬁtEt
2458 4028 2727 4103 χερουϐὶμ
2755 4025 2849 4079 καὶ
2886 4024 3037 4077 πᾶσα
3065 4019 3323 4093 οὐράνιος
3353 4017 3538 4089 φύσις,
3569 4033 3706 4070 παν-

470 4128 664 4175 natura
692 4119 765 4174 ob
789 4119 1143 4175 reverentiam
1163 4120 1481 4176 veneranda:
1506 4122 1672 4191 prolis
1704 4122 2033 4176 tumincom-

2131 4130 2351 4200 ἀμωμε,
2409 4124 2501 4177 τὸν
2570 4121 2711 4189 ὑπὲρ
2770 4115 3076 4187 κατάληψιν
3145 4111 3343 4165 σεπτόν
3403 4120 3500 4164 σοῡ
3548 4110 3707 4161 τόκον

469 4210 874 4281 prehensibilis,
910 4224 944 4265 ο
965 4210 1499 4278 immaculatissima,
1522 4228 1645 4282 qua:
1668 4212 1867 4268 similis
1891 4211 2033 4267 facta

2144 4217 2489 4289 ὁμοιωθέντα
2529 4215 2681 4285 ἡμῖν,
2713 4210 2780 4264 δι’
2814 4204 3211 4277 εὐσπλαγχνίαν
3238 4204 3466 4271 ἄφατον,
3488 4203 3584 4255 καί
3616 4201 3707 4268 βα-

470 4310 557 4356 est
586 4301 745 4357 nobis
776 4312 1001 4372 propter
1031 4302 1359 4359 iueﬂ‘ahilem
1392 4306 1823 4362 misericordiam
1856 4320 2031 4369 suam,

2133 4310 2426 4365 πτισθέντα
2481 4304 2665 4375 σαρκὶ,
2705 4293 2765 4355 οὗ
2792 4300 2889 4370 τὴν
2939 4297 3090 4351 θείαν
3131 4295 3331 4358 πάντες
3386 4293 3706 4361 ἐπιφάνειαν

470 4402 525 4450 et
558 4396 857 4451 secundum
879 4410 1094 4451 carnem
1136 4397 1410 4467 baptizata
1447 4407 1566 4465 est;
1600 4398 1755 4468 cujus
1796 4397 2034 4452 divinam

1447 4407 1566 4465 eSl;
1600 4398 1755 4468 cuius
1796 4397 2034 4452 (“Villam
2134 4401 2465 4475 ἑορτάζομεν
2494 4395 2589 4451 νῦν
2621 4390 3003 4463 ἀγαλλόμενοι.

470 4484 867 4555 apparitionem
903 4502 1048 4541 nunc
1075 4502 1268 4543 omnes
1302 4487 1642 4544 exsultantes
1670 4488 2032 4544 celebramus.

472 4610 558 4667 Ea;
576 4610 784 4666 Cimone
815 4612 874 4666 in
902 4621 1112 4667 sanctos
1141 4613 1474 4683 septuaginta
1525 4612 1814 4682 apostolos,
1846 4610 1931 4667 die
1972 4611 2028 4667 4.

2148 4619 2243 4672 Ἐκ
2270 4616 2376 4671 τοῦ
2428 4613 2697 4678 Κανόνος
2724 4612 2810 4674 εις
2850 4606 2991 4673 τοὺς
3017 4606 3054 4660 ἁ
3096 4605 3227 4669 [ους
3287 4600 3706 4671 ἐϐδομήκοντα

2513 4680 2938 4747 ιάποστόλους,
2959 4625 3149 4746 ἡμέρᾳ
3177 4672 3226 4727 δ’
3233 4711 3248 4728 .

544 4809 799 4865 Divinum
862 4809 1005 4881 regis
1077 4810 1338 4881 palatium
1406 4811 1760 4876 honoremus,
1807 4812 1859 4866 in
1903 4827 2035 4882 quo,

2207 4814 2280 4867 Τὸ
2315 4812 2457 4866 θετον
2490 4808 2751 4864 παλὰτιον
2778 4804 2871 4859 τοῦ
2908 4802 3173 4875 βασιλέως
3204 4802 3552 4871 τιμήσωμεν,
3585 4791 3702 4867 ἐνῷ

473 4902 931 4975 quemadmodum
965 4903 1079 4972 ipse
1133 4904 1325 4969 voluit,
1368 4904 1680 4967 habitavit;
1746 4903 2034 4972 innuptam

2134 4906 2537 4975 κατεσκήνωσε,
2571 4899 2751 4960 καθὼς
2798 4896 3034 4967 ἠθέλησε
3060 4910 3075 4924 ο
3099 4893 3196 4963 τὴν
3226 4892 3589 4961 ἁπείρανδρον
3614 4892 3700 4943 καὶ

472 5010 539 5050 ac
556 4993 732 5049 solam
756 4992 1067 5063 Deiparam,
1095 5007 1191 5063 per
1210 5008 1376 5064 quam
1395 4992 1628 5049 deilicati
1661 5007 1873 5057 sumus,
1923 4991 2039 5047 col-

2142 4998 2313 5069 μόνην
2330 4994 2612 5058 Θεοτόκον,
2642 4990 2708 5044 δι’
2735 4985 2802 5061 ἧς
2828 4987 3034 5057 ὲθεώθη
3043 5001 3166 5057 μεν,
3217 4983 3698 5054 ὑμνολογήσωμεν.

472 5087 783 5144 laudemus.

542 5178 655 5251 49
683 5179 848 5236 Casta
874 5187 998 5234 ante
1024 5188 1261 5248 partum,
1298 5177 1351 5231 in
1388 5185 1570 5247 partu,
1594 5185 1648 5231 et
1681 5186 1801 5245 post
1824 5185 2037 5245 partum

2218 5181 2383 5251 ’Δγνὴ
2410 5172 2516 5249 πρὸ
2542 5175 2635 5231 τοῦ
2663 5164 2847 5237 τόκους
2875 5170 2971 5225 καὶ
3010 5171 3069 5223 ὲν
3096 5168 3262 5237 τόκῳ,
3288 5165 3385 5220 καὶ
3450 5164 3590 5234 μετὰ
3619 5162 3701 5215 τό-

472 5286 624 5337 vere,
675 5285 708 5325 ο
744 5268 907 5338 Virgo
950 5267 1143 5333 Mater,
1184 5266 1523 5336 apparuisti:
1564 5265 1732 5318 Deum
1766 5265 1909 5319 enim
1946 5278 2041 5333 pe-

2139 5288 2235 5328 κον
2287 5270 2520 5341 ἀληθῶς,
2583 5264 3030 5335 Παρθενομῗβορ,
3084 5259 3370 5326 πέφηνας·
3433 5254 3567 5307 Θεὸν
3599 5252 3702 5320 γὰρ

473 5361 685 5434 peristi,
743 5375 906 5431 quem
983 5358 1355 5430 apostolorum
1417 5355 1702 5426 collegium
1757 5354 2042 5409 manifeste

2139 5364 2480 5433 ἀπεκύησας,
2508 5359 2567 5414 ὸν
2592 5356 2904 5413 ἀποστόλων
2973 5350 3227 5419 σύλλογος
3264 5345 3581 5418 περιφανῶς
3614 5345 3703 5397 ἀν-

473 5453 806 5527 praedicavit.
1977 5488 1989 5500 .

1977 5488 1989 5500 -
2143 5454 2243 5523 εκή
2255 5453 2433 5523 ρνξεν.

548 5546 910 5602 Beatissimus
938 5542 1067 5599 olim
1100 5539 1489 5612 prophetarum
1517 5539 1718 5594 chorus
1748 5538 1921 5595 sacris
1948 5551 2042 5592 va-

2149 5618 2170 5638 .
2211 5548 2276 5600 Σὲ
2302 5544 2718 5619 μακαριώτατος
2750 5540 2917 5597 πάλαι
2944 5537 3106 5610 χορὸς
3123 5535 3231 5590 τῶν
3256 5530 3701 5606 προφητευόντων

478 5702 834 5783 cancrorum
858 5700 1155 5783 ρρξξοορον.
1173 5696 1339 5783 ead"
1373 5692 1921 5783 A“‘.°“‘“i".‘."£‘["3
1940 5691 2045 5783 Vs:
2141 5697 2394 5783 ιειιιιξυειε
2419 5708 2775 5783 enatat?
2810 5685 3693 5783 Pi9_9"1,"53233“i32PEFB‘tfzi'!

481 5753 833 5826 ἦέίίῖἷίιίιῖιδ
853 5753 1099 5832 ἱνεῖἳξὶίῖη
1127 5753 1183 5824 ῐι.
1212 5767 1350 5820 Cum
1399 5774 1577 5836 autem
1622 5763 1677 5816 in
1700 5762 1945 5836 Menaeis.
1977 5763 2043 5815 de
2142 5768 2477 5836 spectabant,
2504 5753 2779 5831 decerpta,
2808 5778 2951 5820 nunc
2984 5753 3192 5831 piorum
3221 5757 3394 5813 oculis
3415 5753 3536 5812 sese
3569 5753 3697 5807 uite-

482 5841 685 5911 quibus
723 5842 981 5912 diximus,
1005 5838 1224 5912 plurimi
1249 5834 1567 5912 spat-simia
1587 5832 1828 5912 quolibet
1860 5845 2043 5912 mense
2142 5832 2268 5893 runt
2291 5837 2514 5908 legenda

484 5903 699 5968 exstent
740 5910 843 5967 sub
883 5903 1102 5979 Josephi
1133 5907 1304 5962 nostri
1359 5903 1578 5958 nomine
1626 5903 1694 5957 de
1732 5909 2040 5956 sanctorum
