3996 6622
306 493 445 556 1015

1696 493 2058 555 ΜᾹΒΙΑΙΕ.

3399 483 3533 546 1066

298 618 360 662 εν
395 607 993 678 Πνεύματιθεηγορίαις
1021 608 1191 678 ίεραῖς
1217 608 1534 680 θεοπρεπῶς
1563 609 1869 680 κατονομά-

1998 608 2179 665 ieiuiis
2235 608 2287 665 in
2337 607 2543 679 Spiritu
2587 607 2846 663 divinitus
2879 615 2949 673 te,
2991 620 3023 661 ο
3055 603 3379 666 castissima,
3412 618 3537 672 por-

299 701 410 765 ζει,
446 700 704 766 πάναγνε,
731 700 906 769 πύλην
938 700 1032 753 καὶ
1062 700 1187 769 ὅρος
1218 704 1532 756 κατάσκιον.

370 785 451 840 Τὰ
480 788 702 857 ὄμματα
733 786 984 856 (ptimum,
1032 788 1273 859 Παρθένε
1296 827 1311 852 ,
1339 789 1437 859 τῆς
1460 788 1687 861 καρδίας
1747 807 1873 860 μου,

300 879 515 947 λάμψον
534 896 623 949 μοι
643 880 834 933 ἀκτῖνα
854 881 1161 949 μετανοίας,
1178 880 1403 943 σκότους
1422 899 1489 950 με
1512 880 1675 951 ῥῦσαι
1689 881 1874 935 διαιω-

301 972 561 1036 νίζοντος,
607 970 748 1041 πύλη
798 970 892 1024 τοῦ
920 971 1119 1039 φωτὸς,
1155 972 1503 1042 Χριστιανῶν
1561 973 1778 1027 πάντων
1814 972 1878 1027 τὸ

302 1062 643 1131 προσφύγιον
665 1063 773 1115 τῶν
800 1062 1006 1126 πιστῶς
1045 1064 1428 1134 ἀνυμνούντων
1460 1081 1543 1117 σε.

386 1153 571 1224 ’Υμνῶ
598 1170 679 1218 σε,
705 1155 838 1224 μόνη
861 1154 1202 1226 πανύμνητε·
1238 1155 1447 1222 δοξάζω
1469 1173 1551 1220 σε,
1582 1156 1670 1208 ἀεὶ
1696 1154 1875 1209 θεοδό-

305 1247 487 1313 ξαστε,
523 1246 615 1299 καὶ
641 1246 929 1318 μακαρίζω
965 1265 1025 1300 σε
1055 1247 1123 1318 ἢν
1137 1249 1322 1315 γενεαὶ
1354 1247 1719 1318 μακαρίζουσι
1766 1246 1877 1300 τῶν

304 1339 529 1408 γενεῶν,
560 1339 799 1411 Παρθένε
821 1340 1250 1411 θεομακάριστε.
1841 1347 1843 1350 ⁴

384 1501 717 1574 Ἱλαστήριον
742 1540 760 1567 ,
811 1501 1147 1571 πανάμωμε,
1197 1501 1492 1570 γεγένησαι
1531 1499 1878 1569 ἁμαρτανόν-

301 1610 414 1647 των
442 1594 549 1657 ἀεὶ,
575 1592 810 1647 τεκοῦσα
840 1593 1131 1664 ὑπερφυῶς
1153 1594 1245 1646 τοῦ
1274 1594 1480 1662 κόσμου
1515 1593 1608 1645 τὸν
1652 1592 1875 1662 αῐροντα

301 1684 405 1750 τὴν
442 1684 715 1754 ἁμαρτίαν
744 1683 1000 1755 Χριστὸν,
1027 1676 1073 1751 ᾧ
1095 1685 1480 1753 κραυγάζομεν
1499 1699 1514 1715 ⁸
1554 1684 1613 1738 '0
1640 1683 1749 1736 τῶν
1766 1699 1875 1736 πα·-

301 1778 482 1848 τέρων
511 1775 715 1846 Κύριος
745 1777 839 1830 καὶ
866 1777 1019 1842 Θεὸς,
1046 1776 1338 1847 εὐλογητὸς
1368 1772 1442 1830 εἴ.

1978 709 2109 762 tam,
2142 708 2197 755 et
2228 711 2462 755 montem
2497 700 2811 754 umbrosum
2846 696 3165 752 nominavit.

2046 790 2316 856 lllumina,
2350 807 2383 846 ο
2417 790 2602 861 Virgo,
2634 791 2824 845 oculos
2850 789 3030 844 cordis
3065 787 3192 849 mei,
3222 783 3413 852 cﬂ'ulge
3446 796 3540 835 su-

1975 896 2072 950 per
2100 896 2186 935 me
2214 882 2549 951 paenitentia:
2575 880 2756 946 radio;
2790 896 2819 933 a
2852 878 3086 934 tenebris
3116 873 3540 947 perennantibus

1975 972 2143 1026 libera
2176 987 2283 1035 me,
2327 986 2361 1026 ο
2402 984 2555 1042 porta
2600 973 2760 1033 lucis.
2799 971 3067 1041 refugium
3101 969 3346 1024 omnium
3385 962 3543 1018 Chri-

1977 1060 2282 1114 stianorum
2316 1068 2371 1115 te
2397 1060 2625 1116 ﬁdeliter
2657 1061 3016 1115 laudantium.

2046 1150 2236 1206 Laudo
2278 1162 2348 1215 te,
2376 1166 2410 1206 ο
2438 1152 2553 1206 sola
2588 1152 2748 1220 digna
2780 1152 2928 1205 omni
2959 1150 3118 1205 laude
3153 1166 3166 1203 :
3196 1146 3440 1218 glorifico
3469 1151 3541 1207 te.

1976 1258 2011 1297 ο
2038 1258 2253 1312 semper
2278 1257 2309 1296 a
2355 1241 2469 1297 Deo
2510 1243 3001 1311 gloriﬁcatissima;
3038 1250 3093 1296 et
3121 1238 3370 1294 beatiﬁeo
3406 1243 3479 1299 te,
3510 1249 3545 1285 ο

1985 1330 2143 1403 Virgo
2186 1332 2369 1387 divina
2416 1332 2749 1387 beatitudine
2796 1331 3136 1393 felicissima,
3180 1341 3344 1399 quam
3385 1338 3547 1395 gene-

1978 1426 2219 1480 rationes
2249 1425 2656 1495 gencrationum
2694 1426 2905 1479 beatam
2946 1423 3238 1493 appellant.

2052 1517 2420 1585 Expiatorium
2472 1515 2612 1572 facta
2662 1530 2744 1579 es,
2787 1529 2821 1569 ο
2865 1514 3178 1584 purissima,
3219 1522 3408 1565 eorum
3453 1505 3550 1575 qui

1978 1608 2198 1663 assidue
2240 1608 2585 1677 delinquunt,
2633 1622 2796 1676 supra
2842 1615 3046 1661 natura:
3100 1603 3344 1658 ordinem
3388 1599 3550 1654 enixa

1977 1696 2276 1761 Christum,
2326 1697 2419 1765 qui
2477 1696 2617 1751 tollit
2668 1704 2954 1767 peccatum
3008 1692 3234 1757 mundi,
3284 1689 3351 1745 ad
3385 1701 3550 1757 quem

1978 1789 2278 1844 clamamus
2325 1804 2339 1843 :
2399 1787 2663 1845 Dominus
2737 1804 2801 1844 ac
2849 1788 2994 1844 Deus
3052 1796 3289 1857 patrum,
3328 1779 3555 1836 benedi-

1978 1891 2100 1936 ClllS
2136 1895 2217 1935 es.

292 1980 300 2031 ι
382 1968 450 2020 ‘0
484 1965 665 2036 θαῦμα
688 1966 943 2021 ἐπέκεινα
977 1966 1299 2038 θαυμάτωνί
1357 1967 1482 2030 Πῶς
1527 1968 1734 2031 τίκτεις
1785 1967 1878 2021 καὶ

2051 1992 2095 2049 0
2146 1993 2491 2058 miraculum,
2546 1992 2691 2063 quod
2736 1990 2921 2047 omnia
2964 1991 3230 2046 miracula
3266 1999 3553 2046 transcen-

315 2060 503 2129 μένεις
555 2059 960 2130 παρθενεύουσα
987 2100 1004 2125 ,
1065 2060 1310 2128 πάναγνε
1346 2060 1661 2129 θεόνυμφε;
1705 2060 1876 2127 Λόγον

306 2151 417 2220 γὰρ
448 2149 739 2222 ἐγέννησας
760 2151 854 2204 τὸν
887 2151 965 2222 τῷ
1006 2151 1180 2223 Πατρὶ
1221 2150 1575 2221 ωνάναρχον,
1607 2144 1652 2216 ᾧ
1677 2150 1875 2212 πάντες

305 2240 604 2310 ψάλλομενο
632 2242 737 2295 Τὸν
776 2242 978 2313 Κύριον
1017 2242 1258 2311 ὑμνεῖτε,
1291 2241 1360 2295 τὰ
1394 2241 1557 2313 ἔργα,
1587 2241 1680 2294 καὶ
1712 2241 1883 2311 ὑπερο

307 2330 509 2400 υψοῦτε
537 2332 615 2394 είς
643 2334 848 2396 πάντας
877 2332 1004 2395 τοὺς
1026 2332 1248 2395 αίῶνας.

378 2418 583 2486 φέγγος
611 2412 897 2489 ἀστραπῆς
933 2418 1028 2473 τοῦ
1061 2419 1220 2473 τόκου
1253 2437 1345 2474 σου
1366 2418 1575 2489 ἔλαμψε.
1626 2419 1723 2473 καὶ
1747 2435 1881 2472 κατε»
1958 2450 1965 2455 -

308 2511 599 2597 εφαίδρυνε
624 2512 802 2564 πᾶσαν
826 2514 924 2583 τὴν
940 2510 1183 2582 ὑφὴλιον,
1206 2511 1302 2565 καὶ
1331 2512 1422 2565 τὸν
1448 2512 1759 2583 προστάτην
1784 2511 1879 2565 τοῦ

312 2603 542 2665 σκότους
564 2602 753 2670 ὤλεσε,
771 2603 1136 2674 Θεογεννῆτορ
1166 2602 1430 2673 πάναγνε,
1452 2604 1703 2671 ἀγγέλων
1742 2602 1876 2657 καύο

312 2711 491 2764 χημα,
531 2696 625 2747 καὶ
679 2693 980 2765 ἀνθρώπων
1028 2695 1246 2750 πάντων
1303 2695 1365 2749 τὸ
1411 2695 1720 2767 διάσωσμα,
1770 2695 1881 2749 τῶν

310 2783 614 2850 ἀπαύστοις
645 2786 847 2854 φωναῖς
869 2784 1258 2857 εὐφημούντων
1283 2801 1367 2841 σε.

326 3014 433 3069 Ἕκ
450 3014 555 3070 τοῦ
575 3014 844 3082 Κανόνος
872 3017 959 3082 είς
982 3016 1097 3085 τὴν
1122 3017 1303 3070 ὁσίαν
1323 3014 1550 3086 μητέρα
1580 3014 1750 3086 ἡμῶν
1775 3016 1881 3070 Δο-

808 3084 1052 3156 μνίκαν.
1084 3086 1275 3157 ἡμέρᾳ
1296 3084 1335 3154 η
1350 3084 1386 3153 ’.

387 3228 499 3283 Καὶ
528 3231 635 3301 πρὸ
661 3229 821 3285 τόκου
850 3230 1106 3301 ἄφθορος,
1136 3228 1295 3299 ἁγνὴ.
1323 3228 1418 3282 καὶ
1449 3229 1587 3299 μετά
1614 3229 1717 3300 τὴν
1747 3228 1884 3299 κύη-
1912 3277 1956 3338 c

318 3339 405 3375 σιν
423 3322 621 3391 Μήτηρ
641 3321 799 3386 Θεοῦ,
834 3321 1127 3391 ὑπερφυῶς
1150 3320 1430 3389 διέμεινας
1460 3335 1475 3350 ο
1505 3321 1629 3374 ὅθεν
1663 3339 1723 3375 σε
1777 3340 1883 3375 πο-

318 3412 533 3482 θήσασα
562 3411 689 3483 θείῳ
706 3411 983 3481 Πνεύματι
1013 3413 1047 3482 ἠ
1074 3411 1334 3482 Δομνίκα,
1363 3412 1540 3465 ὀπίσω
1582 3429 1676 3465 σου
1715 3412 1885 3482 ἄφθο-

317 3520 412 3574 ρος
444 3503 725 3576 προσήχθη
750 3503 827 3575 τῷ
859 3503 1191 3575 παμϐασιλεῖ
1213 3504 1327 3575 Υίῷ
1358 3521 1477 3573 σου,
1505 3504 1768 3576 ἄχραντε.

388 3696 738 3769 Δυνὰμωσον,
787 3698 1155 3771 πανὰχραντε,
1201 3701 1262 3756 τὸ
1316 3702 1542 3767 ἀσθενές
1591 3720 1729 3773 μου,
1794 3706 1891 3760 Δέ-

318 3791 780 3863 σποινα,δύναμιν
803 3791 902 3863 τὴν
922 3793 1015 3848 τοῦ
1030 3794 1283 3863 Ὑψίστου
1307 3795 1531 3861 τέξασα,
1549 3796 1648 3866 τὴν
1666 3797 1728 3850 τὸ
1752 3793 1890 3852 εἶναι

316 3883 456 3936 πᾶσι
487 3883 878 3954 προσέχουσαν,
906 3884 1000 3939 καὶ
1023 3884 1293 3956 Δομνίκας
1324 3888 1425 3956 τὴν
1462 3888 1683 3959 μνήμην
1716 3905 1889 3958 μεγα-

319 3975 584 4029 λύνασαν.

390 4090 727 4161 Νεκρὼσεως
753 4092 877 4156 τοὺς
908 4091 1141 4163 χιτῶνας
1161 4090 1335 4161 ’Δδὰμ
1354 4091 1641 4156 ἐξεδύσατο
1669 4094 1737 4164 τῇ
1771 4093 1894 4166 θείᾳ

320 4184 573 4252 γεννήσει
600 4200 715 4250 σου,
746 4184 842 4237 καὶ
864 4185 964 4255 τὴν
993 4185 1185 4254 στολὴν
1214 4184 1548 4254 ἠμφιάσατο,
1608 4185 1767 4253 μόνος
1825 4188 1893 4256 ἢν

320 4274 584 4342 ὲξύφανεν
609 4276 666 4327 ὲν
694 4278 760 4345 τῇ
778 4275 973 4345 γαστρί
1002 4292 1096 4327 σου
1118 4278 1147 4329 ὁ
1174 4276 1345 4343 Λόγος
1376 4274 1821 4345 σωματούμενος.

395 4363 588 4430 Ἀγιον
624 4364 847 4432 Κύριον,
883 4365 1204 4434 Κυριοτόκε,
1242 4366 1336 4418 τοῦ
1391 4364 1587 4429 παντὸς
1643 4366 1891 4433 τέτοκας,

318 4450 382 4503 ὃν
409 4452 474 4503 ὲκ
501 4451 679 4521 ψυχῆς
704 4454 940 4522 Δομνίκα
996 4454 1256 4519 ποθοῦσα,
1312 4454 1500 4509 παθῶν
1555 4453 1896 4527 φθοροποιῶν

320 4545 732 4618 κατακυριεύει,
754 4548 1018 4620 Παρθένε,
1039 4548 1285 4618 ὑμνοῦσα
1311 4565 1394 4604 σε.

392 4743 471 4795 Δι’
495 4743 615 4813 ἐμὲ,
645 4744 763 4797 κατ’
802 4744 901 4813 ἐμὲ
953 4744 1289 4815 ἐχρημάτισε
1352 4743 1553 4814 βρέφος
1613 4746 1642 4798 ό
1702 4747 1899 4799 παντέ-

322 4837 486 4900 λειος,
550 4835 912 4899 ἁνακαινίζων
978 4854 1046 4906 με
1096 4835 1477 4891 παλαιωθέντα
1537 4834 1754 4900 πάθεσι,
1811 4834 1901 4889 διὰ

323 4927 446 4993 σοῦ,
483 4928 721 4996 παναγία
746 4928 1037 4999 θεόνυμφε.

409 5039 583 5109 Ἰσχύς
617 5057 739 5110 μου,
778 5040 871 5094 καὶ
901 5040 1157 5112 ὕμνησις,
1184 5043 1278 5096 καὶ
1313 5044 1560 5114 σωτηρία
1594 5043 1829 5116 ὑπάρχει
1871 5045 1902 5097 ό

325 5135 554 5204 Κύριος,
572 5136 600 5188 ὃ
616 5138 689 5201 ,σε
722 5135 944 5206 Μητέρα
961 5138 1235 5206 πάναγνον
1260 5140 1355 5192 καὶ
1372 5140 1594 5209 νύμφην
1615 5140 1899 5208 ἀνύμφευ-

324 5245 418 5279 τον
449 5228 933 5299 προεκλεξάμενος,
960 5229 1019 5282 ὃν
1052 5230 1192 5300 ὑπὲρ
1218 5231 1327 5285 τῶν
1357 5232 1559 5285 δούλων
1582 5248 1676 5284 σου
1704 5232 1791 5285 ἀεὶ
1823 5231 1900 5302 μὴ

324 5319 582 5393 διαλίπῃς
611 5321 955 5390 πρεσϐεύειν,
992 5321 1252 5391 ἇχραντε.

415 5433 474 5487 '0
495 5434 813 5507 ὑπερούσιος
845 5436 976 5500 Θεὸς
999 5435 1274 5490 οὑσιοῦται
1300 5436 1367 5489 δι’
1390 5438 1539 5507 ἡμᾶς
1561 5437 1625 5490 ἐκ
1653 5436 1762 5489 τῶν
1792 5435 1901 5491 σῶν

331 5525 676 5594 σπλάγχνων,
711 5528 808 5597 τὴν
837 5527 1136 5597 φθαρεῖσαν
1176 5529 1363 5582 οὐσίαν
1397 5530 1760 5597 ξὰνακαινίσαι
1801 5530 1902 5597 ςη-

329 5616 464 5681 τῶν,
496 5617 563 5669 δι’
596 5613 798 5683 οἶκτον,
830 5619 1098 5689 Παρθένε,
1122 5620 1219 5673 καὶ
1250 5619 1420 5687 ἔλεον,
1448 5620 1477 5673 ὁ
1511 5621 1902 5691 δεδοξασμένος

331 5702 413 5765 εἰς
442 5704 647 5768 πάντας
671 5707 797 5770 τοὺς
826 5707 1051 5772 αἰῶνας.
1128 5781 1135 5787 .

403 5886 591 5939 Φεῖσαί
613 5903 736 5958 μου,
766 5887 956 5960 Κύριε,
990 5891 1338 5964 φεῖσαιβταν
1363 5892 1564 5965 μέλλῃς
1595 5911 1661 5963 με
1686 5895 1893 5966 κρῖναι,

1983 2084 2086 2140 dit!
2118 2085 2404 2151 Quomodo
2434 2085 2601 2153 paris,
2630 2093 2683 2139 et
2712 2099 3000 2154 permanes
3030 2082 3216 2153 Virgo,
3242 2097 3275 2136 ο
3304 2081 3551 2136 castissi-

1985 2191 2071 2230 ma
2095 2191 2292 2245 sponsa
2321 2175 2449 2229 Dei?
2480 2174 2746 2229 Nimirum
2780 2174 3017 2231 Verbum
3043 2173 3189 2244 Patri
3220 2183 3551 2228 coaeternum

1983 2266 2240 2336 genuisti,
2299 2266 2386 2319 cui
2437 2281 2626 2320 onmes
2662 2265 2996 2333 psallimus:
3057 2263 3319 2331 Laudate,
3370 2264 3554 2318 omnia

1983 2372 2167 2426 opera,
2194 2365 2247 2412 et
2281 2358 2679 2426 superexaltate
2707 2357 2993 2411 Dominum
3025 2357 3081 2410 in
3116 2358 3297 2411 omnia
3323 2356 3547 2412 sarcula.

2051 2447 2217 2503 Jubar
2247 2446 2475 2519 fulguris
2508 2458 2694 2518 partus
2742 2447 2818 2502 tui
2863 2447 3085 2513 eﬂ‘ulsit,
3129 2457 3293 2518 atque
3328 2447 3550 2501 univer-

1982 2554 2103 2594 sum
2138 2548 2405 2594 terrarum
2443 2539 2629 2593 orbem
2669 2540 2949 2595 laetissimo
2975 2526 3181 2594 lumine
3208 2537 3463 2608 perfudit,
3493 2552 3556 2590 ac

1984 2632 2332 2687 tenebrarum
2368 2632 2667 2701 principem
2712 2632 2970 2702 perdidit,
3003 2646 3035 2685 ο
3067 2629 3161 2685 Dei
3183 2629 3426 2684 Genitrix
3460 2643 3554 2681 ea-

1981 2723 2245 2789 stissima,
2292 2724 2610 2793 angelorum
2666 2724 2944 2794 gloriatio,
2980 2733 3143 2793 atque
3173 2720 3417 2776 omnium
3456 2720 3555 2773 Ito-

1984 2816 2191 2870 minum
2224 2816 2397 2883 salus,
2432 2817 2525 2887 qui
2571 2815 2973 2872 incessantibus
3017 2815 3242 2871 vocibus
3277 2821 3327 2869 te
3359 2826 3557 2867 conce-

1984 2906 2216 2963 lcbraut.

1988 3030 2075 3085 Ex
2126 3031 2338 3088 Canone
2411 3033 2467 3087 in
2538 3042 2777 3087 sanctam
2833 3032 3059 3087 Matrem
3144 3040 3378 3087 nostram
3447 3029 3558 3085 Do-

2544 3104 2796 3169 mnicam,
2825 3104 2908 3157 die
2933 3105 2987 3159 8.

2058 3248 2196 3301 Ante
2213 3256 2427 3316 partum
2453 3246 2790 3316 incorrupta,
2812 3245 2976 3301 etiam
3005 3252 3127 3315 post
3151 3254 3365 3315 partum
3392 3242 3559 3311 Virgo

1990 3338 2343 3411 permansisti
2379 3354 2542 3408 supra
2593 3348 2803 3393 natura:
2849 3338 3119 3402 ordinem,
3159 3353 3193 3391 ο
3238 3337 3330 3391 Dei
3368 3337 3556 3390 Mater.

1988 3431 2352 3498 Quamobrem
2386 3429 2493 3500 50
2526 3430 2782 3486 Domnica
2817 3440 2868 3484 te
2899 3430 2950 3483 in
2994 3427 3199 3497 Spiritu
3245 3440 3435 3483 sancto
3465 3428 3562 3481 de-

1989 3525 2261 3588 siderans,
2289 3534 2411 3593 post
2428 3533 2480 3579 te
2508 3526 2821 3595 incorrupta
2845 3523 3079 3579 adducta
3098 3530 3201 3589 est,
3224 3536 3257 3576 o
3278 3521 3559 3585 inviolata,

1990 3618 2102 3688 regi
2134 3617 2375 3672 omnium
2404 3616 2544 3672 Filio
2562 3627 2674 3674 tuo.

2059 3708 2388 3775 Corrobora,
2433 3724 2467 3764 ο
2500 3710 2981 3766 intemeratissima
3032 3710 3279 3776 Domina,
3332 3710 3564 3764 infirmi-

1994 3808 2157 3853 tatem
2199 3816 2400 3867 meam,
2431 3809 2486 3855 tu
2519 3816 2641 3870 qua:
2682 3801 2937 3857 virtutem
2973 3802 3240 3856 Altissimi
3282 3803 3562 3870 peperisti,

1990 3904 2112 3959 qua:
2161 3890 2418 3947 omnibus
2474 3891 2571 3947 dat
2621 3906 2766 3960 esse,
2825 3903 2881 3949 et
2925 3892 3199 3948 Domnicae
3240 3893 3557 3947 memoriam

1992 3981 2326 4050 magniﬁcat.

2063 4089 2270 4146 Tunica
2313 4090 2658 4146 mortalitatis
2691 4091 2843 4146 exuit
2883 4090 3148 4156 Adamus,
3188 4089 3372 4145 divino
3406 4099 3561 4158 partu

1994 4192 2107 4249 tuo,
2160 4194 2214 4238 ct
2262 4183 2437 4238 induit
2483 4198 2543 4239 se
2597 4184 2756 4249 stola,
2805 4199 2967 4253 quam
3015 4183 3357 4238 incarnatqu
3434 4181 3565 4238 Ver«

1994 4278 2123 4331 bum
2183 4276 2358 4331 solum
2405 4276 2459 4331 in
2526 4285 2683 4331 utero
2740 4285 2833 4331 tuo
2900 4275 3199 4331 contexuit.

2068 4366 2330 4422 Sanctum
2356 4368 2600 4423 omnium
2630 4368 2918 4423 Dominum
2947 4369 3225 4438 peperisti.
3259 4385 3292 4423 ο
3321 4368 3566 4423 Domini-

1996 4474 2150 4531 para,
2218 4475 2383 4530 quem
2452 4475 2518 4513 ex
2582 4460 2764 4514 animo
2828 4459 3086 4516 Domnica
3146 4462 3565 4531 concupiscens,

1999 4552 2313 4621 passionum
2363 4549 2766 4606 mortiferarum
2818 4550 3151 4618 dominatur,
3200 4561 3271 4619 te,
3308 4568 3341 4606 o
3380 4550 3565 4623 Virgo,

2000 4642 2338 4697 couaudans.

2068 4753 2297 4821 Propter
2320 4766 2407 4805 me
2439 4751 2614 4806 factus
2636 4760 2719 4805 est
2744 4750 2941 4806 similis
2971 4751 3073 4804 mei
3110 4750 3292 4806 infans
3325 4751 3433 4816 ille,
3472 4754 3565 4820 qui

1998 4852 2082 4899 est
2107 4842 2575 4913 perfectissimus,
2615 4853 2672 4896 ut
2702 4858 2787 4896 me
2820 4841 3169 4911 passionibus
3210 4842 3603 4896 inveteratum~

1998 4942 2284 4989 renovaret
2312 4948 2405 5001 per
2435 4944 2507 4999 te,
2533 4947 2565 4987 ο
2593 4932 2941 4987 sanctissima
2973 4931 3067 4985 Dei
3102 4945 3324 5000 sponsa.

2070 5045 2352 5101 Fortitudo
2378 5060 2515 5109 mea,
2548 5053 2603 5098 et
2633 5044 2752 5097 laus
2779 5053 2833 5097 et
2862 5044 3151 5097 salusmea
3175 5051 3269 5097 est
3282 5042 3565 5108 Dominus,

2000 5136 2093 5205 qui
2137 5145 2187 5190 te
2233 5134 2458 5190 Matrem
2508 5132 3062 5197 intaminatissimam,
3096 5141 3151 5186 et
3189 5147 3448 5200 sponsam
3486 5134 3571 5186 iu-

2001 5238 2224 5297 nuptam
2259 5227 2453 5297 elegit;
2479 5225 2623 5296 apud
2651 5240 2813 5295 quem
2841 5240 2911 5279 ne
2943 5225 3326 5293 praetermittas
3350 5224 3571 5281 assidue

1999 5333 2099 5387 pro
2128 5318 2315 5374 servis
2335 5317 2443 5373 tuis
2464 5317 2817 5381 intercedere,
2851 5332 2886 5371 o
2917 5317 3200 5371 inviolata.

2073 5430 2797 5499 SupersubstantialisDeus
2812 5430 2869 5484 fit
2889 5430 3196 5485 substantia
3228 5437 3446 5499 propter
3466 5444 3568 5483 nos

2000 5539 2067 5580 ex
2105 5524 2404 5579 visceribus
2453 5526 2581 5590 tuis,
2618 5526 2980 5582 substantiam
3018 5534 3329 5594 corruptam
3384 5524 3568 5577 redin-

2001 5622 2214 5684 tegrare
2241 5614 2482 5683 cupiens,
2525 5630 2558 5669 ο
2588 5614 2773 5685 Virgo,
2815 5625 3030 5684 pr0pter
3064 5628 3218 5668 suam
3254 5612 3567 5665 misericor-

2000 5704 2167 5768 diam,
2219 5712 2273 5759 et
2318 5705 2606 5773 pietatem,
2660 5705 2752 5774 qui
2809 5713 2894 5759 est
2948 5702 3217 5774 gloriosus
3272 5700 3328 5754 in
3384 5702 3567 5754 omnia

2001 5795 2218 5852 saecula.

2077 5889 2247 5945 Parce
2275 5888 2431 5955 mihi,
2462 5886 2708 5957 Domine,
2736 5904 2896 5959 parce
2927 5903 3051 5942 cum
3086 5889 3296 5942 veneris
3329 5886 3393 5941 ad
3421 5885 3566 5956 judi-
