3996 6582
418 370 433 381 ’
452 416 595 487 .1047

1546 420 1609 481 S.
1648 417 1961 481 JOSEPIII
2003 418 2557 481 llYMNOGRAPIII

3573 411 3640 476 10
3650 412 3711 475 l8

461 530 696 589 candum
743 546 864 597 me,
896 540 950 586 et
1000 548 1064 587 ne
1105 548 1189 587 me
1244 531 1573 588 condemnes
1606 532 1671 585 ad
1710 533 1922 602 ignem,
1964 546 2031 585 ne

2159 534 2227 585 [αὶ
2262 535 2336 604 μὴ
2367 532 2736 604 καταδικάσῃς
2769 546 2835 600 με
2862 529 2943 593 είς
2980 527 3111 598 πῦρ,
3146 528 3223 598 μὴ
3289 525 3366 598 τῷ
3421 525 3583 596 θυμῷ
3625 544 3717 580 σου

464 622 520 677 in
549 623 626 677 ira
668 632 759 678 tua
788 638 985 691 arguas
1015 640 1133 691 me;
1181 634 1432 694 precatur
1463 632 1515 678 te
1564 622 1747 693 Virgo,
1785 640 1904 693 qua:
1935 640 2031 693 pe-

464 715 605 785 perit
655 723 729 777 te,
759 729 793 768 0
843 715 1077 781 Christe,
1125 731 1229 771 una
1285 732 1412 771 cum
1457 715 1777 789 angelorum
1833 715 2034 781 turbis,

463 817 628 879 atque
655 808 940 864 ordinibus
969 818 1305 864 sanctorum.

467 919 553 976 Ea:
586 921 795 978 Canam
838 922 891 976 in
924 920 1023 976 SS.
1064 921 1374 1049 lleng‘ltgm
1404 931 1452 977 et
1500 921 1860 979 Stratonicum
1891 919 2033 976 ΗΜ.

1169 1010 1214 1047 te
1331 1034 1343 1047 .

1169 1010 1214 1047 88
1256 1010 1343 1047 10.

530 1095 819 1164 Dominus,
844 1099 935 1168 qui
970 1114 1002 1153 a
1029 1098 1177 1155 nulla
1203 1109 1456 1155 creatura
1481 1100 1601 1169 capi
1638 1107 1734 1154 aut
1765 1098 2035 1154 contineri

461 1197 659 1255 potest,
711 1189 766 1244 in
819 1200 890 1255 te,
934 1189 1187 1256 Domina,
1230 1191 1566 1255 continetur,
1615 1197 1834 1259 propter
1878 1204 2033 1243 suam

460 1280 898 1337 misericordiam
948 1281 1049 1352 51
1096 1281 1274 1340 factus
1308 1284 1506 1349 homo,
1554 1290 1614 1338 ut
1662 1281 1911 1336 homines
1941 1296 2036 1350 per

463 1371 790 1428 inell‘abilem
840 1373 1235 1430 humanitatem
1289 1388 1354 1429 ac
1411 1373 1797 1445 benignitatem
1851 1372 2033 1429 salvos

460 1466 646 1521 faciat.

532 1556 578 1611 Ο
605 1556 981 1623 sanctissima,
1007 1568 1130 1626 quae
1154 1555 1563 1611 sanctissimum
1602 1553 1837 1611 Verbum
1867 1569 2033 1625 pepe-

461 1646 608 1713 risti,
652 1647 931 1704 sanctiﬁca
970 1647 1182 1703 animas
1212 1656 1266 1702 et
1305 1662 1535 1716 corpora
1573 1656 1786 1713 nostra,
1827 1650 1951 1703 dum
1981 1656 2034 1703 te

463 1739 616 1794 omni
644 1737 803 1795 laude
831 1737 1208 1809 dignissimam
1228 1737 1625 1795 beatiﬁcamus.

537 1831 783 1887 Renovat
824 1831 1115 1887 humanam
1171 1839 1423 1886 naturam
1467 1845 1642 1887 novus
1686 1829 1886 1895 infans,
1931 1832 2033 1887 Do-

2141 623 2364 695 ὲ).ἐγξῃς
2391 642 2481 695 με,
2496 624 2735 678 δυσωπεῖ
2757 639 2816 675 σε
2846 621 3144 691 Παρθένος,
3166 619 3201 688 ἥ
3221 636 3281 672 σε
3304 621 3717 689 κυοφορήσασα,

2138 716 2363 787 Χριστὲ,
2401 715 2508 770 τῶν
2535 713 2783 785 ἀγγέλων
2806 712 2875 768 τὰ
2903 712 3103 784 πλήθη,
3128 711 3222 765 καὶ
3249 710 3358 764 τῶν
3385 709 3550 765 ὁσίων
3576 710 3715 778 τάγ-

2145 822 2317 875 ματα.

2154 918 2251 972 Ἐκ
2276 918 2380 972 τοῦ
2408 918 2678 981 Κανόνος
2710 920 2796 982 είς
2827 915 2972 981 τοὺς
2997 916 3205 985 ἁγίους
3228 914 3539 985 μάρτυρας
3581 914 3721 982 Ἔρ-
3760 966 3778 977 ,

2367 991 2571 1057 μυλον
2597 988 2695 1042 καί
2724 984 3142 1057 Στρατόνικον,
3175 985 3363 1055 ἡμέρᾳ
3392 984 3497 1054 er'.

2220 1097 2514 1168 ’Υπάρχων
2544 1098 2573 1151 ὁ
2603 1096 2745 1151 κατὰ
2778 1096 2942 1165 φύσιν
2971 1095 3176 1165 Κύριος
3210 1096 3377 1149 πᾶσιν
3405 1092 3718 1164 ἁχὼρητος,

2142 1191 2199 1245 ὲν
2223 1189 2307 1245 σοὶ
2387 1191 2668 1265 χωρετται,
2755 1191 3046 1255 Δέσποινα,
3097 1188 3288 1259 βροτὸς
3342 1187 3721 1257 εὐσπλαγχνίᾳ

2138 1282 2451 1351 γενόμενος,
2486 1282 2571 1335 ἵνα
2629 1281 2857 1351 βροτοὺς
2916 1280 2986 1336 δι’
3041 1280 3249 1349 ἄφατον
3304 1278 3720 1349 φιλανθρωπίαν

2135 1372 2491 1444 διασώσηται.

2220 1558 2523 1629 ’Υπεραγία
2546 1556 2845 1629 ὑπεράγων
2868 1556 3041 1625 Λόγον
3074 1556 3345 1626 κυήσασα,
3376 1554 3717 1622 καθαγῑασον

2134 1648 2289 1719 ἡμῶν
2312 1646 2407 1701 καὶ
2427 1648 2525 1711 τὰς
2544 1647 2721 1718 ψυχὰς
2740 1647 2834 1701 καὶ
2853 1646 2921 1700 τὰ
2936 1645 3163 1717 σώματα
3180 1645 3287 1699 τῶν
3306 1643 3719 1716 μακαριζόντων

2135 1757 2196 1794 σε
2226 1741 2323 1811 τὴν
2356 1739 2784 1812 παναμὼμητον.

2204 1846 2473 1913 Νεουργεϊ
2511 1844 2612 1916 τὴν
2658 1843 3059 1916 ἀνθρωπότητα
3107 1841 3227 1897 νέον
3289 1840 3513 1912 βρέφος,
3549 1840 3578 1893 ό
3612 1838 3720 1910 πρὸ

465 1923 669 1988 minus,
712 1922 806 1993 qui
838 1930 922 1978 est
960 1932 1088 1980 ante
1116 1921 1341 1988 saecula,
1378 1937 1648 1992 apparens
1681 1938 1746 1977 ex
1792 1922 2034 1994 Virgine,

2159 1905 2362 1993 Iltbvmv‘
2387 1905 2612 2008 Κύριος,
2642 1905 2829 2006 ὀφθεὶς
2854 1938 2919 1990 ὲκ
2942 1905 3242 2007 Ῑίαρθένου,
3276 1905 3371 1986 καὶ
3405 1905 3596 2002 ⁷βροτὸς
3628 1905 3720 1999 γε·

465 2015 644 2071 factus
665 2014 850 2070 homo.
879 2013 955 2069 Illi
994 2014 1388 2071 concinamus:
1422 2013 1630 2081 Gloria,
1660 2012 1911 2082 Domine,
1941 2028 2039 2085 po-

466 2105 649 2160 tentia:
688 2113 815 2160 ture.

539 2196 708 2253 Deum
761 2211 927 2268 supra
964 2212 1184 2253 omnem
1229 2197 1505 2255 sermonis
1547 2196 1858 2267 mentisque
1900 2210 2036 2252 con-

467 2297 681 2360 ceptum
714 2289 977 2360 genuisti,
1011 2298 1065 2344 et
1085 2288 1264 2361 qualis
1294 2288 1476 2344 fueras
1504 2296 1629 2344 ante
1655 2296 1895 2355 partum,
1918 2295 2042 2358 post

468 2388 686 2448 partum
714 2377 876 2434 etiam
928 2378 1276 2450 permansisti
1304 2378 1479 2449 virgo,
1515 2392 1549 2434 ο
1576 2385 1727 2435 casta
1762 2375 1874 2433 Deo
1903 2377 2040 2432 cha-

467 2467 712 2522 rissima.
1831 2530 1834 2534 Α

540 2558 866 2615 Passienum
912 2559 1098 2615 carnis
1158 2573 1294 2615 meae
1350 2556 1575 2623 ﬂuctus,
1636 2567 1687 2614 te
1736 2571 1951 2632 precor,
2002 2570 2041 2612 ο

469 2652 669 2723 puella,
705 2650 790 2705 lac
827 2650 1133 2720 quiescere,
1168 2665 1233 2707 ac
1264 2649 1429 2705 veluti
1461 2647 1794 2716 obdormire,
1828 2660 2042 2717 semper

470 2743 717 2813 vigilanti
750 2744 1140 2800 intercessione
1166 2750 1292 2810 tua;
1326 2757 1502 2815 neque
1540 2741 1689 2797 sinas
1716 2755 1801 2795 me
1826 2739 1880 2796 in
1911 2754 2039 2811 pru-

472 2835 861 2893 fundissimum
894 2834 1100 2906 peccati
1136 2848 1387 2890 somnum
1418 2832 1682 2887 incidere.

542 2925 644 2993 Te,
677 2940 801 2998 qum
828 2925 953 2981 vitae
974 2940 1174 2979 manna
1198 2925 1253 2981 in
1289 2934 1445 2979 utero
1474 2922 1724 2994 portasti,
1757 2936 1896 2977 urna
1926 2919 2040 2987 illa,

470 3032 595 3088 quae
629 3031 833 3072 manna
862 3015 1201 3079 continebat,
1230 3014 1360 3070 olim
1401 3014 1688 3069 verissime
1715 3027 1783 3068 ac
1806 3010 2040 3066 manife-

473 3109 716 3164 stissime
744 3108 1145 3180 praeﬁgurahat.
1188 3105 1479 3162 Benedicta
1512 3114 1571 3161 tu
1610 3106 1666 3161 in
1699 3103 2042 3177 mulieribus,

472 3218 507 3258 ο
543 3200 771 3256 Domina
808 3198 1128 3269 purissima.

544 3264 936 3363 Aperitur-per
972 3298 1022 3347 te
1052 3290 1252 3346 iterum
1293 3287 1554 3358 antiquus
1601 3285 1693 3342 ille
1722 3282 2039 3351 Paradisus,
2068 3264 2114 3325 ο

474 3396 532 3442 et
579 3384 948 3441 introducitur
994 3383 1051 3438 in
1088 3398 1210 3438 eum
1266 3381 1429 3437 homo
1470 3389 1630 3435 antea
1656 3377 1970 3444 damnatus,
2004 3391 2042 3431 ο

473 3484 628 3532 casta
668 3475 780 3530 Deo
810 3473 1155 3531 charissima.
1210 3473 1276 3527 Et
1310 3472 1452 3526 Deus
1482 3469 1772 3527 verissime
1808 3468 2042 3525 assumit

480 3565 765 3619 hominum
804 3578 1042 3618 massam
1076 3561 1431 3617 clamanfium
1467 3578 1483 3616 :
1539 3560 1819 3627 Laudato,
1853 3558 2039 3616 omnia

477 3670 668 3726 opera,
704 3654 1019 3713 Dominum.

549 3748 962 3803 Exhorreseuut
1003 3743 1290 3801 cherubim
1328 3742 1571 3800 videntes
1603 3740 1842 3799 Verbum
1883 3743 2041 3811 illud,

480 3839 626 3909 quod
657 3838 801 3896 inter
827 3852 926 3894 eos
955 3836 1213 3894 inelfab'tli
1248 3835 1415 3891 verbo
1458 3841 1565 3900 est,
1598 3845 1656 3893 et
1693 3835 1920 3902 residet,
1946 3848 2041 3905 σοι

480 3940 682 3986 statum
716 3929 980 3985 maternis
1004 3928 1151 3984 ulnis
1179 3928 1289 3983 tuis
1312 3926 1599 3993 infantem,
1634 3943 1668 3983 o
1694 3927 2043 3987 sanctissima

480 4019 733 4088 Domina,
760 4035 884 4092 quae
912 4034 1003 4079 res
1027 4034 1221 4077 omnes
1246 4026 1459 4076 creatas
1493 4018 1777 4091 dignitatis
1817 4018 2042 4077 celsitu-

388 4100 391 4101 ⁷
479 4112 609 4169 dine
628 4113 915 4185 praecellis.

833 4236 919 4293 Es
951 4237 1119 4293 altera
1152 4238 1207 4292 iu
1223 4238 1432 4295 eosdm
1457 4235 1697 4297 Canens.

551 4382 852 4455 Compesce
895 4392 1243 4452 peccatorum
1288 4396 1533 4438 meorum
1573 4380 1779 4447 ﬂuxus,
1810 4388 1892 4449 tu,
1925 4394 2047 4450 qua:

483 4473 680 4529 mortis
697 4473 1060 4542 corruptelam
1080 4482 1239 4543 partu
1257 4480 1351 4528 tuo
1366 4471 1654 4529 exsiccasti
1674 4488 1692 4539 ;
1710 4480 1764 4525 et
1781 4486 2048 4542 compun-

483 4566 723 4623 ctiouem
747 4564 987 4620 concede
1014 4562 1172 4627 mihi,
1200 4577 1234 4618 ο
1261 4561 1353 4618 Dei
1379 4562 1625 4619 Genitrix
1657 4563 1972 4633 purissima.

554 4653 780 4709 Gladius
821 4651 912 4707 ille
966 4650 1261 4715 versatilis,
1312 4650 1406 4721 qui
1454 4650 1700 4707 Paradisi
1760 4651 2045 4722 ingressus

488 4742 878 4813 prmeludebat,
919 4736 1195 4797 erubescit
1226 4756 1290 4795 ac
1327 4741 1533 4811 pudore
1575 4740 1920 4811 perfunditur
1966 4742 2046 4797 vi-

484 4832 621 4889 dens
650 4832 894 4888 lanceam
919 4831 1093 4898 illam,
1125 4847 1245 4903 qua:
1265 4831 1464 4887 Filium
1495 4843 1669 4899 tuum,
1695 4848 1729 4889 ο
1746 4831 1913 4904 Virgo
1933 4832 2046 4887 illa-

486 4934 590 4986 ter,
622 4923 947 4981 vulneravit.

556 5014 665 5085 53
716 5012 804 5070 Mc
858 5014 913 5069 in
964 5013 1193 5084 segnitie
1250 5011 1635 5079 dormientem,
1693 5020 1748 5068 et
1809 5012 2049 5082 peccatis

486 5116 831 5178 coopertum,
866 5108 933 5162 ad
972 5108 1347 5177 penitentiam
1385 5107 1586 5174 excita,
1631 5120 1666 5161 ο
1717 5106 2047 5172 castissima,

486 5209 747 5270 tanquam
777 5197 939 5254 Verbi
983 5198 1172 5254 Mater.

557 5289 843 5357 Tanquam
874 5289 1130 5358 pulchra,
1166 5299 1428 5360 tanquam
1473 5288 1745 5360 speciosa,
1785 5298 2049 5360 tanquam

454 5381 741 5452 ~puritatis
785 5379 1000 5451 fulgore
1058 5397 1379 5445 coruscans,
1437 5380 1672 5438 Verbum
1734 5383 2044 5451 speciosum

487 5474 663 5528 forma
685 5473 989 5544 corporasti
1014 5487 1080 5528 ac
1112 5473 1390 5544 peperisti,
1413 5488 1447 5528 ο
1468 5472 1636 5544 Virgo
1658 5472 1831 5530 Mater
1854 5490 1869 5528 :
1894 5474 2048 5543 quod

484 5565 671 5621 divina
704 5565 1315 5635 operationeomnibus
1343 5566 1437 5623 dat
1457 5582 1584 5627 esse
1621 5582 1689 5624 ex
1718 5567 1923 5625 divitiis
1957 5567 2053 5624 be-

488 5657 771 5742 nignitatis
795 5673 931 5715 suae.
1579 5725 1593 5738 ,

560 5747 728 5814 Sana,
769 5765 803 5804 ο
844 5750 1071 5820 Deipara
1128 5750 1313 5822 Virgo,
1364 5760 1621 5822 tanquam
1682 5751 2046 5821 compatiens,

482 5840 773 5911 passiones
804 5841 1035 5898 infirmae
1076 5843 1273 5900 anima:
1307 5859 1461 5911 meae,
1503 5853 1558 5900 et
1588 5842 1833 5899 dolorem
1864 5844 2046 5901 cordis

2143 2025 2399 2095 νόμενοςο
2423 2024 2575 2096 αὺτῷ
2610 2025 3013 2097 μελῳδήσωμεν
3038 2039 3053 2057 ·
3073 2024 3215 2091 Δόξα
3247 2025 3314 2094 τῇ
3336 2022 3565 2093 δυνάμει
3597 2038 3720 2085 σου,

2144 2118 2504 2275 Κυρὲῒιυησας
2534 2204 2669 2264 Θεὸν
2694 2203 2838 2277 ὑπὲρ
2863 2204 3022 2275 λόγον
3047 2204 3144 2260 καὶ
3169 2203 3399 2267 ἔννοιαν,
3426 2203 3521 2257 καὶ
3569 2202 3722 2273 ἔμει-

2145 2316 2243 2363 νας
2275 2300 2413 2370 μετὰ
2436 2299 2593 2353 τόκον
2621 2299 2698 2365 ὡς
2746 2298 2854 2371 πρὸ
2884 2297 3047 2353 τόκου
3079 2299 3370 2369 παρθένος,
3401 2296 3543 2366 ἁγνὴ
3582 2297 3718 2350 Θεο-

2145 2391 2435 2462 χαρίτοπε.

2217 2573 2499 2643 Κοίμησον
2528 2570 2639 2625 τῶν
2672 2570 2863 2626 παθῶν
2879 2570 2981 2641 τῆς
3001 2570 3202 2642 σαρκός
3230 2587 3332 2643 μου
3360 2569 3429 2623 τὰ
3494 2568 3721 2639 κύματα

2145 2667 2212 2737 τῇ
2237 2666 2519 2737 ἀκοιμήτῳ
2542 2680 2658 2732 σου,
2674 2664 2835 2737 κόρη,
2866 2664 3071 2737 ἱκεσίᾳ,
3094 2665 3315 2735 δέομαι,
3353 2664 3449 2718 καὶ
3475 2663 3552 2735 μὴ
3572 2662 3719 2736 δὼῃς

2149 2757 2422 2829 ἁμαρτίας
2447 2758 2773 2828 ἀφυπνῶσαί
2804 2776 2873 2831 με
2902 2756 3070 2813 ὕπνον
3100 2756 3423 2829 βαρύτατον.

2220 2921 2288 2976 Σὲ
2343 2920 2442 2993 τὴν
2467 2920 2529 2975 τδ
2574 2920 2888 2992 μάννατῆς⁴
2922 2919 3067 2990 ζωῆς
3094 2921 3155 2973 ἐν
3197 2918 3375 2989 κοιλίᾳ
3421 2916 3719 2987 φέρουσαν,

2150 3011 2318 3065 πάλαι
2346 3010 2673 3081 μανναδόχος
2711 3011 2947 3081 στάμνος
3004 3010 3080 3074 ὡς
3134 3007 3355 3079 ἀληθῶς
3397 3007 3719 3077 προετύπου

2150 3102 2553 3174 ἐμφανέστατα.
2584 3102 2939 3174 Εὐλογημένη
2968 3102 3031 3156 σὺ
3052 3104 3110 3157 ὲν
3135 3100 3370 3171 γυναιξὶ,
3402 3099 3719 3170 navapr
3756 3162 3763 3169 _

2149 3194 2435 3249 Δέσποινα.

2218 3284 2520 3354 Ἀνοίγεται
2566 3284 2730 3340 πάλιν
2766 3284 2856 3339 διὰ
2891 3283 2985 3340 σοῦ
3010 3285 3039 3338 ὁ
3068 3284 3201 3356 πρὶν
3230 3283 3592 3355 Παράδεισος,
3624 3282 3720 3335 καὶ

2141 3374 2494 3444 ἑπεισάγεται
2521 3376 2549 3430 ό
2577 3377 2709 3448 πρὶν
2732 3376 3059 3445 κατάκριτος
3084 3374 3392 3445 ἄνθρωπος,
3426 3375 3523 3427 καὶ
3561 3373 3717 3427 θεοῦ-

2149 3468 2627 3540 ταιάληθὲστατα,
2664 3467 3029 3539 Θεοχαρίτωτε
3054 3466 3219 3537 ἁγνὴ,
3262 3466 3472 3539 βροτῶν
3503 3466 3565 3519 τὸ
3619 3463 3720 3533 φύ-

2145 3576 2317 3631 ραμα,
2340 3559 2452 3615 τῶν
2476 3560 2726 3632 βοόντωνο
2764 3561 2951 3615 Πάντα
2974 3559 3039 3613 τὰ
3058 3558 3464 3631 ἑργα,’ὑμνεῖτε
3490 3557 3585 3611 τὸν
3609 3556 3718 3610 Κύ-

2142 3670 2285 3723 ριον.

2211 3743 2428 3815 Φρίττει
2453 3744 2721 3814 χερουᾶμ
2746 3742 3066 3816 καθορῶντα
3094 3742 3185 3797 τὸν
3203 3745 3261 3798 ὲν
3284 3743 3471 3807 αὐτοῖς
3494 3743 3719 3814 seseex,»

2144 3834 2289 3907 λόγῳ
2313 3835 2774 3908 ὶπικαθεζόμενον
2800 3836 2997 3906 Λόγον,
3032 3835 3242 3907 μητρὸς
3264 3835 3542 3903 ἀγκάλαις
3588 3834 3713 3903 βρέ-

2144 3943 2245 3996 φος
2276 3928 2643 3999 κρατούμενόν
2668 3945 2784 3997 σου,
2818 3928 3060 3998 παναγία
3079 3928 3373 3992 Δέσποινα,
3408 3927 3715 3997 ὑψηλοτέρα

2144 4017 2326 4093 πάσης
2352 4018 2606 4086 κτίσεως.

2296 4243 2395 4299 Ἐκ
2414 4243 2524 4300 τοῦ
2536 4242 2744 4313 ἐτέρου
2773 4244 3043 4310 Κατ-ὄνος
3066 4234 3155 4311 εἰς
3166 4242 3312 4311 τοὺς
3335 4244 3583 4309 αὐτούς.

2216 4389 2426 4461 Στῆσόν
2463 4407 2565 4462 μου
2595 4390 2869 4462 ἁμαρτίας
2898 4390 3025 4455 τοὺς
3065 4388 3308 4461 ὀχετοὺς,
3341 4390 3375 4460 ἡ
3418 4388 3516 4443 τοῦ
3566 4389 3718 4443 θανά·

2146 4501 2243 4538 του
2268 4484 2367 4554 τὴν
2397 4483 2604 4553 φθορὰν
2631 4481 2708 4553 τῷ
2728 4481 2874 4553 τόκῳ
2906 4499 3001 4535 σου
3039 4481 3355 4552 μαρὰνασα,
3388 4482 3486 4537 καὶ
3546 4483 3711 4536 κατά·

2068 4602 2119 4657 υ
2152 4574 2299 4641 νυξίν
2329 4591 2421 4645 μοι
2449 4574 2558 4638 δὸς,
2584 4574 2893 4645 Θεοκυῆτορ
2924 4574 3257 4643 πανάμωμε.

2229 4666 2498 4737 Ῥομφαία
2525 4666 2586 4719 τὸ
2617 4666 2748 4736 πρὶν
2777 4667 2810 4737 ἡ
2844 4664 3185 4735 στρεφομένη
3212 4663 3311 4727 τὰς
3341 4663 3583 4725 εἰσόδους
3629 4680 3712 4731 μοι

2148 4755 2387 4825 διδοῦσα,
2418 4756 2711 4827 αἰδουμένη
2752 4755 2852 4826 τὴν
2877 4756 3240 4826 κεντήσασαν,
3272 4755 3704 4826 Παρθενομῆτορ,

2150 4849 2373 4921 λόγχην,
2402 4848 2492 4903 τὸν
2523 4849 2588 4902 ὲκ
2611 4848 2705 4902 σοῦ
2730 4848 3011 4919 τεχθέντα.
3094 4892 3102 4905 ,

2231 5022 2502 5096 Ῥᾳθυμίᾳ
2551 5021 2906 5087 καθεύδοντα,
2936 5020 3033 5075 καὶ
3073 5024 3138 5093 τῇ
3165 5022 3410 5093 ἁμαρτίᾳ
3448 5020 3700 5089 συγκαλυ-

2150 5112 2439 5183 πτόμενον,
2459 5112 2597 5182 πρὸς
2622 5110 2909 5181 μετάνοιάν
2936 5126 3024 5181 με,
3046 5112 3309 5179 παναγνε,
3329 5110 3405 5173 ὡς
3432 5111 3525 5161 τοῦ
3543 5109 3698 5174 Λόγου

2152 5207 2351 5277 Μήτηρ
2380 5203 2733 5259 ἁνακάλεσαι.

2232 5298 2319 5360 Ὠς
2348 5297 2508 5365 καλὴ,
2530 5296 2605 5357 ὡς
2631 5293 2827 5365 ὡραία,
2845 5294 2921 5357 ὡς
2938 5295 3005 5364 τῇ
3021 5291 3357 5362 καθαρότητι
3375 5284 3692 5361 περιαστρά-

2151 5404 2383 5453 πτουσα,
2438 5386 2531 5441 τὸν
2572 5385 2773 5457 ὡραῖον
2808 5383 2993 5441 κάλλει
3040 5381 3408 5452 ὲσωμάτωσας
3424 5379 3589 5448 Λόγον
3612 5373 3696 5429 καὶ

2150 5479 2397 5543 τέτοκας,
2430 5479 2522 5533 τὸν
2543 5479 2602 5533 τὸ
2622 5472 2761 5532 εἶναι
2802 5478 2935 5530 πᾶσι
2955 5474 3312 5545 θεουργικῶς,
3366 5465 3694 5545 Παρθενομῆ·

2151 5587 2274 5641 τορ,
2308 5570 2683 5642 παρεχόμενον
2712 5567 2927 5638 πλούτῳ
2958 5565 3346 5638 χρηστότητος.

2224 5753 2306 5807 Τὰ
2335 5751 2481 5821 πάθη
2513 5752 2611 5821 τῆς
2643 5748 2976 5820 ἀσθενούσης
3010 5765 3116 5820 μου
3166 5747 3368 5818 ψυχῆς,
3400 5746 3570 5801 καὶτὸ
3613 5741 3690 5798 ἄλ-

2154 5861 2248 5915 γος
2281 5843 2381 5916 τῆς
2424 5844 2670 5918 καρδίας,
2695 5841 2962 5915 Παρθένε,
3006 5840 3102 5894 καὶ
3141 5839 3235 5894 τοῦ
3284 5840 3403 5905 νοὸς
3440 5838 3681 5909 ἐκτροπὰς
