3996 6598
344 461 482 528 1059

1733 481 2094 543 MARIALE.

3439 484 3583 552 1050

342 569 840 641 πολυτρόπους,ῶς
881 576 1194 649 συμπαθὴς.
1250 579 1502 646 Θεοτόκε,
1556 583 1911 653 θεράπευσον,

2022 589 2145 653 mei,
2180 596 2486 657 mentisque
2525 589 2707 645 varias
2736 595 3088 663 evagatlones
3135 601 3189 649 et
3239 608 3453 655 errores
3485 619 3499 656 :
3533 612 3590 657 et

345 662 443 714 καὶ
464 661 704 717 κόπασον
731 663 792 717 τὸ
814 665 1048 735 χαλεπὸν
1085 669 1195 724 τῶν
1262 670 1451 727 παθῶν
1471 690 1571 744 μου
1628 675 1911 732 κλυδώνιον

2022 682 2397 751 gravissimam
2458 681 2810 738 all'ectionum
2871 700 3119 742 mearum
3183 697 3584 759 tempestatem,

345 751 560 822 δέομαι.

415 842 574 896 Λύων
630 845 730 915 τῆς
780 845 924 912 Εὔας
940 850 1041 919 τὴν
1094 849 1365 920 κατάραν,
1417 854 1519 923 τὴν
1576 858 1916 931 πανάμωμον

345 932 674 1007 κατῴκησας
724 937 991 1008 γαστέρα,
1042 940 1298 1009 εὐλογίας
1332 944 1516 1013 πηγὴν
1566 946 1776 1015 βλύζων
1805 955 1918 1015 τοῖς

349 1025 548 1096 βοῶσιν
569 1041 584 1058 ·
618 1027 1017 1102 Εὐλογημένος,
1056 1033 1326 1103 πάναγνε,
1356 1035 1384 1087 ό
1414 1037 1623 1107 καρπός
1670 1041 1770 1112 τῆς
1817 1044 1918 1115 σῆς

345 1115 579 1179 κοιλίας.

427 1205 487 1259 '0
516 1209 659 1263 κατὰ
690 1208 865 1265 πάντα
891 1212 1093 1277 τέλειος
1133 1217 1229 1269 καί⁹
1285 1222 1352 1292 τῇ
1407 1224 1568 1293 φύσει
1624 1224 1920 1297 ἀπρόσιτος

346 1297 501 1369 ὤφθη
526 1299 779 1372 πρόσιτός
804 1321 893 1373 μοι
916 1305 1095 1375 σάρκα
1117 1312 1503 1384 περικείμενος
1529 1317 1593 1371 ἐκ
1618 1316 1733 1383 σοῦ,
1757 1317 1919 1370 ἀπει-

348 1393 597 1464 ρόγαμεο
640 1393 700 1447 ὃν
754 1395 983 1461 ἐκτενῶς
1032 1399 1246 1457 ἱκέτευε
1299 1403 1408 1458 τῶν
1446 1407 1687 1479 ἀνομιῶν
1735 1427 1835 1478 μου
1860 1409 1923 1463 τὸ

346 1483 563 1553 φορτίον
598 1485 911 1553 σκορπίσαι,
940 1488 1030 1542 καὶ
1062 1490 1233 1547 σῶσαι
1291 1493 1664 1565 μελῳδοῦντοιο
1708 1497 1921 1571 Ἱερεῖς,

343 1573 637 1645 εὐλογεῖτεο
667 1574 816 1647 λαδς,
848 1578 1196 1653 ὑπερυψοῦτε
1243 1584 1481 1657 Χριστόν
1514 1590 1595 1654 είς
1619 1589 1745 1655 τοὺς
1795 1592 1924 1646 αίῶο

345 1682 471 1728 νας.
619 1684 629 1714 ι

415 1760 602 1815 Φετσαι
626 1779 752 1833 μου,
773 1764 978 1838 ἃῦτερ,
1007 1768 1035 1820 ό
1059 1770 1271 1841 τεχθεὶς
1299 1772 1392 1827 καὶ
1422 1773 1673 1844 φυλάξας
1704 1779 1805 1848 τὴν
1834 1796 1924 1831 τε·

344 1849 549 1909 κοῦσάν
578 1870 638 1910 σε
667 1853 905 1929 ἄφθορον
930 1861 1069 1930 μετὰ
1095 1860 1196 1933 τὴν
1224 1862 1440 1934 κύησιν,
1493 1867 1623 1921 ὅταν
1690 1868 1923 1943 καθίσῃς

2016 787 2219 841 (ιυιοεο,
2247 788 2559 844 compesce.

2088 860 2159 915 Ut
2201 861 2324 918 Eva:
2365 866 2610 923 solveres
2661 867 3127 935 maledictionem,
3171 880 3387 926 uterum
3436 877 3585 929 omni

2017 962 2292 1007 carentem
2341 954 2464 1010 labe
2517 956 2874 1026 inhabitasti,
2912 958 3308 1017 benedictionis
3376 962 3584 1019 fontem

2018 1042 2303 1099 en‘undens
2348 1044 2414 1099 iis
2449 1046 2544 1116 qui
2595 1047 2886 1106 clamant:
2934 1050 3283 1121 Benedictus,
3315 1067 3349 1108 ο
3394 1057 3582 1112 castis-

2018 1134 2177 1197 sima,
2210 1132 2422 1192 fructus
2454 1139 2663 1193 ventris
2703 1141 2807 1195 tui.

2087 1224 2192 1291 Qui
2212 1240 2306 1297 per
2323 1228 2505 1282 omnia
2521 1229 2793 1298 perfectus
2811 1240 2915 1299 est,
2933 1241 2987 1288 et
3010 1242 3207 1289 natura
3231 1234 3589 1292 inaccessibi«

2020 1315 2112 1382 lis,
2141 1315 2319 1374 factus
2349 1328 2435 1375 est
2466 1320 2602 1375 mihi
2631 1323 2967 1379 accessibilis
2997 1340 3163 1381 carne
3195 1326 3587 1392 circumdatus,

2019 1424 2087 1463 ex
2139 1416 2191 1464 te
2240 1418 2484 1480 accepta,
2515 1426 2549 1467 ο
2589 1412 2842 1484 innupta.
2881 1413 3145 1473 Eumdem
3180 1426 3239 1473 tu
3282 1420 3439 1475 enixe
3468 1436 3580 1489 pre-

2020 1514 2168 1565 care,
2228 1510 2289 1557 ιιι
2348 1502 2544 1560 allevct
2599 1518 2739 1561 onus
2803 1505 3153 1575 iniquitatum
3214 1524 3481 1576 mearum,
3538 1520 3588 1564 et

2021 1592 2195 1649 salvet
2246 1608 2332 1649 me
2392 1596 2770 1652 concinentem
2802 1614 2817 1652 ι
2848 1598 3217 1665 Sacerdotes,
3245 1602 3584 1673 benedicite;

2022 1684 2235 1755 populi,
2267 1687 2671 1755 superexaltatc
2694 1688 2973 1743 Christum
3007 1690 3063 1745 in
3086 1690 3308 1748 saecula.

2090 1777 2260 1833 Parce
2290 1778 2423 1833 mihi
2458 1777 2707 1833 Salvator
2736 1780 2826 1850 qui
2864 1790 3025 1836 natus
3051 1797 3131 1848 es,
3166 1792 3219 1837 et
3257 1783 3587 1843 Genitricrm

2023 1872 2171 1919 tuam
2218 1875 2343 1935 post
2393 1878 2607 1939 partum
2640 1868 3012 1938 incorruptam
3050 1874 3435 1941 conservasti,
3464 1891 3588 1929 cum

342 1943 526 2010 κρῖναι
545 1944 613 2000 τά
648 1945 785 2018 ἔργα
808 1965 933 2018 μου,
967 1952 1066 2016 τὰς
1096 1951 1337 2025 ἀνομίας
1369 1958 1649 2031 παρορῶν,
1685 1964 1781 2014 καὶ
1823 1963 1911 2025 τὰς

2026 1957 2245 2014 sedebis
2274 1968 2333 2012 ut
2351 1957 2565 2031 judices
2598 1975 2760 2033 opera
2789 1976 2943 2027 mea;
2988 1961 3349 2021 dissimulans
3386 1966 3587 2037 iniqui-

340 2034 618 2104 ἁμαρτίας
647 2055 773 2106 μου,
807 2040 884 2104 ὡς
925 2041 1264 2116 ἁμάρτητος,
1297 2045 1543 2119 ἐλεήμων
1557 2048 1633 2114 ὡς
1666 2051 1797 2116 Θεὸς
1826 2056 1911 2107 καί

2024 2056 2163 2104 tates
2201 2063 2372 2115 meas,
2403 2059 2456 2105 et
2485 2059 2701 2119 peccata
2728 2065 2847 2106 mea
2875 2063 3132 2122 tanquam
3163 2034 3533 2124 impeccabilis
3565 2098 3582 2124 ,

339 2125 746 2198 φιλάνθρωπος.

336 2212 447 2272 Ἐκ
464 2219 569 2275 τοῦ
589 2222 856 2290 Κανόνας
869 2225 958 2298 είς
976 2225 1083 2280 τὸν
1097 2226 1268 2298 ἅγιον
1287 2228 1579 2297 Ἰωάννην
1599 2234 1708 2291 τὸν
1722 2236 1919 2292 Καλύ-

882 2297 1084 2363 ϐητον,
1115 2298 1305 2371 ἡμέρᾳ
1333 2308 1420 2355 ιε’.

408 2396 686 2464 Χαλεπαῖς
712 2402 901 2456 παθῶν
928 2404 1263 2473 ἐπιϐουλαῖς,
1283 2411 1442 2482 κόρη,
1475 2415 1901 2486 χειμαζόμενος,

337 2489 437 2542 καὶ
486 2491 811 2561 προσϐολαῖς
848 2496 1134 2567 ἁμαρτιῶν
1195 2502 1573 2575 κλονούμενος,
1630 2508 1724 2563 σοῦ
1778 2509 1918 2581 πρὸς

336 2582 440 2655 τὴν
466 2584 766 2657 ἀκοίμητον
793 2590 1151 2657 προστασίαν,
1182 2594 1526 2666 πανύμνητε,
1549 2599 1701 2672 πόθῳ
1734 2618 1908 2658 κατα-

338 2674 567 2749 φεύγω..
595 2678 876 2751 Οίκτειρόν
904 2699 996 2755 με,
1025 2682 1219 2751 σῶσον,
1262 2686 1631 2758 ’Δειπάρθενε.

532 2801 608 2835 Α

408 2952 727 3027 Μυρίπνουν
747 2955 825 3021 ὡς
851 2956 1003 3029 ῥόδον
1035 2957 1144 3013 ἀπὸ
1168 2960 1719 3036 κοιλάδων,άχραντε,
1753 2967 1781 3022 ὁ
1806 2984 1913 3024 κα-

337 3044 504 3115 Θαρός
535 3062 594 3099 σε
624 3044 842 3121 εὕρατο,
894 3048 991 3101 καὶ
1027 3049 1085 3102 ὲν
1117 3050 1266 3121 μέσῳ
1319 3069 1415 3107 σου
1465 3057 1911 3133 κατεσκήνωσεν,

337 3134 569 3200 εὐωδίας
602 3135 900 3208 πληρώσας
936 3137 998 3192 τὸ
1026 3139 1386 3211 ἀνθρώπινον.

412 3241 623 3296 Ἴθυνόν
653 3260 756 3313 μου
798 3245 897 3314 τῆς
928 3243 1110 3315 ψυχῆς
1157 3246 1256 3311 τὰς
1286 3251 1552 3323 κινήσεις,
1578 3254 1913 3327 πανάμωμε,

2022 2137 2333 2195 misericors
2362 2150 2420 2197 ut
2451 2140 2615 2207 Deus,
2646 2152 2701 2197 et
2731 2142 3011 2203 hominum
3041 2155 3277 2203 amator.

2128 2227 2213 2285 Ea:
2228 2229 2439 2288 Canone
2464 2232 2519 2287 in
2560 2232 2621 2287 S.
2648 2232 2905 2293 Joannem
2936 2234 3256 2316 Calybitam,
3283 2238 3367 2292 die
3398 2237 3483 2293 15.

2095 2405 2497 2464 Molestissimis
2534 2409 2850 2479 passionum
2896 2410 3213 2477 insultihus,
3252 2396 3586 2483 quasi‘tem-

2021 2500 2320 2567 pestatibus
2353 2503 2676 2569 exagitatus,
2709 2510 2763 2557 et
2784 2511 3132 2572 peccatorum
3174 2504 3376 2562 ictibus
3429 2507 3585 2576 quasi

2019 2588 2277 2646 ﬂuctibus
2332 2607 2636 2648 concussus
2684 2594 2752 2647 ad
2812 2592 3140 2653 indefessam
3195 2597 3584 2667 protectionem

2021 2691 2167 2738 tuam
2200 2682 2457 2753 confugio
2506 2699 2631 2739 cum
2676 2685 2891 2755 affectu,
2935 2700 2970 2741 ο
3012 2687 3192 2758 puella
3241 2689 3388 2742 omni
3428 2688 3587 2743 laude

2016 2773 2359 2845 dignissima.
2408 2775 2663 2833 Miserere
2710 2777 2840 2846 mei,
2889 2788 2943 2835 et
2997 2778 3149 2835 salva
3200 2794 3306 2847 me,
3352 2794 3386 2836 0
3426 2780 3587 2852 Virgo

2017 2879 2303 2941 perpetua.

2085 2960 2190 3032 53
2214 2961 2351 3017 Cum
2379 2972 2431 3019 te
2460 2971 2717 3035 tanquam
2745 2980 2926 3022 rosam
2950 2965 3277 3022 redolentem
3306 2980 3475 3036 purus
3499 2964 3587 3021 ille

2014 3052 2071 3107 in
2093 3055 2431 3110 convallibus
2451 3056 2762 3126 reperisset,
2781 3072 2814 3113 ο
2832 3056 3182 3124 inviolata,in
3208 3058 3387 3113 medio
3404 3057 3478 3111 tui
3499 3058 3586 3113 ha-

2013 3142 2229 3211 bitavit,
2259 3145 2556 3201 humanum
2583 3164 2755 3218 genus
2785 3148 3114 3204 suavissimo
3145 3147 3365 3218 replens
3393 3148 3583 3203 odore.

2011 3236 2062 3305 ε,
2083 3235 2264 3308 Dirige
2308 3247 2487 3294 motus
2542 3240 2739 3294 animae
2787 3254 2940 3305 ntere,
2973 3253 3007 3294 ο
3045 3240 3357 3309 purissima,
3404 3240 3470 3292 ad
3504 3239 3586 3293 di-

333 3332 473 3404 πρὸς
507 3333 625 3388 θεῖα
645 3335 1060 3406 προστάγματα,
1094 3337 1188 3391 τοῦ
1226 3342 1289 3394 ὲκ
1317 3345 1551 3414 γαστρός
1579 3364 1672 3401 σου
1706 3349 1911 3420 ἐκλάμι

2022 3328 2149 3383 vina
2195 3329 2343 3385 illius
2373 3339 2664 3401 prazcepta,
2693 3331 2788 3402 qui
2821 3347 2888 3386 ex
2924 3340 3078 3387 utero
3111 3342 3205 3385 tuo
3237 3332 3583 3397 coruseavit;

331 3425 554 3495 ψαντος,
586 3424 751 3498 ζάλης
777 3426 1113 3500 λυτρουμὲνη
1144 3446 1212 3501 με
1239 3433 1348 3487 τῶν
1371 3437 1428 3491 ὲν
1450 3436 1527 3507 τῷ
1556 3436 1656 3510 βίῳ
1676 3440 1910 3495 σκανδά-

331 3516 445 3570 λων
480 3518 773 3587 μεσιτείαις
805 3537 923 3573 σου.

419 3608 764 3683 Ἐμμανουὴλ
793 3612 884 3667 τδν
915 3615 1168 3673 ἁπάντων
1196 3618 1474 3689 Δεσπότην
1509 3620 1718 3686 τίκτεις
1743 3622 1912 3693 ἀφθό-

337 3714 469 3768 ρως,
498 3699 727 3769 μείνασα
753 3704 1021 3775 παρθένος
1049 3709 1144 3762 καὶ
1177 3709 1314 3774 μετὰ
1339 3709 1519 3779 τόκον,
1550 3713 1904 3786 Παρθενομῆ-

328 3804 432 3859 τορ
452 3803 469 3821 ο
498 3790 557 3844 όν
583 3791 877 3860 ἀπαύστως
902 3795 1143 3854 δυσώπει
1166 3800 1438 3872 ἐπηρείας
1465 3802 1678 3874 ἐχθρῶν
1700 3804 1911 3875 λυτρὼ-

334 3876 533 3931 σασθαι
554 3881 693 3945 τοὺς
721 3882 828 3937 ὑπὸ
843 3885 943 3957 τὴν
968 3887 1178 3960 σκέπην
1201 3889 1298 3961 τὴν
1322 3890 1421 3964 σὴν
1439 3892 1908 3965 καταφεύγοντας.

403 4045 680 4117 ἰοουργδν
702 4048 800 4103 καὶ
830 4046 1121 4124 σύνθρονον
1148 4054 1226 4125 τῷ
1252 4056 1466 4110 τεκόντι
1504 4058 1676 4127 Λόγον
1704 4059 1769 4113 ἐκ
1807 4078 1910 4130 γα-

322 4137 498 4206 στρός
516 4155 634 4205 σου,
657 4141 819 4213 ἁγνὴ,
843 4144 1235 4216 ὲσωμάτωσας,
1255 4146 1305 4200 δι
1320 4148 1334 4169 ¹
1352 4149 1752 4221 εὐσπλαγχνίαν
1771 4151 1911 4220 ἄφα-

327 4244 424 4281 τον
448 4229 507 4283 τὸ
533 4231 809 4305 ἡμέτερον
839 4234 962 4290 ὅλον
991 4236 1323 4309 φορέσαντα.

413 4408 720 4483 ’Υμνοῦμεν
745 4413 836 4468 τὸν
862 4414 1022 4471 τόκον
1052 4434 1172 4484 σου,
1203 4419 1567 4491 εὐλογημένη,
1588 4421 1670 4475 δι’
1687 4412 1750 4477 οὗ
1778 4422 1904 4476 ὲλυ-

329 4499 619 4574 τρὼθημεν
640 4504 740 4575 τῆς
776 4506 945 4562 πάλαι
992 4511 1391 4580 κατακρίσεως,
1438 4511 1616 4566 καίσε
1668 4514 1908 4584 μακαρί-

331 4589 522 4660 ζομεν,
552 4593 974 4665 θεομακάριστε,
1011 4599 1182 4671 μόνην
1211 4599 1280 4672 ἢν
1307 4602 1594 4675 ἠγάπησεν
1614 4604 1644 4657 ό
1661 4603 1737 4659 ὢν
1756 4605 1908 4659 εὐλο-

329 4700 403 4754 γη
410 4684 570 4755 μένος
598 4687 690 4739 καὶ
727 4687 1101 4759 ὑπερὲνδοξος.

412 4864 656 4936 Ῥεὶθρον
688 4866 913 4922 άένναον
938 4869 1069 4939 ἡμίν
1086 4872 1200 4935 τοῖς
1224 4873 1653 4946 προστρέχουσιν
1697 4878 1780 4941 είς
1820 4880 1901 4947 σὲ,

325 4957 492 5029 ἁγνὴ,
528 4959 819 5030 πηγάςεις,
849 4952 911 5013 οὗ
940 4961 1038 5033 τὴν
1058 4962 1295 5035 ἄφθορον
1324 4967 1483 5037 χάριν
1544 4969 1903 5041 άπαρρυόμε-

324 5066 433 5112 νοι,
470 5048 566 5103 σοῦ
598 5047 875 5119 ὑμνοῢμεν
900 5050 992 5105 τὸν
1014 5052 1193 5119 τόκον,
1226 5056 1592 5128 πανάχραντι,
1612 5059 1705 5113 καὶ
1734 5060 1906 5131 ὑπερ-

325 5138 467 5208 υψοῦ
476 5157 575 5208 μεν
599 5140 681 5204 είς
704 5141 913 5207 πάντας
952 5144 1076 5206 τοὺς
1104 5144 1329 5209 αἰῶνας.

396 5231 577 5294 Φωτὸς
602 5232 972 5304 οἰκητήριονὴ
1006 5237 1186 5307 μήτρα
1213 5253 1308 5289 σου
1347 5240 1663 5311 γεγένηται,
1722 5243 1793 5297 δι’
1836 5236 1899 5297 οὗ

325 5322 446 5391 φῶς
476 5323 528 5375 οί
559 5323 617 5375 ἐν
646 5324 824 5379 σκότει
865 5322 1004 5381 εἶδον
1064 5328 1362 5398 καθήμενοι
1388 5347 1402 5361 ⁶
1438 5331 1561 5386 ὅθεν
1592 5350 1655 5386 σε
1701 5339 1902 5402 φωναῖς

323 5415 629 5485 ἀσιγήτοις,
658 5418 849 5489 Μῆτερ
866 5418 1025 5482 Θεοῦ,
1054 5419 1143 5473 ἀεὶ
1176 5421 1543 5493 ἀνυμνοῦμεν,
1600 5427 1696 5480 καὶ
1750 5429 1901 5500 πόθῳ

323 5508 661 5580 γεραίρομεν
685 5511 784 5584 τὴν
821 5511 1011 5568 ἐλπίδα
1041 5512 1150 5569 τῶν
1170 5514 1357 5585 ψυχῶν
1404 5519 1584 5587 ἡμῶν.

336 5701 869 5786 Ἐκιτοῦβςᾳνόνος
894 5709 982 5786 είς
1000 5780 1012 5786 _
1041 5710 1154 5786 τὴν
1207 5715 1631 5786 προσκύνησιν
1663 5717 1900 5786 τηῆςντι-

387 5775 832 5856 μίας-ἀλύςεως
851 5778 961 5856 τοᾷ
979 5775 1149 5856 ἁγίου
1188 5775 1286 5836 mil
1320 5775 1731 5856 πανεύφήμοό
1749 5775 1897 5847 dao-

395 5844 623 5898 στόλου
652 5846 896 5913 Πέτρου,
928 5844 1117 5918 ἡμέρᾳ
1142 5859 1241 5916 ις’.

409 5932 705 6006 Ῥομφαίαι
729 5938 899 5993 πᾶσαι
925 5940 1098 5997 δολίου
1122 5944 1336 6015 ἐχθροῦ,
1357 5945 1591 6019 ἄχραντε
1617 5951 1880 6024 Παρθένε,

2014 3432 2179 3494 atque
2217 3438 2247 3479 a
2290 3434 2611 3495 tempestate
2640 3424 3025 3481 seandalorum
3058 3424 3227 3496 hujus
3270 3424 3395 3480 vita:
3437 3425 3587 3494 eripe

1941 3544 1950 3554 -
1990 3530 2100 3570 'me
2130 3516 2616 3573 intercessionibus
2637 3518 2770 3573 tuis.

2083 3605 2346 3663 Omnium
2401 3605 2691 3662 Dominum
2750 3604 3072 3663 Emmanuel
3114 3606 3234 3662 sine
3278 3605 3380 3660 viri
3418 3620 3583 3676 opera

2010 3698 2282 3769 peperisti,
2306 3713 2531 3754 manens
2551 3697 2705 3769 virgo
2728 3708 2852 3769 post
2877 3708 3117 3769 partum,
3136 3712 3169 3754 ο
3191 3697 3358 3768 Virgo
3388 3697 3581 3752 Mater.

2015 3790 2280 3845 Eumdem
2323 3788 2663 3846 incessanter
2697 3804 2865 3846 exora
2914 3797 2977 3845 ut
3040 3789 3112 3844 ab
3156 3789 3398 3845 hostium
3433 3789 3587 3842 inva-

2010 3881 2263 3935 sionibus
2323 3879 2624 3947 liberentur
2662 3879 2765 3947 illi,
2807 3880 2905 3950 qui
2952 3878 3279 3950 confugiunt
3318 3879 3425 3935 sub
3462 3894 3585 3949 pro-

2009 3970 2298 4026 tectionem
2333 3980 2504 4026 lnam.

2082 4060 2343 4127 Verbum,
2391 4061 2538 4131 quod
2587 4060 2795 4131 aequale
2834 4072 2920 4117 est
2959 4061 3012 4116 in
3050 4061 3388 4131 Operatione,
3425 4070 3485 4117 ct
3520 4062 3577 4116 ia

2008 4150 2227 4218 throno,
2256 4150 2493 4221 genitori
2516 4166 2638 4217 suo,
2671 4166 2737 4206 ex
2770 4152 3070 4207 visceribus
3106 4153 3217 4207 tuis
3249 4152 3579 4223 corporasti,

2007 4256 2042 4296 0
2089 4251 2273 4309 casta;
2323 4253 2491 4312 atque
2541 4241 2667 4297 inde
2717 4253 2939 4313 propter
2984 4242 3316 4298 ineﬂ‘abilem
3360 4244 3580 4297 miseri-

2006 4334 2253 4388 cordiam
2283 4350 2460 4401 suam,
2494 4343 2660 4389 totam
2687 4344 2938 4389 naturam
2968 4344 3216 4391 nostram
3257 4337 3576 4405 assumpsit.

2083 4425 2297 4482 Prolem
2330 4435 2480 4481 tuam
2526 4427 2836 4492 laudamus,
2880 4442 2915 4483 ο
2945 4428 3253 4496 benedicta,
3293 4445 3389 4500 per
3416 4447 3583 4500 quam

2012 4516 2081 4571 ab
2127 4518 2351 4586 antiqua
2396 4517 2746 4578 damnatione
2775 4519 3042 4590 redempti
3068 4536 3303 4587 sumus;
3366 4531 3421 4577 te
3454 4538 3584 4576 vero

2013 4609 2410 4677 beatiticamns,
2469 4625 2503 4666 ο
2561 4610 2745 4665 divina
2803 4610 3064 4670 felicitate
3110 4614 3582 4681 cumulatissima;

1938 4691 2176 4773 unam
2223 4704 2395 4758 solam
2460 4704 2649 4761 dilexit
2702 4703 2794 4760 ille
2836 4705 2933 4776 qui
2991 4714 3077 4762 est
3143 4705 3464 4763 benedictus
3519 4721 3586 4762 ac

2011 4796 2477 4866 supergloriosus.

2080 4886 2333 4945 Fluvium
2378 4904 2669 4958 perennem
2698 4889 2859 4946 nobis
2886 4890 3124 4947 eﬂ'undis
3163 4896 3579 4951 recurrentibus

2008 4977 2073 5031 ad
2112 4988 2183 5043 te,
2224 4994 2257 5032 ο
2304 4989 2489 5046 casta;
2520 4981 2680 5050 cujus
2717 4982 2939 5037 uberem
2978 4984 3209 5053 gratiam
3246 4985 3576 5051 delibantes,

2007 5074 2225 5135 partum
2274 5076 2426 5121 tuutn
2472 5068 2780 5135 laudamus,
2828 5086 2862 5123 ο
2906 5070 3353 5141 inviolatissima,
3389 5085 3444 5130 et
3482 5090 3580 5129 su-

2006 5156 2410 5227 perexaltamus
2443 5157 2496 5211 in
2530 5160 2715 5213 omnia
2742 5160 2965 5217 saecula.

2076 5248 2241 5305 Lucis
2299 5249 2668 5305 habitaculum
2720 5260 2908 5307 venter
2950 5260 3079 5308 tuus
3123 5252 3305 5310 factus
3339 5265 3443 5317 est,
3481 5271 3581 5326 per

1998 5355 2169 5409 quam
2199 5341 2451 5395 sedentes
2494 5341 2549 5394 in
2581 5341 2821 5401 tenebris
2853 5343 3108 5399 viderunt
3160 5344 3342 5399 lumen
3378 5364 3392 5401 :
3430 5350 3580 5401 unde

2003 5439 2055 5484 te
2087 5429 2395 5487 incessabili
2428 5444 2561 5486 voce
2579 5446 2794 5501 semper
2823 5432 3134 5493 laudamus.
3164 5449 3198 5489 ο
3236 5435 3326 5495 Dei
3362 5435 3531 5490 Mater
3550 5454 3579 5503 ;,

2001 5526 2056 5571 et
2111 5532 2235 5571 cum
2294 5517 2492 5575 atl‘ectu
2544 5535 2874 5578 veneramur
2936 5532 2987 5580 te
3050 5541 3202 5594 spem
3256 5527 3579 5585 animarum

2006 5618 2345 5663 nostrarum.

2002 5714 2088 5769 Ea:
2127 5717 2340 5773 Canone
2371 5719 2425 5772 in
2460 5721 2841 5793 odorationemi
2866 5725 3109 5793 pretiosae
3146 5736 3345 5784 catena:
3395 5732 3568 5784 sancti

2348 5800 2396 5844 et
2424 5790 2791 5861 gloriosissimi
2818 5790 2989 5861 Petri,
3022 5799 3105 5850 die
3127 5798 3209 5853 lii.

2068 5949 2313 6010 Framcae
2348 5953 2615 6012 universa:
2655 5954 2831 6014 dolosi
2871 5957 3046 6016 hostis
3092 5959 3401 6018 defecerunt
3449 5983 3566 6021 0m-
