3996 6596
493 483 623 548 1051

1574 476 1634 536 S.
1675 474 1987 536 JOSEPIII
2024 466 2587 533 IIYMNOGRAPIII

3558 452 3674 518 1052

492 608 648 664 nino,
691 614 723 653 ο
766 598 929 666 Virgo
962 592 1240 649 inviolata.
1281 603 1376 659 per
1411 588 1679 653 lanceam,
1712 603 1821 657 qua
1861 587 2048 640 vulne-

2173 583 2373 645 τελείως
2400 580 2666 647 ἐξέλιπον,
2706 565 2896 643 ἀφόὗ
2916 570 3085 640 λόγχῃ
3146 569 3350 639 ἐτρώθη
3382 569 3419 666 εὶ
3454 568 3539 638 τὴν
3593 571 3673 640 σὴν

493 703 672 748 ratum
714 700 796 745 est
841 687 1074 741 Verbum
1121 681 1229 753 54
1257 680 1413 744 illud,
1448 678 1595 749 quod
1644 687 1857 732 uterum
1901 690 2054 731 tuutn

496 785 843 855 itnpollulum
892 776 1236 837 inhabitavit,
1285 773 1443 841 cujus
1497 771 1818 826 dulcissimo
1871 783 2057 824 amore

496 892 692 947 precor
732 883 785 927 ιθ
820 886 966 925 nunc
1002 877 1058 921 Ill
1091 867 1345 920 vulneres
1376 879 1473 918 (‘Ol'
1510 878 1715 917 meum.

563 965 822 1021 Cobibuit
856 976 1025 1025 mors,
1058 959 1148 1012 ubi
1191 958 1257 1011 ad
1311 967 1360 1012 te
1396 954 1661 1026 pervenit,
1708 952 2059 1007 irrefrenabi-

495 1059 598 1112 letn
634 1057 890 1125 itnpetum
916 1053 1050 1122 (50);
1073 1058 1127 1103 tu
1157 1049 1298 1101 enim
1323 1049 1440 1102 sola
1474 1046 1901 1099 immortalitatis
1932 1044 2056 1098 l'on-

498 1160 605 1203 tem
635 1146 914 1218 peperisti,
948 1160 982 1199 o
1017 1143 1243 1210 Deipara
1274 1156 1492 1210 semper
1524 1142 1698 1209 virgo.

565 1244 845 1312 Tanquam
877 1238 1274 1308 amplissimum
1304 1236 1565 1305 palatium
1618 1233 1932 1287 inhabitans
1965 1247 2060 1286 rex

494 1334 740 1389 omnium
785 1340 1032 1385 sanetum
1071 1336 1285 1382 uterum
1323 1337 1498 1391 tuum,
1534 1334 1855 1394 corporatus
1896 1338 2062 1392 appa-

495 1426 626 1491 ruit,
660 1440 694 1479 ο
720 1423 950 1477 Domina
978 1417 1292 1489 purissima.

476 1504 480 1508 ’
570 1518 654 1572 Me
690 1529 837 1570 nunc
876 1513 1171 1567 multorum
1209 1517 1553 1579 peccatorum
1597 1510 1839 1577 pondere
1869 1522 2063 1576 grava-

2158 673 2401 745 γαστέρα
2426 672 2523 742 τὴν
2553 668 2852 738 ἀμὸλυντον
2884 664 3113 733 οἰκήσας
3145 660 3330 727 Λόγος·
3367 652 3425 710 οὗ
3458 658 3527 728 τῷ
3570 660 3677 727 γλυ-

2160 766 2376 834 κυτάτῳ
2396 762 2490 814 νῦν
2524 760 2731 831 τρῶσαι
2760 756 2922 829 ἔρωτι
2975 754 3076 823 τὴν
3136 749 3361 821 καρδίαν
3426 766 3519 819 μου
3561 750 3673 802 καθ-

2161 869 2390 907 ικετευω
2420 866 2502 903 σε.

2233 961 2402 1030 Ἐστη
2436 959 2596 1030 μέχρι
2632 953 2769 1008 σουὸ
2801 950 3029 1012 θάνατος
3068 945 3166 1019 τῆς
3209 944 3560 1015 ἀκατασχέτου
3606 948 3681 1016 ὁρ-

2164 1055 2299 1125 μῆς·
2325 1055 2390 1106 σὺ
2420 1052 2527 1120 γὰρ
2560 1050 2695 1120 μόνη
2727 1046 2911 1106 ἔτεκες
2936 1039 3034 1113 τὴν
3064 1038 3249 1111 πηγὴν
3277 1038 3370 1109 τῆς
3401 1038 3681 1101 ἀθανασίας,

2159 1146 2389 1201 Θεοτόκε
2427 1140 2867 1213 μητροπάρθενε.

2242 1239 2328 1301 Ὠς
2355 1236 2615 1289 παλάτιον
2650 1231 2962 1303 εὐρύχωρον
3010 1228 3364 1295 κατοικήσας,
3391 1224 3417 1275 ὁ
3466 1222 3688 1291 βασιλεὺς

2160 1330 2266 1383 τῶν
2298 1330 2433 1381 ὅλων
2458 1327 2554 1396 τὴν
2588 1325 2748 1392 ἁγίαν
2779 1339 2871 1375 σου
2909 1321 3124 1392 μήτραν
3162 1318 3321 1389 ὤφθη
3361 1312 3687 1385 σωματούμε-

2163 1430 2272 1476 νος,
2300 1412 2442 1464 πανά
2449 1425 2608 1480 μωμε
2642 1410 2930 1461 Δέσποινα.

2234 1464 2632 1573 ὖεὸαρυμένον,
2686 1498 2945 1569 ἅχραντε,
3003 1493 3083 1566 τῷ
3147 1492 3331 1563 φόρτῳ
3366 1489 3470 1543 τῶν
3510 1464 3693 1541 πολλῶν

497 1619 638 1673 tum,
686 1607 934 1669 subleva,
1005 1601 1346 1665 oinviolata,
1419 1600 1786 1654 corroborans
1848 1612 1935 1653 me
1991 1597 2059 1652 ad

2173 1593 2577 1667 ἁμαρτημάτων
2610 1590 2910 1662 ὲλὰφρυνόν
2937 1606 3010 1661 με
3059 1587 3175 1649 νῦν,
3210 1584 3397 1657 φέρειν
3447 1581 3531 1636 τὸν
3556 1580 3696 1650 ζυγὸν

497 1698 829 1769 portandum
863 1694 1202 1749 levissimum
1234 1691 1423 1761 jugum
1456 1690 1686 1744 Christi.

567 1789 817 1844 Pelliceis
861 1784 1208 1841 mortalitatis
1252 1782 1455 1837 tunicis
1490 1781 1711 1835 indutus
1740 1790 1821 1834 est
1854 1779 2066 1850 primus

498 1890 691 1951 pater;
737 1878 964 1933 Creator
1027 1875 1173 1930 enim
1235 1873 1329 1926 illo
1390 1871 1781 1941 superindutus
1838 1877 1943 1935 est,
1997 1883 2062 1924 ex

2164 1685 2539 1755 ὲνδυναμοῦσα
2567 1682 2802 1756 Χριστοῦ
2829 1681 2891 1736 τὸ
2923 1679 3315 1750 ἐλαφρότατον.

2235 1777 2576 1849 Νεκρώσεως
2599 1774 2957 1845 δερματίνους
2976 1770 3208 1842 χιτῶνας
3237 1766 3502 1823 ὲνδέδυται
3528 1764 3554 1816 ὁ
3578 1779 3696 1834 προ-

2166 1872 2377 1942 πάιιςωρ⁸
2399 1872 2429 1924 ὁ
2463 1869 2572 1941 γὰρ
2595 1867 2831 1934 Κτίστης
2852 1864 3015 1919 αὑτὸν
3037 1861 3370 1925 έπενδύεται,
3393 1859 3455 1912 ὲκ
3481 1857 3581 1911 τῶν
3607 1856 3696 1908 σῶν

498 1972 808 2029 visceribus
844 1971 986 2037 tuis,
1022 1984 1056 2025 ο
1111 1964 1823 2043 purissima,ineﬁabiliter
1880 1963 2068 2018 incar-

2173 1939 2421 2036 αἱμάτων
2451 1939 2753 2031 σαρκωθεὶς
2778 1956 2920 2025 ὑπὲρ
2952 1954 3132 2023 λόγον,
3174 1950 3502 2022 πανάμωμε.

501 2075 689 2121 natus.

573 2155 687 2220 Ille,
734 2154 829 2226 qui
878 2153 933 2207 in
984 2159 1183 2206 terram
1234 2158 1490 2219 tanquam
1542 2147 1716 2202 imber
1764 2145 2064 2210 descendit,

500 2247 750 2316 irrigavit
797 2245 1023 2301 scientia
1056 2244 1239 2297 divina
1282 2242 1593 2297 universam
1623 2250 1846 2305 terram,
1882 2249 2064 2309 teque,

499 2355 535 2395 ο
582 2336 749 2410 Virgo
791 2346 967 2405 casta,
1018 2335 1276 2393 omnibus
1336 2332 1548 2404 angelis
1598 2332 2067 2388 honorabiliorem

502 2430 702 2485 cﬁ'ccit.
1477 2439 1480 2441 λ
2018 2420 2025 2429 ’

480 2593 485 2598 _
574 2522 946 2579 lntellectuale
977 2518 1367 2576 candelabrum
1412 2526 1461 2571 te
1487 2517 1638 2581 olim,
1673 2514 1764 2570 Dei
1807 2514 2065 2586 genitrix,

501 2615 766 2685 preplieta
812 2613 1187 2684 priesignavit,
1235 2609 1414 2663 ferens
1457 2609 1757 2676 lampadem
1805 2608 2065 2672 divinam,

503 2722 627 2776 qua:
655 2707 984 2760 illuminavit
1025 2720 1142 2767 eos,
1171 2702 1265 2773 qui
1306 2701 1556 2774 plurimis
1596 2702 1867 2755 malorum
1914 2710 2067 2756 tene-

504 2798 619 2852 bris
648 2797 801 2866 prius
827 2804 984 2851 erant
1013 2793 1218 2850 obfusi.

574 2885 740 2940 Lucis
784 2884 1158 2941 habitaculum
1186 2882 1327 2938 facta
1362 2896 1420 2936 cs
1460 2896 1476 2935 :
1510 2890 1793 2951 propterea
1822 2879 2072 2936 illumina

506 2991 617 3043 me,
655 2992 689 3032 0
721 2978 923 3047 puella,
956 2976 1227 3031 universis
1265 2972 1469 3028 inimici
1501 2973 1881 3027 vexationibus
1917 2972 2074 3027 obte-

506 3069 816 3136 nebratum,
868 3077 927 3124 ut
961 3084 1086 3125 cum
1130 3066 1234 3122 ﬁde
1265 3064 1611 3134 magniﬁcam
1651 3072 1721 3130 te,
1769 3080 1803 3120 0
1839 3065 2073 3121 sanctis-

504 3159 647 3218 sima
683 3160 853 3217 Mater
880 3159 1066 3233 Virgo.

2254 2148 2314 2204 '0
2351 2146 2594 2209 καταϐὰς
2634 2143 2729 2198 ἰπὶ
2780 2143 2881 2212 τῆς
2938 2140 3044 2211 γῆς
3086 2139 3160 2215 ὡς
3223 2136 3402 2201 ὑετὸς,
3466 2132 3700 2204 Παρθένε,

2173 2238 2504 2309 Θεογνωσίαν
2536 2238 2719 2290 πᾶσαν
2769 2234 3000 2305 ήρδευσε
3052 2231 3152 2301 τὴν
3199 2230 3323 2299 γῆν,
3368 2226 3462 2280 καὶ
3498 2225 3703 2289 ἀνέδειξὲ

2175 2350 2237 2386 σε
2272 2331 2380 2386 τῶν
2406 2329 2651 2399 ἀγγέλων
2683 2325 2924 2389 πάντων,
2958 2322 3122 2392 ἁγνὴ,
3145 2318 3501 2391 τιμιωτέραν.

2243 2517 2459 2589 Νοητήν
2483 2533 2539 2569 σε
2566 2514 2785 2585 λυχνίαν
2803 2508 3149 2583 προέγραψεν
3176 2508 3203 2560 ὁ
3220 2505 3505 2576 προφήτης
3525 2502 3706 2554 τὸθεῑσν

2172 2610 2499 2682 λαμπάδιον,
2518 2605 2903 2674 Θεογεννῆτορ,
2931 2603 3203 2671 φέρουσαν
3226 2598 3287 2651 τὸ
3321 2596 3576 2665 φωτίσαν,
3604 2594 3707 2655 τοὺς

2177 2704 2368 2774 πρώην
2399 2700 2810 2768 ἐσκοτισμένους
2836 2695 2943 2749 τῶν
2974 2692 3159 2748 κακῶν
3180 2693 3297 2754 ταῖς
3319 2688 3537 2750 πολλαῖς
3559 2688 3708 2757 ἀμαυ-

2180 2796 2437 2867 ρώσεσιν.

2246 2886 2426 2947 Φωτὸς
2458 2884 2772 2955 οἰκητήριον
2818 2878 3026 2949 ἐγένου·
3077 2877 3158 2931 διδ
3205 2870 3607 2946 φωταγὼγησόν
3633 2886 3708 2940 με,

2154 2972 2335 3046 κόρη,
2394 2974 2813 3045 ἀμαυρούμενον
2843 2971 3050 3032 πάσαις
3100 2966 3191 3021 τοῦ
3230 2964 3429 3037 ἐχθροῦ
3460 2966 3570 3025 ταῖς
3602 2964 3707 3014 ἀπι-

2156 3064 2370 3129 στίαις,
2428 3064 2573 3124 ὅπως
2624 3063 2683 3115 ἐν
2731 3059 2925 3113 πίστει
2986 3075 3069 3125 σε,
3104 3054 3374 3124 παναγία,
3437 3050 3710 3123 μεγαλύνω,

2176 3154 2636 3225 Μητροπάροενε.

926 3276 1013 3331 Ea:
1065 3274 1277 3335 Canone
1325 3280 1383 3335 in
1442 3278 1545 3336 SS.
1595 3277 1966 3349 Speusippum,
1999 3274 2363 3343 Eleusippum,
2410 3282 2459 3326 et
2500 3270 2900 3341 Meleusippum,
2929 3268 3014 3324 die
3044 3266 3294 3339 16(50').

576 3387 747 3444 Terra
798 3390 1005 3445 inarata
1050 3392 1376 3460 apparuisti,
1411 3405 1442 3444 ο
1484 3388 1891 3461 augustissima,
1942 3400 2066 3457 qua:
2090 3389 2136 3450 C
2172 3382 2529 3438 DeiGenitrix
2553 3382 2898 3449 castissima;
2927 3390 3168 3436 mentem
3200 3377 3492 3448 tranquilla
3529 3370 3713 3430 hostili-

508 3480 718 3549 spicam
767 3481 926 3536 nobis
963 3482 1261 3551 protulisti,
1300 3482 1540 3536 universi
1593 3481 1917 3534 nutritorem
1964 3478 2073 3531 Do-

508 3568 722 3623 minum
750 3569 935 3625 Jesum
978 3586 1046 3627 ex
1090 3585 1203 3641 quo
1250 3587 1352 3628 nos
1391 3572 1761 3637 comedentes,
1803 3571 1871 3625 ad
1909 3570 2074 3623 vitam

508 3676 856 3716 revocamur.

581 3753 753 3807 Deum
784 3768 851 3807 ex
880 3759 933 3807 te
964 3753 1307 3808 inearnatum
1336 3753 1603 3819 videntes,
1641 3768 1675 3809 ο
1708 3751 1876 3822 Virgo
1927 3760 2076 3806 casta

517 3841 772 3911 Deipara,
800 3842 910 3913 55
952 3852 1005 3898 te
1045 3846 1262 3915 preprie
1304 3844 1648 3910 conﬁtemur,
1680 3861 1801 3915 qua:
1832 3844 2077 3898 omnium

510 3932 918 3991 reformationis
982 3934 1189 4006 absque
1265 3937 1373 3991 ulla
1483 3937 1824 3993 dubitatione
1910 3950 2076 3990 causa

510 4025 689 4082 fuisti.

582 4117 1070 4189 Superessentialis
1099 4123 1211 4185 ille,
1241 4125 1335 4195 qui
1364 4125 1545 4181 carnis
1592 4134 1710 4181 erat
1741 4137 1960 4193 expers,
2008 4136 2076 4175 ex

508 4212 833 4269 venerandis
882 4215 1243 4284 sanguinibus
1276 4219 1380 4272 tuis
1424 4218 1742 4272 incarnatus
1768 4222 1874 4278 est,
1923 4228 1956 4267 ο
1987 4228 2080 4265 ca-

509 4303 788 4372 stissima;
832 4315 885 4361 et
914 4321 1046 4362 caro
1076 4309 1196 4363 sine
1224 4308 1330 4363 ulla
1358 4311 1659 4366 mutatione
1700 4308 1901 4372 factus,
1952 4321 2076 4360 cum

510 4394 825 4451 hominibus
852 4409 1210 4454 conversatus
1239 4409 1341 4455 est.

578 4484 798 4541 Naturae
842 4488 987 4558 leges
1037 4490 1090 4544 in
1139 4500 1211 4555 te,
1253 4508 1287 4545 ο
1321 4491 1617 4560 purissima
1656 4490 1846 4561 Virgo,
1885 4504 2074 4545 revera

510 4574 888 4634 innovantur:
942 4580 1107 4652 Virgo
1144 4584 1346 4651 quippe
1396 4591 1518 4652 post
1574 4590 1791 4652 partum
1863 4597 2076 4648 manes,

508 4668 657 4723 velut
686 4679 809 4724 ante
832 4682 1069 4739 partum,
1092 4674 1369 4729 Christum
1407 4676 1774 4744 legislatorem
1806 4675 1989 4729 enixa.

2178 3476 2280 3531 bus
2305 3474 2680 3529 invasionibus
2717 3473 2866 3527 velut
2920 3471 3338 3541 tempestatibus
3386 3469 3718 3539 jactatam,et

2178 3584 2275 3625 cor
2308 3583 2483 3622 meum
2513 3575 2760 3637 pacatum
2787 3565 2973 3628 redde,
3000 3581 3033 3619 ο
3064 3564 3271 3634 puella.

2247 3658 2447 3714 Rosatn
2483 3660 2535 3711 in
2576 3658 2753 3713 medio
2777 3658 3059 3726 spinarum
3083 3664 3135 3710 te
3168 3669 3295 3709 vere
3324 3651 3535 3708 invenit
3558 3649 3605 3703 in
3630 3649 3715 3702 ltu-

2173 3751 2265 3823 jus
2294 3751 2480 3805 mundi
2500 3751 2860 3815 convallibus,
2884 3758 3079 3803 ocasta
3108 3744 3476 3816 Virgo,Jesus
3501 3742 3715 3796 omnium

2178 3843 2477 3913 plantator,
2525 3850 2688 3910 atque
2735 3856 2801 3895 ex
2854 3847 3011 3894 utero
3044 3848 3138 3892 tuo
3183 3848 3366 3902 natus,
3424 3850 3522 3891 nos
3547 3832 3718 3890 divine

2179 3933 2508 4003 cognitionis
2532 3932 2865 3988 suavissimo
2892 3929 3131 4000 perfudit
3167 3928 3359 3983 odore.

2250 4025 2326 4079 Te
2358 4025 2644 4095 spirituale
2668 4023 3078 4085 candelabrum,
3126 4037 3247 4090 quae
3288 4022 3467 4075 lucem
3502 4019 3717 4073 inacces-

2180 4117 2395 4172 sibilem
2421 4115 2734 4193 suscepisti,
2776 4118 3119 4183 agnovimus,
3152 4127 3184 4166 ο
3210 4111 3379 4182 Virgo
3409 4110 3589 4170 Maria.
3621 4120 3721 4176 qna!

2180 4209 2424 4263 omnium
2453 4208 2689 4261 ﬁdelium
2725 4207 2935 4261 animas
2965 4205 3307 4271 illuminasti,
3335 4212 3393 4260 et
3424 4200 3620 4274 pect-ati
3651 4208 3714 4253 ιοο

2181 4300 2379 4354 nebras
2401 4299 2711 4355 eliminasti.

2158 4437 2162 4441 .
2254 4387 2492 4444 Vocibus
2522 4389 2821 4457 gratiarum
2881 4386 3097 4442 actione
3131 4384 3307 4455 plenis
3346 4384 3417 4439 ad
3463 4392 3515 4437 te
3542 4380 3720 4435 clama-

2182 4498 2340 4537 mus:
2377 4483 2513 4543 Ave,
2568 4480 2944 4535 immaterialis
2978 4479 3120 4536 lueis
3160 4478 3529 4534 habitaculum
3566 4472 3719 4543 puris-

2181 4576 2419 4640 simum;
2476 4586 2594 4636 ave,
2638 4587 2803 4626 causa
2855 4571 3219 4626 deiﬁcationis
3270 4571 3565 4630 omnium;
3620 4577 3720 4623 ανδ,

2183 4665 2578 4721 maledictionis
2612 4664 2902 4721 dissolutio
2929 4682 2944 4729 ;
2991 4680 3114 4731 ave,
3144 4665 3538 4734 terrigenarum
3559 4654 3722 4725 expul-

581 4758 905 4816 Miserabilis
958 4764 1155 4819 anitnre
1202 4780 1334 4820 mea:
1369 4765 1717 4835 passionibus
1767 4765 2006 4830 medere,
2038 4780 2071 4819 ο
2104 4749 2148 4805 Ῑ)
2178 4773 2367 4816 sorum
2401 4757 2696 4812 revocatio.

565 4876 651 4929 Ea:
690 4877 902 4933 Catiane
924 4880 979 4935 in
1007 4878 1068 4935 S.
1101 4879 1450 4951 Neophytum,
1475 4891 1787 4952 martyrem,
1838 4881 1926 4936 die
1953 4882 2047 4935 2|.

581 5062 752 5117 Enixa
788 5075 997 5119 natura:
1027 5063 1363 5131 Creatorem,
1408 5066 1724 5120 universam
1771 5064 2077 5132 terrigena-

507 5171 628 5208 rum
662 5156 1025 5210 substantiam
1070 5157 1370 5221 deiﬁcasti;
1411 5167 1696 5227 propterea
1754 5168 1807 5211 te
1863 5157 2081 5227 proprie

511 5245 792 5314 Deiparam
823 5250 1166 5312 conﬁtemur,
1202 5262 1235 5300 ο
1284 5247 1444 5318 Virgo
1469 5249 1561 5303 Dei
1585 5263 1811 5318 sponsa.

583 5334 847 5405 llytnnum
898 5336 990 5389 tibi
1056 5351 1272 5405 semper
1331 5339 1579 5408 rependit
1638 5340 1693 5393 in
1762 5340 2061 5409 gratiarum

507 5429 773 5481 actionem
804 5428 1113 5483 mortalium
1148 5445 1341 5499 genus,
1374 5446 1407 5485 ο
1446 5432 1539 5485 Dei
1576 5431 1771 5499 Mater,
1810 5446 1933 5486 eum
1976 5446 2073 5501 per

508 5530 559 5574 te
586 5520 1049 5576 immortalitatem
1075 5522 1183 5594 56
1208 5532 1517 5581 assecutum
1550 5526 1640 5581 sit.

543 5746 555 5756 -
587 5674 834 5757 (ML-vel
870 5679 1105 5757 utnvertit
1169 5678 1227 5733 P.
1265 5680 1449 5757 Sim_on
1478 5680 1832 5757 Y_uagner_eek
1856 5682 1910 5736 in
1961 5683 2075 5757 Mq-

510 5746 663 5825 riamt
681 5746 882 5801 Pietate
906 5749 1230 5825 erco_rum,
1258 5768 1313 5804 n.
1331 5752 1462 5825 97.}
1488 5746 1630 5806 Mors
1645 5752 1803 5817 cujus
1832 5751 2080 5822 praecipi-

512 5824 619 5867 tem
649 5821 904 5883 impetum
957 5821 1249 5888 reprimere
1276 5822 1531 5890 nullajres
1562 5824 1756 5885 potuit,
1788 5821 1852 5875 ad
1888 5834 1937 5876 te
1990 5838 2083 5876 us-

512 5901 616 5956 que
644 5901 983 5956 perveniens,
1008 5892 1236 5946 attonita
1265 5894 1405 5947 stetit
1434 5908 1447 5957 ;
1492 5912 1509 5944 ι
1538 5893 1592 5946 id
1619 5904 1699 5947 est
1730 5894 1924 5946 intacta
1958 5908 2081 5961 per-

2186 4877 2290 4931 Ἕκ
2313 4873 2422 4927 τοῦ
2444 4874 2711 4941 Κανόνας
2725 4874 2812 4939 εἰς
2826 4874 2933 4927 τὸν
2948 4874 3119 4942 ἅγιον
3134 4870 3404 4941 μάρτυρα
3420 4867 3721 4935 Νεόφυτονν

2791 4946 3001 5015 ἡμέρᾳ
3037 4942 3147 4996 πεί·

2249 5060 2497 5115 Τεκοῦσα
2528 5059 2620 5112 τὸν
2651 5055 2810 5125 φύσει
2840 5049 3183 5122 Δημιουργδν
3212 5047 3453 5108 ὲϐέωσας
3483 5044 3605 5113 ὃλην
3634 5040 3716 5107 τὴν

2179 5154 2365 5209 οὐσίαν
2404 5154 2511 5205 τῶν
2546 5148 2817 5220 γηγενῶν·
2850 5144 2931 5197 διό
2963 5160 3022 5195 σε
3069 5139 3275 5211 κυρίως
3317 5137 3576 5191 Θεοτόκον
3606 5134 3720 5201 ὁμο·

2178 5244 2466 5313 λογοῦμεν,
2510 5239 2751 5311 Παρυένε
2772 5236 3077 5303 Θεόνυμφε.

2257 5335 2464 5403 ’Υμνον
2490 5330 2842 5403 χαριστήριον
2887 5324 3043 5393 γένος
3095 5320 3300 5393 βροτῶν
3331 5319 3418 5372 ἀεὶ
3453 5314 3603 5384 νέμει
3631 5328 3720 5373 σοι,

2183 5426 2383 5498 Μῆτερ
2414 5423 2573 5491 Θεοῦ,
2599 5424 2699 5494 τὴν
2726 5418 3026 5474 ἀθανασίαν
3050 5416 3139 5470 διὰ
3162 5414 3256 5466 σοῦ
3298 5409 3721 5481 κληρωσάμενον.

2182 5678 2432 5733 mansisti
2463 5677 2530 5731 ab
2558 5672 2785 5742 originis
2811 5671 3145 5742 eulpa.pqu:e
3193 5675 3278 5721 est
3309 5678 3467 5742 mors_
3488 5656 3715 5742 quasdam

2189 5722 2492 5816 'spiri'ttialis-
2517 5747 2582 5816 ab
2616 5722 2926 5816 Audamo'inr
3104 5722 3583 5816 omnes't'ranl'u'sa.
3615 5722 3729 5816 Vitio

2191 5791 3243 5874 vin-Vincentio
3284 5803 3447 5865 Victo,
3504 5814 3617 5868 cap.
3652 5791 3726 5847 ﬂ.

2266 5890 2397 5959 (ἥθ’)
2430 5888 2617 5942 Graeca
2645 5885 2698 5938 in
2726 5882 3007 5953 impressis
3044 5879 3262 5934 illenzeis
3291 5875 3509 5930 desunt.
