3996 6598
262 470 401 571 1053

1659 517 2025 578 MARIALE.

3373 516 3511 581 1051

342 617 636 684 Ἑκουσίως
665 623 1054 693 πτωχεύσαντα
1101 625 1317 698 πλούτῳ
1359 627 1698 701 ἀγαθότητος
1732 632 1824 684 τὸν

2001 630 2427 700 Superdivinum
2467 631 2639 698 illum,
2666 631 2759 702 qui
2805 640 2999 701 sponte
3046 630 3221 685 factus
3259 641 3342 686 est
3372 649 3508 701 pan-

258 712 548 783 ὕπέρθεον,
584 715 833 781 θεοτόκε,
868 717 1205 789 ἀπεκύησας,
1241 721 1341 792 τὴν
1362 722 1522 792 ἡμῶν
1556 722 1832 793 πτωχείαν

259 805 724 877 κατοικτείροντα.

332 895 408 948 Τὸ
436 896 541 967 πρὸ
566 897 783 950 πάντων
813 899 1047 966 αἰώνων,
1072 901 1234 974 κόρη,
1261 905 1664 975 παναμώμητε,
1691 907 1833 961 θεῖον

262 988 560 1058 μυστήριον
610 989 1062 1062 ᾁποκεκρυμένον
1095 994 1183 1047 διὰ
1240 997 1332 1049 σού
1383 997 1688 1069 ἐγνωρίσθη
1721 1001 1834 1062 τοῖς

260 1080 516 1150 πέρασιν,
542 1080 569 1132 6
600 1081 748 1149 Υίὸς,
791 1085 884 1138 καὶ
913 1085 1085 1152 Λόγος
1106 1088 1134 1140 6
1162 1088 1256 1142 τοῦ
1288 1089 1423 1142 Θεοῦ
1454 1091 1591 1162 σὰρξ
1612 1108 1833 1162 χρημα-

258 1170 416 1236 τίσας
441 1173 536 1226 καὶ
559 1172 788 1241 θεώσας,
821 1176 1086 1248 Παρθένε,
1117 1179 1208 1232 τὸν
1237 1180 1543 1252 ἄνθρωπον.

343 1346 772 1420 ’Υπέρλαμπρος
804 1351 1122 1426 ἀνεδείχθης
1151 1355 1394 1430 καθέδρα
1438 1357 1703 1427 βασιλέως
1740 1357 1835 1411 οὐ·

261 1437 450 1508 ρανίου
474 1439 738 1510 Παρθένε,
768 1443 827 1495 ὲν
921 1446 1086 1516 σαρκὶ
1114 1447 1462 1502 ἀνεπαύσατο
1491 1448 1684 1514 θέλων,
1737 1453 1834 1505 καὶ

259 1527 355 1580 τὸν
392 1529 562 1583 πολὺν
587 1531 744 1601 ἡμῶν
761 1533 929 1587 κόπον
960 1535 1240 1604 ἀφείλατο,
1271 1539 1366 1591 καὶ
1393 1538 1578 1609 ἵδρυσε
1607 1540 1686 1610 τῷ
1716 1557 1822 1594 πα-

257 1623 455 1692 τρικῷ,
485 1620 561 1686 ὡς
593 1623 884 1694 ηὐδόκησε,
920 1626 1094 1700 θρόνῳ
1112 1629 1203 1684 τὸν
1220 1629 1525 1700 ἄνθρωπον.

339 1803 550 1875 Ὠφθης
564 1803 810 1873 ἀγγέλων
827 1806 1025 1876 ύπερτέ
1035 1806 1329 1880 ρα,βουλῆς
1358 1810 1426 1863 ’Λ
1442 1810 1638 1880 γγελον
1667 1829 1838 1882 μεγα-

261 1893 362 1964 λης
400 1900 672 1965 τετοκυῖα,
703 1897 933 1952 Θεοτόκε
963 1899 1123 1971 ἁγνὴ,
1171 1895 1216 1970 ᾧ
1238 1903 1438 1967 πάντες
1465 1903 1833 1974 μελῳδοῦμεν.

260 1986 570 2058 Εὐλογητὸς
596 1985 667 2058 εἴ,
698 1989 872 2062 Κύριε
907 1993 936 2045 6
967 1991 1121 2059 Θεὸς,
1153 1994 1234 2057 είς
1273 1995 1398 2058 τοὺς
1435 1994 1659 2058 αἰῶνας.

333 2169 473 2223 Νέον
503 2170 714 2224 παιδίον
734 2171 1088 2240 τέτοκας,τὸν
1119 2174 1224 2244 πρὸ
1254 2175 1438 2248 πάσης
1465 2177 1566 2247 τῆς
1595 2179 1830 2244 κτίσεως

259 2260 440 2328 φύντα
490 2262 554 2314 ὲκ
602 2263 814 2334 Πατρός
875 2264 1318 2336 ἀνερμηνεύτως,
1366 2269 1632 2337 πάναγνεσ
1667 2272 1832 2326 αὑτὸν

259 2341 356 2400 οὖν
416 2347 626 2400 ἱκέτευε
672 2349 1053 2403 παλαιωθέντα
1099 2352 1403 2423 πταίσμασι
1461 2355 1558 2409 νῦν
1605 2358 1834 2412 ἀνακαι-

260 2437 411 2491 νίσαι
441 2438 538 2492 καὶ
573 2437 781 2508 βοῶντά
832 2456 899 2508 με
940 2439 1132 2494 σῶσαιο
1165 2443 1228 2495 Οἱ
1282 2443 1490 2510 παῖδες,
1533 2445 1855 2515 εὐλογεῖτεοη

263 2529 775 2601 ῑερεῖς,άνυμνεῖτε·
800 2531 948 2598 λαὸς,
974 2531 1318 2605 ὑπερυψοῦτε
1340 2536 1574 2608 Χριστὸν
1596 2540 1676 2603 είς
1704 2540 1831 2604 τοὺς

261 2618 489 2680 αίῶνας.

335 2710 407 2761 Σὺ
434 2709 672 2780 φέρουσα
695 2704 898 2782 οἷάπερ
928 2712 1084 2778 λαὸὶς
1104 2714 1195 2767 τὸν
1219 2715 1280 2767 ού
1291 2716 1492 2786 ράνιον,
1523 2715 1828 2790 Θεόνυμφε,

260 2800 534 2870 ἄνθρακα,
579 2800 648 2853 τὰ
687 2803 1013 2874 φρυγανὼδη
1051 2821 1154 2874 μου
1200 2806 1430 2876 καρδίας
1475 2807 1621 2879 παθη
1659 2811 1833 2864 κατά-

261 2886 459 2956 φλεξον
489 2888 582 2940 καὶ
609 2889 710 2958 τῆς
734 2891 959 2961 γεέννης
991 2892 1086 2945 τοῦ
1115 2894 1285 2965 πυρὸς
1313 2893 1590 2964 λύτρωσαί
1622 2914 1689 2967 με
1717 2899 1833 2954 δέο-

264 2994 390 3048 μαι,
421 2976 509 3031 ἴνα
542 2977 747 3044 δοξάζω
783 2996 843 3032 σε
880 2980 978 3052 τὴν
1026 2981 1217 3036 ἐλπίδα
1269 2983 1376 3037 τῶν
1411 2984 1642 3052 πιστῶν,
1689 3005 1830 3041 παν-

261 3069 556 3138 αμῶμητε.

274 3160 373 3214 Ἐκ
398 3158 503 3215 τοῦ
529 3161 802 3228 Κανόνος
826 3163 911 3244 είς
931 3164 1041 3244 τότε
1069 3163 1240 3244 ἅγιον
1258 3166 1531 3244 μάρτυρα
1567 3171 1832 3244 Ἂγαθάγκ

773 3236 974 3300 τελον,
1009 3235 1199 3304 ἡμέρᾳ
1225 3243 1334 3302 κγ’.

1934 738 2029 792 per
2060 723 2127 775 oh
2157 724 2374 778 divitias
2403 723 2662 778 bonitatis
2699 738 2840 788 suae,
2873 722 3152 792 peperisti,
3186 737 3218 777 ο
3241 721 3496 792 Deipara,

1933 831 2036 884 pau
2047 825 2304 886 pertatem
2334 826 2576 871 nostram
2609 831 2730 872 com
2739 833 2787 869 m
2800 815 2998 869 iseratu
3008 830 3083 871 ll].

2003 907 2322 978 Mysteiinm
2386 909 2516 963 illud
2574 909 2842 973 divinum,
2889 915 3013 962 ante
3068 907 3249 961 omnia
3303 905 3502 962 smeula

1934 1002 2336 1062 absconditum,
2357 1016 2450 1070 per
2477 1011 2528 1056 te
2551 1001 2828 1069 cognitum
2861 1010 2942 1053 est
2967 999 3032 1053 ab
3057 999 3313 1054 omnibus
3347 1009 3507 1052 terrae

1936 1087 2155 1153 linibus,
2200 1102 2234 1141 0
2280 1087 2445 1156 Virgo
2509 1087 2683 1156 puella
2732 1085 3241 1141 immaculatissima
3276 1103 3289 1138 :
3327 1083 3500 1139 Filius

1935 1179 2148 1235 scilicet
2179 1186 2307 1234 tuus
2339 1186 2393 1233 et
2423 1176 2657 1233 Verbum
2681 1178 2795 1244 Dei,
2823 1177 2970 1248 quod
2992 1193 3121 1233 caro
3160 1176 3362 1232 factum
3387 1185 3494 1237 est,

1935 1277 2102 1337 atque
2129 1268 2405 1324 hominem
2437 1269 2729 1323 deificavit.

2005 1359 2365 1414 Lueidissima
2398 1360 2642 1415 caelestis
2679 1359 2835 1429 regis
2882 1358 3140 1414 cathedra
3177 1358 3321 1414 facta
3362 1374 3443 1424 es,
3473 1373 3507 1413 ο

1937 1448 2122 1519 Virgo,
2155 1449 2209 1504 in
2236 1463 2342 1518 qua
2373 1450 2687 1503 incarnatus
2711 1456 2903 1517 sponte
2930 1448 3218 1517 requievit,
3241 1457 3297 1510 et
3317 1449 3508 1504 abstu-

1937 1542 1997 1595 lit
2027 1541 2250 1594 multam
2284 1540 2659 1595 lassitudinem
2705 1547 2985 1606 nostram;
3030 1547 3193 1608 atque
3229 1540 3504 1594 hominem

1938 1631 1993 1685 in
2053 1641 2285 1700 paterno
2339 1631 2558 1697 throno,
2616 1631 3078 1701 quemadmodum
3128 1630 3234 1686 sibi
3275 1631 3502 1701 placuit,

1942 1723 2252 1778 collocavit.
3163 1776 3167 1781 .

2012 1813 2310 1870 Sublimior
2334 1813 2544 1884 angelis
2567 1813 2886 1882 apparuisti,
2915 1812 3098 1880 magni
3125 1811 3340 1868 consilii
3391 1813 3505 1866 An-

1942 1906 2117 1976 gelum
2140 1908 2322 1973 enixa,
2371 1921 2403 1961 ο
2442 1915 2594 1960 easta
2629 1905 2857 1973 Deipara
2887 1944 2901 1970 ,
2956 1904 3047 1968 cui
3087 1918 3282 1958 omnes
3317 1903 3508 1956 modu-

1864 1978 1908 2038 Β
1937 1999 2112 2054 lantes
2142 1999 2394 2053 canimus
2433 2014 2448 2052 :
2483 1997 2826 2065 Benedictus
2849 2010 2934 2064 es,
2966 1996 3194 2052 Domine
3235 1994 3402 2062 Deus,
3452 1994 3508 2048 in

1937 2088 2168 2146 saecula.

2005 2178 2215 2235 Novum
2243 2192 2472 2249 puerum
2501 2175 2783 2248 peperisti,
2816 2191 2850 2231 ο
2871 2176 3208 2240 castissima,
3239 2177 3332 2247 qui
3374 2185 3500 2233 ante

1935 2286 2154 2327 onmem
2177 2279 2484 2326 creaturam
2519 2267 2861 2324 inetiabiliter
2906 2279 3070 2324 natus
3098 2278 3182 2323 est
3209 2284 3275 2322 ex
3321 2270 3504 2324 Patre.

1933 2362 2118 2432 ipsum
2141 2375 2272 2432 ergo
2301 2374 2448 2414 nune
2483 2359 2800 2428 deprecare,
2829 2368 2890 2414 ut
2917 2374 3002 2413 me
3024 2359 3264 2426 peccatis
3293 2360 3501 2416 invete-

1934 2466 2112 2508 ratum
2137 2462 2448 2516 renovet,et
2472 2450 2692 2506 salvum
2717 2450 2905 2515 faciat,
2926 2450 3051 2503 dum
3080 2451 3257 2505 clamo
3281 2468 3295 2504 :
3325 2451 3506 2516 Pueri,

1933 2548 2236 2604 benedicite
2257 2564 2272 2613 ;
2293 2546 2624 2609 sacerdotes,
2645 2545 2863 2600 laudate
2887 2562 2902 2612 ;
2921 2545 3176 2615 populus,
3196 2545 3510 2616 superexal—

1932 2646 2050 2695 tate
2078 2638 2358 2694 Christum
2401 2637 2454 2690 in
2489 2635 2712 2692 saecula.

2005 2727 2112 2794 Tu,
2145 2743 2178 2783 ο
2211 2727 2302 2784 Dei
2329 2743 2550 2797 sponsa,
2589 2741 2712 2796 quae
2758 2725 2907 2780 velut
2969 2725 3181 2795 forceps
3225 2725 3504 2783 emlestem

1933 2821 2229 2879 carbonem
2263 2820 2514 2891 portasti,
2543 2819 2837 2874 fruticosas
2859 2818 3044 2874 cordis
3077 2819 3184 2872 mei
3215 2819 3502 2889 passiones

1930 2914 2223 2981 eombure;
2248 2924 2302 2968 et
2333 2913 2401 2968 ab
2431 2913 2554 2983 igne
2587 2912 2870 2981 gehennae,
2897 2926 3110 2981 quaeso,
3133 2910 3303 2966 libera
3326 2917 3509 2976 me,ut

1932 3005 2229 3076 gloriﬁeem
2261 3012 2314 3060 te
2347 3019 2500 3074 Spem
2549 3002 2816 3070 ﬁdelium,
2854 3017 2887 3056 o
2915 3001 3064 3057 omni
3106 3000 3266 3056 laude
3290 2999 3506 3070 dignis-

1928 3113 2250 3246 2:201:0118
2275 3189 2331 3242 in
2359 3187 2420 3244 S.
2443 3185 2893 3256 Agathangelum,
2932 3193 3256 3254 martyrem,
3293 3181 3377 3236 die
3410 3180 3503 3236 25.

338 3339 708 3411 Σαρκωθέντα
757 3341 961 3412 Κύριον
1034 3341 1102 3395 δι’
1161 3344 1566 3415 εύσπλαγχνίαν
1624 3347 1830 3418 ἄφατον

2003 3363 2350 3419 lncarnatum
2378 3360 2450 3416 ob
2483 3359 2812 3414 inell'abilem
2839 3358 3090 3429 pietatem
3115 3371 3271 3413 suam
3309 3354 3498 3410 Domi-

261 3431 529 3503 ἒκύησας,
587 3431 852 3504 Παρθένε,
882 3433 940 3486 ὃν
1000 3435 1402 3504 Ἀγαθάγγελος
1451 3439 1697 3510 ποθήσας
1727 3441 1832 3506 ἔξω

263 3525 469 3594 σαρκὸς
499 3525 745 3595 γέγονεν,
771 3525 1007 3598 ἀθλήσας
1030 3529 1367 3599 παραδόξως,
1406 3533 1527 3602 μεθ’
1550 3527 1611 3586 οὗ
1639 3533 1830 3605 ὑμνοῦ-

306 3615 364 3668 ἐν
401 3632 482 3671 σε.

306 3632 364 3668 εν
401 3632 482 3671 σε.

263 3632 304 3686 μ
338 3709 404 3760 Ὦ
435 3708 743 3778 παραδόξου
779 3709 1124 3782 μυστηρίου]
1154 3712 1279 3776 Πῶς
1304 3715 1336 3783 ὴ
1388 3716 1665 3789 Παρθένος
1696 3719 1832 3772 πλαο

257 3801 463 3871 τυτέρα
483 3800 593 3853 τῶν
622 3800 867 3869 οὐρανῶν
895 3801 1130 3873 ἐδείχθη,
1159 3805 1216 3856 ὲν
1241 3805 1394 3876 νηδύϊ
1416 3808 1508 3862 τὸν
1540 3809 1830 3882 ἅπεριόριο

261 3906 388 3944 στον
416 3892 875 3963 άστενοχωρήτως
901 3899 1191 3965 κυήσασα;

331 4074 725 4146 Μακαρίζομέν
764 4093 824 4130 σε
864 4077 971 4141 ἀεὶ,
1005 4077 1317 4149 Θεοκυῆτορ
1361 4079 1726 4154 εὐλογημένη,
1761 4083 1831 4138 δι’

257 4160 327 4237 ἦς
357 4167 518 4236 δόξης
538 4166 872 4238 ἠξιώθημεν,
890 4170 1006 4222 ικαὶ
1032 4169 1124 4223 τὸν
1173 4169 1304 4242 πρὶν
1344 4171 1720 4243 Παράδεισον,
1771 4175 1831 4228 ὂν

258 4259 649 4330 ἀπωλέσαμεν,
684 4260 1048 4331 ἀπελάὸομεν.

340 4349 610 4422 Ῥυομένη
639 4353 861 4423 φάνηθι,
893 4353 1258 4426 άπειρόγαμε,
1300 4355 1508 4420 πάντας
1538 4357 1682 4427 ἡμᾶς
1711 4374 1829 4416 πει-

259 4434 492 4515 ρασμῶν
528 4463 588 4499 τε
638 4447 734 4500 καὶ
783 4445 1064 4514 κινδύνων,
1098 4449 1194 4502 καὶ
1235 4447 1467 4520 θλίψεων
1521 4449 1647 4513 τοὺς
1678 4451 1828 4524 πόθῳ

259 4537 567 4608 ὑμνοῦντας
601 4556 683 4594 σε.

1935 3475 2061 3513 num
2092 3455 2369 3529 peperisti,
2403 3471 2436 3510 ο
2466 3454 2654 3526 Virgo,
2685 3469 2846 3524 quem
2870 3453 3273 3524 Agathangelus
3300 3467 3506 3507 concu-

1933 3551 2174 3622 piscens,
2198 3565 2228 3605 e
2253 3564 2418 3606 carne
2446 3548 2613 3603 exivit
2635 3555 2755 3616 post
2778 3531 3158 3602 admirandum
3185 3553 3462 3602 certamen
3487 3583 3503 3610 ,

1933 3658 2057 3697 eum
2097 3657 2206 3712 quo
2235 3653 2285 3697 te
2307 3641 2704 3698 collaudamus.
3468 3677 3474 3682 .

2003 3734 2047 3790 Ο
2077 3733 2398 3789 admirabile
2438 3732 2800 3803 mysterium!
2835 3729 3122 3797 Quomodo
3168 3727 3337 3800 Virgo
3381 3742 3508 3798 spa-

1935 3826 2124 3882 tiosior
2159 3808 2314 3882 εατέιὶε
2363 3825 2505 3880 laeta
2559 3833 2662 3889 est,
2728 3823 3047 3893 concipiens
3078 3823 3130 3876 in
3171 3822 3356 3890 utero:
3388 3821 3510 3876 sine

1933 3920 2043 3974 ulla
2074 3919 2445 3974 coarctatione
2467 3917 2570 3987 57
2600 3917 2754 3971 illum
2783 3915 2878 3986 qui
2909 3915 3060 3970 nullo
3101 3914 3339 3968 termino
3366 3927 3504 3970 con-

1931 4010 2075 4067 cludi
2109 4009 2433 4064 autdeﬁniri
2471 4008 2685 4078 potest?

2004 4099 2231 4170 Semper
2258 4110 2309 4154 te
2334 4099 2732 4162 beatiﬁeamus,
2752 4111 2784 4152 ο
2816 4095 2909 4152 Dei
2929 4095 3172 4151 Genitrix
3196 4094 3504 4160 benedicta,

1929 4205 2026 4260 per
2049 4205 2212 4261 quam
2250 4187 2423 4260 gloria
2471 4186 2620 4258 digni
2651 4185 2780 4240 facti
2815 4201 3026 4252 smnus,
3075 4194 3129 4240 et
3163 4185 3485 4240 Parazlisum

1931 4282 2082 4336 illum
2114 4281 2424 4350 antiquum,
2457 4294 2617 4348 quem
2649 4277 3034 4340 amiseramns,
3058 4277 3388 4347 recepimus.

2000 4373 2235 4430 Ostende
2255 4380 2327 4434 te,
2348 4386 2379 4426 ο
2409 4369 2575 4440 Virgo
2594 4369 2844 4438 innupta,
2878 4367 3240 4421 liberatricem
3259 4366 3504 4420 omnium

1929 4475 2182 4523 nostrum
2201 4480 2228 4517 a
2250 4462 2662 4526 tentationibus,
2687 4460 3014 4531 periculisjet
3035 4458 3504 4526 tribulationibus,

1931 4557 2059 4611 dum
2104 4565 2155 4611 te
2185 4571 2308 4610 cum
2343 4554 2540 4609 all‘ectu
2581 4549 2979 4608 collaudamus.

341 4629 643 4700 Ῥᾳθυμίαν
691 4630 856 4685 ὕπνου
889 4630 1262 4704 θανατηφόρου
1302 4633 1629 4704 ἀπάλλαξον,
1662 4637 1822 4710 ἁγνὴ,

2000 4648 2197 4704 Libera
2228 4663 2334 4712 me,
2369 4663 2401 4700 ο
2437 4655 2606 4711 casta,
2631 4645 2960 4700 amortifero
2992 4641 3334 4713 negligentia:
3358 4654 3505 4694 som-

257 4721 515 4791 καὶπρὸς
541 4721 756 4786 ἐνθέους
790 4727 1085 4797 γρηγορεῖν
1119 4729 1187 4795 με
1234 4725 1456 4796 ὕμνους,
1510 4730 1606 4782 καὶ
1655 4731 1827 4793 καλὰς

255 4813 521 4883 ἐργασίας
581 4813 886 4884 ὲνίσχυσον,
931 4816 1224 4887 Δέσποινα,
1267 4818 1356 4872 ἵνα
1403 4819 1552 4892 πόθῳ
1600 4821 1827 4892 ύμνολο·

255 4919 339 4972 γω
367 4920 449 4957 σε.

340 4992 770 5064 Ἀνερμηνεύτου
799 4995 956 5065 λόγος
990 4999 1263 5072 ὲδείχθης,
1312 5004 1578 5076 Παρθένε,
1619 5021 1823 5075 μυστη-

256 5083 398 5154 ρίου.
431 5085 564 5138 Θεὸν
608 5087 715 5158 γὰρ
747 5089 804 5141 ὲν
837 5091 1004 5143 πᾶσιν
1045 5091 1176 5145 ὅντα
1211 5094 1492 5164 άχώρητον
1525 5097 1828 5165 ἀστενοχωο

253 5177 437 5246 ρήτως
483 5180 701 5247 χωρεῖς,
761 5181 858 5234 καὶ
908 5182 1131 5246 τίκτεις,
1175 5185 1267 5237 καὶ
1321 5187 1514 5254 μαςοίς
1565 5185 1822 5257 ἔθρεψας,

252 5268 586 5338 βουληθέντα
618 5273 954 5343 οἰκτειρῆσαι
989 5276 1134 5345 ἡμᾶς
1160 5276 1284 5338 τοὺς
1320 5277 1583 5332 Θεοτόκον
1603 5295 1661 5331 σε
1693 5281 1826 5350 ὁμο·-

249 5358 568 5428 λογοῦντας.

337 5453 588 5524 ’ἰσχυρὰν
622 5457 986 5530 παράκλησιν,
1017 5461 1111 5513 καὶ
1141 5461 1572 5533 ἀκαταίσχυντον
1606 5465 1820 5529 ἐλπίδα,

251 5545 435 5613 τεῖχος
461 5544 911 5618 ἀπροσμάχητον,
959 5551 1052 5602 καὶ
1086 5548 1236 5602 θείαν
1263 5553 1610 5622 προστασίαν
1641 5556 1668 5606 ό
1694 5555 1822 5619 λαός

250 5649 347 5686 σου
367 5633 482 5704 ἔχει
505 5651 586 5700 σε,
615 5635 643 5688 6
670 5653 734 5688 σε
780 5636 1041 5703 δοξάζων,
1083 5639 1353 5710 Παρθένε,
1387 5643 1482 5696 καὶ
1518 5644 1822 5714 σωζόμενος

247 5723 446 5794 κράζει
493 5725 875 5796 ἐμμελέστατα
906 5745 920 5762 ο
951 5731 1257 5802 Εύλογείτε,
1283 5732 1350 5788 τὰ
1395 5733 1532 5806 ἔργα
1585 5736 1816 5808 Κυρίου,

249 5814 545 5882 ἀπαύστως
567 5817 658 5871 ’δν
681 5818 905 5890 Κύριον.

1929 4757 2033 4806 no;
2067 4749 2121 4795 et
2151 4739 2448 4794 eorrobora
2501 4751 2608 4798 me,
2657 4736 2912 4802 Domina,
2955 4734 3022 4788 ad
3059 4733 3392 4802 vigilandum
3443 4729 3500 4784 in

1927 4829 2146 4901 hymnis
2170 4827 2392 4892 divinis,
2425 4841 2490 4881 ac
2510 4823 2668 4880 bonis
2690 4823 2971 4895 operibus,
2998 4829 3058 4876 ut
3079 4837 3202 4878 eum
3231 4820 3429 4875 allectu
3454 4827 3506 4873 te

1927 4916 2154 4974 laudare
2187 4918 2420 4973 valeam.

1997 5009 2399 5082 lnexplicabilis
2425 5006 2667 5078 mysterii
2695 5005 2922 5060 verbum
2955 5004 3096 5059 faeta
3124 5017 3204 5068 es,
3233 5017 3266 5056 ο
3300 5000 3505 5066 Virgo;

1927 5100 2095 5154 Deum
2130 5102 2276 5155 enim
2333 5099 2428 5168 qui
2465 5099 2518 5152 in
2558 5097 2816 5152 omnibus
2847 5103 2930 5151 est
2969 5090 3499 5162 incomprehensibi-

1925 5189 2011 5256 lis,
2041 5190 2157 5246 sine
2183 5189 2556 5245 c0aretatione
2579 5183 3064 5256 comprehendisti,
3107 5198 3173 5237 ae
3209 5181 3490 5252 peperisti,

1924 5293 2091 5352 atque
2127 5283 2390 5337 uberibus
2414 5279 2712 5343 nutrit-isti,
2759 5292 2883 5332 eum
2935 5276 3197 5333 voluisset
3243 5273 3490 5330 misereri

1923 5375 2117 5439 nostri,
2141 5373 2312 5443 quite
2342 5372 2440 5426 Dei
2451 5385 2641 5442 param
2665 5369 3010 5424 conﬁtemur.

1995 5465 2230 5536 Populus
2262 5475 2408 5530 tuus,
2441 5461 2677 5533 oVirgo,
2702 5461 2796 5532 qui
2841 5459 3112 5530 glorificat
3142 5468 3214 5525 te,
3250 5455 3412 5511 habet
3449 5464 3500 5510 te

1921 5557 2154 5613 validam
2184 5556 2613 5620 advocationem,
2641 5563 2696 5610 et
2719 5552 3171 5614 consolationem,
3197 5565 3349 5618 Spem
3373 5563 3498 5616 quae

1923 5666 2027 5705 non
2064 5648 2438 5709 confunditur,
2469 5661 2688 5700 murum
2725 5645 2817 5716 qui
2873 5659 2982 5698 non
3011 5652 3186 5710 potest
3211 5655 3496 5711 expugna-

1921 5741 1988 5803 ri,
2017 5750 2071 5795 et
2098 5739 2489 5808 protectionem
2529 5736 2794 5802 divinam,
2824 5745 2878 5792 et
2909 5735 3143 5791 salutem
3176 5739 3490 5795 assecutus,

1920 5831 2119 5884 clamat
2177 5827 2518 5884 suavissimis
2559 5827 2821 5883 vocibus:
2877 5825 3194 5884 Benedicite
3246 5838 3490 5893 semper,

1924 5937 2083 5991 nera
2117 5920 2350 5988 Domini,
2396 5920 2709 5978 llauiinum.
