3996 6594
504 448 641 516 1055

1597 457 1659 517 S.
1699 455 2011 517 JOSEPHI
2050 453 2610 517 HYMNOGRAPIII

3604 451 3737 515 1056

578 564 837 619 Mundum
882 554 1182 632 illuminas,
1230 581 1264 621 o
1312 571 1627 639 purissima,
1683 570 1860 626 lucem
1893 571 2067 625 eﬂ'un-

2240 570 2497 635 Φωτίζεις
2536 568 2628 624 τὸν
2687 568 2912 637 κόσμον,
2942 566 3274 621 ἁνατείλασα
3316 570 3375 620 τὸ
3433 566 3572 636 φῶς,
3612 585 3745 620 παν·

498 652 658 716 dens,
691 669 814 724 quae.
851 662 976 710 ante
1018 656 1216 710 saecula
1256 670 1321 711 ex
1361 655 1521 713 Patre
1563 672 1726 730 supra
1754 661 1954 715 mentis
1980 676 2072 714 ca-

500 751 674 813 ptum,
709 747 1040 800 coruscavit.
1076 747 1201 801 Ideo
1229 746 1407 802 clamo
1436 747 1503 802 ad
1538 758 1590 804 te
1626 768 1639 804 :
1683 751 1902 821 Expelle
1926 760 2074 806 tene-

2174 661 2395 732 άμωμε,
2432 661 2491 714 τὸ
2521 661 2742 729 λάμψειν
2770 660 2875 731 πρὸ
2904 658 3115 712 αἰώνων
3145 660 3210 712 ὲκ
3239 659 3329 712 τοῦ
3364 660 3577 729 Harpe;
3607 660 3741 728 ὑπὲρ

2177 752 2322 806 νοῦν.
2352 754 2451 805 Διά
2478 752 2636 805 τοῦτό
2668 770 2748 805 σοι
2773 752 2903 821 βοῶ·
2928 752 3002 803 Τὸ
3034 750 3225 814 σκότος
3255 750 3552 815 ἁπέλασον,
3586 751 3741 819 ἁγνὴ,

498 838 627 889 bras
666 837 1102 891 tnrltulcutarum
1167 837 1560 908 cOgitationum
1594 856 1626 896 e
1656 842 1821 898 corde
1849 857 1994 910 meo,
2021 851 2077 898 ut

2191 845 2245 897 ὲκ
2272 845 2370 911 τῆς
2399 844 2537 914 ἐμῆς
2583 844 2806 916 καρδίας
2837 843 2947 898 τῶν
2983 843 3233 898 ἀτάκτων
3258 841 3564 913 λογισμῶν,
3606 843 3746 903 ὅπως

503 935 574 993 te,
606 942 640 984 ο
668 937 839 995 casta,
875 927 1103 985 laudare
1134 930 1363 997 possim.

2182 936 2407 1007 ἀνυμνῶ
2440 953 2520 994 σε.

1086 1042 1244 1113 (50“)
1272 1043 1355 1100 Ea:
1422 1045 1636 1103 Canone
1666 1050 1720 1103 in
1748 1046 1849 1104 SS.
1897 1049 2205 1119 Claudium,
2248 1053 2515 1108 Asterium
2540 1064 2591 1109 et
2629 1053 2888 1119 Neonem,
2943 1055 3029 1110 die
3049 1054 3139 1109 26.

567 1146 1085 1229 lneﬂabili'prorsus
1114 1161 1277 1217 modo
1308 1160 1549 1218 Verbum
1574 1165 1897 1221 continuisti
1927 1168 2083 1222 simi-
2184 1180 2313 1226 cant
2348 1180 2420 1235 te,
2453 1180 2517 1226 ut
2573 1172 2802 1241 gloriam
2834 1180 2888 1225 et
2930 1171 3105 1226 lucem
3144 1178 3564 1239 consequantur
3591 1179 3745 1224 aster-

498 1249 551 1304 le
582 1250 742 1305 nobis
765 1250 966 1307 factum
992 1264 1214 1323 propter
1240 1270 1511 1309 summam
1538 1255 1871 1322 bonitatem;
1916 1267 2082 1328 atque
2181 1278 2331 1326 nam,
2371 1278 2405 1315 ο
2451 1264 2615 1334 Virgo
2653 1263 3189 1329 immaculatissima,
3223 1278 3347 1334 qua:
3374 1277 3435 1318 es
3477 1262 3747 1339 auxilium

501 1340 633 1395 illud
671 1340 813 1397 idem
847 1341 900 1396 in
936 1342 1153 1399 duabus
1180 1346 1580 1409 voluntatibus,
1614 1355 1780 1417 atque
1816 1363 1924 1403 una
1959 1364 2077 1418 per-
2176 1352 2441 1408 ﬁdelium.

501 1433 798 1488 sona'vere
827 1435 1086 1504 peperisti
1114 1454 1128 1491 :
1155 1447 1447 1507 prepterea
1479 1448 1532 1492 te
1577 1438 1669 1493 Dei
1714 1439 1940 1494 Matrem
1974 1440 2075 1494 im-

2247 1444 2506 1501 Stabilem
2532 1459 2621 1500 me
2662 1444 2768 1512 fac,
2802 1460 2837 1501 ο
2885 1445 3074 1516 Virgo,
3107 1444 3616 1501 intercessionibus
3643 1443 3749 1499 tuis

500 1524 833 1580 maculatam
875 1534 1041 1596 atque
1088 1527 1428 1595 inviolatam,
1457 1530 1703 1601 oVirgo,
1750 1532 2075 1601 pronuntia-
2176 1535 2233 1590 in
2274 1545 2426 1605 petra
2488 1536 2596 1607 59
2647 1538 2932 1603 veritatis;
2972 1548 3025 1593 et
3083 1552 3114 1592 a
3176 1537 3486 1593 seductoris
3539 1534 3751 1590 insidiis

498 1630 649 1671 mus.

572 1707 684 1779 58
724 1707 993 1780 llymnum
1038 1710 1091 1765 in
1135 1712 1434 1781 gratiarum
1481 1701 1751 1769 actionem
1784 1716 1881 1770 tibi
1916 1716 2076 1772 offert

504 1814 677 1869 genus
719 1800 1042 1867 humanum,
1078 1804 1223 1873 quod
1273 1820 1368 1875 per
1395 1812 1445 1861 te
1487 1805 1950 1863 immortalitatem
1981 1824 2072 1865 ac—

504 1892 647 1961 cepit
666 1892 721 1946 in
755 1901 983 1950 sortem.

2179 1628 2515 1697 supplantari
2549 1644 2828 1699 nunquam
2854 1629 3005 1685 sinas
3032 1644 3146 1697 me,
3183 1642 3219 1686 ο
3250 1628 3362 1684 Deo
3391 1626 3747 1692 charissima,

2181 1728 2241 1772 ut
2271 1730 2322 1774 te
2345 1735 2468 1775 cum
2494 1720 2600 1775 ﬁde
2624 1722 2837 1775 beatam
2870 1721 3156 1791 appellem.

2250 1807 2532 1878 Tanquam
2586 1810 2986 1880 propitiatorio,
3020 1818 3277 1879 tauquam
3334 1808 3571 1864 ferventi
3607 1809 3746 1879 apud

2182 1898 2350 1957 Deum
2412 1902 2718 1971 patrocinio
2775 1901 3089 1971 locupletati
3142 1915 3338 1957 sumus
3381 1911 3433 1956 te
3472 1916 3579 1955 nos
3612 1902 3751 1955 servi

580 1982 808 2039 Domina
840 1999 870 2039 a
897 1986 1134 2041 maritali
1186 1996 1308 2043 toro
1354 1988 1635 2054 immunis,
1670 2005 1792 2060 quas
1836 1991 2072 2047 Verbum
2103 2007 2150 2068 Β
2181 1994 2283 2059 tui,
2314 2008 2348 2049 ο
2371 1993 2630 2048 inviolata
2658 1994 2727 2049 ab
2757 1994 2907 2049 omni
2940 1995 3061 2049 labe
3095 1993 3359 2048 immunis
3394 2010 3411 2047 :
3445 1993 3620 2048 libera
3654 2010 3753 2050 nos

504 2072 850 2132 incarnatum
882 2080 1163 2148 peperisti,
1217 2080 1465 2135 illumiua
1508 2082 1749 2137 animam
1795 2100 1995 2151 meam,
2024 2096 2078 2141 et

504 2184 537 2223 a
574 2170 821 2239 gehenna
848 2186 912 2227 ac
933 2173 1204 2243 supplicio
1231 2174 1399 2229 libera
1424 2191 1532 2231 me.

573 2258 651 2315 Ne
669 2276 854 2318 cesses
881 2265 1091 2334 eripere
1114 2280 1201 2321 me
1222 2282 1250 2320 a
1280 2268 1617 2337 captivitate,
1645 2276 1698 2323 et
1725 2284 1755 2324 a
1788 2270 2076 2328 mortifera

502 2358 850 2421 tempestate,
879 2368 1003 2424 qua:
1032 2358 1233 2426 premit
1272 2373 1359 2413 me
1413 2360 1676 2430 undique,
1722 2371 1777 2416 et
1802 2377 1833 2416 a
1874 2364 2079 2433 gravis-

504 2441 662 2497 simis
691 2444 1064 2512 passionibus,
1106 2462 1229 2517 qua:
1275 2464 1361 2504 me
1393 2449 1461 2504 ad
1508 2461 1736 2506 mortem
1764 2453 2009 2523 adigunt,
2045 2470 2079 2510 ο

503 2533 689 2602 puella
758 2536 1144 2604 sanctissima,
1222 2551 1568 2610 peccatorum
1619 2544 1956 2615 praesidium,
2014 2561 2081 2603 ac

504 2635 819 2695 promptum
852 2627 1135 2685 hominum
1168 2632 1455 2688 auxilium.

580 2714 807 2773 Uterum
830 2730 981 2776 tuum
1006 2723 1268 2781 Dominus
1302 2726 1603 2797 ingressus,
1630 2738 1890 2800 tanquam
1914 2746 2081 2803 spon-

509 2822 607 2863 sus
638 2811 1040 2879 pulcherrimus
1079 2816 1149 2871 ab
1186 2818 1378 2873 eodem
1432 2822 1925 2889 superuaturaliter
1958 2837 2080 2892 pro-

509 2902 695 2967 cessit,
726 2911 891 2974 atque
928 2906 1183 2964 homines
1231 2907 1641 2966 immortalitate
1684 2912 1983 2980 decoravit,
2016 2929 2081 2969 ac

507 2993 741 3050 salvavit
766 3011 884 3062 eos,
918 2998 1011 3069 qui
1051 3008 1309 3057 teveram
1344 3001 1629 3073 Deiparam
1660 3014 1869 3060 castam
1909 3021 2079 3075 agno-

506 3095 689 3142 SCIIIII.

577 3176 691 3232 Lux
724 3195 792 3235 ex
830 3190 989 3239 utero
1012 3192 1109 3239 tuo
1147 3195 1366 3250 exorta,
1407 3174 1701 3243 terrarum
1726 3189 1915 3245 orbem
1952 3190 2080 3244 illu-

506 3270 760 3339 minavit,
807 3288 840 3328 o
876 3274 1069 3348 Virgo,
1120 3293 1185 3334 ac
1223 3280 1533 3335 daemonum
1589 3282 1844 3338 nebulam
1869 3324 1885 3349 ,
1916 3292 2080 3354 atque

2181 2086 2249 2141 ab
2285 2087 2503 2142 retentis
2533 2088 2843 2151 tormentis,
2874 2087 3005 2141 dum
3038 2095 3163 2140 tuas
3191 2085 3385 2141 laudes
3413 2094 3729 2140 cantamus.

2248 2175 2569 2233 lncarnatus
2618 2186 2703 2232 est
2755 2177 2893 2231 citra
2941 2176 3301 2230 mutationem
3361 2175 3630 2230 Dominus
3687 2190 3750 2229 ex

2180 2269 2349 2323 castis
2383 2268 2743 2339 sanguiuibus
2796 2267 2928 2333 tuis,
2968 2283 3002 2322 ο
3039 2265 3200 2335 Virgo
3230 2276 3340 2321 tota
3371 2283 3532 2337 pura,
3587 2276 3755 2336 atque

2181 2376 2372 2415 omnes
2397 2376 2496 2415 nos
2525 2376 2775 2415 errorum
2804 2360 3014 2430 laqueis
3041 2361 3359 2431 implicitos,
3392 2360 3460 2413 ad
3502 2358 3751 2413 divinam

2182 2453 2346 2507 vitam
2371 2468 2587 2519 revoca,
2611 2453 2743 2508 dum
2776 2454 3085 2520 laudamus,
3109 2469 3142 2509 ο
3166 2450 3315 2509 omni
3352 2450 3518 2507 laude
3542 2452 3755 2523 dignis-

2182 2546 2345 2600 sima.

2257 2638 2461 2694 Divinas
2498 2638 2942 2709 compunctionis
2996 2638 3205 2694 imbres
3234 2638 3381 2695 stilla
3432 2653 3600 2707 super
3642 2652 3752 2703 me,

2180 2732 2489 2787 castissima
2520 2732 2769 2799 Domina,
2805 2741 2866 2786 ιιι
2908 2734 3144 2803 lugeam,
3203 2740 3369 2801 atque
3408 2731 3632 2785 abluam
3670 2746 3754 2783 tne

2183 2829 2357 2877 totum
2403 2838 2433 2877 a
2467 2822 2725 2881 sordibus
2764 2823 3159 2879 immensarum
3211 2828 3561 2893 peccatorum
3597 2835 3756 2876 meo-

2181 2930 2327 2970 rum.

2251 3004 2465 3060 Peccati
2497 3004 2676 3074 gladio
2734 3004 3013 3060 sauciatus
3069 3018 3134 3058 ac
3192 3001 3462 3073 dejectus,
3500 3010 3757 3056 mortuus

2182 3111 2327 3151 sum.
2368 3095 2450 3149 Tu
2485 3111 2606 3166 qua:
2664 3094 2923 3167 peperisti
2973 3094 3276 3153 Christum.
3317 3094 3411 3167 qui
3440 3103 3615 3149 morte
3651 3110 3753 3147 sua

2183 3187 2407 3241 sustulit
2438 3196 2693 3250 mortem,
2742 3186 2957 3241 viviﬁco
3005 3185 3308 3255 patrocinio
3355 3195 3474 3247 tuo,
3509 3185 3631 3239 vitae
3670 3200 3758 3239 re-

2184 3279 2353 3335 stitue
2379 3294 2485 3345 me,
2516 3287 2572 3333 et
2605 3278 2794 3335 saluti.

502 3362 831 3431 ignorantia:
883 3370 1138 3427 tenebras
1171 3373 1534 3445 undequaque
1565 3375 1785 3445 penitus
1822 3376 2079 3431 elitnina-
2106 3373 2151 3433 c
2257 3368 2653 3425 Sacratissimtc
2684 3369 3074 3440 prophetarum
3108 3368 3306 3439 linguae
3326 3368 3764 3439 praenuntiantes

509 3454 798 3513 vit.-Jesus
828 3458 967 3514 lucis
990 3462 1169 3516 dator.

579 3543 833 3601 Animam
876 3564 1054 3605 meam
1106 3553 1423 3620 passionum
1488 3556 1682 3612 morbo
1739 3566 2077 3629 peremptam

509 3633 635 3687 vitta
682 3637 931 3707 restitue,
978 3653 1013 3695 ο
1059 3641 1365 3711 benedicta,
1421 3661 1545 3717 quae
1593 3650 1759 3703 vitam
1818 3652 2078 3721 peperisti

509 3724 754 3779 omnium
787 3726 1095 3799 Dominum,
1134 3735 1221 3786 cui
1247 3723 1588 3793 modulantes
1607 3738 1884 3795 canimus.

581 3810 628 3866 0
658 3814 841 3871 divina
873 3822 1045 3890 gratia
1102 3822 1441 3893 plenissima,
1497 3843 1620 3897 quae
1651 3830 1799 3883 velut
1843 3829 2079 3901 forceps,

512 3905 789 3963 caelestem
834 3913 1124 3970 carbonem
1166 3917 1310 3972 ulnis
1334 3919 1446 3973 tuis
1486 3920 1682 3988 tulisti,
1722 3923 1921 3978 anima:
1951 3922 2085 3978 mea:

2188 3469 2522 3515 vocaverunt
2558 3469 2609 3515 te
2638 3471 2872 3515 montem
2908 3459 3185 3529 pinguem,
3212 3474 3246 3512 o
3283 3458 3459 3527 puella
3488 3459 3760 3512 immacu-

2184 3548 2456 3605 latissima
2518 3559 2571 3605 et
2615 3549 2961 3616 castissima;
2990 3559 3203 3619 portam
3239 3548 3591 3604 ineﬂ‘abiliter
3631 3550 3761 3605 cﬂ'e-

2186 3652 2398 3698 reutem
2442 3642 2615 3697 solem
2670 3642 2915 3712 justitiae,
2971 3642 3065 3711 qui
3117 3642 3283 3696 corda
3336 3650 3525 3696 nostra
3559 3643 3759 3697 divinis

2188 3734 2573 3805 splendoribus
2626 3733 2921 3800 illuminat,
2976 3732 3108 3790 dum
3169 3732 3520 3795 clamamus;
3575 3732 3758 3788 Domi-

2189 3841 2342 3891 num,
2372 3834 2480 3880 etc.

2192 3916 2307 3970 ΓΑ
2370 3914 2882 3971 lormidolosissima
2952 3913 3278 3970 necessitate
3341 3914 3512 3969 libera
3579 3931 3688 3975 me.
3728 3928 3758 3967 ο

512 4011 711 4067 pravas
740 4001 1053 4062 :tll‘ectioues
1083 4023 1273 4075 exure,
1300 4019 1356 4064 et
1381 4012 1449 4066 ab
1476 4012 1600 4083 igne
1624 4014 1907 4068 tremendo
1935 4016 2088 4085 eripe
2188 4009 2354 4083 Virgo
2380 4020 2551 4074 casta,
2587 4023 2712 4063 cum
2752 4017 2965 4077 tempus
2990 4006 3187 4070 aderit,
3215 4022 3324 4077 quo
3348 4005 3522 4062 Filius
3559 4023 3625 4062 ac
3660 4006 3756 4059 Do—

510 4099 564 4145 et
589 4092 739 4147 salva
776 4111 883 4162 me,
913 4107 972 4153 ut
1010 4107 1060 4155 te
1105 4102 1412 4171 gloriﬁcare
1466 4105 1697 4175 possim,
1755 4121 1788 4160 ο
1840 4106 2083 4161 ﬁdelium

2184 4106 2366 4158 minus
2397 4112 2524 4157 tuus
2560 4101 2758 4165 veniet,
2797 4115 2927 4155 vero
2971 4099 3182 4168 judicio
3214 4109 3411 4153 cuncta
3455 4099 3740 4154 discussu-

510 4186 682 4240 tutela
710 4202 776 4244 ac
813 4194 1102 4262 protectio,
1130 4193 1251 4265 quae
1283 4213 1393 4252 non
1425 4198 1784 4254 confunditur
1831 4214 1935 4254 nec
1960 4216 2088 4255 eru-
2184 4212 2303 4259 rus,
2330 4204 2493 4265 atque
2514 4193 2807 4262 unicuique
2830 4208 2928 4262 pro
2954 4193 3146 4246 merito
3186 4192 3407 4257 praemia
3456 4193 3541 4244 vel
3576 4205 3757 4260 puertas

514 4273 711 4335 bescit.

514 4365 601 4421 Ea:
626 4369 839 4427 Canone
885 4374 941 4429 in
974 4375 1033 4431 S.
1079 4376 1341 4434 Joannem
1380 4382 1832 4453 Chrysostomum,
1874 4383 1961 4437 die
1987 4382 2079 4436 27.

581 4458 628 4517 Ο
655 4462 935 4521 benedicta
971 4478 1024 4523 et
1056 4470 1313 4540 gloriosa,
1343 4476 1580 4529 concede
1611 4476 1679 4531 iis
1738 4476 1834 4546 qui
1874 4474 2080 4546 glorili-

848 4583 959 4654 60
983 4582 1233 4641 MENSIS
1282 4585 1751 4644 FEBRUARIUS.

519 4706 601 4762 Ea:
616 4708 830 4766 Canam:
848 4714 905 4769 iu
943 4713 1004 4769 S.
1048 4714 1341 4771 Simeonem
1382 4716 1771 4785 Theodoclmm,
1804 4735 1897 4773 seu
1952 4719 2081 4775 Dei-

1102 4786 1296 4855 ferum,
1326 4788 1412 4843 die
1439 4790 1494 4845 5.

585 4894 680 4949 llle
706 4895 799 4968 qui
848 4897 1041 4968 plenus
1093 4911 1212 4956 erat
1250 4912 1590 4971 evacuatur;
1646 4904 1737 4973 qui
1794 4909 1916 4958 erat
1960 4914 2086 4959 ante

514 4990 735 5055 saecula,
796 4991 987 5062 incipit
1039 5008 1194 5059 esse;
1230 4996 1468 5051 Verbum
1512 4997 1569 5051 ﬁt
1606 4997 1908 5066 palpabile;
1964 4996 2078 5065 pla-

514 5092 723 5136 smator
752 5076 1087 5153 plasuiatur;
1125 5086 1695 5155 incomprehensibilis
1718 5086 2083 5155 comprehen-

514 5174 662 5229 ditur
688 5176 741 5230 in
775 5186 931 5232 utero
958 5187 1051 5231 tuo
1090 5189 1437 5248 corporatus,
1476 5179 1584 5233 Deo
1606 5194 1641 5232 o
1665 5178 2023 5232 charissima.

589 5263 691 5325 Ubi
719 5256 1118 5322 Simeon'vidit
1163 5278 1215 5322 te
1264 5269 1608 5337 spiritualem
1651 5267 1939 5335 forcipem.
2005 5266 2086 5320 fe-

509 5366 724 5439 rentem
778 5359 1023 5414 divinum
1068 5360 1221 5414 illum
1261 5362 1580 5423 carbonem,
1609 5360 1703 5429 qui
1754 5376 1820 5412 ex
1856 5358 2080 5427 sangui-

517 5444 681 5499 ttibus
710 5446 818 5501 tuis
849 5463 1053 5518 corpus
1084 5450 1295 5517 accepit
1316 5449 1689 5515 inell'abiliter,
1724 5464 1849 5502 cum
1882 5447 2085 5515 gaudio

518 5545 572 5591 te
604 5537 947 5605 beatiﬁcavit,
972 5557 1004 5594 ο
1043 5541 1361 5610 purissima.

590 5629 695 5694 Qui
731 5646 893 5684 manu
927 5630 1033 5685 iert
1059 5632 1335 5696 universa,
1368 5632 1421 5684 in
1448 5646 1612 5684 manu
1642 5640 1917 5701 perpetua
1965 5630 2086 5684 Vir-

521 5721 665 5791 ginis
704 5732 969 5793 gestatus,
1018 5722 1154 5778 fecit
1205 5725 1451 5778 eamdem
1501 5725 1634 5793 ipsis
1684 5725 1969 5780 cherubim
2023 5739 2088 5779 ac

2124 4609 2171 4665 ι)

2190 4301 2546 4359 repensurus,
2584 4285 2892 4341 astantibus
2942 4299 3067 4337 cum
3101 4292 3337 4337 tretuore
3361 4282 3640 4337 universis
3671 4298 3757 4336 su-

2192 4378 2345 4450 perni
2373 4378 2649 4435 exercitus
2679 4377 2990 4431 ordinibus.

2619 4576 2777 4631 MHN
2846 4575 3339 4630 ΦΕΒΡΟΥΑΡΙΟΣ.

2191 4710 2292 4763 Ἐκ
2315 4707 2419 4763 τοῦ
2444 4706 2713 4771 Κωόνος
2748 4707 2836 4771 εὶς
2869 4706 2977 4759 τὸν
3011 4706 3186 4775 ἅγιον
3218 4703 3467 4775 Συμεὼν
3487 4704 3599 4759 τὸν
3625 4707 3755 4759 Geo-

2713 4776 2787 4829 δό
2789 4794 2923 4846 χον.
2969 4777 3179 4847 Ἡμέρᾳ
3204 4775 3277 4846 γ’.

2267 4891 2325 4943 Ὀ
2357 4890 2570 4961 πλήρης
2617 4890 2939 4953 κεκένωται,
2988 4890 3016 4942 ὁ
3062 4889 3393 4959 προαιώνιος
3445 4889 3693 4959 ἄρχεται,
3733 4886 3761 4938 ὁ

2184 4987 2354 5053 Λόγος
2388 4982 2711 5052 παχύνεται,
2738 4983 2767 5033 ὁ
2795 4982 3041 5051 πλάστης
3072 4981 3391 5044 πλάττεται,
3423 4982 3453 5033 ὁ
3483 4980 3759 5049 ἀχώρητος

2188 5078 2448 5147 χωρείται
2484 5076 2544 5128 ὲν
2584 5075 2761 5145 κοιλίᾳ
2801 5077 2869 5144 τῇ
2913 5076 2981 5144 σῇ
3017 5073 3467 5143 σωμτοὺμενος,
3498 5068 3758 5140 Θεοχαρί-

2189 5187 2352 5224 τωτε.

2262 5262 2481 5332 Non-rip)
2523 5263 2719 5318 λαϐῐδα
2757 5279 2816 5315 σε
2853 5260 3104 5331 ἄνθρακα
3138 5260 3413 5329 φέρουσαν
3458 5256 3621 5319 Θεῖον,
3672 5253 3760 5305 τὸν

2194 5352 2259 5405 ἐκ
2286 5354 2394 5404 τῶν
2447 5356 2555 5406 σῶν
2597 5354 2844 5424 αἱμάτων
2882 5351 3290 5422 σωματωθέντα
3348 5348 3492 5419 ὑπὲρ
3552 5346 3699 5408 νοῦν,
3732 5343 3757 5393 ὁ

2188 5447 2415 5519 Συμεὼν
2444 5450 2519 5513 ὡς
2547 5448 2759 5517 ἔϐλεψε,
2787 5445 3122 5515 πκνάμωμε,
3158 5442 3368 5515 χαίρων
3397 5439 3749 5510 ἐμακάριζεν.

2267 5630 2325 5682 Ὀ
2350 5631 2493 5701 χῖιρὶ
2523 5629 2592 5683 τὰ
2620 5629 2799 5682 πάντα
2842 5626 3023 5697 φέρων
3060 5627 3119 5679 ἐν
3151 5625 3310 5695 χερσὶ
3356 5622 3747 5692 βαπτιζόμενος

2187 5722 2285 5791 τῆς
2324 5720 2737 5791 ’Δειπειροένου⁹
2790 5720 2995 5789 ταύτην
3028 5716 3298 5788 χερουδὶμ
3353 5714 3733 5787 ἀπειργάσατο»

595 5893 751 5966 (50“)
784 5893 959 5965 Hujus
979 5893 1219 5951 Canouis
1248 5912 1309 5950 ac
1334 5897 1611 5966 s-rqucntis
1641 5897 1861 5952 Graccus
1894 5904 2074 5953 textus
2104 5894 2447 5951 desideratur
2481 5894 2534 5949 in
2562 5892 2780 5948 Menaeis
2806 5889 3105 5961 impressis.
