3996 6604
222 393 358 459 1037
426 398 427 401 “
1614 389 1800 451 MAR]

1873 390 1978 451 LE.
3313 384 3451 448 1058

219 511 316 566 καὶ
354 506 598 582 σεραφὶμ
638 506 915 578 ἀνωτὲραν
944 505 1019 571 ὡς
1068 506 1393 578 γεννήτριαν
1435 504 1503 576 ἢν
1534 504 1789 576 ὑμνήσω-

1894 506 2171 577 serapltim
2206 506 2611 568 sublimiorem,
2636 514 2892 575 tanquam
2918 501 3237 573 genitricem
3271 515 3448 567 suam,

223 623 346 674 μεν,
381 604 477 657 καὶ
506 601 748 664 εὐσεϐῶς
781 600 1195 672 μακαρίσωμεν.

1890 613 2054 668 quam
2090 599 2399 664 laudemus,
2428 607 2483 653 et
2511 601 2705 653 devote
2736 596 3130 651 bcatiﬁcentns.

289 693 383 761 Μὴ
410 690 609 760 φλέξας
643 689 744 760 τὴν
778 689 994 760 μήτραν
1026 704 1122 741 σον
1154 690 1183 742 6
1212 686 1374 758 φύσει
1405 686 1785 751 ἀναλλοίωτος,

1961 689 2059 743 Ille
2089 691 2182 759 qui
2214 699 2411 743 natura
2466 697 2550 743 est
2587 689 2965 753 immutabilis,
3000 686 3250 757 apparuit
3289 686 3451 739 homo

224 783 515 852 ἄνθρωπος
555 780 712 851 ὤφθη
755 782 819 834 ὲκ
868 780 958 833 σοῦ
989 780 1325 848 τικτόμενος,
1371 780 1465 832 καὶ
1512 779 1636 841 τοὺς
1683 779 1788 831 ἁπ-

1890 788 2054 833 natus
2085 794 2149 833 ex
2181 789 2253 843 te,
2287 794 2387 833 nec
2433 790 2613 832 tamen
2649 788 2865 832 uterum
2909 788 3060 832 tuum
3121 776 3448 837 combussit,

218 872 500 936 ωσθέντας
536 875 603 942 τῇ
658 871 835 944 φθορᾷ
887 871 1094 935 πάντας
1124 867 1456 934 ἀνεσώσατο,
1507 868 1787 939 Θεομῆτορ

1889 884 2192 939 omnesque
2245 884 2277 924 a
2328 869 2681 939 corruptione
2720 880 2937 939 ereptos
2957 868 3228 933 liberavit,
3274 884 3309 921 ο
3355 865 3450 920 Dei

221 963 559 1035 πανάμωμε.
1266 1004 1267 1007 η

1266 1004 1267 1007 η
1888 958 2059 1015 Mater
2094 960 2410 1030 purissima.

293 1054 571 1127 Θηρεῦσαί
605 1071 673 1124 με
717 1052 840 1107 καθ’
870 1052 1109 1123 ἑκάστην
1153 1050 1308 1122 ζητεῖ
1336 1051 1365 1103 ὁ
1402 1050 1786 1122 παμπόνηρος,

1960 1053 2239 1109 Pessimus
2277 1052 2452 1108 hostis
2485 1051 2732 1122 quotidie
2763 1065 2848 1105 me
2896 1050 3091 1105 venari
3130 1049 3349 1116 studet;
3399 1056 3454 1104 at

222 1148 342 1203 ἀλλ’
370 1146 538 1203 αὐτοῦ
575 1162 644 1216 με
697 1145 808 1199 τῶν
845 1145 1091 1213 παγίδων
1135 1143 1461 1216 έξάρπασον,
1501 1142 1787 1205 Δέσποινα,

1891 1154 1950 1209 tu
1981 1145 2051 1200 ab
2103 1144 2226 1214 ejus
2273 1143 2485 1213 laqueis
2534 1145 2683 1212 eripe
2709 1156 2819 1205 me,
2871 1140 3133 1206 Domina,
3187 1147 3244 1195 et
3271 1139 3453 1194 divina

224 1240 323 1292 καὶ
349 1240 415 1309 τῇ
454 1236 573 1309 θείᾳ
617 1236 795 1308 σκέπῃ
850 1236 959 1289 τῶν
1001 1234 1289 1306 πτερύγων
1348 1250 1441 1287 σου
1489 1234 1627 1286 σῶον
1666 1249 1789 1285 συν-

1892 1237 2225 1308 protectione
2253 1235 2462 1290 alarum
2505 1243 2724 1289 tuarum
2747 1233 2956 1290 salvum
2983 1245 3250 1289 conserva
3273 1245 3378 1287 me.

221 1331 487 1401 τήρησον.
732 1390 747 1401 Α
1978 1344 1983 1349 ‘

295 1442 373 1495 Οὐ
406 1442 701 1505 κενώσαςό
731 1440 1103 1511 πληρέστατος
1134 1440 1245 1499 ντδν
1272 1439 1541 1511 ἄχραντον
1586 1437 1790 1493 κόλπον

1962 1444 2058 1501 ille
2089 1444 2181 1515 qui
2210 1454 2328 1500 erat
2352 1443 2727 1514 plenissimus,
2757 1456 2870 1497 non
2895 1454 3170 1499 evacuans
3192 1440 3457 1496 immacu-

222 1532 322 1586 τοῦ
355 1532 552 1603 φύντος
584 1533 818 1603 Πατρός,
854 1533 951 1586 σοῦ
995 1532 1055 1585 ὲν
1083 1534 1198 1596 τοῖς
1242 1532 1487 1597 κόλποις,
1519 1529 1681 1600 ἁγνὴ,
1715 1529 1791 1592 ὡς

1893 1533 2061 1589 latum
2091 1535 2271 1589 sinum
2302 1535 2498 1598 Patris,
2529 1550 2559 1589 a
2586 1548 2697 1604 quo
2734 1542 2899 1589 natus
2919 1540 3061 1599 erat,
3099 1532 3154 1587 in
3188 1531 3312 1587 sinu
3338 1539 3455 1599 tuo,

228 1625 430 1696 βρέφος
508 1623 819 1687 καθέζεται,
886 1622 1311 1693 ὲτοιμαζόμενος
1373 1618 1456 1685 οἷς
1523 1620 1791 1692 ἠθέλησεν

1893 1640 1927 1681 ο
1959 1636 2110 1682 casta
2164 1634 2219 1680 et
2270 1626 2648 1691 immaculata,
2722 1632 2984 1693 tanquam
3042 1622 3227 1679 infans
3272 1622 3456 1689 sedet,

224 1717 584 1789 ὁμοιωθῆναι,
612 1716 877 1788 ἄχραντε,
912 1716 1065 1788 ιερὰν
1087 1716 1275 1787 σαφῶς
1305 1715 1597 1787 καθέδραν.

1893 1732 2209 1788 praeparans
2228 1718 2576 1789 illis,quibus
2603 1717 2774 1775 voluit
2801 1715 3121 1783 assimilari,
3146 1714 3461 1771 cathedram

1256 1826 1259 1829 '
1820 1838 1870 1905 Β
1896 1824 2104 1866 sacram
2139 1810 2450 1867 manifeste.

312 1916 403 1980 Ὠς
433 1918 641 1987 κρίνον,
670 1917 747 1980 ὡς
773 1914 1008 1988 εῦοσμόν
1034 1935 1094 1971 σε
1118 1917 1291 1988 ῥόδον,
1321 1917 1397 1982 ὡς
1425 1918 1567 1972 θεῖον
1586 1918 1795 1989 ὀσφρά-

1972 1922 2258 1992 Tanquam
2286 1923 2485 1989 lilium,
2522 1932 2782 1995 tanquam
2834 1922 3218 1980 suavissimam
3248 1934 3459 1990 rosam,

227 2008 344 2061 διον
365 2009 626 2080 ἐδρέψατο
645 2010 821 2078 Λόγος
843 2010 871 2063 6
907 2009 1194 2081 ὑπέρθεος,
1224 2012 1466 2078 πάναγνε
1490 2010 1796 2080 Θεόνυμφε,

1901 2025 2162 2089 tanquam
2192 2017 2437 2073 divinum
2466 2016 2814 2073 olfactorium
2848 2017 3067 2090 collegit
3104 2026 3157 2073 te
3184 2017 3464 2072 divinissi-

230 2101 329 2153 καί
361 2118 455 2153 σου
504 2100 605 2171 τὴν
658 2103 870 2172 μήτραν
910 2101 1127 2171 ᾤκησεν
1174 2101 1480 2166 εὐωδιάζων
1511 2102 1667 2171 ἡμῶν
1702 2101 1801 2173 τὴν

1901 2126 2049 2167 mum
2085 2110 2347 2178 Verbum,
2383 2125 2417 2165 ο
2446 2111 2761 2183 castissima
2797 2110 2892 2165 Dei
2926 2124 3165 2181 sponsa;
3198 2117 3466 2178 tuumque

232 2193 403 2261 φύσιν
470 2191 737 2256 δυσωδίας
791 2192 1148 2263 πλησθεῖσαν,
1209 2194 1310 2266 τὴν
1367 2194 1428 2262 ἐξ
1481 2194 1798 2266 βμαρτίας,

1901 2211 2119 2265 uterum
2156 2203 2508 2267 inhabitavit,
2529 2204 2699 2265 odore
2738 2203 2972 2274 itnplcns
3005 2201 3160 2257 suavi
3209 2208 3463 2256 naturam

228 2286 424 2354 Μαρία
450 2284 700 2340 Θεοτόκε.

1900 2294 2118 2365 plenam
2154 2293 2328 2351 fetore
2350 2295 2593 2365 peccati,
2625 2295 2729 2365 61
2761 2309 2794 2349 ο
2822 2294 2992 2349 Maria
3008 2293 3260 2363 Deipara.

302 2398 572 2451 Φανεῖσαν
618 2396 849 2469 Μητέρα
902 2416 963 2453 σε
996 2397 1135 2452 Θεοῦ
1162 2399 1238 2464 ὡς
1278 2399 1490 2470 ἔϐλεψε,
1545 2399 1798 2465 θεοτόκε,

1976 2405 2079 2461 Ubi
2115 2405 2335 2461 Simeon
2371 2421 2535 2463 senex
2566 2407 2701 2461 vidit
2735 2415 2806 2470 te,
2847 2422 2881 2461 ο
2906 2405 3163 2477 Deipara,
3195 2418 3318 2461 esse
3347 2403 3462 2459 Μαι

229 2485 259 2537 6
291 2484 689 2552 πρεσϐύτατος,
739 2485 940 2556 ἔφησεν
990 2482 1189 2559 οἷάπερ
1241 2490 1545 2559 προφήτηςο
1590 2487 1719 2542 Ἰδοὺ
1774 2490 1803 2541 6

1905 2505 2044 2550 trem
2096 2496 2211 2565 Dei,
2269 2498 2409 2553 dixit
2461 2507 2721 2568 tanquam
2774 2497 3074 2568 propheta:
3130 2496 3273 2551 Ecce
3323 2496 3466 2551 ﬁlius

235 2575 329 2638 σὸς
373 2574 500 2638 Υἱὸς
543 2576 625 2640 είς
676 2575 974 2631 ἀνάστασιν
1031 2577 1126 2631 καὶ
1180 2577 1388 2630 πτῶσιν
1433 2577 1542 2630 τῶν
1592 2576 1803 2632 πολλῶν

1905 2594 2034 2642 tuus
2096 2589 2148 2642 in
2209 2591 2693 2657 resurrectionem,
2756 2597 2811 2645 et
2880 2591 3095 2644 ruinam
3173 2588 3464 2643 multorum

234 2668 441 2733 κεῖται,
470 2668 761 2735 Δέσποινα,
788 2668 887 2723 καὶ
906 2669 987 2734 είς
1021 2668 1247 2740 σημεῖον
1277 2669 1732 2741 δυσερμήνευτον.

1905 2680 2118 2748 positus
2160 2690 2265 2745 est,
2309 2698 2342 2736 ο
2383 2681 2633 2749 Domina,
2678 2691 2732 2737 et
2772 2682 2829 2737 in
2865 2681 3079 2753 signum
3118 2679 3351 2737 diiiicilis
3385 2680 3468 2734 in-

1908 2772 2334 2840 terpretationis.

262 2889 353 2942 L’x
373 2887 482 2943 τοῦ
499 2891 767 2956 Κανόνος
786 2893 873 2969 εἰς
890 2890 995 2969 τὸν
1023 2892 1195 2969 ὅσιον
1211 2892 1548 2969 βουκόλον,
1569 2891 1807 2946 ἐπίσκο-

1909 2892 1993 2949 Ea:
2052 2897 2263 2954 Conone
2318 2900 2373 2953 in
2427 2897 2485 2955 S.
2548 2897 2829 2967 Bucolum,
2860 2900 3157 2969 episcopum
3204 2899 3467 2968 Smyrmt’,

624 2975 742 3014 πον
779 2962 1078 3030 Σμύρνης,
1109 2961 1299 3031 ἡμέρᾳ
1329 2960 1404 3027 ς’.
2607 2972 2692 3023 die
2722 2970 2777 3025 6.

258 3176 263 3181 κ
317 3112 378 3166 Ὀ
411 3112 486 3182 τῷ
510 3113 684 3185 Πατρὶ
730 3114 1091 3185 συνυπάρχων
1141 3112 1453 3185 Μονογενὴς
1484 3114 1624 3184 ὑπὲρ
1653 3112 1803 3179 νοῦν,

1982 3121 2304 3193 Unigenitus
2331 3123 2425 3192 qui
2450 3122 2711 3178 cstsimul
2735 3137 2858 3177 cum
2886 3122 3065 3187 Patre,
3090 3122 3143 3176 in
3173 3132 3331 3177 utero
3354 3130 3468 3187 tuo,

236 3205 295 3259 ἐν
326 3208 511 3277 μήτρα
540 3221 631 3259 σου
679 3207 982 3277 σαρκωθεὶς
1026 3206 1366 3277 θεοπρεπῶς,
1410 3208 1535 3270 τοὺς
1580 3206 1804 3277 βροτοὺς

1912 3227 1946 3267 o
1982 3222 2157 3278 casta,
2190 3212 2535 3268 ineﬂ‘abilitcr
2564 3212 2905 3278 incarnatus,
2942 3222 3102 3281 prout
3146 3211 3289 3267 Deus
3314 3213 3471 3266 dece-

235 3298 493 3368 ὲθέωσεν,
518 3298 676 3370 ἁγνὴ,
708 3299 796 3354 διὰ
820 3298 1023 3371 πλῆθος
1050 3299 1347 3372 οἰκτιρμῶν
1379 3301 1407 3354 ό
1434 3298 1800 3371 ὑπεράγαθος.

1914 3302 2027 3369 bat,
2082 3303 2343 3359 mortales
2392 3302 2642 3359 homines
2686 3303 2977 3365 deiﬁcavit,
3022 3311 3244 3373 propter
3288 3302 3472 3357 multi-

1912 3392 2160 3447 tudinem
2190 3391 2604 3448 miserationum
2634 3406 2883 3460 suarum,
2916 3400 3174 3462 tanquam
3200 3390 3475 3463 benignis-

1912 3485 2108 3540 simus.

303 3576 488 3648 Διμὴν
521 3576 678 3647 γενοῦ
705 3594 819 3648 μοι,
846 3577 937 3632 καὶ
959 3579 1216 3651 φρουρὸς,
1248 3580 1365 3643 ταῖς
1392 3579 1590 3645 δειναῖς
1617 3598 1806 3652 τρικυ-

1984 3576 2183 3635 Portus
2230 3585 2353 3634 esto
2391 3578 2529 3633 mihi
2578 3586 2633 3634 et
2664 3576 2935 3644 custodia,
2971 3576 3310 3648 gravissimis
3348 3590 3473 3646 pas-

240 3666 396 3737 νέαις
446 3667 555 3721 τῶν
608 3667 794 3722 παθῶν
837 3668 1133 3733 ἀνενδότως
1178 3670 1562 3741 χειμαζομένῳ
1622 3671 1713 3725 ἀεὶ
1743 3672 1803 3725 ἑν

1914 3670 2131 3725 sionum
2158 3671 2413 3741 procellis
2445 3673 2565 3726 sine
2596 3671 3001 3727 intermissione
3030 3683 3243 3740 semper
3268 3669 3475 3739 jactato

238 3760 506 3830 Θαλάσσῃ,
537 3759 699 3830 ἁγνὴ,
736 3762 804 3832 τῇ
835 3760 931 3813 τοῦ
963 3760 1101 3831 βίου,
1128 3761 1264 3831 μόνη
1288 3762 1373 3814 ἀεὶ
1405 3762 1663 3834 παρθένε.

1914 3764 1967 3819 in
2000 3764 2137 3819 mari
2163 3765 2285 3819 vitae
2315 3764 2510 3833 hujus,
2544 3777 2578 3818 ο
2608 3773 2755 3818 casta
2787 3764 2901 3820 sola
2935 3777 3149 3833 semper
3177 3764 3348 3832 virgo.

308 3850 579 3914 Γνωστῶς
608 3852 665 3903 ὲν
696 3852 846 3923 βάτῳ
903 3869 963 3905 σε
1003 3854 1207 3924 Μωσῆς
1235 3853 1484 3916 ἑώρακεν
1527 3853 1687 3926 ἱερῶς
1710 3872 1807 3907 τυο

1983 3855 2266 3912 Manil‘este
2316 3857 2370 3911 in
2415 3857 2551 3910 rubo
2584 3871 2680 3925 per
2715 3870 2931 3911 sacrum
2965 3864 3150 3925 typum
3182 3862 3233 3908 te
3274 3853 3473 3923 ﬁgura-

239 3942 542 4013 πουμένην,
574 3942 672 4014 τήν
702 3946 796 3997 τοῦ
822 3945 992 4014 πυρὸς
1018 3946 1317 4015 μέλλουσαν
1342 3946 1659 4018 λοχεύτριαν
1684 3949 1809 4001 ἀνα-

1916 3957 2025 4003 tam
2057 3948 2446 4020 viditMoyses,
2480 3949 2715 4002 futuram
2743 3946 2957 4018 mystici
2976 3946 3114 4015 ignis
3135 3943 3470 4014 genitricem,

240 4035 478 4103 φανῆναι
512 4035 811 4103 μυστικῶς,
841 4035 1068 4089 Θεοτόκε
1100 4038 1187 4091 ἀεὶ⁹
1223 4039 1483 4107 παρθένε.

1052 4054 1068 4089 ε
1100 4038 1187 4091 ἀεὶ
1223 4039 1483 4107 παρθένε.
1913 4053 1947 4093 o
1974 4039 2198 4107 Deipara
2222 4053 2437 4108 semper
2458 4039 2630 4108 virgo.

312 4124 529 4194 Νόμους
552 4127 650 4196 τῆς
673 4128 889 4195 φύσεως
930 4127 1137 4198 Ἰησοῦς
1167 4129 1196 4181 ὁ
1222 4129 1651 4200 πανυπερούσιος
1674 4129 1809 4193 Θεὸς

1995 4129 2205 4185 Naturae
2248 4130 2416 4200 leges,
2465 4128 2628 4185 Jesus
2670 4129 2821 4183 omni
2869 4126 3175 4184 substantia
3227 4127 3477 4197 superior
3563 4108 3573 4119 ’

242 4217 576 4285 καινοτομεῖ,
608 4216 1008 4287 παναμὼμητε,
1041 4218 1134 4271 σοῦ
1162 4218 1227 4272 ὲκ
1268 4219 1364 4288 τῆς
1393 4220 1587 4288 νηδύος
1618 4222 1809 4274 ἀποτι-

1917 4219 2083 4285 Deus,
2116 4222 2418 4288 renovavit,
2446 4235 2513 4275 ex
2544 4231 2701 4275 utero
2733 4230 2826 4274 tuo
2859 4228 3043 4283 natus,
3078 4234 3111 4273 ο
3143 4220 3289 4273 omni
3316 4218 3477 4272 laude

248 4305 513 4377 κτόμενος
540 4309 570 4361 6
601 4307 763 4379 μόνος
809 4308 1080 4374 οὐσιώσας
1109 4320 1170 4365 το
1195 4312 1305 4367 πᾶν
1347 4311 1667 4384 βουλήματι.

1916 4312 2238 4368 celebranda
2260 4355 2274 4378 ,
2307 4313 2399 4382 qui
2434 4312 2585 4368 solus
2613 4311 2739 4367 fecit
2763 4320 2819 4366 ut
2846 4318 2991 4365 esset
3015 4310 3195 4365 omnis
3221 4310 3478 4364 substan-

1916 4405 1990 4461 tia
2026 4406 2305 4458 voluntate
2333 4418 2454 4458 sua.

327 4486 393 4601 ΣΗ
434 4485 741 4601 λπλύληθτῇς
770 4488 991 4560 χάριτος
1045 4491 1080 4562 ἡ
1129 4490 1387 4559 ἀνοίξασα
1450 4494 1662 4565 βροτοῖς
1711 4498 1811 4570 τὴν
1848 4546 1891 4601 D

1990 4497 2034 4552 0
2089 4505 2244 4566 porta
2305 4497 2513 4566 gratim,
2568 4509 2690 4564 quae
2718 4493 3034 4550 hominibus
3084 4492 3208 4548 caeli
3262 4499 3475 4560 portam

243 4578 422 4648 πύλην
434 4579 540 4649 Ἰτὴν
567 4579 838 4651 οὐράνιον,
864 4582 965 4652 τῆς
986 4584 1271 4653 μετανοίας
1292 4585 1466 4649 πύλας
1490 4605 1579 4656 μοι
1610 4589 1811 4658 τηλαυ-

1918 4589 2197 4658 aperuisti,
2232 4589 2377 4657 aperi
2402 4587 2557 4650 mihi,
2599 4587 2848 4651 Domina,
2879 4597 3124 4655 patenter
3147 4594 3332 4656 portas
3365 4596 3479 4652 pte-

241 4674 357 4741 γῶς
409 4672 694 4740 διὰνοιξον,
734 4674 1019 4739 Δέσποινα,
1054 4674 1149 4728 καὶ⁵
1203 4676 1386 4730 πυλῶν
1431 4677 1527 4732 τοῦ
1580 4680 1809 4736 θανάτου

244 4764 635 4804 ἓλςιιῆἑηιηηηψ

1946 4682 2186 4750 ιίιοηιὶιε,
2221 4692 2273 4737 et
2301 4697 2331 4735 a
2360 4682 2533 4752 portis
2559 4680 2747 4737 mortis
2780 4681 2949 4736 libera
2981 4695 3086 4734 me.
3493 4744 3524 4804 ἡ

243 4764 639 4835 ὲλευθέρωσον.
3493 4764 3495 4789 ἶ

312 4877 697 4947 Δυτρωθέντες
754 4878 854 4948 τῆς
889 4879 1122 4952 ἀρχαίας
1163 4884 1492 4954 ἀποφάσεως
1539 4887 1618 4958 τῷ
1668 4889 1812 4962 τόκῳ

1990 4892 2225 4947 Liberali
2266 4907 2361 4960 per
2408 4900 2622 4961 partum
2690 4898 2842 4943 tuum
2875 4888 2944 4941 ab
2982 4885 3215 4954 antiqua:
3251 4882 3478 4936 damna-

244 4968 728 5040 σου,“πανάμωμε,
759 4969 1108 5042 ἀνυμνοῦμέν
1129 4990 1189 5025 σε
1234 4977 1284 5027 oi
1314 4976 1597 5041 σωθέντες,
1650 4979 1809 5050 κόρη,

1919 4983 2086 5038 tionis
2116 4984 2406 5041 sententia,
2437 4996 2470 5035 ο
2500 4980 2812 5048 purissima,
2839 4977 3122 5030 laudamus
3149 4985 3219 5034 te,
3248 4971 3475 5024 salutem

242 5061 331 5115 διὰ
364 5056 484 5124 σοῦ,
512 5060 744 5128 βοῶντες
780 5063 875 5115 καὶ
919 5062 1169 5132 λέγοντες
1222 5069 1459 5133 πιστῶς⁸
1496 5070 1811 5141 Εὐλογημέ-

1919 5090 2016 5142 per
2043 5084 2095 5128 te
2123 5073 2425 5137 consecuti,
2465 5073 2790 5133 clamantes,
2820 5074 2874 5123 et
2903 5082 3026 5122 cum
3060 5066 3162 5119 fide
3183 5064 3425 5116 dicentes
3459 5076 3474 5113 :

242 5169 335 5217 νος
358 5155 387 5206 6
416 5152 627 5223 καρπός
654 5153 755 5224 τῆς
785 5156 883 5223 σῆς
904 5156 1134 5222 κοιλίας,
1169 5158 1329 5229 ἁγνή.

1922 5165 2247 5220 Benedictus
2278 5164 2488 5218 fructus
2515 5161 2720 5217 ventris
2748 5159 2844 5225 tui,
2874 5171 2908 5210 ο
2936 5165 3085 5211 casta
3110 5153 3305 5225 puella.

323 5262 508 5336 Ἰερῶς
536 5265 756 5334 ἐμυεῖτο
782 5265 853 5320 τὰ
905 5271 975 5320 σά
1003 5270 1280 5339 μυστήρια
1326 5273 1641 5344 προφητῶν,
1676 5276 1809 5329 Θεο-

1986 5281 2215 5335 Divinus
2264 5276 2648 5347 prophetarum
2707 5281 2882 5329 cretus
2943 5284 3099 5325 saere
3162 5265 3481 5320 initiabatnr

241 5357 393 5422 τόκε,
434 5358 461 5410 6
491 5355 633 5419 θεῖος
658 5358 932 5426 σύλλογος,
987 5361 1271 5430 πόρρωθεν
1309 5364 1496 5434 μαθὼν
1533 5368 1625 5420 καὶ
1676 5386 1809 5437 τρα-

1919 5372 2194 5443 tnysteriis
2235 5369 2367 5434 tuis,
2401 5383 2434 5421 o
2464 5366 2728 5436 Deipara,
2774 5363 2963 5434 procul
3000 5362 3251 5424 edoctus,
3284 5367 3339 5414 et
3366 5373 3482 5411 tna-

241 5449 350 5513 νῶς
383 5449 733 5520 ἐκτιθέμενος
767 5451 863 5516 τὰς
902 5452 1202 5524 θεοσημίας
1245 5456 1340 5511 τοῦ
1391 5457 1536 5512 θείου
1589 5460 1811 5513 τοκετοῦ

1679 5460 1811 5513 ιετοῦ
1919 5467 2116 5522 nifeste
2144 5477 2425 5535 exponens
2456 5460 2713 5515 vaticinia
2743 5457 2913 5514 divini
2943 5466 3130 5527 partus
3157 5453 3257 5509 tui.

243 5557 363 5596 σου.
1608 5586 1615 5593 .

311 5637 471 5707 Φωνῇ
524 5638 781 5707 ἀγγέλου,
816 5639 1059 5711 μεγάλης
1093 5640 1358 5709 ’Ἄγγελον
1405 5640 1618 5712 βουλῆς,
1651 5643 1810 5713 ἁγνὴ,

1992 5648 2097 5703 Per
2130 5658 2317 5700 vocem
2348 5642 2548 5713 angeli,
2582 5639 2763 5710 magni
2788 5637 3000 5694 consilii
3042 5635 3307 5705 Angelum
3339 5647 3477 5687 con-

244 5727 481 5798 Χριστὸν
528 5732 876 5805 Ἐμμανουήλ
906 5734 1387 5799 άποτέτοκας,τοῖς
1417 5736 1664 5803 ἀγγέλοις
1685 5737 1813 5798 τοὺς

1920 5739 2131 5809 cepisti,
2156 5753 2189 5791 o
2208 5747 2380 5800 casta,
2399 5735 2678 5788 Christum
2700 5731 3132 5792 Emmanuelem,
3156 5728 3247 5797 qui
3271 5725 3480 5793 angelis

245 5821 397 5873 κάτω
437 5823 795 5892 συνάπτοντα,
858 5826 994 5897 μόνη
1044 5826 1382 5898 εὐλογημένη
1416 5870 1430 5893 ,
1487 5827 1625 5896 μόνη
1674 5842 1810 5882 παν-

1920 5829 2170 5887 bomincs
2213 5827 2319 5898 62
2361 5826 2663 5894 conjunxit,
2710 5839 2742 5880 ο
2784 5823 2897 5880 sola
2941 5820 3241 5884 benedicta,
3283 5832 3316 5873 o
3360 5817 3478 5871 sola
