3996 6602
489 340 622 406 1059

1591 335 1646 394 S.
1692 330 2004 394 JOSEPIII
2046 323 2600 390 IIYMNOGRAPHI

3584 307 3718 374 1060

485 453 635 505 omni
667 449 823 504 laude
859 448 1176 520 dignissima
1206 447 1384 518 puclla
1416 444 1527 518 (51)
1551 485 1564 510 ,
1607 461 1640 500 o
1675 446 1791 501 sola
1826 444 2047 500 deiiica-

2193 457 2382 511 μνητε,
2438 437 2574 510 μόνη
2651 436 2684 505 ἡ
2739 432 2888 488 αἰτία
2951 431 3049 502 τῆς
3115 427 3295 499 ἡμῶν,
3357 425 3516 499 κόρη,
3600 423 3728 477 Ostii-

488 543 652 596 tionis
682 551 886 596 nostra:
913 556 1100 596 causa.

492 668 572 723 Ex
602 667 811 723 Conone
851 668 904 722 in
933 666 993 722 S.
1023 665 1718 788 Partheniizrii,_episcopum
1743 660 2060 731 Lampsace-

1105 752 1251 788 nam.
1327 753 1370 788 ie
1405 749 1447 788 ι.

1105 752 1251 798 nam,
1287 749 1370 788 die
1405 749 1447 788 ι.

560 865 604 918 0
629 863 907 925 inviolata,
943 876 1064 932 quae
1096 861 1264 915 Deum
1302 861 1506 914 bonum
1539 857 1819 928 peperisti,
1853 857 2061 912 bonum

491 955 640 1010 elfice
667 955 923 1008 miserum
958 966 1055 1006 cor
1083 967 1264 1004 meum
1290 951 1588 1004 multarum
1611 950 1923 1019 passionum
1951 962 2063 1001 nia-

490 1047 606 1102 litia
651 1047 1033 1115 depravatum;
1076 1053 1130 1098 et
1170 1044 1243 1097 da
1291 1043 1422 1096 milii
1460 1044 1604 1098 vires
1634 1043 1700 1096 ad
1725 1041 2061 1096 elliciendam

491 1140 833 1193 voluntatem
885 1136 1265 1205 Redemptoris
1315 1136 1512 1200 nostri,
1565 1134 1659 1205 qui
1708 1135 1826 1188 vult
1869 1148 2062 1191 omnes

492 1229 746 1285 homines
780 1229 962 1284 salvos
991 1227 1131 1283 ﬁeri.

563 1345 706 1399 Inter
763 1342 1017 1398 homines
1063 1347 1416 1398 conversatus
1469 1348 1554 1394 est
1615 1339 1910 1400 Dominus,
1971 1337 2064 1407 qui

495 1453 560 1492 ex
595 1447 648 1490 te
679 1429 900 1490 carnem
937 1434 1302 1504 inexplicabili
1332 1431 1498 1486 modo
1523 1432 1736 1500 accepit
1770 1449 1782 1484 :
1810 1430 2064 1486 eumdem

497 1543 628 1596 ergo
656 1527 968 1594 deprecare,
1007 1539 1040 1578 ο
1079 1525 1450 1588 sanctissima,
1479 1532 1536 1575 ut
1572 1524 1900 1577 misereatur
1937 1519 2062 1585 mei,

498 1619 587 1686 qui
630 1632 660 1671 a
706 1616 978 1685 serpentis
1048 1615 1248 1671 ictibus
1293 1615 1346 1668 in
1394 1613 1691 1670 certamine
1731 1626 1964 1682 superor
1991 1625 2057 1665 ac

499 1708 747 1778 dejicior.

2161 550 2318 596 σεως.

2173 661 2267 714 Ἐκ
2292 658 2399 713 τοῦ
2431 659 2702 720 Κανόνας
2729 657 2816 720 εὶς
2865 653 2974 706 τὸν
3014 650 3186 704 ὅσιον
3218 645 3566 720 Παρθένιον,
3595 645 3722 699 ἐπί-

2471 716 2708 781 σκοποί·
2736 716 3101 793 Λὰμψάκων,
3137 719 3324 788 ἡμέρᾳ
3351 716 3418 777 ζ’.

2244 857 2473 926 Ἀγαθὸν
2521 855 2776 926 κυήσασα
2822 851 2978 914 Θεὸν,
3007 851 3264 921 ἄχραντε,
3303 846 3578 915 ἀγάϐυνον
3634 844 3729 915 τὴν

2162 951 2220 1005 ἐν
2243 949 2456 1010 πολλοῖς
2507 943 2908 1014 κεκακωμένην
2949 940 3148 995 πάθεσι
3185 937 3449 1009 ταπεινὴν
3503 935 3728 1006 καρδίαν

2167 1058 2292 1114 μου,
2315 1039 2407 1094 καὶ
2431 1038 2493 1091 τὸ
2522 1035 2734 1105 θέλημα
2759 1032 2996 1087 ἐκτελεῖν
3021 1031 3397 1098 ὲνδυνάμωσον
3427 1025 3521 1080 τοῦ
3556 1025 3732 1095 σωθῆ-

2163 1151 2252 1189 ναι
2277 1131 2485 1194 πάντας
2510 1129 2756 1192 θέλοντος
2785 1126 2883 1180 ἀνθ
2893 1125 3109 1196 ρώπους
3137 1119 3408 1193 λυτρωτοῦ
3445 1119 3627 1191 ἡμῶν.

2249 1333 2540 1407 Ὦμίλησεν
2565 1330 2880 1402 ἀνθρώποις
2900 1330 2967 1383 ὲκ
2999 1325 3094 1382 σοῦ
3123 1326 3224 1397 τὴν
3261 1326 3438 1397 σάρκα
3470 1325 3499 1378 ὁ
3530 1323 3733 1394 Κύριος

2165 1428 2403 1500 φορέσας
2424 1424 2861 1496 ἁνερμηνεύτωςο
2881 1421 3040 1474 αὑτὸν
3062 1417 3156 1473 οὖν
3179 1417 3590 1486 ὲκδυσώπησον,
3608 1433 3735 1467 mv-

2168 1519 2324 1587 αγῐα,
2384 1517 2477 1570 τοῦ
2505 1513 2849 1586 οἰκτειρῆσαί
2883 1528 2950 1584 με
2983 1509 3458 1579 καταπονούμενον
3501 1505 3736 1578 προσδο-

2165 1609 2280 1674 λαῖς
2301 1609 2395 1662 τοῦ
2420 1607 2596 1678 ὄφεως
2618 1607 2710 1660 καὶ
2736 1606 3097 1676 δωρούμενον.

569 1800 734 1864 Sana,
791 1816 825 1856 ο
877 1799 1065 1869 Virgo,
1120 1798 1348 1853 vulnera
1405 1797 1603 1852 animae
1651 1809 1786 1850 mem
1830 1802 2066 1849 mentem

2241 1795 2323 1849 Τὰ
2360 1791 2648 1864 τραύματα
2689 1792 2790 1862 τῆς
2826 1791 3003 1862 ψυχῆς
3034 1807 3156 1862 μου,
3176 1789 3439 1860 Παροὲνε,
3465 1787 3735 1859 θεράπευ-

499 1907 670 1948 meam
706 1909 736 1948 a
770 1893 1119 1963 passiouibus
1163 1891 1540 1952 dilaceratam,
1593 1897 1647 1943 et
1674 1903 1712 1966 ‘a
1755 1897 2066 1956 transgres-

417 1977 424 1984 ’
499 1985 746 2040 sionibus
836 1985 1221 2039 mandatorum
1260 1981 1590 2037 'Salvatoris
1659 1980 2074 2036 obtciiebratam

501 2074 751 2145 paciﬁca.

535 2217 539 2221 -
568 2191 612 2242 Λ
648 2189 806 2244 malis
837 2189 1229 2244 inluerentibus
1271 2188 1403 2242 mihi
1435 2188 1504 2243 ob
1529 2187 1840 2243 invasiones
1871 2187 2072 2254 Alieni,

500 2293 557 2338 et
594 2299 622 2337 a
653 2283 938 2337 tormentis
977 2283 1197 2336 aeternis
1229 2281 1358 2335 mihi
1401 2282 1694 2336 reservatis
1760 2281 1926 2335 libera
1960 2295 2067 2344 me,

501 2387 720 2442 precor,
762 2371 1254 2427 intercessiOnibus
1285 2370 1394 2425 tuis
1441 2370 1583 2439 apud
1623 2380 1926 2424 amatorem
1969 2368 2070 2423 ho-

501 2463 732 2517 minum.

575 2554 653 2610 Ne
681 2563 891 2609 statuas
917 2569 1026 2619 me,
1055 2553 1111 2607 in
1138 2553 1223 2608 die
1246 2552 1460 2622 judicii,
1480 2553 1622 2606 inter
1647 2552 1968 2616 damnatos;
2003 2567 2073 2607 ne

504 2642 802 2711 ignominia
861 2652 1020 2698 notes
1074 2659 1180 2710 me,
1249 2643 1304 2696 in
1360 2643 1619 2697 omnibus
1676 2643 2068 2706 insensihitem,

515 2733 659 2787 Deus
684 2748 859 2798 meus,
885 2741 938 2788 et
967 2732 1140 2787 factor
1175 2748 1350 2798 meus,
1375 2748 1496 2789 cum
1528 2733 1730 2788 habeas
1755 2733 2070 2788 advocatam

506 2838 606 2892 pro
651 2840 736 2879 me
765 2824 1052 2879 Dominam
1086 2825 1256 2889 illam,
1287 2841 1408 2895 quae
1435 2825 1552 2881 sine
1581 2825 1792 2881 semine
1827 2825 2077 2896 concepit

509 2930 573 2968 ac
603 2916 813 2984 peperit
844 2925 917 2971 te.

580 3005 837 3061 Sanctior
899 3007 1152 3077 supernis
1222 3009 1585 3078 potestatibus
1641 3008 1973 3078 apparuisti,
2042 3022 2076 3064 ο

2171 1907 2281 1954 σον,
2311 1888 2401 1942 τὸν
2422 1888 2546 1941 νοῦν
2580 1904 2684 1957 μου
2722 1887 3041 1956 εἰρήνευσον
3077 1885 3182 1939 ὑπὸ
3211 1885 3398 1938 παθῶν
3424 1884 3736 1954 σπαραττό-

2174 1997 2353 2052 μενον,
2376 1978 2471 2032 ml.
2504 1978 2986 2050 ταῖςπαραεάσεσι
3012 1978 3122 2031 τῶν
3155 1976 3383 2032 ἐντολῶν
3421 1976 3515 2030 τοῦ
3549 1977 3736 2046 Σωτῆ-

2174 2090 2266 2144 ρος
2284 2071 2688 2142 σκοτιζόμενον.

2255 2183 2388 2237 ’Λπδ
2418 2183 2608 2236 παθῶν
2641 2181 3039 2253 ἀμαυρώσεως,
3074 2181 3234 2253 κόρη,
3274 2180 3385 2236 ἀπὸ
3414 2182 3729 2237 σκανδάλων

2167 2274 2276 2329 τῶν
2315 2272 2759 2344 προσγινομένων
2808 2274 2929 2335 ταῖς
2975 2271 3374 2344 ὲπηρείαιςτοῦ
3407 2271 3737 2343 Ἄλλοι-ρίου,

2173 2367 2447 2438 μενουσῶν
2501 2383 2561 2420 τε
2619 2365 2869 2436 βασάνων
2912 2364 3146 2418 αἰωνίων
3201 2366 3336 2435 πρὸς
3391 2366 3483 2418 τὸν
3554 2365 3743 2434 φιλάν-

2173 2460 2391 2530 θρωπον
2423 2458 2585 2530 ῥῦσαί
2611 2475 2677 2528 με
2702 2461 2823 2521 ταῖς
2851 2460 2989 2522 σαῖς,
3010 2459 3266 2524 δυσωπῶ,
3297 2458 3738 2529 παρακλήσεσιν.

2237 2551 2331 2622 Μὴ
2363 2552 2569 2621 στήσῃς
2611 2567 2678 2621 με
2719 2552 2776 2602 ὲν
2805 2550 2986 2621 ἡμέρᾳ
3023 2551 3122 2620 τῆς
3189 2549 3343 2621 δίκης
3388 2550 3740 2621 κατάκριτον,

2175 2645 2250 2717 μὴ
2277 2645 2631 2716 στηλιτεύσῃς
2659 2661 2725 2714 με
2757 2644 2852 2696 ἐπὶ
2892 2644 3112 2697 πάντων
3139 2642 3230 2695 τὸν
3261 2641 3607 2713 ἀναίσθητον,
3643 2642 3744 2695 Θεέ

2177 2755 2299 2808 μου,
2345 2736 2543 2806 ποιητά
2593 2753 2716 2805 μου,
2747 2735 2885 2805 ἔχων
2933 2734 3276 2789 ἱκετεύουσαν
3327 2733 3430 2804 τὴν
3473 2732 3746 2787 τεκοῦσαν

2173 2827 2430 2896 ἁσπόρως
2459 2843 2517 2881 σε
2542 2825 2864 2880 Δέσποιναν.

2259 3007 2515 3080 Ὠράοης,
2562 3008 2894 3078 πανάμωμε.
2943 3007 3221 3076 ἁγιωτέρα
3277 3007 3384 3060 τῶν
3427 3007 3542 3061 ἄνω
3587 3005 3750 3061 δυνά-

504 3098 1044 3156 immaculatissima°
1100 3101 1270 3156 Deum
1327 3101 1474 3155 enim
1529 3101 1859 3170 corporasti,
1911 3115 2073 3172 quem

2182 3117 2326 3172 μεων
2361 3117 2376 3134 ι
2423 3100 2554 3155 Θεὸν
2582 3101 2692 3172 γὰρ
2725 3099 3118 3170 ὲσωμὰτωσας,
3149 3100 3208 3153 ὃν
3253 3099 3433 3164 τάξεις
3461 3097 3749 3170 ἀσώματοι

574 3299 688 3373 (5|)
723 3299 945 3373 Egregia
999 3299 1237 3369 Deiparae
1290 3299 1410 3354 laus
1475 3309 1578 3362 est,
1632 3301 1806 3370 ipsam
1871 3309 2074 3356 statum

511 3371 698 3442 gratiae
735 3371 882 3424 nullo
936 3386 1174 3438 unquam
1225 3378 1446 3439 peccato
1492 3379 1814 3442 temeratum
1857 3385 2076 3439 semper

512 3440 787 3502 habuisse,
810 3449 863 3494 et
882 3451 1030 3494 extra
1061 3443 1370 3494 communia
1397 3449 1604 3494 natura:
1626 3441 1920 3508 inquinata-3
1948 3455 2077 3509 pro-

510 3510 598 3564 cul
628 3509 1076 3578 aimaledicﬁtioue
1127 3518 1181 3562 et
1234 3509 1574 3576 subjectione
1618 3511 1882 3565 daemonis
1931 3509 2078 3578 posi-

515 3589 626 3632 tam
663 3577 856 3649 lfuisse.
884 3577 996 3632 Hac
1032 3578 1196 3649 igitur
1246 3578 1423 3649 laude,
1453 3594 1559 3647 qua
1592 3579 1706 3646 ipsa
1751 3577 2076 3649 dignissima

513 3658 620 3710 εει,
658 3647 921 3718 ὀεῠοιίοι)
963 3648 1219 3718 omnibus
1273 3648 1368 3718 qui
1403 3663 1520 3718 eam
1570 3650 1795 3703 laudare
1821 3647 2079 3718 'cupiunt

510 3717 790 3771 celebrari.
825 3717 988 3770 Porro
1017 3732 1139 3772 esse
1169 3717 1326 3771 istam
1354 3717 1595 3786 Dciparaa
1629 3719 1857 3772 laudem
1906 3717 2078 3772 unde-

513 3787 1035 3856 quaqueﬂeximiam,
1069 3795 1216 3841 extra
1270 3801 1484 3840 omnem
1525 3788 1916 3842 dubitationem
1959 3803 2078 3841 esse

513 3853 692 3910 debet.
723 3853 790 3908 Ut
811 3857 1042 3910 maxime
1071 3857 1375 3911 mirandum
1409 3858 1464 3910 fit
1492 3861 1841 3921 Abulensem,
1862 3856 2077 3910 tametsi

515 3929 583 3981 de
609 3925 794 3979 Maria:
832 3927 1188 3994 conceptione
1235 3929 1439 3995 optime
1468 3929 1812 3991 sentientem,
1849 3941 2079 3995 eamque

517 3997 814 4049 immunem
844 4009 872 4048 a
905 4005 1128 4064 peccato
1155 3995 1324 4050 fuisse
1349 3995 1724 4061 allirinantem,
1751 4005 1912 4063 atque
1939 3998 1990 4050 id
2025 4005 2080 4049 et

518 4065 688 4119 tutius
741 4074 795 4118 et
829 4065 986 4133 plane
1018 4065 1308 4134 eligibilius
1359 4068 1979 4188 esserpronuntiantem,
2013 4080 2079 4120 eo

518 4135 730 4188 tandem
757 4135 1041 4188 devenisse
1059 4146 1114 4187 ut
1151 4135 1392 4188 diceret:
1437 4154 1455 4186 ι
1537 4153 1606 4188 on
1648 4137 1846 4188 mutari
1870 4137 1922 4188 in
1951 4136 2074 4188 hoc.

514 4135 730 4189 tandem
757 4135 1041 4188 devenisse
1059 4146 1114 4187 ut
1151 4135 1392 4188 diceret:
1437 4154 1455 4186 ι
1490 4135 1606 4190 Non
1648 4137 1846 4189 mutari
1870 4137 1922 4188 in
1951 4136 2074 4200 hoc,

514 4205 599 4258 vel
639 4204 809 4258 minui
862 4203 1103 4274 Deiparte
1151 4204 1362 4258 lau'dem
1405 4220 1466 4258 ac
1498 4207 1748 4274 gloriam,
1775 4207 1819 4259 si
1866 4205 2080 4258 dicatur

516 4274 815 4328 incurrisse
840 4273 1104 4342 originale
1118 4284 1426 4344 peccatum,
1449 4273 1718 4344 ut’putant
1736 4275 1827 4343 qui
1853 4290 1958 4328 nou
1988 4290 2080 4343 pe-

518 4352 1005 4413 netrantnaturam
1030 4345 1234 4411 peccati
1258 4343 1538 4413 originalis
1570 4362 1583 4397 :
1617 4363 1636 4396 ι
1671 4359 1794 4398 cum
1821 4360 1927 4398 non
1957 4360 2080 4412 par-

515 4427 581 4466 va
605 4413 777 4483 gloria
811 4413 900 4483 sit,
926 4411 1038 4483 Deo
1067 4413 1298 4466 similem
1333 4411 1591 4482 perpetuo
1619 4429 1761 4478 esse,
1792 4421 1844 4467 et
1895 4411 2076 4467 habitu

516 4481 977 4552 dissimilitudinis
1023 4481 1148 4552 Dei,
1176 4483 1319 4550 quod
1339 4481 1625 4552 peccatum
1667 4483 1932 4552 originale
1970 4494 2076 4543 est,

521 4567 734 4620 semper
762 4551 1026 4613 caruisse,
1057 4550 1359 4621 itidemque
1380 4553 1499 4606 labe
1530 4553 1735 4621 peccati
1758 4550 1954 4606 natura
1980 4569 2078 4607 sua

523 4608 949 4689 eoi-rumpentis,
984 4608 1039 4673 et
1069 4608 1380 4684 inlicieutis,
1404 4621 1511 4675 imo
1530 4608 1918 4677 interﬁcientis
1960 4623 2079 4676 ani-
2109 4608 2153 4662 ι)

522 4705 689 4752 mam,
714 4689 808 4742 Dei
853 4689 1114 4743 beneficio
1147 4691 1309 4744 eximi
1339 4708 1351 4742 :
1387 4692 1526 4745 sicut
1557 4706 1586 4745 e
1637 4693 1914 4746 contrario
1965 4707 2072 4747 non

521 4758 998 4831 iniiiuicjuslaus,
1031 4759 1212 4831 quiea
1244 4763 1455 4831 macula
1483 4759 1703 4814 sordere
1734 4762 2078 4831 supponitur.

521 4827 660 4899 Vide
681 4826 998 4899 Velasquez,
1022 4827 1098 4882 De
1124 4827 1300 4882 Maria
1319 4830 1652 4884 immaculata
1671 4826 1933 4899 conrepta,
1957 4831 2079 4887 libr.

520 4914 582 4962 ιι,
634 4898 906 4952 dissertat.
969 4897 1023 4962 5,
1080 4907 1266 4952 annot.
1323 4899 1490 4965 l,ubi
1561 4897 2085 4956 ostendit‘sanctis-

524 4971 719 5038 simam
762 4967 1037 5038 Virginem
1077 4983 1176 5038 pro
1205 4969 1468 5038 dignitate
1515 4969 1723 5024 laudari
1755 4986 1865 5024 non
1901 4986 2080 5038 posse,

523 5037 630 5091 nisi
654 5037 1084 5107 communibus
1113 5037 1356 5107 Deipara:
1410 5040 1664 5094 laudibus
1696 5041 1786 5093 illa
1826 5037 2078 5104 addatur,

528 5105 670 5178 quod
714 5107 970 5161 nimirum
1008 5107 1175 5162 fuerit
1205 5105 1556 5164 immaculale
1585 5118 1865 5177 concepta.

596 5176 763 5230 Porro
801 5179 1122 5232 Ambrosius
1171 5178 1502 5233 Catbarinus
1553 5182 1606 5232 in
1668 5176 1770 5231 sua
1820 5179 2079 5247 disputat.

530 5243 636 5298 Pro
688 5247 1032 5318 immaculato
1061 5251 1418 5318 conceptione,
1465 5250 1588 5302 libr.
1616 5263 1655 5310 ι,
1685 5264 1849 5316 agens
1893 5243 2082 5302 contra

528 5317 834 5386 ‘iounullos,
866 5318 958 5386 qui
984 5317 1233 5371 dicebant
1263 5322 1328 5372 ad
1369 5319 1584 5372 laudem
1619 5319 1798 5371 Maria:
1825 5333 1930 5372 non
1959 5320 2085 5372 atti-

525 5381 652 5438 nere
682 5381 1080 5456 praeservatam
1114 5387 1280 5442 fuisse
1306 5402 1334 5440 a
1386 5389 1501 5440 labe
1544 5388 1748 5456 peccati
1781 5389 2080 5455 originalis,

533 5457 606 5526 ait
639 5456 778 5509 inter
797 5457 925 5526 _alia
961 5474 973 5509 :
1007 5474 1024 5505 ι
1053 5455 1204 5520 Quod
1239 5458 1746 5525 insupergadjiciunt
1777 5473 1964 5526 parum
2015 5460 2082 5511 ad

530 5525 743 5578 laudi-in
791 5524 1029 5580 Dominae
1059 5528 1285 5579 attinere
1325 5524 1428 5580 hec
1461 5529 1604 5594 quod
1646 5527 1720 5580 illi
1759 5524 2084 5581 ascribimus

531 5595 868 5662 privilegium
929 5596 1369 5662 pra-servationis
1420 5597 1489 5649 ab
1541 5598 1811 5664 originali,
1864 5613 2084 5665 prorsus

528 5665 858 5729 inOpiuabile
887 5675 988 5718 est.
1023 5665 1126 5724 An,
1159 5680 1364 5731 quieso,
1397 5681 1587 5734 parum
1621 5667 1742 5719 mali
1773 5667 2086 5720 existimant

529 5738 729 5799 peccati
767 5736 1078 5801 lmlitatem,
1115 5735 1203 5789 Dei
1238 5737 1370 5791 iram
1405 5748 1565 5807 atque
1592 5737 1950 5800 inimicitiam,
1975 5739 2085 5792 dia-

2181 3300 2289 3355 boli
2326 3300 2668 3363 servitutem,
2699 3308 2749 3354 et
2775 3300 2819 3354 si
2853 3299 2979 3370 quis
3007 3314 3176 3370 parvo
3202 3307 3478 3354 momento
3511 3299 3600 3354 his
3622 3308 3749 3354 tan-

2178 3375 2248 3424 tis
2282 3371 2442 3424 malis
2490 3371 2775 3424 teneatur?
2803 3372 2873 3423 At
2915 3386 3020 3425 non
3065 3373 3138 3425 ita
3178 3371 3420 3440 sentiunt
3444 3372 3536 3440 qui
3589 3373 3755 3440 spiri-

2181 3441 2414 3494 tualibus
2453 3441 2627 3495 oculis
2661 3455 2771 3494 rem
2806 3441 3157 3509 perspiciunt.
3184 3437 3364 3505 Q.:are
3389 3437 3589 3494 ab'hac
3613 3437 3755 3499 adeo

2177 3512 2380 3564 misera
2423 3512 2734 3580 conditione
2769 3511 3032 3580 singulari
3065 3512 3209 3564 dono
3248 3519 3525 3564 servatam
3577 3510 3754 3568 fuisse

2177 3595 2434 3648 magnum
2485 3595 2607 3634 esse
2653 3579 3008 3644 arbitrantur,
3045 3580 3187 3634 sicut
3217 3588 3272 3634 et
3324 3580 3413 3633 illa
3466 3580 3752 3638 exsultans

2179 3649 2232 3703 in
2263 3649 2457 3718 spiritu
2488 3649 2736 3717 professa
2765 3661 2848 3704 est
2879 3649 3013 3704 Luc.
3050 3667 3062 3702 i
3091 3668 3104 3703 :
3145 3651 3287 3714 Quia
3315 3651 3438 3718 fecit
3462 3651 3596 3703 mihi
3632 3668 3753 3704 ma-

2177 3735 2278 3787 gna
2305 3721 2394 3788 qui
2414 3730 2594 3787 potens
2622 3727 2719 3772 est.
2749 3718 2904 3785 Quod
2939 3720 2983 3774 si
3015 3735 3238 3788 parvum
3271 3723 3434 3774 etiam
3465 3735 3533 3773 ex
3561 3735 3621 3774 se
3650 3722 3756 3777 hoc

2177 3789 2380 3842 donum
2412 3788 2810 3857 profiteremur,
2855 3804 3107 3859 magnum
3150 3799 3328 3843 tamen
3379 3789 3624 3859 profecto
3652 3793 3752 3844 lie-

2179 3866 2282 3929 ret,
2315 3867 2426 3912 tum
2454 3861 2763 3929 praestantia
2807 3857 3105 3924 donatoris,
3137 3870 3249 3913 tum
3290 3857 3451 3913 etiam
3503 3860 3754 3929 singula-

2178 3928 2338 3982 ritate
2366 3929 2505 3997 ejus,
2541 3929 2629 3982 cui
2668 3929 2768 3982 soli
2803 3929 3058 3984 donatum
3089 3938 3210 3996 est;
3244 3944 3391 3991 nam,
3428 3939 3486 3983 ut
3524 3928 3758 3997 quidam

2178 3998 2391 4069 egregie
2440 3997 2597 4069 dixit,
2659 4012 2688 4050 a
2731 3999 2944 4069 magnis
2986 4000 3320 4069 principibus
3356 3999 3514 4053 etiam
3569 4001 3758 4052 minu-

2180 4067 2493 4140 tculis_donis
2535 4067 3112 4140 lionestari,'magnum
3142 4067 3195 4122 et
3229 4069 3754 4140 favorabileicense—

2180 4136 2288 4191 tur.
2315 4136 2558 4206 Denique
2597 4137 2641 4191 si
2667 4139 2746 4190 vir
2780 4139 2869 4192 ille
2897 4136 3261 4208 spiritualium
3303 4155 3485 4192 rerum
3513 4139 3753 4208 diligens

2178 4208 2519 4278 examinator
2552 4215 2723 4278 atque
2755 4209 3055 4263 aestimator
3101 4211 3339 4278 prudens
3385 4210 3752 4277 Augustinus,

2179 4291 2396 4330 carnem
2429 4275 2611 4329 Mariae
2630 4279 2741 4345 jam
2773 4275 3115 4332 deniortnani
3135 4294 3230 4348 pro
3254 4282 3450 4348 quovis
3478 4275 3752 4347 teniporis

2219 4355 2380 4399 uncto
2435 4348 2721 4400 obnoxiam
2776 4349 3107 4415 corruptioni
3186 4365 3291 4401 non
3364 4357 3576 4414 poterat
3633 4350 3752 4402 sine

2201 4430 2414 4486 terrore
2432 4417 2672 4486 cogitare
2700 4417 2780 4486 (ut
2825 4418 3056 4486 ipsemet
3106 4419 3380 4486 testatur),
3405 4428 3615 4486 quanto
3648 4420 3752 4472 hoc

2180 4494 2325 4556 certe
2350 4485 2530 4539 minus
2554 4486 2621 4539 de
2655 4485 3023 4542 sacratissima
3052 4491 3229 4540 anima
3261 4485 3347 4540 illa
3373 4485 3749 4556 cogitandum,

2181 4554 2325 4623 quod
2352 4568 2574 4626 peccato
2599 4565 2872 4625 corrupta,
2909 4560 3050 4626 quod
3089 4558 3286 4611 diaboli
3329 4554 3586 4626 potesrati
3622 4560 3754 4612 sub-

2176 4626 2340 4694 jecta,
2377 4626 2520 4693 quod
2554 4624 2662 4680 Deo
2698 4624 3162 4682 tandem’inimica
3201 4624 3364 4682 etiam
3399 4644 3496 4695 pro
3549 4633 3747 4696 quovis

2185 4705 2460 4749 momento
2500 4711 2622 4750 vere
2658 4696 2764 4750 dici
2817 4698 3091 4764 potuerit?
3146 4696 3248 4751 Sed
3315 4699 3444 4764 quid
3519 4699 3751 4751 ulterius

2191 4779 2375 4817 moror
2400 4765 2422 4817 ?
2449 4781 2572 4818 cum
2608 4773 2662 4818 et
2705 4768 2805 4820 hoc
2836 4768 2888 4819 in
2935 4768 3058 4822 loco
3096 4768 3181 4821 isti
3213 4783 3277 4820 cx
3304 4768 3575 4820 diametro
3626 4783 3748 4820 cum

2189 4837 2454 4906 sententia
2510 4835 3213 4906 B._'l‘bom:eidepugnent?
3263 4837 3399 4890 Nam
3450 4839 3598 4905 quod
3653 4836 3755 4904 ipsi

2188 4905 2324 4975 adi-0
2370 4907 2519 4972 parvi
2561 4903 2782 4968 faciunt,
2816 4903 3053 4959 Thoma's
3095 4907 3208 4975 ipse
3243 4917 3431 4961 contra
3471 4903 3610 4960 adeo
3638 4903 3758 4975 nia-g

2187 4974 2429 5041 guifacit,
2468 4984 2525 5028 lit
2589 4975 2790 5028 idcirco
2823 4985 2979 5043 neget
3036 4974 3217 5030 alariae
3263 4980 3578 5041 cenvenire,
3609 4974 3758 5044 qiiod

2187 5044 2668 5116 nimisexcelsum
2740 5044 3054 5116 videbatur,
3102 5061 3167 5099 co
3229 5046 3368 5116 quod
3440 5062 3536 5114 per
3621 5045 3757 5116 illud

2187 5115 2388 5180 aaquari
2440 5115 2712 5169 videretur
2740 5115 2978 5169 Christo.
3011 5113 3120 5170 Nos
3154 5113 3352 5180 tamen,
3383 5113 3452 5168 uti
3475 5116 3589 5169 suis
3623 5115 3759 5168 locis

2187 5183 2606 5256 declarabimus.
2643 5196 2694 5238 et
2723 5201 2975 5256 magnum
2999 5185 3398 5256 esseil’atemur,
3429 5201 3530 5239 nec
3571 5196 3759 5256 tamen

2188 5251 2324 5324 adeo
2367 5269 2619 5322 magnum
2654 5265 2713 5308 ut
2747 5251 3054 5311 ad'Christi
3095 5255 3428 5324 Majestatem
3471 5255 3756 5308 ascendat.

2188 5321 2370 5383 Quare
2427 5321 2676 5395 lrivolnm
2718 5337 2800 5378 est
2863 5329 3081 5394 penitus
3115 5321 3256 5395 quod
3293 5325 3587 5388 addebant,
3619 5325 3760 5376 satis

2187 5400 2409 5464 caurut
2451 5394 2538 5464 tiei
2599 5393 2821 5446 Matrem
2867 5393 3152 5459 celebrari,
3189 5398 3348 5464 idque
3398 5395 3575 5449 solum
3633 5395 3761 5446 loco

2189 5461 2367 5515 omnis
2399 5462 2611 5526 laudis;
2643 5478 2764 5515 nam
2805 5468 2901 5517 hac
2945 5465 3060 5532 ipsa
3098 5461 3306 5520 ratione
3339 5465 3758 5526 concluderent,

2190 5545 2258 5583 ne
2291 5532 2542 5586 laudetur
2597 5543 2654 5586 ut
2711 5531 2893 5602 Virgo,
2927 5531 2994 5588 ne
3029 5536 3240 5588 colatur
3286 5547 3342 5588 ut
3386 5535 3758 5596 sanctiﬁcata,

2189 5609 2430 5674 taceatur
2469 5613 2522 5655 et
2552 5603 2864 5671 Assuuiptio
2893 5606 3012 5672 ejus
3055 5605 3308 5672 gloriosa,
3334 5614 3388 5657 et
3419 5607 3508 5659 alii
3555 5621 3760 5674 praero-

2191 5673 2488 5794 gativarpm
2528 5674 2689 5742 tituli,
2724 5673 2923 5742 quibus
2952 5676 3211 5733 abundat.
3257 5695 3276 5728 ι
3313 5675 3403 5730 Sic
3423 5673 3756 5731 Cathariuus

2211 5756 2310 5794 οςο
2344 5756 2388 5794 ei
2419 5753 2526 5794 ato.

2211 5756 2310 5795 οςο
2344 5753 2526 5798 ειωιυ.
