3996 6596
313 311 443 376 1061

1700 325 1758 384 Μ
1763 326 2057 389 ARIALE.

3403 336 3540 402 1062

309 427 462 496 φόϐῳ
499 427 800 492 δοξάζουσι.
834 429 1034 484 Τοῦτον
1061 425 1153 485 οὖν
1186 431 1394 486 ἱκέτευε
1435 434 1521 487 ἀεὶ
1551 435 1642 488 τοῦ
1679 439 1868 491 οἰκτει-

1983 442 2432 512 incorporcorum
2469 445 2614 501 acies
2644 461 2767 502 cum
2802 448 2994 504 timore
3024 450 3346 519 gloriﬁcant.
3388 453 3542 512 llnnc

314 520 476 590 ρῆσαι
507 522 633 584 τούς
665 538 723 573 σε
751 520 1089 588 δοξάζοντας.

392 697 596 752 Ῥΰπον
630 717 697 769 με
755 700 962 768 παθῶν,
997 702 1157 774 ἁγνὴ,
1193 706 1626 778 προσγινόμενον
1653 709 1739 780 ξτῇ
1781 728 1878 780 με·

309 791 488 870 αιτείᾳ
520 807 612 843 σου
653 789 972 863 καθάρισον,
1012 795 1105 849 καὶ
1157 795 1496 866 λάμπρυνον,
1518 799 1728 870 δέομαι,
1762 819 1879 855 σκο-

306 857 584 935 “Eur-Gaia“
627 882 726 952 τὴν
757 857 986 954 καρδίαν
1014 903 1118 955 μου
1158 857 1429 957 δαιμόνων
1481 857 1874 964 άμαῦρότησιν,

306 973 454 1036 ὅπως
485 990 543 1025 σε
573 974 881 1045 μακαρίζω,
903 975 1304 1051 θεομακάριστε
1334 981 1622 1037 Δέσποινα.

377 1155 523 1209 Φωτί
581 1173 650 1228 με
684 1157 1035 1226 καταύγασον
1077 1161 1169 1216 τὸν
1199 1163 1259 1216 ὲν
1295 1163 1374 1234 τῷ
1406 1165 1588 1220 σκότει
1625 1169 1876 1238 κείμενον

303 1246 406 1316 τῆς
448 1247 624 1318 δεινῆς
672 1249 968 1322 ῥᾳθυμίας,
995 1253 1390 1325 Θεοχαρίτωτε,
1423 1259 1518 1311 καὶ
1565 1260 1642 1330 μὴ
1684 1279 1877 1331 προαι-

309 1336 572 1407 ρούμενον
596 1339 732 1403 ὅλως
779 1343 904 1406 τοὺς
939 1343 1034 1396 τοῦ
1083 1344 1220 1399 Θεοῦ
1272 1347 1471 1417 νόμους
1513 1355 1872 1423 συντηρῆσαι,

305 1427 455 1493 ὅπως
483 1430 559 1494 ὡς
609 1434 922 1504 προστάτην
968 1452 1070 1506 μου
1104 1439 1424 1509 καταχρέως
1471 1443 1760 1512 μακαρίζω
1791 1461 1871 1497 σε.

318 1629 420 1684 Ἕκ
438 1631 545 1686 τοῦ
572 1635 840 1702 Κανόνος
860 1638 947 1703 εἷς
973 1637 1082 1715 τὸν
1102 1639 1274 1715 ἅγιον
1297 1643 1563 1715 ἱερομάρτ
1573 1662 1687 1714 υρα
1713 1646 1874 1701 Βλά-

845 1721 1002 1776 σιον,
1039 1712 1227 1780 ἡμέρᾳ
1255 1711 1348 1770 ια’.

377 1831 547 1902 Ὅλην
583 1850 642 1886 σε
689 1835 934 1908 καθαράν
969 1839 1220 1911 εὑρηκὼς
1264 1844 1294 1896 ὁ
1355 1844 1596 1917 καθαρὸς
1631 1847 1874 1919 ἐσκήνωο

306 1940 399 1976 σεν
428 1926 486 1977 ὲν
523 1928 589 1996 τῇ
624 1927 777 1997 νηδύϊ
805 1947 924 1996 σου,
955 1932 1092 2002 ἁγνὴ
1127 1935 1575 2008 Παρθενομῆτορ,
1601 1940 1694 1992 καὶ
1738 1941 1875 2011 σὰρξ

302 2017 641 2087 ἐχρημάτισε
669 2020 803 2091 δίχα
835 2025 936 2093 τῆς
971 2025 1267 2096 ἁμαρτίας,
1311 2027 1400 2082 ἵνα
1465 2031 1675 2100 πλάνης
1723 2035 1875 2102 ἡμᾶς

301 2109 617 2181 ἀπαλλάξῃ.

375 2201 441 2253 Σὲ
477 2202 574 2271 τὴν
595 2206 858 2272 φανεῖσαν
890 2207 1266 2279 ὑπερέχουσαν
1291 2211 1400 2268 τῶν
1433 2215 1769 2285 κτισμάτων,
1797 2215 1872 2281 ὡς

301 2292 522 2345 πάντων
551 2289 716 2350 οὖσαν
750 2297 1074 2370 άγιωτέραν,
1111 2304 1168 2356 έν
1197 2305 1404 2358 αἰνέσει
1449 2307 1636 2374 γενεαὶ
1692 2325 1872 2378 μακα-

305 2384 547 2452 ρίζουσιν
587 2387 908 2460 ἀνθρώπων,
943 2393 1368 2468 θεομακάριστε.

373 2567 559 2638 Νόμον
623 2589 683 2624 σε
734 2573 918 2628 καινὸν
974 2577 1221 2648 προεῖδεν
1258 2581 1286 2634 ὁ
1330 2584 1634 2655 προφήτης,
1679 2586 1871 2656 ἔχοντα

301 2658 441 2714 Θεοῦ
459 2665 550 2715 τὸν
569 2665 740 2732 Λόγον
765 2671 1170 2739 γεγραμμένον,
1187 2672 1276 2725 τὸν
1300 2673 1691 2746 διαρρήξαντα,
1709 2679 1868 2751 κόρη,

300 2750 404 2820 τῆς
436 2753 708 2823 ἁμαρτίας
737 2756 848 2810 τῶν
869 2759 1198 2832 προπατρῶν
1227 2762 1288 2814 τὸ
1310 2767 1694 2835 χειρόγραφον.

384 2845 694 2918 ’Υμνοῦμέν
729 2865 810 2912 σε,
843 2851 1054 2922 Μαρία,
1083 2853 1182 2923 τὴν
1220 2853 1502 2910 Θεώσασαν
1529 2857 1636 2909 τῶν
1661 2857 1871 2928 ἀνθρώ-

301 2955 424 2993 πων
449 2939 511 2992 τὸ
551 2940 780 3012 φύραμα
805 2945 870 3014 τῇ
901 2944 1044 3014 ὑπὲρ
1089 2944 1186 2999 νοῦ
1229 2965 1322 3002 σου
1369 2950 1573 3021 λοχεία,
1600 2953 1694 3004 καὶ
1736 2953 1868 3006 ἁνα-

302 3031 593 3088 πλάσασαν
641 3036 1093 3108 καταφθαρέντας
1137 3041 1283 3111 ἡμᾶς
1334 3042 1458 3112 καὶῤ
1485 3044 1868 3115 συντριϐέντας

298 3124 494 3197 ἀπάτῃ
525 3126 617 3179 τοῦ
636 3127 831 3196 ὄφεως,
865 3129 1125 3198 πάναγνε.

384 3215 444 3268 ὐ
475 3216 660 3287 Θρόνος
679 3221 707 3272 ὁ
747 3219 842 3277 τοῦ
865 3220 999 3275 Θεοῦ
1021 3221 1131 3277 τῶν
1181 3223 1447 3297 χερουϐὶμ
1474 3226 1503 3280 ὁ
1542 3227 1864 3302 ὑπέρτερος,

297 3307 551 3379 νεφέληή
585 3309 678 3363 τοῦ
707 3313 904 3380 φωτὸς,
929 3313 1109 3384 ψυχῆς
1139 3332 1241 3385 μου
1265 3317 1335 3370 τὰ
1360 3317 1583 3389 ὄμματα
1605 3323 1865 3391 παναγεα,

300 3398 559 3467 φώτισον,
589 3402 680 3456 καὶ
719 3404 908 3458 παθῶν
947 3405 1141 3475 ἀχλύος
1190 3407 1288 3479 τὴν
1336 3410 1565 3481 καρδίαν
1603 3431 1707 3484 μου
1765 3432 1867 3469 κα-

299 3487 544 3557 θάρισον.
1542 3572 1544 3574 τ

370 3579 692 3653 Νυσταγμῷ
734 3585 1073 3656 κρατηθέντα
1118 3606 1208 3660 με,
1267 3590 1534 3661 Παρθένε,
1581 3594 1864 3664 ἀμελείας,

294 3673 578 3744 ἁμαρτίας
607 3677 904 3731 κατέλαϐεν
931 3678 1099 3744 ὕπνος
1138 3681 1513 3754 θανατηφόρος
1545 3701 1559 3716 ’
1593 3686 1674 3739 διὸ
1705 3704 1868 3757 μετα-

296 3763 447 3826 νοίας
479 3781 545 3833 με
569 3766 702 3832 πρὸς
733 3765 1014 3840 ζωηφόρον
1041 3772 1238 3844 αὐγὴν,
1277 3774 1438 3847 ἁγνὴ,
1469 3776 1742 3849 ἑξέγειρον
1772 3781 1866 3834 καὶ

297 3853 473 3908 σῶσόν
504 3873 594 3924 με.

380 3947 545 4019 Ἱεραί
571 3967 629 4003 σε
660 3953 1046 4024 προήγγειλαν,
1077 3957 1521 4031 Παρθενομῆτορ.
1542 3965 1716 4032 φωναὶ
1747 3966 1866 4017 ἐσο-

297 4039 490 4112 μένην,
514 4041 672 4112 κόρη,
707 4044 796 4096 τοῦ
831 4047 1053 4116 ποιητοῦ
1101 4066 1196 4101 σου
1239 4049 1379 4121 ὑπὲρ
1423 4052 1584 4120 φύσιν
1642 4056 1862 4125 τροφὸν,

295 4133 552 4203 γέννησιν
576 4135 815 4207 ἄρρητον
833 4137 934 4208 ,ὡς
964 4141 1057 4193 καὶ
1093 4141 1358 4212 σύλληψιν
1403 4142 1558 4213 ξένην
1588 4147 1863 4214 κεκτημέ-

295 4239 430 4293 νην·
463 4226 584 4279 ὅθεν
621 4243 680 4279 σε
733 4229 1012 4300 ὑμνοῦμεν
1067 4233 1148 4295 εἰς
1207 4233 1418 4296 πάντας
1461 4235 1587 4297 τοὺς
1633 4236 1860 4300 αἰῶνας.

365 4317 555 4388 Φέρεις
588 4323 646 4375 ἐν
671 4321 938 4388 ἀγκάλαις
971 4339 1062 4376 σου
1093 4325 1326 4394 Χριστὸν
1349 4325 1441 4378 τὸν
1467 4325 1865 4396 διακρατοῦντα.

291 4408 598 4479 οἰκημένην
621 4413 802 4465 πᾶσαν
834 4415 998 4482 χειρὶ,
1025 4416 1162 4485 ἁγνὴ
1191 4416 1636 4489 Παρθενομῆτορ,
1665 4419 1724 4472 ὃν
1757 4421 1862 4472 ἱκέ-

291 4516 440 4564 τευε,
467 4501 542 4564 ὡς
576 4503 704 4556 Υἱόν
752 4522 844 4557 σου
889 4508 982 4559 καὶ
1025 4506 1285 4576 Κτίστην,
1324 4508 1496 4563 σῶσαι
1541 4510 1638 4574 τὰς
1689 4510 1865 4581 ψυχὰς

290 4589 404 4640 τῶν
440 4591 819 4660 ἁνυμνούντων
855 4609 935 4648 σε.

305 4785 412 4840 Ἐκ
439 4787 548 4842 τοῦ
574 4789 848 4855 Κανόνας
873 4793 961 4856 εὶς
983 4791 1089 4868 τὸτί·
1130 4791 1675 4868 ᾅγιονᾲᾴπόστολον
1720 4797 1859 4868 "Ap-

785 4876 1030 4928 χιππον,
1050 4861 1242 4931 ἡμέρᾳ
1276 4862 1366 4918 ιϐ’.

377 4966 596 5030 Ἰδόντες
627 4971 984 5038 προφητικοῖς
1022 4971 1080 5023 ἐν
1119 4969 1330 5040 ὄμμασι
1370 4975 1670 5046 πόρρωθεν,
1725 4978 1860 5033 ardv-

187 5118 189 5120 ,
292 5076 451 5128 αγνε,
479 5059 572 5112 τοῦ
611 5059 752 5131 ὑπὲρ
778 5059 902 5114 νοῦν
936 5077 1032 5113 σου
1065 5061 1457 5134 Θείουροκετοῦ
1486 5067 1546 5120 τὸ
1588 5069 1858 5138 φρικῶδες

363 5236 478 5313 (52)
504 5235 642 5313 Hinc
673 5236 869 5313 Caelius
893 5237 1211 5313 Pannonius
1245 5239 1460 5313 ord.rS.
1502 5242 1656 5299 Pauli
1702 5246 1862 5313 primi

291 5307 545 5362 Eremitae
571 5310 757 5372 decus,
780 5309 833 5361 in
869 5311 984 5365 suis
1013 5308 1430 5367 Commentariis
1462 5329 1594 5368 mss.
1638 5307 1862 5369 in'Can-

293 5379 386 5433 tic.
419 5393 542 5451 quae
572 5380 624 5432 in
655 5379 857 5451 celebri
875 5379 1562 5451 monasterio‘Lepoglava:
1591 5387 1867 5439 asservari

289 5451 490 5519 asserit
512 5447 836 5504 Laurentius
854 5449 1118 5518 Chrysog.
1141 5451 1194 5503 in
1222 5447 1420 5504 Mundo
1435 5452 1707 5519 Mariano,
1734 5463 1865 5509 tom.

290 5517 360 5572 ll.
419 5519 551 5574 diss.
580 5518 670 5586 40,
705 5535 756 5574 n.
783 5519 874 5585 42,
915 5517 988 5574 ait
1020 5517 1162 5574 inter
1200 5522 1344 5575 alia:
1383 5540 1401 5573 ι
1439 5521 1629 5578 Decuit
1656 5517 1869 5580 summe

289 5603 484 5662 puram
513 5603 652 5653 esse,
684 5606 805 5662 quae
840 5591 1131 5646 candorem
1162 5591 1297 5646 lucis
1333 5601 1569 5655 aeternae.
1594 5604 1648 5648 et
1676 5609 1868 5662 specu-

291 5661 406 5712 lum
438 5660 556 5732 sine
581 5661 794 5714 macula
819 5671 1169 5732 conceptura,
1197 5670 1250 5732 et
1290 5661 1426 5716 intra
1453 5665 1657 5716 viscera
1688 5660 1870 5732 gesta-

291 5737 418 5784 tura
449 5728 608 5795 foret,
644 5745 765 5802 qua:
799 5731 1059 5799 singulari
1089 5731 1261 5799 gratia
1303 5737 1622 5800 pra'servata
1660 5728 1780 5797 fuit,
1809 5745 1865 5787 ut

1978 547 2112 604 ergo
2135 549 2351 603 semper
2377 535 2690 605 deprecare,
2713 547 2771 592 ιιι
2790 551 2980 592 eorum
3009 541 3102 608 qui
3134 551 3183 595 te
3213 542 3539 614 gloriﬁcent,

1979 624 2328 681 misereatur.
3069 705 3072 712 Ι

2049 718 2094 772 Α
2124 720 2381 775 sordibus
2411 721 2728 790 passionum
2761 722 3153 779 inhaerentibus
3185 726 3318 807 mihi
3350 742 3540 783 emun-

1980 809 2049 864 da
2070 826 2177 873 me,
2205 826 2237 864 ο
2261 821 2434 878 casta,
2457 811 2850 870 intercessione
2881 823 2993 879 tua,
3031 825 3084 871 et
3115 817 3381 885 illumina,
3412 836 3538 891 pre-

1980 915 2099 966 cor,
2133 917 2231 956 cor
2255 919 2459 970 meum,
2487 904 2820 962 daarnoniaca
2846 907 3076 978 caligine
3105 910 3540 980 obtencbratum,

1981 1003 2042 1048 ut
2070 994 2372 1051 beatilicem
2414 1006 2487 1061 te,
2519 1011 2552 1052 ο
2580 997 2833 1066 Domina,
2878 1000 3062 1056 divina
3096 1003 3428 1061 beatitudine
3461 1005 3541 1062 fe-

1979 1084 2257 1142 licissima.
2698 1133 2700 1135 .

2048 1176 2104 1230 lu
2136 1178 2376 1232 tenebris
2408 1181 2743 1250 gravissimae
2771 1182 2992 1240 desidia:
3011 1184 3278 1253 iacentem
3301 1187 3422 1242 luce
3449 1196 3541 1242 tua

1980 1266 2230 1321 illumina
2277 1283 2382 1332 me,
2425 1284 2458 1322 ο
2488 1267 2597 1324 Deo
2627 1271 2987 1341 charissima;
3023 1291 3130 1330 non
3173 1278 3316 1330 enim
3361 1278 3540 1332 adhuc

1980 1355 2206 1411 lirmiter
2237 1358 2351 1411 scio
2379 1359 2486 1429 63
2512 1360 2817 1417 deliberare
2848 1365 2984 1419 velle
3005 1380 3091 1419 me
3120 1366 3412 1422 observare
3443 1367 3539 1422 Dei

1979 1447 2144 1518 leges.
2181 1447 2253 1503 lta
2288 1451 2397 1515 liet,
2437 1461 2495 1505 ut
2525 1462 2576 1507 te
2606 1462 2867 1524 tanquam
2898 1470 3075 1510 meam
3104 1466 3540 1528 patronam,-pro

1977 1540 2162 1595 debito
2192 1541 2519 1598 beatificem.

2051 1649 2137 1706 Ex
2176 1649 2387 1707 Canone
2421 1653 2475 1708 in
2515 1652 2577 1709 S.
2619 1653 2884 1725 Blasium,
2923 1667 3230 1730 martyrem,
3266 1659 3349 1714 die
3377 1659 3462 1714 Η.

2044 1859 2178 1915 Cum
2199 1868 2253 1916 te
2283 1862 2658 1933 totam'puram
2690 1865 2986 1922 invenisset
3009 1867 3097 1922 ille
3114 1868 3205 1938 qui
3241 1885 3408 1939 purus
3432 1880 3538 1939 est,

1977 1951 2240 2008 habitavit
2278 1956 2342 2010 in'
2362 1965 2518 2010 utero
2546 1966 2638 2012 tuo
2680 1959 2813 2029 (52),
2853 1975 2888 2013 ο
2935 1969 3084 2016 casta
3129 1960 3292 2032 Virgo
3346 1963 3538 2030 Mater,

1975 2052 2172 2098 ctcaro
2201 2044 2372 2101 factus
2394 2055 2498 2114 est,
2530 2049 2650 2106 sine
2679 2060 2924 2119 peccato,
2948 2060 3006 2108 ut
3043 2066 3141 2107 nos
3165 2066 3193 2106 a
3223 2052 3539 2110 seductioue

1978 2131 2251 2188 liberaret.

2045 2223 2142 2286 Te,
2209 2239 2332 2294 quae
2383 2227 2639 2283 omnibus
2677 2229 2945 2285 creaturis
2989 2231 3320 2288 eminentior
3370 2249 3539 2305 appa-

1973 2316 2155 2380 rttisti,
2191 2325 2378 2387 utpote
2417 2321 2674 2375 omnibus
2703 2323 2982 2387 sanctior,
3017 2325 3396 2392 generationes
3435 2328 3538 2381 ho-

1982 2407 2192 2464 minum
2220 2422 2344 2464 cum
2377 2409 2534 2467 laude
2561 2411 2891 2482 beatiﬁcant,
2923 2431 2956 2472 ο
2981 2417 3164 2473 divina
3199 2419 3538 2476 beatitudine

1972 2499 2267 2554 cumulata.
2563 2518 2569 2522 '

2044 2589 2238 2661 Legem
2265 2609 2458 2649 novam
2487 2597 2729 2666 praevidit
2757 2608 2807 2654 te
2824 2599 2952 2654 olim
2985 2603 3272 2672 propheta,
3295 2602 3528 2660 Verbum

1973 2681 2065 2736 Dei
2099 2683 2418 2754 inscriptum
2452 2688 2759 2756 habentem,
2805 2707 2838 2746 ο
2888 2694 3086 2763 puella,
3141 2697 3284 2766 quod
3326 2699 3539 2768 peccati

1970 2775 2268 2844 primorum
2293 2788 2580 2846 parentum
2612 2781 3036 2854 chirographum
3068 2787 3324 2857 disrupit.

2041 2866 2356 2925 Laudamus
2385 2881 2458 2936 te,
2495 2889 2528 2928 ο
2565 2872 2734 2928 Maria
2767 2879 3092 2943 castissima,
3118 2895 3238 2949 qua:
3272 2881 3529 2936 inellabili

1969 2971 2128 3028 partu
2156 2969 2249 3015 tuo
2274 2961 2568 3017 humanam
2600 2980 2837 3021 massam
2868 2967 3162 3033 deillcasti,
3199 2978 3252 3023 et
3288 2985 3387 3026 nos
3411 2973 3535 3026 cor-'

1973 3060 2163 3120 ruptos
2188 3065 2256 3106 ac
2302 3051 2495 3110 fraude
2516 3057 2786 3126 serpentis
2823 3058 3091 3116 contritas
3115 3059 3449 3118 rel‘ormasti.
3481 3079 3502 3121 ι

2037 3234 2082 3294 Ο
2105 3237 2469 3306 sanctissima,
2502 3239 2733 3299 thronus
2757 3242 2865 3300 .D.ei
2907 3243 3187 3302 cherubim
3219 3247 3526 3317 sublimior,

1969 3347 2031 3387 ac
2091 3334 2263 3390 nubes
2303 3334 2464 3402 lucis,
2506 3337 2755 3392 illumina
2806 3341 2997 3396 oculos
3039 3342 3237 3398 animae
3284 3360 3437 3409 meze,
3476 3355 3532 3402 et

1967 3438 1996 3478 a
2019 3424 2340 3494 passionum
2375 3428 2614 3483 tenebris
2642 3429 2870 3500 puriﬁca
2898 3431 3136 3487 animam
3185 3450 3382 3490 meam.

2038 3587 2435 3644 Dormitatione
2487 3590 2830 3660 negligentiae
2873 3593 3248 3662 'oppressum,
3305 3610 3536 3652 somnus

1968 3680 2172 3750 peccati
2210 3680 2527 3738 mortiferus
2566 3682 2922 3752 deprehendit
2959 3701 3044 3739 me
3079 3704 3092 3739 :
3135 3699 3418 3756 propterea
3465 3693 3530 3744 ad

1965 3774 2183 3829 vitalem
2224 3775 2559 3840 pmnitentiae
2613 3776 2956 3846 splendorem
3009 3782 3283 3836 exsuscita
3343 3798 3449 3847 me,
3498 3799 3532 3838 ο

1967 3876 2140 3929 casta,
2169 3878 2220 3923 et
2253 3869 2401 3924 salva
2443 3883 2550 3924 me.

1965 3972 1974 3998 δ
2038 3959 2218 4014 Sacrae
2250 3975 2408 4015 voces
2442 3962 3032 4030 praenuntiaveruntte,
3063 3979 3097 4019 ο
3153 3965 3313 4037 Virgo
3362 3968 3531 4023 Mater

1965 4048 2168 4116 puella,
2199 4046 2436 4102 futuram
2472 4063 2594 4104 esse
2629 4051 2909 4108 Creatoris
2954 4055 3030 4108 tui
3073 4055 3338 4122 altricem,
3373 4067 3535 4128 atque

1968 4139 2272 4193 habituram
2296 4150 2506 4208 partum
2532 4140 2880 4208 ineffabilem,
2903 4153 2957 4197 et
2980 4146 3386 4214 conceptionem
3412 4163 3533 4216 per-

1965 4229 2208 4299 egrinam
2242 4249 2272 4308 _:
2315 4232 2458 4286 unde
2503 4242 2553 4286 te
2608 4233 2894 4289 laudamus
2950 4236 3004 4289 in
3078 4239 3259 4290 omnia
3311 4240 3530 4293 smeula.

2039 4320 2197 4375 Ulnis
2248 4321 2354 4375 tuis
2380 4321 2657 4377 Christum
2686 4334 2895 4392 portas,
2927 4339 3121 4381 ocasta
3151 4327 3312 4397 Virgo
3341 4329 3530 4394 Mater,

1973 4411 2066 4480 qui
2117 4426 2283 4466 manu
2328 4429 2428 4467 sua
2469 4414 2711 4470 continet
2763 4430 2826 4469 ac
2875 4418 3012 4486 regit.
3063 4433 3282 4473 onmem
3344 4422 3531 4475 orbem

1973 4511 2266 4556 terrarum.
2311 4505 2569 4559 Eumdcm
2635 4515 2892 4576 tanquam
2951 4508 3147 4563 Filium
3201 4520 3254 4566 et
3313 4511 3543 4586 Creatoﬁ

1970 4609 2086 4648 rem
2132 4602 2286 4648 tuum
2317 4596 2605 4665 deprecare
2639 4613 2737 4668 pro
2765 4599 2940 4656 salute
2988 4601 3294 4656 animarum
3330 4604 3536 4657 collau-

1967 4684 2212 4740 dantium
2241 4693 2313 4740 te.

1967 4810 2079 4883 64
2113 4810 2196 4865 Ea:
2215 4812 2422 4868 Canone
2457 4814 2599 4871 in'S.
2627 4815 2969 4886 Archippum,
2999 4820 3315 4888 apostolum,
3337 4822 3421 4874 die
3449 4820 3532 4874 19.

2045 4981 2304 5038 Videntes
2329 4983 2499 5038 divini
2549 4987 2698 5054 loqui
2731 4999 2883 5043 vates
2913 5006 2940 5042 a
2993 4991 3150 5060 longe
3198 4993 3533 5060 prepheticis

1967 5072 2142 5129 oculis
2174 5073 2518 5130 formidabile
2545 5085 2708 5146 atque
2746 5078 3015 5135 ineffabile
3041 5090 3228 5150 partus
3259 5083 3334 5136 tui
3363 5083 3532 5138 divini

1969 5264 2076 5302 non
2131 5259 2437 5330 penetraret
2483 5253 2548 5330 ad
2602 5256 2923 5330 earn_labes
2975 5259 3076 5314 ista
3137 5263 3531 5330 connaturalis,

1969 5323 2190 5394 quando
2217 5336 2415 5390 corpus
2444 5323 2622 5377 elllatu
2659 5323 2891 5394 Spiritus
2922 5341 3297 5385 consecratum
3343 5323 3534 5388 susce;

1966 5393 2044 5467 pit
2073 5391 2307 5472 animam
2334 5394 2408 5471 _in
2459 5391 2790 5472 plenitudine
2836 5399 3022 5472 gratiae
3067 5413 3302 5454 creatam
3338 5420 3352 5455 :
3387 5405 3531 5472 quod

1966 5459 2100 5536 citra
2137 5459 2507 5518 alterationein
2532 5466 2705 5532 potuit
2730 5459 2871 5521 Deus
2901 5468 3098 5534 facere,
3136 5483 3187 5524 et
3218 5472 3364 5536 fecit,
3395 5459 3533 5526 alio.

1965 5528 2095 5596 quin
2138 5544 2243 5607 non
2296 5541 2503 5607 tantum
2522 5528 2872 5607 _'liotiorasset
2904 5537 3062 5594 Pater
3087 5528 3304 5607 Filium,
3341 5528 3388 5598 si
3418 5543 3532 5596 Ma-

1965 5607 2104 5721 tren:
2162 5601 2452 5670 aliquando
2521 5603 2758 5661 infamiae
2819 5610 3022 5663 malum
3061 5601 3300 5668 subiisse.
3338 5629 3532 5684 passus

1965 5682 2082 5721 esse
2112 5707 2125 5721 .
2379 5687 2400 5701 ε

1965 5682 2125 5722 οδδυι.
2379 5687 2400 5701 ‘
2443 5701 2488 5722 η
