3996 6598
332 318 460 384 1065
1754 306 1910 367 MAR

1972 302 2113 362 lLE.
3417 282 3550 345 1056

326 433 595 502 ἄφραστον
620 426 718 497 τῆς
746 424 948 497 σεπτῆς
975 422 1191 497 λοχείας
1219 440 1318 477 σου
1355 424 1453 495 τῆς
1495 420 1685 490 ἁγνῆς,
1713 436 1887 473 ποικι-

1989 421 2177 483 partus
2241 405 2315 461 tui
2360 400 2685 459 venerabilis
2734 408 2787 453 et
2850 397 3024 463 casti;
3057 410 3150 466 per
3186 395 3367 449 varias
3419 395 3556 463 ligu-

326 495 604 593 λοτρόπως
738 495 1045 592 δχώρήσαν,
1063 495 1236 572 τοῦτο
1264 515 1657 588 προήγγειλαν.

2012 518 2111 567 as,
2153 495 2613 571 quemadmodum
2649 506 2869 563 'eapere
2922 497 3246 559 potuerant,
3301 502 3590 567 pramuu-~

1991 598 2263 651 tiaverunt
2289 591 2442 647 illud.

406 694 661 763 ’Δγίασον
714 692 813 764 τὴν
861 693 1039 765 ψυχήν
1090 711 1213 764 μου,
1244 691 1572 763 Παρθένε,ή
1616 690 1703 742 τὸν
1736 688 1890 757 ἆγιον

2064 686 2353 741 Sanctiﬁca
2382 680 2622 737 animam
2647 693 2847 742 meam,
2875 692 2908 731 o
2934 676 3123 745 Virgo,
3150 688 3272 744 quae
3302 680 3554 729 sanctum

325 787 579 857 κυήσασα
632 785 825 851 Λόγον,
858 784 948 837 τὸν
992 783 1208 855 άληθῶς
1264 785 1321 838 ἐν
1353 782 1552 851 ἁγίοις,
1587 781 1661 843 ὡς
1708 780 1889 849 θέμις,

1996 779 2235 833 Verbum
2261 773 2524 847 genuisti,
2556 764 2701 841 quod
2730 771 2783 823 in
2808 769 3011 825 sanctis
3026 768 3161 832 suis,
3193 766 3567 835 sicutaequum

328 873 748 945 ἀναπαυόμενον
785 874 946 945 μόνον
987 875 1118 928 Θεὸν
1152 874 1330 947 ήμῶν,
1359 877 1453 928 καὶ
1503 874 1646 928 δίδου
1677 890 1768 943 μοι
1818 871 1894 936 ὡς

1994 882 2097 936 est,
2133 868 2449 939 requiescit,
2473 864 2695 939 unicum
2734 863 2904 918 Deum
2941 869 3297 926 nostrum;et
3336 858 3404 912 da
3438 857 3570 911 mihi

326 968 547 1039 άληθῶς
577 969 925 1036 κατανύξεως
948 970 1206 1042 δμϐρους,
1249 970 1575 1041 πανάμωμε.

1997 976 2140 1017 verae
2185 956 2626 1030 compunctionis
2693 954 2915 1016 imbres,
2962 967 2995 1007 ο
3039 949 3569 1006 itttmaculatissima.

402 1059 505 1113 Σοῦ
553 1062 650 1129 τὴν
680 1061 843 1128 νηδὺν
893 1061 969 1132 μὴ
1017 1041 1361 1130 καταφλέξαν
1395 1064 1493 1131 τῆς
1545 1059 1797 1128 θεότητος
1834 1057 1895 1111 τὸ

2067 1052 2214 1125 Ignis
2251 1051 2493 1116 deitatis,
2534 1048 2627 1119 qui
2677 1046 2966 1102 universos
2990 1055 3149 1100 terra:
3197 1043 3334 1097 ﬁnes
3375 1041 3575 1097 divinis

334 1154 469 1225 πῦρ,
510 1152 949 1225 παρθενομῆτορ,
977 1153 1322 1224 σωματοῦται
1355 1155 1421 1208 ὲκ
1451 1152 1545 1207 σοῦ
1578 1154 1649 1207 τά
1688 1151 1898 1223 πέρατα

1999 1139 2691 1215 splendoribusilluminat,
2726 1152 2791 1192 ex
2826 1147 2981 1191 utero
3022 1145 3117 1188 tuo
3170 1146 3370 1197 corpus
3411 1145 3571 1185 acre-

332 1245 585 1315 φωτίζων
634 1249 756 1312 ταῖς
808 1246 1019 1310 θεῖκαϊς
1069 1246 1464 1318 λαμπρότησι·
1492 1247 1582 1302 διὰ
1630 1243 1787 1298 τοῦτό
1837 1259 1896 1295 σε

2000 1238 2098 1307 pit,
2132 1250 2231 1291 nec
2274 1244 2457 1290 tamen
2492 1233 2645 1287 illum
2702 1228 3007 1285 combussit
3062 1246 3075 1280 :
3130 1231 3414 1297 propterea
3441 1231 3513 1288 te,
3545 1238 3578 1275 ο

334 1338 365 1390 ὑ
372 1336 504 1407 μνοῦ
512 1353 631 1407 μεν.

2005 1330 2171 1399 Virgo
2189 1327 2381 1390 Mater,
2411 1323 2810 1382 collaudamus.

418 1432 478 1485 Ὀ
518 1430 769 1502 βουλήσει
828 1431 1006 1486 πάντα
1044 1430 1300 1494 ἐκτελῶν,
1326 1429 1637 1500 πανάμωμε
1674 1425 1901 1495 εὔλογη·

2075 1420 2180 1487 Qui
2241 1419 2524 1474 voluntate
2560 1431 2658 1473 sua
2705 1414 2937 1486 perfecit
2979 1413 3259 1476 universa,
3314 1410 3370 1464 in
3426 1418 3580 1462 utero

230 1549 237 1554 -
342 1499 816 1595 μένηρβουλήθεὶς
845 1524 941 1578 καὶ
976 1525 1189 1595 μήτραν
1226 1523 1325 1592 τὴν
1367 1521 1462 1592 σὴν
1484 1499 1808 1589 Ῠκατεσκήνω

2005 1520 2122 1578 ιυο,
2182 1526 2216 1567 o
2266 1519 2375 1566 tota
2419 1507 2772 1565 immaculata
2820 1520 2885 1561 ac
2924 1504 3237 1567 benedicta,
3281 1499 3581 1558 voluntarie

341 1592 437 1671 ita».
458 1592 597 1689 άάῥξ
621 1592 833 1688 ῶράθη,
867 1592 1193 1670 mittimus
1244 1631 1311 1686 με
1364 1613 1642 1685 φθαρέντα
1674 1610 1734 1664 τδ
1765 1608 1901 1679 πρό-

2006 1603 2293 1669 ltabitavit,
2346 1613 2403 1658 et
2426 1617 2556 1658 caro
2587 1601 2766 1657 factus
2795 1608 2899 1666 est,
2928 1613 3121 1667 meque
3148 1596 3299 1665 prius
3349 1592 3583 1665 pessimo

338 1725 498 1780 τερον
532 1686 629 1763 τοῦ
647 1686 964 1772 άπατεῶνος
1000 1708 1235 1779 κακίστῃ
1270 1705 1592 1778 συμϐουλίᾳ.

1937 1768 1977 1780 _
2006 1696 2308 1768 deceptoris
2342 1694 2576 1751 consilio
2604 1693 2977 1763 depravatum,
3009 1686 3296 1743 deiﬁcavit.

410 1768 622 1872 λιιρίττω
661 1817 779 1866 σου,
817 1768 958 1872 μόνε⁷
987 1768 1235 1870 βασιλεῦ,
1259 1768 1357 1869 τὴν
1394 1768 1654 1868 δευτέραν
1698 1812 1906 1868 παρου-
1937 1768 1981 1824 Β

2081 1788 2365 1853 Formido,
2434 1803 2468 1842 ο
2518 1785 2633 1840 Rex
2696 1785 2879 1848 unice,
2940 1781 3241 1839 secundum
3294 1778 3586 1834 adventum

344 1892 466 1945 σίαν
491 1891 584 1945 καὶ
607 1890 844 1957 δέδοικα,
896 1891 1116 1963 ἄμετρα
1171 1888 1401 1953 πταίσας
1460 1904 1564 1954 σοι,
1595 1887 1690 1942 καὶ
1740 1903 1911 1957 μετα-

2014 1895 2190 1948 tuum,
2222 1892 2279 1937 et
2316 1880 2507 1945 timeo,
2531 1893 2658 1934 cum
2696 1878 2963 1932 immensa
2990 1880 3215 1944 peccata
3249 1871 3384 1925 inte
3432 1884 3587 1924 como

343 1983 541 2052 γνώσει
568 1983 645 2055 μὴ
692 1960 1069 2055 βελτιούμενος
1096 1998 1111 2013 ⁶
1148 1982 1264 2037 ἀλλ’
1302 1981 1379 2045 ὡς
1419 1979 1683 2051 ὑπάρχων
1707 1978 1911 2047 ἀγαθὸς

2015 1974 2280 2039 miserim,
2327 1972 2475 2026 nulla
2512 1986 2607 2041 per
2656 1968 3036 2039 paenitentiam
3095 1963 3238 2018 facta
3280 1963 3333 2016 in
3395 1960 3589 2014 melius

344 2072 695 2144 ὲπίστρεψον,
737 2072 912 2128 σῶσόν
945 2090 1046 2143 με,
1077 2073 1178 2144 τῆς
1224 2071 1506 2144 κυησάσης
1552 2088 1611 2124 σε
1658 2068 1912 2125 εὐποσδέ-

2015 2066 2344 2122 mutatione.
2380 2063 2489 2119 Sed
2516 2071 2571 2117 tu
2637 2070 2898 2131 tanquam
2929 2058 3040 2128 66
3085 2056 3261 2110 bonus
3308 2062 3590 2118 converte,

346 2181 521 2232 κτοις,
559 2165 759 2238 Ἰησοῦ,
776 2165 1173 2238 παρακλήσεσι.

2012 2172 2068 2218 et
2109 2160 2259 2217 salva
2314 2172 2424 2223 me,
2455 2172 2489 2213 ο
2526 2154 2675 2222 Jesu,
2708 2169 2805 2225 per
2864 2148 3279 2220 acceptissimas
3328 2145 3589 2201 interces-

2015 2257 2200 2311 siones
2246 2251 2525 2325 genitricis
2554 2258 2681 2305 tuae.

361 2364 456 2419 Ἐκ
482 2363 593 2421 τοῦ
632 2365 892 2430 κανόνος
936 2368 1023 2432 εὶς
1052 2366 1160 2420 τὸν
1206 2366 1378 2434 ἅγιον
1414 2366 1751 2435 Πορφύριον
1783 2366 1905 2419 ἐπίο

2017 2363 2097 2417 Ex
2143 2377 2343 2417 canone
2390 2363 2445 2415 in
2465 2359 2523 2416 S.
2555 2358 2910 2435 Porpltyriyrn
2937 2355 3236 2424 episcopum
3285 2351 3594 2415 Gazensem,

707 2426 947 2491 σκοπὸν
963 2426 1157 2504 fcian
1189 2426 1379 2505 ήῂέρᾳ
1419 2426 1555 2501 κκςῖ.⁷
1616 2426 1634 2435 ’
2666 2426 2777 2481 αἱθ
2816 2426 2905 2481 26.

422 2528 669 2599 Ὀμϐρον
714 2527 1070 2599 είσδεξαμένη
1110 2527 1204 2581 σοῦ
1236 2529 1294 2581 ὲν
1326 2532 1393 2599 τῇ
1435 2526 1588 2597 νηδύϊ
1623 2528 1712 2582 τὸν
1751 2529 1916 2599 οὐρά-

2096 2526 2138 2579 0
2167 2524 2335 2595 Virgo
2357 2521 2610 2593 Deipara,
2632 2534 2756 2574 cum
2781 2518 3058 2573 caelestem
3092 2516 3320 2570 imbrem
3355 2514 3408 2568 in
3441 2524 3597 2567 utero

352 2636 491 2684 νιον,
522 2619 1055 2692 Θεοτόκε,Παρθένε,
1080 2620 1351 2692 ἁμαρτίας
1381 2621 1507 2685 τοὺς
1535 2620 1775 2692 ὄμϐρους
1797 2621 1920 2693 ἑξή-

1701 2639 1775 2685 ιυς
1797 2621 1920 2693 ἑξή-
2023 2626 2115 2674 tuo
2143 2615 2457 2686 suscepisti,
2488 2612 2697 2685 peccati
2732 2611 2934 2666 imbres
2968 2608 3279 2664 exsiccasti.

355 2728 544 2784 ρανας.

440 2801 628 2856 Ῥῦσαί
663 2819 730 2873 με
754 2801 1074 2874 πρεσϐείαις
1113 2820 1207 2856 σου
1236 2801 1345 2856 τῶν
1371 2801 1466 2856 τοῦ
1498 2803 1693 2875 ἐχθροῦ
1727 2803 1921 2874 βελῶν,

2096 2795 2291 2850 Libera
2343 2808 2450 2857 me,
2474 2805 2509 2847 ο
2566 2786 2856 2851 inviolata,
2889 2781 3385 2839 intercessionibus
3417 2780 3526 2835 tuis
3563 2795 3595 2835 a
3636 2840 3638 2843 τ

354 2895 614 2967 ἄχραντε,
649 2895 745 2949 καὶ¹
760 2894 1036 2967 λογισμῶν
1064 2893 1173 2949 τῶν
1198 2874 1657 2966 ὲπιεμϐαινόντων
1689 2895 1924 2965 ἀφειδῶς

2022 2888 2223 2960 jaculis
2250 2886 2449 2952 hostis,
2484 2893 2540 2939 et
2572 2897 2602 2936 a
2655 2878 3080 2951 cogitationibus
3115 2875 3317 2946 pravis,
3345 2890 3466 2944 qua:
3514 2874 3595 2928 in-

355 2990 423 3059 τῇ
450 2988 645 3058 καρδία
667 3005 792 3057 μου.

2026 2990 2235 3036 stanter
2258 2975 2653 3047 superveniunt
2685 2970 2841 3030 cordi
2876 2984 3014 3037 meo.

426 3056 791 3150 Νεκρῶθεντα
837 3094 928 3145 με,
960 3078 1225 3147 πάναγνε,
1257 3078 1416 3132 πάλιν
1468 3076 1813 3146 ἀνεζώωσας,
1847 3079 1923 3141 ὡς
1952 3132 1991 3150 η

2098 3070 2181 3126 Me
2217 3077 2494 3125 mortuum
2546 3065 2615 3121 ad
2652 3063 2819 3118 vitam
2867 3059 3159 3124 revocasti,
3189 3075 3223 3115 ο
3269 3056 3602 3120 castissima,

354 3132 608 3238 κυήσασα
640 3168 737 3239 τὴν
769 3169 915 3240 ζωὴν
948 3167 1046 3241 τὴν
1090 3132 1477 3236 ὲνυπόστατον,
1517 3168 1609 3222 τὸν
1644 3132 1922 3223 Υἱὸνηκαί

2028 3162 2225 3231 quippe
2254 3173 2377 3229 qua:
2394 3158 2556 3210 vitam
2581 3154 2969 3209 subsistentem
2989 3150 3247 3222 genuisti,
3271 3148 3467 3204 Filium
3500 3149 3604 3203 sci-

357 3262 533 3328 Δόγον
557 3261 650 3315 τοῦ
680 3240 1024 3334 Γεννήτορος,

2030 3254 2156 3309 licet
2183 3266 2248 3307 ac
2285 3248 2517 3305 Verbum
2545 3240 2843 3302 Genitoris.

428 3353 618 3425 Μάνην
654 3332 857 3422 γενεῶν
883 3332 945 3406 ὲκ
973 3352 1163 3407 πασῶν
1193 3371 1251 3406 σε
1270 3352 1550 3420 ἐξελέξατο
1569 3355 1598 3409 δ
1620 3354 1926 3425 πλαστουρ-

2099 3344 2176 3400 Te
2204 3344 2400 3404 solam.
2432 3355 2466 3395 ο
2506 3338 2740 3407 Deipara
2791 3349 3006 3405 semper
3058 3332 3241 3406 Virgo,
3272 3351 3339 3391 ex
3387 3334 3606 3389 cunctis

361 3445 479 3513 γδς,
512 3448 605 3499 καὶ
636 3445 968 3500 ἀναπλάττει
1003 3446 1150 3517 ήμᾶς
1199 3447 1255 3498 ὲν
1288 3445 1372 3499 σοὶ
1420 3446 1668 3518 οἰκήσας,
1700 3447 1930 3503 Θεοτόκε

2032 3434 2475 3508 generationibus
2498 3429 2661 3502 elegit
2682 3426 2930 3495 Creator,
2955 3438 3009 3485 et
3034 3444 3160 3486 cum
3194 3429 3251 3482 in
3277 3437 3329 3483 te
3365 3427 3610 3481 habitas-

374 3537 748 3609 Ἀειπάρθενε.

2031 3542 2134 3594 set,
2164 3545 2262 3586 nos
2288 3526 2628 3585 reformavit.

432 3630 815 3702 Νεκρούμενον
866 3630 960 3685 καὶ
1011 3631 1187 3704 φθορᾷ
1225 3633 1539 3704 ὑπαχθέντα
1567 3633 1660 3688 τὸν
1714 3633 1931 3706 πρωτό-

2103 3623 2513 3694 Protoplastum
2570 3628 2875 3682 mortuum,
2916 3626 2970 3672 et
3000 3613 3341 3685 corruptioni
3394 3612 3610 3681 subjec-

362 3722 623 3789 πλαστον,
664 3723 909 3796 Παρθένε
940 3724 1152 3797 Μαρία,
1180 3724 1271 3778 τὸν
1311 3727 1589 3798 νεκρωτὴν
1625 3725 1719 3780 τοῦ
1768 3727 1933 3782 θανάα

2034 3724 2172 3780 tum,
2212 3714 2279 3767 ad
2332 3711 2797 3768 immortalitatem
2846 3708 3200 3773 transtulisti,
3249 3722 3282 3763 ο
3349 3706 3607 3760 inviolata

362 3836 460 3873 του
518 3821 776 3884 τεκοῦσα,
814 3820 898 3882 είς
954 3796 1269 3889 ἀφθαρσίαν
1314 3796 1645 3892 μετήγαγες,
1674 3820 1931 3891 άχραντε,

2038 3802 2205 3876 Virgo
2233 3803 2425 3869 Maria,
2457 3816 2580 3857 cum
2613 3801 2807 3856 mortis
2840 3800 3287 3868 interemptorem
3321 3796 3606 3867 peperisti;

365 3913 460 3966 καὶ
490 3910 698 3977 ἔδειξας
726 3911 851 3975 τοὺς
898 3914 1150 3982 γηγενεῖς
1210 3890 1513 3984 οὐρανίους,
1558 3913 1691 3967 Θεὸν
1747 3890 1934 3982 σωμα-

2035 3906 2092 3951 οι
2135 3895 2435 3966 terrigenas
2486 3894 2736 3950 crelestes
2780 3891 3080 3957 reddidisti,
3116 3905 3241 3945 cum
3272 3890 3441 3944 Deum
3481 3906 3604 3944 enr-

365 4002 609 4059 τὼσασα.

2079 3985 2264 4041 orasti.
3649 4006 3657 4055 ε

439 4096 739 4167 Οίκτειρον,
756 4096 930 4151 σῶσόν
957 4112 1046 4167 με,
1078 4095 1346 4167 Παρθένε,
1377 4095 1468 4149 τὸν
1500 4097 1818 4168 οίκτίρμονα
1848 4113 1937 4150 τε-

2111 4077 2368 4133 Miserere
2401 4077 2530 4140 mei,
2571 4085 2626 4131 et
2653 4075 2803 4131 salva
2836 4088 2945 4136 me,
2977 4088 3011 4126 ο
3060 4069 3245 4141 Virgo,
3279 4086 3400 4139 quae
3430 4069 3598 4126 Deum
3649 4072 3656 4115 ί

367 4187 540 4241 κοῦσα
570 4164 701 4241 Θεὸν
729 4186 921 4256 Λόγον,
955 4164 1049 4242 καὶ
1076 4164 1219 4257 φωτὶ
1254 4185 1336 4258 τῷ
1371 4189 1432 4241 ὲν
1472 4188 1556 4240 σοὶ
1588 4164 1937 4257 καταύγασον

2043 4169 2284 4227 Verbum
2334 4169 2718 4224 miseratorem
2761 4164 3054 4236 peperisti;
3088 4172 3141 4218 et
3172 4164 3311 4223 luce.
3351 4179 3472 4233 quae
3527 4175 3611 4218 est

371 4279 579 4351 βοῶντα
600 4292 615 4308 ⁸
649 4253 1052 4351 Εὐλογημένος,
1089 4253 1355 4350 πάναγνε,
1385 4280 1415 4333 ὁ
1462 4280 1670 4351 καρπὸς
1704 4253 1802 4351 τῆς
1839 4281 1938 4353 σῆς

2041 4262 2095 4317 in
2137 4272 2210 4326 te,
2242 4258 2489 4315 illumina
2529 4273 2615 4313 me
2657 4257 2986 4313 clamantem
3016 4273 3032 4311 :
3074 4253 3421 4321 Benedictus,
3457 4270 3490 4310 0
3520 4270 3612 4310 ca-

294 4422 307 4437 ‘
371 4348 601 4437 κοιλίας.
852 4348 885 4351 ἡ
1252 4348 1260 4350 Ὗ
1540 4348 1551 4351 ⁷
1759 4348 1771 4351 ἰ

1540 4348 1551 4351 ⁷
1759 4348 1771 4351 ⁷
1895 4348 1905 4353 ⁷
2042 4353 2307 4420 stissima,
2335 4351 2546 4406 fructus
2570 4349 2773 4405 ventris
2795 4348 2893 4404 tui.

458 4467 553 4547 '0;
596 4466 874 4539 ἀνωτέραν
928 4482 990 4520 σε
1037 4464 1257 4519 πάντων
1296 4464 1406 4518 τῶν
1462 4463 1805 4534 ποιημάτων,
1843 4463 1940 4518 καὶ
1975 4472 2019 4526 D

2117 4444 2193 4500 Te
2225 4455 2481 4514 tanquam
2512 4450 2779 4498 creaturis
2827 4439 3085 4495 omnibus
3120 4440 3529 4503 sublimiorem.
3559 4451 3614 4496 et

373 4542 623 4631 οὐρανῶν
689 4529 1053 4624 πλατυτέραν,
1095 4556 1533 4626 παρθενομῖῃορ,
1580 4529 1864 4627 ἧγάπησεν
1912 4557 1941 4611 ὁ

2049 4538 2208 4593 ccelis
2251 4537 2384 4607 ipsis
2438 4534 2715 4599 latiorem,
2755 4532 2950 4589 dilexit
2997 4531 3142 4587 ﬁlius
3186 4542 3334 4598 tuus,
3363 4546 3397 4586 ο
3452 4529 3617 4602 Virgo

375 4626 489 4715 υίός
529 4668 645 4715 σου,
672 4651 770 4704 καὶ
793 4651 973 4720 σάρκα
997 4651 1061 4701 ἐκ
1096 4647 1191 4700 σοῦ
1237 4647 1553 4703 άνελάϐετο.

1464 4664 1553 4703 το,
2049 4629 2241 4696 Mater,
2273 4637 2326 4683 et
2350 4644 2570 4685 carnem
2605 4626 2845 4696 suscepit
2869 4641 2936 4680 ex
2972 4634 3042 4680 te.

444 4745 632 4798 Φεῖσαί
659 4761 781 4815 μου,
812 4715 1015 4813 Σῶτερ,
1045 4743 1073 4794 ὁ
1095 4740 1307 4811 τεχθεὶς
1343 4740 1438 4792 καὶ
1466 4738 1703 4809 φυλάξας
1728 4738 1826 4809 τὴν
1855 4757 1942 4792 τε-

2122 4722 2292 4776 l’arce
2355 4720 2512 4784 mihi,
2577 4720 2847 4783 Salvator,
2886 4717 2979 4788 qui
3025 4725 3226 4781 natus,
3272 4715 3609 4772 Geuitricem

375 4838 579 4893 κοῦσάν
610 4808 674 4889 σε
718 4808 1127 4905 ἄφθορον-μετὰ
1158 4808 1259 4903 τὴν
1292 4808 1508 4900 κύησιν,
1543 4830 1669 4884 ὃταν
1715 4808 1944 4902 καθίσῃς

2054 4823 2203 4867 tuam
2243 4821 2368 4885 post
2399 4821 2614 4882 partum
2668 4811 3039 4879 incorruptam
3088 4808 3453 4872 conservasti,
3494 4824 3620 4862 cum

380 4930 569 5002 κρίναι
597 4928 666 4981 τὰ
703 4900 842 4999 ἔργα
865 4900 1003 4996 μου,
1031 4925 1128 4988 τὰς
1165 4900 1396 4994 ἀνομίας
1427 4923 1684 4993 παρορῶν
1715 4923 1809 4974 καὶ
1847 4900 1944 4984 τάς

2053 4906 2262 4962 sederis
2284 4916 2343 4961 ut
2369 4906 2581 4975 judices
2612 4919 2778 4972 opera
2814 4916 2931 4955 mea
2960 4918 2975 4956 :
3008 4900 3365 4955 dissimulans
3415 4901 3619 4969 iniqui-

376 4992 655 5093 ἁμαρτίας
690 4992 815 5091 μου,
850 4992 926 5083 ῶς
959 4992 1363 5089 ἀναμάρτητος,
1396 4992 1643 5084 ὲλεήμῶν
1680 5014 1755 5077 ὡς
1791 5013 1942 5080 Θεὸς,

2057 5010 2196 5055 tates
2229 5014 2398 5061 meas,
2424 5008 2477 5052 et
2507 5004 2729 5066 peccata
2766 5002 3178 5062 mea,tanquam
3220 4992 3620 5061 impeccabilis;

377 5082 470 5171 καὶ
499 5082 917 5185 ’φιλάνθρωποᾳ
1068 5082 1080 5089 ψ
1148 5082 1162 5089 ⁷
1234 5082 1247 5088 -
1347 5082 1353 5083 7
1505 5082 1535 5084 ῃ

2060 5093 2373 5148 misericors
2403 5099 2464 5143 ut
2492 5088 2659 5153 Deus,
2684 5096 2737 5141 et
2756 5093 2966 5140 amator
2988 5082 3269 5137 horninur"

391 5231 491 5283 Ἐκ
518 5228 625 5282 τοῦ
669 5226 931 5287 κανόνος
976 5227 1063 5288 εις
1102 5221 1209 5276 τὸν
1240 5222 1414 5276 ὅσιον
1462 5222 1799 5288 Προκόπιον
1842 5222 1950 5275 τὸν
2058 5206 2163 5276 67
2221 5202 2305 5256 Ex
2358 5215 2554 5254 εαποηε
2610 5199 2664 5251 ίη
2848 5194 3172 5288 ξξοοορίυηι
3217 5193 3575 5261 ΠεεαΡοίίίαυι
3606 5236 3621 5259 ι

764 5266 1189 5361 ἰέκνᾶπᾶᾇῗτὶιῖ
1215 5266 1403 5361 τῐιῖέιῖᾁ
1453 5266 1779 5351 ,ἱῗῖ
2066 5266 2148 5276 “”

1845 5266 1930 5275 ⁷⁷⁷
2066 5266 2148 5276 “’“
2744 5266 2939 5320 die27.

456 5412 885 5485 Σεσαρκωμένον
905 5410 996 5463 τὸν
1022 5409 1193 5476 Λόγον
1236 5381 1555 5478 θεοπρεπῶς
1584 5405 1948 5470 συλλαϐοῦσα,

2128 5386 2264 5441 Cum
2292 5382 2555 5446 Verbum,
2586 5382 2731 5452 quod
2756 5390 2913 5435 antea
2945 5396 2975 5434 a
3012 5394 3177 5434 carne
3210 5388 3325 5433 erat
3346 5378 3590 5431 immune

386 5469 650 5575 πάναγνε,
683 5469 775 5558 τδν
814 5504 945 5573 πρὶν
971 5469 1233 5569 ἄσαρτκον,
1264 5469 1395 5569 ἡμῖν
1425 5499 1565 5569 ὑπὲρ
1599 5497 1761 5566 φύσιν
1801 5499 1953 5551 τέτο-

2058 5494 2122 5533 ex
2151 5489 2201 5532 te
2235 5477 2599 5537 incarnatum,
2633 5488 2698 5527 eo
2728 5472 2891 5527 modo
2917 5485 3025 5541 quo
3049 5470 3411 5538 Deo'dignum
3441 5484 3506 5524 ac
3533 5469 3628 5523 de-

383 5561 510 5667 κας,
544 5561 745 5669 ’ἁγνὶμ
806 5561 945 5666 μὲτά
989 5561 1241 5662 γέννησιν
1285 5561 1563 5661 ’παρθένος
1608 5561 1948 5659 διαμείνασα.

2062 5589 2191 5627 cens
2248 5577 2388 5633 erat,
2433 5568 2801 5636 concepisses,
2835 5582 2867 5621 ο
2917 5564 3221 5620 castissima
3258 5562 3441 5632 Virgo,
3470 5561 3630 5617 nobis

2063 5681 2227 5733 supra
2271 5670 2478 5717 naturae
2529 5661 2777 5715 ordinem
2833 5658 3113 5730 peperisti,
3164 5672 3225 5712 ac
3261 5664 3380 5728 post
3412 5663 3645 5727 partutn'

2068 5760 2215 5825 virgo
2236 5754 2618 5824 perscverasti.

694 5860 953 5920 PLTROL.
1006 5856 1122 5916 Gn.
1167 5853 1288 5914 CV.
3082 5842 3157 5902 3i
