3996 6592
438 323 571 389 1067
1558 333 1620 392 S.
1661 331 1974 395 JOSEPHI
2014 332 2569 396 HYMNOGRAPHI
3534 338 3673 404 1068

502 437 638 508 (δι’)
671 434 890 491 Natura:
927 435 1092 505 leges,
1126 434 1286 493 Jesus
1310 438 1402 509 qui
1433 449 1516 494 est
1551 440 1691 497 Deus
1715 442 1865 497 omni
1893 441 2129 498 essentia
2156 444 2428 513 superior,
2460 444 2760 512 innovavit,
2792 460 2825 500 ο
2863 444 2931 501 ab
2956 447 3106 503 omni
3137 448 3351 504 macula
3384 448 3671 519 immunis,

431 542 497 582 ex
525 534 680 579 utero
709 531 802 579 tuo
836 534 1095 591 exortus;
1132 525 1228 595 qui
1256 526 1407 582 solus
1432 528 1596 582 rebus
1634 528 1909 585 universis
1935 531 2184 586 concedit
2216 546 2364 595 esse,
2397 532 2677 589 voluntate
2701 549 2822 590 sua.

501 612 548 668 0
571 620 723 683 porta
746 611 952 683 gratiae,
986 628 1108 682 qua:
1133 613 1457 668 mortalibus
1478 614 1744 671 caelorum
1767 624 1980 687 portam
2014 617 2307 687 aperuisti;
2327 618 2541 690 patefac
2564 620 2725 687 mihi,
2759 620 3009 683 Domina,
3034 622 3366 694 paenitentiae
3386 633 3591 694 portas,
3617 639 3673 682 et

434 719 462 756 a
493 702 664 773 portis
695 701 888 755 mortis
920 700 1087 755 libera
1125 716 1233 757 me.

501 792 585 846 Ab
611 790 834 859 antiqua
884 788 1285 844 maledictionis
1338 787 1611 842 sententia
1666 788 1929 860 redempti
1988 804 2085 861 per
2131 799 2350 861 partum
2380 801 2557 856 tuum,
2585 808 2619 848 ο
2671 792 3087 852 inviolatissima
3118 796 3324 862 Puella,
3354 812 3417 853 ac
3478 814 3582 869 per
3618 810 3670 855 te

442 877 659 942 salvati,
694 884 746 928 te
800 874 1053 928 laudibus
1090 874 1427 940 extollimus,
1468 874 1771 932 clamantes
1799 883 1853 930 et
1883 891 2008 932 cum
2048 877 2156 934 ﬁde
2184 878 2430 936 dicentes
2472 899 2486 936 :
2517 879 2806 938 Benedicta
2857 891 2938 952 tu,
2971 900 3095 955 qua:
3118 884 3287 941 Deum
3318 886 3670 942 incarnatum

453 962 720 1017 )eneriSli.

453 980 503 1015 ie
580 978 720 1017 rlSll.

439 982 459 1033 ι
504 978 755 1103 ἰξῗγὼωη
785 1047 1181 1117 Prophetarum
1209 1048 1503 1120 collegium
1563 1052 1859 1121 mysteriis"
1878 1050 1990 1109 tuis
2025 1067 2243 1111 sacrum
2288 1057 2342 1112 in
2397 1072 2609 1114 morem
2664 1058 2937 1114 initiatum
2992 1058 3115 1126 fuit,
3143 1076 3178 1115 ο
3209 1060 3461 1131 Deipara,
3500 1063 3664 1136 longe

432 1146 556 1191 ante
579 1139 857 1200 edoctum,
894 1144 949 1189 et
983 1137 1132 1190 clare
1161 1150 1442 1206 exponens
1473 1137 1643 1191 divini
1674 1146 1864 1207 partus
1896 1139 1973 1194 tui
2010 1141 2227 1201 divinas
2253 1145 2674 1215 appellationes.

498 1224 577 1278 Ad
615 1238 796 1277 vocem
827 1223 1025 1294 angeli,
1054 1225 1238 1293 magni
1274 1224 1491 1279 consilii
1524 1223 1791 1294 Angelum
1831 1225 2108 1284 Christum
2158 1231 2569 1290 Emmanuelem
2625 1236 2682 1290 in
2737 1250 2905 1291 carne
2953 1236 3241 1308 peperisti,
3279 1238 3370 1307 qui
3414 1238 3670 1294 homines

432 1312 639 1382 angelis
673 1311 951 1381 copulavit
981 1328 995 1378 ;
1030 1326 1063 1365 ο
1095 1310 1263 1382 Virgo
1291 1312 1474 1382 puella
1502 1312 1618 1367 sola
1650 1311 1960 1381 benedicta,
1995 1317 2112 1373 sola
2144 1321 2403 1379 omnibus
2434 1313 2688 1380 laudibus
2720 1323 3064 1393 celebranda,
3092 1326 3211 1381 sola
3263 1341 3429 1382 causa
3462 1336 3671 1382 nostra:

429 1400 813 1455 deiﬁcationis.

430 1518 514 1573 Ex
566 1536 766 1576 canone
795 1522 849 1576 in
889 1518 963 1596 S._
989 1519 1201 1574 Patrem
1232 1530 1469 1596 nostrum
1514 1520 1834 1578 Cassianum
1872 1539 2000 1578 con-

2116 1525 2217 1579 Ἓκ
2258 1522 2367 1579 τοῦ
2394 1526 2757 1596 κανόνος-,εις
2784 1525 2892 1579 τὸν
2910 1524 3086 1580 ὅσιον
3108 1524 3340 1596 Πατέρα
3366 1526 3538 1596 ἡμῶν
3555 1529 3660 1583 καί

936 1591 1206 1661 (esserem,
1242 1592 1326 1646 dei
1356 1592 1446 1647 29.
2338 1598 2514 1665 ὀμολι

2338 1591 3079 1667 ὁμολογητὴνίιίασιανόν,
3119 1591 3310 1666 ἡμέρᾳ
3340 1591 3449 1652 κθ.

499 1700 661 1758 Omni
699 1712 947 1760 creatura
996 1704 1198 1759 visibiii
1234 1713 1398 1775 atque
1444 1704 1702 1760 invisibili
1746 1705 1997 1776 superior

2180 1706 2315 1759 ’Υπε
2328 1706 2494 1778 ρτέρα
2525 1708 2794 1779 πέφηνας,
2824 1707 2983 1779 ἁγνὴ,
3011 1709 3195 1780 πάσης
3219 1710 3452 1782 ἀοράτου
3478 1728 3539 1764 τε
3567 1712 3670 1765 xui.

424 1797 742 1867 apparuisti,
769 1812 802 1853 ο
827 1806 973 1853 casta
1005 1812 1219 1868 semper
1240 1797 1433 1869 Virgo;
1458 1799 1657 1854 etenim
1678 1798 1991 1855 Creatorem

2099 1798 2317 1869 ὁρατῆς,
2376 1798 2748 1869 ’Λιιπάρθενε,
2790 1801 3061 1864 κτίσεωςο
3114 1800 3206 1854 τὸν
3264 1802 3373 1871 γὰρ
3420 1801 3677 1871 κτίστην

425 1887 707 1958 pt'pel'iell,
740 1888 826 1943 cui
855 1889 1117 1958 placitum
1152 1888 1259 1943 fuit
1294 1889 1574 1945 incaruari
1612 1889 1666 1944 in
1690 1898 1845 1945 utero
1875 1898 1989 1945 tuo.

2092 1890 2339 1958 τέτοκας,
2369 1891 2444 1956 ὡς
2490 1892 2758 1963 ηὐδόκησε
2820 1892 3171 1966 σαρκωθῆναι
3229 1894 3289 1948 ὲν
3322 1894 3505 1967 μήτρᾳ
3540 1912 3666 1959 σου,

424 1978 685 2035 Eumdem
735 1995 858 2035 cum
906 1982 1018 2053 68
1057 1980 1254 2037 ﬁducia
1285 1996 1347 2038 ac
1400 1982 1654 2037 libertate
1700 1981 1992 2052 deprecare

2090 1982 2150 2038 ὃν
2180 1984 2277 2038 σὺν
2295 1983 2574 2058 παρῤησίᾳ
2592 1984 2861 2057 πρέσϐευι
2888 1985 3125 2058 σωθῆναι
3150 1985 3249 2052 τὰς
3267 1986 3447 2057 ψυχὰς
3475 1985 3662 2057 ἡμῶν.

421 2086 518 2141 pro
557 2074 731 2128 salute
762 2074 1071 2128 animarum
1102 2084 1417 2130 nostrarum
3149 2112 3179 2127 κ

493 2163 657 2231 Sana,
686 2179 899 2236 precor,
938 2179 971 2221 ο
1000 2164 1317 2236 purissima,
1352 2165 1844 2222 intercessionibus
1876 2166 1987 2221 tuis

2172 2166 2501 2239 ’1άτρευσον,
2551 2170 2879 2242 πανάμωμε,
2914 2169 3014 2242 τὴν
3056 2170 3236 2242 ψυχήν
3291 2186 3414 2241 μου,
3445 2168 3662 2241 δέομαι.

419 2260 658 2315 animam
715 2276 917 2325 meam,
950 2276 1069 2331 qua:
1121 2276 1152 2316 a
1198 2260 1549 2331 passionibus
1595 2270 1759 2330 atque
1805 2258 1988 2315 omni-

2088 2256 2484 2324 ὲξασθενοῦσαν
2526 2260 2744 2329 πάθεσι,
2786 2262 2883 2316 καί⁵
2923 2261 3206 2324 παντοίαις
3252 2262 3662 2315 επαναστάσεσι

418 2353 571 2422 genis
616 2352 977 2423 pessimorum
1011 2353 1323 2410 damonum
1376 2352 1684 2408 assultibus
1719 2366 1984 2424 oppressa

1720 2366 1984 2424 oppressa
2085 2352 2195 2407 τῶν
2225 2354 2505 2410 κακίστων
2536 2355 2828 2428 δαιμόνων,
2861 2357 3163 2429 μεσιτείαις
3183 2374 3298 2412 σου.

417 2445 739 2499 languescit.

474 2462 502 2499 u
548 2459 739 2500 nescit.

484 2459 754 2603 ’ἰῇ-ωροτε
816 2544 1117 2600 carentem,
1173 2534 1279 2590 sub
1322 2542 1567 2606 tempore
1624 2535 1982 2591 constitutum

2151 2538 2258 2593 Τδν
2306 2539 2536 2610 ἄχρονον
2574 2538 2681 2593 ὑπὸ
2736 2539 2927 2612 χρόνον
2960 2540 3256 2612 γενόμενον
3301 2542 3532 2606 τέτοκας
3558 2544 3658 2614 ap-

416 2625 767 2681 ineii’abiliter
797 2625 1083 2697 peperisti,
1110 2641 1144 2681 ο
1177 2626 1705 2692 immaculatissima,
1733 2617 1829 2699 qui
1863 2628 1984 2684 luce

2083 2632 2283 2703 ρήτως,
2332 2635 2641 2705 Μνάμωμε
2669 2670 2685 2699 ,
2733 2634 2827 2688 τὸν
2874 2634 3004 2698 τοὺς
3030 2634 3212 2698 ὁσίους
3267 2634 3657 2706 λαμπρύνοντα

414 2716 696 2788 perfundit
745 2728 965 2773 sanctos
1002 2733 1152 2783 suos,
1172 2719 1266 2789 qui
1293 2719 1347 2774 in
1380 2720 1483 2774 lide
1513 2721 1717 2790 optime
1747 2735 1807 2775 se
1854 2735 1978 2790 ges-

2082 2724 2262 2777 πίστει
2288 2724 2742 2795 ἀριστεύσαντας,
2778 2724 2991 2780 καὶτὸν
3043 2726 3352 2796 ἀρχέκακον
3383 2727 3510 2797 ὅφιν
3554 2743 3654 2779 τα-

412 2818 625 2876 serunt,
660 2819 715 2865 et
764 2810 1067 2881 principem
1111 2812 1377 2866 malorum
1426 2808 1734 2882 serpentem
1796 2810 1978 2866 humi-

897 2810 1067 2881 eipem
1111 2812 1377 2866 malorum
1426 2808 1734 2882 serpentem
1796 2810 1978 2866 humi-
2081 2813 2475 2879 πεινῶσαντας.

412 2902 700 2957 liaverunt.
2017 2885 2057 2940 Β

483 3002 603 3057 Vita
635 3017 695 3058 ex
752 3011 825 3067 te,
866 3016 899 3057 ο
949 2999 1133 3072 Virgo,
1180 3015 1345 3072 supra
1400 3000 1597 3056 mentis
1653 3008 1979 3071 conceptum

2162 2997 2256 3052 Ἐκ
2304 2999 2459 3071 σοῦή
2498 2999 2611 3070 ζωὴ
2642 3000 2783 3071 ὑπὲρ
2827 3000 2972 3065 νοῦν,
3008 3000 3275 3073 Παρθένε,
3322 3000 3653 3056 ἀνατείλασα

407 3104 622 3157 exorta,
658 3092 867 3149 hostem
921 3093 1220 3157 interemit,
1264 3091 1358 3161 qui
1416 3108 1515 3148 nos
1562 3107 1753 3147 omnes
1805 3102 1981 3148 morte

2078 3088 2274 3161 ἐχθρὸν
2296 3089 2659 3159 ἐθανάτωσεν,
2688 3091 2935 3156 ἅπαντας
2955 3093 3102 3163 ἡμᾶς
3120 3091 3213 3146 τὸν
3239 3090 3650 3156 θανατώσαντα,

406 3186 693 3252 aﬂ‘ecerat;
750 3194 805 3241 et
849 3184 1113 3240 mundum
1150 3193 1201 3240 te
1260 3184 1598 3241 incessanter
1646 3184 1978 3254 laudantem,

1872 3199 1978 3254 em,
2078 3184 2175 3238 xui
2199 3182 2419 3249 ἐζώωσε
2450 3183 2656 3253 κόσμον
2676 3182 2970 3248 ἀπαύστως
2998 3183 3342 3255 ἀνυμνοῦντά
3369 3201 3450 3241 σε.

406 3279 717 3334 vivilicavit.

475 3364 759 3439 Tanquam
811 3368 1095 3439 pulchram
1132 3382 1195 3423 ac
1241 3364 1548 3438 speciosam
1580 3366 1978 3438 concupiscens

2157 3362 2248 3426 Ὠς
2290 3363 2481 3435 καλὴν,
2532 3362 2608 3426 ὡς
2632 3363 2843 3435 ὡραίαν
2894 3363 3137 3436 ποθήσας
3185 3379 3244 3418 σε
3270 3364 3299 3417 ό
3325 3365 3648 3429 καλλοποιὸς

406 3468 457 3510 te
487 3459 887 3528 pulcherrimus
918 3456 1101 3524 Jesus,
1126 3474 1160 3513 ο
1189 3458 1573 3525 mundissima,
1608 3474 1675 3513 ex
1699 3468 1750 3513 te
1778 3474 1979 3514 secun-

2087 3454 2317 3525 Ἰησοῦς,
2340 3456 2744 3528 παναμώμητε,
2772 3459 2837 3511 ἐκ
2869 3456 2964 3511 σοῦ
2989 3454 3159 3529 σαρκϊ
3179 3459 3528 3530 γεγέννηται,
3550 3459 3647 3512 καὶ

405 3549 535 3603 dum
573 3566 794 3604 carnem
820 3561 980 3605 natus
1008 3559 1114 3614 est,
1162 3558 1218 3604 et
1263 3565 1350 3604 me
1383 3559 1607 3621 propter
1644 3549 1973 3607 immensam

1383 3559 1607 3621 propter
1644 3549 1973 3607 immensam
2075 3546 2187 3600 θεοῖ
2213 3564 2281 3619 με
2310 3546 2378 3600 δι’
2415 3543 2594 3602 οἶκτον
2621 3550 2951 3621 ἀμέτρητον.

407 3638 841 3694 misericordiam
877 3655 1032 3694 suam
1063 3639 1359 3695 deilicavit.

482 3728 779 3787 Thalamus
814 3732 905 3787 Dei
933 3730 1119 3797 Verbi,
1157 3741 1211 3788 et
1234 3733 1467 3789 thronus
1506 3734 1625 3803 ejus
1654 3732 1971 3805 igniformis

2143 3730 2367 3795 Παστὰς
2394 3731 2771 3803 ὲχρημάτισας
2797 3732 2893 3787 τοῦ
2918 3732 3055 3787 Θεοῦ
3093 3734 3290 3803 Λόγου,
3316 3735 3413 3787 καὶ
3456 3734 3639 3806 θρόνος

400 3822 543 3878 facta
577 3837 657 3887 es,
687 3839 720 3878 ο
773 3834 961 3880 casta:
998 3825 1053 3879 in
1104 3840 1217 3895 quo
1261 3824 1405 3880 idem
1462 3823 1724 3893 Verbum,
1753 3835 1972 3896 propter

2071 3824 2437 3894 πυρίμορφος,
2470 3824 2530 3877 ἑν
2567 3815 2612 3891 ᾧ
2657 3822 3077 3878 ιπανεπαύσατο
3105 3824 3136 3877 ὀ
3180 3824 3353 3894 Λόγος
3404 3824 3636 3896 σαρκού-

402 3931 675 3969 summam
718 3915 1012 3970 bonitatem
1066 3931 1245 3983 suam,
1300 3917 1645 3973 incarnatum
1680 3916 1967 3987 requievit.

2071 3931 2251 3986 μενος,
2295 3914 2361 3968 δι’
2419 3914 2598 3987 ἄκραν
2647 3915 2961 3985 ἀγαθότητα
2989 3932 3005 3948 ο
3044 3917 3234 3971 τοῦτον
3276 3911 3372 3971 οὖν
3404 3915 3632 3982 latinus,

403 4007 580 4077 Ipsum
635 4021 764 4077 ergo
792 4005 1110 4076 deprecare,
1159 4016 1219 4061 ut
1268 4007 1375 4062 mei
1418 4008 1765 4074 misereatur,
1802 4016 1967 4078 atque

1698 4023 1765 4074 tr,
1802 4016 1967 4078 atque
2068 4006 2697 4079 ἁγνὴ,κατοικτειρῆσαι
2735 4008 2831 4062 καὶ
2849 4008 3071 4080 ἐλεῆσαι
3109 4010 3276 4081 ἡμᾶς.

398 4113 527 4167 erga
561 4113 647 4152 me
684 4098 1393 4168 ostendatcompassionem
1428 4114 1607 4153 suam.

469 4188 723 4244 Miseram
758 4189 996 4245 animam
1030 4204 1208 4244 meam
1234 4191 1425 4247 multis
1454 4190 1621 4248 Belial
1657 4193 1965 4263 aggressio—
1992 4229 2038 4290 ο

2150 4189 2617 4263 Ἐξασθενήσασαν
2648 4189 2872 4256 πολλαῖς
2914 4190 3016 4263 τὴν
3060 4190 3257 4246 ἀθλίαν
3294 4208 3398 4262 μου
3436 4191 3627 4263 ψυχὴν,

396 4280 561 4335 nibus
586 4289 748 4352 atque
778 4281 975 4337 ictibus
1006 4282 1355 4349 inﬁrmatam,
1382 4285 1636 4354 precibus
1672 4286 1777 4340 tuis
1800 4286 1964 4341 robo-

2068 4281 2398 4354 Θεοκυῆτορ,
2427 4282 2753 4354 προσϐολαῖς
2792 4283 2888 4337 τοῦ
2930 4283 3146 4355 Βελίαρ,
3175 4286 3297 4347 ταῖς
3340 4285 3628 4355 ρωστικαῖς

395 4373 685 4427 ratricibus
742 4389 873 4429 sana
927 4383 1091 4443 atque
1136 4375 1464 4429 incolumem
1520 4374 1693 4441 eﬂice,
1734 4390 1766 4431 ο
1801 4375 1964 4447 Virgo

2067 4392 2165 4428 σου
2192 4377 2386 4440 λιταῖς,
2417 4377 2684 4447 Παρθένε,
2717 4377 2845 4448 ὑγιῆ
2872 4377 3211 4448 ἀπέργασαι,
3238 4377 3325 4431 ἵνα
3352 4393 3413 4429 σε
3427 4375 3630 4441 δοξάζω

396 4462 489 4517 Dei
522 4465 780 4534 genitrix,
820 4474 878 4518 ut
907 4477 954 4518 te
980 4465 1033 4519 in
1058 4468 1241 4520 omnia
1265 4467 1461 4521 saeuis
1483 4467 1799 4539 gloriﬁeem.

1213 4483 1241 4520 a
1265 4467 1461 4521 saecula
1483 4467 1799 4539 gloriﬁcem.
2062 4470 2141 4532 είς
2167 4469 2375 4530 πάντας
2404 4470 2531 4533 τοὺς
2563 4469 2786 4532 «tam.

462 4553 720 4608 Naturam
770 4556 927 4624 primi
1001 4557 1242 4627 parentis
1292 4568 1609 4629 corruptam
1663 4560 1957 4627 renovasti,

2132 4562 2436 4633 Φθαρεῖσαν
2484 4564 2764 4625 ἐκαίνισας
2794 4561 2895 4633 τὴν
2938 4561 3101 4631 φύσιν
3127 4560 3222 4615 τοῦ
3259 4562 3621 4633 προπάτορος.

387 4645 551 4699 enixa
604 4660 767 4714 supra
820 4653 1030 4700 natura:
1087 4648 1338 4704 ordinem
1373 4690 1388 4714 ,
1428 4651 1695 4705 universa:
1747 4662 1957 4707 naturae

2062 4654 2201 4725 ὑπὲρ
2238 4653 2401 4723 φύσιν
2424 4654 2660 4708 τεκοῦσα
2682 4656 2777 4708 καὶ
2800 4653 3210 4726 παρθενεύουσα
3242 4653 3459 4722 φύσεως
3487 4654 3621 4706 ἁπά-

389 4736 753 4802 conditorem,
801 4746 854 4791 et
894 4737 1048 4807 virgo
1101 4752 1479 4808 perseverans,
1520 4756 1683 4811 quem
1716 4742 1843 4796 olim
1899 4743 1955 4797 in

2062 4761 2163 4816 σης
2216 4745 2309 4800 τὸν
2342 4746 2608 4818 πλάστην,
2640 4745 2700 4799 ὃν
2727 4748 2785 4800 ὲν
2815 4745 3035 4816 σταυρῷ
3067 4745 3424 4815 κρεμάμενον
3456 4745 3612 4797 πάλαι

385 4843 548 4882 cruce
598 4828 919 4898 pendentem
964 4830 1184 4899 intuita,
1213 4830 1675 4900 lamentabaris,o
1721 4834 1956 4889 sanctis-

1832 4834 1956 4889 clis-
2058 4836 2328 4906 ἠλάλαζες
2356 4837 2651 4909 βλέπουσα,
2691 4838 2935 4906 παναγία
2957 4834 3410 4909 Μητῳπάρθενε.

388 4922 523 4977 sima
562 4919 726 4992 Virgo
759 4920 952 4977 Mater.

859 5036 1112 5093 MENSIS
1136 5036 1467 5095 MARTIUS.
1784 5104 1796 5110 -

1784 5104 1796 5110 _
2576 5042 2732 5096 ΜΒΝ
2770 5042 3090 5097 ΜΑΡΤΙΟΣ.

377 5150 489 5235 69
525 5154 609 5205 Ea:
660 5169 857 5207 canone
895 5154 949 5206 in
974 5152 1033 5207 S.
1062 5153 1384 5225 Hesychium
1430 5162 1740 5225 martyrem,
1768 5155 1853 5208 die
1886 5156 1944 5212 2.

2064 5136 2164 5191 Ἐκ
2187 5133 2296 5189 τοῦ
2318 5135 2575 5201 κανόνος
2592 5135 2805 5274 εἰς
2822 5134 2991 5270 argn-
3013 5134 3281 5205 μάρτυρα
3308 5134 3459 5188 Ἦσύ
3464 5149 3608 5203 χιον,

2787 5224 2869 5274 pa
2950 5212 2983 5261 '-

424 5314 577 5395 .Post
611 5327 826 5386 partum
864 5318 1017 5387 virgo
1058 5318 1401 5388 permansisti
1432 5333 1577 5383 vere,
1613 5317 1791 5387 qualis
1822 5333 1948 5373 eras

2120 5321 2393 5393 Παρθένος
2411 5322 2688 5397 διέμειχας
2712 5323 2851 5393 μετά
2873 5322 3053 5390 τόκον,
3095 5322 3170 5385 ὡς
3203 5320 3309 5392 πρὸ
3331 5320 3427 5374 τοῦ
3457 5320 3605 5373 τόκου

374 5417 500 5463 ante
533 5418 749 5479 partum
783 5428 796 5464 :
830 5411 1033 5481 quippe
1079 5410 1335 5481 peperisti
1398 5410 1736 5473 Creatorem,
1783 5424 1942 5479 quem

2048 5412 2286 5481 ἀληθῶς,
2335 5414 2429 5467 τὸν
2484 5414 2725 5484 κτίστην
2764 5412 3022 5479 τεκοῦσα,
3052 5412 3111 5465 ὃν
3165 5414 3411 5483 dicunt,
3442 5410 3606 5463 πανά-

373 5504 686 5571 deprecare,
717 5520 750 5559 ο
803 5502 1338 5568 immaculatissima,
1378 5518 1474 5575 pro
1520 5502 1696 5560 salute
1741 5502 1943 5557 collau-

1520 5502 1696 5560 salute
1741 5502 1943 5557 collau—
2054 5521 2236 5575 μωμε,
2270 5505 2511 5576 σωθῆναι
2534 5506 2658 5569 τοὺς
2680 5501 2981 5566 ὑμνοῦντας
3011 5520 3092 5558 σε.

372 5596 616 5650 dantium
635 5606 707 5651 te.

441 5751 574 5822 (54⁸)
603 5751 903 5821 Sequentes
940 5751 1175 5822 stropha:
1207 5752 1261 5807 in
1289 5752 1507 5822 vulgato
1551 5761 1697 5807 textu
1726 5750 2054 5807 Menasorum
2087 5750 2490 5807 desiderantur.
