3996 6596
378 431 397 495 1
410 432 513 495 069

1801 426 2161 487 MARIALE.

3464 418 3596 483 1070

449 545 617 614 Ἐστη
642 543 706 613 μέ
714 560 801 615 χρι
822 542 915 597 σοῦ
938 545 965 596 ὁ
994 544 1247 608 θάνατος’
1274 542 1371 615 τῆς
1392 540 1691 603 ἀθανασίας
1709 541 1818 611 γὰρ
1833 541 1932 609 τὴν
1965 558 1977 603 λ

2108 540 2350 595 Perstitit
2398 554 2546 595 mors
2596 553 2769 608 usque
2815 538 2881 593 ad
2943 546 3015 601 te,
3048 551 3082 590 ο
3134 534 3507 601 sanctissima;
3538 545 3593 590 tu

378 635 561 705 πηγὴν
588 636 927 705 ἀπεκύησας,
944 635 1201 704 παναγία,
1227 634 1465 706 Χριστὸν
1486 635 1575 687 τὸν
1597 631 1755 703 μόνον
1771 630 1939 701 intep-

376 727 577 795 ἀγαθον
604 726 735 779 Θεὸν
752 727 927 797 ἡμῶν.

450 819 552 872 Τὸν
607 819 883 889 ἀκήρατον
916 819 1108 890 βότρυν
1150 818 1517 889 βλαστήσασα,
1547 816 1703 888 κόρη.
1738 814 1938 868 ἀθανα-

378 910 499 973 σίας
536 910 766 979 γλεῦκος
797 912 1173 976 ἀποστάζοντα
1213 913 1397 980 πᾶσιν,
1433 908 1642 980 ὤφθης,
1680 905 1939 977 παναμώ-

379 1017 521 1071 μητε
547 1002 640 1056 καὶ
681 1003 865 1073 μήτηρ
896 1002 1203 1072 ἀλόχευτος.

446 1278 518 1330 Σῦ
551 1276 686 1346 μόνη
708 1273 802 1327 ἐπὶ
827 1273 931 1342 γῆς
956 1272 1047 1326 τὸν
1090 1271 1339 1342 ούράνιον
1379 1271 1625 1333 τέτοκας,
1669 1270 1934 1341 πανάμω-

2040 633 2185 688 enim
2245 632 2668 686 immortalitatis
2728 631 2930 685 fontem
3003 628 3260 700 peperisti
3316 626 3595 683 Christum

2041 724 2259 779 unicum
2299 724 2562 794 optimum
2600 722 2767 777 Deum
2801 730 3069 777 nostrum.

2110 816 2580 887 lncorruptibilem
2623 815 2865 881 botrum,
2912 827 2975 869 ex
3025 827 3134 883 quo
3176 810 3600 868 immortalitatis

2040 920 2279 963 mustum
2350 908 2519 963 eﬂluit
2573 907 2841 963 universis
2879 946 2894 970 ,
2947 904 3289 975 germinasti,
3341 919 3374 959 o
3421 904 3600 976 puella

2039 1002 2300 1056 immunis
2355 1000 2424 1055 ab
2478 1000 2626 1055 omni
2683 999 2825 1065 labe,
2871 1007 2931 1053 et
2987 996 3129 1051 facta
3169 1012 3228 1051 es
3267 1004 3438 1050 mater
3483 996 3601 1051 sine

2047 1102 2417 1146 materuarum
2457 1090 2773 1162 passionum
2808 1097 2861 1144 et
2893 1089 3012 1145 sine
3038 1088 3405 1158 corruptionis
3443 1101 3603 1157 expe-

2036 1186 2289 1238 rimento.

2107 1273 2187 1328 Tu
2238 1274 2354 1329 sola
2405 1273 2680 1328 ccelestem
2718 1273 2882 1327 Deum
2918 1270 3154 1325 Verbum
3206 1269 3262 1325 in
3312 1278 3453 1324 terra
3514 1283 3603 1338 pe-

380 1386 469 1440 με,
495 1368 626 1422 Θεὸν
660 1367 850 1434 Λόγον,
883 1366 941 1419 ὃν
970 1366 1129 1436 ὑμνεῖ
1155 1366 1303 1419 πᾶσα
1343 1363 1540 1428 κτίσις,
1598 1363 1673 1427 ὡς
1703 1364 1937 1435 Ποιητὴν

2040 1367 2245 1438 peristi,
2278 1383 2310 1422 o
2368 1366 2764 1431 mundissima;
2821 1380 2984 1435 quem
3039 1365 3296 1418 universa
3346 1370 3602 1417 creatura

377 1463 472 1515 καὶ
500 1460 723 1530 Κύριον.

448 1554 690 1624 Οίκήσας
722 1570 814 1607 σου
838 1554 935 1623 τὴν
963 1553 1124 1622 ἁγίαν
1141 1552 1347 1607 κοιλίαν
1370 1552 1399 1604 ό
1431 1550 1655 1621 Κύριος,
1687 1548 1935 1613 Θεοτόκε,

373 1650 471 1720 τῆς
497 1648 725 1719 Τριάδος
756 1648 965 1718 τερπνᾶ
996 1648 1320 1716 καταγώγια
1357 1646 1565 1700 ἐκτελεῖ
1591 1646 1718 1710 τοὺς
1759 1644 1939 1698 πίστει

375 1740 634 1808 ἀληθείας
662 1754 721 1791 σε
762 1737 857 1791 νῦν
900 1738 1326 1810 μακαρίζοντας.

448 1829 907 1901 Νενεκρωμένους
942 1831 1088 1901 ἡμᾶς
1132 1832 1196 1901 τῇ
1251 1828 1497 1900 ἁμαρτίᾳ
1537 1827 1769 1891 πάντας,
1794 1825 1939 1894 ζωὴν

2038 1470 2295 1530 tanquam
2329 1458 2641 1515 Creatorem
2674 1457 3075 1526 Dominamque
3104 1454 3396 1510 collaudat.

2112 1549 2396 1613 Dominus,
2435 1549 2526 1617 qui
2568 1548 2623 1601 in
2665 1555 2857 1601 sancto
2884 1555 3040 1600 utero
3069 1555 3161 1599 tuo
3194 1542 3533 1607 inhabitavit,
3570 1557 3604 1595 o

2039 1642 2265 1712 Deipara
2287 1681 2302 1705 ,
2342 1640 2582 1711 jucunda
2607 1639 2890 1694 Trinitatis
2917 1639 3152 1709 hospitia
3175 1637 3336 1692 efﬁcit
3368 1650 3483 1700 eos,
3510 1634 3602 1705 qui

2040 1748 2183 1788 nunc
2211 1743 2262 1788 te
2290 1747 2412 1787 cum
2438 1748 2565 1787 vera
2607 1731 2707 1786 ﬁde
2735 1730 3067 1788 beatilicant.

2109 1822 2218 1877 Nos
2246 1837 2434 1877 omnes
2470 1831 2694 1891 peccato
2724 1830 3057 1891 peremptos,
3098 1830 3154 1875 tu
3198 1821 3370 1873 vitam
3418 1818 3602 1884 enixa,

373 1921 631 1985 τεκοῦσα,
662 1919 1006 1984 ἀνεζὼωσαςο
1038 1919 1117 1973 διό
1170 1937 1252 1973 σοι
1275 1916 1681 1990 κραυγάξομεν,
1709 1914 1935 1985 θεοκυῆο
1968 1907 1977 1962 1

2040 1912 2354 1977 viviﬁcasti;
2381 1922 2664 1983 propterea
2691 1913 2755 1966 ad
2794 1919 2847 1967 te
2873 1913 3196 1977 clamamus,
3245 1924 3278 1964 ο
3318 1909 3408 1964 Dei
3445 1910 3599 1980 geni-

375 2030 474 2082 τορ
498 2013 654 2084 κόρη,
689 2012 778 2066 ἀεὶ
814 2010 1201 2083 δεδοξασμένη.

462 2105 519 2159 ’0
556 2104 844 2174 ἱερώτατός
881 2121 939 2157 σε
964 2103 1121 2157 καλεῖ
1149 2102 1435 2175 προφήτης
1474 2100 1651 2171 πύλην
1703 2097 1940 2153 ἀδιόδευ·

374 2214 489 2260 τον,
519 2197 779 2268 ἄχραντε,
812 2198 841 2250 ό
868 2195 1110 2268 Κτίστης
1148 2196 1217 2249 δι’
1267 2191 1336 2267 ἦς
1377 2194 1613 2264 διῆλθεν,
1646 2192 1720 2255 ὡς
1777 2189 1937 2261 μόνος

374 2286 681 2352 ἐπίσταται,
706 2285 867 2340 πάλιν
895 2284 1286 2356 κεκλεισμένην
1320 2283 1515 2351 λιπὼν,
1555 2283 1631 2346 ὡς
1682 2280 1788 2353 πρὸ
1826 2279 1923 2334 τοῦ

372 2377 555 2433 τόκου.

444 2466 561 2529 Φῶς
614 2466 746 2536 ἡμῖν
796 2465 1065 2519 ἀνέτειλεν
1116 2466 1181 2519 ὲκ
1233 2464 1348 2531 σοῦ,
1386 2464 1716 2534 πανάμωμε,
1753 2462 1782 2515 ό
1828 2463 1936 2517 τῶν

374 2558 513 2610 ὅλων
546 2558 705 2629 μόνος
740 2558 962 2630 Κύριος,
995 2558 1090 2613 καὶ
1135 2558 1553 2629 κατελάμπρυνε
1592 2557 1692 2621 τὰς
1720 2557 1936 2613 πάντων

375 2648 598 2719 καρδίας
641 2650 848 2713 θεῖκαϊς
892 2648 1244 2718 ὲπιγνὼσεσι,
1280 2651 1374 2702 καὶ
1420 2649 1609 2712 σκότος
1663 2648 1937 2716 ἀγνωσίας

374 2743 640 2813 ἐμείωσεν
671 2758 686 2775 °
729 2743 850 2797 ὃθεν
874 2760 933 2797 σε
961 2743 1165 2807 πάντες
1195 2740 1594 2813 μακαρίζομεν.

2041 2007 2168 2072 trix,
2199 2005 2373 2075 puella
2409 2019 2622 2075 semper
2654 2005 2915 2072 gloriosa.

2113 2097 2534 2153 δοοταιὶεδὶιηιιε
2577 2098 2845 2167 propheta
2893 2103 3107 2167 portam
3139 2105 3191 2152 te
3230 2104 3409 2163 vocat,
3457 2109 3493 2150 ο
3524 2094 3608 2148 ἰη-

2040 2184 2262 2246 violata,
2325 2198 2420 2253 per
2480 2198 2645 2253 quam
2698 2183 2835 2238 nulli
2899 2193 3048 2253 patet
3085 2185 3287 2251 aditus,
3340 2192 3396 2239 et
3454 2183 3606 2240 solus

2040 2275 2261 2331 Creator
2294 2276 2566 2344 transivit,
2602 2276 2745 2332 sicut
2773 2279 2889 2347 ipse
2922 2278 3071 2332 solus
3090 2277 3260 2342 n0vit,
3292 2277 3605 2346 relinquens

2039 2384 2158 2424 eam
2219 2369 2461 2425 clausam
2521 2368 2983 2440 quemadmodum
3020 2382 3135 2426 erat
3185 2382 3314 2429 ante
3362 2383 3599 2444 partum.

2110 2460 2229 2515 Lux
2278 2462 2438 2516 nobis
2473 2476 2538 2516 ex
2589 2472 2640 2517 te
2687 2472 2806 2517 orta
2860 2473 3026 2527 est,o
3072 2466 3384 2534 purissima,
3411 2470 3606 2526 unicus

2042 2553 2285 2608 omnium
2343 2552 2625 2620 Dominus,
2660 2553 2753 2623 qui
2792 2554 2993 2611 divinis
3035 2558 3442 2627 cognitionibus
3494 2576 3607 2617 om-

2043 2644 2191 2698 nium
2240 2643 2405 2699 corda
2436 2643 2693 2711 illustrat,
2723 2646 2831 2717 7o
2872 2654 2925 2701 et
2979 2646 3297 2717 ignorantiae
3354 2652 3606 2709 tenebras

2044 2734 2337 2789 imminuit.
2378 2735 2536 2793 Unde
2589 2745 2640 2791 te
2698 2753 2891 2794 omnes
2942 2739 3153 2795 beatam
3203 2757 3603 2813 nuncupamus.

1212 2852 1298 2907 Ea:
1336 2870 1533 2909 canone
1554 2855 1608 2908 in
1634 2852 1693 2908 S.
1721 2852 2041 2907 Theodotum
2064 2859 2370 2919 martyrem,
2399 2851 2483 2904 die
2504 2854 2539 2904 2
2562 2850 2744 2920 (54“).

447 2942 695 3003 Humana
726 2956 917 3001 natura
944 2947 1072 3002 olim
1104 2962 1199 3018 per
1232 2947 1416 3002 dolum
1458 2961 1616 3002 serva
1664 2947 1803 3001 facta
1848 2952 1933 3000 est

374 3036 734 3092 seductiouis.
774 3036 911 3093 Cum
969 3045 1151 3093 autem
1196 3048 1276 3103 tu,
1315 3037 1595 3101 inviolata,
1651 3035 1933 3091 Christum

374 3128 655 3196 peperisti,
702 3128 1005 3183 libertatem
1059 3130 1284 3199 adepta,
1347 3127 1560 3197 magnis
1611 3126 1835 3181 vocibus
1882 3134 1935 3179 te

374 3231 526 3288 grata
549 3230 858 3275 veneratur.

445 3309 659 3365 Medere
713 3311 879 3366 tuenti
921 3325 1072 3375 meae,
1103 3325 1136 3364 o
1165 3309 1496 3373 castissima,
1529 3322 1652 3378 qua:
1706 3306 1929 3377 pessimi

378 3401 641 3458 Draconis
662 3402 860 3457 ictibus
916 3418 1172 3473 percussa
1220 3401 1561 3472 languescit,
1612 3407 1668 3455 et
1698 3396 1935 3469 peccatis

374 3495 591 3563 captiva
618 3493 871 3549 deservit.

445 3583 867 3640 Lucidissimum
899 3584 1112 3640 Domini
1162 3583 1452 3649 Palatium,
1489 3584 1719 3640 Domina
1770 3602 1933 3643 sanc-

375 3676 607 3743 tissima,
629 3676 783 3732 edice
835 3692 935 3731 nos
968 3677 1165 3732 demus
1197 3675 1431 3746 Spiritus
1471 3677 1667 3743 sancti,
1693 3678 1823 3733 dum
1881 3679 1933 3734 in

374 3767 539 3823 domo
570 3775 761 3823 sancta
792 3777 885 3822 tua
913 3766 1128 3821 laudem
1160 3764 1392 3820 Domino
1419 3766 1721 3823 oﬁerimus.

444 3860 615 3916 Deum
662 3860 937 3916 hominem
993 3857 1195 3913 factum
1236 3856 1551 3925 concepisti,
1586 3872 1618 3911 ο
1665 3856 1931 3924 Domina;

373 3965 658 4023 propterea
688 3952 1059 4022 generationes
1082 3947 1494 4020 generationum
1516 3958 1567 4003 te
1596 3949 1933 4005 incessanter

376 4047 586 4099 beatam
622 4045 832 4099 dicunt.

441 4135 694 4191 Christus
722 4134 861 4191 Deus
896 4144 1099 4197 noster,
1133 4134 1226 4203 qui
1259 4134 1311 4187 in
1343 4141 1497 4187 utero
1519 4139 1613 4187 tuo
1645 4130 1930 4193 habitavit,

374 4227 802 4290 oimmaculata,
857 4234 1138 4296 peccatum
1196 4226 1247 4278 in
1297 4224 1613 4278 hominibus
1680 4221 1931 4276 habitans

386 4340 489 4393 Ἐκ
520 4339 625 4392 τοῦ
657 4339 918 4403 κανόνος
943 4340 1030 4403 είς
1070 4338 1215 4403 τοὺς
1237 4336 1442 4405 ἁγίους
1464 4335 1766 4404 μάρτυρας
1798 4335 1931 4389 Θεό-

396 4436 397 4439 η
480 4408 693 4476 δωρον,
723 4408 1202 4471 Κωνσταντῖνον,
1234 4424 1290 4461 κ.
1330 4422 1381 4458 τ.
1413 4410 1499 4469 λη
1529 4405 1720 4474 ἡμέρῃ
1749 4410 1825 4467 ς’.

458 4523 760 4595 ’Υπεραγία
793 4521 1053 4592 Παρθένε,
1084 4523 1192 4575 τῶν
1215 4521 1460 4591 ἀθλητῶν
1491 4522 1635 4575 θεῖον
1655 4522 1931 4589 ἐγκαλλώ-

2044 2943 2271 3012 ειιιιιιίι,
2309 2950 2363 2998 et
2409 2942 2481 2998 ob
2509 2958 2671 2999 suum
2708 2946 2775 3009 in
2804 2946 3053 3007 homines
3086 2963 3351 3017 amorem,
3381 2953 3600 3008 eosdem

2042 3036 2236 3091 domos
2268 3051 2397 3091 suas
2427 3036 2627 3092 eﬂ‘eeit.

2112 3126 2230 3182 Una
2258 3142 2381 3182 cum
2426 3128 2677 3197 supernis
2727 3130 2934 3193 choris,
2976 3146 3164 3186 omnes
3211 3132 3279 3188 ad
3320 3143 3370 3190 te
3398 3136 3604 3191 clama-

2044 3232 2196 3283 mus;
2241 3216 2373 3282 Ave,
2423 3217 2590 3271 Mater
2642 3217 2775 3283 Dei;
2816 3220 3015 3274 caelum
3076 3220 3399 3288 animatum,
3454 3226 3603 3293 pala-

2042 3312 2176 3364 tium
2222 3310 2699 3381 gloriosissimum,
2748 3321 2801 3366 et
2847 3312 3081 3367 thronus
3137 3314 3346 3385 igneus,
3382 3316 3435 3371 in
3491 3330 3603 3385 quo

2039 3401 2289 3458 Christus
2318 3402 2615 3458 secundum
2650 3417 2871 3457 carnem
2897 3405 3186 3473 requievit.

2110 3494 2193 3549 Ab
2263 3494 2412 3547 omni
2470 3494 2886 3562 inquinamento
2975 3495 3270 3550 humanam
3352 3506 3603 3554 naturam

2039 3586 2387 3651 emundasti,
2436 3600 2469 3641 ο
2520 3586 2774 3641 inviolata
2808 3626 2825 3653 ,
2899 3588 3340 3657 supercmlestem
3433 3590 3602 3646 tilium

2040 3681 2202 3736 enixa
2235 3678 2512 3733 hominem
2560 3676 2786 3743 factum,
2819 3686 3029 3749 nosque
3058 3679 3351 3745 renovasti,
3392 3682 3486 3750 qui
3508 3698 3602 3736 ve-

2042 3781 2241 3829 tustate
2259 3770 2491 3826 confecti
2511 3786 2728 3825 eramus
2755 3781 2832 3825 :et
2855 3786 3000 3825 nunc
3017 3772 3339 3839 clamamus,
3361 3787 3395 3827 ο
3418 3784 3600 3830 casta;

2042 3864 2302 3926 Laudatc,
2330 3864 2511 3918 omnia
2545 3878 2732 3932 opera,
2776 3861 3097 3916 Dominum.

2112 3952 2333 4016 Lucem,
2366 3968 2488 4021 qua:
2516 3968 2545 4005 a
2594 3953 2754 4006 Patre
2802 3963 2926 4005 ante
2977 3950 3263 4005 luciferum
3295 3958 3606 4008 coruscavit

2043 4042 2414 4107 ineﬂ'abiliter,
2436 4042 2694 4112 peperisti
2726 4043 2903 4106 nobis,
2930 4056 2964 4096 o
2992 4041 3175 4112 Virgo,
3200 4052 3253 4097 et
3286 4043 3607 4113 ignorantiae

2043 4136 2292 4189 tenebras
2311 4134 2606 4204 dissipans,
2635 4150 2743 4201 eos,
2774 4134 2866 4204 qui
2897 4135 2951 4189 in
2982 4135 3186 4204 peccati
3219 4137 3407 4193 umbra
3435 4138 3595 4193 sede-

2041 4230 2191 4293 bant,
2224 4227 2541 4283 illuminasti
2565 4238 2727 4297 atque
2748 4226 3095 4282 exliilarasti.

2040 4342 2141 4411 71
2166 4340 2247 4395 Ea;
2279 4357 2476 4395 canone
2497 4344 2549 4395 in
2569 4341 2670 4397 SS.
2692 4341 3039 4404 Theodorum,
3060 4339 3485 4407 Constantinum,
3500 4355 3599 4399 etc.

2593 4424 2875 4481 martyres,
2910 4413 2994 4465 die
3024 4411 3079 4466 6.

2108 4520 2154 4577 Ο
2183 4522 2525 4578 sanctissima
2565 4521 2746 4593 Virgo,
2773 4522 3014 4575 divinum
3055 4522 3384 4576 athletarum
3412 4522 3599 4589 decus,

374 4632 576 4684 πισμα,
594 4616 627 4683 ἡ
646 4616 894 4687 κυήσασα
912 4615 1144 4685 Χριστὸν
1167 4614 1258 4667 τὸν
1274 4615 1493 4685 ὡραῖον,
1512 4616 1761 4669 κάλλεσιν
1779 4618 1940 4669 αὑτὸν
1971 4629 1977 4681 l

2044 4630 2165 4685 quae
2214 4615 2492 4670 Christum
2545 4615 2804 4670 decorum
2841 4615 3244 4684 pulchritudine
3305 4615 3600 4684 peperisti,

376 4705 677 4761 καλλιῶσαι
697 4707 796 4778 τὴν
821 4706 959 4777 ἐμὴν
982 4707 1158 4776 ψυχὴν
1201 4707 1431 4760 ἱκέτευε.

453 4799 652 4867 Ἀγίων
678 4800 847 4869 δῆμος
882 4800 1120 4853 ὲναθλῶν
1148 4801 1565 4869 τεσσαράκοντα
1591 4800 1683 4852 δύο
1716 4817 1773 4853 σε
1796 4800 1931 4853 Θεοῦ

372 4888 466 4942 τοῦ
493 4890 715 4959 ὑψίστου
746 4891 966 4962 Μητέρα
1006 4891 1294 4960 παναληθῆ
1330 4893 1629 4961 ἐκήρυττεν
1651 4891 1930 4962 ἐμφανῶς,

370 4982 711 5053 δυναμοῦσαν
739 4983 960 5046 τούτους
994 4984 1295 5053 μεσιτείαις
1325 5000 1440 5037 σου.

452 5162 649 5234 Ἀγνὴν
679 5164 888 5234 μητέρα
920 5180 977 5216 σε
1000 5165 1047 5216 οἱ
1079 5162 1213 5215 θεῖοι
1244 5162 1518 5234 μάρτυρες
1556 5164 1927 5235 ἐπιστάμενοι,

371 5256 533 5326 κόρη,
553 5257 644 5310 καὶ
661 5257 758 5327 τὴν
779 5258 837 5309 ὲν
855 5257 940 5309 σοὶ
958 5254 1117 5320 δόξαν
1137 5254 1493 5325 κλεῖξόμενοι,
1512 5256 1611 5320 τὰς
1632 5257 1930 5323 ἀθανάτους

368 5344 582 5415 δωρεὰς
610 5347 670 5397 ὲν
708 5345 949 5413 ὑψίστοις
975 5343 1381 5413 ἐκληρώσαντο.

444 5437 578 5500 Νοός
610 5454 710 5506 μου
747 5437 944 5503 ἴθυνον,
975 5435 1230 5499 δυσωπῶ,
1259 5436 1516 5507 ἄχραντε,
1542 5438 1781 5509 κινήσεις
1805 5438 1937 5507 πρὸς

372 5528 505 5581 Θεὸν
549 5528 665 5581 ὁδὸν
700 5527 845 5598 ζωῆς
888 5526 1315 5599 χρηματίζοντα,
1352 5529 1447 5581 καὶ
1486 5529 1592 5581 τῶν
1628 5529 1939 5597 ἀθλοφόρων

372 5620 790 5689 ἑξωμαλίσαντα
823 5619 921 5683 τὰς
973 5619 1192 5690 τρίϐους
1242 5620 1341 5682 τὰς
1391 5617 1659 5690 φερούσας
1694 5620 1827 5690 πρὸς
1872 5620 1940 5673 τὰ

372 5712 621 5781 οὐράνια.

446 5833 809 5909 (54⁸⁸)ϐτεοα
833 5834 1031 5891 desunt
1054 5832 1109 5888 in
1139 5831 1357 5889 Menaeis
1393 5830 1697 5903 impressis.

2036 4707 2290 4761 eumdem
2326 4721 2493 4761 exora
2528 4714 2587 4760 ut
2612 4707 2829 4761 decoret
2857 4705 3097 4759 animam
3120 4719 3317 4759 meam.

2111 4799 2481 4868 Quadraginta
2504 4798 2736 4853 duorum
2770 4807 3067 4867 martyrum
3099 4806 3413 4853 sanctorum
3443 4800 3599 4854 turba

2038 4890 2345 4953 decertans,
2405 4897 2458 4944 te
2518 4889 2609 4944 Dei
2673 4890 2925 4946 altissimi
2986 4890 3208 4944 Matrem
3260 4890 3598 4945 verissimam
3676 4940 3685 4951 ,

2041 4977 2326 5033 manifeste
2364 4980 2712 5049 praedicabat,
2753 4996 2874 5051 qua:
2906 4980 3128 5035 eosdem
3158 4980 3598 5049 .iutercessioni-

2040 5069 2142 5124 bus
2177 5070 2286 5125 tuis
2316 5070 2368 5125 in
2398 5074 2697 5128 certamine
2751 5073 3071 5126 ruborabas.

2107 5159 2323 5215 Castam
2357 5172 2583 5217 matrem
2619 5163 2851 5217 scientes
2881 5170 2931 5217 te
2956 5177 3075 5217 esse
3111 5162 3277 5217 divini
3312 5172 3598 5235 martyres,

2036 5270 2068 5307 ο
2093 5255 2287 5324 puella,
2316 5264 2573 5327 tuamque
2602 5257 2828 5327 gloriam
2868 5256 3224 5323 celebrantes,
3270 5255 3599 5313 immortalia

2035 5347 2175 5401 dona
2200 5348 2251 5401 in
2282 5351 2510 5403 excelsis
2539 5349 3013 5404 haereditaverunt.

2106 5438 2302 5495 Mentis
2346 5457 2477 5496 mea:
2510 5452 2690 5497 motus
2716 5443 2910 5514 dirige,
2940 5450 2992 5499 te
3014 5458 3227 5514 precor,
3257 5458 3290 5497 o
3320 5442 3599 5503 inviolata,

2037 5530 2103 5581 ad
2127 5527 2315 5594 Deum,
2346 5532 2436 5603 qui
2473 5542 2556 5586 est
2580 5535 2663 5587 via
2689 5535 2831 5601 vitae,
2856 5544 2910 5590 et
2940 5547 3234 5606 martyrum
3255 5534 3601 5604 triumphalia

2040 5621 2174 5677 tium
2207 5624 2431 5681 semitas
2462 5625 2529 5681 ad
2556 5625 2797 5684 (celestia
2822 5628 3178 5699 perducentes
3215 5626 3599 5698 complanavit.
