3996 6604
381 394 510 460 1071

1500 401 1559 460 S.
1599 398 1913 460 JOSEPIII
1954 398 2510 461 IIYMNOGRAPHI

3463 399 3591 467 1072

446 512 674 580 Deipara
728 508 904 579 puella
946 516 1141 580 praeter
1196 517 1401 565 natura:
1442 509 1605 580 leges,
1659 524 1723 564 ac
1770 524 1933 579 supra

2109 511 2373 582 Νομίμων
2404 528 2463 563 σε
2512 509 2735 565 ἄνευθεν
2786 510 2893 562 τῶν
2927 511 3026 581 τῆς
3074 509 3311 580 φύσεως,
3361 511 3597 583 Χριστέ,

371 604 615 672 ejusdem
676 610 884 658 naturae
943 603 1212 666 ordinem,
1246 602 1452 673 peperit
1503 613 1574 669 te,
1608 616 1641 656 ο
1693 602 1931 669 Christe,

370 695 462 764 qui
510 704 778 764 martyres
815 693 1054 763 legitime
1080 708 1180 763 pro
1210 692 1313 748 fide
1361 700 1634 748 certantes
1666 703 1793 745 vere
1840 706 1935 745 eo-

370 784 600 840 ronasﬁ.

447 877 705 932 Volumen
746 875 983 931 maxime
1032 890 1231 929 novum
1291 889 1371 941 es,
1416 889 1449 928 ο
1499 874 1780 942 inviolata,
1813 890 1936 946 qua:

370 968 607 1023 Verbum
640 968 692 1023 in
720 976 771 1023 te
798 967 1060 1037 scriptum
1094 966 1352 1031 habuisti,
1384 965 1530 1036 quod
1571 966 1623 1021 in
1673 967 1814 1021 libro
1847 967 1931 1021 vi-

370 1060 610 1116 ventium
666 1060 881 1115 divinos
913 1058 1163 1114 Athletas
1206 1073 1337 1114 suos
1387 1057 1694 1127 descripsit,
1735 1058 1825 1129 qui
1873 1072 1935 1113 ea

369 1170 490 1224 qua:
522 1154 721 1223 scripta
752 1161 879 1207 sunt
909 1152 1256 1207 exactissime
1284 1151 1737 1221 adimpleverunt.

440 1242 669 1297 Dirinus
697 1242 1056 1311 archangelus
1099 1250 1357 1311 tanquam
1384 1242 1689 1295 divinarum
1726 1240 1938 1309 nuptia-

371 1352 491 1391 rum
529 1351 731 1404 auspex
759 1349 1024 1404 apparens
1049 1333 1167 1397 tihi,
1205 1349 1238 1388 ο
1260 1344 1409 1388 casta
1450 1342 1503 1387 et
1534 1332 1938 1397 inviolata,cla-

369 1426 535 1481 ntavit
567 1443 580 1479 :
610 1424 789 1492 Salve,
809 1441 841 1479 ο
869 1425 1021 1496 ignee
1052 1424 1146 1479 Dei
1178 1425 1391 1489 throne,
1413 1432 1711 1495 martyrum
1744 1422 1937 1476 trium-

368 1518 674 1587 phantium,
694 1518 785 1587 qui
812 1514 981 1572 Deum
1007 1516 1061 1570 in
1086 1530 1249 1570 carne
1266 1513 1671 1569 manifestatum
1701 1511 1936 1567 confessi

369 1620 518 1675 sunt,
546 1613 972 1663 tirmamentum.

441 1702 485 1756 0
515 1702 655 1756 lucis
679 1698 1104 1769 receptaculum,
1136 1697 1245 1753 Deo
1264 1697 1613 1760 charissima,
1655 1693 1933 1749 illumina-

372 1794 495 1848 tivis
528 1793 696 1867 ra‘diis
728 1793 834 1847 tuis
862 1790 1074 1845 illustra
1106 1804 1199 1844 cor
1228 1805 1431 1856 meum,
1461 1788 1727 1844 socordia:
1759 1786 1934 1840 nubes

2040 604 2334 674 ὑπερφυῶς
2392 602 2626 675 ἐκύησεν
2662 604 2695 673 ἡ
2725 602 2985 666 Θεοτόκος
3052 602 3191 673 κόρη
3241 603 3316 666 ὼς
3364 604 3598 673 άληθῶς,

2035 696 2281 764 νομίμως
2303 696 2427 759 τοὺς
2452 695 2736 765 μάοτυοας
2759 694 3164 766 ἐναθλήσαντας
3196 694 3377 748 πίστει
3410 713 3602 766 στεφα-

2035 803 2304 840 νωσαντα.

2108 877 2305 947 Τόμος,
2341 877 2598 947 ἄχραντε,
2656 874 2975 940 καινότατος
3018 876 3361 948 ὑπάρχουσα,
3384 879 3476 932 τὸν
3505 879 3605 932 Λό-

2036 983 2132 1036 γον
2164 968 2572 1037 ἐγγραφόμενον
2597 968 2655 1022 ἐν
2687 969 2770 1021 σοὶ⁵
2792 968 3052 1039 ἔσχηκας,
3074 968 3164 1021 τὸν
3186 969 3243 1023 ἐν
3270 967 3438 1039 βίϐλῳ
3469 957 3605 1034 ζών-

2035 1078 2145 1114 των
2187 1060 2312 1124 τοὺς
2361 1061 2527 1115 αὑτοῦ
2578 1063 2933 1133 ἐγγράψαντα
2991 1062 3169 1126 θείους
3224 1062 3483 1134 ἀθλητὰς,
3539 1063 3607 1117 τά

2036 1155 2395 1225 γεγραμμένα
2431 1156 2685 1227 ἐμμελῶς
2713 1154 3239 1226 ἀποπληρώσαντας.

2107 1248 2494 1318 Νυμφοπόλος
2522 1249 2709 1317 φανείς
2740 1265 2821 1301 σοι
2844 1247 2985 1313 θεῖος
3013 1248 3374 1319 ἀρχάγγελος*
3408 1250 3608 1319 Χαῖρε,

2037 1340 2229 1412 πύρινε
2264 1342 2419 1411 θρόνε
2471 1340 2629 1406 Θεοῦ,
2667 1340 2794 1394 ἐϐόα
2834 1357 2937 1404 σοι,
2978 1339 3212 1410 άχραντε
3242 1338 3412 1411 ἁγνὴ,
3446 1340 3611 1393 ἀθλο-

2038 1433 2219 1501 φόρων
2259 1432 2589 1503 κραταίωμα
2639 1432 3091 1503 ὁμολογησάντων
3123 1430 3255 1484 Θεὸν
3311 1432 3476 1503 σαρκὶ
3504 1449 3614 1501 φα-

2040 1523 2219 1577 νέντα.

2113 1702 2293 1766 Φωτὸς
2339 1701 2562 1772 δοκεῖον,
2596 1700 2978 1772 θεοχαρίτωτε,
3014 1701 3367 1769 φωτιστικαῖς
3410 1700 3613 1769 αὐγαῖς

2040 1815 2133 1851 σου
2176 1798 2275 1868 τὴν
2321 1796 2547 1866 καρδίαν
2597 1812 2699 1866 μου
2744 1793 3000 1863 φώτισον,
3042 1794 3314 1866 ῥᾳθυμίας
3354 1795 3420 1848 τά
3468 1796 3614 1863 νέφη

372 1884 668 1954 depellens,
694 1897 758 1937 ac
803 1881 1010 1951 peccati
1071 1880 1320 1935 tenebras
1348 1880 1676 1945 eliminans;
1710 1888 1789 1942 tu,
1818 1891 1939 1948 qua:

2051 1891 2328 1953 διώκουσα,
2360 1888 2454 1941 καὶ
2488 1887 2549 1940 τὸ
2572 1887 2669 1957 τῆς
2699 1885 2971 1956 ἁμαρτίας
3004 1886 3193 1948 σκότος
3226 1884 3541 1957 ἐξαιροῦσα,
3575 1887 3613 1956 ἡ

373 1978 543 2032 Deum
566 1976 712 2031 omni
736 1973 941 2045 peccati
970 1972 1090 2026 labe
1120 1980 1395 2026 carentem
1423 1970 1703 2041 peperisti.

504 2115 610 2185 72
653 2112 738 2167 Ea:
793 2128 991 2185 can_one
1034 2112 1088 2164 in
1109 2110 1210 2166 SS.
1254 2120 1509 2185 martyres
1537 2108 1829 2175 Basileum,

872 2182 1140 2253 Ephraam,
1169 2193 1295 2247 etc.,
1317 2183 1400 2235 die
1428 2182 1477 2235 7.

440 2299 749 2355 Primorum
799 2308 1083 2369 parentum
1122 2312 1279 2367 ptena
1334 2296 1547 2351 sublata
1586 2303 1690 2359 est,
1723 2310 1756 2349 ο
1786 2302 1939 2349 casta

372 2402 427 2447 et
453 2392 734 2458 inviolata,
770 2390 1026 2445 ineffabili
1060 2397 1220 2459 partu
1256 2398 1384 2455 tuo;
1419 2397 1581 2457 atque
1618 2387 1725 2441 illis
1751 2385 1939 2455 pristi-

375 2500 481 2540 nus
508 2484 574 2539 ad
606 2482 928 2537 Paradisum
960 2481 1135 2550 patuit
1166 2481 1471 2551 ingressus,
1504 2477 1859 2549 quamobrem
1889 2486 1940 2532 te

374 2588 571 2643 magna
599 2585 734 2627 voce
763 2570 1165 2625 concelebrant.

448 2666 492 2717 υ
530 2662 695 2731 Virgo
726 2666 836 2714 tota
868 2667 1015 2714 casta
1044 2666 1099 2712 et
1136 2656 1412 2723 inviolata,
1460 2655 1712 2726 peperisti
1753 2653 1940 2707 Domi-

379 2770 508 2811 num
543 2753 696 2807 illum
744 2750 1206 2821 potentissimum,
1253 2750 1348 2818 qui
1383 2750 1632 2804 homines
1662 2748 1730 2802 ab
1771 2747 1943 2802 hostis

380 2854 643 2918 potestate
678 2844 946 2900 liberavit.
995 2854 1006 2864 '

449 2937 711 2993 Homines
769 2944 1022 2990 mortuos
1088 2933 1417 2999 viviticasti,
1450 2930 1722 3003 oVirgo,
1777 2944 1943 3003 supra

380 3030 557 3086 omnis
602 3026 953 3099 cogitationis
995 3035 1214 3097 captum
1249 3025 1409 3081 enixa
1456 3023 1735 3080 Chrisuim
1772 3021 1942 3075 Deum

383 3132 654 3186 nostrum,
698 3120 793 3191 qui
840 3130 1063 3191 prepter
1110 3134 1266 3175 suam
1310 3117 1741 3173 misericordiam
1779 3116 1943 3170 homo

380 3215 559 3270 factus
587 3222 671 3268 est
1514 3264 1517 3267 ,

453 3310 652 3365 Beatus
680 3318 764 3363 est
798 3307 887 3361 ille
914 3306 1165 3376 populus,
1198 3304 1287 3375 qui
1315 3304 1561 3373 agnoscit
1590 3312 1662 3367 te,
1689 3316 1724 3356 o
1749 3302 1915 3356 imma

2039 1981 2131 2034 τὸν
2160 1981 2544 2051 ἀναμάρτητον
2570 1979 2703 2034 Θεὸν
2726 1980 3109 2049 ἀποκυήσασα.

2053 2118 2155 2170 Ἐκ
2187 2115 2293 2170 τοῦ
2334 2114 2596 2179 κανόνος
2621 2115 2708 2178 είς
2734 2112 2875 2179 τοὺς
2917 2113 3126 2181 ἁγίους
3157 2110 3465 2181 μάρτυρας
3496 2113 3614 2164 Βα-

2257 2186 2516 2250 σίλειον,
2562 2186 2835 2253 Ἐφραίμ,
2861 2201 2917 2237 κ.
2946 2201 3001 2237 τ.
3030 2186 3117 2251 λ.»
3142 2182 3331 2252 ἡμέρᾳ
3358 2182 3426 2246 ζ’.

2124 2301 2319 2371 Ἐλύθη
2364 2300 2472 2355 τῶν
2509 2300 2895 2370 προπατόρων,
2946 2299 3202 2369 ἀχραντε,
3230 2296 3293 2349 τὸ
3330 2295 3612 2365 ἐπιτίμιον

2040 2395 2105 2464 τῇ
2147 2394 2289 2463 ὑπὲρ
2328 2390 2452 2444 νοῦν
2502 2391 2695 2459 κυήσει
2740 2406 2855 2453 σου,
2908 2389 3069 2459 ἁγνὴ,
3100 2389 3193 2442 καὶ
3238 2386 3338 2459 τὴν
3382 2385 3612 2455 πρώτην

2041 2482 2315 2536 ἀπέλαϐον
2343 2479 2435 2533 τοῦ
2470 2480 2806 2549 Παραδείσου
2830 2479 3059 2545 εἴσοδον,
3092 2476 3486 2548 μεγαλοφώνως
3518 2477 3609 2528 εὑ-

2042 2591 2117 2645 φη
2126 2574 2353 2645 μοῦντές
2377 2589 2457 2625 σε.

2127 2664 2414 2733 Ῥυόμενον
2428 2662 2557 2726 τοὺς
2581 2661 2805 2733 βροτοὺς
2821 2659 2921 2730 τῆς
2937 2656 3256 2721 δυναστείας
3271 2656 3365 2709 τοῦ
3386 2653 3607 2725 ἐχθροῦ,

2043 2758 2309 2826 πάναγνε,
2350 2756 2442 2809 τὸν
2478 2755 2703 2809 δυνατὸν
2746 2754 2985 2825 Κύριον,
3034 2752 3269 2822 ἀχραντε
3320 2747 3566 2820 Παρθένε
3591 2787 3607 2813 ,

2044 2849 2300 2921 ἐκύησας.

2118 2940 2575 3012 Νενεκρωμένους
2625 2936 2880 3002 ἐζώωσας
2913 2936 3040 2998 τοὺς
3094 2932 3437 3005 ἀνθρώπους,
3465 2930 3611 3001 ζωὴν

2044 3031 2143 3103 τὴν
2200 3029 2559 3083 ἐνυπόστατον
2606 3025 2858 3090 τεκοῦσα,
2912 3022 3177 3095 Παρθένε,
3235 3022 3376 3092 ὑπὲρ
3428 3023 3612 3075 πᾶσαν

2048 3122 2255 3177 ἔννοιαν
2284 3119 2518 3193 Χριστὸν
2550 3118 2641 3171 τὸν
2660 3117 2793 3171 Θεὸν
2814 3119 2847 3188 ἡ
2857 3116 2993 3188 μῶν,
3018 3114 3303 3187 ἄνθρωπον
3333 3113 3403 3166 δι’
3430 3108 3610 3167 οῑκτον

1969 3215 2015 3275 c
2046 3209 2357 3279 γενόμενον.

2119 3300 2405 3370 Μακάριός
2437 3301 2585 3352 ἐστιν
2607 3299 2635 3352 ό
2658 3298 2783 3362 λαδς
2807 3299 2836 3351 ὁ
2859 3294 3143 3366 γινώσκων
3170 3311 3253 3360 σε,
3277 3294 3607 3365 πανάμωμε,

381 3402 738 3466 eulatissima,
762 3400 1006 3454 omnium
1026 3397 1241 3452 Domini
1265 3397 1509 3461 Matrem,
1532 3406 1586 3451 et
1606 3410 1727 3451 cum
1751 3392 1941 3448 affectu

2051 3395 2141 3450 τοῦ
2167 3396 2439 3449 Δεσπότου
2486 3394 2596 3449 τῶν
2622 3395 2879 3450 ἁπάντων
2914 3393 3149 3464 μητέρα,
3188 3392 3284 3445 καὶ
3312 3389 3465 3460 πόθῳ
3502 3404 3608 3458 μα-

385 3502 437 3547 te
467 3492 760 3546 beatificat.

456 3578 532 3634 Te
556 3578 692 3648 legis
727 3577 955 3642 umbrae,
987 3586 1038 3631 te
1069 3575 1458 3645 prophetarum
1491 3575 1780 3643 aenigmata
1813 3586 1944 3642 prm-

385 3672 715 3741 tlgurahant,
747 3684 780 3724 ο
809 3667 975 3739 Virgo
1027 3668 1343 3738 purissima,
1404 3682 1526 3737 quae
1573 3681 1669 3737 per
1713 3663 1945 3719 Verbum

2046 3487 2260 3542 χαρίζει
2291 3504 2372 3542 σε.

2116 3528 2119 3538 ,
2160 3488 2175 3539 ί
2212 3505 2260 3541 ει
2291 3504 2372 3542 σε.

2116 3488 2303 3649 ἓξμου
2333 3595 2392 3632 σε
2422 3579 2478 3633 ai
2522 3578 2693 3640 σκιαὶ,
2734 3575 3034 3648 προφητῶν
3060 3592 3120 3628 τε
3150 3573 3455 3643 αἰνίγματα
3480 3587 3609 3640 προ-

2046 3670 2367 3737 διετύπουν,
2418 3669 2682 3741 Παρθένε,
2716 3669 2815 3739 τὴν
2852 3668 3080 3740 ἀρρήτῳ
3122 3666 3282 3735 Λόγῳ
3318 3662 3609 3732 κυοφορίαν

386 3763 659 3820 ineﬂahile
714 3761 865 3816 illum
898 3768 1229 3829 conceptura
1270 3774 1334 3815 ac
1376 3762 1621 3830 paritura
1666 3771 1810 3819 eras,
1856 3754 1941 3825 qui

2051 3763 2344 3832 ἐσχηκυῖαν
2396 3758 2765 3823 διασώζουσαν
2810 3757 3038 3829 κόσμον,
3068 3756 3401 3825 πανάμωμε.

384 3858 588 3913 mundo
617 3855 846 3910 salutem
870 3854 1107 3908 afferret.

458 3950 547 4005 Dei
587 3946 849 4013 Verbum,
899 3944 1047 4017 quod
1093 3960 1257 4000 manu
1303 3958 1403 3999 sua
1456 3943 1620 3997 Evam
1673 3939 1950 4006 formavit,

385 4042 674 4098 universos
705 4038 1004 4094 reformare
1030 4038 1240 4100 volens,
1268 4052 1333 4091 ex
1362 4045 1513 4089 utero
1545 4044 1657 4100 tuo,
1687 4049 1720 4088 ο
1750 4033 1950 4103 puella,

387 4134 682 4187 humanam
720 4130 949 4185 formam
982 4129 1211 4198 accepit,
1244 4127 1512 4198 incipiens
1538 4141 1680 4193 esse,
1711 4141 1835 4180 cum
1868 4134 1951 4179 ta-

2130 3935 2190 3989 Ὀ
2216 3934 2518 3998 διαπλάσας
2559 3932 2705 4005 χειρὶ
2728 3931 2825 4004 τὴν
2872 3929 3018 3986 Εὕαν
3052 3931 3222 3999 Λόγος
3255 3909 3413 3991 Θεοῦ,
3449 3926 3606 3997 κόρη,

2049 4030 2359 4085 ἀναπλάσαι
2401 4028 2647 4091 ἃπαντας
2675 4024 2974 4096 βουληθεὶς,
3007 4024 3072 4077 ἐκ
3098 4022 3335 4091 γαστρός
3356 4037 3453 4073 σου
3483 4022 3611 4073 ἀνα-

2051 4122 2345 4175 πλάττεται
2373 4119 2545 4190 ἀρχὴν
2593 4118 2905 4188 δεχόμενος,
2937 4118 2966 4169 ὁ
2988 4114 3067 4183 τῷ
3102 4113 3277 4185 Πατρὶ
3305 4112 3403 4167 καὶ
3439 4111 3607 4165 Πνεῦ-

387 4240 510 4280 men
558 4224 703 4278 Patri
747 4238 811 4279 ac
844 4221 1075 4294 Spiritui
1127 4231 1318 4277 sancto
1370 4221 1442 4276 sit
1475 4228 1847 4285 coaeternum,
1897 4226 1941 4273 et

2054 4232 2183 4284 ματι
2212 4211 2339 4268 σύνθ
2348 4229 2517 4284 ρονος.

386 4315 683 4392 coaequale.

456 4408 599 4465 Deus
632 4406 1190 4478 supersuhstantialis,
1222 4421 1288 4462 ex
1323 4416 1376 4462 te
1405 4414 1588 4472 natus,
1614 4420 1647 4461 ο
1667 4404 1947 4471 inviolata,

387 4501 554 4556 homo
592 4500 865 4570 apparuit,
920 4515 1044 4554 cum
1081 4499 1295 4554 duabus
1348 4498 1582 4561 naturis,
1619 4497 1950 4567 operationi-

2132 4398 2331 4469 Ὠράοη
2365 4396 2435 4460 ὡς
2454 4396 2735 4468 ἄνθρωπος
2761 4396 2825 4449 ἐκ
2848 4393 2940 4448 σοῦ
2957 4393 3380 4464 ἀποτικτόμενος
3408 4395 3436 4446 ό
3458 4393 3611 4461 ὑπερ‹

2053 4493 2256 4555 ούσιος,
2304 4489 2524 4552 διπλοῦς
2564 4491 2681 4552 ταῖς
2725 4488 2972 4558 φύσεσιν,
3022 4487 3277 4557 ἀχραντε,
3314 4486 3610 4557 ἐνεργείαις

387 4595 489 4648 bus
517 4601 572 4647 et
603 4560 974 4646 voluntatibus
1000 4608 1016 4657 ;
1046 4592 1153 4646 illis
1180 4589 1472 4646 manifeste
1510 4560 1800 4660 apparens,
1830 4590 1941 4658 qui-

2056 4588 2148 4639 καὶ
2194 4584 2483 4652 θελήσεσι⁶
2534 4575 2615 4644 οἷς
2674 4580 2931 4651 ὡμοιώθη
2987 4580 3267 4651 βουληθεὶς
3315 4579 3611 4650 ἐμφανιζό-

390 4684 494 4737 bus
525 4688 724 4749 sponte
754 4680 950 4734 similis
975 4678 1150 4734 factus
1176 4688 1282 4734 est.
1335 4679 1700 4744 Quamobrem
1735 4678 1810 4732 illi
1838 4678 1951 4732 cla-

389 4786 605 4827 mamus
637 4790 651 4826 :
684 4770 881 4826 Omnia
904 4785 1089 4840 opera,
1111 4770 1331 4824 laudate
1360 4769 1670 4824 Dominum.

456 4861 641 4916 Puella
677 4860 786 4915 Deo
810 4861 1134 4916 charissima
1174 4860 1354 4917 ferens
1382 4861 1435 4914 in
1468 4860 1613 4915 ulnis
1646 4859 1946 4929 Christum,

386 4954 479 5022 qui
508 4969 669 5008 manu
697 4952 799 5007 fert
846 4952 1123 5018 universa,
1152 4962 1373 5022 stupore
1402 4952 1648 5022 perculsa
1682 4953 1953 5007 exclama-

2057 4692 2252 4746 μενος,
2287 4669 2331 4743 ᾧ
2366 4672 2610 4745 βοῶμεν·
2680 4673 2863 4727 Πάντα
2909 4671 2977 4740 τᾲ
3028 4672 3201 4743 ἔργα,
3253 4671 3475 4742 ὑμνεῖτε
3526 4670 3612 4723 τὸν

2054 4768 2278 4840 Κύριον.

2123 4862 2370 4931 Φέρουσα
2413 4858 2649 4927 Χριστὸν
2676 4860 2734 4912 ἐν
2762 4858 3031 4927 ἀγκάλαις
3082 4856 3229 4929 χειρὶ
3260 4856 3352 4909 τὸν
3383 4857 3614 4926 φέροντα

2052 4954 2120 5007 τά
2150 4954 2327 5007 πάντα
2352 4954 2385 5021 ἡ
2414 4951 2805 5021 θεοχαρίτωτος
2838 4951 2996 5021 κόρη,
3045 4950 3460 5020 ἐκπληττομένη
3490 4948 3614 5000 ἐϐόα

388 5048 480 5100 hat
511 5045 697 5100 dicens
740 5063 753 5099 :
788 5044 1071 5110 Quomodo
1121 5056 1172 5100 te
1212 5054 1266 5100 et
1310 5045 1508 5100 Filium
1547 5054 1602 5101 et
1637 5044 1941 5101 Creatorem

2052 5045 2312 5113 λέγουσαν
2372 5042 2494 5106 Πῶς
2546 5044 2642 5096 καὶ
2692 5043 2820 5097 Υίὸν
2865 5042 3117 5113 γνωρίζω
3145 5060 3204 5095 σε
3240 5042 3335 5096 καὶ
3382 5040 3614 5111 Ποιητήν

387 5152 569 5192 meum
601 5136 778 5203 video,
812 5150 846 5192 o
872 5136 1439 5208 incomprehensibilis
1466 5138 1489 5190 ?

387 5271 492 5343 73
514 5271 595 5326 Ex
626 5286 825 5325 canone
848 5272 902 5325 in
923 5270 979 5327 S.
1007 5270 1363 5338 Quadratum,
1387 5282 1434 5326 et
1466 5271 1636 5326 socios
1664 5278 1948 5341 martyres,

1050 5343 1135 5396 die
1162 5343 1247 5396 10.

459 5452 503 5506 Δ
524 5452 776 5508 sordibus
793 5453 1130 5523 passionum,
1152 5469 1181 5508 a
1204 5462 1519 5523 tempestate
1540 5453 1947 5525 cogitationum,

2055 5154 2178 5208 μου,
2215 5136 2565 5205 ἀκατάληπτε
2587 5153 2601 5201 ;

2064 5270 2160 5324 Ἐκ
2192 5270 2297 5342 τοῦ
2327 5270 2587 5342 κανόνος
2620 5272 2708 5342 είς
2744 5270 2886 5336 τοὺς
2912 5271 3119 5341 ἁγίους
3158 5271 3467 5342 μάρτυρας
3510 5273 3614 5327 Κό-

2226 5340 2465 5408 δρατον,
2494 5341 2591 5394 καί
2620 5341 2762 5407 τοὺς
2793 5342 2916 5394 σὺν
2953 5340 3131 5408 αὐτῷ,
3160 5340 3359 5412 saepe
3392 5352 3448 5402 ι’.

2138 5450 2305 5515 ἰλῦος
2327 5452 2393 5505 ἐκ
2426 5450 2637 5516 παθῶν,
2685 5451 2962 5522 λογισμῶν
2992 5454 3310 5524 τρικυμίας,
3350 5454 3416 5507 ἐκ
3449 5453 3611 5525 βελῶν

387 5562 414 5599 a
448 5545 648 5615 jaeulis
680 5545 927 5615 maligni,
958 5547 1029 5602 ab
1059 5546 1209 5600 omni
1241 5546 1445 5616 impetu
1477 5546 1663 5601 hostili
1705 5547 1875 5611 salva,
1916 5562 1941 5600 ο

2051 5544 2146 5599 τοῦ
2183 5544 2441 5614 πονηροῦ,
2478 5546 2545 5599 ἐκ
2577 5546 2764 5617 πάσης
2796 5546 3102 5618 προσϐολῆς
3144 5549 3392 5612 ἐναντίας
3421 5548 3612 5603 διάσω-

390 5636 617 5706 Deipara
646 5636 993 5692 immaculata
1027 5652 1091 5693 ac
1125 5647 1234 5692 tota
1266 5653 1424 5708 pura,
1462 5638 1674 5694 animas
1721 5638 1947 5693 laudan-

390 5730 527 5784 tium
554 5728 882 5785 inetfabilem
918 5740 1135 5801 partum
1166 5740 1345 5787 tuum.

458 5818 536 5875 Ne
578 5821 815 5879 ctelestis
882 5823 1102 5895 quidem
1155 5840 1309 5881 mens
1342 5825 1643 5896 explicare
1698 5824 1878 5891 valet,
1909 5837 1943 5878 ο

2054 5657 2166 5703 σον,
2198 5638 2434 5709 ἀχραντε
2464 5639 2789 5711 Θεοκυῆτορ,
2822 5642 2919 5705 τὰς
2943 5641 3120 5713 ψυχὰς
3152 5642 3262 5697 τῶν
3305 5643 3612 5711 ὑμνούντων

2055 5749 2149 5785 σου
2182 5730 2273 5783 τὸν
2302 5730 2681 5801 ἀνέκφραστον
2709 5732 2888 5799 τόκον,
2918 5734 3183 5804 πάναγνε.

2127 5820 2270 5884 Νοῦς
2320 5822 2442 5876 οὑδὲ
2490 5823 2739 5895 οὐράνιος
2792 5826 2891 5897 τὴν
2925 5826 3065 5897 ὑπὲρ
3112 5826 3239 5885 νοῦν
3274 5843 3367 5880 σου
3398 5824 3608 5898 λοχείαν
