3996 6596
438 405 573 468 1073

1884 408 2124 471 MARIA
2138 413 2254 472 LE.

3538 405 3671 469 10'4

432 521 845 590 διερμηνεύσαι,
883 520 1043 593 κόρη,
1090 521 1346 579 δύναταιο
1397 520 1491 575 νοῦ
1524 523 1631 592 γὰρ
1660 522 1755 575 τοῦ
1787 524 2004 593 πρώτου

2133 526 2287 579 mella
2320 533 2534 595 partum
2573 531 2748 585 tuum,
2784 524 2877 593 qui
2911 521 3239 578 transcendit
3271 535 3486 575 omnem
3515 536 3671 574 men-

435 615 494 665 ὲν
530 615 732 684 γαστρὶ
783 614 977 681 Λόγον,
1013 614 1174 685 ἁγνὴ,
1231 614 1544 680 συνέλαόες,
1592 615 1683 668 τὸν
1712 616 1781 669 τὰ
1830 617 2006 670 πάντα

435 703 580 774 λόγῳ
620 705 1055 774 συστησάμενον.

519 792 582 845 Ἦ
605 793 737 859 ἁγία
755 792 1037 856 Θεοτόκος,
1062 794 1127 865 ἣν
1162 794 1385 864 οἰκῆσαι
1411 795 1711 866 ηὐδόκησεν
1730 797 1805 861 ὡς
1831 798 2008 868 εὐώδη

437 880 583 936 οἶκον
636 882 808 950 Λόγος
840 882 935 936 τοῦ
972 884 1183 955 Πατρὸς
1240 885 1544 955 ὁμοούσιος,
1576 887 1635 939 οὐ
1669 887 2009 958 κατεφλέχθη

437 974 536 1046 τὴν
566 977 802 1047 μήτραν,
833 976 933 1029 οὐκ
963 976 1190 1048 ὠδίνησε
1212 995 1225 1009 ·
1266 978 1363 1032 καὶ
1406 978 1513 1050 γὰρ
1543 980 1764 1034 τέτοκεν
1800 981 2011 1051 Ἐμμα-

438 1068 600 1138 νουὴλ
629 1069 721 1122 τὸν
746 1068 1133 1140 Θεάνθρωπον.

525 1252 580 1306 Ὁ
622 1254 1098 1327 πλαστουργήσας,
1138 1257 1395 1328 ἄχραντε,
1427 1260 1525 1330 τὴν
1570 1258 1716 1314 Εὕαν
1752 1262 1815 1313 ὲκ
1845 1260 2010 1314 πλευ-

442 1346 564 1414 ρᾶς,
590 1346 682 1399 σοῦ
708 1348 772 1399 ἐκ
801 1348 1010 1417 νηδύος,
1034 1350 1198 1419 ἁγνὴ,
1224 1351 1700 1419 πλαστουργεῖται,
1722 1353 1892 1407 σῶσαι
1922 1354 2012 1407 τὸν

451 1434 626 1506 ’Λδὰμ
686 1436 753 1491 δι’
826 1439 1231 1512 εὐσπλαγχνίαν
1286 1441 1607 1513 βουληθεὶς,
1681 1442 1752 1507 ὡς
1820 1444 2010 1514 φιλάν-

441 1522 469 1575 θ
479 1540 682 1594 ρωπος.

511 1616 845 1687 Οὐράνωσας
901 1620 1204 1689 γεωθεῖσαν
1256 1622 1355 1692 τὴν
1413 1622 1604 1691 φύσιν,
1666 1626 2008 1698 πανόιμωμε,

439 1707 549 1763 τῶν
588 1709 913 1780 ἀνθρώπων,
948 1714 1041 1766 καὶ
1073 1711 1375 1784 φθαρεῖσαν
1408 1716 1577 1787 αὐτὴν
1605 1718 1974 1789 ἑθεούργησας
1994 1739 2009 1752 ο

439 1800 526 1853 διὰ
549 1803 705 1855 τοῦτο
738 1804 937 1867 πάντες
969 1806 1253 1876 ἁσιγήτοις
1293 1810 1499 1877 φωναῖς
1530 1826 1590 1862 σε
1621 1810 1938 1882 δοξάζομεν.

509 1987 884 2058 Εὐλογημένος
912 1990 941 2042 ὁ
978 1991 1184 2061 καρπὸς
1222 1994 1320 2063 τῆς
1350 1992 1724 2065 εὐλογημένης
1772 1998 2010 2068 γαστρός

440 2094 556 2141 σου,
582 2077 640 2130 ὃν
674 2078 989 2147 εὐλογοῦσιν
1022 2081 1267 2149 οὐρανῶν
1298 2084 1354 2136 αἱ
1376 2085 1652 2155 δυνάμεις,
1706 2087 1913 2156 βροτῶν
1944 2090 2011 2143 τὰ

440 2170 784 2239 συστήματα,
818 2173 846 2224 ὁ
884 2174 1030 2241 ἡμᾶς
1060 2173 1483 2247 λυτρωσάμενος
1513 2179 1611 2248 τῆς
1638 2179 1887 2252 κατάρας
1914 2182 2012 2250 τῆς

438 2258 697 2327 ἀρχαίας,
729 2260 1024 2331 εὐλογητὸς
1056 2255 1128 2315 εἴ.

510 2349 896 2420 Λυτρωθέντες
934 2352 1032 2422 τῆς
1073 2353 1213 2424 ἀρᾶς
1241 2354 1342 2424 τῆς
1388 2359 1736 2427 προμήτορος
1772 2357 1861 2411 διὰ
1918 2357 2011 2411 σοῦ

439 2439 540 2508 τῆς
576 2440 746 2511 ἁγνῆς
771 2443 1133 2514 Θεομήτορος,
1169 2446 1506 2518 εὐλογημένη
1542 2448 1830 2514 Δέσποινα,
1858 2451 2015 2504 εὐλο-

441 2530 645 2599 γοῦμέν
669 2550 728 2586 σε
761 2534 939 2589 πίστει
974 2537 1066 2589 καὶ
1091 2537 1461 2609 μελῳδοῦμεν,
1498 2542 1740 2611 παναγία
1774 2544 2015 2613 Παρθένε

441 2624 736 2696 θεόνυμφε.

511 2719 747 2771 Φανεῖσα
801 2719 895 2773 τοῦ
956 2723 1173 2776 πάντων
1240 2724 1467 2795 ποιητοῦ
1520 2724 1811 2798 λοχεύτρια
1872 2725 2014 2799 ὑπὲρ

442 2806 622 2861 πάντα
650 2808 797 2876 νοῦν,
849 2812 1194 2883 πανάμωμε,
1244 2815 1353 2867 τῶν
1398 2815 1648 2885 οὐρανῶν
1706 2814 2016 2886 ὑψηλοτέρα

442 2898 709 2969 ἐδείχθης,
747 2901 841 2954 καὶ
878 2903 985 2955 τῶν
1015 2903 1151 2957 ὅλων
1201 2903 1558 2970 δεσπόζουσα,
1597 2905 1845 2975 Παρθένε
1890 2906 2014 2959 θεο-

441 2988 567 3044 τόκε
618 2992 935 3064 πανύμνητε
956 3010 971 3025 ·
1001 2994 1124 3049 ὅθεν
1148 3013 1205 3049 σε
1238 2999 1440 3061 πάντες
1474 2998 1872 3069 μεγαλύνομεν.

455 3176 553 3230 Ἕκ
591 3177 696 3231 τοῦ
734 3179 992 3243 κανόνος
1028 3182 1126 3250 ᾲεὶς
1176 3178 1282 3233 τὸν
1338 3180 1513 3234 ὅσιον
1560 3182 1793 3249 Πατέρα
1846 3181 2018 3250 ἡμῶν

864 3248 1241 3317 Βενεδίκτον,
1281 3251 1468 3319 ἡμέρᾳ
1514 3250 1593 3303 ιδ’.

512 3361 575 3412 Οἱ
609 3360 697 3413 διὰ
722 3360 814 3414 σοῦ
845 3362 943 3431 τὴν
966 3362 1280 3434 ἀφθαρσίαν
1308 3365 1740 3435 πλουτήσαντες,
1774 3368 2017 3440 Θεοκυῆ-

446 3471 536 3522 τορ
583 3457 846 3523 πάναγνε,
883 3457 1076 3526 Χαῖρε,
1111 3458 1323 3529 βοῶμέν
1367 3477 1469 3527 σοι,
1508 3463 1541 3532 ἡ
1572 3465 2014 3534 κεχαριτωμένη,

440 3546 604 3601 ὁσίων
633 3550 726 3602 καὶ
748 3550 974 3605 δικαίων
1009 3552 1071 3606 τὸ
1098 3552 1555 3626 ὲγκαλλώπισμα.

515 3728 585 3782 ’⁸0
628 3730 786 3798 μόνος
836 3732 1040 3800 ἀγαθὸς
1093 3734 1191 3806 τὴν
1244 3735 1343 3807 σὴν
1407 3736 1777 3807 σαρκούμενος
1825 3707 2021 3806 susse:

450 3821 845 3893 παναμώμητε,
897 3826 1159 3897 γαστέρα,
1207 3829 1303 3880 καὶ
1337 3827 1528 3899 βροτος
1555 3829 1746 3900 ῶράθη
1777 3830 2014 3895 τέλειος·

439 3916 501 3969 ὃν
530 3917 739 3972 ἱκέτευε
770 3919 943 3973 σῶσαι
976 3918 1071 3982 τὰς
1099 3918 1279 3989 ψυχὰς
1314 3920 1499 3990 ἡμῶν.

523 4096 612 4160 Ὠς
642 4098 843 4167 δμὸρος
893 4098 985 4150 ἐπὶ
1031 4097 1219 4158 πόκον,
1269 4097 1542 4166 ἄχραντε,
1577 4100 1643 4167 τῇ
1696 4103 1867 4170 σεπτῇ
1923 4119 2016 4154 σου

442 4188 640 4258 γαστρὶ
676 4190 703 4241 ὁ
729 4189 901 4255 Λόγος
949 4187 1189 4257 κατῆλθε
1236 4185 1632 4256 σιρκούμενος,
1685 4189 1779 4243 καὶ
1807 4189 2017 4244 ἔπαυσε

449 4279 732 4343 πολυθεῖας
774 4279 960 4349 σαφῶς
1007 4279 1078 4331 τα
1122 4278 1481 4350 ὀμϐρήματα,
1537 4279 1869 4351 πανὰμωμε,
1926 4284 2019 4336 καὶ

446 4372 535 4424 τὸν
562 4371 761 4442 πικρὸν
793 4370 1038 4442 χειμῶνα
1064 4371 1435 4425 διεσκέδασεν.

2110 626 2215 671 tem
2250 633 2263 668 :
2295 616 2483 685 prima:
2542 614 2688 669 enim
2745 613 2944 669 mentis
3000 612 3235 666 Verbum
3285 611 3339 664 in
3376 618 3529 665 utero
3581 619 3675 664 tuo

2109 708 2429 777 concepisti,
2461 722 2495 762 ο
2520 714 2691 771 casta,
2731 706 2871 776 quod
2904 704 3089 759 omnia
3121 703 3286 757 verbo
3315 702 3589 770 produxit.

2184 800 2412 870 Deipara
2464 800 2832 861 sanctissima,
2876 799 3075 866 in'qua
3130 806 3390 864 tanquam
3427 795 3480 848 in
3513 796 3677 849 domo

2110 892 2262 947 suavi
2312 892 2481 947 odore
2532 892 2689 961 plena
2733 890 2977 945 habitare
3017 889 3119 945 sibi
3161 886 3489 956 complacuit
3546 886 3674 939 Ver-

2110 984 2238 1039 bum
2305 981 2484 1038 Patris
2552 980 3058 1044 consubstantiale,
3126 994 3230 1033 non
3299 978 3470 1033 sensit
3537 977 3678 1030 uteri

2111 1075 2568 1139 combustionem,
2612 1090 2786 1144 neque
2819 1074 3036 1129 dolores
3070 1081 3259 1142 partus
3292 1078 3515 1140 experta
3546 1078 3629 1123 est
3656 1085 3676 1121 7:

2112 1166 2319 1235 peperit
2352 1166 2496 1220 enim
2545 1165 2861 1219 Emmanuel
2896 1156 3065 1219 Deum
3100 1175 3153 1218 et
3184 1163 3481 1217 hominem.

2184 1254 2295 1319 Ille,
2324 1254 2414 1322 qui
2445 1252 2611 1308 Evam
2648 1268 2677 1307 e
2710 1262 2862 1308 costa
2896 1252 3171 1315 formavit,
3204 1267 3267 1305 ex
3297 1258 3450 1305 utero
3502 1258 3615 1311 tuo,
3644 1263 3679 1302 ο

2111 1354 2283 1411 casta,
2320 1344 2589 1399 formatus
2636 1354 2740 1409 est,
2781 1345 2972 1399 volens
3020 1344 3189 1397 Adam
3223 1343 3433 1397 salvare
3461 1349 3679 1411 promer

2112 1438 2369 1508 pietatem
2400 1453 2577 1503 suam,
2609 1447 2865 1507 tanquam
2888 1436 3171 1492 hominum
3199 1446 3434 1490 amator.

2184 1617 2476 1672 Hominum
2515 1626 2789 1681 naturam,
2821 1632 2942 1687 quae
2966 1623 3183 1671 terrena
3218 1614 3357 1671 facta
3390 1623 3529 1680 erat,
3565 1630 3681 1670 coe-

2113 1710 2301 1764 Iestem
2337 1709 2591 1775 effecisti,
2640 1724 2672 1763 o
2708 1708 3214 1763 immaculatissima
3236 1748 3250 1773 ,
3285 1716 3337 1761 et
3365 1716 3680 1777 corruptam

2117 1802 2380 1858 deificasti
2413 1821 2425 1856 :
2458 1812 2741 1873 propterea
2773 1815 2962 1859 omnes
2997 1811 3048 1857 te
3078 1800 3389 1857 incessabili
3415 1816 3545 1856 voce
3567 1800 3684 1870 glo-

2044 1898 2086 1953 Β
2116 1896 2417 1951 rilicamus.

2185 1989 2509 2045 Benedictus
2548 1988 2755 2043 ventris
2819 1985 3089 2041 benedicti
3140 1984 3348 2038 fructus
3376 1982 3489 2048 tui,
3522 1995 3684 2052 quem

2112 2082 2438 2137 benedicunt
2544 2081 2807 2136 caelorum
2861 2081 3198 2148 Ipotcstates
3291 2075 3687 2145 hominumque

2112 2183 2321 2239 castus;
2364 2172 2455 2243 qui
2504 2187 2605 2227 nos
2637 2172 2705 2226 ab
2748 2170 2971 2241 antiqua
3016 2167 3399 2224 maledictione
3433 2163 3683 2221 redemit.

2185 2354 2225 2407 Α
2259 2354 2445 2424 primm
2493 2352 2685 2407 matris
2718 2350 3101 2407 maledictione
3141 2366 3236 2419 per
3267 2358 3318 2404 te
3352 2358 3557 2404 castam
3594 2346 3684 2403 Dei

2114 2448 2338 2502 Matrem
2374 2447 2673 2516 redempti,
2708 2460 2832 2500 cum
2864 2446 2967 2499 fide
2999 2455 3049 2499 te
3095 2442 3489 2506 benedicimus,
3522 2449 3687 2511 atque

2116 2538 2345 2593 canticis
2375 2537 2742 2600 celebramus,
2772 2549 2805 2590 ο
2839 2534 3065 2589 Domina
3102 2535 3406 2597 benedicta,
3452 2531 3689 2608 sanctis-

2120 2630 2259 2684 sima
2303 2627 2489 2698 Virgo,
2518 2642 2719 2697 sponsa
2746 2627 2866 2683 Dei.

2186 2720 2321 2775 Cum
2370 2721 2615 2775 ornnium
2667 2719 2889 2775 factoris
2951 2718 3197 2774 Genitrix
3265 2732 3427 2786 supra
3471 2728 3689 2769 omnem

2116 2814 2499 2884 cogitationem
2524 2853 2538 2879 ,
2573 2829 2605 2869 ο
2634 2813 2957 2884 purissima,
3006 2811 3199 2874 fueris,
3253 2810 3395 2864 facta
3427 2824 3485 2863 es
3534 2806 3691 2862 cmlis

2118 2906 2423 2972 sublimior,
2455 2916 2617 2976 atque
2644 2907 2891 2961 omnium
2927 2903 3286 2970 Dominatrix,
3329 2918 3362 2957 ο
3387 2899 3547 2966 Virgo
3572 2899 3694 2955 Dei-

2118 3012 2249 3067 para
2283 2998 2431 3051 omni
2459 2998 2618 3053 laude
2644 2998 2963 3066 dignissima
2996 3016 3010 3053 :
3044 2996 3187 3052 unde
3219 3004 3270 3050 te
3297 2992 3541 3067 universi
3572 3008 3693 3046 ma-

2121 3088 2464 3157 gniﬁcamus.

2192 3178 2300 3251 74
2340 3180 2423 3233 Ea:
2450 3196 2647 3234 canone
2676 3180 2727 3233 in
2747 3179 2802 3235 S.
2836 3179 2900 3233 P.
2933 3177 3003 3233 N.
3030 3178 3394 3242 Benedictum,
3418 3177 3505 3231 die
3526 3175 3617 3231 Η.

2190 3365 2302 3421 Nos
2329 3366 2420 3436 qui
2454 3380 2551 3435 per
2582 3374 2632 3419 te
2663 3364 3072 3434 incorruptione
3100 3364 3256 3419 ditati
3286 3380 3498 3429 sumus,
3529 3378 3562 3418 ο
3595 3360 3692 3417 Dei

2120 3460 2350 3529 genitrix
2387 3459 2719 3523 castissima,
2746 3458 2810 3512 ad
2843 3468 2892 3513 te
2920 3458 3220 3513 clamamus
3252 3476 3266 3511 :
3300 3455 3477 3522 Salve,
3512 3472 3545 3509 ο
3572 3471 3697 3526 gra-

2121 3551 2192 3603 tia
2224 3549 2402 3618 plena,
2456 3556 2772 3604 sanctorum
2817 3550 3063 3604 omnium
3112 3563 3175 3603 ac
3204 3548 3477 3619 justorum
3526 3560 3693 3599 orna-

2120 3649 2388 3697 mentum.

2192 3736 2285 3791 Ille
2312 3735 2405 3806 qui
2438 3736 2587 3791 solus
2619 3736 2797 3790 bonus
2831 3744 2933 3800 est,
2968 3736 3250 3804 ingressus
3275 3742 3358 3789 est
3387 3735 3443 3787 in
3472 3744 3689 3786 uterum

2120 3836 2296 3891 tuum,
2318 3828 2410 3881 ubi
2436 3843 2656 3882 carnem
2680 3827 2944 3896 suscepit,
2962 3836 3017 3881 et
3037 3827 3198 3880 homo
3216 3825 3490 3895 perfectus
3518 3824 3695 3878 factus

2120 3928 2203 3974 est
2224 3938 2236 3973 :
2260 3935 2420 3989 quem
2452 3929 2506 3974 tu
2537 3920 2848 3987 deprecare,
2868 3934 2899 3973 ο
2916 3919 3231 3987 purissima,
3252 3932 3350 3987 pro
3374 3917 3552 3973 salute
3578 3918 3699 3970 ani-

2121 4026 2334 4065 marum
2369 4020 2703 4065 nostrarum.

2195 4100 2353 4155 Velut
2404 4101 2578 4155 imber
2640 4116 2804 4170 super
2852 4100 3064 4165 vellus,
3118 4099 3401 4155 descendit
3456 4097 3695 4154 Verbum

2122 4209 2341 4250 carnem
2371 4209 2659 4250 assumens
2689 4194 2741 4247 in
2772 4193 3142 4247 venerandum
3188 4202 3405 4249 uterum
3458 4200 3632 4257 tuum,
3660 4208 3693 4247 0

2122 4286 2401 4348 inuiolata,
2442 4294 2497 4339 ct
2535 4283 2855 4339 idololatria:
2888 4284 3101 4353 pluvias
3137 4282 3426 4338 manifeste
3458 4282 3692 4347 sedavit,

2121 4387 2174 4431 et
2195 4378 2590 4432 amarulentam
2623 4386 2998 4447 tempestatem
3032 4375 3333 4445 dissipavit,
3367 4390 3399 4429 ο
3435 4374 3699 4430 immacu-

2122 4469 2410 4524 latissima.

524 4553 585 4607 Ὀ
617 4555 887 4609 κατοικῶν
912 4556 1173 4626 οὐρανοὺς
1212 4556 1307 4627 τὴν
1338 4554 1436 4627 σὴν
1471 4558 1814 4627 πανάμωμον
1845 4558 2008 4627 νηδὺν

2186 4560 2287 4627 Qui
2321 4562 2529 4615 habitat
2556 4562 2609 4615 in
2642 4562 2816 4629 cmlis,
2850 4564 2904 4617 in
2936 4562 3230 4633 purissimo
3260 4569 3450 4616 ventre
3483 4569 3575 4616 tuo
3598 4561 3698 4615 ba-

450 4648 679 4720 ᾤκησεν.
733 4651 882 4713 ὅπως
911 4653 1058 4723 ἡμᾶς
1100 4652 1284 4715 οἴκους
1324 4652 1423 4722 τῆς
1475 4654 1705 4724 Τριάδος
1759 4656 2020 4708 ἐναποτε-

444 4742 599 4814 λέσῃ,
637 4746 762 4808 τοὺς
791 4745 850 4797 σὲ
882 4744 1143 4799 Θεοτόκον
1171 4748 1562 4817 κηρύττοντας,
1591 4748 1847 4819 ἄχραντε.

527 4838 622 4891 Ἐκ
666 4838 899 4908 γαστρός
928 4856 1022 4892 σου
1060 4838 1219 4907 ἁγίας
1246 4840 1491 4893 ἀνέτειλε
1530 4840 1631 4908 τῆς
1656 4840 2016 4912 δικαιοσύνης

447 4926 748 4999 ἀνέσπερος
768 4928 940 4999 ἥλιος,
964 4931 1204 4993 καὶτοὺς
1236 4930 1462 4993 πιστοὺς
1494 4928 1750 4998 ἐφώτισε,
1783 4931 2014 4984 Θεοτόκε

453 5018 684 5089 παρθένε
718 5018 1055 5090 πανύμνητε.

524 5113 705 5166 Ἰασαι
748 5112 847 5182 τῆς
888 5112 1066 5183 ψυχῆς
1119 5129 1220 5183 μου
1264 5113 1334 5166 τὰ
1384 5112 1549 5181 πάθη,
1608 5113 1709 5182 τῆς
1750 5112 2019 5176 ἀπαθείας

445 5202 545 5272 τὴν
577 5204 759 5275 πηγὴν
785 5206 818 5275 ὴ
840 5205 1201 5271 συλλαϐοῦσα,
1228 5206 1493 5275 Παρθένε,
1539 5207 1633 5259 καὶ
1657 5207 2020 5272 ῖκατανύξεως

446 5297 689 5367 ὄμϐρους
742 5299 1022 5367 παράσχου
1071 5314 1159 5366 μοι
1206 5297 1601 5367 προξενοῦντάς
1642 5317 1731 5370 μοι
1780 5300 1880 5371 τὴν
1916 5318 2020 5354 πα-

451 5391 715 5461 ράκλησιν
753 5391 890 5456 ἐκεῖ,
918 5390 1049 5459 ἁγία
1077 5389 1330 5444 Θεοτόκε.

528 5571 660 5625 ’ἰδοὺ
689 5572 1007 5644 γεγέννηται
1047 5574 1110 5626 ὲκ
1134 5572 1250 5637 σοῦ,
1286 5572 1511 5636 Ἡσαΐας
1541 5575 1820 5644 ἐμφανῶς,
1854 5578 2015 5647 ἁγνὴ,

445 5663 807 5730 ἐϐόα,όΥἱὸς
848 5664 941 5717 τοῦ
997 5666 1289 5735 Ὑψίστου,
1342 5666 1435 5719 καὶ
1485 5666 1576 5729 σὸς
1626 5669 1820 5737 δρᾶται
1870 5671 2018 5735 Υἱὸς,

453 5756 717 5823 ΙΙαρθένε,
746 5757 893 5819 υἱοὺς
926 5759 1293 5831 ἐργαζόμενος
1322 5757 1417 5812 τοῦ
1453 5759 1778 5831 ἐπουρανίου
1806 5764 2019 5835 Πατρὸς

447 5848 573 5910 τοὺς
608 5848 666 5900 σὲ
697 5847 1019 5915 ὑμνοῦντας.

2122 4654 2334 4717 bitavit,
2378 4663 2437 4709 ut
2472 4653 2761 4711 Trinitatis
2810 4656 3008 4710 domos
3054 4655 3289 4711 ediceret
3335 4669 3462 4720 nos,
3509 4654 3602 4725 qui
3647 4667 3699 4709 te

2124 4746 2406 4815 Deiparam
2449 4747 2832 4817 praedicamus,
2870 4763 2904 4802 ο
2936 4748 3216 4803 inviolata.

2194 4840 2271 4892 Ex
2306 4850 2464 4892 utero
2498 4850 2590 4893 tuo
2623 4850 2815 4894 sancto
2835 4848 2990 4895 ortus
3012 4851 3095 4895 est
3116 4840 3207 4893 Sol
3234 4840 3464 4909 justitia:
3492 4838 3697 4893 inocci-

2122 4924 2286 4995 duus,
2320 4940 2372 4983 et
2397 4930 2581 4985 fideles
2630 4930 2977 4997 illuminavit,
3034 4945 3067 4984 0
3098 4930 3327 4999 Deipara
3358 4929 3521 4999 Virgo
3545 4928 3696 4983 omni

2124 5021 2281 5075 laude
2314 5021 2660 5089 dignissima.

2196 5113 2361 5176 Sana,
2395 5128 2427 5166 ο
2460 5112 2650 5182 Virgo,
2701 5113 2897 5168 animae
2937 5129 3068 5167 mea:
3118 5112 3435 5182 passiones,
3481 5120 3536 5165 tu
3574 5126 3696 5182 quae

2123 5206 2327 5260 fontem
2394 5204 2849 5273 impassibilitatis
2932 5204 3265 5272 concepisti,
3317 5212 3371 5258 et
3422 5218 3693 5272 compun-

2122 5299 2318 5353 ctionis
2365 5298 2568 5352 imbres
2611 5299 2851 5353 concede
2902 5298 3033 5352 mihi
3062 5338 3075 5362 ,
3113 5312 3145 5351 ο
3181 5295 3408 5365 Dcipara
3462 5304 3650 5351 sancta
3678 5337 3693 5359 ,

2122 5390 2214 5458 qui
2286 5388 2526 5443 futuram
2582 5388 2635 5442 in
2694 5388 2835 5444 cmlo
2902 5388 3335 5443 consolationem
3403 5386 3695 5456 acquirant

2124 5482 2278 5537 mihi.

2194 5579 2333 5635 Ecce
2364 5591 2525 5635 natus
2549 5587 2712 5634 estex
2735 5586 2806 5642 te,
2839 5572 3297 5644 quemadmodum
3318 5572 3490 5627 Isaias
3510 5580 3697 5642 aperto

2123 5674 2412 5737 clamabat,
2475 5674 2745 5729 Altissimi
2799 5671 2993 5735 Filius,
3039 5678 3091 5723 et
3129 5666 3298 5722 Filius
3352 5676 3477 5721 tuus
3520 5666 3697 5721 factus

2124 5778 2228 5833 cst,
2269 5784 2303 5822 ο
2332 5767 2501 5839 Virgo
2530 5776 2704 5831 casta,
2731 5766 2827 5836 qui
2876 5765 3017 5821 filios
3056 5762 3232 5820 Patris
3264 5762 3507 5819 caelestis
3534 5760 3697 5817 edicit

2124 5878 2238 5929 eos,
2270 5862 2365 5933 qui
2398 5871 2447 5916 te
2478 5861 2811 5917 Collaudant.
