3996 6604
345 380 481 445 1075

1472 394 1531 453 S.
1572 392 1883 454 JOSEPHI
1924 394 2487 455 HYMNOGRAI’HI

3458 390 3589 452 1076

415 500 458 554 0
488 496 651 567 Virgo
671 497 804 554 lueis
831 500 1088 569 genitrix,
1116 506 1312 559 animae
1330 519 1460 559 mete
1489 507 1662 559 nubes
1681 505 1905 575 expelle,

2083 510 2439 579 Φωτοκυῆτορ
2501 507 2918 577 Παρθένε,πτῆς
2962 508 3139 579 ψυχῆς
3190 524 3289 576 μου
3336 506 3408 558 τὰ
3456 506 3589 577 νέφη

349 600 404 645 et
436 592 695 651 concede,
721 607 755 645 o
774 590 1001 648 Domina
1024 596 1173 648 omni
1202 596 1361 652 laude
1384 597 1729 664 celebranda,
1764 608 1824 652 ut
1852 599 1919 652 ad

348 682 529 737 radios
577 682 873 737 salutiferae
931 686 1356 754 pulchritudinis
1407 688 1556 742 illius
1602 690 1693 757 qui
1726 705 1791 742 ex
1828 700 1921 744 tuo

345 773 696 829 sanctissimo
760 786 918 829 utero
969 777 1019 830 in
1065 778 1241 833 lucem
1294 781 1534 850 gentium
1588 783 1916 847 coruscavit,

346 877 480 930 pure
511 862 878 919 illuminetur.

345 996 449 1067 75
484 997 563 1051 Ex
605 1017 803 1055 canone
834 1003 887 1055 in
920 1002 1330 1129 δᾶάῌαῖἑψεε
1364 1008 1621 1079 Agnpium
1646 1020 1692 1064 et
1720 1012 1915 1075 socios,

1070 1091 1114 1127 te
1743 1105 1749 1111 -

1070 1091 1114 1127 re
1148 1091 1217 1127 ID
1743 1105 1749 1111 '

415 1200 713 1271 Splendore
744 1208 1081 1265 lucidissimo
1116 1212 1285 1278 illius,
1318 1216 1409 1283 qui
1438 1232 1499 1269 ex
1529 1224 1578 1270 te
1611 1224 1765 1273 ortus
1794 1227 1876 1273 est
1898 1259 1913 1283 ,

346 1292 616 1362 illumina,
642 1313 675 1354 0
698 1298 878 1372 Virgo,
902 1304 1136 1375 pupillas
1165 1306 1363 1362 anima:
1394 1324 1547 1375 meas,
1582 1319 1638 1365 ut
1663 1321 1713 1366 te
1747 1311 1915 1380 glori-

345 1384 508 1441 ﬁcare
548 1391 776 1458 possbn.

415 1480 730 1538 Creatorem
764 1489 1112 1558 agnovimus.
1148 1490 1241 1558 qui
1275 1490 1325 1543 in
1351 1492 1531 1546 carnis
1561 1493 1916 1548 similitudine

345 1582 567 1642 propter
607 1576 817 1632 viscera
857 1580 1245 1635 misericordiae
1270 1599 1384 1637 sua:
1414 1599 1477 1638 ex
1512 1594 1667 1639 utero
1701 1594 1795 1640 tuo
1827 1587 1914 1639 lu-

347 1663 539 1731 cifero,
577 1684 608 1719 o
640 1667 812 1724 Mater
841 1687 1056 1742 semper
1097 1673 1283 1745 Virgo,
1331 1678 1583 1746 apparuit
1630 1676 1914 1732 manifeste

345 1758 501 1811 nobis
528 1759 965 1818 collaudantibus
993 1774 1063 1821 te.

2022 599 2313 663 ἁπέλασον,
2358 599 2451 651 καὶ
2488 597 2631 651 δίδου
2680 597 2936 667 καθαρῶς
2983 594 3546 667 προσενοπτρίζεσθαι
3572 634 3588 660 ,

2021 691 2305 754 Δέσποινα,
2340 691 2400 743 τὸ
2438 690 2701 760 σωτήριον
2724 690 2918 753 κάλλος
2948 690 3041 742 τοῦ
3076 688 3389 759 λάμψαντος
3420 687 3593 759 appr;-

2019 799 2125 844 τως
2160 783 2224 835 ὲκ
2267 782 2365 850 τῆς
2397 780 2496 851 σῆς
2546 779 2819 849 παναγίας
2870 780 3060 851 νηδύος
3106 781 3185 843 είς
3236 778 3355 849 φῶς
3393 778 3589 844 ιθνῶν,

2020 876 2362 945 πανύμνητε.

2034 1008 2135 1061 Ἐκ
2165 1006 2271 1058 τοῦ
2308 1004 2567 1069 κανόνος
2586 1005 2669 1068 εἷς
2688 1003 2830 1074 τοὺς
2860 1004 3069 1074 ἁγίους
3097 1004 3398 1074 μάρτυρας
3440 1001 3598 1074 Ἁγά-

2230 1092 2370 1129 πιον
2406 1076 2501 1128 καὶ
2534 1074 2674 1139 τοὺς
2708 1073 2829 1127 σὺν
2863 1073 3039 1139 αὐτῷ,
3068 1075 3256 1143 ἡμέρᾳ
3290 1073 3370 1128 ιε’.

2090 1208 2261 1279 Αἴγλη
2308 1205 2632 1277 φαεινοτάτῃ
2678 1203 2771 1258 τοῦ
2799 1205 2863 1257 ὲκ
2899 1204 3014 1271 σοῦ,
3050 1207 3319 1278 Παρθένε,
3371 1208 3596 1262 ἀνατειο

2018 1305 2207 1367 λαντος
2225 1304 2322 1371 τῆς
2350 1300 2528 1371 ψυχῆς
2559 1317 2659 1368 μου
2689 1299 2782 1362 τὰς
2802 1298 2969 1368 κόρας
2991 1300 3421 1372 φωταγώγησον,
3442 1303 3594 1364 ὅπως

2017 1396 2224 1461 δοξάζω
2260 1412 2338 1448 σε.

2088 1488 2296 1560 Σαρκὸς
2329 1488 2634 1559 ὁμοιώματι
2682 1487 3086 1560 ὲμφανισθέντα
3113 1487 3176 1540 ὲκ
3214 1485 3314 1556 τῆς
3344 1484 3598 1554 φωτοφὸ-

2020 1599 2113 1651 ρου
2144 1582 2355 1651 νηδύος,
2386 1581 2478 1636 τὸν
2545 1582 2785 1653 Κτίστην
2837 1580 3153 1648 ἐπέγνωμεν
3184 1579 3273 1632 διὰ
3311 1576 3598 1647 σπλάγχνα

2018 1676 2221 1741 ἐλέους,
2256 1676 2389 1745 ἡμῖν
2419 1677 2531 1738 τοῖς
2565 1674 2794 1745 ὑμνοῦσι
2835 1690 2916 1741 σε,
2943 1674 3134 1745 Μήτερ
3166 1671 3518 1743 ἀειπάρθενε.

421 1848 767 1921 Unguentum
819 1859 1109 1926 suscepisti
1152 1860 1204 1913 in
1238 1868 1394 1914 utero
1446 1871 1560 1928 tuo,
1593 1878 1626 1917 ο
1662 1872 1813 1919 casta
1859 1874 1905 1917 et

2088 1857 2277 1929 Μύρον
2325 1858 2382 1909 ὲν
2417 1855 2618 1926 γαστρὶ
2668 1854 2759 1907 τὸν
2798 1855 2972 1922 Λόγον
3019 1853 3262 1915 ὑπεδέξω
3290 1894 3304 1917 ,
3352 1852 3594 1921 ἄχραντε

343 1942 621 2009 inviolata,
661 1945 892 2002 Verbum
926 1949 1155 2017 scilicet,
1189 1954 1334 2022 quod
1374 1955 1634 2010 mundum
1671 1972 1702 2010 a
1732 1956 1917 2011 laedis-

342 2039 483 2094 simo
512 2041 754 2095 omnium
781 2052 1129 2112 peccatorum
1157 2048 1324 2102 odore
1358 2050 1699 2120 repurgavit:
1726 2064 1918 2119 quam-

344 2132 529 2187 obrem
558 2140 611 2186 te
639 2149 763 2191 cum
796 2135 899 2192 ﬁde
929 2136 1144 2191 beatam
1179 2139 1535 2209 appellamus.

416 2220 626 2277 Divinis
671 2224 899 2279 canticis
963 2224 1244 2296 Deiparam
1286 2228 1474 2285 ﬁdeles
1515 2230 1915 2296 beatiﬁcemus,

342 2314 625 2370 dicentes:
658 2314 841 2383 Salva,
880 2328 1060 2388 porta,
1110 2335 1207 2390 per
1245 2336 1412 2391 quam
1451 2322 1603 2378 solus
1650 2323 1917 2379 Dominus

340 2409 717 2479 pertransivit.

411 2502 456 2559 Ο
480 2503 773 2573 purissima
805 2520 1003 2575 sponsa
1030 2506 1122 2562 Dei
1147 2507 1284 2575 {55),
1307 2522 1429 2577 qua:
1454 2516 1643 2562 sancto
1674 2508 1916 2577 germine

342 2602 439 2648 tuo
483 2595 820 2652 inﬁdelitatis
850 2600 1061 2667 plantas
1097 2598 1369 2654 arefecisti
1392 2641 1406 2664 ,
1446 2599 1618 2655 hostis
1651 2600 1912 2657 malitiam

340 2686 629 2754 imminue,
664 2689 718 2743 in
751 2706 838 2744 me
868 2690 1086 2746 assidue
1117 2690 1557 2761 repullulantem.

410 2862 642 2922 Exsolve
670 2880 777 2936 me,
808 2883 841 2921 ο
869 2868 1408 2935 immaculatissima,
1450 2867 1910 2924 inextricabilium

341 2966 694 3026 peccatorum
756 2960 989 3015 vinculis
1037 2959 1387 3031 colligatum,
1438 2975 1502 3016 ac
1548 2960 1913 3031 lacrymarum

340 3048 544 3105 imbres
600 3051 839 3106 concede
882 3052 1034 3115 mihi,
1066 3053 1280 3107 canenti
1334 3052 1401 3107 ad
1444 3068 1567 3107 eum
1602 3054 1695 3123 qui
1730 3070 1797 3109 ex
1860 3062 1912 3110 te

341 3152 494 3197 ortus
525 3153 653 3200 est:
705 3144 1031 3201 Benedictus
1088 3162 1182 3213 es,
1244 3144 1385 3201 Deus
1424 3156 1637 3217 patrum
1699 3156 1914 3203 nostro-

339 3250 487 3291 rum.

410 3326 625 3382 Medere
675 3328 1024 3398 passionibus
1060 3326 1241 3382 cordis
1272 3326 1399 3390 mei,
1438 3340 1474 3381 ο
1502 3335 1676 3382 mater
1715 3324 1905 3380 Salva-

339 3416 497 3479 toris,
534 3431 654 3484 quae
687 3416 1141 3484 impassibilitatis
1177 3415 1379 3470 fontem
1419 3415 1696 3486 peperisti,
1757 3427 1809 3470 et
1840 3415 1906 3469 ad

338 3506 502 3559 vitam
538 3507 774 3560 divinam
807 3507 983 3561 deduc
1012 3522 1117 3572 me,
1152 3515 1210 3561 ut
1236 3508 1533 3579 gloriﬁcent
1568 3517 1619 3561 te
1646 3508 1698 3561 in
1726 3509 1909 3561 omnFa

337 3600 559 3653 szecnla.

406 3694 623 3750 lllustra
676 3707 785 3760 me,
821 3708 851 3748 ο
887 3692 1391 3759 intemeratissima,
1444 3692 1789 3763 negligentia:
1826 3700 1907 3746 te-

407 3874 518 3943 (55)
546 3872 716 3929 Nemo
755 3874 965 3929 nescire
995 3871 1154 3928 debet
1201 3872 1400 3943 (inquit
1431 3872 1752 3927 Ambrosius
1796 3870 1909 3925 Ca-

334 3942 584 4001 tltarinus
616 3947 669 3998 in
716 3944 926 4012 Disput.
962 3958 1059 4011 pro
1107 3944 1333 3997 veritate
1386 3942 1751 3996 immaculatze
1780 3955 1908 3995 con-
1936 3984 1949 3997 .

334 4016 598 4083 ceptionis
655 4015 781 4068 libr.
812 4030 893 4081 nt,
935 4014 1136 4068 testim.
1173 4013 1250 4083 6,)
1298 4014 1442 4083 quod
1500 4014 1552 4065 in
1609 4013 1908 4081 Scriptttris
1948 4068 1957 4077 ,

332 4085 558 4148 sanctis,
606 4087 744 4138 inter
816 4086 1037 4148 multas,
1079 4099 1201 4150 quae
1256 4083 1329 4137 ibi
1386 4092 1907 4143 commemorantur,

333 4155 767 4211 adolescentulas
822 4165 877 4209 et
906 4154 1242 4209 concubinas
1272 4154 1433 4221 regis,
1466 4152 1576 4206 imo
1627 4154 1789 4207 etiam
1822 4166 1907 4205 re—

333 4228 510 4295 ginas,
539 4240 643 4278 una
672 4237 755 4280 est
794 4226 964 4295 ipsius
993 4224 1155 4295 Regis
1180 4221 1382 4295 Christi
1404 4222 1673 4295 primaria
1694 4224 1906 4295 Spoma

331 4290 499 4350 Electa
534 4304 587 4349 et
632 4290 931 4363 prteele'cta,
969 4290 1117 4364 quod
1159 4294 1235 4364 de_
1274 4293 1449 4347 Maria
1492 4293 1676 4364 procul
1736 4290 1904 4344 dubio

331 4360 670 4434 intelligitur,
700 4367 843 4421 sicut
888 4376 942 4419 et
989 4360 1140 4433 canit
1201 4362 1480 4434 Ecclesia.
1508 4360 1642 4415 Nam
1682 4372 1903 4434 propter

331 4431 590 4489 nimirum
619 4438 763 4492 illitis
791 4431 1162 4490 excellentiam
1191 4433 1598 4497 declarandam,
1635 4431 1897 4497 scriptum

330 4516 448 4558 est:
485 4506 773 4575 Sexaginta
807 4517 927 4559 sunt
960 4504 1169 4575 reginae,
1210 4512 1258 4555 et
1282 4505 1546 4575 octoginta
1575 4502 1897 4575 concubium,

330 4571 839 4629 adolescentulurum
866 4592 961 4629 non
990 4571 1065 4628 est
1100 4589 1366 4627 numerus.
1402 4571 1519 4625 Una
1555 4582 1631 4625 est
1662 4571 1903 4625 columba

329 4662 466 4707 mea,
490 4645 722 4713 perfecta
772 4664 908 4699 mea.
933 4644 1075 4697 Nulli
1105 4652 1285 4697 autem
1319 4644 1423 4697 nisi
1467 4658 1627 4711 supra
1679 4643 1899 4695 modum

329 4726 550 4769 austero
580 4717 782 4768 homini
816 4724 988 4783 potest
1021 4714 1187 4769 videri
1222 4718 1438 4776 decens,
1474 4713 1617 4783 quod
1634 4727 1897 4783 summus

154 4778 173 4797 '
250 4798 255 4807 λ
328 4795 383 4837 et
417 4786 710 4853 primarius
732 4778 830 4839 rex'
864 4786 1093 4838 voluerit
1114 4784 1215 4838 sibi
1247 4778 1506 4852 adeptare
1539 4783 1595 4835 in
1628 4781 1895 4851 Sponsam

331 4852 514 4915 talem.
547 4854 754 4909 scilicet
791 4854 1017 4925 primam
1072 4863 1128 4925 et
1174 4854 1648 4925 primariam,eam
1682 4852 1749 4905 de
1790 4867 1898 4925 qua

328 4926 437 4979 dici
462 4925 754 4993 aliquando
780 4921 981 4995 posset,
1004 4924 1082 4979 vel
1110 4921 1203 4992 pro
1224 4924 1407 4993 aliquo
1431 4933 1725 4985 momento,
1746 4921 1895 4995 quod

328 4997 430 5049 sub
466 4992 639 5049 hostis
668 5004 719 5049 et
751 4992 979 5050 adulteri
1012 5004 1277 5063 potestate
1314 4992 1474 5048 fuerit
1497 4995 1669 5048 :etita
1695 4992 1895 5046 subira

328 5081 445 5130 sua,
477 5077 527 5120 et
558 5066 733 5119 Patris
772 5066 857 5119 sui
909 5066 1127 5118 maximi
1175 5074 1227 5118 et
1262 5064 1509 5119 altissimi
1552 5064 1733 5132 Regis,
1771 5078 1894 5116 cum

329 5136 630 5203 pra-sertim
656 5138 886 5205 potuerit
910 5136 1022 5204 ipse
1045 5150 1107 5187 ac
1134 5135 1361 5198 noverit,
1382 5136 1425 5188 si
1450 5134 1611 5189 modo
1640 5132 1891 5196 voluerit,

327 5220 444 5258 earn
490 5204 779 5274 praeripere
803 5222 865 5259 ac
902 5219 1233 5274 praeservare
1276 5205 1401 5269 sibi,
1437 5221 1503 5258 ne
1538 5206 1590 5259 in
1631 5204 1892 5256 hostieam

327 5290 550 5333 manum
575 5276 957 5333 dimitteretur.
987 5275 1245 5338 Obsecro,
1267 5274 1542 5329 discamus
1570 5275 1672 5327 hoc
1700 5274 1890 5327 saltem

329 5362 358 5399 a
413 5344 699 5414 prudentia
758 5347 1099 5411 saeculi;nec
1152 5345 1377 5399 minoris
1428 5342 1773 5413 benignitatis
1828 5358 1891 5397 ac

328 5414 629 5483 prudentia:
656 5416 916 5471 faciamus
951 5417 1135 5469 Deum.
1158 5417 1212 5467 Si
1230 5415 1374 5466 enim
1396 5425 1669 5483 quaeratur
1690 5428 1889 5481 sponsa

328 5486 564 5551 cuipiam
600 5488 775 5552 magni
815 5488 956 5554 regis
994 5486 1121 5547 lilio,
1148 5484 1239 5553 qui
1268 5488 1547 5550 speciosus
1579 5485 1693 5552 ipse
1727 5484 1891 5535 fuerit

329 5568 438 5621 pra:
465 5554 591 5609 ﬁliis
618 5557 920 5618 hominum,
957 5566 1049 5608 aut
1102 5555 1218 5623 ipse
1266 5554 1408 5607 ﬁlius
1464 5554 1566 5607 sibi
1618 5554 1718 5622 ipsi
1768 5568 1886 5605 eam

371 5633 556 5696 utet-at,
585 5626 691 5696 imo
729 5628 811 5696 (ut
852 5628 1027 5694 aptior
1071 5625 1321 5692 parabole
1369 5624 1480 5692 liat)
1508 5625 1551 5679 si
1602 5623 1888 5696 detur__ipsi

330 5641 556 5745 autut-at,
585 5642 691 5677 uno
729 5641 811 5696 tut
852 5641 1027 5694 aptior
1071 5641 1321 5692 parabunt
1369 5641 1480 5692 ttat)
1508 5641 1551 5679 SI
1602 5641 1757 5676 detur
1787 5641 1888 5689 ψει

371 5694 442 5744 lio
471 5694 697 5762 eligendi
744 5698 990 5757 facultas,
1027 5700 1154 5764 quiti
1204 5696 1380 5763 potius
1428 5703 1481 5747 et
1535 5693 1797 5746 condendi
1837 5702 1889 5745 et

329 5764 685 5830 conponendi
732 5775 973 5833 potestas
1016 5781 1177 5818 unam
1222 5765 1457 5833 aliquam
1498 5778 1594 5832 pro
1638 5772 1785 5824 voto,
1819 5777 1885 5815 an

331 5849 539 5901 quiest),
575 5833 735 5889 talem
781 5836 961 5905 eliget,
998 5845 1090 5889 aut
1138 5835 1236 5888 sibi
1284 5837 1497 5896 condet,
1528 5848 1691 5901 quam
1738 5849 1887 5888 com-

2026 1946 2194 2020 ἁγνὴ,
2245 1948 2337 2001 τὸν
2391 1947 2595 2015 κόσμον
2661 1945 2924 2008 δυσωδίας
2983 1943 3428 2015 ἀποκαθαίροντα
3484 1943 3595 1995 πά-

2021 2052 2119 2105 σης
2176 2034 2282 2088 τῶν
2342 2033 2754 2103 ὲπταισμένωνο
2810 2032 2932 2086 ὅθεν
2978 2032 3187 2096 πιστῶς
3241 2049 3300 2085 σε
3351 2031 3594 2103 μακαρί-

2088 2146 2204 2180 μεν.

2088 2147 2097 2163 ο
2126 2146 2204 2180 εν.

2019 2125 2481 2288 ζοιΐϊμνολογίαις
2529 2217 2703 2280 θείαις
2736 2217 2836 2288 τὴν
2873 2215 3137 2269 Θεοτὸκον
3179 2216 3360 2268 πιστοὶ
3413 2230 3595 2283 μακα-

2019 2309 2295 2379 ρίσωμενο
2328 2310 2522 2381 Χαῖρε,
2554 2310 2826 2377 λέγοντες,
2855 2310 3020 2379 πύλη,
3052 2309 3122 2379 ἢν
3149 2307 3309 2378 μόνος
3332 2304 3594 2361 διώδευσε

2018 2402 2244 2471 Κύριος.

2088 2496 2395 2567 Μαράνασα
2428 2496 2493 2551 τὰ
2522 2494 2664 2565 φυτὰ
2710 2497 2809 2568 τῆς
2856 2493 3068 2558 ἀθετας,
3126 2490 3463 2561 πανάμωμε,
3513 2489 3594 2561 τῷ

2018 2585 2096 2657 σῷ
2162 2588 2306 2656 ἁγίω
2382 2587 2691 2659 φυτῷιτὴν
2773 2586 3289 2641 ἀναϐλαστάνουσαν
3354 2586 3412 2639 ὲν
3466 2586 3595 2655 ἐμοὶ

2016 2681 2281 2739 ἑκάστοτε
2329 2682 2423 2735 τοῦ
2478 2678 2674 2751 ἐχθροῦ
2754 2680 2955 2735 κακίαν
3021 2676 3412 2749 ἀπομείωσον,
3476 2674 3593 2729 θεό-

2015 2792 2218 2844 νυμφε.

2085 2867 2211 2918 Δεδε
2221 2868 2378 2937 μένον
2398 2868 2604 2938 σειραῖς
2628 2879 2693 2937 με
2713 2864 3008 2937 ἀμυθήτων
3027 2868 3386 2933 πταισμάτων
3405 2868 3587 2933 λύσον,

2015 2959 2325 3029 πανάμωμε
2361 2959 2675 3030 παρέχουσά
2707 2976 2795 3029 μοι
2838 2960 3078 3029 ὄμϐρους
3121 2959 3373 3031 δακρύων
3405 2960 3583 3031 μελῳον

2014 3050 2193 3104 δοῦντι
2220 3051 2293 3122 τῷ
2312 3054 2375 3105 ὲκ
2406 3051 2499 3105 σοῦ
2528 3052 2889 3105 ἀνατείλαντν
2941 3053 2983 3103 Ο
3008 3054 3118 3106 τῶν
3147 3053 3400 3125 πατέρων
3435 3052 3591 3124 ἡμῶν

2014 3144 2168 3209 Θεὸς,
2196 3145 2486 3215 εὐλογητὸς
2521 3141 2590 3200 εἴ.

2087 3321 2266 3376 ’Ίασαί
2298 3339 2397 3391 μου
2427 3321 2495 3374 τὰ
2526 3320 2671 3393 πάθη
2698 3322 2795 3393 τῆς
2826 3321 3078 3394 καρδίας,
3108 3321 3380 3388 ἀπαθείας
3405 3324 3588 3393 πηγὴν

2013 3415 2048 3485 ἡ
2078 3416 2351 3477 τετοκυῖα,
2398 3414 2492 3468 καὶ
2528 3414 2662 3485 πρὸς
2714 3414 2858 3484 ζωήν
2892 3431 2957 3483 με
2990 3414 3139 3469 θείαν
3172 3414 3581 3486 καθοδήγησον,

2014 3508 2101 3560 ἴνα
2134 3526 2197 3563 σε
2224 3504 2452 3573 δοξάζω,
2490 3506 2686 3578 Μῆτερ
2715 3504 2808 3561 τοῦ
2838 3508 3111 3579 Σωτῆρος,
3139 3507 3219 3572 εἰς
3236 3508 3445 3573 πάντας
3464 3508 3588 3575 τοὺς

2014 3600 2234 3661 αἰῶνας.

2084 3691 2227 3746 Φωτι
2260 3708 2327 3762 με
2364 3692 2656 3761 μετανοίας
2682 3692 2773 3747 τὸν
2812 3692 3199 3763 ὲσκοτισμένον
3234 3696 3299 3765 τῇ
3334 3693 3582 3765 ἀμελείᾳ,

2007 3870 2264 3940 prehendi
2307 3871 2376 3924 ab
2417 3870 2569 3926 hoste
2596 3880 2649 3927 et
2678 3872 2865 3927 violari
2913 3873 3170 3942 patiatur,
3202 3888 3363 3942 quam
3405 3884 3580 3930 tamen

2009 3942 2160 4010 prius
2205 3943 2439 4010 potuerit
2474 3942 2588 4010 ipse
2620 3958 2684 3996 ac
2729 3944 2988 3996 meruerit
3036 3944 3300 3997 servare?
3334 3944 3581 3999 Profer-to

2008 4020 2259 4065 austerus
2286 4012 2546 4065 nimirum
2584 4027 2807 4067 necesse
2831 4014 2923 4077 sit,
2955 4013 3048 4081 qui
3076 4012 3179 4068 hoc
3208 4014 3441 4068 fateatur
3468 4031 3479 4065 :
3507 4016 3582 4068 in-

2008 4081 2467 4153 decentissimum
2499 4083 2644 4136 enim
2690 4081 2907 4138 esthoc
2954 4083 3009 4138 in
3061 4098 3262 4153 sponsa
3304 4085 3577 4152 primaria.

2008 4148 2330 4231 Fmdissime
2384 4152 2527 4205 enim
2580 4153 2949 4207 claudicarent
3006 4148 3361 4231 hze:nuptiic,
3406 4170 3579 4231 neque

2006 4225 2157 4293 enim,
2198 4236 2400 4293 sponso
2447 4231 2593 4293 esset
2646 4237 2853 4293 sponsa
2884 4225 3233 4288 conveniens,
3271 4240 3432 4291 quem
3464 4225 3574 4293 jam

2013 4290 2322 4357 speciosum
2358 4290 2587 4345 facimus
2624 4290 2731 4361 pra:
2766 4292 2889 4347 liliis
2922 4293 3224 4347 hominum.
3252 4290 3405 4358 Quod
3451 4290 3577 4349 vero

2010 4371 2130 4427 post
2161 4377 2324 4415 unam
2362 4362 2500 4415 hanc
2526 4362 2839 4430 primariam
2872 4364 3089 4431 penitus
3130 4364 3415 4428 illibatam,
3443 4365 3575 4419 alias

2008 4431 2205 4484 habeat
2248 4432 2590 4491 secundario.
2636 4434 2751 4487 sive
2791 4434 3034 4499 ancillas,
3078 4434 3193 4487 sive
3220 4434 3575 4499 concubinas,

2010 4502 2312 4569 redetnptas
2347 4510 2524 4555 tamen
2552 4511 2606 4556 et
2642 4506 2710 4556 ab
2751 4502 2986 4557 hostium
3024 4519 3185 4557 manu
3225 4513 3459 4571 ereptas,
3494 4514 3576 4557 at-

2006 4584 2111 4637 que
2140 4571 2258 4625 ideo
2284 4585 2391 4624 non
2425 4571 2641 4639 penitus
2672 4572 2924 4638 intactas,
2958 4574 3091 4627 nihil
3143 4573 3438 4627 absurdum
3476 4583 3573 4639 est,

2002 4641 2186 4694 nullus
2203 4640 2878 4711 enim,vituperiodcderit.
2899 4644 3060 4697 modo
3077 4644 3167 4697 illa
3183 4657 3289 4697 una
3310 4643 3484 4712 prima
3514 4656 3569 4701 at

2002 4713 2271 4785 praecipua
2298 4723 2517 4785 servata
2543 4713 2809 4785 sitilli,ut
2830 4728 3055 4785 prorsus
3082 4714 3308 4785 illibata,
3347 4715 3571 4779 intacta,

2002 4781 2347 4835 immaculata
2384 4781 2564 4837 fuerit.
2601 4783 2739 4847 Quid
2774 4781 2951 4849 cogo?
2984 4782 3371 4837 Prudentiores
3415 4793 3567 4837 erunt

2000 4851 2094 4903 ﬁlii
2144 4852 2324 4907 saeculi
2374 4854 2426 4906 in
2466 4856 2813 4922 generatione
2861 4869 3100 4917 sua,non
3121 4853 3449 4921 dico,quam
3482 4853 3570 4906 ﬁlii

2002 4922 2138 4975 lucis
2155 4924 2278 4989 (hoc
2295 4922 2439 4977 enim
2478 4938 2570 4991 per
2602 4924 2909 4977 socordiam
2932 4933 3172 4978 nostram
3190 4937 3334 4990 saepe
3346 4924 3564 4977 contin-

1997 4992 2116 5060 git),
2145 4994 2234 5045 sed
2252 4995 2374 5047 dico
2392 5008 2553 5061 quam
2575 4994 2686 5062 ipsa
2708 4994 2840 5047 lux?
2871 4994 3011 5061 Ipsa,
3041 4993 3394 5062 inquam,lux
3418 5004 3570 5046 teter-

1999 5071 2153 5133 na,et
2170 5063 2431 5133 sapientia
2454 5079 2599 5129 vera,
2618 5064 2758 5119 unde
2785 5066 2964 5119 omnis
2985 5063 3571 5133 sapit,quicunquesa-

1997 5130 2074 5200 pit
2092 5130 2299 5188 ?Absit.
2320 5133 2455 5199 Quis
2472 5135 2614 5188 enim
2640 5135 2819 5188 dicere
2843 5135 2945 5188 hoc
2975 5130 3150 5203 potest
3167 5130 3285 5187 sine
3314 5130 3573 5200 blasphe-

1995 5204 2138 5256 mia?
2155 5203 2293 5273 Ergo
2308 5207 2744 5271 speciosissimus
2758 5208 2999 5258 omnium
3020 5203 3347 5273 Sponsus,et
3362 5203 3572 5273 sapienf

1997 5272 2273 5335 tissimus,
2295 5284 2346 5328 ct
2371 5275 2934 5343 omnipotentissimus
2980 5274 3112 5336 Rex,
3138 5288 3249 5327 non
3281 5272 3440 5326 talem
3469 5272 3565 5326 sibi

1993 5344 2169 5408 potius
2190 5346 2519 5412 adoptaverit
2553 5343 2841 5413 Sponsam,
2873 5347 2982 5398 imo
3007 5344 3090 5412 (ut
3112 5344 3429 5413 Hieronymi
3452 5350 3567 5413 utar

1993 5413 2192 5481 verbis)
2228 5411 2387 5467 etiam
2422 5411 2747 5479 condiderit,
2774 5431 2837 5469 ac
2870 5411 3185 5476 servaverit,
3218 5411 3434 5481 qualem
3467 5411 3567 5465 sibi

1992 5484 2215 5536 omnino
2244 5486 2530 5539 convenire
2557 5487 2896 5553 praevideret,
2916 5486 3123 5539 scilicet
3150 5492 3414 5553 perpetuo
3444 5496 3566 5550 spe-

1990 5553 2221 5616 ciosam,
2247 5552 2643 5618 intemeratam,
2678 5556 3046 5619 incorruptam
3085 5552 3302 5623 penitus
3324 5562 3379 5605 et
3413 5566 3567 5623 men-

1990 5629 2043 5693 te
2072 5631 2125 5676 et
2163 5639 2411 5693 corpore,
2442 5636 2631 5680 etcum
2678 5642 2783 5692 qua
2818 5628 3025 5679 nullum
3056 5620 3294 5693 unquam
3332 5620 3567 5693 potuerit

1991 5690 2322 5750 intervenire
2377 5690 2707 5751 dissidium?
2753 5696 2853 5761 Qui
2926 5695 3028 5749 hoc
3094 5690 3394 5758 negaverit,
3428 5690 3565 5761 "18'0

1990 5762 2216 5835 aﬁectns
2274 5766 2362 5828 sit,
2396 5781 2621 5835 prorsus
2677 5760 2897 5821 necesse
2955 5776 3057 5821 est.
3094 5783 3112 5817 ι
3152 5762 3424 5819 Hactenus
3460 5760 3564 5815 Ca-

1990 5834 2238 5888 tharinus
2294 5834 2411 5890 loco
2439 5837 2619 5892 citato.
