3996 6606
340 472 470 538 1077

1774 469 2138 531 MARIALE.

3440 465 3577 530 1078

335 586 664 656 πανάμωμε,
707 584 1044 656 λάμπρυνον,
1085 583 1232 648 ὅπως
1265 582 1419 656 ὑμνῶ
1449 582 1542 638 καὶ
1579 583 1786 651 δοξάζω
1825 583 1895 636 τὰ
1925 629 1932 643 ε

2027 583 2189 640 ιειηὶε
2219 583 2473 649 offusum,
2499 583 2620 638 luce
2649 581 3008 652 pmnilentiae,
3057 591 3117 637 ut
3144 583 3360 638 laudem
3387 594 3439 640 et
3463 585 3579 655 glo-

337 679 598 750 μεγαλεῖὰ
626 695 742 733 σου.

2009 675 2216 732 riﬁcem
2251 675 2520 748 magnalia
2553 683 2668 730 tua.

1175 823 1284 894 76
1326 821 1408 876 Ea;
1427 837 1624 876 canone
1649 822 1702 875 in
1730 819 1788 876 S.
1813 819 2016 890 Papam
2045 828 2350 889 martyrem,
2381 820 2469 873 die
2485 820 2548 874 16
2576 820 2736 889 (55‘).

412 963 694 1035 Tanquam
724 964 930 1036 angelis
960 964 1203 1020 sanctior
1245 964 1536 1030 exsistens,
1571 962 1740 1018 Deum
1771 977 1903 1018 san-

337 1070 509 1124 ctum,
551 1057 920 1122 sanctissima,
992 1055 1333 1126 concepisti,
1397 1054 1491 1125 qui
1557 1054 1902 1109 sanctitatem

338 1151 567 1222 largitur
609 1152 866 1207 omnibus
914 1164 1036 1207 sese
1074 1149 1416 1205 incessanter
1449 1146 1904 1218 gloriﬁcantibus,

338 1252 670 1312 sanctosque
701 1242 876 1312 ipsius
911 1252 1182 1314 martyres
1217 1240 1626 1297 venerantibus.

409 1336 626 1392 Canens
677 1335 943 1404 propheta
995 1335 1162 1390 David
1199 1343 1271 1400 te,
1323 1333 1412 1388 Dei
1445 1331 1655 1397 Mater,
1705 1330 1909 1386 montis

335 1425 556 1495 pinguis
630 1424 851 1480 nomine
913 1424 1358 1482 manifestissime
1423 1423 1907 1495 praesigniﬁcavit,

337 1534 405 1571 ex
431 1531 541 1587 quo
573 1515 795 1572 advenit
837 1516 1093 1574 Christus
1113 1557 1130 1584 ,
1159 1516 1255 1588 qui
1285 1515 1506 1572 malitia:
1533 1524 1751 1571 montes
1774 1529 1908 1570 con-

339 1609 511 1666 trivit.

413 1699 703 1771 Templum
742 1710 991 1757 sanctum
1028 1697 1350 1773 apparuisti,
1388 1714 1422 1755 ο
1455 1697 1623 1771 Virgo
1658 1697 1908 1770 innupta,

337 1796 487 1865 quod
517 1793 685 1851 Deum
719 1795 775 1850 in
802 1811 861 1852 se
909 1793 1203 1858 continuit,
1248 1793 1522 1849 universis
1562 1792 1906 1848 sanctitatem

2008 961 2192 1024 enixa,
2227 961 2486 1032 abyssum
2537 962 2801 1018 malorum
2833 978 3083 1020 meorum
3115 962 3356 1028 exsicca,
3395 979 3431 1019 ο
3473 963 3582 1018 Do-

2009 1054 2158 1108 mina
2179 1052 2549 1118 sanctissima,
2575 1053 2968 1112 intercessione
2991 1064 3107 1123 tua,
3138 1064 3194 1112 et
3219 1057 3582 1128 cogitationes

2011 1142 2452 1213 compunctionis
2484 1143 2725 1200 concede
2756 1147 2911 1201 mihi.

2081 1236 2406 1294 Benedictus
2428 1236 2636 1296 fructus
2663 1247 2790 1295 tuus
2812 1240 2963 1294 omni
2991 1240 3371 1298 benedictione
3394 1258 3580 1297 cumu-

2011 1327 2334 1395 latissimus,
2367 1343 2400 1384 o
2428 1328 2872 1384 benedictissima
2915 1330 3160 1395 Domina,
3191 1348 3351 1402 quem
3391 1335 3582 1402 depre-

2013 1437 2160 1489 care,
2191 1429 2250 1478 ut
2279 1422 2565 1480 benedicat
2587 1421 2765 1488 nobis,
2793 1423 2885 1493 qui
2915 1431 2967 1479 te
2995 1435 3204 1480 castam
3233 1425 3326 1481 Dei
3354 1425 3582 1482 Matrem

2013 1513 2362 1582 agnovimus.

2085 1603 2270 1676 Dejice
2305 1604 2628 1662 fortitudine
2666 1616 2780 1672 tua,
2812 1602 2979 1676 Virgo
3027 1605 3310 1672 inviolata,
3360 1607 3583 1661 univer-

2013 1712 2130 1753 sam
2160 1697 2334 1754 hostis
2367 1697 2763 1761 fortitudinem,
2800 1712 3013 1767 nosque
3037 1697 3234 1753 virtute
3260 1699 3581 1760 corrobora,

2013 1796 2076 1842 ut
2120 1787 2360 1843 divinam
2411 1787 2504 1842 filii
2556 1787 2635 1842 tui
2691 1787 3028 1842 voluntatem
3082 1787 3348 1856 perficere
3400 1788 3583 1842 valea-

333 1885 680 1957 largiemem,
720 1896 940 1956 propter
974 1885 1406 1941 misericordiam
1457 1901 1613 1940 suam
1659 1883 1906 1941 ineﬂabi-
1944 1876 1984 1932 Β
2016 1893 2158 1945 mus,
2218 1893 2251 1933 0
2290 1878 2606 1950 praesidium
2659 1876 3011 1932 formidabile
3053 1892 3242 1933 eorum
3297 1877 3392 1948 qui
3431 1878 3585 1932 invo-

334 1978 467 2044 lem,
501 1988 558 2034 et
586 1981 845 2050 pietatem
879 1994 1106 2050 prorsus
1142 1977 1587 2033 inenarrabilem.

410 2067 506 2134 Te,
536 2084 569 2124 ο
590 2070 698 2125 Deo
727 2068 1077 2135 charissima,
1113 2067 1502 2138 Prophetarum
1533 2067 1739 2126 chorus
1769 2083 1906 2140 prte-

334 2161 666 2216 monstravit
692 2160 807 2216 fore
850 2151 1124 2216 Creatoris
1169 2159 1417 2226 Matrem,
1448 2175 1610 2228 quem
1642 2162 1763 2216 sine
1794 2161 1902 2216 ulla

333 2254 750 2310 intermissione
796 2268 1070 2324 precare,
1108 2260 1168 2308 ut
1211 2253 1540 2310 misereatur
1592 2253 1904 2309 animarum

333 2356 676 2403 nostrarum.

403 2439 676 2510 Abyssum
696 2437 1084 2496 misericordia:
1121 2447 1177 2495 et
1193 2438 1608 2496 miserationum
1625 2439 1907 2496 Christum

341 2597 449 2652 Ἐκ
471 2596 581 2653 τοῦ
618 2598 875 2664 κανόνος
901 2597 992 2664 εὶς
1021 2596 1131 2652 τὸν
1157 2596 1331 2666 ἄτιον
1362 2596 1639 2666 Ἃλέξιον
1670 2596 1778 2651 τὸν
1803 2596 1908 2652 ἇν-

684 2671 920 2737 θρωπον
949 2667 1054 2723 τοῦ
1075 2665 1241 2732 Θεοῦ,
1263 2665 1455 2737 ἡμέρᾳ
1477 2666 1563 2734 ιζ’.

420 2791 479 2848 ’0
508 2794 644 2850 Θεοῦ
671 2795 1018 2868 συνάναρχος
1048 2797 1175 2862 Υἱὸς
1201 2797 1358 2870 ἔσχεν
1388 2798 1464 2864 ὡς
1495 2798 1676 2855 αἰτίαν
1713 2817 1773 2854 σε
1805 2799 1906 2871 τῆς

326 2888 469 2958 πρὸς
498 2890 667 2960 ἡμᾶς,
687 2890 957 2962 Παρθένε,
983 2891 1301 2965 ὁμοιώσεως
1326 2894 1496 2966 μόνην
1516 2894 1657 2966 ὑπὲρ
1683 2895 1906 2950 ἅπασαν

314 2972 535 3046 κτίσιν,
585 2982 843 3053 ἄχραντε,
891 2982 1149 3055 καθαράν
1184 3001 1245 3038 σε
1292 2984 1628 3055 εὑράμενος·
1682 2985 1805 3040 ὅθεν
1844 3001 1905 3040 σε

327 3072 501 3142 ὑμνοῦ
510 3091 610 3145 μεν
638 3076 810 3130 πᾶσαι
842 3076 1024 3145 γενεαὶ
1054 3077 1149 3131 καὶ¹
1177 3075 1580 3149 μακαρίζομεν.

2013 1978 2142 2024 cant
2175 1969 2260 2024 te!

2083 2057 2246 2130 Virgo
2274 2069 2448 2122 casta,
2481 2068 2535 2116 et
2562 2057 2937 2122 immaculata,
2973 2073 3095 2127 qua:
3124 2055 3219 2111 Dei
3270 2064 3585 2125 receptacu-

2015 2149 2124 2204 lum
2159 2148 2501 2219 apparuisti,
2536 2164 2625 2202 me
2680 2147 2933 2218 plurimis
2965 2146 3206 2216 peccatis
3251 2145 3582 2199 maculatum

2013 2241 2271 2308 cmunda,
2290 2257 2552 2313 precor,o
2575 2238 3177 2311 Deipara,puri[icativa
3191 2238 3586 2294 intercessione

2013 2342 2147 2400 tua,
2198 2342 2253 2390 et
2311 2334 2370 2392 in
2422 2334 2512 2392 die
2556 2331 2751 2406 judicii
2804 2347 2834 2388 a
2879 2331 3250 2388 damnationis
3314 2331 3586 2388 sententia

2013 2425 2183 2482 libera
2210 2441 2317 2484 me.

2015 2577 2122 2648 77
2156 2576 2242 2633 Ea:
2282 2595 2484 2635 canone
2508 2581 2563 2635 in
2595 2580 2657 2636 S.
2686 2579 2933 2635 Alesiam
2959 2579 3219 2635 hominem
3249 2579 3368 2640 Dei.
3390 2579 3475 2635 die
3501 2581 3583 2636 l7.

2084 2785 2179 2842 Dei
2208 2785 2403 2854 Filius,
2441 2789 2518 2844 illi
2549 2799 2877 2856 coaeternus,
2919 2789 3114 2846 habuit
3143 2797 3218 2854 te,
3249 2802 3282 2842 ο
3311 2784 3480 2858 Virgo
3506 2787 3589 2842 in-

2015 2876 2236 2947 violata,
2291 2888 2552 2951 tanquam
2605 2897 2853 2948 causam,
2891 2897 3000 2952 qua
3047 2881 3247 2937 similis
3293 2879 3474 2936 factus
3503 2889 3589 2936 est

2013 2971 2195 3036 nobis,
2227 2987 2354 3028 cum
2395 2981 2446 3028 te
2478 2973 2648 3028 solam
2685 2989 2853 3044 super
2885 2989 3103 3029 omnem
3142 2983 3454 3028 creaturam
3504 2972 3587 3028 in-

2011 3062 2253 3117 venisset
2289 3078 2480 3134 puram
2521 3061 2636 3136 (56)
2667 3082 2679 3118 :
2716 3065 2861 3118 unde
2899 3078 3092 3120 omnes
3130 3063 3510 3135 generationes
3538 3073 3588 3120 te
3617 3063 3631 3086 ‘

2012 3153 2316 3224 laudamus,
2357 3171 2420 3211 ac
2451 3157 2666 3212 beatam
2699 3157 3054 3228 appellamus.

415 3252 478 3306 Ὀ
511 3252 623 3308 ἄνω
664 3254 975 3328 ἀθεώρητος
1003 3258 1117 3322 τοῖς
1145 3258 1422 3328 ἀγγέλοις,
1450 3259 1686 3331 ἄχραντε
1708 3303 1723 3328 ,
1759 3262 1909 3317 κάτω

2082 3247 2186 3314 Qui
2209 3249 2464 3320 superius
2489 3250 2541 3304 in
2573 3250 2715 3306 caelo
2741 3259 2825 3306 est
2867 3251 3075 3320 angelis
3101 3241 3590 3317 invisibilis,'infe-

333 3346 400 3397 ἐκ
441 3345 537 3399 σοῦ
588 3348 876 3418 γενόμενος
944 3349 1250 3421 καθορᾶται
1314 3351 1520 3416 τέλειος
1582 3350 1902 3425 ἅνθρωπος,

331 3436 705 3510 ἀπολλύμενον
731 3441 934 3502 κόσμον
960 3442 1369 3501 ἀνακτώμενος.

402 3619 695 3692 Θηλάσασα
739 3624 829 3676 τὸν
867 3623 1088 3696 δοτῆρα,
1137 3625 1412 3698 Παρθὲνε,
1457 3627 1552 3680 τοῦ
1607 3627 1904 3697 γάλακτος,

332 3701 607 3767 πεινῶσαν
644 3715 738 3768 καὶ
782 3716 1072 3772 στένουσαν
1113 3715 1208 3771 νῦν
1253 3718 1352 3790 τὴν
1381 3719 1612 3789 καρδίαν
1661 3737 1764 3790 μου
1815 3720 1908 3774 κό-

335 3822 490 3873 ρεσον
523 3808 702 3879 πάσης
732 3808 1080 3878 ἐπιγνώσεως
1105 3811 1200 3865 καὶ
1224 3811 1568 3877 κατανύξεως
1593 3812 1765 3877 θείας,
1795 3814 1908 3866 ίκε-

331 3915 473 3952 τευω
499 3917 580 3954 σε.

414 3987 472 4040 '0
503 3988 617 4058 φῶς
661 3990 930 4044 κατοικῶν
981 3992 1080 4062 τὴν
1131 3991 1293 4060 ἁγίαν
1332 3991 1546 4063 ᾤκησεν
1595 4009 1688 4046 σου
1723 3992 1906 4062 νηδὺν,

331 4079 493 4151 ἁγνὴ,
548 4082 753 4152 κόσμον
798 4083 1171 4154 ἀπολλύμενον
1214 4085 1396 4138 σκότει
1448 4085 1722 4154 ἀγνωσίας
1774 4085 1907 4138 ἀνα-

333 4171 632 4237 κτώμενος,
659 4171 718 4226 ὃν
766 4174 974 4228 ἱκέτευε
1012 4176 1217 4240 πάντας
1242 4177 1480 4245 φωτίσαι
1509 4176 1633 4240 τοὺς
1677 4174 1908 4244 ὑμνοῦν-

328 4279 431 4325 τας
465 4280 548 4319 σε.

407 4356 624 4427 Νόμους
651 4358 885 4428 φύσεως,
919 4360 1156 4431 ἄχραντε
1187 4360 1478 4422 Δέσποινα,
1514 4360 1905 4432 όΔημιουργδς

331 4453 756 4518 καινουργῆσας,
777 4448 878 4518 τῆς
901 4449 1129 4511 κτίσεως
1147 4450 1211 4502 ὲκ
1230 4447 1323 4502 σοῦ
1346 4449 1604 4521 ἀρρήτως
1631 4446 1904 4513 τίκτεται,

333 4541 431 4592 καὶ
462 4539 576 4592 θεοῖ
599 4557 667 4612 με
695 4540 761 4594 δι’
788 4543 1027 4612 ἄμετρον
1059 4540 1230 4608 ἔλεος.

404 4723 659 4789 Μεγαλου
707 4720 954 4784 διάκονος
1003 4721 1067 4774 σὺ
1110 4718 1410 4791 μυστηρίου
1461 4719 1680 4786 ἐγένου,
1732 4718 1909 4770 πανά-

332 4829 526 4883 μωμε·
560 4813 693 4866 Θεὸν
724 4813 834 4884 γὰρ
863 4813 1236 4882 ὲσωμάτωσας
1270 4811 1521 4882 μεγάλων
1549 4808 1736 4863 κακῶν
1760 4810 1909 4879 ἡμᾶς

329 4905 806 4978 ἁπολυτρούμενον
844 4906 972 4970 τούς
1002 4923 1061 4958 σε
1089 4904 1513 4978 μεγαλύνοντας,
1545 4903 1706 4974 ἁγνὴ,
1754 4902 1909 4954 εὐλο-

330 5015 406 5070 γη
413 5000 549 5070 μένη
579 4999 961 5071 θεοχαρίτωτε.

418 5091 744 5154 Ῥεύσαντας
774 5094 922 5162 ἡμᾶς
952 5094 1018 5163 τῇ
1054 5092 1220 5146 πάλαι
1259 5092 1571 5164 παραϐάσει
1615 5091 1906 5146 ἀνακαινί-

330 5184 442 5248 (inv
472 5185 502 5236 ὁ
527 5184 907 5255 φιλάνθρωπος
936 5184 1254 5256 ἀρῤεύστως
1278 5185 1624 5255 σεσάρκωται
1653 5184 1713 5248 ἐξ
1737 5184 1910 5254 ἀφθό-

407 5364 544 5434 (525')
576 5364 764 5420 Graeca
795 5366 992 5421 desunt
1021 5363 1075 5418 in
1109 5364 1323 5418 Menzcis
1351 5362 1656 5434 impressis.

405 5432 670 5503 (56)'Non
710 5435 1005 5491 invenisset
1053 5434 1141 5489 Dei
1183 5434 1352 5489 Filius
1393 5434 1451 5488 Β.
1483 5432 1756 5502 Virginem
1814 5449 1902 5488 so-

330 5508 438 5562 lam
480 5507 625 5559 omni
655 5515 900 5560 creatura
930 5506 1222 5571 puriorem,
1254 5507 1298 5560 si
1325 5506 1439 5559 ha‘c
1478 5520 1586 5558 non
1616 5505 1780 5559 fuerit
1806 5505 1906 5559 im—

333 5575 518 5630 munis
586 5577 655 5629 ah
698 5576 950 5646 originali
1001 5576 1236 5641 macula,
1268 5591 1374 5645 qua
1432 5574 1590 5646 primi
1651 5584 1906 5646 parentes

329 5655 628 5701 caruerunt
667 5645 833 5700 creati
876 5648 927 5699 in
969 5646 1182 5716 justitia
1213 5657 1265 5699 et
1297 5645 1588 5716 sanctitate
1633 5645 1901 5716 veritatis.

330 5718 468 5770 Cum
499 5726 680 5770 autem
725 5717 896 5772 solam
929 5714 1079 5772 omni
1125 5726 1373 5770 creatura
1425 5714 1699 5784 puriorem
1750 5715 1903 5768 inve-

335 5788 529 5850 nisset,
571 5787 626 5840 iu
658 5802 721 5840 ea
751 5787 941 5840 habuit
980 5802 1200 5857 causam
1255 5801 1360 5857 qua
1394 5785 1590 5839 similis
1611 5785 1904 5857 nobisho-

337 5868 438 5920 Μ,
469 5872 662 5925 nempe
688 5872 955 5910 summam
988 5852 1303 5925 puritatem,
1336 5857 1577 5924 sincqna
1611 5854 1699 5907 Dei
1736 5852 1904 5908 Filius

340 5927 394 5981 in
422 5943 488 5984 ea
515 5943 624 5983 non
648 5927 839 5984 fuisset
870 5927 1203 5985 incarnatus.
1233 5927 1350 5984 Non
1380 5926 1525 5984 enim
1556 5926 1776 5981 decebat
1801 5941 1902 5996 pu-

2013 3342 2130 3397 rius
2191 3342 2244 3396 in
2293 3349 2437 3396 terra
2469 3355 2631 3398 natus
2663 3358 2727 3398 ex
2759 3352 2835 3408 te,
2861 3359 2894 3398 ο
2918 3343 3205 3410 inviolata,
3231 3344 3301 3399 ab
3330 3344 3592 3400 omnibus

2007 3433 2346 3503 conspicitur
2399 3433 2672 3505 perfectus
2742 3435 2946 3503 homo,
2996 3435 3268 3507 perditum
3325 3436 3593 3494 mundum

2008 3534 2332 3594 recuperatu
2343 3541 2457 3581 rus.

2079 3617 2124 3671 Ο
2157 3614 2342 3688 Virgo,
2375 3634 2497 3690 qua:
2529 3619 2772 3676 datorem
2807 3621 2967 3677 lactis
2997 3621 3238 3688 iactasti,
3271 3638 3370 3678 cor
3411 3639 3591 3677 meum

2009 3707 2316 3766 famescens
2340 3726 2406 3766 ac
2424 3728 2648 3783 gemens
2669 3714 2829 3783 satia,
2850 3730 3064 3786 precor,
3097 3717 3248 3772 omni
3281 3717 3594 3788 cognitione

2011 3819 2075 3859 ac
2098 3807 2521 3875 compunctione
2558 3807 2770 3867 divina.

2081 3985 2185 4053 Qui
2223 3985 2434 4042 habitat
2461 3987 2513 4042 in
2546 3987 2689 4054 luce,
2757 3989 2811 4044 in
2839 3989 3225 4046 sancto'utero
3247 3999 3342 4046 tuo
3373 3990 3592 4046 habita-

2011 4079 2108 4143 vit,
2142 4094 2174 4134 ο
2204 4089 2390 4145 casta,
2447 4091 2509 4134 ut
2549 4080 2814 4136 mundum
2863 4080 2918 4137 in
2969 4082 3206 4137 tenebris
3273 4083 3594 4153 ignorantiae

2012 4178 2334 4240 pereuntem
2399 4185 2784 4242 recuperaret;
2841 4174 3096 4230 emndcm
3154 4176 3477 4246 deprecare,
3533 4187 3592 4230 ut

2011 4277 2201 4318 omnes
2231 4277 2280 4318 te
2308 4263 2590 4320 laudantes
2623 4265 2912 4322 illuminet.

2083 4354 2218 4409 Cum
2257 4365 2639 4413 creaturarum
2691 4360 2941 4416 conditor
3005 4369 3210 4416 natura:
3243 4361 3388 4432 leges
3429 4364 3594 4416 inno-

2012 4457 2230 4515 vasset,
2271 4465 2302 4504 ο
2337 4448 2566 4506 Domina
2621 4452 2913 4518 inviolata,
2955 4469 3021 4508 ex
3053 4463 3104 4508 te
3136 4453 3395 4509 ineﬂabili
3428 4456 3592 4508 modo

2013 4550 2173 4596 natus
2200 4551 2302 4606 est,
2346 4553 2509 4598 etme
2552 4554 2774 4616 propter
2803 4547 3128 4603 immensam
3161 4547 3593 4602 misericordiam

1939 4617 1990 4675 Π
2018 4649 2170 4688 suam
2197 4635 2486 4692 dciﬁcavit.

2089 4724 2267 4795 Magni
2301 4728 2542 4798 mysterii
2571 4729 2821 4785 ministra
2845 4730 2984 4786 facta
3008 4747 3067 4787 es
3098 4739 3181 4799 tu,
3212 4749 3244 4786 ο
3273 4732 3595 4787 immacula-

2014 4818 2258 4885 tissima;
2295 4821 2462 4874 Deum
2489 4821 2634 4875 enim
2665 4824 2992 4891 corporasti,
3020 4825 3112 4894 qui
3143 4840 3172 4878 a
3201 4824 3414 4893 magnis
3440 4824 3597 4878 malis

2016 4910 2246 4965 redemit
2263 4927 2383 4974 nos,
2403 4913 2493 4982 qui
2513 4923 2561 4968 te
2578 4914 3018 4984 magniﬁcamus,
3035 4931 3067 4969 ο
3085 4925 3258 4979 casta,
3287 4915 3592 4981 benedicta,

2017 4998 2126 5054 Deo
2158 5001 2509 5057 charissima.

2085 5092 2216 5155 Nos,
2249 5093 2342 5162 qui
2394 5104 2614 5163 propter
2643 5094 2924 5164 antiquam
2963 5093 3455 5163 transgressionem
3489 5094 3588 5150 de-

2015 5181 2347 5239 ﬂuxeramus
2394 5185 2448 5239 in
2507 5187 2957 5256 corruptionem,
3019 5187 3246 5240 Amator
3311 5186 3592 5240 hominum

2011 5366 2222 5438 ritatem
2251 5365 2526 5438 infinitam
2550 5381 2615 5422 ex
2648 5365 2838 5438 Matre,
2863 5383 2986 5438 quae
3007 5367 3298 5438 aliquando
3319 5372 3591 5423 contami-

2014 5449 2138 5492 nata
2186 5435 2397 5502 fuisset,
2432 5436 2699 5508 progigni,
2727 5452 2852 5508 cum
2881 5435 3296 5508 praeteritarum
3344 5440 3590 5495 sordium

2016 5509 2130 5576 ipsa
2164 5521 2382 5630 (goque
2409 5505 2673 5561 memoria
2719 5505 2992 5563 offendere
3035 5509 3224 5563 soleat.
3253 5507 3594 5580 QuaprOpter

2016 5579 2144 5630 dum
2223 5618 2235 5630 .
2262 5575 2534 5630 Josenhns
2565 5575 2848 5630 Deinaram
2881 5579 3053 5630 solam
3080 5594 3110 5630 a
3149 5579 3253 5630 Deo
3278 5595 3443 5630 sunar
3473 5597 3593 5630 mn-

2015 5575 2144 5632 dum
2177 5575 2235 5631 S.
2262 5575 2534 5647 Iosephus
2565 5575 2848 5648 Deiparam
2881 5579 3053 5635 solam
3080 5594 3110 5631 a
3149 5579 3253 5632 Deo
3278 5575 3443 5648 super
3473 5575 3593 5633 om-

2014 5663 2110 5702 nes
2142 5658 2424 5703 creaturas
2468 5648 2703 5717 puritate
2754 5647 3048 5716 fulgentem
3082 5647 3358 5703 inventam
3388 5648 3580 5717 fuisse,

2013 5718 2312 5785 eademque
2340 5719 2409 5773 de
2445 5733 2610 5773 causa
2662 5718 2716 5771 in
2773 5717 2862 5772 Dei
2889 5717 3116 5773 Matrem
3173 5721 3400 5775 electam
3441 5719 3593 5776 afﬁr-

2014 5799 2146 5856 mat,
2171 5803 2386 5844 omnem
2412 5788 2482 5845 ab
2519 5789 2635 5860 ipsa
2663 5787 3014 5858 originariam
3053 5790 3324 5846 maculam
3364 5791 3591 5862 propul-

2012 5869 2116 5915 sat.
