3996 6598
522 471 659 538 1079

1652 490 1711 549 S.
1751 491 2063 555 JOSEPHI
2110 496 2664 599 HYMNOQRAPHI

3589 500 3696 570 1080

520 590 921 650 renovaturus,
981 583 1468 658 incorruptibiliter
1514 591 1832 653 incarnatus
1890 594 1973 656 est
2020 618 2085 657 ex

2202 622 2287 675 pou
2319 583 2433 668 σού,
2472 606 2803 675 πανάμωμε,
2843 603 3054 675 νηδύος,
3094 602 3186 659 καὶ
3213 604 3471 678 ἐρρύσατο
3494 607 3699 676 ἅπαντας

519 671 806 743 impolluto
849 684 1005 731 utero
1049 685 1164 745 tuo,
1198 695 1230 734 o
1263 682 1575 751 purissima,
1632 697 1795 758 atque
1841 707 2030 749 omnes
2059 710 2088 748 a

2202 671 2465 767 ἀμαρτίας
2506 671 2874 768 καταφθορᾶς,
2897 671 3307 769 παναμὼμητε.

521 765 728 831 peccati
764 768 1116 837 corruptione
1162 770 1436 843 liberavit,
1471 792 1505 831 ο
1538 778 1799 839 immunis
1829 785 1897 839 ab
1940 788 2089 842 omni

522 856 734 910 macula
770 858 906 926 (57).

592 947 671 1000 Ad
705 957 756 1002 te
784 948 1052 1007 Gabrielis
1076 955 1302 1012 vocibus
1343 958 1629 1017 laetabundi
1658 965 1979 1034 clamamus,
2006 968 2092 1023 di-

520 1048 707 1095 centes
737 1058 751 1095 :
786 1040 966 1106 Salve,
994 1059 1028 1099 ο
1058 1062 1186 1116 ager
1215 1049 1458 1119 inarate;
1492 1056 1661 1123 salve,
1696 1072 1729 1112 o
1755 1059 2095 1116 maledictio-

471 1122 479 1151 ³
522 1132 608 1186 nis
640 1133 869 1189 solutio:
898 1137 1066 1203 salve,
1100 1154 1133 1193 ο
1156 1139 1278 1196 fons
1307 1158 1464 1215 aqua:
1491 1148 1661 1215 vivae;
1699 1150 1865 1215 salve,
1892 1153 2091 1223 gloria-

524 1225 599 1279 tio
627 1234 943 1283 sanctorum
1001 1230 1229 1302 Deipara
1258 1250 1477 1307 semper
1501 1238 1685 1310 Virgo.

522 1386 633 1458 ⁷8
672 1386 754 1443 Ea:
802 1406 1002 1445 canone
1045 1393 1099 1446 in
1144 1393 1248 1449 SS.
1304 1395 1729 1469 Chrysanthum,
1779 1413 1830 1458 et
1871 1404 2094 1460 Darium

1053 1474 1335 1534 martyres,
1361 1469 1445 1522 die
1480 1471 1568 1525 l9.

594 1608 697 1675 Qui
736 1611 1037 1666 secundum
1066 1624 1318 1670 naturam
1356 1614 1596 1674 divinam
1626 1630 1710 1676 est
1740 1622 2095 1677 inaccessibi-

525 1698 613 1762 lis,
670 1703 1007 1758 accessibilis
1063 1708 1316 1774 apparuit
1366 1710 1545 1772 mihi.
1596 1727 1661 1767 ex
1713 1721 1801 1775 te,
1848 1730 1881 1770 ο
1934 1713 2096 1786 Virgo

524 1807 690 1847 carne
737 1807 992 1865 suscepta
1026 1816 1037 1850 :
1068 1814 1229 1867 quem
1282 1800 1441 1855 Daria
1481 1805 1877 1875 concupiscens
1902 1849 1916 1870 ,
1961 1822 2096 1861 con-

525 1893 733 1941 stanter
776 1888 1109 1955 decertavit,
1156 1901 1211 1946 et
1256 1893 1307 1946 in
1353 1910 1569 1964 sponsa:
1611 1912 1816 1957 morem
1854 1899 1921 1953 ad
1970 1915 2094 1954 eum

525 1978 760 2034 adducta
796 1990 897 2035 est.

597 2068 790 2138 Filius,
843 2073 934 2142 qui
962 2090 1025 2129 ex
1062 2083 1215 2129 utero
1265 2085 1381 2145 tuo,
1417 2095 1449 2133 o
1481 2078 1647 2151 Virgo
1693 2082 1973 2149 inviolata,
2006 2099 2096 2138 se-

524 2161 763 2214 cundum
785 2178 1003 2217 carnem
1032 2177 1194 2223 natus
1211 2179 1316 2235 est,
1341 2172 1690 2242 desponsavit
1710 2176 1814 2231 sibi
1840 2192 2096 2248 sponsam

523 2260 728 2304 castam
772 2263 1064 2325 martyrem
1108 2258 1347 2317 Dariam.

596 2341 1172 2414 Incomprebcnsibilis
1201 2351 1290 2406 ille
1317 2353 1386 2407 ab
1417 2353 1565 2409 omni
1594 2355 1891 2420 intellectu,
1924 2359 2017 2429 qui
2047 2367 2098 2415 te

523 2444 646 2503 post
701 2446 918 2505 partum
969 2440 1233 2511 virginem
1303 2448 1683 2512 conservavit,
1738 2450 2096 2519 quemadmo-

524 2526 651 2579 dum
704 2527 888 2585 fueras
929 2542 1052 2586 ante
1100 2543 1340 2602 partum,
1381 2550 1447 2591 ex
1496 2547 1568 2605 te,
1628 2554 1661 2595 ο
1697 2540 1977 2606 inviolata,
2015 2542 2099 2595 in-

524 2626 785 2672 carnatus
847 2628 968 2685 est,
1033 2621 1249 2677 Dariam
1322 2635 1612 2697 martyrem
1672 2628 1775 2683 sibi
1836 2644 2095 2700 sponsam

525 2724 827 2766 aSClSCCDS.

596 2800 730 2866 Quis
761 2811 913 2856 tuum
950 2804 1127 2860 valeat
1165 2807 1442 2877 explicare
1474 2811 1817 2881 mysterium,
1846 2825 1880 2866 o
1904 2813 2099 2868 castis-

524 2890 708 2945 sima?
768 2891 934 2948 Deum
989 2896 1133 2950 enim
1189 2896 1468 2965 Verbum,
1519 2914 1684 2969 supra
1751 2902 2099 2972 cogitationis

525 2980 783 3051 verbique
826 2998 1175 3054 conceptum,
1205 2987 1480 3058 duplicem
1508 2990 1562 3044 in
1592 3000 1786 3045 natura
1816 2991 2096 3061 peperisti.

594 3073 671 3130 Te
698 3082 958 3146 tanquam
990 3093 1192 3133 novum
1222 3096 1453 3150 puerum
1486 3080 1650 3153 Virgo
1679 3083 1910 3153 peperit,
1946 3090 2100 3139 ante-

524 3168 786 3224 saeculare
830 3168 1101 3237 Verbum,
1159 3174 1306 3241 quod
1371 3174 1565 3244 puellae
1619 3174 2096 3245 concupiscentes,

525 3268 784 3331 tanquam
833 3278 1047 3332 sponsa:
1081 3273 1205 3333 post
1231 3263 1377 3319 illam
1416 3266 1662 3322 adducta:
1689 3275 1819 3323 sunt
1851 3265 1947 3321 tibi
1979 3281 2100 3322 om-

523 3353 674 3406 nium
710 3352 865 3425 Regi.

598 3445 702 3513 Qui
751 3449 1052 3504 secundum
1103 3450 1344 3505 divinam
1397 3452 1761 3508 substantiam
1805 3461 1887 3507 est
1934 3452 2103 3507 incir-

526 3538 916 3608 cumscriptus,
984 3540 1037 3593 in
1092 3540 1217 3595 sinu
1271 3550 1406 3608 tuo,
1460 3556 1494 3596 o
1542 3541 1746 3613 Virgo,
1806 3541 1983 3597 factus
2020 3550 2103 3598 est

527 3628 723 3684 similis
782 3630 941 3686 nobis
994 3633 1293 3686 secundum
1351 3646 1570 3687 carnem
1632 3634 2098 3703 circumscriptus.

527 3717 820 3775 Benedicta
865 3737 924 3777 es
955 3731 1008 3777 tu
1042 3723 1181 3777 inter
1214 3723 1496 3791 mulieres,
1527 3738 1561 3778 ο
1590 3724 1812 3779 domina
1839 3724 2102 3779 immunis

529 3812 598 3865 ab
621 3812 769 3865 omni
798 3815 1032 3868 macula.

600 3905 731 3959 Cum
768 3914 819 3961 te
850 3916 1107 3978 tanquam
1154 3923 1337 3963 rosam
1377 3909 1430 3963 in
1464 3909 1642 3964 medio
1693 3909 1973 3979 spinarum
2005 3908 2107 3963 bu-

523 4000 616 4070 jus
670 4001 826 4065 vitae,
888 4001 1188 4055 invenisset
1242 4002 1383 4057 Deus
1432 4002 1837 4056 immaculatam
1893 4000 2107 4069 (58),o

530 4092 870 4160 castissima,
927 4094 1195 4148 habitavit
1236 4095 1289 4148 in
1346 4105 1501 4149 utero
1554 4102 1648 4148 tuo
1702 4093 2005 4158 inviolato,
2051 4100 2106 4146 et

529 4183 761 4254 mystica
783 4186 1155 4240 suaveolentia
1183 4186 1404 4255 replevit
1431 4187 1696 4241 mundum
1732 4187 2059 4242 clamantem
2092 4203 2104 4238 :

529 4272 725 4331 Omnia
765 4291 953 4345 opera,
990 4276 1205 4331 laudate
1243 4276 1562 4331 Dominum.

601 4366 838 4424 Horrore
884 4369 1207 4438 quatiuntur
1256 4383 1411 4423 mens
1440 4380 1493 4424 et
1538 4384 1652 4433 cor,
1706 4371 1838 4424 dum
1890 4379 2102 4441 partum

530 4469 709 4521 tuum,
738 4476 769 4510 ο
797 4462 997 4531 puella,
1027 4464 1347 4554 recogitapt.
1376 4461 1543 4516 Deum
1569 4462 1736 4528 enim,
1768 4476 1928 4532 quem
1954 4463 2104 4517 nulla

530 4552 789 4619 cogitatio
843 4552 1304 4623 comprehendere
1356 4561 1566 4623 potest,
1628 4553 1953 4622 concepisti,
2009 4553 2101 4623 qui

2264 962 2452 1030 Φωνήν
2490 979 2570 1014 σοι
2614 961 2962 1031 προσάγομεν
3002 961 3098 1015 τοῦ
3143 961 3379 1033 Γαϐριὴλ
3418 964 3703 1035 γηθόμενοιο

2194 1052 2387 1121 Χαῖρε,
2436 1051 2720 1119 λέγοντες,
2774 1051 2925 1123 χώρα
2956 1053 2990 1122 ἡ
3025 1051 3391 1123 ἀγεώργητος,
3439 1057 3601 1125 χαῖρε,
3627 1060 3706 1127 τῆς

2196 1145 2443 1216 κατάρας
2476 1145 2510 1214 ἡ
2540 1143 2712 1208 λύσις,
2740 1147 2921 1214 χαῖρε,
2966 1144 3119 1216 πηγὴ
3164 1144 3351 1209 ὓδατος
3393 1147 3483 1200 τοῦ
3522 1147 3707 1214 ζῶντος,

2196 1233 2359 1287 ὁσίων
2392 1232 2453 1286 τὸ
2476 1232 2763 1304 καύχημα,
2795 1233 3028 1287 Θεοτόκε
3060 1233 3404 1305 ἀειπάρθενε.

2209 1392 2313 1447 Ἐκ
2342 1391 2449 1446 τοῦ
2476 1392 2735 1466 κανόνος
2759 1393 2849 1466 εἰς
2878 1392 3259 1466 τοὺςηάγίους
3279 1394 3565 1466 μάρτυρας
3590 1398 3710 1466 Χρύ.

2476 1465 2708 1519 σανθον
2740 1464 2839 1518 καὶ
2871 1464 3139 1534 Δαρειαν,
3178 1464 3363 1533 ἡμέρᾳ
3394 1463 3473 1519 ιθ’.

2277 1621 2339 1673 '0
2361 1620 2520 1691 φύσει
2546 1622 2612 1690 τῇ
2649 1619 2804 1691 θεῖκῇ
2837 1618 3133 1690 ἀπρόσιτος
3174 1618 3425 1690 προσιτδς
3455 1619 3597 1691 ὤφθη
3623 1640 3712 1692 μοι,

2198 1714 2263 1767 ὲκ
2295 1712 2419 1780 σοῦ,
2451 1710 2729 1783 ιιαρθένε,
2762 1713 2939 1783 σάρκα
2966 1712 3323 1781 προσλαϐών
3355 1712 3411 1767 δν
3432 1712 3613 1785 Δαρεία
3641 1732 3716 1768 πο-

2201 1806 2412 1877 θήσασα
2460 1805 2804 1876 καρτερικῶς
2856 1805 3140 1878 ἐνήθλησε,
3189 1806 3285 1860 καὶ
3314 1808 3579 1878 νυμφικῶς
3599 1807 3717 1879 αὐτῷ

2200 1897 2587 1967 προσήνεκται.

2272 2076 2447 2147 Σαρκὶ
2479 2076 2691 2147 τεχθεὶς
2723 2078 2787 2130 ὲκ
2817 2076 3053 2149 γαστρός
3082 2094 3176 2132 σου
3206 2078 3306 2149 τῆς
3335 2077 3587 2149 παρθένου
3610 2079 3718 2143 υἱὸς,

2203 2168 2461 2241 ἄχραντε,
2520 2170 2739 2243 νύμφην
2778 2172 2950 2245 ἁγνὴν
3007 2172 3266 2243 μάρτυρα
3309 2173 3482 2244 ἑαυτῷ
3528 2174 3721 2244 Δαρείαν

2206 2264 2589 2334 μνηστεύεται.

2277 2357 2629 2431 Συντηρήσας
2659 2376 2718 2414 σε
2741 2361 3032 2433 παρθένον,
3059 2363 3137 2428 ὡς
3166 2361 3277 2433 πρὸ
3300 2360 3394 2415 τοῦ
3418 2360 3584 2423 τόκου,
3613 2360 3722 2431 μετα

2203 2448 2295 2501 τὸν
2319 2449 2496 2515 τόκον,
2552 2449 2810 2521 ἀχραντε,
2844 2454 2908 2507 ἐκ
2946 2453 3040 2509 σοῦ
3082 2453 3373 2527 ὲσαρκὼθη
3417 2454 3446 2506 ό
3473 2453 3722 2522 ἀπερινόη-

2202 2557 2328 2604 τος,
2374 2541 2603 2611 Δαρείαν
2646 2543 2747 2613 τὴν
2790 2544 3043 2616 μάρτυρα
3096 2545 3319 2617 νύμφην
3349 2544 3517 2615 ἑαυτῷ
3557 2544 3723 2612 ἑπαγό-

2206 2649 2385 2702 μενος.

2274 2811 2371 2877 Τίς
2392 2813 2613 2868 δύναται
2645 2814 2705 2869 τὸ
2734 2815 2823 2869 σὺν
2850 2815 3183 2888 ἑρμηνεῦσαι
3224 2818 3540 2889 μυστήριον,
3561 2809 3601 2870 ὦ
3620 2816 3725 2870 πάν-

2204 2922 2367 2973 αγνε;
2392 2905 2527 2959 Θεὸν
2548 2907 2722 2975 Λόγον
2757 2907 2866 2980 γὰρ
2908 2908 3049 2979 ὑπὲρ
3074 2908 3200 2963 νοῦν
3227 2909 3322 2964 καὶ
3346 2910 3518 2978 λόγον,
3540 2906 3724 2962 διπλοῦν

2204 3000 2269 3067 τῇ
2301 2996 2462 3066 φύσει
2501 2998 2752 3063 τέτοκας.

2273 3088 2411 3142 Νέον
2444 3106 2502 3142 σε
2532 3090 2607 3153 ὡς
2637 3090 2848 3143 παιδίον
2881 3090 3157 3163 Παρθένος
3187 3091 3391 3164 ἐκύησε
3414 3092 3500 3146 τὸν
3527 3088 3723 3162 προςιιὼ⁹

2205 3198 2317 3235 νιον
2349 3182 2543 3249 Λόγον,
2576 3182 2636 3236 δν
2667 3182 2932 3238 ποθοῦσαι
2957 3185 3117 3256 κόραι
3150 3185 3358 3256 ταύτης
3391 3185 3554 3240 ὀπίσω
3576 3180 3726 3251 σοιτῷ

2206 3273 2425 3328 πάντων
2458 3273 2668 3346 βασιλεῖ
2698 3275 2986 3346 νυμφικῶς
3018 3277 3428 3351 ἀπηνέχθησαν.

2290 3448 2349 3501 '0
2380 3449 2502 3502 κατ’
2534 3448 2723 3503 ούσίαν
2754 3450 2854 3522 τὴν
2894 3450 3082 3523 θεῖκὴν
3110 3452 3186 3506 ὢν
3213 3453 3611 3525 ἀπερίγραπτος
3633 3450 3729 3505 κόλ-

2205 3558 2329 3604 ποις
2368 3558 2486 3601 σου.
2522 3540 2791 3611 Παρθένε,
2821 3542 3014 3611 γέγονε
3042 3543 3166 3598 καθ’
3191 3547 3344 3615 ἡμᾶς
3375 3549 3439 3615 τῇ
3481 3546 3626 3614 σαρκὶ
3652 3560 3727 3596 πεο

2207 3632 2629 3703 ριγραφόμενος.
2668 3634 3020 3709 Εὐλογημένη
3053 3636 3116 3689 σὺ
3142 3638 3198 3689 ἐν
3215 3637 3466 3707 γυναιξὶν
3486 3636 3728 3707 ὑπάρχεις,

2203 3724 2516 3796 πανάμωμε
2542 3724 2833 3780 Δέσποινα.

2287 3901 2377 3966 Ὦς
2406 3902 2558 3975 ῥόδον
2592 3903 2650 3956 ἐν
2689 3903 2839 3974 μέσῳ
2885 3903 3138 3959 ἀκανθῶν
3181 3905 3281 3959 τοῦ
3323 3905 3459 3977 βίον,
3508 3904 3730 3969 πάναγνε,

2203 3994 2338 4058 Θεὸς
2359 3994 2663 4066 εὑράμενός
2683 4010 2741 4047 σε
2758 3994 2855 4066 τὴν
2872 3995 3192 4067 ἀμώμητον,
3213 3997 3405 4067 ᾤκησε
3426 3997 3518 4067 τὴν
3533 3992 3732 4063 γαστέρα

2209 4104 2303 4142 σου
2346 4087 2446 4158 τὴν
2494 4086 2784 4157 ἄχραντον,
2826 4089 2920 4141 καὶ
2962 4089 3191 4152 εὐωδίας
3247 4090 3515 4160 μυστικῆς
3568 4087 3732 4153 κόσμον

2208 4179 2529 4249 ἐπλήρωσεν
2570 4178 2847 4232 ἐκϐοῶν-ια
2875 4192 2892 4208 °
2931 4180 3117 4235 Πάντα
3147 4181 3213 4233 τά
3242 4181 3409 4252 ἔργα,
3435 4180 3634 4249 ὑμνεῖτε
3664 4173 3735 4227 τὸν

2208 4271 2436 4341 Κύριον.

2274 4365 2491 4437 Φρίττει
2540 4362 2800 4432 λογισμὸς
2841 4361 2940 4415 καὶ
2979 4362 3176 4435 καρδία
3227 4361 3609 4423 κατανοοῦντες
3654 4356 3731 4427 τὴν

2206 4461 2424 4530 λοχείαν
2478 4459 2575 4528 τὴν
2622 4458 3013 4529 ἀκατανόητον,
3068 4459 3241 4529 κόρηο
3290 4457 3424 4510 Θεὸν
3457 4455 3558 4525 γὰρ
3596 4451 3734 4517 Λόγον

2208 4552 2585 4622 ὲκυοφόρησας
2626 4551 2717 4604 τὸν
2751 4548 2840 4604 διὰ
2875 4549 2969 4604 σοῦ
3002 4551 3269 4622 ῥυόμενον
3314 4549 3493 4620 πάσης
3530 4543 3734 4611 ἀνάγκης

530 4661 627 4714 per
658 4657 709 4699 te
743 4643 940 4700 liberat
971 4646 1039 4700 ab
1081 4648 1230 4701 omni
1290 4645 1619 4701 necessitate
1649 4660 1743 4699 eos
1773 4645 1866 4713 qui
1918 4655 1971 4700 te
2008 4646 2097 4699 bo-

2207 4645 2329 4707 τοὺς
2357 4660 2409 4694 τι
2416 4641 2630 4712 μῶντάς
2658 4658 2739 4697 σε.

530 4747 746 4795 norant.

598 4944 1035 5015 (57)’Saepissime
1049 4941 1381 5015 SJosephus
1394 4957 1451 5015 se
1467 4942 1738 5012 egregium
1758 4955 1853 5015 pro
1866 4939 2105 5007 Deiparte

526 5010 885 5089 immunita-te
911 5017 978 5070 ab
1026 5010 1289 5089 originali
1318 5010 1950 5089 ﬁdejussoremuprzebet,
1974 5023 2094 5089 cuin

525 5102 634 5141 non
667 5090 843 5141 solum
878 5088 985 5163 hic,
1016 5081 1296 5163 sedialibi
1327 5081 1446 5138 eam
1493 5082 1818 5163 depraedicet
1853 5081 1922 5163 ab
1948 5081 2097 5163 omni

525 5158 740 5213 macula
828 5167 882 5212 et
958 5157 1078 5211 labe
1132 5157 1451 5219 immunem,
1507 5154 1576 5206 ab
1636 5151 1786 5206 omni
1856 5151 1975 5205 labe
2046 5156 2100 5201 et

527 5228 1013 5299 maculaliberam
1045 5266 1059 5287 ,
1094 5228 1263 5299 omni
1288 5225 1403 5278 labe
1444 5232 1504 5299 et
1542 5223 1761 5299 _macula
1797 5228 2096 5299 carentem,

526 5300 595 5353 ab
624 5298 772 5351 omni
805 5299 920 5351 labe
951 5312 1198 5353 vacuam.
1220 5298 1285 5347 ab
1311 5294 1457 5347 omni
1489 5293 1605 5347 labe
1632 5293 1929 5364 puram,ab
1951 5293 2096 5343 omni

518 5383 683 5421 ,mevo
709 5370 990 5430 mundam,
1019 5384 1139 5433 qum
1186 5365 1627 5434 elogia-absolute
1671 5365 1897 5432 prolata,
1934 5369 1992 5415 ut
2035 5373 2095 5413 ea

528 5439 738 5506 profert
771 5438 829 5492 S.
861 5436 1151 5506 Josepltus,
1172 5434 1649 5506 maculautetiam,
1680 5434 1859 5506 labem
1891 5441 1946 5487 et
1977 5446 2087 5485 nte-

530 5502 653 5563 θυι..
690 5510 892 5580 peccati
921 5502 1200 5580 originalis
1225 5522 1253 5558 a
1298 5504 1354 5557 Β.
1396 5502 1915 5580 Virgineablegant.

609 5573 721 5652 (58')
753 5580 808 5652 Si
864 5573 1118 5652 BKVirgo
1152 5585 1407 5652 tanquam
1461 5589 1583 5652 rosa
1618 5574 1671 5627 in
1710 5573 2095 5652 medio_s_pinao

527 5642 649 5705 rum
704 5642 872 5719 ltujus
905 5650 1027 5703 vine
1055 5642 1427 5702 “immaculata
1481 5645 1697 5719 inventa
1733 5660 1839 5697 non
1878 5642 2093 5719 fuisset,

529 5720 669 5776 inea
704 5715 795 5776 Dei
845 5720 1012 5774 Filius
1048 5734 1144 5788 per
1172 5719 1422 5788 Itumame
1453 5715 1636 5788 carnis
1666 5718 2095 5788 assumptiouent

529 5808 637 5845 non
676 5783 1063 5846 inhabilasset.
1093 5788 1229 5841 Hinc
1275 5786 1531 5840 Nicolaus
1562 5785 1811 5839 Cusanus
1844 5783 1901 5837 S.
1939 5786 2001 5836 ll.
2034 5785 2095 5836 E.

529 5862 823 5916 cardinalis
865 5863 989 5936 libr.
1022 5876 1075 5936 γ.
1116 5860 1306 5936 Exerc.
1341 5856 1406 5910 ad
1448 5856 1534 5909 illa
1585 5855 1745 5908 verba
1776 5873 1788 5906 :
1826 5854 2020 5936 Caelum
2052 5865 2099 5908 et

531 5945 675 5985 terra
706 5932 1026 5996 transibunt,
1063 5931 1176 5984 tunc
1207 5929 1505 5983 litterarum
1556 5929 1923 5981 monumentis
1969 5941 2099 5982 cou-

3754 4874 3764 4935 l

2210 4939 2532 5017 signavitz‘c
2576 4934 2739 5017 Virgo
2773 4936 3028 5017 gloriosa.
3051 4951 3177 5017 cum
3210 4928 3733 5017 esseiprzedestinata

2198 5005 2320 5062 ante
2352 5006 2573 5070 saecula,
2598 5016 2751 5083 ιιι-οξ
2778 5005 2893 5083 ipsa
2920 5007 3185 5083 reciperet
3210 5006 3303 5083 Dei
3332 5005 3499 5083 Filius
3522 5009 3733 5083 natumut}
3758 5022 3765 5031 ε

2199 5080 2512 5142 humanam,
2552 5087 2607 5131 et
2655 5077 2745 5131 Dei
2779 5077 2951 5131 Filius
3002 5078 3154 5130 lieret
3204 5078 3350 5129 [ilius
3411 5076 3649 5142 hominis,
3678 5080 3735 5117 Ila

2197 5158 2458 5219 concepta
2491 5140 2611 5219 est.
2632 5158 2691 5219 ut
2719 5147 2940 5219 dignum
2968 5147 3033 5219 ad
3067 5147 3571 5219 hocbabitaculutn
3594 5140 3735 5194 ﬁeret.

2198 5214 2425 5273 Induere
2447 5232 2504 5270 se
2535 5217 2913 5291 debuithDe‘tts
2971 5217 3309 5291 humanitate
3380 5214 3738 5291 Marize,.qtlgre

2200 5291 2435 5343 humana
2467 5298 2662 5362 natura
2710 5286 2947 5357 Virginis
2999 5287 3162 5362 digna
3205 5286 3459 5362 factaest
3498 5283 3735 5362 abluitur.

2200 5361 2331 5413 bam
2380 5359 2479 5411 etsi
2533 5360 2643 5425 ipsa
2670 5356 2931 5426 concepta
2997 5356 3098 5410 fuit
3127 5371 3193 5410 ex
3262 5356 3738 5426 virili‘semiue'vta

2188 5416 2607 5499 'propagation‘is
2651 5428 2717 5499 ab
2765 5416 2957 5490 Adam,
2982 5436 3036 5480 et
3078 5436 3346 5499 quantum
3377 5422 3443 5477 ad
3479 5416 3739 5499 suumnini-

2204 5486 2339 5555 tium
2374 5486 2617 5568 indiguit
2667 5486 2974 5563 liberatore,
3008 5486 3135 5565 quia
3171 5499 3225 5550 in
3268 5496 3461 5576 Adam,
3493 5490 3590 5545 nisi
3622 5486 3742 5576 libe-

2204 5578 2393 5625 rentur
2424 5578 2519 5622 aut
2551 5577 2965 5643 praeserventur,
3008 5582 3218 5629 omnes,
3244 5568 3571 5643 moriuntur,
3602 5568 3739 5643 tit-tn

2205 5641 2424 5695 Christo
2445 5636 2638 5692 omnes
2670 5636 3049 5699 viviﬁcantur;
3082 5646 3259 5690 tamen
3286 5636 3431 5689 sicut
3452 5636 3620 5686 anima
3641 5638 3736 5693 ejus

2207 5710 2510 5769 rationalis,
2549 5710 2697 5762 nullo
2726 5718 2970 5776 tempore
3002 5707 3120 5768 fuit,
3156 5717 3451 5774 antequam
3484 5710 3617 5756 esset
3643 5710 3740 5776 cor-

2209 5782 2322 5849 pori
2372 5780 2543 5840 unita,
2580 5781 2650 5832 ita
2700 5779 2811 5846 ipsa
2843 5774 2999 5849 Vdumr
3026 5786 3326 5849 crearetur,
3369 5781 3550 5849 sancta
3593 5774 3741 5849 creata

2211 5843 2330 5915 fuit,
2365 5850 2445 5904 sic
2495 5851 2655 5902 etiam
2706 5843 2849 5923 quod
2894 5848 3037 5923 nulla
3095 5847 3384 5900 duratione
3418 5843 3740 5923 "fuitnverum

2210 5911 2390 5978 dicere
2423 5920 2693 5990 Virgiucm
2725 5911 2909 5974 'l‘uissc
2944 5919 3045 5973 sub
3078 5928 3319 5987 peccato.
3361 5934 3379 5967 ι
3416 5913 3505 5969 Sic
3527 5911 3626 5966 ille.
