  <div class='ocr_page' id='page_1' title='image "/cluster/home/n/w/nwhite01/storage/ocr_20150623/105/hvd.32044013678347/550.png"; bbox 0 0 3996 6650; ppageno 0'>
   <div class='ocr_carea' id='block_1_1' title="bbox 316 467 450 534">
    <p class='ocr_par' dir='ltr' id='par_1_1' title="bbox 316 467 450 534">
     <span class='ocr_line' id='line_1_1' title="bbox 316 467 450 534; baseline -0.007 0"><span class='ocrx_word' id='word_1_1' title='bbox 316 467 450 534; x_wconf 83' lang='grc'><strong>1081</strong></span> 
     </span>
    </p>
   </div>
   <div class='ocr_carea' id='block_1_2' title="bbox 1768 475 2129 542">
    <p class='ocr_par' dir='ltr' id='par_1_2' title="bbox 1768 475 2129 542">
     <span class='ocr_line' id='line_1_2' title="bbox 1768 475 2129 542; baseline 0.014 -7"><span class='ocrx_word' id='word_1_2' title='bbox 1768 475 2129 542; x_wconf 72' lang='lat' dir='ltr'><strong>MARIALE.</strong></span> 
     </span>
    </p>
   </div>
   <div class='ocr_carea' id='block_1_3' title="bbox 3428 478 3565 543">
    <p class='ocr_par' dir='ltr' id='par_1_3' title="bbox 3428 478 3565 543">
     <span class='ocr_line' id='line_1_3' title="bbox 3428 478 3565 543; baseline 0.015 -2"><span class='ocrx_word' id='word_1_3' title='bbox 3428 478 3565 543; x_wconf 76' lang='lat'>1082</span> 
     </span>
    </p>
   </div>
   <div class='ocr_carea' id='block_1_4' title="bbox 941 588 2922 665">
    <p class='ocr_par' dir='ltr' id='par_1_4' title="bbox 941 588 2922 665">
     <span class='ocr_line' id='line_1_4' title="bbox 941 588 2922 665; baseline 0.003 -23"><span class='ocrx_word' id='word_1_4' title='bbox 941 589 1049 661; x_wconf 78' lang='lat'><strong>79</strong></span> <span class='ocrx_word' id='word_1_5' title='bbox 1082 588 1165 643; x_wconf 70' lang='lat' dir='ltr'><strong>Ea:</strong></span> <span class='ocrx_word' id='word_1_6' title='bbox 1196 591 1406 646; x_wconf 78' lang='lat' dir='ltr'><strong>Conone</strong></span> <span class='ocrx_word' id='word_1_7' title='bbox 1440 592 1493 645; x_wconf 83' lang='lat' dir='ltr'><strong>in</strong></span> <span class='ocrx_word' id='word_1_8' title='bbox 1525 588 1582 646; x_wconf 88' lang='lat' dir='ltr'><strong>S.</strong></span> <span class='ocrx_word' id='word_1_9' title='bbox 1616 589 1874 663; x_wconf 76' lang='lat' dir='ltr'><strong>Cyrillum</strong></span> <span class='ocrx_word' id='word_1_10' title='bbox 1913 594 2210 664; x_wconf 77' lang='lat' dir='ltr'><strong>episcopum</strong></span> <span class='ocrx_word' id='word_1_11' title='bbox 2236 594 2497 664; x_wconf 74' lang='lat' dir='ltr'><strong>Cataniw,</strong></span> <span class='ocrx_word' id='word_1_12' title='bbox 2538 592 2619 649; x_wconf 84' lang='lat' dir='ltr'><strong>die</strong></span> <span class='ocrx_word' id='word_1_13' title='bbox 2648 593 2707 650; x_wconf 79' lang='lat'><strong>11</strong></span> <span class='ocrx_word' id='word_1_14' title='bbox 2763 592 2922 665; x_wconf 74' lang='lat'><strong>(58‘).</strong></span> 
     </span>
    </p>
   </div>
   <div class='ocr_carea' id='block_1_5' title="bbox 384 683 3565 785">
    <p class='ocr_par' dir='ltr' id='par_1_5' title="bbox 384 683 3565 785">
     <span class='ocr_line' id='line_1_5' title="bbox 384 683 3565 785; baseline 0.001 -24"><span class='ocrx_word' id='word_1_15' title='bbox 384 704 670 761; x_wconf 76' lang='lat' dir='ltr'><strong>Fortitudo</strong></span> <span class='ocrx_word' id='word_1_16' title='bbox 704 718 845 771; x_wconf 85' lang='lat' dir='ltr'><strong>mea,</strong></span> <span class='ocrx_word' id='word_1_17' title='bbox 874 704 1016 772; x_wconf 89' lang='lat' dir='ltr'><strong>laus,</strong></span> <span class='ocrx_word' id='word_1_18' title='bbox 1050 715 1105 761; x_wconf 92' lang='lat' dir='ltr'><strong>et</strong></span> <span class='ocrx_word' id='word_1_19' title='bbox 1129 707 1279 762; x_wconf 91' lang='lat' dir='ltr'><strong>salus</strong></span> <span class='ocrx_word' id='word_1_20' title='bbox 1326 722 1443 762; x_wconf 88' lang='lat' dir='ltr'><strong>mea</strong></span> <span class='ocrx_word' id='word_1_21' title='bbox 1474 705 1730 763; x_wconf 76' lang='lat' dir='ltr'><strong>Christus</strong></span> <span class='ocrx_word' id='word_1_22' title='bbox 1777 716 1881 774; x_wconf 89' lang='lat' dir='ltr'><strong>est,</strong></span> <span class='ocrx_word' id='word_1_23' title='bbox 1914 697 1959 750; x_wconf 69' lang='grc' dir='ltr'><strong>Α</strong></span> <span class='ocrx_word' id='word_1_24' title='bbox 2056 683 2189 769; x_wconf 83' lang='lat' dir='ltr'><strong>Esto</strong></span> <span class='ocrx_word' id='word_1_25' title='bbox 2223 714 2354 770; x_wconf 90' lang='lat' dir='ltr'><strong>mihi</strong></span> <span class='ocrx_word' id='word_1_26' title='bbox 2386 696 2762 785; x_wconf 69' lang='lat' dir='ltr'><strong>gubernatrix,</strong></span> <span class='ocrx_word' id='word_1_27' title='bbox 2796 729 2828 769; x_wconf 90' lang='grc' dir='ltr'><strong>ο</strong></span> <span class='ocrx_word' id='word_1_28' title='bbox 2852 712 3045 782; x_wconf 80' lang='lat' dir='ltr'><strong>Virgo,</strong></span> <span class='ocrx_word' id='word_1_29' title='bbox 3079 711 3134 766; x_wconf 93' lang='lat' dir='ltr'><strong>in</strong></span> <span class='ocrx_word' id='word_1_30' title='bbox 3164 711 3353 782; x_wconf 86' lang='lat' dir='ltr'><strong>pelago</strong></span> <span class='ocrx_word' id='word_1_31' title='bbox 3390 719 3565 765; x_wconf 87' lang='lat' dir='ltr'><strong>tenta-</strong></span> 
     </span>
    </p>
   </div>
   <div class='ocr_carea' id='block_1_6' title="bbox 310 798 1890 868">
    <p class='ocr_par' dir='ltr' id='par_1_6' title="bbox 310 798 1890 868">
     <span class='ocr_line' id='line_1_6' title="bbox 310 798 1890 868; baseline 0.001 -14"><span class='ocrx_word' id='word_1_32' title='bbox 310 814 348 854; x_wconf 89' lang='grc' dir='ltr'><strong>ο</strong></span> <span class='ocrx_word' id='word_1_33' title='bbox 377 798 720 865; x_wconf 79' lang='lat' dir='ltr'><strong>castissima;</strong></span> <span class='ocrx_word' id='word_1_34' title='bbox 769 798 862 867; x_wconf 87' lang='lat' dir='ltr'><strong>qui</strong></span> <span class='ocrx_word' id='word_1_35' title='bbox 902 813 968 854; x_wconf 88' lang='lat' dir='ltr'><strong>ex</strong></span> <span class='ocrx_word' id='word_1_36' title='bbox 1008 808 1061 853; x_wconf 91' lang='lat' dir='ltr'><strong>te</strong></span> <span class='ocrx_word' id='word_1_37' title='bbox 1104 808 1362 868; x_wconf 87' lang='lat' dir='ltr'><strong>tanquam</strong></span> <span class='ocrx_word' id='word_1_38' title='bbox 1404 799 1568 854; x_wconf 89' lang='lat' dir='ltr'><strong>homo</strong></span> <span class='ocrx_word' id='word_1_39' title='bbox 1619 808 1778 855; x_wconf 90' lang='lat' dir='ltr'><strong>natus</strong></span> <span class='ocrx_word' id='word_1_40' title='bbox 1803 810 1890 856; x_wconf 90' lang='lat' dir='ltr'><strong>est</strong></span> 
     </span>
    </p>
   </div>
   <div class='ocr_carea' id='block_1_7' title="bbox 311 890 1890 960">
    <p class='ocr_par' dir='ltr' id='par_1_7' title="bbox 311 890 1890 960">
     <span class='ocr_line' id='line_1_7' title="bbox 311 890 1890 960; baseline 0.001 -13"><span class='ocrx_word' id='word_1_41' title='bbox 311 892 462 947; x_wconf 85' lang='lat' dir='ltr'><strong>circa</strong></span> <span class='ocrx_word' id='word_1_42' title='bbox 492 890 929 960; x_wconf 82' lang='lat' dir='ltr'><strong>corruptionem,</strong></span> <span class='ocrx_word' id='word_1_43' title='bbox 966 900 1188 960; x_wconf 77' lang='lat' dir='ltr'><strong>propter</strong></span> <span class='ocrx_word' id='word_1_44' title='bbox 1222 906 1379 945; x_wconf 90' lang='lat' dir='ltr'><strong>suam</strong></span> <span class='ocrx_word' id='word_1_45' title='bbox 1413 891 1642 946; x_wconf 85' lang='lat' dir='ltr'><strong>multam</strong></span> <span class='ocrx_word' id='word_1_46' title='bbox 1671 892 1890 948; x_wconf 88' lang='lat' dir='ltr'><strong>miseri-</strong></span> 
     </span>
    </p>
   </div>
   <div class='ocr_carea' id='block_1_8' title="bbox 310 982 1464 1053">
    <p class='ocr_par' dir='ltr' id='par_1_8' title="bbox 310 982 1464 1053">
     <span class='ocr_line' id='line_1_8' title="bbox 310 982 1464 1053; baseline 0 -14"><span class='ocrx_word' id='word_1_47' title='bbox 310 983 581 1049; x_wconf 89' lang='lat' dir='ltr'><strong>cordiam,</strong></span> <span class='ocrx_word' id='word_1_48' title='bbox 611 990 667 1037; x_wconf 90' lang='lat' dir='ltr'><strong>et</strong></span> <span class='ocrx_word' id='word_1_49' title='bbox 697 982 877 1039; x_wconf 83' lang='lat' dir='ltr'><strong>factus</strong></span> <span class='ocrx_word' id='word_1_50' title='bbox 905 991 991 1038; x_wconf 90' lang='lat' dir='ltr'><strong>est</strong></span> <span class='ocrx_word' id='word_1_51' title='bbox 1017 983 1162 1053; x_wconf 91' lang='lat' dir='ltr'><strong>quod</strong></span> <span class='ocrx_word' id='word_1_52' title='bbox 1189 997 1295 1038; x_wconf 90' lang='lat' dir='ltr'><strong>non</strong></span> <span class='ocrx_word' id='word_1_53' title='bbox 1324 993 1464 1040; x_wconf 85' lang='lat' dir='ltr'><strong>erat.</strong></span> 
     </span>
    </p>
   </div>
   <div class='ocr_carea' id='block_1_9' title="bbox 384 1074 1888 1154">
    <p class='ocr_par' dir='ltr' id='par_1_9' title="bbox 384 1074 1888 1154">
     <span class='ocr_line' id='line_1_9' title="bbox 384 1074 1888 1154; baseline 0.001 -22"><span class='ocrx_word' id='word_1_54' title='bbox 384 1074 430 1132; x_wconf 92' lang='grc' dir='ltr'>Ο</span> <span class='ocrx_word' id='word_1_55' title='bbox 455 1077 774 1131; x_wconf 84' lang='lat' dir='ltr'><strong>immensam</strong></span> <span class='ocrx_word' id='word_1_56' title='bbox 822 1076 1068 1147; x_wconf 88' lang='lat' dir='ltr'><strong>mysterii</strong></span> <span class='ocrx_word' id='word_1_57' title='bbox 1118 1076 1545 1154; x_wconf 75' lang='lat' dir='ltr'><strong>profunditatem</strong></span> <span class='ocrx_word' id='word_1_58' title='bbox 1579 1096 1593 1133; x_wconf 90' lang='lat'><strong>:</strong></span> <span class='ocrx_word' id='word_1_59' title='bbox 1630 1076 1775 1135; x_wconf 87' lang='lat' dir='ltr'><strong>Deus</strong></span> <span class='ocrx_word' id='word_1_60' title='bbox 1805 1079 1888 1134; x_wconf 89' lang='lat' dir='ltr'><strong>in-</strong></span> 
     </span>
    </p>
   </div>
   <div class='ocr_carea' id='block_1_10' title="bbox 312 1167 1890 1239">
    <p class='ocr_par' dir='ltr' id='par_1_10' title="bbox 312 1167 1890 1239">
     <span class='ocr_line' id='line_1_10' title="bbox 312 1167 1890 1239; baseline 0.001 -16"><span class='ocrx_word' id='word_1_61' title='bbox 312 1178 577 1223; x_wconf 88' lang='lat' dir='ltr'><strong>carnatur</strong></span> <span class='ocrx_word' id='word_1_62' title='bbox 627 1177 678 1223; x_wconf 89' lang='lat' dir='ltr'><strong>et</strong></span> <span class='ocrx_word' id='word_1_63' title='bbox 712 1167 956 1224; x_wconf 85' lang='lat' dir='ltr'><strong>nascitur</strong></span> <span class='ocrx_word' id='word_1_64' title='bbox 982 1182 1049 1223; x_wconf 87' lang='lat' dir='ltr'><strong>ex</strong></span> <span class='ocrx_word' id='word_1_65' title='bbox 1082 1168 1259 1238; x_wconf 91' lang='lat' dir='ltr'><strong>puella</strong></span> <span class='ocrx_word' id='word_1_66' title='bbox 1308 1168 1648 1239; x_wconf 89' lang='lat' dir='ltr'><strong>incorrupta,</strong></span> <span class='ocrx_word' id='word_1_67' title='bbox 1683 1178 1736 1224; x_wconf 89' lang='lat' dir='ltr'><strong>et</strong></span> <span class='ocrx_word' id='word_1_68' title='bbox 1761 1184 1890 1225; x_wconf 85' lang='lat' dir='ltr'><strong>cor-</strong></span> 
     </span>
    </p>
   </div>
   <div class='ocr_carea' id='block_1_11' title="bbox 314 1260 1890 1332">
    <p class='ocr_par' dir='ltr' id='par_1_11' title="bbox 314 1260 1890 1332">
     <span class='ocr_line' id='line_1_11' title="bbox 314 1260 1890 1332; baseline 0.003 -17"><span class='ocrx_word' id='word_1_69' title='bbox 314 1262 623 1331; x_wconf 84' lang='lat' dir='ltr'><strong>ruptionem</strong></span> <span class='ocrx_word' id='word_1_70' title='bbox 662 1260 914 1316; x_wconf 81' lang='lat' dir='ltr'><strong>dissolvit</strong></span> <span class='ocrx_word' id='word_1_71' title='bbox 940 1274 1038 1330; x_wconf 88' lang='lat' dir='ltr'><strong>per</strong></span> <span class='ocrx_word' id='word_1_72' title='bbox 1074 1262 1363 1331; x_wconf 85' lang='lat' dir='ltr'><strong>passiones</strong></span> <span class='ocrx_word' id='word_1_73' title='bbox 1392 1276 1530 1332; x_wconf 91' lang='lat' dir='ltr'><strong>quas</strong></span> <span class='ocrx_word' id='word_1_74' title='bbox 1568 1261 1716 1318; x_wconf 84' lang='lat' dir='ltr'><strong>subit</strong></span> <span class='ocrx_word' id='word_1_75' title='bbox 1740 1265 1890 1319; x_wconf 88' lang='lat' dir='ltr'><strong>solus</strong></span> 
     </span>
    </p>
   </div>
   <div class='ocr_carea' id='block_1_12' title="bbox 314 1349 1154 1407">
    <p class='ocr_par' dir='ltr' id='par_1_12' title="bbox 314 1349 1154 1407">
     <span class='ocr_line' id='line_1_12' title="bbox 314 1349 1154 1407; baseline 0 0"><span class='ocrx_word' id='word_1_76' title='bbox 314 1353 493 1407; x_wconf 89' lang='lat' dir='ltr'><strong>bonus</strong></span> <span class='ocrx_word' id='word_1_77' title='bbox 520 1361 575 1407; x_wconf 90' lang='lat' dir='ltr'><strong>et</strong></span> <span class='ocrx_word' id='word_1_78' title='bbox 603 1358 817 1405; x_wconf 86' lang='lat' dir='ltr'><strong>amator</strong></span> <span class='ocrx_word' id='word_1_79' title='bbox 847 1349 1154 1407; x_wconf 87' lang='lat' dir='ltr'><strong>hominum.</strong></span> 
     </span>
    </p>
   </div>
   <div class='ocr_carea' id='block_1_13' title="bbox 381 1444 1892 1520">
    <p class='ocr_par' dir='ltr' id='par_1_13' title="bbox 381 1444 1892 1520">
     <span class='ocr_line' id='line_1_13' title="bbox 381 1444 1892 1520; baseline 0.001 -19"><span class='ocrx_word' id='word_1_80' title='bbox 381 1446 669 1514; x_wconf 84' lang='lat' dir='ltr'><strong>Quomodo</strong></span> <span class='ocrx_word' id='word_1_81' title='bbox 700 1444 940 1501; x_wconf 82' lang='lat' dir='ltr'><strong>Verbum</strong></span> <span class='ocrx_word' id='word_1_82' title='bbox 974 1445 1273 1515; x_wconf 86' lang='lat' dir='ltr'><strong>peperisti?</strong></span> <span class='ocrx_word' id='word_1_83' title='bbox 1305 1447 1581 1517; x_wconf 89' lang='lat' dir='ltr'><strong>quomodo</strong></span> <span class='ocrx_word' id='word_1_84' title='bbox 1612 1457 1739 1520; x_wconf 88' lang='lat' dir='ltr'><strong>post</strong></span> <span class='ocrx_word' id='word_1_85' title='bbox 1764 1462 1892 1519; x_wconf 90' lang='lat' dir='ltr'><strong>par-</strong></span> 
     </span>
    </p>
   </div>
   <div class='ocr_carea' id='block_1_14' title="bbox 315 1535 1890 1609">
    <p class='ocr_par' dir='ltr' id='par_1_14' title="bbox 315 1535 1890 1609">
     <span class='ocr_line' id='line_1_14' title="bbox 315 1535 1890 1609; baseline 0.001 -17"><span class='ocrx_word' id='word_1_86' title='bbox 315 1545 432 1597; x_wconf 87' lang='lat' dir='ltr'><strong>tum</strong></span> <span class='ocrx_word' id='word_1_87' title='bbox 466 1538 807 1607; x_wconf 88' lang='lat' dir='ltr'><strong>incorrupta,</strong></span> <span class='ocrx_word' id='word_1_88' title='bbox 834 1535 1015 1606; x_wconf 86' lang='lat' dir='ltr'><strong>qualis</strong></span> <span class='ocrx_word' id='word_1_89' title='bbox 1041 1545 1167 1592; x_wconf 83' lang='lat' dir='ltr'><strong>ante</strong></span> <span class='ocrx_word' id='word_1_90' title='bbox 1199 1536 1406 1605; x_wconf 81' lang='lat' dir='ltr'><strong>fueras,</strong></span> <span class='ocrx_word' id='word_1_91' title='bbox 1446 1539 1820 1609; x_wconf 90' lang='lat' dir='ltr'><strong>permansisti,</strong></span> <span class='ocrx_word' id='word_1_92' title='bbox 1855 1552 1890 1593; x_wconf 87' lang='grc' dir='ltr'><strong>ο</strong></span> 
     </span>
    </p>
   </div>
   <div class='ocr_carea' id='block_1_15' title="bbox 321 1627 1890 1699">
    <p class='ocr_par' dir='ltr' id='par_1_15' title="bbox 321 1627 1890 1699">
     <span class='ocr_line' id='line_1_15' title="bbox 321 1627 1890 1699; baseline 0.001 -15"><span class='ocrx_word' id='word_1_93' title='bbox 321 1627 488 1699; x_wconf 80' lang='lat' dir='ltr'><strong>Virgo</strong></span> <span class='ocrx_word' id='word_1_94' title='bbox 523 1629 1071 1685; x_wconf 82' lang='lat' dir='ltr'><strong>immaculatissima?</strong></span> <span class='ocrx_word' id='word_1_95' title='bbox 1097 1629 1384 1697; x_wconf 83' lang='lat' dir='ltr'><strong>Quomodo</strong></span> <span class='ocrx_word' id='word_1_96' title='bbox 1416 1632 1663 1687; x_wconf 90' lang='lat' dir='ltr'><strong>omnium</strong></span> <span class='ocrx_word' id='word_1_97' title='bbox 1711 1631 1890 1686; x_wconf 83' lang='lat' dir='ltr'><strong>nutri-</strong></span> 
     </span>
    </p>
   </div>
   <div class='ocr_carea' id='block_1_16' title="bbox 314 1722 1892 1795">
    <p class='ocr_par' dir='ltr' id='par_1_16' title="bbox 314 1722 1892 1795">
     <span class='ocr_line' id='line_1_16' title="bbox 314 1722 1892 1795; baseline 0.002 -19"><span class='ocrx_word' id='word_1_98' title='bbox 314 1731 493 1776; x_wconf 88' lang='lat' dir='ltr'><strong>torem</strong></span> <span class='ocrx_word' id='word_1_99' title='bbox 522 1722 731 1789; x_wconf 90' lang='lat' dir='ltr'><strong>aluisti,</strong></span> <span class='ocrx_word' id='word_1_100' title='bbox 754 1723 1064 1779; x_wconf 85' lang='lat' dir='ltr'><strong>voluntarie</strong></span> <span class='ocrx_word' id='word_1_101' title='bbox 1084 1733 1434 1795; x_wconf 84' lang='lat' dir='ltr'><strong>apparentem</strong></span> <span class='ocrx_word' id='word_1_102' title='bbox 1455 1723 1718 1780; x_wconf 81' lang='lat' dir='ltr'><strong>infantem</strong></span> <span class='ocrx_word' id='word_1_103' title='bbox 1737 1738 1892 1779; x_wconf 84' lang='lat' dir='ltr'><strong>man-</strong></span> 
     </span>
    </p>
   </div>
   <div class='ocr_carea' id='block_1_17' title="bbox 312 1815 1888 1886">
    <p class='ocr_par' dir='ltr' id='par_1_17' title="bbox 312 1815 1888 1886">
     <span class='ocr_line' id='line_1_17' title="bbox 312 1815 1888 1886; baseline 0 -16"><span class='ocrx_word' id='word_1_104' title='bbox 312 1824 531 1870; x_wconf 85' lang='lat' dir='ltr'><strong>suetum</strong></span> <span class='ocrx_word' id='word_1_105' title='bbox 574 1830 638 1871; x_wconf 89' lang='lat' dir='ltr'><strong>ac</strong></span> <span class='ocrx_word' id='word_1_106' title='bbox 670 1816 985 1886; x_wconf 84' lang='lat' dir='ltr'><strong>placidum?</strong></span> <span class='ocrx_word' id='word_1_107' title='bbox 1022 1819 1064 1873; x_wconf 86' lang='grc'>0</span> <span class='ocrx_word' id='word_1_108' title='bbox 1104 1817 1405 1874; x_wconf 86' lang='lat' dir='ltr'><strong>novitatem</strong></span> <span class='ocrx_word' id='word_1_109' title='bbox 1456 1817 1713 1874; x_wconf 84' lang='lat' dir='ltr'><strong>miraculi</strong></span> <span class='ocrx_word' id='word_1_110' title='bbox 1766 1815 1888 1883; x_wconf 90' lang='lat' dir='ltr'><strong>tui,</strong></span> 
     </span>
    </p>
   </div>
   <div class='ocr_carea' id='block_1_18' title="bbox 314 1906 647 1975">
    <p class='ocr_par' dir='ltr' id='par_1_18' title="bbox 314 1906 647 1975">
     <span class='ocr_line' id='line_1_18' title="bbox 314 1906 647 1975; baseline 0.003 -16"><span class='ocrx_word' id='word_1_111' title='bbox 314 1906 647 1975; x_wconf 86' lang='lat' dir='ltr'><strong>purissima!</strong></span> 
     </span>
    </p>
   </div>
   <div class='ocr_carea' id='block_1_19' title="bbox 386 1997 1891 2072">
    <p class='ocr_par' dir='ltr' id='par_1_19' title="bbox 386 1997 1891 2072">
     <span class='ocr_line' id='line_1_19' title="bbox 386 1997 1891 2072; baseline 0.004 -20"><span class='ocrx_word' id='word_1_112' title='bbox 386 1997 546 2053; x_wconf 91' lang='lat' dir='ltr'><strong>Salva</strong></span> <span class='ocrx_word' id='word_1_113' title='bbox 570 2015 678 2067; x_wconf 89' lang='lat' dir='ltr'><strong>me,</strong></span> <span class='ocrx_word' id='word_1_114' title='bbox 701 2015 735 2055; x_wconf 90' lang='grc' dir='ltr'><strong>ο</strong></span> <span class='ocrx_word' id='word_1_115' title='bbox 762 2001 1147 2070; x_wconf 88' lang='lat' dir='ltr'><strong>mundissima,</strong></span> <span class='ocrx_word' id='word_1_116' title='bbox 1171 2016 1201 2056; x_wconf 90' lang='lat' dir='ltr'><strong>a</strong></span> <span class='ocrx_word' id='word_1_117' title='bbox 1222 2000 1565 2072; x_wconf 75' lang='lat' dir='ltr'><strong>gravissimis</strong></span> <span class='ocrx_word' id='word_1_118' title='bbox 1590 1999 1851 2071; x_wconf 86' lang='lat' dir='ltr'><strong>periculis</strong></span> <span class='ocrx_word' id='word_1_119' title='bbox 1876 2019 1891 2057; x_wconf 93' lang='lat'><strong>:</strong></span> 
     </span>
    </p>
   </div>
   <div class='ocr_carea' id='block_1_20' title="bbox 312 2089 1896 2166">
    <p class='ocr_par' dir='ltr' id='par_1_20' title="bbox 312 2089 1896 2166">
     <span class='ocr_line' id='line_1_20' title="bbox 312 2089 1896 2166; baseline 0.003 -20"><span class='ocrx_word' id='word_1_120' title='bbox 312 2089 487 2160; x_wconf 81' lang='lat' dir='ltr'><strong>erige</strong></span> <span class='ocrx_word' id='word_1_121' title='bbox 521 2105 607 2148; x_wconf 89' lang='lat' dir='ltr'><strong>me</strong></span> <span class='ocrx_word' id='word_1_122' title='bbox 643 2107 675 2147; x_wconf 89' lang='lat' dir='ltr'><strong>a</strong></span> <span class='ocrx_word' id='word_1_123' title='bbox 707 2092 998 2148; x_wconf 89' lang='lat' dir='ltr'><strong>libidinum</strong></span> <span class='ocrx_word' id='word_1_124' title='bbox 1042 2110 1291 2150; x_wconf 88' lang='lat' dir='ltr'><strong>mearum</strong></span> <span class='ocrx_word' id='word_1_125' title='bbox 1347 2094 1732 2166; x_wconf 87' lang='lat' dir='ltr'><strong>sterquilinio;</strong></span> <span class='ocrx_word' id='word_1_126' title='bbox 1780 2104 1832 2149; x_wconf 94' lang='lat' dir='ltr'><strong>et</strong></span> <span class='ocrx_word' id='word_1_127' title='bbox 1863 2110 1896 2151; x_wconf 93' lang='lat' dir='ltr'><strong>a</strong></span> 
     </span>
    </p>
   </div>
   <div class='ocr_carea' id='block_1_21' title="bbox 312 2180 1893 2257">
    <p class='ocr_par' dir='ltr' id='par_1_21' title="bbox 312 2180 1893 2257">
     <span class='ocr_line' id='line_1_21' title="bbox 312 2180 1893 2257; baseline 0.004 -24"><span class='ocrx_word' id='word_1_128' title='bbox 312 2180 652 2249; x_wconf 86' lang='lat' dir='ltr'><strong>captivitate,</strong></span> <span class='ocrx_word' id='word_1_129' title='bbox 705 2190 761 2238; x_wconf 87' lang='lat' dir='ltr'><strong>et</strong></span> <span class='ocrx_word' id='word_1_130' title='bbox 808 2184 1097 2240; x_wconf 82' lang='lat' dir='ltr'><strong>vexatione</strong></span> <span class='ocrx_word' id='word_1_131' title='bbox 1160 2185 1556 2257; x_wconf 27' lang='lat' dir='ltr'><strong>pessimorum,</strong></span> <span class='ocrx_word' id='word_1_132' title='bbox 1584 2187 1893 2242; x_wconf 71' lang='lat' dir='ltr'><strong>daemonum</strong></span> 
     </span>
    </p>
   </div>
   <div class='ocr_carea' id='block_1_22' title="bbox 315 2270 1388 2339">
    <p class='ocr_par' dir='ltr' id='par_1_22' title="bbox 315 2270 1388 2339">
     <span class='ocr_line' id='line_1_22' title="bbox 315 2270 1388 2339; baseline 0.01 -17"><span class='ocrx_word' id='word_1_133' title='bbox 315 2270 489 2326; x_wconf 88' lang='lat' dir='ltr'><strong>libera</strong></span> <span class='ocrx_word' id='word_1_134' title='bbox 522 2288 628 2339; x_wconf 89' lang='lat' dir='ltr'><strong>me,</strong></span> <span class='ocrx_word' id='word_1_135' title='bbox 656 2272 783 2329; x_wconf 88' lang='lat' dir='ltr'><strong>dum</strong></span> <span class='ocrx_word' id='word_1_136' title='bbox 810 2283 862 2329; x_wconf 90' lang='lat' dir='ltr'><strong>te</strong></span> <span class='ocrx_word' id='word_1_137' title='bbox 890 2276 1083 2331; x_wconf 85' lang='lat' dir='ltr'><strong>devote</strong></span> <span class='ocrx_word' id='word_1_138' title='bbox 1115 2276 1388 2333; x_wconf 90' lang='lat' dir='ltr'><strong>collaudo.</strong></span> 
     </span>
    </p>
   </div>
   <div class='ocr_carea' id='block_1_23' title="bbox 330 2361 1895 2441">
    <p class='ocr_par' dir='ltr' id='par_1_23' title="bbox 330 2361 1895 2441">
     <span class='ocr_line' id='line_1_23' title="bbox 330 2361 1895 2441; baseline 0.008 -28"><span class='ocrx_word' id='word_1_139' title='bbox 330 2361 434 2414; x_wconf 74' lang='grc' dir='ltr'>Ἐκ</span> <span class='ocrx_word' id='word_1_140' title='bbox 496 2362 604 2441; x_wconf 60' lang='grc' dir='ltr'>τοῦ</span> <span class='ocrx_word' id='word_1_141' title='bbox 656 2366 915 2441; x_wconf 67' lang='grc' dir='ltr'>κανόνος</span> <span class='ocrx_word' id='word_1_142' title='bbox 951 2368 1039 2433; x_wconf 74' lang='grc' dir='ltr'>εἰς</span> <span class='ocrx_word' id='word_1_143' title='bbox 1074 2366 1204 2441; x_wconf 62' lang='grc' dir='ltr'><strong>Δτὸν</strong></span> <span class='ocrx_word' id='word_1_144' title='bbox 1265 2368 1469 2441; x_wconf 38' lang='grc' dir='ltr'><strong>ἅγιον-</strong></span> <span class='ocrx_word' id='word_1_145' title='bbox 1502 2368 1895 2441; x_wconf 67' lang='grc' dir='ltr'>ἱερομάρτυρα</span> 
     </span>
    </p>
   </div>
   <div class='ocr_carea' id='block_1_24' title="bbox 528 2434 1682 2509">
    <p class='ocr_par' dir='ltr' id='par_1_24' title="bbox 528 2434 1682 2509">
     <span class='ocr_line' id='line_1_24' title="bbox 528 2434 1682 2509; baseline 0.005 -22"><span class='ocrx_word' id='word_1_146' title='bbox 528 2434 855 2490; x_wconf 78' lang='grc' dir='ltr'><em>Βασίλειον</em></span> <span class='ocrx_word' id='word_1_147' title='bbox 889 2434 1323 2505; x_wconf 70' lang='grc' dir='ltr'>πρεσϐύτερον,</span> <span class='ocrx_word' id='word_1_148' title='bbox 1356 2434 1682 2509; x_wconf 54' lang='grc' dir='ltr'>ἡμέρᾴκβκ</span> 
     </span>
    </p>
   </div>
   <div class='ocr_carea' id='block_1_25' title="bbox 402 2522 1898 2603">
    <p class='ocr_par' dir='ltr' id='par_1_25' title="bbox 402 2522 1898 2603">
     <span class='ocr_line' id='line_1_25' title="bbox 402 2522 1898 2603; baseline 0.005 -25"><span class='ocrx_word' id='word_1_149' title='bbox 402 2522 461 2579; x_wconf 85' lang='grc' dir='ltr'><strong>Ὁ</strong></span> <span class='ocrx_word' id='word_1_150' title='bbox 490 2524 569 2597; x_wconf 85' lang='grc' dir='ltr'><strong>τῷ</strong></span> <span class='ocrx_word' id='word_1_151' title='bbox 620 2527 797 2601; x_wconf 75' lang='grc' dir='ltr'><strong>Πατρῖ¹</strong></span> <span class='ocrx_word' id='word_1_152' title='bbox 828 2529 1194 2602; x_wconf 82' lang='grc' dir='ltr'>συνυπάρχων</span> <span class='ocrx_word' id='word_1_153' title='bbox 1238 2531 1562 2600; x_wconf 79' lang='grc' dir='ltr'>Μονογενὴς</span> <span class='ocrx_word' id='word_1_154' title='bbox 1615 2531 1898 2603; x_wconf 78' lang='grc' dir='ltr'>βουληθεὶς</span> 
     </span>
    </p>
   </div>
   <div class='ocr_carea' id='block_1_26' title="bbox 319 2614 1896 2695">
    <p class='ocr_par' dir='ltr' id='par_1_26' title="bbox 319 2614 1896 2695">
     <span class='ocr_line' id='line_1_26' title="bbox 319 2614 1896 2695; baseline 0.006 -27"><span class='ocrx_word' id='word_1_155' title='bbox 319 2614 611 2688; x_wconf 81' lang='grc' dir='ltr'>κατῴκησέ</span> <span class='ocrx_word' id='word_1_156' title='bbox 662 2634 757 2671; x_wconf 90' lang='grc' dir='ltr'><strong>σου</strong></span> <span class='ocrx_word' id='word_1_157' title='bbox 787 2619 886 2690; x_wconf 83' lang='grc' dir='ltr'>τὴν</span> <span class='ocrx_word' id='word_1_158' title='bbox 915 2620 1187 2691; x_wconf 79' lang='grc' dir='ltr'>ἄχραντον</span> <span class='ocrx_word' id='word_1_159' title='bbox 1218 2621 1403 2692; x_wconf 84' lang='grc' dir='ltr'>νηδὺν,</span> <span class='ocrx_word' id='word_1_160' title='bbox 1433 2622 1528 2675; x_wconf 73' lang='grc' dir='ltr'>καὶ</span> <span class='ocrx_word' id='word_1_161' title='bbox 1554 2622 1745 2695; x_wconf 85' lang='grc' dir='ltr'>βροτὸς</span> <span class='ocrx_word' id='word_1_162' title='bbox 1775 2624 1896 2693; x_wconf 74' lang='grc' dir='ltr'><strong>ἐγέ-</strong></span> 
     </span>
    </p>
   </div>
   <div class='ocr_carea' id='block_1_27' title="bbox 321 2709 1898 2785">
    <p class='ocr_par' dir='ltr' id='par_1_27' title="bbox 321 2709 1898 2785">
     <span class='ocr_line' id='line_1_27' title="bbox 321 2709 1898 2785; baseline 0.005 -24"><span class='ocrx_word' id='word_1_163' title='bbox 321 2723 466 2773; x_wconf 86' lang='grc' dir='ltr'>νετο,</span> <span class='ocrx_word' id='word_1_164' title='bbox 528 2709 691 2782; x_wconf 80' lang='grc' dir='ltr'>ἁγνὴ,</span> <span class='ocrx_word' id='word_1_165' title='bbox 731 2710 904 2766; x_wconf 85' lang='grc' dir='ltr'>σῶσαι</span> <span class='ocrx_word' id='word_1_166' title='bbox 961 2711 1132 2767; x_wconf 82' lang='grc' dir='ltr'>θέλων</span> <span class='ocrx_word' id='word_1_167' title='bbox 1192 2713 1319 2778; x_wconf 78' lang='grc' dir='ltr'>τοὺς</span> <span class='ocrx_word' id='word_1_168' title='bbox 1372 2712 1600 2785; x_wconf 78' lang='grc' dir='ltr'>βροτοὺς</span> <span class='ocrx_word' id='word_1_169' title='bbox 1645 2714 1711 2770; x_wconf 83' lang='grc' dir='ltr'><strong>δι’</strong></span> <span class='ocrx_word' id='word_1_170' title='bbox 1758 2716 1898 2784; x_wconf 78' lang='grc' dir='ltr'>ἀγα-</span> 
     </span>
    </p>
   </div>
   <div class='ocr_carea' id='block_1_28' title="bbox 320 2797 542 2872">
    <p class='ocr_par' dir='ltr' id='par_1_28' title="bbox 320 2797 542 2872">
     <span class='ocr_line' id='line_1_28' title="bbox 320 2797 542 2872; baseline 0.027 -21"><span class='ocrx_word' id='word_1_171' title='bbox 320 2797 542 2872; x_wconf 76' lang='grc' dir='ltr'>θότητα.</span> 
     </span>
    </p>
   </div>
   <div class='ocr_carea' id='block_1_29' title="bbox 395 2894 1898 2970">
    <p class='ocr_par' dir='ltr' id='par_1_29' title="bbox 395 2894 1898 2970">
     <span class='ocr_line' id='line_1_29' title="bbox 395 2894 1898 2970; baseline 0.003 -22"><span class='ocrx_word' id='word_1_172' title='bbox 395 2894 675 2967; x_wconf 79' lang='grc' dir='ltr'>Γνωρίσας</span> <span class='ocrx_word' id='word_1_173' title='bbox 694 2894 981 2967; x_wconf 77' lang='grc' dir='ltr'>πόρρωθεν</span> <span class='ocrx_word' id='word_1_174' title='bbox 1000 2895 1100 2970; x_wconf 80' lang='grc' dir='ltr'>τὴν</span> <span class='ocrx_word' id='word_1_175' title='bbox 1127 2896 1225 2968; x_wconf 78' lang='grc' dir='ltr'>σὴν</span> <span class='ocrx_word' id='word_1_176' title='bbox 1258 2895 1524 2967; x_wconf 79' lang='grc' dir='ltr'><strong>σύλληψιν</strong></span> <span class='ocrx_word' id='word_1_177' title='bbox 1555 2896 1787 2963; x_wconf 78' lang='grc' dir='ltr'><strong>Ἡσαΐας</strong></span> <span class='ocrx_word' id='word_1_178' title='bbox 1809 2897 1898 2953; x_wconf 84' lang='grc' dir='ltr'><strong>διὰ</strong></span> 
     </span>
    </p>
   </div>
   <div class='ocr_carea' id='block_1_30' title="bbox 323 2988 1898 3060">
    <p class='ocr_par' dir='ltr' id='par_1_30' title="bbox 323 2988 1898 3060">
     <span class='ocr_line' id='line_1_30' title="bbox 323 2988 1898 3060; baseline 0.002 -18"><span class='ocrx_word' id='word_1_179' title='bbox 323 2988 656 3060; x_wconf 84' lang='grc' dir='ltr'>πνεύματος,</span> <span class='ocrx_word' id='word_1_180' title='bbox 688 2988 849 3059; x_wconf 85' lang='grc' dir='ltr'><strong>κόρη,</strong></span> <span class='ocrx_word' id='word_1_181' title='bbox 879 2988 1241 3060; x_wconf 86' lang='grc' dir='ltr'>διετράνωσεν</span> <span class='ocrx_word' id='word_1_182' title='bbox 1264 2988 1437 3059; x_wconf 79' lang='grc' dir='ltr'>αὐτὴν</span> <span class='ocrx_word' id='word_1_183' title='bbox 1468 2988 1606 3060; x_wconf 86' lang='grc' dir='ltr'>βοῶν</span> <span class='ocrx_word' id='word_1_184' title='bbox 1627 3005 1643 3021; x_wconf 78' lang='grc' dir='ltr'><strong>ο</strong></span> <span class='ocrx_word' id='word_1_185' title='bbox 1685 2990 1813 3045; x_wconf 81' lang='grc' dir='ltr'>Ἰδοὺ</span> <span class='ocrx_word' id='word_1_186' title='bbox 1838 2993 1898 3046; x_wconf 80' lang='grc' dir='ltr'>ὲν</span> 
     </span>
    </p>
   </div>
   <div class='ocr_carea' id='block_1_31' title="bbox 324 3079 1574 3154">
    <p class='ocr_par' dir='ltr' id='par_1_31' title="bbox 324 3079 1574 3154">
     <span class='ocr_line' id='line_1_31' title="bbox 324 3079 1574 3154; baseline 0.002 -19"><span class='ocrx_word' id='word_1_187' title='bbox 324 3080 523 3153; x_wconf 78' lang='grc' dir='ltr'>γαστρὶ</span> <span class='ocrx_word' id='word_1_188' title='bbox 551 3081 585 3152; x_wconf 78' lang='grc' dir='ltr'><strong>ἠ</strong></span> <span class='ocrx_word' id='word_1_189' title='bbox 618 3079 895 3151; x_wconf 81' lang='grc' dir='ltr'>Παρθένος</span> <span class='ocrx_word' id='word_1_190' title='bbox 926 3079 1019 3136; x_wconf 89' lang='grc' dir='ltr'>τὸν</span> <span class='ocrx_word' id='word_1_191' title='bbox 1051 3080 1183 3136; x_wconf 85' lang='grc' dir='ltr'>Θεὸν</span> <span class='ocrx_word' id='word_1_192' title='bbox 1215 3079 1574 3154; x_wconf 73' lang='grc' dir='ltr'>συλλήψεται.</span> 
     </span>
    </p>
   </div>
   <div class='ocr_carea' id='block_1_32' title="bbox 414 3257 1899 3335">
    <p class='ocr_par' dir='ltr' id='par_1_32' title="bbox 414 3257 1899 3335">
     <span class='ocr_line' id='line_1_32' title="bbox 414 3257 1899 3335; baseline 0.004 -23"><span class='ocrx_word' id='word_1_193' title='bbox 414 3257 602 3329; x_wconf 86' lang='grc' dir='ltr'>Ύμνῶ</span> <span class='ocrx_word' id='word_1_194' title='bbox 650 3274 735 3325; x_wconf 88' lang='grc' dir='ltr'><strong>σε,</strong></span> <span class='ocrx_word' id='word_1_195' title='bbox 767 3258 1062 3326; x_wconf 81' lang='grc' dir='ltr'><strong>Δέσποινα,</strong></span> <span class='ocrx_word' id='word_1_196' title='bbox 1092 3260 1193 3332; x_wconf 83' lang='grc' dir='ltr'>τὴν</span> <span class='ocrx_word' id='word_1_197' title='bbox 1232 3260 1615 3334; x_wconf 84' lang='grc' dir='ltr'>πολυύμνητον</span> <span class='ocrx_word' id='word_1_198' title='bbox 1637 3278 1652 3294; x_wconf 76' lang='grc'><strong>⁸</strong></span> <span class='ocrx_word' id='word_1_199' title='bbox 1691 3263 1899 3335; x_wconf 79' lang='grc' dir='ltr'>εὐλογῶ</span> 
     </span>
    </p>
   </div>
   <div class='ocr_carea' id='block_1_33' title="bbox 326 3344 1896 3426">
    <p class='ocr_par' dir='ltr' id='par_1_33' title="bbox 326 3344 1896 3426">
     <span class='ocr_line' id='line_1_33' title="bbox 326 3344 1896 3426; baseline 0.004 -24"><span class='ocrx_word' id='word_1_200' title='bbox 326 3366 418 3415; x_wconf 78' lang='grc' dir='ltr'><strong>σε,</strong></span> <span class='ocrx_word' id='word_1_201' title='bbox 469 3349 748 3421; x_wconf 89' lang='grc' dir='ltr'>Παρθένε,</span> <span class='ocrx_word' id='word_1_202' title='bbox 790 3350 860 3403; x_wconf 82' lang='grc' dir='ltr'><strong>δι’</strong></span> <span class='ocrx_word' id='word_1_203' title='bbox 903 3344 972 3422; x_wconf 83' lang='grc' dir='ltr'>ἦς</span> <span class='ocrx_word' id='word_1_204' title='bbox 1022 3350 1205 3422; x_wconf 77' lang='grc' dir='ltr'>βροτοὶ</span> <span class='ocrx_word' id='word_1_205' title='bbox 1252 3353 1452 3417; x_wconf 82' lang='grc' dir='ltr'>πάντες</span> <span class='ocrx_word' id='word_1_206' title='bbox 1502 3353 1896 3426; x_wconf 82' lang='grc' dir='ltr'>εὐλογήθημεν,</span> 
     </span>
    </p>
   </div>
   <div class='ocr_carea' id='block_1_34' title="bbox 325 3443 1902 3520">
    <p class='ocr_par' dir='ltr' id='par_1_34' title="bbox 325 3443 1902 3520">
     <span class='ocr_line' id='line_1_34' title="bbox 325 3443 1902 3520; baseline 0.003 -24"><span class='ocrx_word' id='word_1_207' title='bbox 325 3443 423 3498; x_wconf 71' lang='grc' dir='ltr'>καὶ</span> <span class='ocrx_word' id='word_1_208' title='bbox 462 3443 564 3513; x_wconf 81' lang='grc' dir='ltr'>τῆς</span> <span class='ocrx_word' id='word_1_209' title='bbox 596 3443 861 3516; x_wconf 46' lang='grc' dir='ltr'>,κατάρας</span> <span class='ocrx_word' id='word_1_210' title='bbox 930 3443 1145 3515; x_wconf 78' lang='grc' dir='ltr'>ἀληθῶς</span> <span class='ocrx_word' id='word_1_211' title='bbox 1202 3444 1300 3516; x_wconf 82' lang='grc' dir='ltr'>τῆς</span> <span class='ocrx_word' id='word_1_212' title='bbox 1364 3445 1599 3517; x_wconf 77' lang='grc' dir='ltr'><strong>ἀρχαίας</strong></span> <span class='ocrx_word' id='word_1_213' title='bbox 1664 3447 1902 3520; x_wconf 80' lang='grc' dir='ltr'>ἐλυτρώ-</span> 
     </span>
    </p>
   </div>
   <div class='ocr_carea' id='block_1_35' title="bbox 326 3533 527 3606">
    <p class='ocr_par' dir='ltr' id='par_1_35' title="bbox 326 3533 527 3606">
     <span class='ocr_line' id='line_1_35' title="bbox 326 3533 527 3606; baseline 0 -18"><span class='ocrx_word' id='word_1_214' title='bbox 326 3533 395 3606; x_wconf 87' lang='grc' dir='ltr'><strong>θη</strong></span> <span class='ocrx_word' id='word_1_215' title='bbox 405 3551 527 3605; x_wconf 85' lang='grc' dir='ltr'>μεν.</span> 
     </span>
    </p>
   </div>
   <div class='ocr_carea' id='block_1_36' title="bbox 396 3625 1903 3701">
    <p class='ocr_par' dir='ltr' id='par_1_36' title="bbox 396 3625 1903 3701">
     <span class='ocr_line' id='line_1_36' title="bbox 396 3625 1903 3701; baseline 0.003 -21"><span class='ocrx_word' id='word_1_216' title='bbox 396 3625 511 3699; x_wconf 81' lang='grc' dir='ltr'><strong>Τὴν</strong></span> <span class='ocrx_word' id='word_1_217' title='bbox 562 3626 840 3699; x_wconf 81' lang='grc' dir='ltr'>ἁνωτέραν</span> <span class='ocrx_word' id='word_1_218' title='bbox 887 3626 997 3680; x_wconf 88' lang='grc' dir='ltr'><strong>τῶν</strong></span> <span class='ocrx_word' id='word_1_219' title='bbox 1052 3626 1343 3699; x_wconf 77' lang='grc' dir='ltr'>χερουσὶμ,</span> <span class='ocrx_word' id='word_1_220' title='bbox 1408 3627 1508 3700; x_wconf 87' lang='grc' dir='ltr'>τὴν</span> <span class='ocrx_word' id='word_1_221' title='bbox 1564 3628 1903 3701; x_wconf 72' lang='grc' dir='ltr'><strong>ὑψηλοτέραν</strong></span> 
     </span>
    </p>
   </div>
   <div class='ocr_carea' id='block_1_37' title="bbox 325 3717 1903 3791">
    <p class='ocr_par' dir='ltr' id='par_1_37' title="bbox 325 3717 1903 3791">
     <span class='ocr_line' id='line_1_37' title="bbox 325 3717 1903 3791; baseline 0.002 -19"><span class='ocrx_word' id='word_1_222' title='bbox 325 3717 595 3788; x_wconf 81' lang='grc' dir='ltr'>οὐρανῶν,</span> <span class='ocrx_word' id='word_1_223' title='bbox 639 3718 739 3790; x_wconf 83' lang='grc' dir='ltr'>τὴν</span> <span class='ocrx_word' id='word_1_224' title='bbox 770 3719 1083 3790; x_wconf 85' lang='grc' dir='ltr'><strong>ὑπερτέραν</strong></span> <span class='ocrx_word' id='word_1_225' title='bbox 1125 3720 1225 3791; x_wconf 84' lang='grc' dir='ltr'>τῆς</span> <span class='ocrx_word' id='word_1_226' title='bbox 1273 3719 1529 3787; x_wconf 83' lang='grc' dir='ltr'><strong>κτίσεως,</strong></span> <span class='ocrx_word' id='word_1_227' title='bbox 1568 3721 1675 3774; x_wconf 88' lang='grc' dir='ltr'><strong>τῶν</strong></span> <span class='ocrx_word' id='word_1_228' title='bbox 1724 3722 1903 3791; x_wconf 83' lang='grc' dir='ltr'>σοφῶν</span> 
     </span>
    </p>
   </div>
   <div class='ocr_carea' id='block_1_38' title="bbox 329 3811 1903 3886">
    <p class='ocr_par' dir='ltr' id='par_1_38' title="bbox 329 3811 1903 3886">
     <span class='ocr_line' id='line_1_38' title="bbox 329 3811 1903 3886; baseline 0.003 -22"><span class='ocrx_word' id='word_1_229' title='bbox 329 3811 627 3884; x_wconf 81' lang='grc' dir='ltr'>μαρτύρων</span> <span class='ocrx_word' id='word_1_230' title='bbox 669 3811 730 3865; x_wconf 91' lang='grc' dir='ltr'>τὸ</span> <span class='ocrx_word' id='word_1_231' title='bbox 776 3812 1190 3884; x_wconf 83' lang='grc' dir='ltr'><strong>περιτείχισμα,</strong></span> <span class='ocrx_word' id='word_1_232' title='bbox 1245 3813 1345 3883; x_wconf 80' lang='grc' dir='ltr'>τὴν</span> <span class='ocrx_word' id='word_1_233' title='bbox 1403 3813 1575 3886; x_wconf 82' lang='grc' dir='ltr'>μόνην</span> <span class='ocrx_word' id='word_1_234' title='bbox 1642 3813 1903 3869; x_wconf 87' lang='grc' dir='ltr'>Θεοτόκον</span> 
     </span>
    </p>
   </div>
   <div class='ocr_carea' id='block_1_39' title="bbox 327 3905 674 3975">
    <p class='ocr_par' dir='ltr' id='par_1_39' title="bbox 327 3905 674 3975">
     <span class='ocr_line' id='line_1_39' title="bbox 327 3905 674 3975; baseline -0.003 -17"><span class='ocrx_word' id='word_1_235' title='bbox 327 3905 674 3975; x_wconf 78' lang='grc' dir='ltr'>τιμήσωμεν.</span> 
     </span>
    </p>
   </div>
   <div class='ocr_carea' id='block_1_40' title="bbox 412 3992 1904 4066">
    <p class='ocr_par' dir='ltr' id='par_1_40' title="bbox 412 3992 1904 4066">
     <span class='ocr_line' id='line_1_40' title="bbox 412 3992 1904 4066; baseline 0.003 -20"><span class='ocrx_word' id='word_1_236' title='bbox 412 3994 599 4064; x_wconf 79' lang='grc' dir='ltr'>Ὺμνῶ</span> <span class='ocrx_word' id='word_1_237' title='bbox 631 4011 712 4059; x_wconf 90' lang='grc' dir='ltr'><strong>σε,</strong></span> <span class='ocrx_word' id='word_1_238' title='bbox 740 3992 1083 4065; x_wconf 80' lang='grc' dir='ltr'>πανύμνητε,</span> <span class='ocrx_word' id='word_1_239' title='bbox 1114 3994 1179 4065; x_wconf 76' lang='grc' dir='ltr'>ἢν</span> <span class='ocrx_word' id='word_1_240' title='bbox 1210 3993 1440 4065; x_wconf 79' lang='grc' dir='ltr'>ὑμνοῦσι</span> <span class='ocrx_word' id='word_1_241' title='bbox 1466 3995 1720 4066; x_wconf 79' lang='grc' dir='ltr'>στρατιαὶ</span> <span class='ocrx_word' id='word_1_242' title='bbox 1746 3998 1904 4051; x_wconf 76' lang='grc' dir='ltr'>ἐπου-</span> 
     </span>
    </p>
   </div>
   <div class='ocr_carea' id='block_1_41' title="bbox 334 4085 1901 4160">
    <p class='ocr_par' dir='ltr' id='par_1_41' title="bbox 334 4085 1901 4160">
     <span class='ocr_line' id='line_1_41' title="bbox 334 4085 1901 4160; baseline 0 -19"><span class='ocrx_word' id='word_1_243' title='bbox 334 4087 535 4160; x_wconf 88' lang='grc' dir='ltr'>ρανίων</span> <span class='ocrx_word' id='word_1_244' title='bbox 560 4085 789 4153; x_wconf 82' lang='grc' dir='ltr'><strong>τάξεων,</strong></span> <span class='ocrx_word' id='word_1_245' title='bbox 820 4087 916 4140; x_wconf 62' lang='grc' dir='ltr'><strong>κοιλ⁸</strong></span> <span class='ocrx_word' id='word_1_246' title='bbox 942 4086 1180 4141; x_wconf 84' lang='grc' dir='ltr'>δυσωπῶ</span> <span class='ocrx_word' id='word_1_247' title='bbox 1210 4104 1293 4152; x_wconf 87' lang='grc' dir='ltr'><strong>σε,</strong></span> <span class='ocrx_word' id='word_1_248' title='bbox 1340 4085 1489 4158; x_wconf 87' lang='grc' dir='ltr'>πάθη</span> <span class='ocrx_word' id='word_1_249' title='bbox 1538 4104 1641 4157; x_wconf 86' lang='grc' dir='ltr'><strong>μου</strong></span> <span class='ocrx_word' id='word_1_250' title='bbox 1674 4089 1772 4159; x_wconf 82' lang='grc' dir='ltr'>τῆς</span> <span class='ocrx_word' id='word_1_251' title='bbox 1798 4089 1901 4158; x_wconf 79' lang='grc' dir='ltr'>ψυ-</span> 
     </span>
    </p>
   </div>
   <div class='ocr_carea' id='block_1_42' title="bbox 331 4178 1902 4253">
    <p class='ocr_par' dir='ltr' id='par_1_42' title="bbox 331 4178 1902 4253">
     <span class='ocr_line' id='line_1_42' title="bbox 331 4178 1902 4253; baseline -0.007 -9"><span class='ocrx_word' id='word_1_252' title='bbox 331 4180 432 4250; x_wconf 80' lang='grc' dir='ltr'><strong>χῆς</strong></span> <span class='ocrx_word' id='word_1_253' title='bbox 471 4178 773 4249; x_wconf 72' lang='grc' dir='ltr'>ἰάτρευσον,</span> <span class='ocrx_word' id='word_1_254' title='bbox 809 4179 1066 4250; x_wconf 80' lang='grc' dir='ltr'>ἄχραντε,</span> <span class='ocrx_word' id='word_1_255' title='bbox 1117 4178 1214 4233; x_wconf 74' lang='grc' dir='ltr'>καὶ</span> <span class='ocrx_word' id='word_1_256' title='bbox 1263 4178 1431 4253; x_wconf 89' lang='grc' dir='ltr'>πυρὸς</span> <span class='ocrx_word' id='word_1_257' title='bbox 1476 4178 1697 4233; x_wconf 81' lang='grc' dir='ltr'>αἰωνίου</span> <span class='ocrx_word' id='word_1_258' title='bbox 1749 4180 1902 4234; x_wconf 78' lang='grc' dir='ltr'>ἐλευ-</span> 
     </span>
    </p>
   </div>
   <div class='ocr_carea' id='block_1_43' title="bbox 332 4270 596 4342">
    <p class='ocr_par' dir='ltr' id='par_1_43' title="bbox 332 4270 596 4342">
     <span class='ocr_line' id='line_1_43' title="bbox 332 4270 596 4342; baseline 0 -17"><span class='ocrx_word' id='word_1_259' title='bbox 332 4270 596 4342; x_wconf 79' lang='grc' dir='ltr'>θέρωσον.</span> 
     </span>
    </p>
   </div>
   <div class='ocr_carea' id='block_1_44' title="bbox 403 4360 1903 4435">
    <p class='ocr_par' dir='ltr' id='par_1_44' title="bbox 403 4360 1903 4435">
     <span class='ocr_line' id='line_1_44' title="bbox 403 4360 1903 4435; baseline 0 -18"><span class='ocrx_word' id='word_1_260' title='bbox 403 4363 711 4435; x_wconf 79' lang='grc' dir='ltr'>Παρθενίαν</span> <span class='ocrx_word' id='word_1_261' title='bbox 766 4363 909 4435; x_wconf 84' lang='grc' dir='ltr'>μετὰ</span> <span class='ocrx_word' id='word_1_262' title='bbox 954 4362 1115 4418; x_wconf 88' lang='grc' dir='ltr'>τόκον</span> <span class='ocrx_word' id='word_1_263' title='bbox 1170 4360 1538 4435; x_wconf 84' lang='grc' dir='ltr'>ἀδιάφθορον,</span> <span class='ocrx_word' id='word_1_264' title='bbox 1620 4364 1903 4435; x_wconf 87' lang='grc' dir='ltr'>Παρθένε,</span> 
     </span>
    </p>
   </div>
   <div class='ocr_carea' id='block_1_45' title="bbox 334 4453 1905 4529">
    <p class='ocr_par' dir='ltr' id='par_1_45' title="bbox 334 4453 1905 4529">
     <span class='ocr_line' id='line_1_45' title="bbox 334 4453 1905 4529; baseline 0.002 -22"><span class='ocrx_word' id='word_1_265' title='bbox 334 4453 697 4524; x_wconf 83' lang='grc' dir='ltr'>διαμένουσαν</span> <span class='ocrx_word' id='word_1_266' title='bbox 745 4453 1107 4521; x_wconf 85' lang='grc' dir='ltr'>κατανοοῦσα,</span> <span class='ocrx_word' id='word_1_267' title='bbox 1142 4454 1219 4527; x_wconf 83' lang='grc' dir='ltr'>τῷ</span> <span class='ocrx_word' id='word_1_268' title='bbox 1252 4455 1316 4510; x_wconf 82' lang='grc' dir='ltr'>ὲκ</span> <span class='ocrx_word' id='word_1_269' title='bbox 1348 4455 1442 4509; x_wconf 79' lang='grc' dir='ltr'>σοῦ</span> <span class='ocrx_word' id='word_1_270' title='bbox 1472 4455 1717 4527; x_wconf 81' lang='grc' dir='ltr'>τεχθέντι</span> <span class='ocrx_word' id='word_1_271' title='bbox 1762 4457 1905 4529; x_wconf 84' lang='grc' dir='ltr'>ὑπὲρ</span> 
     </span>
    </p>
   </div>
   <div class='ocr_carea' id='block_1_46' title="bbox 330 4543 1907 4620">
    <p class='ocr_par' dir='ltr' id='par_1_46' title="bbox 330 4543 1907 4620">
     <span class='ocr_line' id='line_1_46' title="bbox 330 4543 1907 4620; baseline 0.003 -20"><span class='ocrx_word' id='word_1_272' title='bbox 330 4544 458 4600; x_wconf 79' lang='grc' dir='ltr'>νοῦν</span> <span class='ocrx_word' id='word_1_273' title='bbox 485 4545 643 4609; x_wconf 77' lang='grc' dir='ltr'>ἐϐόας</span> <span class='ocrx_word' id='word_1_274' title='bbox 681 4546 892 4617; x_wconf 87' lang='grc' dir='ltr'>Σωτῆρι</span> <span class='ocrx_word' id='word_1_275' title='bbox 918 4547 1012 4601; x_wconf 76' lang='grc' dir='ltr'>καὶ</span> <span class='ocrx_word' id='word_1_276' title='bbox 1036 4546 1174 4618; x_wconf 82' lang='grc' dir='ltr'><strong>Θεῷ’</strong></span> <span class='ocrx_word' id='word_1_277' title='bbox 1210 4547 1519 4620; x_wconf 80' lang='grc' dir='ltr'>Εὐλογητὸς</span> <span class='ocrx_word' id='word_1_278' title='bbox 1548 4543 1620 4616; x_wconf 68' lang='lat' dir='ltr'><strong>ei,</strong></span> <span class='ocrx_word' id='word_1_279' title='bbox 1660 4551 1689 4603; x_wconf 83' lang='grc' dir='ltr'><strong>ὁ</strong></span> <span class='ocrx_word' id='word_1_280' title='bbox 1720 4549 1854 4615; x_wconf 85' lang='grc' dir='ltr'><strong>Θεὸς</strong></span> <span class='ocrx_word' id='word_1_281' title='bbox 1878 4552 1907 4605; x_wconf 81' lang='grc' dir='ltr'>ὁ</span> 
     </span>
    </p>
   </div>
   <div class='ocr_carea' id='block_1_47' title="bbox 330 4636 927 4709">
    <p class='ocr_par' dir='ltr' id='par_1_47' title="bbox 330 4636 927 4709">
     <span class='ocr_line' id='line_1_47' title="bbox 330 4636 927 4709; baseline 0.005 -19"><span class='ocrx_word' id='word_1_282' title='bbox 330 4636 442 4691; x_wconf 88' lang='grc' dir='ltr'><strong>τῶν</strong></span> <span class='ocrx_word' id='word_1_283' title='bbox 469 4636 721 4709; x_wconf 78' lang='grc' dir='ltr'>πατέρων</span> <span class='ocrx_word' id='word_1_284' title='bbox 748 4638 927 4708; x_wconf 80' lang='grc' dir='ltr'>ἡμῶν.</span> 
     </span>
    </p>
   </div>
   <div class='ocr_carea' id='block_1_48' title="bbox 405 4816 1904 4890">
    <p class='ocr_par' dir='ltr' id='par_1_48' title="bbox 405 4816 1904 4890">
     <span class='ocr_line' id='line_1_48' title="bbox 405 4816 1904 4890; baseline 0 -16"><span class='ocrx_word' id='word_1_285' title='bbox 405 4818 689 4890; x_wconf 84' lang='grc' dir='ltr'>Σωτηρίαν</span> <span class='ocrx_word' id='word_1_286' title='bbox 728 4816 1031 4890; x_wconf 83' lang='grc' dir='ltr'>ἀνθρώπων</span> <span class='ocrx_word' id='word_1_287' title='bbox 1060 4818 1215 4885; x_wconf 88' lang='grc' dir='ltr'>γένος</span> <span class='ocrx_word' id='word_1_288' title='bbox 1236 4818 1463 4890; x_wconf 75' lang='grc' dir='ltr'>ἠξίωται</span> <span class='ocrx_word' id='word_1_289' title='bbox 1488 4819 1577 4874; x_wconf 74' lang='grc' dir='ltr'><strong>διὰ</strong></span> <span class='ocrx_word' id='word_1_290' title='bbox 1618 4819 1735 4885; x_wconf 83' lang='grc' dir='ltr'>σοῦ,</span> <span class='ocrx_word' id='word_1_291' title='bbox 1762 4838 1904 4876; x_wconf 83' lang='grc' dir='ltr'>παν-</span> 
     </span>
    </p>
   </div>
   <div class='ocr_carea' id='block_1_49' title="bbox 340 4912 1907 4984">
    <p class='ocr_par' dir='ltr' id='par_1_49' title="bbox 340 4912 1907 4984">
     <span class='ocr_line' id='line_1_49' title="bbox 340 4912 1907 4984; baseline 0 -17"><span class='ocrx_word' id='word_1_292' title='bbox 340 4913 471 4980; x_wconf 76' lang='grc' dir='ltr'>αγία</span> <span class='ocrx_word' id='word_1_293' title='bbox 521 4912 917 4983; x_wconf 81' lang='grc' dir='ltr'>θεοχαρίτωτε·</span> <span class='ocrx_word' id='word_1_294' title='bbox 957 4912 1092 4983; x_wconf 85' lang='grc' dir='ltr'>μόνη</span> <span class='ocrx_word' id='word_1_295' title='bbox 1155 4912 1266 4983; x_wconf 81' lang='grc' dir='ltr'><strong>γὰρ</strong></span> <span class='ocrx_word' id='word_1_296' title='bbox 1329 4914 1463 4983; x_wconf 84' lang='grc' dir='ltr'>ἡμῖν</span> <span class='ocrx_word' id='word_1_297' title='bbox 1512 4912 1602 4966; x_wconf 85' lang='grc' dir='ltr'>τὸν</span> <span class='ocrx_word' id='word_1_298' title='bbox 1673 4912 1907 4984; x_wconf 84' lang='grc' dir='ltr'>Σωτῆρα</span> 
     </span>
    </p>
   </div>
   <div class='ocr_carea' id='block_1_50' title="bbox 340 5002 1900 5075">
    <p class='ocr_par' dir='ltr' id='par_1_50' title="bbox 340 5002 1900 5075">
     <span class='ocr_line' id='line_1_50' title="bbox 340 5002 1900 5075; baseline 0 -18"><span class='ocrx_word' id='word_1_299' title='bbox 340 5003 578 5075; x_wconf 69' lang='grc' dir='ltr'>ἔκύησας</span> <span class='ocrx_word' id='word_1_300' title='bbox 598 5043 613 5067; x_wconf 93' lang='grc'><strong>,</strong></span> <span class='ocrx_word' id='word_1_301' title='bbox 644 5003 702 5057; x_wconf 83' lang='grc' dir='ltr'>ὃν</span> <span class='ocrx_word' id='word_1_302' title='bbox 735 5002 1122 5074; x_wconf 74' lang='grc' dir='ltr'>ὁπερυψοῦμεν</span> <span class='ocrx_word' id='word_1_303' title='bbox 1151 5004 1231 5067; x_wconf 77' lang='grc' dir='ltr'><strong>εἰς</strong></span> <span class='ocrx_word' id='word_1_304' title='bbox 1260 5004 1468 5069; x_wconf 83' lang='grc' dir='ltr'>πάντας</span> <span class='ocrx_word' id='word_1_305' title='bbox 1498 5004 1625 5069; x_wconf 79' lang='grc' dir='ltr'>τοὺς</span> <span class='ocrx_word' id='word_1_306' title='bbox 1674 5004 1900 5069; x_wconf 77' lang='grc' dir='ltr'>αἰῶνας.</span> 
     </span>
    </p>
   </div>
   <div class='ocr_carea' id='block_1_51' title="bbox 407 5180 1906 5255">
    <p class='ocr_par' dir='ltr' id='par_1_51' title="bbox 407 5180 1906 5255">
     <span class='ocr_line' id='line_1_51' title="bbox 407 5180 1906 5255; baseline 0.001 -19"><span class='ocrx_word' id='word_1_307' title='bbox 407 5182 638 5253; x_wconf 80' lang='grc' dir='ltr'>Φρικτὸς</span> <span class='ocrx_word' id='word_1_308' title='bbox 670 5185 698 5237; x_wconf 86' lang='grc' dir='ltr'><strong>ό</strong></span> <span class='ocrx_word' id='word_1_309' title='bbox 733 5183 933 5254; x_wconf 77' lang='grc' dir='ltr'>τρόπος</span> <span class='ocrx_word' id='word_1_310' title='bbox 971 5182 998 5235; x_wconf 86' lang='grc' dir='ltr'>ὁ</span> <span class='ocrx_word' id='word_1_311' title='bbox 1034 5182 1139 5252; x_wconf 79' lang='grc' dir='ltr'>τῆς</span> <span class='ocrx_word' id='word_1_312' title='bbox 1195 5180 1410 5251; x_wconf 88' lang='grc' dir='ltr'>λοχείας</span> <span class='ocrx_word' id='word_1_313' title='bbox 1456 5198 1548 5235; x_wconf 89' lang='grc' dir='ltr'><strong>σου</strong></span> <span class='ocrx_word' id='word_1_314' title='bbox 1571 5198 1587 5214; x_wconf 78' lang='grc' dir='ltr'><strong>ο</strong></span> <span class='ocrx_word' id='word_1_315' title='bbox 1627 5181 1759 5245; x_wconf 83' lang='grc' dir='ltr'>Θεὸς</span> <span class='ocrx_word' id='word_1_316' title='bbox 1798 5183 1906 5255; x_wconf 80' lang='grc' dir='ltr'><strong>γάρ</strong></span> 
     </span>
    </p>
   </div>
   <div class='ocr_carea' id='block_1_52' title="bbox 345 5272 1908 5347">
    <p class='ocr_par' dir='ltr' id='par_1_52' title="bbox 345 5272 1908 5347">
     <span class='ocr_line' id='line_1_52' title="bbox 345 5272 1908 5347; baseline -0.003 -16"><span class='ocrx_word' id='word_1_317' title='bbox 345 5272 407 5347; x_wconf 64' lang='grc' dir='ltr'>ἣν</span> <span class='ocrx_word' id='word_1_318' title='bbox 427 5321 440 5343; x_wconf 86' lang='grc'><strong>,</strong></span> <span class='ocrx_word' id='word_1_319' title='bbox 496 5274 737 5347; x_wconf 84' lang='grc' dir='ltr'>Παρθένε</span> <span class='ocrx_word' id='word_1_320' title='bbox 759 5315 773 5338; x_wconf 89' lang='grc'><strong>,</strong></span> <span class='ocrx_word' id='word_1_321' title='bbox 821 5273 1125 5346; x_wconf 74' lang='grc' dir='ltr'>σαρκωθεὶς</span> <span class='ocrx_word' id='word_1_322' title='bbox 1153 5273 1181 5325; x_wconf 82' lang='grc' dir='ltr'>ὁ</span> <span class='ocrx_word' id='word_1_323' title='bbox 1210 5272 1527 5343; x_wconf 82' lang='grc' dir='ltr'>τικτόμενος</span> <span class='ocrx_word' id='word_1_324' title='bbox 1552 5312 1568 5337; x_wconf 95' lang='grc'><strong>,</strong></span> <span class='ocrx_word' id='word_1_325' title='bbox 1603 5272 1662 5326; x_wconf 84' lang='grc' dir='ltr'>ὃν</span> <span class='ocrx_word' id='word_1_326' title='bbox 1698 5273 1908 5327; x_wconf 79' lang='grc' dir='ltr'>ἱκέτευε</span> 
     </span>
    </p>
   </div>
   <div class='ocr_carea' id='block_1_53' title="bbox 343 5362 1909 5439">
    <p class='ocr_par' dir='ltr' id='par_1_53' title="bbox 343 5362 1909 5439">
     <span class='ocr_line' id='line_1_53' title="bbox 343 5362 1909 5439; baseline -0.003 -18"><span class='ocrx_word' id='word_1_327' title='bbox 343 5369 580 5439; x_wconf 82' lang='grc' dir='ltr'>φρικτῆς</span> <span class='ocrx_word' id='word_1_328' title='bbox 630 5368 904 5430; x_wconf 83' lang='grc' dir='ltr'>κολάσεως</span> <span class='ocrx_word' id='word_1_329' title='bbox 942 5366 1151 5427; x_wconf 88' lang='grc' dir='ltr'>πάντας</span> <span class='ocrx_word' id='word_1_330' title='bbox 1202 5365 1326 5427; x_wconf 79' lang='grc' dir='ltr'>τοὺς</span> <span class='ocrx_word' id='word_1_331' title='bbox 1378 5362 1689 5433; x_wconf 82' lang='grc' dir='ltr'>ἀδιστάκτῳ</span> <span class='ocrx_word' id='word_1_332' title='bbox 1727 5364 1909 5417; x_wconf 87' lang='grc' dir='ltr'>πίστει</span> 
     </span>
    </p>
   </div>
   <div class='ocr_carea' id='block_1_54' title="bbox 344 5454 1914 5531">
    <p class='ocr_par' dir='ltr' id='par_1_54' title="bbox 344 5454 1914 5531">
     <span class='ocr_line' id='line_1_54' title="bbox 344 5454 1914 5531; baseline -0.003 -17"><span class='ocrx_word' id='word_1_333' title='bbox 344 5461 618 5530; x_wconf 85' lang='grc' dir='ltr'>τιμῶντάς</span> <span class='ocrx_word' id='word_1_334' title='bbox 651 5476 733 5526; x_wconf 87' lang='grc' dir='ltr'><strong>σε,</strong></span> <span class='ocrx_word' id='word_1_335' title='bbox 763 5462 937 5531; x_wconf 81' lang='grc' dir='ltr'>μῆτερ</span> <span class='ocrx_word' id='word_1_336' title='bbox 970 5457 1316 5528; x_wconf 80' lang='grc' dir='ltr'>ἀπειρόγαμε</span> <span class='ocrx_word' id='word_1_337' title='bbox 1348 5454 1542 5526; x_wconf 85' lang='grc' dir='ltr'>σεμνὴ,</span> <span class='ocrx_word' id='word_1_338' title='bbox 1599 5455 1914 5527; x_wconf 82' lang='grc' dir='ltr'>ἀπολυτρώ-</span> 
     </span>
    </p>
   </div>
   <div class='ocr_carea' id='block_1_55' title="bbox 342 5549 561 5604">
    <p class='ocr_par' dir='ltr' id='par_1_55' title="bbox 342 5549 561 5604">
     <span class='ocr_line' id='line_1_55' title="bbox 342 5549 561 5604; baseline 0.005 -1"><span class='ocrx_word' id='word_1_339' title='bbox 342 5549 561 5604; x_wconf 84' lang='grc' dir='ltr'>σασθαι.</span> 
     </span>
    </p>
   </div>
   <div class='ocr_carea' id='block_1_56' title="bbox 354 5626 1914 5779">
    <p class='ocr_par' dir='ltr' id='par_1_56' title="bbox 354 5626 1914 5779">
     <span class='ocr_line' id='line_1_56' title="bbox 354 5626 1914 5779; baseline -0.004 -82"><span class='ocrx_word' id='word_1_340' title='bbox 354 5634 461 5697; x_wconf 77' lang='grc' dir='ltr'>Ἐκ</span> <span class='ocrx_word' id='word_1_341' title='bbox 484 5642 593 5697; x_wconf 82' lang='grc' dir='ltr'>τοῦ</span> <span class='ocrx_word' id='word_1_342' title='bbox 623 5644 885 5709; x_wconf 81' lang='grc' dir='ltr'>κανόνος</span> <span class='ocrx_word' id='word_1_343' title='bbox 912 5646 999 5708; x_wconf 82' lang='grc' dir='ltr'>εὶς</span> <span class='ocrx_word' id='word_1_344' title='bbox 1033 5641 1142 5779; x_wconf 42' lang='grc' dir='ltr'>τιξῇν</span> <span class='ocrx_word' id='word_1_345' title='bbox 1167 5626 1594 5779; x_wconf 58' lang='grc' dir='ltr'>ἓσιονγζῖατέρα</span> <span class='ocrx_word' id='word_1_346' title='bbox 1616 5637 1786 5709; x_wconf 78' lang='grc' dir='ltr'><strong>ήμῶν</strong></span> <span class='ocrx_word' id='word_1_347' title='bbox 1811 5639 1914 5694; x_wconf 87' lang='grc' dir='ltr'><strong>Νί-</strong></span> 
     </span>
     <span class='ocr_line' id='line_1_57' title="bbox 874 5727 1757 5779; baseline -0.005 -13"><span class='ocrx_word' id='word_1_348' title='bbox 874 5728 1055 5775; x_wconf 81' lang='grc' dir='ltr'>κωνα,</span> <span class='ocrx_word' id='word_1_349' title='bbox 1121 5730 1163 5779; x_wconf 83' lang='grc' dir='ltr'><em>μ</em></span> <span class='ocrx_word' id='word_1_350' title='bbox 1194 5727 1272 5779; x_wconf 70' lang='lat' dir='ltr'><strong>pa</strong></span> <span class='ocrx_word' id='word_1_351' title='bbox 1302 5728 1336 5764; x_wconf 94' lang='grc' dir='ltr'><strong>κ</strong></span> <span class='ocrx_word' id='word_1_352' title='bbox 1396 5751 1412 5765; x_wconf 92' lang='grc'><strong>.</strong></span> <span class='ocrx_word' id='word_1_353' title='bbox 1750 5756 1757 5762; x_wconf 94' lang='grc'><em>.</em></span> 
     </span>
    </p>
   </div>
   <div class='ocr_carea' id='block_1_57' title="bbox 874 5728 1757 5775">
    <p class='ocr_par' dir='ltr' id='par_1_57' title="bbox 874 5728 1757 5775">
     <span class='ocr_line' id='line_1_58' title="bbox 874 5728 1757 5775; baseline -0.005 -9"><span class='ocrx_word' id='word_1_354' title='bbox 874 5728 1055 5775; x_wconf 80' lang='grc' dir='ltr'>κωνα,</span> <span class='ocrx_word' id='word_1_355' title='bbox 1083 5728 1272 5775; x_wconf 78' lang='grc' dir='ltr'>ημερᾳ</span> <span class='ocrx_word' id='word_1_356' title='bbox 1302 5728 1381 5775; x_wconf 79' lang='grc' dir='ltr'>κγ</span> <span class='ocrx_word' id='word_1_357' title='bbox 1396 5751 1412 5765; x_wconf 93' lang='grc'><strong>.</strong></span> <span class='ocrx_word' id='word_1_358' title='bbox 1750 5756 1757 5762; x_wconf 95' lang='grc'><em>.</em></span> 
     </span>
    </p>
   </div>
   <div class='ocr_carea' id='block_1_58' title="bbox 427 5727 1908 5879">
    <p class='ocr_par' dir='ltr' id='par_1_58' title="bbox 427 5727 1908 5879">
     <span class='ocr_line' id='line_1_59' title="bbox 874 5727 1757 5780; baseline -0.005 -14"><span class='ocrx_word' id='word_1_359' title='bbox 874 5728 1055 5775; x_wconf 81' lang='grc' dir='ltr'>κωνα,</span> <span class='ocrx_word' id='word_1_360' title='bbox 1083 5727 1272 5780; x_wconf 77' lang='grc' dir='ltr'>ημερᾳ</span> <span class='ocrx_word' id='word_1_361' title='bbox 1302 5727 1412 5779; x_wconf 76' lang='grc' dir='ltr'><strong>κγ.</strong></span> <span class='ocrx_word' id='word_1_362' title='bbox 1750 5756 1757 5762; x_wconf 94' lang='grc'><em>.</em></span> 
     </span>
     <span class='ocr_line' id='line_1_60' title="bbox 427 5802 1908 5879; baseline -0.003 -21"><span class='ocrx_word' id='word_1_363' title='bbox 427 5803 491 5858; x_wconf 87' lang='grc' dir='ltr'><strong>Ἦ</strong></span> <span class='ocrx_word' id='word_1_364' title='bbox 526 5804 668 5874; x_wconf 85' lang='grc' dir='ltr'>πύλη</span> <span class='ocrx_word' id='word_1_365' title='bbox 695 5806 793 5876; x_wconf 81' lang='grc' dir='ltr'>τῆς</span> <span class='ocrx_word' id='word_1_366' title='bbox 822 5806 959 5879; x_wconf 84' lang='grc' dir='ltr'>πρὸς</span> <span class='ocrx_word' id='word_1_367' title='bbox 999 5805 1146 5875; x_wconf 77' lang='grc' dir='ltr'>ἡμᾶς</span> <span class='ocrx_word' id='word_1_368' title='bbox 1177 5820 1291 5871; x_wconf 89' lang='grc' dir='ltr'>σου,</span> <span class='ocrx_word' id='word_1_369' title='bbox 1314 5802 1508 5875; x_wconf 79' lang='grc' dir='ltr'>Κύριε,</span> <span class='ocrx_word' id='word_1_370' title='bbox 1561 5802 1908 5874; x_wconf 70' lang='grc' dir='ltr'>συγκαταϐὰς</span> 
     </span>
    </p>
   </div>
   <div class='ocr_carea' id='block_1_59' title="bbox 422 5917 1535 5991">
    <p class='ocr_par' dir='ltr' id='par_1_59' title="bbox 422 5917 1535 5991">
     <span class='ocr_line' id='line_1_61' title="bbox 422 5917 1535 5991; baseline -0.003 -17"><span class='ocrx_word' id='word_1_371' title='bbox 422 5919 556 5991; x_wconf 76' lang='grc'><strong>(58⁸)</strong></span> <span class='ocrx_word' id='word_1_372' title='bbox 588 5919 774 5979; x_wconf 61' lang='lat' dir='ltr'><strong>Graeca</strong></span> <span class='ocrx_word' id='word_1_373' title='bbox 815 5919 1194 5976; x_wconf 80' lang='lat' dir='ltr'><strong>desiderantur</strong></span> <span class='ocrx_word' id='word_1_374' title='bbox 1221 5919 1274 5973; x_wconf 87' lang='lat' dir='ltr'><strong>in</strong></span> <span class='ocrx_word' id='word_1_375' title='bbox 1300 5917 1535 5974; x_wconf 77' lang='lat' dir='ltr'><strong>Memeis.</strong></span> 
     </span>
    </p>
   </div>
   <div class='ocr_carea' id='block_1_60' title="bbox 1993 801 3567 876">
    <p class='ocr_par' dir='ltr' id='par_1_60' title="bbox 1993 801 3567 876">
     <span class='ocr_line' id='line_1_62' title="bbox 1993 801 3567 876; baseline -0.002 -18"><span class='ocrx_word' id='word_1_376' title='bbox 1993 804 2204 860; x_wconf 88' lang='lat' dir='ltr'><strong>tionum</strong></span> <span class='ocrx_word' id='word_1_377' title='bbox 2254 805 2422 876; x_wconf 85' lang='lat' dir='ltr'><strong>hujus</strong></span> <span class='ocrx_word' id='word_1_378' title='bbox 2476 807 2602 861; x_wconf 74' lang='lat' dir='ltr'><strong>vitae</strong></span> <span class='ocrx_word' id='word_1_379' title='bbox 2650 803 3117 876; x_wconf 89' lang='lat' dir='ltr'><strong>periculosissime</strong></span> <span class='ocrx_word' id='word_1_380' title='bbox 3167 801 3567 875; x_wconf 85' lang='lat' dir='ltr'><strong>ﬂuctuanti,et</strong></span> 
     </span>
    </p>
   </div>
   <div class='ocr_carea' id='block_1_61' title="bbox 1995 894 3260 967">
    <p class='ocr_par' dir='ltr' id='par_1_61' title="bbox 1995 894 3260 967">
     <span class='ocr_line' id='line_1_63' title="bbox 1995 894 3260 967; baseline -0.001 -18"><span class='ocrx_word' id='word_1_381' title='bbox 1995 894 2168 965; x_wconf 83' lang='lat' dir='ltr'><strong>dirige</strong></span> <span class='ocrx_word' id='word_1_382' title='bbox 2193 910 2281 951; x_wconf 88' lang='lat' dir='ltr'><strong>me</strong></span> <span class='ocrx_word' id='word_1_383' title='bbox 2307 896 2361 951; x_wconf 92' lang='lat' dir='ltr'><strong>in</strong></span> <span class='ocrx_word' id='word_1_384' title='bbox 2390 904 2607 967; x_wconf 89' lang='lat' dir='ltr'><strong>portum</strong></span> <span class='ocrx_word' id='word_1_385' title='bbox 2643 896 2861 961; x_wconf 88' lang='lat' dir='ltr'><strong>salutis,</strong></span> <span class='ocrx_word' id='word_1_386' title='bbox 2885 905 2939 951; x_wconf 92' lang='lat' dir='ltr'><strong>et</strong></span> <span class='ocrx_word' id='word_1_387' title='bbox 2968 894 3118 948; x_wconf 86' lang='lat' dir='ltr'><strong>salva</strong></span> <span class='ocrx_word' id='word_1_388' title='bbox 3151 908 3260 949; x_wconf 91' lang='lat' dir='ltr'><strong>me.</strong></span> 
     </span>
    </p>
   </div>
   <div class='ocr_carea' id='block_1_62' title="bbox 2064 983 3567 1057">
    <p class='ocr_par' dir='ltr' id='par_1_62' title="bbox 2064 983 3567 1057">
     <span class='ocr_line' id='line_1_64' title="bbox 2064 983 3567 1057; baseline -0.001 -17"><span class='ocrx_word' id='word_1_389' title='bbox 2064 985 2299 1042; x_wconf 82' lang='lat' dir='ltr'><strong>Mentem</strong></span> <span class='ocrx_word' id='word_1_390' title='bbox 2344 1003 2524 1043; x_wconf 88' lang='lat' dir='ltr'><strong>meam</strong></span> <span class='ocrx_word' id='word_1_391' title='bbox 2576 987 2936 1057; x_wconf 88' lang='lat' dir='ltr'><strong>plurimarum</strong></span> <span class='ocrx_word' id='word_1_392' title='bbox 2968 985 3314 1056; x_wconf 69' lang='lat' dir='ltr'><strong>[passionum</strong></span> <span class='ocrx_word' id='word_1_393' title='bbox 3373 983 3567 1038; x_wconf 89' lang='lat' dir='ltr'><strong>morbo</strong></span> 
     </span>
    </p>
   </div>
   <div class='ocr_carea' id='block_1_63' title="bbox 1995 1073 3566 1148">
    <p class='ocr_par' dir='ltr' id='par_1_63' title="bbox 1995 1073 3566 1148">
     <span class='ocr_line' id='line_1_65' title="bbox 1995 1073 3566 1148; baseline -0.003 -16"><span class='ocrx_word' id='word_1_394' title='bbox 1995 1087 2329 1148; x_wconf 88' lang='lat' dir='ltr'><strong>peremptam</strong></span> <span class='ocrx_word' id='word_1_395' title='bbox 2357 1078 2592 1145; x_wconf 83' lang='lat' dir='ltr'><strong>viviﬁca,</strong></span> <span class='ocrx_word' id='word_1_396' title='bbox 2624 1094 2658 1133; x_wconf 94' lang='lat' dir='ltr'><strong>o</strong></span> <span class='ocrx_word' id='word_1_397' title='bbox 2690 1077 3230 1140; x_wconf 85' lang='lat' dir='ltr'><strong>immaculatissima;</strong></span> <span class='ocrx_word' id='word_1_398' title='bbox 3254 1084 3308 1131; x_wconf 89' lang='lat' dir='ltr'><strong>et</strong></span> <span class='ocrx_word' id='word_1_399' title='bbox 3332 1074 3401 1129; x_wconf 88' lang='lat' dir='ltr'><strong>da</strong></span> <span class='ocrx_word' id='word_1_400' title='bbox 3432 1073 3566 1129; x_wconf 88' lang='lat' dir='ltr'><strong>mihi</strong></span> 
     </span>
    </p>
   </div>
   <div class='ocr_carea' id='block_1_64' title="bbox 1996 1166 3567 1240">
    <p class='ocr_par' dir='ltr' id='par_1_64' title="bbox 1996 1166 3567 1240">
     <span class='ocr_line' id='line_1_66' title="bbox 1996 1166 3567 1240; baseline -0.001 -18"><span class='ocrx_word' id='word_1_401' title='bbox 1996 1168 2162 1233; x_wconf 87' lang='lat' dir='ltr'><strong>vires,</strong></span> <span class='ocrx_word' id='word_1_402' title='bbox 2193 1178 2254 1224; x_wconf 89' lang='lat' dir='ltr'><strong>ut</strong></span> <span class='ocrx_word' id='word_1_403' title='bbox 2282 1169 2391 1226; x_wconf 88' lang='lat' dir='ltr'><strong>Deo</strong></span> <span class='ocrx_word' id='word_1_404' title='bbox 2423 1170 2623 1240; x_wconf 89' lang='lat' dir='ltr'><strong>placita</strong></span> <span class='ocrx_word' id='word_1_405' title='bbox 2668 1168 2882 1226; x_wconf 83' lang='lat' dir='ltr'><strong>ellicere</strong></span> <span class='ocrx_word' id='word_1_406' title='bbox 2937 1170 3169 1239; x_wconf 87' lang='lat' dir='ltr'><strong>possim,</strong></span> <span class='ocrx_word' id='word_1_407' title='bbox 3222 1176 3282 1223; x_wconf 88' lang='lat' dir='ltr'><strong>ut</strong></span> <span class='ocrx_word' id='word_1_408' title='bbox 3320 1166 3567 1236; x_wconf 80' lang='lat' dir='ltr'><strong>magniﬁ-</strong></span> 
     </span>
    </p>
   </div>
   <div class='ocr_carea' id='block_1_65' title="bbox 1994 1257 3567 1333">
    <p class='ocr_par' dir='ltr' id='par_1_65' title="bbox 1994 1257 3567 1333">
     <span class='ocr_line' id='line_1_67' title="bbox 1994 1257 3567 1333; baseline -0.003 -18"><span class='ocrx_word' id='word_1_409' title='bbox 1994 1274 2113 1316; x_wconf 89' lang='lat' dir='ltr'><strong>cem</strong></span> <span class='ocrx_word' id='word_1_410' title='bbox 2164 1270 2219 1316; x_wconf 88' lang='lat' dir='ltr'><strong>te</strong></span> <span class='ocrx_word' id='word_1_411' title='bbox 2264 1260 2482 1318; x_wconf 79' lang='lat' dir='ltr'><strong>fervens</strong></span> <span class='ocrx_word' id='word_1_412' title='bbox 2532 1261 2938 1333; x_wconf 88' lang='lat' dir='ltr'><strong>patrocinium,</strong></span> <span class='ocrx_word' id='word_1_413' title='bbox 2980 1269 3035 1316; x_wconf 91' lang='lat' dir='ltr'><strong>et</strong></span> <span class='ocrx_word' id='word_1_414' title='bbox 3090 1274 3242 1331; x_wconf 88' lang='lat' dir='ltr'><strong>spem</strong></span> <span class='ocrx_word' id='word_1_415' title='bbox 3296 1257 3567 1313; x_wconf 87' lang='lat' dir='ltr'><strong>Christia-</strong></span> 
     </span>
    </p>
   </div>
   <div class='ocr_carea' id='block_1_66' title="bbox 1996 1366 2217 1407">
    <p class='ocr_par' dir='ltr' id='par_1_66' title="bbox 1996 1366 2217 1407">
     <span class='ocr_line' id='line_1_68' title="bbox 1996 1366 2217 1407; baseline -0.009 0"><span class='ocrx_word' id='word_1_416' title='bbox 1996 1366 2217 1407; x_wconf 89' lang='lat' dir='ltr'><strong>norum.</strong></span> 
     </span>
    </p>
   </div>
   <div class='ocr_carea' id='block_1_67' title="bbox 2063 1440 3569 1505">
    <p class='ocr_par' dir='ltr' id='par_1_67' title="bbox 2063 1440 3569 1505">
     <span class='ocr_line' id='line_1_69' title="bbox 2063 1440 3569 1505; baseline -0.005 -5"><span class='ocrx_word' id='word_1_417' title='bbox 2063 1442 2284 1500; x_wconf 88' lang='lat' dir='ltr'><strong>Curasti</strong></span> <span class='ocrx_word' id='word_1_418' title='bbox 2336 1441 2719 1499; x_wconf 89' lang='lat' dir='ltr'><strong>contritionem</strong></span> <span class='ocrx_word' id='word_1_419' title='bbox 2772 1441 2903 1498; x_wconf 63' lang='lat' dir='ltr'><strong>Adae</strong></span> <span class='ocrx_word' id='word_1_420' title='bbox 2955 1440 3183 1505; x_wconf 87' lang='lat' dir='ltr'><strong>terreni,</strong></span> <span class='ocrx_word' id='word_1_421' title='bbox 3234 1440 3366 1495; x_wconf 90' lang='lat' dir='ltr'><strong>dum</strong></span> <span class='ocrx_word' id='word_1_422' title='bbox 3401 1440 3569 1494; x_wconf 88' lang='lat' dir='ltr'><strong>Deum</strong></span> 
     </span>
    </p>
   </div>
   <div class='ocr_carea' id='block_1_68' title="bbox 1998 1530 3567 1606">
    <p class='ocr_par' dir='ltr' id='par_1_68' title="bbox 1998 1530 3567 1606">
     <span class='ocr_line' id='line_1_70' title="bbox 1998 1530 3567 1606; baseline -0.005 -15"><span class='ocrx_word' id='word_1_423' title='bbox 1998 1534 2335 1591; x_wconf 82' lang='lat' dir='ltr'><strong>Salvatorem</strong></span> <span class='ocrx_word' id='word_1_424' title='bbox 2400 1535 2704 1606; x_wconf 91' lang='lat' dir='ltr'><strong>peperisti,</strong></span> <span class='ocrx_word' id='word_1_425' title='bbox 2750 1550 2784 1590; x_wconf 92' lang='grc' dir='ltr'><strong>ο</strong></span> <span class='ocrx_word' id='word_1_426' title='bbox 2832 1534 3223 1589; x_wconf 89' lang='lat' dir='ltr'><strong>illibatissima.</strong></span> <span class='ocrx_word' id='word_1_427' title='bbox 3303 1530 3567 1585; x_wconf 88' lang='lat' dir='ltr'><strong>Eumdem</strong></span> 
     </span>
    </p>
   </div>
   <div class='ocr_carea' id='block_1_69' title="bbox 1995 1624 3571 1698">
    <p class='ocr_par' dir='ltr' id='par_1_69' title="bbox 1995 1624 3571 1698">
     <span class='ocr_line' id='line_1_71' title="bbox 1995 1624 3571 1698; baseline -0.004 -15"><span class='ocrx_word' id='word_1_428' title='bbox 1995 1642 2161 1683; x_wconf 83' lang='lat' dir='ltr'><strong>exora</strong></span> <span class='ocrx_word' id='word_1_429' title='bbox 2204 1642 2308 1698; x_wconf 89' lang='lat' dir='ltr'><strong>pro</strong></span> <span class='ocrx_word' id='word_1_430' title='bbox 2354 1626 2637 1682; x_wconf 89' lang='lat' dir='ltr'><strong>curatione</strong></span> <span class='ocrx_word' id='word_1_431' title='bbox 2692 1628 2979 1697; x_wconf 78' lang='lat' dir='ltr'><strong>plagarum</strong></span> <span class='ocrx_word' id='word_1_432' title='bbox 3020 1624 3218 1680; x_wconf 67' lang='lat' dir='ltr'><strong>anima:</strong></span> <span class='ocrx_word' id='word_1_433' title='bbox 3261 1638 3417 1692; x_wconf 66' lang='lat' dir='ltr'><strong>meae,</strong></span> <span class='ocrx_word' id='word_1_434' title='bbox 3450 1638 3571 1692; x_wconf 67' lang='lat' dir='ltr'><strong>qua:</strong></span> 
     </span>
    </p>
   </div>
   <div class='ocr_carea' id='block_1_70' title="bbox 1994 1718 2780 1776">
    <p class='ocr_par' dir='ltr' id='par_1_70' title="bbox 1994 1718 2780 1776">
     <span class='ocr_line' id='line_1_72' title="bbox 1994 1718 2780 1776; baseline -0.004 0"><span class='ocrx_word' id='word_1_435' title='bbox 1994 1718 2288 1776; x_wconf 82' lang='lat' dir='ltr'><strong>insanabili</strong></span> <span class='ocrx_word' id='word_1_436' title='bbox 2322 1720 2514 1775; x_wconf 88' lang='lat' dir='ltr'><strong>morbo</strong></span> <span class='ocrx_word' id='word_1_437' title='bbox 2549 1720 2780 1774; x_wconf 89' lang='lat' dir='ltr'><strong>laborat.</strong></span> 
     </span>
    </p>
   </div>
   <div class='ocr_carea' id='block_1_71' title="bbox 2070 1805 3573 1883">
    <p class='ocr_par' dir='ltr' id='par_1_71' title="bbox 2070 1805 3573 1883">
     <span class='ocr_line' id='line_1_73' title="bbox 2070 1805 3573 1883; baseline -0.006 -14"><span class='ocrx_word' id='word_1_438' title='bbox 2070 1813 2205 1869; x_wconf 88' lang='lat' dir='ltr'><strong>Cum</strong></span> <span class='ocrx_word' id='word_1_439' title='bbox 2237 1812 2403 1868; x_wconf 78' lang='lat' dir='ltr'><strong>ferret</strong></span> <span class='ocrx_word' id='word_1_440' title='bbox 2433 1822 2691 1883; x_wconf 89' lang='lat' dir='ltr'><strong>tanquam</strong></span> <span class='ocrx_word' id='word_1_441' title='bbox 2719 1827 2912 1867; x_wconf 83' lang='lat' dir='ltr'><strong>recens</strong></span> <span class='ocrx_word' id='word_1_442' title='bbox 2936 1819 3122 1865; x_wconf 91' lang='lat' dir='ltr'><strong>natum</strong></span> <span class='ocrx_word' id='word_1_443' title='bbox 3147 1808 3412 1864; x_wconf 83' lang='lat' dir='ltr'><strong>infantem</strong></span> <span class='ocrx_word' id='word_1_444' title='bbox 3436 1805 3573 1861; x_wconf 80' lang='lat' dir='ltr'><strong>Ver-</strong></span> 
     </span>
    </p>
   </div>
   <div class='ocr_carea' id='block_1_72' title="bbox 1997 1888 3574 1977">
    <p class='ocr_par' dir='ltr' id='par_1_72' title="bbox 1997 1888 3574 1977">
     <span class='ocr_line' id='line_1_74' title="bbox 1997 1888 3574 1977; baseline -0.005 -15"><span class='ocrx_word' id='word_1_445' title='bbox 1997 1905 2128 1962; x_wconf 89' lang='lat' dir='ltr'><strong>bum</strong></span> <span class='ocrx_word' id='word_1_446' title='bbox 2175 1908 2319 1977; x_wconf 87' lang='lat' dir='ltr'><strong>quod</strong></span> <span class='ocrx_word' id='word_1_447' title='bbox 2352 1914 2437 1962; x_wconf 91' lang='lat' dir='ltr'><strong>est</strong></span> <span class='ocrx_word' id='word_1_448' title='bbox 2464 1913 2590 1960; x_wconf 90' lang='lat' dir='ltr'><strong>ante</strong></span> <span class='ocrx_word' id='word_1_449' title='bbox 2619 1904 2818 1961; x_wconf 64' lang='lat' dir='ltr'><strong>saecula</strong></span> <span class='ocrx_word' id='word_1_450' title='bbox 2844 1944 2860 1969; x_wconf 96' lang='lat'><strong>,</strong></span> <span class='ocrx_word' id='word_1_451' title='bbox 2898 1904 3207 1958; x_wconf 89' lang='lat' dir='ltr'><strong>veneranda</strong></span> <span class='ocrx_word' id='word_1_452' title='bbox 3238 1902 3416 1971; x_wconf 87' lang='lat' dir='ltr'><strong>puella</strong></span> <span class='ocrx_word' id='word_1_453' title='bbox 3442 1888 3574 1957; x_wconf 34' lang='lat' dir='ltr'><strong>&#39;stu-</strong></span> 
     </span>
    </p>
   </div>
   <div class='ocr_carea' id='block_1_73' title="bbox 1996 1991 3574 2069">
    <p class='ocr_par' dir='ltr' id='par_1_73' title="bbox 1996 1991 3574 2069">
     <span class='ocr_line' id='line_1_75' title="bbox 1996 1991 3574 2069; baseline -0.004 -16"><span class='ocrx_word' id='word_1_454' title='bbox 1996 2013 2131 2069; x_wconf 87' lang='lat' dir='ltr'><strong>pore</strong></span> <span class='ocrx_word' id='word_1_455' title='bbox 2179 1996 2448 2068; x_wconf 89' lang='lat' dir='ltr'><strong>perculsa,</strong></span> <span class='ocrx_word' id='word_1_456' title='bbox 2485 1996 2600 2067; x_wconf 81' lang='lat'><strong>80</strong></span> <span class='ocrx_word' id='word_1_457' title='bbox 2638 1996 2718 2051; x_wconf 92' lang='lat' dir='ltr'><strong>sic</strong></span> <span class='ocrx_word' id='word_1_458' title='bbox 2749 1994 3076 2065; x_wconf 87' lang='lat' dir='ltr'><strong>loquebatur</strong></span> <span class='ocrx_word' id='word_1_459' title='bbox 3112 1991 3255 2047; x_wconf 90' lang='lat' dir='ltr'><strong>:Fili</strong></span> <span class='ocrx_word' id='word_1_460' title='bbox 3304 1991 3402 2058; x_wconf 88' lang='lat' dir='ltr'><strong>mi,</strong></span> <span class='ocrx_word' id='word_1_461' title='bbox 3439 2007 3574 2061; x_wconf 92' lang='lat' dir='ltr'><strong>quo-</strong></span> 
     </span>
    </p>
   </div>
   <div class='ocr_carea' id='block_1_74' title="bbox 1996 2084 3574 2158">
    <p class='ocr_par' dir='ltr' id='par_1_74' title="bbox 1996 2084 3574 2158">
     <span class='ocr_line' id='line_1_76' title="bbox 1996 2084 3574 2158; baseline -0.004 -12"><span class='ocrx_word' id='word_1_462' title='bbox 1996 2090 2160 2146; x_wconf 88' lang='lat' dir='ltr'><strong>modo</strong></span> <span class='ocrx_word' id='word_1_463' title='bbox 2207 2088 2324 2144; x_wconf 82' lang='lat' dir='ltr'><strong>fero</strong></span> <span class='ocrx_word' id='word_1_464' title='bbox 2363 2098 2436 2153; x_wconf 90' lang='lat' dir='ltr'><strong>te,</strong></span> <span class='ocrx_word' id='word_1_465' title='bbox 2483 2088 2575 2158; x_wconf 89' lang='lat' dir='ltr'><strong>qui</strong></span> <span class='ocrx_word' id='word_1_466' title='bbox 2609 2095 2742 2143; x_wconf 91' lang='lat' dir='ltr'><strong>nutu</strong></span> <span class='ocrx_word' id='word_1_467' title='bbox 2795 2088 3043 2143; x_wconf 91' lang='lat' dir='ltr'><strong>contines</strong></span> <span class='ocrx_word' id='word_1_468' title='bbox 3095 2084 3392 2139; x_wconf 81' lang='lat' dir='ltr'><strong>universa?</strong></span> <span class='ocrx_word' id='word_1_469' title='bbox 3435 2099 3574 2153; x_wconf 85' lang='lat' dir='ltr'><strong>quo-</strong></span> 
     </span>
    </p>
   </div>
   <div class='ocr_carea' id='block_1_75' title="bbox 1998 2177 3575 2245">
    <p class='ocr_par' dir='ltr' id='par_1_75' title="bbox 1998 2177 3575 2245">
     <span class='ocr_line' id='line_1_77' title="bbox 1998 2177 3575 2245; baseline -0.003 -8"><span class='ocrx_word' id='word_1_470' title='bbox 1998 2182 2161 2237; x_wconf 87' lang='lat' dir='ltr'><strong>modo</strong></span> <span class='ocrx_word' id='word_1_471' title='bbox 2193 2191 2244 2237; x_wconf 91' lang='lat' dir='ltr'><strong>te</strong></span> <span class='ocrx_word' id='word_1_472' title='bbox 2280 2180 2422 2236; x_wconf 90' lang='lat' dir='ltr'><strong>lacte</strong></span> <span class='ocrx_word' id='word_1_473' title='bbox 2475 2180 2661 2235; x_wconf 90' lang='lat' dir='ltr'><strong>nutrio</strong></span> <span class='ocrx_word' id='word_1_474' title='bbox 2710 2180 3057 2245; x_wconf 90' lang='lat' dir='ltr'><strong>nutritorem,</strong></span> <span class='ocrx_word' id='word_1_475' title='bbox 3095 2177 3459 2243; x_wconf 87' lang='lat' dir='ltr'><strong>Salvatorem,</strong></span> <span class='ocrx_word' id='word_1_476' title='bbox 3510 2192 3575 2233; x_wconf 88' lang='lat' dir='ltr'><strong>ac</strong></span> 
     </span>
    </p>
   </div>
   <div class='ocr_carea' id='block_1_76' title="bbox 1997 2272 2213 2328">
    <p class='ocr_par' dir='ltr' id='par_1_76' title="bbox 1997 2272 2213 2328">
     <span class='ocr_line' id='line_1_78' title="bbox 1997 2272 2213 2328; baseline -0.009 -1"><span class='ocrx_word' id='word_1_477' title='bbox 1997 2272 2213 2328; x_wconf 82' lang='lat' dir='ltr'><strong>Deum?</strong></span> 
     </span>
    </p>
   </div>
   <div class='ocr_carea' id='block_1_77' title="bbox 1999 2362 3567 2486">
    <p class='ocr_par' dir='ltr' id='par_1_77' title="bbox 1999 2362 3567 2486">
     <span class='ocr_line' id='line_1_79' title="bbox 1999 2362 3567 2486; baseline -0.005 -65"><span class='ocrx_word' id='word_1_478' title='bbox 1999 2366 2085 2421; x_wconf 80' lang='lat' dir='ltr'><strong>Ea:</strong></span> <span class='ocrx_word' id='word_1_479' title='bbox 2131 2382 2333 2421; x_wconf 82' lang='lat' dir='ltr'><strong>canone</strong></span> <span class='ocrx_word' id='word_1_480' title='bbox 2358 2365 2415 2420; x_wconf 83' lang='lat' dir='ltr'><strong>in</strong></span> <span class='ocrx_word' id='word_1_481' title='bbox 2430 2362 2769 2486; x_wconf 52' lang='lat' dir='ltr'><strong>S.Basili‘tiun</strong></span> <span class='ocrx_word' id='word_1_482' title='bbox 2786 2362 3150 2486; x_wconf 50' lang='lat' dir='ltr'><strong>ggesbyterum</strong></span> <span class='ocrx_word' id='word_1_483' title='bbox 3176 2370 3226 2416; x_wconf 87' lang='lat' dir='ltr'><strong>et</strong></span> <span class='ocrx_word' id='word_1_484' title='bbox 3261 2368 3567 2430; x_wconf 79' lang='lat' dir='ltr'><strong>martyrem,</strong></span> 
     </span>
     <span class='ocr_line' id='line_1_80' title="bbox 2712 2451 2877 2486; baseline -0.006 0"><span class='ocrx_word' id='word_1_485' title='bbox 2712 2451 2757 2486; x_wconf 68' lang='lat' dir='ltr'><strong>re</strong></span> <span class='ocrx_word' id='word_1_486' title='bbox 2862 2470 2877 2485; x_wconf 93' lang='lat'><strong>.</strong></span> 
     </span>
    </p>
   </div>
   <div class='ocr_carea' id='block_1_78' title="bbox 2712 2451 2877 2488">
    <p class='ocr_par' dir='ltr' id='par_1_78' title="bbox 2712 2451 2877 2488">
     <span class='ocr_line' id='line_1_81' title="bbox 2712 2451 2877 2488; baseline -0.006 -2"><span class='ocrx_word' id='word_1_487' title='bbox 2712 2451 2757 2488; x_wconf 73' lang='grc' dir='ltr'>ιο</span> <span class='ocrx_word' id='word_1_488' title='bbox 2786 2451 2877 2486; x_wconf 75' lang='grc' dir='ltr'><strong>ΖΖ.</strong></span> 
     </span>
    </p>
   </div>
   <div class='ocr_carea' id='block_1_79' title="bbox 2067 2524 3574 2600">
    <p class='ocr_par' dir='ltr' id='par_1_79' title="bbox 2067 2524 3574 2600">
     <span class='ocr_line' id='line_1_82' title="bbox 2067 2524 3574 2600; baseline -0.006 -14"><span class='ocrx_word' id='word_1_489' title='bbox 2067 2527 2415 2600; x_wconf 85' lang='lat' dir='ltr'><strong>Unigenitus,</strong></span> <span class='ocrx_word' id='word_1_490' title='bbox 2447 2526 2544 2598; x_wconf 91' lang='lat' dir='ltr'><strong>qui</strong></span> <span class='ocrx_word' id='word_1_491' title='bbox 2584 2526 2749 2582; x_wconf 83' lang='lat' dir='ltr'><strong>simul</strong></span> <span class='ocrx_word' id='word_1_492' title='bbox 2781 2535 2866 2581; x_wconf 88' lang='lat' dir='ltr'><strong>est</strong></span> <span class='ocrx_word' id='word_1_493' title='bbox 2910 2538 3036 2579; x_wconf 89' lang='lat' dir='ltr'><strong>cum</strong></span> <span class='ocrx_word' id='word_1_494' title='bbox 3083 2524 3269 2590; x_wconf 84' lang='lat' dir='ltr'><strong>Patre,</strong></span> <span class='ocrx_word' id='word_1_495' title='bbox 3330 2524 3574 2578; x_wconf 75' lang='lat' dir='ltr'><strong>habitare</strong></span> 
     </span>
    </p>
   </div>
   <div class='ocr_carea' id='block_1_80' title="bbox 1998 2616 3575 2685">
    <p class='ocr_par' dir='ltr' id='par_1_80' title="bbox 1998 2616 3575 2685">
     <span class='ocr_line' id='line_1_83' title="bbox 1998 2616 3575 2685; baseline -0.006 -7"><span class='ocrx_word' id='word_1_496' title='bbox 1998 2622 2171 2678; x_wconf 85' lang='lat' dir='ltr'><strong>voluit</strong></span> <span class='ocrx_word' id='word_1_497' title='bbox 2204 2621 2524 2677; x_wconf 90' lang='lat' dir='ltr'><strong>inviolatum</strong></span> <span class='ocrx_word' id='word_1_498' title='bbox 2579 2627 2793 2674; x_wconf 90' lang='lat' dir='ltr'><strong>uterum</strong></span> <span class='ocrx_word' id='word_1_499' title='bbox 2829 2627 3006 2685; x_wconf 88' lang='lat' dir='ltr'><strong>tuum,</strong></span> <span class='ocrx_word' id='word_1_500' title='bbox 3042 2631 3075 2672; x_wconf 92' lang='grc' dir='ltr'><strong>ο</strong></span> <span class='ocrx_word' id='word_1_501' title='bbox 3104 2626 3290 2683; x_wconf 89' lang='lat' dir='ltr'><strong>casta;</strong></span> <span class='ocrx_word' id='word_1_502' title='bbox 3323 2624 3377 2670; x_wconf 89' lang='lat' dir='ltr'><strong>et</strong></span> <span class='ocrx_word' id='word_1_503' title='bbox 3412 2616 3575 2669; x_wconf 87' lang='lat' dir='ltr'><strong>homo</strong></span> 
     </span>
    </p>
   </div>
   <div class='ocr_carea' id='block_1_81' title="bbox 1998 2706 3575 2782">
    <p class='ocr_par' dir='ltr' id='par_1_81' title="bbox 1998 2706 3575 2782">
     <span class='ocr_line' id='line_1_84' title="bbox 1998 2706 3575 2782; baseline -0.006 -12"><span class='ocrx_word' id='word_1_504' title='bbox 1998 2714 2178 2771; x_wconf 81' lang='lat' dir='ltr'><strong>iactus</strong></span> <span class='ocrx_word' id='word_1_505' title='bbox 2218 2721 2391 2770; x_wconf 89' lang='lat' dir='ltr'><strong>estut</strong></span> <span class='ocrx_word' id='word_1_506' title='bbox 2437 2712 2687 2769; x_wconf 87' lang='lat' dir='ltr'><strong>homines</strong></span> <span class='ocrx_word' id='word_1_507' title='bbox 2749 2720 2977 2782; x_wconf 88' lang='lat' dir='ltr'><strong>propter</strong></span> <span class='ocrx_word' id='word_1_508' title='bbox 3045 2723 3200 2766; x_wconf 89' lang='lat' dir='ltr'><strong>suam</strong></span> <span class='ocrx_word' id='word_1_509' title='bbox 3273 2706 3575 2763; x_wconf 87' lang='lat' dir='ltr'><strong>bonitatem</strong></span> 
     </span>
    </p>
   </div>
   <div class='ocr_carea' id='block_1_82' title="bbox 1999 2806 2427 2864">
    <p class='ocr_par' dir='ltr' id='par_1_82' title="bbox 1999 2806 2427 2864">
     <span class='ocr_line' id='line_1_85' title="bbox 1999 2806 2427 2864; baseline -0.005 0"><span class='ocrx_word' id='word_1_510' title='bbox 1999 2807 2181 2864; x_wconf 90' lang='lat' dir='ltr'><strong>salvos</strong></span> <span class='ocrx_word' id='word_1_511' title='bbox 2199 2806 2427 2862; x_wconf 83' lang='lat' dir='ltr'><strong>faceret.</strong></span> 
     </span>
    </p>
   </div>
   <div class='ocr_carea' id='block_1_83' title="bbox 2069 2891 3576 2969">
    <p class='ocr_par' dir='ltr' id='par_1_83' title="bbox 2069 2891 3576 2969">
     <span class='ocr_line' id='line_1_86' title="bbox 2069 2891 3576 2969; baseline -0.004 -17"><span class='ocrx_word' id='word_1_512' title='bbox 2069 2898 2207 2953; x_wconf 87' lang='lat' dir='ltr'><strong>Cum</strong></span> <span class='ocrx_word' id='word_1_513' title='bbox 2257 2913 2287 2953; x_wconf 88' lang='lat' dir='ltr'><strong>a</strong></span> <span class='ocrx_word' id='word_1_514' title='bbox 2334 2899 2496 2969; x_wconf 86' lang='lat' dir='ltr'><strong>longe</strong></span> <span class='ocrx_word' id='word_1_515' title='bbox 2563 2895 2979 2968; x_wconf 87' lang='lat' dir='ltr'><strong>conceptionem</strong></span> <span class='ocrx_word' id='word_1_516' title='bbox 3055 2902 3204 2950; x_wconf 90' lang='lat' dir='ltr'><strong>tuam</strong></span> <span class='ocrx_word' id='word_1_517' title='bbox 3257 2891 3427 2949; x_wconf 87' lang='lat' dir='ltr'><strong>Isaias</strong></span> <span class='ocrx_word' id='word_1_518' title='bbox 3478 2906 3576 2962; x_wconf 90' lang='lat' dir='ltr'><strong>per</strong></span> 
     </span>
    </p>
   </div>
   <div class='ocr_carea' id='block_1_84' title="bbox 2010 2983 3576 3061">
    <p class='ocr_par' dir='ltr' id='par_1_84' title="bbox 2010 2983 3576 3061">
     <span class='ocr_line' id='line_1_87' title="bbox 2010 2983 3576 3061; baseline -0.006 -15"><span class='ocrx_word' id='word_1_519' title='bbox 2010 2991 2263 3061; x_wconf 89' lang='lat' dir='ltr'><strong>spiritum</strong></span> <span class='ocrx_word' id='word_1_520' title='bbox 2315 2989 2661 3060; x_wconf 86' lang='lat' dir='ltr'><strong>agnovisset,</strong></span> <span class='ocrx_word' id='word_1_521' title='bbox 2694 3004 2728 3045; x_wconf 92' lang='grc' dir='ltr'><strong>ο</strong></span> <span class='ocrx_word' id='word_1_522' title='bbox 2768 2989 2945 3059; x_wconf 90' lang='lat' dir='ltr'><strong>puella</strong></span> <span class='ocrx_word' id='word_1_523' title='bbox 2972 3029 2988 3053; x_wconf 91' lang='lat'><strong>,</strong></span> <span class='ocrx_word' id='word_1_524' title='bbox 3023 2988 3175 3043; x_wconf 82' lang='lat' dir='ltr'><strong>clare</strong></span> <span class='ocrx_word' id='word_1_525' title='bbox 3207 2983 3576 3040; x_wconf 80' lang='lat' dir='ltr'><strong>manifestavit</strong></span> 
     </span>
    </p>
   </div>
   <div class='ocr_carea' id='block_1_85' title="bbox 2001 3079 3577 3152">
    <p class='ocr_par' dir='ltr' id='par_1_85' title="bbox 2001 3079 3577 3152">
     <span class='ocr_line' id='line_1_88' title="bbox 2001 3079 3577 3152; baseline -0.006 -13"><span class='ocrx_word' id='word_1_526' title='bbox 2001 3084 2151 3139; x_wconf 87' lang='lat' dir='ltr'><strong>illam</strong></span> <span class='ocrx_word' id='word_1_527' title='bbox 2191 3084 2505 3140; x_wconf 78' lang='lat' dir='ltr'><strong>exclamans</strong></span> <span class='ocrx_word' id='word_1_528' title='bbox 2542 3101 2557 3139; x_wconf 91' lang='lat'><strong>:</strong></span> <span class='ocrx_word' id='word_1_529' title='bbox 2594 3083 2732 3139; x_wconf 87' lang='lat' dir='ltr'><strong>Ecce</strong></span> <span class='ocrx_word' id='word_1_530' title='bbox 2761 3081 2928 3152; x_wconf 82' lang='lat' dir='ltr'><strong>Virgo</strong></span> <span class='ocrx_word' id='word_1_531' title='bbox 2963 3079 3135 3135; x_wconf 79' lang='lat' dir='ltr'><strong>Deum</strong></span> <span class='ocrx_word' id='word_1_532' title='bbox 3167 3079 3221 3134; x_wconf 92' lang='lat' dir='ltr'><strong>in</strong></span> <span class='ocrx_word' id='word_1_533' title='bbox 3253 3085 3411 3133; x_wconf 86' lang='lat' dir='ltr'><strong>utero</strong></span> <span class='ocrx_word' id='word_1_534' title='bbox 3444 3090 3577 3131; x_wconf 91' lang='lat' dir='ltr'><strong>con-</strong></span> 
     </span>
    </p>
   </div>
   <div class='ocr_carea' id='block_1_86' title="bbox 2003 3178 2187 3247">
    <p class='ocr_par' dir='ltr' id='par_1_86' title="bbox 2003 3178 2187 3247">
     <span class='ocr_line' id='line_1_89' title="bbox 2003 3178 2187 3247; baseline -0.022 -12"><span class='ocrx_word' id='word_1_535' title='bbox 2003 3178 2187 3247; x_wconf 89' lang='lat' dir='ltr'><strong>cipiet.</strong></span> 
     </span>
    </p>
   </div>
   <div class='ocr_carea' id='block_1_87' title="bbox 2071 3262 3575 3334">
    <p class='ocr_par' dir='ltr' id='par_1_87' title="bbox 2071 3262 3575 3334">
     <span class='ocr_line' id='line_1_90' title="bbox 2071 3262 3575 3334; baseline -0.004 -11"><span class='ocrx_word' id='word_1_536' title='bbox 2071 3266 2261 3324; x_wconf 90' lang='lat' dir='ltr'><strong>Laudo</strong></span> <span class='ocrx_word' id='word_1_537' title='bbox 2290 3275 2363 3329; x_wconf 86' lang='lat' dir='ltr'><strong>te.</strong></span> <span class='ocrx_word' id='word_1_538' title='bbox 2398 3264 2651 3330; x_wconf 86' lang='lat' dir='ltr'><strong>Domina,</strong></span> <span class='ocrx_word' id='word_1_539' title='bbox 2698 3264 2845 3320; x_wconf 90' lang='lat' dir='ltr'><strong>omni</strong></span> <span class='ocrx_word' id='word_1_540' title='bbox 2886 3262 3045 3319; x_wconf 90' lang='lat' dir='ltr'><strong>laude</strong></span> <span class='ocrx_word' id='word_1_541' title='bbox 3078 3262 3399 3334; x_wconf 74' lang='lat' dir='ltr'><strong>dignissima</strong></span> <span class='ocrx_word' id='word_1_542' title='bbox 3430 3283 3445 3317; x_wconf 90' lang='lat'><strong>:</strong></span> <span class='ocrx_word' id='word_1_543' title='bbox 3480 3276 3575 3317; x_wconf 85' lang='lat' dir='ltr'><strong>oe-</strong></span> 
     </span>
    </p>
   </div>
   <div class='ocr_carea' id='block_1_88' title="bbox 2007 3353 3576 3427">
    <p class='ocr_par' dir='ltr' id='par_1_88' title="bbox 2007 3353 3576 3427">
     <span class='ocr_line' id='line_1_91' title="bbox 2007 3353 3576 3427; baseline -0.007 -10"><span class='ocrx_word' id='word_1_544' title='bbox 2007 3360 2201 3417; x_wconf 92' lang='lat' dir='ltr'><strong>nedico</strong></span> <span class='ocrx_word' id='word_1_545' title='bbox 2233 3368 2306 3424; x_wconf 90' lang='lat' dir='ltr'><strong>te,</strong></span> <span class='ocrx_word' id='word_1_546' title='bbox 2342 3355 2523 3426; x_wconf 87' lang='lat' dir='ltr'><strong>Virgo,</strong></span> <span class='ocrx_word' id='word_1_547' title='bbox 2555 3372 2652 3427; x_wconf 91' lang='lat' dir='ltr'><strong>per</strong></span> <span class='ocrx_word' id='word_1_548' title='bbox 2690 3371 2852 3427; x_wconf 90' lang='lat' dir='ltr'><strong>quam</strong></span> <span class='ocrx_word' id='word_1_549' title='bbox 2888 3369 3082 3411; x_wconf 86' lang='lat' dir='ltr'><strong>omnes</strong></span> <span class='ocrx_word' id='word_1_550' title='bbox 3127 3354 3378 3409; x_wconf 87' lang='lat' dir='ltr'><strong>homines</strong></span> <span class='ocrx_word' id='word_1_551' title='bbox 3406 3353 3576 3408; x_wconf 89' lang='lat' dir='ltr'><strong>bene-</strong></span> 
     </span>
    </p>
   </div>
   <div class='ocr_carea' id='block_1_89' title="bbox 2005 3445 3579 3521">
    <p class='ocr_par' dir='ltr' id='par_1_89' title="bbox 2005 3445 3579 3521">
     <span class='ocr_line' id='line_1_92' title="bbox 2005 3445 3579 3521; baseline -0.006 -12"><span class='ocrx_word' id='word_1_552' title='bbox 2005 3453 2133 3510; x_wconf 91' lang='lat' dir='ltr'><strong>dicti</strong></span> <span class='ocrx_word' id='word_1_553' title='bbox 2168 3466 2387 3516; x_wconf 88' lang='lat' dir='ltr'><strong>sumus,</strong></span> <span class='ocrx_word' id='word_1_554' title='bbox 2440 3458 2607 3521; x_wconf 89' lang='lat' dir='ltr'><strong>atque</strong></span> <span class='ocrx_word' id='word_1_555' title='bbox 2636 3450 2705 3506; x_wconf 90' lang='lat' dir='ltr'><strong>ab</strong></span> <span class='ocrx_word' id='word_1_556' title='bbox 2739 3449 2965 3520; x_wconf 90' lang='lat' dir='ltr'><strong>antiqua</strong></span> <span class='ocrx_word' id='word_1_557' title='bbox 3019 3445 3404 3503; x_wconf 90' lang='lat' dir='ltr'><strong>maledictione</strong></span> <span class='ocrx_word' id='word_1_558' title='bbox 3449 3460 3579 3501; x_wconf 87' lang='lat' dir='ltr'><strong>vere</strong></span> 
     </span>
    </p>
   </div>
   <div class='ocr_carea' id='block_1_90' title="bbox 2003 3544 2238 3601">
    <p class='ocr_par' dir='ltr' id='par_1_90' title="bbox 2003 3544 2238 3601">
     <span class='ocr_line' id='line_1_93' title="bbox 2003 3544 2238 3601; baseline -0.004 -1"><span class='ocrx_word' id='word_1_559' title='bbox 2003 3544 2238 3601; x_wconf 88' lang='lat' dir='ltr'><strong>liberati.</strong></span> 
     </span>
    </p>
   </div>
   <div class='ocr_carea' id='block_1_91' title="bbox 2078 3628 3575 3703">
    <p class='ocr_par' dir='ltr' id='par_1_91' title="bbox 2078 3628 3575 3703">
     <span class='ocr_line' id='line_1_94' title="bbox 2078 3628 3575 3703; baseline -0.007 -10"><span class='ocrx_word' id='word_1_560' title='bbox 2078 3637 2468 3693; x_wconf 88' lang='lat' dir='ltr'><strong>Sublimiorem</strong></span> <span class='ocrx_word' id='word_1_561' title='bbox 2499 3633 2819 3703; x_wconf 88' lang='lat' dir='ltr'><strong>Cherubim,</strong></span> <span class='ocrx_word' id='word_1_562' title='bbox 2851 3632 3208 3689; x_wconf 88' lang='lat' dir='ltr'><strong>excelsiorem</strong></span> <span class='ocrx_word' id='word_1_563' title='bbox 3238 3629 3411 3697; x_wconf 75' lang='lat' dir='ltr'><strong>cmlis,</strong></span> <span class='ocrx_word' id='word_1_564' title='bbox 3435 3628 3575 3684; x_wconf 88' lang='lat' dir='ltr'><strong>emi-</strong></span> 
     </span>
    </p>
   </div>
   <div class='ocr_carea' id='block_1_92' title="bbox 2004 3724 3581 3795">
    <p class='ocr_par' dir='ltr' id='par_1_92' title="bbox 2004 3724 3581 3795">
     <span class='ocr_line' id='line_1_95' title="bbox 2004 3724 3581 3795; baseline -0.006 -11"><span class='ocrx_word' id='word_1_565' title='bbox 2004 3730 2307 3786; x_wconf 91' lang='lat' dir='ltr'><strong>nentiorem</strong></span> <span class='ocrx_word' id='word_1_566' title='bbox 2339 3729 2489 3785; x_wconf 90' lang='lat' dir='ltr'><strong>omni</strong></span> <span class='ocrx_word' id='word_1_567' title='bbox 2521 3738 2772 3784; x_wconf 88' lang='lat' dir='ltr'><strong>creatura</strong></span> <span class='ocrx_word' id='word_1_568' title='bbox 2797 3766 2813 3794; x_wconf 95' lang='lat'><strong>,</strong></span> <span class='ocrx_word' id='word_1_569' title='bbox 2871 3724 3403 3795; x_wconf 85' lang='lat' dir='ltr'><strong>sapientissimorum</strong></span> <span class='ocrx_word' id='word_1_570' title='bbox 3435 3738 3581 3777; x_wconf 88' lang='lat' dir='ltr'><strong>mar-</strong></span> 
     </span>
    </p>
   </div>
   <div class='ocr_carea' id='block_1_93' title="bbox 2004 3813 3589 3892">
    <p class='ocr_par' dir='ltr' id='par_1_93' title="bbox 2004 3813 3589 3892">
     <span class='ocr_line' id='line_1_96' title="bbox 2004 3813 3589 3892; baseline -0.004 -16"><span class='ocrx_word' id='word_1_571' title='bbox 2004 3831 2184 3892; x_wconf 84' lang='lat' dir='ltr'><strong>tyrum</strong></span> <span class='ocrx_word' id='word_1_572' title='bbox 2238 3822 2641 3876; x_wconf 89' lang='lat' dir='ltr'><strong>munimentum</strong></span> <span class='ocrx_word' id='word_1_573' title='bbox 2691 3832 2756 3873; x_wconf 90' lang='lat' dir='ltr'><strong>ac</strong></span> <span class='ocrx_word' id='word_1_574' title='bbox 2787 3816 3011 3884; x_wconf 89' lang='lat' dir='ltr'><strong>vallum,</strong></span> <span class='ocrx_word' id='word_1_575' title='bbox 3066 3816 3242 3871; x_wconf 85' lang='lat' dir='ltr'><strong>solam</strong></span> <span class='ocrx_word' id='word_1_576' title='bbox 3290 3813 3589 3883; x_wconf 86' lang='lat' dir='ltr'><strong>Deiparam</strong></span> 
     </span>
    </p>
   </div>
   <div class='ocr_carea' id='block_1_94' title="bbox 2006 3911 2634 3983">
    <p class='ocr_par' dir='ltr' id='par_1_94' title="bbox 2006 3911 2634 3983">
     <span class='ocr_line' id='line_1_97' title="bbox 2006 3911 2634 3983; baseline -0.003 -17"><span class='ocrx_word' id='word_1_577' title='bbox 2006 3911 2230 3983; x_wconf 84' lang='lat' dir='ltr'><strong>hymnis</strong></span> <span class='ocrx_word' id='word_1_578' title='bbox 2270 3911 2634 3965; x_wconf 87' lang='lat' dir='ltr'><strong>honoremus.</strong></span> 
     </span>
    </p>
   </div>
   <div class='ocr_carea' id='block_1_95' title="bbox 2078 3993 3580 4068">
    <p class='ocr_par' dir='ltr' id='par_1_95' title="bbox 2078 3993 3580 4068">
     <span class='ocr_line' id='line_1_98' title="bbox 2078 3993 3580 4068; baseline -0.009 -8"><span class='ocrx_word' id='word_1_579' title='bbox 2078 4004 2263 4060; x_wconf 85' lang='lat' dir='ltr'><strong>Laudo</strong></span> <span class='ocrx_word' id='word_1_580' title='bbox 2312 4015 2363 4060; x_wconf 91' lang='lat' dir='ltr'><strong>te</strong></span> <span class='ocrx_word' id='word_1_581' title='bbox 2388 4044 2404 4068; x_wconf 93' lang='lat'><strong>,</strong></span> <span class='ocrx_word' id='word_1_582' title='bbox 2440 4019 2473 4058; x_wconf 92' lang='grc' dir='ltr'><strong>ο</strong></span> <span class='ocrx_word' id='word_1_583' title='bbox 2509 4015 2726 4058; x_wconf 90' lang='lat' dir='ltr'><strong>summe</strong></span> <span class='ocrx_word' id='word_1_584' title='bbox 2778 3998 3065 4055; x_wconf 89' lang='lat' dir='ltr'><strong>laudabilis</strong></span> <span class='ocrx_word' id='word_1_585' title='bbox 3089 4038 3106 4065; x_wconf 93' lang='lat'><strong>,</strong></span> <span class='ocrx_word' id='word_1_586' title='bbox 3148 4010 3309 4065; x_wconf 89' lang='lat' dir='ltr'><strong>quam</strong></span> <span class='ocrx_word' id='word_1_587' title='bbox 3358 3993 3580 4048; x_wconf 87' lang='lat' dir='ltr'><strong>laudant</strong></span> 
     </span>
    </p>
   </div>
   <div class='ocr_carea' id='block_1_96' title="bbox 2006 4082 3582 4159">
    <p class='ocr_par' dir='ltr' id='par_1_96' title="bbox 2006 4082 3582 4159">
     <span class='ocr_line' id='line_1_99' title="bbox 2006 4082 3582 4159; baseline -0.01 -10"><span class='ocrx_word' id='word_1_588' title='bbox 2006 4095 2151 4151; x_wconf 87' lang='lat' dir='ltr'><strong>acies</strong></span> <span class='ocrx_word' id='word_1_589' title='bbox 2183 4095 2489 4151; x_wconf 58' lang='lat' dir='ltr'><strong>caelestium</strong></span> <span class='ocrx_word' id='word_1_590' title='bbox 2521 4091 2899 4155; x_wconf 81' lang='lat' dir='ltr'><strong>exercituum;</strong></span> <span class='ocrx_word' id='word_1_591' title='bbox 2930 4098 2983 4143; x_wconf 86' lang='lat' dir='ltr'><strong>et</strong></span> <span class='ocrx_word' id='word_1_592' title='bbox 3014 4101 3207 4159; x_wconf 88' lang='lat' dir='ltr'><strong>precor</strong></span> <span class='ocrx_word' id='word_1_593' title='bbox 3239 4094 3313 4150; x_wconf 89' lang='lat' dir='ltr'><strong>te,</strong></span> <span class='ocrx_word' id='word_1_594' title='bbox 3344 4098 3377 4137; x_wconf 90' lang='grc' dir='ltr'><strong>ο</strong></span> <span class='ocrx_word' id='word_1_595' title='bbox 3407 4082 3582 4135; x_wconf 85' lang='lat' dir='ltr'><strong>invio-</strong></span> 
     </span>
    </p>
   </div>
   <div class='ocr_carea' id='block_1_97' title="bbox 2004 4173 3580 4254">
    <p class='ocr_par' dir='ltr' id='par_1_97' title="bbox 2004 4173 3580 4254">
     <span class='ocr_line' id='line_1_100' title="bbox 2004 4173 3580 4254; baseline -0.011 -12"><span class='ocrx_word' id='word_1_596' title='bbox 2004 4188 2139 4254; x_wconf 81' lang='lat' dir='ltr'><strong>lata,</strong></span> <span class='ocrx_word' id='word_1_597' title='bbox 2175 4196 2235 4242; x_wconf 93' lang='lat' dir='ltr'><strong>ut</strong></span> <span class='ocrx_word' id='word_1_598' title='bbox 2262 4187 2458 4240; x_wconf 69' lang='lat' dir='ltr'><strong>animae</strong></span> <span class='ocrx_word' id='word_1_599' title='bbox 2481 4199 2615 4239; x_wconf 69' lang='lat' dir='ltr'><strong>meae</strong></span> <span class='ocrx_word' id='word_1_600' title='bbox 2646 4180 3032 4237; x_wconf 79' lang='lat' dir='ltr'><strong>aﬂ‘ectionibus</strong></span> <span class='ocrx_word' id='word_1_601' title='bbox 3066 4173 3358 4238; x_wconf 89' lang='lat' dir='ltr'><strong>medearis,</strong></span> <span class='ocrx_word' id='word_1_602' title='bbox 3384 4185 3580 4242; x_wconf 88' lang='lat' dir='ltr'><strong>meque</strong></span> 
     </span>
    </p>
   </div>
   <div class='ocr_carea' id='block_1_98' title="bbox 2005 4274 2847 4348">
    <p class='ocr_par' dir='ltr' id='par_1_98' title="bbox 2005 4274 2847 4348">
     <span class='ocr_line' id='line_1_101' title="bbox 2005 4274 2847 4348; baseline -0.01 -14"><span class='ocrx_word' id='word_1_603' title='bbox 2005 4278 2074 4334; x_wconf 88' lang='lat' dir='ltr'><strong>ab</strong></span> <span class='ocrx_word' id='word_1_604' title='bbox 2102 4278 2227 4348; x_wconf 82' lang='lat' dir='ltr'><strong>igne</strong></span> <span class='ocrx_word' id='word_1_605' title='bbox 2265 4277 2468 4331; x_wconf 88' lang='lat' dir='ltr'><strong>liberes</strong></span> <span class='ocrx_word' id='word_1_606' title='bbox 2492 4274 2847 4344; x_wconf 90' lang='lat' dir='ltr'><strong>sempiterno.</strong></span> 
     </span>
    </p>
   </div>
   <div class='ocr_carea' id='block_1_99' title="bbox 2076 4355 3579 4437">
    <p class='ocr_par' dir='ltr' id='par_1_99' title="bbox 2076 4355 3579 4437">
     <span class='ocr_line' id='line_1_102' title="bbox 2076 4355 3579 4437; baseline -0.013 -12"><span class='ocrx_word' id='word_1_607' title='bbox 2076 4371 2212 4425; x_wconf 84' lang='lat' dir='ltr'><strong>Cum</strong></span> <span class='ocrx_word' id='word_1_608' title='bbox 2263 4367 2627 4437; x_wconf 88' lang='lat' dir='ltr'><strong>virginitatem</strong></span> <span class='ocrx_word' id='word_1_609' title='bbox 2667 4374 2815 4419; x_wconf 86' lang='lat' dir='ltr'><strong>tuam</strong></span> <span class='ocrx_word' id='word_1_610' title='bbox 2862 4368 2987 4432; x_wconf 88' lang='lat' dir='ltr'><strong>post</strong></span> <span class='ocrx_word' id='word_1_611' title='bbox 3050 4366 3265 4431; x_wconf 89' lang='lat' dir='ltr'><strong>partum</strong></span> <span class='ocrx_word' id='word_1_612' title='bbox 3324 4355 3579 4409; x_wconf 82' lang='lat' dir='ltr'><strong>incorru-</strong></span> 
     </span>
    </p>
   </div>
   <div class='ocr_carea' id='block_1_100' title="bbox 2005 4450 3580 4532">
    <p class='ocr_par' dir='ltr' id='par_1_100' title="bbox 2005 4450 3580 4532">
     <span class='ocr_line' id='line_1_103' title="bbox 2005 4450 3580 4532; baseline -0.006 -18"><span class='ocrx_word' id='word_1_613' title='bbox 2005 4470 2156 4531; x_wconf 89' lang='lat' dir='ltr'><strong>ptam</strong></span> <span class='ocrx_word' id='word_1_614' title='bbox 2210 4461 2580 4532; x_wconf 87' lang='lat' dir='ltr'><strong>permansisse</strong></span> <span class='ocrx_word' id='word_1_615' title='bbox 2632 4469 3035 4528; x_wconf 83' lang='lat' dir='ltr'><strong>cognosceres,</strong></span> <span class='ocrx_word' id='word_1_616' title='bbox 3104 4450 3495 4513; x_wconf 82' lang='lat' dir='ltr'><strong>exclamabas,</strong></span> <span class='ocrx_word' id='word_1_617' title='bbox 3547 4465 3580 4505; x_wconf 90' lang='grc' dir='ltr'><strong>ο</strong></span> 
     </span>
    </p>
   </div>
   <div class='ocr_carea' id='block_1_101' title="bbox 2006 4548 3579 4627">
    <p class='ocr_par' dir='ltr' id='par_1_101' title="bbox 2006 4548 3579 4627">
     <span class='ocr_line' id='line_1_104' title="bbox 2006 4548 3579 4627; baseline -0.007 -19"><span class='ocrx_word' id='word_1_618' title='bbox 2006 4553 2193 4627; x_wconf 84' lang='lat' dir='ltr'><strong>Virgo,</strong></span> <span class='ocrx_word' id='word_1_619' title='bbox 2236 4552 2503 4609; x_wconf 89' lang='lat' dir='ltr'><strong>Salvatori</strong></span> <span class='ocrx_word' id='word_1_620' title='bbox 2536 4567 2601 4607; x_wconf 89' lang='lat' dir='ltr'><strong>ac</strong></span> <span class='ocrx_word' id='word_1_621' title='bbox 2626 4548 2900 4619; x_wconf 56' lang='lat' dir='ltr'><strong>Deo,t.qui</strong></span> <span class='ocrx_word' id='word_1_622' title='bbox 2940 4564 3005 4603; x_wconf 85' lang='lat' dir='ltr'><strong>ex</strong></span> <span class='ocrx_word' id='word_1_623' title='bbox 3044 4554 3097 4601; x_wconf 89' lang='lat' dir='ltr'><strong>te</strong></span> <span class='ocrx_word' id='word_1_624' title='bbox 3147 4559 3311 4615; x_wconf 91' lang='lat' dir='ltr'><strong>supra</strong></span> <span class='ocrx_word' id='word_1_625' title='bbox 3360 4558 3579 4597; x_wconf 89' lang='lat' dir='ltr'><strong>omnem</strong></span> 
     </span>
    </p>
   </div>
   <div class='ocr_carea' id='block_1_102' title="bbox 2007 4634 3639 4720">
    <p class='ocr_par' dir='ltr' id='par_1_102' title="bbox 2007 4634 3639 4720">
     <span class='ocr_line' id='line_1_105' title="bbox 2007 4634 3639 4720; baseline -0.008 -19"><span class='ocrx_word' id='word_1_626' title='bbox 2007 4646 2208 4702; x_wconf 90' lang='lat' dir='ltr'><strong>mentis</strong></span> <span class='ocrx_word' id='word_1_627' title='bbox 2230 4655 2448 4716; x_wconf 88' lang='lat' dir='ltr'><strong>captum</strong></span> <span class='ocrx_word' id='word_1_628' title='bbox 2482 4652 2645 4700; x_wconf 91' lang='lat' dir='ltr'><strong>natus</strong></span> <span class='ocrx_word' id='word_1_629' title='bbox 2670 4649 2795 4699; x_wconf 89' lang='lat' dir='ltr'><strong>est:</strong></span> <span class='ocrx_word' id='word_1_630' title='bbox 2826 4639 3149 4696; x_wconf 86' lang='lat' dir='ltr'><strong>Benedictus</strong></span> <span class='ocrx_word' id='word_1_631' title='bbox 3188 4651 3270 4704; x_wconf 90' lang='lat' dir='ltr'><strong>es,</strong></span> <span class='ocrx_word' id='word_1_632' title='bbox 3308 4634 3450 4691; x_wconf 89' lang='lat' dir='ltr'><strong>Deus</strong></span> <span class='ocrx_word' id='word_1_633' title='bbox 3477 4650 3577 4705; x_wconf 85' lang='lat' dir='ltr'><strong>pa-</strong></span> <span class='ocrx_word' id='word_1_634' title='bbox 3636 4716 3639 4720; x_wconf 20' lang='grc' dir='ltr'><strong>Ι</strong></span> 
     </span>
    </p>
   </div>
   <div class='ocr_carea' id='block_1_103' title="bbox 3636 4726 3645 4747">
    <p class='ocr_par' dir='ltr' id='par_1_103' title="bbox 3636 4726 3645 4747">
     <span class='ocr_line' id='line_1_106' title="bbox 3636 4726 3645 4747; baseline 0 0"><span class='ocrx_word' id='word_1_635' title='bbox 3636 4726 3645 4747; x_wconf 72' lang='grc' dir='ltr'><strong>ι</strong></span> 
     </span>
    </p>
   </div>
   <div class='ocr_carea' id='block_1_104' title="bbox 1938 4738 2538 4795">
    <p class='ocr_par' dir='ltr' id='par_1_104' title="bbox 1938 4738 2538 4795">
     <span class='ocr_line' id='line_1_107' title="bbox 1938 4738 2538 4795; baseline -0.007 -1"><span class='ocrx_word' id='word_1_636' title='bbox 1938 4738 1983 4795; x_wconf 88' lang='lat' dir='ltr'><strong>D</strong></span> <span class='ocrx_word' id='word_1_637' title='bbox 2012 4745 2158 4792; x_wconf 91' lang='lat' dir='ltr'><strong>trum</strong></span> <span class='ocrx_word' id='word_1_638' title='bbox 2196 4744 2538 4792; x_wconf 88' lang='lat' dir='ltr'><strong>nostrorum.</strong></span> 
     </span>
    </p>
   </div>
   <div class='ocr_carea' id='block_1_105' title="bbox 2082 4817 3658 4898">
    <p class='ocr_par' dir='ltr' id='par_1_105' title="bbox 2082 4817 3658 4898">
     <span class='ocr_line' id='line_1_108' title="bbox 2082 4817 3658 4898; baseline -0.01 -14"><span class='ocrx_word' id='word_1_639' title='bbox 2082 4829 2187 4886; x_wconf 89' lang='lat' dir='ltr'><strong>Per</strong></span> <span class='ocrx_word' id='word_1_640' title='bbox 2226 4838 2281 4885; x_wconf 91' lang='lat' dir='ltr'><strong>te</strong></span> <span class='ocrx_word' id='word_1_641' title='bbox 2330 4829 2629 4883; x_wconf 87' lang='lat' dir='ltr'><strong>humanum</strong></span> <span class='ocrx_word' id='word_1_642' title='bbox 2661 4840 2834 4898; x_wconf 85' lang='lat' dir='ltr'><strong>genus</strong></span> <span class='ocrx_word' id='word_1_643' title='bbox 2876 4824 3051 4881; x_wconf 88' lang='lat' dir='ltr'><strong>salute</strong></span> <span class='ocrx_word' id='word_1_644' title='bbox 3095 4820 3323 4891; x_wconf 86' lang='lat' dir='ltr'><strong>dignum</strong></span> <span class='ocrx_word' id='word_1_645' title='bbox 3376 4817 3582 4874; x_wconf 83' lang='lat' dir='ltr'><strong>iactum</strong></span> <span class='ocrx_word' id='word_1_646' title='bbox 3654 4858 3658 4862; x_wconf 91' lang='lat'><strong>.</strong></span> 
     </span>
    </p>
   </div>
   <div class='ocr_carea' id='block_1_106' title="bbox 2011 4911 3583 4990">
    <p class='ocr_par' dir='ltr' id='par_1_106' title="bbox 2011 4911 3583 4990">
     <span class='ocr_line' id='line_1_109' title="bbox 2011 4911 3583 4990; baseline -0.011 -10"><span class='ocrx_word' id='word_1_647' title='bbox 2011 4932 2117 4990; x_wconf 90' lang='lat' dir='ltr'><strong>est,</strong></span> <span class='ocrx_word' id='word_1_648' title='bbox 2158 4936 2192 4977; x_wconf 88' lang='grc' dir='ltr'><strong>ο</strong></span> <span class='ocrx_word' id='word_1_649' title='bbox 2226 4920 2573 4977; x_wconf 88' lang='lat' dir='ltr'><strong>sanctissima</strong></span> <span class='ocrx_word' id='word_1_650' title='bbox 2618 4934 2681 4975; x_wconf 92' lang='lat' dir='ltr'><strong>ac</strong></span> <span class='ocrx_word' id='word_1_651' title='bbox 2722 4917 2833 4972; x_wconf 91' lang='lat' dir='ltr'><strong>Deo</strong></span> <span class='ocrx_word' id='word_1_652' title='bbox 2876 4914 3202 4971; x_wconf 87' lang='lat' dir='ltr'><strong>charissima</strong></span> <span class='ocrx_word' id='word_1_653' title='bbox 3238 4929 3251 4966; x_wconf 92' lang='lat'><strong>:</strong></span> <span class='ocrx_word' id='word_1_654' title='bbox 3282 4912 3401 4966; x_wconf 91' lang='lat' dir='ltr'><strong>sola</strong></span> <span class='ocrx_word' id='word_1_655' title='bbox 3437 4911 3583 4963; x_wconf 87' lang='lat' dir='ltr'><strong>enim</strong></span> 
     </span>
    </p>
   </div>
   <div class='ocr_carea' id='block_1_107' title="bbox 2012 5001 3587 5080">
    <p class='ocr_par' dir='ltr' id='par_1_107' title="bbox 2012 5001 3587 5080">
     <span class='ocr_line' id='line_1_110' title="bbox 2012 5001 3587 5080; baseline -0.01 -9"><span class='ocrx_word' id='word_1_656' title='bbox 2012 5015 2171 5071; x_wconf 90' lang='lat' dir='ltr'><strong>nobis</strong></span> <span class='ocrx_word' id='word_1_657' title='bbox 2210 5011 2549 5068; x_wconf 87' lang='lat' dir='ltr'><strong>Salvatorem</strong></span> <span class='ocrx_word' id='word_1_658' title='bbox 2582 5009 2860 5080; x_wconf 86' lang='lat' dir='ltr'><strong>peperisti,</strong></span> <span class='ocrx_word' id='word_1_659' title='bbox 2908 5022 3073 5077; x_wconf 87' lang='lat' dir='ltr'><strong>quem</strong></span> <span class='ocrx_word' id='word_1_660' title='bbox 3112 5001 3587 5075; x_wconf 86' lang='lat' dir='ltr'><strong>superexaltamus</strong></span> 
     </span>
    </p>
   </div>
   <div class='ocr_carea' id='block_1_108' title="bbox 2013 5103 2536 5163">
    <p class='ocr_par' dir='ltr' id='par_1_108' title="bbox 2013 5103 2536 5163">
     <span class='ocr_line' id='line_1_111' title="bbox 2013 5103 2536 5163; baseline -0.015 0"><span class='ocrx_word' id='word_1_661' title='bbox 2013 5106 2069 5163; x_wconf 91' lang='lat' dir='ltr'><strong>in</strong></span> <span class='ocrx_word' id='word_1_662' title='bbox 2096 5105 2278 5161; x_wconf 89' lang='lat' dir='ltr'><strong>omnia</strong></span> <span class='ocrx_word' id='word_1_663' title='bbox 2313 5103 2536 5159; x_wconf 66' lang='lat' dir='ltr'><strong>sazcula.</strong></span> 
     </span>
    </p>
   </div>
   <div class='ocr_carea' id='block_1_109' title="bbox 2084 5181 3589 5260">
    <p class='ocr_par' dir='ltr' id='par_1_109' title="bbox 2084 5181 3589 5260">
     <span class='ocr_line' id='line_1_112' title="bbox 2084 5181 3589 5260; baseline -0.007 -10"><span class='ocrx_word' id='word_1_664' title='bbox 2084 5194 2376 5250; x_wconf 85' lang='lat' dir='ltr'><strong>Pavendus</strong></span> <span class='ocrx_word' id='word_1_665' title='bbox 2419 5201 2504 5249; x_wconf 88' lang='lat' dir='ltr'><strong>est</strong></span> <span class='ocrx_word' id='word_1_666' title='bbox 2532 5191 2726 5246; x_wconf 90' lang='lat' dir='ltr'><strong>modus</strong></span> <span class='ocrx_word' id='word_1_667' title='bbox 2775 5198 2964 5260; x_wconf 89' lang='lat' dir='ltr'><strong>partus</strong></span> <span class='ocrx_word' id='word_1_668' title='bbox 3013 5187 3112 5253; x_wconf 91' lang='lat' dir='ltr'><strong>tui,</strong></span> <span class='ocrx_word' id='word_1_669' title='bbox 3139 5199 3172 5241; x_wconf 90' lang='grc' dir='ltr'><strong>ο</strong></span> <span class='ocrx_word' id='word_1_670' title='bbox 3202 5183 3407 5252; x_wconf 79' lang='lat' dir='ltr'><strong>Virgo:</strong></span> <span class='ocrx_word' id='word_1_671' title='bbox 3445 5181 3589 5239; x_wconf 86' lang='lat' dir='ltr'><strong>Deus</strong></span> 
     </span>
    </p>
   </div>
   <div class='ocr_carea' id='block_1_110' title="bbox 2015 5272 3588 5345">
    <p class='ocr_par' dir='ltr' id='par_1_110' title="bbox 2015 5272 3588 5345">
     <span class='ocr_line' id='line_1_113' title="bbox 2015 5272 3588 5345; baseline -0.01 -5"><span class='ocrx_word' id='word_1_672' title='bbox 2015 5285 2162 5341; x_wconf 90' lang='lat' dir='ltr'><strong>enim</strong></span> <span class='ocrx_word' id='word_1_673' title='bbox 2202 5285 2525 5339; x_wconf 87' lang='lat' dir='ltr'><strong>incarnatus</strong></span> <span class='ocrx_word' id='word_1_674' title='bbox 2573 5296 2638 5335; x_wconf 84' lang='lat' dir='ltr'><strong>ex</strong></span> <span class='ocrx_word' id='word_1_675' title='bbox 2689 5288 2741 5335; x_wconf 90' lang='lat' dir='ltr'><strong>te</strong></span> <span class='ocrx_word' id='word_1_676' title='bbox 2780 5287 2943 5334; x_wconf 89' lang='lat' dir='ltr'><strong>natus</strong></span> <span class='ocrx_word' id='word_1_677' title='bbox 2997 5286 3080 5333; x_wconf 89' lang='lat' dir='ltr'><strong>est</strong></span> <span class='ocrx_word' id='word_1_678' title='bbox 3108 5293 3122 5330; x_wconf 90' lang='lat'><strong>:</strong></span> <span class='ocrx_word' id='word_1_679' title='bbox 3153 5288 3316 5345; x_wconf 91' lang='lat' dir='ltr'><strong>quem</strong></span> <span class='ocrx_word' id='word_1_680' title='bbox 3358 5272 3588 5342; x_wconf 85' lang='lat' dir='ltr'><strong>supplex</strong></span> 
     </span>
    </p>
   </div>
   <div class='ocr_carea' id='block_1_111' title="bbox 2017 5363 3589 5444">
    <p class='ocr_par' dir='ltr' id='par_1_111' title="bbox 2017 5363 3589 5444">
     <span class='ocr_line' id='line_1_114' title="bbox 2017 5363 3589 5444; baseline -0.011 -12"><span class='ocrx_word' id='word_1_681' title='bbox 2017 5392 2205 5443; x_wconf 81' lang='lat' dir='ltr'><strong>exora,</strong></span> <span class='ocrx_word' id='word_1_682' title='bbox 2232 5383 2347 5430; x_wconf 88' lang='lat' dir='ltr'><strong>uta</strong></span> <span class='ocrx_word' id='word_1_683' title='bbox 2373 5372 2619 5444; x_wconf 89' lang='lat' dir='ltr'><strong>pavendo</strong></span> <span class='ocrx_word' id='word_1_684' title='bbox 2644 5369 2913 5441; x_wconf 83' lang='lat' dir='ltr'><strong>supplicio</strong></span> <span class='ocrx_word' id='word_1_685' title='bbox 2943 5368 3141 5439; x_wconf 89' lang='lat' dir='ltr'><strong>eripiat</strong></span> <span class='ocrx_word' id='word_1_686' title='bbox 3175 5378 3387 5428; x_wconf 91' lang='lat' dir='ltr'><strong>omnes,</strong></span> <span class='ocrx_word' id='word_1_687' title='bbox 3413 5363 3505 5431; x_wconf 92' lang='lat' dir='ltr'><strong>qui</strong></span> <span class='ocrx_word' id='word_1_688' title='bbox 3537 5370 3589 5415; x_wconf 91' lang='lat' dir='ltr'><strong>te</strong></span> 
     </span>
    </p>
   </div>
   <div class='ocr_carea' id='block_1_112' title="bbox 2020 5453 3595 5530">
    <p class='ocr_par' dir='ltr' id='par_1_112' title="bbox 2020 5453 3595 5530">
     <span class='ocr_line' id='line_1_115' title="bbox 2020 5453 3595 5530; baseline -0.01 -7"><span class='ocrx_word' id='word_1_689' title='bbox 2020 5469 2345 5525; x_wconf 84' lang='lat' dir='ltr'><strong>inconcussa</strong></span> <span class='ocrx_word' id='word_1_690' title='bbox 2406 5465 2509 5521; x_wconf 79' lang='lat' dir='ltr'><strong>(ide</strong></span> <span class='ocrx_word' id='word_1_691' title='bbox 2576 5473 2934 5530; x_wconf 88' lang='lat' dir='ltr'><strong>venerantur,</strong></span> <span class='ocrx_word' id='word_1_692' title='bbox 2980 5476 3015 5517; x_wconf 84' lang='grc' dir='ltr'><strong>ο</strong></span> <span class='ocrx_word' id='word_1_693' title='bbox 3059 5456 3388 5530; x_wconf 74' lang='lat' dir='ltr'><strong>veneranda</strong></span> <span class='ocrx_word' id='word_1_694' title='bbox 3422 5453 3595 5509; x_wconf 83' lang='lat' dir='ltr'><strong>Mater</strong></span> 
     </span>
    </p>
   </div>
   <div class='ocr_carea' id='block_1_113' title="bbox 2020 5570 3516 5722">
    <p class='ocr_par' dir='ltr' id='par_1_113' title="bbox 2020 5570 3516 5722">
     <span class='ocr_line' id='line_1_116' title="bbox 2020 5570 3516 5722; baseline -0.006 -18"><span class='ocrx_word' id='word_1_695' title='bbox 2020 5570 2314 5722; x_wconf 38' lang='lat' dir='ltr'><strong>“mallit;</strong></span> <span class='ocrx_word' id='word_1_696' title='bbox 2357 5665 2555 5704; x_wconf 83' lang='lat' dir='ltr'><strong>canone</strong></span> <span class='ocrx_word' id='word_1_697' title='bbox 2578 5648 2631 5703; x_wconf 86' lang='lat' dir='ltr'><strong>in</strong></span> <span class='ocrx_word' id='word_1_698' title='bbox 2664 5647 2723 5704; x_wconf 92' lang='lat' dir='ltr'><strong>S.</strong></span> <span class='ocrx_word' id='word_1_699' title='bbox 2765 5646 2832 5702; x_wconf 89' lang='lat' dir='ltr'><strong>P.</strong></span> <span class='ocrx_word' id='word_1_700' title='bbox 2871 5645 2942 5701; x_wconf 88' lang='lat' dir='ltr'><strong>N.</strong></span> <span class='ocrx_word' id='word_1_701' title='bbox 2988 5644 3267 5712; x_wconf 83' lang='lat' dir='ltr'><strong>Niconem,</strong></span> <span class='ocrx_word' id='word_1_702' title='bbox 3311 5643 3396 5697; x_wconf 72' lang='lat' dir='ltr'><strong>die</strong></span> <span class='ocrx_word' id='word_1_703' title='bbox 3422 5640 3516 5695; x_wconf 71' lang='lat'><strong>23.</strong></span> 
     </span>
    </p>
   </div>
   <div class='ocr_carea' id='block_1_114' title="bbox 2089 5798 3589 5881">
    <p class='ocr_par' dir='ltr' id='par_1_114' title="bbox 2089 5798 3589 5881">
     <span class='ocr_line' id='line_1_117' title="bbox 2089 5798 3589 5881; baseline -0.009 -15"><span class='ocrx_word' id='word_1_704' title='bbox 2089 5810 2254 5868; x_wconf 87' lang='lat' dir='ltr'><strong>Porta</strong></span> <span class='ocrx_word' id='word_1_705' title='bbox 2281 5810 2392 5877; x_wconf 71' lang='lat' dir='ltr'><strong>illa,</strong></span> <span class='ocrx_word' id='word_1_706' title='bbox 2433 5825 2528 5881; x_wconf 89' lang='lat' dir='ltr'><strong>per</strong></span> <span class='ocrx_word' id='word_1_707' title='bbox 2576 5822 2743 5881; x_wconf 89' lang='lat' dir='ltr'><strong>quam</strong></span> <span class='ocrx_word' id='word_1_708' title='bbox 2794 5805 2860 5862; x_wconf 92' lang='lat' dir='ltr'><strong>ad</strong></span> <span class='ocrx_word' id='word_1_709' title='bbox 2893 5821 3015 5876; x_wconf 89' lang='lat' dir='ltr'><strong>nos,</strong></span> <span class='ocrx_word' id='word_1_710' title='bbox 3056 5803 3306 5871; x_wconf 88' lang='lat' dir='ltr'><strong>Domine,</strong></span> <span class='ocrx_word' id='word_1_711' title='bbox 3358 5798 3589 5858; x_wconf 55' lang='lat' dir='ltr'><strong>desceno</strong></span> 
     </span>
    </p>
   </div>
  </div>
