3996 6584
456 394 594 459 1083

1576 400 1637 458 S.
1678 396 1993 459 JOSEPHI
2031 398 2588 459 HYMNOGRAPIII

3545 394 3691 461 1084

449 505 597 569 disti,
622 502 1019 572 supernaturali
1046 502 1203 557 modo
1225 500 1406 571 genuit
1433 502 1719 568 orientem,
1746 511 1799 557 et
1821 502 2014 567 solem,

2141 520 2277 568 remg,
2312 505 2575 576 ἀνατολὴν
2600 506 2692 558 καὶ
2718 503 2869 574 ἥλιον
2904 503 2996 557 καί⁵
3051 505 3167 573 φῶς
3230 505 3514 573 μυστικῶς
3548 524 3685 575 συγ-

449 604 503 647 et
565 592 739 645 lucem
800 593 1023 661 mystice
1063 592 1384 644 advocatam
1438 598 1601 657 atque
1653 589 2011 651 accersitam,

451 664 621 738 Deum
652 682 858 737 scilicet
912 691 962 736 et
1028 682 1324 748 hominem,
1373 692 1564 736 natura
1621 681 1823 751 duplici
1872 696 2014 750 pra:-

451 777 640 829 ditum.

526 868 823 937 Martyrum
849 875 1025 922 costus
1055 865 1388 921 occisionem
1428 874 1599 928 tuam,
1622 863 1870 928 Domine,
1892 864 2017 919 imi-

452 970 600 1015 tatus
621 970 705 1015 est
749 969 912 1028 atque
962 958 1014 1012 iu
1046 973 1105 1013 se
1132 958 1421 1027 expressit,
1451 972 1574 1012 cum
1620 960 1931 1028 agnovisset
1966 968 2018 1012 te

454 1068 517 1106 ex
557 1049 773 1120 Virgine
804 1051 1031 1118 innupta
1070 1059 1319 1103 exortum
1344 1063 1488 1104 esse.

526 1143 807 1213 Tanquam
868 1144 1015 1195 omni
1068 1151 1317 1197 creatura
1380 1142 1742 1211 superiorem,
1797 1142 2020 1196 Creator

454 1235 642 1289 dilexit
670 1240 741 1298 te,
776 1251 808 1287 0
831 1233 995 1304 Virgo
1018 1244 1211 1298 mater,
1250 1232 1457 1290 faciens
1490 1244 1539 1289 te
1560 1235 1786 1289 Matrem
1822 1248 2014 1299 suam;

454 1343 620 1397 quam
678 1328 843 1381 etiam
911 1326 1273 1395 deprecantur
1316 1336 1617 1396 martyrum
1671 1327 1846 1381 turbae
1894 1340 2018 1379 cum

455 1414 603 1467 omni
633 1415 835 1468 honore
858 1428 921 1468 ac
948 1414 1315 1469 veneratione.

528 1505 727 1560 Lucem
761 1507 904 1560 illam
930 1507 1051 1561 sine
1080 1515 1339 1585 tempore,
1365 1522 1485 1576 quae
1513 1515 1597 1562 est
1634 1507 1892 1577 splendor
1917 1507 2018 1562 Pa-

458 1598 581 1663 tris,
612 1598 868 1667 genuisti,
897 1613 929 1652 o
959 1596 1486 1663 immaculatissima,
1522 1597 1718 1653 factam
1754 1599 1857 1654 sub
1888 1607 2025 1654 tem-

460 1704 609 1758 plrc,
646 1696 868 1758 propter
894 1690 1111 1744 divitias
1143 1689 1404 1743 bonitatis
1430 1704 1563 1745 sua.

531 1776 815 1849 Templum
846 1788 900 1835 et
928 1781 1189 1851 palatium
1235 1780 1328 1835 Dei
1371 1782 1672 1837 animatum
1720 1798 2024 1853 agnoscens

2120 590 2449 666 καλούμενον
2478 595 2773 666 ὑπερφυῶς
2800 595 3118 666 γεγέννηκε,
3142 595 3365 649 διπλοῦν
3396 597 3496 671 τὴν
3518 598 3690 667 φύσιν

2119 687 2212 741 τὸν
2238 687 2409 741 eme
2418 703 2619 759 ρωπον.

2191 862 2501 933 Μαρτύρων
2536 863 2708 933 δῆμος
2754 860 2856 932 τήν
2885 860 2985 931 σήν
3026 860 3411 915 ἀπεικονίσατο
3446 863 3695 931 σφαγὴν,

2122 959 2389 1023 Δέσποτα,
2413 954 2738 1025 ἐπεγνωκὼς
2765 956 2932 1026 κόρης
2962 970 3033 1021 ⁴σε
3063 954 3122 1021 te
3154 955 3534 1027 ἀηιρογάμου
3568 956 3700 1026 βλα-

2125 1051 2419 1119 στήσαντα.

2203 1143 2291 1203 Ὦς
2317 1140 2666 1212 ὑπάρχουσαν
2689 1140 2791 1210 τῆς
2824 1140 3055 1203 κτίσεως
3078 1140 3353 1210 ἀνωτέραν
3388 1141 3417 1193 ό
3454 1140 3698 1209 Ποιητής

2125 1233 2381 1303 ἠγάπησέ
2400 1250 2482 1295 σε,
2502 1231 2949 1302 Παρθενομῐγιορ,
2974 1230 3155 1294 δείξας
3176 1247 3235 1283 σε
3263 1231 3476 1301 μητέρα
3500 1230 3693 1291 αὐτοῦ,

2126 1328 2191 1398 ην
2222 1326 2316 1379 καὶ
2359 1324 2697 1379 λιτανεύουσι
2734 1323 2900 1393 δῆμοι
2944 1323 3195 1393 ἀθλητῶν
3245 1321 3696 1392 εὐπρεπέσταται.

2204 1502 2323 1565 Φῶς
2380 1501 2608 1571 ἀχρονον
2662 1499 2794 1569 ἡμῖν
2838 1497 2933 1551 τοῦ
2986 1497 3197 1567 Πατρδς
3251 1497 3314 1551 τὺ
3356 1493 3700 1563 ὲπαύγασμα

2128 1594 2443 1665 ἐγέννησας,
2482 1591 2586 1646 ὑπὸ
2612 1591 2803 1662 χρόνον
2840 1589 3180 1660 ἀγαθότητος
3213 1587 3428 1658 πλούτῳ
3461 1587 3700 1657 γενόμε-

2128 1709 2238 1759 νον,
2271 1690 2599 1759 πανάμωμε.

2200 1784 2345 1839 Ναόν
2372 1800 2431 1837 σε
2458 1781 2551 1836 τοῦ
2570 1780 2703 1836 Θεοῦ
2728 1782 2822 1834 καὶ
2855 1778 3116 1833 παλάτιον
3139 1775 3379 1847 ἔμψυχον
3402 1773 3514 1827 τῶν
3534 1774 3702 1828 ἀθλο-

460 1879 515 1925 te
556 1880 854 1941 martyrum
886 1873 1336 1943 triumphantium
1395 1875 1621 1939 chorus,
1669 1885 1723 1929 te
1774 1875 2022 1939 Domina,

2141 1880 2312 1948 popano
2366 1876 2555 1947 χορεία
2606 1873 2922 1942 ἐπιγνοῦσα,
2966 1871 3258 1933 Δέσποινα,
3319 1867 3594 1921 λιτανεύει
3630 1882 3695 1919 σε

461 1964 807 2032 deprecatur,
849 1980 969 2035 qua:
1018 1966 1132 2021 sola
1173 1966 1463 2022 mulierum
1506 1968 1859 2037 opprobrium
1903 1968 2029 2023 abs-

464 2053 658 2108 tulisti.

539 2143 772 2200 Verbum
800 2144 1001 2213 Patris,
1040 2147 1246 2217 absque
1278 2148 1385 2202 ulla
1415 2148 1744 2219 virginitatis
1775 2160 1880 2205 tuae
1906 2165 2030 2205 cor-

462 2236 734 2305 ruptione,
776 2236 833 2291 in
889 2246 942 2292 te
976 2239 1292 2307 habitavit;
1323 2252 1378 2296 et
1426 2241 1845 2297 celeberrimum
1882 2256 2029 2295 mar-

461 2337 641 2397 tyrum
676 2328 905 2384 chorum
931 2332 1173 2398 attraxit,
1209 2340 1260 2388 te
1302 2331 1594 2404 Deiparam
1624 2342 1855 2402 castam,
1886 2348 2028 2405 prae-

461 2419 752 2474 dicantem.

532 2511 830 2581 Perrumpe
881 2511 1095 2581 pondus
1133 2530 1294 2583 grave
1344 2517 1612 2573 malorum
1667 2535 1941 2589 meorum,
1995 2541 2029 2580 ο

466 2611 575 2656 tota
610 2612 761 2657 easta
806 2612 970 2671 alque
1010 2604 1291 2670 inviolata,
1349 2615 1403 2662 et
1444 2609 1592 2663 omni
1621 2610 1780 2667 laude
1823 2614 2030 2684 dignis-

462 2694 619 2761 sima,
650 2710 771 2765 qua:
799 2708 955 2766 partu
999 2707 1090 2753 tuo
1142 2698 1268 2756 Adae
1296 2700 1507 2771 lapsum
1538 2706 1846 2774 reparasti;
1879 2718 1932 2763 et
1966 2709 2032 2764 il-

462 2784 667 2841 lumina
698 2803 803 2853 me,
830 2797 889 2843 ut
920 2790 1157 2846 clamare
1186 2794 1388 2861 possim
1423 2804 1602 2851 mente
1652 2812 1822 2868 pura:
1856 2800 2030 2857 Bene-

462 2873 648 2941 dicite,
674 2875 855 2931 omnia
887 2892 1079 2948 opera,
1110 2879 1418 2937 Dominum.

531 2965 692 3022 Lucis
716 2967 1084 3025 habitaculum
1118 2970 1261 3028 facta
1293 2990 1376 3039 es,
1422 2974 1569 3031 illius
1598 2978 1808 3035 scilicet
1827 2981 1920 3051 qul
1960 2996 2028 3037 ex

464 3067 517 3112 te
560 3071 777 3130 propter
805 3078 906 3119 nos
930 3076 1092 3120 natus
1121 3073 1236 3134 est;
1272 3084 1432 3139 quem
1470 3070 1590 3127 sine
1619 3073 2029 3132 intermissione

2130 1969 2227 2042 τὴν
2253 1970 2420 2041 μόνην
2450 1966 2724 2037 γυναικῶν
2751 1963 3038 2037 ἀραμένην
3073 1961 3135 2017 τό
3161 1960 3386 2024 ὄνειδος.

2198 2150 2293 2221 Μὴ
2321 2147 2638 2219 διαφθείρας
2667 2146 2767 2216 τήν
2794 2142 3093 2216 παρθενίαν
3110 2143 3245 2204 ὅλως
3267 2140 3368 2211 τήν
3398 2140 3502 2211 σὴν
3522 2141 3701 2209 Λόγος

2130 2240 2225 2294 τοῦ
2287 2238 2520 2311 Πατρός,
2572 2237 2882 2308 ἐσκήνωσεν
2924 2234 3017 2287 ἐπὶ
3068 2232 3190 2295 σοὶ.
3245 2232 3340 2286 καὶ
3401 2230 3706 2303 μαρτύρων

2134 2333 2484 2388 ἐπεσπάσατο
2529 2329 2687 2403 χορὸν
2711 2327 2977 2399 ἀοίδιμον,
3007 2325 3271 2380 Θεοτόκον
3298 2325 3474 2398 ἁγνήν
3503 2341 3565 2378 σε
3595 2342 3695 2394 κη-

2134 2425 2418 2499 ρύττοντα.

2213 2516 2405 2588 Ῥῆξον
2423 2515 2531 2568 τῶν
2561 2515 2747 2569 κακῶν
2773 2531 2876 2587 μου
2905 2514 2963 2570 τδ
2990 2514 3130 2587 βαρὺ
3156 2513 3397 2586 φορτίον,
3427 2511 3700 2581 πάναγνε,

2129 2612 2163 2681 ή
2218 2608 2576 2683 ἀνορθώσασα
2626 2605 2798 2681 ’Δδὰμ
2836 2606 2943 2681 ,τὴν
2994 2606 3290 2672 ἔκπτωσιν,
3321 2605 3583 2676 ἇχραντε,
3631 2606 3703 2673 τῇ

2132 2704 2325 2773 κυήσει
2350 2720 2466 2768 σου,
2500 2701 2842 2773 πανύμνητε,
2875 2703 2972 2756 καὶ
3020 2698 3431 2773 φωωγώγησον
3484 2697 3618 2772 βοᾷν
3642 2698 3707 2754 ὲν

2132 2796 2355 2870 καθαρῷ
2388 2797 2632 2870 λογισμῷ
2653 2812 2667 2827 ’
2727 2797 3037 2867 Εὑλογεϊτε,
3089 2798 3266 2852 πάντα
3299 2797 3369 2851 τὰ
3422 2796 3583 2867 ἔργα,
3611 2794 3707 2849 τὸν

2130 2892 2359 2963 Κύριον.

2199 2984 2378 3048 Φωτὸς
2405 2982 2721 3054 οἰκητήριον
2748 2982 2935 3053 ὤφθης
2964 2981 3057 3037 τοῦ
3090 2983 3157 3038 δι’
3185 2985 3336 3056 ἡμᾶς
3377 2984 3442 3037 ὲκ
3479 2982 3573 3037 σοῦ
3611 3000 3705 3037 τε·-

2132 3075 2371 3147 χθὲντος,
2401 3075 2461 3128 δν
2489 3074 2848 3139 ἀδιαλείπτως
2869 3074 3108 3129 δυσὼπει
3140 3080 3552 3147 φωταγωγῆσαι
3574 3077 3707 3139 τοὺς

461 3150 753 3220 deprecare
789 3164 845 3209 ut
870 3156 1072 3212 lumine
1107 3174 1211 3213 suo
1256 3162 1559 3237 perfundat
1590 3180 1707 3230 eos,
1762 3166 1855 3237 qui
1894 3178 1964 3235 te,
1996 3185 2022 3224 ο

2141 3167 2507 3240 ἀνυμνοῦντάς
2545 3184 2624 3233 σε,
2681 3168 2777 3222 καὶ
2804 3168 3087 3236 Θεοτόκον,
3138 3170 3384 3241 πάναγνε
3426 3170 3706 3242 Παρθενο-

460 3243 768 3299 castissima
829 3244 988 3319 Virgo
1023 3247 1226 3316 Mater,
1259 3253 1570 3310 collaudant
1632 3272 1697 3311 ac
1744 3256 2022 3329 Deiparam

2141 3260 2329 3332 μῆτορ,
2371 3257 2862 3327 καταγγέλλοντας.

464 3337 815 3394 conﬁtentur.

470 3429 580 3499 82
632 3428 716 3485 Ea:
765 3447 962 3486 canone
1005 3433 1061 3487 in
1093 3433 1349 3559 8ξὲἔὲξέ
1408 3438 1712 3511 archangeli
1748 3440 2030 3507 Gabrielis.

535 3608 728 3664 Statim
759 3620 923 3681 atque
952 3612 1171 3669 Gabriel
1199 3616 1333 3671 vidit
1370 3629 1422 3674 te
1454 3631 1662 3677 castam
1717 3625 1866 3680 omni
1909 3627 2032 3683 labe

461 3712 755 3769 carentem,
786 3704 983 3760 illustri
1021 3722 1153 3762 voce
1199 3710 1525 3767 exclamavit
1558 3732 1571 3769 :
1600 3717 1735 3782 Ave,
1776 3718 2029 3784 Domina,

460 3793 681 3848 thalami
716 3797 922 3863 nescia,
973 3800 1255 3856 hominum
1286 3803 1456 3870 salus,
1484 3807 1798 3879 angelorum
1829 3811 2029 3883 gloria-

461 3884 536 3939 tio
563 3895 617 3939 et
643 3901 918 3945 venustas.

532 3975 846 4045 Agnoscens
871 3982 1086 4039 Gabriel
1107 3987 1428 4057 mysterium
1458 3990 1589 4045 olim
1620 3992 2027 4063 absconditum,

461 4066 526 4117 ad
568 4076 619 4121 te
649 4068 995 4137 clamabat,o
1041 4077 1217 4145 puella
1265 4095 1281 4133 :
1338 4079 1473 4147 Ave,
1512 4081 1605 4136 Dei
1654 4084 1935 4151 palatium,
1972 4087 2027 4141 in

457 4172 566 4226 quo
599 4159 930 4229 inhabitans,
950 4179 1140 4223 omnes
1168 4170 1443 4234 homines,»
1464 4180 1654 4229 utpote
1686 4175 2026 4245 misericors,

455 4249 752 4308 deilicabit.

523 4342 659 4398 Cum
687 4357 734 4399 te
757 4354 923 4401 totam
948 4364 977 4402 a
1003 4348 1209 4419 Spiritu
1238 4365 1431 4409 sancto
1456 4357 1820 4414 eaStiﬁcatam
1853 4361 2028 4420 vidis-

456 4449 538 4493 set
564 4436 805 4503 Gabriel,
836 4456 869 4495 ο
913 4441 1440 4513 immaculatissima,
1490 4450 1816 4507 exclamavit
1853 4456 1921 4511 ad
1964 4466 2019 4512 te

2146 3440 2244 3493 Ἐκ
2276 3438 2383 3493 τοῦ
2408 3440 2671 3503 ,κανόνος
2712 3438 2799 3502 εις
2826 3436 2940 3508 τὴν
2963 3436 3225 3508 σύναξιν
3245 3437 3351 3492 τοῦ
3376 3438 3702 3508 ἀρχιστραο

2481 3508 2665 3579 τήνου
2694 3507 2980 3576 Γαϐριὴλ.
3011 3507 3202 3576 ἡμέρα
3231 3514 3346 3572 κε’-

2210 3619 2410 3690 Ἀγνήν
2437 3635 2496 3672 σε
2541 3617 2882 3689 πανάμωμον
2916 3621 2944 3673 ό
2989 3617 3230 3690 Γαϐριὴλ
3257 3618 3333 3682 ὡς
3363 3616 3602 3689 ἑώρακε,
3644 3619 3705 3673 τὸ

2130 3712 2323 3782 Χαῖρε,
2360 3708 2466 3776 σοὶ,
2519 3708 2807 3773 Δέσποινα,
2852 3706 3123 3778 λαμπρῶς
3166 3705 3415 3776 ἐϐόησεν,
3452 3707 3705 3777 ίάπειρό-

2129 3820 2295 3874 γαμε,
2335 3799 2541 3873 βροτῶν
2565 3802 2599 3871 ή
2635 3799 2898 3871 σωτηρία,
2927 3799 3176 3868 ἀγγέλων
3205 3798 3264 3852 τὸ
3293 3798 3564 3868 καύχημα
3605 3800 3702 3852 καὶ

2131 3914 2188 3949 σε
2197 3895 2428 3966 μνολόγη
2438 3911 2534 3965 μα.

2196 3984 2482 4055 Γνωρίζων
2502 3983 2562 4037 τὸ
2586 3982 2752 4038 πάλαι
2771 3981 3153 4053 κεκρυμμένον
3188 3983 3513 4053 μυστήριον,
3539 3983 3700 4053 κόρη,

2129 4082 2211 4135 σοί
2237 4096 2367 4134 ποτε
2388 4081 2415 4132 ὁ
2448 4077 2686 4147 Γαϐριὴλ
2719 4075 3028 4146 ἐκραύγασε
3056 4092 3070 4105 ·
3116 4075 3308 4145 Χαῖρε,
3343 4073 3481 4127 Θεοῦ
3519 4076 3699 4127 παλά-

2124 4189 2260 4235 τιον,
2280 4173 2337 4225 ὲν
2370 4165 2415 4239 ᾧ
2439 4170 2669 4241 οἰκήσας
2696 4167 2941 4231 ἅπαντας
2970 4165 3196 4237 βροτοὺς
3228 4164 3425 4220 θεώσει
3468 4166 3547 4231 ὡς
3609 4165 3699 4220 sb-

2128 4265 2455 4335 σπλαγχνος.

2197 4357 2365 4425 Ὅλην
2415 4372 2476 4408 σε
2519 4352 2598 4425 τῷ
2633 4350 2915 4422 ῐῙνεύματι
2955 4352 2983 4403 δ
3011 4350 3253 4422 Γαϐριὴλ
3302 4351 3696 4422 περιηγνισμέ.

2124 4468 2244 4521 νην,
2291 4450 2621 4518 πανάμωμε,
2659 4447 3004 4516 κατανοήσας
3051 4444 3217 4515 ἐκϐοᾷ
3269 4462 3352 4497 σοι
3403 4446 3692 4513 ἐμφανῶς·

455 4529 617 4584 claris
646 4532 869 4586 vocibus
902 4550 915 4586 :
950 4534 1086 4600 Ave,
1115 4536 1416 4606 redemptio
1447 4555 1478 4595 a
1513 4542 1899 4601 maledictione
1964 4561 2018 4605 et

2141 4545 2316 4614 (αἶρε,
2348 4542 2485 4612 ἀρᾶς
2513 4539 2859 4612 ήηλὺτρωσις,
2893 4538 2988 4591 καὶ
3022 4537 3132 4591 τῶν
3156 4537 3541 4608 πρωπατόρων
3574 4538 3697 4591 ἀνά-

456 4620 752 4688 primorum
776 4632 1060 4690 parentum
1098 4630 1393 4683 revocatio.

524 4708 660 4761 Cum
689 4712 945 4779 templum
975 4715 1421 4774 sanctiﬁcationis
1451 4734 1625 4787 esses,
1656 4739 1689 4779 ο
1720 4725 2018 4782 intemera-

455 4798 691 4858 tissima.
739 4816 836 4869 per
868 4816 1056 4858 vocem
1119 4804 1387 4865 Gabrielis
1418 4814 1729 4885 archangeli
1762 4820 2019 4890 concepi-

453 4890 522 4945 sti
540 4906 684 4955 eum,
708 4894 798 4963 qui
831 4897 1124 4965 requiescit
1146 4900 1197 4954 in
1223 4905 1426 4959 sanctis
1447 4907 1585 4977 suis,
1606 4912 2013 4968 sanctissimum

450 4979 643 5047 Deum,
678 4985 765 5052 qui
799 4985 1081 5042 universos
1112 4991 1412 5049 sanctiﬁcat
1457 5010 1522 5052 ac
1552 4997 1802 5055 liberata
1834 5002 2016 5059 malis.

522 5075 726 5130 Divinis
746 5075 1016 5135 Gabrielis
1048 5082 1229 5139 verbis
1268 5086 1535 5143 obediens
1571 5087 1742 5156 fuisti,
1777 5107 1810 5146 ο
1842 5104 2015 5160 casta,

447 5176 502 5221 et
533 5165 765 5223 Verbum
792 5180 1053 5251 mternum
1100 5173 1154 5227 in
1177 5190 1341 5233 carne
1375 5182 1660 5251 perpcristi
1687 5183 1832 5252 quod
1862 5200 2020 5240 mun-

446 5258 575 5312 dum
615 5259 683 5312 ab
710 5259 1125 5317 irrationalitate
1146 5264 1416 5325 liberavit.

520 5349 717 5406 Missus
749 5360 833 5406 est
859 5353 1115 5425 princeps
1156 5359 1364 5416 militia:
1406 5364 1643 5421 cmlestis
1677 5368 1920 5435 Gabriel,
1953 5380 2015 5426 ut

444 5441 543 5496 tibi
596 5443 849 5513 gaudium
901 5446 1278 5516 aununtiaret,
1317 5467 1350 5505 ο
1388 5468 1532 5510 casta
1598 5458 1764 5529 Virgo
1812 5461 2005 5529 Mater,

449 5553 542 5604 per
567 5553 730 5608 quam
756 5554 881 5593 vere
907 5539 1124 5595 tristitia
1152 5547 1408 5612 cessavit,
1449 5560 1500 5602 et
1546 5553 1857 5609 maledictio
1902 5565 2013 5611 ste-

448 5630 565 5684 rilis
609 5629 751 5685 facta
805 5640 908 5697 est,
949 5646 1014 5686 ac
1068 5630 1251 5689 ﬂoruit
1297 5638 1605 5698 benedictio
1657 5645 1906 5701 ﬁdelibus
1961 5648 2013 5703 in

448 5719 665 5773 saecula.

523 5810 802 5883 Tanquam
839 5819 1142 5889 jucundum
1192 5826 1353 5897 [legis
1408 5829 1687 5895 thronum,
1753 5838 2011 5901 tanquam

2235 4654 2337 4689 σις.

2235 4654 2283 4688 σι
2322 4674 2337 4689 .

2127 4638 2340 4792 ﬁgas;
2386 4725 2726 4797 ἀγιάσματος
2779 4723 3120 4793 ὑπάρχουσα,
3164 4721 3498 4792 πανάμωμε,
3548 4724 3692 4792 φωνῇ

2104 4820 2364 4892 Ταϐριὴλ
2393 4818 2484 4872 τοῦ
2518 4816 2882 4889 ἀρχαγγέλου,
2905 4816 2998 4868 τὸν
3028 4816 3085 4867 ὲν
3130 4814 3304 4882 ἁγίοις
3342 4815 3693 4884 ἀναπαυόμει

2126 4934 2214 4969 νον
2246 4917 2469 4976 τέτοκας
2492 4911 2771 4980 ’πανάγιον
2802 4910 2958 4977 Θεὸν,
2998 4910 3208 4972 πάντας
3262 4909 3569 4978 ἁγιάζοντα
3608 4909 3692 4961 καὶ

2124 5003 2311 5059 δεινῶν
2345 5000 2558 5071 ὲξαιρού
2566 5017 2746 5070 μενον.

2203 5095 2491 5165 Ῥημάτων
2551 5092 2713 5145 θείων
2758 5091 3020 5161 ὑπήκοος,
3084 5090 3245 5161 ἁγνὴ,
3303 5090 3397 5143 τοῦ
3459 5087 3691 5158 Γαϐριὴλ

2124 5191 2519 5259 ὲχρημόιτισας,
2548 5186 2646 5238 καὶ
2668 5185 2759 5237 τὸν
2790 5184 3137 5253 προάναρχον
3165 5182 3339 5247 Λόγον
3378 5184 3542 5253 σαρκὶ
3564 5183 3690 5235 ἀπε-

2125 5281 2356 5350 κύησας,
2391 5279 2490 5348 τῆς
2520 5277 2745 5344 ἀλογίας
2774 5279 2982 5346 κόσμον
3006 5274 3515 5345 ἀπολυτρούμενον,

2205 5372 2508 5442 Ἀπεστάλη
2544 5369 2785 5443 Γαϐριὴλ
2816 5372 2843 5423 ὁ
2874 5368 3314 5439 ἀρχιστράτηγος
3365 5368 3541 5438 χαρὰν
3586 5382 3685 5435 μη-

2122 5465 2263 5519 νύων
2299 5481 2397 5527 σοι,
2427 5464 2854 5535 Παρθενομῆτορ
2899 5462 3061 5532 ἁγνὴ,
3097 5461 3165 5514 δι’
3202 5456 3271 5532 ἧς
3301 5460 3444 5531 λύπη
3480 5460 3686 5514 πέπαυο

2120 5576 2233 5622 ται,
2264 5558 2357 5610 καὶ
2385 5558 2416 5627 ὴ
2448 5557 2556 5627 ἀρὰ
2600 5555 2816 5625 ἀληθῶς
2864 5554 3285 5624 ἁπεστείρωται,
3336 5556 3429 5607 καὶ
3473 5552 3681 5619 εὐλογία

2121 5653 2321 5724 ήνθησε
2352 5654 2463 5715 τοῖς
2494 5651 2706 5711 πιστοῖς
2729 5650 2808 5713 εἰς
2842 5648 2967 5711 τοὺς
2990 5648 3216 5710 αἰῶνας.

2207 5833 2292 5895 Ὠς
2334 5830 2521 5901 θρόνον
2570 5829 2662 5885 τον
2719 5826 3087 5899 πνευματικὸν
3132 5828 3225 5883 τοῦ
3284 5828 3565 5899 βασιλέως,
3608 5823 3675 5887 ὡς
