3996 6592
190 398 325 463 1085

1623 411 1986 473 MARIALE.

3278 411 3415 477 1086

184 519 401 572 πάντων
418 518 527 571 τῶν
550 518 865 588 ποιημάτων
888 521 1276 594 ὑπερέχουσαν,
1308 524 1381 589 ὡς
1397 527 1488 580 τὸν
1511 527 1612 579 om
1622 526 1732 596 ρού-

1849 528 2105 584 omnibus
2152 526 2421 583 creaturis
2467 526 2913 593 eminentiorem,
2965 536 3221 596 tanquam
3268 542 3409 593 eam,

185 630 299 667 σιον
342 612 503 682 μόνον
544 612 887 669 οὑσιώσασαν
926 615 1018 669 τὸν
1050 618 1177 680 τοὺς
1204 616 1430 688 βροτοὺς
1468 620 1747 674 Θεώσαντα

187 703 379 756 ὲνὼσει
406 704 675 774 κρείττονι
702 710 1005 776 γεννήσεως
1036 711 1277 780 ἀρρήτου
1323 712 1416 764 καὶ
1443 712 1619 782 ξένης,
1651 712 1749 780 τὴν

181 796 551 867 εὐλογημένην
598 798 928 869 ὑμνήσωμεν
952 800 1247 870 Παρθένον.

251 972 460 1041 Φέγγος
480 973 765 1044 ἀστραπῆς
796 972 890 1028 τοῦ
909 974 1070 1029 τόκου
1094 992 1186 1029 σου
1216 974 1457 1046 ἔλαμψεν
1487 976 1581 1029 καὶ
1612 993 1745 1030 κατ⁹

179 1064 467 1133 εφαίδρυνε
505 1067 685 1120 πᾶσαν
739 1067 838 1135 τὴν
873 1066 1121 1136 ὑφήλιον,
1176 1068 1388 1121 καὶτὸν
1436 1070 1749 1138 προστάτην

179 1155 272 1211 τοῦ
315 1156 540 1220 σκότους
564 1156 756 1222 ὤλεσε,
780 1161 1152 1232 Θεογεννῆτορ
1189 1161 1455 1229 πάναγνε,
1496 1161 1747 1231 ἀγγέλων

178 1249 474 1319 καύχημα,
506 1250 599 1303 καὶ
628 1249 931 1321 ἀνθρώπων
968 1251 1187 1307 πάντων
1214 1254 1276 1307 τὸ
1308 1254 1611 1325 διάσωσμα,
1639 1253 1747 1308 τῶν

177 1339 480 1402 ἀπαύστοις
514 1342 718 1409 φωναῖς
745 1342 1138 1413 εὐφημούντων
1169 1360 1249 1400 σε.

191 1534 286 1589 Ἐκ
310 1536 415 1593 τοῦ
439 1538 699 1615 καγᾴνος
727 1542 813 1615 είς
833 1540 940 1615 eos:
954 1541 1128 1615 ὅσιον
1143 1542 1373 1611 Πατέρα
1388 1542 1556 1615 ἡμῶν
1590 1546 1742 1603 Ἱλα-

518 1608 705 1679 ρίωνιι
724 1610 830 1664 τὸν
858 1610 1032 1676 Νέον,
1060 1613 1251 1683 θήμέρᾳ
1276 1608 1380 1684 κη’.

245 1735 369 1791 Τῶν
394 1737 541 1807 ἐμῶν
566 1740 917 1811 πταισμάτων
939 1741 1039 1806 τὰς
1059 1742 1267 1814 σειρὰς,
1294 1745 1557 1814 πάναγνε,
1587 1746 1744 1820 διάρ-

1845 636 1966 689 quae
1992 620 2168 675 solum
2203 618 2787 688 supersubstantialem
2820 618 3180 673 substantiam
3210 617 3412 683 eil‘ecit,

1846 710 1937 780 qui
1989 698 2438 780 praestantissima
2472 709 2672 764 unione
2706 709 2993 764 inellabilis
3015 723 3079 764 ac
3113 708 3413 779 peregrina:

1846 804 2216 873 generationis
2276 803 2527 858 homines
2565 802 2873 866 deilicavit,
2921 801 3195 872 Virginem
3250 802 3411 856 bene-

1845 895 2043 949 dictam
2061 895 2455 952 collaudemus.

1913 982 2083 1040 Iubar
2106 987 2331 1057 fulgoris
2364 994 2550 1056 partus
2578 986 2658 1041 tui
2687 985 3020 1051 coruscavit,
3073 995 3233 1055 atque
3283 986 3409 1039 uni-

1845 1090 2059 1130 versum
2117 1086 2382 1131 terrarum
2418 1076 2604 1131 orbem
2649 1077 2769 1130 laeta
2799 1076 2920 1132 luce
2951 1076 3221 1143 perfudit;
3258 1084 3409 1128 tene-

1845 1165 2179 1236 brarumque
2210 1166 2499 1237 praesidem
2562 1166 2887 1237 proﬂigavit,
2922 1184 2956 1221 o
3018 1167 3109 1221 Dei
3165 1165 3409 1222 Genitrix

1845 1257 2171 1322 castissima,
2212 1258 2532 1330 angelorum
2584 1257 2856 1328 gloriatio,
2908 1258 3016 1327 83
3060 1267 3114 1312 et
3163 1257 3407 1312 omnium

1846 1348 2126 1403 hominum
2157 1348 2327 1413 salus,
2360 1349 2454 1418 qui
2489 1358 2541 1404 te
2579 1347 2999 1403 incessabilibus
3023 1347 3246 1403 vocibus
3278 1360 3410 1400 con-

1843 1438 2142 1494 celebrant.

1846 1550 1930 1605 Ea:
1979 1566 2180 1606 canone
2239 1550 2291 1602 in
2357 1547 2415 1605 S.
2468 1545 3055 1672 PkN‘isﬂilarionem
3108 1545 3406 1611 Juniorem,

2562 1634 2608 1672 te
2710 1656 2725 1671 .

2562 1634 2608 1672 ιε
2633 1634 2725 1672 Ζδ.

1913 1751 2235 1822 Disrumpe,
2290 1765 2324 1806 ο
2378 1751 2708 1816 castissima,
2753 1757 3099 1818 peccatorum
3160 1763 3404 1803 meorum

177 1829 361 1898 ρηξον,
388 1830 478 1884 τὸν
512 1831 602 1885 σὸν
625 1832 755 1886 Υἰὸν
801 1834 895 1887 καλ⁸
941 1835 1074 1889 Θεὸν
1135 1836 1451 1893 ἱκετεύουσα
1475 1856 1490 1871 ·
1522 1839 1618 1893 καὶ
1646 1842 1732 1909 sip

1843 1845 2087 1913 vincula,
2126 1845 2425 1915 deprecans
2449 1858 2547 1915 pro
2577 1858 2663 1897 me
2694 1841 2889 1896 Filium
2916 1856 2981 1897 ac
3015 1841 3179 1896 Deum
3215 1854 3402 1905 tuum;

172 1922 543 1991 τυραννοῦσάν
573 1942 662 1994 με,
702 1926 1072 1999 Ἀειπάρθενε,
1119 1930 1394 2000 ἁμαρτίαν
1444 1932 1734 2000 κατάϐαλε,

170 2016 319 2081 ὅπως
350 2033 411 2069 σε
439 2018 683 2090 γεραίρω
730 2018 987 2089 πάντοτε,
1021 2023 1353 2095 πανάμωμε,
1407 2025 1734 2097 σωζόμενος.

247 2190 552 2263 ’ἰάτρευσον
584 2192 654 2246 τὰ
686 2193 971 2266 τραύματα
1008 2197 1108 2268 τῆς
1154 2196 1334 2271 ψυχῆς
1367 2217 1490 2272 μου,
1523 2200 1733 2272 δέομαι,

167 2284 261 2336 καὶ
286 2282 383 2336 τοῦ
417 2282 536 2347 νοὸς
566 2283 901 2357 κυόέρνησον
931 2288 1031 2350 τὰς
1072 2291 1315 2361 κινήσεις
1353 2291 1491 2360 πρὸς
1532 2292 1601 2347 τὰ
1645 2292 1731 2347 θε-

164 2370 386 2443 λήματα
413 2372 506 2427 τοῦ
533 2374 597 2428 ὲκ
626 2373 721 2428 σοῦ
753 2377 1149 2448 σαρκωθέντος,
1183 2382 1320 2452 κόρη
1350 2381 1618 2452 πάναγνε.

265 2554 310 2608 0
334 2554 541 2625 Κύριός
572 2574 632 2611 σε
664 2557 877 2629 κυρίαν
906 2557 1162 2613 ἁπάντων
1182 2558 1279 2615 καὶ
1302 2559 1599 2616 Δέσποιναν
1622 2564 1737 2635 είρ-

165 2644 395 2713 γάσατο,
419 2645 654 2716 ᾶχραντε
679 2661 695 2677 ⁶
728 2646 823 2701 σοῦ
869 2649 978 2719 γὰρ
1021 2648 1086 2701 ἐκ
1123 2649 1338 2719 μήτρας
1390 2649 1735 2722 σεσάρκωται

164 2738 658 2807 κατακυριεύοντος
709 2738 876 2796 αὑτοῦ
927 2740 986 2794 τὸ
1021 2739 1151 2818 ῐδιον
1180 2740 1405 2813 πλάσμα
1444 2741 1732 2815 λυτρωσά-

164 2844 345 2899 μενος.

242 2921 424 2991 ’ἰσχὺς
476 2920 584 2974 τῶν
642 2920 851 2977 πιστῶν
912 2922 1009 2977 καὶ
1064 2922 1228 2979 ὁσίων
1276 2923 1531 2994 ’γέγονας
1598 2943 1738 2997 κρα-

162 3012 387 3083 ταίωμα
412 3030 426 3045 ·
450 3014 540 3068 διὰ
570 3013 666 3067 σοῦ
705 3015 837 3085 γὰρ,
882 3014 1149 3086 ἄχραντε.
1202 3014 1405 3070 ἅπασιν
1454 3017 1738 3086 ιπήγασας

158 3105 226 3158 τὰ
258 3107 567 3176 κρείττονα,
599 3107 695 3161 καὶ
726 3108 775 3161 οί
802 3109 905 3179 γῆν
931 3106 1316 3173 κατοικοῦντες
1346 3108 1481 3180 πρὸς
1504 3108 1735 3178 οὐρανὸν

163 3197 491 3268 βαδίζουσιν.

230 3291 349 3362 Τὴν
384 3292 631 3347 παστάδα
683 3291 818 3347 Θεοῦ
869 3293 969 3363 τὴν
1007 3293 1329 3365 ἀμόλυντον,
1388 3292 1579 3364 Θρόνον
1636 3292 1730 3346 τὸν

162 3383 513 3453 πυρίμορφον
539 3383 634 3437 τοῦ
664 3384 1132 3456 Παντοκράτορος,
1168 3386 1269 3454 τὴν
1308 3384 1570 3438 Θεοτὸκον
1590 3384 1731 3439 άπα-

163 3491 251 3529 σαι
281 3478 468 3542 γενεαὶ
503 3477 707 3543 γενεῶν
735 3478 1153 3547 μακαρίσωμεν.

225 3567 532 3637 Συμϐόλοις
560 3583 618 3620 σε
642 3568 929 3639 πόρρωθεν
963 3566 1320 3639 προδιετύτιου
1368 3570 1402 3640 ή
1438 3568 1598 3641 χάρις
1632 3568 1728 3623 τοῦ

160 3656 480 3727 Πνεύματος
506 3662 859 3729 προφητικοῖς
884 3660 1238 3730 χαρίσμασιν,
1260 3659 1386 3730 ὄρος
1406 3663 1527 3713 πίον
1551 3660 1727 3730 ἅγιον,

160 3747 339 3815 πύλην
394 3750 682 3819 σωτήριον,
727 3748 892 3819 τόμον
935 3767 996 3803 τε
1042 3750 1383 3817 καινότατον,
1421 3751 1580 3823 ἁγνὴ,
1635 3752 1730 3807 καὶ

160 3838 395 3891 κιὸωτόν
423 3855 481 3891 σε
514 3838 982 3910 κατονομάζουσα.

238 4018 445 4073 Ῥύπου
481 4037 547 4091 με
575 4020 785 4088 παθῶν,
806 4021 898 4075 καὶ
930 4020 1120 4076 σπίλον
1150 4021 1444 4092 ἁμαρτίας,
1477 4020 1725 4091 θεοχαρί-

158 4128 301 4166 τωτε
332 4111 658 4179 ἀπόπλυνον,
699 4113 794 4165 καὶ
831 4111 1005 4176 πύλας
1060 4130 1148 4182 μοι
1183 4112 1392 4177 ἄνοιξον
1440 4112 1727 4181 μετανοίας

157 4203 534 4269 ὀλισθαίνοντι,
556 4203 648 4256 καὶ
676 4202 913 4273 συνεχῶς
936 4204 1050 4266 τοῖς
1071 4202 1428 4272 πταίσμασιν,
1466 4202 1725 4274 άχραντε,

158 4293 515 4358 συναντῶντι,
540 4295 635 4347 καὶ
672 4294 768 4348 τὸν
793 4294 926 4348 Θεὸν
959 4295 1373 4365 παροργίζοντι.

225 4388 416 4458 Φωνήν
466 4404 548 4440 σοι
599 4389 950 4458 προσάγομεν
986 4386 1079 4440 1:06
1113 4386 1354 4458 Γαϐριὴλ
1398 4385 1724 4457 γηθόμενοι·

158 4480 357 4549 Χαῖρε,
398 4478 666 4546 λέγοντες,
706 4476 854 4544 οἶκος
902 4478 996 4533 τοῦ
1032 4479 1500 4548 Παντοκράτορος,
1548 4479 1724 4548 χαῖρε,

156 4572 265 4623 τῶν
290 4569 453 4622 ὁσίων
486 4572 520 4639 ἡ
555 4569 677 4635 δόξα
704 4571 797 4624 καὶ
823 4571 930 4624 τῶν
960 4570 1168 4624 πιστῶν
1198 4570 1413 4623 πάντων
1450 4570 1717 4641 σωτηρία,

154 4663 220 4716 δι’
241 4658 310 4735 ἧς
339 4659 671 4732 ὲθεώθημεν,
702 4663 931 4716 Θεοτόκε
953 4659 1302 4732 ἀειπάρθενε.

168 4798 270 4850 Ἐκ
302 4794 409 4849 τοῦ
441 4798 697 4862 κανόνος
743 4798 829 4860 εὶς
856 4796 962 4849 τὸν
1003 4795 1173 4865 ἅγιον
1200 4792 1445 4865 Μάρκον
1474 4792 1725 4848 ἐπίσκοσ

477 4882 595 4919 πον
640 4864 1055 4934 Ἀρεθουσίων,
1085 4865 1275 4934 ἡμέρᾳ
1303 4864 1405 4919 κθ’.

226 5005 394 5073 Ὄρος
425 5018 483 5054 σε
508 5000 801 5055 κατάσκιον
830 5018 960 5055 ποτε
987 5002 1016 5055 ὁ
1055 5000 1371 5071 Ἀϐσακυὺμ
1393 4998 1727 5069 ὲλλαμφθεὶς

151 5093 654 5163 ὲθεάσατο,ξΜῆτερ
702 5094 1067 5164 ἀπειρόγαμε,
1101 5092 1160 5158 ἐξ
1189 5087 1257 5163 ἦς
1293 5091 1426 5155 Θεὸς
1462 5108 1726 5162 σωμάτω-

152 5186 268 5248 θεὶς
307 5185 578 5254 ὲπέφανεν
633 5186 801 5257 ἀρετῇ
851 5185 1098 5254 καλύψας
1128 5184 1203 5247 ὡς
1254 5183 1471 5254 άληθῶς
1514 5182 1586 5238 τὰ
1632 5184 1724 5237 οὐ·

150 5274 338 5344 ράνια.

233 5368 292 5420 '0
324 5366 484 5439 μόνος
530 5370 694 5425 οίκῶν
747 5370 873 5433 τοὺς
921 5368 1185 5439 οὐρανοὺς
1224 5367 1324 5438 τὴν
1357 5368 1571 5438 μήτραν
1626 5383 1722 5420 σου

149 5458 480 5529 κατῴκησεν
523 5460 819 5531 ὑπερὸολῇ,
866 5459 1132 5528 Παρθένε,
1190 5458 1578 5530 χρηστότητος,
1628 5458 1724 5512 καὶ

151 5548 291 5616 σὰρξ
318 5549 508 5621 ὠράοη
542 5552 606 5605 ἐκ
640 5549 731 5603 σοῦ
769 5552 1083 5622 τικτόμενος
1109 5565 1124 5581 ο
1158 5549 1273 5603 ἀλλ’
1300 5550 1461 5603 αὑτὸν
1512 5549 1721 5602 ἱκέτευε

149 5643 333 5713 πάσης
362 5644 758 5713 περιστάσεως,
785 5645 1046 5712 παναγία,
1070 5641 1476 5712 ρυσθῆναιτοὺς
1503 5641 1721 5704 δούλους

151 5750 271 5788 σύυ.

230 5827 577 5882 Συλλαὸοὖσα
610 5827 890 5900 ἀφλέκτως
934 5827 994 5881 τὸ
1029 5828 1138 5901 πῦρ
1173 5828 1272 5900 τῆς
1324 5828 1720 5899 Θεότητος,καὶ

1838 1947 1894 1996 et
1920 1947 2224 2010 peccatum,
2258 1936 2402 2007 quod
2445 1951 2529 1991 me
2550 1934 2834 2006 tyrannice
2871 1933 3088 2001 premit,
3121 1933 3315 2002 dejice,
3347 1943 3406 1986 ut

1840 2030 2069 2088 salutem
2116 2038 2443 2086 consecutus
2489 2038 2542 2084 te
2570 2041 2785 2097 semper
2852 2026 3123 2082 honorare
3173 2026 3402 2088 valeam,

1838 2139 1871 2182 0
1900 2138 2114 2194 semper
2146 2121 2306 2192 Virgo
2335 2121 2651 2192 purissima.

1907 2214 2070 2280 Cura,
2120 2228 2335 2285 precor,
2367 2213 2591 2268 vulnera
2616 2214 2813 2269 animae
2853 2228 3006 2279 mete,
3037 2225 3069 2265 0
3100 2208 3277 2280 puella
3305 2221 3399 2262 ca-

1838 2306 2115 2373 stissima;
2147 2314 2199 2359 et
2232 2305 2430 2360 mentis
2466 2319 2600 2358 meae
2648 2314 2829 2360 motus
2880 2318 3005 2374 rege
3036 2316 3101 2357 ac
3132 2300 3301 2369 dirige
3332 2297 3400 2350 ad

1836 2395 2168 2448 voluntatem
2212 2392 2331 2462 ejus
2375 2391 2699 2459 faciendam,
2739 2393 2832 2458 qui
2877 2408 2943 2448 ex
2994 2400 3046 2446 te
3087 2390 3404 2444 incarnatus

1835 2492 1938 2538 OSl.

1912 2571 2172 2628 Dominus
2196 2571 2479 2628 constituit
2508 2581 2583 2639 te,
2616 2587 2648 2628 o
2676 2572 2969 2639 (inviolata,
3006 2570 3293 2624 Dominam
3335 2582 3401 2622 ac
3477 2612 3486 2619 .

1838 2663 2099 2736 Reginam
2125 2665 2498 2721 universorum
2531 2680 2636 2721 :ex
2670 2674 2823 2737 utero
2848 2665 2992 2718 enim
3022 2672 3115 2716 tuo
3160 2664 3407 2717 incarna-

1838 2765 1928 2811 tus
1960 2765 2060 2821 est,
2099 2766 2157 2811 ut
2179 2772 2337 2812 suum
2363 2757 2571 2827 plasma
2600 2757 2667 2812 ab
2703 2771 2791 2823 eo,
2818 2755 2909 2829 qui
2939 2756 3114 2811 eidem
3149 2753 3404 2810 domina—

1840 2848 2022 2914 batur,
2053 2849 2325 2904 liberaret.

1909 2939 2191 2995 Fortitudo
2238 2940 2477 2996 lldelium
2536 2949 2591 2997 et
2628 2936 3028 2997 ﬁrmamentum
3084 2933 3394 2993 sanctorum

1839 3029 1982 3086 faeta
2012 3047 2091 3095 es,
2114 3046 2147 3085 o
2170 3031 2486 3086 intemerata
2529 3048 2544 3086 :
2586 3045 2683 3100 per
2722 3038 2776 3085 te
2806 3030 2947 3083 enim
2983 3028 3237 3082 omnibus
3266 3042 3403 3095 prses

1841 3120 2301 3175 stantissimorum
2332 3121 2597 3176 bonorum
2633 3120 2756 3174 fons
2805 3119 3099 3181 emanavit,
3146 3126 3199 3171 et
3245 3116 3402 3170 habi-

1763 3198 1805 3255 C
1842 3213 2079 3268 tantibus
2109 3213 2162 3266 in
2202 3222 2342 3267 terra
2368 3212 2433 3266 ad
2465 3213 2661 3268 malum
2695 3211 2797 3265 iter
2827 3207 3158 3279 patefactum
3194 3215 3297 3261 est.

1906 3300 2225 3356 Thalamum
2274 3300 2364 3354 Dei
2419 3300 2783 3369 impollutam,
2839 3297 3096 3350 thronum
3132 3293 3396 3362 Omnipo-

1834 3394 1999 3450 tentis
2048 3392 2414 3464 igniformem,
2444 3374 2727 3461 Deiparam
2770 3402 2961 3443 omnes
3016 3386 3398 3456 generationes

1832 3488 2240 3559 generationum
2294 3484 2684 3538 beatilicemus.

1902 3577 2087 3634 Gratia
2125 3575 2362 3645 Spiritus
2394 3574 2567 3630 sancti
2613 3570 2942 3642 propheticis
2978 3566 3401 3626 charismatibus

1835 3676 1887 3723 te
1912 3682 1943 3721 a
1976 3667 2137 3735 longe
2172 3680 2266 3734 per
2313 3664 2558 3736 symbola
2584 3661 2986 3733 prailigurabat,
3014 3674 3047 3714 o
3079 3670 3268 3723 casm;
3305 3673 3401 3712 no-

1830 3759 2050 3815 minans
2088 3767 2140 3812 te
2175 3765 2415 3811 montem
2449 3756 2702 3827 pinguem
2738 3768 2801 3808 ac
2860 3761 3129 3816 sanctum,
3188 3762 3396 3818 portam

1830 3851 2148 3915 salutarem,
2189 3848 2440 3902 volumen
2503 3861 2701 3902 novum
2748 3860 2812 3899 ac
2843 3842 3304 3905 recentissimum,
3348 3851 3403 3894 et

1830 3955 2036 3994 arcam.

1900 4029 2145 4084 Emunda
2169 4044 2274 4093 me,
2306 4043 2340 4082 ο
2374 4026 2486 4083 Deo
2513 4024 2865 4088 charissima,
2894 4038 2923 4077 a
2964 4021 3219 4077 sordibus
3266 4036 3393 4089 pas-

1829 4120 2067 4183 sionum,
2093 4126 2147 4172 et
2168 4133 2197 4171 a
2222 4116 2452 4171 maculis
2497 4113 2726 4185 peccati,
2758 4121 2812 4165 et
2851 4110 3181 4181 poenitentiae
3216 4118 3400 4178 portas

1829 4209 1979 4281 aperi
2005 4208 2160 4274 mihi,
2189 4223 2222 4263 o
2254 4206 2461 4261 illibata
2487 4243 2503 4269 ,
2552 4204 2644 4275 qui
2672 4203 2829 4267 cado,
2860 4212 2914 4256 et
2944 4200 3163 4255 assidue
3197 4201 3246 4252 in
3276 4214 3401 4269 pee-

1829 4311 1950 4356 cata
1976 4301 2218 4363 incurro,
2249 4296 2526 4366 Deumque
2552 4308 2789 4365 provoco
2815 4292 2881 4346 ad
2920 4292 3077 4345 iram.

1901 4390 2104 4446 Vocem
2143 4387 2413 4444 Gabrielis
2453 4386 2521 4440 ad
2550 4394 2605 4440 te
2634 4396 2755 4439 cum
2800 4382 2997 4453 gaudio
3048 4379 3398 4451 proferimus,

1831 4483 2073 4538 dicentes
2106 4499 2120 4535 :
2151 4480 2284 4548 Ave,
2339 4480 2534 4533 domus
2561 4475 2961 4546 Omnipotentis
2996 4491 3010 4528 :
3065 4488 3184 4533 ave,
3224 4473 3396 4543 gloria

1831 4571 2293 4644 sanctorum,“
2318 4581 2370 4627 et
2399 4571 2549 4626 salus
2572 4569 2819 4623 omnium
2837 4567 3099 4630 ﬁdelium,
3122 4580 3154 4619 ο
3178 4565 3400 4647 Deipara

1816 4681 2044 4736 semper
2067 4664 2255 4735 Virgo,
2287 4678 2384 4734 per
2412 4677 2576 4734 quam
2601 4659 2835 4716 deificati
2870 4673 3082 4714 sumus.

1830 4798 1917 4853 Ea:
1958 4814 2159 4855 canone
2189 4800 2244 4853 in
2285 4796 2446 4852 Festo
2481 4795 2541 4852 S.
2593 4793 2768 4849 Marci
2808 4792 3040 4864 episcopi
3084 4790 3402 4845 Arethusia-

2414 4883 2549 4932 rum,
2587 4868 2670 4918 die
2710 4865 2802 4918 329.

1897 5004 2137 5059 Montem
2166 5000 2769 5070 umbrosum,quondam
2799 4996 3093 5053 Abbacuch
3121 4994 3400 5051 illumina-

1829 5107 1916 5152 tus
1952 5108 2003 5150 te
2036 5097 2188 5160 vidit,
2221 5105 2395 5151 mater
2436 5096 2686 5160 innupta,
2726 5107 2792 5145 ex
2829 5106 2934 5159 qua
2971 5088 3113 5143 Deus
3140 5088 3401 5155 incorpo-

1826 5198 1979 5244 ratus
2043 5190 2313 5259 apparuit,
2358 5187 2557 5242 virtute
2625 5182 2910 5238 occultans
2956 5180 3242 5236 verissime
3288 5193 3401 5234 ete-

1826 5281 2006 5338 lestia.

1897 5369 1967 5435 Is,
2001 5369 2092 5439 qui
2113 5367 2263 5424 solus
2295 5366 2562 5422 inhabitat
2606 5366 2794 5430 caelos,
2826 5365 2881 5420 in
2927 5375 3081 5420 utero
3112 5374 3206 5420 tuo
3234 5364 3391 5419 habi-

1825 5463 1981 5525 tavit,
2014 5477 2047 5518 0
2088 5459 2277 5531 Virgo,
2326 5460 2397 5515 ob
2431 5473 2714 5514 excessum
2750 5456 3130 5528 benignitatis,
3177 5466 3233 5510 et
3264 5470 3393 5510 caro

1826 5555 2077 5626 apparuit
2104 5564 2265 5609 natus
2299 5569 2364 5608 ex
2393 5562 2463 5608 te.
2494 5552 2573 5607 Tu
2614 5566 2746 5617 vero
2777 5552 2950 5621 ipsum
2981 5549 3299 5619 deprecare,
3352 5561 3389 5600 ο
3418 5586 3419 5591 η

1826 5648 2194 5714 sanctissima,
2227 5656 2287 5702 ut
2319 5646 2510 5701 liberet
2536 5660 2723 5700 servos
2755 5654 2878 5699 tuos
2908 5643 2975 5698 ab
3001 5641 3154 5697 omni
3193 5643 3388 5695 adver-

1827 5738 2010 5795 sitate.

1896 5827 2026 5894 Qua:
2057 5830 2346 5900 suscepisti
2376 5830 2583 5900 absque
2616 5828 2995 5886 combustiouc
3029 5827 3208 5898 ignem
3242 5822 3389 5880 Divi-
