3996 6604
673 377 809 443 1087

1793 392 1853 451 S-
1892 391 2203 453 JOSEPHI
2244 392 2803 454 lIYMNOGRAPHI

3693 409 3792 480 1038

669 488 877 553 uitatis,
903 499 955 543 et
982 492 1234 560 peperisti
1260 496 1377 549 sine
1406 497 1615 552 semine
1649 497 1855 553 fontem
1891 500 2017 554 vita:
2046 500 2228 555 Domi-

2213 531 2228 543 -
2256 512 2307 572 Α
2331 502 2566 557 τεκοῦσα
2590 504 2848 573 άσπόρως
2885 503 3068 573 πηγὴν
3100 503 3242 576 ζωῆς
3266 506 3354 559 τὸν
3386 507 3585 578 Κύριον,
3624 530 3791 587 κεχαρι.

670 594 824 641 num,
855 596 887 633 ο
911 579 1160 649 Deipara,
1180 588 1357 651 gratia
1389 589 1569 657 plena,
1596 591 1745 646 salva
1782 592 1851 647 ab
1873 592 2023 647 omni
2057 603 2231 663 parte,

670 672 1082 739 ntagniiicantes
1114 684 1183 730 te.
1262 676 1263 679 “

739 760 849 818 Nos
875 764 965 832 qui
1000 773 1144 820 tuam
1178 769 1567 836 protectionem
1595 772 1957 842 possidemus,
1983 789 2016 829 ο
2042 776 2236 830 imma-

672 852 871 917 culata,
904 864 956 907 et
988 859 1097 910 tuis
1132 858 1615 917 intercessionibus
1650 878 1680 917 a
1722 865 1882 919 malis
1912 865 2232 931 liberamur,

672 957 703 997 a
734 959 896 999 cruce
922 944 1043 1000 Filii
1072 949 1147 1001 tui
1173 950 1225 1002 in
1264 951 1521 1008 omnibus
1564 954 1843 1022 custoditi,
1868 956 1992 1025 jure
2029 965 2082 1013 te
2113 971 2236 1011 om-

673 1050 771 1089 nes
798 1036 1047 1107 religiose
1077 1042 1510 1111 magniﬁcamus.

1983 1142 2100 1153 -σσ-η

744 1147 899 1205 Mons
926 1151 1035 1216 ille,
1090 1169 1250 1223 quem
1297 1158 1557 1228 prepheta
1614 1160 1804 1216 Daniel
1852 1147 2100 1225 viditrex‘
2126 1180 2236 1235 quo

673 1238 808 1307 lapis
838 1239 1091 1298 Christus
1118 1245 1397 1303 abscissus
1440 1262 1523 1304 est
1553 1255 1672 1307 sine
1714 1268 1902 1320 manu,
1943 1266 2235 1312 conterens

673 1330 838 1398 idola,
868 1344 921 1387 et
941 1346 1188 1391 evertens
1207 1338 1513 1395 dazmonum
1534 1342 1755 1411 fastum,
1792 1355 1847 1401 tu
1878 1362 1957 1413 es,
1986 1363 2019 1403 ο
2045 1346 2232 1419 Virgo,

671 1432 956 1492 propterea
991 1434 1042 1481 te
1079 1427 1465 1496 gloriﬁcamus.

740 1536 1032 1595 Adruirans
1062 1543 1407 1599 sanctissima
1440 1561 1584 1611 eum,
1610 1550 1702 1619 qui
1742 1566 1808 1605 ex
1840 1566 1899 1607 se
1930 1560 2091 1608 natus
2115 1562 2234 1608 erat

674 1625 1035 1698 inctl'abililer,
1066 1643 1269 1690 terrore
1299 1640 1730 1706 concutiebatur,
1749 1652 1802 1698 et
1836 1644 2234 1713 magniﬁcabat,

676 1726 731 1770 et
778 1720 1071 1787 clamabat,
1102 1725 1389 1791 Quomodo
1438 1730 1492 1784 in
1541 1732 1685 1788 ulnis
1718 1734 1853 1790 meis
1902 1736 2235 1806 complector

678 1818 748 1873 te,
781 1809 903 1876 Fili,
937 1816 1189 1872 universa
1220 1820 1690 1890 complectentem.

747 1922 1010 1981 Palatium
1046 1929 1471 2001 Dciapparuisti,
1505 1934 1755 2003 Domina,
1777 1939 2021 1994 omnium
2048 1956 2242 2010 regna-

678 2016 833 2081 toris,
867 2032 1025 2088 quem
1055 2022 1367 2092 deprecare,
1405 2036 1463 2081 ut
1517 2045 1603 2083 me
1653 2030 1917 2085 malorum
1969 2032 2239 2087 latronum

675 2105 1034 2163 diversorium
1071 2113 1271 2168 factum
1318 2129 1602 2188 expurget,
1639 2127 1693 2174 et
1726 2120 1898 2176 salvet
1922 2136 2029 2186 me,
2070 2137 2104 2177 ο
2137 2123 2243 2177 im-

677 2201 969 2256 maculata.

748 2313 1067 2387 Segniticm,
1100 2335 1224 2389 quae
1254 2330 1335 2377 est
1393 2323 1446 2378 in
1479 2340 1583 2389 me,
1620 2327 1875 2394 Domina,
1926 2340 1981 2386 et
2016 2347 2244 2387 somno-

676 2404 897 2460 lentiam
963 2424 1182 2478 gravem
1230 2414 1580 2482 vigilantibus
1640 2420 1748 2475 tuis
1802 2431 1857 2475 et
1921 2424 2243 2478 venerandis

676 2497 933 2566 precibus
976 2501 1117 2569 apud
1153 2501 1341 2571 Deum,
1373 2505 1740 2571 immaculata,
1795 2513 2023 2581 expelle,
2055 2521 2109 2567 et
2135 2515 2239 2567 mi-

678 2602 860 2643 serere
888 2590 1015 2654 mei,
1048 2592 1139 2661 qui
1164 2608 1303 2649 cano
1341 2614 1354 2649 :
1403 2597 1512 2668 85
1539 2598 1846 2657 Laudabilis
1876 2612 1928 2659 et
1961 2605 2240 2676 superglo-

679 2677 862 2733 riosus
889 2679 1030 2736 Deus
1058 2693 1273 2753 patrum
1304 2700 1642 2745 nostrorum.

750 2790 1049 2848 Contritam
1088 2797 1369 2853 hominum
1396 2810 1644 2857 naturam
1680 2805 1902 2876 antiqua
1940 2816 2245 2879 transgres-

678 2882 854 2952 sione,
892 2885 1206 2945 reformasti
1261 2906 1427 2961 super
1477 2902 1750 2961 naturam,
1791 2907 1844 2951 et
1898 2898 2183 2967 deilicasti,
2212 2914 2246 2955 0

679 2988 837 3043 pura,
893 2978 1214 3046 psallentem
1266 2984 1445 3053 partui
1499 2993 1593 3041 tuo
1643 3000 1659 3041 :
1704 2987 2033 3056 Benedicite,
2061 2991 2245 3046 omnia

680 3080 869 3135 opera,
907 3078 1013 3124 etc.

2337 596 2576 666 τωμένη,
2621 596 2869 663 Θεοτόκε,
2898 596 3171 667 περισωζε
3199 598 3319 661 τοὺς
3351 597 3409 651 σὲ
3455 602 3791 681 μεγαλύνοντος.

2411 772 2474 825 Οἱ
2507 773 2605 843 τὴν
2632 773 2731 845 σὴν
2760 775 3097 846 προστασίαν
3126 777 3463 847 κεκτημένοι,
3490 780 3704 851 ᾶχραντε,
3729 791 3796 842 καὶ

2337 864 2461 925 ταῖς
2504 865 2625 927 σαῖς
2683 865 2909 930 ἱκεσίαις
2982 865 3092 919 τῶν
3158 867 3343 921 δεινῶν
3382 868 3704 940 λυτρούμενοι,
3746 879 3796 948 τῷ

2339 955 2559 1026 σταυρῷ
2590 955 2683 1008 τοῦ
2711 956 2842 1011 Υἱοῦ
2871 974 2965 1011 σου
2998 959 3063 1011 ὲκ
3090 958 3251 1011 παντὶ
3274 960 3649 1031 φρουρούμενοι,
3674 981 3795 1021 κατα-

2339 1046 2514 1116 χρὲως
2547 1063 2605 1099 σε
2639 1047 2839 1112 πάντες
2870 1049 3109 1113 εὐσεϐῶς
3140 1051 3515 1122 μεγαλύνομεν.

2411 1157 2483 1211 Τὸ
2509 1158 2653 1228 ὅρος,
2706 1161 2735 1213 ὁ
2786 1162 3073 1233 προφήτης
3111 1162 3306 1232 Δανιὴλ
3330 1162 3358 1215 ὃ
3385 1163 3629 1233 τεθέαται,
3650 1166 3697 1233 ἐξ
3726 1163 3799 1225 οὗὸ

2340 1247 2484 1311 λίθος
2507 1251 2536 1302 ὁ
2563 1249 2798 1320 Χριστὸς
2847 1251 3056 1322 ἐτμήθη
3093 1252 3316 1306 ἄνευθεν
3366 1253 3552 1324 χειρὸς,
3582 1260 3799 1329 συντρίψας

2337 1342 2407 1394 τά
2423 1340 2615 1394 εἴδωλα
2635 1342 2731 1397 καὶ
2761 1342 3004 1396 καθελὼν
3026 1342 3096 1396 τὰ
3120 1342 3229 1397 τῶν
3248 1344 3505 1414 δαιμόνων
3530 1345 3798 1418 φρυάγματα,

2340 1434 2406 1486 σὺ
2433 1428 2504 1499 εἴ,
2534 1431 2778 1504 Παρθένε
2803 1450 2818 1465 ο
2848 1434 2930 1487 διό
2958 1450 3015 1487 σε
3040 1432 3355 1503 δοξάζομεν.

2409 1546 2775 1617 Θαυμάζουσα
2795 1546 2886 1599 τὸν
2925 1548 2989 1601 ὲκ
3034 1548 3237 1619 ταύτης
3266 1548 3504 1618 ἀρρήτως
3546 1542 3797 1617 τικτόμενον,

2340 1638 2374 1707 ἡ
2404 1638 2674 1706 πάναγνος
2691 1638 3111 1709 κατεπλήττετο,
3135 1638 3229 1691 καὶ
3249 1637 3553 1708 έμεγὰλυνε,
3584 1639 3664 1691 καὶ
3681 1639 3800 1709 βοῶσι

2340 1729 2491 1798 ἔλεγε
2519 1746 2533 1762 ·
2584 1730 2708 1793 Πῶς
2760 1731 2818 1784 έν
2874 1730 3143 1801 ἀγκάλαις
3178 1747 3239 1785 σε
3295 1729 3515 1803 κατέχω,
3554 1731 3802 1800 τέκνον,τῶ

2342 1824 2517 1875 πάντα
2547 1824 2844 1894 κατέχοντα
2866 1841 2882 1891 ;

2415 1934 2683 1989 Παλάτιον
2708 1935 2842 1989 Θεοῦ
2894 1936 3162 2007 έδείχθης,
3211 1936 3499 2001 Δέσποινα,
3532 1935 3614 1989 τοῦ
3656 1935 3805 1990 πάντων

2346 2026 2717 2096 βασιλεύοντος
2741 2045 2755 2058 ·
2789 2027 2849 2081 ὃν
2906 2028 3115 2081 ἱκέτευε
3155 2026 3372 2099 λῃστῶν
3401 2044 3465 2097 με
3509 2028 3714 2098 πονηρῶν
3740 2029 3805 2098 ἠδη

2345 2118 2605 2186 γεγονότα
2660 2118 3006 2188 καταγώγιον
3056 2118 3425 2189 άποκαθάραι,
3472 2118 3559 2172 καὶ⁵
3594 2117 3727 2172 σῶσαί
3747 2136 3805 2187 με,

2345 2210 2597 2281 άχραντε.

2414 2324 2525 2396 Τὴν
2558 2326 2615 2379 έν
2639 2326 2762 2397 ἐμοὶ
2808 2326 3099 2397 ρᾳθυμίαν.
3146 2324 3434 2390 Δέσποινα,
3470 2324 3552 2378 καὶ
3584 2320 3838 2407 νυιῐτιιγμὸν⁸

2344 2416 2433 2469 τὸν
2462 2417 2696 2486 χαλεπὸν
2729 2420 2848 2481 ταῖς
2901 2416 3201 2489 ἁγρύπνοις
3233 2433 3327 2469 σου
3359 2416 3486 2487 πρὸς
3512 2414 3627 2467 Θεὸν
3670 2414 3813 2466 tralat-

2346 2512 2512 2573 πταῖς
2546 2510 2822 2580 δεήσεσιν,
2850 2508 3106 2580 άχραντε,
3131 2508 3422 2571 ἀπέλασον,
3447 2506 3531 2560 καὶ
3561 2503 3813 2575 μελῳδοῦντά

2348 2616 2415 2668 με
2448 2599 2735 2671 οῐκτειρον’
2754 2598 2811 2652 Ὀ
2838 2598 3049 2663 αῑνετδς
3076 2598 3184 2653 τῶν
3208 2596 3457 2667 πατέρων
3480 2591 3595 2657 Θεὸς
3612 2591 3811 2660 mium-

2348 2688 2577 2754 ένδοξος.

2420 2803 2803 2873 Συντριϐεἴσαν
2842 2802 3003 2873 φύσιν
3028 2801 3137 2855 τῶν
3187 2800 3400 2875 βροτῶν
3427 2800 3490 2870 τῇ
3520 2796 3662 2851 πάλαι
3692 2809 3812 2865 παρα·

2347 2894 2503 2947 ϐάσει
2542 2894 2855 2958 ἀνέπλασας
2891 2895 3033 2965 ὑπὲρ
3062 2892 3249 2963 φύσιν,
3304 2894 3397 2946 καὶ
3444 2890 3668 2953 έθέωσας,
3704 2886 3810 2954 ἁγνὴν

2345 2983 2424 3055 τῷ
2472 2984 2619 3054 τόκῳ
2658 3001 2752 3038 σου
2799 2984 3125 3053 ψάλλουσαψ
3170 2985 3358 3038 Πάντα
3389 2982 3455 3037 τὰ
3484 2982 3622 3051 ἔργα,
3645 2978 3715 3031 τὸν
3738 2976 3812 3029 liti-

2349 3092 2464 3146 ριον
2515 3075 2755 3143 ὑμνεῖτε,
2821 3075 2916 3129 καὶ
2977 3073 3325 3147 ὑπερυψοῦτε
3381 3074 3458 3136 εἰς
3520 3070 3693 3133 πάντας
3733 3067 3814 3127 τοὺς

2348 3167 2569 3229 αἰῶνας.

750 3238 1008 3295 Miserere
1066 3244 1248 3312 populi
1287 3246 1389 3312 tui,
1422 3246 1670 3315 Domine,
1717 3260 1773 3306 et
1818 3251 1980 3321 hujus
2015 3252 2247 3308 haeredi-
2275 3241 2321 3303 C

2237 3284 2247 3296 -
2275 3241 2321 3303 ο
2422 3259 2607 3311 Φεῖσαι
2633 3258 2727 3311 τοῦ
2753 3256 2883 3312 λαοῦ
2918 3274 3035 3322 σου,
3085 3256 3282 3327 Κύριε,
3318 3256 3410 3311 καὶ
3437 3248 3500 3327 ἦς
3529 3253 3705 3323 ἐκτήσω
3732 3247 3815 3302 τού·

680 3330 810 3385 tatis
870 3341 997 3397 tuae,
1038 3349 1203 3405 quam
1271 3340 1587 3407 possedisti,
1628 3340 1801 3397 ﬂexus
1850 3344 2107 3413 precibus
2149 3360 2247 3415 pro

682 3423 841 3478 nobis
866 3425 1065 3481 oblatis
1094 3427 1387 3485 Genitricis
1418 3440 1521 3487 tua:
1555 3432 1646 3487 Dei
1679 3432 1849 3498 Filiae,
1898 3445 1956 3490 ut
2007 3444 2061 3491 te
2100 3438 2248 3493 velut

684 3514 975 3572 Dominum
1006 3527 1060 3574 et
1091 3520 1672 3579 misericordissimum
1709 3526 2096 3597 gloriﬁcamus.

2353 3365 2451 3417 της
2477 3347 2840 3418 κληρονομίας
2874 3365 2990 3412 σου,
3032 3348 3154 3410 ταῖς
3202 3346 3348 3416 ὑπὲρ
3383 3344 3531 3417 ἡμῶν
3576 3341 3658 3411 τῆς
3689 3356 3731 3391 σε
3754 3352 3812 3390 τι-

2354 3440 2557 3510 κούσης
2606 3440 2888 3503 θεόπαιδπ
2937 3439 3347 3509 παρακλήσεσιν
3405 3433 3814 3506 έπικαμπτόμενοςν

2365 3534 2452 3588 ἵνα
2484 3551 2544 3587 σε
2576 3533 2652 3597 ὡς
2691 3534 2968 3587 Δεσπότην
3000 3535 3093 3587 καὶ
3126 3533 3550 3605 πανοικτιρμονα
3587 3523 3816 3595 δοξάζομεν.

1429 3657 1514 3713 Ex
1541 3678 1736 3716 canone
1772 3664 1823 3717 in
1860 3663 1961 3720 SS.
1999 3675 2256 3736 martyres
2276 3668 2462 3724 Ionam
2498 3680 2546 3725 et
2576 3670 2970 3734 Baraclu'sium,
3012 3670 3096 3724 die
3121 3668 3213 3725 29.

1602 3778 1767 3849 (Idem
1802 3789 1886 3834 est
1916 3795 2040 3836 cum
2072 3782 2362 3852 superiori,
2398 3793 2451 3839 et
2482 3784 2602 3840 ideo
2629 3784 2983 3854 omittimus.)

1109 3896 1220 3966 se
1258 3896 1509 3951 MENSIS
1537 3898 1836 3955 APRILIS.

2858 3902 3016 3956 ΜΒΝ
3052 3903 3436 3958 ΑΠΡΙΛΛῙΟΣ.

1287 4033 1369 4088 Ea:
1389 4050 1587 4089 canone
1612 4035 1665 4088 in
1699 4034 1800 4092 SS.
1835 4048 2093 4109 martyres
2124 4039 2454 4094 Theodulum
2476 4050 2521 4093 et
2546 4039 2956 4125 Agathopodem,
2981 4041 3065 4094 die
3094 4040 3127 4094 4
3146 4040 3333 4111 (58“).

763 4166 1130 4234 Salvatorem,
1190 4169 1451 4228 factorem
1499 4174 1782 4243 omnium,
1850 4191 1915 4232 ac
1964 4176 2256 4233 Dominum

688 4261 1032 4330 concepisti,
1089 4278 1250 4332 quem
1317 4263 1636 4336 Agathopus
1710 4283 1817 4322 una
1880 4285 2004 4324 cum
2060 4270 2259 4327 illustri

692 4351 974 4408 Theodulo
1033 4353 1372 4422 praedicavit.
1394 4371 1516 4413 esse
1563 4358 1733 4413 Deum
1789 4367 1844 4414 et
1893 4359 2193 4428 hominem,
2223 4377 2259 4417 ο

700 4442 862 4513 Virgo
894 4443 1083 4509 Mater,
1119 4447 1267 4500 omni
1304 4447 1641 4504 beatitudine
1667 4450 2122 4507 eumulatissima.

764 4535 838 4589 Ex
867 4544 921 4591 te
943 4538 1094 4593 salus
1129 4539 1444 4595 hominibus
1471 4551 1660 4596 exorta
1690 4552 1793 4608 est,
1825 4558 1858 4598 ο
1886 4542 1983 4598 Dei
2011 4544 2257 4600 Genitrix

682 4625 1001 4691 benedicta,
1044 4636 1327 4697 propterea
1371 4638 1423 4684 te
1452 4630 1739 4687 laudamus
1794 4632 2061 4689 universae
2091 4649 2257 4704 gene-

692 4721 953 4774 rationes.

767 4808 1052 4879 Peperisti,
1108 4825 1142 4864 o
1217 4812 1495 4879 inviolata,
1539 4813 1979 4887 Redemptorem,
2038 4819 2130 4888 qui
2189 4820 2258 4874 ab

696 4900 882 4954 hostili
919 4902 1235 4971 captivitate
1274 4904 1523 4961 homines
1551 4907 1824 4976 liberavit,
1870 4924 2038 4966 carne
2075 4920 2263 4967 nostra

695 4993 1115 5048 circumdatum.

774 5084 1138 5140 Praedieantes
1169 5086 1599 5142 incarnationem
1634 5088 1874 5152 Domini,
1899 5091 1993 5160 qui
2020 5107 2084 5147 ex
2110 5102 2267 5148 utero

703 5188 820 5244 tuo,
850 5176 1078 5247 Deipara
1119 5195 1438 5245 coruscans,
1472 5190 1698 5236 exortus
1727 5192 1831 5248 est,
1864 5184 2086 5255 gloriosi
2120 5202 2264 5240 mar-

700 5277 848 5340 tyres
880 5269 1121 5323 salutare
1145 5272 1391 5341 martyrii
1426 5272 1682 5340 poculum
1709 5274 1955 5331 laetantes
1986 5276 2264 5332 biberunt.

774 5361 819 5415 Ο
850 5361 1022 5416 Mater
1069 5360 1185 5427 Dei,
1238 5363 1434 5417 animae
1472 5379 1606 5420 meae
1664 5368 1959 5435 pessimum
2016 5370 2266 5425 morbum

705 5468 858 5517 cura,
889 5462 944 5507 tu
997 5470 1117 5520 «grta:
1173 5456 1439 5523 Optimum
1488 5454 1726 5511 Verbum
1792 5460 2071 5529 peperisti,
2124 5462 2270 5532 quod

644 5570 647 5571 ν
707 5545 994 5600 universos
1019 5545 1180 5601 eilicit
1206 5548 1401 5603 bonos.

779 5635 993 5692 Medere
1020 5639 1364 5707 passionihus
1391 5638 1589 5694 animae
1614 5655 1771 5706 mere,
1801 5654 1834 5695 ο
1874 5642 2267 5701 immaculatis—

768 5815 925 5887 (58“)
954 5817 1142 5875 Graeca
1172 5821 1366 5877 desunt
1400 5822 1453 5876 in
1476 5820 1693 5880 Menaeis
1723 5822 2019 5894 impressis.

2363 4162 2533 4241 sima:
2583 4192 2704 4248 qua:
2758 4176 3215 4247 impassibilitatis
3271 4176 3471 4233 fontem
3526 4167 3759 4244 peperisti,
3791 4172 3824 4220 et

2362 4285 2646 4339 compesce
2676 4268 3017 4339 tyrannidem
3050 4282 3264 4329 eorum.
3301 4282 3335 4322 ο
3370 4266 3544 4335 Virgo,
3575 4261 3655 4334 qui
3675 4258 3824 4315 assidue

2361 4361 2692 4417 conturbant
2720 4374 2784 4415 ac
2812 4360 2921 4429 87
2954 4366 3266 4429 perterrent
3289 4373 3386 4414 cor
3419 4370 3604 4411 meum.

2432 4453 2569 4508 Cum
2603 4461 2678 4516 te,
2713 4466 2745 4505 ο
2784 4453 2959 4513 casta,
2992 4450 3259 4503 virtutum
3296 4447 3571 4519 splendore
3596 4448 3822 4498 exornatam

2361 4544 2657 4600 invenisset
2706 4542 2944 4597 Verbum
3000 4540 3154 4606 illud,
3215 4538 3366 4609 quod
3419 4538 3577 4592 caalos
3620 4529 3825 4587 virtutibus

2358 4635 2599 4700 caelavit,
2629 4633 2887 4689 habitavit
2918 4634 2973 4686 in
3002 4642 3079 4696 te,
3105 4647 3138 4687 ο
3181 4629 3496 4702 purissima,
3537 4636 3586 4683 et
3617 4628 3824 4680 humanam

2296 4711 2341 4767 Ῑ)
2371 4734 2620 4779 naturam
2654 4724 2706 4778 in
2729 4724 3005 4778 caelestem
3036 4724 3327 4777 convertit.

2436 4816 2653 4884 Absque
2680 4814 2788 4867 ulla
2814 4822 3023 4867 natura).
3058 4826 3173 4866 suae
3226 4810 3523 4866 mutatione
3570 4819 3675 4862 vere
3713 4806 3827 4893 tolqu

2369 4907 2643 4961 hominem
2698 4920 2762 4959 ex
2811 4912 2865 4959 te
2916 4902 3059 4958 Deus
3090 4903 3408 4972 assumpsit,
3445 4915 3478 4955 ο
3522 4898 3676 4954 divina
3717 4893 3830 4958 graui

2370 4996 2802 5053 cumulatissima
2847 4995 3112 5061 Domina;
3145 4996 3301 5063 cujus
3334 4994 3625 5065 passionem
3653 4977 3832 5037 Theodu-

2373 5090 2456 5145 Ius
2486 5097 2649 5159 atque
2668 5088 2986 5157 Αὲειιῒιοριιδ
3017 5093 3493 5155 repraesentantes,
3519 5080 3773 5136 constantes
3788 5078 3829 5116 Ic

2373 5181 2543 5237 fortes
2569 5177 2875 5236 clamabant
2901 5178 3130 5235 :Omnia
3152 5193 3340 5248 opera,
3370 5177 3575 5232 laudate
3604 5168 3831 5265 Dominutn.

2450 5276 2657 5331 lntima:
2693 5273 2914 5344 pietatis
2948 5282 3053 5327 tua:
3082 5273 3295 5343 fulgore
3327 5268 3578 5341 perfunde
3604 5273 3733 5330 atque
3755 5252 3834 5306 illu-

2375 5368 2524 5421 mina
2558 5382 2642 5419 me
2684 5365 2737 5419 in
2807 5365 3129 5435 ignorantiae
3161 5364 3396 5419 tenebris
3444 5362 3703 5430 jacenlem,
3745 5361 3779 5435 ο,
3800 5353 3832 5391 ιιι

2376 5476 2498 5531 qua:
2528 5458 2684 5512 unica
2720 5434 2859 5511 lucis
2898 5456 3142 5512 datorem
3194 5464 3248 5511 et
3282 5453 3668 5520 Redemptorem
3693 5455 3741 5545 at

2374 5554 2583 5607 minum
2625 5552 2677 5605 in
2708 5558 2862 5604 utero
2890 5558 2982 5605 tuo
3012 5558 3331 5622 conceptum
3373 5542 3633 5617 peperisti,
3660 5542 3831 5607 ⁴1ι¹¹⁵⁸¹¹⁴

2374 5657 2491 5702 ctos
2516 5643 2820 5700 coronavit.
