3996 6592
169 406 304 474 Ιοὶὶε)

1603 406 1966 468 MARIALE.

3271 403 3406 461 10510

175 522 280 591 Ἐκ
304 518 410 574 τοῦ
436 520 695 587 κανόνος
717 522 803 589 εἷς
820 520 962 588 τοὺς
988 521 1196 591 ἁγίους
1217 520 1519 590 μάρτυρας
1539 522 1735 591 Κλαύ-

1864 518 2172 591 ῖα--ϐαηοηε
2223 513 2401 591 ἕαδε.
2448 525 2709 591 martyres
2760 510 3408 591 Claudiampiodoram.

248 590 408 652 διον,
430 592 739 659 Διόδωρον,
778 589 1085 659 Οὺτκτορὰ,
1122 589 1539 659 Οὺῒκτωρίνον,
1571 589 1737 659 lida:-

234 676 399 728 πιον,
426 657 773 730 Νικηφόρον
799 663 897 716 καὶ
926 657 1294 730 Σέραπίωνα,
1321 657 1511 730 ἡμέρᾳ
1539 657 1602 713 ε’.

247 774 339 827 Ἐν
373 774 603 847 χρόνῳό
638 774 742 841 ἔξω
771 775 977 846 χρόνων
1024 774 1225 845 Κύριος
1275 775 1340 828 ὲκ
1402 773 1495 826 σοῦ
1545 790 1743 843 σεσαρ-

167 868 421 937 κωμένος
460 868 526 920 τά
556 867 665 920 τῶν
701 867 908 937 βροτῶν
936 866 1197 929 διέλυσεν,
1225 866 1385 937 ἁγνὴ,
1414 866 1743 937 πολυχρόνια

168 959 516 1030 πταίσματα,
546 957 605 1011 ὃν
641 957 875 1022 ἐκτενῶς
905 959 1113 1012 ἱκέτευε
1160 957 1254 1012 τοῦ
1280 960 1617 1030 οἰκτειρῆσαι
1645 957 1742 1021 τὰς

166 1050 347 1121 ψυχὰς
378 1052 413 1121 ἡ
421 1050 560 1120 μῶν.

252 1142 545 1214 Ῥυόμενον
574 1143 700 1207 τοὺς
735 1142 959 1214 βροτοὺς
988 1141 1365 1214 αἰχμαλωσίας
1408 1145 1606 1214 νοητῆς
1657 1142 1744 1195 τέ-

169 1252 358 1300 τοκας,
417 1234 510 1288 τὸν
563 1234 655 1288 τοῦ
702 1234 902 1299 παντὸς
950 1235 1177 1306 Κύριον,
1218 1233 1454 1305 άχραντε
1500 1233 1742 1305 Παρθένε

171 1324 509 1396 πανύμνητε.

242 1417 465 1488 Νοερῶς
497 1433 557 1469 σε
602 1418 631 1469 ὁ
660 1418 944 1488 προφήτης
984 1417 1318 1488 προεθεώρει
1370 1419 1514 1488 ὅρος,
1548 1415 1739 1487 σεμνὴ,

172 1511 494 1575 κατάσκιον,
526 1509 586 1575 ἐξ
612 1503 673 1565 οὗ
700 1512 729 1563 ό
750 1511 1022 1580 Δεσπότης
1045 1509 1260 1581 άληθῶς
1285 1510 1521 1579 ὲπέφανε
1544 1509 1743 1581 σαρκὸς

171 1599 473 1671 ὁμοιότητι,
506 1597 692 1663 σώζων
716 1601 780 1653 ὲκ
812 1599 1016 1671 φθορᾶς
1040 1600 1102 1654 τὸ
1131 1598 1495 1671 ἀνθρώπινον.

243 1778 358 1850 Τὴν
398 1779 604 1833 πτῶσιν
630 1778 737 1833 τῶν
769 1777 975 1851 βροτῶν
1007 1779 1434 1851 ὲπανὼρθωσας,
1455 1779 1740 1846 Δέσποινα,

1928 588 2206 653 Victorem,
2261 581 2608 651 Victorinum,
2654 584 2904 654 Papiam,
2939 581 3296 651 Nicephorum
3358 594 3408 637 et

1904 657 2266 726 Serapionem,
2304 656 2385 711 die
2418 656 2471 711 5.

1915 765 1974 820 lu
2003 776 2268 837 tempore,
2318 742 2585 820 Dominus
2617 763 2707 834 qui
2744 772 2830 818 est
2854 771 3005 817 extra
3044 770 3306 831 tempora,
3345 774 3411 814 ex

1848 867 1917 925 te,
1950 874 1984 913 ο
2017 859 2212 930 Virgo,
2262 858 2602 922 incarnatus,
2632 857 2930 912 hominum
2982 865 3203 926 peccata
3256 853 3412 908 multi

1844 950 2108 1020 temporis
2155 949 2391 1004 abolevit
2429 967 2442 1003 :
2483 963 2645 1019 quem
2697 947 2943 1017 impense
2995 947 3307 1016 deprecare,
3356 950 3416 997 ut

1842 1040 2150 1093 animarum
2180 1049 2495 1095 nostrarum
2520 1038 2869 1093 misereatur.

1914 1129 2164 1186 Universi
2203 1130 2494 1185 Dominum
2540 1129 2814 1200 peperisti,
2844 1143 2876 1182 ο
2920 1124 3080 1198 Virgo
3133 1126 3409 1190 inviolata,

1842 1224 1991 1277 omni
2039 1223 2199 1278 laude
2257 1222 2613 1287 celebranda,
2666 1221 2759 1291 qui
2812 1219 3059 1275 homines
3109 1233 3138 1272 a
3185 1219 3414 1289 spiritali

1843 1316 2160 1384 captivitate
2183 1314 2453 1370 liberavit.

1914 1406 2169 1462 Praevidit
2233 1416 2285 1463 te
2344 1404 2789 1462 intellectualiter
2844 1404 3127 1475 propheta,
3177 1416 3412 1459 montem

1844 1499 2189 1567 umbrosum,
2237 1514 2271 1554 ο
2319 1500 2649 1563 veneranda,
2698 1514 2764 1552 ex
2814 1513 2925 1568 quo
2980 1497 3243 1554 Dominus
3291 1514 3415 1553 vere

1844 1592 2023 1647 illuxit
2048 1593 2102 1647 in
2140 1593 2500 1648 similitudine
2525 1592 2729 1658 carnis,
2762 1600 2823 1646 ut
2861 1591 3161 1645 humanum
3188 1605 3356 1661 genus
3384 1604 3416 1645 a

1844 1686 2196 1755 corruptione
2225 1684 2501 1739 liberaret.

1917 1774 2209 1829 Hominum
2263 1774 2478 1829 ruinam
2532 1772 2820 1843 reparasti,
2876 1788 2909 1828 ο
2956 1772 3209 1837 Domina,
3246 1771 3415 1826 Deum

173 1869 263 1924 ἵνα
297 1848 544 1940 κυήσασα
561 1853 708 1922 ’Θεὸν
736 1848 909 1939 Λόχον
939 1868 1031 1922 τὸν
1082 1848 1211 1933 τοὺς
1259 1870 1739 1942 κατερραγμένους

1864 1848 2084 1921 Verbum
2125 1866 2309 1930 enixa,
2349 1866 2444 1936 qui
2494 1865 2811 1921 contractos
2855 1879 2919 1920 ac
2957 1865 3199 1936 deiectos
3238 1875 3419 1936 potest

173 1958 505 2032 ἐπανορθοῦν
530 1959 847 2030 δυνάμενον.

242 2053 536 2125 Νεύρωσον
565 2053 664 2121 τῆς
694 2052 873 2124 ψυχῆς
906 2070 1009 2123 μου
1053 2054 1143 2109 τὸν
1197 2055 1374 2121 τόνον,
1406 2056 1739 2128 πανάμωμε,

172 2148 241 2215 τῇ
274 2147 491 2215 συνεχεί
516 2144 746 2216 ἀμελείᾳ
776 2144 871 2197 καὶ
893 2147 959 2216 τῇ
1003 2144 1250 2217 ἁμαρτίᾳ
1301 2146 1740 2218 κεχαυνωμένον,

174 2237 264 2292 ἴνα
294 2238 475 2291 πίστει
509 2236 602 2292 καὶ
632 2237 911 2310 προθυμίᾳ
935 2238 1124 2309 μέλπω
1152 2255 1211 2291 σε
1243 2239 1494 2296 πάντοτε.

263 2416 350 2479 Ὠς
374 2414 469 2469 τοῦ
526 2415 781 2485 Ὑψίστου
834 2418 1042 2486 θρονον,
1077 2416 1343 2487 Παρθένε,
1394 2417 1744 2488 ὑψηλώτατον

175 2506 403 2569 πάντες,
430 2505 523 2558 καὶ
553 2505 758 2576 χρυσῆν
788 2505 1033 2575 λυχνίαν,
1066 2506 1160 2558 καὶ
1193 2504 1423 2560 κιϐωτὸν
1461 2505 1744 2575 άγιάσμα-

174 2615 270 2661 τος
298 2596 573 2668 ὑμνοῦμέν
602 2613 664 2651 σε
686 2613 699 2627 ⁸
732 2596 1083 2668 Εὐλογημένη
1124 2599 1189 2652 σὺ
1220 2599 1278 2651 ὲν
1307 2596 1543 2668 γυναιξὶ,
1576 2597 1746 2668 βοῶν·

175 2705 293 2752 τες,
321 2688 648 2759 πανάμωμε.

250 2780 389 2843 Νοὸς
410 2782 438 2833 ό
466 2780 691 2852 φρικτός
726 2798 818 2834 σου
853 2780 1074 2844 τοκετὸς
1102 2782 1229 2853 νικᾷ
1257 2781 1581 2853 κατάληψιν,
1628 2782 1747 2836 Θεο-

177 2871 480 2942 χαρίτωτεο
538 2872 671 2937 Θεὸς
739 2873 847 2946 γὰρ
907 2874 1147 2943 πέφυκεν
1203 2874 1438 2945 ἄναρχος
1489 2876 1747 2946 χρονικὴν

176 2962 359 3033 ἀρχὴν
384 2963 696 3035 δεξάμενος,
728 2964 817 3018 διὰ
870 2965 930 3019 τὸ
982 2965 1155 3019 σῶσαι
1199 2967 1324 3030 τοὺς
1364 2967 1571 3031 πιστῶς
1600 2968 1748 3039 αὑτῷ

179 3053 630 3125 κραυγάζονταςο
674 3056 961 3126 Εὐλογεϊτε
1014 3056 1192 3110 πάντα
1233 3057 1301 3111 τά
1349 3057 1485 3129 ἔργα
1538 3059 1747 3131 Κυρίου

178 3146 274 3198 τὸν
300 3145 522 3217 Κύριον.

1848 1958 2012 2014 saluti
2045 1957 2347 2013 restituere.

1913 2049 2226 2105 Corrobora
2263 2049 2458 2106 animae
2489 2063 2623 2103 mete
2653 2047 2919 2118 vigorem,
2963 2064 2997 2102 ο
3027 2047 3417 2101 immaculatis-

1849 2141 2011 2205 sima,
2037 2139 2150 2210 88
2166 2138 2385 2195 assidua
2410 2137 2732 2208 negligentia
2754 2145 2807 2191 et
2830 2138 3068 2206 peccatis
3096 2135 3417 2201 relaxatum,

1851 2242 1908 2286 ut
1930 2247 2054 2287 cum
2088 2230 2192 2285 (ide
2219 2239 2382 2301 atque
2406 2231 2693 2286 alacritate
2721 2228 3143 2299 semperlaudes
3173 2237 3295 2283 tuas
3321 2242 3419 2282 ea-

1852 2340 1982 2380 nere
2017 2324 2226 2394 possim
2239 2364 2252 2377 .

1923 2413 2209 2485 Tanquam
2234 2414 2499 2470 Altissimi
2530 2413 2789 2467 thronum
2822 2412 3340 2485 eminentissimum,
3366 2425 3421 2469 et

1851 2506 2135 2562 lucernam
2183 2522 2428 2571 auream,
2481 2516 2646 2575 atque
2694 2520 2875 2559 arcam
2926 2505 3420 2569 sanctiﬁcationis,

1851 2599 2097 2656 universi
2132 2610 2202 2666 te,
2238 2615 2271 2654 ο
2309 2598 2494 2670 Virgo,
2522 2597 3174 2664 laudamus,'clamantes
3208 2616 3221 2653 :
3252 2597 3422 2653 Bene-

1852 2693 1997 2748 dicta
2026 2702 2081 2746 tu
2114 2692 2258 2746 inter
2288 2692 2568 2758 mulieres,
2604 2706 2636 2746 ο
2666 2690 3104 2747 inviolatissima.

1925 2783 2267 2839 Tremendus
2303 2794 2495 2854 partus
2528 2793 2656 2839 tuus
2690 2783 2888 2838 mentis
2931 2792 3148 2852 captum
3177 2790 3421 2851 superat,

1854 2890 1889 2932 ο
1919 2875 2024 2931 Deo
2046 2875 2357 2946 gratissima
2386 2893 2399 2929 :
2427 2875 2569 2930 Deus
2593 2875 2738 2929 enim
2766 2874 2859 2945 qui
2884 2882 2970 2929 est
2990 2874 3109 2929 sine
3131 2873 3419 2945 principio,

1854 2968 2182 3038 principium
2241 2970 2508 3037 temporis
2542 2966 2752 3031 habuit,
2802 2975 2863 3020 ut
2899 2965 3133 3021 salvaret
3166 2980 3284 3031 eos,
3326 2964 3420 3035 qui

1854 3073 1977 3114 cum
2001 3059 2103 3113 ﬁde
2128 3059 2367 3113 clamant
2387 3057 2453 3112 ad
2482 3057 2667 3111 illum:
2693 3055 3029 3125 Benedicite,
3052 3055 3235 3121 omnia
3256 3070 3421 3125 opera

1863 3150 2103 3218 Domini,
2138 3150 2389 3205 Domino.

250 3216 498 3306 Φέρουσα
528 3236 763 3309 Χριστὸν
813 3239 870 3292 ὲν
892 3237 1159 3308 ἀγκάλαις
1199 3237 1377 3309 σάρκα
1426 3238 1630 3311 θνητὴν
1681 3243 1747 3295 ὲκ

1924 3240 1968 3295 0
2000 3216 2186 3311 Virgo,
2214 3257 2335 3311 quae
2369 3240 2666 3306 Christum,
2700 3240 2792 3311 qui
2822 3255 2889 3294 ex
2918 3248 2968 3295 te
2989 3239 3271 3294 mortalem
3297 3254 3423 3296 car-

184 3331 281 3386 σοῦ
305 3332 559 3399 λαϐόντα,
582 3333 768 3388 τοῦτον
795 3332 1118 3398 ὲκδυσὼπει,
1152 3332 1415 3403 Παρθένε,
1452 3333 1751 3399 ἀθανασίας
1778 3410 1781 3415 η

177 3424 392 3492 τυχεῖν,
419 3423 753 3494 πανάμωμε,
774 3423 903 3486 τούς
933 3440 1007 3503 σε,
1026 3423 1234 3505 πιστῶς
1256 3423 1632 3495 γεραίροντας,
1658 3428 1753 3479 καὶ

178 3518 445 3576 Θεοτόκον
477 3515 896 3589 μεγαλύνοντας.

1860 3349 1982 3389 nem
2020 3334 2250 3405 accepit,
2291 3334 2346 3388 in
2395 3334 2539 3389 ulnis
2584 3332 2694 3389 tuis
2742 3331 2984 3402 gestasti,
3027 3331 3279 3386 eumdem
3329 3331 3425 3386 de-

1862 3439 2109 3494 precare,
2142 3439 2174 3478 o
2201 3425 2737 3491 immaculatissima,
2780 3432 2841 3477 ut
2882 3423 2957 3478 illi
2988 3423 3081 3494 qui
3114 3434 3167 3478 te
3196 3423 3428 3479 ﬁdeliter

1861 3516 2150 3586 honorant,
2183 3526 2236 3573 et
2290 3518 2580 3589 Deiparam
2622 3517 2992 3589 magniﬁcam,
3048 3518 3423 3573 immortalita~

1864 3618 1972 3663 tem
2006 3621 2431 3681 consequantur.

846 3690 933 3746 Ea:
965 3706 1161 3746 canone
1203 3691 1260 3745 in
1290 3700 1528 3747 sanctam
1554 3706 1603 3750 et
1631 3692 2002 3755 admirabilem
2043 3702 2392 3770 Theodoram,
2420 3705 2504 3759 die
2526 3705 2559 3761 5
2588 3705 2797 3776 (58“).

261 3788 476 3846 Medere
498 3787 696 3843 anima
730 3802 865 3841 meae
915 3788 1121 3842 morbis
1155 3802 1221 3843 ac
1267 3788 1616 3859 passionibus
1652 3790 1755 3845 im-

186 3880 509 3943 moderatis,
540 3892 574 3933 o
611 3876 772 3948 Virgo
797 3876 904 3931 Deo
938 3877 1263 3933 charissima
1284 3917 1299 3942 ,
1337 3888 1390 3932 et
1416 3879 1626 3933 salvum
1668 3894 1756 3935 me

191 3970 304 4035 fac,
335 3985 550 4038 precor,
572 3979 628 4025 tu
654 3983 776 4040 qua:
802 3966 1139 4022 Salvatorem
1172 3983 1237 4025 ac
1264 3968 1551 4025 Dominum
1590 3976 1755 4042 supra

183 4065 420 4120 rationis
454 4071 671 4133 captum
701 4075 929 4131 corpore
952 4060 1200 4116 induisti.

256 4153 485 4210 Matrem
524 4151 708 4218 Verbi,
737 4151 884 4221 quod
914 4159 1039 4205 ante
1065 4150 1261 4206 saecula
1287 4165 1351 4206 ex
1374 4149 1534 4207 Patre
1551 4151 1755 4224 absque

183 4244 545 4315 corruptione
596 4258 897 4300 coruscam.
924 4241 1222 4306 emanavit,
1249 4249 1301 4297 te
1329 4242 1502 4297 solam
1530 4245 1757 4314 agnovi-

186 4356 333 4404 mus,
362 4353 397 4392 ο
426 4351 629 4407 sponsa
658 4335 752 4390 Dei
796 4334 1023 4389 illibata.
1070 4330 1359 4403 Propterea
1383 4336 1449 4389 ad
1476 4345 1528 4390 te
1555 4336 1759 4391 clama-

184 4446 311 4485 mus
335 4446 349 4483 :
373 4429 505 4493 Ave,
526 4443 558 4483 ο
589 4427 893 4483 benedicta.
911 4425 1095 4498 Teque
1110 4441 1416 4498 precamur,
1440 4436 1500 4482 ut
1529 4427 1756 4498 impleas

186 4520 391 4591 gaudio
420 4518 633 4573 animas
665 4524 905 4571 nostras.

259 4612 465 4666 Amore
489 4610 566 4666 tui
610 4610 803 4664 allecta
838 4606 1070 4663 illustris
1115 4605 1425 4672 Theodora,
1464 4616 1585 4678 post
1620 4616 1691 4673 te,
1722 4622 1756 4663 ο

189 4704 389 4774 Virgo,
438 4702 671 4757 adducta
708 4711 793 4756 est
823 4698 954 4767 Regi
989 4714 1053 4752 ex
1101 4707 1258 4753 utero
1312 4708 1404 4754 tuo
1453 4700 1757 4767 incarnato,

189 4812 316 4850 cum
352 4795 549 4849 anima:
575 4790 943 4848 exsultatione
973 4789 1301 4859 tripudians.

267 4885 587 4940 Voluntarie
613 4884 860 4938 attrahor
884 4889 954 4936 et
996 4882 1207 4935 inescor
1235 4880 1502 4936 malorum
1532 4881 1757 4951 pulchro

192 4985 441 5046 aspectu,
471 4982 525 5031 et
561 4974 858 5044 coinquino
904 4972 1144 5026 animam
1200 4986 1375 5026 meam
1408 4989 1423 5025 :
1472 4983 1754 5043 propterea

188 5077 451 5125 converte
504 5080 593 5122 me
641 5063 1036 5122 intercessione
1075 5070 1199 5126 tua,
1256 5071 1311 5116 et
1356 5061 1504 5117 salva
1559 5078 1666 5130 me,
1723 5078 1756 5118 ο

188 5162 508 5233 purissima.

203 5256 307 5309 Ἐκ
332 5252 441 5308 τοῦ
469 5251 728 5317 κανόνος
756 5250 843 5315 εὶς
866 5248 975 5303 τὸν
1015 5248 1186 5317 ἅγιον
1203 5245 1471 5317 μάρτυρα
1500 5248 1756 5301 Καλλίο-

751 5334 888 5386 πον,
915 5319 1103 5389 ἡμέρᾳ
1132 5319 1198 5382 ζ’.

276 5437 336 5493 '0
369 5436 601 5507 νεύματι
619 5434 796 5488 πάντα
825 5430 1173 5504 δημιουργῶν
1203 5432 1269 5484 ἐκ
1288 5430 1384 5485 eoi}
1412 5430 1759 5503 σωματοῦται

194 5530 338 5600 ὑπὲρ
362 5529 546 5598 λόγον,
580 5528 774 5598 Μῆτερ
801 5524 958 5588 Θεοῦ,
986 5526 1015 5578 ὁ
1044 5524 1136 5577 τὸν
1156 5522 1453 5594 ἁθλοφόρον
1482 5522 1758 5594 στεφανώ-

199 5638 322 5688 σας,
354 5620 478 5692 μευ’
509 5612 569 5674 οὗ
595 5617 804 5681 πιστῶς
832 5633 892 5670 σε
921 5615 1008 5670 ἀεὶ
1048 5614 1441 5687 μακαρίζομεν.

272 5842 447 5931 (58⁸·έ)
480 5840 669 5898 (ἂι-ποθ
696 5840 911 5897 desunt.

1928 3795 1973 3851 Ο
2016 3797 2270 3863 Domina,
2319 3815 2444 3869 quae
2494 3800 2808 3865 Dominum,
2839 3799 3024 3854 lumen
3074 3796 3143 3853 de
3196 3797 3425 3864 lumine,

1862 3891 2141 3959 peperisti,
2175 3892 2289 3962 89
2317 3892 2558 3945 illumina
2584 3892 2825 3946 animam
2865 3906 3040 3946 meam
3089 3890 3430 3960 negligentiae

1862 3991 1914 4037 et
1953 3982 2402 4051 gravissimarum
2435 3984 2718 4051 culparum
2750 3982 2990 4037 caecitate
3023 3981 3381 4036 laborantem.

1927 4071 2301 4141 Cogitationes
2330 4082 2588 4142 tanquam
2622 4072 2856 4127 stamina
2884 4086 3006 4125 cum
3049 4071 3247 4140 gaudio
3292 4086 3428 4125 con—

1861 4162 2171 4229 glomerans
2196 4178 2259 4219 ac
2286 4179 2441 4229 nens,
2479 4162 2908 4233 pulcherrimum
2941 4160 3115 4216 Verbo
3137 4161 3430 4216 vestimen-

1858 4261 1973 4308 tum
2015 4253 2233 4308 texuisti
2292 4268 2356 4307 ex
2389 4252 2501 4307 tuis
2551 4251 2932 4320 sanguinibus,
2982 4266 3016 4306 ο
3053 4248 3239 4322 Virgo,
3278 4249 3428 4320 quod

1859 4344 2097 4414 gestabit
2126 4344 2179 4398 iu
2209 4354 2498 4398 aeternum.

1923 4435 2170 4491 lnterlice
2201 4445 2482 4504 peccatum
2513 4442 2761 4489 nostrum
2788 4432 2995 4496 vivens.
3033 4442 3088 4487 tu
3117 4447 3237 4502 qua:
3258 4432 3425 4486 vitam

1860 4542 1987 4584 vere
2017 4527 2368 4584 exsistentem
2405 4527 2686 4598 peperisti,
2716 4541 2749 4581 ο
2802 4526 2917 4582 sola
2963 4524 3129 4595 Virgo
3178 4540 3312 4595 pura
3364 4540 3430 4580 ac

1859 4620 2174 4685 benedicta,
2211 4628 2273 4674 ut
2299 4628 2350 4675 te
2385 4619 2675 4675 laudemus
2713 4633 2810 4687 per
2844 4618 3101 4672 universa
3138 4615 3358 4670 saecula.

1930 4712 2079 4769 Luce
2106 4713 2288 4768 vultus
2330 4711 2410 4766 tui
2458 4711 2707 4766 illumina
2746 4709 3015 4779 iacentem
3077 4708 3132 4763 in
3191 4706 3430 4763 tenebris

1860 4806 2207 4878 passionum,
2242 4820 2275 4859 ο
2303 4814 2459 4875 porta
2503 4804 2641 4859 lucis
2679 4803 2962 4873 spiritalis.
2992 4799 3071 4856 Ne
3110 4815 3196 4854 me
3237 4800 3429 4869 depre-

1860 4899 2067 4954 hendat
2099 4908 2153 4953 et
2190 4898 2433 4952 involvat
2467 4912 2575 4952 nox
2618 4896 2833 4959 mortis,
2861 4911 2894 4950 ο
2932 4902 3079 4949 casta
3120 4892 3365 4955 Domina,
3395 4906 3426 4945 a

1862 5006 1973 5061 qua
2005 4990 2201 5046 salutis
2230 5005 2365 5045 mea:
2393 5003 2519 5059 spes
2552 4987 2770 5058 penitus
2801 4986 3173 5043 abscindatur.

1937 5253 2023 5308 Ex
2070 5252 2266 5309 canone
2297 5253 2349 5306 in
2383 5251 2444 5308 S.
2487 5250 2783 5319 Calliopam
2814 5257 3116 5318 martyrem,
3154 5243 3237 5298 die
3269 5242 3320 5297 7.

1938 5430 2043 5498 Qui
2075 5440 2208 5485 nutu
2243 5428 2491 5484 condidit
2541 5425 2819 5491 universa,
2872 5439 2939 5478 ex
2994 5430 3046 5477 te
3086 5416 3429 5475 ineﬂ‘abiliter

1864 5535 2065 5590 corpus
2092 5519 2408 5588 assumpsit,
2436 5532 2467 5571 ο
2494 5516 2589 5571 Dei
2610 5513 2780 5569 Mater
2799 5556 2815 5581 ,
2843 5514 2935 5584 qui
2957 5519 3248 5582 martyrem
3268 5523 3426 5563 suum

1869 5614 2128 5668 victorem
2169 5611 2486 5667 certaminis
2514 5609 2814 5674 coronavit.
2847 5624 2969 5665 cum
2996 5620 3104 5677 quo
3135 5617 3349 5675 semper
3379 5608 3432 5658 te

1869 5702 2100 5759 ﬁdeliter
2121 5701 2535 5759 beatificamus.’

3985 5264 3987 5297 l

3985 5368 3987 5415 4

3986 5506 3987 5543 l

3986 5552 3987 5581 ι

3985 5646 3987 5735 i

3985 5776 3987 5805 ν

3985 5854 3987 5913 l
