3996 6636
220 412 353 478 1093

1643 401 2007 466 MARIALE.

3320 399 3459 465 1034

216 552 291 589 σει
351 526 707 592 πεπτωκότας
783 524 1129 591 ἁνεζώωσεν,
1188 524 1328 596 ἁγνὴ
1382 521 1772 593 Θεογεννῆτορ.

1904 538 2004 578 :sca
2069 535 2165 577 eos
2224 520 2318 591 qui
2372 534 2470 589 per
2521 533 2705 577 cscam
2746 518 3079 584 ceciderant,
3130 534 3284 574 nova:
3336 523 3460 576 vitae

277 713 346 767 Σὲ
390 708 724 783 προστασίαν
772 705 1005 778 ἔχοντες,
1037 705 1296 777 ἄχραντε,
1349 705 1399 757 oi
1443 702 1619 757 δοῦλοί
1660 720 1778 767 σου,

212 806 302 860 καὶ
330 804 466 874 πρὸς
491 801 583 855 τὸν
611 800 740 854 Υίόν
770 815 864 852 σου
924 800 1063 870 μετὰ
1091 798 1222 852 Θεὸν
1277 799 1504 869 μεσίτην
1546 795 1778 851 ἀκαται-

212 910 452 968 σχυντον,
518 890 782 947 κινδύνων
848 892 997 961 ἡμᾶς
1087 889 1228 955 σῶζε
1283 892 1377 943 καὶ
1431 887 1775 961 πειρασμῶν,

213 987 407 1059 σεμνὴ,
450 985 539 1039 ἵνα
566 983 752 1037 πίστει
788 976 884 1037 καὶ
912 982 1065 1054 πόθῳ
1097 983 1184 1037 ἀεί
1215 1000 1275 1036 σε
1304 982 1637 1053 δοξάζωμεν.

278 1157 615 1229 Φλογοφόρος
639 1157 714 1220 ὡς
743 1154 901 1218 λασὶς
940 1152 1183 1218 ὑπεδέξω
1212 1154 1269 1206 ὲν
1302 1152 1502 1223 γαστρὶ
1532 1150 1779 1219 ἄνθρακα

212 1252 300 1306 τδν
334 1252 545 1322 νοητὸν,
577 1246 989 1319 καταφλέγοντα
1020 1245 1178 1317 ἡμῶν
1220 1244 1291 1297 τὰ
1326 1244 1493 1314 πάθη,
1542 1244 1635 1296 κοιλ⁸
1662 1260 1779 1313 φω-

213 1344 429 1407 τίζοντα
454 1342 552 1404 τὰς
582 1339 759 1410 ψυχὰς
790 1338 969 1408 ήμῶν,
999 1336 1094 1390 καὶ
1134 1336 1329 1389 λύοντα
1367 1336 1429 1388 τὸ
1461 1335 1652 1397 σκότος
1679 1334 1780 1405 τῆς

214 1433 624 1506 είδωλομανίας,
655 1432 894 1502 ἄχραντε
932 1429 1199 1502 Παρθένε,
1231 1428 1601 1500 πολυΰμνητε.

224 1662 317 1715 Ἐκ
340 1659 445 1715 τοῦ
466 1657 723 1722 κανόνος
738 1657 824 1722 εις
844 1655 952 1710 τὸν
967 1655 1138 1726 ἅγιον
1150 1652 1421 1726 μάρτυρα
1442 1651 1777 1722 Εὐψύχιον,

559 1728 663 1782 τὸν
686 1728 755 1781 ὲν
778 1724 1122 1795 Καισαρείᾳ,
1153 1725 1342 1793 ἡμέρᾳ
1371 1724 1435 1777 θ’.

282 1845 493 1917 Σαρκὸς
533 1842 839 1915 ὁμοιώματι
873 1840 1153 1911 γεννηθεὶς
1189 1840 1253 1893 ὲκ
1285 1837 1379 1892 σοῦ
1426 1838 1456 1892 ό
1502 1835 1779 1907 Δεσπότης
1808 1883 1853 1940 Β

211 1938 608 2010 ὲκαινούργησε
653 1935 750 2006 τὴν
779 1933 934 2006 ἡμῶν
967 1931 1451 2002 πεπαλαιωμένην,
1481 1929 1639 2003 κόρη,
1673 1929 1778 2000 φύ-

214 2050 320 2097 σιν,
351 2032 444 2084 καὶ
472 2031 598 2093 τοὺς
623 2028 851 2099 θνητοὺς
875 2025 1161 2098 οὐρανίους
1199 2024 1510 2097 εἰργάσατο.

283 2125 493 2195 ’Ύμνον
531 2123 882 2193 χαριστήριον
917 2119 1026 2172 τῶν
1055 2116 1303 2190 ἀθλητῶν
1333 2115 1492 2187 χορὸς
1525 2114 1639 2187 ᾄδει
1673 2132 1776 2180 σοι,

210 2212 350 2283 κόρη
378 2208 574 2283 σεμνὴ,
603 2209 698 2263 σοῦ
731 2212 855 2273 ταῖς
883 2208 1126 2279 όδηγίαις
1145 2206 1440 2278 νικηφόρος
1465 2205 1778 2277 γενόμενος.

293 2387 607 2460 ’Υπρτέρα
634 2385 918 2457 δυνάμεων
945 2384 1055 2439 τῶν
1101 2382 1443 2453 ἐπουρανίων
1472 2382 1537 2435 σὺ
1561 2397 1780 2452 χρημα-

208 2484 430 2545 τίσασα,
467 2481 749 2554 σαρκικῶν
780 2474 971 2533 παθῶν
1003 2477 1301 2549 ὑπέρτερον
1324 2475 1417 2528 τὸν
1456 2473 1610 2545 ἐμὸν,
1634 2474 1783 2545 Παρο

212 2576 357 2637 θένε,
387 2573 511 2627 νοῦν
546 2571 843 2638 ἀνάδειξον.

296 2666 469 2737 ’Υπὲρ
491 2666 599 2719 τῶν
626 2666 706 2729 είς
742 2665 801 2716 σὲ
841 2663 939 2726 τὰς
967 2660 1210 2724 ἐλπίδας,
1246 2660 1468 2714 πάντων
1494 2659 1781 2723 Δέσποινα,

216 2758 573 2827 κεκτημένων
631 2754 850 2811 πάντων
920 2753 1211 2824 πρέσόευε,
1284 2752 1435 2816 ὅπως
1484 2750 1785 2821 μελλούσης

214 2848 584 2917 λυτρωθῶμεν
620 2846 1019 2917 κατακρίσεως.

302 2940 637 3010 ’Δνόρθωσον
669 2937 1069 3009 συμπτωθέντα
1096 2953 1163 3007 με
1194 2936 1338 3001 ὅλον,
1360 2934 1436 2999 ῶς
1467 2936 1580 2998 τοῖς
1613 2933 1785 2988 πάθε-

219 3048 306 3085 σιν
338 3030 625 3095 ἀνοίξαντα
657 3030 849 3103 θύραν,
883 3030 976 3083 καὶ
1014 3030 1081 3099 τῇ
1112 3028 1171 3081 ὲν
1201 3027 1284 3081 σοὶ
1325 3026 1503 3097 ἀγαθῇ
1540 3026 1787 3097 μεσιτείᾳ

217 3124 360 3195 πρὸς
400 3123 690 3194 μετανοίας
715 3121 955 3184 εἰσόδους
983 3119 1271 3189 εἰσάγαγε,
1315 3118 1412 3172 καὶ
1442 3118 1615 3171 σῶσόν
1657 3135 1724 3189 με
1750 3118 1785 3188 ή

214 3216 315 3271 τοῦ
334 3202 542 3280 παντὸς
568 3215 661 3269 τὸν
685 3213 913 3287 Σωτῆρα
938 3202 1174 3267 τεκοῦσα
1200 3212 1295 3265 καὶ
1322 3210 1548 3282 Κύριον.

298 3396 463 3468 Ὄρος
496 3394 783 3468 προφήτης
809 3392 1011 3465 Δανιήλ
1048 3409 1108 3447 σε
1149 3390 1281 3462 θείῳ
1332 3388 1612 3461 Πνεύματι
1650 3387 1783 3442 ἑκάς

212 3483 363 3548 λεσε,
422 3485 692 3556 Παρθένε,
729 3482 790 3550 ἐξ
837 3477 899 3538 οὗ
933 3481 1081 3546 λίθος
1134 3480 1370 3552 Χριστὸς
1418 3479 1545 3533 ἄνευ
1602 3479 1786 3550 χειρὸς

212 3577 453 3649 ἐτμήθη,
486 3577 583 3631 καὶ
620 3575 915 3648 συντριόὴν
971 3576 1271 3645 εἰργάσατο
1300 3571 1411 3628 τῶν
1440 3573 1648 3641 ξοάνων
1683 3570 1785 3643 τῆς

212 3671 451 3740 ἀπάτης.

285 3760 588 3832 Συμπαθής
633 3760 916 3832 Παρθένε,
967 3759 1000 3831 ή
1051 3759 1144 3813 τὸν
1188 3758 1638 3831 συμπαθέστατον
1694 3774 1785 3811 τε·

211 3852 391 3907 κοῦσα
418 3851 612 3920 Λόγον,
632 3852 737 3920 ,τὸν
774 3850 1076 3923 άσυμπαθῆ
1099 3867 1166 3921 με
1192 3848 1403 3922 δωρεὰν
1422 3848 1782 3921 οίκτείρησον,

212 3942 644 4013 ἀπεγνωσμένον
701 3943 1038 4013 πταίσμασιν
1080 3941 1362 4013 ἀμέτροις,
1399 3944 1493 3995 καὶ
1538 3940 1614 4012 μὴ
1665 3941 1785 3993 ἐπι-

216 4036 545 4104 στρέφοντα,
586 4034 702 4089 ἀλλ’
737 4036 797 4090 ὲν
839 4028 1085 4108 ῥᾳθυμίᾳ
1108 4034 1199 4089 τδν
1230 4034 1343 4106 βίον
1369 4033 1711 4088 δαπανῶντα.

286 4219 436 4275 Φωτὶ
463 4220 562 4289 τῆς
596 4218 887 4291 μετανοίας
912 4216 1171 4287 αῠγασον,
1195 4215 1459 4287 ῐΙαρθενε,
1481 4215 1579 4286 τῆς
1606 4214 1788 4286 ἀμαρ-

212 4312 339 4377 τίας
362 4312 519 4366 νυκτί
555 4329 623 4382 με
669 4311 1050 4382 σκοτούμενον,
1100 4310 1197 4364 καλ⁵
1260 4307 1535 4381 ῥᾳθυμίας
1585 4307 1783 4380 ὁμίχλῃ

217 4404 756 4474 συγκαλυπτόμενον.

228 4542 334 4619 Ἐκ
362 4539 469 4594 τοῦ
508 4540 769 4619 κανόνος
816 4538 905 4601 είς
925 4535 1071 4619 £0355
1097 4535 1306 4605 ἁγίους
1343 4533 1650 4619 μᾷρςυράς
1690 4534 1785 4619 τε·
1812 4557 1866 4619 D

240 4611 507 4680 pérttor,
526 4601 889 4675 Πομπόὶριον,
918 4601 1190 4676 Μάξιμον
1206 4622 1263 4659 κ.
1294 4601 1436 4659 τξλ.
1470 4601 1658 4674 ἡμέρᾳ
1689 4608 1741 4656 ι’.

300 4743 493 4816 ’Υμνῶ
525 4760 607 4811 σε,
642 4742 912 4814 Παρθένε,
940 4743 1023 4796 ὅτι
1053 4740 1221 4807 Θεὸν,
1267 4738 1585 4811 πανύμνητε
1626 4738 1786 4809 μόνη,

214 4837 593 4903 ὲσωμάτωσας
623 4836 688 4888 ἐκ
721 4834 831 4888 τῶν
856 4834 1056 4905 τιμίων
1084 4832 1195 4889 σῶν
1220 4830 1492 4902 αἱμάτων,
1524 4830 1785 4898 παναγία,

214 4929 315 4983 καὶ
347 4926 492 4998 ὑπὲρ
528 4925 686 4996 λόγον
719 4926 962 4997 φρικτῶς
998 4923 1345 4996 ἀπεκύήσας.

289 5113 476 5167 Σῶσόν
497 5130 587 5183 με,
607 5113 861 5183 κυήσασα
880 5113 972 5166 τὸν
993 5111 1342 5183 ὑπεράγαθον
1362 5085 1588 5182 Κύριον,
1615 5109 1792 5180 μῆτερ

213 5207 389 5277 ἁγνὴ,
422 5205 631 5260 παῦσον
656 5205 754 5275 τῆς
784 5204 960 5275 ψυχῆς
992 5221 1094 5275 μου
1126 5204 1497 5276 πολυτάραχον
1525 5202 1787 5258 κλύδωνα.

286 5389 384 5454 Σὲ,
415 5386 727 5457 πανάμωμε
759 5384 1049 5449 Δέσποινα,
1076 5385 1405 5455 πειρασμοῖς
1425 5382 1789 5455 κυκλούμενος

214 5483 299 5546 τίς
352 5479 608 5551 βοήθειαν
647 5476 1068 5548 προσκαλοῦμαι
1095 5493 1109 5507 ’
1167 5474 1419 5541 σπεῦσον,
1471 5474 1643 5529 σῶσόν
1697 5491 1788 5544 με,

215 5574 311 5627 τὸν
344 5574 578 5643 Σωτῆρα
609 5572 782 5640 Λόγον
812 5573 846 5643 ή
872 5572 1147 5641 κυήσασα.

286 5664 674 5734 Δυτρούμενος
705 5663 997 5732 ἐπέφανεν,
1034 5661 1290 5732 ἄχραντε,
1323 5660 1352 5712 ό
1391 5658 1517 5722 Υἱός
1567 5676 1661 5713 σου
1696 5661 1791 5715 ἄν-

217 5754 447 5819 θρωπος
483 5756 778 5825 γενόμενος
831 5753 1151 5825 ἀνθρώπους
1174 5751 1403 5814 πάντας,
1455 5752 1788 5822 πανάμωμε.

294 5845 615 5900 Κατάσκιον
649 5842 907 5916 προεώρα
940 5860 999 5897 σε
1033 5842 1159 5915 δρος
1203 5846 1232 5897 ό
1272 5841 1557 5914 προφήτης
1596 5842 1790 5899 166a-

1888 616 2149 671 restituit.

1958 708 2097 763 Cum
2129 717 2201 773 te,
2231 724 2265 765 ο
2288 710 2633 772 intemerata,
2660 721 2763 762 nos
2788 706 2929 763 servi
2964 706 3044 761 tui
3077 706 3458 776 protectricem

1888 800 2030 869 apud
2062 799 2260 855 Filium
2289 809 2466 867 tuum,
2497 816 2561 856 ac
2607 798 3007 861 mediatrieem,
3042 815 3160 870 quae
3193 814 3300 853 non
3330 814 3461 854 con-

1889 889 2164 955 funditur,
2196 901 2319 962 post
2352 891 2519 947 Deum
2570 890 2870 945 habeamus
2906 906 2920 943 :
2957 890 3125 943 libera
3170 904 3271 943 nos
3300 904 3328 942 a
3361 904 3459 959 pe-

1888 983 2079 1039 riculis
2110 992 2163 1038 et
2195 984 2606 1049 tentationibus,
2636 991 2694 1037 ut
2724 991 2794 1047 te,
2827 997 2861 1037 o
2881 978 3216 1046 veneranda,
3246 997 3462 1052 semper

1890 1088 2013 1129 cum
2047 1074 2151 1129 ﬁde
2171 1085 2223 1130 et
2249 1075 2444 1130 aﬂectu
2486 1073 2874 1147 glorillcemus.

1961 1162 2242 1235 Tanquam
2275 1166 2489 1237 forceps
2517 1165 2839 1221 ﬂammifera
2882 1165 3173 1236 suscepisti
3209 1164 3262 1219 in
3300 1174 3461 1218 utero

1888 1258 2181 1311 carbonem
2203 1258 2627 1328 spiritalem,qui
2657 1261 2937 1328 paSsiones
2966 1270 3180 1315 nostras
3228 1256 3461 1311 combu-

1888 1344 1991 1410 rit,
2024 1346 2235 1401 animas
2268 1358 2479 1403 nostras
2522 1347 2812 1413 illuminat,
2853 1356 2905 1402 et
2955 1347 3271 1402 idololatria
3312 1356 3462 1399 tene-

1886 1437 2016 1492 bras
2047 1435 2339 1504 dissolviti,
2385 1436 2602 1511 oVirgo
2622 1439 2904 1506 inviolata,
2931 1440 3181 1509 plurimis
3211 1437 3461 1492 laudibus

1888 1529 2235 1587 celebranda.

1888 1663 1973 1719 Ea:
2026 1681 2226 1720 canone
2255 1666 2308 1721 in
2341 1664 2403 1722 S.
2444 1665 2804 1737 Eupsychium
2834 1675 3117 1738 martyrem
3157 1666 3457 1724 Caesarien-

2516 1754 2647 1804 sem,
2678 1738 2761 1792 die
2791 1739 2843 1794 9.

1956 1848 2224 1904 Dominus
2255 1848 2310 1903 in
2343 1849 2703 1905 similitudine
2725 1851 2907 1906 carnis
2928 1851 3147 1922 genitus
3181 1868 3245 1907 ac
3273 1861 3455 1918 natus,

1882 1956 1915 1995 ο
1951 1941 2152 2011 puella,
2184 1950 2431 1996 naturam
2469 1952 2710 1997 nostram
2763 1943 3118 1998 inveteratam
3155 1945 3456 2012 renovavit,

1882 2040 2046 2101 atque
2083 2048 2201 2098 eos,
2227 2033 2317 2103 qui
2359 2034 2618 2088 mortales
2647 2042 2823 2098 erant,
2856 2034 3110 2090 caelestes
3138 2035 3340 2091 eﬂccit.

1954 2122 2225 2195 Hymnum
2260 2124 2313 2179 in
2339 2127 2639 2196 gratiarum
2680 2125 2952 2181 actionem
2985 2135 3284 2197 martyrum
3318 2126 3458 2183 Cho-

1882 2229 1979 2270 rus
2015 2214 2109 2269 tibi
2146 2216 2312 2280 canit,
2345 2232 2378 2270 ο
2410 2217 2590 2286 puella
2620 2217 2953 2283 veneranda,
2997 2233 3147 2285 nam,
3201 2226 3252 2272 te
3289 2217 3453 2285 duce,

1881 2306 2167 2361 victoriam
2194 2318 2529 2364 consecutus
2564 2319 2671 2364 est.

1953 2397 2057 2464 Tu,
2103 2414 2223 2471 quae
2270 2401 2573 2456 cmlestium
2625 2410 2959 2472 potestatum
3026 2402 3312 2460 sublimior
3368 2421 3450 2473 es,

1882 2490 2054 2551 eliice.
2091 2507 2124 2545 ο
2165 2489 2347 2563 Virgo,
2391 2502 2627 2547 mentem
2676 2508 2852 2547 meam
2882 2494 3195 2551 carnalibus
3251 2510 3455 2551 concu-

1883 2581 2168 2653 piscentiis
2206 2581 2570 2652 superiorem.

1953 2671 1998 2727 Ο
2030 2671 2277 2726 omnium
2304 2672 2552 2735 Domina,
2601 2669 2878 2726 intercede
2908 2685 3008 2741 pro
3048 2673 3327 2736 omnibus,
3364 2673 3458 2744 qui

1887 2762 1943 2817 in
1991 2771 2043 2817 te
2075 2776 2202 2832 spes
2235 2777 2364 2818 suas
2391 2761 2816 2829 collocaverunt,
2851 2767 2911 2816 ut
2950 2777 2981 2818 a
3012 2762 3195 2818 futura
3230 2764 3461 2829 damna-

1888 2852 2036 2906 tione
2071 2852 2391 2908 liberentur.

1958 2942 2119 3014 Erige
2162 2959 2269 3008 me,
2326 2942 2419 3013 qui
2475 2951 2622 2999 totus
2677 2942 2863 3011 lapsus
2908 2958 3053 3006 sum,
3111 2944 3312 3014 quippe
3365 2943 3458 3014 qui

1885 3033 2238 3105 passionibus
2271 3034 2498 3105 januam
2555 3034 2769 3104 aperui,
2833 3044 2886 3089 et
2922 3035 3308 3107 benignissima
3343 3051 3461 3091 me-

1888 3126 2127 3183 diatione
2185 3134 2278 3180 tua
2320 3125 2387 3180 ad
2438 3124 2546 3197 92
2586 3125 2921 3196 poenitentiae
2956 3127 3239 3197 ingressus
3292 3127 3457 3183 induc

1809 3216 1854 3277 α
1896 3231 2003 3282 me,
2031 3222 2085 3271 et
2133 3215 2282 3272 salva
2318 3228 2406 3270 me
2454 3224 2533 3282 tu,
2568 3229 2689 3285 quae
2728 3213 2974 3270 omnium
3006 3214 3342 3272 Salvatorem
3397 3231 3466 3272 ac

1890 3307 2181 3364 Dominum
2216 3306 2496 3378 peperisti.

1966 3399 2237 3469 Propheta
2270 3398 2459 3453 Daniel
2491 3397 2679 3454 divino
2719 3397 2926 3469 Spiritu
2956 3397 3189 3464 amatus,
3215 3408 3457 3455 montem

1890 3503 1941 3548 te
1991 3494 2232 3559 vocavit,
2272 3508 2306 3548 ο
2338 3491 2528 3564 Virgo,
2570 3507 2635 3547 ex
2686 3506 2799 3561 quo
2849 3491 2987 3562 lapis
3040 3492 3294 3549 Christus
3343 3495 3466 3551 sine

1888 3578 2143 3634 manibus
2171 3578 2451 3635 abscissus
2494 3589 2598 3645 est,
2622 3579 2717 3649 qui
2749 3579 3042 3636 simulacra
3080 3582 3287 3638 erroris
3325 3598 3465 3638 con-

1887 3670 2056 3726 trivit.
2322 3736 2325 3739 Α

1955 3764 2000 3818 0
2024 3760 2188 3835 Virgo
2210 3761 2591 3833 compassione
2617 3769 2831 3829 ornata,
2850 3776 2970 3834 qum
2990 3760 3224 3818 Verbum
3247 3779 3461 3818 summa

1888 3858 2272 3927 compassione
2332 3854 2553 3926 plenum
2623 3856 2906 3926 peperisti,
2960 3871 3046 3910 me
3079 3856 3462 3926 compassione

1886 3956 2167 4005 carentem
2190 3946 2603 4013 commiserare,
2626 3946 2696 4001 ob
2727 3947 3043 4000 innumeros
3066 3945 3251 4016 lapsus
3275 3948 3466 4013 despe-

1890 4048 2094 4104 ratum,
2126 4052 2179 4093 et
2218 4052 2565 4109 nequaquam
2593 4038 2661 4092 de
2698 4037 3061 4091 conversione
3104 4037 3460 4108 cogitantem,

1888 4132 1983 4190 sed
2018 4132 2071 4186 in
2108 4130 2431 4202 negligentia
2467 4131 2632 4185 vitam
2665 4129 3067 4184 absumentem.

1952 4225 2099 4279 Luce
2144 4223 2482 4294 paenitentia:
2531 4223 2741 4277 illustra
2799 4235 2908 4285 me,
2942 4234 2975 4275 ο
3024 4218 3211 4290 Virgo,
3256 4219 3462 4291 peccati

1890 4325 2049 4368 nocte
2078 4312 2512 4379 obtcnebratum,
2546 4321 2600 4368 et
2623 4311 2965 4383 negligentiae
2992 4310 3204 4366 nebulis
3238 4324 3466 4381 cooper-

1891 4416 2022 4461 tum.

1897 4539 1978 4594 Ex
2013 4538 2228 4595 Conone
2265 4540 2320 4593 in
2368 4537 2468 4594 88.
2497 4537 2635 4593 MM.
2709 4537 3031 4600 Terentium,
3080 4534 3456 4604 Pomponium,

2262 4647 2275 4662 .
2335 4608 2632 4699 Maximum
2669 4619 2793 4675 etc.,
2824 4610 2909 4662 die
2940 4610 3026 4662 10.

1968 4745 2159 4801 Laudo
2190 4754 2264 4809 te,
2298 4742 2515 4818 oVirgo
2545 4745 2661 4801 sola
2692 4745 2837 4801 omni
2872 4744 3033 4800 laude
3058 4742 3375 4813 dignissima
3401 4756 3465 4797 ac

1896 4837 2275 4901 sanctissima,
2306 4837 2568 4906 quoniam
2604 4836 2773 4891 Deum
2806 4850 2871 4890 ex
2899 4834 3155 4905 pretiosis
3184 4831 3467 4903 sanguini-

1898 4930 1999 4985 bus
2032 4929 2140 4984 tuis
2186 4929 2511 4998 corporusti,
2547 4937 2598 4983 et
2654 4942 2818 4995 supra
2865 4927 3094 4983 rationis
3142 4933 3465 4994 conceptum

1896 5024 2230 5080 formidabili
2278 5023 2491 5078 ratione
2518 5023 2801 5093 peperisti.

1974 5114 2133 5170 Salva
2162 5129 2273 5179 me,
2303 5112 2474 5168 Mater
2518 5122 2693 5177 casta,
2720 5126 2846 5181 quae
2873 5108 3140 5179 optimum
3174 5105 3465 5159 Dominum

1904 5208 2203 5278 concepisti
2242 5224 2256 5261 :
2284 5206 2410 5260 seda
2438 5205 2633 5260 anima:
2661 5218 2794 5259 mea:
2832 5201 3209 5272 multipliciter
3260 5199 3467 5252 tumul-

1898 5311 2138 5357 tuantem
2171 5298 2492 5370 procellam.

1971 5388 2069 5450 'l‘e,
2118 5403 2152 5442 ο
2205 5386 2435 5442 Domina
2484 5393 2594 5440 tota
2644 5382 3017 5450 immaculata,
3078 5381 3469 5438 tentationibus

1896 5479 2344 5536 circumvallatus
2390 5478 2445 5531 in
2493 5476 2758 5531 auxilium
2817 5477 3028 5532 advoco
3076 5493 3090 5530 :
3137 5474 3356 5537 festina,
3409 5481 3466 5527 et

1898 5574 2047 5627 salva
2084 5586 2189 5635 me,
2227 5580 2281 5625 tu
2317 5585 2439 5639 quae
2470 5567 2708 5623 Verbum
2738 5567 3078 5623 Salvatorem
3117 5567 3392 5638 peperisti.

1968 5660 2012 5716 Ο
2038 5661 2315 5728 inviolata,
2346 5677 2409 5718 ac
2433 5671 2542 5716 tota
2566 5659 2936 5723 immaculata,
2963 5660 3105 5714 [ilius
3133 5668 3258 5714 tuus
3290 5656 3468 5712 factus

1900 5756 2067 5809 homo
2098 5754 2372 5823 apparuit,
2398 5764 2457 5808 ut
2484 5754 2770 5808 universos
2802 5752 3050 5806 homines
3080 5751 3358 5806 liberaret.

1973 5845 2211 5902 Montem
2243 5847 2561 5903 umbrosum
2606 5844 2855 5916 praevidit
2891 5853 2942 5900 te
2973 5844 3235 5916 propheta
3286 5842 3468 5899 Abba-
