3996 6592
501 354 638 421 1095

1624 339 1685 401 S.
1726 333 2039 401 JOSEPHI
2076 330 2393 394 IIYMNOG
2404 326 2645 390 RAPIII‘

3610 278 3750 376 i095

500 490 623 540 cnc,
662 488 695 529 o
721 470 976 542 Deipara,
1005 482 1072 524 ex
1102 480 1213 538 quo
1262 463 1408 519 Deus
1434 458 1780 516 ineffabiliter
1810 453 2078 527 processit
2105 502 2111 516 ,

2226 451 2343 521 abit,
2384 446 2639 507 Θεοτόκε,
2691 440 2756 495 ὲκ
2800 438 2894 493 σοῦ
2943 436 3074 499 Θεὸς
3114 433 3255 505 ὑπὲρ
3294 430 3452 500 λόγον
3515 427 3755 501 προῆλθε

506 570 844 628 incarnatus,
880 561 1255 630 mundumque
1288 554 1537 619 salvavit,
1577 550 1707 606 dum
1753 547 2077 620 gravissima

508 668 857 732 peccatorum
894 654 1134 724 procella
1163 649 1553 720 exagitaretur.

577 749 808 805 Humani
828 746 1044 819 generis
1067 743 1366 814 principes,
1390 738 1483 809 qui
1506 737 1634 791 olim
1665 734 1736 789 ob
1758 731 2080 789 foedissima

510 840 959 912 transgressionis
986 836 1092 906 93
1124 834 1378 888 delictum
1410 828 1768 889 defluxerant,
1798 835 1877 890 ιιι,
1905 838 1938 877 o
1960 822 2083 875 Dei-

511 951 663 1006 para,
696 936 751 987 in
799 943 954 986 utero
994 926 1275 984 Christum
1318 923 1437 980 sine
1466 920 1708 976 ﬂuxione
1745 916 2082 985 concipiens,

515 1028 583 1082 ad
612 1026 773 1080 vitam
804 1022 1083 1091 antiquam
1112 1017 1403 1074 revocasti.

581 1115 833 1169 Animam
897 1125 1077 1167 meam
1141 1116 1415 1162 mortuam
1474 1102 1719 1167 vivifica,
1787 1099 2083 1169 collapsam

512 1206 785 1261 exsuscita
813 1244 831 1272 ,
858 1202 1196 1256 vulneratam
1228 1211 1381 1264 sana,
1411 1210 1445 1249 o
1489 1190 1931 1256 inviolatissima,
1972 1188 2088 1242 lun-

514 1314 609 1354 cea
638 1299 750 1363 illa,
777 1312 899 1366 qua:
931 1294 1155 1365 dignum
1197 1288 1501 1344 Salvatoris
1549 1301 1615 1343 ex
1646 1293 1803 1339 utero
1850 1291 1945 1337 tuo
1975 1280 2088 1335 nati

516 1387 659 1443 latus
685 1386 991 1441 vulneravit
1044 1398 1059 1436 :
1098 1395 1259 1451 quem
1318 1376 1471 1449 pueri
1502 1375 1866 1439 benedicunt,
1907 1385 2092 1427 sacer-

518 1480 674 1534 dotes
720 1476 963 1542 laudant,
997 1475 1185 1547 populi
1236 1470 1645 1544 superexaltant
1673 1467 1729 1521 in
1763 1465 1948 1520 omnia
1987 1479 2089 1520 sa:—

518 1571 663 1627 cula.

590 1660 865 1726 lllumina,
899 1674 933 1715 o
962 1667 1117 1730 porta
1150 1657 1312 1721 lucis,
1335 1656 1576 1711 animam
1609 1667 1785 1708 meam
1844 1647 2097 1721 gravissi-

521 1754 628 1810 mis
676 1752 1171 1822 transgressionum
1229 1748 1467 1805 tenebris
1510 1746 1856 1802 obscuratam
1916 1757 1981 1797 ac
2002 1755 2094 1811 pe-

522 1847 855 1902 riclitantem
888 1862 903 1899 :
932 1853 987 1899 et
1022 1842 1110 1898 fac
1141 1858 1227 1898 me
1256 1842 1456 1897 divinae
1506 1839 1612 1895 diei
1667 1836 2008 1909 participem,
2039 1843 2097 1889 ut

524 1937 821 2009 glorificem
858 1943 930 2003 te,
988 1952 1022 1993 ο
1064 1934 1431 2008 patrocinium
1485 1932 1748 1998 fidelium,
1804 1930 1950 2002 quod
1992 1943 2101 1985 non

526 2031 900 2087 confunditur.
1368 2055 1395 2089 ορ

529 2143 615 2199 Ea:
685 2158 883 2199 canone
929 2142 985 2197 in
1031 2139 1091 2197 S.
1149 2140 1399 2208 Antipam
1445 2146 1748 2208 martyrem,
1805 2135 2103 2205 episcopum

1053 2210 1339 2281 Pergami,
1358 2210 1442 2262 die
1483 2208 1571 2262 11.

600 2323 759 2380 Lucis
782 2335 887 2380 tuae
916 2323 1244 2395 fulgoribus,
1274 2322 1477 2377 irradia
1500 2336 1533 2376 ο
1562 2319 1739 2391 puella
1776 2317 2108 2373 innocentis-

531 2414 673 2471 sima
706 2415 845 2485 (59),
878 2429 972 2470 cor
1006 2428 1211 2476 meum,
1239 2412 1385 2483 quod
1422 2413 1476 2466 in
1513 2420 1672 2467 nocte
1699 2411 2014 2481 passionum
2055 2416 2110 2462 et

531 2507 904 2562 calamitatum
968 2505 1279 2571 detinetur;
1327 2514 1385 2559 tu
1445 2502 1591 2558 enim
1648 2502 1878 2572 justitiae
1925 2500 2107 2556 Solem

533 2599 789 2655 omnibus
813 2596 1161 2653 ineﬂ‘abiliter
1196 2596 1326 2651 oriri
1358 2596 1555 2651 fecisti.

604 2689 1019 2761 Redemptorem
1051 2689 1331 2760 peperisti,
1367 2702 1400 2742 ο
1454 2685 1737 2750 inviolata,
1775 2684 1872 2755 qui
1906 2687 1973 2738 ab
2014 2686 2113 2739 ιιι)⁴

536 2783 637 2839 stis
682 2783 997 2853 captivitate
1043 2781 1296 2836 homines
1343 2778 1638 2835 liberavit:
1690 2777 1834 2833 unde
1881 2785 1932 2832 te
1988 2776 2114 2831 reli-

534 2875 688 2946 giose
714 2875 1104 2944 gloriﬁcamus.

608 2965 757 3024 Talis
803 2973 1128 3021 conservata
1185 2978 1244 3020 es
1296 2970 1419 3034 post
1480 2972 1722 3033 partum,
1776 2963 1955 3035 qualis
1991 2970 2116 3017 ante

540 3066 756 3126 partum
789 3055 995 3121 fueras,
1049 3053 1216 3125 Virgo
1272 3061 1445 3108 mater
1500 3053 1840 3122 incorrupta.
1899 3050 2113 3106 Etenim

2184 539 2628 612 σεσαρκωμένος,
2656 535 2752 589 καὶ
2782 532 2984 601 κόσμον
3013 528 3239 582 διέσωσε
3274 525 3351 596 τῷ
3380 523 3617 577 κλύδωνι
3652 522 3754 592 τῆς

2179 634 2421 705 χαλεπῆς
2450 628 2722 700 ἁμαρτίας
2745 624 2934 686 δεινῶς
2960 620 3336 691 συνεχόμενον.

2262 724 2593 787 Ῥεύσαντας
2659 718 2826 774 πάλαι
2879 717 3007 778 τοὺς
3065 712 3340 782 γενάρχας
3391 706 3764 779 παραϐάσεως

2198 819 2401 874 ἀτόπου
2432 812 2804 886 πλημμελείᾳ,
2839 812 2897 863 ὲν
2943 806 3098 879 νηδύϊ
3130 803 3382 875 ίΧριστδν
3443 801 3769 873 άρῤεύστως

2186 907 2550 973 συλλαϐοῦσα,
2581 904 2716 977 πρὸς
2747 903 2845 976 τὴν
2877 900 3021 972 ζωὴν
3060 899 3339 970 ἀνήγαγες
3368 896 3469 966 τὴν
3499 896 3765 966 ἀρχαίαν,

2186 1002 2438 1055 Θεοτόκε.

2256 1090 2694 1163 Νενεκρωμὲνην
2736 1088 2980 1153 ζώωσον,
3035 1084 3390 1138 πεπτωκυῖαν
3434 1080 3767 1150 ἁνάστησον,

2186 1182 2734 1255 τετραυματισμένην
2763 1180 2864 1251 τὴν
2902 1179 3083 1249 ψυχήν
3134 1192 3237 1247 μου
3273 1175 3424 1228 ίασαι
3470 1175 3537 1243 τῇ
3566 1172 3768 1241 λόγχῃ,

2189 1277 2522 1348 πανάμωμε,
2588 1277 2656 1346 τῇ
2708 1272 3019 1344 κεντησάσῃ
3065 1268 3215 1323 θείαν
3283 1264 3524 1336 πλευρὰν
3565 1263 3656 1317 τοῦ
3704 1266 3775 1317 ὲκ

2190 1369 2427 1441 γαστρός
2455 1386 2549 1422 σου
2583 1365 2967 1439 σσρκωθέντος
2999 1361 3276 1432 Σωτῆρος,
3303 1358 3362 1413 ὃν
3390 1357 3580 1421 παῖδες
3612 1356 3777 1410 εὐλο-

2191 1464 2402 1536 γοῦσιν,
2456 1464 2621 1535 ἱερεῖς
2666 1459 2988 1531 ἀνυμνοῦσι,
3034 1457 3157 1513 λαοὶ
3215 1451 3629 1525 ὑπερυψοῦσιν,
3691 1450 3779 1513 εἰς

2195 1559 2405 1620 πάντας
2437 1556 2563 1619 τοὺς
2591 1554 2821 1618 αἰῶνας,

2264 1647 2525 1713 Φῶτισον,
2571 1645 2716 1715 πύλη
2751 1644 2843 1699 τοῦ
2898 1642 3098 1713 φωτὸς,
3133 1641 3231 1713 τὴν
3260 1639 3440 1710 ψυχήν
3494 1654 3597 1708 μου
3655 1637 3780 1697 ταῖς

2199 1740 2399 1803 δειναῖς
2429 1737 2775 1809 ἀμαυρότησι
2815 1734 2923 1789 τῶν
2955 1732 3322 1805 παραϐάσεων
3377 1729 3781 1796 ὲσκοτισμένην

2201 1833 2295 1887 καὶ⁸
2330 1829 2766 1894 κινδυνεύουσαν,
2818 1826 2914 1882 καὶ
2948 1827 3045 1896 τῆς
3093 1825 3307 1897 ἡμέρας
3367 1820 3625 1876 κοινωνὸν
3679 1820 3783 1888 τῆς

2203 1924 2353 1988 θείας
2409 1921 2708 1989 ἀνάδειξον,
2752 1921 2902 1985 ὅπως
2924 1917 3134 1986 δοξάζω
3188 1933 3269 1982 σε,
3329 1912 3638 1987 προστασία
3668 1912 3783 1965 τῶν

2203 2017 2411 2073 πιστῶν
2442 2017 2866 2087 ἀκαταίσχυντε.

2217 2134 2311 2186 Ἐκ
2351 2133 2456 2186 τοῦ
2497 2131 2756 2196 κανόνος
2783 2130 2870 2196 είς
2895 2127 3002 2182 τὸν
3028 2125 3199 2196 ἅγιον
3222 2122 3615 2196 ἱερομᾴρτυρᾳ
3658 2118 3787 2173 Ἅν-

2356 2202 2559 2265 τίπαν,
2589 2188 2929 2255 ἐπίσὶοῖὶον
2957 2188 3287 2266 aspidm,
3310 2188 3500 2263 ἡμέρᾳ
3535 2188 3627 2245 ια’.

2277 2316 2459 2380 Φωτός
2527 2333 2620 2369 σου
2679 2315 2801 2379 ταῖς
2849 2313 3160 2385 ἀστραπαῖς
3208 2307 3578 2376 καταύγασον,
3645 2305 3789 2374 κόρη

2209 2409 2554 2479 πανάμωμε,
2601 2408 2700 2479 τὴν
2750 2408 2808 2461 ὲν
2883 2406 3040 2460 νυκτὶ
3094 2402 3283 2458 παθῶν
3334 2400 3430 2455 καὶ
3485 2397 3791 2469 συμφορῶν

2212 2503 2568 2571 συσχεθεῖσαν
2592 2499 2822 2571 καρδίαν
2862 2515 2985 2569 μου,
3009 2495 3354 2564 δικαιοσύνης
3400 2493 3560 2564 ήλιον
3616 2491 3798 2546 πᾶσιν

2211 2594 2467 2666 ἀρρήτως
2498 2591 2847 2646 ἁνατείλασα.

2297 2686 2590 2755 Ῥυόμενον
2619 2685 2746 2749 τοὺς
2774 2683 2999 2756 βροτοὺς
3025 2676 3403 2752 αἰχμαλωσίας
3432 2676 3527 2730 τοῦ
3558 2673 3790 2746 ἐχθροῦ,

2214 2773 2474 2845 ἇχραντε,
2503 2773 2595 2826 τὸν
2638 2771 2918 2845 λυτρωτὴν
2951 2772 3216 2835 τέτοκαςο
3257 2768 3381 2822 ὅθεν
3431 2765 3674 2829 εὐσεϐῶς
3729 2779 3795 2817 σε

2213 2866 2529 2936 δοξάζομεν.

2286 2957 2441 3013 Μετὰ
2472 2957 2641 3015 τόκον,
2669 2957 2744 3021 ῶς
2769 2954 2875 3027 πρὸ
2906 2953 3065 3008 τόκου
3097 2951 3481 3023 διεφυλάχθης,
3513 2952 3795 3021 Παρθενο-

2220 3053 2393 3121 μῆτορ
2443 3048 2687 3119 ἄφθορε·
2730 3046 2822 3100 τὸν
2876 3044 3219 3116 Δημιουργὸν
3268 3044 3376 3113 γὰρ
3408 3043 3629 3097 πάντων
3658 3042 3797 3096 ἁπε-

540 3146 789 3201 omnium
826 3144 1179 3201 Conditorem
1208 3141 1485 3213 peperisti,
1513 3142 1607 3211 qui
1637 3156 1703 3197 ex
1734 3150 1786 3197 te
1816 3142 2111 3196 humanum

2226 3141 2427 3213 κύησας
2454 3142 2520 3194 ἐκ
2562 3137 2680 3206 σοῦ,
2714 3138 2775 3192 τὸ
2808 3137 3154 3209 ἀνθρώπινον
3188 3135 3345 3205 σῶμα
3381 3133 3645 3197 ἑκουσίως
3691 3149 3794 3202 φο-

540 3252 741 3308 corpus
770 3236 1077 3291 voluntarie
1112 3233 1376 3303 suscepit.

611 3328 1005 3384 Divinissimus
1030 3326 1123 3382 ille
1149 3325 1434 3392 Dominus,
1462 3324 1556 3395 qui
1581 3333 1699 3380 erat
1722 3323 1778 3379 in
1797 3321 1970 3378 forma
1996 3321 2110 3389 Dei,

546 3421 808 3476 habitavit
833 3421 889 3475 in
917 3430 1105 3475 ventre
1138 3426 1256 3484 tuo,
1293 3432 1326 3473 ο
1359 3418 1675 3489 purissima,
1722 3416 2026 3488 suscipiens
2054 3431 2115 3473 ac

543 3521 763 3583 gestans
785 3512 1016 3566 formam
1042 3526 1242 3566 meam.

620 3602 858 3658 Sanctus
891 3613 974 3658 est
1000 3602 1089 3658 ille
1115 3604 1403 3668 Dominus,
1431 3602 1524 3673 qui
1566 3602 1619 3656 in
1650 3608 1808 3656 utero
1841 3610 1934 3655 tuo
1964 3599 2119 3655 babi-

494 3754 495 3757 η
548 3696 704 3756 tavit,
732 3710 764 3749 ο
796 3692 962 3766 Virgo
1002 3695 1218 3765 puella;
1264 3703 1320 3750 et
1374 3694 1675 3766 requiescit
1704 3694 1760 3748 in
1792 3693 2019 3758 sanctis,
2066 3699 2122 3748 et

547 3781 816 3854 glorificat
836 3797 930 3838 eos
962 3784 1056 3853 qui
1093 3783 1271 3851 ipsum
1320 3798 1449 3837 vera
1479 3797 1604 3838 cum
1656 3781 1760 3837 fide
1791 3780 2118 3853 glorificant.

621 3877 700 3931 Ex
743 3875 1002 3947 virgineis
1072 3874 1430 3945 sanguinibus
1487 3875 1597 3930 tuis
1644 3875 1988 3930 incarnatum
2041 3883 2125 3929 est

552 3967 789 4024 Verbum
813 3968 925 4041 94
952 3978 1284 4036 cozcternum
1315 3968 1483 4035 Patri,
1524 3976 1585 4022 ut
1610 3968 1995 4023 contritionem
2027 3981 2127 4023 no-

552 4069 722 4116 stram
753 4068 1107 4115 restauraret.
1138 4058 1431 4115 Benedicta
1477 4075 1537 4115 es
1574 4068 1630 4114 tu
1681 4060 1735 4115 in
1776 4058 2124 4125 mulieribus.

553 4164 587 4204 ο
619 4148 847 4205 Domina
877 4149 1382 4205 iutemeratissima.

623 4240 905 4313 Tanquam
938 4243 1108 4298 Mater
1145 4242 1420 4299 Creatoris
1448 4244 1717 4308 omnium,
1748 4252 2004 4314 tanquam
2040 4240 2128 4297 di-

552 4334 740 4391 vinum
766 4338 1027 4407 templum
1067 4336 1491 4407 Omnipotentis,
1533 4346 1795 4407 tanquam
1835 4343 1980 4391 terra
2009 4335 2129 4389 ina-

554 4437 694 4495 rata,
742 4444 861 4499 quae
907 4430 1117 4500 spicam
1177 4429 1407 4484 culturae
1448 4436 1724 4499 expertem
1779 4427 2125 4498 germinavit,

2250 3232 2470 3285 ἑσαντα.

2214 3252 2585 3392 ρεῗῗζῖῖρχων
2614 3319 2672 3372 ἐν
2714 3319 2894 3389 μορφῇ
2921 3314 3018 3370 τοῦ
3064 3313 3201 3369 Θεοῦ
3245 3315 3274 3368 ό
3317 3311 3587 3385 ὑπέρθεος
3628 3312 3797 3382 ἐσκή-

2216 3427 2386 3464 νωσεν
2447 3412 2505 3463 ὲν
2537 3407 2737 3479 γαστρί
2774 3423 2891 3473 σου,
2938 3406 3037 3476 τήν
3084 3403 3300 3475 μορφήν
3345 3418 3446 3473 μου
3480 3401 3725 3471 φορέσας
3764 3401 3792 3451 ό

2218 3498 2445 3570 Κύριος,
2469 3498 2801 3568 πανάμωμι.
3460 3538 3461 3541 η

2294 3590 2489 3659 ’Δγιος
2533 3590 2561 3641 ὀ
2594 3586 2881 3658 σκηνώσας
2914 3586 2972 3638 ἐν
3019 3584 3204 3655 μήτρα
3247 3598 3343 3635 σου
3399 3578 3607 3651 Κύριος
3648 3578 3679 3631 ό
3736 3576 3793 3630 ὲν

2220 3680 2435 3750 ἁγίοις,
2501 3679 2771 3750 Παρθένε,
2830 3677 3345 3746 ἑπαναπαυόμενος.
3396 3672 3495 3727 καὶ
3553 3669 3794 3736 δοξάζων

2221 3776 2347 3839 τοὺς
2375 3774 2555 3828 πίστει
2586 3771 2779 3842 άληθεῖ
2800 3770 3014 3835 τοῦτον,
3051 3769 3209 3841 κόρη,
3234 3767 3583 3833 δοξάζοντας.

2300 3867 2578 3936 Αίμάτων,
2629 3865 2788 3936 κόρη,
2842 3861 3189 3933 παρθενικῶν
3244 3874 3343 3914 σου
3394 3858 3793 3929 σεσάρκωταιό

2226 3959 2419 4027 Λόγος,
2444 3958 2473 4010 ὁ
2497 3955 2674 4027 Πατρὶ
2700 3955 3034 4025 συνάναρχος
3060 3955 3158 4024 τὴν
3196 3953 3328 4024 ἡμῖν
3363 3950 3660 4021 συντριδὴν
3701 3952 3796 4003 ὲπ-

2227 4050 2624 4122 ανορθούμενος
2643 4064 2657 4080 ·
2688 4049 3028 4120 εὐλογημένη
3058 4048 3123 4101 σὺ
3154 4048 3212 4099 ὲν
3237 4044 3482 4115 γυναιξὶν
3506 4042 3791 4115 ὑπάρχεις,

2228 4144 2542 4213 πανάμωμε
2582 4140 2868 4195 Δέσποινα.

2310 4237 2398 4299 Ὦς
2426 4235 2624 4306 Μήτηρ
2651 4232 2745 4287 τοῦ
2769 4234 2989 4288 πάντων
3020 4229 3274 4300 Ποιητοῦ,
3301 4230 3378 4293 ὡς
3402 4227 3548 4281 θεῖον
3577 4226 3792 4298 τέμενος

2229 4320 2325 4384 τοῦ
2374 4327 2840 4397 Παντοκράτορος,
2884 4325 2959 4388 ὡς
2989 4324 3061 4394 γῆ
3101 4323 3360 4392 ἀνήροτος
3392 4319 3636 4389 άσταχυν
3667 4320 3790 4385 ἀγε-

2233 4420 2483 4492 ώργητον
2532 4419 2902 4490 βλαστήσασα,
2940 4414 3385 4487 Παρθενομῆτορ,
3428 4413 3557 4474 τοὺς
3589 4409 3785 4469 πιστῶς

555 4520 737 4575 salvos
759 4518 868 4586 fac,
899 4535 933 4575 o
959 4520 1129 4592 Virgo
1157 4519 1349 4585 Mater,
1379 4535 1495 4587 eos,
1520 4520 1615 4590 qui
1636 4519 1856 4575 assidue
1874 4533 1999 4574 cum
2022 4518 2111 4575 fidt

2232 4486 2339 4568 dte-l-
2371 4486 2811 4585 κραυχάζονταςσ
2856 4486 3165 4579 Εὐλογεϊτε,
3195 4508 3373 4561 πάντα
3398 4504 3471 4558 τά
3504 4502 3662 4574 ἔργα,
3705 4500 3786 4553 τὸν

558 4614 800 4670 clamant
834 4631 849 4668 :
881 4611 1211 4680 Benedicite,
1245 4612 1432 4667 omnia
1461 4614 1777 4682 cpera,'etc.'

631 4705 749 4759 Lux
778 4704 937 4759 nobis
963 4714 1150 4760 exorta
1177 4712 1281 4770 est,
1303 4718 1338 4759 ο
1376 4704 1576 4773 puella,
1601 4719 1669 4759 ex
1698 4702 1927 4759 lucifero
1970 4711 2127 4759 utero

560 4807 677 4864 tuo,
710 4794 966 4851 conditor
997 4796 1150 4861 solis,
1191 4803 1247 4850 et
1274 4795 1574 4859 stellarum,
1598 4804 1654 4850 et
1680 4795 1947 4851 universae
1973 4809 2130 4849 crea-

561 4901 695 4944 tura:
727 4908 739 4940 :
774 4902 936 4958 quem
979 4887 1140 4943 enixe
1170 4902 1397 4959 precare
1430 4896 1490 4942 ut
1520 4900 1638 4951 eos,
1683 4885 1776 4955 qui
1836 4894 1888 4939 te
1921 4884 2130 4939 collau-

560 4981 712 5045 dant,
743 4980 1035 5036 illuminet.

2232 4609 2460 4680 Κύριον.

2301 4700 2423 4764 Φῶς
2445 4700 2579 4772 ήμϊν
2625 4697 2885 4763 ἀνέτειλε,
2918 4694 3078 4766 κόρη,
3123 4693 3187 4747 ὲκ
3218 4690 3537 4761 φωτοφόρου
3573 4704 3664 4741 σου
3700 4702 3783 4754 νην

2230 4791 2375 4856 δύος,
2403 4794 2431 4844 ὁ
2463 4789 2803 4862 Δημιουργδς
2834 4787 2928 4842 τοῦ
2957 4788 3132 4857 ἡλίου,
3161 4786 3253 4839 καὶ
3277 4784 3384 4837 τῶν
3406 4781 3671 4851 ἀστέρων,
3700 4776 3785 4831 καὶ

2237 4884 2420 4956 πάσης
2459 4883 2712 4947 κτίσεως,
2746 4881 2804 4935 ὃν
2853 4880 3084 4945 ἐκτενῶς
3139 4878 3351 4931 ἱκέτευε
3392 4872 3780 4944 φωταγωγῆσαι

2235 4977 2361 5040 τοὺς
2395 4974 2698 5047 ὑμνοῦντάς
2734 4990 2819 5029 σε.

1136 5098 1222 5154 Ea:
1261 5114 1458 5153 canone
1505 5098 1559 5152 in
1613 5094 1718 5152 SS.
1750 5104 1801 5151 et
1835 5095 2176 5151 admirabiles
2209 5094 2421 5148 Dimum
2451 5106 2500 5148 et
2542 5093 2875 5156 Protionum,
2912 5090 2995 5144 die
3034 5044 3099 5143 ii
3130 5086 3286 5156 (59‘).

631 5216 828 5273 Totum
876 5215 1117 5286 seipsum
1145 5212 1374 5271 Creator
1398 5212 1742 5279 exinaniens,
1771 5212 2129 5282 quemadmo-

636 5372 749 5446 (59)
788 5374 867 5446 An
898 5372 1297 5446 insontem,_vel
1329 5370 1671 5446 innocentem
1704 5366 1975 5438 appellare
2014 5381 2139 5435 pos-

567 5441 758 5502 sumus
798 5444 1095 5508 hominem,
1122 5442 1213 5510 qui
1236 5441 1689 5511 quamvisrmulto
1716 5447 2138 5511 temperet-cete

567 5516 779 5577 vixerit,
827 5512 1117 5582 aliquando
1140 5508 1309 5566 inter
1359 5521 1564 5576 sontes,
1593 5518 1850 5582 nocentes
1878 5508 1982 5582 _vel
2013 5521 2136 5560 reos

567 5576 886 5638 numeratus
917 5576 1043 5637 est?
1082 5582 1365 5648 Quomodo
1417 5596 1545 5650 ergo
1594 5579 1654 5632 Β.
1680 5576 2136 5650 Virgo‘innocen-

569 5656 801 5717 tissima,
831 5654 877 5707 si
901 5645 1221 5707 innocentia:
1257 5645 1535 5721 originalis
1578 5647 1937 5718 praerogativa
1972 5646 2044 5721 illi
2081 5645 2132 5698 in

568 5734 834 5791 conceptu
877 5723 1089 5778 defuit?
1153 5717 1367 5777 Favere'
1417 5717 1628 5791 videtur
1674 5726 1944 5791 perpetuae
1982 5717 2137 5791 inno-

571 5787 766 5849 centia':
781 5792 840 5848 Β.
874 5790 1108 5863 Virginis
1134 5795 1200 5849 ab
1230 5792 1477 5865 originali
1506 5790 1749 5846 Ecclesia
1778 5787 1987 5850 Graeca,
2006 5789 2131 5840 dum

2236 5210 2366 5266 dum
2404 5208 2507 5265 sibi
2539 5205 2890 5277 complacuit,
2924 5220 2990 5259 ex
3030 5211 3187 5257 utero
3232 5210 3325 5255 tuo
3356 5196 3625 5270 processit
3662 5193 3781 5249 ami-

2246 5364 2299 5420 in
2329 5362 2719 5432 Exsequiarum
2763 5359 2948 5415 Officio
2986 5358 3158 5415 eidem
3207 5355 3298 5432 ἓΒ.Δ
3328 5354 3530 5432 Virgini
3566 5354 3777 5432 occinit:

2249 5435 2369 5488 Non
2419 5428 2502 5487 est
2533 5443 2720 5500 prwter
2758 5442 2804 5485 te
2848 5434 3088 5483 innocens
3127 5429 3408 5498 quispiam,
3464 5428 3778 5500 immacnlala

2252 5504 2343 5555 Dei
2372 5494 2634 5555 Genitrix.
2666 5502 2773 5555 Nec
2803 5517 2910 5555 non
2946 5500 3002 5554 S.
3031 5494 3337 5552 Bcrhardus
3367 5513 3532 5551 serm.
3563 5498 3612 5549 in
3645 5494 3777 5548 Salve

2242 5572 2460 5640 Regina,
2502 5573 2628 5625 dum
2678 5572 2764 5625 his
2816 5570 2996 5625 verbis
3048 5569 3101 5640 Β,
3149 5567 3419 5637 Virginem
3475 5568 3775 5640 alloquitur:

2247 5637 2499 5695 Innocens
2530 5642 2680 5709 [nisti
2725 5640 2790 5693 ab
2826 5638 3171 5709 originalibus
3208 5649 3256 5705 δέ
3301 5637 3620 5701 octantibus,
3651 5645 3777 5687 nemo

2242 5715 2317 5766 ita
2345 5721 2530 5780 pra'ter
2562 5709 2652 5776 Te,
2683 5710 2929 5764 Domina.

2318 5776 2449 5858 (ὅθ’)
2489 5779 2674 5837 ϐεξκερ
2712 5780 3089 5837 desiderantur
3121 5780 3173 5834 in
3206 5779 3361 5835 libris
3390 5776 3685 5850 impressis.
