3996 6596
221 363 358 430 1097

1660 379 2026 440 MARIALE.

3343 383 3481 449 1098

210 484 337 532 ctus
395 491 581 543 carne,
639 491 672 529 ο
736 478 1248 539 immaculatissima
1294 485 1556 554 Domina;
1609 501 1662 546 ut
1699 495 1801 546 im-
1836 523 1876 572 Α
1977 494 2020 550 Ο
2055 495 2218 565 Virgo
2261 504 2432 561 casta,
2472 497 2728 566 nuptialis
2759 498 2983 553 thalami
3012 498 3220 564 nescia,
3246 499 3481 555 assiduis

215 570 574 624 mortalitatis
607 569 810 626 fontem
844 573 1159 632 hominibus
1190 580 1566 649 copiosissime
1596 583 1798 639 faceret

211 675 495 716 ennanare.

286 754 600 808 Laudamus
625 763 696 817 te.
734 756 900 826 Virgo
926 760 1298 829 sanctissima,
1345 766 1606 835 quoniam
1643 768 1794 821 illum

213 844 448 914 genuisti
485 845 577 915 qui
615 845 684 900 ab
731 849 987 904 omnibus
1037 855 1305 910 creaturis
1343 857 1564 912 assidue
1593 858 1797 928 gloriti-

213 947 391 990 εδιυτ.

285 1025 542 1083 Thronus
573 1027 688 1093 Dei,
715 1044 747 1082 o
776 1030 1090 1100 purissima,
1125 1033 1267 1090 facta
1298 1051 1376 1102 es,
1410 1047 1463 1092 et
1494 1038 1799 1109 prmlaris-

213 1119 415 1172 simum
448 1121 729 1190 palatium,
766 1138 830 1177 ac
858 1124 1202 1196 lectulus,_in
1232 1144 1342 1200 quo
1368 1130 1636 1190 Dominus
1670 1149 1793 1188 om-

215 1212 365 1265 nium
397 1213 694 1270 reclinatus
730 1225 835 1283 est,
869 1227 924 1272 ut
958 1219 1200 1288 primum
1251 1235 1531 1293 parentem
1584 1228 1792 1283 excita-

213 1315 298 1358 ret
327 1321 393 1359 ac
423 1306 704 1364 relevaret.

285 1397 607 1469 Promptum
654 1418 718 1456 ac
779 1416 1028 1473 paratum
1089 1409 1400 1474 auxilium,
1465 1426 1657 1467 eorum
1702 1415 1792 1484 qui

212 1491 439 1554 cadunt,
481 1493 833 1561 erectionem,
911 1498 1134 1554 Matrem
1189 1501 1280 1556 Dei
1331 1504 1522 1568 nostri,
1581 1506 1794 1576 hymnis

211 1582 542 1648 perennibus
574 1587 1009 1656 magniliremus.

285 1672 364 1729 Ex
399 1687 554 1730 utero
590 1689 815 1747 paterno
869 1691 992 1735 ante
1027 1683 1318 1739 luciferum
1359 1698 1583 1742 exortus
1630 1704 1786 1743 coru-

212 1769 404 1830 scasti.
435 1767 528 1838 qui
575 1779 788 1824 uterum
845 1773 1438 1844 immaculatissimum,
1477 1793 1534 1834 ut
1587 1798 1787 1850 corpus

211 1875 553 1929 assumeres,
591 1864 878 1936 ingressus
911 1867 1086 1923 fuisti.

224 2000 323 2056 Ἐκ
361 2003 469 2057 τοῦ
501 2006 772 2083 Κανόνος
803 2007 904 2083 Διτςις
934 2008 1041 2083 τὸν
1079 2009 1250 2083 ᾷγιον
1290 2015 1595 2083 Μαρτίνον
1624 2015 1797 2068 πάπα

715 2076 961 2148 Ῥώμης»
1000 2076 1190 2151 ἡμέρα
1215 2083 1305 2152 ιγ’.

294 2187 354 2242 Ὀ
387 2191 527 2244 κατὰ
557 2190 717 2259 φύσιν
750 2192 850 2264 τὴν
899 2193 1050 2248 θείαν
1094 2196 1327 2266 ἀόρατος
1359 2199 1550 2271 ὡράθη
1599 2202 1796 2273 βρέφος

208 2279 278 2334 ὲκ
339 2280 435 2334 σοῦ
488 2281 776 2356 ἄνθρωπος
817 2287 1145 2357 γενόμενος,
1195 2291 1388 2355 διπλὰς
1443 2295 1519 2358 ὼς
1577 2297 1795 2368 ἀληθῶς

211 2373 464 2445 Θελήσεις
493 2378 775 2448 ἐνεργείας
800 2396 859 2433 τε
885 2383 1218 2452 προσφαίνον
1243 2383 1543 2439 ὑποστάσει
1573 2389 1630 2441 ἐν
1653 2392 1754 2460 μιᾷ
1779 2404 1792 2418 ·

210 2460 257 2536 ᾧ
297 2468 589 2539 πρέσϐευε,
620 2473 954 2545 πανὰμωμε,
986 2475 1162 2530 πάντα
1194 2477 1344 2548 ἡμᾶς
1370 2477 1638 2545 σώζεσθαι
1669 2484 1796 2546 τοὺς

211 2561 368 2634 πόθῳ
401 2581 459 2616 σε
489 2581 550 2633 γε
559 2566 874 2638 ραίροντας.

285 2657 464 2728 Πατρὶ
519 2659 612 2712 τὸν
668 2661 931 2733 ὁμότιμον
961 2665 1056 2719 καὶ
1105 2666 1394 2738 σύνθρονον
1435 2667 1575 2738 ὑπὲρ
1624 2669 1794 2738 Λόγον

211 2748 533 2821 ἐγέννησας,
559 2753 843 2824 ἐνεργείας
867 2756 961 2810 δύο
991 2759 1228 2831 φέροντα
1257 2761 1354 2813 καὶ
1380 2759 1474 2814 δύο
1499 2763 1594 2826 τὰς
1636 2763 1793 2835 θελή-

213 2856 353 2904 σεις,
382 2843 625 2912 παναγία
663 2847 839 2920 Κόρη.

297 2935 390 2988 Ἐν
436 2935 530 2988 δύο
595 2938 807 3003 οὐσίαις
863 2941 1192 3013 θεανδρικῶς
1244 2947 1643 3020 γνωριζόμενον
1693 2949 1793 3019 τῆς

211 3024 446 3093 Τριάδος
488 3027 580 3079 τὸν
617 3026 716 3082 ἕνα
749 3028 989 3099 ὲκύησας
1012 3032 1144 3086 Θεὸν
1171 3036 1306 3105 ὁμοῦ
1352 3041 1443 3090 καὶ
1482 3038 1790 3109 ἄνθρωπον,

214 3113 472 3183 θελήσεις
504 3116 737 3188 φέροντα
778 3121 1136 3193 καταλλήλως
1164 3124 1272 3178 τῶν
1322 3127 1516 3181 τούτου
1550 3130 1787 3198 φύσεων,

214 3205 466 3276 Παρθένε
496 3210 842 3281 πανάμωμε.

1905 591 2176 660 precibus,
2214 605 2378 645 exora
2412 589 2716 654 Christum,
2761 607 2923 661 quem
2983 592 3218 663 genuisti
3267 602 3326 648 ut
3365 595 3484 650 ani-

1904 683 2098 737 mabus
2134 683 2338 738 nostris
2361 698 2480 737 sese
2507 684 2800 753 propitium
2844 685 3125 756 largiatur.

1971 796 2148 851 Divini
2184 799 2466 869 sanguinis
2493 800 2812 868 aspersione
2837 801 3120 870 redempti,
3152 800 3245 854 Dei
3282 802 3479 866 nostri,

1899 893 1991 960 qui
2024 893 2132 963 95
2179 909 2244 949 ex
2275 903 2429 949 utero
2458 904 2573 958 tuo,
2604 912 2636 950 ο
2667 895 2850 965 Virgo,
2901 899 3020 951 sine
3067 899 3276 953 semine
3321 907 3479 953 natus

1899 995 2002 1050 cst,
2071 986 2138 1040 ad
2182 996 2232 1040 te
2283 987 2587 1042 clamamus
2636 1004 2758 1042 cum
2789 990 3040 1044 Gahriele
3100 992 3412 1045 venerando
3461 1010 3475 1046 :

1901 1081 2033 1142 Ave,
2061 1094 2093 1132 ο
2121 1079 2302 1134 divina
2334 1081 2504 1149 gratia
2540 1082 2882 1150 plenissima.

1971 1193 2146 1263 Supra
2179 1194 2407 1249 rationis
2446 1205 2664 1264 captum
2701 1197 2936 1251 Verbum
2958 1199 3257 1270 concepisti
3306 1209 3358 1255 et
3385 1216 3478 1269 pe-

1822 1343 1824 1345 _
1901 1287 2111 1354 peristi,
2160 1294 2214 1340 et
2261 1284 2427 1356 Virgo
2462 1297 2612 1340 easta
2677 1297 2844 1358 atque
2883 1289 3200 1360 incorrupta
3265 1291 3416 1347 fuisti
3463 1310 3477 1346 :

1901 1377 2021 1431 ideo
2053 1386 2104 1431 te
2143 1393 2241 1446 pro
2275 1377 2460 1431 debito
2491 1378 2730 1432 assiduis
2758 1379 3012 1434 laudibus
3037 1382 3406 1438 celebramus.

1969 1487 2168 1559 Fulgor
2201 1489 2465 1544 radiantis
2525 1489 2664 1545 lucis
2697 1506 2761 1544 ex
2821 1499 2872 1545 te
2919 1496 3251 1558 coruscavit,
3285 1511 3318 1549 ο
3353 1495 3479 1550 Dei-

1896 1595 2049 1649 para,
2102 1589 2266 1649 atque
2307 1580 2592 1636 universas
2643 1596 2731 1636 res
2798 1591 3014 1636 creatas
3041 1583 3228 1636 divino
3279 1584 3480 1641 lumine

1895 1673 2138 1742 replevit,
2167 1683 2329 1744 atque
2350 1673 2646 1743 impietatis
2675 1684 2890 1729 noctem
2915 1677 3218 1731 eliminavit
3243 1696 3254 1730 :
3280 1695 3476 1748 quam-

1895 1765 2081 1820 obrem
2115 1775 2166 1820 te
2195 1767 2418 1821 vocibus
2451 1767 2814 1822 concordibus
2846 1769 3281 1836 magnilicamus.

1973 2013 2058 2067 Ex
2085 2013 2296 2068 Canone
2321 2016 2372 2068 in
2411 2014 2467 2069 S.
2507 2016 2802 2071 Martinam
2831 2017 2948 2074 PP.
2987 2028 3036 2073 et
3077 2018 3179 2085 M.,
3207 2022 3290 2074 die
3321 2024 3405 2076 l3.

1969 2192 2081 2258 Ille,
2105 2194 2196 2264 qui
2221 2195 2522 2250 secundum
2549 2197 2787 2252 divinam
2823 2208 3077 2254 naturam
3113 2212 3196 2256 est
3231 2203 3477 2259 invisibi-

1899 2289 1986 2353 lis,
2025 2289 2176 2344 visus
2210 2299 2292 2344 est
2332 2290 2537 2353 infans,
2581 2306 2648 2345 ex
2686 2302 2737 2347 te
2769 2292 2943 2348 factus
2971 2295 3154 2361 homo,
3183 2294 3394 2352 habens
3423 2299 3474 2351 in

1899 2380 2057 2434 unica
2090 2381 2367 2450 hypostasi
2417 2397 2540 2436 vere
2579 2383 2719 2438 duas
2765 2385 3070 2441 voluntates
3107 2397 3164 2443 et
3203 2391 3479 2458 operatio-

1897 2488 2013 2527 ues.
2050 2470 2208 2528 Hunc
2237 2482 2318 2538 to,
2354 2488 2388 2527 ο
2437 2474 2760 2543 purissima,
2813 2476 3113 2547 deprecare
3163 2497 3260 2550 pro
3303 2486 3478 2538 salute

1895 2564 2142 2618 omnium
2186 2565 2280 2633 qui
2309 2573 2361 2622 te
2394 2581 2519 2620 eum
2553 2565 2746 2622 aﬁectu
2785 2579 3137 2626 venerantur.

1967 2654 2256 2725 Equalem
2312 2657 2458 2713 Patri
2505 2658 2559 2714 in
2619 2659 2829 2716 honore
2873 2676 2938 2716 ac
2989 2663 3186 2719 throno
3217 2664 3474 2724 inelIabili

1896 2749 2060 2803 modo
2098 2752 2391 2818 generasti,
2427 2767 2459 2806 ο
2487 2753 2835 2807 sanctissima
2880 2755 3080 2822 puella,
3110 2757 3248 2811 duas
3279 2760 3475 2816 volun-

1898 2849 2034 2895 tates
2060 2857 2124 2895 ac
2156 2843 2293 2898 duas
2320 2847 2667 2912 operationes
2701 2845 3016 2900 habentem.

1966 2932 2023 2987 lu
2051 2935 2265 2990 duabus
2290 2937 2615 2992 substantiis
2661 2939 2844 2993 divina
2868 2952 2924 2994 et
2953 2942 3190 2996 humana
3227 2944 3474 2998 notiflca-

1897 3037 2012 3081 tum
2045 3045 2215 3083 unum
2245 3030 2528 3084 Trinitatis
2559 3032 2842 3100 peperisti,
2873 3050 2906 3086 ο
2937 3033 3100 3103 Virgo
3136 3043 3246 3088 tota
3282 3037 3475 3090 imma-

1895 3121 2099 3185 culata,
2159 3122 2328 3177 Deum
2376 3123 2541 3178 simul
2579 3133 2633 3179 et
2672 3124 2968 3189 hominem,
3008 3127 3296 3180 habentem
3335 3127 3474 3181 duas

1894 3215 2202 3270 voluntates
2225 3215 2382 3285 juxta
2418 3215 2691 3285 duplicem
2727 3217 2901 3286 ipsius
2927 3229 3203 3273 naturam.

297 3297 699 3370 Ἀπειρόγαμος
738 3302 1004 3371 Παρθένε,
1038 3308 1070 3376 ἡ
1102 3306 1193 3360 τὸν
1224 3309 1638 3379 ἀπερίγραπτον
1663 3314 1793 3368 Θεὸν

1968 3309 2013 3364 0
2040 3307 2225 3378 Virgo,
2255 3324 2376 3378 quae
2413 3309 2532 3365 sine
2558 3310 2702 3364 virili
2738 3311 3070 3364 commercio
3093 3309 3260 3365 Deum
3302 3312 3474 3367 incir-

216 3391 386 3457 σαρκὶ
435 3393 710 3462 κυήσασα,
757 3397 858 3465 τῆς
888 3399 1090 3468 σαρκός
1129 3418 1232 3469 μου
1265 3403 1336 3455 τὰ
1374 3403 1516 3474 πάθη
1555 3405 1798 3460 θανάτω-

219 3499 310 3535 σον
333 3498 347 3510 ·
392 3482 614 3547 ξώωσον
638 3485 692 3539 δὲ
720 3487 815 3558 τὴν
839 3487 1015 3559 ψυχήν
1048 3507 1151 3560 μου
1173 3497 1590 3569 νενεκρωμένην
1617 3499 1798 3571 πλημ-

216 3575 354 3646 μιλή
363 3593 549 3646 μασιν.

285 3667 463 3738 Νόμοι
496 3669 710 3738 φύσεως
743 3673 801 3726 ὲν
853 3674 936 3727 σοὶ
967 3675 1358 3733 καταλύονται·
1394 3683 1651 3754 ἀρρήτως
1687 3671 1795 3756 γάρ

215 3755 422 3823 τίκτεις
467 3761 558 3814 τὸν
589 3762 968 3834 Πλαστουργὸν
1015 3766 1124 3820 τῶν
1182 3769 1341 3836 ὅλων,
1392 3773 1618 3828 Θεοτόκε
1655 3755 1794 3830 πανέ

217 3848 448 3922 ύμνητε,
484 3852 558 3917 ὡς
588 3853 718 3908 Θεόν
744 3872 803 3908 τε
840 3859 934 3910 καὶ
960 3857 1152 3929 βροτὸν
1186 3863 1284 3916 δύο
1326 3863 1576 3938 θελήσεις
1615 3868 1672 3922 δὲ
1702 3886 1792 3922 κε-

216 3945 494 4014 κτημένον
527 3947 620 3998 καὶ
647 3948 952 4018 ἐνεργείας,
974 3941 1428 4026 Μητροπάρθενε.

300 4121 359 4177 ’0
387 4123 639 4195 θελήσεσι
667 4126 758 4181 δύο
782 4130 875 4182 καὶ
901 4130 1055 4185 δυσὶν
1090 4136 1397 4204 ἐνεργειαις
1433 4138 1496 4188 ἐκ
1523 4137 1637 4202 σοῦ,
1659 4155 1790 4192 παν-

224 4232 442 4287 υμωμε,
474 4217 689 4288 τεχθεὶς
723 4219 1182 4294 ἁνερμηνεύτως,
1227 4227 1352 4289 τοὺς
1377 4226 1518 4280 οὕτω
1549 4245 1794 4299 συμφρο-

213 4308 445 4375 νοῦντας
485 4312 743 4378 διασώζει
785 4316 1197 4387 κραυγάζοντας
1223 4338 1236 4352 ·
1293 4320 1349 4372 '0
1391 4321 1500 4374 τῶν
1539 4322 1794 4396 πατέρων

215 4405 377 4476 ⁴ἡμῶν
402 4408 699 4480 εὐλογητὸς
724 4406 794 4475 εί,
823 4412 976 4476 Θεός.

299 4498 606 4571 Ἀγιωτέρα
624 4503 731 4554 τῶν
761 4502 873 4556 ἄνω
908 4505 1354 4575 στρατευμάτων,
1382 4508 1472 4559 καὶ
1514 4508 1793 4580 Χερουόὶμ

1899 3404 2387 3473 cumscriptibilem
2423 3404 2679 3473 peperisti
2730 3405 2781 3456 in
2815 3417 3002 3468 carne,
3039 3404 3307 3459 mortiﬁca
3350 3422 3476 3476 pas-

1899 3495 2082 3550 siones
2115 3496 2299 3550 carnis
2342 3511 2493 3559 meae,
2547 3505 2601 3549 et
2636 3496 2875 3549 animam
2925 3511 3100 3550 meam
3150 3497 3470 3554 delictorum

1899 3598 2073 3642 morte
2106 3595 2440 3657 peremptam
2477 3594 2639 3656 atque
2672 3586 2998 3640 exstinctam
3039 3588 3272 3642 vivilica.

1969 3679 2187 3734 Natura:
2210 3678 2356 3747 leges
2378 3679 2430 3731 in
2467 3686 2517 3732 te
2540 3677 2937 3740 dissolvuntur,
2963 3677 3310 3732 ineﬂ‘ahiliter
3324 3680 3472 3734 enim

1896 3773 2211 3828 Creatorem
2263 3773 2508 3826 omnium
2537 3772 2704 3841 paris.
2740 3786 2773 3824 ο
2812 3771 3034 3840 Deipara
3067 3773 3320 3827 omnibus
3354 3773 3475 3828 latt-

1897 3865 2057 3919 tlihus
2085 3864 2433 3927 celebranda,
2466 3861 2636 3918 Mater
2679 3873 2733 3916 et
2761 3861 2921 3932 Virgo
2947 3881 2960 3916 :
2991 3873 3248 3933 tauquam
3305 3865 3472 3919 Deum

1897 3967 1951 4012 et
1983 3957 2454 4020 ltomiucut,',dttas
2499 3955 2809 4009 voluntates
2843 3957 3094 4026 duasque
3122 3957 3472 4026 operatione:

1900 4050 2210 4101 habentem.

1968 4141 2078 4212 96
2105 4139 2207 4206 Qui
2257 4155 2380 4194 cum
2414 4139 2616 4208 duplici
2655 4139 2958 4203 voluntate,
2998 4155 3062 4195 ac
3094 4140 3298 4209 duplici
3343 4155 3471 4209 ope-

1897 4237 2108 4288 ratione
2135 4249 2197 4288 ex
2235 4244 2286 4287 te
2331 4231 2680 4286 ineﬂabiliter
2725 4241 2890 4284 natus
2925 4242 3030 4293 est,
3062 4247 3096 4284 o
3151 4230 3467 4299 purissima,

1895 4341 2012 4392 eos,
2041 4325 2136 4394 qui
2176 4325 2279 4379 hoc
2319 4323 2462 4377 idem
2497 4323 2761 4387 sentiunt,
2796 4322 2976 4377 salvat
3002 4324 3342 4378 clamantes:
3374 4321 3472 4376 Be-

1897 4417 2146 4470 nedictus
2177 4414 2318 4469 Deus
2345 4423 2585 4483 patrum.

1970 4506 2226 4561 Sanctior
2267 4505 2523 4576 supernis
2577 4503 2929 4568 exercitibus,
2960 4512 3013 4557 et
3048 4503 3340 4557 Cherubim
3377 4519 3473 4557 su-

215 4589 518 4661 ὐπερτέρα,
564 4593 757 4664 Μῆτερ
797 4595 956 4660 Θεοῦ,
998 4597 1410 4669 ἐχρημάτισας·
1455 4598 1536 4652 διὸ
1583 4599 1788 4673 βλάῦης

1917 4599 2115 4653 »ιὶιηὶοτ
2147 4597 2287 4652 facta
2313 4612 2392 4661 es,
2428 4611 2460 4650 ο
2501 4596 2592 4650 Dei
2619 4595 2831 4650 Mater:
2868 4604 3156 4665 propterea
3195 4597 3471 4664 passiOui-

216 4679 410 4732 παθῶν
446 4699 514 4750 με
542 4683 848 4756 ὑπέρτερον
881 4687 1128 4758 ποίησον.

284 4772 496 4838 Φωναῖς
527 4775 786 4845 Πατὲρων
814 4780 1150 4848 πειθόμενοι,
1178 4779 1269 4834 δύο
1290 4782 1348 4834 ὲν
1369 4781 1598 4850 οὐσίαις,
1629 4784 1790 4855 ἁγνὴ,

215 4867 309 4916 καὶ
341 4864 592 4937 θελήσεσι
621 4869 712 4921 τὸν
739 4870 834 4923 ἕνα
857 4875 956 4942 τῆς
996 4873 1220 4943 Τριὰδος
1257 4876 1318 4927 ἐκ
1344 4875 1437 4929 σοῦ
1476 4875 1793 4948 τικτόμενον

214 4959 427 5023 πιστῶς
478 4961 871 5035 ὁμολογοῦμεν,
934 4966 1029 5019 καὶ
1097 4967 1175 5033 σὲ,
1224 4967 1498 5040 Ιιαρθὲνε,
1556 4969 1795 5042 μεγαλύ-

213 5069 401 5109 νοαεν.

1901 4694 2003 4748 bus
2031 4692 2212 4761 noxiis
2248 4706 2333 4745 me
2361 4691 2696 4761 superiorem
2724 4690 2894 4744 eﬂice.

1972 4759 2200 4840 Patruni
2234 4759 2462 4837 vocibus
2508 4781 2847 4845 obedientes,
2886 4781 2939 4833 in
2973 4779 3185 4833 duabus
3211 4771 3470 4833 substan-

1904 4878 1992 4934 tiis
2024 4893 2088 4931 ac
2126 4873 2498 4928 voluntatibus
2525 4888 2692 4926 unum
2721 4871 3005 4925 Trinitatis
3040 4887 3104 4924 ex
3133 4880 3204 4934 te,
3230 4885 3261 4921 o
3296 4877 3466 4933 casta,

1901 4979 2112 5032 natum,
2155 4965 2382 5020 lideliter
2412 4963 2832 5025 conﬂtemur,et
2865 4970 2937 5024 te,
2967 4977 2999 5012 ο
3038 4957 3223 5031 Virgo,
3264 4956 3474 5026 magni-

1901 5063 2148 5114 Iicamus.

360 5167 447 5222 Ea:
504 5170 717 5225 Conone
749 5173 803 5226 iu
843 5171 947 5228 SS.
985 5174 1350 5229 Aristarchum
1404 5175 1615 5228 l’udam
1649 5187 1695 5229 et
1741 5174 2084 5245 Troplaimum
2125 5190 2189 5228 ea:
2227 5173 2498 5236 discipulis
2524 5171 2879 5239 septuaginta,
2913 5166 2996 5220 die
3047 5166 3113 5220 M
3148 5163 3326 5236 (59").

289 5287 359 5344 Ut
399 5305 496 5346 eos
543 5292 635 5360 qui
671 5292 964 5348 inferiores
1023 5303 1180 5347 erant
1233 5311 1378 5349 nune
1415 5295 1794 5364 superioribus

215 5383 580 5453 conjungeret
625 5384 766 5440 Deus
794 5386 863 5440 ob
906 5403 1190 5441 excessum
1246 5388 1634 5441 misericordia:
1662 5403 1794 5451 suze,

217 5491 442 5529 carnem
477 5479 720 5547 suscepit
755 5495 820 5531 ex
873 5489 943 5543 te,
1000 5496 1032 5530 ο
1085 5479 1367 5542 inviolata,
1408 5489 1461 5532 et
1498 5481 1798 5548 permansit

219 5566 294 5626 id.
323 5569 469 5634 quod
499 5579 634 5630 erat,
669 5570 832 5624 etiam
870 5581 986 5638 post
1026 5569 1474 5624 incarnationem.

289 5659 456 5715 Lacte
493 5661 672 5716 nutris
699 5663 1020 5716 nutritorcut
1059 5663 1244 5718 mundi
1288 5664 1550 5729 universi,
1610 5675 1796 5720 uatum

295 5823 452 5895 (59“)
491 5821 678 5878 Graeca
714 5823 927 5878 desunt.

547 5919 818 5978 PATROL.
860 5922 974 5979 Gn.
1023 5918 1148 5979 CV.

1901 5296 2019 5350 sine
2052 5296 2262 5349 semine
2307 5309 2374 5348 ex
2419 5291 2704 5362 impolluto
2753 5298 2908 5343 utero
2955 5296 3067 5349 tuo,
3097 5286 3188 5355 qui
3222 5282 3470 5338 homines

1901 5385 2256 5454 corruptione
2290 5385 2496 5454 peccati
2532 5381 2801 5437 contritos
2831 5379 3124 5448 reparavit.

1972 5479 2107 5533 Cum
2149 5478 2244 5539 sis.
2277 5493 2309 5532 ο
2348 5477 2625 5538 inviolata,
2654 5476 2829 5530 virtus
2865 5487 3004 5537 mea,
3055 5480 3110 5525 et
3157 5467 3471 5539 prasidium

1905 5586 2108 5634 meum,
2152 5585 2450 5640 murusque
2498 5566 2950 5637 inexpugnabilis,
3001 5572 3055 5617 et
3106 5561 3248 5630 apud
3301 5559 3470 5614 Deum

1905 5664 2134 5732 oratrix,
2166 5664 2235 5719 ab
2265 5661 2486 5718 atternis
2521 5661 2782 5732 gehennae
2820 5655 3049 5712 ﬂammis
3080 5653 3255 5709 libera
3286 5665 3392 5708 me.

3469 5759 3527 5799 μιν

3043 5899 3123 5960 35
