3996 6594
464 396 599 463 1103

1594 401 1651 460 S.
1699 400 2014 461 JOSEPIII
2060 402 2622 465 llYMNOGHAl‘HI

3592 399 3729 464 1104

455 508 776 578 ignorantia:
794 508 1032 564 tenebris
1054 519 1375 581 occupatam
1398 525 1412 576 ;
1429 518 1485 563 ut
1502 508 1740 564 divinam
1767 522 2043 566 assecutus

2174 516 2564 585 ιρατούμενον,
2608 517 2755 579 ὅπως
2808 515 2987 586 τυχὼν
3019 514 3165 567 Θεὶου
3209 506 3493 583 quoium?)
3533 511 3601 566 τὰ
3634 528 3729 581 με-

456 600 900 665 illustrationem,
954 603 1223 672 magnalia
1267 610 1357 657 tua
1410 602 1756 666 aunuutiem,
1799 618 1831 657 ο
1881 602 2044 675 Virgo

458 703 745 764 perpetua.

2152 607 2347 675 γαλεἶά
2377 626 2471 662 σου
2501 607 2880 677 καταγγέλλω,
2927 606 3304 678 ’Λειπάρθενε.

1092 812 1177 869 Ea:
1224 814 1440 870 Conone
1500 815 1552 869 in
1600 813 1660 872 S.
1722 814 1974 870 Acacium
2024 819 2325 889 episcopum
2402 823 2678 891 Melitina',
2717 823 2801 878 die
2837 822 2904 876 i7
2936 820 3094 893 (60‘).

528 931 632 996 ‘l‘u,
660 946 781 1000 qua:
808 946 1009 985 arcano
1033 941 1196 1000 alque
1227 931 1487 986 ineffabili
1520 932 1678 987 modo
1707 932 1816 985 Deo
1846 947 2045 1002 corpus

458 1024 679 1087 dedisti,
734 1033 784 1078 et
825 1040 922 1077 nos
956 1025 1202 1093 repulsos
1248 1034 1413 1094 atque
1465 1024 1698 1094 rejectos
1738 1025 1912 1079 cidem
1958 1041 2043 1078 re-

455 1115 785 1178 couciliasti,
806 1132 837 1168 0
864 1124 1011 1168 casta
1047 1115 1193 1168 omni
1225 1114 1387 1169 laude
1414 1114 1760 1185 dignissima,
1804 1112 2043 1179 medere,

455 1222 661 1276 quaeso,
693 1207 1040 1275 passionibus
1074 1206 1258 1260 cordis
1286 1206 1392 1260 mei
1431 1206 1689 1275 passione
1734 1206 1823 1259 lilii
1861 1206 1960 1272 tui,
1996 1216 2049 1261 et

455 1300 665 1354 salvum
695 1315 780 1353 me
808 1298 891 1353 fac.
934 1301 1252 1369 psallentem
1286 1299 1530 1369 quotidie
1562 1318 1573 1354 :
1611 1298 1863 1354 Gloriose
1893 1299 2039 1353 enim

455 1394 790 1464 gloriﬁcatus
819 1409 898 1456 es,
925 1406 1028 1448 etc.

525 1486 569 1542 0
602 1498 777 1557 porta,
810 1504 907 1558 per
940 1503 1104 1558 quam
1146 1484 1280 1540 nulli
1318 1486 1583 1539 transitus
1631 1493 1814 1554 patet,
1861 1484 2039 1555 paeni-

455 1579 639 1633 tentiae
673 1588 884 1649 portas,
918 1594 950 1633 ο
990 1590 1160 1645 easta,
1188 1576 1338 1648 aperi
1370 1579 1528 1644 mihi,
1555 1588 1609 1633 et
1637 1578 1689 1630 in
1720 1578 1838 1632 vias
1865 1587 2045 1633 rectas

454 1672 629 1742 dirige
662 1686 768 1728 me.

498 1763 776 1828 'Vivilica,
822 1763 1073 1829 Domina,
1109 1780 1195 1818 me
1236 1772 1514 1819 mortuum
1553 1778 1567 1815 :
1600 1771 1654 1818 et
1698 1764 1752 1817 in
1799 1776 2040 1817 errorem

456 1857 739 1913 inductum
807 1857 1061 1912 celeriter
1100 1866 1355 1911 converte
1400 1871 1506 1920 me,
1541 1864 1595 1909 tu
1629 1869 1750 1925 quae
1776 1868 1837 1908 es
1864 1854 1946 1907 via
1981 1852 2049 1907 ab
2080 1869 2123 1923 Β

454 1947 605 2001 omni
640 1963 824 2002 errore
849 1948 1042 2013 libera,
1069 1957 1232 2018 atque
1260 1947 1507 2001 omnium
1552 1945 1929 2000 manuductio.

525 2040 628 2106 Qui
669 2040 818 2094 nullo
876 2041 1038 2094 modo
1078 2039 1354 2094 Genitoris
1400 2041 1581 2094 sinum
1620 2052 1851 2093 vacuum
1904 2036 2035 2091 reli-

455 2144 672 2206 querat,
700 2134 847 2187 omni
873 2134 1180 2189 substantia
1206 2133 1476 2203 superior,
1503 2132 1556 2185 in
1585 2129 1711 2186 sinu
1742 2140 1836 2184 tuo
1861 2127 2043 2184 infans

453 2227 727 2285 contineri
759 2227 914 2282 visus
942 2237 1048 2291 est,
1078 2242 1111 2282 ο
1140 2227 1341 2297 Virgo;
1374 2214 1648 2295 accipiens
1674 2222 1777 2279 sibi
1813 2236 2045 2292 pauper-

457 2328 622 2375 tatem
652 2335 855 2386 meam,
890 2320 960 2375 ob
981 2334 1268 2376 excessum
1300 2318 1617 2375 divitiarum
1651 2316 2048 2373 misericordia

456 2428 599 2469 suae.

2216 939 2415 996 Mentis
2450 958 2585 997 mea:
2637 942 2991 1004 mutationes,
3038 946 3093 994 et
3132 937 3317 994 cordis
3352 935 3739 994 iluctnationrs

2143 1048 2451 1104 compesce,
2466 1050 2676 1101 precor,
2704 1050 2737 1089 ο
2756 1033 2945 1106 Virgo,
2967 1032 3337 1087 misericordia
3367 1039 3482 1094 tua,
3502 1038 3556 1085 et
3574 1044 3739 1101 apec-

2144 1137 2288 1195 cato,
2318 1144 2428 1198 quo
2458 1130 2708 1184 detineor
2749 1128 2970 1198 ligatus,
3006 1126 3177 1182 libera
3213 1140 3322 1191 me,
3357 1124 3451 1195 qui
3509 1132 3563 1178 te
3605 1126 3739 1179 lide-

2149 1222 2271 1276 liter
2312 1223 2526 1277 beatam
2556 1222 2789 1292 appello.

2214 1334 2314 1402 Te,
2344 1346 2406 1391 ut
2434 1351 2655 1392 causam
2709 1344 2910 1390 nostra:
2949 1333 3169 1397 salutis,
3225 1346 3420 1386 omnes
3468 1331 3617 1385 servi
3659 1330 3739 1385 tui

2154 1430 2399 1500 quotidie
2425 1429 2737 1493 laudamus,
2771 1443 2804 1482 ο
2834 1426 2947 1482 Deo
2990 1425 3352 1489 charissima,
3383 1431 3438 1479 et
3462 1438 3592 1479 eum
3639 1421 3743 1477 ﬁde

2151 1523 2367 1579 beatam
2395 1523 2755 1594 appellamus,
2779 1521 3060 1576 dicentes:

2221 1639 2266 1695 0
2312 1639 2515 1710 puella,
2565 1654 2687 1708 qua:
2732 1653 2792 1693 es
2840 1633 3269 1706 incorruptiouis
3314 1631 3606 1697 ﬂuentum,
3655 1645 3741 1686 Inc

2064 1750 2065 1753 ‘
2146 1731 2512 1802 plurimorum
2535 1743 2885 1804 peccatorum
2928 1727 3377 1785 inundationibus
3393 1731 3738 1794 corruptum,

2151 1824 2375 1895 dignum
2413 1823 2500 1880 fac
2529 1824 2816 1879 curatione
2841 1833 2955 1886 tua,
2980 1838 3014 1877 ο
3041 1820 3223 1892 Virgo.

2220 1952 2385 2010 Lucis
2418 1954 2589 2021 illius,
2615 1970 2737 2025 quae
2763 1954 3097 2009 illuminavit
3129 1954 3405 2018 universa,
3434 1950 3739 2021 jucundum

2150 2047 2587 2115 propitiatorium
2630 2064 2817 2103 revera
2856 2047 3185 2119 apparuisti,
3215 2062 3248 2100 ο
3294 2046 3459 2116 Virgo
3498 2054 3612 2100 tota
3652 2044 3739 2097 lu-

2150 2139 2305 2202 cida;
2341 2150 2625 2210 prepterea
2654 2141 2808 2212 101
2847 2142 3095 2195 illumiua
3140 2155 3229 2196 me
3270 2147 3623 2209 peccatorum
3656 2145 3737 2191 te-

2151 2229 2340 2285 nebris
2370 2230 2698 2297 involutum,
2746 2242 2804 2286 ut
2846 2242 2897 2287 te
2933 2246 3055 2287 cum
3090 2230 3195 2286 ﬁde
3223 2228 3575 2300 magniﬁcare
3607 2241 3735 2298 pos-

2149 2340 2275 2379 sun.

1374 2528 1459 2583 Ea:
1483 2527 1699 2584 Cauone
1723 2528 1777 2582 in
1809 2526 1869 2584 S.
1904 2527 2235 2584 Theodorum
2263 2543 2569 2605 martyrem,
2610 2536 2696 2588 die
2728 2534 2812 2588 19.

527 2655 620 2710 llle
645 2654 761 2725 qui,
794 2651 1097 2708 secundum
1130 2658 1407 2713 naturam,
1440 2649 1617 2703 lucem
1652 2647 1863 2701 habitat
1894 2646 2045 2702 inac-

454 2748 795 2809 cessibilem,
832 2759 956 2798 eum
1000 2744 1304 2798 habitasset
1341 2742 1397 2796 in
1445 2751 1604 2795 utero
1635 2750 1763 2803 tuo,
1799 2753 1833 2793 ο
1866 2739 2045 2809 puris-

456 2841 617 2903 sima,
652 2837 910 2892 ineffabili
948 2834 1327 2891 misericordia
1355 2849 1454 2887 sua
1497 2832 1625 2887 fecit
1664 2846 1765 2887 nos
1798 2830 2045 2887 Paradisi

453 2932 822 2991 habitatores,
881 2944 948 2982 ex
1000 2942 1111 2997 quo
1164 2935 1388 2997 propter
1430 2924 1700 2994 serpentis
1746 2922 2042 2987 invidiam,

451 3024 729 3080 amandati
764 3034 930 3093 atque
959 3022 1117 3093 ejecti
1146 3022 1449 3077 fueramus.

526 3117 619 3171 Ille
651 3115 745 3187 qui
783 3116 1085 3171 secundum
1121 3130 1278 3169 suam
1318 3120 1570 3168 naturam
1608 3113 1870 3169 immunis
1898 3123 1985 3169 est
2012 3127 2042 3167 a

453 3224 715 3280 tempore,
745 3217 906 3262 natus
935 3225 1000 3263 ex
1034 3216 1086 3263 te
1114 3208 1167 3261 in
1202 3206 1620 3261 similitudinem
1651 3206 1833 3261 carnis
1869 3204 2045 3261 factus

451 3312 534 3355 est
562 3302 665 3356 sub
696 3307 974 3368 tempore,
1010 3298 1302 3368 ignoscens
1355 3296 1751 3366 temporalibus
1799 3298 2041 3367 peccatis

452 3394 590 3449 meis
629 3404 850 3463 propter
892 3390 1221 3446 ineffabilem
1258 3390 1514 3461 pietatem
1558 3405 1740 3452 suam,
1780 3404 1812 3445 ο
1843 3389 2041 3444 imma-

452 3484 812 3540 culatissima.

525 3580 656 3634 Siue
686 3587 875 3648 partus
900 3576 1187 3631 doloribus
1206 3572 1406 3642 Deum,
1434 3574 1528 3646 qui
1552 3589 1781 3643 corpore
1797 3574 2039 3639 carebat,

452 3671 707 3743 peperisti
736 3711 749 3736 ,
786 3684 819 3724 ο
848 3668 1028 3738 puclla
1076 3686 1089 3722 :
1120 3668 1214 3737 qui
1245 3666 1412 3721 Evam
1463 3666 1696 3737 primam
1752 3674 1983 3719 matrem
2012 3680 2041 3718 a

454 3764 736 3820 doloribus
781 3771 974 3832 partus
1015 3758 1301 3823 liberavit,
1341 3767 1395 3813 et
1436 3773 1467 3812 a
1509 3756 1795 3812 doloribus
1844 3755 2042 3812 inferni

453 3857 685 3913 redemit
708 3870 825 3917 eos,
854 3855 947 3925 qui
974 3853 1136 3907 vitam
1167 3849 1451 3907 doloribus
1478 3860 1644 3920 atque
1672 3848 1908 3904 miseriis
1932 3848 2045 3919 ple-

455 3966 582 4006 nam
607 3947 894 4017 degebant.
982 3970 985 3971 ν

520 4040 566 4096 0
599 4037 937 4109 purissima,
973 4051 1094 4106 quae
1145 4033 1263 4090 sola
1293 4033 1528 4105 proprie,
1554 4046 1620 4087 ac
1651 4046 1778 4088 vere
1812 4046 1871 4087 es
1912 4031 2037 4087 Dei-

451 4149 603 4205 para,
651 4132 943 4188 corrobora
976 4144 1061 4183 me
1097 4136 1155 4182 ut
1186 4128 1534 4199 passionum,
1574 4140 1810 4196 quarum
1846 4139 2040 4181 servus

451 4227 630 4281 factus
653 4239 797 4288 sum,
820 4221 1092 4278 dominari
1117 4219 1348 4291 possim,
1372 4228 1645 4289 quatenus
1666 4218 1836 4273 libera
1858 4227 2040 4274 mente

442 4318 695 4390 gaudens
720 4326 770 4371 te
792 4314 1120 4379 beatiﬁcem,
1151 4326 1184 4367 ο
1209 4311 1358 4367 salus
1384 4311 1647 4367 fidelium.

2218 2653 2357 2709 Ecce
2412 2669 2573 2711 mous
2622 2666 2848 2713 sanctus
2890 2672 2904 2709 :
2956 2666 3085 2710 ecce
3128 2650 3460 2708 aromataria
3511 2649 3740 2721 spiritus

2145 2745 2355 2801 ollicina
2409 2764 2423 2802 :
2502 2764 2629 2803 ecce
2683 2763 2841 2818 pons,
2894 2748 2986 2817 qui
3043 2760 3235 2802 omnes
3288 2754 3625 2814 transportat
3669 2742 3740 2799 ad

2147 2840 2340 2907 Deum,
2377 2838 2471 2895 Dei
2498 2839 2673 2895 Mater
2707 2840 2920 2912 puella;
2945 2855 3110 2911 quam
3142 2837 3355 2893 beatam
3390 2837 3665 2893 dicamus.

2219 2953 2662 3025 Propitiatorium
2710 2962 2829 3009 esto
2868 2953 3037 3018 mihi,
3066 2968 3100 3007 ο
3148 2951 3511 3008 illibatissima
3536 2990 3554 3015 ,
3592 2950 3739 3021 apud

2143 3060 2274 3102 eum
2305 3048 2398 3117 qui
2424 3062 2490 3103 ex
2521 3056 2572 3103 te
2604 3054 2766 3103 natus
2791 3054 2896 3113 est,
2926 3046 3174 3116 gra’rium
3206 3046 3511 3102 debitorum
3538 3044 3740 3099 remis-

2152 3139 2363 3195 sionem
2416 3141 2719 3211 impelrans
2750 3140 2919 3205 mihi,
2964 3148 3019 3194 et
3046 3139 3292 3195 divinum
3326 3139 3479 3210 regni
3523 3136 3618 3193 Dei
3649 3140 3737 3193 in-

2154 3248 2401 3301 gressum
2424 3274 2439 3303 ,
2474 3243 2529 3290 et
2573 3233 2889 3290 deliciarum
2924 3232 3245 3289 fruitionem
3270 3274 3286 3298 ,
3316 3232 3564 3303 lucisque
3595 3246 3736 3287 eon-

2150 3326 2407 3380 sortlum.
2626 3318 2631 3327 ’

2221 3442 2267 3498 0
2298 3444 2588 3500 inellabilis
2619 3445 2861 3516 mysterii
2900 3443 3356 3516 profunditatem!
3389 3442 3439 3498 ls
3472 3444 3566 3515 qui
3602 3442 3737 3499 olim

2152 3552 2315 3591 tnanu
2348 3536 2636 3607 plasmavit
2659 3537 2959 3600 hominem,
2994 3536 3295 3606 plasmatur
3320 3550 3545 3590 carnem
3573 3550 3739 3591 assu-

2153 3643 2309 3684 mens
2362 3637 2578 3682 uterum
2616 3626 2853 3698 Virginis
2886 3638 3161 3698 perpetua:
3205 3628 3512 3700 ingressus,
3544 3635 3599 3684 et
3626 3628 3738 3685 sal-

2150 3729 2245 3775 vat
2272 3735 2377 3789 me,
2419 3735 2545 3775 cum
2575 3720 2771 3776 timore
2796 3722 3146 3778 clamantem.

2230 3856 2386 3926 102
2420 3856 2669 3911 lllumiua
2696 3873 2910 3928 semper
2942 3859 3132 3912 oculos
3163 3857 3359 3912 anima
3388 3871 3547 3922 mete,
3576 3872 3611 3913 o
3645 3857 3738 3913 Dei

2153 3949 2387 4019 genitrix
2447 3967 2461 4004 :
2504 3965 2570 4003 ne
2613 3965 2702 4004 me
2749 3948 3195 4019 profundissimae
3241 3950 3447 4020 peccati
3499 3950 3740 4005 tenebras

2146 4041 2645 4111 comprehendant;
2698 4058 2874 4112 neque
2910 4041 3310 4112 desperationis
3358 4040 3596 4113 abyssus
3638 4043 3739 4096 ab-

2145 4133 2365 4188 sorbeat
2393 4149 2478 4188 me
2510 4151 2522 4187 :
2555 4134 2649 4189 sed
2676 4142 2731 4189 tu
2766 4149 2849 4190 nte
2874 4134 3047 4200 salva,
3075 4142 3131 4188 et
3165 4134 3429 4205 guberna,
3462 4134 3734 4205 protectio

2150 4225 2415 4291 fidelium,
2451 4242 2573 4298 qua:
2610 4243 2718 4283 non
2755 4227 3133 4286 confunditur.

1549 4427 1633 4482 E1
1662 4429 1875 4487 Conone
1904 4432 1958 4483 in
1990 4428 2052 4484 S.
2082 4426 2433 4493 Theodorum,
2464 4426 2550 4482 die
2580 4429 2671 4486 20.

516 4578 639 4634 Nos
669 4591 767 4648 per
799 4585 850 4631 te
870 4590 951 4641 ,-o
984 4577 1162 4646 puella
1189 4618 1203 4640 ,
1240 4575 1470 4640 salvati;
1500 4582 1555 4627 te
1586 4568 2039 4627 immaculatissi--
2070 4577 2118 4633 ι)

452 4685 599 4725 mam
650 4670 791 4722 inter
842 4669 1138 4735 mulieres,
1193 4666 1399 4736 Deique
1439 4664 1774 4719 Genitricem
1828 4661 2045 4734 hymnis

454 4767 668 4819 beatam
700 4776 1085 4831 nuncupamus
1108 4803 1121 4825 ,
1154 4770 1209 4816 et
1241 4760 1373 4815 illud
1410 4759 1702 4824 Gabrielis,
1730 4759 1863 4824 Ave,
1894 4756 1959 4810 ad
1995 4765 2046 4809 te

453 4856 776 4910 clamamus.
820 4855 952 4921 Ave,
994 4870 1028 4908 o
1072 4869 1247 4908 causa
1284 4852 1693 4907 reformationis
1743 4852 2041 4918 primorum

451 4954 760 5016 parentum.

524 5038 601 5094 Te
632 5040 726 5094 Dei
761 5038 1095 5094 Genitricem
1139 5038 1507 5094 castissimam
1541 5034 1775 5106 puellam
1823 5045 2047 5090 sancto-

453 5150 575 5189 rum
599 5116 838 5202 populus
874 5147 1182 5203 agnoscens
1205 5170 1221 5196 ,
1256 5146 1289 5186 o
1320 5129 1670 5186 sanctissima
1692 5168 1706 5192 ,
1740 5126 2047 5195 splendoris

454 5226 533 5281 tui
565 5224 686 5278 luce
719 5225 1013 5278 irradiatus
1035 5233 1139 5287 est,
1172 5234 1225 5278 et
1258 5238 1405 5277 nunc
1442 5224 1495 5277 in
1528 5222 1681 5276 emlis
1716 5232 1767 5276 te
1790 5221 2047 5290 depreca-

456 5329 564 5379 tur,
594 5293 830 5370 Vcrbnm
866 5330 931 5370 ex
963 5325 1015 5370 te
1041 5323 1293 5370 exortum
1320 5330 1450 5371 cum
1481 5315 1678 5385 gaudio
1704 5313 2043 5384 glorificans,

454 5430 485 5461 o
508 5408 675 5463 Maria
699 5424 896 5478 sponsa
926 5408 1041 5462 Dei.

527 5501 828 5555 Thalamus
877 5498 1310 5553 immortalitatis
1343 5507 1532 5552 venter
1560 5508 1686 5552 tuus
1722 5498 1897 5553 factus
1931 5508 2035 5561 est,

461 5592 621 5661 Virgo
668 5590 963 5658 inviolata;
1022 5606 1087 5645 ex
1141 5604 1251 5659 quo
1298 5604 1530 5658 sponsus
1593 5587 1856 5643 Dominus
1912 5604 2037 5642 cum

456 5684 744 5753 splendore
781 5682 1103 5754 procedens,
1136 5690 1452 5736 sanctorum
1493 5679 1724 5748 papulos
1754 5679 1998 5734 attraxit.

2218 4568 2274 4624 lu
2304 4570 2437 4624 hora
2469 4569 2747 4625 tremenda
2772 4570 2966 4640 judieii
2998 4571 3149 4626 salva
3179 4586 3287 4636 me,
3310 4580 3367 4626 et
3391 4572 3602 4628 redime
3630 4588 3733 4639 me,

2149 4678 2182 4714 ο
2207 4663 2552 4718 sanctissima
2581 4703 2595 4726 ,
2630 4672 2684 4718 et
2709 4677 2737 4716 a
2772 4664 3019 4734 gehenna
3054 4666 3203 4736 eripe
3238 4681 3359 4731 me;
3394 4676 3455 4720 ut
3485 4676 3537 4721 te
3570 4666 3736 4722 beati-

2152 4755 2331 4819 fieetn,
2360 4763 2414 4810 et
2439 4755 2648 4811 meritis
2675 4755 2928 4812 laudibus
2963 4757 3249 4822 honorem,
3275 4774 3309 4813 ο
3340 4760 3733 4815 immaculatis-

2149 4850 2311 4902 sima.

2224 4939 2304 4995 Tu
2334 4940 2473 5004 sola,
2502 4956 2534 4995 ο
2565 4939 2845 5001 inviolata,
2870 4940 3038 4995 vitam
3062 4940 3451 4997 subsistentem
3478 4942 3727 5015 genuisti,

2152 5032 2414 5087 factorem
2448 5031 2695 5087 omnium
2725 5047 2791 5086 ac
2818 5031 3135 5098 Dominum,
3163 5048 3323 5104 quem
3353 5050 3548 5091 amans
3578 5049 3729 5090 sauc-

2151 5136 2330 5178 torum
2364 5120 2588 5176 Patrum
2629 5120 2959 5186 multitudo,
2993 5123 3135 5193 piam
3176 5134 3539 5195 sanctamque
3570 5125 3730 5183 vitam

2154 5215 2415 5271 traduxit.

2220 5309 2506 5376 Tanquam
2534 5308 2841 5378 pulchram,
2873 5318 3133 5379 tanquam
3165 5309 3471 5380 speciosam
3497 5310 3733 5367 Verbum

2150 5399 2458 5468 speciosum
2504 5410 2554 5455 te
2600 5400 2824 5468 dilexit,
2872 5416 2906 5456 ο
2954 5401 3180 5467 illibata,
3215 5412 3481 5475 tuumque
3519 5414 3733 5460 uterum

2150 5491 2494 5558 inhabitavit,
2527 5493 2597 5547 ob
2621 5506 2867 5548 nostrum
2897 5494 3138 5550 ﬁdelium
3169 5496 3627 5567 redemptionem.

2221 5584 2405 5639 lnnuit
2452 5595 2502 5639 te
2542 5587 2713 5641 rubus
2741 5587 2851 5650 ille,
2884 5603 2916 5642 o
2944 5587 3447 5654 intemeratissima,
3482 5591 3579 5661 qui
3612 5590 3730 5659 igne

2148 5676 2523 5732 cireuntdatus
2558 5678 2703 5733 nulla
2745 5693 2810 5733 es
2842 5680 3440 5751 parlecomburebatur
3469 5701 3484 5738 :
3526 5683 3725 5739 etenim

523 5861 660 5937 (ω’)
691 5860 878 5917 (ἱνωοα
906 5861 1070 5933 huius
1094 5857 1321 5915 canonis
1340 5866 1393 5913 et
1419 5856 1650 5912 duorum
1681 5853 2027 5923 sequentium
2069 5850 2535 5910 desiderantur/in
2565 5852 2783 5911 Menaeis
2811 5854 3117 5925 impressis.
