3996 6588
266 418 404 484 1105

1718 427 2085 489 MARIALE.

3356 414 3523 492 ΤΠ)σῖ

259 540 564 596 divinitatis
587 542 764 612 ignem
791 542 1035 612 gestasti,
1061 543 1256 613 quite,
1279 559 1313 598 o
1336 543 1520 612 Virgo,
1552 544 1671 599 sine
1692 560 1839 599 com-
1870 552 1913 606 Α
1946 544 2237 616 peperisti;
2294 546 2441 615 quod
2505 561 2603 616 pro
2632 546 2788 602 nobis
2847 560 2915 602 ne
2971 560 3151 601 cesses
3216 544 3515 616 deprecari.

261 635 520 691 bustione
552 636 831 701 servavit,
861 643 915 692 et
940 644 1063 706 post
1087 643 1305 705 partum
1340 633 1617 706 Virginem
1650 634 1837 689 incor-

261 738 479 798 ruptam
511 727 829 784 eustodivit.

337 819 493 891 103
569 818 825 889 Speciosa
900 818 1041 875 facta
1125 818 1461 874 ornamentis
1542 818 1841 881 virtutum,

260 920 317 968 et
368 925 658 967 aurearutn
729 910 1065 967 ﬁmbriarum
1137 912 1398 977 varietate
1460 912 1842 973 circumdata,

262 1017 300 1059 o
334 1001 517 1075 Virgo,
553 1003 855 1073 speciosum
888 1018 1052 1074 super
1094 1018 1285 1059 omnes
1312 1002 1565 1057 homines
1608 999 1845 1055 Verbum

2018 638 2180 693 Lucis
2228 639 2603 694 habitaculum
2638 648 2825 696 uterus
2856 648 2987 695 tuus
3023 639 3200 694 factus
3242 646 3358 701 est,
3398 653 3519 707 quze

1950 738 2209 786 mundum
2238 731 2538 786 divinitatis
2558 732 2936 803 splendoribus
2963 730 3289 787 illuminavit
3315 750 3327 785 :
3367 740 3521 801 porta

1948 820 2082 877 solis
2110 820 2323 889 gloriae,
2355 822 2754 906 grati‘osissinta
2791 822 2933 877 inter
2963 823 3222 876 mulieres
3249 861 3263 885 ,
3300 831 3491 876 sancto

1950 929 2071 969 rum
2104 912 2376 983 gloriatio,
2405 915 2750 971 sanctissima
2778 924 2937 986 atque
2967 916 3193 986 optima.

277 1165 383 1219 Ἕκ
426 1162 535 1241 τοᾷ
574 1163 839 1241 Κανόνος
890 1164 980 1241 είς
1025 1160 1133 1241 τόν
1182 1161 1356 1241 ἅγιον
1388 1160 1689 1241 μάρτυραΔ
1729 1159 1844 1214 Ἰα-

1978 1156 2028 1211 .‘x
2073 1156 2286 1213 Conone
2337 1157 2391 1211 in
2429 1157 2490 1213 S.
2532 1159 2894 1241 Jannnrium,
2923 1168 2971 1214 et
3009 1161 3179 1216 socios
3228 1168 3521 1229 martyras,

372 1231 683 1302 rovdptor,
711 1233 810 1288 καὶ
849 1233 989 1300 τοὺς
1019 1232 1142 1287 σὺν
1172 1231 1354 1298 αὐτῷ,
1386 1232 1577 1300 ἡμέρᾳ
1609 1236 1716 1284 κα’.

338 1370 623 1439 Μακάριός
673 1370 819 1423 ἐστιν
867 1370 897 1423 ό
924 1369 1074 1433 λαὸς,
1126 1369 1383 1433 Θεοτόκε,
1436 1369 1464 1421 ὁ
1492 1366 1736 1435 δοξάζων
1782 1384 1842 1421 σε

266 1459 403 1514 Θεοῦ
436 1458 662 1530 Μητέρα
680 1459 885 1531 ἀψευδῆ
904 1462 997 1514 καὶ
1019 1461 1104 1514 ἀεὶ
1125 1456 1448 1529 μακαρίζων
1474 1474 1555 1521 σε,
1578 1457 1837 1527 ἄχραντε,

2634 1230 2719 1285 die
2743 1232 2834 1287 2t.

2018 1362 2216 1420 Beatus
2243 1366 2497 1436 populus,
2530 1380 2563 1421 o
2593 1365 2848 1437 Deipara,
2876 1366 2970 1437 qui
3002 1375 3051 1421 te
3080 1381 3265 1420 veram
3295 1364 3387 1419 Dei
3411 1364 3524 1419 Ma-

1949 1458 2083 1504 trem
2131 1452 2437 1523 gloritieat,
2475 1469 2800 1526 semperque
2835 1456 3127 1521 beatitlcal,
3168 1456 3524 1525 quemadmo-

268 1550 452 1614 καθὼς
515 1553 785 1621 προεῖπας
857 1550 1018 1623 ἱερῶς
1080 1547 1524 1621 προφητεύουσα,
1608 1546 1846 1617 ὁπηνίκα

1978 1558 2095 1607 .um,
2138 1558 2169 1598 o
2206 1545 2553 1601 immaculata
2581 1585 2596 1609 ,
2631 1547 2929 1616 praedixisti
2960 1562 3055 1617 per
3080 1562 3296 1602 sacrum
3330 1548 3527 1602 vatici-

266 1643 505 1713 Χριστὸν
533 1642 682 1696 ἔνδον
711 1641 930 1713 ἔφερες.

351 1734 540 1804 Ῥῆξον
564 1736 664 1799 τὰς
690 1736 897 1806 σειρὰς,
923 1735 1227 1805 Θεόνυμφε,
1261 1730 1369 1785 τῶν
1396 1730 1681 1802 ἁμαρτιῶν
1718 1748 1843 1802 μου,

266 1827 301 1895 ἠ
328 1826 399 1881 τὰ
429 1826 600 1897 δεσμὰ
621 1827 960 1900 διαῤῥήξασα
995 1827 1063 1881 τὰ
1090 1827 1184 1880 τοῦ
1211 1824 1339 1897 ᾆδον
1385 1824 1461 1896 τῷ
1491 1824 1696 1895 τοκετῷ
1726 1840 1844 1891 σου,

268 1921 365 1973 xui.
387 1922 562 1991 χαρᾶς
594 1919 775 1975 πάντα
810 1919 1173 1990 πληρώσασα.
1502 1964 1514 1972 .

339 2010 749 2081 Μεγαλύνωμεν
778 2012 877 2080 τὴν
911 2010 1079 2081 μόνην
1118 2009 1518 2080 εύλογημὲνην,
1550 2008 1618 2061 δι’
1646 2002 1713 2079 ἧς
1744 2024 1843 2079 με-

1948 1634 2097 1688 ninm
2129 1651 2252 1689 enm
2285 1636 2565 1693 Christum
2602 1638 2656 1692 in
2689 1648 2848 1693 utero
2884 1638 3123 1693 ferebas.

2018 1726 2231 1797 Rumpe
2290 1738 2513 1785 catenas
2573 1740 2921 1801 peccatorum
2988 1745 3270 1795 meorum,
3331 1744 3365 1783 o
3431 1728 3523 1783 Dei

1948 1831 2172 1886 sponsa,
2202 1836 2321 1891 quae
2346 1822 2543 1878 inferni
2574 1824 2790 1879 vincula
2818 1823 3107 1894 perrupisti
3132 1830 3295 1893 partu
3325 1831 3441 1887 tuo,
3475 1829 3529 1876 et

1877 1915 1921 1970 Β
1952 1910 2203 1965 universa
2228 1914 2438 1982 gandio
2472 1916 2769 1986 replevlsti.

2015 2002 2426 2075 Magniﬁcemus
2460 2008 2677 2063 unicam
2707 2008 3046 2063 benedictam
3071 2049 3085 2073 ,
3122 2022 3219 2077 per
3244 2021 3407 2076 quam
3440 2003 3530 2060 ille

268 2102 452 2170 γάλως
480 2104 684 2168 πάντας
730 2103 1097 2174 ὲπευλόγησεν
1119 2104 1285 2166 ὅντως
1322 2104 1350 2156 ὁ
1381 2100 1845 2174 πανυπεράγαθος

1978 2097 2044 2167 [υἱ
2077 2098 2228 2153 omni
2273 2099 2515 2156 bonitate
2555 2109 2638 2156 est
2671 2101 2920 2171 superior
2946 2116 3010 2155 ex
3048 2100 3139 2154 illa
3188 2101 3526 2161 incarnatus,

270 2198 338 2250 lx
365 2196 567 2265 ταύτης
594 2198 985 2268 σαρκούμενος.

353 2288 663 2359 ’Υμνοῦμέν
710 2306 793 2355 σε,
825 2289 891 2342 δι’
919 2283 988 2361 ἦς
1028 2289 1139 2348 τοῖς
1187 2288 1246 2342 ὲν
1275 2288 1455 2353 σκότει
1501 2287 1617 2357 φῶς
1654 2285 1846 2340 ἄδυτον

270 2378 538 2440 ἀνέτειλε.
582 2379 834 2447 Θεοτόκε,
867 2379 1023 2435 ὁτῶν
1060 2379 1198 2435 ὅλων
1236 2378 1535 2449 Δεσπότης,
1572 2377 1667 2445 καὶ
1696 2376 1847 2448 πόθῳ

278 2469 679 2542 μακαρίζομεν.
838 2456 841 2459 ν
1056 2484 1060 2497 ‘

356 2562 474 2615 Ἐπ’
516 2562 805 2635 εὐεργεσίᾳ
852 2562 963 2617 τῶν
1000 2562 1325 2634 ἀνθρώπων,
1388 2561 1497 2615 σῶν
1551 2561 1610 2626 ἐξ
1663 2559 1847 2630 ἁγνῶν

275 2652 526 2721 αἱμάτων
556 2654 948 2723 σεσωμάτωται
996 2651 1131 2716 Θεὸς
1176 2654 1204 2706 ό
1244 2652 1437 2719 Λόγος,
1482 2650 1541 2705 δν
1588 2649 1847 2713 ἐκτενῶς,

277 2744 584 2816 Θεομῆτορ,
641 2744 864 2816 αττησαι
912 2743 1005 2798 τοῦ
1041 2744 1281 2815 σωθῆναι
1330 2744 1430 2807 τὰς
1464 2742 1644 2813 ψυχὰς
1669 2741 1855 2813 ἡμῶν.

349 2926 646 2999 Νέκρωσόν
676 2944 780 2999 μου
829 2927 928 2991 τὰς
979 2927 1242 2999 κινήσεις,
1292 2926 1551 2997 ἄχραντε,
1598 2925 1696 2990 τὰς
1750 2925 1851 2995 τῆς

282 3018 506 3089 σαρκὸς,
554 3017 702 3091 ζωὴν
725 3020 758 3090 ἠ
784 3020 1057 3091 κυήσασα,
1090 3017 1331 3083 ζὼωσον,
1363 3017 1524 3087 ἁγνὴ,
1552 3020 1651 3088 τὴν
1672 3016 1851 3088 ψυχήν

294 3128 395 3180 μου
446 3111 859 3183 νενεκρωμένην
913 3110 1108 3166 πάθεσι
1182 3111 1278 3165 καὶ
1333 3110 1548 3175 πολλοῖς
1598 3111 1852 3182 ἁμαρτή-

284 3217 469 3272 μασιν.

284 3365 547 3437 κητήριον
605 3364 774 3431 ἔδειξε
830 3365 958 3427 τοὺς
1034 3362 1311 3427 εύσεῦεῖς,
1380 3363 1760 3436 πανάχραντε*
1813 3356 1859 3432 ᾧ

284 3456 497 3528 βοιῖιμεν
539 3456 834 3522 ἀπαύστως
857 3472 871 3487 ’
936 3458 1117 3513 Πάντα
1165 3456 1233 3510 τὰ
1269 3454 1427 3527 ἔργα,
1460 3456 1729 3525 εὐλογεῖτε
1767 3455 1860 3510 τὸν

281 3548 507 3620 Κύριον.

353 3640 538 3705 me;
561 3638 657 3695 τοῦ
689 3640 747 3695 ὲν
774 3641 859 3695 σοὶ
886 3636 1727 3712 μαρμαρυγαῖς-τυφλώττουσαν
1759 3637 1859 3709 τὴν

282 3729 467 3803 ψυχήν
519 3747 621 3800 μου
677 3730 1108 3801 φωταγώγησον,
1151 3729 1247 3784 καὶ
1296 3728 1713 3801 χειραγὼγησόν
1768 3745 1858 3800 με,

285 3820 467 3893 Κόρη,
496 3820 650 3886 ὁδοὺς
701 3818 1068 3893 σωηριὼδεις
1117 3819 1466 3891 πορεύεσθαι,
1512 3820 1606 3874 καὶ
1650 3819 1860 3891 πλάνης

285 3913 547 3981 ἐκφυγεῖν
592 3913 661 3968 τὰ
705 3911 1132 3986 προσκόμματα,
1167 3914 1314 3978 ὅπως
1356 3916 1414 3967 ὲν
1468 3913 1651 3967 πίστει
1683 3928 1862 3983 μακα-

289 4006 426 4077 ρίζω
469 4023 550 4060 σε.

302 4167 405 4221 Ἐκ
446 4167 554 4221 τοῦ
595 4168 862 4233 Κανόνος
913 4169 999 4232 εἷς
1033 4166 1140 4220 τὸν
1184 4166 1359 4220 ὅσιον
1408 4164 1640 4227 Πατέρα
1692 4160 1862 4233 ἡμῶν

468 4238 771 4306 Θεόδωρον
797 4238 907 4292 τὸν
934 4236 1271 4305 Συκεώτην,
1296 4236 1489 4306 ἡμέρᾳ
1514 4234 1619 4305 κβ’.

371 4394 432 4447 '0
475 4368 841 4466 ἀγεώργητος⁵
876 4395 1069 4465 βότρυς
1116 4411 1209 4447 σου
1251 4394 1315 4446 ἐκ
1342 4390 1579 4463 γαστρὸς
1620 4388 1860 4462 ἤνθησε,

290 4488 740 4559 Παρθενομῆτορ,
786 4487 1102 4557 γλυκασμδν
1149 4485 1567 4542 ἀναὸλυστάνων
1616 4483 1863 4551 ἀφέσεως

1951 2190 2239 2247 universos
2273 2208 2396 2247 vere
2422 2194 2706 2263 magniﬁce
2738 2194 3035 2249 benedixit.

2028 2279 2335 2337 Laudamus
2364 2294 2433 2348 te,
2464 2299 2497 2338 ο
2524 2284 2772 2354 Deipara,
2796 2297 2891 2354 per
2923 2298 3086 2354 quam
3117 2284 3209 2338 lux
3242 2281 3529 2338 inoccidua

1954 2370 2023 2426 iis
2048 2373 2139 2442 qni
2173 2373 2227 2427 in
2263 2374 2502 2429 tenebris
2533 2374 2896 2429 versabantur
2924 2383 3111 2429 exorta
3138 2382 3252 2437 est,
3283 2371 3527 2427 omnium

1954 2465 2160 2520 scilicet
2198 2465 2497 2534 Dominus;
2538 2475 2697 2537 teque
2730 2481 2853 2521 cum
2905 2466 3099 2521 aﬂ'ectu
3135 2464 3527 2535 gloriﬁcamus.

2028 2556 2097 2613 Ut
2121 2552 2437 2613 hominibus
2454 2558 2758 2613 beneﬁcum
2783 2573 2903 2613 sese
2926 2558 3255 2619 ostenderet.
3274 2572 3337 2611 ex
3363 2557 3530 2611 castis

1955 2650 2308 2719 sanguinibus
2331 2650 2441 2705 tuis
2464 2665 2663 2721 corpus
2684 2652 2893 2720 accepit
2918 2651 3058 2705 Deus
3082 2650 3339 2715 Verbum,
3364 2664 3527 2720 quem

1954 2740 2134 2802 enixe.
2173 2756 2205 2794 o
2251 2742 2339 2796 Dei
2369 2741 2540 2798 Mater
2562 2781 2578 2808 ,
2608 2758 2830 2814 precare
2875 2758 2974 2814 pro
3007 2743 3183 2799 salute
3222 2742 3529 2796 animarum

1958 2842 2293 2887 nostrarum.

2026 2922 2311 2987 Mortitlca,
2334 2938 2367 2979 o
2391 2926 2675 2990 inviolata,
2698 2926 2880 2981 carnis
2904 2942 3036 2982 mea:
3064 2934 3244 2982 motus
3272 2943 3286 2980 :
3322 2936 3376 2981 tu
3405 2943 3529 2997 qua:

1959 3014 2121 3068 vitam
2165 3015 2431 3084 genuisti,
2461 3016 2671 3072 viviﬁca
2692 3057 2709 3083 ,
2749 3033 2783 3072 o
2817 3028 2966 3073 casta
2988 3060 3004 3083 ,
3046 3020 3283 3074 animam
3314 3035 3488 3075 meam
3510 3060 3527 3086 ,

1957 3103 2302 3173 passionibus
2332 3105 2626 3176 multisque
2647 3108 2884 3177 peccatis
2916 3108 3314 3180 interemptam.

364 3271 423 3326 Ὀ
456 3272 744 3345 σκηνὼσας
778 3273 1072 3344 ἀφράστως
1117 3272 1175 3326 ιν
1208 3272 1394 3344 μήτρα
1426 3289 1520 3326 σου
1551 3273 1744 3326 ἑαυτοῦ
1775 3273 1851 3327 oi-

2029 3282 2131 3350 Qui
2173 3283 2516 3340 ineffabiliter
2553 3285 2606 3341 in
2648 3296 2804 3341 utero
2835 3298 2949 3351 tuo,
2995 3302 3028 3342 o
3060 3286 3339 3353 inviolata,
3374 3287 3551 3343 habi--

1964 3377 2116 3441 tavit,
2173 3378 2563 3433 habitationem
2615 3394 2770 3435 suam
2824 3378 2952 3434 fecit
3004 3394 3099 3434 eos
3131 3380 3222 3449 qui
3271 3381 3525 3451 pietatem

1962 3469 2150 3523 colunt
2184 3486 2198 3522 :
2248 3470 2422 3524 eidem
2472 3470 2630 3543 105.
2668 3485 2767 3525 nos
2804 3472 3142 3527 incessanter
3182 3474 3526 3529 clamamus:

1962 3558 2154 3616 Omnia
2168 3577 2357 3631 opera,
2378 3562 2681 3618 benedicite
2714 3562 2966 3619 Domino.

2034 3650 2194 3707 Lucis
2225 3651 2277 3706 in
2314 3661 2364 3707 te
2405 3652 2701 3710 habitantis
2737 3636 3123 3724 splendoribus
3155 3657 3551 3712 czecutientem

1961 3741 2202 3798 animam
2233 3760 2407 3801 meam
2440 3746 2709 3810 illumina,
2738 3763 2772 3801 ο
2805 3746 3012 3813 Puella,
3039 3757 3094 3804 et
3123 3763 3285 3802 manu
3313 3748 3419 3804 duc
3446 3764 3533 3803 me

1962 3844 2023 3888 ut
2052 3849 2149 3904 per
2176 3835 2291 3890 vias
2317 3836 2513 3893 salutis
2542 3838 2814 3903 incedam,
2846 3848 2900 3893 et
2928 3838 3262 3895 seductionis
3294 3848 3351 3895 et
3374 3854 3531 3894 erro-

1963 3924 2038 3978 ris
2066 3924 2391 3982 oﬂ‘endicula
2423 3926 2689 3996 devitem,
2715 3938 2777 3984 ut
2807 3945 2929 3985 cum
2960 3930 3065 3986 tidc
3109 3939 3160 3986 te
3190 3931 3402 3985 beatam
3436 3946 3538 4002 ap-

1961 4016 2178 4085 pellem.

1965 4172 2048 4227 Ex
2074 4171 2282 4228 Canone
2308 4173 2363 4227 t'n
2390 4172 2447 4229 S.
2474 4174 2538 4230 P.
2568 4173 2643 4229 N.
2672 4174 2994 4231 Theodorum
3019 4175 3316 4248 Syceotam,
3341 4178 3425 4234 die
3438 4178 3539 4238 ‘22..

2041 4392 2235 4449 Bolrus
2259 4395 2366 4458 ille.
2392 4396 2484 4466 qni
2514 4397 2739 4452 cultoris
2766 4412 2983 4467 operam
3011 4399 3211 4453 nullam
3232 4398 3439 4463 habuit,
3466 4416 3530 4454 ex

1966 4493 2122 4539 utero
2150 4495 2243 4539 tuo
2266 4486 2522 4551 ellloruit,
2546 4503 2579 4543 ο
2611 4488 2774 4557 Virgo
2799 4488 2968 4542 Mater
2995 4490 3529 4558 immaculatissima;

291 4582 388 4636 καὶ
416 4580 749 4652 ἀφροσύνης,
792 4581 1160 4651 πανάχραντε,
1202 4579 1375 4633 ἅπασι
1401 4579 1515 4642 τοῖς
1546 4576 1611 4631 ἔκ
1638 4576 1737 4647 τῆς
1764 4574 1853 4647 tti-

1978 4594 2029 4630 ει
2063 4592 2173 4646 quo
2208 4578 2557 4648 indulgentia:
2594 4590 2649 4633 et
2677 4579 2878 4635 laetitite
2910 4581 3140 4635 dulcedo
3172 4582 3377 4635 diluxit
3423 4597 3537 4635 Otr-

289 4670 391 4743 θης
419 4671 529 4726 τῶν
554 4671 741 4727 δεινῶν
771 4673 1277 4745 παραφρονήσουσι.

348 4848 525 4919 Νόμοι
550 4848 610 4902 ἒν
627 4849 711 4928 σει
730 4849 830 4918 τῆς
856 4849 1091 4919 φύσεως,
1110 4847 1375 4919 Παρθένε,
1401 4842 1861 4900 καινοτονούνταιο

287 4940 498 5004 τίκτεις
536 4943 645 5014 γὰρ
689 4943 828 5017 ὑπὲρ
875 4942 1034 5011 λόγον
1075 4942 1170 4995 καὶ
1220 4940 1519 5010 Δεσπότην,
1550 4936 1610 4990 ὃν
1630 4934 1865 4998 ἐκτενῶς

290 5030 503 5086 ἱκέτευε
532 5032 768 5103 σωθῆναι
789 5034 915 5097 τοὺς
940 5032 1159 5094 δούλους
1191 5048 1307 5085 σου.

362 5120 624 5191 Μακαρία
644 5124 707 5175 ὲκ
748 5122 950 5189 γενεῶν
981 5120 1172 5175 πασῶν
1204 5119 1470 5190 ἐδείχθης.
1505 5116 1740 5189 Χριστὸν
1768 5134 1860 5171 τε·

289 5212 467 5268 κοῦσα
493 5214 777 5286 μακαρίως
794 5214 1159 5286 ἐργαζόμενον
1183 5216 1305 5277 τοὺς
1326 5214 1474 5283 αύτῷ
1494 5211 1861 5275 δουλεύοντας,

288 5304 743 5376 Παρθεωμῆτορ,
775 5306 1008 5374 ἄχραντε
1037 5304 1322 5358 Δέσποινα.

375 5394 615 5448 Ῥαννίσι
636 5396 727 5448 τοῦ
756 5395 937 5459 ἐλέους
964 5413 1056 5450 σου
1080 5395 1469 5465 κατάρδευσον,
1499 5395 1862 5466 πανάχραντε,

288 5488 391 5558 τὴν
421 5488 743 5542 ὲκτακεῖσάν
775 5506 877 5558 μου
908 5488 1144 5542 διάνοιαν
1182 5487 1409 5558 φλογμῷ
1441 5487 1539 5556 τῆς
1568 5487 1862 5556 ἁμαρτίας,

290 5584 387 5634 καὶ
413 5580 504 5633 τὸν
544 5579 870 5651 ὲσδεσμὲνον
902 5598 1003 5651 μου
1030 5582 1127 5651 τῆς
1155 5578 1383 5649 καρδίας
1416 5577 1620 5647 ἄναψον
1646 5576 1860 5647 λύχνον,

291 5673 436 5747 πύλη
470 5675 567 5729 τοῦ
592 5677 790 5745 φωτός.

369 5767 565 5821 Παθῶν
599 5786 665 5838 με
707 5769 975 5840 τρικυμία
1014 5764 1395 5835 συνταράσσει,
1426 5762 1584 5833 βυθὸς
1616 5760 1866 5829 ἀπογνὼ-

298 5876 438 5922 σεως
480 5860 734 5933 χειμάζει
778 5878 882 5932 μου
923 5861 1023 5933 τὴν
1060 5860 1318 5930 καρδίαν·
1352 5856 1689 5927 κυϐερνήτην
1728 5856 1863 5925 κυή-

1965 4670 2147 4729 nibus,
2183 4670 2275 4738 qni
2307 4686 2370 4725 ex
2398 4670 2665 4724 malorum
2692 4670 2953 4725 ebrietate
2985 4672 3530 4741 prudentia-sensum

1966 4760 2289 4815 amiserunt.

2036 4850 2255 4907 Natura:
2280 4854 2425 4922 leges
2459 4855 2511 4909 in
2543 4864 2617 4919 te,
2642 4870 2677 4909 o
2710 4854 2898 4925 Virgo,
2931 4857 3263 4911 innovantur
3287 4874 3305 4922 ;
3330 4858 3532 4913 etenim

1966 4958 2131 5013 supra
2168 4943 2397 4997 rationis
2440 4952 2797 5013 conceptum,
2834 4943 3121 4998 Dominum
3158 4945 3341 5014 paris,
3373 4959 3534 5013 quem

1967 5035 2203 5090 connixe
2228 5035 2521 5103 deprecare
2547 5050 2645 5103 pro
2666 5035 2841 5089 salute
2864 5034 3178 5089 animarum
3196 5043 3532 5088 nostrarum.

2039 5126 2200 5180 Beata
2224 5140 2287 5179 ex
2312 5125 2566 5179 omnibus
2591 5124 3035 5191 generationibus
3058 5125 3427 5178 demonstrata
3451 5139 3532 5187 es,

1966 5234 2000 5272 o
2043 5217 2204 5286 Virgo
2250 5215 2420 5270 Mater
2455 5216 2714 5269 inviolata
2765 5216 3013 5278 Domina,
3063 5214 3339 5270 Christum
3386 5216 3533 5270 enim

1970 5308 2249 5379 peperisti,
2281 5309 2373 5376 qni
2405 5308 2507 5361 sibi
2539 5308 2838 5361 servientes
2868 5307 3055 5363 beatos
3084 5307 3229 5361 facit.

2039 5398 2346 5454 Stillicidiis
2400 5398 2789 5453 misericordiae
2838 5408 2941 5454 tuae
2980 5399 3164 5469 irriga.
3213 5416 3246 5454 ο
3288 5398 3539 5453 illibatis-

1967 5492 2104 5549 sima
2132 5533 2146 5551 .
2181 5499 2414 5545 mentem
2451 5506 2626 5546 meam
2675 5492 2880 5560 peccati
2935 5493 3185 5547 incendio
3225 5492 3535 5560 liquescen-

1969 5595 2109 5650 tem;
2144 5592 2197 5639 et
2226 5583 2549 5638 exstinctam
2583 5584 2767 5639 cordis
2806 5586 2910 5639 mei
2946 5586 3220 5639 lucernam
3264 5585 3535 5649 accende,

1967 5690 2000 5729 o
2032 5684 2189 5744 porta
2216 5672 2370 5727 lucis.

2039 5763 2363 5818 Passionum
2403 5772 2699 5834 tempestas
2747 5767 3037 5820 conturbat
3078 5781 3164 5821 mo
3214 5784 3226 5818 :
3278 5766 3536 5833 despera-

1972 5856 2136 5911 tionis
2166 5854 2495 5925 prol'ttndum
2518 5857 2755 5928 exagitat
2780 5873 2873 5913 cor
2902 5875 3079 5915 meum
3105 5877 3117 5913 :
3148 5875 3182 5915 ο
3202 5857 3385 5930 Virgo,
3417 5874 3545 5929 qua:
