3996 6628
443 415 578 489 ιιοτ

1581 423 1640 480 S.
1681 418 1961 482 JOSEPH
1972 422 1996 479 1
2039 420 2596 482 HYMNOGRAPIII

3560 422 3695 491 1108

439 532 856 606 gubernatorem
909 535 962 584 et
1016 526 1354 588 Salvatorcm
1395 526 1675 588 Christum
1721 529 2015 598 peperisti,

2151 549 2264 588 ἀσα
2319 532 2574 603 Χριστὸν,
2619 531 2899 603 Παρθένε,
2945 533 3038 591 καὶ
3083 533 3344 607 Σωτῆρα,
3395 534 3563 606 eam
3603 540 3697 593 καὶ

438 626 607 682 libera
641 639 748 689 me,
779 636 991 696 precor,
1011 629 1066 678 et
1094 624 1241 686 salva
1275 637 1379 678 me.

509 717 757 788 Speciem
786 714 954 770 Jacob
989 723 1038 768 te
1067 714 1230 782 elegit
1273 714 1435 779 Deus,
1459 725 1493 767 ο
1535 711 1703 784 Virgo
1743 712 2013 783 Deipara;

436 810 492 863 in
521 817 572 863 te
603 807 888 872 habitavit,
917 816 971 858 et
1003 813 1057 858 te
1081 815 1200 875 post
1227 813 1447 875 partum
1489 804 1757 876 virginem
1787 819 2015 865 conser-

435 895 610 960 vavit,
648 895 826 966 qualis
852 894 1035 949 fueras
1067 902 1192 948 ante
1226 903 1466 966 partum.

509 1074 688 1128 Sacrae
717 1072 1106 1144 prophetarum
1141 1086 1301 1127 voces
1326 1078 1400 1138 te,
1431 1086 1466 1128 ο
1498 1070 1687 1144 Virgo,
1717 1071 2016 1144 symbolice

435 1169 731 1237 praedicant
768 1175 981 1238 portam
1005 1208 1020 1234 ,
1055 1174 1321 1236 montem,
1365 1179 1422 1224 et
1461 1169 1878 1225 tabernaculum
1901 1209 1917 1236 ,
1952 1182 2017 1224 ac

435 1269 678 1316 sanctam
713 1261 853 1316 lucis
888 1260 1120 1326 nubem,
1157 1275 1221 1314 ex
1261 1275 1368 1331 qua
1410 1261 1731 1317 sedentibus
1766 1261 1819 1316 in
1867 1271 2015 1316 tene-

436 1349 548 1405 bris
571 1358 626 1405 et
648 1348 864 1419 umbra,
899 1359 1122 1412 exortus
1151 1357 1235 1410 est
1265 1350 1348 1410 sol
1375 1349 1632 1410 Christus
1663 1351 1802 1408 lucis
1835 1351 2012 1408 dator.

509 1532 665 1605 105
696 1530 1046 1588 Reverendus
1074 1537 1262 1604 partus
1295 1538 1422 1593 tuus
1446 1536 1552 1596 est,
1584 1543 1618 1582 ο
1647 1527 1877 1597 Deipara
1905 1525 2018 1583 Μαι

434 1633 515 1680 ter
545 1625 662 1688 Dei,
692 1635 976 1694 propterea
1018 1631 1070 1678 te
1117 1637 1332 1692 semper
1377 1622 1593 1678 beatam
1646 1620 1923 1685 dicimus,
1963 1629 2019 1676 et

434 1717 669 1779 ﬁdeliter
696 1716 1064 1789 gloriﬁcamus
1099 1713 1478 1786 generationes
1510 1713 1928 1785 generationutn
1959 1711 2015 1766 in

435 1807 655 1867 sawula.
685 1808 882 1862 Amen.

2123 625 2297 679 σῶσόν
2332 642 2420 696 με,
2451 624 2662 696 δέομαι.

2191 714 2305 786 Τὴν
2352 714 2618 785 καλλονὴν
2663 715 2860 769 Ἰακώϐ
2907 733 2965 770 σε
3007 717 3140 781 Θεὸς
3169 718 3475 786 ἐξελέξατο,
3519 722 3580 774 ὲν
3617 725 3706 778 σοὶ-

2121 806 2530 876 κατεσκήνωσε,
2584 807 2681 862 καὶ
2728 807 2789 861 σὲ
2837 808 3150 881 διετήρησε,
3205 812 3298 864 καὶ
3339 815 3476 882 μετὰ
3518 814 3698 880 τόκον,

2123 897 2420 970 Παρθένον,
2462 898 2651 972 ῶσπερ
2686 895 2754 971 ἧς
2787 902 2893 969 πρὸ
2925 901 3020 955 τοῦ
3057 905 3240 968 τόκου,
3287 905 3532 975 Παρθένε
3563 905 3670 960 Θεο

2120 991 2267 1046 τόκε.

2202 1084 2365 1154 Ἰεραί
2395 1101 2453 1138 σε
2481 1084 2587 1138 τῶν
2617 1084 2911 1156 προφητῶν
2939 1086 3269 1158 κηρύττουσι
3296 1089 3470 1157 φωναὶ
3497 1089 3705 1158 συμϐο-

2122 1174 2290 1238 λικῶς
2328 1175 2525 1246 πύλην,
2570 1176 2664 1229 καὶ
2704 1175 2850 1245 ὅρος,
2880 1177 2976 1230 καὶ
3009 1177 3235 1249 σκηνὴν,
3286 1181 3379 1233 καὶ
3407 1181 3510 1251 τὴν
3537 1180 3703 1250 ἁγίαν

2123 1267 2301 1336 φωτὸς
2329 1268 2579 1339 νεφέλην,
2609 1268 2666 1335 ἐξ
2714 1262 2782 1339 ἧς
2829 1269 2940 1332 τοῖς
2973 1270 3031 1322 ὲν
3065 1270 3246 1322 σκότει
3276 1271 3370 1322 καὶ
3405 1272 3534 1341 σκιᾷ
3564 1270 3703 1324 καθ-

2123 1359 2347 1430 ημένοις
2383 1359 2658 1414 ἀνέτειλεν
2683 1361 2854 1430 ἥλιος,
2892 1361 3160 1433 Παρθένε,
3191 1363 3428 1433 Χριστὸς
3471 1365 3501 1416 6
3525 1380 3704 1432 (pmo-

2121 1453 2303 1525 δύτης.

2191 1544 2399 1616 Φρικτή
2435 1561 2530 1599 σου
2553 1545 2588 1616 η
2609 1544 2810 1616 λοχεία,
2843 1545 3075 1602 Θεοτόκε
3109 1546 3303 1620 Μῆτερ
3327 1549 3496 1622 Θεοΰπ
3531 1551 3617 1605 διό
3649 1566 3710 1605 σε

2126 1638 2507 1710 μακαρίζομεν
2542 1640 2630 1694 ἀεὶ
2676 1641 2772 1693 καὶ
2815 1639 3112 1710 δοξάζομεν
3143 1644 3383 1711 πιστῶς,
3419 1645 3476 1698 αἱ
3517 1646 3710 1715 γενεαὶ

2123 1729 2233 1785 τῶν
2259 1731 2462 1799 γενεῶν
2486 1731 2567 1795 είς
2593 1733 2721 1796 τοὺς
2747 1733 2972 1799 αίῶνας.
3012 1735 3208 1807 ’Λμήν.

438 1900 523 1954 Ea:
546 1900 755 1957 Conone
774 1900 825 1953 in
855 1899 912 1955 S.
944 1897 1170 1984 Matrem
1199 1910 1438 1984 nostram}
1475 1896 1710 1955 Elimbet
1741 1894 2012 1954 Thauma-

2151 1910 2394 1984 E35017
2444 1912 2716 1984 Kac-diro;-
2761 1914 2849 1978 εις
2877 1911 2996 1979 τὴν
3031 1914 3213 1984 ὁσίαν
3246 1915 3486 1984 Μητέρα
3539 1913 3714 1984 ἡμῶν

1002 1980 1228 2040 turgam,
1264 1970 1348 2024 die
1368 1969 1459 2026 24.

508 2085 606 2156 Te,
633 2084 988 2156 opurissima,
1017 2098 1138 2154 quae
1165 2098 1328 2157 supra
1353 2083 1554 2140 mentis
1582 2093 1909 2153 conceptum
1938 2082 2023 2137 in-

437 2177 743 2248 separabile
790 2175 971 2230 Patris
1008 2175 1245 2232 Verbum
1282 2176 1576 2248 peperisti,
1630 2173 2023 2234 ardentissimo

436 2286 626 2330 amore
676 2285 1019 2342 prosequens
1061 2270 1420 2326 celeberrima
1463 2269 1736 2336 Elisabet,
1771 2267 2024 2340 .Spiritus

435 2363 612 2424 sancti
643 2362 1053 2433 receptaculum
1086 2361 1227 2418 facta
1260 2370 1345 2420 est
1374 2361 1574 2418 divinis
1599 2360 1901 2419 virtutibus
1933 2373 2019 2416 re-

436 2451 676 2524 fulgens.

506 2544 587 2604 Te
617 2545 809 2613 solam,
835 2543 1193 2614 purissimum
1230 2543 1575 2614 Virginitatis
1605 2542 1868 2612 templum
1902 2541 2021 2612 glo-

437 2638 742 2700 riosissima
773 2636 1014 2694 Elisabet
1043 2651 1170 2692 cum
1205 2637 1310 2694 lide
1335 2636 1680 2700 desiderans,
1718 2651 1751 2690 ο
1777 2644 1890 2691 tota
1917 2635 2020 2691 im-

439 2732 728 2800 maculata,
759 2731 957 2801 gaudet
983 2729 1214 2786 adducta
1247 2730 1357 2785 lilio
1386 2740 1482 2786 tuo
1515 2729 1768 2800 religiose
1791 2727 2022 2798 vestigia

439 2832 531 2878 tua
565 2822 882 2878 subsecuta.

512 2912 640 2970 Sola
675 2913 842 2970 Deum
881 2913 1229 2972 incarnatum
1261 2910 1372 2970 fers
1410 2912 1464 2968 in
1494 2922 1674 2977 utero,
1702 2913 1794 2983 qui
1821 2914 2024 2984 praebet

437 3023 562 3065 esse
594 3008 868 3066 universis
889 3046 906 3074 ,
936 3023 1100 3079 quem
1129 3007 1370 3069 Elisabet
1401 3022 1467 3064 ex
1495 3008 1679 3064 animo
1709 3010 2024 3080 concupivit

437 3109 493 3156 et
522 3100 744 3168 amavit,
777 3100 954 3156 eidem
987 3100 1346 3170 spiritualiter
1385 3099 1713 3170 desponsata
1747 3119 1760 3156 :
1797 3115 1830 3156 ο
1861 3100 2024 3173 Virgo

437 3191 667 3264 Deipara
693 3233 708 3258 ,
736 3194 1056 3264 angelorum
1091 3194 1417 3248 miraculum
1442 3235 1456 3262 ,
1486 3204 1541 3249 et
1567 3194 1873 3250 daamonum
1907 3195 2024 3249 vul-

440 3301 566 3351 nus,
597 3294 710 3349 tota
734 3286 1097 3342 admirabilis.

511 3376 772 3447 Superior
797 3379 1050 3448 supernis
1086 3378 1449 3449 potestatibus
1477 3375 1618 3433 facta
1646 3392 1704 3433 es
1724 3420 1739 3444 ,
1771 3393 1805 3433 ο
1834 3376 2019 3448 Virgo,

443 3467 678 3531 Verbum
714 3469 860 3528 Patri
893 3479 1226 3525 coaeteruum
1266 3480 1321 3524 et
1369 3470 1646 3539 coaequale
1677 3471 1839 3524 enixa
1881 3487 1894 3523 :
1929 3485 2024 3524 cu-

437 3561 530 3633 ius
554 3560 939 3630 splentlorihus
972 3561 1214 3617 Elisabet
1243 3561 1458 3617 Deifera
1490 3562 1783 3625 illustrata,
1813 3561 2024 3631 passio-

442 3667 576 3710 num
607 3651 839 3714 nebulas
866 3651 1174 3722 dissipavit.

513 3744 828 3815 Coneepisti
861 3745 919 3800 in
960 3755 1121 3800 utero
1164 3745 1318 3802 illum
1348 3747 1443 3818 qui
1487 3755 1573 3802 est
1608 3756 1734 3802 ante
1774 3748 1968 3802 saecula
2009 3766 2023 3803 :

443 3836 705 3906 peperisti
733 3836 787 3895 in
821 3852 988 3894 carne
1009 3852 1134 3893 eum
1163 3837 1256 3904 qui
1291 3848 1485 3894 natura
1515 3845 1599 3894 est
1626 3839 1983 3908 incorporeus
2011 3858 2024 3895 :

443 3931 722 3992 nutriviati
755 3931 894 3988 lacte
927 3946 1052 3986 eum
1083 3931 1177 4001 qui
1212 3933 1386 3988 nutrit
1413 3931 1697 3996 universa;
1725 3945 1760 3986 ο
1787 3930 1880 3986 Dei
1911 3929 2028 3986 Ma-

443 4032 525 4080 ter
550 4023 778 4094 innupta
804 4032 859 4079 et
879 4024 1160 4081 inviolata.

515 4114 674 4182 Vide,
700 4132 733 4172 o
757 4115 947 4188 Virgo,
973 4117 1377 4172 tribulationem
1406 4132 1606 4184 meam,
1630 4132 1791 4187 quam
1817 4116 2031 4175 induxit

445 4208 741 4265 multitudo
800 4210 1070 4265 malorum
1112 4225 1384 4274 meorum,
1427 4218 1480 4264 et
1511 4209 1579 4264 ab
1613 4210 1735 4278 igne
1770 4208 2030 4280 gehennae

443 4299 596 4371 eripe
629 4315 716 4356 me
755 4301 1081 4359 clamantem
1134 4319 1147 4355 :
1185 4301 1550 4365 Benedictus,
1606 4314 1640 4355 ο
1687 4299 2024 4366 castissima,

442 4391 658 4450 fructus
683 4394 894 4453 ventris
924 4395 1025 4452 tui.

511 4484 757 4557 Corpore
789 4487 1048 4543 amictum
1086 4484 1384 4555 peperisti,
1416 4493 1470 4540 et
1518 4485 1666 4540 ulnis
1711 4484 1957 4556 gestasti,
1999 4498 2032 4538 ο

2245 1979 2705 2052 Ἐλισάϐετ,τὴν
2737 1983 3214 2052 θαυματουρτὸν,
3247 1979 3438 2054 ἡμέρα
3471 1983 3550 2038 κδ’
3561 1979 3576 2039 ζ

2194 2096 2264 2150 Σὲ
2327 2095 2429 2168 τὴν
2490 2095 2760 2152 τεκοῦσαν
2813 2097 2954 2168 ὑπὲρ
3007 2096 3156 2166 νοῦν,
3209 2102 3560 2170 πανάμωμε,
3617 2102 3710 2152 τὸν

2125 2190 2431 2262 ἀδιαίρετον
2477 2189 2612 2244 Θεοῦ
2651 2191 2866 2261 Πατρὺς
2909 2191 3083 2262 Λόγον
3114 2192 3363 2264 διαπύρῳ
3399 2193 3564 2264 ἔρωτι
3607 2211 3709 2246 πο-

2125 2281 2354 2353 θοῦσαή
2395 2282 2639 2354 ἀοίδιμος
2675 2282 2980 2348 Ἐλισάὸετ,
3020 2284 3227 2355 δοχεῖον
3256 2286 3411 2353 ἁγίου
3447 2286 3707 2356 Πνεῦμα-

2123 2391 2216 2438 τος
2244 2373 2492 2445 γέγονεν,
2524 2375 2700 2442 θείαις
2721 2377 2946 2448 ἀρεταῖς
2977 2377 3382 2450 διαλάμπουσα.

2197 2550 2506 2622 Παρθενίας
2531 2568 2592 2605 σε
2625 2553 2791 2624 μόνην
2813 2553 2875 2607 τὸ
2900 2553 3142 2625 καθαρὸν
3167 2554 3415 2625 τέμενος,
3440 2554 3475 2624 ἡ
3504 2570 3710 2608 πανευ-

2127 2641 2293 2714 κλεὴς
2325 2643 2606 2700 Ἐλισάδετ
2628 2645 2811 2700 πίστει
2827 2645 3133 2718 ποθήσασα,
3151 2647 3356 2720 χαίρει,
3372 2647 3706 2717 πανάμωμε,

2123 2735 2202 2805 τῷ
2240 2734 2320 2806 σῷ
2353 2735 2470 2808 Υίῷ
2505 2737 2880 2809 προσαχθεῐσα
2910 2738 3085 2794 ὀπίσω
3124 2757 3220 2794 σου
3265 2739 3710 2809 ἀκολουθήσασα.

2195 2915 2351 2987 Μόνη
2380 2914 2516 2970 Θεὸν
2550 2917 2735 2988 φέρεις
2769 2917 2829 2972 ἐν
2873 2918 3055 2990 μήτρᾳ
3086 2919 3480 2990 σαρκούμενον.
3524 2908 3618 2971 τὸν
3651 2919 3713 2971 τὸ

2125 3002 2265 3066 εἷναι
2299 3010 2436 3063 πᾶσι
2477 3008 2885 3080 παρεχόμενον,
2929 3008 2989 3064 ὃν
3024 3010 3365 3079 ὲπεπόθησεν
3412 3010 3476 3063 ἐκ
3505 3008 3709 3079 ψυχῆς,

2124 3100 2303 3171 τούτῳ
2347 3100 2703 3172 μνηστευθεὶς
2738 3103 2773 3172 ἡ
2810 3100 3095 3156 Ἐλισάδετ
3135 3103 3194 3162 ὲν
3230 3101 3533 3171 Πνεύματι,
3563 3102 3714 3170 Παρ-

2126 3195 2246 3248 θένε
2279 3193 2533 3261 Θεοτόκε,
2565 3195 2673 3249 τῶν
2707 3194 2955 3264 ἀγγέλων
2983 3195 3044 3248 τὸ
3077 3195 3281 3267 θαῦμα,
3313 3195 3407 3250 καὶ
3434 3193 3715 3266 δαιμόνων

2126 3285 2186 3338 τὸ
2211 3284 2454 3355 τραῦμα,
2479 3283 2894 3355 πανθαύμαστε.

2213 3377 2527 3448 ’Υπερτέρα
2573 3378 2684 3432 τῶν
2741 3379 2853 3434 ἄνω
2889 3378 3142 3448 πέφυκας
3187 3377 3506 3448 δυνάμεων,
3542 3379 3721 3445 Λόγον

2129 3471 2380 3542 κυήσασα
2412 3471 2506 3525 τοῦ
2530 3472 2744 3544 Πατρδς
2764 3512 2778 3536 ,
2809 3473 3075 3543 Παρθένε,
3116 3473 3208 3526 τδν
3241 3473 3581 3548 συνάναρχον
3623 3472 3718 3526 καὶ

2130 3562 2438 3630 συνατδιον,
2484 3557 2546 3618 οὖ
2590 3567 2710 3628 ταῖς
2745 3566 3122 3639 φρυκτωρίαις
3168 3568 3201 3637 ἡ
3247 3567 3507 3637 θεοφόρος
3541 3566 3718 3636 αύγαο

2131 3655 2324 3709 σθετσα
2349 3655 2460 3709 τῶν
2493 3655 2687 3710 παθῶν
2716 3658 2814 3730 τὴν
2839 3657 3068 3729 ὀμίχλην
3097 3659 3360 3713 διέλυσεν.

2200 3749 2500 3814 Συνέλασες
2530 3751 2589 3805 ὲν
2612 3750 2812 3822 γαστρὶ
2839 3752 2928 3804 τδν
2959 3752 3306 3821 προαιώνιον,
3332 3753 3593 3824 ἀχραντε,
3625 3753 3722 3808 καὶ

2131 3841 2359 3906 τέτοκας
2393 3843 2453 3897 ὲν
2486 3845 2650 3913 σαρκὶ
2681 3843 2772 3897 τὸν
2803 3843 2963 3913 φύσει
2993 3845 3312 3915 ἀσώματον,
3353 3845 3450 3898 καί¹
3481 3845 3722 3914 γάλακτι

2131 3935 2367 4008 ἔθρεψας
2397 3935 2488 3990 τὸν
2511 3936 2720 4007 τροφέα
2750 3937 2990 4001 πάντων,
3026 3937 3311 4009 Θεομῆτορ
3343 3936 3720 4010 ἀπειρόγαμε.

2210 4112 2317 4166 Ἴδε
2362 4113 2460 4183 τὴν
2507 4112 2686 4182 θλίψιν
2741 4129 2883 4182 μου,
2918 4111 3200 4184 Παρθένε,
3242 4112 3308 4183 ἦν
3354 4112 3608 4181 ἐπήγαγε
3659 4111 3720 4165 τὸ

2133 4203 2341 4274 πλῆθος
2371 4203 2480 4258 τῶν
2511 4204 2696 4260 κακῶν
2735 4221 2860 4278 μου,
2891 4203 2987 4260 καὶ
3016 4205 3242 4275 γεέννης
3275 4204 3446 4275 πυρὸς
3478 4203 3723 4274 ὲξάρπαο

2139 4315 2231 4352 σον
2268 4297 2476 4369 βοῶντα
2502 4314 2516 4328 ·
2558 4298 2940 4368 Εὐλογημένος
2960 4338 2974 4363 ,
3008 4299 3248 4363 πάναγνε
3270 4337 3285 4362 ,
3321 4296 3350 4348 ὁ
3382 4296 3595 4365 καρπὸς
3619 4296 3722 4366 τῆς

2137 4392 2238 4461 σῆς
2268 4389 2493 4453 κοιλίας.

2205 4480 2605 4552 Σωματοφόρον
2633 4483 2883 4545 τέτοκας,
2929 4480 3022 4534 καὶ
3061 4479 3328 4548 ἀγκάλαις
3370 4478 3714 4543 ἐϐάστασας.

444 4573 615 4648 Virgo
647 4576 929 4642 inviolata,
966 4575 1259 4632 Dominum
1299 4572 1512 4635 Jesum.
1545 4574 1640 4643 qui
1683 4581 1866 4644 portat
1908 4573 2023 4626 uni.

2151 4573 2374 4646 Ιχραντε
2413 4574 2686 4646 Παρθένε,
2741 4573 2952 4643 Ἰησοῦν
2993 4573 3086 4627 τὸν
3117 4572 3358 4644 Κύριον,
3402 4572 3499 4626 τδν
3542 4573 3721 4626 πάντα

445 4683 604 4724 versa
627 4677 763 4726 nutu
784 4683 886 4726 suo
904 4667 1287 4737 omnipotenti.
1306 4665 1674 4732 Quamobrem
1696 4675 1747 4719 te
1769 4672 2032 4734 tanquam

435 4755 548 4838 ‘Dei
567 4755 794 4811 Matrem
818 4757 1217 4820 collaudamus,
1242 4756 1541 4810 clamantes
1566 4769 1690 4808 cum
1714 4753 2032 4824 praeconiis:

2147 4666 2482 4738 βαστάζοντα
2512 4667 2906 4736 παντοδυνάμῳ
2940 4665 3170 4736 νεύματι
3191 4681 3205 4695 °
3234 4666 3360 4719 ὅθεν
3389 4665 3469 4726 ὡς
3500 4663 3638 4719 Θεοῦ
3664 4681 3720 4716 σε

2142 4761 2487 4832 ἀνυμνοῦμεν
2512 4757 3011 4831 Μητέρα,βοῶντες
3039 4759 3098 4811 ὲν
3127 4758 3356 4812 αίνέσειο
3395 4758 3607 4830 Ἱερεῖς,
3635 4756 3718 4808 εύ-

454 4845 802 4915 Sacerdotes,
816 4847 1150 4915 benedieite;
1183 4847 1343 4919 106
1359 4845 1616 4917 populus,
1635 4861 1698 4901 su
1705 4847 2023 4916 perexaltate

2151 4853 2370 4920 λογεῐτεο
2405 4851 2555 4916 λαὸς,
2577 4851 2922 4924 ὑπερυψοῦτε
2950 4849 3042 4904 τὸν
3065 4849 3294 4921 Κύριον.

441 4937 768 4996 ιυοωίηιιω.

519 5034 688 5093 Pareo
715 5032 875 5100 mihi,
905 5031 1174 5098 Salvator,
1202 5032 1296 5104 qui
1323 5041 1502 5098 natus,
1529 5029 1864 5088 Genitricem
1882 5039 2030 5086 tttam

451 5126 821 5196 incorruptam
855 5124 1194 5183 conservasti
1227 5133 1350 5195 post
1379 5131 1593 5194 partum
1617 5162 1633 5188 ,
1664 5138 1786 5179 cum
1813 5121 2030 5178 sedebis

447 5227 508 5270 ut
539 5215 754 5286 judices
787 5231 952 5287 opera
995 5231 1152 5283 mea,
1197 5215 1556 5271 dissimulans
1596 5214 1937 5285 iniquitates,
1977 5221 2032 5268 et

446 5316 666 5375 peccata
724 5324 842 5366 mea
890 5318 1148 5379 tanquam
1201 5308 1664 5378 benignissimus,
1713 5308 2024 5373 miserator,

449 5400 610 5467 bone,
635 5410 689 5457 et
717 5409 930 5458 amator
954 5401 1262 5457 hominum.

447 5513 531 5568 Ea:
593 5514 806 5570 Conone
857 5515 912 5569 in
961 5515 1021 5572 S.
1079 5515 1353 5642 Βιᾶείιέιιὲη
1403 5517 1699 5586 episcopum
1745 5517 2025 5580 Amasene,

1170 5603 1216 5641 te
1323 5625 1340 5642 .

1170 5603 1216 5641 ιε
1246 5603 1340 5643 ’Ζοο

511 5692 558 5749 0
593 5693 760 5767 Virgo
789 5704 1072 5766 perpetua,
1098 5695 1367 5768 refugium
1399 5697 1662 5762 fidelium,
1698 5708 1752 5751 et
1786 5695 2023 5751 validum

445 5786 710 5841 auxilium
739 5787 1139 5843 recurrentium
1176 5789 1243 5843 ad
1271 5797 1322 5843 te
1343 5829 1357 5853 ,
1392 5790 1460 5844 ab
1493 5790 1643 5845 omni
1699 5789 2026 5847 necessitate

445 5886 500 5934 et
529 5876 730 5936 damno
760 5879 941 5935 hostili
978 5878 1160 5935 salvos
1191 5879 1275 5935 fac
1309 5897 1428 5936 nos.

2209 5030 2395 5085 Φείσαί
2442 5047 2546 5100 μου
2571 5070 2587 5095 ,
2628 5027 2834 5101 Σῶτερ,
2883 5031 2914 5083 ὁ
2945 5027 3161 5100 τεχθεὶς
3206 5029 3300 5083 καὶ
3346 5027 3594 5097 φυλάξας
3622 5025 3715 5096 τὴν

2134 5123 2399 5180 τεκούσω
2432 5139 2491 5178 σε
2520 5122 2759 5195 ἄφθορον
2789 5121 2929 5193 μετὰ
2950 5124 3048 5193 τὴν
3071 5121 3267 5193 κύησιν
3285 5162 3300 5187 ,
3327 5123 3457 5175 ὅταν
3485 5121 3714 5192 καθίσῃς

2138 5216 2324 5287 κρίναι
2353 5215 2422 5269 τὰ
2449 5215 2587 5287 ἔργα
2625 5232 2758 5286 μου,
2790 5215 2891 5278 τὰς
2920 5215 3148 5285 ἀνομίας
3169 5212 3430 5283 παρορῶν
3448 5253 3463 5277 ,
3495 5214 3592 5266 καὶ
3625 5213 3717 5275 τὰς

2137 5310 2412 5381 ἁμαρτίας
2449 5328 2574 5381 μου,
2605 5310 2681 5374 ὡς
2705 5309 3078 5378 ύπεράγαθος,
3119 5305 3392 5377 ἐλεήμων,
3423 5305 3598 5374 ἀγαθὲ
3627 5305 3712 5359 καὶ

2135 5400 2324 5470 φιλανθ
2331 5418 2480 5471 ρωπε
2491 5440 2506 5454 .

2145 5517 2250 5570 Ἐκ
2279 5515 2386 5570 τοῦ
2425 5516 2694 5583 Κανόνος
2721 5519 2805 5584 είς
2833 5516 2939 5570 τὸν
2971 5515 3141 5585 ἅγιον
3167 5512 3560 5584 ἱερομὰρτυρα
3604 5516 3712 5567 Ba-

2271 5586 2525 5653 σίλειον,
2553 5587 2892 5641 ἐπίσκοπον
2932 5588 3240 5657 Ἀμασίας,
3265 5585 3453 5655 ἡμέρᾳ
3485 5589 3600 5649 κς¹.

2219 5699 2283 5752 Ἥ
2328 5698 2535 5754 πιστῶν
2578 5698 2903 5768 καταφυγὴ,
2963 5698 3356 5770 Ἀειπάρθενε,
3401 5699 3433 5768 ή
3480 5695 3709 5768 κραταιὰ

2137 5792 2358 5863 βοήθεια
2388 5791 2494 5843 τῶν
2535 5791 2977 5860 προστρεχόντων
3011 5808 3092 5844 σοι
3124 5791 3231 5845 ἀπὸ
3262 5791 3443 5862 πάσης
3468 5790 3705 5858 ἀνάγκης

2136 5885 2227 5938 καὶ
2269 5883 2469 5952 βλάϐης
2494 5879 2742 5947 ἐναντίας
2774 5883 2922 5952 ἡμᾶς
2949 5883 3232 5939 διὰσωσον.
3545 5880 3560 5892 ’
