3996 6590
236 421 371 495 1109

1668 430 2038 500 MARIALE.

3331 419 3481 491 1110.

306 540 580 612 Ἐκύησας
607 539 699 594 τὸν
727 540 962 611 ἄναρχον
998 542 1224 613 βασιλέα
1260 544 1324 596 ἐκ
1358 542 1452 596 σοῦ
1474 582 1490 606 ,
1523 542 1795 614 Παρθενο-

1967 537 2227 613 Peperisti
2258 555 2436 611 regem
2455 548 2747 605 aeternum,
2770 538 2862 609 qui
2895 554 2960 594 ex
2991 545 3063 603 le,
3096 517 3258 607 Virgo
3281 530 3487 602 Mater,

228 634 425 706 μῆτορ,
465 634 640 705 ἀρχὴν
682 633 943 687 λαϐόνταο
978 633 1142 688 αὑτὸν
1173 629 1265 687 οὖν
1312 633 1387 698 ὼς
1420 631 1799 703 φιλάνθρωπον

225 724 531 780 ἔκδυοῶπει
573 724 745 779 σῶσαι
786 725 915 790 τοὺς
956 724 1178 790 δούλους
1227 726 1340 779 soul
1373 725 1552 797 πάσης
1596 727 1660 780 ὲκ
1687 725 1801 779 61i-

224 818 373 889 ψεως
406 818 498 872 καὶ
524 815 736 889 ἐχθρῶν
762 814 1035 885 ἁλώσεως,
1066 817 1468 889 παναμώμητε.

291 997 619 1070 Πανύμνητε
646 1038 661 1064 ,
700 996 808 1053 τῶν
847 996 1152 1068 ἀνθρώπων
1197 998 1389 1068 ἑτοίμη
1429 997 1651 1069 βοήθεια
1674 1037 1689 1064 ,
1732 995 1803 1048 τὰ

221 1093 390 1163 ἄγρια
437 1090 659 1162 κύματα
707 1090 819 1143 τῶν
865 1090 1187 1163 πειρασμῶν
1230 1090 1647 1161 καταπράῡνον,
1694 1088 1803 1141 σώ-

221 1183 394 1251 ζουσα
416 1184 543 1247 τοὺς
563 1181 781 1245 δούλους
810 1194 907 1235 σου
937 1181 1038 1252 τῆς
1072 1180 1180 1235 τῶν
1210 1180 1420 1253 ἱχθρῶν
1449 1175 1798 1252 προσδοκίας.

292 1274 456 1338 Πόλις
479 1271 637 1338 Θεοῦ,
671 1274 800 1341 περὶ
824 1267 892 1342 ἧς
919 1272 1155 1343 δλαλήθη
1182 1270 1570 1341 δεδοξασμένα,
1596 1272 1801 1339 ταύτην

224 1377 319 1417 σου
357 1363 459 1434 τὴν
491 1362 646 1415 πόλιν
678 1361 776 1414 καὶ
804 1361 986 1414 πᾶσαν
1017 1358 1202 1430 χώραν
1236 1357 1344 1411 ἀπὸ
1378 1356 1639 1411 κινδύνων
1662 1397 1677 1420 ,
1709 1356 1803 1408 καὶ

222 1453 408 1523 λιμοῦ,
447 1453 539 1506 καὶ
571 1452 895 1523 βαρσάρων,
927 1449 1158 1504 Θεοτόκι
1198 1448 1441 1520 Παρθένε
1461 1488 1477 1514 ,
1500 1438 1800 1517 λύτρωσαι,

227 1546 366 1615 μόνη
390 1542 694 1615 προστασία
730 1540 938 1595 πιστῶν
965 1536 1387 1610 ἀκαταισχυντε.

296 1657 546 1725 Παναγια
572 1654 815 1726 Παρθένε
843 1651 1139 1724 θεόνυμῳε,
1167 1654 1201 1725 ὴ
1237 1650 1376 1723 μετὰ
1401 1649 1534 1705 Θεὸν
1563 1662 1802 1722 προσταα

226 1750 319 1803 σία
349 1749 457 1803 τῶν
484 1748 687 1803 δούλων
715 1762 809 1800 σου
828 1786 843 1812 ,
876 1742 1218 1816 βαρϐαρικῆς
1248 1741 1523 1809 ἁλώσεως,
1556 1744 1651 1799 καὶ
1688 1758 1804 1797 κιν-

222 1841 397 1895 δύνων
424 1842 456 1909 ἡ
468 1841 571 1908 μᾶς
603 1832 1014 1909 ἀπολύτρωσαι.

1900 648 2022 689 esse
2054 631 2217 703 cmpit
2246 631 2299 686 in
2334 639 2596 701 tempore.
2632 631 2812 700 ipsum
2845 645 2974 695 ergo
3005 638 3263 699 tanquam
3299 629 3477 683 homi-

1904 740 2032 780 num
2074 732 2369 779 amatorem
2410 736 2607 785 exora,
2649 731 2709 776 ut
2764 722 2937 776 solvet
2988 704 3174 776 servos
3230 729 3352 775 tuos
3406 708 3476 774 ab

1901 814 2049 869 omni
2083 813 2450 878 tribulatione,
2493 820 2656 882 atque
2686 812 2755 867 ab
2784 808 3019 867 hostium
3050 808 3491 879 expugnatione,‘

1902 921 1934 960 0
1968 904 2472 960 intemeratissima.

1972 994 2017 1051 0
2063 996 2215 1050 omni
2252 995 2413 1049 laude
2443 993 2786 1065 dignissima,
2838 1000 3145 1063 promptum
3193 990 3478 1045 hominum

1905 1087 2189 1152 auxilium,
2217 1086 2364 1142 feros
2385 1086 2584 1142 ﬂuctus
2615 1085 2973 1141 tentationum
3007 1082 3297 1153 tranquilla
3317 1120 3333 1148 ,
3366 1082 3478 1137 sal-

1902 1188 2035 1234 vans
2078 1188 2267 1233 servos
2298 1186 2423 1233 tuos
2456 1177 2525 1232 ab
2554 1176 2789 1232 hostium
2823 1176 3247 1245 exspectatione.
3490 1186 3497 1192 ·

1970 1268 2176 1325 Civitas
2200 1269 2315 1333 Dei,
2338 1270 2403 1324 de
2424 1282 2530 1340 qua
2554 1268 2790 1340 gloriosa
2817 1268 2960 1322 dicta
2985 1274 3133 1330 sunt,
3162 1266 3304 1320 hanc
3328 1268 3484 1318 tuam

1902 1360 2176 1417 civitatem
2234 1375 2564 1429 omnemque
2599 1358 2872 1430 regionem
2912 1374 2943 1413 a
3000 1352 3279 1428 periculis,
3314 1354 3478 1420 fame,

1901 1461 1954 1508 et
1989 1452 2352 1507 Barbardrum
2382 1450 2554 1506 armis
2578 1450 2769 1515 libera,
2799 1464 2832 1503 ο
2859 1449 3085 1519 Deipara
3112 1447 3294 1518 Virgo,
3320 1445 3480 1502 unica

1905 1543 2171 1615 protectio
2192 1540 2452 1609 ﬁdelium,
2484 1556 2606 1613 quae
2638 1554 2746 1597 non
2782 1538 3157 1596 confunditur.

1971 1651 2017 1708 0
2051 1650 2213 1723 Virgo
2242 1648 2587 1707 sanctissima
2623 1649 2713 1704 Dei
2745 1662 2945 1719 sponsa
2968 1688 2981 1712 ,
3017 1662 3137 1716 quae
3164 1654 3287 1716 post
3313 1643 3485 1697 Deum

1903 1760 1962 1800 es
1985 1744 2294 1815 praesidium
2328 1757 2610 1800 servorum
2644 1751 2886 1805 tuorum,
2914 1755 2944 1794 a
2983 1737 3279 1793 Barbarica
3308 1750 3479 1805 expuo

1906 1837 2161 1910 εηδιῑοηι
2185 1850 2248 1892 ac
2278 1832 2541 1908 periculis
2569 1835 2744 1889 libera
2767 1838 2889 1887 nos.
3190 1822 3191 1825 “
3418 1850 3421 1853 -

311 1930 377 1985 Ἦ
587 1930 741 1996 ἐλπὶς
776 1897 870 1987 καὶ
902 1928 1124 2002 βοήθεια
1153 1927 1384 1994 πιστῶν,
1415 1928 1801 1999 Θεογεννῆτορ,

1919 1897 1936 1910 ’
1976 1930 2022 1986 0
2055 1944 2179 2000 spes
2205 1897 2365 1984 unica
2404 1932 2461 1983 et
2500 1926 2760 1982 auxilium
2794 1923 3032 1980 ﬁdelium
3059 1962 3073 1986 ,
3104 1920 3194 1975 Dei
3225 1917 3479 1990 geniti-ix,

224 2016 497 2089 σπεῦσον,
530 2018 714 2093 βοήθει
756 2022 872 2086 τοῖς
902 2020 1111 2085 ἱκέταις
1148 2035 1241 2073 σου
1274 2018 1646 2090 βυθιζομένοις
1683 2020 1805 2082 ταῖς

224 2112 444 2179 suum
470 2153 486 2180 ,
537 2115 634 2168 καὶ
664 2111 1035 2185 ἡπορημένοις
1055 2152 1071 2178 ,
1111 2110 1356 2183 Παρθένε
1376 2150 1391 2176 ,
1421 2110 1513 2164 καὶ
1546 2111 1604 2163 ὲν
1644 2109 1803 2181 ὀδύνῃ

225 2203 561 2274 ὑπάρχουσι,
588 2204 684 2258 καὶ
712 2202 1150 2272 καταφεύγουσιν
1179 2202 1259 2265 εις
1301 2199 1361 2253 σὲ
1394 2199 1453 2252 ὲν
1481 2198 1803 2270 πεποιθήσει

220 2294 427 2365 ψυχῆς.

300 2384 605 2455 Καταφυγὴ
654 2384 1033 2455 Χριστιανῶν,
1078 2382 1303 2454 βοήθεια
1352 2381 1461 2435 τῶν
1513 2382 1570 2435 ὲν
1613 2379 1805 2443 δεινοῖς

223 2477 624 2548 συνεχομένων,
656 2476 900 2545 παναγία
929 2474 1173 2548 Παρθένε
1201 2513 1218 2540 ,
1253 2473 1329 2545 μὴ
1365 2471 1628 2545 ὑπερίδῃς
1655 2470 1806 2541 ἡμᾶς

224 2569 497 2633 κινδύνοις
522 2562 917 2639 κλονουμένους
939 2566 1193 2633 πάντοτε,
1222 2564 1317 2621 καὶ
1346 2564 1569 2628 πολλαῖς
1595 2562 1806 2634 ἐφόδοις

222 2659 337 2713 τῶν
368 2658 620 2731 πονηρῶν
646 2657 953 2731 βαρϐάρων.

298 2836 657 2911 Φωτοκυῆτορ
684 2833 928 2909 Παρθένε
953 2878 968 2903 ,
999 2835 1136 2908 μετὰ
1166 2836 1276 2892 τῶν
1308 2835 1615 2908 ἀσωμάτων
1639 2834 1804 2905 ἀγγέ-

219 2927 358 2993 λων,
387 2929 721 2994 ἀποστόλων,
740 2929 1056 3001 προφητῶν,
1076 2927 1702 3001 ἱεραρχῶν,ἀθλοφόρων
1736 2942 1798 2981 τε

222 3023 323 3074 καὶ
367 3021 529 3075 όσίων
585 3020 873 3088 ἁπάντων,
923 3019 1014 3075 τὸν
1072 3014 1233 3093 μόνον
1282 3016 1626 3092 ὑπεράγαθον
1671 3016 1807 3073 Θεὸν

220 3110 531 3165 ὲκδυσῶπει
562 3112 827 3183 ρυσθῆναι
856 3111 1112 3165 κινδύνων
1141 3109 1241 3174 τὰς
1270 3110 1449 3182 ψυχὰς
1478 3106 1656 3182 ἡμῶν.

1904 2021 2101 2079 festina
2124 2061 2139 2086 ,
2178 2020 2374 2091 adjuVa
2406 2017 2685 2090 supplices
2726 2025 2854 2072 tuos
2888 2012 3339 2070 tribulationibus
3378 2010 3481 2066 im-

1905 2127 2119 2170 mersos
2139 2154 2156 2180 ,
2186 2122 2240 2167 et
2266 2111 2479 2167 consilii
2517 2109 2817 2178 auxiliique
2844 2107 3034 2175 inopes
3054 2147 3069 2170 ,
3101 2119 3165 2160 ac
3194 2110 3497 2174 prapterea‘

1904 2200 1958 2255 in
1993 2199 2182 2256 dolore
2222 2206 2509 2255 Versatites
2560 2202 2614 2252 et
2650 2197 2718 2253 ad
2762 2205 2815 2253 te
2844 2210 2970 2252 cum
3001 2193 3169 2250 animi
3202 2193 3479 2248 conliden-

1904 2292 1978 2347 tia
2009 2290 2415 2362 confugientes,
2451 2304 2483 2344 ο
2521 2287 2705 2361 Virgo.

1976 2381 2269 2453 Relugium
2308 2382 2766 2444 Christianorum,
2807 2377 3049 2448 adiutrix
3075 2391 3268 2433 eorum
3300 2374 3478 2445 quiin

1904 2473 2174 2543 angustiis
2218 2470 2547 2537 detinentur,
2583 2462 2749 2541 Virgo
2777 2467 3124 2525 sanctissima
3146 2507 3161 2532 ,
3204 2477 3272 2522 ne
3301 2464 3483 2534 despi-

1905 2566 2020 2622 cias
2051 2580 2151 2622 nos
2192 2562 2347 2636 107
2381 2564 2618 2620 assiduis
2640 2561 2896 2633 periculis
2921 2558 3220 2633 perculsos,
3262 2555 3483 2613 multis—

1904 2672 2010 2729 que
2038 2657 2403 2712 Barbarorum
2441 2655 2802 2727 pessimorum
2832 2652 3213 2709 invasionibus
3236 2651 3481 2722 exagita-

1905 2759 2011 2807 ωε.

1973 2839 2020 2898 0
2052 2841 2218 2915 Virgo
2252 2841 2488 2914 genitrix
2522 2840 2690 2905 lucis,
2719 2850 2843 2895 cum
2873 2836 3083 2908 angelis
3118 2836 3478 2905 incorporeis,

1903 2935 2205 3006 apostolis,
2239 2934 2549 3004 prophetis,
2584 2932 2968 3003 pontiﬁcibus,
3011 2929 3348 3000 martyribus
3370 2969 3385 2993 ,
3419 2944 3483 2982 ac

1905 3028 2112 3084 sanctis
2138 3026 2416 3089 omnibus,
2459 3024 2677 3081 unicum
2704 3022 3154 3091 benignissimum
3191 3020 3358 3075 Deum
3387 3018 3482 3074 dc-

1905 3134 2150 3190 precare,
2189 3125 2248 3173 ut
2281 3133 2311 3172 a
2347 3116 2602 3187 periculis
2632 3112 2827 3170 liberet
2860 3114 3073 3169 animas
3100 3119 3338 3167 nostras.

236 3242 341 3299 Ἐκ
366 3246 477 3320 τοιξ
502 3244 759 3307 κανόνος
794 3245 880 3320 sic
912 3244 1033 3320 tdr_
1055 3243 1226 3320 ᾅγιοις·
1255 3241 1643 3320 ἱερομᾴοτυρει
1687 3247 1801 3300 Συ-

1919 3253 1990 3309 Ex
2023 3254 2236 3310 Canam
2266 3255 2322 3308 iu
2363 3253 2421 3308 S.
2451 3252 2745 3308 Simeonem
2776 3262 3083 3319 martyrem,
3110 3252 3199 3320 qui
3242 3247 3346 3317 fuit
3388 3262 3479 3301 co-

363 3313 565 3382 μεῶνα
589 3313 897 3386 συγ-γενῆν
929 3311 1035 3370 τοῦ
1066 3310 1309 3382 Κυρίου,
1340 3310 1529 3382 ἡμέρᾳ
1557 3310 1659 3380 κζ’.

312 3464 399 3529 Ὠς
424 3458 558 3519 οὖσα
577 3464 674 3537 τῆς
701 3464 930 3530 κτίσεως
952 3463 1198 3536 άνωτέρα
1222 3462 1425 3534 πάσης,
1451 3462 1542 3516 τὸν
1563 3461 1804 3535 Κτίστην

220 3557 319 3611 καὶ
353 3555 486 3609 θεὸν
514 3555 575 3608 ὲν
618 3553 799 3628 μήτρα
830 3556 1105 3627 συνέσχες,
1142 3554 1409 3627 Παρθένε,
1440 3553 1537 3609 καὶ
1561 3552 1802 3625 ἔκύησας

222 3646 439 3721 βροτῶν
464 3650 543 3713 εἰς
569 3647 966 3722 ἀπολύτρωσιν.

298 3760 485 3824 Ἅπας
518 3756 829 3831 ἐγκωμίων,
863 3760 1130 3828 πάναγνε,
1166 3758 1328 3829 νόμος
1354 3757 1449 3813 νῦν
1478 3757 1708 3830 ἡττᾶται
1742 3770 1801 3812 σε

220 3854 508 3923 ἁνυμνεῖν,
536 3852 842 3924 Θεόνυμφε,
871 3853 1043 3922 Λόγον
1085 3851 1218 3906 Θεὸν
1254 3851 1493 3908 τεκοῦσα
1513 3892 1531 3918 ,
1560 3852 1657 3907 καὶ
1698 3852 1802 3917 ἀγ-

220 3944 418 4015 γέλους
444 3942 849 4015 ὑπερϐέϐηκας.

297 4120 660 4194 Μεμνημένος
685 4118 775 4176 τδν
803 4122 959 4175 τόκον
990 4138 1105 4187 σου,
1132 4122 1160 4175 δ
1191 4122 1475 4194 προφήτης
1501 4138 1560 4175 σε
1602 4112 1802 4174 ’Λύσα-

223 4216 373 4283 κοὺμ
397 4214 704 4284 προγράφει
732 4212 1029 4268 κατάσκιον
1055 4212 1202 4285 ὅρος,
1231 4213 1403 4285 Κόρη,
1428 4212 1457 4265 ὁ
1485 4212 1616 4277 Θεὸς
1647 4210 1803 4285 ἡμῶν

222 4303 287 4371 ἐξ
313 4297 375 4359 οὗ
405 4302 769 4375 ἐπεδήμησεν.

305 4418 478 4488 ’Υπὲρ
507 4416 665 4489 ἡμῶν
711 4415 1029 4488 δυσώπησω
1063 4418 1297 4488 Χριστὸν
1322 4415 1411 4471 τὸν
1447 4418 1513 4471 ἐκ
1553 4416 1662 4473 τῶν
1696 4418 1801 4472 σῶν

222 4511 408 4579 ἁγνῶν
433 4510 684 4580 αἱμάτων
704 4550 719 4575 ,
748 4508 889 4580 ἁγνὴ
934 4508 1163 4563 Θεοτόκε
1188 4548 1204 4571 ,
1248 4502 1427 4579 σάρκα
1469 4508 1657 4581 ύλικὴν
1696 4510 1802 4581 ὴμ-

223 4601 543 4672 φιεσμένον,
576 4602 671 4654 καὶ
700 4600 923 4671 βροτοὺς
943 4598 1350 4653 ἁναπλάσαντα.

310 4710 613 4781 Ἰάτρευσον
642 4709 709 4764 τὰ
735 4710 930 4763 ἀνίατα
950 4708 1118 4780 πάθη,
1154 4707 1462 4777 Θεόνυμφε,
1487 4707 1587 4778 τῆς
1616 4709 1794 4780 ψυχῆς

223 4820 352 4874 μου,
401 4802 583 4873 ἰατρὸν
614 4801 711 4855 καὶ
751 4801 978 4873 Σωτῆρα
1028 4800 1278 4871 κυήσασα
1322 4798 1431 4852 τῶν
1477 4797 1684 4871 βροτῶν
1726 4800 1794 4855 τὰ

218 4894 373 4963 πάθη
406 4895 517 4957 τοῖς
546 4891 711 4947 αὐτοῦ
746 4891 1119 4963 θεραπεύοντα
1151 4890 1400 4946 πάθεσιν.

293 5002 725 5076 Παρθενομῆτορ
775 5002 952 5072 ἁγνὴ,
982 5002 1046 5055 τὸ
1087 5001 1197 5055 τῶν
1233 5001 1502 5073 δαιμόνων
1550 5003 1791 5075 τραῦμα,

216 5097 447 5153 καὶτῶν
472 5094 774 5168 ἀνθρώπιον
797 5096 857 5148 τὸ
878 5094 1183 5165 διάσωσμα,
1204 5096 1449 5163 ἀγγέλων
1469 5096 1793 5166 εὐπρέπεια,

218 5189 327 5257 τὴν
356 5187 622 5255 ταπεινήν
648 5203 752 5255 μου
789 5184 969 5255 ψυχὴν
1002 5184 1201 5255 ἐχθροῦ
1236 5185 1333 5253 τῆς
1366 5184 1575 5255 πλάνης
1610 5184 1792 5256 ῥῦσαι.

298 5288 417 5340 Ἰνα
441 5303 500 5339 σε
524 5287 749 5354 φωναῖς,
774 5284 935 5355 ἁγνὴ,
958 5283 1334 5355 χαριστηριοις
1363 5284 1462 5355 τὴν
1490 5284 1796 5355 χαριτώσα-

222 5394 326 5432 σαν
352 5378 514 5446 ἡμῶν
538 5376 598 5429 τὸ
622 5376 778 5445 γένος
803 5375 1172 5446 ἀνυμνοῦμεν,
1198 5373 1365 5428 σκέπε
1386 5376 1481 5428 καὶ
1502 5377 1797 5448 περιφρούο

223 5486 312 5538 ρει
339 5469 511 5539 ἡμᾶς,
539 5467 842 5539 Θεόνυμφε,
882 5469 947 5520 ὲκ
979 5465 1157 5535 πάσης
1187 5462 1413 5536 βλάϐης.

295 5570 440 5624 Φωτί
475 5587 543 5641 με
578 5571 921 5639 καταύγασον
947 5570 1023 5641 τῷ
1055 5570 1181 5643 θείῳ
1201 5611 1217 5635 ,
1251 5571 1427 5641 φωτδς
1459 5556 1792 5646 οἰκητήριον,

226 5661 496 5731 Παρθένε,
531 5660 641 5714 τῶν
672 5657 859 5714 παθῶν
886 5680 984 5733 μου
1017 5661 1082 5715 τὸ
1119 5662 1309 5726 σκότος
1333 5702 1346 5725 ,
1379 5662 1471 5717 καὶ
1495 5663 1591 5734 τὴν
1636 5666 1798 5734 βαθυ-

225 5750 403 5821 τάτην
457 5750 627 5814 ὅντως
670 5752 842 5808 νύκτα
890 5755 1010 5819 σαῖς
1064 5754 1403 5826 μεσιτείαις,
1453 5756 1795 5828 Θεοκυῆτορ,

229 5841 632 5898 ἁπελαύνουσα.

2351 3332 2540 3395 gnatus
2572 3322 2808 3386 Domini,
2832 3322 2916 3375 die
2938 3321 3030 3375 27.

1974 3482 2254 3555 Tanquam
2281 3483 2431 3539 omni
2462 3489 2714 3541 creatura
2742 3480 3014 3550 superior,
3041 3470 3373 3535 CreatOrem‘
3416 3488 3481 3534 ac

1905 3573 2075 3629 Deum
2110 3575 2163 3629 in
2200 3586 2352 3630 utero
2380 3570 2674 3645 concepisti
2696 3614 2713 3642 ,
2746 3586 2780 3629 o
2814 3571 3013 3643 Virgo,
3051 3577 3105 3627 et
3131 3569 3391 3642 peperisti
3423 3571 3478 3625 in

1903 3665 2329 3735 redemptionem
2360 3663 2664 3719 hominum.

1972 3775 2164 3832 Omnis
2218 3777 2595 3831 encomiorum
2632 3768 2714 3831 lex
2751 3773 2988 3830 vincitur
3019 3754 3183 3837 nunc,
3218 3788 3252 3825 ο
3284 3771 3481 3827 castis-

1865 3868 1868 3871 ’
1903 3868 2040 3924 sima
2073 3868 2164 3922 Dei
2198 3878 2402 3937 sponsa
2423 3905 2440 3932 ,
2473 3866 2526 3922 in
2560 3864 2818 3921 laudibus
2849 3865 2993 3928 tuis;
3024 3863 3119 3917 Dei
3151 3863 3295 3916 enim
3342 3861 3480 3917 Ver—

1902 3958 2031 4013 bum
2064 3957 2344 4029 peperisti,
2373 3966 2427 4013 ct
2447 3956 2761 4027 angelorum
2788 3953 3171 4009 sublimitatem
3198 3959 3479 4005 transcen-

1811 4050 1813 4052 ’
1903 4046 2054 4104 disti.

1932 4140 1935 4143 ⁷
1974 4132 2220 4193 [uitiatus
2250 4130 2522 4208 mysteriis
2554 4140 2745 4207 partus
2773 4133 2853 4187 tui
2887 4133 3150 4204 propheta
3187 4130 3473 4193 AbbaCuc,

1902 4247 1938 4286 ο
1976 4229 2186 4293 Puella,
2212 4226 2473 4284 describit
2516 4233 2567 4283 te
2609 4231 2852 4282 montem
2894 4224 3233 4289 umbrosum,
3262 4232 3329 4278 es
3368 4236 3477 4292 quo

1903 4322 2047 4379 Deus
2079 4330 2266 4377 noster
2288 4319 2523 4375 advenit.

1974 4437 2274 4507 Deprecare
2304 4451 2402 4505 pro
2435 4434 2595 4490 nobis
2628 4432 2939 4494 Christum,
2975 4444 3008 4485 o
3034 4436 3183 4485 casta
3221 4427 3471 4499 Deipara,

1902 4529 1996 4601 qui
2041 4544 2105 4585 ex
2155 4527 2311 4599 puris
2354 4527 2713 4597 sanguinibus
2760 4525 2868 4581 tuis
2925 4522 3260 4579 materialem
3296 4521 3475 4577 induit

1898 4636 2143 4685 carnem,
2173 4628 2228 4676 et
2252 4618 2501 4675 homines
2532 4617 2869 4674 reformavit.
3013 4618 3017 4624 ’

1968 4735 2110 4792 Sana
2155 4733 2491 4791 insanabiles
2529 4733 2727 4789 animae
2759 4745 2896 4787 mea
2940 4731 3263 4803 passiones,
3304 4744 3341 4786 ο
3378 4727 3472 4785 Dei

1898 4827 2133 4899 Sponsa,
2164 4834 2288 4896 quin
2315 4826 2585 4881 medicum
2616 4835 2672 4881 et
2702 4824 3037 4879 Salvatorem
3070 4822 3351 4893 peperisti,
3377 4822 3474 4892 qui

1895 4917 2247 4988 passionibus
2302 4918 2537 4989 propriis
2580 4916 2863 4971 hominum
2908 4914 3198 4985 passiones
3236 4913 3469 4967 curavit.

1967 5030 2133 5101 Virgo
2160 5031 2332 5086 Mater
2361 5039 2510 5086 casta
2529 5070 2545 5095 ,
2580 5029 2891 5083 daemonum
2921 5023 3155 5089 νυιιιιιε,
3186 5023 3468 5080 hominum

1896 5126 2063 5190 salus,
2106 5124 2420 5194 angelorum
2453 5122 2640 5186 decus,
2710 5120 2881 5175 libera
2921 5118 3175 5172 miseram
3226 5114 3467 5170 animam

1896 5230 2073 5269 meam
2096 5232 2126 5270 a
2159 5214 2477 5270 seductione
2501 5212 2729 5268 inimici.

1976 5302 2046 5358 Ut
2081 5315 2132 5358 te
2153 5305 2323 5375 gratis
2345 5303 2588 5363 vocibus,
2613 5316 2648 5355 ο
2668 5311 2843 5366 casta,
2869 5313 2991 5370 qum
3022 5314 3193 5372 genus
3217 5292 3467 5354 nostrum

1898 5396 2070 5467 gratia
2102 5396 2395 5465 replevisti,
2426 5394 2710 5451 laudemus
2730 5434 2750 5462 ,
2782 5403 2998 5465 protegi:
3024 5400 3079 5449 et
3103 5391 3331 5449 defende
3371 5408 3470 5447 nos

1898 5488 1967 5542 ab
1994 5488 2143 5542 omni
2172 5489 2393 5551 damno,
2422 5503 2456 5543 ο
2490 5489 2703 5559 Sponsa
2736 5487 2851 5543 Dei.

1970 5576 2163 5633 Divina
2197 5578 2319 5633 luce
2353 5576 2615 5648 perfunde
2649 5594 2757 5645 me,
2795 5590 2829 5635 ο
2859 5575 3044 5647 Virgo,
3074 5576 3215 5630 lucis
3249 5572 3497 5630 habita---

1898 5669 2081 5726 culum
2109 5711 2123 5735 ,
2166 5670 2478 5739 passionum
2546 5684 2787 5725 mearum
2840 5668 3114 5732 tenebras,
3150 5674 3205 5723 et
3249 5664 3467 5736 penitus

1902 5759 2383 5830 profundissimam
2408 5760 2567 5833 los
2584 5750 2829 5829 nectent,
2856 5758 3339 5817 intercessionibus
3360 5752 3463 5814 tuis

1901 5853 2211 5923 dispellens,
2243 5872 2274 5913 ο
2306 5854 2399 5912 Dei
2422 5853 2687 5911 Genitrix.
