3996 6596
511 452 644 525 1111

1623 428 1710 536 Is:
1732 421 2046 540 κοπιηῇ
2065 422 2640 537 διὶὲΜὶηόειιΑΡιΠ

3630 462 3761 529 1112

1531 569 1616 627 Ea:
1652 573 1863 629 Conone
1889 576 1941 626 itt
1971 573 2026 628 S.
2061 573 2350 642 Zosimam,
2380 575 2464 630 die
2490 575 2558 629 27
2582 571 2740 647 (60°).

585 687 820 744 Verbum
863 689 998 746 citra
1044 691 1398 747 mutationem
1446 692 1786 747 incarnatum
1837 694 1888 745 in
1939 703 2080 746 terra
2112 697 2160 753 Α
2189 703 2435 750 mortuos
2483 694 2607 749 vitae
2662 692 2931 759 restituit;
2971 691 3118 747 unde
3171 704 3270 746 nos
3309 690 3496 746 fideles
3538 691 3768 750 vocibus

508 781 766 851 peperisti
809 782 860 836 in
897 782 1338 838 reformationem
1372 785 1685 848 hominum,
1724 785 1814 853 qui
1851 796 1900 838 te
1930 784 2080 838 voci-

509 872 611 925 bus
644 873 1060 928 incessahilibus
1097 875 1428 940 ht-atificant,
1459 892 1492 930 ο
1525 893 1648 938 vere
1689 878 1872 931 divina
1907 877 2080 931 felici-

508 972 616 1018 tate
642 965 1097 1020 cumulatissima.

581 1053 745 1123 Virgo
779 1057 1114 1126 incorrupta,
1149 1075 1182 1110 o
1212 1068 1385 1123 casta,
1423 1067 1546 1128 post
1576 1068 1793 1130 partum
1825 1076 2084 1130 perman-

505 1147 650 1206 sisti.
705 1150 1018 1220 concipiens
1069 1154 1230 1206 modo
1285 1153 1718 1222 inexcogitabili,
1773 1154 1926 1209 illum
1985 1155 2082 1225 qui

504 1241 726 1297 abstulit
755 1245 1161 1314 corruptionem
1199 1262 1212 1297 :
1260 1255 1543 1314 propterea
1575 1261 1768 1302 omnes
1800 1255 1854 1303 te
1885 1248 2084 1304 merito

503 1332 714 1389 beatam
745 1335 998 1401 dicimus,
1029 1351 1061 1389 ο
1093 1335 1343 1406 Deipara.

576 1425 873 1482 Thalamus
896 1438 1041 1484 totus
1069 1430 1309 1495 lucidus,
1357 1431 1746 1486 candelabrum
1781 1439 1951 1486 totum
1984 1449 2082 1486 au-

504 1534 657 1573 reum
677 1561 692 1585 ,
722 1521 874 1575 locus
903 1523 1354 1580 sanctiﬁcationis
1379 1524 1607 1578 thronus
1632 1524 1725 1578 Dei
1758 1525 2078 1590 altissimus,

502 1619 555 1664 et
590 1612 848 1678 palatium
895 1614 1293 1682 amplissimum
1333 1615 1470 1670 facta
1505 1632 1584 1679 es,
1625 1632 1658 1670 ο
1685 1616 1850 1686 Virgo
1895 1617 2079 1670 divina

503 1703 676 1771 gratia
713 1705 1169 1762 cumulatissima.

2188 787 2486 856 gratiarum
2511 786 2741 842 actionis
2769 795 2822 840 te
2849 785 3060 840 beatam
3095 783 3497 855 proclamamus
3521 822 3536 849 ,
3567 799 3665 854 per
3695 795 3780 856 te”

2187 848 2221 934 3
2249 881 2500 935 laudibus
2528 880 2713 952 digna,
2747 879 2962 935 salvati.
3095 848 3110 876 ⁷
3523 848 3526 849 ν
3569 848 3583 854 ⁷

2260 973 2369 1026 Lex
2417 974 2598 1028 divina
2631 981 2683 1025 et
2717 971 3105 1040 prophetarum
3151 969 3440 1040 aenigmata
3497 983 3772 1039 praemon-

2188 1074 2501 1122 straverunt
2532 1075 2603 1130 te,
2637 1080 2671 1120 ο
2706 1073 2818 1120 tota
2851 1063 3543 1133 immaculata,parituram
3578 1060 3768 1116 Jesum

2187 1159 2467 1215 Christum
2504 1157 2913 1211 Emmanuelem
2962 1157 3015 1211 in
3050 1157 3295 1210 omnium
3350 1156 3642 1208 hominum
3681 1169 3768 1208 re-

2187 1249 2652 1312 conciliationem,
2696 1248 2948 1312 salutem,
2993 1248 3160 1302 vitam
3221 1258 3276 1302 et
3313 1246 3769 1314 redemptionem.

2259 1341 2612 1410 Negligentite
2641 1339 3029 1394 dormitatione
3057 1347 3362 1408 gravatum,
3397 1335 3772 1407 profundissi-

2188 1450 2312 1489 mus
2367 1431 2576 1504 peccati
2629 1446 2796 1500 seper
2847 1445 2934 1486 me
2993 1429 3267 1499 oppressit
3331 1448 3345 1484 :
3405 1427 3769 1496 quamobrem

2186 1526 2363 1582 clamo
2381 1525 2447 1579 ad
2476 1534 2548 1588 te,
2573 1533 2633 1579 ut
2660 1537 2877 1592 semper
2901 1521 3256 1591 vigilantibus
3289 1518 3543 1589 precibus
3568 1517 3684 1572 tuis
3707 1515 3772 1570 ad

2186 1617 2517 1688 paenitentia
2550 1617 2724 1672 lucem
2755 1616 2962 1671 excites
3006 1630 3112 1668 me.
3322 1679 3325 1682 _

2257 1710 2403 1767 Voce
2435 1710 2733 1782 gratiarum
2767 1708 3003 1765 actionis
3021 1707 3087 1762 ad
3107 1717 3158 1762 te
3185 1707 3486 1762 clamamus
3525 1723 3539 1760 :
3581 1702 3765 1765 Salve,

579 1793 830 1850 Sanctior
864 1798 1157 1852 Cherubim
1207 1800 1395 1865 fuisti,
1437 1817 1470 1855 ο
1500 1801 1912 1868 laudatissima,
1952 1804 2080 1858 dum
2181 1804 2484 1876 jucundum
2539 1819 2604 1859 ac
2649 1802 3059 1858 sanctissimum
3123 1799 3214 1855 Dei
3279 1798 3702 1854 tabernaculum
3751 1811 3768 1849 :

505 1883 676 1939 Deum
705 1887 1076 1957 inexplicabili
1108 1893 1319 1948 ratione
1348 1895 1609 1964 genuisti,
1646 1896 1734 1965 qui
1765 1897 1935 1951 voluit
1969 1897 2078 1952 sal-

504 1992 631 2032 tare
665 1978 956 2056 humanum
986 1998 1180 2053 genus,
1214 1988 1484 2056 serpentis
1508 1987 1636 2042 dolo
1667 2001 1986 2060 corruptum
2018 2005 2082 2046 ac

502 2079 864 2138 peremptum.

574 2156 752 2213 Vitam
783 2162 1059 2230 peperisti,
1093 2180 1126 2218 o
1153 2166 1484 2228 castissima,
1510 2181 1632 2235 quae
1654 2166 1725 2222 ob
1753 2167 1899 2237 pomi
1931 2183 2083 2223 esum

2185 1899 2352 1964 salve,
2378 1897 2544 1952 totius
2574 1896 2733 1967 109
2768 1894 2954 1950 mundi
2977 1894 3161 1950 salus:
3190 1893 3361 1958 salve,
3379 1908 3412 1945 o
3437 1889 3729 1945 benedicta
3753 1905 3768 1941 :

2186 1990 2354 2054 salve,
2388 2005 2422 2045 ο
2451 1989 2521 2044 ab
2540 1990 2687 2043 omni
2721 1987 2932 2043 macula
2959 1986 3242 2049 immunis,
3278 2001 3373 2055 per
3405 1999 3571 2055 quam
3598 1997 3629 2036 a
3656 1995 3774 2036 cor-

2110 2077 2160 2137 B
2188 2084 2438 2154 raptione
2465 2097 2531 2137 ac
2556 2081 2908 2136 damnatione
2936 2078 3150 2134 liberati
3177 2091 3389 2132 sumus.

1443 2301 1526 2357 Ex
1558 2304 1769 2360 Conone
1793 2305 1847 2359 in
1876 2305 1933 2362 S.
1970 2305 2220 2361 Jasonem
2257 2307 2574 2375 apostolum,
2619 2307 2706 2361 die
2727 2308 2817 2362 ΞΒ.

571 2418 773 2478 Puellaa
802 2421 976 2477 virum
1006 2424 1296 2480 nescientis
1330 2427 1581 2496 apparuit
1604 2425 1748 2482 filius
1781 2443 1943 2484 carne
1972 2429 2080 2482 cir-

501 2513 793 2569 cumdatus
823 2523 1044 2584 propter
1070 2517 1298 2571 multam
1323 2532 1479 2572 suam
1509 2517 1939 2574 misericordiam
1969 2518 2078 2580 ille,

502 2604 596 2674 qui
636 2605 784 2660 nulla
817 2605 1016 2661 mentis
1063 2606 1274 2662 ratione
1333 2607 1718 2678 comprehendi
1777 2617 1974 2679 potest,
2021 2621 2081 2665 ut

501 2711 597 2752 eos
643 2697 733 2766 qui
781 2697 1128 2767 passionibus
1179 2699 1360 2754 carnis
1411 2699 1607 2755 misere
1653 2701 2077 2766 succubuerant,

503 2791 570 2842 ad
614 2788 1104 2859 impassibilitatem
1158 2788 1445 2845 manifeste
1490 2790 1774 2846 reduceret
1814 2807 1908 2862 per
1950 2809 2076 2861 pas-

502 2880 710 2934 sionem
735 2879 918 2935 carnis
947 2895 1079 2943 suae,
1105 2880 1188 2936 cui
1218 2881 1286 2935 de
1314 2896 1462 2936 more
1491 2882 1780 2951 psallentes
1802 2883 2073 2941 dicimus:

501 2970 752 3028 Gloriose
785 2971 929 3027 enim
958 2972 1292 3044 gloriﬁcatus
1323 2985 1426 3038 est,
1459 2983 1562 3029 etc.

572 3063 845 3130 lnterfice,
877 3078 910 3119 ο
938 3063 1251 3134 purissima,
1295 3063 1509 3120 virilica
1557 3064 1946 3120 intercessione
1985 3078 2076 3121 tua

501 3167 782 3229 peccatum
815 3157 960 3228 quod
993 3157 1124 3212 vivit
1152 3157 1204 3211 in
1229 3172 1336 3220 me,
1362 3165 1416 3210 tu
1444 3173 1564 3226 quae
1593 3157 1756 3212 vitam
1782 3160 2038 3228 genuisti.

574 3245 619 3302 0
663 3247 910 3310 Domina,
951 3247 1173 3303 thalami
1209 3248 1465 3318 nuptialis
1519 3250 1724 3314 nescia,
1764 3251 1911 3304 salva
1955 3268 2074 3316 me,

505 3337 843 3391 Salvatorem
879 3335 1111 3392 Verbum
1147 3337 1339 3403 enixa,
1373 3348 1424 3391 et
1451 3353 1480 3391 a
1512 3338 1767 3408 periculis
1818 3348 1979 3411 atque
2009 3340 2077 3394 ab

503 3435 705 3486 aeterna
742 3429 1092 3484 damnatione
1123 3429 1289 3484 libera
1325 3444 1430 3486 me.
1584 3444 1598 3499 ,'

2265 2428 2418 2484 Sicut
2460 2430 2640 2500 pluvia
2677 2430 2730 2482 in
2775 2428 2985 2490 vellus,
3042 2423 3282 2480 Verbum
3332 2419 3676 2477 salutiferam
3714 2419 3771 2474 in

2183 2522 2395 2575 vulvam
2441 2530 2587 2575 tuam
2620 2520 2921 2582 descendit,
2963 2529 3016 2574 et
3063 2518 3228 2572 homo
3259 2533 3325 2571 ex
3367 2523 3419 2569 te
3449 2513 3627 2569 factus
3660 2521 3769 2578 est,

2184 2623 2242 2668 ut
2272 2617 2506 2668 salvaret
2528 2629 2635 2678 me,
2664 2629 2696 2667 ο
2732 2612 2938 2673 Puella,
2969 2608 3298 2664 mediatione
3329 2616 3444 2660 tua.

2247 2706 2326 2759 Tu
2359 2721 2479 2776 quae
2505 2705 2782 2760 Christum
2819 2705 2873 2758 in
2905 2702 3048 2757 ulnis
3082 2702 3211 2765 tuis,
3245 2710 3501 2768 tanquam
3531 2701 3769 2752 thronus

2186 2797 2494 2870 igniformis
2541 2795 2786 2866 gestasti,
2833 2808 3000 2849 exora
3053 2790 3326 2854 eumdem,
3367 2786 3769 2844 oinnocentis-

2188 2890 2349 2953 sima,
2393 2896 2580 2958 utpote
2613 2885 2807 2940 Filium
2839 2894 2989 2938 tuum
3019 2897 3082 2937 ac
3109 2880 3425 2941 Dominum,
3475 2888 3535 2932 ut
3573 2891 3765 2946 pacem

2189 2981 2450 3051 largiatur
2478 2975 2684 3033 mundo
2705 2975 2960 3032 clamanti
2993 2993 3006 3030 :
3030 2972 3354 3029 Benedictus
3381 2969 3523 3024 Deus
3547 2976 3764 3039 patrum

2188 3083 2524 3130 nostrorum.

2258 3165 2493 3229 Fornax,
2549 3169 2737 3233 partus
2789 3159 2864 3215 tui
2919 3159 3162 3230 symbola
3227 3157 3356 3212 olim
3405 3153 3672 3215 referens,
3729 3165 3764 3204 ο

2188 3253 2354 3322 Virgo
2391 3252 2581 3319 Mater,
2619 3252 2998 3307 adolescentes
3052 3263 3163 3304 non
3203 3245 3528 3309 combussit,
3571 3257 3765 3312 quem-

2187 3348 2478 3402 admodum
2505 3361 2606 3402 nec
2638 3345 2779 3416 ignis
2806 3342 3103 3399 divinitatis
3133 3349 3345 3396 uterum
3384 3347 3561 3392 tuum.

2252 3435 2415 3492 Mater
2450 3436 2588 3491 facta
2619 3433 2993 3489 Emmanuelis
3035 3432 3088 3486 in
3139 3439 3294 3485 utero
3328 3438 3421 3484 tuo
3450 3423 3721 3481 incarnati
3747 3463 3762 3487 ,

577 3523 829 3577 Sanctior
874 3521 1170 3576 Cherubim
1233 3523 1552 3592 apparuisti,
1611 3524 1741 3579 dum
1800 3526 1853 3580 in
1932 3499 2149 3582 terrac
2184 3528 2487 3592 deificasti,
2542 3543 2576 3583 ο
2626 3524 3066 3589 inviolatissima,
3119 3535 3369 3577 naturam
3419 3519 3763 3573 humanam:

505 3614 749 3668 omnium
780 3612 1067 3667 Dominum
1116 3628 1343 3682 corpore
1387 3614 1632 3682 induisti,
1667 3632 1700 3670 o
1737 3617 1962 3672 Domina
1997 3621 2078 3673 in-

504 3707 724 3774 violata,
755 3706 902 3762 omni
936 3705 1094 3759 laude
1122 3706 1463 3776 dignissima.

2187 3630 2490 3691 propterea,
2529 3633 2562 3674 ο
2612 3617 2958 3674 sanctissima
3019 3614 3111 3670 Dei
3163 3611 3432 3678 Genitrix,
3465 3621 3519 3666 te
3551 3612 3766 3665 beatam

2190 3727 2471 3768 vocamus.

1491 3848 1652 3919 llo
1684 3846 1770 3902 Ea:
1801 3848 2011 3905 Conone
2038 3852 2092 3905 in
2125 3851 2183 3907 S.
2220 3850 2570 3916 Memnonem,
2598 3849 2684 3903 die
2702 3847 2792 3902 29.

571 3991 709 4047 Cum
745 3987 885 4043 Deus
912 4001 978 4042 ex
1027 3995 1079 4043 te
1115 3987 1393 4041 hominem
1437 3986 1830 4057 assumpsisset
1860 3997 2070 4057 propter

502 4103 658 4144 suam
687 4085 1010 4150 bonitatem,
1036 4099 1068 4139 ο
1095 4083 1415 4137 intemerata
1437 4081 1624 4154 Virgo,
1658 4082 1926 4152 processit
1955 4094 2077 4136 cum

502 4179 704 4250 duplici
738 4175 1050 4245 operatione
1095 4183 1149 4229 et
1176 4183 1405 4240 natura;
1433 4188 1595 4244 quem
1645 4188 1862 4244 semper
1890 4173 2059 4242 depre-

501 4286 650 4334 care.
694 4277 753 4324 ut
776 4279 826 4323 te
853 4268 1138 4322 laudantes
1165 4265 1451 4319 illuminet.

573 4360 811 4414 Verbum
847 4358 938 4412 Dei
989 4356 1270 4427 impolluta
1329 4355 1536 4410 viscera
1597 4365 1689 4409 tua
1729 4353 2073 4420 iuhabitavit,

499 4471 534 4509 ο
568 4453 864 4512 inviolata,
894 4461 1057 4522 atque
1085 4451 1339 4504 universa
1378 4447 1662 4503 hominum
1710 4459 1929 4516 peccata
1972 4448 2074 4502 eli-

500 4547 750 4602 minavit.

573 4638 829 4693 Animam
869 4651 1046 4690 meam
1099 4637 1153 4689 in
1203 4633 1534 4704 profundmn
1588 4631 1888 4687 carnalium
1925 4631 2076 4687 volu-

497 4737 711 4798 ptatum
753 4728 1062 4782 demersam
1111 4725 1397 4790 eonllrma,
1453 4733 1505 4778 te
1535 4737 1749 4793 precor,
1799 4722 2073 4777 interven-

2184 3987 2379 4044 mortis
2416 3998 2835 4058 peremptorem,
2883 3991 2939 4036 et
2990 3981 3116 4036 vita:
3171 3980 3416 4034 datorem
3464 3976 3765 4046 concepisti

2182 4086 2238 4130 et
2266 4075 2525 4147 peperisti
2557 4074 2717 4130 modo
2744 4071 3004 4128 inell‘abili
3050 4079 3217 4141 atque
3267 4068 3706 4139 inechgitabili,
3732 4082 3764 4122 ο

2181 4167 2512 4224 castissima.

2250 4259 2296 4312 A
2328 4256 2740 4324 tempestatibus
2772 4256 3163 4310 immensorum
3201 4259 3554 4323 peccatorum
3592 4249 3760 4306 libera

2181 4366 2290 4412 me,
2325 4366 2357 4404 ο
2381 4348 2590 4414 Puella,
2644 4363 2763 4418 quae
2809 4348 2922 4402 sola
2960 4345 3323 4400 fortissimum
3376 4357 3436 4398 es
3476 4341 3760 4398 miserabi-

2185 4441 2316 4496 lium
2351 4440 2708 4509 adjutorium,
2741 4451 2793 4494 et
2846 4446 3192 4509 peccatorum
3235 4434 3699 4506 propitiatorium,
3728 4450 3760 4489 ο

2186 4534 2468 4590 benedicta
2496 4534 2548 4586 in
2574 4533 2893 4587 mulieribus
2918 4532 3209 4602 purissima
3245 4530 3501 4584 Domina.

2253 4624 2506 4680 Miseram
2534 4625 2772 4680 animam
2806 4640 3004 4690 meam,
3035 4622 3376 4692 gravissimis
3407 4621 3754 4690 tnalis'mgroo

2185 4725 2389 4772 tantem
2444 4727 2497 4771 et
2544 4715 2961 4786 periclitantem,
3024 4714 3244 4784 dignam
3281 4712 3388 4776 fac,
3444 4727 3479 4767 ο
3535 4712 3751 4766 Domina

499 4824 648 4878 tione
671 4831 780 4888 tua,
803 4837 836 4876 ο
858 4820 950 4875 Dei
976 4819 1230 4892 genitrix,
1255 4833 1378 4888 qua
1399 4818 1514 4872 sola
1538 4818 1804 4873 bonorum
1830 4817 2073 4872 omnium
2107 4855 2153 4910 Β
2186 4813 2296 4867 Deo
2328 4810 2677 4876 charissima,
2709 4808 3018 4864 visitatione
3042 4817 3153 4870 tua,
3189 4816 3245 4860 et
3275 4805 3647 4860 omnimodam
3678 4801 3751 4856 illi

498 4919 742 4973 datorem
777 4917 945 4970 Deum
975 4923 1221 4970 nostrum
1255 4913 1510 4983 genuisti.

571 5007 738 5063 Deum
755 5006 1031 5075 peperisti,
1046 5013 1101 5060 et
1115 5005 1267 5074 virgo
1281 5002 1650 5074 permansisti,
1667 5017 1700 5056 ο
1718 5000 1928 5072 Sponsa
1944 5002 2036 5056 Dei
2056 5019 2072 5069 ;

2180 4903 2610 4957 incolumitatem
2634 4901 2877 4966 restitue,
2905 4898 3033 4954 dum
3070 4898 3293 4953 clamat.

2245 4991 2388 5048 Voce
2437 4991 2746 5062 archangeli
2796 4991 2862 5046 ad
2917 5000 2968 5045 te
3000 4988 3294 5044 lzetabundi
3343 4987 3668 5050 clamamus,
3717 4999 3752 5039 ο

475 5109 783 5173 'prOpterea
815 5113 1007 5153 omnes
1053 5097 1340 5156 hominum
1389 5095 1586 5167 lingua
1616 5103 1666 5150 te
1699 5109 1822 5150 cum
1873 5095 2074 5164 gaudio
2172 5085 2336 5155 Virgo
2369 5103 2382 5140 :
2417 5086 2550 5148 Ave,
2588 5083 2990 5139 maledictionis
3023 5081 3246 5144 solutio,
3277 5089 3592 5134 sanctorum
3616 5092 3789 5168 cou-f

497 5195 710 5248 beatam
742 5191 952 5246 dicunt.

2172 5178 2438 5234 fessorum
2485 5178 2687 5247 gloria,
2738 5177 2959 5230 Patrum
3009 5175 3299 5246 gloriatio,
3358 5172 3778 5243 prophetarum?

563 5282 850 5347 Mortiﬁca,
882 5298 915 5337 ο
947 5281 1131 5350 Virgo,
1169 5279 1352 5335 carnis
1384 5293 1515 5334 mete
1555 5276 1920 5349 prudentiam,
1951 5291 2072 5347 qua:
2171 5271 2505 5343 praedicatio,
2532 5280 2695 5341 atque
2726 5271 3010 5325 hominum
3043 5269 3212 5324 salus.

1029 5409 1282 5466 MENSIS
1301 5408 1539 5465 MAIUS.

499 5531 654 5601 ιιι
711 5527 794 5591 Ex
833 5528 1135 5601 Canone‘in
1179 5524 1280 5582 SS.
1320 5536 1577 5601 περιτείνει
1616 5524 1965 5592 Timotheum,
2019 5533 2069 5586 et

1049 5596 1316 5663 Mauram,
1354 5598 1438 5652 die
1467 5599 1519 5652 '5.

566 5733 1100 5805 Supersubstantiale
1121 5733 1366 5797 Verbum,
1403 5735 1710 5803 substantia
1749 5735 1951 5798 factum
2001 5751 2066 5790 ex

2753 5407 2908 5461 MHN
2942 5406 3175 5461 ΜΛῙΟΣ.

2191 5524 2283 5579 Ἐκ
2311 5522 2415 5577 τοῦ
2447 5524 2713 5589 Κανόνος
2741 5525 2826 5588 εὶς
2851 5521 2992 5588 τοὺς
3017 5521 3226 5592 ἀπίους
3246 5516 3552 5592 μάρςυρας
3588 5512 3749 5582 Τιμό-

2535 5599 2673 5650 θεον
2693 5586 2791 5646 ἆιαὶ
2807 5586 3090 5659 Μαύρανέζ
3115 5589 3305 5659 ἡμέρᾳ
3329 5586 3397 5658 γ’.

2259 5731 2612 5802 Ὑπερούσιος
2648 5729 2819 5797 Λόγος
2857 5727 3142 5790 οὐσιωθεὶς
3186 5726 3246 5792 ἐξ
3275 5724 3458 5794 ἁγνῶν
3504 5719 3748 5791 αἱμάτων

569 5906 701 5988 (60')
735 5908 836 5970 llic
869 5924 1046 5968 canon
1081 5927 1203 5975 cum
1241 5909 1457 5969 duobus
1490 5911 1850 5994 sequentibus
1888 5911 2074 5969 Graece
2113 5926 2222 5968 non
2255 5920 2433 5977 exstat
2462 5909 2700 5968 inlibris
2728 5908 2912 5965 editis.
