3996 6586
316 1361 332 1423 1

357 457 498 530 1113

1792 469 1894 531 MA
1903 469 2160 533 RIALE.

3483 461 3618 528 1114

356 596 454 635 σου
485 574 854 646 ιθεοῦργησεν
889 575 1036 647 ἡμᾶς
1067 574 1164 629 καὶ
1195 575 1399 648 φθορᾶς
1433 576 1721 649 ξρῤύσατο,
1751 579 1892 651 ἁγνή
1915 596 1929 610 ο

2067 579 2201 636 astis
2236 577 2596 650 sanguinibus
2639 575 2772 644 tuis,
2807 573 3080 631 deiﬁcavit
3104 588 3228 641 nos,
3255 588 3318 630 ac
3366 573 3622 628 liberavit

353 671 444 727 διὰ
465 669 624 724 τοῦτό
656 685 716 722 σε
743 668 950 732 πιστῶς
985 669 1071 722 ἀεὶ
1098 667 1415 740 δοξάζομεν.

437 851 734 923 ’Υπάρχων
778 851 939 921 φύσει
973 851 1190 922 ἀπαθὴς
1225 854 1254 904 ὁ
1299 851 1426 916 Υἱός
1469 869 1562 905 σου
1587 893 1602 916 ,
1655 852 1933 926 Παρθένε,

356 944 724 1017 προσελάϐετο
753 943 933 1011 σάρκα
973 941 1030 1007 ἐξ
1069 944 1318 1013 αἱμάτων
1347 961 1442 996 σου
1472 944 1655 1011 άγνῶν
1679 983 1693 1008 ,
1729 945 1824 998 καὶ
1850 945 1940 999 διὰ

357 1038 564 1100 πάθους
595 1036 832 1107 σταυροῦ
867 1036 975 1088 τῶν
1010 1035 1198 1089 παθῶν
1229 1053 1318 1106 με,
1351 1037 1609 1106 άχραντε,
1644 1036 1934 1108 ὲρρὐατο.

439 1218 696 1287 Ἀγνείας
741 1217 1008 1287 σκήνωμα
1027 1257 1042 1282 ,
1073 1217 1494 1288 κατοικητήριον
1525 1214 1621 1268 τοῦ
1665 1216 1939 1269 Δεσπότου

358 1311 469 1365 τῶν
498 1311 634 1364 ὅλων
654 1351 669 1376 ,
699 1309 808 1363 τῶν
839 1307 1134 1380 προφητῶν
1168 1307 1386 1360 πάντων
1427 1307 1775 1377 περιήχημα,
1817 1306 1940 1360 θεο-

358 1402 628 1476 χαρίτιυτε
660 1401 775 1468 ναὲ,
810 1401 934 1464 τοὺς
959 1398 1265 1470 ὑμνοῦντας
1298 1413 1357 1451 σε
1388 1398 1755 1468 οἰκτείρησον.

426 1587 538 1657 Τὴν
574 1584 865 1652 καταιγίδα
899 1583 1005 1637 τῶν
1051 1582 1351 1653 λογισμῶν,
1400 1584 1500 1645 τὰς
1545 1581 1944 1643 ἐπαναστάσεις

355 1676 465 1730 τῶν
495 1676 704 1741 παθῶν,
739 1675 846 1728 τῶν
876 1675 1200 1745 πειρασμῶν
1243 1675 1303 1727 τδ
1333 1673 1647 1736 κλυδώνιον,
1680 1675 1942 1736 κόπασον,

356 1765 609 1836 Παρθένε
649 1764 1049 1837 θεοχαριτωτε,
1105 1765 1198 1817 καὶ
1245 1764 1419 1818 σῶσόν
1457 1781 1522 1834 με
1573 1765 1847 1835 ὑμνοῦντα
1877 1763 1946 1816 τά

361 1857 628 1928 μεγαλεῖα
656 1874 768 1911 σου.

2039 688 2140 728 nos
2173 687 2203 726 a
2235 671 2586 741 corruptione
2613 688 2625 724 :
2663 678 2945 742 propterea
2973 679 3023 724 te
3050 683 3263 739 seniper
3287 683 3410 722 cum
3442 667 3563 732 lide,
3586 679 3621 719 ο

2040 749 2358 836 purissima,
2391 763 2779 834 glorificamus.

2111 857 2284 913 Filius
2336 867 2484 919 tuus.
2527 874 2651 913 cum
2709 866 2853 912 esset
2897 865 3090 910 natura
3135 853 3510 923 impassibilis,
3557 867 3624 907 ex

2041 951 2195 1022 puris
2232 950 2596 1018 sanguinibus
2640 952 2750 1005 tuis
2802 964 3025 1004 carnem
3081 946 3341 1015 suscepit,
3386 960 3419 998 o
3461 944 3625 1013 Virgo

2043 1041 2393 1097 immaculata
2411 1041 2558 1112 (6l),
2604 1051 2658 1096 et
2680 1057 2774 1112 per
2794 1041 3078 1112 passiones
3103 1038 3304 1103 crucis,
3330 1051 3416 1090 me
3449 1054 3475 1088 a
3503 1050 3627 1104 pas-

2044 1135 2297 1193 sionibus
2324 1136 2598 1190 liberavit.
3636 1115 3646 1198 1

2114 1224 2160 1282 Ο
2211 1225 2481 1281 castitatis
2521 1223 2972 1288 tabernaculum,
3015 1220 3355 1277 domicilium
3412 1219 3627 1274 Domini

2044 1317 2462 1382 universorum,
2534 1317 2919 1386 prophetarum
3001 1315 3250 1368 omnium
3317 1313 3624 1375 resonstio,

2048 1409 2308 1480 templum
2349 1407 2459 1463 Deo
2493 1407 2894 1479 gratissimum,
2921 1407 3181 1462 miserere
3212 1421 3402 1461 eorum
3438 1404 3532 1475 qui
3575 1412 3629 1458 te

2046 1501 2383 1558 collaudant.

2117 1593 2524 1665 Cogitationum
2555 1590 2875 1663 procellam,
2910 1589 3227 1659 passionum
3281 1587 3629 1653 insurgentes

2047 1685 2283 1749 ﬂuctus,
2334 1683 2696 1739 tentationum
2742 1688 3123 1750 tempestatem
3175 1679 3329 1742 seda,
3377 1694 3411 1733 ο
3465 1677 3631 1747 Virgo

2049 1778 2228 1834 divina
2256 1778 2431 1849 gratia
2463 1774 2919 1838 cumulatissima,
2949 1782 3003 1828 et
3033 1772 3243 1827 salvum
3292 1770 3377 1826 lac
3405 1786 3490 1825 me
3515 1771 3633 1825 lau-

2051 1869 2270 1924 dantem
2300 1869 2572 1940 magnalia
2603 1875 2717 1921 tua.

430 1946 722 2016 Πανάγαθε
765 1947 1066 2012 Δέσποινα,
1118 1947 1208 1999 τὸν
1255 1946 1568 2014 πανάγαθον
1622 1946 1755 1999 Θεὸν
1803 1948 1836 2017 ὴ
1888 1947 1948 2000 ἐν

2122 1959 2280 2015 Omni
2320 1958 2560 2013 bonitate
2590 1953 2816 2026 praedita
2846 1951 3092 2015 Domina,
3120 1967 3242 2021 qua:
3273 1952 3440 2006 Deum
3482 1950 3632 2005 omni

359 2040 527 2108 σαρκὶ
572 2038 859 2110 κυήσασα,
915 2038 1311 2108 κεκακωμένην
1366 2039 1562 2090 πάθεσι
1617 2040 1718 2108 τὴν
1764 2037 1944 2109 ψυχὴν

358 2131 500 2202 ἐμὴν
521 2130 615 2184 νῦν
635 2129 927 2200 ἁγάθυνον,
953 2130 1039 2182 ἵνα
1063 2129 1244 2183 πίστει
1263 2129 1356 2183 καὶ
1381 2129 1530 2200 πόθῳ
1555 2129 1840 2201 μεγαλύνω
1859 2146 1940 2184 σε.

442 2318 650 2390 ’Υπερύ
659 2335 828 2390 μνητε
850 2316 1121 2389 Παρθένε,
1149 2316 1532 2388 ὑπερύμνητον
1547 2317 1681 2371 Θεὸν
1700 2317 1947 2388 ἀποκυή-

363 2429 530 2477 σασα,
565 2413 692 2476 τοὺς
728 2411 1034 2481 ὑμνοῦντάς
1074 2427 1134 2464 σε
1180 2411 1472 2474 κοινωνοὺς
1511 2410 1793 2475 ἀνάδειξον
1830 2428 1946 2478 φω-

359 2504 476 2569 τὸς,
513 2505 606 2558 καὶ
640 2503 802 2574 ῥῦσαι
836 2504 1060 2572 γεέννης
1088 2501 1184 2556 καὶ
1214 2502 1410 2571 φλογὸς
1433 2541 1448 2567 ,
1480 2502 1575 2556 καὶ
1603 2503 1786 2572 πάσης
1818 2501 1946 2572 βλάο

362 2594 466 2667 6ης
495 2594 588 2648 τοῦ
621 2594 818 2666 ἐχθροῦ
848 2597 966 2658 ταῖς
999 2593 1231 2658 ἱκεσίαις
1265 2611 1381 2648 σου.

448 2687 794 2760 Ὠραιώθης,
853 2685 1139 2757 Παρθένε,
1193 2687 1558 2757 ἀποκυήσασα
1611 2686 1950 2758 ὡραιότατον

363 2779 552 2834 κάλλει
589 2780 824 2852 Χριστὸν
873 2780 964 2834 τὸν
1015 2778 1259 2850 Κύριον,
1312 2779 1489 2842 θείαις
1541 2780 1664 2842 τοὺς
1721 2782 1950 2845 πιστοὺς

364 2872 615 2942 ἀγλαΐαις
640 2873 1025 2944 φαιδρύνοντα,
1055 2872 1114 2926 ὃν
1144 2870 1426 2944 ὑπερνψοῠ
1438 2889 1558 2943 μεν.

431 3056 577 3110 Φωτὶ
602 3055 679 3128 τῷ
712 3057 790 3127 σῷ
819 3073 886 3127 με
906 3095 923 3122 ,
957 3056 1320 3128 θεοχαρίτωτε
1354 3057 1412 3110 ὲν
1441 3055 1656 3124 γυναιξὶ
1683 3056 1950 3128 Παρθένε,

366 3147 861 3220 καταλάμπρυνον,
896 3149 1114 3220 δέομαι.
1152 3148 1248 3202 καὶ
1298 3148 1471 3218 πυρὸς
1499 3149 1719 3203 αἰωνίου
1758 3167 1825 3220 με
1859 3148 1954 3204 λύ-

365 3256 596 3310 τρωσαι,
631 3240 780 3303 ὅπως
811 3256 870 3293 σε
904 3239 1193 3310 μεγαλύνω
1221 3281 1237 3307 ,
1271 3241 1417 3304 ὅπως
1448 3239 1655 3306 δοξάζω
1689 3258 1771 3310 σε,
1803 3242 1952 3306 ὅπως

370 3332 674 3402 καταχρὲος
696 3331 926 3402 άνυμνῶ
955 3332 1023 3386 τὰ
1049 3333 1319 3403 μεγαλεϊά
1348 3351 1465 3388 σου.

379 3488 482 3542 Ἐκ
510 3487 929 3561 τοῦ-κανόνος
965 3491 1054 3561 εις
1087 3493 1192 3544 τὸν
1228 3491 1404 3561 ἅγιον
1438 3492 1788 3548 ἀπόστολον
1826 3495 1958 3549 Ἀν-

614 3558 898 3626 δρόνικον
938 3560 1038 3614 καὶ
1076 3558 1361 3629 Ἰουνίαν,
1396 3562 1587 3632 ἡμέρᾳ
1618 3565 1703 3628 ιζ’.

442 3713 744 3784 Ὀμϐρισόν
770 3731 883 3784 μοι,
908 3713 1174 3784 Παρθένε,
1209 3717 1428 3771 πάντων
1449 3717 1560 3772 τῶν
1589 3721 1954 3792 πταισμάτων

368 3802 771 3874 ἀπολύτρωσιν,
794 3803 889 3858 καὶ
917 3803 1202 3876 διόρθωσιν
1230 3805 1371 3876 βίου,
1403 3808 1470 3878 τῇ
1500 3807 1559 3861 ὲν
1591 3808 1674 3861 σοὶ
1701 3809 1952 3881 μεσιτείᾳ

369 3896 464 3952 καὶ⁵
489 3897 692 3967 χάριτι.

439 3989 554 4043 Οὐκ
584 3987 732 4043 εστιν
761 3989 1029 4060 ἄχραντος
1059 3989 1202 4062 πλήν
1241 4008 1359 4058 σου,
1391 3993 1690 4059 Δίσποινα,
1727 3993 1823 4048 καὶ
1851 3994 1953 4050 οὐκ

467 4169 558 4242 61)
592 4171 698 4242 Per
748 4169 964 4227 titulum
1005 4170 1353 4225 immaculata
1396 4170 1642 4226 additum
1673 4169 1948 4242 ',Virgini',

370 4241 606 4313 exprimi
647 4241 766 4310 ejus
806 4242 1238 4313 iinmaculatam_
1265 4242 1702 4313 conceptionem,
1737 4241 1957 4299 videtur

371 4309 592 4370 suaderi
637 4326 795 4382 posse
829 4327 895 4366 ex
943 4312 1150 4382 synodo
1198 4309 1552 4382 Tridentina.
1578 4327 1700 4382 quae
1732 4328 1868 4369 sess.
1902 4329 1958 4379 v,

375 4386 442 4439 ad
479 4380 649 4436 linem
686 4380 895 4436 Decreti
941 4380 1007 4435 de
1053 4390 1278 4450 peccato
1329 4380 1607 4450 originali,
1653 4381 1713 4436 B.
1747 4382 1957 4450 Virgini

371 4451 910 4524 apposuitepitheton
932 4452 1320 4524 immaculata,
1345 4459 1402 4505 ut
1422 4451 1559 4524 forte
1579 4454 1726 4509 hunc
1741 4451 1956 4508 titulum

372 4522 652 4594 proprium
679 4536 812 4594 esse,
830 4522 1073 4594 mysterii
1094 4522 1954 4594 conceptionisintelligeremus,

373 4591 429 4650 et
462 4591 516 4648 in
563 4591 929 4662 appellatione
961 4591 1198 4662 Virginis
1238 4593 1598 4648 immaculata:
1631 4591 1953 4649 immacula-

375 4643 516 4719 .55."
549 4643 964 4731 assesasses
983 4643 1199 4716 nam
1229 4643 1952 4731 sgaagaeigmgfznéaig.
1982 4643 2030 4702 ο

373 4745 480 4798 rat,
512 4734 707 4801 inquit,
739 4733 852 4786 haec
882 4731 999 4802 ipsa
1041 4740 1228 4787 sancta
1268 4733 1510 4802 synodus
1541 4748 1648 4788 non
1684 4749 1807 4789 esse
1842 4751 1956 4790 sme

373 4803 698 4860 intentionis
732 4801 1200 4870 comprehendere
1235 4801 1434 4858 in’boc
1464 4801 1713 4866 Decreto,
1749 4805 1840 4859 ubi
1890 4806 1956 4860 de

375 4884 601 4996 φορειιο
661 4873 913 4953 originali
956 4872 1154 4954 agitur,
1199 4873 1414 4955 beatam
1448 4883 1501 4927 et
1545 4873 1954 4956 immaculatam

430 4959 656 4996 “'2”le
695 4943 919 4996 Mariam
956 4942 1048 4996 Dei
1080 4941 1427 4996 Genttrlcem.
1465 4963 1483 4996 ι
1510 4943 1680 4996 Cuius
1710 4946 1954 4996 declara-

430 4948 656 5015 irginem
695 4941 919 5015 Mariam
956 4941 1048 4997 Dei
1080 4941 1427 5015 Genitricem.
1465 4963 1483 4996 ι
1510 4943 1680 5013 Cujus
1710 4946 1954 5000 declara-

376 5014 544 5070 tionis
585 5014 868 5082 perspicua
901 5014 1190 5085 sententia_
1221 5023 1324 5076 est,
1362 5014 1540 5085 inquit
1583 5016 1957 5085 Armamenta-

377 5088 515 5139 rium
548 5085 894 5151 Seraphicum
924 5098 1020 5152 pro
1051 5085 1134 5138 tit.
1161 5082 1535 5138 Immaculata:
1563 5084 1952 5152 Conceptiom’s,

377 5171 501 5226 pag.
532 5154 669 5208 150i
710 5154 990 5226 «Beatam
1025 5152 1300 5226 Virginem
1335 5153 1558 5226 Mariam
1589 5155 1956 5226 incommuni

379 5224 496 5296 lege
544 5225 748 5294 peccati
796 5224 1109 5296 necessario
1150 5238 1260 5278 non
1302 5225 1729 5296 comprehendo,
1766 5229 1859 5280 sed
1898 5237 1956 5281 ut

378 5295 453 5350 ab
475 5296 627 5349 omni
654 5295 866 5350 macula
900 5295 1124 5349 liberam
1162 5296 1248 5363 pie
1285 5309 1316 5348 a
1349 5295 1601 5348 fidelibus
1632 5296 1954 5350 immacula-

379 5380 488 5419 tam
519 5365 625 5420 dici
645 5403 660 5426 .
695 5366 942 5435 exemplo
966 5364 1160 5420 doceo.
1192 5363 1317 5435 Haec
1346 5365 1563 5435 concilii
1617 5382 1770 5421 mens
1800 5368 1956 5422 valde

379 5437 687 5490 illustratur
709 5453 776 5490 ex
818 5433 957 5492 séss.
1001 5449 1074 5498 vi,
1110 5450 1232 5490 can.
1271 5434 1378 5488 25:
1417 5433 1472 5488 Si
1505 5436 1629 5504 quis
1675 5436 1953 5493 hominem

380 5505 548 5560 semel
573 5506 930 5571 justificatum
962 5505 1160 5560 dixerit
1187 5520 1344 5575 posse
1368 5504 1422 5558 in
1450 5513 1558 5558 tota
1589 5507 1698 5560 vita
1736 5519 1955 5574 peccata

379 5577 588 5638 Omnia,
617 5577 782 5632 etiam
838 5577 1088 5642 venialia,
1121 5576 1314 5640 vitare,
1348 5575 1450 5628 nisi
1484 5591 1549 5629 ex
1598 5579 1822 5643 speciali
1861 5579 1954 5632 Dei

381 5647 687 5716 privilegio.
721 5647 1181 5716 quemadmodum
1216 5645 1282 5698 de
1314 5644 1371 5699 Β.
1409 5643 1630 5714 Virgine
1678 5657 1823 5701 tenet
1857 5649 1955 5700 Ec-

383 5717 570 5779 clesia,
606 5717 909 5772 Anathema
944 5719 1033 5769 sit.
1072 5717 1172 5771 Hic
1218 5731 1323 5770 non
1356 5717 1579 5770 auditur
1622 5718 1812 5770 titulus
1849 5720 1954 5771 im-

385 5786 693 5849 maculatae,
725 5789 851 5856 quia
909 5789 1118 5855 puritas
1172 5787 1240 5840 ab
1296 5790 1442 5840 omni
1480 5796 1702 5855 peccato
1754 5789 1953 5843 actuali

386 5873 495 5912 non
531 5856 728 5912 suilicit
778 5867 836 5910 ut
886 5872 1114 5926 persona
1165 5857 1345 5926 aliqua
1394 5857 1708 5911 omnimode
1752 5858 1954 5914 intota

386 5926 637 5984 vocabuli
672 5926 959 5982 latitudine
985 5936 1038 5982 et
1079 5943 1173 6000 per
1198 5928 1572 5983 excellentiam
1606 5928 1954 5988 immaculata

1977 3294 2025 3359 Ο

2047 2050 2290 2107 bonitate
2320 2050 2565 2120 plenum,
2596 2047 2650 2100 in
2678 2060 2846 2100 carne
2871 2044 3153 2114 peperisti,
3181 2043 3415 2098 animam
3454 2055 3631 2096 meam

2049 2143 2401 2214 passionibus
2440 2141 2580 2194 male
2626 2141 2875 2195 aﬂ'ectam
2923 2153 2985 2192 ac
3012 2138 3384 2206 depravatam,
3432 2133 3634 2187 bonam

2047 2236 2217 2295 ellice.
2254 2244 2311 2288 ut
2335 2249 2457 2288 cum
2493 2233 2596 2287 nde
2628 2241 2681 2286 et
2714 2232 2912 2286 aﬂ'ectu
2946 2229 3284 2298 magnilicem
3315 2237 3385 2282 te.

2117 2325 2177 2392 0,
2219 2325 2386 2394 Virgo
2439 2323 2931 2393 superlaudabilis,
2973 2336 3095 2388 quae
3132 2316 3632 2388 superlaudabilem

2049 2419 2216 2474 Deum
2258 2417 2553 2488 peperisti,
2587 2432 2682 2470 eos
2724 2417 2816 2485 qui
2856 2423 2908 2468 ιο
2936 2412 3252 2468 collaudant
3283 2410 3433 2465 eﬂice
3459 2409 3633 2478 parti-

2049 2511 2200 2582 cipes
2245 2511 2405 2573 lucis,
2442 2521 2496 2564 et
2545 2509 2713 2563 libera
2772 2522 2866 2562 eos
2925 2503 3408 2559 intercessionibus
3459 2501 3569 2556 tuis
3603 2514 3635 2554 a

2050 2604 2296 2677 gehenna
2333 2611 2386 2657 et
2408 2601 2621 2656 ﬂamma
2645 2645 2660 2667 ,
2690 2609 2743 2655 et
2769 2599 2837 2653 ab
2864 2598 3013 2652 omni
3047 2597 3272 2651 laesione
3305 2593 3537 2649 inimici.

2123 2695 2381 2767 Speciosa
2417 2694 2557 2748 facta
2585 2709 2664 2756 es,
2693 2707 2726 2746 o
2769 2690 2956 2760 Virgo,
2993 2705 3116 2743 cum
3159 2687 3468 2756 peperisses
3511 2698 3630 2754 spe-

2049 2786 2263 2844 ciosum
2305 2783 2482 2839 forma
2531 2782 2805 2837 Christum
2860 2780 3178 2842 Dominum,
3212 2776 3412 2832 divinis
3451 2776 3634 2846 splen-

2051 2880 2276 2938 doribus
2307 2877 2493 2933 ﬁdeles
2552 2875 2934 2938 illusuantem,
2971 2887 3132 2942 quem
3179 2885 3279 2926 nos
3312 2867 3628 2940 superexal-

2055 2980 2258 3028 tamus.

2128 3064 2286 3134 112
2315 3061 2577 3116 Lucetua
2605 3059 2814 3113 illustra
2850 3073 2955 3122 me,
2988 3072 3203 3127 precor,
3235 3069 3267 3107 o
3301 3054 3466 3123 Virgo
3490 3053 3635 3106 inter
3709 3083 3718 3094 -

2053 3170 2246 3212 omnes
2283 3153 2539 3207 mulieres
2571 3149 2678 3204 Deo
2709 3150 3062 3213 charissima,
3095 3157 3148 3202 et
3177 3148 3246 3200 ab
3274 3147 3396 3214 igne
3419 3155 3630 3200 aetenno

2054 3247 2262 3302 redime
2294 3261 2398 3311 me,
2430 3253 2490 3298 ut
2539 3253 2590 3298 te
2630 3242 2992 3313 magnilicem,
3027 3251 3088 3295 ut
3131 3250 3184 3296 te
3215 3239 3534 3310 gloriﬁcem,
3577 3245 3639 3292 ut

2057 3354 2157 3410 pro
2183 3338 2370 3393 debito
2399 3335 2615 3390 laudem
2655 3334 2924 3405 magnalia
2953 3344 3066 3388 tua.

2055 3493 2140 3550 Ea:
2170 3492 2384 3553 Conone
2413 3493 2469 3549 in
2501 3491 2561 3547 S.
2595 3492 2956 3614 Andrguiciapc
2985 3489 3283 3560 apostolum
3317 3497 3364 3542 et
3393 3486 3640 3555 Iuniam,

2780 3579 2825 3614 ιθ

2780 3579 2825 3616 ισ

2127 3721 2329 3792 Deplue
2376 3737 2542 3792 super
2580 3735 2688 3785 me,
2713 3735 2746 3774 o
2772 3718 2959 3787 Virgo,
3014 3715 3259 3771 omnium
3293 3722 3642 3782 peccatorum

2059 3815 2486 3884 redemptionem
2529 3820 2585 3868 et
2604 3811 3039 3867 emendationem
3062 3808 3208 3872 vitae,
3231 3805 3561 3859 mediatione
3585 3811 3641 3858 et

2058 3905 2231 3976 gratia
2266 3913 2380 3959 tua.

2127 3997 2321 4053 Nullus
2369 4004 2454 4053 est
2501 3992 2892 4051 immaculatus
2928 3997 3129 4062 praeter
3167 3997 3242 4054 te,
3294 4001 3328 4041 ο
3366 3985 3640 4041 Domina:

2059 4173 2396 4236 nominetur,
2429 4173 2476 4229 si
2519 4183 2700 4227 autem
2743 4172 2846 4226 sub
2871 4171 2991 4239 lego
3022 4167 3306 4240 originalis
3337 4181 3444 4240 non
3491 4183 3644 4222 com-

2099 4244 2455 4308 rehendatur,
2485 4244 2692 4313 optime
2741 4239 3254 4313 bujusmodititulo
3299 4239 3506 4313 absque
3531 4241 3642 4313 ulla

2081 4314 2390 4378 imitatione
2465 4309 2719 4381 insigniri
2789 4323 2994 4384 potest.
3046 4311 3220 4384 _Nemo
3256 4309 3641 4384 conciliarium

2054 4377 2328 4440 aetionum
2345 4399 2546 4454 gnarus
2562 4377 2830 4453 suspicari
2849 4389 3027 4454 potest
3044 4379 3408 4454 immaculata:
3425 4377 3642 4434 titulum

2055 4455 2168 4509 illic
2191 4449 2542 4524 expressum.
2574 4449 3150 4524 llic—pratermissum,
3177 4449 3383 4517 absque
3425 4459 3643 4524 maturo

2053 4522 2291 4579 consilio
2316 4536 2371 4580 et
2404 4525 2669 4594 singulari
2697 4522 2894 4593 aliquo
2922 4523 3207 4594 mysterio,
3238 4536 3360 4575 cum
3406 4535 3469 4573 ex
3502 4522 3642 4574 scri-

2054 4595 2162 4666 ptis
2191 4595 2435 4660 Patrum,
2467 4593 2558 4666 qui
2592 4593 3250 4666 conciliointerfuerunt.
3281 4598 3524 4666 constet-
3549 4608 3642 4645 ca-

2061 4660 2231 4721 nones
2274 4677 2330 4721 et
2361 4660 2578 4721 decr'eta
2625 4681 2655 4719 a
2689 4663 3040 4735 peritissimis
3085 4661 3360 4735 deputatis
3395 4660 3642 4735 coniecta

2061 4737 2114 4791 in
2146 4736 2665 4806 congregationibus
2690 4733 2839 4806 'legi.
2866 4745 2921 4788 et
2946 4735 3091 4806 adeo
3123 4733 3376 4806 districto
3396 4734 3642 4806 examini

2060 4802 2280 4875 subjici,
2313 4802 2375 4861 ut
2418 4807 2489 4862 ob
2535 4807 2697 4860 unius
2728 4802 2899 4868 vocis,
2943 4805 3053 4858 imo
3107 4803 3281 4869 apicis
3327 4802 3642 4857 collocatio-

2060 4893 2185 4931 nem
2240 4893 2382 4946 saepe
2428 4877 2492 4931 ad
2548 4877 2948 4946 deputatorumi
2985 4875 3240 4946 incudem
3296 4882 3641 4946 revocentur,

2058 4947 2232 5001 donec
2262 4943 2542 5002 communi
2576 4943 2790 5015 judicio
2836 4944 3056 5015 probari
3094 4953 3428 5015 mereantur.
3464 4943 3640 5008 Quam

2058 5017 2416 5084 diligentiam,
2467 5017 2512 5070 si
2551 5013 2793 5084 unquam
2835 5013 2992 5078 alias,
3033 5014 3086 5066 in
3127 5014 3360 5084 articulo
3400 5013 3468 5064 de
3509 5029 3634 5066 con-

2059 5083 2308 5159 ceptione
2341 5085 2582 5159 Virginis
2603 5083 3036 5159 exquisitissime
3069 5083 3369 5135 adhibitam
3405 5097 3636 5159 necesse

2058 5153 2142 5212 esi
2205 5156 2404 5224 fateri,
2445 5153 2841 5210 'controversia
2895 5155 3108 5224 vigente
3163 5162 3238 5224 et
3277 5153 3642 5224 praesentibus

2061 5229 2349 5297 utriusque
2390 5221 2675 5296 opinionis
2723 5223 3132 5297 defensoribus.
3185 5221 3241 5274 Si
3283 5237 3412 5297 ergo
3451 5221 3640 5275 titulus

2059 5295 2452 5353 immaculaue
2479 5313 2541 5352 ex
2596 5311 2790 5364 magna
2836 5295 3022 5363 aliqua
3075 5307 3239 5364 causa
3281 5295 3521 5364 tributus
3559 5300 3644 5344 cst

2059 5366 2292 5438 Virgini,
2325 5384 2448 5421 cum
2499 5362 3198 5438 solumfdeclarabaturin
3256 5363 3440 5430 regula
3475 5377 3641 5430 gene-

2058 5433 2259 5495 rali'de
2310 5440 2514 5510 peccati
2563 5437 2848 5510 originalis
2881 5433 3258 5510 contractione
3296 5447 3402 5485 non
3455 5446 3642 5485 neces-

2059 5512 2206 5565 sario
2257 5503 2699 5579 comprehendi}
2739 5517 2794 5563 et
2845 5503 3274 5579 prietermissus,
3337 5517 3459 5555 cum
3517 5510 3640 5579 tan.

2058 5595 2223 5647 quam
2251 5572 2458 5634 certum
2494 5579 2753 5634 Ecclesia:
2780 5572 2975 5648 dogma
3019 5573 3362 5630 statuebatur
3387 5572 3644 5648 omnibus

2057 5640 2363 5703 venialibus
2409 5651 2656 5704 caruisse
2705 5668 2718 5703 :
2758 5640 3021 5707 aut-lucc
3071 5659 3242 5699 causa
3300 5640 3636 5711 assignanda

2057 5725 2162 5780 est,
2203 5718 2282 5772 vel
2313 5719 2722 5774 concedendum
2762 5733 2945 5775 veram
2981 5731 3105 5769 esse
3149 5729 3374 5768 causam
3421 5727 3450 5766 a
3483 5711 3639 5766 nobis

2059 5789 2351 5857 prolatam.
2378 5788 2585 5843 scilicet
2617 5805 2710 5858 per
2747 5789 2958 5842 titulum
3000 5786 3362 5858 immaculata:
3393 5783 3638 5858 additum

2061 5854 2267 5930 Virgini
2293 5859 2525 5929 exprimi
2552 5854 2634 5926 (ut
2663 5874 2763 5931 ego
2796 5859 3053 5927 arbitror)
3083 5855 3203 5925 cjus
3233 5854 3640 5912 immaculatam

2059 5931 2496 6006 conceptionem.
