3996 6586
310 442 449 515 illi

1758 452 2121 517 MARIALE.

3413 434 3555 527 ms

380 560 593 635 Νοητδν
616 560 930 635 ἱλαστήριον
949 562 1220 633 πέφυκας,
1257 552 1356 630 τὰς
1383 556 1641 622 ἀπάντων
1660 567 1874 638 δεήσεις

2049 569 2308 641 Spiritale
2359 570 2797 642 propitiatorium
2857 570 2998 629 facta
3054 588 3136 639 es,
3185 588 3217 627 a
3248 546 3382 637 uno
3438 568 3561 628 om?-

305 653 622 723 δεχόμενον,
652 653 748 707 καὶ
768 653 846 723 τῷ
876 652 990 724 Υῑῷ
1016 671 1135 717 σου,
1166 655 1429 724 πάναγνε,
1453 658 1750 729 ἀναφέρεις
1799 660 1880 723 είς

309 744 505 815 λύτρον
528 743 637 801 τῶν
668 743 1054 822 μελῳδούντων
1078 763 1095 780 ο
1128 746 1440 817 Εὑλογεῑτε,
1484 750 1557 803 τὰ
1592 749 1751 820 ἔργα,
1788 749 1881 803 τδν

313 836 541 905 Κύριον.

383 928 577 998 Φωνήν
605 943 690 981 σοι
734 929 916 982 πιστοὶ
962 929 1279 1000 περιχαρῶς
1343 930 1726 1002 προσφέρομεν
1785 930 1880 985 τοῦ

311 1014 571 1082 ἀγγέλου,
607 1014 1012 1087 θεονύμφευτεο
1052 1018 1246 1088 Χαῖρε,
1276 1018 1499 1090 βοήθεια
1556 1021 1880 1092 ἀνθρώπων,

313 1103 632 1174 μαρτύρων,
700 1106 1018 1161 ἀποστόλων
1080 1110 1439 1179 κραταίωμα,
1504 1112 1604 1166 καὶ
1663 1112 1882 1165 πάντων

312 1195 610 1266 προφητῶν
637 1197 982 1269 περιήχημα,
1011 1199 1382 1271 Θεογιννῆτορ
1412 1202 1810 1275 παναμώμητε.

325 1360 429 1422 Ἕκ
456 1361 563 1421 τοῦ
578 1365 846 1431 Κανόνος
875 1366 964 1437 εις
1005 1365 1116 1420 τὸν
1141 1357 1312 1437 ἅγιον
1324 1367 1600 1437 μάρτυρα
1656 1371 1883 1425 Gaus—

836 1434 1034 1500 λαῖον,
1057 1434 1247 1505 ἡμέρᾳ
1283 1434 1354 1491 κ’.

382 1542 690 1613 Κυριοτόκε
746 1544 1012 1616 Παρθένε,
1057 1546 1166 1601 τῶν
1214 1547 1455 1605 εὐσεϐῶν
1508 1549 1792 1622 καύχημα,
1847 1554 1880 1622 ή

309 1634 419 1693 τῶν
447 1634 697 1705 ἀγγέλων
745 1638 1020 1710 χαρμονὴ,
1076 1641 1421 1713 Χριστιανῶν
1472 1644 1533 1695 τὸ
1572 1644 1878 1715 διάσωσμα,

310 1728 736 1798 ἁμαρτανόντων
760 1730 1054 1803 έξίλασμα,
1090 1732 1309 1803 γέφυρα
1336 1735 1400 1789 ἐκ
1434 1735 1537 1806 γῆς
1570 1736 1880 1805 μετάγουσα

306 1822 435 1885 τοὺς
452 1824 676 1886 πιστοὺς
704 1825 784 1888 είς
816 1824 1063 1893 οὐρανὸν,
1096 1825 1236 1892 σῶζε
1254 1828 1473 1892 δούλους
1504 1845 1620 1884 σου.

1985 663 2136 717 nium
2168 678 2358 735 preces
2386 665 2787 735 suscipiuntur,
2820 681 2957 736 quas
3009 664 3123 720 lilio
3152 676 3247 719 tuo
3299 664 3486 729 oll'ers,
3525 680 3559 719 ο

1983 756 2315 821 ‘castissima,
2340 756 2395 811 in
2414 757 2648 826 pretium
2677 758 3072 828 redemptionis
3101 772 3290 813 eorum
3316 757 3407 827 qui
3431 773 3563 811 sua-

1984 848 2122 903 viter
2146 859 2391 906 canunt:
2428 850 2752 927 Benedicite,
2773 866 2959 921 opera,
2992 850 3302 904 Dominum.
3398 884 3401 887 ‹

2060 938 2206 1002 Tibi,
2228 955 2262 994 o
2289 939 2387 994 Dei
2422 939 2660 1011 Sponsa,
2690 958 2875 997 vocem
2899 942 3075 1010 angeli
3104 956 3203 995 nos
3238 940 3423 995 fideles
3467 938 3531 993 la:

1984 1027 2557 1084 tabundiollerimus:
2609 1032 2742 1096 Ave,
2810 1045 2843 1083 ο
2903 1028 3187 1082 hominum
3257 1027 3516 1080 auxilium

1984 1128 2284 1189 martyrum
2344 1130 2402 1176 et
2418 1122 2794 1191 apostolorum
2830 1121 3016 1186 robur,
3041 1120 3399 1187 omniumque
3430 1132 3529 1187 pro

1985 1210 2272 1279 phetarum
2334 1215 2633 1277 resonatio,
2690 1214 2782 1268 Dei
2842 1213 3091 1268 Genitrix
3155 1211 3550 1266 immaculatis-

1983 1314 2140 1353 arma.

1987 1391 2146 1462 114
2195 1388 2279 1445 Ea:
2326 1389 2543 1445 Conone
2586 1391 2854 1515 inf/12312:)
2857 1391 2917 1443 S.
2964 1391 3232 1444 Tlmllelm'
3280 1390 3557 1460 martyris,

2688 1477 2737 1513 te
2859 1499 2874 1513 .

2688 1477 2737 1513 te
2782 1477 2874 1513 Ζυ.

2056 1575 2407 1645 Dominlpara
2431 1574 2618 1645 Virgo,
2658 1575 2875 1659 piorum
2906 1575 3182 1644 gloriatio,
3240 1573 3556 1642 angi-lorum

1982 1666 2264 1737 gaudium,
2284 1666 2724 1721 Christianorum
2751 1666 2923 1729 salus,
2961 1666 3303 1733 peccantium
3364 1664 3557 1732 expia-

1984 1758 2079 1821 tio,
2110 1773 2301 1827 ponse
2325 1767 2470 1812 terra
2510 1757 2852 1813 transferens
2882 1757 3069 1810 ﬁdeles
3100 1757 3151 1810 in
3177 1756 3400 1817 ccelum,
3452 1754 3560 1809 sal-

1982 1863 2081 1903 vos
2110 1849 2196 1904 fac
2228 1865 2414 1905 servos
2444 1860 2589 1904 tuos.

378 1910 606 2012 Δάμψον
640 1929 733 1984 μοι
756 1914 891 1983 φῶς,
927 1915 1192 1986 Παρθένε,
1254 1920 1566 1988 μετανοίαςο
1602 1922 1663 1976 ἑν
1698 1920 1879 1976 σκότει

2057 1942 2260 1997 lrradia
2284 1958 2447 2012 super
2476 1956 2581 2007 me,
2606 1954 2641 1994 ο
2686 1938 2871 2011 Virgo,
2908 1940 3029 1993 luce
3078 1940 3411 2009 poenitentia:
3463 1941 3563 2002 ;in

306 2003 420 2075 γὰρ
459 2004 794 2077 κατάκειμαι
848 2009 947 2078 τῆς
1014 2008 1291 2081 ἁμαρτίας
1337 2010 1742 2083 φρενοϐλαδῶς,
1792 2009 1924 2066 καὶ’

309 2092 595 2166 παράσχου
620 2113 711 2167 μοι
733 2097 834 2167 τὴν
853 2096 1009 2153 λύσιν
1034 2100 1142 2156 τῶν
1173 2102 1578 2171 ὲπταισμένων,
1617 2104 1766 2168 ὅπως
1825 2121 1885 2158 σε

305 2185 536 2256 δοξάζω,
574 2189 905 2261 πανάμωμε.

390 2276 550 2350 Ἰεροὶ
599 2276 876 2354 προφῆται
944 2282 1043 2354 τὴν
1095 2285 1193 2356 σὴν
1249 2287 1465 2359 λοχείαν
1519 2287 1689 2345 πάλαι
1748 2306 1882 2361 προ-

305 2373 637 2443 ανεφώνουν,
664 2374 791 2445 ὅρος
825 2376 968 2446 μέγα
993 2378 1087 2432 καὶ
1112 2380 1428 2450 κατάσκιον,
1478 2381 1653 2452 πύλην
1707 2400 1765 2436 τε
1790 2400 1886 2438 κα·-

305 2463 525 2533 λοῦντές
549 2483 630 2533 σε,
659 2467 730 2521 δι’
754 2463 822 2540 ἦς
856 2468 1082 2544 Κύριος,
1106 2471 1245 2545 μόνη
1274 2473 1435 2541 ἁγνὴ,
1465 2472 1775 2530 διώδευσεν.

352 2722 354 2725 λ
381 2643 547 2708 Υίοὺς
567 2645 745 2715 φωτὸς
778 2647 1073 2715 ἀπέδειξας
1094 2652 1220 2716 τοὺς
1255 2652 1640 2717 σκοτωθέντας
1660 2654 1880 2723 πάθεσι,

308 2737 525 2810 Πατρδς
552 2739 893 2813 ἀπαύγασμα
915 2744 1163 2813 κυήσασα
1180 2745 1415 2816 Χριστὸν
1434 2747 1524 2803 τὸν
1551 2750 1879 2820 φωτοδότην,

308 2830 557 2988 ἒαναγία
594 2830 905 2888 Δέσποινα·
963 2835 1053 2891 διὰ
1115 2836 1272 2892 τοῦτο
1331 2836 1484 2914 πόθῳ
1539 2857 1599 2897 σε
1643 2842 1881 2914 μακαρί-

344 2939 499 2988 ομεν.

344 2939 499 2993 ομεν.

386 3014 746 3080 Ἔλυσαςτῶν
768 3015 985 3088 δεσμῶν
1043 3034 1112 3089 με
1138 3018 1238 3090 τῆς
1292 3021 1589 3095 ἁμαρτίας,
1646 3024 1883 3079 τεκοῦσα

307 3105 403 3160 τὸν
428 3104 651 3178 Κύριον,
670 3107 761 3161 τὸν
778 3107 1013 3163 λύσαντα
1039 3109 1108 3165 τά
1132 3111 1225 3167 τοῦ
1255 3112 1405 3185 ᾅδου,
1436 3116 1687 3184 Θεοτόκε,
1728 3118 1881 3188 βασίη

306 3196 453 3263 λεια,
479 3198 575 3251 καὶ
608 3199 818 3264 πάντας
869 3199 1274 3276 συώεσμοῦντα
1321 3207 1459 3278 πρὸς
1512 3207 1613 3277 τὴν
1675 3212 1882 3269 οἰκείαν

309 3289 625 3357 ἐπίγνωσιν.

382 3381 476 3449 Εἰς
510 3382 609 3455 τὴν
654 3383 902 3456 βοήθειαν
951 3385 1131 3458 ἡμῶν,
1188 3388 1551 3463 θεοχαρίτωτε
1577 3393 1753 3465 Κόρη,
1810 3395 1873 3448 σὲ

306 3472 668 3547 δυσωποῦμεν
698 3475 931 3557 σαφῶς,
961 3478 1222 3549 ἀνάστηθι
1268 3481 1365 3535 καὶ
1414 3481 1689 3557 λύτρωσαι
1737 3486 1883 3559 ἡμᾶς

307 3566 637 3637 πειρασμῶν
663 3569 899 3623 αἰωνίων
932 3572 1029 3626 καὶ
1063 3570 1245 3642 πάσης
1267 3574 1525 3645 ἀπειλῆς.

388 3660 636 3733 ἰλασμδν
664 3663 774 3718 τῶν
826 3666 1212 3737 ὲπταισμένων
1277 3686 1391 3739 μοι,
1430 3672 1674 3743 παναγία
1718 3675 1881 3745 ἁγνὴ,

306 3757 550 3823 αἰτησαι,
579 3755 671 3810 καὶ
716 3755 804 3818 δός
838 3773 929 3828 μοι
974 3760 1132 3832 χεῖρα
1166 3760 1226 3813 ὲν
1272 3762 1503 3832 πελάγει
1558 3765 1669 3818 τῶν
1692 3765 1882 3819 δεινῶν

307 3847 497 3910 δεινῶς
550 3848 956 3920 χειμαζομένῳ,
983 3851 1070 3904 ἵνα
1108 3869 1167 3906 σε
1222 3854 1536 3924 μακαρίζω,
1565 3856 1653 3915 ἵνα
1676 3860 1886 3923 πιστῶς

309 3939 568 4010 κηρύττω
586 3939 684 4012 τὴν
714 3942 813 4011 σὴν
846 3942 1070 4014 βεϐαίαν
1100 3946 1458 4015 προστασίαν.

378 4128 558 4193 eme:
591 4127 797 4200 δοχεῖον
824 4129 1145 4199 γεγένησαι,
1166 4129 1433 4200 Παρθένε,
1452 4132 1547 4186 καὶ
1574 4130 1766 4203 θρόνος
1786 4134 1884 4188 τοῦ

308 4222 712 4288 παντάνακτος,
740 4222 999 4292 άχραντε,
1029 4223 1088 4276 ὲν
1126 4214 1171 4290 ᾧ
1220 4223 1466 4293 καθήσας
1496 4223 1591 4278 τοῦ
1651 4225 1885 4280 παλαιοῦ

307 4313 601 4383 πτώματος
632 4313 851 4385 ἡγειρεν
880 4312 1050 4382 ἡμᾶς,
1091 4311 1187 4366 καὶ
1205 4314 1274 4383 τῇ
1314 4312 1599 4385 συνεδρεὲα
1654 4317 1721 4385 τῇ
1764 4314 1885 4388 θείᾳ

307 4406 538 4477 ιτίμησε
561 4404 686 4471 τοὺς
716 4403 775 4459 ὲν
806 4403 989 4458 πίστει
1023 4404 1121 4458 καὶ
1166 4404 1315 4475 πόθῳ
1343 4421 1404 4458 σε
1455 4405 1880 4477 μεγαλύνοντας.

1989 2034 2225 2090 tenebris
2253 2034 2397 2089 enim
2430 2032 2590 2101 jaceo
2634 2032 2845 2102 peccati
2890 2034 2961 2085 ob
2998 2045 3171 2084 meam
3226 2027 3561 2091 stultitiam;

1984 2138 2040 2183 et
2069 2127 2306 2182 concede
2332 2126 2467 2179 mihi
2500 2124 2881 2181 remissionem
2903 2133 3247 2193 peccatorum
3286 2134 3556 2183 meorum,

1987 2228 2046 2275 ut
2070 2228 2122 2275 te
2156 2219 2475 2286 gloriﬁcem,
2506 2233 2538 2271 ο
2573 2230 2768 2271 carens
2799 2216 2950 2270 omni
2978 2215 3217 2269 macula.

2054 2313 2343 2384 Propheta;
2369 2313 2512 2368 sacri
2554 2317 2771 2382 partum
2810 2320 2964 2366 tuum
2999 2308 3130 2363 olim
3166 2306 3557 2378 przeclamave-

1986 2416 2135 2472 runt,
2172 2406 2507 2476 appellantes
2543 2414 2592 2459 te
2620 2412 2863 2459 montem
2885 2417 3165 2473 magnum,
3218 2408 3380 2469 atque
3439 2413 3560 2451 nm-

1985 2501 2233 2563 lirosum,
2257 2509 2313 2555 et
2340 2509 2548 2569 portam
2581 2513 2679 2568 per
2700 2511 2864 2567 quam
2921 2495 3185 2550 Dominus
3215 2490 3488 2553 transivit,
3525 2502 3559 2541 ο

1985 2595 2099 2650 sola
2131 2601 2302 2648 casta.

2055 2685 2098 2740 Ο
2131 2685 2378 2747 Domina,
2419 2684 2566 2738 omni
2598 2683 2889 2738 sanctitate
2939 2680 3235 2740 cumulata,
3278 2684 3333 2731 tu
3375 2674 3557 2729 olivet-

1984 2780 2051 2835 Sti
2082 2776 2223 2832 ﬁlios
2254 2776 2391 2829 lucis
2421 2791 2515 2829 eos
2546 2774 2637 2842 qui
2671 2774 2724 2826 in
2757 2771 3073 2840 passionum
3137 2766 3380 2822 tenebris
3434 2778 3557 2815 ver-

1984 2870 2265 2929 sabantur,
2296 2867 2480 2922 Patris
2508 2865 2851 2936 splendorem
2887 2862 3072 2925 enixa,
3106 2860 3385 2913 Christum
3420 2853 3561 2909 lucis

1982 2962 2226 3017 datorem
2259 2967 2577 3029 :propterea
2611 2973 2735 3011 cum
2769 2956 2961 3010 alTeclu
2996 2964 3046 3008 te
3094 2951 3483 3019 gloriﬁcamus.

2055 3056 2099 3108 Δ
2132 3054 2367 3108 vinculis
2392 3051 2597 3122 peccati
2630 3066 2714 3104 me
2743 3049 3046 3103 dissolvisti
3073 3060 3197 3099 cum
3254 3042 3548 3097 Dominum

1984 3142 2261 3214 peperisti,
2299 3150 2521 3203 ocasta,
2555 3142 2648 3209 qui
2683 3138 2880 3193 inferni
2911 3152 3072 3207 regna
3111 3132 3386 3192 dissolvit,
3438 3144 3559 3183 om-

1910 3263 1954 3322 c
1987 3249 2195 3305 uesque
2215 3232 2440 3303 colligat
2478 3230 2544 3285 ad
2572 3230 2946 3301 cognitionem
2988 3227 3098 3282 sui.
3138 3280 3146 3299 ,

2053 3405 2299 3477 Exsurge
2326 3405 2503 3476 palam
2534 3406 2590 3461 in
2644 3403 2908 3460 auxilium
2943 3410 3217 3464 nostrum,
3261 3404 3315 3453 te
3365 3410 3556 3466 preca-

1984 3515 2129 3568 mur,
2172 3516 2206 3556 o
2229 3499 2414 3557 Puella
2438 3498 2550 3554 Deo
2566 3498 2875 3569 gratissima
2901 3503 2989 3559 ;et
3010 3493 3218 3548 redime
3248 3504 3350 3546 nos
3371 3503 3403 3543 a
3441 3496 3570 3541 ten-r

1987 3591 2286 3649 tationibus
2314 3599 2369 3647 et
2388 3589 2910 3649 comminationibus
2940 3583 3313 3654 sempiternis.

2053 3683 2273 3739 Postula
2305 3683 2459 3747 mihi,
2485 3697 2517 3735 o
2544 3680 2887 3736 sanctissima
2918 3687 3090 3742 easta,
3119 3675 3555 3746 propitiationem

1983 3786 2330 3849 peccatorum
2388 3789 2661 3837 meorum,
2728 3781 2782 3827 et
2854 3786 3073 3825 manum
3138 3778 3289 3824 tuam
3345 3769 3557 3837 porrige

1985 3870 2119 3925 mihi
2149 3869 2202 3922 in
2228 3868 2421 3938 pelago
2440 3867 2792 3922 allliclio-mm
2814 3866 3047 3934 graviter
3071 3862 3386 3926 ﬂuctuanti;
3415 3875 3465 3915 ul
3505 3872 3558 3915 te

1984 3961 2310 4023 beatilicem,
2340 3967 2399 4011 ut
2430 3959 2659 4013 lideliter
2697 3957 2984 4027 praedicem
3037 3953 3409 4008 ﬁrmissimum
3468 3971 3571 4022 ραι.

1986 4050 2280 4106 trocinium
2316 4059 2493 4104 tuum.

2052 4142 2217 4197 Lucis
2252 4140 2653 4210 receptaculum
2695 4137 2839 4193 facta
2863 4153 2943 4200 es,
2969 4152 3002 4190 ο
3062 4136 3226 4206 Virgo
3282 4136 3552 4189 immacu-

1985 4234 2111 4299 lata,
2140 4243 2195 4288 et
2225 4234 2452 4287 thronus
2480 4231 2639 4301 Regis
2667 4230 2931 4289 universi,
2962 4229 3014 4283 in
3043 4245 3154 4298 quo
3178 4244 3304 4282 cum
3357 4243 3556 4281 consc-

1982 4324 2169 4383 disset.
2204 4323 2274 4379 ab
2303 4325 2529 4392 antiquo
2560 4336 2691 4377 casu
2743 4320 3002 4375 excitavit
3042 4334 3161 4381 nos,
3194 4327 3249 4373 et
3315 4319 3382 4371 ad
3413 4317 3551 4371 divi-

1982 4431 2115 4473 num
2177 4430 2497 4471 consessum
2546 4413 2868 4484 pra-paravit
2920 4427 3017 4467 eos
3064 4411 3159 4481 qui
3213 4425 3339 4465 cum
3370 4408 3476 4465 ﬁde
3499 4418 3556 4463 ct

1984 4509 2180 4567 aﬂectu
2216 4507 2565 4577 magniﬁcam
2603 4514 2679 4563 te.

320 4621 416 4675 Ἐκ
442 4617 551 4674 τοῦ
571 4616 839 4685 Κανόνος
854 4619 942 4683 εἰς
968 4618 1075 4709 to?»
1093 4617 1584 4709 (ξτιονομάρτυρα
1630 4621 1875 4676 Βασιλίς

2002 4621 2147 4694 [15
2174 4621 2258 4676 Ea:
2315 4619 2898 4709 Canoneinrfest‘o‘s.
2956 4619 3211 4675 Basilisci
3274 4616 3555 4687 martyris,

1010 4687 1200 4760 ἡμέρᾳ
1221 4688 1305 4753 κβ
1326 4688 1361 4743 ’-

376 4803 551 4857 Πόκον
568 4802 823 4874 προεώρα
847 4800 1053 4856 Γεδεὼν
1065 4800 1167 4872 τὴν
1196 4799 1464 4871 ἄχραντον
1487 4800 1730 4871 γαστέρα
1759 4818 1877 4867 σου,

305 4898 496 4967 δρόσον
510 4896 611 4964 τὴν
631 4887 900 4966 οὐράνιον,
934 4894 1200 4965 Παρθένε,
1247 4894 1566 4966 δεξαμένην,
1611 4895 1881 4960 θαλάσσας

308 4989 691 5059 ξηραίνουσαν,
708 4988 881 5059 Κόρη,
909 4988 1009 5059 τῆς
1031 4986 1249 5051 ἀθεϊας,
1276 4988 1371 5041 καὶ
1401 4987 1661 5052 τακείσας
1680 4987 1881 5060 ἀρδεύ-

307 5099 477 5137 ουσαν
499 5071 727 5151 φρένᾶς.

378 5172 608 5243 Εὖροιμί
638 5189 720 5237 σε,
762 5170 1031 5240 πάναγνε,
1061 5169 1521 5242 χειραγωγοῦσάν
1556 5186 1625 5238 με
1648 5169 1881 5224 πάντοτε

303 5264 442 5332 πρὸς
466 5262 690 5333 άριτὰς,
720 5264 816 5319 καὶ
846 5263 983 5334 πρὸς
1011 5263 1301 5335 μετανοίας
1328 5263 1428 5328 τὰς
1448 5263 1603 5329 ὀδοὺς
1642 5263 1876 5334 ἐμϐιϐά-

302 5356 526 5420 ζουσαν.

383 5446 446 5500 ‘O
469 5447 646 5520 Πατρὶ
671 5448 953 5520 ὁμοούσιος
988 5446 1144 5519 ῶφθη
1176 5447 1318 5503 κατὰ
1344 5450 1519 5502 πάντα
1544 5448 1729 5519 ὅμοιος
1782 5448 1878 5500 ἀνα

304 5542 572 5610 θρώποις,
601 5542 926 5609 σαρκωθεὶς,
957 5540 1139 5605 καθὼς
1171 5540 1496 5610 ηὐδόκησεν,
1528 5542 1594 5594 ὲκ
1620 5541 1729 5595 τῶν
1771 5541 1881 5593 σῶν

305 5630 577 5701 αἱμάτων,
622 5632 1023 5703 παναμώμητε.

379 5721 594 5792 Σαρκδς
621 5723 681 5776 ὲν
724 5722 1027 5795 ὁμοιώματι
1061 5724 1311 5790 τέτοκας,
1337 5726 1590 5792 Θεοτόκε,
1618 5724 1707 5778 τὸν
1740 5728 1876 5780 ἀκα-

306 5813 571 5883 τανόητον
603 5812 699 5866 καὶ
728 5815 1100 5887 ἀπερίληπτον
1126 5817 1355 5887 Κύριον.

382 5905 767 5976 Συντρίμματα
793 5906 887 5978 τῆς
914 5908 1101 5971 ἀθλίας
1117 5908 1295 5980 ψυχῆς
1315 5927 1437 5980 μου,
1474 5908 1568 5965 καὶ
1592 5908 1660 5965 τὰ
1686 5910 1877 5981 χρόνια

810 4705 989 4753 onor,

2617 4691 2703 4746 die
2755 4692 2847 4747 22.

2057 4807 2172 4864 Sub
2191 4807 2407 4863 velleris
2436 4815 2563 4877 typo
2585 4807 2832 4877 praevidit
2865 4807 3085 4862 Gedeon
3142 4805 3555 4860 immaculatum

1983 4911 2205 4959 uterum
2231 4911 2453 4965 tuum,o
2487 4898 2651 4970 Virgo
2684 4899 2883 4969 puella,
2915 4899 3188 4953 cmlestcm
3221 4911 3398 4950 rorem
3458 4911 3553 4946 exs

1981 4994 2292 5065 cipientem.
2324 4976 2390 5046 ac
2415 4993 2585 5045 maria
2612 4988 2941 5044 inﬁdelitatis
2962 4990 3353 5051 exsiccantem,
3406 5000 3556 5039 men-

1980 5096 2177 5155 tesque
2200 5082 2452 5138 iucendio
2481 5083 2845 5151 liquescentes
2864 5082 3204 5150 irrigmllelll.

2049 5175 2325 5230 Inveniam
2359 5182 2410 5227 te
2434 5187 2534 5243 ego
2571 5186 2808 5240 semper,
2842 5188 2874 5221 υ
2904 5171 3231 5235 castissima,
3283 5171 3551 5222 manudu-

1979 5276 2193 5326 centem
2217 5265 2388 5321 mead
2418 5265 2666 5331 virtutes,
2695 5272 2752 5319 et
2779 5264 2845 5317 ad
2875 5262 3205 5334 poenitentia:
3237 5261 3353 5315 vias
3391 5261 3551 5313 indu-

1980 5370 2214 5418 contem.

2051 5453 2539 5511 Consubstantialis
2568 5451 2737 5514 Patri,
2778 5449 3029 5519 apparuit
3084 5463 3179 5518 per
3242 5445 3426 5500 omnia
3487 5445 3554 5499 si-

1981 5546 2125 5601 milis
2156 5545 2491 5609 hominibus,
2533 5544 2870 5605 incarnatus,
2934 5540 3090 5610 juxta
3142 5538 3552 5606 beneplacitum

1980 5651 2162 5699 suum,
2183 5649 2247 5688 ex
2282 5632 2637 5703 sanguiuibus
2666 5631 2793 5696 tuis,
2822 5650 2855 5685 υ
2882 5638 2989 5683 tom
3016 5628 3386 5682 immaculata.

2050 5726 2106 5781 In
2125 5726 2304 5781 carnis
2329 5725 2739 5779 similitudinem
2769 5722 3024 5792 peperisti
3066 5734 3098 5774 ο
3133 5719 3380 5789 Deipara.
3444 5718 3549 5773 Do-

1980 5818 2186 5874 minum
2218 5815 2664 5887 inintelligibilem
2700 5825 2755 5869 et
2808 5813 3447 5883 incomprehensibilcm.

2048 5909 2417 5965 Uouit-itiones
2458 5908 2773 5965 miscrriuuc
2824 5907 3019 5962 animae
3072 5922 3229 5972 mezc,
3263 5916 3314 5962 ct
3343 5916 3551 5974 tempo-
