3996 6592
444 411 584 479 1119

1569 418 1632 479 s.
1671 417 1987 482 JOSEPBI
2026 388 2587 481 HYMNOGnApiii

3555 417 3693 484 1120

438 527 584 584 rales
606 528 889 600 passiones
918 545 1074 598 sana,
1101 546 1135 588 o
1153 531 1336 603 Virgo,
1354 547 1477 605 qua
1492 533 1799 590 animarum
1819 545 1872 592 et
1894 550 2002 592 cor-

2134 535 2406 607 ίάτρευσον
2460 534 2628 607 πάθη,
2656 533 2749 589 τδν
2777 533 2963 608 ίατρδν
2994 533 3105 592 τῶν
3128 534 3318 606 ψυχῶν
3367 536 3462 592 καὶ
3509 536 3701 597 σωμά-

439 635 637 692 porum
665 623 935 679 medicum
961 625 1327 696 inexplicabili
1382 626 1593 684 ratione
1643 628 1902 700 genuisti,
1960 641 2015 684 et

440 713 590 769 salva
628 730 733 780 me,
771 731 804 772 ο
860 717 1394 786 immaculatissima,
1432 720 1526 791 qui
1554 734 1679 792 spes
1698 734 1850 779 meas
1885 722 2014 778 inte

442 807 685 877 reposui.

512 900 650 955 Ecce
676 898 860 969 Virgo,
898 915 1060 971 quam
1098 916 1328 971 magnus
1350 900 1515 959 Isaias
1548 903 1601 957 in
1631 903 1837 974 Spiritu
1874 921 2013 976 prae.-

437 988 598 1053 dixit,
632 990 797 1044 Deum
825 993 878 1045 in
912 1003 1066 1045 utero
1112 994 1361 1064 concepit
1397 1008 1461 1048 ac
1500 997 1732 1066 peperit,
1755 997 1844 1051 cui
1882 1013 2012 1054 sua-

435 1079 574 1136 viter
601 1083 850 1137 canimus
874 1099 889 1136 :
930 1084 1157 1138 Domine
1182 1085 1348 1151 Deus,
1378 1086 1695 1144 benedictus
1722 1104 1803 1145 es.

505 1171 692 1229 Latior
720 1174 874 1230 caelis
942 1178 1268 1247 apparuisti,
1316 1178 1488 1233 Deum
1543 1179 1597 1235 in
1631 1190 1789 1235 utero
1860 1197 2013 1241 com-

432 1268 800 1337 prehendens,
833 1286 866 1322 ο
894 1269 1075 1324 Puella
1106 1278 1217 1324 tota
1251 1281 1442 1325 sancta
1472 1287 1487 1337 ;
1514 1273 1608 1341 qui
1647 1287 1676 1327 a
1705 1274 2011 1343 perniciosa

432 1358 682 1428 angustia
706 1359 959 1415 liberavit
987 1375 1082 1414 eos
1109 1361 1204 1430 qui
1248 1361 1582 1417 concinunt:
1618 1362 1862 1420 Laudate
1913 1366 2010 1422 Do-

432 1451 661 1512 minum,
694 1463 747 1504 et
780 1452 1180 1520 superexaltate
1211 1452 1264 1506 in
1289 1455 1471 1508 omnia
1507 1456 1727 1510 saecula.

500 1536 705 1595 Natura
731 1542 949 1610 quidem
978 1541 1118 1596 Deus
1179 1558 1277 1606 es;
1316 1545 1409 1598 sed
1434 1545 1739 1602 sustinuisti
1777 1548 2012 1604 circum-

429 1627 544 1681 dari
573 1639 767 1686 natura
802 1632 1064 1694 humana.
1100 1633 1315 1688 vulvam
1342 1638 1749 1694 immaculatam
1814 1651 2009 1709 sponte

428 1718 724 1789 ingressus,
769 1739 803 1777 ο
825 1732 1036 1778 amator
1064 1726 1350 1781 hominum
1381 1744 1401 1781 :
1442 1730 1583 1785 unde
1608 1730 1746 1787 duas
1783 1742 2008 1787 natura-

429 1803 510 1857 les
540 1809 843 1863 voluntates
872 1810 924 1864 in
960 1819 1011 1865 te
1045 1825 1427 1882 agnoscentes,
1465 1824 1516 1873 te
1569 1820 2004 1889 magniﬁcamus,

429 1894 655 1953 Matrem
691 1909 837 1954 tuam
872 1903 1104 1958 lideliter
1128 1905 1519 1979 beatiﬁcantes.

430 2008 591 2081 116
615 2012 701 2064 Ea:
737 2010 949 2068 Canone
981 2016 1035 2069 in
1057 2017 1190 2086 festo
1213 2018 1277 2074 S.
1310 2021 1552 2090 Apostolt'
1579 2024 1762 2095 Carpi,
1804 2029 1891 2084 die
1913 2030 2006 2086 26.

497 2184 721 2243 Pariens
757 2189 919 2263 Virgo
975 2194 1415 2263 inell‘aliiliter,et
1472 2212 1681 2259 naturae
1742 2206 2009 2265 innovans

305 2354 309 2361 .
427 2277 593 2348 leges.
636 2281 774 2337 facta
803 2298 863 2340 es
916 2296 1094 2342 mater
1150 2304 1367 2361 semper
1402 2293 1588 2364 Virgo,
1621 2308 1907 2367 propterea
1948 2312 2000 2357 te

430 2369 830 2428 beatiﬁcamus.

503 2462 1023 2555 Novnmrtanquam
1075 2486 1302 2540 puerum
1361 2477 1614 2546 peperisti
1677 2480 1853 2549 illum,
1914 2486 2006 2555 qui

424 2560 553 2607 ante
579 2554 777 2609 saecula
811 2572 841 2609 a
861 2556 1024 2612 Patre
1059 2572 1285 2617 exortus
1308 2574 1391 2619 est
1426 2565 1797 2637 ineﬂ'abiliter,
1842 2586 1876 2627 0
1906 2554 2003 2629 Dei

423 2640 672 2700 Genitrix
700 2664 715 2701 :
753 2646 877 2702 ideo
909 2658 960 2704 te
982 2650 1378 2719 gloriﬁcamus.

497 2736 943 2796 lntellectualiter
972 2743 1104 2798 vidit
1138 2753 1209 2808 te,
1243 2762 1277 2801 ο
1330 2745 1422 2802 Dei
1478 2748 1746 2818 Genitrix,
1797 2751 2004 2823 Puella,

424 2830 683 2899 propheta
710 2831 957 2890 Deifcrus
990 2846 1230 2891 montem
1264 2855 1523 2907 magnum
1556 2851 1616 2897 et
1661 2845 2004 2916 umbrosum,

422 2935 491 2977 ex
519 2937 629 2994 quo
650 2922 794 2979 Deus
823 2936 1012 2981 noster
1034 2927 1087 2982 in
1118 2943 1283 2984 carne
1308 2932 1547 2990 advenit.

494 3016 538 3070 Δ
572 3016 829 3073 sordibus
863 3021 1061 3076 mentis
1090 3031 1145 3077 et
1179 3024 1429 3094 corporis
1456 3028 1693 3084 emunita
1723 3046 1809 3087 me
1826 3038 1997 3098 nunc,

420 3123 458 3164 ο
492 3108 792 3178 benedicta,
826 3122 958 3167 nutu
990 3123 1083 3167 tuo
1116 3124 1280 3184 atque
1315 3117 1673 3176 inclinatione
1696 3122 1852 3192 plena
1897 3124 2003 3179 mi-

2113 643 2223 680 των
2248 625 2687 698 άνερμηνεύτως.
2742 626 3010 698 Παρθένε,
3038 628 3313 697 κυήσασα,
3375 627 3471 682 καὶ
3525 627 3700 682 σῶσόν

2117 734 2185 788 με
2237 717 2329 772 τὸν
2367 719 2458 772 ἰπὶ
2488 718 2571 771 σοὶ
2599 718 2695 783 τάς
2721 717 2961 783 ἐλπίδας,
2990 718 3322 789 πανάμωμε,
3346 718 3595 790 θέμενον.

2190 898 2316 963 Ἴδε,
2341 898 2408 970 ἢν
2444 897 2613 970 ἔφησε
2660 898 2937 971 Παρθένον
2988 899 3046 952 ὲν
3079 898 3155 969 τῷ
3184 899 3469 966 Πνεύματι
3508 902 3537 954 ό
3591 899 3693 970 μέ-

2114 1007 2218 1061 γας
2260 991 2510 1054 Ἡσαΐας,
2561 992 2619 1045 εν
2652 992 2858 1064 γαστρὶ
2888 992 2979 1046 τὸν
3011 991 3145 1045 Θεὸν
3178 991 3441 1045 συνέλαϐε
3496 991 3592 1045 καὶ
3617 992 3701 1046 τίο

2113 1099 2251 1146 κτει,
2282 1075 2327 1151 ᾧ
2359 1082 2736 1153 μελῳδοῦμεψ
2770 1082 2942 1155 Κύριε
2962 1085 2990 1136 ό
3022 1082 3179 1147 Θεὸς,
3210 1082 3503 1154 εὐλογητὸς
3528 1078 3602 1138 εἴ.

2191 1175 2401 1247 Ὠφθης
2457 1176 2771 1249 πλατυτέρα
2818 1176 3065 1247 οὐρανῶν
3117 1176 3418 1247 χωρήσασα
3476 1176 3612 1229 Θεὸν
3641 1177 3703 1231 ἓν

2113 1268 2300 1340 μήτρᾳ
2343 1265 2437 1320 τὸν
2469 1267 2831 1337 στενοχωρίας
2906 1268 3149 1337 πονηρᾶς
3207 1267 3513 1337 ῥυσάμενον
3567 1268 3700 1332 τούς

2114 1359 2506 1430 μελῳδοῦντας,
2532 1358 2775 1427 παναγία
2802 1358 2959 1430 Κόρη
2979 1376 2994 1391 ·
3011 1360 3261 1428 ’Υμνεϊτε
3314 1359 3405 1412 τὸν
3462 1360 3695 1431 Κύριον,

2110 1452 2206 1507 καὶ
2222 1451 2564 1523 ύπερυψούτε
2597 1453 2676 1515 είς
2698 1450 2909 1516 πάντας
2939 1452 3163 1515 αἰῶνας.

2181 1543 2345 1599 Φύσει
2376 1544 2476 1614 μὲν
2508 1543 2761 1612 πέφυκας
2798 1542 2948 1607 Θεὸς,
2973 1543 3087 1596 ἀλλ’
3112 1543 3344 1614 ἠνέσχου
3374 1541 3702 1613 περιθέσθαι

2106 1637 2199 1691 τδν
2220 1636 2526 1707 ἄνθρωπον,
2577 1637 2789 1707 μήτραν
2813 1634 3115 1707 ἀμώμητον
3137 1636 3458 1699 ἐθελουσίως
3486 1636 3696 1699 εἰσδὺς,

2109 1727 2459 1799 φιλάνθρωπα
2489 1743 2502 1757 ·
2534 1727 2655 1781 ὅθεν
2683 1726 2879 1789 διπλᾶς
2920 1728 3018 1790 τὰς
3047 1728 3281 1796 φυσικὰς
3298 1727 3501 1790 εἰδότες
3530 1726 3696 1796 θελή-

2112 1836 2224 1883 σεις
2259 1836 2378 1882 σου⁹
2413 1819 2470 1872 σὲ
2501 1818 2899 1889 μεγαλύνομεν,
2926 1817 3026 1889 τὴν
3053 1819 3281 1891 Μητέρα
3344 1836 3439 1896 σου
3485 1817 3699 1882 πιστῶς

2040 1880 2082 1936 Β
2117 1880 2532 1982 μακαρίζοντες.

2124 2022 2228 2078 Ἐκ
2252 2021 2360 2076 τοῦ
2390 2023 2660 2090 Κανόνος
2685 2026 2770 2089 εις
2795 2022 2902 2077 τὸν
2932 2023 3103 2091 ἅγιον
3164 2023 3515 2079 ἀπόστολον
3542 2023 3699 2093 Κάρ-

2238 2133 2247 2145 ς
2358 2132 2365 2137 η
2674 2108 2812 2160 πον,
2854 2094 3041 2162 ἡμέρᾳ
3066 2101 3182 2160 κς’.

2181 2207 2403 2263 Κύουσα
2436 2208 2708 2279 Παρθένος
2726 2211 3145 2282 ἀνερμηνεύτως
3165 2211 3262 2265 καὶ
3299 2212 3426 2275 τοὺς
3458 2211 3561 2281 τῆς
3588 2210 3696 2281 φύ-

2113 2316 2252 2365 σεως
2284 2301 2517 2372 θεσμοὺς
2550 2302 2869 2367 καινίζουσα
2898 2302 3149 2372 πέφυκας
3181 2304 3382 2376 Μήτηρ
3412 2304 3502 2358 ἀεὶ
3534 2304 3691 2377 Παρ-

2112 2393 2284 2457 θένος,
2314 2393 2394 2449 διό
2421 2411 2480 2448 σε
2510 2395 2914 2467 μακαρίζομεν.
3326 2470 3452 2479 κ-

2182 2486 2321 2540 Νέον
2348 2486 2424 2550 ὡς
2456 2486 2669 2541 παιδίον
2700 2490 2927 2551 τέτοκας
2959 2489 3051 2543 τὸν
3073 2490 3180 2560 πρὸ
3217 2490 3327 2545 τῶν
3356 2489 3573 2544 αίὼνων
3628 2504 3699 2543 εκ

2108 2576 2204 2631 τοῦ
2236 2578 2451 2649 Πατρὸς
2490 2579 2846 2633 άνατείλαντα
2891 2580 3244 2653 άπορῤήτως,
3293 2582 3691 2652 Θεογεννῆτορο

2106 2669 2196 2726 διὰ
2225 2669 2382 2723 τοῦτό
2407 2688 2467 2723 σε
2497 2670 2817 2742 δοξάζομεν.

2176 2758 2398 2831 Νοερῶς
2435 2760 2769 2835 όΘεοφόρος,
2802 2762 3190 2836 θεογεννῆτορ,
3223 2764 3348 2837 ὅρος
3400 2783 3459 2818 σε
3494 2764 3692 2835 βλέπει

2110 2851 2255 2921 μέγα
2305 2851 2623 2918 κατάσκιον,
2668 2851 2848 2924 Κόρη,
2905 2852 2965 2918 ἐξ
2985 2848 3047 2909 οὗ
3101 2856 3420 2927 ἐπεδήμησε
3475 2854 3694 2927 σαρκὶό

2105 2941 2238 3006 Θεὸς
2270 2942 2450 3014 ημῶν.

2188 3028 2391 3085 Ῥύπου
2420 3029 2601 3101 ψυχῆς
2647 3030 2743 3086 καὶ
2768 3030 3023 3104 σώματος
3086 3035 3385 3107 καθάρισόν
3446 3053 3516 3108 με
3566 3036 3691 3100 νῦν,

2106 3123 2469 3195 εὐλογημένη,
2491 3123 2850 3196 εὐσπλάγχνῳ
2883 3142 2975 3180 σου
3012 3129 3177 3199 ῥοπῇ,
3211 3130 3361 3195 ὅπως
3406 3146 3467 3184 σε
3526 3129 3689 3202 ὐμνῶ

420 3201 733 3257 ωτίεοινιίίω
752 3220 767 3264 ;
786 3213 844 3259 ut
868 3216 920 3260 te
944 3206 1243 3275 prodebito
1274 3207 1486 3265 laudem
1510 3226 1577 3268 ac
1630 3215 1997 3286 magniﬁcem,

2134 3217 2201 3271 ιαὶ
2235 3215 2525 3288 μεγαλύνω
2541 3216 2867 3287 καταχρέος,
2892 3218 3232 3291 πανύμνητε.

420 3306 457 3348 o
476 3295 625 3348 omni
652 3296 808 3352 laude
832 3296 1173 3366 dignissima.

490 3384 786 3458 Peperisti,
822 3406 855 3442 ο
878 3391 1413 3459 immaculatissima,
1440 3395 1561 3453 sine
1594 3398 1785 3455 dolore
1838 3402 2004 3460 Crea-

420 3486 619 3540 torem,
653 3482 747 3550 qui
780 3481 961 3535 aufert
1010 3482 1233 3539 dolores
1262 3493 1318 3539 et
1362 3486 1577 3543 labores
1637 3503 1895 3561 nostros,
1948 3504 2004 3550 et

418 3569 631 3627 delii-iis
669 3572 817 3626 omni
847 3572 1035 3629 dolore
1083 3577 1399 3634 carentibus
1456 3579 1685 3651 dignum
1716 3583 1849 3642 facit
1900 3586 2004 3643 hu-

420 3677 647 3717 manum
666 3678 862 3732 genus.

491 3749 776 3824 Tanquam
802 3754 956 3811 cretis
987 3754 1166 3824 latior,
1198 3760 1480 3831 excepisti,
1498 3777 1532 3818 ο
1554 3762 1738 3837 Virgo,
1770 3768 1824 3823 in
1846 3780 2002 3828 utero

422 3852 517 3901 tuo
549 3844 784 3901 Verbum
811 3848 959 3918 quod
990 3864 1021 3904 a
1052 3849 1199 3905 nulla
1229 3866 1289 3907 re
1310 3854 1430 3924 capi
1484 3865 1689 3927 potest,
1744 3870 1799 3916 et
1852 3864 1999 3932 quod

417 3936 637 3993 redimit
658 3939 727 3994 ab
750 3941 899 3995 omni
935 3942 1193 4013 angustia
1231 3960 1402 4015 genus
1435 3946 1746 4008 hominum.

486 4028 698 4085 Caelum
735 4030 877 4086 facta
900 4047 979 4097 es,
1012 4049 1045 4088 ο
1076 4035 1397 4105 Deiparens,
1450 4055 1517 4094 ex
1552 4058 1662 4111 quo
1711 4055 1865 4103 ortus
1914 4058 1998 4105 est

2189 3400 2465 3475 Ἐκύησας
2487 3401 2776 3467 ἀνωδύνως
2814 3402 2905 3458 τὸν
2929 3404 3210 3478 Πλάστην,
3231 3407 3692 3479 πανάμωμε,’τάς

2103 3493 2295 3557 ὀδύνας
2323 3495 2419 3549 καὶ
2457 3495 2586 3558 τούς
2603 3494 2802 3558 πόνους
2833 3494 2990 3566 ἡμῶν
3018 3496 3445 3569 ἀφαιρούμενον,
3477 3502 3692 3574 καὶτῆς

2103 3586 2377 3642 άνωδύνου
2401 3586 2660 3653 ἀξιοῦντα
2686 3589 2903 3661 τρυφῆς
2926 3591 2987 3646 τδ
3012 3591 3375 3664 ἀνθρώπινον.

2183 3760 2277 3826 Ὧς
2339 3761 2651 3835 πλατυτέρα
2708 3759 2847 3819 οὐσα
2901 3764 3015 3819 τῶν
3095 3765 3341 3839 οὐρανῶν
3375 3768 3436 3823 ὲν
3500 3771 3694 3844 μήτρᾳ

2102 3854 2269 3920 ἐδέξω
2294 3854 2468 3925 Λόγον
2512 3854 2605 3910 τὸν
2634 3854 2939 3928 ἅχὼρητον,
2995 3859 3261 3929 Παρθένε,
3318 3861 3695 3934 λυτρούμενον

2102 3945 2464 4017 στενοχωρίας
2494 3947 2678 4018 πάσης
2715 3947 2776 4001 τὸ
2801 3950 2962 4017 γένος
2982 3949 3091 4003 τῶν
3119 3950 3447 4022 ἀνθρώπων.

2172 4036 2380 4108 Ὠφθης
2410 4037 2658 4110 οὐρανὸς,
2703 4038 3031 4113 Θεοκυῆτορ,
3055 4040 3479 4107 ὲξανατέλλουσα
3548 4048 3691 4118 ἡμῖν

416 4120 576 4177 nobis
610 4120 707 4177 Sol
730 4121 978 4192 iustitiae,
1012 4127 1104 4196 qui
1138 4127 1415 4185 illuminat
1444 4147 1546 4189 nos
1571 4135 1691 4192 luce
1739 4140 1999 4210 cegnitio-

2134 4128 2186 4183 δν
2218 4128 2321 4197 τῆς
2349 4128 2696 4201 δικαιοσύνης
2722 4131 2935 4199 Ἥλιον,
2994 4133 3297 4203 φωτίζοντα
3343 4136 3491 4207 ἡμᾶς
3542 4140 3691 4208 φωτὶ

418 4211 525 4278 nis,
556 4227 590 4267 ο
623 4212 952 4282 Deigenitrix
985 4230 1157 4274 casia.

488 4302 686 4363 Vocem
718 4306 814 4363 tibi
847 4308 1115 4367 Gabrielis
1145 4314 1489 4383 exhibemus,
1519 4333 1553 4373 ο
1585 4319 1770 4391 Virgo,
1811 4322 1995 4377 excla-

2097 4221 2466 4290 ὶπιγνὼσεως,
2485 4220 2853 4294 Θεογεννῆτορ
2879 4224 3041 4297 ἁγνή.

2163 4313 2353 4384 Φωνήν
2379 4330 2460 4367 σοι
2482 4314 2854 4385 προσάγομεν,
2874 4316 3137 4389 Παρθένε,
3156 4317 3258 4390 τὴν
3282 4318 3378 4373 τοῦ
3402 4322 3678 4395 Γαϐριὴλ,

415 4399 826 4466 mantes:Ave,
880 4400 1052 4458 nubes
1083 4402 1253 4472 levis;
1309 4421 1433 4472 ave,
1463 4416 1628 4477 terra,
1688 4426 1811 4480 quas
1876 4412 1995 4467 sine

2134 4404 2451 4469 ναῦοῶντες⁹
2480 4406 2672 4478 Χαῖρε,
2712 4407 2890 4479 κούφη
2912 4407 3132 4480 νεφέλη,
3156 4414 3333 4483 χαῖρε,
3365 4413 3441 4485 γῆ
3465 4416 3686 4489 ἀγεὼρ-

416 4488 669 4559 agricolae
717 4492 929 4548 cultura
995 4495 1202 4565 spicam
1262 4499 1568 4567 speciosam
1626 4500 1990 4571 fructiﬁcasti,

418 4583 741 4637 nulritorem
769 4583 977 4640 scilicet
1011 4588 1256 4643 omnium
1285 4601 1685 4648 creaturarum.

422 4672 580 4744 117
601 4671 683 4727 Ea:
701 4690 898 4730 canone
916 4678 970 4730 in
982 4677 1115 4744 festo
1146 4678 1203 4735 S.
1224 4680 1478 4753 Eutychis
1498 4685 1775 4756 martyris,
1795 4686 1880 4742 die
1896 4687 1988 4744 28.

463 4847 521 4904 In
539 4851 720 4907 carnis
737 4851 1091 4912 similitudine
1106 4872 1377 4928 apparens
1392 4870 1607 4918 amator
1626 4864 1912 4922 hominum
1926 4882 1994 4922 ex

420 4951 494 5009 te,
514 4959 547 5000 ο
592 4955 701 5001 tota
722 4947 1094 5014 immaculata,
1129 4952 1394 5008 mundum
1419 4953 1649 5010 salvavit
1670 4966 1994 5025 pereuntem

416 5045 583 5106 atque
640 5041 813 5094 errori
856 5040 1186 5111 subjectum,
1227 5044 1372 5101 unde
1418 5055 1473 5102 te
1544 5047 1880 5105 honoramus
1929 5065 1996 5107 ac

420 5129 821 5189 heatilieamus.

487 5217 686 5276 Mentis
705 5237 840 5278 mea:
872 5224 1146 5289 tenebras,
1184 5241 1216 5281 ο
1240 5226 1493 5299 Deipara,
1536 5230 1659 5286 luce
1707 5240 1816 5297 tua,
1864 5249 1996 5304 pre-

421 5319 540 5372 cor,
582 5314 842 5377 tanquam
890 5310 1308 5383 henignissima,
1358 5317 1585 5388 dissipa,
1620 5328 1675 5375 et
1720 5321 1997 5380 interccde

422 5413 522 5468 pro
546 5414 652 5463 me,
675 5412 734 5456 ut
761 5418 853 5473 per
872 5406 1248 5474 paenitentiam
1275 5409 1518 5466 melioris
1549 5413 1675 5469 vita:
1724 5415 1994 5473 rationem

420 5490 741 5561 instituam,
775 5504 833 5550 ut
863 5511 987 5552 cum
1015 5498 1118 5553 [ide
1153 5508 1211 5555 te
1242 5500 1560 5571 gloriﬁcem.

492 5581 883 5653 Prophetarum
918 5589 1206 5659 collegium
1239 5592 1458 5663 scripsit
1491 5606 1639 5662 ante,
1678 5605 1729 5653 te
1759 5613 1881 5655 esse
1902 5614 1997 5655 vo-

422 5677 627 5744 lumen,
655 5695 689 5734 ο
710 5678 871 5752 Virgo
899 5682 1251 5739 immaculata
1280 5683 1388 5740 Deo
1418 5684 1769 5755 desponsata,
1799 5689 1853 5745 in
1886 5706 1996 5762 quo

424 5765 663 5823 Verbum
709 5768 888 5842 Patris
936 5772 1108 5843 digito
1159 5774 1428 5844 scriptum
1471 5784 1579 5844 cst,
1607 5778 1750 5847 quod
1810 5778 1996 5837 ﬁdeles

427 5858 685 5917 describit
716 5862 768 5919 in
801 5863 940 5919 libro
964 5865 1104 5922 vitae.

2094 4511 2279 4564 γητος,
2315 4494 2518 4566 στάχυν
2540 4495 2743 4567 ὡραῖον
2767 4499 3195 4572 καρποφοροῦσα
3221 4502 3313 4557 τὸν
3352 4506 3560 4577 τροφέα
3581 4508 3688 4578 τῆς

2027 4584 2072 4640 Ι)
2101 4586 2353 4651 κτίσεως.

2106 4680 2202 4734 Ἐκ
2223 4679 2331 4735 τοῦ
2355 4682 2624 4751 Κανόνος
2647 4683 2867 4824 agger
2887 4685 3057 4777 ἀπίω·
3087 4686 3361 4759 μάρτυρα
3382 4692 3681 4764 Εὑτυχόα,

2777 4772 2856 4824 ρα
2878 4774 2953 4824 κη
2973 4796 2989 4812 ο

2777 4772 2856 4824 φα
2878 4772 2989 4826 κῆρ

2166 4861 2378 4934 Σαρκδς
2423 4861 2734 4935 ὁμοιώματι
2792 4865 3127 4935 ὲπιφανεὶςό
3173 4869 3560 4944 φιλάνθρωπος
3614 4879 3681 4933 ὲκ

2098 4956 2214 5021 σοῦ,
2256 4958 2589 5028 πανάμωμε,
2618 4959 2824 5030 κόσμον
2860 4959 3120 5015 διέσωσεν
3150 4963 3549 5037 ἀπολλύμενον,
3582 4972 3680 5025 καὶ

2098 5048 2275 5121 πλάνῃ
2298 5048 2665 5120 ὑπαρχθέντα,
2688 5051 2769 5105 διό
2803 5069 2863 5105 σε
2888 5054 3218 5126 γεραίρομεν
3246 5056 3343 5112 καὶ
3377 5061 3685 5132 μακαρίζο-

2101 5159 2222 5214 μεν.

2168 5233 2306 5298 Νοός
2342 5250 2443 5303 μου
2466 5233 2528 5287 τὸ
2560 5234 2770 5299 σκότος,
2798 5235 3051 5303 Θεοτόκε,
3081 5240 3219 5310 φωτὶ
3237 5242 3317 5313 τῷ
3344 5245 3404 5297 ὲν
3438 5247 3545 5313 σοὶ,
3595 5248 3681 5313 ὡς

2097 5324 2301 5394 ἀγαθὴ,
2350 5324 2670 5388 ὲκδυσωπῶ,
2732 5327 3007 5396 διάλυσον,
3068 5333 3163 5386 καὶ
3203 5335 3494 5403 μετανοίας
3551 5340 3679 5410 τρό-

2098 5433 2222 5479 ποις
2251 5432 2320 5485 με
2344 5415 2703 5487 βελτιωθῆναι
2734 5418 3031 5490 πρέσϐευε,
3066 5422 3214 5488 ὅπως
3243 5426 3302 5479 ὲν
3346 5426 3530 5483 πίστει
3590 5431 3680 5484 δο-

2101 5506 2249 5572 ξάζω
2288 5522 2370 5562 σε.

2170 5597 2348 5666 Τόμον
2425 5615 2484 5651 σε
2534 5600 2848 5672 προέγραψε
2900 5604 3009 5657 τῶν
3054 5610 3375 5678 προφητῶν,
3439 5612 3675 5683 ἄχραντσ

2100 5688 2365 5761 Παρθένε,
2393 5691 2421 5744 ό
2450 5689 2730 5761 σύλλογος,
2760 5694 2819 5747 ἐν
2929 5696 3181 5770 δακτύλῳ
3214 5707 3544 5776 κατεγράφη
3573 5704 3665 5759 τοῦ

2102 5780 2314 5855 Πατρδς
2345 5782 2374 5836 ό
2404 5782 2596 5853 Λόγος,
2638 5786 3116 5863 Θεόνυμφε,βί6λῳ
3138 5794 3237 5865 τῆς
3293 5794 3441 5870 ζωῆς
3501 5806 3670 5855 κατα-

2102 5873 2328 5945 γράφων
2360 5874 2604 5940 πιστούς,
