3996 6618
290 427 424 492 1121

1744 408 2108 472 MARIALE.

3411 395 3552 463 1122

355 533 741 607 Νεκρούμενος
795 529 992 585 πάθεσι
1045 528 1142 580 καὶ
1197 525 1499 595 λογισμοῖς,
1534 523 1866 593 πανάμωμε,

2044 520 2412 585 interemptus
2479 531 2508 571 a
2601 514 2950 587 passionibus
3025 524 3081 568 et
3133 513 3554 582 cogitationibus

285 633 422 704 πρὸς
453 631 580 690 τοὺς
609 622 925 695 οἱκτιρμσῦς
951 639 1045 674 σου
1069 618 1400 688 καταφεύγω
1429 616 1565 686 πρὸς
1593 615 1692 684 τὴν
1742 615 1865 685 Θερο

291 728 401 797 μήν
427 740 522 776 σου
549 717 895 791 προστρέχω,
932 715 1222 776 Δέσποινα,
1259 709 1469 780 σκέπην
1500 706 1596 761 καὶ
1621 707 1870 777 βοήθειαν

290 817 469 887 ἡμῶν,
502 812 637 884 μόνη
664 808 1000 874 Θεοδόξαστε,
1027 803 1388 874 ζωοποίησον,
1432 800 1609 856 σῶσόν
1644 817 1735 871 με.

260 995 267 1016 ⁸
371 992 549 1062 Λιμὴν
587 985 746 1056 γενοῦ
780 1003 890 1055 μοι,
930 981 1260 1052 πανάμωμε,
1291 979 1425 1050 πρὸς
1453 979 1622 1050 ὅρμον
1695 994 1872 1046 σωτη-

294 1085 416 1158 ρίας
461 1083 713 1137 ἰθύνουσα
743 1078 822 1148 τῷ
852 1075 1232 1130 Θαλαττεύοντι
1266 1076 1324 1126 ὲν
1345 1075 1460 1136 τοῖς
1492 1072 1584 1126 τοῦ
1632 1071 1748 1142 βίου
1775 1069 1873 1124 νῦν

291 1176 525 1247 κύμασι,
569 1172 663 1227 καὶ
722 1169 829 1222 τῶν
869 1166 1182 1221 σκανδάλων
1255 1163 1414 1235 ῥῦσαι
1475 1161 1569 1217 τοῦ
1631 1160 1874 1231 πολεμή-

292 1285 471 1329 τορος.

358 1284 471 1412 Ἕν
525 1357 640 1418 τοῖς
695 1353 916 1416 κόλποις
945 1351 1039 1406 τοῦ
1101 1348 1317 1421 Πατρὺς
1366 1347 1721 1417 ἁπερινόητος
1751 1342 1877 1406 Υἱὸς

295 1449 624 1518 καθήμενος,
657 1447 713 1498 ὲν
745 1443 968 1506 κόλποις
1013 1439 1107 1495 σοῦ
1152 1440 1250 1511 τῆς
1311 1439 1502 1509 ἁγνῆς,
1560 1436 1634 1499 ὡς
1682 1434 1879 1504 βρέφος

294 1539 605 1605 καθέζεται,
654 1537 741 1590 ἐπ’
789 1535 1086 1605 ἀνακλήσει
1117 1533 1295 1604 ἡμῶν,
1346 1524 1389 1599 ᾧ
1446 1527 1832 1602 κραυγάζομεν
1861 1544 1874 1556 ·

306 1633 368 1686 '0
386 1630 494 1685 τῶν
527 1629 782 1699 πατέρων
810 1628 1016 1698 Κύριος
1049 1625 1143 1678 καὶ
1166 1624 1319 1688 Θεὸς,
1355 1620 1646 1692 εὐλογητὸς
1674 1615 1744 1674 εἷ.

369 1722 627 1792 Συνῆψας
664 1719 733 1773 τὰ
769 1718 937 1772 πάλαι
989 1716 1274 1780 διεστῶτα,
1324 1712 1569 1783 Παρθένε
1627 1710 1880 1781 θεοχαρί·

296 1830 456 1878 τωτε,
481 1812 559 1882 τῷ
583 1811 726 1881 τόκῳ
767 1826 859 1863 σου
877 1824 891 1838 ⁶
921 1807 1042 1862 ὅθεν
1064 1807 1138 1870 ὼς
1167 1805 1348 1859 αἰτίαν
1393 1819 1454 1856 σε
1503 1802 1722 1856 πάντων
1781 1819 1883 1873 μα-

1975 613 2135 676 meis,
2163 628 2195 666 ο
2219 626 2434 666 summe
2485 609 2857 672 immaculata,
2893 608 2956 661 ad
2991 606 3381 660 miserationes
3431 614 3555 662 tuas

1975 703 2252 773 confugio,
2279 703 2347 757 ad
2375 702 2668 756 ferventem
2693 701 3083 770 protectionem
3117 707 3265 752 tuam
3315 707 3367 752 et
3398 699 3560 752 auxi-

1975 793 2106 846 lium
2128 807 2256 860 erga
2277 806 2399 855 nos,
2421 805 2675 856 accurro,
2699 804 2732 843 o
2763 790 2992 843 Domina
3021 790 3136 843 sola
3158 803 3187 842 a
3217 788 3327 843 Deo
3344 804 3560 843 summe

1975 885 2270 955 gloriﬁcata
2313 905 2324 940 :
2363 893 2415 937 tu
2453 884 2665 938 vivilica
2698 891 2747 936 et
2780 883 2926 937 salva
2961 898 3066 936 me.

2045 978 2245 1033 Portus
2280 985 2401 1032 esto
2450 977 2605 1043 mihi,
2639 992 2672 1031 ο
2711 977 2879 1031 libera
2936 976 3005 1030 ab
3048 977 3198 1028 omni
3248 974 3388 1038 labe,
3425 973 3559 1028 diri-

1977 1087 2110 1144 gens
2144 1088 2231 1126 me
2251 1072 2318 1127 ad
2353 1071 2593 1142 quietam
2629 1070 2919 1125 stationem
2975 1068 3187 1129 salutis,
3225 1068 3353 1121 dum
3382 1065 3559 1136 agitor

1978 1163 2204 1220 marinis
2251 1162 2506 1219 ﬂuctibus
2560 1162 2712 1229 vitae,
2772 1172 2827 1217 et
2882 1161 2951 1216 ab
2990 1161 3164 1215 hostis
3195 1159 3468 1214 scandalis
3497 1157 3562 1211 li-

1979 1255 2109 1310 hera
2140 1269 2247 1309 me.

2049 1348 2220 1403 Filius
2250 1345 2670 1417 iuintelligibilis
2697 1345 2790 1415 qui
2831 1344 2983 1399 sedet
3027 1343 3080 1397 in
3134 1343 3256 1398 sinu
3278 1341 3480 1406 Patris,
3506 1339 3561 1395 in

1981 1450 2075 1496 tuo
2107 1441 2270 1495 etiam
2307 1439 2450 1506 sinu,
2478 1452 2512 1494 ο
2549 1453 2712 1509 pura,
2755 1446 3014 1507 tanquam
3053 1435 3234 1490 infans
3266 1434 3467 1489 residet
3493 1432 3563 1488 ad

1983 1534 2348 1590 revocandum
2385 1545 2517 1597 nos;
2550 1531 2636 1585 cui
2662 1530 3003 1585 clamamus:
3033 1526 3253 1582 Patrum
3304 1524 3568 1581 Dominus

1982 1637 2036 1685 et
2081 1626 2247 1689 Deus,
2270 1625 2588 1680 benedictus
2621 1637 2702 1677 es.

2053 1719 2332 1790 COpulasti
2391 1732 2478 1782 ea,
2525 1731 2648 1787 quae
2699 1714 2828 1770 olim
2876 1712 3146 1783 disiuncta
3200 1718 3374 1775 erant,
3409 1713 3569 1778 partu

1996 1817 2122 1876 tuo,
2155 1827 2187 1866 o
2213 1809 2377 1882 Virgo
2409 1809 2518 1863 Deo
2549 1808 2860 1875 gratissima
2890 1821 2905 1858 :
2946 1803 3301 1874 quamobrem
3336 1808 3392 1855 te
3443 1807 3569 1852 tan-

299 1877 603 1976 καρίζομεν
638 1877 745 1955 τῶν
765 1899 1010 1969 ἀγαθῶν,
1045 1896 1448 1970 κραυγάζοντες
1498 1893 1678 1966 ψυχῆς
1724 1893 1883 1948 εὐθύ-

2017 1919 2154 1975 [αοηι
2185 1903 2428 1957 omnium
2464 1901 2734 1955 bonorum
2761 1911 2984 1953 causam
3022 1893 3421 1956 heatiﬁcamus,
3458 1889 3574 1945 cla-

298 2012 424 2065 τητι
451 2012 464 2026 ’
498 1993 602 2048 Τὸν
640 1993 839 2063 Κύριον
867 1993 1107 2063 ὑμνεῖτε,
1135 1992 1202 2045 τὰ
1224 1990 1382 2062 ἔργα.

371 2167 630 2233 Φὼτισον,
673 2166 830 2239 ἁγνὴ,
860 2166 1037 2238 ψυχῆς
1097 2184 1198 2237 μου
1251 2166 1319 2222 τὰ
1372 2167 1616 2239 ὄμματα,
1672 2168 1881 2224 παῦσον

300 2262 396 2316 τὸν
415 2259 660 2314 κλύδωνα
681 2259 768 2312 τὸν
784 2258 1161 2327 ὲπιγινόμενον
1193 2258 1289 2326 τῆς
1307 2259 1414 2312 τῶν
1440 2259 1710 2331 δαιμόνων
1737 2279 1811 2315 πα
1822 2278 1879 2332 ρ-

303 2351 660 2422 ενοχλήσεως,
699 2350 794 2405 καὶ
816 2350 896 2412 εἰς
922 2348 1039 2402 ὁδὸν
1066 2348 1397 2404 κατεύθυνον
1419 2350 1527 2404 τῶν
1565 2350 1692 2421 θελη
1701 2354 1886 2423 μάτων

304 2442 548 2515 Χριστοῦ
604 2443 698 2497 τοῦ
752 2442 870 2505 νοός
928 2458 1066 2512 μου,
1117 2439 1362 2510 πάναγνε
1398 2484 1414 2508 ,
1464 2442 1562 2513 τὴν
1606 2444 1886 2511 στένωσιν,

305 2538 454 2601 ὅπως
479 2536 661 2590 πίστει
699 2534 787 2589 ἀεὶ
816 2533 1110 2607 μακαρίζω
1157 2550 1239 2589 σε.

1990 2003 2207 2050 mantes
2231 2009 2356 2049 cum
2381 1992 2710 2048 rectitudine
2739 1988 2909 2045 animi
2928 2005 2940 2042 :
2959 1985 3225 2051 Laudate,
3250 1997 3439 2054 opera,
3458 1980 3569 2038 Do-

1990 2085 2222 2140 minum.

2062 2177 2332 2243 lllumina,
2364 2192 2398 2231 o
2426 2186 2603 2239 casta,
2636 2174 2829 2230 oculos
2856 2171 3053 2228 anima:
3079 2185 3234 2234 meae,
3267 2177 3396 2225 seda
3427 2155 3570 2224 'tem—

1990 2280 2257 2342 pestatem
2295 2268 2736 2339 perturbationis
2791 2267 3099 2320 daemonum
3169 2262 3571 2332 ingruentium,

1988 2364 2120 2419 etin
2146 2364 2288 2417 viam
2339 2363 2510 2432 dirige
2539 2363 2879 2417 voluntatum
2929 2354 3156 2419 Christi,
3191 2355 3390 2411 mentis
3439 2368 3574 2410 mea:

1993 2458 2323 2527 angustiam,
2385 2465 2444 2509 ut
2473 2464 2524 2511 te
2551 2455 2712 2526 118
2731 2470 2945 2527 semper
2961 2470 3082 2512 cum
3113 2451 3218 2507 ﬁde
3248 2448 3574 2514 heatilicem,

1995 2561 2028 2601 ο
2070 2547 2410 2602 castissima.

988 2650 1074 2705 Ea:
1105 2652 1322 2708 Canam
1371 2651 1425 2705 in
1461 2650 1564 2706 SS.
1602 2650 1950 2724 Theadulum,
1987 2676 2049 2714 ac
2084 2660 2499 2732 Tlierapondem,
2526 2661 2610 2716 die
2644 2660 2713 2718 28
2745 2660 2902 2732 (65⁸).

385 2772 726 2828 Sacerrimus
762 2770 1160 2842 Pr0phetarum
1193 2770 1397 2826 chorus
1445 2776 1886 2840 praemonstravit

314 2880 344 2919 a
384 2863 544 2934 longe
573 2873 623 2918 te
653 2861 894 2916 futuram
943 2878 1071 2919 vere
1105 2862 1198 2918 Dei
1260 2863 1618 2928 Genitricem,
1655 2879 1687 2917 ο
1722 2864 1886 2935 Virgo

315 2952 609 3011 sublimior
649 2951 974 3017 Cherubim,
1022 2962 1187 3023 atque
1236 2953 1550 3010 hominibus
1586 2960 1884 3013 creaturis.

395 3048 659 3102 Arcanam
716 3056 881 3114 atque
943 3045 1357 3100 inscrulahilem
1399 3056 1590 3116 partus
1639 3050 1718 3104 tui
1763 3065 1893 3120 pro-

317 3139 639 3193 Iunditatem
666 3135 936 3189 humanus
966 3135 1274 3190 intellectus
1292 3137 1510 3205 assequi
1550 3138 1700 3192 nullo
1730 3138 1893 3192 modo

319 3239 518 3300 potest,
570 3244 602 3282 o
654 3229 897 3297 Augusta
943 3227 1138 3282 :Deus
1191 3227 1336 3282 enim
1385 3228 1626 3298 seipsum
1678 3241 1895 3299 propter

320 3336 476 3378 suam
512 3321 940 3374 misericordiam
973 3319 1298 3375 exinaniens
1346 3321 1400 3374 in
1459 3333 1616 3376 utero
1667 3331 1782 3386 tuo,
1811 3338 1897 3378 me

321 3424 495 3470 totum
533 3415 726 3466 iterum
763 3412 1073 3480 plasmavit.

394 3506 677 3574 Tanquam
728 3513 941 3573 portam
985 3502 1248 3557 ferentem
1300 3504 1366 3558 ad
1419 3503 1726 3575 ingressum
1757 3505 1897 3560 divi-

323 3613 479 3661 num,
516 3607 772 3665 tanquam
806 3596 971 3648 alium
1003 3595 1340 3660 Paradisum,
1379 3605 1638 3666 tanquam
1688 3598 1894 3652 intelli-

326 3690 549 3757 gibilem
599 3689 779 3741 locum
813 3687 1286 3756 sanctiﬁcationis,
1339 3698 1602 3759 tanquam
1657 3692 1896 3761 speciem

322 3783 518 3846 Jacob,
549 3780 827 3850 Virginem
859 3781 1262 3836 heatilicemus.

399 3876 529 3932 Post
556 3877 894 3930 tremendum
934 3887 1148 3945 partum
1196 3878 1369 3947 virgo,
1403 3879 1582 3947 qualis
1621 3889 1745 3934 ante
1777 3879 1898 3935 fue-

327 3985 441 4035 ras,
479 3968 837 4038 perseverasti
873 3984 886 4020 :
920 3967 1061 4021 Deus
1091 3969 1234 4022 enim
1271 3978 1393 4024 erat
1421 3971 1516 4039 qui
1547 3972 1898 4035 nascebatur,

327 4063 423 4133 qui
447 4059 900 4116 immutatomnia
934 4059 1207 4114 voluntate
1247 4075 1367 4124 sua,
1396 4077 1428 4115 ο
1455 4060 1624 4116 Maria
1647 4061 1898 4132 innupta,

332 4155 427 4210 Dei
448 4155 620 4223 gratia
651 4151 987 4222 plenissima.

1921 3279 1968 3342 C

2066 2776 2305 2833 Verbum
2355 2778 2499 2832 intra
2534 2777 2741 2832 viscera
2789 2786 2882 2832 tua
2938 2758 3141 2846 corpus
3196 2759 3577 2829 factum-sine

1993 2871 2222 2934 semine,
2242 2870 2515 2939 perlectus
2545 2871 2711 2924 homo
2734 2870 3010 2940 apparuit,
3040 2869 3309 2924 innovans
3334 2875 3577 2927 naturas.

1996 2971 2160 3032 prout
2193 2961 2360 3016 Deum
2388 2963 2635 3028 decebat,
2661 2961 3124 3032 quemadmodum
3157 2960 3306 3015 solus
3328 2958 3444 3029 ipse
3474 2971 3578 3010 no-

2000 3056 2095 3117 vit,
2119 3069 2152 3107 o
2180 3064 2334 3124 porta
2357 3053 2464 3108 Deo
2486 3053 2830 3118 charissima,
2850 3053 2918 3108 ab
2943 3053 3091 3107 omni
3122 3065 3275 3106 naevo
3297 3047 3576 3104 immunis.

2073 3147 2164 3201 Ille
2201 3147 2293 3217 qui
2327 3146 2476 3201 sedet
2502 3147 2554 3200 in
2587 3147 2710 3201 sinu
2761 3145 3038 3201 Genitoris
3091 3139 3582 3210 incircumscripti-

2001 3239 2214 3302 biliter,
2253 3240 2304 3293 in
2329 3239 2452 3292 sinu
2485 3248 2579 3292 tuo
2597 3253 2745 3293 nunc
2776 3237 2997 3301 residet,
3023 3251 3054 3290 o
3081 3236 3429 3297 intemerata,
3460 3233 3572 3286 cir-

2003 3329 2523 3399 cumscriptibiliter,
2553 3329 2727 3383 forma
2754 3341 2844 3383 tua
2874 3327 3341 3392 circumamictus,
3363 3333 3583 3397 propter

2003 3423 2359 3478 salvationem
2384 3423 2512 3478 Adae
2562 3421 2739 3477 lactus
2767 3439 2939 3478 novus
2968 3424 3161 3477 Adam.

2072 3515 2112 3568 Α
2177 3514 2410 3586 pristina
2450 3516 2844 3572 maledictioue
2899 3515 3165 3586 redempti
3230 3529 3326 3586 per
3366 3521 3582 3584 partum

2004 3615 2198 3674 tuum,
2237 3625 2269 3665 o
2323 3609 2511 3665 Puella
2569 3611 2718 3664 omni
2768 3610 3148 3665 benedictione
3198 3608 3495 3673 cumulata,
3523 3621 3588 3662 ac

2003 3697 2189 3753 divina
2219 3700 2391 3768 gratia
2447 3701 2800 3770 plenissima,
2857 3701 2923 3756 ad
2989 3709 3040 3755 te
3088 3697 3588 3770 vocemGabrielis

2003 3792 2302 3846 emittimus
2341 3810 2354 3845 :
2387 3792 2519 3858 Ave,
2546 3809 2707 3848 causa
2742 3795 2933 3848 salutis
2958 3794 3225 3848 omnium.

2075 3882 2218 3937 Luce
2240 3896 2329 3937 tua
2363 3884 2575 3938 illustra
2609 3900 2717 3947 me,
2745 3900 2952 3955 quaeso.
2987 3900 3018 3938 o
3067 3883 3229 3953 Virgo
3261 3882 3409 3935 inter
3462 3877 3605 3934 mu-'

2003 3972 2167 4028 lieres
2191 3973 2301 4028 Deo
2355 3975 2691 4044 gratissima,
2722 3986 2774 4029 et
2833 3977 2901 4029 ab
2934 3975 3059 4046 igne
3124 3973 3349 4043 perenni
3385 3970 3590 4025 redime

2007 4078 2117 4127 me,
2151 4074 2210 4117 ut
2240 4073 2292 4118 te
2322 4065 2687 4132 magniﬁcem,
2724 4066 2884 4135 119
2906 4074 2963 4118 ut
2986 4074 3037 4117 te
3062 4063 3380 4135 gloriﬁccm,
3413 4062 3591 4116 utde-

2009 4154 2138 4210 bitis
2160 4156 2413 4212 laudibus
2441 4159 2697 4212 extollam
2735 4158 3004 4228 rnagnalia
3038 4166 3151 4210 tua.

340 4292 437 4346 Ἐκ
465 4288 571 4343 τοῦ
626 4290 1039 4368 Κανόνος-εὶς
1063 4289 1188 4368 τρν·⁵
1241 4290 1411 4368 ἄγιογ
1469 4293 1737 4360 μάρτυρα
1777 4292 1891 4363 'Ep-

2018 4294 2103 4349 Ea:
2137 4294 2348 4351 Canoue
2399 4298 2454 4351 in
2509 4298 2643 4366 [esto
2687 4297 2745 4352 S.
2777 4297 3037 4368 Martyris
3080 4294 3319 4361 Hernici,
3355 4295 3441 4349 die
3497 4293 3587 4349 5i.

835 4358 1024 4427 μεῖον,
1078 4359 1265 4428 ἡμέρᾳ
1290 4358 1406 4414 λα’.

412 4474 570 4540 ,Αγίσ
621 4471 885 4542 Παρθένε,
963 4473 1156 4541 Μῆτερ
1205 4473 1461 4545 Χριστοῦ,
1523 4475 1816 4546 μαρτύρων
1877 4495 1908 4548 η

2091 4475 2289 4530 Sancta
2323 4476 2508 4547 Virgo.
2545 4477 2712 4531 Mater
2743 4475 2968 4542 Christi,
2998 4483 3295 4546 martyrum
3322 4472 3515 4543 gloria,
3539 4481 3594 4526 et

331 4568 486 4633 δόξα,
531 4566 623 4619 καὶ
650 4564 895 4632 ἀγγέλων
925 4565 1249 4636 ἡχαρμονὴ,
1288 4568 1382 4619 σὺν
1410 4567 1618 4631 τούτοις
1667 4569 1883 4623 δυσώπε

2019 4569 2336 4635 angelorum
2365 4569 2576 4634 laetitia,
2631 4583 2738 4624 una
2766 4585 2891 4624 cum
2934 4568 3043 4623 illis
3088 4567 3313 4636 supplex
3368 4579 3594 4632 precare

331 4661 425 4713 τὸν
461 4658 589 4710 Υἰόν
617 4673 732 4720 σου,
778 4655 871 4708 τοῦ
906 4657 1244 4727 οἱκτειρῆσαι
1276 4658 1368 4711 καὶ
1397 4658 1567 4712 σῶσαι
1612 4661 1736 4726 τοὺς
1792 4662 1911 4715 δού-

331 4755 458 4816 λους
490 4770 605 4806 σου.

407 4845 642 4916 Στόματι
670 4846 762 4899 καὶ
809 4843 1023 4916 γλώττῃ
1094 4861 1152 4896 σε
1177 4843 1314 4897 Θεοῦ
1373 4845 1641 4913 πανάγιον
1687 4846 1913 4916 τέμενος

333 4935 609 5005 ὁμολογῶ,
695 4936 980 5002 πάναγνε’
1052 4934 1131 4988 διό
1176 4951 1243 5005 με
1295 4934 1480 5004 πάσης
1537 4933 1700 5005 ρὖαι
1749 4937 1912 4990 κολά-

336 5041 502 5086 σεως.

423 5115 811 5188 Ὑπερύμνητε
843 5116 1135 5182 Δέσποινα,
1155 5117 1246 5171 τὸν
1277 5120 1333 5170 ὲν
1372 5120 1484 5180 τοῖς
1549 5119 1727 5186 ἁγίοις
1781 5121 1914 5172 ἀνα-

335 5208 648 5277 παυόμενον
684 5209 824 5280 ὑπὲρ
849 5207 1004 5275 λόγον
1034 5207 1374 5275 ἁπεκύησας·
1395 5207 1503 5270 ,διὰ
1528 5209 1686 5262 τοῦτο
1727 5209 1916 5278 ὕμνοις

337 5310 401 5346 σε
441 5311 504 5362 γε
514 5296 794 5367 ραίρομεν.

411 5388 624 5457 Νοεράν
647 5404 704 5439 σε
734 5387 951 5456 λυχνίαν
1006 5386 1174 5440 πάλαι
1203 5389 1230 5440 ὁ
1256 5387 1540 5458 προφήτης
1571 5389 1819 5442 κατεῖδεν
1862 5391 1919 5441 ὲν

337 5476 624 5542 Πνεὺματι
663 5478 1028 5547 κεκτημένην,
1059 5477 1236 5546 Κόρη,
1263 5477 1321 5528 τὸ
1346 5476 1651 5545 λαμπάδιον
1688 5478 1921 5550 Χριστὸν

339 5568 436 5620 τὸν
465 5568 692 5638 Κύριον,
722 5569 812 5622 τὸν
836 5572 978 5638 φωτὶ
1041 5570 1266 5640 ἀρρήτῳ
1312 5569 1520 5630 πάντας
1576 5570 1724 5638 ἡμᾶς
1782 5586 1924 5638 φωτ-

342 5658 684 5727 αγωγοῦντα,
711 5661 836 5723 τοὺς
865 5660 1067 5723 πιστῶς
1085 5676 1142 5711 σε
1169 5657 1460 5728 τιμῶντας,
1498 5659 1824 5729 πανάμωμε.

421 5841 575 5913 (65⁸)
621 5841 778 5899 Deest
804 5844 855 5897 in
887 5843 1102 5899 Mena-is
1127 5847 1424 5916 impressis.

2022 4661 2194 4714 ﬁlium
2225 4671 2398 4724 tuum,
2433 4671 2492 4717 ut
2525 4663 2853 4717 misereatur
2915 4675 2971 4718 et
3008 4661 3189 4716 salvos
3216 4659 3381 4714 faciat
3408 4673 3595 4714 servos

2024 4763 2168 4808 IUOS.

2093 4841 2200 4898 Ore
2227 4851 2280 4897 et
2331 4845 2515 4914 lingua
2556 4855 2606 4899 te
2627 4843 3031 4900 sanctissimum
3061 4841 3154 4898 Dei
3184 4841 3442 4911 templum
3465 4854 3598 4894 con-

2024 4936 2201 4998 ﬁteor,
2233 4952 2265 4990 o
2302 4947 2412 4992 tota
2454 4948 2646 4992 casta:
2683 4946 2967 5006 propterea
3019 4934 3088 4989 ab
3131 4934 3282 4989 omni
3333 4930 3598 5002 supplicio

2019 5028 2190 5081 libera
2217 5043 2323 5082 me.

2095 5121 2136 5171 0
2173 5118 2400 5172 Domina
2431 5119 2579 5172 omni
2616 5119 2774 5174 laude
2809 5119 3079 5189 superior,
3113 5127 3167 5171 tu
3212 5131 3338 5172 eum
3391 5115 3484 5185 qui
3540 5114 3593 5168 in

2025 5211 2229 5264 sanctis
2263 5210 2574 5278 requiescit,
2611 5208 2872 5263 ineffabili
2903 5209 3114 5263 ratione
3138 5206 3427 5277 peperisti;
3475 5204 3598 5258 ideo

2029 5309 2080 5356 te
2108 5302 2360 5356 laudibus
2388 5317 2734 5355 veneramur.

2103 5389 2244 5444 Olim
2271 5390 2406 5444 vidit
2433 5400 2506 5455 te,
2545 5404 2577 5442 ο
2619 5390 2830 5449 Puella,
2858 5388 3120 5459 propheta
3152 5388 3205 5442 in
3238 5385 3432 5458 spiritu
3466 5401 3598 5441 can-

2028 5481 2312 5538 delabrum
2348 5482 2686 5552 intelligihile
2716 5483 2925 5537 habens
2970 5482 3252 5536 lucernam
3308 5478 3591 5534 Christum

2031 5572 2343 5636 Dominum,
2378 5573 2772 5628 ineﬁ‘abililuce
2803 5589 2902 5629 nos
2932 5586 3124 5627 omnes
3155 5570 3596 5643 perfundenteni,

2030 5663 2124 5734 qui
2160 5671 2284 5732 te,o
2316 5664 2845 5730 immaculatissima,
2875 5664 3106 5721 ﬁdeliter
3130 5663 3486 5720 honoramus.
