3996 6592
481 357 618 428 11?.1

1626 364 1685 425 ς.
1727 360 2044 424 JOSEPHI
2083 360 2644 423 HYMNOGRAPHI

3580 365 3696 434 1128

541 471 587 530 Ο
616 472 955 538 castissima,
984 471 1121 528 oriri
1151 471 1238 530 fac
1270 474 1406 529 mihi
1437 489 1582 530 nunc
1614 475 1668 530 in
1695 476 1934 531 tenebris
1966 491 2060 530 so-

2236 477 2356 542 Φῶς
2386 495 2475 549 μοι
2501 477 2579 547 τῷ
2607 474 2870 548 κειμένῳ,
2907 474 3174 546 πάναγνε,
3198 475 3256 531 ὲν
3284 477 3527 550 ἀμελείας
3546 486 3696 542 σκότει

471 566 672 621 cordiaa
700 565 932 636 jacenti,
965 566 1167 632 lucem,
1217 583 1326 638 qua
1354 569 1624 624 dissolvas
1656 569 1853 632 nubes,
1884 584 2057 624 esca:-

469 668 657 713 cantes
710 668 946 713 mentem
1000 674 1174 712 meam
1212 699 1226 723 ,
1267 676 1331 714 ac
1400 669 1663 730 perpetuo
1728 660 2055 716 altissimam

472 749 708 820 quietem
738 766 1042 820 pacemque
1075 751 1346 806 concedas
1374 753 1572 806 animae
1611 767 1764 816 meae,
1795 761 1854 806 ut
1886 751 2058 821 glori-

473 843 636 899 ﬁcare
663 844 870 913 possim
905 852 977 907 te,
1003 858 1037 897 o
1069 844 1454 900 mundissima.

2166 571 2262 624 νῦν
2318 570 2684 635 ὲξανάτειλον,
2719 568 2790 623 τά
2854 569 3164 640 τυφλοῦντά
3212 587 3312 639 μου
3360 571 3447 626 τὸν
3475 571 3701 647 λογισμὸν

2166 662 2304 731 νέφη
2334 661 2558 726 λύουσα,
2590 663 2686 716 καὶ
2742 662 2972 734 εἰρήνην
3020 661 3266 732 βαθεῖαν,
3304 664 3606 738 Μνάμωμε,
3632 670 3703 724 ἀεὶ

2166 753 2515 827 ἐργαζομένη
2542 757 2600 808 ὲν
2628 757 2694 826 τῇ
2722 753 2866 824 ψυχῇ
2896 772 3021 824 μου,
3051 753 3146 808 τοῦ
3180 754 3416 820 δοξάζειν
3447 773 3520 814 σε.

931 959 1014 1012 E1:
1038 960 1249 1014 Canone
1289 961 1341 1014 in
1372 961 1476 1016 SS.
1499 970 1787 1031 martyres,
1832 959 2128 1027 Meletium,
2156 957 2486 1028 Stephanum
2525 966 2574 1010 et
2606 954 2888 1019 Joannem,
2921 956 3007 1010 die
3037 955 3286 1028 10(65“).

542 1045 926 1110 Venerandum
966 1057 1304 1126 virginitatis
1345 1065 1790 1121 monumentum,
1826 1065 2066 1111 montem

473 1165 597 1205 vere
618 1164 647 1202 a
668 1149 912 1219 lapicidas
945 1165 1111 1204 manu
1158 1151 1444 1217 inlaetum,
1483 1150 1718 1220 Spiritus
1749 1150 1920 1205 sancti
1943 1151 2070 1204 thu-

471 1242 737 1305 ribulum,
763 1239 856 1293 Dei
883 1251 1138 1305 matrem,
1169 1241 1607 1297 orthodoxorum
1636 1242 1890 1313 gloriam,
1932 1241 2067 1296 ﬁde-

472 1335 550 1388 les
579 1334 822 1390 universi
864 1335 1260 1392 beatilicemus.

545 1428 908 1498 Corporatum
945 1427 1122 1485 Patris
1162 1429 1399 1484 Verbum
1433 1429 1692 1486 ineffabili
1724 1431 1937 1485 ratione
1964 1445 2058 1500 ge-

472 1522 664 1587 nuisti,
695 1538 727 1576 o
752 1537 885 1591 pura
924 1520 1178 1591 Deipara,
1217 1523 1433 1577 unitum
1463 1522 1783 1578 hominibus
1836 1532 2058 1593 propter

475 1629 749 1669 summam
782 1614 1086 1668 bonitatem
1117 1629 1307 1678 suam;
1342 1615 1486 1684 quod
1537 1615 1698 1671 enixe
1725 1630 1972 1684 precare,
1999 1624 2058 1670 ut

469 1721 659 1759 servos
690 1715 815 1759 tuos
841 1721 868 1757 a
902 1705 1161 1774 periculis
1193 1706 1414 1776 eripiat.

2173 1052 2626 1115 temeratissima,
2666 1060 2719 1104 tu
2761 1066 2882 1121 qua:
2921 1050 3087 1104 vitam
3129 1051 3406 1121 peperisti,
3436 1066 3487 1108 et
3529 1058 3722 1126 passioa

2170 1163 2301 1202 num
2339 1153 2715 1215 tempestatem
2751 1145 2803 1198 in
2842 1145 3290 1214 tranquillitatem
3325 1161 3606 1214 commuta,
3635 1163 3709 1204 at-

2168 1256 2275 1311 que
2305 1249 2423 1294 esto
2455 1237 2590 1292 mihi
2619 1236 2882 1306 adiutrix,
2909 1238 2977 1292 ab
3006 1238 3171 1308 hujus
3201 1237 3324 1293 vita:
3351 1241 3594 1308 periculis
3613 1247 3706 1300 eri-

2166 1334 2322 1404 piens
2351 1349 2458 1386 me.

2238 1425 2458 1482 Peccati
2513 1429 2627 1484 luto
2680 1447 2764 1485 me
2792 1449 2942 1489 nunc
2977 1435 3208 1489 inlisum
3238 1433 3407 1502 erige,
3458 1447 3490 1486 o
3529 1430 3710 1502 Sponsa

2166 1520 2282 1588 Dei,
2322 1525 2437 1577 sola
2475 1523 2567 1578 Dei
2608 1524 2885 1592 Genitrix,
2938 1537 2993 1582 et
3031 1528 3204 1599 dirige
3239 1527 3307 1583 ad
3338 1526 3711 1596 impassibilita-

2166 1622 2296 1676 tem.
2331 1614 2543 1670 intense
2576 1616 2736 1689 124
2762 1618 3110 1684 clamantem,
3141 1631 3247 1675 etc.

2244 1705 2638 1779 Praetigurabat
2659 1719 2710 1764 te
2733 1711 2903 1766 rubus
2931 1712 3043 1779 ille,
3071 1712 3165 1783 qui
3193 1713 3323 1767 olim
3358 1711 3518 1786 Moysi
3547 1723 3713 1768 osten-

540 1795 712 1863 ches
741 1805 950 1850 natura;
991 1796 1043 1849 in
1079 1805 1130 1850 te
1161 1795 1498 1850 innovantur
1528 1815 1541 1864 ;
1575 1813 1702 1852 nam
1736 1797 1871 1869 legis
1900 1797 2061 1852 dato-
2095 1805 2137 1861 Β
2167 1815 2264 1856 sus
2301 1809 2406 1867 est,
2441 1801 2572 1856 dum
2617 1805 2857 1871 arderet,
2893 1814 2947 1861 et
2991 1821 3100 1860 non
3127 1807 3541 1861 combureretur
3567 1826 3579 1861 :
3605 1823 3713 1863 vere

470 1902 586 1943 rem
623 1902 746 1942 vere
776 1887 1054 1957 peperisti,
1089 1887 1182 1957 qui
1208 1889 1478 1944 universis
1510 1889 1634 1943 vitae
1666 1890 1814 1960 leges
1851 1890 2060 1944 consti-

472 1980 595 2045 tuit,
630 1987 685 2033 et
709 1989 1058 2049 peccatorum
1083 1989 1275 2035 contra
1299 1981 1470 2052 legem
1491 1983 1916 2037 commissorum
1953 1982 2059 2039 ﬂu-

469 2073 591 2126 vios
614 2072 900 2140 repressit,
936 2087 969 2125 o
999 2070 1167 2141 Virgo
1198 2074 1348 2128 omni
1381 2089 1446 2128 ex
1470 2084 1622 2144 parte
1652 2074 1881 2140 illibata,
1911 2091 2060 2130 mare

470 2175 654 2235 tyrnm
698 2163 895 2234 gloria,
923 2171 977 2218 et
1010 2163 1252 2220 fidelium
1295 2165 1449 2220 salus
1489 2175 1544 2220 et
1566 2166 1839 2236 gloriatio.

546 2255 951 2310 Solidissimam
1005 2257 1256 2325 gloriam,
1304 2259 1487 2328 regale
1546 2270 1912 2331 sanctumque
1962 2275 2060 2317 ve-

478 2346 746 2411 hiculum,
802 2348 1104 2401 thalamum
1155 2347 1286 2415 Dei,
1322 2360 1564 2419 pontem,
1602 2352 2060 2407 transmittentem

474 2455 665 2494 omnes
694 2442 759 2494 ad
793 2441 1189 2496 immateriales
1230 2445 1546 2498 mansiones
1569 2483 1584 2506 ,
1621 2445 2060 2517 mundicpropi-

477 2536 780 2599 tiatorinm,
813 2534 1091 2603 Virginem
1129 2533 1356 2588 Mariam
1408 2534 1663 2590 laudibus
1695 2536 2057 2592 celebremus.

545 2627 810 2681 Mortiﬁca
869 2627 1057 2681 carnis
1091 2642 1224 2682 mem
1271 2627 1620 2682 lascivientes
1651 2639 1855 2694 motus,
1893 2643 1924 2683 o
1967 2629 2055 2682 in-

476 2788 561 2843 EJ:
591 2787 802 2843 Canone
848 2789 903 2842 in
955 2788 1088 2858 [esto
1149 2788 1210 2844 S.
1243 2789 1483 2859 Acylina:
1521 2791 1797 2860 martyris,
1846 2792 1933 2844 die
1974 2791 2059 2847 15.

547 2988 650 3055 Qui
681 3004 804 3043 cum
860 2989 1021 3044 Patre
1048 2988 1304 3059 principii
1340 3001 1565 3060 experte
1597 2990 1761 3044 simul
1805 2991 2063 3061 intelligi-

2169 1891 2338 1957 enim,
2375 1906 2409 1946 ο
2446 1893 2777 1962 castissima,
2821 1895 3128 1951 divinitatis
3153 1897 3334 1966 ignem
3370 1898 3609 1968 portasti,
3636 1898 3712 1968 qui

2170 1996 2222 2042 te
2239 1987 2387 2042 nulla
2406 2003 2470 2043 ex
2489 1996 2644 2059 parte
2666 1989 2969 2045 combussit
2991 2007 3005 2056 ;
3031 1989 3120 2044 cui
3141 1989 3394 2059 cum‘ﬁde
3411 1989 3712 2046 clamamus:

2169 2077 2352 2148 Pueri,
2372 2080 2826 2146 benedicite,'etc.

2241 2173 2430 2228 Amica
2487 2173 2758 2228 bonorum
2811 2172 2999 2245 Virgo,
3043 2190 3164 2246 qua-
3202 2174 3408 2231 bonum
3461 2174 3713 2229 Dominum

2174 2279 2239 2320 ac
2284 2264 2688 2320 dominatorem
2741 2266 3034 2336 peperisti,
3087 2266 3332 2321 animam
3383 2280 3550 2320 meam
3594 2280 3716 2319 nunc

2171 2357 2521 2411 multitudine
2553 2357 2823 2411 malorum
2857 2358 3126 2422 vitiatam,
3159 2368 3419 2428 tanquam
3460 2357 3590 2412 bona
3631 2357 3710 2411 bo-

2171 2465 2296 2504 nam
2329 2448 2501 2512 eﬂice.
2533 2458 2588 2504 et
2617 2464 2647 2504 a
2700 2449 2904 2506 duritie
2927 2466 3034 2522 qua
3061 2465 3210 2506 nunc
3238 2450 3530 2511 detinetur,
3576 2449 3716 2502 libera

2166 2554 2288 2595 eam
2329 2539 2589 2610 precibus
2617 2541 2752 2610 tuis,
2785 2551 2846 2598 ut
2876 2551 2928 2599 te
2953 2543 3072 2600 sine
3099 2540 3714 2612 cessationemagnitioct.

2182 2795 2285 2850 Ἐκ
2306 2794 2414 2849 τοῦ
2445 2797 2718 2862 Κανόνος
2749 2796 2836 2861 εἰς
2868 2795 3189 2867 thrdﬂar
3201 2795 3477 2867 μάρτυρα
3514 2793 3713 2848 Ἀκυλλ-

2719 2882 2856 2933 νην,
2888 2864 3076 2936 τίμέρςὶ
3107 2866 3193 2935 ιγ’.

2254 2999 2313 3053 Ὀ
2343 3000 2423 3070 τῷ
2471 3000 2694 3071 ἀνάρχῳ
2732 3003 2906 3072 Πατρλ⁸
2953 3000 3350 3071 συννοούμενος
3413 2994 3570 3053 ὑπέδυ
3625 2996 3714 3071 μήθ

485 3091 597 3146 tur,
639 3081 925 3153 ingressus
960 3093 1044 3137 est
1079 3091 1295 3136 uterum
1325 3092 1501 3147 tuum,
1539 3098 1571 3138 o
1603 3082 1775 3138 Maria
1830 3082 1941 3138 Deo
1974 3087 2060 3140 dc-

2172 3109 2296 3162 τραν
2351 3095 2448 3164 τὴν
2507 3094 2605 3163 σὴν
2651 3092 2937 3162 ἄνθρωπος
2989 3094 3288 3164 γενόμενος
3320 3133 3336 3158 ,
3401 3093 3492 3146 καὶ
3541 3091 3715 3145 ἔσωσεν

485 3180 772 3240 sponsata,
803 3169 983 3225 factus
1017 3170 1203 3232 homo,
1241 3181 1293 3223 et
1328 3170 1557 3225 salvavit
1591 3187 1714 3238 nos,
1749 3171 1839 3243 qni
1871 3188 2069 3228 succu—

481 3263 782 3319 bueramus
830 3262 1074 3326 malitiae,
1108 3271 1163 3316 et
1197 3264 1340 3316 servi
1391 3261 1518 3317 facti
1551 3265 1829 3321 fueramus
1873 3267 2070 3322 seduc-

479 3354 630 3409 tione
673 3353 880 3408 inimici
914 3370 929 3408 :
967 3363 1130 3424 atque
1188 3353 1310 3409 ideo
1372 3364 1423 3409 te
1478 3371 1601 3410 cum
1641 3357 1746 3414 ﬁde
1781 3369 1834 3413 et
1873 3360 2067 3414 all'ectu

483 3447 875 3515 gloriﬁcamus.

555 3535 631 3590 Te
659 3553 919 3606 sponsam
955 3538 1261 3607 innuptam,
1305 3555 1616 3610 purumque
1647 3540 1925 3600 Creatoris
1979 3553 2062 3599 ta-

480 3629 858 3694 bernaculum,
901 3638 956 3684 et
977 3630 1306 3686 Cherubinis
1331 3633 1687 3700 sanctiorem,
1716 3649 1750 3688 o
1779 3646 1949 3703 casta,
1981 3653 2072 3692 co-

483 3722 795 3792 gnovimus.

555 3812 952 3868 Dormitatione
986 3812 1328 3882 negligentiae
1358 3831 1588 3872 somnus
1619 3819 1827 3887 peccati
1847 3817 2070 3888 depres-

485 3907 558 3960 sit
592 3921 676 3960 me
711 3923 724 3960 :
760 3916 816 3959 tu
849 3906 1094 3976 vigilanti
1122 3905 1518 3963 intercessione
1543 3918 1634 3963 tua
1664 3909 1940 3964 exsuscita
1985 3925 2072 3966 me

486 3998 553 4052 ad
584 3999 1002 4067 paenitentiam:

553 4091 662 4146 Nos
701 4107 895 4147 omnes
955 4107 986 4146 a
1019 4090 1376 4147 damnatione
1421 4093 1727 4162 primorum
1781 4101 2069 4164 parentum

442 4230 448 4236 .
480 4181 747 4251 redempti
785 4199 880 4253 per
908 4193 1125 4252 partum
1157 4192 1336 4250 tuum,
1361 4184 1427 4238 ad
1466 4195 1517 4238 te
1549 4184 1897 4241 clamamus:
1935 4183 2068 4249 Ave,

485 4274 660 4343 gratia
697 4275 876 4344 plena,
911 4277 1066 4330 omni
1097 4276 1259 4330 laude
1288 4277 1639 4344 dignissima.

562 4365 632 4421 Ut
669 4369 834 4422 homo
871 4368 1026 4423 ﬁeret
1082 4368 1246 4434 Deus,
1281 4369 1424 4423 Deus
1447 4373 1598 4424 visus
1631 4379 1715 4424 est
1738 4370 1804 4424 ab
1835 4371 2072 4424 homini-

2171 3186 2321 3256 ἡμᾶς
2353 3185 2522 3255 κακίᾳ
2543 3185 2952 3256 ὑποκύψαντας,
3002 3188 3101 3241 καὶ
3147 3186 3331 3257 πλάνῃ
3393 3183 3718 3246 δουλωθέντας

2171 3278 2266 3332 τοῦ
2297 3278 2516 3349 ἐχθροῦ,
2547 3279 2736 3350 Μαρία
2783 3278 3168 3350 Θεονύμφευτε
3201 3297 3216 3314 ο
3256 3279 3352 3334 διά
3388 3277 3540 3333 τοῦτο
3567 3279 3717 3332 πίστει

2175 3387 2234 3424 σε
2260 3373 2354 3426 καὶ
2378 3372 2528 3443 πόθῳ
2567 3372 2968 3444 μακαρίζομεν.

2243 3553 2483 3624 Νύμφην
2513 3569 2571 3606 σε
2606 3553 2974 3623 ἀνύμφευτον,
2999 3551 3092 3605 καὶ
3119 3549 3389 3618 καθαρὸν,
3424 3549 3577 3618 ἀγνὴ,
3607 3546 3716 3616 σκή-

2173 3665 2332 3718 νωμα
2381 3647 2478 3701 τοῦ
2510 3645 2744 3717 Ποιητοῦ
2797 3645 2893 3700 καὶ
2948 3643 3254 3716 ἀγιωτέραν
3312 3641 3586 3714 Χερουϐὶμ
3619 3642 3716 3694 ἑπι-

2175 3739 2444 3808 στάμεθα.

2243 3825 2560 3898 Νυσταγμῷ
2588 3825 2850 3898 ἀμελείας
2899 3843 2967 3897 με
2999 3825 3164 3892 ὕπνος
3225 3822 3526 3897 ἁμαρτίας,
3570 3819 3716 3887 Κόρη,

2175 3920 2463 3984 κατέλαϐε,
2488 3921 2555 3990 τῇ
2582 3918 2848 3990 ἀγρύπνῳ
2894 3917 3074 3990 ίκεσίᾳ
3133 3933 3228 3971 σου
3279 3912 3626 3983 διανάστησόν
3663 3924 3717 3979 με

2175 4011 2316 4083 πρὸς
2349 4009 2662 4079 μετάνοιαν.
3001 4069 3004 4072 λ

2247 4102 2662 4172 Λελυτρωμένοι
2697 4102 2899 4164 πάντες
2960 4099 3300 4172 προγονικῆς
3331 4097 3620 4165 καταδίκης
3653 4090 3718 4161 τῷ

2173 4195 2318 4264 τόκῳ
2355 4209 2472 4258 σου,
2495 4191 2690 4262 Χαῖρε,
2718 4189 2803 4244 σοὶ
2841 4190 3298 4263 προσφωνοῦμεν,
3339 4185 3719 4262 κεχαριτωμένη

2175 4287 2515 4357 πανύμνητε.

2251 4380 2365 4434 Ἵνα
2395 4379 2528 4443 Θεὸς
2573 4380 2603 4434 ὁ
2630 4376 2920 4448 ἄνθρωπος
2952 4378 3204 4448 γένηται,
3266 4375 3403 4440 Θεδς
3435 4373 3610 4447 ὠράθη
3646 4371 3720 4427 ἀν-

485 4462 610 4522 bus,
641 4471 802 4514 natus
845 4476 914 4515 ex
956 4462 1264 4516 visceribus
1306 4462 1434 4525 tuis,
1471 4478 1503 4514 o
1556 4459 1744 4532 Virgo,
1775 4462 2064 4530 inexplica-

2181 4469 2440 4540 θρώποις,
2463 4468 2730 4540 Παρθένε,
2748 4472 2813 4522 ἐκ
2827 4467 2937 4521 σῶν
2970 4467 3216 4536 λαγόνων
3233 4464 3639 4538 ἀνερμηνεύτως
3656 4477 3720 4514 τε·

487 4553 585 4606 bili
620 4553 852 4616 ratione,
879 4565 931 4608 et
962 4569 1294 4623 permanens
1321 4553 1377 4608 id
1405 4555 1552 4624 quod
1579 4565 1697 4609 erat
1723 4554 1930 4624 absque
1965 4553 2072 4607 ulla

486 4647 808 4698 mutatione.

559 4737 845 4803 Peperisti,
874 4751 907 4790 ο
957 4733 1145 4807 Virgo.
1177 4751 1300 4791 eum
1332 4735 1424 4806 qui
1465 4751 1566 4790 nos
1617 4737 1684 4791 ab
1740 4739 1889 4793 omni
1943 4755 2072 4795 cor-

488 4831 742 4899 ruptione
793 4829 1050 4894 redemit,
1092 4837 1379 4900 propterea
1428 4830 1671 4885 universi
1701 4838 1754 4884 te
1799 4831 2071 4901 gloriﬁca-

490 4939 631 4977 Inus.

553 5017 746 5087 Angeli
784 5032 918 5072 voce
944 5016 1009 5070 ad
1035 5026 1106 5082 te,
1135 5014 1516 5080 ocastissima,
1547 5015 1852 5070 clamamus
1885 5034 1897 5070 :
1930 5018 2064 5081 Ave,

485 5125 518 5162 o
549 5111 792 5165 omnium
827 5111 1111 5165 homirnam
1149 5109 1404 5170 salvatio,
1437 5117 1492 5161 et
1542 5107 2064 5178 gloriosissimorum

489 5213 790 5275 martyrum
836 5220 1040 5260 corona
1063 5204 1244 5258 divina

492 5340 649 5410 125
681 5341 764 5396 Ex
795 5340 1009 5397 Canone
1040 5342 1090 5395 in
1117 5341 1248 5463 {cato
1370 5339 1628 5411 Tycltonis
1680 5339 2064 5407 thaumaturgi,

1210 5429 1253 5464 te
1352 5450 1366 5464 .

1210 5429 1253 5466 ιε
1281 5429 1366 5465 ἰοο

559 5526 794 5583 Erexisti
827 5543 947 5594 nos,
969 5542 1002 5582 ο
1027 5538 1200 5590 caSta,
1237 5525 1329 5596 qui
1365 5524 1417 5579 in
1481 5521 1801 5597 perditionis
1837 5520 2060 5593 profun-

491 5622 619 5677 dum
652 5623 876 5694 collapsi
905 5637 1148 5688 eramus,
1175 5637 1300 5676 cum
1342 5620 1619 5677 Christum
1650 5635 1715 5675 ex
1749 5617 2071 5701 immacula-

564 5813 722 5884 (63“)
759 5812 918 5870 Deest
942 5812 996 5869 in
1023 5812 1238 5869 Menaeis
1269 5811 1572 5883 impressis.

2179 4564 2351 4634 χθεὶς,
2386 4563 2480 4617 καὶ
2517 4562 2654 4633 ὅπερ
2681 4557 2750 4634 ἦν
2781 4560 2967 4633 μείνας
2991 4557 3370 4624 ἀναλλοίωτος.

2247 4742 2350 4794 Τὸν
2377 4741 2728 4808 καταφθορᾶς
2757 4740 2905 4810 ἡμᾶς
2938 4738 3119 4808 πάσης
3148 4735 3617 4807 ἀπολυτρούμενον
3647 4730 3720 4784 τί·

2173 4850 2358 4896 τοκας·
2379 4833 2467 4888 διὰ
2492 4831 2649 4886 τοῦτό
2684 4849 2742 4884 σε
2781 4832 3002 4897 πάντες,
3034 4831 3304 4901 Παρθένε,
3330 4826 3634 4898 δοξάζομεν.

2244 5016 2432 5085 Φωνήν
2461 5031 2545 5067 σοι
2573 5014 2668 5068 τοῦ
2703 5013 2958 5082 ἀγγέλου,
2989 5012 3254 5080 πάναγνε,
3289 5011 3526 5082 βοῶμεν·
3552 5008 3736 5076 Χαῖρεῆ

2174 5106 2479 5177 ἀνθρώπων
2504 5108 2759 5162 ἁπάντων
2781 5107 3088 5177 διάσωσμα,
3119 5106 3214 5160 καὶ
3247 5101 3582 5167 πανινδόξων
3603 5111 3718 5171 μαρ-

2172 5199 2352 5270 τύρων
2391 5200 2533 5252 θεῖον
2566 5201 2915 5270 στεφάνωμα.

2186 5335 2280 5389 Ἐκ
2305 5335 2412 5389 τοῦ
2427 5337 2694 5401 Κανόνος
2732 5339 2818 5402 εἰς
2844 5336 2953 5390 τὸν
2988 5336 3159 5406 ἅγιον
3188 5333 3280 5406 καί
3300 5323 3720 5402 θαυματουργδν

2675 5409 2939 5475 Τύχωνα,
2973 5402 3166 5476 ἡμέρᾳ
3193 5402 3289 5468 ις’.

2260 5521 2618 5594 Ἀνώρθωσας
2654 5524 2801 5594 ἡμᾶς
2823 5522 3096 5587 ἀπωλείας
3123 5522 3202 5584 είς
3223 5520 3362 5590 βάθη
3396 5511 3720 5572 πεπτωκότας

2187 5617 2280 5670 τὸν
2310 5617 2354 5670 Χ
2363 5616 2547 5688 ριστδν
2576 5618 2852 5688 κυήσασα,
2879 5615 3040 5688 ἁγνὴ,
3068 5615 3129 5682 ἐξ
3170 5614 3457 5688 ἀχράντων
3507 5605 3718 5675 λαγόνων
