3996 6600
292 461 426 529 Ῑῐὲθ

1729 468 2089 529 MARIALE.

3404 467 3540 526 1130

289 593 405 632 σου.
438 578 639 632 Τοῦτον
674 576 769 636 οὖν
799 583 876 646 ὡς
911 585 1224 658 παρρησίαν
1281 579 1594 652 κεκτημένη
1655 580 1862 634 ἱκέτευε

1998 581 2035 632 is
2054 577 2352 633 visceribus
2384 579 2492 631 tuis
2517 577 2810 647 peperisti:
2871 580 3049 646 ipsum
3105 594 3236 650 ergo
3280 563 3538 650 tanquam

289 669 632 741 λυτρωθῆναι
656 671 917 728 κινδύνων
945 679 1071 740 τοὺς
1109 675 1331 738 δούλους
1359 692 1474 727 σου.

362 851 466 904 Τὸν
518 852 618 924 τῆς
671 853 901 925 Τριάδος
954 854 1278 926 ἀπεκύησας
1329 854 1450 919 ἕνα,
1505 851 1818 924 πανάμωμε
1848 891 1864 917 ,

293 941 702 998 ἀναπλάττοντα
729 948 878 1017 ἡμᾶς
909 948 1034 1012 τοὺς
1070 965 1197 1001 συντ
1211 946 1462 1021 ριδέντας
1492 947 1555 999 τδ
1597 945 1867 1017 πρότερον

294 1037 463 1107 κακίᾳ
483 1037 579 1090 τοῦ
609 1038 786 1107 ὄφεως
821 1037 916 1092 τοῦ
947 1040 1344 1112 πολεμήτορος.

376 1126 648 1202 Ῥᾳθυμίᾳ
706 1134 1061 1202 συσχεθέντα,
1125 1133 1220 1186 καὶ
1276 1130 1467 1186 παθῶν
1523 1129 1866 1200 ἀμαυρότητι

291 1219 412 1275 ὅλον
445 1221 817 1290 σκωισθέντα,
856 1226 950 1280 καὶ
981 1229 1046 1298 τῇ
1082 1224 1324 1297 ἁμαρτίᾳ
1361 1224 1748 1287 δουλεύσαντα,
1775 1223 1868 1277 τὸν

291 1311 677 1384 ἀναμάρτητον
708 1317 884 1386 Λόγον
934 1315 968 1388 ὴ
1024 1320 1302 1388 κυήσασα,
1334 1316 1742 1387 φωταγώγησον
1773 1315 1868 1370 καὶ

293 1405 428 1476 πρὸς
459 1404 603 1476 ζωὴν
625 1409 1062 1481 χειραγώγησον.

374 1495 640 1570 Ῥυομὲνη
676 1501 877 1572 φάνηθι
920 1500 1129 1573 ἐχθρῶν
1166 1501 1465 1574 ἐπαγωγῆς
1512 1501 1610 1556 καὶ
1659 1500 1868 1573 Βαρϐά-

292 1603 404 1656 ρων
457 1589 760 1662 ἐπιδρομῆς
813 1594 941 1656 coit;
1000 1593 1126 1658 σοὺς
1159 1594 1402 1661 δούλους,
1455 1594 1712 1667 ἄχραντε,
1741 1595 1869 1656 τοὺς

292 1681 664 1751 κεκτημένους
704 1699 764 1737 σε
793 1687 1058 1756 κραταιὰν
1091 1686 1402 1758 ἀντίληψιν,
1429 1688 1530 1739 καὶ⁸
1561 1685 1866 1759 πρεσϐείαν

291 1771 753 1843 ἀκαταίσχυντον.

374 1863 532 1933 Ἀγία
564 1867 824 1938 Παρθένε,
857 1869 954 1940 τὴν
970 1868 1148 1940 ψυχήν
1180 1885 1285 1940 μου
1312 1869 1380 1940 ἢν
1407 1870 1434 1922 ὁ
1464 1868 1655 1940 ἐχθρὸς
1676 1867 1867 1933 δολίως

1971 675 2192 728 liberam
2227 672 2428 726 habens
2463 671 2846 728 conlidentiam
2881 671 3196 743 deprecare,
3223 683 3280 727 ιιι
3327 691 3354 728 a
3396 678 3541 745 peri-

1967 765 2104 818 culis
2136 765 2325 818 liberet
2348 777 2536 817 servos
2577 773 2722 817 tuos.

2042 856 2215 912 Unum
2245 857 2530 911 Trinitatis
2549 857 2870 926 peperisti,o
2901 858 3314 930 purissiina,qui
3333 876 3432 916 nos
3451 877 3548 916 an-

1968 957 2055 1002 tea
2092 947 2296 1004 malitia
2331 949 2600 1017 serpentis
2619 949 2894 1006 bellatoris
2929 953 3212 1019 eontritos,
3266 967 3547 1012 restaura-

1967 1041 2064 1094 vit.

2041 1132 2124 1188 Me
2145 1134 2470 1204 negligentia
2505 1147 2853 1206 occupatum,
2901 1147 2953 1194 et
3004 1142 3316 1210 passionum
3363 1145 3548 1216 nigre-

1968 1223 2094 1279 dine
2126 1234 2299 1279 totum
2345 1226 2785 1291 obtenebratum,
2814 1240 3148 1303 peccatoque
3189 1236 3544 1301 servientem,

1970 1323 2026 1369 ιιι
2053 1330 2175 1385 quae
2196 1313 2434 1373 Verbum
2465 1317 2812 1387 impeceabile
2864 1324 3146 1392 peperisti,
3194 1326 3465 1395 illumina,
3495 1343 3552 1386 et

1969 1404 2242 1458 manuduc
2273 1405 2339 1458 ad
2367 1405 2554 1462 vitam.

2041 1493 2276 1563 Appare,
2308 1512 2340 1550 o
2366 1496 2735 1564 immaculata,
2769 1509 2822 1556 et
2871 1504 2940 1559 ab
2963 1507 3201 1564 hostium
3246 1510 3550 1580 iuvasione,

1969 1583 2116 1638 etab
2147 1585 2366 1640 incursu
2390 1586 2756 1646 Barbarorum
2789 1592 2954 1648 libera
3011 1611 3198 1654 servius
3246 1607 3392 1664 tuos,
3458 1603 3552 1672 qui

1971 1675 2172 1730 habent
2203 1685 2252 1731 te
2284 1677 2478 1734 fortem
2507 1681 2906 1750 defensionem,
2961 1695 3017 1742 et
3077 1688 3550 1761 intercessionem,

1969 1783 2092 1838 quae
2124 1786 2229 1824 non
2263 1771 2635 1830 confunditur.

2041 1865 2150 1918 Oro
2178 1864 2423 1937 te,Virgo
2441 1879 2651 1937 sancta,
2671 1870 2868 1926 bonam
2899 1873 3064 1930 redde
3083 1877 3320 1932 animam
3354 1895 3554 1946 meam,

290 1957 669 2012 κατεσπίλωσε
693 1963 760 2031 τῇ
794 1960 1060 2032 ἁμαρτίᾳ,
1097 1961 1171 2024 ὡς
1195 1960 1395 2032 ἀγαθὴ,
1429 1961 1686 2028 δυσωπῶ,
1732 1961 1867 2030 ἀγά-

1998 1971 2135 2025 ιιιοιιι
2163 1958 2334 2043 hostis
2359 1960 2548 2017 dolose
2581 1975 2800 2032 peccato
2841 1966 3165 2036 inquinavit,
3213 1981 3268 2026 tu
3316 1988 3556 2045 namque

293 2047 453 2103 θυνον
486 2050 584 2104 καὶ
621 2052 760 2119 φωτί
790 2069 884 2105 σου
920 2052 1411 2124 καταλάμπρυνον.

362 2142 590 2196 Πάντων
619 2142 806 2217 ὤφθης
855 2146 1188 2216 ἀσωμάτων,
1225 2141 1314 2200 οἷα
1340 2147 1542 2220 Μήτηρ
1570 2146 1664 2202 τοῦ
1709 2147 1872 2216 Θεοῦ,

291 2230 460 2296 ὅντως
484 2232 846 2304 ὑπερέχουσα,
879 2236 938 2290 ὃν
961 2235 1374 2304 ὲκδυσωποῦσα,
1403 2236 1672 2308 Παρθένε,
1701 2237 1874 2309 ὑπέρο

289 2326 448 2398 τερὸν
489 2343 591 2397 μου
617 2328 790 2395 δεῖξον
815 2330 906 2382 τὸν
935 2328 1198 2399 λογισμὸν
1223 2329 1508 2401 σαρκικῶν
1536 2329 1768 2401 ἡδονῶν.

371 2513 562 2584 Ἰερεῖς
592 2517 683 2568 καὶ
713 2515 840 2578 λαὸς
861 2514 1170 2586 εὐφημοῦσι
1188 2529 1270 2579 σε,
1301 2512 1704 2586 παντευλόγητε
1735 2513 1872 2586 κόρη

294 2607 626 2678 πανάμωμε,
656 2605 756 2679 τὴν
807 2607 1079 2677 εὐλογίαις
1135 2607 1387 2671 ἅπαντας
1421 2605 1872 2674 στεφανώσασαν,

296 2696 480 2752 πίστει
525 2697 910 2769 μελῳδοῦντες
935 2699 1239 2768 Εὑλογεῖτε,
1265 2700 1485 2769 ὑμνεῖτε
1507 2697 1601 2753 τὸν
1641 2698 1868 2769 Κύριον.

295 2899 305 2920 ο
365 2888 548 2952 amb;
578 2887 946 2958 οἰκητήριονὴ
984 2886 1073 2957 σὴ,
1111 2887 1444 2957 πανάμωμε.
1477 2885 1720 2954 παναγία
1742 2885 1872 2958 ιμή-

295 2999 400 3053 τρα
465 2981 712 3050 γέγονεν,
751 2974 796 3048 ᾧ
831 2979 1190 3049 φωτιζόμενοι
1238 2979 1334 3032 τοῦ
1387 2979 1613 3042 σκότους
1650 2979 1868 3049 λυτρούο

300 3073 441 3145 μεθα
481 3072 586 3144 τῆς
636 3072 846 3143 πλάνης
891 3072 1189 3143 ὑμνοῦντες
1239 3088 1321 3135 σε,
1348 3070 1440 3124 καὶ
1491 3070 1642 3141 πόθῳ
1680 3069 1874 3141 ἀληθεῖ

299 3165 716 3237 μακαρίζοντες,
738 3165 872 3238 μόνη
904 3165 1204 3238 ἀνθρώπων
1231 3165 1621 3236 ἐπανόρθωσις.

1973 2048 2114 2104 bona
2145 2063 2225 2116 es,
2250 2057 2304 2105 et
2335 2051 2546 2108 illustra
2578 2071 2696 2109 eam
2725 2055 2930 2114 lumine
2954 2066 3071 2115 tuo.

2043 2140 2310 2200 Omnibus
2348 2146 3001 2218 spiritibusincorporeis
3065 2155 3316 2223 superior
3386 2174 3556 2228 appa-

1974 2235 2158 2299 ruisti,
2200 2248 2382 2306 utpote
2420 2253 2546 2294 vere
2579 2241 2754 2294 Mater
2786 2241 2917 2297 Dei:
2965 2261 3124 2323 quem
3176 2249 3405 2318 supplex
3459 2254 3555 2305 de-

1976 2342 2226 2398 precans,
2263 2346 2296 2386 ο
2331 2329 2513 2402 Virgo,
2549 2331 2633 2388 l‘ac
2662 2346 2896 2390 mentem
2970 2351 3146 2394 meam
3213 2345 3552 2412 superiorem

1988 2424 2300 2480 carnalibus
2333 2424 2724 2496 voluptatibus.

2050 2515 2374 2573 Sacerdotes
2421 2529 2474 2575 et
2508 2522 2739 2590 populus
2781 2524 3167 2581 concelebrant
3198 2537 3268 2592 te,
3294 2543 3326 2583 o
3383 2531 3558 2600 puella

1977 2609 2129 2665 omni
2164 2609 2541 2667 benedictione
2564 2613 2744 2682 plena,
2777 2624 2830 2670 et
2861 2631 3027 2671 vacua
3052 2617 3120 2674 ab
3145 2620 3295 2675 omni
3324 2625 3558 2683 macula.

1980 2715 2102 2771 quae
2121 2701 2592 2760 benedictionibus
2609 2707 2886 2762 eoronasti
2910 2723 3120 2776 omnes,
3147 2727 3273 2766 cum
3300 2715 3400 2768 lida
3423 2729 3558 2771 enti-

1979 2794 2245 2860 cinentes,
2278 2793 2586 2852 Benedicite
2609 2807 2662 2853 et
2690 2797 2905 2856 laudate
2935 2800 3252 2860 Dominum.

2053 2886 2217 2944 Lucis
2245 2890 2618 2945 habitaculum
2657 2892 2833 2949 lactus
2853 2905 2935 2950 est
2953 2899 3343 2953 sanctissimus
3371 2913 3558 2953 uter-n.-

1981 2986 2129 3045 tuus,
2159 2996 2429 3037 osumme
2476 2984 2824 3040 immaculata
2851 2986 2999 3059 (64);
3033 3005 3138 3060 qua
3189 2991 3479 3047 illuminati
3531 3011 3559 3047 a

1978 3072 2218 3130 tenebris
2247 3076 2454 3130 erroris
2509 3077 2808 3133 liberamur
2875 3081 3162 3139 laudantes
3217 3093 3268 3140 te
3322 3099 3559 3157 veroque

1979 3164 2176 3221 aﬂ‘ectu
2213 3165 2607 3236 beatiticantes,
2646 3186 2680 3226 ο
2731 3171 2848 3229 sola
2891 3174 3176 3230 hominum
3213 3181 3558 3236 restauratio.

962 3325 1122 3399 126
1156 3322 1240 3380 Ea:
1269 3323 1481 3380 Canone
1515 3324 1571 3376 in
1599 3322 1657 3378 S.
1692 3319 2052 3379 Fortunatam
2087 3337 2396 3398 martyrem,
2450 3329 2535 3382 die
2568 3330 2636 3385 19
2676 3330 2833 3403 (64⁸).

369 3469 566 3525 Oriens
627 3466 874 3534 fuistitu,
935 3452 1524 3526 oimmaculatiSsima,
1573 3463 1626 3518 in
1678 3469 1946 3530 occasuC
2050 3467 2188 3523 Cum
2225 3477 2475 3526 mortuus
2501 3469 2890 3526 luissetAdam
2921 3473 2991 3527 ob
3032 3477 3280 3546 praecepti
3319 3491 3348 3530 a
3400 3476 3556 3532 εγω.

299 3577 513 3620 naturae
537 3570 759 3625 nostrae,
795 3571 1016 3631 propter
1043 3560 1428 3628 benignitatem
1457 3556 1599 3612 Solis
1623 3556 1874 3627 justitiae,

297 3657 393 3728 qui
426 3654 699 3726 apparuit.

368 3747 634 3819 Gignens,
671 3761 704 3800 ο
741 3744 925 3814 Virgo,
949 3745 1099 3798 illunt
1133 3743 1226 3814 qui
1257 3751 1341 3797 est
1370 3744 1521 3796 Patri
1551 3752 1876 3809 coaeternus,

297 3841 620 3898 hominibus
661 3839 896 3894 similem
932 3837 1136 3892 factum
1175 3854 1189 3890 :
1226 3836 1461 3906 genuisti
1525 3837 1688 3889 etiam
1743 3850 1879 3904 apo-

299 3933 568 3990 stolorum
601 3941 1004 3991 ornamentum.
1037 3939 1092 3984 et
1119 3940 1423 3998 martyrum
1453 3943 1734 3982 coronam.

372 4028 476 4082 Per
499 4035 553 4081 te
585 4027 742 4081 nobis
771 4024 966 4088 illuxit,
1004 4040 1036 4076 o
1084 4023 1309 4090 Deipara
1346 4020 1541 4089 puella,
1586 4022 1679 4075 Sol
1725 4020 1877 4076 inoc-

300 4121 524 4186 ciduus,
558 4119 874 4175 sedentibus
899 4117 951 4171 in
976 4115 1164 4170 umbra
1197 4115 1412 4168 mortis.

374 4214 623 4283 Corpore
673 4211 896 4266 indutus
988 4207 1239 4277 apparuit
1271 4221 1336 4259 ex
1400 4213 1473 4267 te,
1528 4219 1562 4258 o
1598 4205 1877 4270 inviolata,

301 4307 451 4362 Deus
482 4305 576 4376 qui
607 4321 638 4359 a
671 4319 836 4358 carne
875 4313 993 4356 erat
1044 4299 1327 4360 immunis,
1349 4309 1408 4352 ιιι
1464 4300 1719 4368 passione
1779 4315 1881 4355 sua

301 4416 332 4458 a
361 4399 682 4453 carnalibus
726 4395 1078 4470 passionibus
1115 4393 1370 4445 liberaret
1421 4406 1633 4456 omnes,
1689 4392 1784 4463 qui
1832 4403 1883 4448 te

302 4509 429 4549 cum
461 4494 563 4548 lide
582 4493 803 4548 assidue
844 4491 1054 4544 beatam
1093 4485 1384 4554 appellant.

377 4587 608 4656 Rumpe.
655 4601 687 4639 ο
736 4583 900 4655 Virgo
951 4580 1149 4652 puella,
1232 4587 1453 4632 catenas
1532 4588 1881 4648 peccatorum

304 4691 576 4736 raeorum,
602 4675 1070 4729 etilluminatione
1097 4680 1185 4723 tua
1243 4667 1584 4723 tenebrosam
1647 4682 1880 4726 mentem

303 4781 486 4822 meam
513 4768 748 4830 illustra,
779 4784 812 4821 ο
838 4769 988 4823 salus
1019 4765 1281 4822 ﬁdelium.

1982 3573 2099 3618 tore
2151 3563 2392 3632 impositi
2428 3565 2946 3636 transgressionem,
2980 3568 3046 3621 ad
3079 3567 3244 3623 vitam
3270 3570 3558 3625 verissime

1984 3665 2267 3711 revocatus
2300 3655 2401 3710 fuit
2433 3657 2741 3712 viviticante
2792 3668 2947 3727 partu
2993 3669 3107 3725 tuo,
3169 3670 3223 3714 et
3277 3661 3560 3730 pristinam

1981 3749 2217 3816 paradisi
2255 3749 2647 3804 habitationem
2697 3751 2924 3820 re0epit,
2987 3752 3265 3821 psallens:
3324 3753 3560 3808 OBene-

1986 3840 2152 3906 dicta,
2182 3857 2307 3912 qua)
2345 3842 2512 3896 Deum
2545 3844 2597 3896 in
2631 3857 2795 3898 carne
2813 3845 3070 3912 genuisti.

2053 3934 2288 3989 Puerum
2317 3951 2512 3987 novum
2545 3936 2702 3989 nobis
2749 3951 2872 3988 vere
2919 3937 3172 4005 peperisti
3225 3938 3277 3991 in
3329 3947 3492 4006 terra,
3529 3957 3560 3994 ο

1983 4038 2141 4093 pura,
2174 4023 2267 4092 qui
2309 4031 2438 4076 ante
2516 4023 2701 4077 omnia
2763 4025 2958 4076 εειξισιιιιι
3011 4027 3081 4079 ab
3145 4036 3351 4080 retento
3407 4027 3560 4083 l'atre

1984 4115 2333 4169 ineﬂ'abiliter
2358 4116 2576 4184 genitus
2635 4116 2759 4180 fuit,
2817 4133 2849 4169 ο
2888 4117 3177 4187 inviolata;
3209 4129 3262 4174 ct
3294 4135 3393 4176 nos
3442 4137 3558 4177 cor-

1986 4211 2234 4278 ruptione
2285 4209 2639 4272 inveteratos,
2676 4211 2740 4262 ad
2782 4210 3076 4266 novitatem
3106 4215 3400 4268 revocavit.

2054 4300 2208 4353 Illum
2250 4299 2378 4364 fers,
2405 4301 2497 4367 qui
2525 4300 2632 4354 [ert
2649 4301 2833 4355 omnia
2859 4302 3042 4356 divina
3077 4305 3320 4373 potentia
3355 4317 3558 4372 sua;et

1987 4392 2163 4447 nutris
2187 4393 2256 4446 ab
2279 4392 2541 4447 uberibus
2569 4392 2696 4455 tuis,
2735 4411 2768 4446 ι)
2799 4394 3134 4461 caSIissima,
3155 4397 3305 4450 illum
3339 4399 3433 4468 qui
3464 4415 3558 4453 nu-

1987 4483 2081 4536 trit
2119 4497 2280 4537 omne
2300 4485 2350 4536 in
2384 4494 2596 4552 quuest
2631 4485 2862 4554 spiritus
2884 4487 3030 4542 vitae.
3057 4487 3376 4544 Miraculum
3409 4501 3561 4544 tuum

1987 4581 2135 4630 omni
2156 4579 2505 4646 cogitatione
2530 4580 2782 4647 superius
2814 4582 3034 4650 angelos
3052 4591 3277 4652 stupore
3325 4584 3558 4652 percellit

1987 4680 2150 4741 atque
2182 4671 2451 4733 homines.
2481 4675 2571 4741 qui
2605 4682 2654 4726 te
2678 4675 2952 4742 perpetuis
2977 4674 3230 4732 laudibus
3255 4677 3558 4740 celebrant,

1987 4773 2187 4816 etcum
2225 4760 2418 4818 alfectu
2488 4767 2700 4819 beatam
2727 4765 3020 4834 appellant.

312 4951 412 5005 Ἐκ
433 4950 536 5005 τοῦ
553 4951 821 5017 Κανόνος
849 4953 936 5018 εις
952 4952 1058 5004 τὸν
1087 4951 1260 5022 ἅγιον
1283 4951 1635 5007 ἀπόστολον
1665 4949 1876 5015 Ἰούδα,

1998 4950 2149 5022 127
2182 4949 2266 5004 Ea:
2288 4950 2500 5005 Canonc
2536 4950 2592 5002 in
2624 4949 2758 5018 festo
2781 4947 2839 5004 S.
2863 4948 3021 5004 Judaz
3057 4948 3299 5018 apostoli,
3333 4949 3418 5004 die
3473 4949 3559 5005 l9.

936 5023 1125 5092 ᾑμέρᾳ
1166 5021 1251 5078 ιϐ’.

377 5156 568 5220 Πίστις
603 5155 842 5226 ἡγείσθω
871 5157 1004 5226 μόνη
1042 5157 1136 5209 καὶ
1171 5155 1246 5225 μὴ
1285 5154 1561 5220 ἀπόδειξις
1602 5151 1713 5206 τῶν
1743 5151 1882 5222 ὑπὲρ

298 5251 430 5306 νοῦν
471 5249 788 5320 θαυμάτων,
827 5249 1216 5318 Θεογεννῆτορ,
1241 5249 1504 5316 πάναγνε,
1539 5245 1632 5298 τὸν
1674 5247 1883 5298 ἀκατά-

381 5431 496 5496 (64)
538 5431 604 5484 Ει
648 5430 924 5500 quomodo
967 5427 1028 5482 Β.
1067 5427 1228 5498 Virgo
1255 5443 1372 5500 non
1409 5430 1585 5484 solum
1615 5429 1884 5500 immacu-

298 5503 433 5563 lata,
469 5503 562 5557 sed
599 5498 811 5555 suinmc
842 5501 1216 5562 innnaeulata,
1252 5505 1296 5554 si
1326 5498 1448 5564 ejus
1478 5502 1641 5554 etiam
1680 5515 1784 5552 non
1813 5499 1886 5553 sit

283 5573 659 5628 immaculata
689 5570 1014 5638 conceptio?
1039 5569 1209 5623 Porro
1237 5570 1329 5638 qui
1361 5569 1639 5642 Virginem
1689 5571 1885 5642 imma-

298 5647 544 5698 culatam
580 5642 838 5712 appellari
866 5642 1090 5710 dignum
1118 5641 1456 5712 existimant,
1476 5641 1593 5694 non
1628 5655 1755 5694 vero
1782 5641 1887 5692 im-

303 5715 636 5768 maculalam
683 5713 1119 5780 conceptionem.
1168 5711 1400 5780 fructum
1445 5711 1688 5772 laudant,
1717 5719 1770 5763 et
1799 5725 1888 5763 ar-

303 5785 499 5838 borem
558 5783 820 5837 radicitus
857 5779 1210 5836 exscindunt.
1265 5779 1321 5834 Si
1375 5797 1500 5834 vero
1539 5781 1888 5834 immaculata

304 5854 601 5922 conceptio
631 5867 852 5922 semper
873 5852 1170 5914 diceretur,
1201 5862 1254 5906 et
1295 5866 1400 5905 non
1432 5853 1596 5906 etiam
1630 5851 1886 5920 frequen-

306 5935 396 5980 ter
424 5920 776 5978 immaculata
809 5920 994 5989 Virgo,
1033 5933 1245 5976 servata
1283 5923 1478 5976 arbore
1508 5922 1717 5976 fruetus
1749 5921 1886 5973 invio

638 6023 910 6080 l'A'l'ROL.
947 6018 1060 6076 (in.
1103 6017 1222 6078 CV.

2059 5150 2219 5205 Fides
2249 5151 2388 5215 sola,
2423 5161 2475 5204 et
2511 5167 2616 5204 non
2641 5150 3036 5204 demonstratio
3077 5149 3148 5204 sit
3168 5149 3277 5204 dux
3302 5149 3368 5204 ad
3394 5150 3558 5203 mira-

1983 5248 2101 5300 cnla
2137 5256 2224 5298 tua
2253 5261 2373 5313 qtnc
2407 5254 2534 5297 sunt
2591 5259 2760 5316 supra
2817 5259 3037 5298 omnem
3087 5253 3348 5307 mentem,
3391 5257 3426 5298 0
3473 5257 3558 5298 ca-

1990 5426 2246 5479 deretur:
2277 5439 2400 5478 nam
2453 5441 2515 5477 ex
2553 5423 2735 5477 radice
2779 5422 3142 5478 immaculatae
3185 5423 3559 5494 conceptionis

1993 5497 2291 5566 pretiosum
2365 5496 2510 5548 hune
2565 5494 2789 5566 honoris
2856 5511 2920 5566 ac
2970 5494 3270 5566 honestatis
3322 5493 3558 5548 fructum

1999 5563 2158 5634 Virgo
2201 5567 2488 5633 decerpsit.
2525 5573 2582 5616 ιιι
2632 5563 3006 5629 lnnnaculata,
3045 5563 3156 5617 imo
3189 5579 3403 5618 summe
3459 5566 3558 5618 im-

1992 5637 2287 5698 maculata.
2322 5646 2483 5704 atque
2523 5636 3028 5690 immaculatissima
3058 5636 3319 5703 appellari
3353 5649 3558 5689 merea-

1995 5719 2101 5760 tur.
2152 5704 2288 5760 Viilc
2333 5705 2834 5760 Artuatnetttarium
2883 5705 3236 5771 Seraplticum
3271 5721 3370 5774 pro
3405 5705 3558 5761 titulo

1994 5778 2382 5846 Conceptinnis
2419 5777 2786 5830 Immaculata:
2821 5791 2944 5844 pag.
2982 5776 3103 5831 l56.

2065 5849 2199 5920 (Μ’)
2231 5847 2579 5904 Desitleratur
2610 5847 2663 5902 in
2692 5846 2908 5902 Menaeis
2938 5847 3238 5916 impressis.

3173 6003 3245 6067 36
