3996 6594
270 418 401 483 1133

1714 413 2078 474 MARIALE.

3367 426 3503 485 1134

263 534 440 604 ψυχήν
471 548 575 604 μου
601 530 891 603 ἀγάθυνον,
924 531 960 602 ἡ
984 531 1079 585 τὸν
1112 527 1428 599 πανάγαθον
1458 527 1628 595 Λόγον
1664 530 1823 598 σαρκὶ

1940 545 2107 584 meam
2136 530 2340 599 peccati
2370 528 2569 582 malitia
2594 528 2968 597 depravatam,
3001 540 3057 586 tu
3087 548 3205 602 qua:
3267 532 3502 590 Verbum

264 624 535 697 κυήσασα.

1944 622 2090 674 omni
2126 621 2369 675 bonitate
2400 621 2685 690 prazditum
2720 621 2771 674 in
2796 637 2959 676 carne
2989 624 3263 692 peperisti.

889 740 1048 810 129
1085 739 1169 793 Ex
1209 740 1423 795 Conone
1451 741 1506 793 in
1537 740 1668 809 [esto
1710 736 1766 792 S.
1814 736 2088 790 Michaelis
2122 736 2455 807 archangeli,
2488 736 2572 788 die
2602 736 2674 788 22
2703 735 2882 805 (64“).

331 873 376 927 0
418 871 618 943 Virgo,
665 872 938 928 universis
986 872 1310 928 celebranda
1348 873 1632 938 laudibus,
1669 889 1832 942 ange-

262 966 437 1021 lorum
461 965 651 1030 decus,
682 965 964 1021 hominum
999 967 1287 1032 auxilium,
1317 976 1371 1020 tu
1401 966 1534 1020 mihi
1565 965 1832 1019 auxiliare

262 1057 317 1113 in
376 1058 565 1128 pelago
622 1058 943 1125 ﬂuctuanti,
997 1070 1052 1114 et
1104 1068 1454 1130 peccatorum
1512 1069 1831 1129 tempestate

264 1151 484 1205 assidua
506 1152 733 1220 jactato,
764 1161 927 1223 atque
956 1152 1310 1222 periclitanti.

330 1242 426 1297 llle
458 1243 553 1312 qui
584 1244 971 1301 immateriales
1004 1254 1213 1301 mentes
1241 1245 1517 1300 voluntate
1545 1260 1642 1298 sua
1685 1257 1836 1298 crea-

260 1333 355 1398 vit,
400 1334 456 1388 in
504 1344 660 1390 utero
695 1346 789 1391 tuo
834 1337 1102 1393 materiali
1133 1338 1443 1394 voluntarie
1482 1337 1769 1398 habitavit,
1800 1352 1833 1390 ο

258 1426 326 1481 ab
350 1427 499 1481 omni
534 1428 656 1484 labe
696 1429 1032 1499 purissima;
1078 1446 1204 1486 cum
1238 1432 1293 1486 in
1324 1446 1487 1486 carne
1516 1438 1831 1487 cerneretur

259 1517 304 1572 is
332 1520 427 1587 qui
457 1529 579 1574 erat
608 1520 918 1577 invisibilis.

324 1609 524 1665 Partus
558 1614 635 1666 tui
667 1613 1026 1682 paradoxum,
1057 1629 1091 1670 ο
1125 1612 1313 1686 Virgo,
1345 1614 1670 1685 signiﬁcavit
1698 1614 1825 1668 olim

256 1703 695 1763 intellectualiter
721 1724 1005 1765 sacrorum
1036 1710 1422 1782 mysteriorum
1456 1709 1735 1778 magister.
1774 1708 1826 1761 in

254 1799 453 1868 spiritu
482 1813 721 1857 montem
754 1804 1072 1859 umbrosum
1103 1804 1372 1872 aspiciens
1401 1812 1451 1857 te
1490 1802 1824 1858 manifestis-

253 1891 415 1956 sime,
449 1908 516 1947 ex
544 1910 655 1964 quo
690 1895 837 1950 venit
871 1903 1097 1951 sanctus
1128 1894 1273 1950 Deus
1300 1895 1641 1951 incarnatus.

326 1985 781 2042 lntellectualium
822 1988 1139 2056 angelorum
1178 1987 1554 2041 sublimiorem
1600 1996 1650 2041 te
1682 1985 1826 2041 Deus

252 2079 514 2141 ostendit,
546 2079 854 2148 ingrediens
884 2080 936 2132 in
966 2086 1175 2133 uterum
1204 2088 1379 2141 tuum,
1407 2093 1439 2132 o
1462 2078 1740 2144 inviolata,
1772 2088 1827 2134 et

252 2170 324 2222 ab
355 2170 503 2223 omni
535 2156 745 2225 macula
776 2170 1035 2224 immunis
1068 2187 1082 2223 :
1110 2185 1268 2239 quem
1300 2170 1539 2226 assiduis
1570 2171 1824 2241 precibus

254 2260 538 2330 interpella
570 2276 666 2331 pro
696 2260 871 2318 salute
901 2262 1206 2317 animarum
1243 2273 1576 2317 nostrarum.

260 2433 369 2491 Ἐκ
422 2437 834 2510 τοῦᾲΚανᾼόνος
877 2441 964 2505 εἰς
1006 2438 1114 2493 τὸν
1158 2439 1331 2494 ὅσιον
1378 2439 1609 2508 Πατέρα
1656 2438 1826 2510 ἡμῶν

392 2507 569 2562 Δαὸιδ
610 2508 715 2562 τοῦ
752 2509 822 2563 ἐν
863 2512 1283 2579 Θεσσαλονίκῃ
1305 2551 1319 2578 ,
1351 2507 1542 2580 ἡμέρᾳ
1571 2510 1681 2576 κς’.

329 2618 540 2690 Ὠφθης
579 2621 896 2694 ὡραῖσμένη
929 2622 1009 2694 τῷ
1046 2624 1232 2679 κάλλει
1276 2625 1385 2689 τῶν
1424 2626 1674 2696 ἀρετῶν,
1729 2628 1826 2682 καὶ

246 2708 488 2781 Χριστὸν
515 2713 606 2765 τὸν
653 2713 872 2783 ὡραῖον,
925 2715 1189 2785 Παρθένε,
1233 2715 1553 2786 ἀπεκύησας
1600 2718 1825 2789 βροτοὺς

245 2806 566 2876 ὼραῖσαντα
591 2810 699 2869 τοῖς
730 2807 953 2880 ὡραίοις
1011 2809 1233 2863 κάλλεσι
1262 2809 1361 2880 τῆς
1392 2810 1680 2883 Θεότητος,
1706 2813 1823 2867 ἀει-

246 2897 517 2965 πάρθενε.

334 2986 606 3057 Ἀγγέλων
646 2992 949 3061 τιμιωτέρα
979 2991 1167 3064 ῶφοης
1194 2994 1447 3064 κυήσασα
1482 2994 1576 3048 τὸν
1604 2994 1820 3060 αὐτοὺς,

248 3079 521 3150 Παρθένε,
555 3082 1071 3154 δημιουργήσαντα·
1113 3085 1236 3139 ὅθεν
1280 3086 1507 3151 ἱκετεύω
1541 3104 1620 3151 σε,
1660 3088 1820 3158 ἁγνὴ,

248 3174 485 3241 ἁγίασον
514 3175 603 3228 τὸν
637 3176 762 3229 νοῦν
799 3195 923 3247 μου,
955 3178 1051 3232 καὶ
1082 3180 1182 3248 τὴν
1221 3179 1448 3251 καρδίαν
1484 3180 1824 3252 φωταγώγη-

249 3283 371 3326 σον,
403 3266 537 3337 νέφη
567 3266 675 3320 τῶν
702 3269 891 3321 παθῶν
916 3269 1275 3325 ὲκδιὼκουσα.

335 3358 645 3429 ’Υμνοῦμέν
689 3377 772 3424 σε,
822 3360 1141 3431 πανύμνητε
1174 3363 1459 3429 Δέσποινα,
1510 3365 1601 3417 τὸν
1656 3366 1822 3435 ὑπερ-

247 3448 493 3520 ύμνητον
515 3451 648 3503 Θεὸν
682 3452 1099 3523 ἁνερμηνεύτως
1130 3454 1434 3524 κυήσασαν,
1458 3454 1554 3526 τὴν
1576 3457 1702 3518 τοὺς
1735 3473 1825 3526 χο-

246 3542 381 3608 ροϋς
404 3540 514 3591 τῶν
536 3540 782 3608 ἀγγέλων
812 3540 886 3610 τῷ
909 3541 1095 3596 κάλλει
1124 3543 1471 3613 ἁσυγκρίτως
1495 3545 1818 3615 νικήσασαν.

321 3715 532 3769 Ἰϐυνον
570 3715 661 3769 τὸν
692 3715 806 3786 βίον
854 3735 957 3788 μου
979 3756 994 3782 ,
1021 3720 1116 3772 καὶ
1144 3718 1213 3773 τὰ
1259 3722 1537 3791 κινήματα
1574 3721 1674 3792 τῆς
1702 3722 1819 3774 δια-

242 3807 430 3872 νοίας,
480 3809 618 3879 ἁγνὴ
654 3810 925 3881 Παρθένε,
974 3812 1112 3883 πρὸς
1154 3813 1214 3865 τὸ
1251 3813 1392 3866 ϐεἶον
1441 3813 1687 3885 βούλημα
1725 3811 1820 3866 τοῦ

245 3901 313 3952 ἐκ
355 3900 447 3952 σοῦ
482 3902 739 3972 ἀρρήτως
769 3904 900 3973 ἡμῖν
930 3904 1389 3973 ἐπιδημήσαντος.

332 3989 425 4053 Ἐξ
449 3989 627 4057 ἁγνῶν
658 3992 906 4061 αἱμάτων
941 4009 1035 4045 σου
1060 3992 1333 4062 ὲξυφάνθη
1367 3992 1502 4062 σὰρξ
1529 3993 1822 4063 ὑπερφυῶς

243 4081 327 4152 τῷ
364 4082 829 4153 δημιουργήσαντι
875 4084 967 4138 τὸν
1018 4085 1340 4155 ἄνθρωπον,
1379 4085 1646 4137 Θεοτόκεο
1698 4084 1820 4138 ὅθεν

245 4176 419 4242 ἀξίως
451 4177 619 4246 ὑμνοῦ
627 4178 726 4247 μέν
758 4194 838 4230 σε.

320 4268 559 4320 Δέλυται
582 4269 659 4338 τῷ
699 4270 845 4339 τόκῳ
883 4287 977 4322 σου
1010 4269 1148 4340 ἀρᾶς
1182 4270 1243 4321 τὸ
1275 4268 1614 4338 ἀνθρώπινον
1637 4308 1651 4333 ,
1686 4268 1821 4339 μόνη

247 4362 655 4432 παντευλὸγητε
676 4380 691 4394 ·
735 4363 814 4416 διὸ
846 4381 904 4416 σε
933 4362 1230 4432 δοξάζομεν
1270 4364 1344 4426 ὡς
1380 4365 1823 4433 κεχαριτωμένη,

245 4456 503 4520 Θεοτόκε,
536 4458 616 4517 εἰς
646 4456 867 4519 αἰῶνας.

2011 868 2207 923 Beatus
2231 870 2483 939 populus,
2508 871 2602 941 qui
2631 887 2842 941 semper
2870 872 3139 927 beatiﬁeat
3169 884 3240 937 te,
3269 891 3300 928 ο
3326 877 3502 943 beata,

1939 977 2062 1030 qua:
2112 962 2328 1016 beatum
2388 963 2555 1018 Deum
2596 964 2915 1034 perperisti,
2948 966 3040 1035 qui
3096 976 3316 1037 prepter
3347 986 3502 1025 suam

1941 1052 2374 1107 misericordiam
2417 1054 2668 1110 homines
2698 1054 2955 1109 ineffabili
2984 1057 3184 1111 unione
3212 1058 3502 1115 deitieavit.

2010 1143 2204 1199 Mentis
2238 1161 2447 1215 magnae
2490 1145 2725 1200 Verbum
2765 1156 3026 1202 aeternum
3063 1148 3250 1204 videns
3285 1149 3502 1205 Gabritl

1938 1236 2300 1307 archangelus
2332 1237 2384 1289 in
2424 1246 2474 1291 te
2504 1252 2653 1302 vere,
2686 1254 2719 1291 ο
2758 1238 2957 1307 puella,
2993 1238 3331 1294 inhabitasse
3365 1241 3504 1295 inef-

1938 1328 2175 1382 fabiliter
2224 1344 2288 1382 ac
2343 1329 2630 1398 stupende,
2689 1331 3017 1385 exclamavit
3067 1348 3080 1385 :
3134 1334 3266 1399 Ave,
3310 1336 3505 1391 throne

1934 1418 2230 1485 Altissimi,
2261 1434 2293 1473 ο
2324 1420 2625 1475 benedicta.

2006 1510 2331 1582 Nuptiarum
2368 1522 2649 1583 sequester
2690 1514 2911 1572 divinus
2945 1516 3305 1589 archangelus
3352 1530 3505 1576 stans

1933 1603 2261 1657 exclamavit
2296 1605 2390 1658 tibi
2417 1619 2433 1659 :
2465 1605 2600 1672 Ave,
2627 1621 2660 1659 ο
2685 1604 2897 1676 Sponsa
2943 1607 3033 1665 Dei
3066 1610 3288 1672 illibata.
3332 1627 3502 1683 ange-

1936 1694 2111 1749 lormn
2148 1696 2341 1767 gloria,
2375 1697 2655 1752 hominum
2688 1700 2860 1764 salus,
2891 1709 2945 1756 et
2976 1703 3395 1758 munimentum.

2002 1789 2081 1841 Atl
2118 1804 2302 1844 vocem
2352 1790 2527 1861 angeli
2571 1790 2872 1858 Gabrielis,
2926 1795 3262 1865 concepisti,
3303 1812 3335 1851 ο
3392 1805 3504 1852 tota

1854 1875 1901 1934 B
1931 1879 2049 1936 sine
2081 1882 2190 1936 ulla
2231 1884 2473 1949 macula,
2526 1885 2695 1939 Deum
2735 1884 3006 1951 Verbum,
3043 1890 3137 1958 qui
3175 1889 3343 1945 verbo
3391 1902 3505 1945 ραι

1931 1975 2093 2030 lestes
2149 1977 2418 2031 exercitus
2466 1979 2695 2044 creavit,
2754 1990 2807 2034 et
2856 1980 3080 2035 verbum
3125 1991 3345 2050 praestat
3393 1997 3505 2052 quo

1931 2064 2150 2119 laudare
2179 2067 2453 2136 possimus
2489 2079 2731 2123 sanctam
2773 2069 2947 2139 ipsius
2976 2071 3404 2127 humiliationem
3439 2090 3503 2129 ac

1929 2153 2338 2223 demissionem,
2362 2172 2482 2226 quze
2507 2168 2591 2212 est
2620 2170 2785 2226 super
2817 2173 2979 2214 omne
3011 2161 3233 2215 verbum
3275 2172 3327 2217 et
3356 2164 3504 2232 cogi-

1933 2249 2212 2302 tationem.

1934 2428 2091 2498 130
2126 2427 2208 2481 Ea:
2237 2428 2449 2483 Conone
2482 2431 2533 2483 in
2592 2429 2749 2483 Festo
2803 2430 2859 2486 S.
2909 2432 3089 2488 Patris
3134 2434 3299 2489 David
3339 2434 3501 2491 Thes-

2411 2500 2756 2555 salonicensis
2774 2542 2787 2566 ,
2815 2503 2899 2556 die
2927 2504 3018 2558 26.

1998 2611 2312 2680 Apparuisti
2352 2612 2605 2666 decorata
2649 2613 3059 2683 pulchritudine
3097 2617 3397 2683 virtutum,
3445 2628 3501 2674 et

1926 2700 2204 2757 Christum
2230 2703 2512 2770 decorum,
2538 2720 2570 2758 ο
2597 2702 2783 2775 Virgo,
2817 2707 3096 2776 peperisti,
3123 2709 3217 2778 qui
3250 2709 3500 2766 homines

1928 2792 2209 2848 decoravit
2262 2793 2478 2850 decoris
2534 2795 3040 2865 pulehritudinibus
3094 2799 3412 2868 divinitatis,
3465 2818 3501 2857 o

1927 2884 2078 2955 virgo
2115 2894 2397 2955 perpetua.

1997 2980 2218 3049 Angelis
2252 2981 2623 3037 honorabilior
2657 2981 2797 3039 facta
2842 3000 2931 3050 es,
2980 3000 3013 3040 ο
3051 2984 3240 3056 Virgo,
3284 2988 3498 3057 pariens

1928 3070 2104 3139 illum,
2137 3074 2228 3143 qui
2262 3074 2407 3143 ipsos
2435 3075 2640 3129 creavit
2672 3094 2685 3130 :
2732 3079 3087 3147 quamobrem
3129 3095 3322 3147 precor
3364 3090 3434 3144 te,
3463 3099 3498 3136 υ

1928 3172 2099 3227 casta,
2144 3166 2427 3220 sanctiﬁca
2464 3176 2699 3221 mentem
2736 3183 2910 3222 meam
2933 3208 2948 3233 ,
2984 3181 3037 3225 et
3076 3186 3172 3225 cor
3209 3187 3391 3226 meum
3430 3173 3496 3226 il-

1850 3242 1894 3300 C
1928 3255 2155 3324 lumina,
2186 3260 2461 3327 depellens
2515 3261 2689 3315 nubes
2720 3262 3059 3330 passionum.

1998 3350 2308 3407 Laudamus
2344 3362 2416 3417 te,
2447 3368 2481 3407 o
2504 3353 2652 3406 omni
2691 3353 2851 3409 laude
2882 3354 3201 3425 dignissima
3241 3356 3495 3420 Domina,

1924 3458 2045 3511 quae
2091 3444 2240 3498 omni
2302 3445 2461 3500 laude
2528 3447 2866 3514 superiorem
2924 3446 3093 3499 Deum
3151 3447 3497 3503 inelfabilitet‘

1925 3536 2263 3605 genuisti,_et
2284 3537 2600 3607 angelorum
2629 3538 2828 3592 choros
2852 3537 3255 3607 pulchritudine
3285 3539 3497 3592 incom-

1925 3628 2242 3697 parabiliter
2275 3630 2565 3700 superasti.

2001 3721 2178 3792 Dirige
2222 3722 2389 3776 vitam
2444 3738 2643 3788 meam,
2696 3733 2747 3778 et
2801 3733 2982 3779 motus
3016 3723 3216 3777 mentis
3266 3739 3418 3787 metu,
3463 3739 3496 3777 ο

1929 3808 2094 3881 Virgo
2123 3820 2293 3876 casta,
2333 3812 2401 3866 ad
2434 3812 2677 3866 divinum
2713 3814 3007 3867 consilium
3043 3814 3188 3867 illius
3220 3814 3313 3883 qui
3345 3830 3410 3867 ex
3446 3824 3495 3869 te

1927 3902 1991 3955 ad
2027 3918 2126 3956 nos
2161 3904 2319 3956 modo
2350 3903 2718 3973 inexplicabili
2751 3904 3041 3972 processit.

1997 3993 2075 4047 Ex
2128 3994 2437 4063 purissimis
2467 3996 2831 4064 sanguinibus
2886 3987 3028 4057 tuis,
3082 4012 3246 4065 supra
3289 4005 3495 4051 natura:

1927 4100 2135 4139 morem
2170 4094 2453 4152 compacta
2494 4097 2575 4141 est
2608 4102 2735 4140 caro
2772 4087 2883 4152 illi,
2917 4088 3010 4156 qui
3040 4087 3313 4142 hominem
3344 4104 3497 4143 crea-

1928 4174 2042 4239 vit;
2074 4175 2218 4229 unde
2246 4183 2318 4237 te,
2345 4190 2378 4229 ο
2409 4175 2636 4245 Deipara
2670 4190 2768 4243 pro
2800 4175 3387 4244 dignitatelatulamus.

1999 4264 2314 4319 Liberatum
2349 4274 2430 4319 est
2468 4281 2562 4336 per
2603 4274 2817 4335 partum
2853 4284 3000 4320 tuum
3042 4283 3069 4318 a
3122 4268 3496 4322 maletlictione

1928 4358 2224 4413 humanum
2259 4374 2460 4429 genus,
2494 4374 2527 4412 0
2553 4358 2667 4413 sola
2704 4359 2852 4412 omni
2886 4360 3262 4413 benedictione
3302 4376 3495 4413 ('tllllll-

1930 4451 2072 4517 lata;
2135 4462 2418 4520 propterea
2470 4462 2523 4506 te
2587 4451 2958 4521 gloriﬁcamus
3005 4460 3262 4519 tanquam
3322 4452 3493 4519 gratia

1930 4542 2169 4610 plenam,
2199 4557 2231 4595 ο
2261 4541 2509 4611 Deipara,
2540 4542 2592 4596 in
2621 4544 2839 4598 saecula.

321 4636 391 4687 Σὲ
425 4636 523 4705 τὴν
558 4636 824 4705 καλλονὴν
861 4635 956 4688 τοῦ
1022 4636 1215 4689 Ἰακὼϐ
1256 4638 1541 4707 τιμῶμεν,
1592 4637 1723 4699 Θεὸς
1756 4638 1823 4707 ἢν

1999 4632 2076 4686 Te
2138 4633 2598 4701 pulchritudinem
2665 4634 2834 4690 Iacob
2898 4637 3261 4701 honoramus,
3331 4650 3493 4704 quam

244 4731 559 4798 ἠγάπησεν,
600 4731 666 4799 ἢν
713 4729 1013 4795 ἐξελέξατο,
1065 4730 1280 4791 πάντως
1325 4731 1400 4791 ῶς
1432 4730 1600 4800 μόνην
1651 4729 1818 4799 ἁγνὴν

245 4822 625 4893 εὐλογημένην
708 4824 1182 4893 ἀνυμνολογοῦμεν
1249 4825 1329 4886 εἰς
1409 4824 1617 4885 πάντας
1692 4824 1819 4885 τοὺς

244 4914 478 4975 αἰῶνας.

316 5008 637 5077 Φωτοφόρον
688 5007 863 5077 πύλην
913 5024 971 5059 σε
1020 5008 1277 5078 προεώρα
1320 5007 1605 5077 Ἑζεκιὴλ,
1652 5006 1719 5059 δι’
1749 5000 1813 5078 ἧς

242 5099 437 5168 διῆλθε
489 5101 549 5151 τὸ
600 5099 713 5167 φῶς
744 5100 805 5151 τὸ
850 5098 1103 5169 ἀληθινὸν
1143 5100 1378 5169 Χριστὸς
1408 5102 1436 5151 ὁ
1476 5100 1605 5161 Θεὸς
1637 5099 1813 5169 ἡμῶν.

241 5193 304 5244 ὃν
363 5192 596 5255 ἐκτενῶς
638 5193 877 5263 αἴτησαι,
931 5193 1092 5262 ἁγνὴ,
1136 5192 1236 5261 τῆς
1284 5191 1571 5261 μετανοίας
1613 5208 1701 5260 μοι
1740 5191 1817 5242 δι-

244 5291 460 5354 ανοῖξαι
496 5290 667 5350 πύλας
696 5290 905 5358 δέομαι.

255 5404 361 5458 Ἐκ
417 5403 525 5455 τοῦ
559 5405 824 5468 Κανόνος
875 5405 960 5467 εἰς
1004 5404 1110 5454 τὸν
1156 5400 1329 5453 ὅσιον
1377 5398 1604 5466 Πατέρα
1648 5396 1815 5466 ἡμῶν

492 5474 734 5543 ἁμψονα
764 5475 869 5526 τὸν
900 5472 1244 5540 ξενοδόχον,
1285 5469 1472 5539 ἡμέρᾳ
1501 5471 1606 5531 κζ’.

318 5592 385 5643 Σὲ
426 5590 517 5641 τοῦ
555 5589 689 5642 Θεοῦ
715 5590 811 5658 τὴν
840 5590 978 5658 ὑπὲρ
1014 5587 1168 5653 λόγον
1200 5586 1539 5655 λοχεύτριαν,
1568 5584 1644 5646 ὡς
1680 5600 1816 5651 κρα-

241 5686 408 5739 ταιὰν
438 5681 722 5751 ἀντίληψιν
761 5682 977 5734 πάντων
998 5720 1013 5745 ,
1047 5678 1353 5748 πανὰμωμε
1378 5717 1391 5742 ,
1424 5676 1532 5728 τῶν
1578 5691 1817 5728 καταπο-

320 5863 484 5929 (65,“)
514 5864 712 5919 Menam
745 5863 1008 5929 impressa
1042 5876 1147 5915 non
1180 5860 1399 5915 habent.

1930 4723 2073 4779 Deus
2120 4726 2345 4791 amavit,
2380 4734 2434 4779 et
2474 4726 2638 4797 elegit
2682 4745 2697 4781 :
2748 4729 2974 4782 omnino
3017 4738 3272 4798 tanquam
3322 4727 3495 4781 solam

1926 4828 2136 4870 castam
2187 4827 2241 4871 et
2276 4816 2619 4873 benedictam
2667 4828 2719 4874 te
2763 4817 3049 4874 laudamus
3083 4819 3136 4871 in
3176 4820 3357 4873 omnia
3395 4834 3497 4870 sae-

1923 4908 2066 4961 cula.

1996 4998 2304 5057 Luciferam
2373 5013 2584 5072 portam
2638 5004 2888 5073 przevidit
2944 5015 2995 5057 te
3050 5002 3335 5063 EzeChiel,
3402 5018 3495 5071 per

1925 5107 2087 5159 quam
2153 5095 2408 5148 transivit
2462 5100 2552 5150 Inv
2615 5112 2739 5150 vera
2781 5096 3031 5149 Christus
3095 5094 3233 5147 Deus
3273 5105 3489 5158 noster,

1924 5200 2082 5252 quem
2134 5186 2378 5255 impense
2426 5204 2681 5257 precare,
2714 5204 2747 5240 0
2797 5198 2967 5248 casta,
3006 5197 3059 5242 te
3100 5202 3233 5249 oro,
3271 5198 3327 5239 ut
3357 5188 3491 5239 mihi

1927 5280 2261 5346 paenitentia:
2289 5296 2471 5351 portas
2490 5286 2717 5353 aperiat.

1929 5398 2080 5468 131
2116 5395 2199 5451 Ea?
2243 5397 2454 5451 Conone
2484 5396 2537 5468 in
2586 5393 2810 5468 festas.
2862 5392 2922 5468 1:.
2974 5392 3278 5459 Sampsonis
3313 5389 3491 5442 Xeno-

2486 5466 2639 5517 doc/ti
2661 5506 2673 5527 ,
2709 5465 2791 5518 die
2839 5465 2905 5516 ‘27

1995 5583 2070 5637 Te
2108 5582 2203 5637 Dei
2244 5582 2588 5636 ineﬂ‘abiliter
2640 5582 3005 5642 Genitrieem,
3051 5588 3309 5645 tanquam
3358 5575 3495 5628 vali-

1926 5676 2207 5733 dissimam
2262 5675 2631 5730 defensionem
2699 5672 2941 5755 omnium
2989 5672 3077 5739 qui
3134 5668 3322 5721 labore
3369 5681 3498 5736 pro-
