3996 6640
533 428 666 493 H35

1654 430 1709 490 S.
1756 431 2073 490 JOSEPIII
2117 433 2675 496 llYMNOGRM’lII

3573 457 3678 520 H36

533 556 774 610 ιιιιιιιιυν,
811 545 1180 617 glorificamus
1217 542 1575 607 incessanter,
1617 555 1669 597 et
1701 543 2089 610 bcatiﬁcaums,

2200 563 2474 618 νονμενων
2517 550 2810 618 δοξάζομεν
2855 549 3164 614 ἀπαύστως,
3193 555 3303 608 ικαὶ
3348 565 3676 636 μακαρῐζομει,,

532 657 559 696 ο
592 640 963 696 mundissima.

593 734 803 789 Animae
827 733 1132 802 mentisque
1165 746 1297 786 meae
1323 731 1578 787 tenebras
1600 729 1848 800 dispelle,
1876 744 1909 783 ο
1935 745 2092 800 pura,

530 835 579 882 et
611 829 676 882 da
705 827 859 891 mihi,
892 837 950 880 ut
977 826 1117 880 sicut
1145 825 1200 880 in
1231 825 1339 889 die,
1375 827 1604 878 honeste
1629 824 1902 878 ambulem
1932 833 2095 893 atque

529 934 836 984 converscr,
865 935 928 972 ac
957 919 1217 973 salutaria
1252 927 1516 988 praecepta
1550 917 1839 986 exsequar.

593 1011 704 1074 Te,
765 1027 798 1067 ο
858 1022 968 1065 tota
1033 1013 1234 1064 munda
1302 1009 1570 1073 Domina,
1633 1008 1873 1063 lucidum
1930 1008 2092 1064 Verbi

523 1105 781 1174 palatium
835 1103 1052 1174 hymnis
1107 1103 1481 1165 celebramus,
1532 1116 1596 1155 ac
1634 1101 1848 1155 beatam
1904 1102 2090 1172 appel-

524 1199 714 1253 lamus.

590 1290 688 1358 Te,
729 1306 762 1346 o
821 1290 1171 1347 sanctissima
1206 1299 1355 1345 casta
1381 1329 1398 1356 ,
1432 1291 1670 1361 speciem
1717 1287 1916 1352 Jacob,
1968 1287 2091 1342 ﬁdei

523 1383 715 1438 divina:
742 1384 968 1439 vocibus
988 1383 1297 1444 laudamus,
1325 1397 1444 1452 quze
1469 1381 1702 1451 genuisti
1734 1379 1894 1434 nobis
1921 1379 2089 1434 Deum

522 1489 738 1530 carnem
769 1473 1030 1530 ferentem
1056 1514 1071 1539 ,
1104 1489 1265 1541 quem
1297 1473 1482 1526 omnia
1515 1471 1966 1526 contremiscunt.

587 1566 798 1622 Caelum
835 1566 1069 1622 sublime
1120 1564 1366 1620 omnium
1413 1565 1558 1635 regis
1594 1564 1685 1617 Dei
1742 1563 1883 1617 tacta
1932 1577 2024 1626 es,
2056 1577 2091 1616 ο

523 1658 885 1736 undequaque
937 1657 1266 1727 purissima;
1327 1657 1702 1725 mundumque
1757 1657 1900 1710 illius
1943 1657 2091 1726 pala-

521 1752 677 1816 tium,
710 1759 763 1805 et
793 1750 1069 1805 thalamus
1100 1749 1280 1804 divina
1315 1749 1488 1816 gratia
1518 1764 1839 1803 coruscans.

593 1839 776 1896 Vellns
840 1841 969 1895 olim
1039 1839 1366 1908 praenmarit
1430 1839 1802 1894 castissimum
1875 1848 2086 1892 uterum

2275 734 2468 804 Ψυχῆς
2510 752 2612 804 μου
2643 737 2733 789 καὶ
2763 735 2881 798 νοὸς
2901 775 2914 798 ,
2948 735 3108 804 ἁγνὴ,
3140 737 3390 793 ἀπέλασον
3419 744 3472 796 τὸ
3501 748 3681 816 σκότος,

2203 829 2296 881 καὶ
2323 827 2490 893 δίδου,
2528 828 2603 890 ὼς
2633 829 2691 880 ὲν
2722 829 2924 899 ἡμέρᾳ,
2967 830 3306 899 εὐσχημόνως
3350 834 3685 905 πολιτεύεσθαι,

2201 921 2269 972 τὰ
2301 921 2546 991 σωτήρια
2572 920 2880 989 πράττοντα
2915 922 3325 991 προστάγματα.

2271 1013 2360 1075 Σὲ,
2409 1014 2721 1085 πανάμωμε
2761 1013 3059 1078 Δέσποινα,
3097 1014 3156 1065 τὸ
3196 1017 3436 1082 φωτεινδν
3478 1021 3690 1078 πσλάτιον

2199 1106 2294 1160 τοῦ
2329 1107 2503 1174 Λόγου
2539 1104 3016 1176 ἀνυμνολογοῦμεν
3045 1106 3138 1158 καὶ
3169 1109 3530 1179 μακαρίζομεν.

2271 1285 2372 1349 Σὲ,
2424 1284 2667 1353 παναγία
2721 1284 2898 1353 ἁγνὴ,
2936 1283 3034 1354 τὴν
3077 1283 3330 1350 καλλονὴν
3377 1285 3460 1340 τοῦ
3505 1290 3690 1353 Ἰακὼϐ,

2200 1378 2438 1441 πίστεως
2473 1377 2646 1440 οείαις
2675 1379 2878 1445 φωναῖς
2909 1375 3272 1446 ἁνυμνοῦμεν,
3303 1379 3558 1447 κυήσασαν
3593 1384 3696 1452 ἡμῖν

2199 1472 2330 1524 Θεὸν
2360 1473 2701 1544 σαρκοφόρον
2729 1470 2788 1524 ὃν
2817 1470 3011 1541 τρέμει
3035 1469 3103 1522 τὰ
3140 1469 3438 1539 σύμπαντα.

2277 1565 2337 1618 '0
2365 1565 2594 1629 οὐρανὸς
2618 1562 2819 1633 ὑψηλὸς
2849 1563 3225 1633 ἐχρημάτισας
3251 1561 3340 1614 τοῦ
3369 1565 3698 1632 παμϐασιλέως

2197 1657 2369 1722 Θεοῦ,
2427 1658 2842 1726 παναμὼμητε,
2894 1658 2989 1708 καὶ
3037 1655 3271 1723 καθαρὸν
3321 1657 3584 1724 παλάτιον,
3629 1663 3698 1710 καὶ

2198 1753 2410 1814 παστὰς
2444 1750 2677 1820 φωτεινη
2711 1749 2830 1820 θείᾳ
2859 1751 3060 1818 χάριτι.

2196 1842 2341 1913 ιιό
2371 1840 2536 1904 πόκος
2572 1841 2702 1894 ποτὲ
2739 1839 3038 1911 προεδήλου
3069 1840 3170 1909 τὴν
3207 1839 3390 1911 ἁγνὴν.
3423 1841 3600 1912 σεμνὴν
3623 1860 3700 1910 γα·

520 1945 710 1997 tuum,
757 1949 790 1986 ο
839 1932 1181 1995 veneranda,
1237 1931 1330 2001 qui
1388 1933 1603 2001 exco'pit
1645 1933 1696 1984 in
1745 1948 1802 1986 se
1843 1931 2088 1986 divinum

2195 1936 2361 2005 στέρα
2406 1951 2500 1988 σου
2549 1933 2940 2004 είσδεξαμένην
2992 1933 3094 2004 τὴν
3139 1933 3390 2004 οὐράνιον
3433 1934 3603 2004 δρόσον
3629 1940 3704 2004 τὴν

519 2042 695 2084 curem
732 2025 1060 2079 irrorantem
1094 2023 1408 2087 universos,
1437 2023 1529 2091 qui
1573 2022 1659 2076 siti
1695 2024 1899 2092 peccati
1943 2023 2093 2077 labo-

521 2130 661 2183 rant,
685 2133 718 2172 0
748 2117 899 2172 omni
955 2115 1114 2170 laude
1144 2115 1307 2186 digna
1339 2131 1404 2170 ac
1430 2114 1737 2179 benedicta,
1769 2131 1889 2184 qua:
1922 2114 2090 2171 Deum

498 2212 570 2264 .in
605 2223 770 2264 carne
803 2205 1086 2277 peperisti.

570 2302 729 2358 :Seda
797 2315 942 2356 nunc
981 2314 1199 2370 gravem
1243 2298 1561 2369 passionum
1603 2313 1846 2353 mearum
1888 2309 2091 2371 tempe-

517 2405 739 2458 statem,
776 2409 812 2450 o
850 2401 1000 2449 casta
1037 2391 1432 2460 benedictaque
1469 2391 1682 2461 puella;
1733 2401 1788 2446 ct
1837 2409 2091 2464 oppugna

516 2502 710 2542 omnes
736 2491 1090 2554 incorporeos
1127 2485 1333 2552 hostes,
1361 2485 1454 2554 qui
1487 2484 1802 2539 immaniter
1828 2486 2092 2541 insultant

519 2579 827 2652 paupertati
855 2593 1008 2645 meae,
1043 2586 1103 2636 ut
1134 2576 1366 2633 ﬁdeliter
1402 2588 1453 2632 te
1483 2577 1721 2632 laudem.

588 2669 968 2726 Lucidissimis
1022 2667 1364 2738 lampadibus
1413 2667 1561 2722 illius
1594 2668 1687 2738 qui
1717 2685 1781 2722 ex
1829 2681 1879 2723 te
1925 2684 2093 2741 supra

520 2764 719 2820 mentis
746 2773 962 2832 captum
997 2762 1318 2816 incarnatus
1350 2770 1453 2825 est,
1503 2762 1853 2816 sanctissima
1901 2760 2089 2832 Virgo,

517 2857 892 2912 illumineuiur
939 2867 1059 2918 nos,
1109 2854 1204 2923 qui
1242 2865 1294 2908 te
1333 2853 1618 2923 Deiparam
1656 2855 1888 2910 tideliter
1925 2872 2093 2923 agno-

517 2951 761 3014 scimus,
807 2958 858 3003 et
900 2963 930 3003 a
986 2947 1301 3018 passionum
1365 2947 1638 3006 tenebris.
1673 2958 1838 3018 atque
1866 2965 1896 3003 a
1949 2949 2090 3018 peri-

520 3044 662 3100 culis
697 3041 1022 3112 cunctisque
1051 3041 1176 3095 vitaa
1208 3039 1633 3095 adversitatibus
1666 3041 1981 3096 liberemur.

518 3233 677 3305 132
723 3231 805 3286 Ea:
854 3229 1066 3286 Cimone
1086 3229 1145 3310 in
1193 3229 1326 3310 [esto
1367 3229 1705 3310 receptionis
1742 3230 2086 3310 reliquiarum

739 3313 1041 3356 sanctorum
1078 3297 1233 3370 Cyri,
1266 3308 1314 3353 et
1351 3297 1577 3353 Joannis
1598 3340 1613 3365 ,
1649 3301 1734 3354 die
1767 3297 1855 3355 '28.

579 3551 868 3622 "l‘anquam
901 3564 986 3614 ea,
1018 3561 1140 3618 qua:
1162 3547 1232 3601 ob
1265 3546 1525 3602 bonitatis
1547 3560 1832 3602 excessum
1864 3547 1960 3601 tibi
1987 3533 2107 3603 nos‘

508 3643 817 3702 familiares
846 3640 1003 3707 facis,
1035 3655 1069 3695 ο
1105 3638 1442 3703 castissima,
1490 3637 1710 3708 Deoque
1748 3638 2084 3708 gratissima,

518 3737 587 3791 ab
611 3733 758 3788 omni
789 3731 1146 3797 obscuritate,
1178 3737 1499 3799 tempestate
1525 3744 1591 3783 ac
1623 3729 1869 3798 periculo
1915 3729 2085 3782 libera

519 3829 828 3885 universos.

587 3935 754 4008 Virgo
802 3933 1210 3998 illibatissima,
1278 3947 1400 4004 quae
1450 3935 1710 4004 peperisti
1790 3933 1941 3988 illum
1994 3938 2083 4004 qui

517 4028 658 4082 tollit
703 4026 926 4082 morbos
969 4025 1288 4092 hominum,
1325 4025 1589 4080 medicam
1627 4025 1826 4080 adhibe
1863 4041 2084 4079 manqu

515 4118 937 4177 contritionibus
989 4117 1186 4172 anima:
1219 4131 1390 4181 mete,
1434 4117 1726 4188 carnisque
1759 4131 1892 4171 meae
1929 4116 2085 4170 inﬁr-

516 4211 817 4268 n.itatibus.

585 4300 886 4372 Opulentas
923 4299 1336 4356 misericordias
1371 4307 1492 4354 tuas
1517 4314 1742 4372 asperge
1771 4316 1935 4372 super
1962 4315 2081 4365 nos,

515 4410 550 4448 ο
589 4394 776 4464 Virgo,
814 4393 972 4463 juxta
1003 4392 1458 4448 consuetudinem
1498 4400 1670 4456 tuam,
1723 4397 1903 4448 varios
1938 4409 2084 4447 mor-

518 4488 616 4541 bos
649 4499 849 4539 curans
886 4485 1190 4539 animarum
1244 4483 1462 4537 illorum
1493 4484 1587 4553 qui
1634 4497 1758 4537 eum
1802 4483 1904 4538 (ide
1933 4486 1999 4538 ad
2033 4492 2085 4538 te

517 4579 818 4640 accedunt,
869 4593 992 4645 quae
1038 4591 1097 4630 es
1144 4590 1312 4630 causa
1359 4575 1660 4639 bonorum,
1702 4589 1736 4628 ο
1788 4575 2080 4645 plurimum

514 4668 810 4726 laudanda.

596 4779 1104 4836 Erumnosissimae
1132 4779 1330 4835 anima:
1359 4795 1493 4834 mea:
1536 4779 1737 4835 ﬂuctus
1771 4780 2083 4850 tranquilla,

513 4873 780 4939 obsecro;
827 4882 882 4928 et
928 4872 1143 4927 dolores
1207 4873 1393 4928 carnis
1446 4886 1580 4926 meae
1619 4872 1770 4935 seda,
1802 4887 1924 4941 quae
1971 4874 2086 4927 sola

516 4965 724 5036 alisque
752 4964 1035 5020 doloribus
1068 4961 1234 5017 Deum
1267 4971 1616 5034 corporatura
1650 4963 1929 5032 peperisti.

2193 2029 2403 2092 πάντας
2461 2026 2814 2098 δροσίζουσαν
2859 2027 2986 2088 τοὺς
3039 2026 3473 2097 κεκρατημένους
3507 2029 3563 2096 τῇ
3605 2026 3704 2097 tiqu

2193 2123 2289 2191 τῆς
2312 2120 2608 2192 ἁμαρτίας,
2638 2119 2780 2172 πανύ
2791 2135 2958 2190 μνητε
2987 2117 3347 2188 εὐλογημένη,
3375 2118 3407 2186 ἡ
3432 2116 3550 2169 Θεὸν
3575 2120 3707 2187 σαρκὶ

2195 2217 2462 2285 κυήσασα.

2264 2307 2469 2378 Στῆσον
2497 2305 2683 2359 παθῶν
2715 2323 2816 2375 μου
2848 2304 2908 2358 τὸ
2947 2303 3119 2358 δεινὸν
3148 2301 3246 2356 νῦν
3272 2301 3572 2364 κλυδώνιον,
3595 2301 3704 2369 ἁγνὴ

2192 2402 2564 2471 εὐλογημένη,
2621 2400 2714 2452 καὶ
2761 2397 3071 2469 πολέμησον
3109 2397 3320 2460 πάντας
3355 2397 3476 2456 τοὺς
3517 2394 3705 2463 ἀφειδῶς

2191 2496 2256 2564 τῇ
2310 2495 2416 2565 ἐμῇ
2465 2491 2739 2562 πτωχείᾳ,
2780 2491 2954 2562 κόρη,
2987 2488 3423 2560 ἐπεμϐαίνοντας
3467 2486 3706 2556 δυσμενεῖς

2191 2587 2485 2656 ἁσάρκους,
2521 2585 2668 2646 ὅπως
2701 2583 2906 2646 πιστῶς
2935 2582 3089 2651 ὑμνῶ
3121 2597 3205 2634 σε.

2260 2676 2642 2739 Φαεινοτάταις
2684 2673 3061 2744 λαμπάσιτοῦ
3104 2676 3172 2727 ἐκ
3219 2671 3311 2726 σοῦ
3353 2671 3705 2743 σαρκωθέντος,

2194 2770 2435 2842 Παροὲνε
2479 2768 2756 2836 παναγία,
2797 2767 2938 2837 ὑπὲρ
2981 2765 3125 2831 νοῦν,
3171 2769 3221 2820 οἱ
3261 2765 3511 2818 Θεοτόκον
3545 2764 3708 2823 eloti—.3;

2193 2883 2251 2918 σε
2282 2863 2630 2934 φωτιζόμεθα
2679 2861 2896 2925 πίστει,
2940 2863 3032 2914 καὶ
3081 2861 3310 2922 σκότους
3352 2855 3708 2928 ὲκλυτρούμεθι

2190 2955 2380 3008 παθῶν
2401 2996 2415 3019 ,
2449 2954 2544 3007 καὶ
2573 2953 2836 3006 κινδύνων
2861 2952 2954 3006 καὶ
2983 2951 3206 3006 πάντων
3236 2953 3331 3003 τοῦ
3359 2950 3468 3021 βίου
3493 2949 3710 3016 περιστά-

2192 3066 2349 3105 σεων.

2206 3233 2307 3286 Ἐκ
2346 3229 2452 3283 τοῦ
2496 3228 2766 3293 Κανόνος
2799 3229 2886 3291 εις
2924 3225 3036 3291 τὴν
3075 3220 3456 3296 ἀνακομιδὴν
3480 3215 3708 3296 25331.19-

2264 3304 2476 3369 ψιίνων
2497 3297 2616 3352 τῶν
2636 3289 2820 3369 ἁγίων
2839 3289 3195 3365 ἁναργύρων
3219 3289 3414 3363 Κύρου
3437 3289 3529 3343 καὶ
3559 3289 3710 3342 Ἰωάνα

2259 3367 2391 3438 που,
2427 3369 2613 3439 ἡμέρᾳ
2652 3367 2758 3438 κη’.

2271 3553 2358 3618 Ὠς
2390 3553 2461 3606 τὰ
2497 3551 2654 3621 ἡμῶν
2690 3547 2960 3620 ὑπεροολῇ
3010 3545 3352 3615 ἁγαοότητος
3388 3535 3713 3610 οἰκειουμένη.

2189 3648 2431 3714 πάναγνε
2479 3643 2874 3713 Θεοχαρίτωτε,
2938 3637 3322 3710 ἀμαυρώσεως
3385 3636 3586 3702 πάσης,
3641 3627 3714 3682 καὶ

2189 3739 2388 3807 ζάλης,
2418 3736 2514 3790 καὶ
2543 3734 2802 3788 κινδύνων
2828 3734 3035 3796 πάντας
3063 3731 3360 3786 διάσωσον.

2258 3940 2368 4003 Τὰς
2414 3939 2602 4001 νόσους
2654 3935 2764 3989 τῶν
2824 3933 3029 4005 βροτῶν
3071 3932 3167 3986 τὸν
3227 3929 3617 4002 ἀφαιρούμενον
3651 3937 3712 3975 τε⁸

2187 4029 2392 4093 κοῦσαι,
2445 4028 2823 4096 παναμώμητε
2870 4023 3134 4094 Παρθένε,
3178 4021 3284 4092 τῆς
3333 4019 3511 4090 ψυχῆς
3547 4031 3634 4085 μου
3666 4010 3722 4062 τὰ

2189 4119 2571 4189 συντρίμματα
2614 4116 2708 4169 καὶ
2741 4114 2943 4185 σαρκὸς
2970 4118 3039 4166 τὰ
3073 4113 3368 4183 νοσήματα
3405 4107 3718 4178 θεράπευσον.

2256 4298 2512 4369 Συνήθως
2538 4299 2622 4368 ἐφ’
2647 4298 2794 4367 ἡμᾶς
2826 4296 2894 4350 τὰ
2931 4292 3160 4348 πλούσιά
3190 4311 3290 4347 σου
3321 4292 3468 4361 ὲλέη,
3497 4283 3716 4356 Παρθένε,

2189 4398 2372 4468 ῥᾶνον,
2415 4396 2698 4464 νοσήματα
2749 4392 2999 4444 παύουσα
3047 4389 3276 4444 ποικίλα
3308 4386 3530 4457 ψυχῶν,
3555 4379 3647 4433 τῶν
3679 4377 3722 4428 ἒν

2186 4486 2368 4539 πίστει
2407 4485 2742 4556 προσιόντων
2774 4500 2856 4536 σοι
2887 4485 2952 4553 τῇ
2987 4482 3096 4535 τῶν
3115 4480 3307 4534 καλῶν
3329 4477 3496 4548 αἰτίᾳ,
3517 4471 3715 4538 πολυύμ-

2186 4597 2310 4650 νητε
2320 4619 2333 4633 .

2260 4782 2497 4853 Κύματα
2523 4781 2764 4852 πράῢνον
2789 4779 2887 4847 τῆς
2924 4776 3233 4840 παναθλίας
3268 4793 3375 4846 μου
3404 4771 3594 4844 ψυχῆς,
3632 4766 3714 4818 δὲο-

2189 4892 2323 4946 μαι,
2378 4875 2472 4928 καὶ
2515 4877 2614 4944 τῆς
2672 4873 2873 4942 σαρκὸς
2909 4871 3119 4926 παῦσον
3150 4873 3254 4934 τὰς
3291 4871 3519 4933 ὀδύνας,
3550 4866 3578 4934 ή
3619 4861 3721 4932 μὸιη

2185 4963 2423 5018 τεκοῦσα
2453 4964 2675 5018 ἄνευθεν
2705 4964 2895 5016 ὀδίνων
2917 4963 3050 5016 Θεὸν
3085 4961 3537 5034 σωματούμενον.

588 5058 1052 5115 lntellectualibus
1087 5057 1348 5126 superior
1393 5055 1800 5126 potestatibus,
1855 5057 2003 5110 omni
2041 5057 2350 5116 seductoris
2377 5057 2583 5113 malitia
2632 5057 2970 5126 superiorem
3009 5073 3095 5110 me
3136 5056 3226 5112 fac
3285 5045 3726 5111 intercus-iambus

517 5155 647 5218 tuis,
701 5152 830 5207 dum
871 5159 924 5205 te
957 5165 1086 5206 cum
1136 5151 1436 5217 gratiarum
1469 5151 1684 5205 actione
1729 5165 1942 5220 semper
1972 5151 2235 5224 gloriiico.

588 5245 670 5300 Ab
707 5241 1026 5298 hominibus
1072 5241 1312 5304 infestis,
1347 5256 1378 5295 a
1417 5241 1757 5297 daemonibus
1798 5241 2048 5313 malignis
2072 5283 2087 5310 ,

514 5347 571 5393 et
599 5337 666 5392 ab
694 5335 842 5390 omni
874 5333 976 5388 alia
1011 5334 1358 5399 adversitate,
1397 5349 1549 5400 casu,
1581 5334 1842 5404 omnique
1872 5334 2091 5391 laesione

521 5431 687 5484 libera
735 5441 845 5492 me,
882 5425 1043 5496 Virgo
1072 5434 1283 5488 sancta,
1325 5434 1381 5479 et
1416 5427 1630 5481 custodi
1673 5443 1759 5482 me
1788 5426 2089 5483 concinen-

512 5534 662 5582 tem;
700 5519 1021 5575 Benedictus
1051 5534 1130 5583 es,
1169 5517 1316 5572 Deus
1348 5515 1595 5572 Patrum.

585 5635 644 5689 lu
676 5633 1032 5691 similitudine
1069 5631 1249 5686 carnis
1285 5631 1395 5696 ille,
1431 5631 1522 5702 qui
1551 5640 1635 5686 est
1666 5634 2087 5703 superciivinus,

515 5745 586 5785 ex
626 5738 676 5782 te
710 5727 983 5797 apparuit,
1032 5741 1065 5778 ο
1104 5723 1272 5794 Virgo
1322 5733 1493 5789 easta,
1541 5739 1703 5793 quem
1756 5725 2091 5780 incessanter

514 5822 843 5885 deprecare,
881 5827 936 5872 ut
988 5818 1312 5872 misereatur
1346 5817 1536 5885 nostri,
1575 5818 1668 5888 qui
1721 5833 1847 5874 cum
1883 5821 2085 5875 malitia

2272 5244 2598 5316 Ἀνθρὼπων
2655 5243 2844 5298 δεινῶν
2894 5242 2986 5296 καὶ
3035 5242 3319 5313 δαιμόνων
3381 5239 3624 5310 πονηρῶν
3659 5228 3732 5286 καὶ

2189 5337 2374 5408 πάσης
2430 5336 2600 5406 ἄλλης
2647 5334 3027 5403 κακοπραγίας
3075 5336 3169 5386 καὶ
3235 5333 3610 5408 συμπτώσεως
3659 5319 3734 5373 καὶ

2188 5405 2366 5500 πάστις
2392 5405 2691 5491 κακώάεως
2723 5427 2884 5499 ῥῦσαί
2920 5443 3010 5498 με,
3039 5425 3172 5496 ἁγία
3202 5405 3484 5496 Παρδένε,
3515 5421 3602 5474 καὶ
3634 5432 3734 5468 συν-

2187 5523 2426 5592 τήρησον
2453 5521 2747 5590 ψάλλονταο
2779 5520 3082 5590 Εὐλογητὸς
3109 5515 3180 5585 εἶ,
3215 5522 3246 5574 ὁ
3289 5517 3428 5583 Θεὸς
3461 5519 3491 5572 ὀ
3513 5514 3616 5568 τῶν
3646 5509 3734 5562 lla-

2184 5612 2384 5682 τέρπων.

2271 5727 2362 5780 Ἐν
2399 5726 2704 5798 ὁμοιώματι
2755 5727 2956 5795 σαρκὸς
2985 5729 3012 5780 ὁ
3043 5726 3344 5799 ύπέροεος,
3373 5726 3536 5796 ἁγνὴ,
3569 5725 3626 5774 ὲκ
3665 5713 3737 5770 σοῦ

2185 5821 2398 5894 ὡράοη,
2430 5822 2488 5876 ὃν
2514 5822 2809 5884 ἀπαύστως
2833 5821 3074 5875 δυσώπει
3102 5821 3403 5890 ἐλεηθῆναι
3435 5821 3576 5891 ἡμᾶς
3604 5812 3740 5875 κακίᾳ
