3996 6642
307 524 445 590 1137

1753 530 2118 597 MARIALE.

303 641 600 707 συζῶντας,
629 640 724 694 καὶ
742 640 1044 714 τρέμοντας
1070 642 1168 713 τῆς
1192 641 1574 714 αἱωνιζούσης,
1601 643 1867 715 Παρθένε,
1901 664 1924 710 Α

2007 649 2315 703 onvivimus
2371 657 2424 703 ct
2492 656 2752 704 aeternum
2835 655 3166 701 tormentum
3256 648 3548 700 contremi-

309 750 327 784 t
339 749 590 802 ιμωριας.

373 823 672 894 Φωτοειδὴς
704 823 780 888 ὡς
810 825 1008 893 νεφέλη
1030 864 1046 889 ,
1094 825 1186 878 τὸν
1224 827 1322 895 τῆς
1366 826 1714 898 δικαιοσύνης
1745 845 1876 882 κατ-

305 914 507 984 έχουσα
532 915 797 982 ἀγκάλαις
822 933 938 981 σου,
964 915 1122 988 ἁγνὴ,
1145 917 1333 972 Ἥλιον
1363 919 1556 972 ἄδυτον
1580 921 1837 989 πέφυκας
1859 927 1872 950 ί

306 1008 393 1060 διὰ
418 1007 578 1061 τοῦτο
608 1009 715 1090 βοῶ
748 1027 864 1063 σοι·
900 1010 1118 1074 Πολλοῖς
1155 1013 1538 1083 ἐσκοτισμένον
1577 1030 1644 1083 με
1688 1016 1877 1076 κακοῖς

307 1098 732 1170 φωταγωγησον,
761 1101 920 1173 κόρη,
946 1102 1242 1168 ἀπαύστως
1266 1121 1323 1157 σε
1351 1092 1698 1176 γεραίροντα.

1981 757 2056 797 SC!
2067 757 2208 798 mus.

2052 833 2215 890 Facta
2247 847 2328 897 es,
2367 848 2399 888 ο
2436 842 2608 897 casta,
2645 833 2792 886 velut
2824 832 2990 886 nnbes
3022 829 3201 886 lucida
3226 869 3242 895 ,
3307 845 3428 899 quae
3466 829 3551 898 jn-

1983 926 2146 982 stitiae
2202 925 2384 980 Solem
2423 924 2771 980 inocciduum
2823 923 2970 980 ulnis
3015 921 3379 978 conticuisti:
3436 919 3554 974 ideo

1983 1019 2159 1072 clamo
2197 1017 2262 1070 ad
2295 1027 2378 1073 te;
2426 1014 2676 1070 lllumina
2727 1030 2834 1080 me,
2869 1029 2902 1066 ο
2934 1012 3134 1082 puella,
3169 1011 3354 1067 multis
3403 1009 3554 1066 malis

1987 1108 2425 1170 obtenebratnm,
2455 1107 2583 1162 dum
2616 1115 2667 1161 te
2693 1106 3032 1160 incessanter
3067 1104 3301 1158 honoro.

1140 1219 1295 1290 133
1336 1220 1418 1274 Ea:
1476 1221 1688 1277 Canam:
1735 1227 1788 1278 in
1847 1228 1902 1282 S.
1950 1227 2260 1297 Hypatium,
2288 1225 2372 1279 die
2400 1223 2470 1279 '28
2506 1222 2712 1295 (64⁸⁸⁵).

381 1329 652 1385 Salvatori
683 1344 748 1385 ac
776 1330 888 1385 Deo
920 1348 984 1386 ex
1017 1334 1186 1389 castis
1217 1336 1582 1404 sanguinibns
1611 1341 1721 1394 tuis
1750 1356 1876 1392 ror-

314 1439 416 1492 pus
444 1421 666 1485 ded-isti,
692 1439 726 1478 o
758 1421 920 1493 Virgo
967 1426 1250 1493 inviolata,
1278 1434 1369 1499 qui
1397 1429 1544 1486 dedit
1580 1435 1739 1489 nobis
1787 1453 1879 1490 sa-

323 1513 554 1578 pientem
591 1513 942 1568 Hierarcbam
975 1530 1160 1579 suum,
1190 1518 1533 1576 salutiferam
1563 1539 1629 1579 ac
1667 1525 1886 1581 ferren-

320 1613 430 1657 tem
487 1603 856 1668 defensorem,
890 1622 1012 1660 vere
1030 1609 1403 1665 admirabilem
1441 1612 1754 1685 Hypatium.

394 1696 522 1752 Esto
553 1698 684 1752 mihi
708 1699 934 1767 prepilia
959 1701 1012 1754 in
1052 1701 1139 1755 die
1191 1703 1392 1759 Christi
1449 1707 1776 1766 formidabili
1820 1728 1885 1768 ac

321 1788 622 1852 tremenda,
652 1803 692 1842 ο
725 1791 814 1843 Dei
841 1789 1032 1857 Mater,
1093 1793 1252 1863 Virgo
1289 1799 1522 1866 genitrix
1545 1799 1731 1867 Maria,
1757 1820 1879 1875 quae

321 1880 580 1936 omnibus
610 1880 734 1937 Filii
793 1883 872 1938 tui
933 1888 1195 1942 creaturis
1225 1905 1283 1942 es
1315 1890 1623 1959 sublimior,
1684 1897 1886 1967 quippe

319 1990 443 2043 qum
469 1973 582 2027 sola
615 1974 791 2040 ipsum
829 1979 1318 2045 supernaturaliter
1346 1982 1583 2038 lactasti.

395 2065 560 2134 Virgo
595 2064 786 2131 Mater,
827 2085 948 2138 quae
981 2069 1148 2124 Deum
1208 2073 1551 2130 incarnatum
1609 2080 1867 2146 peperisti

328 2170 524 2221 graves
547 2164 598 2206 et
621 2156 1046 2212 innumerabiles
1066 2161 1262 2216 anima:
1285 2177 1417 2216 mete
1437 2163 1621 2233 lapsus
1641 2166 1890 2236 expians,

323 2248 473 2301 salva
495 2264 581 2302 me
616 2248 1006 2304 intercessione
1036 2262 1144 2306 tua.
1317 2249 1325 2253 ’

398 2337 710 2393 Gratiarum
753 2349 966 2394 tuarum
1000 2341 1166 2402 ﬂuvii.
1211 2353 1263 2397 et
1295 2343 1472 2401 fontes
1520 2349 1889 2419 curationum,

330 2438 387 2482 et
411 2429 720 2483 divinarum
753 2431 1064 2486 divitiarum
1103 2433 1524 2491 distributiones
1554 2438 1892 2510 dividuntur,

325 2536 358 2572 o
391 2518 481 2571 Dei
511 2519 740 2590 Sponsa,
773 2538 835 2574 ex
879 2538 1042 2576 manu
1087 2524 1198 2586 illa,
1232 2525 1375 2579 unde
1423 2529 1532 2582 vita
1566 2529 1908 2601 principium

327 2612 536 2677 habuit,
567 2612 970 2684 Omnipotentis
997 2618 1088 2685 qui
1123 2634 1184 2671 ex
1219 2627 1377 2673 utero
1413 2631 1507 2675 tuo
1532 2632 1693 2677 natus
1717 2634 1820 2678 est.

407 2704 739 2772 Satu'entiam
773 2703 863 2760 Dei
893 2707 1282 2762 subsistentem
1319 2712 1598 2780 peperisti,
1637 2714 1893 2771 inviolata

333 2793 499 2866 Virgo
527 2797 778 2865 Deipara,
810 2815 931 2868 qua:
970 2811 1192 2856 sanctos
1251 2804 1685 2870 sapientissimos
1743 2806 1891 2868 fecit.

328 2903 426 2955 per
455 2904 595 2958 quos
628 2889 848 2944 malitia:
877 2892 1158 2947 architecti
1214 2895 1405 2950 cecidit
1445 2895 1641 2964 fastus,
1683 2909 1737 2953 et
1766 2916 1892 2970 pes-

329 2980 466 3033 sima
501 2981 961 3038 machinamenta.

864 3159 1020 3214 MHN
1055 3161 1351 3218 ΙΟΥΛῘΟΣ.

343 3289 446 3346 Ἐκ
473 3291 581 3347 τοῦ
611 3296 996 3373 Κατόνοςεις
1031 3296 1187 3373 τοὺς,
1209 3298 1420 3373 ἁγίους
1442 3299 1749 3370 μάρτυρας
1786 3306 1894 3359 Κο-

611 3366 776 3433 σμᾶν
805 3366 904 3420 καί
938 3366 1268 3436 Λαμιακὸν,
1305 3366 1496 3440 mem
1521 3366 1596 3428 α’.

402 3494 467 3550 Σὲ
495 3497 586 3552 τοῦ
619 3498 752 3552 θεοῦ
784 3499 844 3554 τὺ
875 3502 1094 3573 χωρίον,
1118 3504 1216 3576 τὴν
1243 3506 1439 3578 νοητὴν
1467 3509 1766 3580 τράπεζαν,
1799 3515 1900 3584 τὴν

329 3587 594 3659 καλλονὴν
633 3590 726 3644 τοῦ
767 3592 986 3659 Ἰακὼϐ,
1022 3595 1122 3664 τὴν
1165 3596 1458 3653 άδιάδατον
1495 3604 1770 3674 γέφυραν,
1807 3609 1901 3660 καὶ

327 3680 670 3736 ἀδιάσειστον
691 3684 954 3756 κλίμακα,
985 3687 1241 3759 ἄχραντε,
1265 3693 1321 3745 αἱ
1343 3697 1530 3761 γενεαὶ
1563 3697 1671 3749 τῶν
1697 3699 1900 3766 γενεῶν

331 3773 728 3845 μακαρίζομεν.

413 4033 472 4087 '0
495 4035 723 4106 φοϐερὸς
743 4040 863 4102 ταῖς
890 4041 1002 4094 ἄνω
1027 4045 1382 4114 στρατηγίαις
1413 4048 1470 4100 ὲν
1497 4049 1580 4100 σοὶ
1608 4049 1900 4119 ἀφράστως

329 4123 547 4198 ᾤκησε,
587 4130 977 4203 καθαρωτέραν
1020 4136 1272 4206 εὑρηκὼς
1306 4139 1509 4208 ὁρατῆς
1551 4141 1643 4192 καὶ
1677 4142 1902 4209 νοουμέ-

329 4231 462 4286 νης,
502 4217 640 4288 ἁγνὴ
670 4219 914 4291 Παρθένε
936 4262 950 4287 ,
997 4223 1212 4292 φύσεως
1232 4242 1246 4257 ο
1275 4227 1358 4279 διό
1394 4243 1453 4279 σε
1497 4229 1897 4298 μακαρίζομεν.

418 4396 484 4450 Ἦ
521 4399 747 4469 λαμπὰς
773 4400 866 4454 τοῦ
917 4400 1062 4455 θείου
1096 4405 1294 4472 φωτὸς.
1331 4405 1364 4475 ἡ
1401 4405 1647 4476 ἀνωτέρα
1682 4409 1902 4462 πάντων

329 4487 442 4541 τῶν
472 4491 817 4560 ποιημάτων,
848 4495 880 4558 ἡ
918 4492 1008 4546 τὸν
1035 4494 1321 4566 ἄνθρωπον
1352 4495 1625 4566 θεώσασα,
1664 4499 1740 4564 ὡς
1769 4499 1902 4554 Θεὸν

331 4577 587 4650 κυήσασα
609 4619 623 4641 ,
653 4582 746 4632 καλ⁸
771 4580 1031 4646 Θεοτόκος
1055 4583 1355 4650 δοξάζεται.

417 4671 720 4727 Ἀνάτειλὸν
752 4691 866 4742 μοι,
898 4675 1188 4738 Δέσποινα,
1227 4676 1422 4730 ἀκτῖνα
1454 4677 1608 4742 Θείας
1646 4680 1900 4748 γνώσεως

330 4763 412 4832 τῷ
440 4765 499 4817 ὲν
527 4763 606 4834 τῷ
639 4765 816 4834 σκότῳ
849 4768 948 4836 τῆς
985 4767 1262 4834 ἀγνωσίας
1297 4767 1486 4832 δεινῶς
1523 4772 1896 4842 συνεχομένῳ,

333 4855 431 4907 καὶ
468 4856 603 4924 προς
642 4856 756 4926 φῶς
795 4857 1058 4928 ὁδήγησον
1101 4859 1414 4929 μετανοίας,
1447 4860 1706 4933 ἄχραντε,
1755 4864 1898 4934 πύλη

330 4942 392 4998 οὗ
402 4963 469 4998 σα
494 4945 587 4998 τοῦ
613 4949 810 5016 φωτός.

405 5037 587 5090 Σῶσὸν
642 5056 730 5109 με,
782 5040 1086 5110 ήτεκοῦσα
1127 5043 1219 5094 τὸν
1271 5043 1538 5114 Σωτῆραο
1591 5044 1752 5114 βυθὸς
1795 5047 1904 5119 γάρ

331 5130 699 5200 συνταράσσει
741 5147 808 5200 με
861 5132 1316 5203 ἁμαρτημάτων,
1382 5137 1476 5188 καὶ
1525 5136 1777 5206 χειμάζει
1833 5156 1902 5206 με

331 5218 625 5272 κλυδώνιον
673 5220 905 5290 ἡδονῶν,
958 5224 1052 5276 καὶ
1099 5224 1234 5292 ζάλη
1278 5222 1387 5277 τῶν
1428 5229 1757 5298 πνευμάτων
1803 5229 1904 5300 τῆς

333 5310 602 5379 πονηρίας
631 5312 869 5364 ἐκθλίϐει
907 5330 994 5383 με.

409 5405 793 5474 Καταδήσεται
820 5408 1073 5476 Χριστὸς,
1106 5408 1182 5471 ὡς
1220 5409 1369 5471 ὑετὸς
1399 5410 1490 5462 ἐπὶ
1518 5411 1702 5475 πόκον,
1737 5413 1794 5462 ὲν
1836 5413 1901 5481 τῇ

330 5500 536 5571 γαστρί
578 5518 692 5564 σου,
730 5501 1120 5573 θεοχαρίτωτε,
1159 5503 1251 5553 καὶ
1280 5502 1403 5564 τοὺς
1435 5503 1768 5573 χειμάρρους
1803 5502 1902 5570 τῆς

330 5594 566 5664 ἀνομίας
614 5594 954 5648 καταπαύσει
995 5595 1071 5658 ὼς
1119 5593 1269 5659 Θεὸς,
1313 5595 1407 5647 καὶ
1455 5593 1764 5664 ἀφθαρσίαν
1810 5595 1906 5648 καὶ

332 5686 482 5757 ζωὴν
507 5686 747 5756 πηγάσει
776 5689 890 5750 τοῖς
932 5688 1246 5758 μέλπουσιν,
1293 5686 1598 5757 Εὐλογητὸς
1641 5689 1669 5741 ὁ
1698 5687 1829 5752 Θεὸς
1877 5688 1905 5740 ὁ

333 5776 445 5829 τῶν
471 5777 756 5848 Πατέρων.

415 5954 596 6020 (ϐίω)
630 5957 980 6012 Desideratur
1015 5957 1067 6013 in
1099 5957 1334 6013 Mcnwis.

2045 1341 2089 1395 Ο
2115 1339 2441 1394 miraculum
2489 1337 2737 1391 omnium
2771 1334 3165 1389 miraculorum
3227 1329 3557 1390 niaximum.

1979 1435 2123 1504 quod
2166 1432 2329 1501 Virgo
2385 1431 2702 1499 concipiens
2757 1429 2877 1483 sine
2908 1427 3048 1480 virili
3083 1440 3246 1494 opera
3283 1424 3337 1477 itt
3402 1432 3560 1476 utero

1980 1543 2080 1580 suo
2117 1527 2270 1580 illum
2334 1525 2423 1592 qui
2461 1524 2712 1576 universa
2769 1518 3171 1588 complectitur,
3234 1517 3388 1571 illum
3447 1529 3552 1568 non

1983 1634 2080 1674 coa
2091 1616 2305 1671 rctavit.

2059 1707 2103 1763 Ο
2141 1707 2232 1762 Dei
2275 1721 2472 1774 sponsa
2514 1701 2700 1772 Virgo,
2736 1715 2859 1773 quae
2895 1701 3103 1770 absque
3141 1697 3398 1768 nuptialis
3429 1697 3551 1750 tha-

1989 1799 2118 1855 lami
2148 1798 2542 1868 experimento,
2605 1804 2659 1850 et
2688 1794 2899 1863 absque
2953 1791 3180 1848 seminis
3216 1791 3564 1859 corruptione

1994 1891 2345 1962 llnigenitum
2386 1887 2566 1943 Patris
2598 1885 2918 1955 concepisti,
2975 1883 3116 1938 etin
3175 1897 3340 1936 carne
3401 1896 3570 1951 pepe-

1993 1985 2132 2046 risti,
2170 1999 2236 2038 ex
2272 1979 2636 2036 immaculatis
2666 1977 3026 2048 sanguinibus
3078 1973 3214 2040 tuis,
3273 1987 3343 2027 ne
3381 1987 3573 2028 cesses

1994 2091 2181 2146 preces
2209 2071 2488 2129 etl‘undere
2530 2086 2627 2141 pro
2658 2071 2835 2124 salute
2869 2066 3082 2121 mundi.

2063 2167 2145 2222 Me
2177 2164 2360 2220 multis
2385 2161 2644 2233 periculis
2678 2159 3103 2220 circumdatum,
3125 2166 3183 2212 et
3211 2163 3560 2227 peccatorum

1996 2263 2316 2326 tempestate
2352 2251 2822 2325 periculosissime
2849 2250 3140 2320 iactatum,
3179 2248 3351 2316 dirige
3418 2262 3566 2300 nunc

1996 2349 2234 2420 Spiritus
2261 2346 2436 2400 sancti
2469 2359 2604 2400 aura
2638 2342 2706 2399 ad
2742 2341 3154 2412 pacatissimam
3189 2340 3498 2400 stationem,
3533 2354 3566 2389 υ

1995 2440 2086 2496 Dei
2121 2440 2349 2511 genitrix
2404 2437 2655 2500 Domina,
2714 2447 2903 2505 portus
2942 2433 3087 2488 enim
3135 2449 3194 2488 es
3223 2430 3566 2486 Christiano-

1997 2547 2160 2597 rum;
2205 2531 2561 2601 quamobrem
2595 2538 2646 2582 te
2707 2523 2866 2597 134
2917 2524 3206 2580 laudamus
3272 2524 3325 2578 in
3383 2521 3568 2577 omnia

1995 2625 2218 2679 smeula.

2067 2715 2236 2770 Mater
2265 2711 2901 2769 Creatorislucidissima
2937 2718 3259 2764 maestorum
3312 2705 3570 2761 consola-

1999 2809 2092 2871 tio,
2127 2806 2547 2878 perielitantium
2584 2804 2878 2875 protectio,
2914 2812 2969 2859 et
3006 2801 3375 2858 laborantium
3409 2800 3567 2853 anxi-

1999 2903 2154 2961 lium.
2191 2910 2354 2968 atque
2381 2897 2765 2966 :egrmantium
2793 2897 2946 2950 velox
3005 2894 3272 2955 visitatio,
3334 2899 3391 2945 tu
3457 2905 3564 2951 me,

1999 2987 2238 3065 quandiu
2274 2990 2482 3052 vixero,
2512 2987 2751 3043 custodi.
2837 2995 2839 2997 '

2490 3157 2741 3214 MENSIS
2773 3155 3040 3212 .IULIUS.

1999 3296 2084 3352 Ea:
2111 3295 2323 3354 Canone
2346 3296 2399 3349 in
2433 3294 2566 3364 {esto
2591 3291 2693 3349 SS.
2726 3290 2954 3416 συὲηιαί,
2983 3299 3033 3345 et
3068 3290 3320 3345 Damimti
3367 3297 3569 3361 marty-

2598 3379 2742 3416 rum.
2841 3378 2888 3416 te
2951 3398 2965 3415 .

2598 3379 2742 3425 rum,
2803 3378 2888 3416 ate
2916 3378 2936 3416 ι
2951 3398 2965 3415 .

2075 3501 2151 3557 Te
2187 3501 2280 3556 Dei
2315 3499 2497 3556 sedem
2553 3511 2618 3554 ac
2672 3494 3099 3567 possessionem,
3135 3506 3377 3547 mensam
3414 3491 3573 3560 spiri-

2005 3594 2190 3658 talem,
2232 3593 2468 3664 speciem
2511 3606 2576 3646 ac
2611 3587 3071 3660 pulchritudinem
3105 3583 3294 3650 Jacob,
3354 3593 3570 3653 pontem

2004 3685 2235 3756 trajectu
2281 3681 2660 3738 felicissimum
2695 3694 2761 3734 ac
2807 3676 3154 3740 facillimum,
3224 3674 3424 3730 scalam
3457 3681 3574 3727 sta-

2002 3777 2166 3832 bilem
2201 3783 2366 3845 atque
2405 3772 2773 3835 immobilem,
2829 3783 3028 3824 omnes
3061 3765 3344 3820 hominum
3413 3779 3576 3834 gene-

2003 3869 2244 3923 rationes
2284 3881 2408 3921 cnm
2444 3863 2636 3919 aﬂ‘ectu
2672 3863 2888 3917 beatam
2927 3870 3329 3927 nuncupamus,
3380 3870 3416 3909 ο
3466 3856 3572 3908 im-

2004 3957 2305 4012 maculata.

2071 4047 2166 4102 Ille
2197 4046 2287 4116 qui
2316 4044 2678 4099 formidabilis
2719 4050 2800 4096 est
2823 4039 3076 4110 supernis
3106 4037 3459 4097 exercitibus,
3518 4035 3572 4088 in

2009 4147 2064 4193 te
2095 4136 2450 4193 inenarrabili
2488 4135 2648 4190 modo
2669 4133 2955 4194 habitavit,
2982 4145 3014 4182 ο
3043 4139 3193 4184 casta
3222 4127 3408 4197 Virgo,
3447 4143 3573 4182 cum

2006 4240 2058 4284 te
2087 4229 2238 4283 onmi
2269 4237 2466 4282 natura
2516 4225 2739 4288 visibili,
2803 4232 2968 4292 atque
2999 4218 3331 4288 intelligibili
3393 4216 3575 4287 purio-

2009 4336 2123 4375 rem
2162 4318 2457 4374 invenisset
2493 4334 2506 4371 :
2542 4325 2830 4388 propterea
2866 4322 2918 4368 te
2962 4313 3178 4366 beatam
3220 4308 3573 4380 appellamus.

2078 4413 2311 4481 Lampas
2337 4409 2534 4465 divina:
2571 4408 2732 4470 lucis,
2772 4403 3024 4475 superior
3046 4400 3304 4456 omnibus
3347 4407 3570 4455 creatu-

2005 4505 2100 4570 ris,
2155 4517 2277 4574 quze
2336 4501 2612 4557 hominem
2658 4497 2954 4559 deiﬁcavit,
2994 4495 3194 4566 quippe
3231 4507 3352 4563 quae
3406 4491 3576 4545 Deum

2005 4595 2297 4668 pepererit,
2356 4594 2588 4663 Deipara
2625 4589 2982 4662 gloriﬁcatur.

2074 4686 2217 4743 Oriri
2253 4685 2339 4741 fac
2369 4700 2534 4754 super
2559 4698 2667 4748 me,
2703 4682 2950 4745 Domina,
2985 4679 3200 4734 radium
3227 4676 3425 4730 divinae
3475 4691 3570 4729 co-

2004 4779 2284 4850 gnitionis.
2315 4793 2442 4834 cum
2467 4775 2704 4832 tenebris
2732 4772 3057 4844 ignorantia:
3073 4770 3309 4843 graviter
3340 4783 3578 4838 oppres-

2002 4889 2098 4926 sus
2131 4871 2357 4937 sim;et
2384 4870 2561 4924 deduc
2616 4883 2704 4922 me
2758 4865 2828 4920 ad
2892 4864 3079 4918 lumen
3135 4859 3494 4932 penitentiaz,
3544 4873 3584 4912 θ

2005 4963 2377 5026 immaculata,
2411 4977 2533 5016 cum
2566 4961 2642 5014 sis
2674 4965 2827 5027 porta
2861 4956 3022 5010 lucis.

2085 5055 2244 5109 Salva
2287 5069 2396 5118 me,
2433 5063 2491 5106 tu
2530 5064 2654 5118 quae
2720 5046 3060 5102 Salvatorem
3096 5042 3398 5114 peperisti;
3447 5056 3578 5110 pro-

2013 5145 2242 5202 fundum
2271 5143 2474 5214 quippe
2498 5147 2846 5211 peccatorum
2883 5136 3181 5192 conturbat
3212 5151 3330 5198 me;
3364 5141 3420 5186 et
3446 5146 3576 5186 exa-

2013 5237 2149 5305 gitat
2187 5249 2271 5289 me
2301 5241 2598 5301 tempestas
2656 5228 3246 5298 concupiscentiarum,
3316 5223 3577 5292 maligno-

2012 5340 2242 5392 rumque
2275 5323 2560 5392 spirituum
2596 5319 2830 5388 procella
2864 5317 3050 5388 aﬂligit
3085 5331 3191 5370 me.

2090 5415 2245 5486 135
2270 5413 2565 5468 Descendet
2586 5411 2838 5466 Christus
2861 5411 3002 5465 sicut
3027 5408 3208 5477 pluvia
3228 5406 3284 5459 in
3310 5404 3500 5462 vellus,
3525 5401 3580 5453 in

2015 5518 2227 5561 uterum
2267 5514 2442 5568 tuum,
2475 5519 2508 5558 o
2538 5505 2646 5557 Deo
2673 5503 3002 5556 charissima
3029 5518 3044 5568 ;
3086 5508 3142 5554 ct
3175 5505 3444 5552 torrentes
3472 5493 3578 5546 ini-

2012 5596 2236 5667 quitatis
2259 5609 2477 5651 cessare
2507 5594 2685 5658 faciet,
2723 5601 2908 5662 utpote
2943 5591 3123 5656 Deus;
3159 5599 3322 5659 atque
3352 5587 3578 5642 immor-

2015 5691 2275 5746 talitatem
2309 5702 2374 5744 ac
2411 5687 2580 5742 vitam
2614 5687 2668 5740 in
2700 5685 2921 5739 modum
2967 5682 3136 5738 fontis
3183 5679 3458 5736 emanabit
3513 5675 3583 5731 iis

2015 5781 2106 5850 qui
2147 5789 2350 5836 canunt
2388 5797 2401 5835 :
2446 5778 2764 5835 Benedictus
2814 5775 2958 5832 Deus
2983 5773 3225 5830 Patrum.

3416 535 3564 596 1138’
3607 527 3646 572 ’θ
