3996 6640
543 492 677 559 1³39

539 710 624 754 tor
656 702 926 768 omnium,
966 714 1129 773 atque
1158 706 1322 759 exivit
1361 706 1431 759 ah
1480 716 1637 761 utero
1664 716 1778 771 tuo,
1840 711 2102 781 virginem

539 805 591 846 te
616 808 966 850 conservans.
999 793 1044 850 0
1065 796 1388 851 miraculum
1424 798 1844 854 miraculorum!
1876 818 1909 856 0
1944 819 2106 857 noro-

539 898 657 936 rum
721 886 1105 954 mysteriorum
1170 886 1576 953 manifestatio,
1616 906 1736 958 quze
1771 891 1823 943 in
1873 900 1924 946 te
1962 891 2102 947 facta

537 984 664 1029 sunt
702 975 755 1029 in
784 978 965 1031 omnia
997 979 1217 1033 smeula.

605 1066 648 1121 0
687 1069 859 1139 virgo,
888 1085 1005 1139 quae
1038 1071 1173 1139 ipsis
1199 1070 1495 1126 Cherubim
1533 1075 1785 1143 superior
1842 1081 2101 1147 apparui-

536 1158 626 1221 sti,
658 1158 807 1214 elIice
840 1170 1075 1215 tuentem
1115 1178 1291 1216 meam
1319 1165 1634 1220 carnalibus
1698 1170 2098 1239 concupiscen-

537 1253 626 1305 tiis
658 1253 890 1321 vita-que
927 1254 1322 1309 leutationibus
1369 1258 1753 1325 superiorem;
1781 1269 1835 1313 et
1859 1264 2097 1319 concede

536 1343 667 1396 mihi
706 1354 762 1397 ut
823 1345 1075 1414 expedite
1130 1345 1393 1416 facileque
1434 1348 1677 1402 incedam
1716 1366 1813 1419 pro
1874 1355 2097 1410 semitas

536 1435 823 1497 salutares,
856 1452 977 1505 quae
1015 1438 1221 1491 ducunt
1250 1439 1317 1492 ad
1350 1453 1641 1508 supernam
1710 1442 2009 1512 civitatem,
2062 1464 2095 1499 υ

536 1526 896 1579 Immaculata.

1659 506 1719 566 S.
1762 506 2073 567 JOSEPHI
2118 511 2681 573 ΙΙΥΜΝΟΟΒΑΙἪΙ

597 609 687 663 ~Ex
720 608 891 663 sacris
920 610 1281 678 sanguinibus
1334 613 1441 668 tuis
1477 614 1794 671 incarnatus
1824 617 2098 672 cstCrea-
2127 626 2168 684 Α

3582 535 3684 599 lllll

2286 622 2375 687 Ἐξ
2404 624 2653 693 αἱμάτων
2692 640 2787 676 σου
2829 624 2991 692 ἱερῶν
3023 625 3402 695 σεσάρκωταιὸ
3438 635 3689 712 [llas-.mp-

2207 715 2306 782 γὺς
2354 717 2383 767 ὁ
2431 716 2684 781 πάντων,
2716 716 2809 768 καὶ
2857 716 2952 769 σοῦ
2987 717 3254 788 προῆλθεν
3283 722 3341 773 ἐκ
3383 730 3612 796 γαστρὸς,
3644 737 3690 788 σὲ

2213 807 2487 877 παρθένον
2541 808 2910 877 διαφυλάξαςο
2970 808 3015 861 ὢ
3078 808 3262 878 θαῦμα
3321 812 3606 886 θαυμάτωνὶ
3660 825 3695 878 ὣ

2210 901 2413 954 καινῶν
2455 902 2765 972 μυστηρίων
2810 903 3115 973 φανέρωσις
3149 904 3208 957 ὲν
3237 905 3315 958 σοὶ
3360 915 3695 981 πεπραγμένων

2210 994 2290 1053 είς
2318 992 2527 1055 πάντας
2554 995 2679 1055 τοὺς
2708 994 2941 1055 αἱῶναςῐ
3586 1016 3587 1019 η

2279 1083 2535 1149 Φανεῖσα,
2572 1084 2837 1154 Παρθένε,
2870 1083 2979 1137 τῶν
3005 1084 3286 1155 Χερουϐὶμ
3311 1086 3549 1156 ἀνωτέρα,
3591 1093 3701 1148 ἀνώ-

2206 1195 2363 1249 τερον
2410 1179 2721 1248 ὰπέργασαι
2763 1181 2854 1233 τὸν
2882 1179 3006 1234 νοῦν
3042 1198 3144 1251 μου
3189 1182 3293 1235 τῶν
3332 1187 3577 1254 σαρκικῶν
3604 1190 3701 1257 ἠδο-

2202 1269 2331 1333 νῶν,
2392 1272 2488 1323 καὶ
2534 1271 2627 1325 τοῦ
2660 1272 2775 1342 βίου
2809 1275 3158 1344 πειρασμῶν,
3204 1276 3293 1327 καὶ
3336 1275 3467 1330 δίδου
3506 1279 3702 1347 βαδίζειν

2202 1359 2476 1424 εὐσταλῶς
2526 1364 2625 1425 τὰς
2680 1364 2981 1435 σωτηρίους
3029 1364 3268 1435 τρίϐους,
3328 1365 3419 1431 τὰς
3464 1369 3704 1438 φερούσας,

2203 1451 2458 1523 ἄχραντε,
2495 1454 2628 1524 πρὸς
2660 1455 2759 1526 τὴν
2791 1456 2903 1509 ἄνω
2934 1455 3106 1511 πόλιν.

1115 1643 1197 1696 Ea:
1226 1644 1437 1699 Canone
1463 1647 1571 1701 alio
1595 1651 1648 1702 in
1684 1647 1782 1703 SS.
1812 1650 2113 1720 Anni-gyros
2158 1651 2426 1717 Cosmum,
2482 1664 2531 1709 et
2578 1655 2894 1709 Damianum
2954 1657 3176 1727 (64"").

606 1757 942 1811 Salvatorem
978 1774 1039 1812 ac
1071 1760 1237 1813 Deum
1272 1775 1337 1813 ex
1385 1762 1551 1816 castis
1589 1763 1949 1832 sanguinibus
1983 1765 2094 1821 tuis

535 1851 863 1919 corporasti,
896 1864 930 1904 o
965 1865 1097 1919 pura
1138 1860 1193 1905 et
1247 1852 1525 1917 inviolata,
1587 1855 1677 1924 qui
1735 1855 1883 1909 dedit
1938 1857 2097 1912 nobis

2274 1768 2559 1840 Templum
2592 1772 2856 1827 mundum
2894 1773 3021 1828 fecit
3054 1782 3128 1838 te,
3176 1773 3419 1840 Domina,
3456 1775 3710 1830 mundissi-

2207 1876 2356 1914 mum
2398 1861 2557 1932 136
2601 1861 2860 1928 Verbum,
2898 1864 3043 1934 quod
3094 1864 3334 1919 divinam
3362 1865 3709 1938 Anargyrorum

534 1942 800 1996 salutares
841 1943 1079 1996 medicos
1103 1943 1416 2013 passionum
1442 1956 1773 2011 nostrarum,
1805 1955 1859 2001 et
1890 1948 2105 2002 ferven-
2137 1944 2177 2002 Β
2209 1952 2507 2007 Ecclesiam
2535 1954 2707 2025 signis
2739 1970 2803 2010 ac
2840 1955 3102 2026 prodigiis
3159 1970 3375 2025 semper
3434 1957 3711 2026 magnilicat.

536 2041 617 2087 tes
643 2032 978 2099 defensores,
1013 2034 1287 2102 sapientes
1316 2036 1626 2105 Anargyros
1660 2038 1711 2090 in
1742 2037 1956 2105 spiritu.

605 2124 681 2180 Te
714 2126 1173 2195 speciosissimam
1218 2126 1359 2179 inter
1387 2128 1643 2181 mulieres
1669 2129 1828 2197 elegit
1857 2128 2016 2195 Deus,
2048 2141 2102 2184 et

533 2236 598 2273 ex
638 2228 689 2273 te
720 2218 1095 2288 corporaliter,
1130 2235 1162 2271 o
1193 2229 1366 2283 casta,
1400 2221 1547 2273 nasci
1599 2222 1930 2291 complacuit
1972 2224 2098 2288 sibi,

533 2312 624 2380 qui
652 2311 941 2380 requiesrit
976 2311 1028 2365 in
1058 2312 1263 2366 sanctis
1293 2313 1433 2367 suis.

599 2400 994 2471 Compassioue
1023 2411 1113 2456 tua
1142 2402 1364 2472 dignum
1398 2419 1485 2458 me
1514 2404 1620 2467 fac,
1653 2420 1685 2459 ο
1722 2404 1889 2476 Virgo
1919 2406 2095 2461 invio-

532 2498 661 2557 lata,
695 2507 816 2562 quae
848 2494 1105 2562 peperisti
1161 2493 1393 2548 Verbum
1448 2495 1607 2549 unice
1663 2499 2099 2566 compassivissi-

534 2602 706 2647 mum,
745 2586 891 2655 quod
921 2587 1198 2641 concessit
1224 2586 1496 2641 universis
1532 2588 1731 2643 finibus
1767 2598 1922 2643 terra:
1950 2590 2094 2646 San—

532 2685 650 2730 ctos
689 2676 1084 2745 cornpatienles
1114 2676 1371 2742 medicos,
1404 2688 1458 2731 et
1489 2679 1878 2734 miraculorum
1910 2690 2095 2751 patra-

533 2778 705 2824 tores.

604 2858 939 2930 Sapientiam
978 2861 1068 2917 Dei
1104 2862 1515 2919 substantialem
1558 2866 1839 2936 peperisti,
1876 2882 1909 2919 o
1932 2866 2097 2936 Virgo

532 2950 793 3007 inviolata
821 2951 1073 3023 Dcipara,
1102 2969 1224 3024 quat
1263 2966 1480 3011 sanctos
1513 2958 1951 3028 sapientissimos
1997 2974 2097 3013 no-

532 3043 618 3098 bis
664 3047 961 3110 concessit,
1002 3061 1099 3117 per
1124 3062 1265 3117 quos
1288 3048 1509 3103 malitiae
1566 3050 1851 3105 architecti
1900 3049 2098 3105 cecidit

531 3133 729 3201 fastus,
761 3145 812 3192 et
838 3138 1160 3207 gravissima
1192 3148 1600 3211 stratagemata.

2286 2066 2331 2122 Ο
2370 2067 2539 2124 Maria
2585 2070 2734 2139 virga
2787 2085 2909 2139 qua
2936 2054 3347 2139 gerininasti'ex
3377 2068 3544 2122 radice
3566 2066 3705 2132 Iesse,

2206 2159 2506 2228 protulisti,
2564 2159 2842 2222 inviolata,
2896 2160 3079 2213 liorem
3137 2158 3439 2224 Christum,
3472 2157 3556 2226 qui
3599 2157 3717 2209 velut

2203 2250 2448 2315 floribus,
2477 2252 2751 2306 miraculis
2771 2259 2999 2305 exornat
3022 2249 3254 2305 famulos
3276 2264 3401 2305 suos
3428 2249 3711 2317 Anargyros.

2273 2366 2556 2433 Perempta
2587 2374 2670 2419 est
2701 2380 2846 2419 mors
2878 2364 2929 2418 in
2960 2372 3041 2431 te;
3077 2362 3245 2418 vitam
3266 2362 3408 2417 enim
3434 2357 3717 2415 substantia-

2205 2457 2309 2512 lem
2338 2457 2593 2527 peperisti
2625 2456 2902 2511 Christum
2930 2455 3246 2518 Dominum,
3278 2470 3311 2508 o
3339 2452 3597 2517 inviolata,
3624 2463 3713 2520 pro-

2206 2558 2463 2602 tectorem
2495 2547 2614 2600 vita:
2644 2554 2864 2613 nostra,
2894 2547 2985 2617 qui
3022 2548 3333 2617 Anargyros
3358 2543 3582 2599 medicos
3606 2539 3714 2595 dedit

2206 2640 2274 2695 iis
2296 2639 2387 2710 qui
2436 2639 2711 2694 clamant:
2737 2638 3049 2694 Benedicite
3078 2640 3289 2693 omnia.

2277 2754 2439 2809 Facta
2466 2770 2545 2816 es,
2572 2770 2605 2809 ο
2633 2753 2818 2825 Virgo,
2852 2753 3188 2808 domicilium
3251 2752 3393 2807 lucis
3448 2750 3599 2813 illius,
3629 2759 3716 2816 qua

2202 2843 2457 2900 universa
2509 2842 2854 2906 illuminavit,
2924 2853 2979 2897 et
3030 2841 3297 2898 luciferos
3347 2847 3555 2895 sanctos
3608 2849 3723 2889 nunc

2200 2934 2495 2997 concessit,
2531 2933 2625 3002 qui
2689 2932 3093 2987 mortiferarum
3143 2932 3465 3002 passionum
3511 2924 3725 2980 tenebras

2201 3026 2257 3081 in
2288 3026 2481 3097 spiritu
2508 3025 2815 3092 eliminant,
2840 3040 2874 3080 ο
2896 3025 3010 3081 sola
3045 3040 3265 3095 semper
3293 3022 3542 3079 inviolata
3574 3018 3723 3087 Virgo.

1266 3256 1350 3312 Ea:
1388 3259 1600 3315 Cauone
1636 3261 1742 3315 alio
1765 3262 1820 3315 in
1852 3262 1955 3316 SS.
1987 3263 2291 3333 Anargyros
2316 3260 2578 3323 Cosmam,
2610 3268 2660 3312 et
2684 3256 3023 3311 Damianum.

600 3367 829 3423 ElIunde
856 3384 1020 3438 super
1053 3385 1170 3436 nos,
1204 3386 1371 3434 nunc,
1396 3387 1428 3425 ο
1454 3383 1624 3437 casta,
1656 3373 1830 3428 stillas
1858 3374 2057 3428 misera
2115 3382 2160 3443 (ς,
2192 3383 2351 3443 partu
2374 3381 2467 3425 tuo
2493 3370 2843 3439 conjunxit,o
2872 3367 3198 3431 castissima,
3234 3362 3507 3421 custodiat
3534 3361 3581 3414 in
3609 3370 3725 3412 tran-

529 3460 739 3515 tiouum
776 3469 1017 3525 tuarum,
1056 3469 1110 3514 tu
1145 3477 1265 3530 quae
1295 3464 1520 3529 bonum,
1552 3474 1607 3518 et
1640 3465 1817 3533 pium,
1842 3474 1903 3518 et
1935 3467 2096 3519 inise-

529 3552 1133 3608 ratoremincﬂ‘abiliter
1164 3556 1441 3623 peperisti,
1500 3565 1664 3625 atque
1713 3558 2092 3612 universorum

530 3657 678 3696 utine
704 3642 1015 3711 praesidium
1050 3644 1291 3700 exsistis.

607 3735 697 3790 Ille
735 3736 827 3805 qui
852 3735 999 3791 solus
1022 3744 1107 3790 est
1136 3736 1331 3801 bonus,
1356 3738 1506 3793 solus
1540 3738 1730 3793 intime
1755 3740 2092 3805 misericors,

529 3828 933 3883 immaculatam
988 3828 1205 3883 vulvam
1230 3837 1379 3883 tuam
1426 3828 1710 3899 ingressus
1738 3840 1843 3893 est,
1901 3846 1935 3884 o
1987 3839 2097 3886 tota

529 3913 906 3986 immaculata;
941 3926 1131 3977 volens
1175 3938 1274 3977 nos
1315 3922 1664 3990 passionibus
1716 3923 1953 3992 pollutos
2006 3940 2095 3979 re-

528 4013 782 4068 formare.

599 4105 657 4159 In
692 4114 764 4171 te,
794 4121 826 4159 ο
864 4104 1026 4174 Virgo
1084 4104 1178 4159 Dei
1238 4104 1430 4171 Mater,
1474 4120 1599 4175 spes
1649 4122 1799 4161 meas
1856 4109 2095 4178 reposui,

530 4213 617 4253 me
646 4198 714 4251 ab
745 4198 893 4251 omni
920 4197 1092 4252 hostis
1120 4198 1325 4252 malitia
1355 4213 1477 4253 esse
1516 4198 1882 4253 liberandum.

595 4289 640 4345 Ο
678 4288 906 4345 Domina
954 4299 1126 4354 casta,
1182 4306 1305 4360 qua:
1372 4289 1540 4346 Deum
1608 4292 1956 4347 incarnatum
2017 4292 2101 4345 in-

528 4380 1014 4451 romprehensibili
1044 4382 1207 4436 modo
1238 4381 1525 4450 peperisti,
1574 4383 1822 4437 eumdem
1882 4398 2098 4451 semper

528 4477 842 4544 deprecare,
875 4482 934 4528 ut
968 4488 1053 4528 me
1083 4489 1113 4527 a
1145 4473 1457 4527 carnalibus
1507 4474 1891 4543 passionibus,
1927 4484 1981 4527 et
2029 4475 2098 4527 ab

524 4566 744 4622 aeternis
772 4565 1061 4619 tormentis
1094 4564 1309 4635 eripiat.

598 4660 691 4717 Ille
722 4659 816 4729 qui
848 4658 1102 4713 inferiora
1134 4660 1509 4729 superioribus
1541 4661 1592 4714 in
1652 4662 2087 4731 superuaaturali

538 4798 621 4853 Ea:
644 4796 856 4854 Canone
892 4799 946 4851 in
981 4796 1118 4879 festo
1158 4793 1216 4851 S.
1277 4795 1814 4879 Thopzwfqlwensis
1842 4808 1889 4851 et
1919 4796 2099 4868 S.Cy-

988 4869 1149 4922 riacw
1176 4869 1448 4938 martyris,
1476 4869 1562 4922 die
1583 4869 1636 4924 7.

604 5041 789 5099 Mortis
836 5046 1100 5114 impetum
1150 5041 1480 5111 repressisti,
1512 5058 1545 5095 ο
1590 5055 1761 5109 casta,
1814 5042 2093 5098 Chrismm

532 5138 962 5193 immortalitatis
992 5137 1237 5191 datorem
1266 5136 1450 5199 enixa,
1485 5152 1648 5206 quem
1691 5152 1815 5191 cum
1843 5136 2091 5192 infernus

530 5227 840 5282 voluntario
865 5227 1086 5281 decreto
1128 5234 1402 5279 mortuum
1454 5225 1699 5286 vidisset.
1740 5228 2088 5281 contremuit.

598 5320 642 5372 0
674 5316 858 5389 Virgo,
884 5334 1003 5388 quae
1024 5320 1413 5374 subsiSIeutem
1448 5316 1540 5372 Dei
1574 5318 1905 5389 Sapientiam
1928 5335 2091 5390 pepe-

528 5411 672 5477 risti,
709 5426 739 5465 a
770 5412 1012 5481 sophista
1055 5411 1276 5467 malitiae
1307 5410 1479 5467 libera
1512 5427 1599 5467 me
1622 5412 1955 5469 mediationc
1978 5422 2089 5479 tua,

525 5522 560 5563 o
591 5508 705 5563 sola
738 5522 930 5564 carens
982 5510 1128 5563 omni
1164 5510 1308 5564 labe.

598 5598 817 5665 Libera,
851 5616 883 5656 ο
920 5600 1085 5669 Virgo
1114 5602 1447 5665 castissima,
1481 5602 1548 5655 ab
1598 5604 1747 5656 omni
1784 5603 1955 5658 hostis
1986 5605 2091 5657 hec

526 5688 701 5752 sione,
753 5706 847 5746 eos
902 5689 995 5761 qui
1050 5704 1315 5746 noverunt
1369 5703 1419 5748 te
1456 5708 1636 5746 veram
1698 5708 1819 5749 esse
1847 5692 1939 5748 Dei
1976 5709 2089 5748 ma-

526 5788 684 5837 trem.

2199 3464 2367 3534 quillo
2401 3473 2544 3519 statu
2570 3478 2691 3528 nos,
2720 3463 2812 3533 qui
2843 3470 2894 3516 te
2928 3460 3177 3515 laudibus
3202 3459 3533 3514 exaltamus.

2268 3556 2421 3611 Mons
2451 3554 2565 3617 Dei,
2594 3568 2659 3609 es
2691 3566 2800 3623 quo
2830 3550 3044 3605 Veritas
3078 3549 3487 3611 manifestatur,
3527 3553 3579 3598 tu
3614 3558 3679 3605 es,
3704 3552 3728 3591 ο

2199 3647 2364 3717 Virgo
2427 3645 2583 3715 137
2624 3653 2797 3709 casta,
2840 3643 2895 3697 in
2928 3656 3039 3713 quo
3072 3657 3196 3696 eum
3266 3638 3614 3694 inhabitasset
3642 3631 3726 3694 ille,

2199 3742 2295 3811 qui
2329 3750 2413 3795 est
2444 3736 3032 3807 incomprehensibilis,
3093 3733 3418 3788 hominibus
3479 3725 3635 3781 voluit
3672 3722 3731 3819 si:

2199 3831 2346 3885 milis
2376 3829 2491 3884 fieri
2526 3836 2746 3899 propter
2767 3840 3052 3881 excessum
3076 3821 3475 3879 misericordiae
3498 3829 3635 3873 suae:
3662 3826 3730 3865 Clll

2198 3923 2483 3994 psallimus
2515 3939 2529 3975 :
2560 3919 2883 3974 Benedictus
2912 3933 2993 3983 es,
3028 3927 3134 3972 etc.

2270 4014 2430 4079 Ecce,
2461 4029 2495 4068 o
2522 4012 2703 4068 anima
2740 4026 2884 4075 mea,
2918 4020 3072 4079 porta
3106 4009 3275 4069 lucis,
3300 4020 3426 4077 quae
3455 4017 3593 4059 nunc
3634 4012 3735 4069 ape-

2198 4108 2271 4163 rit
2297 4108 2478 4162 aditus
2510 4105 2837 4173 pmnitentiaa
2871 4121 2884 4157 :
2913 4118 3041 4158 ecce
3068 4102 3290 4171 species
3353 4099 3548 4161 Jacob;
3606 4092 3736 4149 unica

2200 4198 2481 4253 hominum
2519 4197 2686 4251 tutela
2724 4209 2791 4251 ac
2812 4193 3060 4249 defensio
3089 4211 3102 4247 :
3136 4192 3345 4247 festina
3390 4206 3486 4262 per
3512 4189 3738 4243 interces-

2199 4289 2385 4344 siones
2412 4288 2558 4343 illius
2590 4286 2853 4356 consequi
2884 4283 3354 4340 misericordiam.

2270 4381 2643 4451 Agnoscentes
2690 4391 2763 4442 te,
2793 4394 2827 4433 ο
2882 4374 3134 4440 Domina,
3190 4390 3325 4429 vere
3358 4371 3589 4428 lucidam
3645 4378 3739 4420 esse

2199 4474 2399 4527 nubem
2433 4470 2575 4525 Solis
2601 4469 2828 4539 justitize
2855 4483 2950 4538 per
2990 4477 3138 4521 tuam
3203 4466 3652 4521 intercessionem
3690 4455 3743 4509 ab

2199 4559 2610 4618 obscurissimis
2638 4558 2900 4621 tenebris,
2933 4565 2988 4611 et
3014 4555 3083 4609 ab
3110 4564 3324 4609 aeterno
3358 4542 3742 4623 supplieiolibe—

2201 4670 2409 4719 remur,
2446 4669 2479 4710 o
2505 4654 2574 4708 ab
2606 4653 2754 4708 omni
2785 4666 2939 4706 naevo
2968 4649 3157 4704 libera.

2207 4794 2455 4866 'Exitoﬁ
2484 4792 2750 4866 Καῖόνος
2787 4791 2874 4866 sic
2924 4787 3031 4866 ζὼς
3066 4787 3245 4866 ἅγιον
3311 4781 3531 4866 Stupri?
3569 4776 3744 4866 tdr‘sf

2266 4865 2345 4929 τῷ
2375 4861 2634 4929 Παλαιῷ,
2656 4860 2754 4915 καί
2778 4860 2895 4928 τὴν
2924 4858 3103 4928 ἁγίαν
3130 4856 3423 4927 μάρτυρα
3452 4856 3744 4922 Κυριακὴν,
3792 4880 3797 4893 ο

2262 4936 2451 5004 ἡμέρᾳ
2484 4932 2547 4994 ζ’.

2271 5049 2499 5121 Ῥύμην,
2529 5046 2690 5115 ἁγνὴ,
2717 5030 2812 5099 τοῦ
2850 5044 3083 5097 θανάτου
3117 5039 3456 5102 ἀνέστειλας
3485 5031 3748 5092 ἀθανασίας

2195 5144 2454 5219 πρόξενον
2483 5140 2717 5214 Χριστὸν
2749 5140 3021 5209 κυήσασα,
3057 5134 3115 5187 ὃν
3151 5133 3181 5186 ὀ
3211 5131 3359 5204 ᾅδης
3394 5128 3622 5184 θανέντα
3650 5123 3749 5194 βου-

2197 5238 2353 5309 λήσει
2385 5233 2605 5306 ἑκουσίᾳ
2642 5230 2765 5286 ἰδὼν
2788 5229 3107 5299 ἑτρόμαξεν.

2271 5330 2472 5398 Σοφίαν
2500 5327 2593 5380 τοῦ
2629 5324 2766 5379 Θεοῦ
2800 5323 2900 5395 τὴν
2929 5319 3305 5373 ὲνυπόστατον
3340 5314 3604 5377 τεκοῦσα,
3630 5311 3751 5375 limp-

2194 5422 2337 5487 θένε,
2364 5421 2459 5476 τοῦ
2488 5417 2741 5488 σοφιστοῦ
2776 5433 2843 5486 με
2868 5415 2970 5484 τῆς
3000 5411 3200 5474 κακίας
3228 5410 3595 5482 ὲκλύτρωσον
3619 5419 3750 5476 pect-

2190 5515 2311 5585 τείᾳ
2349 5532 2462 5575 σου,
2505 5512 2640 5583 μόνη
2674 5507 3073 5579 παναμώμητε.

2273 5604 2462 5659 Ῥὖσαι
2497 5602 2676 5671 πάσης
2697 5601 2992 5665 κακώσεως
3022 5599 3114 5654 τοῦ
3142 5598 3484 5670 δυσμενοῦς,
3519 5588 3757 5663 Παρθένεν

2200 5699 2330 5764 τοὺς
2358 5697 2566 5762 εἰδότας
2592 5694 2807 5768 ἀληθῶς
2837 5693 2973 5749 Θεοῦ
3010 5711 3067 5749 σε
3102 5691 3356 5766 μητέρα,
3392 5692 3660 5760 πάναγνε.

594 5936 799 6007 (64’“”)
840 5936 938 5994 Hic
963 5952 1136 5996 canon
1160 5955 1283 5996 cum
1318 5939 1563 6011 sequenti
1591 5940 1746 5997 deest
1770 5938 1827 5997 in
1866 5938 2089 5997 Menaeis
2123 5937 2429 6009 impressis.
