3996 6638
350 472 481 538 liii

422 584 680 647 Ἐλυσας,
743 583 998 654 ἄχραντε,
1032 582 1141 636 τῶν
1194 583 1555 654 προπατόρων
1600 583 1699 653 τὴν
1755 585 1916 654 ἀρὰν,
1948 590 1993 644 Α

356 674 554 740 τέξασα
579 674 709 728 ἄνευ
742 674 965 745 σαρκὸς,
1000 674 1195 745 σεμνὴ,
1225 676 1544 745 θελημάτων
1590 676 1681 729 τὸν
1735 675 1914 728 πάντα

356 767 426 836 τῷ
457 765 621 820 αὑτοῦ
652 765 916 838 Θελήματι
941 767 1071 838 θείῳ
1097 767 1287 837 σαφῶς
1313 768 1679 823 οὐσιώσαντα.

428 951 660 1005 Βασιλέα
690 952 943 1022 κυήσασα
976 952 1213 1022 Χριστὸν
1243 948 1440 1024 οἷάπερ
1470 951 1777 1023 βασίλισσα,
1802 957 1917 1005 lico.

357 1044 641 1116 χαρίτωτε,
672 1046 797 1105 τοὺς
822 1046 917 1098 ἐπὶ
948 1044 1032 1097 σοὶ
1072 1045 1505 1117 προστρέχοντας
1545 1044 1788 1117 οὐρανῶν
1820 1044 1918 1115 pa-

356 1134 556 1198 σιλείας
575 1134 826 1199 ἀξίωσον.

435 1226 497 1279 '0
540 1226 701 1296 μόνος
728 1225 861 1289 Θεὸς
888 1225 1056 1296 μόνην
1086 1218 1213 1297 εὗρε
1246 1225 1494 1299 καθαρὰν
1527 1226 1626 1296 τὴν
1660 1226 1760 1295 σὴν
1811 1242 1917 1294 γα-

356 1316 545 1386 στέρα.
575 1317 1064 1387 καὶςσωματοῦται
1114 1318 1209 1373 καὶ
1271 1318 1595 1388 γνωρίζεται
1637 1317 1923 1388 ἄνθρωπος

360 1408 548 1472 σώζων
570 1408 661 1461 τὸν
687 1408 971 1479 ἄνθρωπον
992 1421 1007 1438 ⁶
1036 1409 1158 1464 ὅθεν
1186 1410 1262 1472 ὡς
1298 1410 1480 1463 καλῶν
1516 1427 1574 1463 σε
1603 1411 1780 1463 αἰτίαν
1805 1411 1925 1463 επι-

359 1495 613 1565 στάμενοι
634 1495 937 1567 ψάλλομεν·
968 1498 1318 1570 Εὐλογημένη
1353 1501 1387 1570 ἡ
1407 1500 1540 1554 Θεὸν
1590 1500 1771 1570 σαρκὶλ
1793 1500 1927 1570 κυή-

360 1603 523 1642 σασα.

436 1675 498 1732 ’0
534 1678 855 1750 ὑπερούσιος
911 1682 1041 1746 Θεὸς
1069 1682 1306 1754 οὐσιώθη
1345 1684 1467 1739 καθ’
1514 1685 1660 1755 ἡμᾶς
1685 1687 1749 1739 ἐκ
1806 1689 1922 1752 σοῦ,

362 1767 629 1838 Παρθένε,
650 1771 743 1823 καὶ
770 1770 961 1841 ὼράοη
980 1772 1055 1835 ὡς
1085 1772 1285 1842 βρέφος
1312 1775 1341 1827 ὁ
1368 1774 1473 1841 πρὸ
1490 1774 1699 1829 αἰώνων
1728 1777 1928 1847 Πατέρι

361 1860 455 1911 καὶ⁵
484 1859 614 1930 θείῳ
640 1862 999 1933 συνυπάρχων
1036 1863 1315 1935 Πνεύματι
1338 1881 1352 1896 ·
1382 1866 1504 1919 ὃθεν
1531 1867 1606 1932 ὠς
1650 1868 1815 1922 αὐτοῦ
1869 1886 1928 1921 σε

358 1947 654 2021 δοξάζομεν
680 1953 913 2025 μητέρα.

432 2120 860 2197 Φωτεινοτάταις
887 2133 1137 2205 λαμπάσι
1171 2135 1266 2189 τοῦ
1307 2137 1373 2189 ὲκ
1403 2134 1498 2190 σοῦ
1531 2138 1927 2207 σαρκωθέντος,

368 2221 609 2292 Παρθένε
640 2226 905 2293 παναγία,
930 2227 1071 2297 ὑπὲρ
1093 2226 1217 2280 νοῦν
1238 2228 1288 2280 oi
1312 2226 1575 2283 Θεοτὸκον
1598 2229 1802 2293 είδὸτες
1861 2246 1920 2283 σε

364 2315 716 2386 φωιζὸμεθα
738 2317 942 2384 πίστει,
970 2318 1067 2372 καὶ
1117 2319 1342 2383 σκότους
1388 2320 1795 2391 ὲκλυτρούμεθα
1824 2339 1930 2374 πα·

365 2408 500 2472 θῶν,
524 2411 619 2464 καί
652 2411 868 2467 πάντων
916 2412 1177 2468 κινδύνων
1215 2414 1309 2467 καὶ
1330 2414 1512 2487 πάσης
1534 2415 1929 2485 περιστάσεως.

1795 471 2159 534 ΜΔΒῘΑῘᾲΕ.

3410 474 3411 477 ‘
3451 462 3587 519 11/12

2096 578 2433 642 liissolvisti,
2478 592 2510 629 0
2552 549 2907 635 intemerata,
2942 571 3242 640 primorum
3300 579 3589 638 parentum

2020 673 2480 732 maletlictionem,
2508 684 2630 723 cum
2653 666 2905 737 peperisti
2934 666 3052 720 sine
3078 664 3358 716 voluntate
3380 662 3587 722 carnis,

2020 783 2053 822 ο
2092 766 2422 826 veneranda,
2466 762 2615 815 illum
2674 761 2766 829 qui
2808 758 3090 813 voluntate
3122 771 3220 810 sua
3256 755 3436 808 divina
3476 770 3592 806 ma.

2021 858 2217 915 nifeste
2245 858 2501 913 universa
2537 852 2815 921 produxit.

2092 951 2136 1005 0
2175 952 2286 1006 Deo
2318 948 2652 1021 gratissima,
2688 959 2812 1015 qua!
2860 957 3041 1009 regem
3092 940 3373 995 Christum
3427 952 3592 1005 pepe-

2021 1043 2162 1105 risti,
2197 1051 2384 1111 utpote
2414 1040 2602 1110 regina
2629 1080 2644 1101 ,
2679 1052 2795 1100 eos,
2830 1035 2923 1104 qui
2980 1033 3046 1088 ad
3079 1042 3129 1087 te
3156 1038 3470 1092 rerurrunt,
3514 1029 3597 1082 di-

2024 1148 2159 1207 gnos
2192 1135 2277 1188 l'ac
2293 1131 2441 1203 regni
2470 1131 2758 1186 caelorum.

2095 1225 2261 1288 Deus,
2302 1223 2393 1292 qui
2425 1230 2509 1275 est
2538 1221 2715 1282 solus,
2757 1219 2931 1275 solum
2964 1226 3178 1270 uterum
3221 1220 3371 1266 tuum
3400 1224 3594 1281 purum

1998 1316 2256 1380 invenit,
2289 1324 2342 1369 et
2378 1321 2707 1383 corporatus
2760 1321 2866 1375 est,
2898 1318 2952 1363 et
3002 1307 3217 1376 agnitus
3272 1306 3436 1359 homo
3492 1302 3596 1356 sal-

2025 1424 2160 1463 vans
2192 1405 2465 1461 hominem
2501 1424 2513 1458 :
2548 1402 2691 1457 unde
2718 1410 2771 1457 te
2817 1411 3078 1468 tanquam
3136 1412 3355 1451 causam
3422 1394 3597 1449 bono-

2027 1516 2147 1555 rum
2187 1505 2570 1569 agnoscentes,
2631 1495 2915 1565 psallimus
2963 1506 2978 1544 :
3021 1490 3315 1545 Benedicta
3368 1498 3450 1551 tu,
3478 1502 3600 1557 qua:

2028 1591 2197 1645 Deum
2225 1591 2278 1643 in
2304 1604 2471 1643 carne
2501 1586 2785 1656 peperisti.

2102 1682 2262 1752 138
2293 1678 2851 1751 Supersuhstantialis
2885 1675 3030 1730 Deus
3058 1673 3367 1729 Substautia
3406 1679 3599 1724 nostra

2031 1773 2208 1829 factus
2238 1783 2321 1827 est
2372 1788 2437 1827 ex
2478 1781 2547 1833 te,
2600 1788 2632 1823 ο
2692 1770 2876 1839 Virgo,
2927 1778 2984 1822 et
3035 1767 3287 1836 apparuit
3343 1774 3601 1833 tanquam

2033 1864 2236 1931 iul‘ans,
2265 1865 2354 1918 ille
2391 1863 2484 1933 qui
2516 1872 2639 1917 ante
2665 1861 2863 1917 saecula
2887 1868 2971 1915 est
3023 1875 3146 1914 cum
3190 1858 3354 1911 Patre
3385 1865 3438 1910 et
3484 1854 3606 1923 Spi-

2027 1960 2132 2013 ritu
2189 1958 2374 2012 divino
2428 1974 2441 2010 :
2495 1971 2666 2025 quare
2723 1964 2982 2025 tanquam
3052 1952 3201 2006 illius
3268 1959 3496 2004 matrem
3555 1956 3606 2001 te

2040 2050 2428 2121 gloriﬁcamus.

2113 2143 2491 2200 Lucidissimis
2539 2142 2879 2211 lampadibus
2933 2139 3113 2200 illius,
3165 2138 3256 2208 qui
3319 2153 3385 2191 ex
3439 2144 3525 2200 te,
3574 2152 3608 2187 ο

2038 2238 2202 2305 Virgo
2231 2236 2600 2297 sanctissima,
2633 2249 2797 2303 supra
2818 2232 3017 2287 mentis
3039 2239 3259 2299 captum
3289 2230 3606 2282 incarnatus

2034 2336 2153 2392 est,
2208 2344 2329 2391 nus,
2380 2327 2557 2396 quite
2595 2326 2880 2392 Deiparam
2941 2323 3173 2377 ﬁdeliter
3216 2320 3608 2391 agnoscimus,

2034 2419 2412 2475 illumiuemur
2439 2459 2453 2482 ,
2482 2428 2536 2472 et
2567 2434 2597 2471 a
2642 2417 2881 2471 tenebris
2941 2415 3296 2486 passionum,
3353 2412 3612 2481 omnique

2034 2510 2279 2580 periculo
2312 2518 2475 2579 atque
2503 2509 2836 2563 atlversitate
2871 2506 3187 2561 liberemur.

1058 2636 1143 2691 Ex
1165 2634 1378 2692 Canone
1403 2638 1460 2692 in
1499 2636 1600 2694 SS.
1651 2638 1936 2697 Patermuti

2046 2656 2131 2710 ,ει
2177 2647 2429 2717 Caprum,
2492 2644 2575 2699 die
2604 2643 2637 2699 9
2674 2641 2915 2713 (65'““).

440 2746 702 2804 Mortiﬁca
746 2751 929 2807 cordis
968 2753 1077 2807 mei
1127 2753 1467 2821 affectiones,
1500 2764 1580 2822 tu,
1613 2773 1735 2828 quae
1764 2758 1932 2814 vitam

370 2848 615 2894 nostram
661 2840 941 2897 Christum
990 2843 1342 2901 ineffabiliter
1386 2849 1679 2917 peperisti,
1707 2865 1740 2904 ο
1769 2848 1936 2920 Virgo

371 2932 635 3001 nuptialis
660 2934 882 2990 thalami
907 2937 1113 3005 nescia,
1143 2952 1266 3008 spes
1302 2953 1493 2994 eorum
1528 2940 1622 3011 qui
1646 2951 1938 2998 recurrunt

374 3027 439 3076 ad
465 3033 537 3078 te.

445 3116 489 3173 0
514 3128 669 3188 porta
701 3120 981 3187 salutaris,
1022 3122 1355 3192 poenitentia:
1378 3133 1586 3195 portas,
1636 3136 1819 3195 utpote
1843 3127 1938 3183 be-

376 3210 538 3279 nigna
570 3213 890 3281 protectrix,
919 3215 1069 3284 aperi
1092 3216 1254 3280 mihi,
1316 3224 1371 3271 et
1420 3232 1450 3270 ι
1500 3220 1704 3287 peccati
1770 3221 1940 3290 portis

374 3302 546 3356 libera
576 3318 682 3368 me,
718 3305 1033 3361 custodiens
1073 3322 1159 3360 me
1186 3307 1367 3360 divina
1391 3310 1627 3377 potentia
1650 3319 1763 3364 tua.

445 3396 656 3465 Corpus
687 3399 895 3468 accepit
932 3414 999 3452 ex
1032 3398 1337 3453 visceribus
1368 3399 1477 3455 tuis
1510 3400 1654 3454 Deus
1677 3400 1936 3472 Verbum,

375 3501 409 3536 ο
443 3486 534 3540 Dei
565 3487 796 3556 genitrix
830 3488 1028 3558 puella,
1060 3498 1115 3542 et
1146 3495 1205 3541 ut
1236 3487 1419 3543 infans
1451 3490 1604 3546 visus
1630 3501 1733 3560 est,
1781 3494 1940 3549 exhi-

376 3579 510 3633 bens
546 3579 814 3635 universis
838 3579 1215 3634 admirandam
1251 3595 1315 3635 ac
1348 3589 1571 3650 stupore
1596 3584 1812 3653 plenam
1839 3601 1926 3642 re-

374 3673 803 3742 generationem.

450 3764 541 3818 llle
573 3762 1282 3834 quieratperfeetisshnus,
1314 3766 1489 3822 factus
1536 3766 1702 3821 homo
1752 3782 1816 3821 ex
1871 3776 1941 3834 te,

372 3854 600 3927 oVirgo
642 3858 894 3928 innupta,
955 3868 1270 3928 corruptam
1320 3860 1602 3915 hominum
1648 3863 1939 3916 essentiam

372 3949 667 4005 deiﬁeavit.

449 4042 762 4099 lucessabili
799 4059 929 4099 voce
962 4043 1025 4098 ad
1057 4054 1108 4099 te
1134 4045 1471 4099 clamamus:
1514 4041 1721 4108 Gaude,
1780 4059 1815 4100 o
1861 4044 1943 4098 in-

388 4220 491 4274 Ἐκ
523 4219 631 4275 τοῦ
655 4221 919 4286 Κανόνος
943 4222 1030 4285 είς
1065 4220 1210 4284 τοὺς
1237 4219 1442 4287 ἁγίους
1466 4220 1769 4289 μάρτυρας
1796 4220 1945 4289 Πρό-

658 4296 811 4345 κλον
835 4291 935 4344 καὶ
974 4291 1306 4358 Ἰλαρίωνα,
1347 4289 1538 4358 ἡμέρᾳ
1568 4288 1660 4359 ιβ’.

456 4426 549 4479 ῒδν
583 4424 692 4478 τῶν
735 4424 915 4479 ἀκοῶν
942 4426 1040 4495 τῆς
1094 4425 1443 4496 προμήτορος
1494 4421 1638 4486 Εὔας
1702 4424 1944 4495 Γαϐριὴλ

374 4537 460 4572 σοι
493 4516 832 4589 προσφωνῶν
886 4516 947 4569 τὸ
993 4518 1166 4585 Χαῖρε
1214 4516 1430 4587 ἀληθῶς
1477 4514 1771 4581 ὲξετίναξε,
1849 4518 1946 4570 Δέ-

375 4626 410 4663 σ
429 4626 592 4664 :otva'
601 4610 738 4679 μόνη
754 4608 862 4680 γὰρ
883 4608 972 4662 τὸν
990 4606 1283 4677 ἀναιρέτην
1304 4608 1402 4677 τῆς
1434 4607 1633 4671 κακίας
1656 4607 1747 4661 τοῦ
1768 4608 1936 4679 ὄφεως

2046 4631 2173 4670 vere
2223 4615 2420 4683 eiecit,
2454 4629 2488 4667 ο
2537 4614 2764 4668 Domina
2816 4631 2830 4668 :

374 4702 517 4771 ὑπὲρ
551 4699 675 4754 νοῦν
701 4716 760 4752 τε
792 4700 885 4753 καὶ
906 4698 1061 4768 λόγον
1086 4697 1350 4769 ὲκύησας.

450 4893 643 4958 Λῦσον,
702 4890 967 4962 Παρθένε,
1022 4891 1115 4945 τὸν
1163 4890 1362 4962 δεσμὸν
1418 4888 1528 4943 τῶν
1577 4888 1765 4943 κακῶν
1816 4906 1941 4959 μου,

380 4982 674 5036 συνδέουσα
721 4985 787 5052 τῇ
839 4984 1041 5052 στοργῇ
1092 4998 1158 5052 με
1231 4980 1327 5034 τοῦ
1376 4980 1441 5033 ἐκ
1490 4978 1585 5033 σοῦ
1663 4978 1947 5048 τεχθέντος

377 5076 574 5144 Λόγου,
609 5075 1060 5145 πανάμωμε,καὶ
1110 5073 1285 5127 σῶσόν
1338 5090 1427 5145 με,
1484 5072 1773 5136 Δέσποινα,
1818 5074 1940 5135 ταῖς

381 5167 613 5229 ίκεσίαις
642 5184 757 5221 σου.

322 5262 354 5321 .1
451 5257 744 5328 Συντριῦὲν
767 5259 833 5327 τῇ
866 5256 1174 5327 παραϐάσει
1197 5255 1306 5309 τῶν
1335 5254 1533 5325 χειρῶν
1561 5272 1654 5308 σου
1686 5255 1747 5308 τὸ
1779 5254 1940 5325 ποίη-

381 5369 459 5422 μα
488 5349 898 5419 κατοικτείρων,
926 5350 1086 5418 Λόγε,
1127 5350 1343 5419 μήτραν
1372 5347 1744 5419 ἁπειρόγαμον
1796 5348 1945 5418 ᾠκη-

378 5460 505 5507 σας,
536 5443 631 5496 καὶ
656 5443 712 5494 ὲν
739 5441 860 5493 δυσὶ
890 5444 1008 5504 ταῖς
1048 5440 1254 5503 οὐσίαις
1288 5441 1685 5511 προελήλυθας,
1731 5444 1942 5514 ἀφθαρο

379 5535 506 5599 σίας
540 5533 798 5597 καινίζων
822 5533 975 5597 ὁδοὺς
1009 5535 1121 5597 τοῖς
1147 5531 1314 5586 εἰδόσι
1342 5550 1422 5586 σε.

454 5726 551 5791 Τίς
587 5725 810 5781 δύναται
840 5723 902 5779 τὸ
932 5724 1022 5779 σδν
1070 5722 1404 5795 ἑρμηνεῦσαι
1438 5723 1762 5795 μυστήριον,
1793 5716 1838 5779 ὦ
1860 5723 1954 5778 Δέ⁹

454 5904 661 5974 (erm)
692 5904 1027 5962 Menmanou
1052 5904 1272 5960 habent.

2045 2765 2497 2822 temeratissima:
2542 2761 2800 2833 gaudium
2856 2758 3000 2813 enim
3037 2756 3283 2810 omnimn
3336 2754 3612 2809 Christum

2045 2858 2317 2926 genuisti;
2371 2866 2533 2927 atque
2593 2857 2906 2910 universum
2978 2852 3166 2922 prima:
3211 2850 3401 2903 matris
3480 2846 3602 2900 Eva:

2045 2962 2337 3003 mwrorem
2368 2946 2641 3017 effugasti.

2116 3039 2257 3093 Ecce
2280 3040 2419 3093 Area
2455 3038 2543 3091 illa
2573 3037 2763 3107 legalis
2796 3034 3177 3105 praefigurabat
3211 3039 3422 3085 uterum
3455 3038 3611 3083 tuum

2045 3132 2413 3186 continentem
2470 3129 2663 3183 Manna
2710 3128 2991 3182 Christum
3022 3140 3204 3180 escam
3243 3133 3513 3187 nostram,
3582 3138 3616 3174 o

2049 3222 2141 3276 Dei
2173 3223 2406 3291 genitrix
2431 3224 2547 3276 sola
2576 3230 2749 3286 easta,
2782 3219 3087 3275 benedicta.

2116 3312 2284 3369 leis
2315 3313 2599 3369 sublimior
2629 3310 2950 3382 apparuisti,
2983 3310 3112 3362 dum
3147 3306 3383 3360 Verbum
3423 3304 3614 3367 Deum,

2044 3400 2137 3473 qui
2172 3417 2272 3457 nos
2294 3402 2358 3456 ad
2386 3402 2642 3456 sublimia
2678 3400 2879 3465 evexit,
2912 3397 3197 3469 peperisti,
3222 3412 3383 3465 quem
3422 3410 3617 3463 super—

2045 3493 2248 3547 cxaltat
2282 3491 2460 3548 omnis
2506 3491 2753 3562 spiritus,
2813 3500 3075 3559 tauquam
3125 3486 3292 3541 Deum
3346 3497 3616 3549 nostrum,

2044 3587 2098 3641 in
2131 3585 2347 3641 saecula.

2114 3676 2276 3731 Lucis
2319 3685 2424 3730 tute
2480 3674 2645 3729 radiis
2695 3672 2964 3737 illumiua,
3009 3687 3043 3726 ο
3085 3670 3294 3740 Sponsa
3338 3669 3467 3732 Dei,
3498 3669 3618 3723 aui-

2045 3784 2187 3823 mam
2220 3783 2418 3832 meam,
2451 3767 2610 3837 139
2637 3766 2691 3820 in
2720 3765 2986 3821 socordia:
3014 3763 3288 3835 profundo
3312 3762 3613 3833 jaceutem;

2043 3875 2297 3929 exsurge,
2325 3870 2487 3929 atque
2514 3860 2700 3914 hostes
2729 3858 2990 3927 proturba
3021 3874 3087 3912 ac
3117 3857 3312 3926 dejice,
3348 3856 3439 3924 qui
3467 3871 3614 3909 sem-

2043 3966 2139 4020 per
2168 3952 2422 4005 ilivexaut
2449 3966 2545 4004 eor
2585 3966 2789 4011 meum.
2820 3959 2874 4005 et
2910 3951 2978 4003 ad
3018 3950 3273 4004 libidines
3308 3962 3458 4001 meas
3514 3962 3603 4001 se.

2045 4043 2272 4097 claudas
2304 4041 2586 4112 impellunt
2617 4058 2721 4096 me.

2046 4217 2130 4273 Ea:
2161 4217 2370 4275 Canone
2403 4220 2457 4274 in
2486 4217 2618 4287 [esto
2648 4217 2747 4274 SS.
2779 4229 3074 4289 martyrum
3116 4217 3312 4283 Procli,
3359 4226 3409 4270 et
3458 4215 3619 4271 Hila-

2611 4290 2797 4356 rionis,
2833 4291 2916 4344 die
2975 4289 3055 4344 12.

2120 4426 2397 4481 Venenum
2424 4469 2437 4490 ,
2476 4426 2620 4496 quod
2676 4427 2850 4495 prima
2885 4434 3059 4480 mater
3107 4424 3212 4479 Eva
3256 4426 3482 4479 auribus
3516 4441 3617 4477 au-

2045 4519 2245 4575 diendo
2296 4519 2615 4581 imbiberat,
2659 4518 2877 4574 Gabriel
2932 4519 3072 4585 tibi,
3122 4522 3267 4583 Ave,
3309 4519 3620 4573 acclamans

2880 4622 2935 4667 tu
2966 4612 3114 4667 enim
3164 4612 3278 4667 sola
3319 4612 3616 4666 ablatorem

2051 4708 2272 4763 malitiae
2300 4706 2568 4775 serpentis
2611 4722 2775 4775 supra
2815 4705 2995 4761 omnis
3025 4704 3374 4775 eOgitationis
3405 4719 3469 4759 ac
3496 4719 3623 4764 ser-.

2050 4801 2229 4856 monis
2255 4811 2472 4871 captum
2507 4800 2783 4869 peperisti.

2125 4894 2389 4958 Dissolve,
2440 4909 2472 4947 ο
2518 4892 2706 4963 Virgo,
2744 4905 2990 4948 catenam
3040 4891 3309 4946 malorum
3350 4906 3620 4953 meorum,

2052 4988 2317 5055 colligans
2350 5002 2436 5040 me
2466 5000 2655 5039 amore
2685 4983 2869 5047 Verbi,
2896 4984 3040 5053 quod
3072 4997 3139 5035 ex
3186 4990 3257 5044 te,
3304 4996 3337 5033 ο
3380 4982 3625 5034 immitis-

2049 5082 2211 5144 sima,
2242 5089 2427 5134 natum
2456 5091 2538 5134 est
2564 5096 2578 5132 :
2602 5087 2655 5132 et
2676 5077 2886 5132 salvum
2914 5091 3000 5130 me
3029 5074 3134 5141 fac,
3158 5091 3192 5129 ο
3221 5073 3472 5139 Domina,
3501 5089 3620 5144 pre-

2049 5174 2208 5228 cibus
2247 5172 2376 5227 tuis.

2121 5263 2470 5318 Conl‘raetum
2501 5262 2571 5316 ob
2620 5260 3108 5333 transgressionem
3130 5301 3146 5327 ,
3195 5273 3334 5329 opus
3364 5275 3621 5313 manuum

2054 5363 2269 5409 tuarum
2310 5353 2735 5415 commiseratus,
2793 5369 2828 5407 ο
2862 5352 3138 5416 Verbum,
3187 5362 3405 5406 uterum
3454 5350 3625 5404 virilis

2058 5447 2266 5516 enpuhe
2290 5446 2531 5501 nescium
2574 5446 2854 5512 habitasti,
2888 5455 2940 5499 et
2976 5445 3028 5498 iu
3065 5444 3275 5499 duabus
3303 5444 3628 5499 substantiis

2059 5539 2406 5609 processisti,
2460 5552 2728 5593 renovans
2779 5538 2895 5593 vias
2943 5534 3372 5592 immortalitatis
3404 5532 3627 5589 scienti-

2062 5629 2163 5684 bus
2197 5639 2269 5683 te.

2134 5720 2270 5788 Quis
2301 5728 2451 5775 tuum
2480 5720 2651 5776 valeat
2674 5719 2944 5791 explicare
2971 5715 3311 5789 mysterium,
3339 5728 3372 5769 o
3402 5711 3629 5768 Domina
