3996 6600
510 403 645 468 1143

1634 410 1693 468 S.
1735 406 2047 469 JOSEPHI
2088 404 2644 467 HYMNOGRAPHI

3572 411 3679 476 illi

508 521 774 591 l‘ieipara?
836 524 1079 578 omnium
1147 526 1292 579 enim
1354 520 1667 581 Creatorem
1726 527 2071 581 ineli‘abiliter

2187 542 2373 578 σποινα
2395 526 2621 578 Θεοτόκε
2642 541 2658 556 ·
2686 523 2777 577 τὸν
2806 522 2911 593 γὰρ
2945 522 3168 592 κτίστην
3215 522 3314 575 τῶν
3365 522 3487 579 ὅλων
3536 531 3681 600 ἀφρά.

504 616 831 683 corporasti.

570 705 713 763 Ecce
766 706 932 777 Virgo
988 708 1257 778 concipiet
1308 709 1657 777 (exclamavit
1704 711 1833 764 olim
1889 710 2076 779 Isaias)

510 800 685 868 magni
708 801 923 855 consilii
954 802 1201 871 angelum
1233 800 1574 866 Emmanuel,
1598 803 1787 869 Deum,
1810 813 1865 857 et
1894 804 2077 856 Domi-

510 906 657 955 num,
691 903 742 946 et
775 891 1114 947 Salvatorem
1147 894 1456 947 animarum
1488 904 1821 950 nostrarum.

574 982 861 1052 Tanquam
894 984 1135 1039 sanctior
1164 986 1420 1040 omnibus
1459 988 1752 1053 creaturis,
1795 988 2073 1057 peperisti,

510 1086 538 1124 ο
592 1084 744 1127 casta
796 1072 1002 1143 Virgo,
1042 1089 1077 1128 o
1134 1074 1300 1143 Virgo
1359 1076 1741 1140 immaculata,
1793 1077 2076 1132 benedicta

508 1162 694 1227 Mater,
734 1179 950 1233 semper
980 1165 1303 1235 gloriﬁcata,
1333 1166 1647 1222 Creatorem
1676 1176 1731 1221 et
1762 1168 2073 1221 Dominum.

576 1256 897 1312 lncarnatus
927 1274 992 1311 ex
1039 1258 1340 1328 impollntis
1372 1260 1737 1328 sanguinibus
1770 1260 1878 1313 tuis
1914 1260 2074 1322 Deus,

502 1350 593 1421 qui
629 1348 774 1413 fecit,
807 1360 862 1405 et
896 1352 1185 1420 plasmavit
1215 1366 1320 1415 me,
1353 1366 1386 1405 ο
1418 1352 1509 1405 Dei
1543 1352 1773 1421 genitrix
1822 1351 2072 1420 Domina,

508 1444 843 1511 recuperavit
884 1444 1168 1509 mundum,
1222 1444 1294 1497 ita
1348 1443 2074 1507 clamantem:Benedicite,

510 1542 555 1587 et
589 1534 806 1588 laudate
838 1535 1151 1588 Dominum.

571 1625 737 1680 Lucis
771 1626 1105 1682 domicilium
1139 1627 1281 1682 facta
1311 1642 1393 1691 es,
1420 1642 1471 1680 ,o
1516 1639 1687 1693 casta,
1731 1626 2075 1681 sanctissima

511 1718 671 1773 tiater
727 1717 929 1789 Virgo,
964 1722 1017 1774 in
1066 1721 1290 1775 materia
1342 1720 1544 1774 visibili
1592 1720 1871 1789 corporis,
1906 1736 1935 1774 a
1966 1734 2075 1788 qua

502 1824 692 1864 omnes
719 1810 813 1880 qui
847 1810 898 1863 in
945 1810 1102 1882 140
1145 1810 1380 1866 tenebris
1404 1804 1567 1865 vitari:
1604 1812 1846 1876 trahunt,
1882 1811 2077 1864 illumi-

505 1910 703 1956 nantur

503 1994 696 2047 lanius.

510 2107 587 2162 Ea:
621 2109 832 2163 Canone
870 2110 926 2163 in
975 2107 1253 2179 Synaxim.
1300 2127 1390 2165 seu
1444 2111 1717 2162 collectam
1768 2109 2071 2177 archangeli

1029 2179 1312 2243 Cabrielis,
1350 2182 1430 2234 die
1470 2182 1549 2233 l5.

573 2294 672 2351 Ubi
701 2295 937 2363 Gabriel,
966 2306 1073 2351 etc.

2183 635 2322 678 crto;
2347 619 2740 685 ἑσωμάτωσας.

2264 710 2392 762 Ἰδοὺ
2443 711 2475 779 ἡ
2510 708 2803 779 Ιῐαρθένος,
2835 710 3033 763 ἀνεϐόα
3065 710 3094 761 ὀ
3137 708 3360 771 Ἡσαΐας
3387 709 3554 771 πάλαι,
3584 710 3685 779 βον-

2179 802 2275 871 λῆς
2314 802 2545 870 ἄγγελον
2587 802 2833 871 μεγάλης
2901 800 3245 871 Ἐμμανουὴλ
3293 801 3379 852 τὸν
3422 800 3558 864 Θεὸν,
3614 808 3690 858 καὶ

2181 894 2410 964 Κύριον,
2451 896 2547 948 καὶ
2575 895 2805 965 Σωτῆρα
2866 893 2976 947 τῶν
3014 892 3201 963 ψυχῶν
3250 892 3400 963 ἡμῶν
3452 893 3687 964 συλλήψει.

2261 984 2348 1045 Ὠς
2380 982 2489 1036 τῶν
2509 983 2827 1055 κτισμάτων
2854 984 3071 1039 πάντων
3092 984 3384 1050 ἁγιωτέρα,
3413 983 3535 1051 ἁγνὴ
3568 986 3691 1055 Παρ-

2180 1075 2325 1139 οένε,
2358 1076 2679 1147 ἀπεκύησας
2713 1077 2804 1129 τὸν
2858 1077 3081 1148 κτίστην
3116 1075 3211 1129 καὶ
3242 1074 3454 1145 Κύριον,
3484 1077 3691 1147 Παρθένε

2179 1168 2427 1237 ἀμίαντε,
2453 1168 2793 1239 εὐλογημένη
2822 1171 3015 1241 Μῆτερ
3044 1168 3131 1223 ἀεὶ
3150 1167 3523 1237 δεδοξασμένη.

2250 1260 2561 1330 Σαρκωθεὶς
2591 1261 2648 1327 ἐξ
2684 1262 2967 1330 ὰχράντων
2999 1262 3250 1330 αἱμάτων
3307 1277 3395 1312 σον
3452 1262 3477 1312 ὁ
3520 1260 3632 1321 Θεὸς
3672 1262 3696 1312 ὁ

2178 1356 2411 1420 ποιήσας
2444 1353 2541 1406 καὶ
2566 1353 2779 1416 πλάσας
2817 1371 2907 1424 με,
2966 1354 3284 1424 Θεοκυῆτορ
3342 1352 3600 1416 Δέσποινα,
3630 1353 3698 1405 ἀν-

2178 1445 2448 1515 εκτήσατο
2481 1445 2685 1516 κόσμον
2724 1444 2867 1500 οὕτω
2889 1445 3100 1517 βοῶντα
3123 1462 3137 1475 ο
3178 1446 3471 1510 Εὐλογεῑτε,
3511 1445 3696 1514 ὑμνεῖτε

2177 1538 2269 1589 τὸν
2296 1538 2522 1608 Κύριον.

2258 1630 2442 1694 Φωτὺς
2499 1632 2839 1702 οἰκητήριον,
2902 1634 3064 1703 ἁγνὴ,
3127 1633 3439 1703 γεγένησαι,
3499 1632 3701 1699 παναγία

2181 1722 2619 1793 μητροπάρθενε,
2672 1728 2730 1778 ἐν
2782 1724 2884 1798 ὕλῃ
2927 1725 3182 1795 ὁρωμένη
3212 1726 3305 1778 τοῦ
3336 1725 3586 1796 σώματος,
3628 1727 3702 1776 καὶ

2179 1813 2387 1875 πάντας
2415 1815 2541 1877 τοὺς
2572 1817 2631 1869 ὲν
2662 1817 2846 1870 σκύτει
2878 1818 3215 1885 φωτίσαντος
3234 1834 3249 1849 ·
3300 1819 3417 1873 ὅθεν
3465 1836 3518 1871 σε
3554 1818 3701 1870 πίστει

758 1920 769 1954 :
823 1904 1173 1973 quamobrem
1229 1912 1279 1957 te
1313 1918 1437 1958 cum
1489 1904 1592 1957 ﬁde
1626 1904 1837 1956 beatam
1889 1904 2071 1972 appel-

2187 1906 2580 1975 μακαρίζομεν.

2193 2107 2293 2160 Ἐκ
2319 2106 2424 2160 τοῦ
2456 2108 2722 2171 Κανόνος
2749 2109 2836 2172 εὶς
2864 2108 2982 2173 τὴν
3016 2109 3281 2173 mirarier
3327 2107 3428 2161 τοῦ
3460 2102 3704 2176 ἀρχαγγέ-

2566 2180 2681 2231 λου
2720 2179 3019 2247 Γαϐριὴλ,
3052 2179 3249 2249 ἡμέρᾳ
3281 2185 3361 2245 ιγ’.

2264 2291 2459 2361 Ἀγνήν
2495 2308 2577 2356 σε,
2609 2311 2662 2345 κ.
2694 2310 2747 2347 τ.
2778 2292 2825 2347 λ.

1534 2408 1705 2479 (Idem
1741 2420 1817 2462 est
1845 2425 1962 2462 cum
1990 2408 2201 2463 Canone
2242 2408 2348 2462 diei
2382 2407 2453 2461 ‘26
2485 2408 2721 2480 Martii.)

510 2530 659 2604 141
696 2528 779 2584 Ea:
817 2530 1029 2586 Canone
1058 2531 1111 2583 in
1148 2531 1281 2653 [ρέιο
1417 2529 1761 2584 Colindnc/ia:
1802 2530 2076 2599 martyris,

1224 2618 1270 2655 re
1386 2641 1398 2655 .

1224 2618 1270 2655 re
1311 2618 1398 2655 ιο.

576 2734 618 2787 Α
660 2734 913 2788 sordibus
944 2733 1162 2787 malitia:
1209 2734 1395 2789 volens
1424 2733 1647 2787 Creator
1674 2742 1924 2785 naturam
1981 2747 2082 2785 no-

504 2838 674 2882 stram
736 2827 1034 2892 mundare,
1075 2844 1136 2881 ex
1175 2838 1330 2882 utero
1378 2836 1473 2881 tuo
1526 2828 1731 2881 mundo
1768 2828 2084 2881 incarnatus

509 2929 610 2984 est,
638 2934 671 2972 o
704 2919 965 2988 Deipara;
993 2929 1277 2989 propterea
1308 2929 1359 2974 te
1386 2934 1580 2974 omnes
1611 2917 2005 2990 gloriﬁcamus.

577 3102 857 3159 Manifeste
897 3106 1251 3173 cognovimus
1293 3104 1461 3157 Deum
1511 3120 1576 3157 ex
1633 3105 1797 3157 castis
1854 3101 2082 3172 sanguic

2188 2529 2291 2581 Ἐκ
2332 2526 2438 2579 τοῦ
2472 2528 2739 2616 Κανόζος
2772 2531 2859 2616 sic
2891 2528 3006 2616 ripe
3032 2530 3210 2616 ᾴγίαν
3236 2524 3501 2616 μάρτυρα
3536 2527 3708 2580 Γολιν-

2644 2598 2901 2667 ὄουχὴν,
2936 2598 3128 2666 ἡμέρᾳ
3176 2598 3273 2665 ιγ’.

2264 2736 2463 2791 Ῥύπου
2518 2736 2720 2799 κακίας
2767 2735 2864 2803 τὴν
2911 2734 3074 2803 φύσιν
3136 2736 3164 2787 ὁ
3236 2731 3595 2802 Πλαστουργὺς
3633 2730 3709 2800 τὴν

2183 2832 2344 2901 ἡμῶν
2380 2830 2702 2901 βουλόμενος
2730 2829 3057 2899 ἐκκαθᾶραι,
3089 2830 3153 2881 ὲκ
3205 2828 3311 2896 τῆς
3368 2828 3456 2896 σῆς
3505 2824 3709 2895 καθαρᾶς

2188 2924 2533 2994 σεσάρκωται
2558 2922 2827 2993 γαστρὸς,
2868 2923 3097 2976 Θεοτόκε
3124 2938 3137 2951 ο
3170 2921 3257 2976 διό
3285 2938 3343 2973 σε
3374 2920 3558 2982 πάντες
3587 2917 3710 2981 605i-

2222 3034 2374 3070 οαεν.

2222 3034 2267 3069 θ’
2297 3034 2374 3070 εν.

2188 3015 2219 3081 ζ
2257 3035 2521 3172 ἒνωστῶς
2553 3107 2844 3177 κατίδομεν
2895 3107 3028 3160 Θεδν
3081 3104 3457 3178 σαρκωθέντα,
3488 3101 3709 3174 Παρθένε,

509 3197 670 3252 nibus
702 3197 809 3251 tuis
854 3198 1197 3251 incarnatum
1238 3211 1383 3260 esse,
1418 3210 1451 3249 o
1498 3192 1683 3264 Virgo,
1722 3205 2078 3262 nostramque

2187 3198 2243 3266 ἐξ
2271 3201 2454 3269 ἁγνῶν
2500 3218 2594 3253 σου
2645 3200 2915 3269 αἱμάτων,
2974 3198 3041 3253 δι’
3100 3196 3286 3253 οἶκτον
3338 3198 3429 3252 νῦν
3472 3196 3561 3265 τὴν
3587 3193 3710 3264 ἡμῶν

510 3302 655 3342 nunc
700 3286 932 3342 formam
982 3287 1356 3342 misericordia
1403 3286 1697 3341 adductum
1732 3285 2075 3355 suscepisse;

508 3382 860 3452 quamobrem
896 3392 946 3435 te
974 3396 1098 3436 cuin
1131 3380 1235 3435 ﬁde
1268 3380 1659 3449 gloriﬁcamus.

582 3474 866 3530 Vinculum
918 3475 1373 3543 transgressionis
1416 3473 1755 3538 dissolvisti,
1808 3473 2077 3527 bonorum

509 3569 750 3620 datorem
780 3578 904 3619 cum
935 3579 1159 3618 excessu
1198 3565 1549 3634 benignitatis
1577 3565 1739 3617 enixa
1770 3581 1782 3616 :
1827 3572 2078 3632 promer-

509 3674 570 3714 ea
599 3672 696 3710 nos
729 3656 914 3711 ﬁdeles
948 3666 1017 3722 te,
1051 3655 1220 3725 Virgo
1256 3657 1443 3719 Mater,
1476 3656 1865 3726 gloriﬁcamus.

579 3751 712 3805 Cum
746 3750 819 3805 sit
863 3764 1017 3805 mens
1054 3765 1173 3806 mea
1212 3750 1399 3804 multis
1431 3749 1966 3820 transgressionibus
1992 3748 2078 3801 in-

510 3845 734 3914 quinata
785 3859 848 3900 ac
895 3843 1219 3913 deturpata,
1271 3859 1467 3916 precor
1509 3853 1599 3909 te,
1652 3858 1685 3898 ο
1739 3842 1832 3897 Dei
1883 3841 2078 3907 Mater,

510 3935 667 3991 unice
698 3935 1048 3990 immaculata
1086 3936 1223 4007 (65),
1256 3937 1514 3991 miserere
1566 3935 1695 4001 tnei,
1729 3942 1781 3989 et
1811 3934 1959 3988 salva
1996 3948 2080 3988 me

510 4028 832 4083 mediatione
864 4038 975 4082 tua.

576 4122 710 4177 Cum
763 4121 1134 4175 contexuissct
1178 4121 1493 4174 Altissimus
1526 4122 1628 4175 sibi
1673 4121 1771 4188 ipsi
1814 4120 2077 4174 amictum

509 4231 570 4270 ex
603 4215 755 4284 puris
798 4212 1155 4283 sanguinibns
1191 4214 1318 4277 tuis,
1362 4228 1394 4263 ο
1428 4213 1796 4275 immaculata,
1841 4229 1936 4267 eos
1983 4213 2077 4281 qui

510 4308 706 4363 divinis
738 4307 982 4361 vestibus
1010 4304 1195 4359 nudati
1230 4306 1466 4369 fuerant,
1487 4306 1803 4370 exornavit;
1828 4317 2079 4375 prepter-

509 4416 569 4457 ei
609 4416 729 4455 rum
767 4399 961 4454 all‘ectu
998 4407 1049 4450 te
1086 4398 1296 4451 beatam
1334 4398 1689 4467 appellamus.

574 4491 1019 4562 Propitiatorium
1060 4491 1201 4562 apud
1248 4490 1414 4545 Deum
1450 4498 1503 4544 te
1541 4506 1755 4560 semper
1790 4490 2077 4555 habemus,

510 4603 543 4638 0
579 4600 795 4641 summe
844 4585 1193 4638 immaculata
1249 4602 1263 4637 :

491 4677 847 4745 ,tcrribilibus
885 4678 1192 4739 tormentis,
1227 4690 1292 4729 ac
1348 4676 1517 4728 libera
1565 4690 1665 4729 nos
1712 4676 1780 4729 ab
1826 4676 2083 4730 omnibus

513 4768 678 4824 minis
722 4775 777 4822 et
815 4768 1105 4822 conatibus
1157 4766 1395 4820 hostium
1429 4776 1536 4820 tam
1574 4766 1871 4819 visibilium
1914 4782 2079 4835 quam

512 4861 894 4919 iuvisibilium.

579 4953 662 5009 Tu
707 4969 826 5024 quae
872 4961 1026 5022 partu
1082 4963 1174 5007 tuo
1208 4953 1520 5006 universam
1556 4951 1864 5007 seductoris
1920 4952 2078 5005 mali-

512 5048 640 5103 tiam
678 5046 919 5102 sterilem
969 5046 1284 5111 reddidisti,
1327 5061 1360 5099 o
1404 5055 1553 5100 casta
1578 5088 1593 5110 ,
1624 5062 1719 5099 cor
1748 5062 1927 5100 meum
1969 5061 2081 5099 om-

512 5141 662 5195 nium
700 5140 971 5195 bonorum
1004 5153 1230 5207 operum
1266 5139 1471 5203 sterile,
1518 5139 1858 5192 fructiterum
1908 5138 2077 5204 clﬁce,

513 5234 681 5290 Deum
712 5233 846 5288 mihi
878 5233 1172 5303 propitium
1205 5234 1497 5287 reddendo.

587 5326 746 5399 152
788 5325 1062 5381 Mediante
1087 5342 1219 5381 voce
1246 5326 1443 5396 angeli,
1474 5324 1797 5394 concepisti,
1836 5339 1870 5377 ο
1909 5336 2079 5391 casta,

583 5506 699 5575 (65)
739 5505 877 5560 l‘linc
905 5505 1063 5561 Joan.
1086 5506 1418 5562 Tritltemins
1444 5506 1613 5561 abbas
1629 5507 1692 5559 de
1716 5505 1864 5560 laud.
1898 5503 1957 5559 S.
1984 5506 2086 5559 An-

514 5594 594 5631 na:
622 5592 747 5646 cap.
782 5577 833 5637 7,
865 5577 940 5631 ait
970 5578 1033 5630 ad
1064 5592 1177 5631 rem
1208 5588 1451 5630 nostram
1484 5594 1497 5630 :
1542 5595 1561 5627 ι
1603 5576 1767 5641 Digna
1794 5575 1889 5628 Dei
1919 5576 2086 5629 Mater

514 5646 681 5700 fuisse
703 5647 944 5701 creditur
983 5647 1101 5700 sine
1140 5646 1391 5715 originali
1439 5647 1649 5700 macula
1697 5646 1931 5715 concipi,
1967 5660 2088 5714 qum

514 5718 663 5770 illum
692 5727 809 5771 erat
839 5716 1004 5787 Virgo
1035 5717 1301 5785 paritura,
1329 5718 1421 5785 qui
1459 5718 1625 5771 totius
1660 5716 1847 5770 mundi
1882 5716 2087 5769 deleret

513 5787 767 5841 erimina.
805 5786 956 5841 Nolo
995 5787 1213 5842 mireris
1259 5786 1349 5841 Dei
1391 5787 1719 5841 Genitricem
1756 5796 1953 5854 praeter
1994 5803 2087 5839 na-

516 5866 653 5913 tura:
693 5858 1143 5912 consuetudinem
1184 5858 1252 5911 ab
1276 5858 1523 5913 originali
1556 5867 1937 5913 orccservatam
1975 5858 2087 5911 cri-

2186 3292 2525 3347 ἀναλαϐόντα
2586 3294 2817 3363 μορφήν.
2881 3290 2981 3345 Διὰ
3024 3290 3184 3345 τοῦτο
3251 3290 3429 3345 πίστει
3484 3305 3537 3341 σε
3590 3282 3710 3349 δοξά-

2187 3387 2374 3457 ζομεν.

2257 3482 2467 3549 Δεσμδν
2494 3478 2745 3541 διέλνσας
2775 3476 2876 3547 τῆς
2915 3476 3288 3547 παραϐάσεως
3338 3473 3443 3528 τῶν
3468 3471 3625 3527 καλῶν
3640 3467 3709 3521 τὸν

2188 3572 2385 3641 δοτῆρα
2414 3571 2686 3642 ὑπερϐολῇ
2718 3571 2921 3636 τέξασα
2943 3569 3339 3640 χρηστότητος,
3397 3563 3704 3639 Παρθενομῆ·

2188 3680 2306 3731 τορ.
2355 3661 2456 3715 Διὰ
2488 3661 2646 3714 τοῦτο
2685 3662 2734 3714 οἱ
2769 3659 2951 3714 πιστοί
2985 3677 3042 3712 σε
3068 3660 3388 3729 δοξάζομεν.

2260 3752 2691 3823 Μεμολυσμὲνος
2722 3752 2813 3806 τὸν
2841 3752 3102 3821 λογισμὸν
3133 3753 3227 3805 καὶ
3252 3750 3597 3823 ἠχρειωμένος
3620 3745 3712 3805 ταῖς

2190 3847 2432 3909 πολλαῖς,
2472 3844 2665 3916 Μῆτερ
2698 3843 2851 3908 Θεοῦ,
2905 3842 3276 3915 παραϐάσεσι,
3312 3842 3369 3894 σὲ
3404 3835 3711 3897 καθικετεύω,

2192 3941 2324 4010 μόνη
2358 3937 2644 4006 ἀμόλυντε,
2675 3936 2943 4007 οἰκτεῖραί
2988 3953 3053 4007 με
3080 3936 3172 3989 καὶ
3202 3935 3383 3987 σῶσαι
3416 3933 3479 4003 τῇ
3508 3926 3713 4002 μεσιτεῐᾳ

2191 4048 2305 4084 σου.

2271 4124 2507 4191 Ὑφάνας
2532 4120 2793 4189 ’Ὕψιστος
2820 4117 2997 4187 ἑαυτῷ
3032 4135 3097 4170 πε
3112 4116 3335 4188 ριῦολὴν
3358 4117 3419 4169 ὲκ
3442 4112 3543 4167 τῶν
3566 4106 3712 4176 ἁγνῶν

2187 4217 2435 4285 αἱμάτων
2468 4232 2585 4278 σου,
2644 4212 2771 4275 τοὺς
2828 4211 3215 4280 γυμνωθέντας
3277 4209 3449 4272 Θείαις
3495 4216 3714 4259 καταστο-

2186 4312 2303 4373 λαίς
2324 4309 2662 4381 ὲφαέδρυνεν,
2682 4306 2938 4377 ἄχραντε.
2988 4306 3087 4357 Διὰ
3117 4304 3282 4358 τοῦτὸ
3308 4320 3369 4356 σε
3407 4301 3547 4370 πόθῳ
3571 4311 3713 4367 μακα-

2192 4403 2429 4473 ρίζομεν.

2268 4495 2601 4562 Ἱλαστήριον
2644 4489 3043 4559 κεκτημένους,
3076 4487 3417 4557 πανάμωμε,
3480 4482 3603 4552 πρὸς
3640 4476 3711 4529 τδν

1318 4598 1452 4637 erue
1503 4600 1601 4637 nos
1642 4599 1669 4636 a
1716 4583 1915 4637 futura:
1960 4583 2078 4637 vita:

2188 4590 2321 4642 Θεόν
2362 4605 2421 4640 σε
2469 4587 2727 4647 πάντοτε,
2774 4581 2956 4649 ἐξελοῦ
2988 4583 3137 4652 ἡμᾶς
3186 4581 3299 4633 τῶν
3354 4578 3466 4631 ἐκεῖ
3511 4570 3715 4645 βασάνων

2196 4680 2464 4750 φοϐερῶν,
2493 4679 2587 4731 καὶ
2618 4677 2893 4745 λύτρωσαι
2923 4676 3103 4744 πάσης
3135 4671 3369 4740 ἀπειλῆς
3408 4669 3498 4722 καὶ
3540 4663 3717 4719 ἐπιδου-

2192 4774 2290 4844 λῆς
2314 4771 2525 4844 ὁρατῶν
2552 4770 2646 4822 καὶ
2678 4769 2923 4838 ἀοράτων
2952 4766 3044 4836 ὲχθ
3056 4765 3183 4837 ρῶν.

2271 4954 2334 5006 Ἦ
2366 4951 2441 5023 τῷ
2473 4951 2616 5020 τόκῳ
2648 4966 2740 5002 σου
2765 4948 2949 5000 πᾶσαν
2978 4942 3439 5015 ἁποστειρώσασα
3490 4939 3580 5007 τὴν
3638 4947 3714 4983 κα·

2190 5048 2313 5101 κίαν
2359 5046 2451 5099 τοῦ
2513 5042 2735 5106 πλάνου,
2796 5041 2976 5111 πάσης
3040 5038 3435 5109 στειρεύουσαν
3491 5028 3715 5100 πράξεως,

2192 5138 2352 5207 ἁγνὴ,
2383 5136 2594 5205 ἀγαθῆς
2622 5134 2721 5203 τὴν
2754 5132 2981 5203 καρδίαν
3015 5150 3115 5202 μου
3175 5132 3346 5192 δεῖξον
3394 5120 3716 5196 καρποφόρον,

2192 5233 2323 5286 Θεὸν
2357 5231 2497 5283 ἰλεου
2506 5228 2637 5299 μένη
2650 5268 2662 5279 .

2261 5323 2415 5391 Φωνῇ
2474 5296 2731 5387 ἀγγέλου,
2786 5315 2948 5387 ἁγνὴ,
3004 5314 3294 5378 συνέλαῦες
3337 5312 3507 5379 Λόγον
3547 5296 3720 5370 Harpe:

2196 5505 2374 5567 mine,
2409 5518 2569 5568 quam
2605 5501 2711 5554 sibi
2745 5499 3082 5553 mansionem
3120 5502 3407 5568 paraverat
3446 5492 3578 5545 Deus
3606 5482 3722 5568 iniu:

2194 5590 2283 5626 sor
2309 5565 2513 5643 gratim.
2544 5572 2854 5643 Considera
2874 5580 3053 5623 natam
3090 5565 3179 5643 Dei
3203 5566 3548 5643 Genitrifem,
3575 5565 3722 5643 81‘!ng

2197 5627 2480 5698 miraberis
2529 5642 2645 5697 sine
2680 5641 2894 5695 macula
2931 5627 3723 5711 conceptionem._hl_agn_a.Stlllf

2193 5731 2315 5775 quae
2339 5714 2615 5774 dicuntur,
2647 5712 2739 5765 sed
2773 5727 2922 5773 vera,
2951 5704 3279 5782 sedrsancta,
3310 5706 3403 5760 sed
3438 5704 3721 5782 Genitricctn

2196 5772 2287 5838 Dei
2321 5772 2609 5843 decentia,
2632 5782 2791 5850 cujus
2819 5772 3228 5849 conceptionem
3272 5774 3531 5847 praevenit
3558 5772 3717 5840 gratia,

2192 5866 2245 5911 et
2276 5854 2402 5909 hinc
2437 5856 2665 5908 miratur
2700 5862 2908 5905 natura.
2950 5871 2966 5902 ι
3002 5850 3091 5905 Sic
3122 5851 3231 5908 ille.
