3996 6596
187 408 324 476 1145

1631 419 1993 482 MARIALE.

3293 423 3430 492 1256
3487 441 3489 443 ’

184 530 316 597 ἡμῖν
333 525 667 599 ὁμοιωθῆναι
688 529 1012 601 θελήσαντα,
1046 535 1105 589 ὃν
1120 535 1360 592 δυσώπει
1398 538 1582 610 εὑρεῖν
1607 542 1753 610 ημᾶς

1882 543 2100 599 i'erbum
2137 547 2336 608 Patris.
2369 548 2512 617 quod
2545 549 2702 604 nobis
2731 547 2902 602 voluit
2929 544 3218 600 assimilari
3254 562 3268 598 :
3297 545 3428 599 illud

182 618 352 685 ἕλεος,
415 620 511 674 καὶ
550 621 660 675 τῶν
699 623 1119 696 ἁμαρτημάτων
1179 628 1354 697 λύσιν,
1401 632 1751 703 πανὰμωμε·

184 711 306 764 ὅθεν
332 710 677 784 εὐχαρίστως
705 733 762 769 σε
787 721 990 786 φωναῖς
1019 720 1106 774 ἀεὶ
1128 719 1450 794 δοξάζομεν.

195 993 292 1048 Ἐκ
326 995 433 1050 τοῦ
473 997 743 1066 Κανόνος
769 1003 855 1067 εις
879 1003 985 1057 τὸν
1005 1005 1177 1074 ἅγιον
1201 1009 1554 1067 ἀπόστολον
1595 1015 1758 1070 Ἀκύ-

712 1075 850 1140 λαν,
880 1075 1070 1144 ἡμέρᾳ
1102 1078 1187 1134 ιδ’.

259 1177 440 1248 Λόγῳ,
473 1183 670 1254 σεμνὴ,
707 1185 878 1255 Λόγον
908 1188 967 1240 ὲν
1000 1191 1181 1262 μήτρα
1226 1193 1514 1258 συνέλαόες
1542 1196 1634 1248 τὸν
1671 1198 1760 1252 διὰ

186 1271 348 1342 λόγου
386 1278 632 1342 ἅπαντας
679 1279 1190 1356 δημιουργήσαντα⁸
1246 1290 1334 1342 διὰ
1363 1291 1521 1345 τοῦτο
1573 1294 1631 1347 σὲ
1671 1294 1759 1348 λό-

191 1383 311 1436 γοις
331 1369 557 1437 ἑνθείοις
580 1373 950 1448 ἀνυμνοῦμεν,
977 1379 1374 1453 Θεοχαρίτωτε.

269 1550 329 1606 '0
363 1554 524 1624 μόνος
553 1554 818 1627 καθαρὸς,
843 1560 872 1610 ὁ
903 1559 1064 1628 μόνος
1093 1559 1316 1631 Κύριος,
1360 1564 1420 1617 σὲ
1465 1564 1635 1636 μόνην
1683 1566 1762 1630 ώς

186 1642 330 1709 ἔγνω
372 1647 768 1720 καθαρωτέραν
803 1651 982 1721 πάσης
1027 1653 1282 1721 κτίσεως,
1310 1658 1648 1730 πανάμωμε,
1697 1659 1759 1725 ἐξ

185 1734 367 1802 ἁγνῶν
393 1753 488 1788 σου
517 1738 769 1806 αἱμάτων
794 1758 852 1793 σε
863 1743 1216 1812 σωμάτωται.

253 1824 468 1894 Νοητόν
503 1844 563 1881 σε
597 1830 878 1897 παλάτιον,
928 1834 1023 1888 καὶ
1088 1835 1292 1906 ὑψηλὸν
1335 1837 1430 1891 τοῦ
1490 1840 1757 1911 βασιλέως

192 1915 411 1987 θρόνον,
438 1918 670 1975 Θεοτόκε
719 1923 996 1991 δέσποινα,
1042 1927 1401 2001 ὀνομάζομεν.

249 2009 458 2083 Μήτηρ
509 2014 605 2067 καὶ⁵
659 2015 820 2086 δούλη
872 2019 1128 2086 Χριστοῦ·
1159 2021 1254 2074 τοῦ
1287 2024 1662 2093 σαρκωοέντος
1689 2027 1756 2081 δι’

181 2100 332 2170 ἡμᾶς
385 2103 653 2172 γέγονας,
694 2106 756 2160 ὃν
796 2109 1034 2174 ἐκτενῶς
1080 2110 1310 2166 πάντοτε
1367 2116 1609 2170 δυσώπει
1661 2119 1756 2172 τοῦ

184 2193 457 2257 σώζεσθαι
482 2199 515 2269 ὴ
524 2200 628 2267 μᾶς
648 2199 773 2264 τούς
799 2218 858 2255 σε
881 2203 1146 2258 Θεοτόκον
1184 2207 1352 2278 ἁγνὴν
1369 2209 1754 2278 ὀνομάζοντας.

259 2287 589 2360 Κυριώνυμε
618 2293 753 2364 κόρη
791 2295 1124 2367 πανάμωμε,
1161 2299 1252 2352 τὸν
1269 2301 1603 2372 ἀγαθοδὸτην
1627 2304 1758 2355 Θεὸν

186 2379 218 2446 ἡ
248 2381 522 2450 κυήσασα,
553 2384 680 2449 τούς
717 2403 776 2440 σε
804 2387 1113 2457 ὑμνοῦντας
1150 2392 1384 2447 πάντοτε
1431 2399 1759 2468 πειρασμῶν

185 2471 546 2542 πολυτρόπων
574 2476 862 2534 διάσωσον.

257 2653 673 2756 Νεκροῦταιμτο
699 2661 828 2730 πρὶν
865 2662 896 2714 ὁ
951 2664 1121 2737 Ἀδὰμ
1180 2668 1489 2742 φθοροποιῷ
1531 2672 1754 2743 βρώσει,

185 2749 518 2815 πανὰμωμε,
552 2751 615 2802 σὺ
644 2749 699 2802 δὲ
722 2753 953 2808 τεκοῦσα
975 2757 1074 2826 τὴν
1120 2759 1264 2829 ζωὴν
1315 2763 1491 2829 ἡμῶν,
1545 2765 1755 2832 τοῦτον,

187 2833 452 2903 Παρθένε,
483 2837 738 2906 ὲζώωσας
761 2859 774 2872 ·
807 2844 928 2898 ὅθεν
956 2847 1030 2908 ὡς
1057 2849 1238 2904 καλῶν
1281 2869 1339 2904 οε
1363 2854 1540 2907 αἰτίαν
1581 2859 1756 2927 ἀνυμυ

185 2934 407 3020 νουντες
455 2934 843 3007 κραυγάζομεν
871 2953 885 2968 ⁸
929 2939 1284 3015 Εὐλογημένη
1331 2947 1364 3014 ἡ
1415 2947 1548 3001 Θεὸν
1593 2950 1758 3020 σαρκὶ

185 3019 464 3090 κυήσασα.

269 3109 358 3202 Ὠς
420 3113 513 3167 τὸν
568 3118 853 3172 παναίτιον
906 3121 1039 3176 Θεὸν
1105 3123 1247 3196 ὑπὲρ
1277 3128 1457 3183 πᾶσαν
1517 3131 1756 3202 ἀληθῶς,

1860 640 2000 693 idem
2056 656 2203 695 nunc
2255 642 2572 712 deprecare,
2622 658 2655 696 ο
2695 641 3086 701 mundissima,
3133 653 3230 706 pro
3268 637 3431 691 nobis

1859 742 1920 786 ut
1952 732 2406 794 misericordiam.
2444 743 2498 790 et
2532 743 2878 804 peccatorum
2912 729 3311 786 absolutionem
3344 727 3427 781 iu-

1860 825 2044 878 venire
2083 823 2396 895 possimus,
2452 825 2810 894 quamobrem
2863 823 3032 894 gratis
3080 820 3323 880 vocibus.
3379 827 3430 870 te

1859 931 2073 983 Semper
2105 916 2488 984 glorificemus.

1930 1007 2014 1062 Ea:
2042 1007 2252 1062 Conone
2283 1009 2332 1062 in
2374 1007 2504 1076 {esto
2536 1006 2594 1060 S.
2631 1006 2842 1075 Aquin
2873 1004 3124 1075 apostoli,
3154 1003 3237 1056 die
3274 1000 3355 1056 l4.

1932 1187 2170 1241 Verbum
2223 1185 2493 1239 mediante
2539 1184 2708 1238 verbo
2756 1184 2809 1236 in
2843 1194 2998 1236 utero
3029 1180 3366 1250 concepisti,
3398 1196 3432 1234 ο

1859 1279 2202 1340 veneranda,
2236 1278 2379 1346 quod
2433 1292 2529 1345 per
2565 1277 2790 1328 verbum
2841 1274 3128 1327 universos
3164 1273 3368 1326 creavit
3417 1290 3430 1325 :

1863 1373 1984 1428 ideo
2037 1381 2089 1426 te
2137 1371 2318 1424 verbis
2366 1369 2566 1424 divinis
2597 1365 3004 1432 eollaudmnus,
3049 1380 3083 1419 0
3131 1364 3223 1418 Dei
3258 1363 3431 1433 gratia

1862 1465 2316 1521 cumulatissima.

1935 1559 2092 1613 Solus
2152 1556 2412 1615 mundus.
2462 1554 2614 1608 solus
2651 1551 2937 1615 Dominus,
2997 1558 3055 1603 ut
3108 1559 3158 1603 te
3214 1548 3435 1612 agnovit

1862 1650 2058 1712 solam,
2109 1647 2258 1701 omni
2288 1654 2536 1700 creatura
2572 1642 2938 1703 mundiorem,
2972 1654 3006 1694 ο
3046 1638 3437 1692 inunaculatis-

1862 1746 2022 1806 sima,
2051 1755 2117 1794 ex
2147 1738 2312 1792 castis
2348 1736 2706 1806 sanguinibus
2738 1733 2848 1786 tuis
2881 1741 3204 1799 corporatns
3233 1741 3334 1782 est.

1933 1835 2010 1888 Te
2065 1831 2351 1902 spirituale
2409 1827 2707 1897 palatium,
2768 1834 2823 1879 et
2875 1823 3202 1877 altissimum
3271 1819 3434 1890 Regis

1790 1898 1832 1954 Β
1865 1928 2146 1988 thronum,
2174 1941 2207 1980 ο
2236 1924 2463 1994 Deipara
2499 1920 2748 1977 Domina.
2785 1917 3150 1972 nominamus.

1932 2022 2102 2076 Mater
2163 2034 2224 2074 es
2286 2025 2342 2071 et
2395 2015 2589 2070 ancilla
2632 2011 2835 2067 Christi
2895 2007 3162 2063 incarnati
3213 2013 3435 2075 propter

1860 2132 1964 2172 nos
2013 2135 2028 2171 :
2079 2128 2240 2184 quem
2285 2125 2500 2177 semper
2547 2108 2790 2174 impense
2836 2103 3126 2171 deprecare
3155 2107 3211 2152 ut
3252 2097 3434 2152 salvos

1861 2208 2024 2262 faciat
2050 2221 2174 2267 nos,
2207 2201 2298 2271 qui
2326 2211 2376 2254 te
2405 2199 2688 2266 Deiparam
2719 2203 2926 2248 castam
2957 2204 3360 2258 nuncupamus.

1930 2300 1974 2354 Ο
2025 2299 2202 2370 puella
2252 2289 2793 2349 iumiaculatissima,
2828 2285 2987 2354 cujus
3024 2298 3216 2336 nomen
3261 2280 3434 2333 domi-

1860 2396 2014 2449 nium
2048 2400 2303 2452 resonat;
2332 2403 2452 2456 qnze
2495 2385 2660 2438 Deun.
2690 2382 2959 2435 bonorum
2991 2379 3233 2430 datorem
3270 2387 3451 2444 pepe-‘

1860 2487 2016 2547 "isti;
2049 2499 2144 2537 eos
2165 2481 2258 2551 qui
2292 2491 2342 2533 te
2372 2475 2682 2532 collaudant
2706 2472 2920 2527 assidue
2945 2485 2973 2523 a
3000 2467 3428 2522 multiformibus

1873 2575 2254 2633 entationibus
2284 2571 2455 2626 salva.

1931 2669 2178 2723 Mortuus
2205 2675 2290 2719 cst
2319 2662 2448 2716 olim
2484 2659 2656 2712 Adam
2689 2654 2940 2710 letliifero
2969 2652 3091 2707 cibo
3119 2651 3432 2718 degustato,

1861 2780 1894 2818 0
1919 2776 2133 2818 summe
2163 2773 2296 2828 pura
2347 2753 2510 2823 Virgo
2544 2771 2558 2807 :
2599 2763 2654 2805 tu
2692 2758 2871 2803 autem
2915 2745 3075 2800 enixa
3115 2745 3280 2796 vitam
3332 2757 3433 2794 no-

1863 2868 2060 2916 Stram,
2089 2853 2339 2905 eumdem
2371 2844 2650 2899 vivificasti
2687 2858 2699 2894 :
2725 2841 2870 2896 unde
2902 2848 2952 2892 te
2982 2848 3238 2902 tanquam
3267 2836 3436 2887 bono-

1861 2964 1981 3002 rum
2029 2958 2250 3000 causam
2286 2939 2593 2999 laudantes,
2619 2936 2924 2989 clamamus
2958 2947 2970 2982 :
3015 2929 3304 2982 Benedicta
3354 2936 3434 2987 tu,

1859 3056 1983 3112 quae
2015 3037 2185 3090 Deum
2220 3035 2271 3086 in
2307 3044 2470 3083 carne
2495 3026 2728 3098 genuisti

1930 3132 2068 3187 Cum
2102 3128 2268 3181 Deum
2305 3136 2486 3178 rerum
2521 3117 2772 3173 omnium.
2813 3127 3034 3168 causam
3057 3153 3070 3176 ,
3107 3124 3272 3178 supra
3319 3123 3438 3163 om-

187 3201 349 3312 ἁγνῇ,
376 3206 900 3312 αἰτίαν-ὲνπαστρὶ
951 3213 1312 3284 συλλαὸοὖσα,
1349 3221 1442 3274 καὶ
1486 3220 1552 3274 δι’
1607 3224 1757 3292 ἡμᾶς

1882 3241 1986 3279 tem
2016 3233 2239 3278 causam
2276 3230 2422 3275 vere,
2461 3228 2494 3265 ο
2522 3219 2695 3270 casta,
2738 3209 2790 3262 iu
2825 3215 2980 3260 utero
3004 3202 3343 3272 conceperis,
3375 3215 3439 3254 ac

187 3296 311 3394 καςν
366 3299 513 3369 ἡμᾶς
561 3301 793 3369 ὀφθέντα
839 3307 1097 3372 τεκοῦσα,
1165 3312 1504 3382 πανάμωμε,
1565 3291 1758 3370 τουτον

1882 3329 2082 3388 παρίει·
2150 3326 2250 3366 nos
2313 3305 2547 3362 similem
2600 3301 2760 3356 nobis
2812 3297 3062 3352 eﬂectum
3121 3291 3435 3363 pepereris,

185 3389 498 3445 ἐκδυσώπει
533 3395 672 3466 ὑπὲρ
704 3396 812 3451 τῶν
839 3415 898 3451 σε
921 3400 1259 3471 ὑμνούντων.

255 3565 326 3618 Σὲ
357 3571 692 3643 φωτιστικὴν
711 3573 936 3647 λυχνίαν
966 3579 1225 3652 προεώρα
1249 3583 1537 3655 προφήτης
1561 3585 1621 3638 τὸ
1641 3586 1759 3654 φῶς

185 3658 248 3711 τὸ
271 3661 559 3718 ἀνατεῖλαι)
587 3667 651 3719 ὲκ
703 3669 900 3736 φωτὸς,
949 3671 1400 3746 Παρθενομῆτορ,
1458 3676 1760 3746 βαστάζουο

187 3769 312 3817 σαν,
338 3754 400 3807 τὸ
429 3757 672 3826 φωτισαν
703 3761 975 3826 πλουσίως
993 3765 1062 3818 τὰ
1084 3766 1214 3836 πρὶν
1245 3770 1609 3840 ὲσκοτισμὲνα
1639 3772 1760 3833 ταῖς

185 3849 386 3912 αὐγαῖς
423 3851 519 3922 τῆς
575 3853 741 3908 αὑτοῦ
788 3857 1191 3930 ἀνεκφράστου,
1256 3863 1589 3935 πανάμωμε,
1644 3863 1763 3918 056-

183 3959 370 4012 τητος.

197 4036 300 4091 Ἐκ
332 4038 440 4093 τοῦ
470 4042 860 4122 Κανόνοςμεὶςζ
881 4046 1021 4122 τοὺς
1061 4048 1269 4117 ἁγίους
1311 4050 1616 4122 μάρτυρας
1641 4053 1761 4122 Κή-

347 4137 353 4142 σ
428 4127 624 4178 ρυκον
669 4117 770 4169 και
823 4116 1170 4187 Ἰουλίττην,
1213 4116 1404 4189 7)μέρᾴ
1433 4116 1516 4176 ιε’ζ

261 4223 626 4298 Κατήργηται
651 4228 880 4296 θάνατος
921 4233 1009 4288 διὰ
1055 4235 1175 4299 σοῦ,
1226 4239 1322 4290 καὶ
1374 4237 1502 4310 ᾅδου
1534 4239 1594 4292 τδ
1643 4240 1764 4294 κέν·

185 4331 317 4384 τρον
361 4316 654 4390 ἠφανίσθη,
685 4323 877 4395 Μῆτερ
929 4326 1089 4398 ἁγνή·
1119 4329 1182 4381 σὺ
1231 4329 1340 4399 γὰρ
1383 4332 1472 4384 τὸν
1501 4332 1765 4388 ἀθάνατον

187 4409 469 4479 Δεσπότην
499 4412 880 4473 Θανατωοέντα
906 4423 1072 4490 σαρκὶ
1098 4422 1422 4489 ἁπεκύησας

1865 3389 2138 3472 eumdem,
2181 3419 2214 3458 ο
2241 3394 2748 3455 intemeratissima,
2784 3389 3107 3460 suppliciter
3133 3400 3302 3440 exora
3337 3399 3437 3454 pro

1866 3508 1996 3568 illis,
2027 3502 2116 3572 qui
2150 3509 2203 3554 te
2231 3492 2484 3550 laudibus
2510 3495 2796 3543 exornant.

1932 3598 2010 3653 Te
2056 3596 2333 3649 lucernam
2364 3581 2784 3639 illuminativam
2813 3575 3057 3647 prmvidit
3089 3573 3376 3644 propheta,
3405 3586 3440 3624 ο

1867 3692 2032 3759 Virgo
2099 3682 2254 3756 143
2310 3687 2506 3740 mater,
2561 3682 2864 3745 gestantem
2918 3670 3103 3724 lumen
3146 3678 3325 3722 ortum
3375 3667 3440 3718 de

1866 3783 2097 3843 lumine,
2131 3776 2277 3846 quod
2328 3787 2392 3828 ea
2426 3786 2548 3838 quae
2582 3778 2744 3822 antea
2783 3765 3022 3820 tenebris
3050 3763 3222 3817 oll'usa
3261 3768 3439 3820 erant,

1867 3872 2248 3946 splendoribus
2276 3865 2568 3921 ineﬂ‘abilis
2598 3860 2901 3915 divinitatis
2934 3872 3046 3912 sua:
3069 3854 3294 3923 copiose
3323 3851 3441 3904 illu-

1867 3967 2114 4030 minavit,
2145 3980 2179 4019 ο
2209 3956 2735 4016 immaculatissima.

1866 4058 1952 4113 Ea:
1992 4055 2204 4111 Canone
2249 4051 2304 4104 in
2351 4046 2452 4103 SS.
2490 4057 2747 4168 ιιιιᾶιςιυῖιές
2788 4041 3037 4098 ϐενὶειιηι-
3074 4047 3123 4092 et
3154 4036 3432 4095 Julittam,
3466 4095 3473 4098 _

2589 4133 2635 4168 ιε
2739 4155 2752 4168 .

2589 4133 2635 4170 ιε
2671 4133 2752 4168 ID.

1941 4241 2090 4297 lrriti
2133 4237 2264 4293 facti
2297 4243 2426 4289 sunt.
2472 4240 2706 4286 conatus
2751 4225 2967 4288 mortis,
3014 4233 3068 4278 et
3100 4220 3299 4276 inferni
3342 4219 3439 4274 sti-

1871 4337 2054 4391 mulus
2097 4329 2492 4387 exterminatus
2540 4331 2624 4379 est
2670 4338 2766 4392 per
2798 4329 2870 4385 te,
2927 4317 3102 4372 Mater
3142 4322 3292 4369 casta
3331 4331 3340 4364 :
3386 4321 3440 4363 ιιι

1869 4431 2013 4486 enim
2043 4423 2408 4483 immortalem
2437 4419 2752 4481 Dominum,
2779 4414 2869 4484 qui
2893 4410 3193 4468 secundum
3221 4422 3439 4460 carnem

1871 4532 2124 4577 mortuus
2150 4527 2254 4580 est,
2283 4511 2563 4586 peperisti.

261 4594 354 4664 Μὴ
418 4595 664 4661 κενώσας
743 4600 873 4664 τοὺς
935 4603 1170 4666 κόλπους
1225 4605 1350 4667 τοὺς
1411 4604 1757 4674 Πατρικοὺς,

1938 4613 2179 4670 Verbum
2233 4608 2367 4665 illud
2418 4599 2972 4676 supersubstantiale,
3019 4596 3164 4667 quod
3223 4606 3440 4650 omnem

190 4688 648 4762 ἄχραντε,Λόγος
683 4695 712 4750 ό
756 4695 818 4748 τὸ
867 4698 975 4750 πᾶν
1029 4698 1300 4762 οὐσιώσας
1353 4716 1446 4752 σου
1478 4701 1577 4769 τὴν
1629 4717 1764 4754 παν-

190 4782 427 4850 ἁμωμον
507 4786 749 4859 γαστέρα
811 4787 1035 4860 ᾤκησε,
1096 4792 1190 4844 καὶ
1268 4791 1406 4864 σὰρξ
1473 4793 1763 4864 ἀτρέπτως

188 4873 407 4946 ὡρὰθη,
435 4878 530 4930 καὶ
559 4877 786 4950 βροτοὺς
807 4883 1040 4937 ὲθέωσεν
1061 4885 1088 4937 ὁ
1120 4884 1469 4956 ὑπερούσιος.

257 5067 435 5134 Νόμοι
460 5068 696 5138 φύσεως,
730 5072 994 5140 πάναγνε,
1059 5089 1115 5128 εν
1165 5078 1231 5145 τῇ
1264 5076 1404 5148 ὑπὲρ
1436 5079 1600 5147 φύσιν
1631 5095 1758 5132 κυο-

185 5159 354 5230 φορίᾳ
383 5177 478 5213 σου
528 5163 957 5218 ὲναλλάττονται’
1000 5167 1090 5220 τὸν
1150 5169 1403 5240 Πλάστην
1450 5171 1559 5238 γὰρ
1618 5171 1760 5243 ὑπὲρ

186 5251 314 5306 νοῦν
354 5255 448 5307 καὶ
472 5253 630 5323 λόγον
662 5257 1004 5329 ἀπεκύησας.

267 5445 330 5498 '0
365 5447 500 5500 Θεοῦ
529 5448 660 5512 Θεὸς
690 5449 862 5518 Λόγος
913 5450 1091 5523 σάρκα
1135 5452 1426 5506 ἀνελάὁετο
1450 5453 1632 5509 ἔννουν
1664 5456 1758 5510 καὶ

187 5538 432 5610 ἔμψυχον
473 5542 536 5594 ὲκ
581 5540 698 5604 σοῦ,
756 5543 1018 5611 παναγία,
1071 5543 1166 5597 καὶ
1198 5545 1264 5597 δι’
1305 5540 1488 5598 οἶκτον
1543 5547 1759 5614 ἐγένετο

197 5630 511 5703 ἄνθρωπος,
539 5634 633 5687 καὶ
666 5634 867 5687 ὲθέωσέ
897 5652 962 5706 με
983 5639 1048 5706 τῇ
1071 5637 1379 5708 παραϐάσει
1411 5638 1755 5707 ἁπωσΟὲντα,

185 5725 246 5777 εν
283 5724 494 5779 ἱκέτευε
527 5725 698 5781 σῶσαι
729 5728 795 5782 τὰ
829 5727 1142 5798 σύμπαντα.

1872 4705 2236 4763 Substantiam
2285 4701 2515 4764 crearit,
2573 4713 2681 4752 non
2737 4696 2992 4749 deserens
3037 4692 3327 4745 Paternum
3372 4685 3441 4740 si-

1873 4816 2024 4862 num,
2057 4799 2110 4852 in
2143 4805 2302 4851 utero
2339 4803 2434 4848 tuo
2464 4789 2828 4846 mundissimo
2857 4783 3142 4846 habitavit,
3185 4796 3218 4832 ο
3247 4764 3439 4831 imma-

1870 4893 2075 4952 cnlata,
2119 4898 2173 4944 et
2213 4903 2342 4944 caro
2371 4887 2490 4941 sine
2534 4885 2643 4938 ulla
2678 4879 2980 4934 mutatione
3029 4876 3302 4944 apparuit,
3342 4871 3439 4925 lio-

1872 4987 2155 5052 minesquc
2176 4979 2464 5035 dcilicavit.

1941 5075 2158 5130 Naturae
2192 5076 2338 5142 leges
2386 5072 2442 5124 in
2473 5078 2631 5140 partu
2669 5075 2787 5130 tuo,
2818 5064 2909 5133 qui
2942 5060 3044 5115 (uit
3077 5073 3240 5126 supra
3278 5064 3440 5109 natu-

1868 5183 2010 5232 ram,
2059 5175 2280 5220 mutatae
2326 5171 2474 5218 sunt.
2515 5176 2548 5214 ο
2595 5157 2939 5220 castissima;
2985 5153 3184 5205 etenim
3217 5148 3440 5200 Creato-

1870 5274 1984 5313 rem
2051 5258 2211 5311 modo
2283 5253 2542 5310 ineﬂ‘abili
2621 5260 2786 5318 atque
2856 5240 3260 5313 incxcogitabili
3338 5253 3437 5306 pc-

1869 5349 2080 5421 peristi.

1939 5441 2082 5494 Deus
2147 5438 2380 5493 Verbum
2428 5437 2518 5489 Dri
2565 5448 2782 5489 carnem
2829 5438 3010 5485 mente
3055 5437 3216 5496 atque
3254 5423 3438 5476 anima

1869 5531 2148 5603 pra-editam
2187 5529 2486 5596 assumpsit
2519 5544 2583 5580 ex
2620 5535 2691 5588 te,
2725 5539 2757 5577 ο
2803 5519 3156 5576 Sanctissima
3185 5560 3200 5584 ,
3240 5523 3294 5570 et
3331 5513 3435 5567 mi-

1867 5624 2168 5679 sericordia
2205 5634 2407 5687 motus,
2462 5621 2634 5674 lactus
2679 5625 2763 5671 est
2811 5615 2999 5678 homo,
3047 5623 3241 5679 meque
3279 5605 3436 5661 deifi-

1868 5715 2028 5778 cavit,
2065 5714 2157 5784 qui
2195 5713 2429 5783 rejectus
2460 5727 2523 5766 ac
2553 5710 2796 5780 perditus
2823 5721 2996 5769 cram,
3030 5703 3100 5758 ob
3129 5710 3436 5769 transgres-

1869 5808 2100 5863 sionem.
2139 5807 2294 5863 llunc
2326 5817 2379 5860 tu
2416 5806 2727 5875 deprecare,
2775 5810 2835 5855 ut
2894 5797 3149 5853 omnibus
3204 5793 3442 5850 salutem.

1869 5899 2150 5954 Cultt‘cdal.
