3996 6594
578 413 703 478 Ιίνίῖ
1695 420 1753 481 S.
1796 417 2108 479 JOSEPHI
2150 414 2710 479 HYMNOGRAPIII
3615 430 3719 492 1118

643 534 978 589 Acutissima
1013 518 1421 592 intercessionis
1457 546 1560 591 ture
1604 537 1764 599 falce,
1818 545 2065 605 amputa,
2107 551 2141 589 ο
2171 550 2215 607 Α

2171 550 2215 607 Α
2317 534 2653 608 Προρρίζους
2679 532 2755 603 τῷ
2786 529 3039 603 τμητικῴ
3087 547 3180 583 σου
3218 530 3450 603 δρεπάνῳ
3506 539 3585 608 τῆς
3623 560 3721 614 πρε-

580 626 775 695 puella,
799 640 827 677 τι
852 625 1130 681 radicibus
1154 644 1349 696 pravas
1370 628 1731 697 cogitationes
1754 628 1950 681 animm
1982 641 2144 691 mem;

2253 628 2441 691 σόείας
2473 626 2830 695 ἐναπόκοψον,
2873 624 3031 693 κόρη,
3075 626 3198 689 τοὺς
3227 628 3471 697 πονηροὺς
3496 630 3724 703 λογισμοὺς

582 732 769 782 .neque
818 716 1162 772 fructiferum
1206 720 1391 784 redde,
1431 736 1658 789 precor;
1707 719 1955 773 omnium
1997 720 2146 773 enim

2144 744 2146 770 ι
2250 722 2349 789 τῇς
2370 719 2549 789 ψυχῆς
2580 736 2704 789 μου,
2737 717 2829 770 καὶ
2874 716 3221 787 καρποφόρον
3242 718 3522 785 ἀνάδειξον,
3544 723 3722 792 δέομαι·

582 809 833 864 Satorem
865 808 1053 876 Deum,
1082 820 1136 864 et
1161 811 1500 866 Salvatorem
1541 812 1823 881 peperisti.

2253 808 2509 863 ἁπάντων
2541 808 2650 879 γὰρ
2683 808 2774 861 τὸν
2808 808 3112 880 φυτουργὸν
3136 807 3243 875 ,τὸν
3274 808 3398 861 Θεὸν
3424 811 3508 864 καὶ
3544 813 3721 885 Σωτῆρα

2254 898 2515 968 ἔκύησας.

654 984 849 1041 Verbis
900 986 1008 1041 tuis
1058 987 1408 1054 inlizerentes,
1456 1005 1647 1045 omnes
1680 993 2060 1059 generationes
2101 1004 2154 1049 te

2337 990 2574 1061 Ῥήμασι
2620 992 2732 1053 σοῖς
2763 986 3181 1051 ἀκολουθοῦντες
3225 989 3568 1061 μακαρίζομεν
3595 1000 3733 1062 γενεαί

586 1078 793 1131 beatam
825 1077 1081 1144 dicimus,
1106 1093 1139 1131 ο
1164 1080 1362 1147 puella.
1392 1081 1529 1133 beati
1558 1081 1648 1135 Dei
1673 1093 1897 1138 matrem
1928 1084 2153 1151 fartam,

2257 1083 2451 1145 πᾶσαι,
2501 1081 2657 1150 κόρη,
2703 1080 2974 1151 μακαρίου
3027 1079 3162 1132 Θεοῦ
3194 1080 3411 1151 Μητέρα
3462 1100 3513 1135 σε
3561 1084 3735 1156 δειχθεῖ-

583 1170 679 1240 qui
710 1171 997 1225 credentes
1027 1171 1080 1224 in
1107 1186 1188 1238 se,
1222 1170 1352 1226 facit
1374 1188 1496 1228 esse
1522 1174 1731 1229 beatos.

2260 1190 2381 1238 σαν,
2416 1175 2543 1237 τοὺς
2586 1175 2667 1238 είς
2714 1172 2876 1226 αὑτὸν
2921 1170 3275 1236 πιστεύοντας
3314 1176 3586 1245 μακαρίους
3621 1180 3737 1232 tm-

2259 1264 2477 1319 λοῦντα.

660 1350 900 1405 Verbum
955 1368 1019 1406 ex
1071 1353 1601 1408 iinnmculatissimis
1647 1354 2001 1423 sanguinibus
2051 1357 2161 1411 luis

2333 1355 2645 1426 Σαρκωθεὶς
2697 1356 2726 1409 ό
2768 1355 2939 1422 Λόγος
2998 1356 3062 1408 ὲκ
3112 1354 3222 1407 τῶν
3275 1357 3631 1427 παναχράντων
3674 1377 3739 1412 σου

594 1442 968 1505 incarnatum,
1001 1458 1033 1493 ο
1072 1444 1245 1512 puella
1279 1444 1652 1508 immaculata,
1697 1461 1791 1499 eos
1826 1447 1919 1515 qui
1955 1448 2020 1500 ad
2083 1448 2160 1501 ir-

2262 1449 2530 1517 αἱμάτων,
2574 1447 2732 1517 κόρη,
2772 1448 2897 1509 τοὺς
2944 1445 3367 1517 προνενευκότας
3414 1448 3534 1518 πρὸς
3558 1448 3616 1501 τὰ
3655 1450 3741 1502 άλο·

593 1534 1119 1589 rationabilissimas
1165 1534 1347 1588 carnis
1384 1537 1668 1605 passiones
1700 1546 1827 1590 ante
1857 1536 2160 1606 propende-

2264 1539 2482 1608 γώτατα
2509 1538 2611 1607 τῆς
2639 1538 2842 1607 σαρκὸς
2871 1538 3043 1607 πάθη,
3094 1536 3385 1605 ἐπιγνώσει
3411 1537 3521 1608 θεία
3548 1539 3740 1603 ὲθέωσεν,

594 1633 743 1687 rant,
768 1623 949 1678 divina
978 1625 1204 1679 scientia
1230 1625 1534 1691 dciticavit;
1569 1626 1691 1680 ideo
1709 1641 1809 1681 nos
1838 1626 1967 1679 illud
2000 1642 2164 1695 supe-

2140 1655 2164 1667 -
2264 1630 2523 1701 άχραντε,
2554 1630 2613 1683 δν
2643 1626 3036 1699 ὑπερυψοῦμεν
3061 1629 3142 1692 είς
3177 1628 3379 1691 πάντας
3404 1629 3518 1691 τοὺς
3543 1629 3718 1691 αἰῶνας.

594 1716 930 1770 rexaltamus
963 1717 1017 1770 in
1050 1717 1233 1771 omnia
1274 1718 1496 1771 saecula.

672 1806 830 1879 1M
864 1808 1136 1871 lllumina,
1166 1825 1199 1862 ο
1232 1820 1384 1879 porta
1413 1808 1573 1871 lucis,
1610 1808 1849 1863 animam
1879 1824 2056 1863 meam
2096 1810 2165 1864 ab

2150 1825 2165 1864 )
2336 1807 2594 1870 Φώτισον,
2635 1809 2778 1879 πύλη
2806 1808 2900 1862 τοῦ
2923 1809 3120 1878 φωτὸς,
3151 1808 3253 1879 τὴν
3279 1807 3651 1877 τυφλώττουσαν
3676 1808 3728 1877 ψυ

595 1897 883 1952 affectibus
907 1910 1252 1962 excaecatum,
1272 1900 1557 1969 pravisque
1573 1900 1997 1969 cogitationibus
2017 1900 2169 1954 obte-

2184 1888 2241 1949 Β
2268 1900 2369 1970 χήν
2404 1917 2508 1970 μου
2529 1902 2641 1963 τοῖς
2669 1900 2889 1964 πάθεσι,
2918 1901 3014 1954 καὶ
3052 1902 3308 1969 πονηροῖς
3334 1900 3589 1970 λογισμοῖς
3618 1902 3748 1970 ἀμαν-

596 1992 904 2057 nebratam,
924 2009 989 2048 ac
1018 1995 1453 2063 periclitantem;
1476 2010 1671 2064 meque
1700 2012 1729 2049 a
1755 1995 2163 2059 tentationibus,

2270 1991 2536 2062 ρωθεϊσαν
2573 1993 2667 2045 καὶ
2712 1992 3151 2056 κινδυνεύουσαν,
3180 1993 3275 2046 καὶ
3301 1991 3474 2056 ἐξελοῦ
3523 2010 3581 2061 με
3617 2010 3748 2062 πειρα-

593 2086 871 2155 periculis,
899 2102 963 2141 ac
994 2088 1439 2141 tribulationibus
1470 2088 1644 2156 eripe,
1668 2097 1729 2141 ut
1755 2087 2051 2157 glorilicem
2090 2097 2162 2154 te,

2270 2084 2446 2153 σμῶν,
2518 2084 2782 2138 κινδύνων
2814 2084 2908 2138 καὶ
2934 2084 3188 2155 θλίψεων,
3226 2084 3312 2137 ἵνα
3355 2082 3547 2149 δοξάζω
3574 2100 3642 2147 σε,
3683 2084 3752 2153 τὴν

592 2178 832 2232 tldelium
861 2193 1011 2248 spem
1036 2194 1100 2234 ac
1125 2179 1527 2234 fortitudinem.

2269 2177 2460 2231 ἐλπίδα
2480 2176 2589 2231 τῶν
2617 2177 2827 2230 πιστῶν
2859 2178 2954 2230 καὶ
2982 2175 3333 2248 κραταίωμα.

596 2332 681 2386 Ex
742 2332 954 2388 Canone
1026 2335 1082 2389 iu
1148 2334 1280 2403 festo
1338 2332 1813 2404 8.Αι1ιεηορεηίε
1891 2332 2167 2403 martyris,

2281 2330 2377 2385 Ἐκ
2397 2329 2502 2385 τοῦ
2552 2331 2826 2404 Κανόνος-
2847 2330 2934 2395 εἷς
2956 2329 3063 2404 τόν
3089 2328 3265 2404 ᾄγιον
3288 2328 3545 2397 μάρτιιρα
3578 2329 3753 2395 Ἀθηγο

1277 2405 1362 2458 die
1397 2403 1485 2457 16.
1669 2398 1688 2404 ⁷
2035 2398 2053 2403 ⁷
2762 2400 2965 2470 τένην,
2997 2398 3188 2468 ἡμέρᾳ
3228 2404 3325 2463 ις’.

676 2554 908 2609 Verbum
939 2564 1225 2620 aeternum,
1261 2574 1327 2611 ex
1374 2558 1731 2627 sanguinibus
1767 2558 1897 2620 tuis,
1939 2572 1973 2611 ο
2004 2558 2169 2611 innu-

2340 2554 2529 2625 Σάρκα
2562 2552 2927 2623 γεγενημένον
2955 2555 3020 2605 ὲκ
3048 2552 3156 2606 τῶν
3181 2552 3291 2606 σῶν
3322 2551 3569 2621 αἱμάτων,
3593 2552 3757 2621 ἀπειρό-

602 2660 714 2717 pta,
747 2663 963 2703 carnem
1005 2648 1231 2712 factum,
1295 2665 1457 2719 supra
1486 2652 1683 2704 mentis
1714 2651 1969 2719 verbique
2018 2666 2170 2705 com-

2269 2664 2436 2717 γαμε,
2466 2647 2559 2700 τὸν
2608 2645 2826 2699 αἰώνιον
2874 2645 3049 2712 Λόγον
3106 2644 3252 2715 ὑπὲρ
3299 2642 3422 2698 νοῦν
3457 2660 3514 2696 τε
3539 2644 3620 2696 καὶ
3646 2642 3760 2710 λόγον

600 2740 1045 2809 prehensionem,
1087 2742 1370 2811 peperisti.

950 2756 1045 2803 aut,
1087 2742 1370 2811 peperisti.
2270 2739 2528 2809 ὲκύησας.

673 2830 841 2885 leis
885 2831 1174 2886 sublimior
1208 2833 1350 2887 facta
1384 2849 1465 2898 es,
1510 2848 1543 2885 ο
1590 2843 1761 2896 easta,
1793 2843 1848 2887 et
1884 2832 2169 2903 Serapbim

2344 2832 2568 2902 Ὠφθηςί
2615 2831 2882 2903 οὐρανῶν,
2944 2831 3109 2902 ἁγνὴ,
3165 2830 3490 2901 ὑψηλοτέρα,
3561 2829 3642 2883 καὶ
3689 2829 3763 2879 τῶν

601 2923 862 2985 sanctior,
892 2924 1094 2993 quippe
1125 2941 1245 2994 qua:
1277 2926 1523 2979 omnium
1557 2925 1752 2996 Regem
1780 2942 1844 2981 ac
1879 2924 2169 2978 Dominum

2270 2926 2521 2996 Σεραφὶμ
2555 2924 2644 2977 ἀεὶ
2686 2925 2983 2996 ἁγιωτέρα,
3017 2924 3093 2988 ὡς
3125 2924 3222 2977 τὸν
3272 2925 3516 2978 ἁπάντων
3555 2922 3765 2987 Δεσπότηι

604 3028 771 3082 supra
796 3024 1005 3068 natura:
1030 3016 1277 3069 ordinem
1313 3018 1589 3084 genueris.

2271 3014 2365 3069 xui
2394 3014 2626 3068 Βασιλέα
2670 3014 2966 3085 ὑπερφυῶς
3010 3017 3420 3088 κυοφορήσασα.

674 3104 922 3172 Equalis
945 3122 1070 3160 cum
1115 3107 1372 3162 Genitore
1418 3110 1703 3177 potestatis
1742 3124 1805 3163 ac
1834 3108 2042 3168 throni.
2076 3123 2165 3162 su-

2354 3103 2715 3175 Ἰσοδύναμον,
2757 3104 3046 3175 σύνθρονον
3083 3105 3161 3175 τῷ
3195 3106 3537 3175 γεγεννηκότι
3580 3104 3656 3157 τὸν
3680 3103 3765 3155 ὑπε-

604 3196 1124 3266 persubstantialem
1179 3201 1504 3267 corporasti,
1562 3216 1596 3254 o
1639 3201 2164 3262 immaculatissima,

2196 3241 2241 3301 Ο
2274 3195 2489 3266 ρούσιον
2543 3197 2934 3267 ισωμάτωσας,
2991 3199 3327 3269 πανάμωμε,
3382 3200 3489 3262 τοῖς
3532 3198 3703 3269 βροτοῖς
3724 3195 3766 3247 δι’

603 3289 698 3357 qui
748 3301 875 3342 cum
925 3290 1238 3345 hominibus
1277 3302 1495 3361 propter
1534 3308 1688 3347 suam
1739 3293 2169 3349 misericordiam

1277 3302 1495 3361 propter
1534 3308 1688 3347 suam
1739 3293 2169 3349 misericordiam
2198 3284 2241 3301 "
2270 3284 2451 3342 οἶκτον
2477 3287 2829 3359 ὁμιλήσαντα.

603 3387 960 3433 conversatus
991 3389 1095 3435 est.

676 3470 905 3525 Matrem
967 3485 1033 3525 ac
1080 3470 1359 3543 Virginem
1412 3483 1468 3529 te
1514 3481 1682 3529 totam
1724 3483 1968 3531 sanctam
2009 3488 2175 3544 agno-

2345 3468 2579 3539 Μητέρα
2601 3470 2699 3523 καὶ
2719 3469 2997 3539 Παρθένον
3020 3470 3224 3535 εἰδότες
3248 3488 3309 3525 σε
3334 3472 3590 3538 παναγίαν
3610 3467 3767 3540 συμφὼ

606 3571 860 3628 scentes,
910 3565 1167 3619 concordi
1213 3580 1346 3621 voce
1391 3574 1446 3621 te
1496 3582 1844 3630 veneramur,
1891 3577 1950 3620 et
1981 3565 2176 3621 devote

2005 3565 2176 3621 levote
2273 3576 2381 3622 νως
2408 3559 2762 3631 γεραίρομεν,
2795 3562 2889 3614 καὶ
2922 3561 3166 3626 εὐσεϐῶς
3200 3562 3583 3634 μακαρίζομεν.

608 3652 826 3707 beatam
856 3656 1215 3724 appellamus.

683 3743 965 3814 Tanquam
993 3745 1365 3814 ,intelligibilis
1404 3762 1550 3812 arca,
1598 3748 1962 3819 legislatorem
1992 3758 2177 3818 porta-

2361 3733 2449 3795 Ὣς
2465 3734 2629 3805 νοητὴ
2653 3736 2884 3800 κιϐωτὸς
2900 3736 2992 3789 τὸν
3004 3737 3301 3809 νομοδότην
3313 3739 3619 3801 ὲδάστασας,
3636 3736 3772 3806 λυχνία

610 3834 680 3888 sti
710 3852 725 3889 :
762 3843 1021 3905 tanquam
1069 3836 1290 3891 lucerna
1321 3838 1604 3908 splendida
1652 3840 1835 3893 lumen
1871 3840 2128 3909 peperisti
2160 3858 2174 3895 :

2283 3827 2360 3891 ὡς
2388 3829 2679 3898 φωταυγὴς
2703 3829 2765 3883 τὸ
2789 3830 2904 3899 φῶς
2923 3830 3271 3901 ἀπεκύησας,
3308 3834 3384 3895 ὡς
3419 3833 3535 3903 ῥίζα
3553 3832 3775 3889 άπότιστος

610 3936 867 3994 tanquam
905 3928 1055 3982 radix
1092 3944 1368 3999 nunquam
1400 3931 1621 3999 irrigata
1660 3931 1781 3986 vita:
1810 3947 2113 4000 racemum,
2144 3947 2179 3988 ο

2038 3948 2113 4000 ω,
2144 3947 2179 3988 ο
2277 3921 2379 3990 τῆς
2401 3920 2545 3991 ζωῆς
2570 3922 2662 3976 τὸν
2686 3922 2900 3994 βότρυν,
2924 3923 3179 3988 Θεοτόκε,
3203 3924 3616 3994 ἀνεόλάστησας.

612 4017 867 4086 Deipara,
900 4019 1200 4089 protulisti.

686 4106 949 4175 Verbum,
1005 4111 1149 4180 quod
1211 4126 1374 4182 supra
1423 4113 1577 4168 verbi
1636 4114 2179 4185 comprehensionem

2357 4100 2453 4152 Ὃν
2495 4100 2822 4170 ἁπεκύησας
2850 4102 3024 4171 Λόγον
3083 4104 3227 4176 ὑπὲρ
3261 4105 3441 4175 λόγον,
3482 4101 3777 4171 Θεογεννῆτορ

612 4198 891 4267 peperisti,
938 4214 973 4254 ο
1020 4201 1109 4255 Dei
1146 4202 1380 4269 genitrix
1408 4202 1599 4269 Maria,
1642 4220 1740 4274 pro
1784 4206 1943 4261 nobis
1990 4221 2180 4272 exora,

2280 4192 2490 4259 Μαρία,
2543 4194 2681 4260 ὑπὲρ
2736 4196 2892 4265 ἡμῶν
2948 4196 3282 4261 ὲκδυσὼπει,
3353 4198 3460 4252 τῶν
3524 4196 3697 4257 πιστῶς
3740 4208 3779 4243 σε

611 4289 707 4357 qui
750 4300 805 4346 te
840 4306 967 4346 cum
1004 4290 1111 4347 ﬁde
1145 4293 1547 4362 collaudamus,
1593 4310 1658 4351 ac
1701 4297 2104 4365 beatiﬁcarnus,
2139 4313 2174 4354 ο

2029 4313 2104 4365 ιδ,
2139 4313 2174 4354 ο
2284 4283 2619 4355 ὑμνούντων,
2661 4286 2754 4338 καὶ
2797 4285 3215 4356 μακαριζόντων
3249 4304 3331 4355 σε,
3367 4289 3607 4358 ἄχραντε.

612 4381 987 4440 immaculata.

684 4475 926 4533 Liberati
961 4493 1058 4548 per
1102 4488 1177 4545 te,
1226 4494 1260 4533 ο
1308 4480 1806 4547 intemeratissima,
1842 4482 1912 4537 ab
1956 4481 2181 4553 antiquo

2352 4458 2751 4529 Δυτρωθέντες,
2774 4461 3103 4533 πανάμωμε,
3129 4462 3220 4516 διὰ
3238 4463 3357 4526 σοῦ,
3376 4465 3472 4533 τῆς
3486 4461 3689 4533 ἀρχαίας
3703 4457 3780 4511 τῶν

614 4569 919 4638 primorum
946 4579 1232 4639 parentum
1262 4572 1416 4640 lapsu
1438 4614 1452 4638 ,
1486 4572 1580 4626 tibi
1613 4572 1937 4639 clamamus,
1962 4549 2104 4638 Ave,
2128 4582 2182 4628 et

2213 4577 2259 4633 D
2287 4550 2566 4618 προγόνων
2613 4552 2963 4619 ἐκπτώσεως,
3019 4555 3101 4618 τὸ,
3135 4555 3333 4624 Χαῖρε,
3371 4557 3454 4609 σοὶ
3488 4555 3693 4625 βοῶμεν,
3718 4549 3782 4602 καὶ

614 4675 740 4713 cum
776 4660 878 4715 [ide
921 4662 1292 4731 gloriﬁcamus
1319 4680 1467 4731 eum,
1512 4664 1607 4733 qui
1637 4679 1732 4733 per
1770 4673 1819 4719 te
1861 4679 1963 4721 nos
1992 4680 2024 4719 a
2053 4679 2179 4719 cor-

2284 4639 2465 4694 πίστει
2499 4642 2795 4715 δοξάζομεν
2821 4646 2910 4699 τὸν
2939 4646 3027 4700 διὰ
3060 4645 3153 4699 σοῦ
3183 4649 3250 4701 ὲκ
3273 4647 3479 4719 φθορᾶς
3503 4647 3633 4717 ἡμᾶς
3658 4642 3782 4714 pucd-

615 4754 864 4822 ruptione
897 4755 1166 4811 liberavit.

897 4755 1166 4811 liberavit.
2286 4749 2466 4803 μενον.

686 4843 820 4901 Fers
854 4846 905 4899 in
938 4846 1082 4901 ulnis
1129 4847 1295 4901 Deum
1332 4847 1589 4903 ferentem
1624 4848 1837 4912 omnia;
1873 4848 2050 4902 nutris
2079 4863 2184 4902 nu-

2353 4826 2543 4896 Φέρεις
2594 4828 2654 4879 ἐν
2710 4828 2974 4896 ἀγκάλαις
3030 4830 3164 4884 Θεὸν
3208 4831 3305 4884 τὸν
3365 4831 3594 4900 φέροντα
3638 4826 3781 4929 πάντα.

613 4940 884 5005 tritorem,
931 4940 1088 5012 145
1124 4956 1157 4993 ο
1203 4951 1377 5006 casta,
1413 4942 1569 4997 nobis
1611 4944 1844 4997 similem
1892 4942 2178 5008 eﬂ‘ectum;

2282 4915 2507 4985 τρέφεις
2540 4916 2630 4969 τδν
2667 4918 2874 4987 τροφέα
2909 4921 3063 4989 ἡμῖν.
3089 4922 3249 4991 ἁγνὴ,
3269 4920 3614 4990 όμοιωθέντα”
3638 4912 3785 5021 ὂνέκέ-

614 5047 778 5101 quem
807 5032 1124 5103 deprecare,
1155 5043 1212 5087 ut
1237 5050 1265 5087 a
1299 5035 1512 5089 cunctis
1549 5035 1762 5105 asperis
1792 5042 1957 5104 atque
1987 5034 2181 5088 adver-

2285 5024 2407 5059 τευε
2443 5006 2519 5076 τῷ
2549 5006 2663 5078 λαῷ
2690 5025 2782 5061 σου
2813 5007 2998 5062 δοῦναι
3028 5012 3246 5063 πάντων
3283 5008 3556 5081 δυσχερῶν
3581 5006 3666 5073 τὴν
3686 5002 3787 5054 ἀπο·

613 5098 694 5175 sis
730 5098 921 5175 liberet
946 5121 1209 5191 populum
1242 5130 1419 5175 tuum.
1616 5098 1631 5105 ’
1867 5098 1885 5104 ’

994 5121 1209 5191 epulum
1242 5130 1419 5175 tuum.
1616 5098 1631 5105 ’
1867 5098 1885 5104 ’
2286 5098 2572 5171 λύτρωσιν.

620 5276 700 5329 Et
736 5276 948 5333 Catiane
988 5278 1043 5331 in
1088 5278 1220 5348 festo
1272 5276 1333 5333 S.
1376 5277 1604 5334 Marium
1646 5280 1917 5349 martyris,
1967 5280 2049 5333 die
2094 5279 2181 5334 i7.

2299 5238 2395 5313 Ἐκ
2424 5258 2529 5313 τοῦ
2562 5259 2827 5323 Κανόνος
2864 5262 2950 5323 είς
2992 5257 3107 5324 τὴν
3155 5259 3335 5326 (ir/ar
3369 5259 3628 5329 μάρτυρα
3655 5245 3791 5315 Ma?"

2832 5349 2968 5397 νην,
2993 5328 3179 5398 ἡμέρᾳ
3211 5327 3297 5391 ιζ’.

691 5476 1113 5548 Reccplacnium
1169 5494 1337 5550 capax
1367 5479 1567 5537 divinze
1612 5482 1800 5553 gratiae
1844 5480 1987 5536 facta
2037 5497 2119 5546 es,
2154 5495 2188 5534 ο

2361 5464 2578 5532 Δοχεῖον
2634 5464 2940 5534 χωρητικὸν
2977 5462 3209 5532 γέγονας
3249 5464 3351 5533 τῆς
3409 5462 3555 5525 θείας
3598 5457 3794 5530 χάριτος,

629 5573 722 5627 Dei
758 5574 994 5643 genitrix
1029 5575 1380 5630 immaculata
1410 5592 1424 5629 :
1452 5552 1736 5645 propterea
1750 5574 1955 5628 Marina
1988 5573 2185 5627 aﬂ‘ectu

2294 5553 2647 5623 Θεογεννῆτορ
2673 5555 2929 5624 άχραντεο
2961 5554 3041 5607 διό
3072 5571 3130 5606 σε
3159 5552 3380 5625 Μαρίνα
3398 5552 3664 5623 ποθήσασα
3688 5558 3794 5613 παρα

618 5663 861 5734 virgineo
900 5676 952 5722 te
982 5683 1321 5738 prosequens
1347 5684 1413 5725 ac
1441 5668 1781 5735 desiderans,
1811 5667 1948 5722 Filio
1975 5678 2068 5722 tuo
2097 5665 2189 5720 ad-

2150 5665 2189 5719 ι,
2291 5646 2521 5711 θενικῶς
2550 5647 2721 5699 ὀπίσω
2751 5665 2843 5703 σου
2866 5647 2944 5720 τῷ
2982 5646 3058 5718 σῷ
3082 5647 3198 5718 Υἱῷ
3230 5645 3728 5719 προσαπενήνεκται.

622 5753 784 5808 ducta
805 5768 890 5814 est
915 5770 1037 5829 post
1067 5768 1139 5815 te.

700 5843 836 5902 Vere
868 5828 933 5903 ac
963 5852 1178 5921 proprie
1201 5858 1253 5907 te
1282 5850 1567 5922 Dciparam
1600 5865 1702 5905 nos
1734 5848 1920 5906 ﬁdeles
1960 5864 2189 5905 seuera-

2366 5843 2587 5917 Κυρίως
2621 5846 2715 5901 καὶ
2747 5847 2963 5919 άληθῶς
3009 5865 3067 5902 σε
3106 5844 3367 5901 Θεοτόκον
3407 5845 3455 5899 οἱ
3481 5838 3648 5897 πιστοὶ
3680 5828 3796 5889 σέϐο-
