3996 6600
243 472 382 530 1119

1689 469 2047 527 MARIALE.

3355 462 3492 517 llbb

242 599 364 651 μεν,
397 579 728 650 πανάμωμε·
752 579 818 632 σὺ
849 577 956 648 γὰρ
1001 576 1137 632 Θεὸν
1172 576 1399 640 τέτοκας
1431 575 1612 647 σάρκα
1645 592 1811 645 γεγο-

1954 594 2061 645 iur,
2092 594 2126 632 o
2156 577 2357 632 munda
2390 576 2458 631 ab
2486 575 2636 631 omni
2680 575 2800 631 labe
2841 593 2855 630 :
2895 582 2949 630 tu
2983 572 3129 629 enim
3174 571 3342 627 Deum
3372 587 3489 627 car-

240 675 393 735 νέτα.

1923 684 2046 723 nem
2077 667 2283 722 factum
2312 666 2591 737 peperisti.

315 766 523 821 Fluxus
576 762 946 835 corruptionis
991 760 1331 827 compescuit
1380 758 1570 832 Virgo,
1629 761 1946 832 incorrupte
1992 760 2138 815 enim
2200 761 2390 830 genuit
2470 757 2626 814 illum
2678 757 2772 829 qui
2820 762 3141 828 corruptam
3209 754 3489 810 hominum

242 869 497 912 naturam
536 872 567 911 a
598 854 953 922 corruptione
989 852 1307 907 vindicavit.

325 957 390 1011 'H
427 956 771 1024 πανάμωμος
808 953 903 1005 καὶ
948 951 1085 1022 μόνη
1126 951 1404 1022 ἁγιωτέρα
1451 951 1563 1004 τῶν
1613 951 1822 1021 Χερου-

244 1048 344 1115 σιμ
370 1049 625 1115 φανεῖσα,
665 1045 762 1107 τὰς
786 1042 963 1113 ψυχὰς
1014 1040 1173 1111 ήμῶν
1227 1042 1400 1095 σῶσον
1441 1042 1622 1112 πάσης
1662 1058 1822 1112 περι-

247 1140 517 1201 στάσεως,
550 1136 661 1189 τῶν
700 1135 881 1186 πίστει
913 1133 1231 1204 ὑμνούντων
1262 1150 1344 1200 σε,
1377 1132 1638 1204 ἄχραντε,
1671 1132 1824 1200 Παρ-

246 1231 367 1284 θένε
401 1230 699 1300 θεόνυμφε.

316 1347 603 1401 Θάλασσαν
626 1343 1028 1431 σπαργανώσας
1057 1342 1256 1414 ὁμίχλῃ
1283 1342 1590 1413 βουλήματι
1616 1356 1824 1409 κυοφο-

252 1443 428 1512 pint
457 1440 485 1491 ὁ
518 1438 758 1509 Κτίστης
795 1440 861 1491 ὲκ
888 1436 1183 1508 παρθένου,
1214 1437 1375 1506 κόρη,
1424 1434 1825 1504 ἀπειρογάμου,

246 1533 436 1603 ὥσπερ
467 1533 687 1604 βρέφος,
720 1533 816 1585 καὶ
846 1529 1182 1600 σπαργάνοις
1215 1529 1472 1600 ἀρρήτως
1503 1527 1828 1580 εἱλίσσεται.

318 1728 569 1800 ΙῙαρθινε
603 1727 736 1798 μόνη
784 1726 861 1789 ὼς
893 1723 1143 1796 καθαράν
1174 1740 1234 1777 σε
1287 1720 1614 1793 ἀδιάφθορον
1658 1720 1831 1787 Λόγος

247 1823 496 1893 καθαρὸς
527 1821 807 1891 ήγάπησε,
832 1820 928 1872 καὶ
952 1819 1017 1871 ἐκ
1048 1816 1142 1869 σοῦ
1192 1814 1543 1869 ἀνεπλάσατο
1594 1812 1831 1882 σαρκούο

1991 948 2037 1005 Ο
2065 949 2599 1010 immaculalissima,
2638 961 2759 1017 quae
2788 944 2901 1000 sola
2934 942 3175 998 sanctior
3197 936 3495 994 Cherubin)

1925 1042 2255 1113 apparuisti,
2289 1042 2439 1097 salva
2483 1041 2696 1095 animas
2729 1047 2947 1091 nostras
2977 1036 3046 1088 ab
3086 1032 3233 1086 omni
3263 1030 3500 1084 circum-

1925 1132 2091 1186 stanti
2140 1133 2493 1195 adversitate,
2527 1130 2655 1182 dum
2706 1137 2757 1180 te
2802 1140 2925 1181 eum
2975 1124 3081 1177 fide
3111 1121 3421 1180 laudamus,
3466 1130 3493 1169 (ν

1922 1222 2275 1278 immaculata
2298 1220 2485 1290 Virgo,
2524 1234 2722 1289 sponsa
2749 1216 2862 1270 Dei.

1997 1332 2243 1397 Creator,
2281 1332 2376 1401 qui
2423 1330 2619 1385 nebula
2656 1340 2913 1398 tanquam
2978 1324 3151 1379 fascia
3195 1337 3345 1377 mare
3384 1320 3487 1375 cir-

1926 1425 2170 1487 cutndat,
2238 1438 2335 1478 sua
2385 1422 2663 1476 voluntate
2702 1436 2766 1473 ex
2812 1417 2987 1487 puella
3049 1414 3270 1483 Virgine
3340 1414 3493 1466 innu-

1926 1525 2015 1586 pta
2065 1514 2305 1584 gignitur
2338 1522 2601 1582 tanquam
2628 1510 2832 1575 infans,
2862 1518 2916 1563 et
2946 1506 3137 1562 fasciis
3172 1504 3334 1559 modo
3371 1500 3509 1558 inef-

1926 1602 2076 1662 fabili
2113 1606 2585 1662 circumvolvitur.

1998 1722 2041 1777 Ο
2070 1720 2235 1792 Virgo
2274 1721 2457 1788 unica,
2504 1728 2556 1775 te
2590 1728 2777 1789 utpote
2810 1732 2999 1786 puram
3040 1728 3094 1771 et
3125 1714 3497 1782 incorruptam

1928 1813 2168 1871 Verbum
2214 1814 2346 1868 illud
2380 1828 2577 1883 purum
2615 1811 2830 1874 dilexit,
2861 1820 2912 1864 et
2939 1824 3005 1863 ex
3040 1820 3091 1861 te
3136 1808 3505 1865 incarnatum,

250 1932 435 1985 μενος,
496 1914 659 1985 κόρη.
706 1914 799 1966 τὸν
863 1911 1172 1984 ἄνθρωπον,
1216 1911 1246 1963 ὁ
1306 1910 1558 1981 Μαρίνην
1599 1906 1827 1973 δοξάσας

1952 1908 2202 1960 ιοιιιίιιεηι
2263 1904 2619 1971 reformavit;
2679 1903 2825 1973 quod
2896 1899 3163 1953 Marinam
3228 1896 3505 1950 miraculis

246 2007 363 2068 τοῖς
396 2003 659 2074 θαύμασι.

324 2114 537 2184 Ὠφθης
592 2111 873 2184 ὑπερτέρα
926 2109 1175 2182 οὐρανῶν
1222 2107 1360 2163 θεὸν
1407 2104 1661 2179 οὐράνιον
1695 2103 1831 2157 ἀποι-

249 2209 504 2276 κυήσασα
552 2207 641 2259 τὸν
669 2204 1080 2276 οὐρανώσαντα,
1126 2202 1392 2269 πάναγνε,
1427 2196 1678 2268 γηγενῶν
1710 2196 1831 2249 ὅλον

248 2299 313 2351 τὸ
362 2297 613 2367 φύραμα,
664 2297 759 2351 καὶ
800 2296 899 2365 τῆς
932 2296 1185 2367 Μαρίνης
1212 2293 1311 2363 τὴν
1361 2290 1565 2361 οεπτὴν
1607 2287 1829 2360 μνήμην

253 2390 645 2462 φαιδρύναντα,
755 2387 988 2460 βοῶμενο
1023 2387 1210 2442 Πάντα
1240 2386 1310 2440 τὰ
1331 2384 1469 2456 ἔργα
1496 2383 1717 2453 ὑμνεῖτε
1736 2378 1827 2431 τὸν

252 2483 481 2553 Κύριον.

322 2595 442 2657 Φῶς
490 2596 622 2666 ἡμῖν
658 2593 935 2656 ἁνέτειλας
969 2592 1183 2662 μήτρας
1223 2589 1284 2654 ἐξ
1310 2585 1679 2659 ἀπειράνδρου
1710 2599 1826 2647 σου,

254 2688 524 2757 Παρθένε,
564 2690 599 2761 ἢ
649 2691 771 2752 ταῖς
804 2685 1144 2757 φυκτωρίαις
1191 2683 1398 2745 ἐνθέοις
1430 2676 1832 2748 καταυγασθεί-

255 2796 325 2831 σα
354 2780 468 2846 φῶς
518 2781 912 2850 ἐχρημάτισεν,
942 2779 975 2849 ή
1009 2776 1109 2847 τῆς
1143 2775 1319 2847 χαρᾶς
1362 2772 1671 2840 ἐπώνυμος,
1704 2768 1832 2821 Θεο-

256 2871 463 2943 κυῆτερ
490 2869 949 2943 Μητροπάρθενε.

267 2981 371 3035 Ἐκ
399 2981 509 3035 τοῦ
568 2982 839 3046 Κανόνος
892 2981 980 3045 είς
1025 2978 1133 3033 τὸν
1160 2977 1333 3047 ἅγιον
1358 2974 1630 3046 μάρτυρα
1676 2973 1835 3042 Alm-

751 3049 994 3116 λιανὸν,
1025 3048 1215 3119 ἡμέρᾳ
1249 3053 1338 3117 ιη’.

344 3165 518 3236 Ἰσχύς
566 3184 690 3237 μου,
723 3166 818 3221 καὶ
849 3164 1104 3235 ὑμνησις,
1137 3163 1232 3215 καὶ
1256 3158 1533 3231 φωτισμδς
1563 3159 1664 3228 τῆς
1696 3172 1833 3226 καρ-

1930 1998 2064 2070 glori
2076 1998 2276 2052 licavit.

1999 2105 2174 2160 Altior
2198 2104 2354 2160 caelis
2390 2100 2693 2175 apparuisti
2727 2101 2896 2155 Deum
2933 2097 3215 2153 caelestem
3256 2094 3440 2159 enixa,
3474 2109 3500 2147 ο

1932 2204 2266 2267 castissima,
2297 2202 2390 2273 qui
2423 2200 2733 2257 cmlilicavit
2775 2198 3090 2252 universam
3129 2208 3369 2249 massam
3401 2203 3497 2246 ter-

1933 2299 2270 2365 rigenarum,
2313 2311 2378 2351 ac
2408 2292 2778 2350 venerandam
2823 2289 3048 2344 Marium
3081 2286 3399 2341 memoriam
3443 2285 3499 2338 il-

1934 2389 2223 2454 lustravit;
2248 2388 2313 2441 ad
2342 2401 2505 2457 quem
2548 2385 2894 2441 clamamus:
2929 2379 3126 2436 Omnia
3167 2393 3357 2450 opera,
3388 2376 3501 2431 lau-

1932 2481 2058 2537 date
2090 2480 2408 2536 Dominum.

2005 2598 2206 2654 Lucem
2238 2596 2398 2652 nobis
2432 2594 2563 2650 oriri
2603 2590 2778 2648 fecisti
2814 2605 2879 2645 ex
2920 2587 3180 2643 inviolato
3209 2593 3364 2639 utero
3397 2592 3511 2645 tuo,

1933 2707 1967 2747 ο
2008 2689 2195 2762 Virgo,
2238 2690 2330 2759 qui
2382 2686 2769 2757 splendoribns
2816 2681 3019 2737 divinis
3064 2680 3389 2741 illustratus,
3420 2675 3505 2729 lu)

1932 2785 2137 2849 evasit,
2184 2798 2218 2837 o
2260 2781 2353 2835 Dei
2396 2780 2651 2849 genitrix,
2685 2776 2857 2831 Mater
2891 2775 3065 2844 virgo,
3098 2771 3258 2842 cujus
3308 2783 3509 2825 nomen

1933 2882 2155 2930 resonat
2186 2872 2451 2927 laetitiam.

1938 2983 2099 3056 146
2144 2983 2225 3039 Ea:
2274 2982 2488 3037 Conone
2532 2980 2584 3032 in
2620 2975 2850 3101 ἕξειηέ
2893 2973 3180 3027 Λῖηιὲιίιιηί
3230 2971 3507 3041 martyris,

2659 3065 2703 3101 te
2819 3086 2832 3099 .

2006 3165 2295 3222 Fortitudo
2327 3180 2468 3230 mea,
2511 3172 2564 3217 et
2614 3161 2736 3214 laus
2782 3173 2922 3218 mea,
2967 3154 3300 3210 illuminatio
3330 3152 3506 3208 cordis

255 3258 374 3321 δίας
423 3276 526 3328 μου
567 3260 825 3330 ὑπάρχει,
856 3256 1195 3326 πανάμωμε,
1247 3252 1481 3323 Χριστὸς
1518 3252 1546 3303 ό
1598 3247 1825 3318 Κύριος.

1952 3263 2042 3318 nei
2094 3272 2179 3317 est
2236 3260 2488 3313 Christus
2558 3254 2840 3319 Dominus,
2904 3266 3066 3321 quem
3135 3247 3421 3319 peperisti,
3477 3266 3514 3305 ο

256 3352 317 3405 ὃν
352 3351 591 3422 ὲκύησας
619 3353 677 3406 ὲν
712 3351 806 3405 δύο
846 3352 969 3414 ταῖς
1016 3348 1247 3413 οὐσίαις,
1301 3346 1400 3417 μιᾷ
1444 3340 1745 3397 ὑποστάσει
1774 3337 1832 3413 δὲ

258 3443 527 3497 κατανοού
535 3460 717 3514 μενον.

330 3537 545 3603 Νόμους
577 3537 712 3601 τούςξ
764 3533 867 3605 τῆς
921 3532 1135 3602 φύσεως
1171 3527 1413 3585 λαθοῦσα
1450 3528 1508 3581 ὲν
1553 3524 1634 3596 τῷ
1693 3523 1835 3593 ὑπὲρ

258 3627 425 3694 φύσιν
456 3626 683 3697 τοκετῷ,
749 3625 1023 3696 παρθένος
1067 3622 1207 3695 μετὰ
1249 3623 1527 3691 γέννησιν,
1561 3616 1837 3687 Παρθενο-

262 3720 476 3790 μῆτορ,ε
525 3719 764 3789 ἔμεινας·
819 3718 910 3771 τὸν
957 3714 1339 3784 Πλαστουργὸν
1379 3711 1511 3782 γὰρ,
1563 3710 1826 3781 ἄχραντε,

259 3813 490 3882 ἁπάσης
518 3811 752 3875 κτίσεως
771 3811 1022 3873 τέτοκας.
1100 3812 1120 3827 ‘

344 3904 712 3974 Ἀγιάσματός
746 3920 807 3955 σε
831 3903 994 3956 τόπον
1019 3898 1116 3953 τοῦ
1153 3899 1185 3970 ή
1195 3899 1301 3970 μᾶς
1324 3896 1674 3965 ἁγιάσαντος,
1698 3908 1836 3946 παν-

260 3994 393 4063 αγία
427 3995 586 4066 κόρη,
625 3994 797 4065 μόνην
857 3991 1175 4063 εὑρεθεῖσαν
1222 3988 1539 4057 δοξάζομεν,
1570 3985 1635 4037 δι’
1689 3979 1751 4038 οὑ
1785 3982 1835 4034 oi

260 4090 367 4158 γῆν
398 4089 781 4151 κατοικοῦντες
805 4084 1214 4157 οὐρανὼθησαν,
1241 4079 1337 4135 καὶ
1388 4078 1536 4149 ζωῆς
1574 4074 1836 4153 ἀληθινῆς

261 4181 596 4252 ἠξιώθησαν.

349 4272 622 4342 Ῥομφαία
666 4271 946 4343 τρωθέντα
980 4287 1048 4340 με
1076 4268 1176 4337 τῆς
1229 4262 1503 4336 ἁμαρτίας
1553 4260 1706 4314 ῐασαι
1757 4257 1839 4329 τῷ

260 4361 689 4432 δραστικωτάτῳ
722 4378 815 4414 σου
840 4360 1140 4431 φαρμάκῳ,
1166 4358 1200 4429 ἡ
1222 4356 1314 4409 τὸν
1345 4354 1573 4423 Σωτῆρα
1593 4350 1831 4422 Χριστὸν

264 4455 539 4526 κυήσασα,
569 4454 738 4525 λόγχῃ
763 4454 854 4507 τὸν
886 4452 1166 4524 τρωθέντα
1205 4449 1273 4503 δι’
1307 4446 1430 4517 ἐμὲ,
1458 4445 1718 4516 ἄχραντε,
1742 4444 1840 4498 καὶ

262 4546 550 4617 τρώσαντα
582 4546 681 4617 τὴν
708 4545 937 4617 καρδίαν
958 4544 1052 4597 τοῦ
1080 4544 1279 4613 ὄφεως.

1944 3370 2159 3413 summe
2184 3353 2415 3414 illibata,
2447 3350 2539 3419 qui
2569 3347 2891 3416 intelligitur
2927 3344 2982 3398 in
3014 3342 3228 3398 duabus
3261 3340 3517 3395 substan-

1944 3450 2057 3514 tiis,
2088 3462 2196 3505 una
2230 3454 2412 3499 autem
2441 3439 2744 3512 bypostasi.

2015 3540 2236 3595 Naturae
2272 3537 2422 3607 leges
2454 3534 2713 3602 ignorans
2741 3531 2795 3584 in
2833 3536 2990 3599 partu
3022 3536 3134 3590 tuo,
3160 3524 3253 3594 qui
3295 3522 3397 3577 fuit
3427 3536 3508 3576 su-

1943 3648 2039 3705 pra
2089 3602 2362 3693 naturam,
2412 3641 2445 3680 ο
2491 3625 2656 3691 Virgo
2697 3620 2901 3684 Mater,
2941 3629 3060 3689 post
3094 3626 3305 3688 partum
3350 3602 3519 3683 Virgo

1943 3720 2291 3795 permansisti
2328 3738 2341 3773 :
2377 3717 2622 3773 omnium
2657 3714 2803 3768 enim
2844 3723 3221 3767 creaturarum
3252 3707 3509 3761 Condito-

1945 3831 2085 3880 rem,
2112 3828 2145 3868 ο
2173 3812 2456 3871 inviolata.
2487 3804 2767 3877 peperisti.

2014 3906 2109 3972 Te,
2146 3919 2266 3974 qum
2311 3901 2425 3957 sola
2477 3894 2934 3955 sanctificationis
2983 3888 3377 3948 sanetlficantis
3416 3902 3510 3941 nos

1944 3997 2100 4051 locus
2124 4009 2247 4050 esse
2270 3993 2490 4047 inventa
2527 3988 2699 4053 fuisti,
2734 4002 2767 4041 ο
2797 3985 2974 4054 puella
3009 3990 3120 4035 tota
3157 3988 3368 4040 sancta,
3405 3976 3510 4043 glo-

1946 4090 2263 4150 rificamus;
2319 4100 2414 4155 per
2454 4097 2637 4152 quem,
2687 4089 2885 4133 terram
2930 4074 3318 4135 inhabitantes,
3359 4070 3510 4125 cmle-

1946 4193 2059 4237 stes
2086 4180 2213 4234 facti
2253 4186 2406 4241 sunt,
2435 4188 2673 4243 veraque
2703 4171 2812 4225 vita
2854 4168 3002 4239 digni
3041 4164 3236 4223 redditi
3266 4172 3413 4219 sunt.

2016 4271 2100 4327 Me
2141 4268 2354 4340 peccati
2396 4264 2579 4338 gladio
2621 4263 2967 4316 vulneratum
3015 4255 3221 4312 sanain
3261 4250 3513 4308 efﬁcacis.

1946 4365 2084 4419 sima
2113 4361 2381 4416 medicina
2408 4368 2522 4419 tua,
2556 4370 2589 4410 ο
2619 4351 2994 4414 immaculata,
3029 4363 3150 4419 qua:
3177 4344 3514 4399 Salvatorem

1947 4456 2229 4512 Christum
2263 4449 2542 4522 peperisti,
2577 4447 2671 4516 qui
2718 4451 2939 4515 propter
2974 4456 3060 4495 me
3101 4440 3294 4494 lancea
3325 4436 3511 4491 vulne-

1950 4559 2120 4611 ratus,
2147 4561 2241 4601 cor
2258 4541 2527 4613 serpentis
2553 4540 2671 4610 ipse
2697 4533 3026 4590 vulneravit.

339 4636 451 4689 Εὔα
490 4636 588 4705 μὲν
632 4636 901 4705 ἐτρύγησε
932 4634 1024 4688 τοῦ
1067 4633 1226 4700 ξύλου
1282 4633 1496 4707 καρπὸν
1536 4628 1835 4700 θανατηφό-

2020 4638 2130 4692 Eva
2164 4635 2386 4707 quidem
2420 4627 2694 4698 decerpsit
2745 4625 2985 4680 fructum
3032 4621 3244 4676 arboris
3277 4618 3514 4674 mortife-

267 4747 361 4800 ρον
382 4746 396 4760 ·
432 4728 497 4781 σύ
522 4728 600 4794 δὲ,
626 4728 893 4796 πάναγνε,
925 4726 1073 4796 ζωῆς
1104 4726 1164 4778 τὸ
1196 4726 1351 4790 ξύλον
1379 4723 1761 4795 καρπογονεῖς,
1784 4711 1846 4773 οὗ

267 4822 301 4892 ἠ
335 4819 521 4888 γεῦσις
552 4819 801 4883 ἅπαντας
825 4821 949 4883 τοὺς
991 4817 1252 4881 θανόντας
1281 4815 1622 4881 ἀνεζώωσεν.

342 5010 983 5084 Κυριώνυμεζθεόνυμφε,
1015 5007 1098 5071 τὸ,
1132 5008 1325 5077 Χαῖρε,
1355 5004 1440 5059 σοὶ
1469 5004 1652 5057 πίστει
1674 5018 1849 5072 κραυ-

268 5106 532 5177 γάζομεν·
570 5106 663 5158 καὶ
686 5104 793 5175 γὰρ
822 5103 1060 5173 ἐκύησας
1097 5100 1272 5172 χαρὰν
1310 5097 1677 5166 ἁνεκλάλητον
1708 5095 1846 5164 Χρι-

272 5196 397 5251 στὶν
421 5196 509 5249 τὸν
557 5196 784 5263 Κύριον,
820 5187 863 5260 ᾧ
898 5192 1306 5263 κραυγάζομενο
1372 5189 1431 5242 Ὀ
1455 5188 1561 5243 τῶν
1588 5186 1847 5258 Πατέρων

271 5291 478 5361 Κύριος
513 5291 607 5343 καὶ
644 5288 775 5352 Θεὸς
802 5287 1095 5356 εὐλογητὸς
1134 5280 1207 5338 εἷ.

344 5384 586 5450 Σταγὸνα
612 5398 701 5451 μοι
720 5380 995 5451 δμὸρησον
1026 5377 1229 5440 ἐλέους,
1263 5375 1447 5446 πηγὴν
1479 5372 1575 5427 τοῦ
1600 5371 1783 5436 ἐλέους
1812 5372 1846 5443 ἡ

271 5476 547 5546 κυήσασα,
579 5472 674 5525 καὶ
696 5471 792 5541 τῆς
814 5470 1093 5541 ἁμαρτίας
1114 5486 1212 5539 μου
1241 5467 1475 5538 ξήρανον
1491 5465 1670 5537 όμϐρή
1680 5480 1844 5533 ματα,

272 5568 370 5623 καὶ
391 5569 490 5637 τῆς
518 5566 697 5637 ψυχῆς
720 5583 821 5637 μου
844 5565 1085 5634 πράῦνον
1114 5563 1282 5634 ἄγρια
1311 5559 1556 5630 κύματα,
1599 5556 1845 5628 Παρθένε

272 5660 504 5714 Θεοτόκε
534 5658 742 5730 Μαρία,
764 5658 850 5712 ἵνα
886 5674 943 5710 σε
971 5654 1181 5722 δοξάζω
1214 5655 1293 5717 εἰς
1321 5651 1527 5715 πάντας
1554 5650 1681 5711 τοὺς
1713 5648 1847 5702 αἰῶ-

272 5770 390 5815 νας.

345 5844 489 5898 Φωτί
521 5862 589 5915 με
635 5841 982 5909 καταύγασον
1023 5839 1100 5912 τῷ
1131 5838 1231 5910 σῷ,
1266 5835 1609 5907 πανύμνητε,
1666 5833 1757 5886 τὸν
1784 5835 1844 5886 ὲν

274 5935 459 5988 σκῦτει
494 5933 878 6003 πορευόμενονο
929 5930 1071 5983 δίδου
1113 5945 1203 5998 μοι
1261 5928 1416 5997 χεῖρα
1477 5922 1745 5994 βοηθείαςι
1779 5924 1846 5978 τὰ

1954 4748 2113 4787 rum:
2144 4738 2198 4784 tu
2231 4735 2436 4790 autem,
2466 4739 2499 4778 o
2522 4719 2853 4777 castissima.
2892 4716 3018 4770 vitre
3048 4715 3299 4770 arborem
3332 4710 3526 4766 fructi-

1953 4820 2153 4884 lieasti,
2215 4816 2374 4887 cujus
2430 4824 2623 4883 gustus
2676 4823 2892 4875 omnes,
2947 4807 3039 4878 qui
3097 4806 3299 4861 mortui
3346 4809 3522 4866 erant,

1951 4911 2268 4967 vivifiravit.

2023 5008 2065 5059 0
2115 5003 2209 5057 Dei
2258 5016 2480 5072 sponsa,
2527 4997 2833 5053 dominanti
2881 4994 3108 5049 nomine
3152 4999 3368 5054 ornata,
3400 4986 3524 5050 tibi,

1951 5116 2075 5154 cum
2105 5098 2207 5152 lide
2231 5098 2556 5154 clamamus,
2584 5090 2773 5148 Gaude
2794 5108 2808 5149 :
2833 5088 3036 5145 etenim
3062 5085 3321 5157 gaudium
3346 5081 3529 5137 ineffa-

1950 5192 2058 5247 bile
2088 5189 2368 5245 Cbristum
2395 5184 2687 5239 Dominum
2716 5181 3000 5253 peperisti,
3034 5181 3098 5234 ad
3130 5192 3290 5247 quem
3323 5174 3519 5229 vocife-

1951 5299 2137 5339 ramur
2168 5301 2179 5336 :
2230 5283 2452 5350 Patrum
2485 5278 2650 5341 Deus,
2688 5284 2743 5329 et
2776 5274 3039 5329 Dominus
3077 5271 3397 5326 benedictus
3437 5281 3518 5322 es.

2021 5374 2225 5445 Deplue
2256 5387 2419 5441 super
2448 5385 2534 5424 me
2577 5369 2780 5424 stillam
2822 5365 3239 5427 misericordis,
3284 5370 3362 5427 tu,
3401 5374 3517 5430 qua

1951 5463 2346 5519 misericordia:
2379 5459 2585 5513 fontem
2617 5455 2907 5528 peperisti;
2942 5454 3260 5525 peccatique
3291 5450 3395 5505 mei
3419 5451 3519 5503 im-

1950 5557 2075 5611 bres
2104 5554 2344 5616 exsicca,
2393 5567 2458 5607 ac
2492 5550 2703 5605 feroces
2734 5548 2932 5602 anima:
2974 5562 3110 5616 meae
3142 5544 3339 5598 ﬂuctus
3368 5549 3521 5595 tran-

1948 5646 2137 5717 quilla,
2165 5659 2198 5698 o
2232 5642 2396 5713 Virgo
2429 5640 2662 5713 Deipara
2700 5637 2894 5704 Maria,
2928 5648 2989 5693 ut
3021 5615 3074 5693 te
3115 5635 3171 5689 in
3202 5633 3385 5689 omnia
3415 5648 3521 5689 sa!-

1956 5738 2076 5792 cula
2107 5735 2433 5806 glorificent.

2026 5834 2241 5888 lllustra
2291 5848 2375 5887 me
2402 5831 2523 5886 luce
2554 5840 2643 5884 tua
2673 5830 2726 5884 in
2770 5828 3010 5883 tenebris
3052 5822 3448 5888 ambulat-tem,
3492 5836 3524 5875 ο

1952 5926 2101 5981 ontni
2158 5924 2314 5980 ian-le
2367 5923 2683 5987 dignissima
2741 5940 2752 5977 :
2807 5920 3022 5983 porrige
3088 5915 3218 5972 mihi
3299 5929 3524 5971 manum
