3996 6594
572 427 703 495 1:51
1686 441 1744 499 s.
1785 439 2100 502 JOSEPHI
2136 400 2721 505 HYMNOGRAPIIII
3627 464 3735 525 1132

565 548 966 604 auxiliatrieem
1007 568 1027 606 :
1072 552 1247 608 nubes
1281 553 1477 611 anima:
1514 556 1779 626 dispelle;
1832 561 2143 629 passionum

2176 571 2222 624 Α
2251 563 2384 634 νέφη
2422 565 2518 634 τῆς
2541 566 2716 636 ψυχῆς
2767 584 2868 635 μου
2914 567 3204 624 ἀπέλασον·
3240 571 3418 625 παθῶν
3449 590 3538 644 μου
3564 580 3616 631 τὸ
3645 582 3746 636 κλυ-

562 655 810 694 mearum
863 653 1240 714 tempestatem
1300 649 1451 713 seda,
1515 663 1549 702 ο
1603 649 1874 720 refugium
1939 652 2138 723 despe-

1980 669 2138 723 espe-
2242 659 2433 712 δώνιον
2467 661 2729 724 κόπασον,
2761 662 3202 731 ἀπεγνωσμένων
3219 667 3551 736 καταφύγιον.

566 742 808 786 ratorum
821 771 834 787 υ

574 843 723 914 ι47
767 843 849 899 Ea:
894 845 1106 901 Conone
1133 849 1187 901 in
1217 850 1349 941 [esto
1465 849 1530 905 Ρ.
1566 850 1640 906 Ν.
1677 851 1767 906 Dii
1799 854 2137 924 confessoris,

2255 860 2355 913 Ἐκ
2394 861 2498 914 τοῦ
2535 861 2803 941 Κανόνος
2831 862 2938 941 ,είς
2975 861 3092 941 τὸν.
3136 862 3308 941 ὅσιρν
3349 866 3563 934 Πατέρα
3611 871 3747 941 ἡμῶν

1254 921 1340 973 die
1370 923 1454 976 19.
1899 921 1907 924 ‘
2124 921 2128 922 ί
2775 921 2832 986 λι

1899 921 1907 924 Ἴ
2124 921 2128 922 ν
2775 921 2936 997 dior,
2981 931 3170 1002 ἡμέρᾳ
3203 934 3285 988 ιϐ’.

633 1027 780 1084 Solis
827 1030 1129 1098 spiritualis
1183 1034 1598 1090 tabernaculum
1649 1036 1797 1093 facta
1858 1054 1940 1102 es,
1992 1056 2025 1092 o
2069 1041 2138 1094 ab

2326 1045 2505 1098 Ἠλίου
2531 1044 2626 1098 τοῦ
2666 1043 2883 1114 νοητοῦ,
2912 1046 3240 1115 πανὰμωμε,
3271 1049 3523 1118 σκήνωμα
3564 1054 3748 1122 γέγονας

571 1119 710 1172 mini
742 1121 861 1174 labe
891 1137 1026 1190 pura
1050 1167 1066 1190 ,
1109 1124 1204 1194 qui
1252 1141 1352 1179 nos
1384 1128 1585 1183 divinis
1615 1131 2000 1196 Splendoribus
2034 1133 2140 1201 pie-

2239 1141 2360 1202 ταῖς
2391 1140 2599 1201 θεῖκαῖς
2657 1139 3040 1209 λαμπρότησιν
3079 1142 3226 1210 ἡμᾶς
3282 1143 3548 1207 εὐσεϐείας
3590 1164 3751 1202 καταυ-

564 1213 689 1264 tatis
715 1211 1067 1276 illuminavit,
1104 1225 1270 1286 atque
1297 1217 1618 1288 ignorantia:
1644 1223 1873 1276 nebulas
1904 1223 2137 1292 dissipa-

2240 1232 2528 1299 γάσαντος,
2574 1232 2666 1284 καὶ
2709 1233 2807 1302 τὴν
2835 1233 3004 1302 ἀχλύν
3049 1233 3340 1299 διώξαντος
3375 1239 3468 1307 τῆς
3505 1239 3747 1307 ἀγνωσίας,

569 1302 658 1366 vit,
711 1318 744 1355 0
771 1303 932 1373 Virgo
969 1319 1250 1375 perpetua.

1048 1319 1250 1375 rpctua.
1538 1390 1541 1392 I
2252 1323 2626 1395 Ἀειπάρθενε.

633 1391 907 1448 Habitavit
939 1397 990 1448 iu
1031 1409 1102 1462 te,
1148 1415 1182 1450 ο
1230 1390 1602 1470 immaculata,
1637 1405 1745 1468 ille,
1787 1412 1880 1477 qui
1930 1410 2138 1463 habitwt

2323 1414 2628 1486 Ἑνῴκησεν
2670 1417 2763 1469 ἐπὶ
2816 1417 2900 1470 σοὶ
2948 1420 2975 1470 ὁ
3026 1418 3298 1470 κατοικῶν
3349 1421 3470 1483 τοὺς
3513 1421 3747 1491 οὐρανοὺς,

562 1483 615 1537 in
643 1487 831 1551 cwlis;
871 1505 1032 1556 quem
1075 1491 1234 1545 enixe
1284 1509 1434 1564 ruga,
1468 1507 1524 1550 ut
1574 1499 1748 1552 solvet
1779 1502 1988 1557 animas
2020 1503 2138 1556 lau-

2239 1508 2497 1578 ἆχραντε,
2529 1508 2588 1561 ὃν
2619 1508 2856 1572 ἐκτενῶς
2894 1514 3120 1579 αἰτησαι
3148 1508 3321 1563 σῶσαι
3357 1510 3451 1574 τὰς
3481 1511 3637 1583 ψυχὰς
3669 1515 3750 1568 τῶν

567 1576 804 1632 damium
844 1589 913 1632 te.

2240 1597 2554 1668 ὑμνούντων
2579 1616 2657 1654 σε.

628 1667 1025 1725 Czunlclabrum
1069 1674 1380 1740 luciferum,
1417 1690 1468 1731 te
1498 1679 1746 1735 divinum
1784 1685 2131 1752 splendorem

2281 1667 2626 1762 ῨΦωτοςρόρον
2692 1709 2751 1744 σε
2812 1693 3034 1763 λυχνίαν
3080 1693 3142 1748 τὸ
3192 1693 3332 1747 θεῖον
3386 1694 3572 1763 φέγγος
3616 1697 3665 1750 ὲν
3701 1702 3748 1768 τῇ

565 1759 617 1813 in
661 1773 812 1816 utero
849 1774 1149 1833 gestantem
1198 1771 1547 1840 agnovimus,
1592 1791 1625 1829 0
1665 1775 1864 1847 Virgo:
1905 1780 2047 1834 unde
2080 1793 2133 1836 te

2237 1786 2436 1853 γαστρὶ
2475 1759 2839 1852 Ῠβαστάσασαν
2876 1759 3145 1853 ἔγνωμεν,
3199 1759 3473 1857 Παρθένε”⁷
3498 1759 3624 1840 ⁷ὅθεν
3656 1759 3749 1841 eos:

565 1852 833 1924 supplices
859 1859 1237 1927 deprecamur,
1269 1871 1328 1917 ut
1366 1864 1484 1919 luce
1514 1875 1606 1922 tua
1648 1869 1876 1926 irradies
1917 1875 2132 1930 animas

2171 1918 2209 1949 η
2238 1875 2386 1928 ωποῦ
2397 1875 2496 1946 μέν
2528 1893 2608 1941 σε,
2642 1877 2780 1945 φωτί
2800 1895 2892 1931 σου
2915 1879 3262 1946 καταύγασον
3286 1879 3493 1932 πάντων
3517 1879 3749 1949 τὰςψυχὰς

2163 1918 2210 1977 Β

564 1948 806 1999 Durnium
835 1951 926 2018 qui
959 1962 1010 2004 te
1030 1953 1362 2010 collaudant.

1223 1953 1362 2010 iant.
2163 1948 2210 1977 D
2240 1968 2349 2019 τῶν
2380 1968 2690 2037 ὑμνούντων
2723 1987 2801 2025 σε.

632 2037 878 2095 Intcrﬁce
904 2045 1100 2100 anima:
1123 2063 1255 2103 mea)
1284 2048 1532 2114 allectus,
1561 2069 1593 2106 ο
1625 2053 2132 2126 inculpabilissima,

2311 2062 2605 2132 Νέκρωοον
2639 2063 2739 2131 τῆς
2763 2063 2941 2134 ψυχῆς
2993 2081 3095 2134 μου
3133 2064 3202 2116 τὰ
3262 2062 3430 2132 πάθη,
3479 2064 3748 2133 πανάμωμε,

562 2145 682 2197 qua:
714 2132 879 2186 vitam
929 2136 1173 2190 omnium
1217 2138 1474 2195 inetIabili
1509 2141 1688 2198 Verbo
1727 2151 1984 2217 peperisti
2027 2171 2040 2206 :
2081 2163 2134 2207 ct

2241 2155 2273 2224 ἡ
2307 2153 2405 2224 τὴν
2433 2152 2577 2223 ζωὴν
2611 2155 2718 2208 τῶν
2748 2132 3004 2210 ἁπάντων
3041 2158 3342 2227 ἀπορρήτῳ
3369 2156 3506 2225 λόγῳ
3528 2132 3751 2226 κυήσασα,

562 2233 795 2278 mentem
839 2244 1016 2281 meum
1052 2235 1431 2288 conturbatam
1467 2237 1714 2305 pacifica,
1750 2257 1782 2294 o
1827 2244 2025 2308 puella.

2242 2248 2336 2300 καὶ
2363 2249 2454 2300 τὸν
2475 2247 2598 2300 νοῦν
2630 2265 2733 2319 μου
2761 2248 3193 2320 ταρασσόμενον,
3225 2249 3385 2319 κόρη,
3409 2249 3700 2319 εἰρήνευσον.

628 2312 922 2369 Cherubin]
971 2322 1304 2378 sanctiorem
1346 2325 1526 2379 cﬂ‘ecit
1563 2337 1635 2390 te,
1671 2345 1702 2382 0
1744 2334 1943 2400 puella,
1993 2335 2134 2393 Deus

2323 2312 2655 2410 Ἀγιωτέραν
2689 2341 2795 2394 τῶν
2829 2312 3111 2412 Χερουίίίμ
3135 2312 3194 2394 σε
3228 2312 3608 2412 ἀπείργασατο,
3629 2342 3751 2410 κόρη,

559 2420 782 2464 sanctus
827 2413 1138 2482 manifeste,
1188 2419 1280 2486 qui
1313 2422 1620 2476 sanctiﬁcat
1661 2425 1992 2492 clamantes,
2029 2430 2133 2486 Bc-

2240 2432 2268 2484 ὁ
2297 2431 2432 2493 Θεὸς
2477 2434 2505 2485 ὁ
2537 2432 2690 2500 ἆγιος
2717 2433 2997 2503 ἐμφανῶς,
3038 2431 3286 2502 ἁγιάζων
3313 2435 3436 2496 τοὺς
3475 2432 3754 2504 κραυγάζον-

560 2500 772 2555 nedicta
819 2513 874 2558 tu
935 2505 991 2559 in
1049 2509 1401 2577 mulieribus,
1455 2528 1488 2566 ο
1533 2514 1758 2570 Domina
1811 2520 2136 2578 immacula-

2240 2539 2359 2586 τας
2400 2500 2760 2595 Εὐλογημένη
2807 2500 2882 2580 σὺ
2940 2528 2998 2579 ἐν
3059 2500 3301 2595 γυναιξὶ,
3360 2500 3640 2596 πανάμωμε
3681 2528 3753 2579 Δέ-

561 2591 792 2647 tissima.

2241 2632 2455 2670 σποινα.

627 2679 792 2736 Οωιίε
840 2684 998 2741 latior
1040 2695 1361 2764 apparuisti,
1412 2701 1582 2756 Deum
1630 2703 1682 2756 in
1720 2713 1770 2758 te
1816 2708 2064 2774 capiens,
2099 2721 2132 2760 o

2317 2706 2528 2778 Ὠφθης
2561 2706 2874 2779 πλατυτέρα
2903 2707 3149 2780 οὐρανῶν
3184 2709 3322 2764 Θεὸν
3348 2711 3638 2783 χωρήσασα,
3665 2713 3753 2765 Ma-

559 2769 728 2827 Maria
757 2778 1104 2848 castissima;
1140 2801 1303 2855 quem
1339 2791 1633 2861 deprecare
1667 2805 1726 2850 ut
1763 2797 1952 2851 liberet
1984 2814 2071 2853 me
2101 2814 2131 2854 a

2241 2802 2332 2874 ρία
2359 2802 2621 2870 πάναγνε²
2643 2801 2701 2855 ὃν
2729 2804 3047 2858 καθικέτευε
3080 2805 3246 2876 ῥῦσαί
3277 2825 3347 2877 με
3372 2807 3477 2859 τῶν
3491 2807 3653 2858 παθῶν
3673 2807 3754 2859 τῶν

565 2865 912 2928 passionibus
945 2872 1315 2934 detinentibus
1355 2899 1460 2947 me,
1506 2896 1670 2956 atque
1719 2903 1747 2940 a
1786 2887 1966 2941 futura
2020 2898 2132 2942 trc-

2241 2865 2579 2964 συνεχόντων
2623 2913 2712 2965 με,
2744 2897 2838 2948 καὶ
2888 2898 2985 2965 τῆς
3033 2865 3342 2969 μελλούσης
3385 2898 3604 2968 φοϐερᾶς
3632 2898 3751 2967 δίκης

558 2956 754 3011 menda
790 2966 1060 3020 sententia
1114 2969 1310 3040 eripiat
1341 2989 1427 3030 me
1467 2977 1790 3032 clamantem
1822 2997 1836 3034 :
1868 2978 2130 3046 Laudato,

2242 3001 2306 3054 με
2335 2956 2598 3054 ῥύσασθαι
2623 2956 2718 3040 τὸν
2750 2956 2979 3057 βοῶνταζ
3013 2956 3194 3042 licium
3229 2956 3749 3061 ται-ἔργα,.εὐλογείτε

554 3049 735 3102 omnia
775 3067 961 3122 opera,
995 3057 1305 3118 Dominum.

1003 3057 1305 3118 Dominum.
2236 3076 2328 3129 τὸν
2359 3076 2581 3148 Κύριον.

631 3143 800 3200 Parce
828 3149 982 3216 mihi,
1013 3151 1249 3222 Christe,
1308 3160 1528 3227 quando
1571 3163 1787 3218 veneris
1810 3179 1932 3218 cum
1959 3164 2127 3235 gloria

2307 3143 2497 3220 Φεῖσαί
2529 3185 2653 3238 μου,
2682 3169 2904 3241 Χριστὲ,
2923 3170 3050 3224 ὅταν
3080 3170 3244 3244 ἔλθῃς
3273 3175 3455 3243 κρῖναι
3483 3173 3566 3225 τὸν
3593 3171 3751 3240 κόσμον

547 3234 618 3288 ad
649 3235 1006 3305 judicandmn
1036 3248 1324 3316 mundum,
1357 3265 1479 3305 curn
1509 3253 1709 3309 habeas
1740 3257 2125 3326 deprecantem

2169 3276 2200 3335 [ς
2239 3260 2374 3329 μετὰ
2405 3234 2584 3330 δόξης,
2616 3234 2754 3332 ἔχων
2793 3263 3145 3317 δυσωποῦσάν
3181 3234 3268 3330 σε,
3309 3234 3747 3336 λόγεηὴνθεοτό-

551 3337 626 3395 te,
673 3344 706 3382 0
769 3328 1040 3396 Verbum,
1105 3337 1390 3410 Deiparam
1448 3359 1665 3414 semper
1720 3345 2023 3417 Virginem,
2072 3358 2129 3406 et

2171 3328 2200 3335 —
2232 3328 2328 3404 κον
2381 3351 2480 3423 τὴν
2516 3328 2897 3424 όειπ-ἆρθενον,
2958 3356 3026 3410 τὰ
3071 3356 3181 3410 τῶν
3219 3328 3474 3426 ἀγγέλων
3525 3328 3749 3426 τάγματα,

547 3417 870 3486 angelorum
896 3424 1140 3491 ordines,
1181 3438 1610 3502 sanctorumque
1639 3435 1958 3491 concilium.

1507 3448 1610 3502 que
1639 3435 1958 3491 concilium.
2229 3445 2322 3499 καὶ
2355 3445 2462 3499 τῶν
2483 3447 2644 3499 ὁσίων
2665 3447 2765 3518 τὴν
2792 3447 3085 3521 ὁμήγυριν.

625 3640 709 3697 Ea:
747 3643 959 3700 Conone
1003 3649 1056 3702 iu
1087 3648 1225 3719 festo
1250 3648 1308 3706 S.
1339 3651 1478 3708 Elia:
1514 3654 1813 3728 Prop/aetat,
1850 3662 1937 3718 die
1962 3663 2053 3720 20.

2244 3663 2344 3716 Ἐκ
2366 3662 2471 3718 τοῦ
2497 3665 2768 3732 Κανόνος
2781 3665 2993 3806 είς
3020 3665 3193 3765 ἅγιον
3219 3665 3532 3738 προφήτην
3570 3662 3748 3726 Ἠλιοῦ,

2857 3754 2878 3790 τ
2967 3755 3048 3806 ρςι
3095 3755 3166 3791 κ·
3475 3797 3481 3804 .

2857 3743 3048 3806 ἡμέρᾳ
3095 3743 3166 3791 κ’.

629 3841 1187 3914 Supersubstautialis
1230 3851 1400 3920 Deus,
1449 3871 1514 3910 ex
1564 3866 1635 3922 te,
1679 3875 1712 3913 ο
1741 3862 2124 3930 mundissima,

2316 3871 2373 3926 Ὀ
2405 3871 2725 3943 ὑπερούσιος
2754 3872 2907 3937 Θεὸς,
2934 3873 3270 3944 πανάμωμε,
3305 3874 3370 3926 ἐκ
3411 3872 3502 3926 σοῦ
3524 3870 3747 3939 σεσάρκωσ

554 3937 878 3994 incarnatus
912 3951 1018 4006 est,
1047 3952 1100 3998 et
1127 3958 1349 4017 prepter
1377 3965 1480 4006 nos
1528 3951 1690 4006 homo
1723 3953 1900 4009 factus
1937 3970 2016 4011 est
2049 3957 2128 4012 si-

2231 3978 2341 4023 ται.
2373 3963 2468 4016 καὶ
2489 3937 2559 4016 δι’
2607 3965 2756 4033 ἡμᾶς
2783 3963 2938 4035 ὤφθη
2977 3937 3101 4018 uate;
3145 3937 3298 4033 ἡμᾶς
3350 3966 3379 4017 ὁ
3408 3937 3681 4034 ἄνθρωπος,
3705 3957 3748 4011 ὃν

553 4029 701 4084 milis
748 4032 911 4089 nobis
944 4050 960 4088 :
987 4051 1150 4105 quem
1179 4039 1425 4109 impense
1456 4058 1606 4109 roga,
1643 4061 1676 4099 ο
1708 4047 2037 4112 castissima,
2071 4060 2129 4104 ut

2229 4053 2461 4117 ἐκτενῶς
2497 4029 2704 4108 ἱκέτευε
2732 4029 2871 4126 ὑπὲρ
2900 4029 3108 4119 πάντας
3152 4029 3475 4126 ἀνθρώπους
3495 4095 3510 4120 ,
3543 4057 3749 4125 ἡμαρτη-

552 4137 659 4187 me,
678 4123 771 4193 qui
793 4141 958 4195 supra
985 4141 1176 4184 omnes
1201 4131 1362 4204 148
1388 4135 1638 4191 homines
1662 4138 1905 4208 peccavi,
1955 4141 2128 4195 salvet

2118 4148 2128 4194 ί
2231 4145 2364 4198 κότα
2400 4163 2489 4215 με,
2516 4146 2782 4215 πάναγνε,
2815 4147 2988 4202 σῶσαι
3013 4149 3108 4201 καὶ
3134 4148 3413 4212 κολάσεως
3440 4145 3696 4221 ῥύσασθαι.

550 4224 604 4268 et
629 4214 822 4271 liberet
851 4232 884 4272 a
912 4220 1202 4289 supplicio.

623 4301 668 4358 Ο
691 4315 847 4373 porta
878 4307 1164 4377 impervia,
1205 4327 1302 4381 per
1327 4329 1494 4379 quam
1527 4317 1796 4372 transitur
1833 4321 1899 4374 ad
1933 4320 2121 4387 Deum,

2315 4327 2611 4381 Ἀδιόδευτε
2660 4326 2834 4398 πύλη,
2881 4329 2916 4395 ή
2966 4328 3102 4398 προς
3126 4328 3260 4380 Θεὸν
3317 4327 3569 4398 φέρουσα,
3614 4321 3748 4381 πύλας

550 4395 885 4463 νωιιὶιειιιίω
909 4409 1094 4468 portas
1119 4403 1268 4470 aperi
1297 4405 1428 4458 mihi
1455 4421 1669 4474 precor,
1690 4407 1916 4464 abluens
1936 4411 2126 4468 sordes

2233 4418 2519 4488 μετανοίας
2537 4435 2648 4488 μοι,
2671 4419 2830 4487 κόρη,
2855 4417 3088 4482 ἄνοιξον,
3111 4417 3331 4487 δέομαι,
3357 4415 3746 4484 ἀποκαθαίρουσα

550 4495 900 4554 peccatorum
934 4507 1178 4546 meorum
1216 4493 1484 4550 imbribus
1514 4497 1902 4554 misericordia:
1930 4509 2059 4566 tuae,
2091 4517 2125 4556 ο

2232 4511 2516 4580 ἁμαρτιῶν
2549 4527 2650 4580 μου
2681 4512 2772 4563 τὸν
2816 4510 2986 4582 ῥῦπον
3035 4509 3264 4581 ὄμϐροις
3306 4509 3403 4563 τοῦ
3455 4509 3622 4571 ἐλέους
3658 4522 3745 4564 σου,

549 4578 724 4646 puella
753 4580 862 4635 Deo
893 4582 1241 4640 charissima.

1031 4585 1241 4640 issima.
2155 4617 2199 4673 ι)
2229 4578 2606 4670 θεοχαρίτωτε.

619 4669 755 4724 Cum
786 4673 1042 4728 omnibus
1075 4677 1388 4734 coelestibus
1424 4680 1738 4748 virtutibus,
1775 4697 1899 4738 cum
1941 4685 2123 4740 omni-
2158 4669 2188 4673 w

2167 4669 2188 4673 ἡ
2296 4692 2451 4747 Μετά
2485 4693 2674 4748 πασῶν
2699 4693 2808 4748 τῶν
2829 4693 3100 4761 οὐρανίων
3149 4693 3459 4765 δυνάμεων,
3499 4691 3624 4763 μετὰ
3647 4687 3745 4740 πάνυ

547 4760 650 4816 bus
683 4763 964 4832 prephetis
992 4775 1044 4820 et
1069 4769 1422 4839 martyribus,
1455 4786 1581 4826 cum
1610 4776 1877 4843 apostolis
1905 4785 1962 4830 et
1983 4793 2120 4832 con-

2223 4804 2351 4848 των,
2388 4789 2653 4841 Δέσποινα
2693 4789 3033 4859 πανάμωμε,
3083 4789 3192 4844 τῶν
3217 4790 3534 4862 προφητῶν,
3559 4788 3640 4842 καὶ
3667 4784 3745 4837 τῶν

550 4853 872 4920 fessoribus,
905 4873 1094 4927 preces
1123 4860 1360 4924 cll‘unde,
1400 4878 1433 4918 ο
1465 4863 1690 4918 Domina
1733 4867 2119 4936 mundissima,

2221 4879 2492 4948 ἀθλητῶν,
2517 4882 2612 4934 καὶ
2649 4880 2759 4933 τῶν
2792 4882 3131 4943 ἀποστόλων,
3187 4883 3280 4962 καὶ
3313 4882 3424 4934 τῶν
3457 4882 3627 4939 ὁσίων,
3659 4876 3742 4928 ἱκέ-

547 4957 606 5002 ιιι
633 4964 755 5019 ego,
785 4951 878 5019 qui
913 4953 1079 5008 multa
1109 4957 1354 5023 peccavi,
1387 4959 1622 5012 salutem
1652 4973 1977 5029 consequar,
2010 4974 2065 5020 et
2087 4981 2116 5020 a

2219 4988 2344 5024 τευε
2375 4973 2560 5042 τυχεῖν
2589 4989 2655 5040 με
2685 4974 2960 5044 σωτηρίας
2984 4975 3076 5027 τὸν
3103 4955 3275 5028 πολλὰ
3301 4975 3664 5045 ἁμαρτάνοντα
3680 4967 3743 5020 καὶ

542 5041 746 5096 futuris
785 5044 961 5112 poenis
991 5046 1215 5116 eripiar.

2220 5041 2486 5128 ρυσθῆναι
2517 5041 2827 5129 μελλούσης
2841 5041 3137 5126 κολάσεως.

614 5133 791 5204 Super
834 5149 885 5190 te
919 5148 1176 5207 tanquam
1225 5143 1397 5198 imber
1430 5146 1712 5202 descendit
1742 5147 1978 5204 Verbum
2026 5166 2119 5206 su-

2301 5151 2424 5202 Ἐπὶ
2452 5151 2512 5204 σὲ
2538 5151 2724 5222 ὥσπερ
2749 5152 2952 5222 ὕμὸρος
2979 5154 3151 5223 Λόγος
3167 5155 3544 5228 καταϐέϐηκεν
3566 5155 3592 5207 ὁ
3612 5152 3747 5216 ὑπερ-

543 5228 1021 5296 persubstantiale,
1056 5232 1201 5300 quod
1230 5233 1547 5302 deprecare,
1578 5255 1610 5291 ο
1641 5240 1821 5308 puella
1855 5241 2112 5296 innocen-

2217 5240 2420 5306 ούσιος,
2475 5242 2534 5294 ὂν
2594 5241 2851 5306 δυσώπει,
2903 5243 3063 5314 κόρη,
3124 5247 3477 5316 ὲπομΰρῆσαί
3539 5262 3621 5314 μοι
3673 5239 3744 5290 νῦν

545 5317 782 5381 tissima,
813 5329 870 5374 ut
905 5335 1070 5389 super
1111 5339 1196 5376 me
1237 5341 1383 5378 nunc
1421 5330 1653 5385 mundus
1680 5333 2117 5401 compunctionis

2218 5331 2565 5398 κατανύξεως
2595 5332 2843 5403 καθαρὰς
2877 5335 3142 5402 σταγόνας
3164 5336 3579 5398 ἁποπλυνούσας
3606 5333 3744 5403 πάντα

543 5406 714 5462 stillas
755 5408 998 5478 depluat,
1032 5412 1230 5480 quibus
1273 5429 1466 5471 omnes
1503 5417 1897 5476 inmensorum
1943 5422 2116 5477 malo-

1979 5422 2116 5477 talo-
2220 5422 2390 5494 ῥύπον
2419 5422 2526 5476 τῶν
2559 5423 2813 5495 ἀμέτρων
2836 5424 3023 5478 κακῶν
3067 5442 3191 5496 μου,
3219 5425 3551 5496 πανάμωμε.

543 5515 665 5555 rum
695 5516 937 5557 meorum
971 5505 1163 5559 sordes
1198 5505 1512 5564 abluantur.

613 5594 655 5646 Ο
700 5605 854 5663 porta
887 5595 1004 5661 Dei,
1050 5598 1265 5654 divinos
1303 5599 1584 5670 ingressus
1628 5605 1856 5660 ostende
1902 5606 2116 5662 miserae

2300 5600 2364 5654 Ἦ
2405 5602 2544 5673 πύλη
2591 5604 2624 5673 ἡ
2663 5601 2756 5656 τοῦ
2779 5603 2936 5668 Θεοῦ,
2967 5603 3206 5667 εἰσόδους
3232 5602 3382 5667 θείας
3421 5599 3674 5664 ὑπόδειξον
3696 5596 3743 5664 τῇ

545 5684 742 5739 anima:
773 5703 928 5752 mem,
964 5705 1101 5758 quos
1133 5691 1408 5760 ingrediar
1443 5711 1565 5750 cum
1595 5697 1963 5764 confessione,
2001 5715 2116 5754 ma-

2219 5698 2450 5764 ταπεινῇ
2482 5712 2582 5764 μου
2607 5695 2778 5766 ψυχῇ,
2814 5696 2871 5746 ὲν
2901 5690 2988 5759 αἷς
3035 5695 3416 5766 εἰσελεύσομαι
3446 5688 3729 5764 ἐξομολογού

545 5773 834 5845 torumque
863 5777 1263 5837 absolutionem
1297 5785 1554 5856 recipiam
1578 5829 1594 5853 ,
1628 5803 1661 5842 ο
1696 5790 1952 5859 Dcipara.

2219 5805 2400 5859 μενος,
2430 5791 2521 5842 καὶ
2551 5788 2738 5843 κακῶν
2765 5789 2866 5857 τὴν
2895 5787 3070 5852 λύσιν,
3111 5789 3365 5855 Θεοτόκε,
3391 5784 3729 5855 ἀπολήψομαι.

621 5865 812 5922 Laudo
852 5877 922 5927 te.
967 5888 1000 5925 ο
1034 5883 1141 5928 tota
1174 5875 1480 5936 laudabilis.
1515 5889 1566 5934 et
1602 5881 1910 5945 uiaunitico,
1939 5901 1972 5937 0
2004 5883 2110 5938 Deo

2299 5882 2482 5951 ’Υμνῶ
2501 5898 2579 5945 σε,
2598 5879 2935 5952 πανύμνητε,
2957 5882 3046 5935 καὶ
3073 5881 3384 5954 μεγαλύνω,
3403 5875 3740 5949 θεοχαρίτωτε,
