3996 6596
560 445 696 513 1155

1684 448 1744 510 S.
1788 446 2103 507 JOSEPHI
2144 443 2700 505 HYMNOGRAPHI

3606 451 3717 519 1156

561 576 794 633 rumque
824 578 909 617 me
944 562 1169 619 reddere
1203 562 1417 634 satagit:
1447 568 1503 616 tu
1531 560 1675 616 enim
1708 560 1815 613 dux
1850 574 1910 614 es
1944 558 2142 613 infalli-

2253 557 2491 629 ἀπλανὴς
2520 558 2629 611 τῶν
2677 554 2772 610 ἐπὶ
2813 554 2895 609 σοὶ
2943 553 3280 610 πεποιθότων
3299 557 3540 630 ὑπάρχεις
3575 566 3724 638 ὁδηγία

568 655 695 708 bilis
721 665 885 723 atquc
906 655 1053 709 omni
1082 670 1266 709 errore
1284 669 1497 717 carens,
1516 668 1703 709 eorum
1729 652 1821 721 qui
1847 650 2130 705 conﬁdunt

562 747 616 800 in
653 756 724 809 te,
771 756 933 815 atque
990 746 1333 801 incessanter
1380 746 1617 800 clamant
1648 762 1663 798 :
1692 742 1906 813 Populi,
1942 757 2132 811 super-

561 837 794 892 exaltate
834 837 1146 891 Dominum.

631 927 674 981 Ο
709 928 867 997 Virgo
896 930 1066 982 amica
1100 928 1392 993 bonorum,
1415 929 1655 982 animam
1692 942 1866 982 meam
1896 924 2133 994 peccatis

562 1021 934 1088 malignatam,
960 1020 1161 1073 bonant
1192 1020 1363 1087 eﬁice,
1397 1031 1453 1075 et
1486 1022 1555 1076 ab
1585 1030 1786 1075 aeterna
1817 1018 2035 1073 ﬁamma
2072 1016 2136 1070 li-

563 1112 689 1164 hera
714 1126 801 1165 me
825 1112 1312 1166 intercessionibus
1340 1112 1470 1167 tuis.

2233 652 2343 705 τῶν
2404 649 2654 722 βοώντων
2709 647 3022 712 ἀπαύστως·
3065 647 3233 714 Δαδς,
3289 650 3594 722 ὑπερνψοῠτε
3629 660 3721 714 Κύ-

2240 761 2371 816 ριον.

2305 918 2578 988 Φιλάγαθε
2608 919 2877 989 Παρθένε,
2910 918 3009 990 τὴν
3038 918 3422 990 κεκακωμένην
3454 925 3559 985 ταῖς
3584 925 3726 996 ἁμαρ.

2234 1011 2379 1074 τίοιις
2403 1010 2582 1081 ψυχήν
2630 1028 2732 1082 μου
2781 1011 3073 1079 ἀγάθυνον,
3122 1010 3217 1062 καὶ
3248 1012 3454 1065 αἰωνίου
3490 1014 3658 1083 φλογός
3678 1036 3729 1087 με

2242 1102 2411 1174 ῥῦσαι
2451 1101 2770 1173 πρεσϐείαις
2800 1119 2915 1157 σου.

1267 1222 1420 1293 151
1483 1221 1569 1277 Ea:
1624 1222 1837 1278 Conone
1894 1221 1967 1283 in,
1999 1218 2059 1275 S.
2120 1215 2414 1272 Fantiuum
2464 1224 2625 1268 mort.
2660 1215 2743 1269 die
2770 1215 2839 1269 24
2873 1214 3051 1285 (65“).

631 1339 672 1390 0
698 1336 1038 1399 Caslissima,
1082 1350 1205 1407 qum
1239 1336 1413 1390 lucem
1458 1335 1697 1389 divinam
1733 1342 1897 1401 atque
1935 1331 2133 1386 imma-

562 1431 802 1483 culatam
841 1429 894 1481 in
940 1433 1118 1482 lucem
1168 1426 1414 1490 edidisti,
1466 1428 1740 1490 tenebras,
1793 1440 1914 1493 qua:
1957 1424 2010 1477 in
2046 1437 2134 1477 me

564 1528 715 1587 sunt,
751 1520 1000 1589 dispelle,
1049 1520 1231 1575 cordis
1273 1520 1376 1573 mei
1422 1519 1595 1574 nubes
1621 1518 1848 1588 dissipa,
1885 1515 2131 1571 illumina

566 1627 677 1678 me,
735 1623 887 1679 porta
951 1611 1192 1676 luminis,
1226 1611 1320 1680 qui
1380 1619 1431 1664 te
1484 1626 1609 1665 cum
1658 1610 1759 1664 ﬁde
1822 1607 2133 1679 magniﬁco,

566 1702 843 1772 Deumque
886 1702 1131 1773 gloritico
1171 1720 1184 1756 :
1212 1701 1447 1771 gloriose
1479 1701 1624 1755 enim
1657 1701 1997 1772 gloritieatus
2029 1710 2132 1753 est.

639 1792 751 1855 Ille,
812 1794 904 1861 qui
963 1792 1167 1862 duplici
1220 1793 1482 1862 praeditus
1544 1802 1739 1846 natura
1789 1792 2134 1862 intelligitur,

2238 1328 2604 1399 pessimorum
2647 1325 2983 1389 daemonum,
3010 1323 3103 1393 qui
3144 1338 3231 1379 me
3265 1323 3585 1390 conturbant,
3609 1338 3736 1382 vexa'

2242 1421 2416 1484 tione,
2444 1426 2499 1473 et
2533 1418 2602 1472 ab
2633 1418 2756 1488 igne
2786 1416 3050 1487 gehennae
3091 1415 3261 1471 libera
3301 1432 3405 1482 me,
3450 1416 3534 1487 qui
3564 1426 3607 1472 te
3642 1434 3737 1473 cum

2239 1510 2346 1564 fide
2373 1507 2648 1562 collaudo.
3574 1517 3581 1523 ·

2311 1597 2782 1668 Quemadmodum
2812 1613 2919 1652 non
2950 1595 3253 1652 combussit
3284 1595 3409 1651 olim
3445 1594 3571 1665 ignis
3594 1594 3738 1649 forna-

2241 1694 2323 1750 cis
2361 1690 2826 1763 prudentissimos
2866 1688 3280 1752 adolescentes;
3330 1686 3401 1741 ita
3447 1701 3538 1741 nec
3572 1688 3739 1741 vulvam

2244 1795 2418 1851 tuam,
2449 1781 2778 1853 Deigenitrix
2809 1777 2996 1849 Virgo,
3028 1777 3330 1834 combussit
3369 1792 3505 1832 nunc
3532 1778 3652 1847 ignis
3678 1779 3742 1832 Di-

569 1883 709 1937 Deus
745 1892 799 1936 et
845 1883 1040 1947 homo,
1096 1880 1392 1936 Paternum
1447 1884 1629 1937 sinum
1675 1883 1823 1937 nulla
1872 1898 1939 1937 ex
1979 1861 2139 1951 parte

2253 1872 2512 1935 vinitatis,
2545 1885 2667 1940 quae
2692 1870 2747 1923 in
2781 1883 2834 1923 te
2864 1876 3076 1921 naturae
3102 1866 3365 1922 terminos
3395 1868 3663 1920 innovavit.

567 1974 978 2044 derelinquens,
1023 1974 1077 2027 in
1120 1975 1398 2039 sinu.tuo,
1432 1988 1465 2028 ο
1511 1972 1676 2043 Virgo
1728 1974 2008 2037 inviolata,
2049 1989 2141 2026 re-

567 2065 707 2120 sedit
745 2064 1295 2135 circumscriptibilis,
1345 2079 1470 2118 cum
1516 2064 1585 2119 sit
1626 2064 2141 2134 incircumscriptus

568 2166 758 2226 suapte
783 2164 996 2208 natura.

640 2249 785 2302 Deus
839 2246 1080 2301 ccelestis
1145 2246 1287 2299 intra
1341 2245 1554 2300 viscera
1614 2254 1706 2299 tua
1779 2244 2070 2309 habitavit,
2106 2263 2138 2298 υ

568 2334 780 2399 Puella,
814 2345 978 2403 atque
1025 2335 1299 2388 hominem
1338 2334 1630 2397 deiﬁcavit,
1664 2344 1825 2403 teque
1853 2335 2144 2389 universo-

569 2441 691 2479 rum
719 2426 1083 2494 patrocinium
1116 2425 1539 2495 praesidiumque
1561 2425 1867 2479 constituit.

644 2516 873 2587 Legales
936 2517 1046 2587 typi
1102 2517 1525 2587 prmﬁgurabant
1575 2518 1897 2588 mysterium
1947 2532 2144 2574 conce-

572 2608 842 2674 ceptionis
875 2617 1000 2671 tute,
1035 2621 1267 2674 quorum
1304 2622 1407 2660 nos
1454 2607 1732 2661 intuentes
1783 2605 1990 2661 exitum
2024 2606 2143 2675 glo-

576 2696 854 2749 riﬁcamus
886 2706 956 2760 te,
999 2710 1032 2749 ο
1064 2694 1251 2765 Virgo,
1281 2712 1403 2764 qua:
1432 2695 1575 2751 facta
1599 2713 1658 2751 es
1683 2697 1929 2750 omnium
1976 2695 2147 2750 bono-

573 2800 694 2838 rum
720 2799 909 2848 causa,
944 2794 997 2838 et
1024 2800 1199 2853 genus
1226 2796 1473 2840 nostrum
1512 2787 1682 2855 gratia
1708 2786 2003 2854 replevisti.

646 2875 879 2946 Respice
922 2876 975 2931 in
1030 2892 1138 2941 me,
1174 2890 1208 2930 o
1253 2875 1365 2931 Deo
1413 2876 1728 2946 gratissima
1764 2875 1996 2945 Regina,
2032 2885 2087 2930 et
2116 2888 2147 2928 a

576 3031 665 3089 Ex
688 3030 900 3089 Conone
932 3034 985 3086 in
1014 3031 1149 3102 {esto
1172 3030 1273 3087 SS.
1311 3031 1604 3102 llermolai,
1634 3039 1683 3085 et
1706 3030 1969 3085 sociorum
2000 3044 2149 3082 mar-

1185 3114 1378 3173 tyrum,
1420 3103 1503 3155 die
1529 3101 1617 3153 27.

646 3216 832 3272 Redde
886 3217 1017 3271 mibi
1057 3216 1334 3271 Christum
1380 3216 1705 3285 propitium,
1737 3228 1769 3269 ο
1819 3212 1981 3282 Virgo
2030 3222 2145 3267 tota
2174 3194 2218 3252 ο

579 3311 699 3367 sine
733 3311 948 3364 macula
980 3309 1117 3380 ‘66),
1150 3309 1389 3363 liberans
1424 3323 1509 3361 me
1549 3308 1602 3361 in
1636 3306 1726 3361 die
1755 3304 1955 3360 Judieii
1986 3322 2015 3360 a
2040 3314 2149 3360 tre-

579 3406 778 3460 menda
813 3402 1186 3459 damnationis
1221 3400 1511 3455 sententia.

648 3496 846 3550 Libera
902 3511 1008 3557 me,
1058 3509 1091 3547 o
1152 3490 1680 3552 iminaculatissima,
1732 3504 1763 3543 a
1825 3488 2147 3559 gravissima

577 3595 903 3656 tempestate
929 3594 1305 3655 peccatorum,
1340 3591 1395 3636 et
1419 3582 1841 3651 cogitationum,
1873 3594 1994 3649 qua:
2022 3596 2150 3633 cru-

579 3685 775 3741 deliter
809 3681 1070 3736 invadunt
1107 3692 1204 3733 cor
1235 3691 1435 3730 meum.

651 3776 937 3845 Tanquam
973 3773 1204 3826 thronus
1240 3766 1568 3837 igniformis,
1604 3765 1897 3829 Dominum
1942 3764 2073 3829 fers,
2118 3778 2151 3817 ο

579 3870 763 3924 divina
804 3868 979 3937 gratia
1027 3860 1497 3923 cumulatissima;
1535 3875 1697 3929 quem
1753 3859 2045 3928 deprecare
2093 3864 2154 3910 ut

581 3962 764 4018 salvos
797 3960 960 4013 faciat
989 3973 1090 4012 nos
1118 3957 1169 4009 in
1195 3954 1403 4024 peccati
1438 3953 1556 4007 salo
1583 3951 1979 4022 periclitantes.

653 4053 930 4107 [labentes
977 4060 1049 4110 te,
1101 4063 1134 4102 ο
1187 4045 1371 4116 Virgo,
1420 4044 1807 4114 patrocinium,
1861 4041 2148 4111 refugium,

583 4148 909 4213 ﬁrmamque
937 4139 1334 4202 defensionem,
1366 4153 1462 4207 per
1503 4147 1554 4190 te
1585 4136 1880 4190 liberemur
1909 4133 1977 4187 ab
2002 4132 2153 4187 omni

584 4236 960 4291 tribulatione.

662 4330 985 4402 Tempestas
1035 4330 1427 4382 immensorum
1496 4334 1839 4393 peccatorum
1908 4336 2151 4375 meorum

584 4425 880 4479 conturbat
914 4437 1020 4485 me,
1054 4429 1108 4473 et
1136 4421 1187 4472 in
1225 4417 1554 4487 profundunt
1589 4414 1988 4483 desperationis
2010 4428 2156 4468 sem-

2312 1960 2503 2016 Morbo
2544 1960 2790 2024 aﬂ‘ectos,
2840 1967 3005 2029 atque
3050 1960 3116 2012 ad
3164 1966 3364 2012 terram
3409 1957 3741 2019 inclin‘atos,ct

2241 2065 2470 2127 peccato
2532 2055 2711 2125 palam
2760 2052 3087 2114 servientes,
3137 2051 3399 2105 Dominus
3440 2050 3742 2119 omnipotens.

2242 2164 2367 2205 cum
2425 2147 2785 2202 inbabitasset
2840 2154 3055 2198 uterum
3112 2152 3288 2206 tuum,
3340 2142 3591 2205 salvavit;
3640 2143 3747 2196 unde

2242 2250 2392 2290 nunc
2428 2235 2583 2289 ﬁrma
2620 2235 2722 2288 ﬁde
2761 2232 3001 2287 clamant
3029 2232 3096 2286 ad
3128 2246 3257 2286 eum
3287 2249 3301 2285 :
3341 2230 3518 2296 Pueri,
3553 2242 3643 2284 etc.

2315 2327 2643 2397 Corruptam
2685 2329 3079 2396 terrigenarum
3114 2326 3473 2381 substantiam
3523 2335 3656 2396 partu
3683 2336 3750 2379 tuo

2244 2419 2651 2491 incorruptibili
2682 2418 3090 2488 redintegrasti.
3117 2418 3477 2485 Quamobrem
3501 2416 3749 2472 voeifcror:

2245 2510 2575 2582 Redintegra
2633 2527 2721 2568 me
2772 2511 2866 2581 qui
2917 2519 3066 2566 totus
3098 2510 3561 2579 concupiscentiis
3609 2509 3750 2579 pravis

2246 2614 2542 2676 corruptus
2575 2621 2721 2669 sum,
2769 2605 2926 2676 152
2969 2612 3159 2674 utpote
3202 2602 3600 2673 benignissima,
3621 2609 3666 2654 et
3688 2616 3751 2654 se-

2246 2698 2411 2752 mitas
2460 2696 2759 2767 dirigentes
2805 2698 2873 2751 ad
2927 2692 3093 2751 vitam
3156 2696 3472 2750 demonstra
3522 2692 3666 2759 mihi;
3710 2700 3751 2745 ιιι

2246 2789 2391 2845 enim
2422 2804 2483 2844 es
2508 2788 2615 2843 dux
2648 2788 2921 2856 omnium,
2956 2788 3051 2859 qui
3084 2796 3386 2844 recurrunt
3431 2784 3495 2840 ad
3530 2794 3594 2850 te,
3624 2799 3651 2838 ο
3680 2798 3751 2853 pu-

2247 2896 2489 2937 l‘lSSlma.

2262 3038 2363 3094 Ἐκ
2401 3038 2507 3092 τοῦ
2539 3039 2808 3104 Κανόνος
2835 3039 2923 3104 εὶς
2960 3037 3069 3091 τὸν
3103 3037 3281 3107 ἅγιον
3304 3038 3574 3107 μάρτυρα,
3601 3034 3754 3105 Ἑρμό-

2458 3112 2613 3162 λαον
2635 3108 2733 3161 καὶ
2763 3108 2905 3174 τοὺς
2934 3108 3058 3161 σὺν
3084 3106 3268 3173 αὐτῷ,
3296 3106 3477 3178 ἡμέρᾳ
3504 3106 3593 3170 κζ’.

2320 3221 2509 3275 Ἴλεών
2534 3238 2645 3291 μοι,
2673 3221 2940 3291 Παρθένε,
2967 3220 3060 3275 τὸν
3096 3222 3339 3294 Χριστὸν
3370 3222 3753 3295 ἁπέργασαι,πα-

2252 3316 2504 3385 νάμωμε,
2565 3316 2622 3368 ὲν
2655 3316 2839 3387 ἡμέρα
2878 3316 2977 3386 τῆς
3024 3315 3181 3387 δίκης
3232 3316 3471 3386 φοϐερᾶς
3517 3314 3753 3381 καταδίκης

2254 3408 2564 3479 ἐξαίρουσα.

2338 3500 2528 3553 Ῥὖσαί
2579 3516 2668 3570 με,
2704 3499 3039 3570 πανάμωμε,
3070 3500 3363 3570 ἁμαρτιῶν
3406 3497 3571 3553 δεινοῦ
3598 3496 3754 3549 κλύδω-

2251 3610 2362 3657 νος,
2403 3591 2499 3645 καὶ
2545 3590 2833 3662 λογισμῶν
2873 3590 2983 3645 τῶν
3010 3589 3455 3660 ἐπεμϐαινόντων
3482 3586 3680 3657 ἀφειδῶς
3707 3585 3754 3650 τῇ

2251 3683 2452 3755 καρδίᾳ
2485 3701 2609 3753 μου.

2328 3776 2541 3845 Ὠσπερ
2591 3773 2777 3846 θρόνος
2802 3774 3148 3845 πυρίμορφος
3179 3772 3373 3845 φέρεις
3400 3772 3489 3824 τὸν
3516 3767 3755 3836 Δεσπότην,

2254 3868 2639 3939 θεοχαρίτωτε,
2691 3868 2750 3921 ὃν
2806 3866 3016 3921 ἱκέτευε
3063 3867 3309 3937 σωθῆναι
3361 3867 3503 3938 ἡμᾶς
3544 3862 3757 3934 ἁμαρτίας

2256 3960 2402 4029 σάλῳ
2432 3960 2867 4024 κινδυνεύοντας.

2324 4051 2392 4104 Σὲ
2421 4050 2777 4122 προστασίαν,
2808 4052 3155 4123 καταφυγὴν,
3198 4052 3298 4106 καὶ
3329 4050 3545 4123 βεϐαίαν
3581 4046 3757 4112 ἀντίλη-

2253 4142 2346 4213 ψιν
2369 4142 2719 4214 κεκτημένοι,
2739 4142 3001 4214 Παρθένε,
3021 4144 3246 4215 ρυσθείη
3258 4162 3381 4215 μεν,
3399 4143 3483 4197 διὰ
3500 4140 3603 4206 σοῦ,
3624 4137 3758 4205 πάσης

2259 4234 2513 4303 θλίψεως.

2331 4327 2551 4379 κλύδων
2576 4344 2643 4393 με
2662 4328 2771 4379 τῶν
2795 4328 3052 4398 ἀμέτρων
3072 4330 3439 4398 πταισμάτων
3463 4324 3757 4394 συνταράττει

2258 4418 2355 4471 καὶ
2398 4416 2545 4487 βυθῷ
2571 4417 2936 4488 παραπέμπει
2961 4419 3228 4489 διηνεκῶς
3253 4421 3623 4486 ἀπογνώσεως,
3644 4415 3756 4479 κὸρτγ

583 4534 681 4589 per
712 4518 900 4585 dejicit
942 4529 1047 4579 me,
1092 4527 1125 4566 ο
1169 4510 1354 4564 Puella
1388 4527 1401 4562 :
1436 4517 1489 4561 at
1524 4518 1578 4561 tu
1626 4506 1987 4576 praeveniens,
2024 4521 2147 4575 por-

2258 4510 2391 4564 ἀ).λὰ
2428 4510 2788 4580 προφθάσασα
2821 4512 2981 4581 χεῖρά
3032 4530 3120 4581 μοι
3169 4512 3382 4583 ὄρεξον,
3424 4513 3512 4565 καὶ
3540 4510 3662 4563 δίδον
3690 4521 3755 4573 μοι

585 4614 699 4682 rige
749 4609 879 4662 mihi
918 4622 1139 4660 manum
1196 4615 1368 4667 tuam,
1419 4610 1474 4655 ct
1511 4602 1579 4654 da
1616 4600 1773 4665 mihi,
1810 4608 1867 4652 ut
1907 4597 1962 4651 in
1998 4605 2150 4651 tran-

586 4702 759 4772 quillo
792 4698 1121 4769 prenitentite
1147 4704 1308 4765 portu
1340 4709 1565 4747 securus
1588 4691 1882 4761 ingrediar.

664 4794 829 4865 Virgo
854 4792 1001 4846 omni
1028 4791 1317 4844 sanctitate
1349 4786 1598 4856 praedita,
1626 4800 1745 4851 quia:
1773 4782 1942 4835 Deum
1966 4781 2145 4834 incar-

588 4898 772 4941 uatnm
821 4882 1105 4953 peperisti,
1140 4881 1209 4933 ab
1238 4878 1389 4932 omni
1435 4887 1682 4946 peccato,
1717 4882 1771 4927 et
1804 4872 2152 4926 tribulatione

587 4979 797 5032 salvum
833 4973 919 5027 fac
950 4975 1205 5042 populum
1240 4982 1390 5024 tuum
1430 4969 1757 5023 clamantem
1784 4981 1799 5020 :
1831 4962 2152 5018 Benedictus

586 5086 669 5132 es,
710 5067 852 5121 Deus
882 5065 1129 5119 Patrum.

658 5248 815 5318 (65”)
850 5244 1064 5299 Nemea:
1098 5256 1220 5318 non
1237 5240 1456 5318 habent.

660 5304 772 5387 ((36)
799 5304 1175 5387 'Conso_nut__S.
1195 5310 1467 5387 Amat-lctis
1490 5306 1896 5387 Lausannensis
1925 5304 2153 5387 antistes

589 5374 781 5443 boinil'.
811 5388 839 5439 7
886 5387 952 5439 de
984 5384 1041 5435 Β.
1077 5381 1143 5436 V.
1177 5384 1307 5434 dum
1345 5379 1609 5431 inducens
1653 5377 1926 5431 Christum
1995 5374 2153 5429 Matri

590 5475 703 5513 sua:
743 5460 794 5511 in
826 5458 1018 5510 cmlum
1053 5450 1308 5508 subeunti
1348 5448 1731 5518 gratulantetn.
1763 5446 1815 5499 in
1851 5446 1993 5499 hunc
2035 5460 2154 5498 mo-

590 5535 720 5583 dum
753 5530 940 5582 scribit
969 5542 984 5578 :
1019 5542 1037 5574 ι
1080 5523 1344 5576 Dominus
1374 5520 1636 5571 assistens
1667 5530 1899 5581 egressa:
1940 5518 2006 5568 de
2034 5532 2155 5570 cor-

627 5615 741 5661 ore,
783 5602 851 5652 ita
884 5595 1140 5665 praedicat
1184 5593 1371 5665 laudes
1413 5588 1531 5655 ejus
1556 5605 1583 5639 ιε
1622 5585 1765 5665 ,Τοξι
1815 5585 2041 5665 pulchra
2072 5601 2151 5664 es,

627 5617 741 5661 ore,
783 5617 851 5652 Ital
884 5617 1140 5665 pl'aitncul.
1184 5617 1371 5643 tauuca
1413 5617 1583 5655 ιςμιθι.
1642 5617 1765 5639 ιυιιι
1816 5617 2041 5653 νιιιωιια
2072 5617 2150 5649 ca,

594 5617 760 5722 glatcr
820 5684 961 5728 mea,
998 5672 1051 5717 et
1107 5662 1321 5716 macula
1368 5675 1474 5713 non
1503 5668 1587 5710 est
1619 5658 1693 5728 in
1715 5656 1811 5728 Te.
1845 5653 2006 5728 'l‘ota,
2035 5657 2150 5728 ait,

594 5740 817 5807 pulchra
848 5753 907 5807 es
936 5724 1207 5807 {pulchra
1231 5733 1284 5807 in
1314 5732 1574 5807 cOgitatu.
1609 5725 1828 5793 pulchra
1858 5724 2102 5807 lianCI‘DO
2136 5743 2150 5778 :

597 5795 820 5877 pulchra
847 5806 907 5877 in
936 5795 1082 5865 actu,
1122 5802 1347 5871 pulchra
1378 5795 1588 5877 abortu
1622 5810 1793 5877 usque
1820 5795 1886 5848 ad
1912 5795 2096 5848 ﬁnem.
2130 5814 2147 5845 ι

598 5867 688 5931 Sic
715 5878 821 5933 ille.
846 5875 949 5930 Uni
982 5867 1137 5929 ortus
1164 5886 1270 5925 non
1311 5870 1671 5931 nativitatem,
1703 5867 1796 5919 sed
1829 5874 2150 5935 conceptum

2260 4600 2396 4671 πρὸς
2438 4602 2708 4671 γαληνοὺς
2738 4602 3026 4672 μετανοίας
3049 4602 3276 4673 λιμένας
3309 4600 3633 4674 ὁρμίζεσθαι.

2327 4779 2575 4848 Παναγία
2592 4780 2857 4849 Παρθένε,
2876 4781 2907 4849 ἡ
2926 4778 3061 4832 Θεὸν
3082 4780 3425 4851 σαρκοφόρον
3442 4777 3760 4845 ἀποκυήσασα.

2259 4873 2323 4924 ὲκ
2363 4873 2543 4942 πάσης
2585 4873 2855 4943 ἁμαρτίας
2908 4874 2999 4925 καὶ
3030 4872 3261 4941 θλίψεως
3308 4874 3513 4943 βοῶντα
3563 4870 3640 4920 τὸν
3666 4866 3759 4916 λαόν

2264 4977 2359 5013 σου
2385 4963 2676 5031 περίσωζε’
2719 4963 2776 5014 'O
2803 4962 2911 5014 τῶν
2946 4964 3086 5039 [late
3098 4980 3205 5034 ρων
3226 4964 3387 5033 ἡμῶν
3412 4962 3560 5023 Θεὸς,
3586 4957 3763 5020 εὐλογη-

2260 5057 2350 5119 τὸς
2381 5051 2451 5110 εἷ.

2257 5236 2539 5305 passivum
2580 5247 2758 5301 sonat,
2799 5252 2838 5290 'a
2887 5253 2997 5306 quo
3032 5246 3180 5303 ortu,
3219 5239 3332 5293 sive
3386 5232 3762 5307 priticipio_VilI

2261 5303 2434 5378 iisque
2460 5307 2527 5360 ad
2580 5310 2740 5361 linem
2774 5309 2825 5360 in
2867 5303 3063 5372 morte,
3109 5310 3262 5364 beata
3304 5303 3472 5378 Virgo
3504 5303 3619 5369 tota,
3648 5303 3763 5371 ium

2258 5376 2877 5449 Amadgeum,rperpetuo
2929 5380 3095 5433 nituit
3139 5382 3349 5449 absque
3407 5376 3546 5432 omni
3592 5386 3764 5449 prorsus

2260 5447 2497 5500 macula.
2532 5441 2803 5516 Alioquin,
2838 5448 2883 5501 si
2936 5450 3210 5504 Ainadeus
3258 5441 3763 5517 'signilicareftoltlis'

2260 5526 2343 5593 set
2366 5526 2554 5593 ortum.
2577 5532 2643 5593 ex
2671 5513 2862 5593 utero,
2896 5513 3543 5593 nimirumnativitatem,
3582 5513 3766 5593 diminu-

2262 5588 2509 5641 tissimus
2540 5587 2757 5649 luisset.
2788 5591 2897 5642 imo
2926 5589 3125 5644 falsum
3155 5590 3403 5653 dixisset,
3441 5605 3556 5641 cum
3587 5584 3765 5647 Deipm

2260 5657 2422 5711 fuerit
2456 5659 2681 5727 pulchra
2708 5675 2801 5728 per
2836 5662 3066 5727 gratiam
3113 5670 3239 5714 ante
3268 5660 3596 5712 nativitatem
3628 5664 3763 5728 suam

2260 5739 2318 5779 ut
2341 5722 2533 5782 omnes
2567 5722 2895 5783 concedunt.
2944 5728 3079 5787 Vide
3127 5728 3500 5793 Nicremberg,
3533 5729 3581 5781 in
3619 5722 3764 5776 Sacro.

2258 5798 2458 5868 syllaba
2488 5798 2542 5864 5,
2567 5814 2688 5869 pag.
2722 5798 2849 5855 215.
3064 5786 3067 5787 ν
3450 5786 3470 5801 ⁸
