  <div class='ocr_page' id='page_1' title='image "/cluster/home/n/w/nwhite01/storage/ocr_20150623/105/hvd.32044013678347/588.png"; bbox 0 0 3996 6604; ppageno 0'>
   <div class='ocr_carea' id='block_1_1' title="bbox 177 436 314 502">
    <p class='ocr_par' dir='ltr' id='par_1_1' title="bbox 177 436 314 502">
     <span class='ocr_line' id='line_1_1' title="bbox 177 436 314 502; baseline 0.007 -1"><span class='ocrx_word' id='word_1_1' title='bbox 177 436 314 502; x_wconf 72' lang='grc' dir='ltr'>ιιεετ</span> 
     </span>
    </p>
   </div>
   <div class='ocr_carea' id='block_1_2' title="bbox 177 634 1748 709">
    <p class='ocr_par' dir='ltr' id='par_1_2' title="bbox 177 634 1748 709">
     <span class='ocr_line' id='line_1_2' title="bbox 177 634 1748 709; baseline -0.004 -17"><span class='ocrx_word' id='word_1_2' title='bbox 177 638 276 692; x_wconf 84' lang='grc' dir='ltr'>τοῦ</span> <span class='ocrx_word' id='word_1_3' title='bbox 334 637 749 709; x_wconf 78' lang='grc' dir='ltr'>παμϐασιλὲως,</span> <span class='ocrx_word' id='word_1_4' title='bbox 808 638 1051 703; x_wconf 85' lang='grc' dir='ltr'>παναγία</span> <span class='ocrx_word' id='word_1_5' title='bbox 1098 636 1385 700; x_wconf 79' lang='grc' dir='ltr'><strong>Δέσποινα,</strong></span> <span class='ocrx_word' id='word_1_6' title='bbox 1447 634 1748 705; x_wconf 84' lang='grc' dir='ltr'>ὑμνοῦμεν,</span> 
     </span>
    </p>
   </div>
   <div class='ocr_carea' id='block_1_3' title="bbox 181 723 1752 797">
    <p class='ocr_par' dir='ltr' id='par_1_3' title="bbox 181 723 1752 797">
     <span class='ocr_line' id='line_1_3' title="bbox 181 723 1752 797; baseline -0.003 -16"><span class='ocrx_word' id='word_1_7' title='bbox 181 728 453 797; x_wconf 84' lang='grc' dir='ltr'>δεόμενοι,</span> <span class='ocrx_word' id='word_1_8' title='bbox 487 726 649 788; x_wconf 82' lang='grc' dir='ltr'>ναοὺς</span> <span class='ocrx_word' id='word_1_9' title='bbox 682 726 846 796; x_wconf 20' lang='grc' dir='ltr'>,ἡμᾶς</span> <span class='ocrx_word' id='word_1_10' title='bbox 882 724 1159 789; x_wconf 82' lang='grc' dir='ltr'><strong>ἀνάδειξον</strong></span> <span class='ocrx_word' id='word_1_11' title='bbox 1182 724 1274 777; x_wconf 80' lang='grc' dir='ltr'><strong>τοῦ</strong></span> <span class='ocrx_word' id='word_1_12' title='bbox 1306 726 1369 777; x_wconf 81' lang='grc' dir='ltr'>ὲκ</span> <span class='ocrx_word' id='word_1_13' title='bbox 1405 723 1499 777; x_wconf 79' lang='grc' dir='ltr'>σοῦ</span> <span class='ocrx_word' id='word_1_14' title='bbox 1529 724 1752 795; x_wconf 78' lang='grc' dir='ltr'>τεχθέν-</span> 
     </span>
    </p>
   </div>
   <div class='ocr_carea' id='block_1_4' title="bbox 180 811 1753 885">
    <p class='ocr_par' dir='ltr' id='par_1_4' title="bbox 180 811 1753 885">
     <span class='ocr_line' id='line_1_4' title="bbox 180 811 1753 885; baseline -0.004 -17"><span class='ocrx_word' id='word_1_15' title='bbox 180 833 298 879; x_wconf 88' lang='grc' dir='ltr'>τος,</span> <span class='ocrx_word' id='word_1_16' title='bbox 357 813 807 885; x_wconf 86' lang='grc' dir='ltr'>καθαρεύσαντας</span> <span class='ocrx_word' id='word_1_17' title='bbox 856 812 1035 883; x_wconf 83' lang='grc' dir='ltr'>πάσης</span> <span class='ocrx_word' id='word_1_18' title='bbox 1079 811 1278 875; x_wconf 80' lang='grc' dir='ltr'><strong>κακίας</strong></span> <span class='ocrx_word' id='word_1_19' title='bbox 1328 811 1598 874; x_wconf 80' lang='grc' dir='ltr'>ἐναντίας,</span> <span class='ocrx_word' id='word_1_20' title='bbox 1659 811 1753 863; x_wconf 70' lang='grc' dir='ltr'>καὶ</span> 
     </span>
    </p>
   </div>
   <div class='ocr_carea' id='block_1_5' title="bbox 185 904 1752 978">
    <p class='ocr_par' dir='ltr' id='par_1_5' title="bbox 185 904 1752 978">
     <span class='ocr_line' id='line_1_5' title="bbox 185 904 1752 978; baseline -0.003 -17"><span class='ocrx_word' id='word_1_21' title='bbox 185 909 427 978; x_wconf 81' lang='grc' dir='ltr'><strong>βοῶντας</strong></span> <span class='ocrx_word' id='word_1_22' title='bbox 457 906 773 970; x_wconf 87' lang='grc' dir='ltr'>ἀπαύστως·</span> <span class='ocrx_word' id='word_1_23' title='bbox 816 905 981 970; x_wconf 88' lang='grc' dir='ltr'>Λαὸς,</span> <span class='ocrx_word' id='word_1_24' title='bbox 1013 904 1354 976; x_wconf 77' lang='grc' dir='ltr'>ὑπερυψοῦτε</span> <span class='ocrx_word' id='word_1_25' title='bbox 1397 904 1631 974; x_wconf 85' lang='grc' dir='ltr'>Χριστὸν</span> <span class='ocrx_word' id='word_1_26' title='bbox 1673 907 1752 967; x_wconf 86' lang='grc' dir='ltr'>εἱς</span> 
     </span>
    </p>
   </div>
   <div class='ocr_carea' id='block_1_6' title="bbox 179 998 568 1063">
    <p class='ocr_par' dir='ltr' id='par_1_6' title="bbox 179 998 568 1063">
     <span class='ocr_line' id='line_1_6' title="bbox 179 998 568 1063; baseline -0.008 -10"><span class='ocrx_word' id='word_1_27' title='bbox 179 1002 309 1063; x_wconf 79' lang='grc' dir='ltr'>τοὺς</span> <span class='ocrx_word' id='word_1_28' title='bbox 342 998 568 1061; x_wconf 82' lang='grc' dir='ltr'>αἰῶνας.</span> 
     </span>
    </p>
   </div>
   <div class='ocr_carea' id='block_1_7' title="bbox 256 1087 1751 1162">
    <p class='ocr_par' dir='ltr' id='par_1_7' title="bbox 256 1087 1751 1162">
     <span class='ocr_line' id='line_1_7' title="bbox 256 1087 1751 1162; baseline -0.003 -18"><span class='ocrx_word' id='word_1_29' title='bbox 256 1090 463 1144; x_wconf 77' lang='grc' dir='ltr'>Φεῖσαί</span> <span class='ocrx_word' id='word_1_30' title='bbox 502 1106 629 1161; x_wconf 85' lang='grc' dir='ltr'>μου,</span> <span class='ocrx_word' id='word_1_31' title='bbox 676 1089 883 1162; x_wconf 83' lang='grc' dir='ltr'>Σῶτερ,</span> <span class='ocrx_word' id='word_1_32' title='bbox 914 1090 943 1142; x_wconf 84' lang='grc' dir='ltr'><strong>δ</strong></span> <span class='ocrx_word' id='word_1_33' title='bbox 980 1087 1198 1159; x_wconf 80' lang='grc' dir='ltr'><strong>τεχθεὶς</strong></span> <span class='ocrx_word' id='word_1_34' title='bbox 1239 1091 1337 1143; x_wconf 75' lang='grc' dir='ltr'>καὶ</span> <span class='ocrx_word' id='word_1_35' title='bbox 1373 1087 1619 1157; x_wconf 78' lang='grc' dir='ltr'><strong>φυλάξας</strong></span> <span class='ocrx_word' id='word_1_36' title='bbox 1652 1087 1751 1154; x_wconf 79' lang='grc' dir='ltr'>τὴν</span> 
     </span>
    </p>
   </div>
   <div class='ocr_carea' id='block_1_8' title="bbox 182 1178 1753 1252">
    <p class='ocr_par' dir='ltr' id='par_1_8' title="bbox 182 1178 1753 1252">
     <span class='ocr_line' id='line_1_8' title="bbox 182 1178 1753 1252; baseline -0.003 -16"><span class='ocrx_word' id='word_1_37' title='bbox 182 1182 451 1237; x_wconf 85' lang='grc' dir='ltr'>τεκοῦσάν</span> <span class='ocrx_word' id='word_1_38' title='bbox 481 1199 541 1234; x_wconf 91' lang='grc' dir='ltr'><strong>σε</strong></span> <span class='ocrx_word' id='word_1_39' title='bbox 575 1180 814 1252; x_wconf 77' lang='grc' dir='ltr'>ἄφθορον</span> <span class='ocrx_word' id='word_1_40' title='bbox 848 1181 987 1251; x_wconf 87' lang='grc' dir='ltr'><strong>μετά</strong></span> <span class='ocrx_word' id='word_1_41' title='bbox 1016 1183 1115 1252; x_wconf 81' lang='grc' dir='ltr'>τὴν</span> <span class='ocrx_word' id='word_1_42' title='bbox 1147 1180 1343 1252; x_wconf 89' lang='grc' dir='ltr'>κύησιν</span> <span class='ocrx_word' id='word_1_43' title='bbox 1382 1182 1509 1233; x_wconf 86' lang='grc' dir='ltr'>ὅταν</span> <span class='ocrx_word' id='word_1_44' title='bbox 1525 1178 1753 1249; x_wconf 80' lang='grc' dir='ltr'><strong>καθίσῃς</strong></span> 
     </span>
    </p>
   </div>
   <div class='ocr_carea' id='block_1_9' title="bbox 186 1273 1753 1347">
    <p class='ocr_par' dir='ltr' id='par_1_9' title="bbox 186 1273 1753 1347">
     <span class='ocr_line' id='line_1_9' title="bbox 186 1273 1753 1347; baseline -0.003 -19"><span class='ocrx_word' id='word_1_45' title='bbox 186 1278 373 1347; x_wconf 87' lang='grc' dir='ltr'>κρῖναι</span> <span class='ocrx_word' id='word_1_46' title='bbox 402 1276 471 1328; x_wconf 84' lang='grc' dir='ltr'>τὰ</span> <span class='ocrx_word' id='word_1_47' title='bbox 496 1274 810 1345; x_wconf 87' lang='grc' dir='ltr'>σύμπαντα,</span> <span class='ocrx_word' id='word_1_48' title='bbox 837 1274 933 1337; x_wconf 84' lang='grc' dir='ltr'><strong>τὰς</strong></span> <span class='ocrx_word' id='word_1_49' title='bbox 972 1275 1202 1344; x_wconf 83' lang='grc' dir='ltr'>ἀνομίας</span> <span class='ocrx_word' id='word_1_50' title='bbox 1232 1273 1490 1343; x_wconf 83' lang='grc' dir='ltr'>παρορῶν</span> <span class='ocrx_word' id='word_1_51' title='bbox 1536 1273 1631 1325; x_wconf 78' lang='grc' dir='ltr'>καὶ</span> <span class='ocrx_word' id='word_1_52' title='bbox 1655 1287 1753 1333; x_wconf 79' lang='grc' dir='ltr'><strong>τας</strong></span> 
     </span>
    </p>
   </div>
   <div class='ocr_carea' id='block_1_10' title="bbox 186 1362 1752 1439">
    <p class='ocr_par' dir='ltr' id='par_1_10' title="bbox 186 1362 1752 1439">
     <span class='ocr_line' id='line_1_10' title="bbox 186 1362 1752 1439; baseline -0.004 -18"><span class='ocrx_word' id='word_1_53' title='bbox 186 1369 463 1439; x_wconf 86' lang='grc' dir='ltr'>ἁμαρτίας</span> <span class='ocrx_word' id='word_1_54' title='bbox 496 1383 622 1437; x_wconf 90' lang='grc' dir='ltr'>μου,</span> <span class='ocrx_word' id='word_1_55' title='bbox 660 1366 736 1431; x_wconf 83' lang='grc' dir='ltr'><strong>ὡς</strong></span> <span class='ocrx_word' id='word_1_56' title='bbox 764 1367 1149 1438; x_wconf 77' lang='grc' dir='ltr'><strong>ἀναμάρτητος</strong></span> <span class='ocrx_word' id='word_1_57' title='bbox 1193 1365 1469 1436; x_wconf 74' lang='grc' dir='ltr'>ἐλεήμων,</span> <span class='ocrx_word' id='word_1_58' title='bbox 1517 1363 1591 1427; x_wconf 83' lang='grc' dir='ltr'><strong>ὡς</strong></span> <span class='ocrx_word' id='word_1_59' title='bbox 1620 1362 1752 1425; x_wconf 84' lang='grc' dir='ltr'>Θεὸς</span> 
     </span>
    </p>
   </div>
   <div class='ocr_carea' id='block_1_11' title="bbox 188 1458 715 1530">
    <p class='ocr_par' dir='ltr' id='par_1_11' title="bbox 188 1458 715 1530">
     <span class='ocr_line' id='line_1_11' title="bbox 188 1458 715 1530; baseline 0.002 -18"><span class='ocrx_word' id='word_1_60' title='bbox 188 1460 286 1512; x_wconf 72' lang='grc' dir='ltr'>καὶ</span> <span class='ocrx_word' id='word_1_61' title='bbox 317 1458 715 1530; x_wconf 76' lang='grc' dir='ltr'>φιλάνθρωπος.</span> 
     </span>
    </p>
   </div>
   <div class='ocr_carea' id='block_1_12' title="bbox 199 1656 1752 1728">
    <p class='ocr_par' dir='ltr' id='par_1_12' title="bbox 199 1656 1752 1728">
     <span class='ocr_line' id='line_1_12' title="bbox 199 1656 1752 1728; baseline -0.005 -12"><span class='ocrx_word' id='word_1_62' title='bbox 199 1662 304 1716; x_wconf 78' lang='grc' dir='ltr'>Ἐκ</span> <span class='ocrx_word' id='word_1_63' title='bbox 351 1661 458 1716; x_wconf 82' lang='grc' dir='ltr'>τοῦ</span> <span class='ocrx_word' id='word_1_64' title='bbox 500 1661 768 1727; x_wconf 84' lang='grc' dir='ltr'>Κανόνος</span> <span class='ocrx_word' id='word_1_65' title='bbox 799 1663 885 1727; x_wconf 85' lang='grc' dir='ltr'>εις</span> <span class='ocrx_word' id='word_1_66' title='bbox 916 1661 1060 1725; x_wconf 80' lang='grc' dir='ltr'>τοὺς</span> <span class='ocrx_word' id='word_1_67' title='bbox 1106 1659 1314 1728; x_wconf 77' lang='grc' dir='ltr'>ἁγίους</span> <span class='ocrx_word' id='word_1_68' title='bbox 1368 1656 1752 1721; x_wconf 77' lang='grc' dir='ltr'><strong>ἀποστόλους</strong></span> 
     </span>
    </p>
   </div>
   <div class='ocr_carea' id='block_1_13' title="bbox 259 1728 1743 1800">
    <p class='ocr_par' dir='ltr' id='par_1_13' title="bbox 259 1728 1743 1800">
     <span class='ocr_line' id='line_1_13' title="bbox 259 1728 1743 1800; baseline -0.006 -15"><span class='ocrx_word' id='word_1_69' title='bbox 259 1736 596 1800; x_wconf 81' lang='grc' dir='ltr'>Πρόχωρον,</span> <span class='ocrx_word' id='word_1_70' title='bbox 629 1731 947 1799; x_wconf 48' lang='grc' dir='ltr'>Νικάνορα.</span> <span class='ocrx_word' id='word_1_71' title='bbox 988 1733 1235 1796; x_wconf 79' lang='grc' dir='ltr'><strong>Τίμωνα,</strong></span> <span class='ocrx_word' id='word_1_72' title='bbox 1264 1728 1363 1783; x_wconf 76' lang='grc' dir='ltr'>καὶ</span> <span class='ocrx_word' id='word_1_73' title='bbox 1393 1728 1743 1797; x_wconf 75' lang='grc' dir='ltr'>Παρμήναν,</span> 
     </span>
    </p>
   </div>
   <div class='ocr_carea' id='block_1_14' title="bbox 212 1800 584 1872">
    <p class='ocr_par' dir='ltr' id='par_1_14' title="bbox 212 1800 584 1872">
     <span class='ocr_line' id='line_1_14' title="bbox 212 1800 584 1872; baseline 0 -16"><span class='ocrx_word' id='word_1_74' title='bbox 212 1816 215 1825; x_wconf 81' lang='lat'><em>‘</em></span> <span class='ocrx_word' id='word_1_75' title='bbox 257 1802 449 1871; x_wconf 73' lang='grc' dir='ltr'>ἡμέρᾳ</span> <span class='ocrx_word' id='word_1_76' title='bbox 478 1800 584 1872; x_wconf 87' lang='grc' dir='ltr'>κη’.</span> 
     </span>
    </p>
   </div>
   <div class='ocr_carea' id='block_1_15' title="bbox 1632 429 1995 490">
    <p class='ocr_par' dir='ltr' id='par_1_15' title="bbox 1632 429 1995 490">
     <span class='ocr_line' id='line_1_15' title="bbox 1632 429 1995 490; baseline 0.003 -1"><span class='ocrx_word' id='word_1_77' title='bbox 1632 429 1995 490; x_wconf 84' lang='lat' dir='ltr'><strong>MARIALE.</strong></span> 
     </span>
    </p>
   </div>
   <div class='ocr_carea' id='block_1_16' title="bbox 251 541 1831 619">
    <p class='ocr_par' dir='ltr' id='par_1_16' title="bbox 251 541 1831 619">
     <span class='ocr_line' id='line_1_16' title="bbox 251 541 1831 619; baseline -0.003 -20"><span class='ocrx_word' id='word_1_78' title='bbox 251 547 318 599; x_wconf 75' lang='grc' dir='ltr'>Σὲ</span> <span class='ocrx_word' id='word_1_79' title='bbox 365 544 427 599; x_wconf 89' lang='grc' dir='ltr'><strong>τὸ</strong></span> <span class='ocrx_word' id='word_1_80' title='bbox 464 544 698 617; x_wconf 90' lang='grc' dir='ltr'>τερπνὸν</span> <span class='ocrx_word' id='word_1_81' title='bbox 724 542 984 599; x_wconf 85' lang='grc' dir='ltr'>παλάτιον</span> <span class='ocrx_word' id='word_1_82' title='bbox 1034 543 1131 598; x_wconf 81' lang='grc' dir='ltr'>καὶ</span> <span class='ocrx_word' id='word_1_83' title='bbox 1174 542 1399 613; x_wconf 83' lang='grc' dir='ltr'>φαιδρὸν</span> <span class='ocrx_word' id='word_1_84' title='bbox 1435 541 1757 613; x_wconf 77' lang='grc' dir='ltr'><strong>ἐνδιαίτημα</strong></span> <span class='ocrx_word' id='word_1_85' title='bbox 1785 564 1831 619; x_wconf 67' lang='grc' dir='ltr'>Α</span> 
     </span>
    </p>
   </div>
   <div class='ocr_carea' id='block_1_17' title="bbox 3289 434 3423 493">
    <p class='ocr_par' dir='ltr' id='par_1_17' title="bbox 3289 434 3423 493">
     <span class='ocr_line' id='line_1_17' title="bbox 3289 434 3423 493; baseline 0.015 -2"><span class='ocrx_word' id='word_1_86' title='bbox 3289 434 3423 493; x_wconf 63' lang='lat'><strong>1158</strong></span> 
     </span>
    </p>
   </div>
   <div class='ocr_carea' id='block_1_18' title="bbox 1931 538 3421 611">
    <p class='ocr_par' dir='ltr' id='par_1_18' title="bbox 1931 538 3421 611">
     <span class='ocr_line' id='line_1_18' title="bbox 1931 538 3421 611; baseline 0.005 -18"><span class='ocrx_word' id='word_1_87' title='bbox 1931 540 2008 594; x_wconf 81' lang='lat' dir='ltr'><strong>Te</strong></span> <span class='ocrx_word' id='word_1_88' title='bbox 2034 538 2340 610; x_wconf 85' lang='lat' dir='ltr'><strong>jucundum</strong></span> <span class='ocrx_word' id='word_1_89' title='bbox 2378 539 2667 609; x_wconf 78' lang='lat' dir='ltr'><strong>palatium,</strong></span> <span class='ocrx_word' id='word_1_90' title='bbox 2703 547 2758 595; x_wconf 91' lang='lat' dir='ltr'><strong>et</strong></span> <span class='ocrx_word' id='word_1_91' title='bbox 2805 540 3148 611; x_wconf 86' lang='lat' dir='ltr'><strong>splendidum</strong></span> <span class='ocrx_word' id='word_1_92' title='bbox 3192 543 3421 600; x_wconf 86' lang='lat' dir='ltr'><strong>domici-</strong></span> 
     </span>
    </p>
   </div>
   <div class='ocr_carea' id='block_1_19' title="bbox 1860 633 3421 703">
    <p class='ocr_par' dir='ltr' id='par_1_19' title="bbox 1860 633 3421 703">
     <span class='ocr_line' id='line_1_19' title="bbox 1860 633 3421 703; baseline 0.004 -16"><span class='ocrx_word' id='word_1_93' title='bbox 1860 635 1991 687; x_wconf 88' lang='lat' dir='ltr'><strong>limn</strong></span> <span class='ocrx_word' id='word_1_94' title='bbox 2016 636 2259 686; x_wconf 89' lang='lat' dir='ltr'><strong>omnium</strong></span> <span class='ocrx_word' id='word_1_95' title='bbox 2292 633 2472 703; x_wconf 73' lang='lat' dir='ltr'><strong>Ilegis,</strong></span> <span class='ocrx_word' id='word_1_96' title='bbox 2506 651 2539 687; x_wconf 93' lang='grc' dir='ltr'><strong>ο</strong></span> <span class='ocrx_word' id='word_1_97' title='bbox 2571 634 2916 689; x_wconf 90' lang='lat' dir='ltr'><strong>sanctissima</strong></span> <span class='ocrx_word' id='word_1_98' title='bbox 2948 636 3201 703; x_wconf 86' lang='lat' dir='ltr'><strong>Domina,</strong></span> <span class='ocrx_word' id='word_1_99' title='bbox 3235 639 3421 693; x_wconf 86' lang='lat' dir='ltr'><strong>lauda-</strong></span> 
     </span>
    </p>
   </div>
   <div class='ocr_carea' id='block_1_20' title="bbox 1855 725 3422 798">
    <p class='ocr_par' dir='ltr' id='par_1_20' title="bbox 1855 725 3422 798">
     <span class='ocr_line' id='line_1_20' title="bbox 1855 725 3422 798; baseline 0.005 -21"><span class='ocrx_word' id='word_1_100' title='bbox 1855 740 1996 787; x_wconf 89' lang='lat' dir='ltr'><strong>mus,</strong></span> <span class='ocrx_word' id='word_1_101' title='bbox 2039 725 2412 787; x_wconf 79' lang='lat' dir='ltr'><strong>obsecrantes,</strong></span> <span class='ocrx_word' id='word_1_102' title='bbox 2449 734 2508 778; x_wconf 92' lang='lat' dir='ltr'><strong>ut</strong></span> <span class='ocrx_word' id='word_1_103' title='bbox 2539 725 2741 779; x_wconf 82' lang='lat' dir='ltr'><strong>eilicias</strong></span> <span class='ocrx_word' id='word_1_104' title='bbox 2777 741 2875 781; x_wconf 90' lang='lat' dir='ltr'><strong>nos</strong></span> <span class='ocrx_word' id='word_1_105' title='bbox 2918 730 3118 798; x_wconf 88' lang='lat' dir='ltr'><strong>templa</strong></span> <span class='ocrx_word' id='word_1_106' title='bbox 3153 729 3279 785; x_wconf 83' lang='lat' dir='ltr'><strong>Fi&#39;ii</strong></span> <span class='ocrx_word' id='word_1_107' title='bbox 3320 731 3422 796; x_wconf 87' lang='lat' dir='ltr'><strong>lui,</strong></span> 
     </span>
    </p>
   </div>
   <div class='ocr_carea' id='block_1_21' title="bbox 1857 811 3422 883">
    <p class='ocr_par' dir='ltr' id='par_1_21' title="bbox 1857 811 3422 883">
     <span class='ocr_line' id='line_1_21' title="bbox 1857 811 3422 883; baseline 0.006 -20"><span class='ocrx_word' id='word_1_108' title='bbox 1857 821 2117 881; x_wconf 84' lang='lat' dir='ltr'><strong>purgatos</strong></span> <span class='ocrx_word' id='word_1_109' title='bbox 2147 811 2216 865; x_wconf 91' lang='lat' dir='ltr'><strong>ab</strong></span> <span class='ocrx_word' id='word_1_110' title='bbox 2243 813 2391 865; x_wconf 88' lang='lat' dir='ltr'><strong>omni</strong></span> <span class='ocrx_word' id='word_1_111' title='bbox 2421 817 2743 869; x_wconf 78' lang='lat' dir='ltr'><strong>adversante</strong></span> <span class='ocrx_word' id='word_1_112' title='bbox 2776 818 3003 883; x_wconf 89' lang='lat' dir='ltr'><strong>malitia,</strong></span> <span class='ocrx_word' id='word_1_113' title='bbox 3032 828 3083 872; x_wconf 89' lang='lat' dir='ltr'><strong>et</strong></span> <span class='ocrx_word' id='word_1_114' title='bbox 3114 819 3422 875; x_wconf 83' lang='lat' dir='ltr'><strong>incessabili</strong></span> 
     </span>
    </p>
   </div>
   <div class='ocr_carea' id='block_1_22' title="bbox 1854 903 3421 977">
    <p class='ocr_par' dir='ltr' id='par_1_22' title="bbox 1854 903 3421 977">
     <span class='ocr_line' id='line_1_22' title="bbox 1854 903 3421 977; baseline 0.006 -21"><span class='ocrx_word' id='word_1_115' title='bbox 1854 918 1986 957; x_wconf 88' lang='lat' dir='ltr'><strong>voce</strong></span> <span class='ocrx_word' id='word_1_116' title='bbox 2014 904 2312 959; x_wconf 87' lang='lat' dir='ltr'><strong>clamantes</strong></span> <span class='ocrx_word' id='word_1_117' title='bbox 2347 922 2360 957; x_wconf 88' lang='lat'><strong><em>:</em></strong></span> <span class='ocrx_word' id='word_1_118' title='bbox 2398 903 2610 973; x_wconf 83' lang='lat' dir='ltr'><strong>Populi,</strong></span> <span class='ocrx_word' id='word_1_119' title='bbox 2636 909 3039 977; x_wconf 79' lang='lat' dir='ltr'><strong>superexaltate</strong></span> <span class='ocrx_word' id='word_1_120' title='bbox 3055 910 3331 967; x_wconf 83' lang='lat' dir='ltr'><strong>Christum</strong></span> <span class='ocrx_word' id='word_1_121' title='bbox 3367 913 3421 965; x_wconf 92' lang='lat' dir='ltr'><strong>in</strong></span> 
     </span>
    </p>
   </div>
   <div class='ocr_carea' id='block_1_23' title="bbox 1853 995 2072 1050">
    <p class='ocr_par' dir='ltr' id='par_1_23' title="bbox 1853 995 2072 1050">
     <span class='ocr_line' id='line_1_23' title="bbox 1853 995 2072 1050; baseline -0.009 0"><span class='ocrx_word' id='word_1_122' title='bbox 1853 995 2072 1050; x_wconf 67' lang='lat' dir='ltr'><strong>saecula.</strong></span> 
     </span>
    </p>
   </div>
   <div class='ocr_carea' id='block_1_24' title="bbox 1924 1085 3426 1161">
    <p class='ocr_par' dir='ltr' id='par_1_24' title="bbox 1924 1085 3426 1161">
     <span class='ocr_line' id='line_1_24' title="bbox 1924 1085 3426 1161; baseline 0.006 -21"><span class='ocrx_word' id='word_1_123' title='bbox 1924 1085 2095 1141; x_wconf 83' lang='lat' dir='ltr'><strong>Parce</strong></span> <span class='ocrx_word' id='word_1_124' title='bbox 2141 1087 2298 1153; x_wconf 90' lang='lat' dir='ltr'><strong>mihi,</strong></span> <span class='ocrx_word' id='word_1_125' title='bbox 2334 1087 2586 1145; x_wconf 85' lang='lat' dir='ltr'><strong>Salvator</strong></span> <span class='ocrx_word' id='word_1_126' title='bbox 2619 1091 2733 1161; x_wconf 86' lang='lat' dir='ltr'><strong>(qui</strong></span> <span class='ocrx_word' id='word_1_127' title='bbox 2767 1104 2948 1157; x_wconf 89' lang='lat' dir='ltr'><strong>natus,</strong></span> <span class='ocrx_word' id='word_1_128' title='bbox 2992 1095 3222 1149; x_wconf 82' lang='lat' dir='ltr'><strong>servasti</strong></span> <span class='ocrx_word' id='word_1_129' title='bbox 3261 1094 3426 1149; x_wconf 61' lang='lat' dir='ltr'><strong>Geni-</strong></span> 
     </span>
    </p>
   </div>
   <div class='ocr_carea' id='block_1_25' title="bbox 1853 1179 3422 1256">
    <p class='ocr_par' dir='ltr' id='par_1_25' title="bbox 1853 1179 3422 1256">
     <span class='ocr_line' id='line_1_25' title="bbox 1853 1179 3422 1256; baseline 0.006 -24"><span class='ocrx_word' id='word_1_130' title='bbox 1853 1179 2042 1233; x_wconf 80' lang='lat' dir='ltr'><strong>tricem</strong></span> <span class='ocrx_word' id='word_1_131' title='bbox 2071 1188 2217 1234; x_wconf 90' lang='lat' dir='ltr'><strong>tuam</strong></span> <span class='ocrx_word' id='word_1_132' title='bbox 2253 1181 2622 1251; x_wconf 85' lang='lat' dir='ltr'><strong>incorruptam</strong></span> <span class='ocrx_word' id='word_1_133' title='bbox 2658 1195 2779 1253; x_wconf 85' lang='lat' dir='ltr'><strong>post</strong></span> <span class='ocrx_word' id='word_1_134' title='bbox 2806 1185 3064 1255; x_wconf 90' lang='lat' dir='ltr'><strong>partum),</strong></span> <span class='ocrx_word' id='word_1_135' title='bbox 3098 1188 3316 1256; x_wconf 89' lang='lat' dir='ltr'><strong>quando</strong></span> <span class='ocrx_word' id='word_1_136' title='bbox 3333 1203 3422 1242; x_wconf 82' lang='lat' dir='ltr'><strong>se-</strong></span> 
     </span>
    </p>
   </div>
   <div class='ocr_carea' id='block_1_26' title="bbox 1853 1273 3426 1348">
    <p class='ocr_par' dir='ltr' id='par_1_26' title="bbox 1853 1273 3426 1348">
     <span class='ocr_line' id='line_1_26' title="bbox 1853 1273 3426 1348; baseline 0.003 -21"><span class='ocrx_word' id='word_1_137' title='bbox 1853 1273 2006 1329; x_wconf 91' lang='lat' dir='ltr'><strong>debis</strong></span> <span class='ocrx_word' id='word_1_138' title='bbox 2042 1274 2391 1343; x_wconf 76' lang='lat' dir='ltr'><strong>iudicaturus</strong></span> <span class='ocrx_word' id='word_1_139' title='bbox 2436 1275 2592 1344; x_wconf 80' lang='lat'><strong>153</strong></span> <span class='ocrx_word' id='word_1_140' title='bbox 2640 1277 2927 1343; x_wconf 82' lang='lat' dir='ltr'><strong>universa;</strong></span> <span class='ocrx_word' id='word_1_141' title='bbox 2962 1293 3067 1331; x_wconf 91' lang='lat' dir='ltr'><strong>non</strong></span> <span class='ocrx_word' id='word_1_142' title='bbox 3124 1279 3426 1348; x_wconf 88' lang='lat' dir='ltr'><strong>respiciens</strong></span> 
     </span>
    </p>
   </div>
   <div class='ocr_carea' id='block_1_27' title="bbox 1855 1367 3427 1439">
    <p class='ocr_par' dir='ltr' id='par_1_27' title="bbox 1855 1367 3427 1439">
     <span class='ocr_line' id='line_1_27' title="bbox 1855 1367 3427 1439; baseline 0.001 -18"><span class='ocrx_word' id='word_1_143' title='bbox 1855 1367 2168 1435; x_wconf 79' lang='lat' dir='ltr'><strong>iniquitates</strong></span> <span class='ocrx_word' id='word_1_144' title='bbox 2203 1382 2373 1431; x_wconf 82' lang='lat' dir='ltr'><strong>meas,</strong></span> <span class='ocrx_word' id='word_1_145' title='bbox 2404 1376 2458 1420; x_wconf 93' lang='lat' dir='ltr'><strong>et</strong></span> <span class='ocrx_word' id='word_1_146' title='bbox 2488 1377 2713 1437; x_wconf 69' lang='lat' dir='ltr'><strong>peccata</strong></span> <span class='ocrx_word' id='word_1_147' title='bbox 2757 1383 2898 1432; x_wconf 89' lang='lat' dir='ltr'><strong>mea,</strong></span> <span class='ocrx_word' id='word_1_148' title='bbox 2932 1378 3189 1438; x_wconf 85' lang='lat' dir='ltr'><strong>tanquam</strong></span> <span class='ocrx_word' id='word_1_149' title='bbox 3224 1370 3427 1439; x_wconf 86' lang='lat' dir='ltr'><strong>impec-</strong></span> 
     </span>
    </p>
   </div>
   <div class='ocr_carea' id='block_1_28' title="bbox 1853 1459 3426 1530">
    <p class='ocr_par' dir='ltr' id='par_1_28' title="bbox 1853 1459 3426 1530">
     <span class='ocr_line' id='line_1_28' title="bbox 1853 1459 3426 1530; baseline 0.001 -17"><span class='ocrx_word' id='word_1_150' title='bbox 1853 1460 2068 1523; x_wconf 89' lang='lat' dir='ltr'><strong>cabilis,</strong></span> <span class='ocrx_word' id='word_1_151' title='bbox 2113 1469 2169 1514; x_wconf 89' lang='lat' dir='ltr'><strong>et</strong></span> <span class='ocrx_word' id='word_1_152' title='bbox 2219 1460 2571 1525; x_wconf 85' lang='lat' dir='ltr'><strong>misericors;</strong></span> <span class='ocrx_word' id='word_1_153' title='bbox 2611 1470 2872 1530; x_wconf 88' lang='lat' dir='ltr'><strong>tauquam</strong></span> <span class='ocrx_word' id='word_1_154' title='bbox 2922 1459 3087 1527; x_wconf 85' lang='lat' dir='ltr'><strong>Deus,</strong></span> <span class='ocrx_word' id='word_1_155' title='bbox 3127 1475 3181 1515; x_wconf 89' lang='lat' dir='ltr'><strong>et</strong></span> <span class='ocrx_word' id='word_1_156' title='bbox 3212 1471 3426 1515; x_wconf 81' lang='lat' dir='ltr'><strong>amatur</strong></span> 
     </span>
    </p>
   </div>
   <div class='ocr_carea' id='block_1_29' title="bbox 1855 1552 2137 1607">
    <p class='ocr_par' dir='ltr' id='par_1_29' title="bbox 1855 1552 2137 1607">
     <span class='ocr_line' id='line_1_29' title="bbox 1855 1552 2137 1607; baseline 0.007 -2"><span class='ocrx_word' id='word_1_157' title='bbox 1855 1552 2137 1607; x_wconf 87' lang='lat' dir='ltr'><strong>hominum</strong></span> 
     </span>
    </p>
   </div>
   <div class='ocr_carea' id='block_1_30' title="bbox 1857 1661 3425 1733">
    <p class='ocr_par' dir='ltr' id='par_1_30' title="bbox 1857 1661 3425 1733">
     <span class='ocr_line' id='line_1_30' title="bbox 1857 1661 3425 1733; baseline 0.002 -18"><span class='ocrx_word' id='word_1_158' title='bbox 1857 1662 1941 1715; x_wconf 78' lang='lat' dir='ltr'><strong>Ea:</strong></span> <span class='ocrx_word' id='word_1_159' title='bbox 1974 1662 2184 1717; x_wconf 82' lang='lat' dir='ltr'><strong>Conone</strong></span> <span class='ocrx_word' id='word_1_160' title='bbox 2217 1665 2267 1715; x_wconf 84' lang='lat' dir='ltr'><strong>in</strong></span> <span class='ocrx_word' id='word_1_161' title='bbox 2300 1664 2431 1732; x_wconf 75' lang='lat' dir='ltr'><strong>[esto</strong></span> <span class='ocrx_word' id='word_1_162' title='bbox 2474 1661 2573 1718; x_wconf 90' lang='lat' dir='ltr'><strong>SS.</strong></span> <span class='ocrx_word' id='word_1_163' title='bbox 2608 1664 2971 1733; x_wconf 86' lang='lat' dir='ltr'><strong>apostolorum</strong></span> <span class='ocrx_word' id='word_1_164' title='bbox 3006 1666 3286 1731; x_wconf 81' lang='lat' dir='ltr'><strong>Prochori,</strong></span> <span class='ocrx_word' id='word_1_165' title='bbox 3329 1664 3425 1718; x_wconf 83' lang='lat' dir='ltr'><strong>Ni-</strong></span> 
     </span>
    </p>
   </div>
   <div class='ocr_carea' id='block_1_31' title="bbox 2028 1734 3245 1801">
    <p class='ocr_par' dir='ltr' id='par_1_31' title="bbox 2028 1734 3245 1801">
     <span class='ocr_line' id='line_1_31' title="bbox 2028 1734 3245 1801; baseline 0.002 -16"><span class='ocrx_word' id='word_1_166' title='bbox 2028 1735 2259 1799; x_wconf 79' lang='lat' dir='ltr'><strong>canoris,</strong></span> <span class='ocrx_word' id='word_1_167' title='bbox 2303 1734 2559 1800; x_wconf 77' lang='lat' dir='ltr'><strong>Timonis,</strong></span> <span class='ocrx_word' id='word_1_168' title='bbox 2601 1744 2650 1787; x_wconf 84' lang='lat' dir='ltr'><strong>et</strong></span> <span class='ocrx_word' id='word_1_169' title='bbox 2691 1734 2990 1801; x_wconf 78' lang='lat' dir='ltr'><strong>Parmeuw,</strong></span> <span class='ocrx_word' id='word_1_170' title='bbox 3032 1737 3116 1788; x_wconf 83' lang='lat' dir='ltr'><strong>die</strong></span> <span class='ocrx_word' id='word_1_171' title='bbox 3156 1736 3245 1790; x_wconf 72' lang='lat'><strong>‘28.</strong></span> 
     </span>
    </p>
   </div>
   <div class='ocr_carea' id='block_1_32' title="bbox 260 1900 1761 1987">
    <p class='ocr_par' dir='ltr' id='par_1_32' title="bbox 260 1913 1755 1987">
     <span class='ocr_line' id='line_1_32' title="bbox 260 1913 1755 1987; baseline -0.002 -19"><span class='ocrx_word' id='word_1_172' title='bbox 260 1917 490 1987; x_wconf 88' lang='grc' dir='ltr'>Πορεῖαι</span> <span class='ocrx_word' id='word_1_173' title='bbox 523 1918 577 1971; x_wconf 88' lang='grc' dir='ltr'><strong>αί</strong></span> <span class='ocrx_word' id='word_1_174' title='bbox 603 1916 694 1970; x_wconf 79' lang='grc' dir='ltr'>τοῦ</span> <span class='ocrx_word' id='word_1_175' title='bbox 723 1916 881 1981; x_wconf 84' lang='grc' dir='ltr'><strong>Θεοῦ,</strong></span> <span class='ocrx_word' id='word_1_176' title='bbox 907 1916 1238 1986; x_wconf 86' lang='grc' dir='ltr'>πανάμωμε,</span> <span class='ocrx_word' id='word_1_177' title='bbox 1279 1917 1335 1968; x_wconf 83' lang='grc' dir='ltr'>ὲν</span> <span class='ocrx_word' id='word_1_178' title='bbox 1375 1915 1456 1968; x_wconf 80' lang='lat' dir='ltr'><strong>col.</strong></span> <span class='ocrx_word' id='word_1_179' title='bbox 1481 1913 1755 1983; x_wconf 71' lang='grc' dir='ltr'>ἐγνώσθη-</span> 
     </span>
    </p>
   </div>
   <div class='ocr_carea' id='block_1_33' title="bbox 1866 1900 3425 1987">
    <p class='ocr_par' dir='ltr' id='par_1_33' title="bbox 1928 1900 3425 1977">
     <span class='ocr_line' id='line_1_33' title="bbox 1928 1900 3425 1977; baseline 0.001 -17"><span class='ocrx_word' id='word_1_180' title='bbox 1928 1908 2126 1961; x_wconf 85' lang='lat' dir='ltr'><strong>Itinera</strong></span> <span class='ocrx_word' id='word_1_181' title='bbox 2161 1907 2255 1962; x_wconf 87' lang='lat' dir='ltr'><strong>Dei</strong></span> <span class='ocrx_word' id='word_1_182' title='bbox 2289 1907 2429 1963; x_wconf 82' lang='lat' dir='ltr'><strong>facta</strong></span> <span class='ocrx_word' id='word_1_183' title='bbox 2466 1908 2518 1962; x_wconf 93' lang='lat' dir='ltr'><strong>in</strong></span> <span class='ocrx_word' id='word_1_184' title='bbox 2547 1918 2597 1963; x_wconf 90' lang='lat' dir='ltr'><strong>te</strong></span> <span class='ocrx_word' id='word_1_185' title='bbox 2624 1909 2840 1977; x_wconf 87' lang='lat' dir='ltr'><strong>cognita</strong></span> <span class='ocrx_word' id='word_1_186' title='bbox 2868 1918 3015 1973; x_wconf 92' lang='lat' dir='ltr'><strong>sunt,</strong></span> <span class='ocrx_word' id='word_1_187' title='bbox 3042 1900 3075 1961; x_wconf 87' lang='grc' dir='ltr'><strong>ο</strong></span> <span class='ocrx_word' id='word_1_188' title='bbox 3104 1909 3425 1963; x_wconf 83' lang='lat' dir='ltr'><strong>immacula-</strong></span> 
     </span>
    </p>
   </div>
   <div class='ocr_carea' id='block_1_34' title="bbox 186 2004 1749 2078">
    <p class='ocr_par' dir='ltr' id='par_1_34' title="bbox 186 2004 1749 2078">
     <span class='ocr_line' id='line_1_34' title="bbox 186 2004 1749 2078; baseline -0.002 -19"><span class='ocrx_word' id='word_1_189' title='bbox 186 2024 288 2060; x_wconf 92' lang='grc' dir='ltr'><strong>σαν</strong></span> <span class='ocrx_word' id='word_1_190' title='bbox 320 2007 687 2077; x_wconf 72' lang='grc' dir='ltr'><strong>γεγενημέναι</strong></span> <span class='ocrx_word' id='word_1_191' title='bbox 722 2007 854 2078; x_wconf 84' lang='grc' dir='ltr'>ξένῳ</span> <span class='ocrx_word' id='word_1_192' title='bbox 886 2007 1090 2078; x_wconf 85' lang='grc' dir='ltr'>τοκετῷ</span> <span class='ocrx_word' id='word_1_193' title='bbox 1111 2007 1424 2076; x_wconf 85' lang='grc' dir='ltr'>ἀσυγκρίτῳ</span> <span class='ocrx_word' id='word_1_194' title='bbox 1445 2023 1502 2058; x_wconf 89' lang='grc' dir='ltr'><strong>τε</strong></span> <span class='ocrx_word' id='word_1_195' title='bbox 1535 2004 1749 2058; x_wconf 76' lang='grc' dir='ltr'>ὲνώσειο</span> 
     </span>
    </p>
   </div>
   <div class='ocr_carea' id='block_1_35' title="bbox 182 2096 1751 2168">
    <p class='ocr_par' dir='ltr' id='par_1_35' title="bbox 182 2096 1751 2168">
     <span class='ocr_line' id='line_1_35' title="bbox 182 2096 1751 2168; baseline 0.001 -20"><span class='ocrx_word' id='word_1_196' title='bbox 182 2096 307 2150; x_wconf 77' lang='grc' dir='ltr'>ὅθεν</span> <span class='ocrx_word' id='word_1_197' title='bbox 340 2098 417 2161; x_wconf 82' lang='grc' dir='ltr'>ὠς</span> <span class='ocrx_word' id='word_1_198' title='bbox 442 2103 658 2152; x_wconf 82' lang='grc' dir='ltr'>πάντων</span> <span class='ocrx_word' id='word_1_199' title='bbox 690 2099 980 2153; x_wconf 77' lang='grc' dir='ltr'>δέσποιναν</span> <span class='ocrx_word' id='word_1_200' title='bbox 1022 2100 1128 2153; x_wconf 90' lang='grc' dir='ltr'><strong>τῶν</strong></span> <span class='ocrx_word' id='word_1_201' title='bbox 1162 2098 1485 2168; x_wconf 78' lang='grc' dir='ltr'>ποιημάτων</span> <span class='ocrx_word' id='word_1_202' title='bbox 1512 2113 1571 2150; x_wconf 90' lang='grc' dir='ltr'>σε</span> <span class='ocrx_word' id='word_1_203' title='bbox 1596 2098 1751 2160; x_wconf 87' lang='grc' dir='ltr'>δοξά-</span> 
     </span>
    </p>
   </div>
   <div class='ocr_carea' id='block_1_36' title="bbox 183 2189 376 2258">
    <p class='ocr_par' dir='ltr' id='par_1_36' title="bbox 183 2189 376 2258">
     <span class='ocr_line' id='line_1_36' title="bbox 183 2189 376 2258; baseline 0.005 -17"><span class='ocrx_word' id='word_1_204' title='bbox 183 2189 376 2258; x_wconf 77' lang='grc' dir='ltr'>ζομεν.</span> 
     </span>
    </p>
   </div>
   <div class='ocr_carea' id='block_1_37' title="bbox 257 2279 1753 2353">
    <p class='ocr_par' dir='ltr' id='par_1_37' title="bbox 257 2279 1753 2353">
     <span class='ocr_line' id='line_1_37' title="bbox 257 2279 1753 2353; baseline -0.001 -20"><span class='ocrx_word' id='word_1_205' title='bbox 257 2281 601 2346; x_wconf 73' lang='grc' dir='ltr'>Σταλάζοντα</span> <span class='ocrx_word' id='word_1_206' title='bbox 645 2282 957 2353; x_wconf 86' lang='grc' dir='ltr'>γλυκασμὸν</span> <span class='ocrx_word' id='word_1_207' title='bbox 1010 2282 1105 2336; x_wconf 76' lang='grc' dir='ltr'><strong>καὶ</strong></span> <span class='ocrx_word' id='word_1_208' title='bbox 1152 2280 1533 2351; x_wconf 82' lang='grc' dir='ltr'>ἀπολύτρωσιν</span> <span class='ocrx_word' id='word_1_209' title='bbox 1567 2279 1753 2332; x_wconf 86' lang='grc' dir='ltr'>κακῶν</span> 
     </span>
    </p>
   </div>
   <div class='ocr_carea' id='block_1_38' title="bbox 182 2372 1753 2445">
    <p class='ocr_par' dir='ltr' id='par_1_38' title="bbox 182 2372 1753 2445">
     <span class='ocr_line' id='line_1_38' title="bbox 182 2372 1753 2445; baseline -0.001 -22"><span class='ocrx_word' id='word_1_210' title='bbox 182 2373 415 2437; x_wconf 80' lang='grc' dir='ltr'>τέτοκας</span> <span class='ocrx_word' id='word_1_211' title='bbox 445 2374 536 2426; x_wconf 88' lang='grc' dir='ltr'><strong>τὸν</strong></span> <span class='ocrx_word' id='word_1_212' title='bbox 559 2373 762 2441; x_wconf 90' lang='grc' dir='ltr'>ἀγαθὸν</span> <span class='ocrx_word' id='word_1_213' title='bbox 791 2374 1015 2445; x_wconf 79' lang='grc' dir='ltr'>Κύριον,</span> <span class='ocrx_word' id='word_1_214' title='bbox 1057 2375 1292 2443; x_wconf 80' lang='grc' dir='ltr'>ἀχραντε</span> <span class='ocrx_word' id='word_1_215' title='bbox 1349 2372 1581 2441; x_wconf 80' lang='grc' dir='ltr'>παρθένε</span> <span class='ocrx_word' id='word_1_216' title='bbox 1618 2386 1753 2421; x_wconf 81' lang='grc' dir='ltr'>παν-</span> 
     </span>
    </p>
   </div>
   <div class='ocr_carea' id='block_1_39' title="bbox 186 2466 415 2536">
    <p class='ocr_par' dir='ltr' id='par_1_39' title="bbox 186 2466 415 2536">
     <span class='ocr_line' id='line_1_39' title="bbox 186 2466 415 2536; baseline 0.009 -17"><span class='ocrx_word' id='word_1_217' title='bbox 186 2466 415 2536; x_wconf 89' lang='grc' dir='ltr'>άμωμε.</span> 
     </span>
    </p>
   </div>
   <div class='ocr_carea' id='block_1_40' title="bbox 270 2556 1753 2633">
    <p class='ocr_par' dir='ltr' id='par_1_40' title="bbox 270 2556 1753 2633">
     <span class='ocr_line' id='line_1_40' title="bbox 270 2556 1753 2633; baseline -0.002 -21"><span class='ocrx_word' id='word_1_218' title='bbox 270 2561 689 2632; x_wconf 81' lang='grc' dir='ltr'>’Δπειρογάμως</span> <span class='ocrx_word' id='word_1_219' title='bbox 719 2562 957 2633; x_wconf 84' lang='grc' dir='ltr'>ὲκύησας</span> <span class='ocrx_word' id='word_1_220' title='bbox 984 2560 1115 2613; x_wconf 85' lang='grc' dir='ltr'>Θεὸν</span> <span class='ocrx_word' id='word_1_221' title='bbox 1137 2560 1306 2628; x_wconf 82' lang='grc' dir='ltr'>Λόγον</span> <span class='ocrx_word' id='word_1_222' title='bbox 1332 2556 1753 2628; x_wconf 82' lang='grc' dir='ltr'>σωματωθέντα,</span> 
     </span>
    </p>
   </div>
   <div class='ocr_carea' id='block_1_41' title="bbox 186 2652 1751 2725">
    <p class='ocr_par' dir='ltr' id='par_1_41' title="bbox 186 2652 1751 2725">
     <span class='ocr_line' id='line_1_41' title="bbox 186 2652 1751 2725; baseline 0.001 -23"><span class='ocrx_word' id='word_1_223' title='bbox 186 2653 458 2721; x_wconf 82' lang='grc' dir='ltr'>πάναγνε,</span> <span class='ocrx_word' id='word_1_224' title='bbox 507 2656 649 2725; x_wconf 85' lang='grc' dir='ltr'>ὑπὲρ</span> <span class='ocrx_word' id='word_1_225' title='bbox 677 2655 800 2709; x_wconf 75' lang='grc' dir='ltr'>νοῦν</span> <span class='ocrx_word' id='word_1_226' title='bbox 831 2656 925 2708; x_wconf 82' lang='grc' dir='ltr'>καὶ</span> <span class='ocrx_word' id='word_1_227' title='bbox 962 2655 1138 2723; x_wconf 75' lang='grc' dir='ltr'>λόγον’</span> <span class='ocrx_word' id='word_1_228' title='bbox 1188 2654 1309 2706; x_wconf 82' lang='grc' dir='ltr'>ὅθεν</span> <span class='ocrx_word' id='word_1_229' title='bbox 1340 2652 1662 2722; x_wconf 84' lang='grc' dir='ltr'>καταχρέως</span> <span class='ocrx_word' id='word_1_230' title='bbox 1692 2668 1751 2704; x_wconf 88' lang='grc' dir='ltr'><strong>σε</strong></span> 
     </span>
    </p>
   </div>
   <div class='ocr_carea' id='block_1_42' title="bbox 187 2744 1730 2817">
    <p class='ocr_par' dir='ltr' id='par_1_42' title="bbox 187 2744 1730 2817">
     <span class='ocr_line' id='line_1_42' title="bbox 187 2744 1730 2817; baseline 0 -19"><span class='ocrx_word' id='word_1_231' title='bbox 187 2746 470 2816; x_wconf 79' lang='grc' dir='ltr'>Παρθένον</span> <span class='ocrx_word' id='word_1_232' title='bbox 496 2746 788 2817; x_wconf 78' lang='grc' dir='ltr'>δοξάζομεν</span> <span class='ocrx_word' id='word_1_233' title='bbox 814 2748 905 2800; x_wconf 73' lang='grc' dir='ltr'>καὶ</span> <span class='ocrx_word' id='word_1_234' title='bbox 944 2744 1293 2816; x_wconf 84' lang='grc' dir='ltr'>χρεωστικῶς</span> <span class='ocrx_word' id='word_1_235' title='bbox 1330 2744 1730 2815; x_wconf 76' lang='grc' dir='ltr'>μακαρίζομεν.</span> 
     </span>
    </p>
   </div>
   <div class='ocr_carea' id='block_1_43' title="bbox 275 3004 1757 3083">
    <p class='ocr_par' dir='ltr' id='par_1_43' title="bbox 275 3004 1757 3083">
     <span class='ocr_line' id='line_1_43' title="bbox 275 3004 1757 3083; baseline -0.003 -21"><span class='ocrx_word' id='word_1_236' title='bbox 275 3010 585 3081; x_wconf 82' lang='grc' dir='ltr'>’Υμνοῦμέν</span> <span class='ocrx_word' id='word_1_237' title='bbox 629 3028 689 3063; x_wconf 91' lang='grc' dir='ltr'>σε</span> <span class='ocrx_word' id='word_1_238' title='bbox 733 3010 801 3064; x_wconf 80' lang='grc' dir='ltr'><strong>δι’</strong></span> <span class='ocrx_word' id='word_1_239' title='bbox 844 3004 919 3083; x_wconf 58' lang='grc' dir='ltr'>,ἧς</span> <span class='ocrx_word' id='word_1_240' title='bbox 965 3010 1064 3079; x_wconf 82' lang='grc' dir='ltr'>τῆς</span> <span class='ocrx_word' id='word_1_241' title='bbox 1099 3008 1303 3077; x_wconf 82' lang='grc' dir='ltr'>φθορᾶς</span> <span class='ocrx_word' id='word_1_242' title='bbox 1355 3006 1757 3078; x_wconf 84' lang='grc' dir='ltr'>ὲλυτρώθημεν,</span> 
     </span>
    </p>
   </div>
   <div class='ocr_carea' id='block_1_44' title="bbox 190 3099 1762 3174">
    <p class='ocr_par' dir='ltr' id='par_1_44' title="bbox 190 3099 1762 3174">
     <span class='ocr_line' id='line_1_44' title="bbox 190 3099 1762 3174; baseline -0.003 -18"><span class='ocrx_word' id='word_1_243' title='bbox 190 3105 503 3174; x_wconf 81' lang='grc' dir='ltr'>πανάμωμε</span> <span class='ocrx_word' id='word_1_244' title='bbox 525 3144 540 3167; x_wconf 94' lang='grc'><strong>,</strong></span> <span class='ocrx_word' id='word_1_245' title='bbox 570 3103 663 3157; x_wconf 83' lang='grc' dir='ltr'><strong>τοῦ</strong></span> <span class='ocrx_word' id='word_1_246' title='bbox 701 3102 917 3167; x_wconf 82' lang='grc' dir='ltr'>ἀδύτου,</span> <span class='ocrx_word' id='word_1_247' title='bbox 969 3102 1063 3156; x_wconf 79' lang='grc' dir='ltr'>καὶ</span> <span class='ocrx_word' id='word_1_248' title='bbox 1102 3100 1204 3170; x_wconf 82' lang='grc' dir='ltr'>τῆς</span> <span class='ocrx_word' id='word_1_249' title='bbox 1236 3103 1363 3170; x_wconf 77' lang='grc' dir='ltr'>πρὶν</span> <span class='ocrx_word' id='word_1_250' title='bbox 1394 3099 1762 3169; x_wconf 87' lang='grc' dir='ltr'>τυραννούσης</span> 
     </span>
    </p>
   </div>
   <div class='ocr_carea' id='block_1_45' title="bbox 191 3194 873 3263">
    <p class='ocr_par' dir='ltr' id='par_1_45' title="bbox 191 3194 873 3263">
     <span class='ocr_line' id='line_1_45' title="bbox 191 3194 873 3263; baseline 0 -15"><span class='ocrx_word' id='word_1_251' title='bbox 191 3194 394 3258; x_wconf 84' lang='grc' dir='ltr'>κακίας</span> <span class='ocrx_word' id='word_1_252' title='bbox 425 3194 519 3247; x_wconf 81' lang='grc' dir='ltr'>τοῦ</span> <span class='ocrx_word' id='word_1_253' title='bbox 550 3194 873 3263; x_wconf 83' lang='grc' dir='ltr'>ἀλάστορος.</span> 
     </span>
    </p>
   </div>
   <div class='ocr_carea' id='block_1_46' title="bbox 264 3281 1761 3353">
    <p class='ocr_par' dir='ltr' id='par_1_46' title="bbox 264 3281 1761 3353">
     <span class='ocr_line' id='line_1_46' title="bbox 264 3281 1761 3353; baseline -0.003 -16"><span class='ocrx_word' id='word_1_254' title='bbox 264 3283 463 3349; x_wconf 82' lang='grc' dir='ltr'>Τάξεις</span> <span class='ocrx_word' id='word_1_255' title='bbox 519 3300 579 3336; x_wconf 81' lang='grc' dir='ltr'>σε</span> <span class='ocrx_word' id='word_1_256' title='bbox 635 3285 942 3353; x_wconf 84' lang='grc' dir='ltr'>ἀσωμάτων</span> <span class='ocrx_word' id='word_1_257' title='bbox 989 3282 1236 3350; x_wconf 78' lang='grc' dir='ltr'>ἀγγέλων</span> <span class='ocrx_word' id='word_1_258' title='bbox 1287 3282 1624 3352; x_wconf 85' lang='grc' dir='ltr'>γεραίρουσι,</span> <span class='ocrx_word' id='word_1_259' title='bbox 1668 3281 1761 3332; x_wconf 74' lang='grc' dir='ltr'><strong>καὶ</strong></span> 
     </span>
    </p>
   </div>
   <div class='ocr_carea' id='block_1_47' title="bbox 190 3371 1757 3445">
    <p class='ocr_par' dir='ltr' id='par_1_47' title="bbox 190 3371 1757 3445">
     <span class='ocr_line' id='line_1_47' title="bbox 190 3371 1757 3445; baseline -0.003 -17"><span class='ocrx_word' id='word_1_260' title='bbox 190 3376 512 3428; x_wconf 82' lang='grc' dir='ltr'>ἀποστόλων</span> <span class='ocrx_word' id='word_1_261' title='bbox 536 3377 764 3445; x_wconf 82' lang='grc' dir='ltr'>χορεῖαι,</span> <span class='ocrx_word' id='word_1_262' title='bbox 789 3378 881 3428; x_wconf 72' lang='grc' dir='ltr'>καὶ</span> <span class='ocrx_word' id='word_1_263' title='bbox 903 3373 1196 3444; x_wconf 85' lang='grc' dir='ltr'>μαρτύρων</span> <span class='ocrx_word' id='word_1_264' title='bbox 1215 3373 1400 3442; x_wconf 80' lang='grc' dir='ltr'>δῆμοι,</span> <span class='ocrx_word' id='word_1_265' title='bbox 1426 3371 1757 3443; x_wconf 86' lang='grc' dir='ltr'>Θεοκυῆτορ·</span> 
     </span>
    </p>
   </div>
   <div class='ocr_carea' id='block_1_48' title="bbox 190 3463 1553 3536">
    <p class='ocr_par' dir='ltr' id='par_1_48' title="bbox 190 3463 1553 3536">
     <span class='ocr_line' id='line_1_48' title="bbox 190 3463 1553 3536; baseline 0.001 -20"><span class='ocrx_word' id='word_1_266' title='bbox 190 3464 285 3517; x_wconf 87' lang='grc' dir='ltr'><strong>τὸν</strong></span> <span class='ocrx_word' id='word_1_267' title='bbox 317 3465 426 3536; x_wconf 88' lang='grc' dir='ltr'><strong>γάρ</strong></span> <span class='ocrx_word' id='word_1_268' title='bbox 457 3467 675 3519; x_wconf 88' lang='grc' dir='ltr'>πάντων</span> <span class='ocrx_word' id='word_1_269' title='bbox 706 3465 941 3518; x_wconf 78' lang='grc' dir='ltr'>Βασιλέα</span> <span class='ocrx_word' id='word_1_270' title='bbox 972 3466 1266 3535; x_wconf 72' lang='grc' dir='ltr'>ἀφράστως</span> <span class='ocrx_word' id='word_1_271' title='bbox 1292 3463 1553 3533; x_wconf 75' lang='grc' dir='ltr'>ἑκύησας.</span> 
     </span>
    </p>
   </div>
   <div class='ocr_carea' id='block_1_49' title="bbox 265 3649 1759 3722">
    <p class='ocr_par' dir='ltr' id='par_1_49' title="bbox 265 3649 1759 3722">
     <span class='ocr_line' id='line_1_49' title="bbox 265 3649 1759 3722; baseline -0.001 -18"><span class='ocrx_word' id='word_1_272' title='bbox 265 3652 427 3719; x_wconf 82' lang='grc' dir='ltr'>Λόγῳ</span> <span class='ocrx_word' id='word_1_273' title='bbox 455 3651 545 3705; x_wconf 89' lang='grc' dir='ltr'><strong>τὸν</strong></span> <span class='ocrx_word' id='word_1_274' title='bbox 568 3651 741 3720; x_wconf 84' lang='grc' dir='ltr'>Λόγον</span> <span class='ocrx_word' id='word_1_275' title='bbox 773 3651 863 3705; x_wconf 90' lang='grc' dir='ltr'><strong>τὸν</strong></span> <span class='ocrx_word' id='word_1_276' title='bbox 895 3650 987 3705; x_wconf 80' lang='grc' dir='ltr'>τοῦ</span> <span class='ocrx_word' id='word_1_277' title='bbox 1026 3649 1259 3722; x_wconf 87' lang='grc' dir='ltr'>Πατρὸς,</span> <span class='ocrx_word' id='word_1_278' title='bbox 1296 3651 1432 3722; x_wconf 84' lang='grc' dir='ltr'>κόρη</span> <span class='ocrx_word' id='word_1_279' title='bbox 1451 3693 1465 3717; x_wconf 93' lang='grc'><strong>,</strong></span> <span class='ocrx_word' id='word_1_280' title='bbox 1497 3652 1723 3716; x_wconf 82' lang='grc' dir='ltr'>τέτοκας</span> <span class='ocrx_word' id='word_1_281' title='bbox 1743 3694 1759 3719; x_wconf 87' lang='grc'><strong>,</strong></span> 
     </span>
    </p>
   </div>
   <div class='ocr_carea' id='block_1_50' title="bbox 192 3740 1765 3814">
    <p class='ocr_par' dir='ltr' id='par_1_50' title="bbox 192 3740 1765 3814">
     <span class='ocr_line' id='line_1_50' title="bbox 192 3740 1765 3814; baseline -0.001 -19"><span class='ocrx_word' id='word_1_282' title='bbox 192 3743 341 3813; x_wconf 86' lang='grc' dir='ltr'>λόγῳ</span> <span class='ocrx_word' id='word_1_283' title='bbox 366 3743 594 3812; x_wconf 82' lang='grc' dir='ltr'>οὐρανὸν</span> <span class='ocrx_word' id='word_1_284' title='bbox 626 3744 931 3814; x_wconf 79' lang='grc' dir='ltr'>ποιήσαντα</span> <span class='ocrx_word' id='word_1_285' title='bbox 966 3743 1060 3795; x_wconf 79' lang='grc' dir='ltr'>καὶ</span> <span class='ocrx_word' id='word_1_286' title='bbox 1087 3743 1187 3812; x_wconf 79' lang='grc' dir='ltr'>τὴν</span> <span class='ocrx_word' id='word_1_287' title='bbox 1225 3742 1353 3811; x_wconf 80' lang='grc' dir='ltr'>γῆν,</span> <span class='ocrx_word' id='word_1_288' title='bbox 1392 3742 1486 3795; x_wconf 83' lang='grc' dir='ltr'>καὶ</span> <span class='ocrx_word' id='word_1_289' title='bbox 1522 3740 1765 3807; x_wconf 71' lang='grc' dir='ltr'>δοξάζεις</span> 
     </span>
    </p>
   </div>
   <div class='ocr_carea' id='block_1_51' title="bbox 193 3834 1765 3905">
    <p class='ocr_par' dir='ltr' id='par_1_51' title="bbox 193 3834 1765 3905">
     <span class='ocr_line' id='line_1_51' title="bbox 193 3834 1765 3905; baseline -0.001 -18"><span class='ocrx_word' id='word_1_290' title='bbox 193 3835 405 3898; x_wconf 77' lang='grc' dir='ltr'>τοῦτον,</span> <span class='ocrx_word' id='word_1_291' title='bbox 440 3836 745 3905; x_wconf 88' lang='grc' dir='ltr'>πανάμωμε</span> <span class='ocrx_word' id='word_1_292' title='bbox 772 3875 785 3897; x_wconf 91' lang='grc'><strong>,</strong></span> <span class='ocrx_word' id='word_1_293' title='bbox 822 3834 983 3903; x_wconf 87' lang='grc' dir='ltr'>λόγον</span> <span class='ocrx_word' id='word_1_294' title='bbox 1014 3834 1324 3905; x_wconf 82' lang='grc' dir='ltr'>παρέχοντα</span> <span class='ocrx_word' id='word_1_295' title='bbox 1351 3835 1463 3897; x_wconf 89' lang='grc' dir='ltr'>τοῖς</span> <span class='ocrx_word' id='word_1_296' title='bbox 1507 3834 1765 3905; x_wconf 87' lang='grc' dir='ltr'>καθαρῶς</span> 
     </span>
    </p>
   </div>
   <div class='ocr_carea' id='block_1_52' title="bbox 194 3927 867 3996">
    <p class='ocr_par' dir='ltr' id='par_1_52' title="bbox 194 3927 867 3996">
     <span class='ocr_line' id='line_1_52' title="bbox 194 3927 867 3996; baseline 0.003 -17"><span class='ocrx_word' id='word_1_297' title='bbox 194 3927 349 3996; x_wconf 70' lang='grc' dir='ltr'>αὐτῷ</span> <span class='ocrx_word' id='word_1_298' title='bbox 374 3927 469 3979; x_wconf 78' lang='grc' dir='ltr'>νῦν</span> <span class='ocrx_word' id='word_1_299' title='bbox 501 3928 867 3981; x_wconf 77' lang='grc' dir='ltr'>πιστεύουσιν.</span> 
     </span>
    </p>
   </div>
   <div class='ocr_carea' id='block_1_53' title="bbox 282 4019 1766 4091">
    <p class='ocr_par' dir='ltr' id='par_1_53' title="bbox 282 4019 1766 4091">
     <span class='ocr_line' id='line_1_53' title="bbox 282 4019 1766 4091; baseline -0.001 -19"><span class='ocrx_word' id='word_1_300' title='bbox 282 4020 413 4072; x_wconf 74' lang='grc' dir='ltr'>Ἰδοὺ</span> <span class='ocrx_word' id='word_1_301' title='bbox 441 4019 718 4090; x_wconf 90' lang='grc' dir='ltr'>θεηγόρων</span> <span class='ocrx_word' id='word_1_302' title='bbox 745 4020 802 4074; x_wconf 83' lang='grc' dir='ltr'><strong>αί</strong></span> <span class='ocrx_word' id='word_1_303' title='bbox 838 4020 1017 4088; x_wconf 74' lang='grc' dir='ltr'>φωναὶ</span> <span class='ocrx_word' id='word_1_304' title='bbox 1052 4020 1228 4091; x_wconf 86' lang='grc' dir='ltr'>πέρας</span> <span class='ocrx_word' id='word_1_305' title='bbox 1256 4019 1526 4087; x_wconf 80' lang='grc' dir='ltr'>ἐδέξαντο,</span> <span class='ocrx_word' id='word_1_306' title='bbox 1567 4021 1766 4074; x_wconf 90' lang='grc' dir='ltr'>ἀποτε-</span> 
     </span>
    </p>
   </div>
   <div class='ocr_carea' id='block_1_54' title="bbox 194 4110 1765 4183">
    <p class='ocr_par' dir='ltr' id='par_1_54' title="bbox 194 4110 1765 4183">
     <span class='ocr_line' id='line_1_54' title="bbox 194 4110 1765 4183; baseline 0.001 -20"><span class='ocrx_word' id='word_1_307' title='bbox 194 4110 403 4182; x_wconf 85' lang='grc' dir='ltr'>κούσης</span> <span class='ocrx_word' id='word_1_308' title='bbox 435 4110 527 4164; x_wconf 81' lang='grc' dir='ltr'>σοῦ</span> <span class='ocrx_word' id='word_1_309' title='bbox 555 4112 643 4164; x_wconf 89' lang='grc' dir='ltr'><strong>τὸν</strong></span> <span class='ocrx_word' id='word_1_310' title='bbox 678 4112 1000 4182; x_wconf 84' lang='grc' dir='ltr'>ὑπερούσιον</span> <span class='ocrx_word' id='word_1_311' title='bbox 1031 4113 1257 4183; x_wconf 83' lang='grc' dir='ltr'>Κύριον,</span> <span class='ocrx_word' id='word_1_312' title='bbox 1294 4112 1387 4165; x_wconf 81' lang='grc' dir='ltr'><strong>ὑπ’</strong></span> <span class='ocrx_word' id='word_1_313' title='bbox 1422 4112 1647 4166; x_wconf 74' lang='grc' dir='ltr'>ἐκείνων</span> <span class='ocrx_word' id='word_1_314' title='bbox 1674 4113 1765 4164; x_wconf 83' lang='grc' dir='ltr'><strong>τὸν</strong></span> 
     </span>
    </p>
   </div>
   <div class='ocr_carea' id='block_1_55' title="bbox 195 4204 1762 4275">
    <p class='ocr_par' dir='ltr' id='par_1_55' title="bbox 195 4204 1762 4275">
     <span class='ocr_line' id='line_1_55' title="bbox 195 4204 1762 4275; baseline -0.001 -19"><span class='ocrx_word' id='word_1_315' title='bbox 195 4205 549 4273; x_wconf 76' lang='grc' dir='ltr'>δηλούμενον,</span> <span class='ocrx_word' id='word_1_316' title='bbox 579 4207 657 4266; x_wconf 88' lang='grc' dir='ltr'><strong>είς</strong></span> <span class='ocrx_word' id='word_1_317' title='bbox 693 4207 967 4275; x_wconf 80' lang='grc' dir='ltr'>σωτηρίαν</span> <span class='ocrx_word' id='word_1_318' title='bbox 994 4205 1103 4257; x_wconf 88' lang='grc' dir='ltr'><strong>τῶν</strong></span> <span class='ocrx_word' id='word_1_319' title='bbox 1134 4205 1361 4272; x_wconf 89' lang='grc' dir='ltr'>πιστῶν,</span> <span class='ocrx_word' id='word_1_320' title='bbox 1381 4204 1762 4273; x_wconf 83' lang='grc' dir='ltr'>θεοχαρίτωτε,</span> 
     </span>
    </p>
   </div>
   <div class='ocr_carea' id='block_1_56' title="bbox 194 4294 1767 4369">
    <p class='ocr_par' dir='ltr' id='par_1_56' title="bbox 194 4294 1767 4369">
     <span class='ocr_line' id='line_1_56' title="bbox 194 4294 1767 4369; baseline 0.002 -23"><span class='ocrx_word' id='word_1_321' title='bbox 194 4312 307 4347; x_wconf 80' lang='grc' dir='ltr'><strong>των</strong></span> <span class='ocrx_word' id='word_1_322' title='bbox 350 4294 619 4364; x_wconf 76' lang='grc' dir='ltr'>βοώντωνο</span> <span class='ocrx_word' id='word_1_323' title='bbox 652 4297 839 4349; x_wconf 87' lang='grc' dir='ltr'>Πάντα</span> <span class='ocrx_word' id='word_1_324' title='bbox 866 4296 935 4349; x_wconf 79' lang='grc' dir='ltr'><strong>τά</strong></span> <span class='ocrx_word' id='word_1_325' title='bbox 956 4296 1094 4367; x_wconf 77' lang='grc' dir='ltr'>ἔργα</span> <span class='ocrx_word' id='word_1_326' title='bbox 1110 4297 1338 4369; x_wconf 79' lang='grc' dir='ltr'>Κυρίου,</span> <span class='ocrx_word' id='word_1_327' title='bbox 1371 4295 1645 4364; x_wconf 81' lang='grc' dir='ltr'>εὐλογεῖτε</span> <span class='ocrx_word' id='word_1_328' title='bbox 1676 4294 1767 4349; x_wconf 88' lang='grc' dir='ltr'><strong>τὸν</strong></span> 
     </span>
    </p>
   </div>
   <div class='ocr_carea' id='block_1_57' title="bbox 196 4391 429 4463">
    <p class='ocr_par' dir='ltr' id='par_1_57' title="bbox 196 4391 429 4463">
     <span class='ocr_line' id='line_1_57' title="bbox 196 4391 429 4463; baseline 0.004 -19"><span class='ocrx_word' id='word_1_329' title='bbox 196 4391 429 4463; x_wconf 77' lang='grc' dir='ltr'>Κύριον.</span> 
     </span>
    </p>
   </div>
   <div class='ocr_carea' id='block_1_58' title="bbox 271 4482 1768 4554">
    <p class='ocr_par' dir='ltr' id='par_1_58' title="bbox 271 4482 1768 4554">
     <span class='ocr_line' id='line_1_58' title="bbox 271 4482 1768 4554; baseline 0.001 -18"><span class='ocrx_word' id='word_1_330' title='bbox 271 4484 460 4553; x_wconf 76' lang='grc' dir='ltr'>Φωνήν</span> <span class='ocrx_word' id='word_1_331' title='bbox 492 4500 573 4536; x_wconf 92' lang='grc' dir='ltr'><strong>σοι</strong></span> <span class='ocrx_word' id='word_1_332' title='bbox 604 4483 838 4553; x_wconf 89' lang='grc' dir='ltr'>βοῶμεν,</span> <span class='ocrx_word' id='word_1_333' title='bbox 874 4483 1138 4553; x_wconf 83' lang='grc' dir='ltr'>Παρθένε,</span> <span class='ocrx_word' id='word_1_334' title='bbox 1167 4482 1477 4554; x_wconf 86' lang='grc' dir='ltr'>περιχαρῶς</span> <span class='ocrx_word' id='word_1_335' title='bbox 1504 4483 1597 4536; x_wconf 82' lang='grc' dir='ltr'>τοῦ</span> <span class='ocrx_word' id='word_1_336' title='bbox 1629 4484 1768 4553; x_wconf 86' lang='grc' dir='ltr'>ἀρχ-</span> 
     </span>
    </p>
   </div>
   <div class='ocr_carea' id='block_1_59' title="bbox 1858 2000 3425 2070">
    <p class='ocr_par' dir='ltr' id='par_1_59' title="bbox 1858 2000 3425 2070">
     <span class='ocr_line' id='line_1_59' title="bbox 1858 2000 3425 2070; baseline -0.001 -15"><span class='ocrx_word' id='word_1_337' title='bbox 1858 2000 2095 2066; x_wconf 87' lang='lat' dir='ltr'><strong>tissima,</strong></span> <span class='ocrx_word' id='word_1_338' title='bbox 2164 2015 2259 2069; x_wconf 92' lang='lat' dir='ltr'><strong>per</strong></span> <span class='ocrx_word' id='word_1_339' title='bbox 2321 2009 2535 2069; x_wconf 89' lang='lat' dir='ltr'><strong>partum</strong></span> <span class='ocrx_word' id='word_1_340' title='bbox 2601 2010 2754 2053; x_wconf 89' lang='lat' dir='ltr'><strong>tuum</strong></span> <span class='ocrx_word' id='word_1_341' title='bbox 2826 2002 3195 2069; x_wconf 79' lang='lat' dir='ltr'><strong>peregrinum,</strong></span> <span class='ocrx_word' id='word_1_342' title='bbox 3263 2011 3425 2070; x_wconf 69' lang='lat' dir='ltr'><strong>atque</strong></span> 
     </span>
    </p>
   </div>
   <div class='ocr_carea' id='block_1_60' title="bbox 1858 2093 3423 2163">
    <p class='ocr_par' dir='ltr' id='par_1_60' title="bbox 1858 2093 3423 2163">
     <span class='ocr_line' id='line_1_60' title="bbox 1858 2093 3423 2163; baseline 0.001 -17"><span class='ocrx_word' id='word_1_343' title='bbox 1858 2096 2116 2146; x_wconf 88' lang='lat' dir='ltr'><strong>ttnionem</strong></span> <span class='ocrx_word' id='word_1_344' title='bbox 2150 2093 2631 2163; x_wconf 66' lang='lat' dir='ltr'><strong>incomparabilem</strong></span> <span class='ocrx_word' id='word_1_345' title='bbox 2659 2112 2672 2148; x_wconf 92' lang='lat'><strong>:</strong></span> <span class='ocrx_word' id='word_1_346' title='bbox 2713 2096 2855 2147; x_wconf 80' lang='lat' dir='ltr'><strong>unde</strong></span> <span class='ocrx_word' id='word_1_347' title='bbox 2887 2103 3141 2162; x_wconf 83' lang='lat' dir='ltr'><strong>tanquam</strong></span> <span class='ocrx_word' id='word_1_348' title='bbox 3180 2096 3423 2149; x_wconf 87' lang='lat' dir='ltr'><strong>omnium</strong></span> 
     </span>
    </p>
   </div>
   <div class='ocr_carea' id='block_1_61' title="bbox 1856 2184 3048 2254">
    <p class='ocr_par' dir='ltr' id='par_1_61' title="bbox 1856 2184 3048 2254">
     <span class='ocr_line' id='line_1_61' title="bbox 1856 2184 3048 2254; baseline 0.001 -15"><span class='ocrx_word' id='word_1_349' title='bbox 1856 2194 2233 2239; x_wconf 86' lang='lat' dir='ltr'><strong>creaturarum</strong></span> <span class='ocrx_word' id='word_1_350' title='bbox 2259 2184 2541 2238; x_wconf 89' lang='lat' dir='ltr'><strong>Dominam</strong></span> <span class='ocrx_word' id='word_1_351' title='bbox 2577 2195 2625 2238; x_wconf 91' lang='lat' dir='ltr'><strong>te</strong></span> <span class='ocrx_word' id='word_1_352' title='bbox 2660 2184 3048 2254; x_wconf 87' lang='lat' dir='ltr'><strong>gloriﬁcamus.</strong></span> 
     </span>
    </p>
   </div>
   <div class='ocr_carea' id='block_1_62' title="bbox 1931 2275 3425 2338">
    <p class='ocr_par' dir='ltr' id='par_1_62' title="bbox 1931 2275 3425 2338">
     <span class='ocr_line' id='line_1_62' title="bbox 1931 2275 3425 2338; baseline 0.001 -10"><span class='ocrx_word' id='word_1_353' title='bbox 1931 2275 2136 2329; x_wconf 84' lang='lat' dir='ltr'><strong>Bonum</strong></span> <span class='ocrx_word' id='word_1_354' title='bbox 2191 2276 2482 2330; x_wconf 83' lang='lat' dir='ltr'><strong>Dominum</strong></span> <span class='ocrx_word' id='word_1_355' title='bbox 2529 2275 2823 2330; x_wconf 83' lang='lat' dir='ltr'><strong>stillantem</strong></span> <span class='ocrx_word' id='word_1_356' title='bbox 2857 2276 3221 2338; x_wconf 83' lang='lat' dir='ltr'><strong>dulcedinem,</strong></span> <span class='ocrx_word' id='word_1_357' title='bbox 3252 2289 3304 2329; x_wconf 88' lang='lat' dir='ltr'><strong>et</strong></span> <span class='ocrx_word' id='word_1_358' title='bbox 3339 2293 3425 2330; x_wconf 83' lang='lat' dir='ltr'><strong>re-</strong></span> 
     </span>
    </p>
   </div>
   <div class='ocr_carea' id='block_1_63' title="bbox 1858 2367 3421 2439">
    <p class='ocr_par' dir='ltr' id='par_1_63' title="bbox 1858 2367 3421 2439">
     <span class='ocr_line' id='line_1_63' title="bbox 1858 2367 3421 2439; baseline 0 -17"><span class='ocrx_word' id='word_1_359' title='bbox 1858 2368 2227 2437; x_wconf 88' lang='lat' dir='ltr'><strong>demptionem</strong></span> <span class='ocrx_word' id='word_1_360' title='bbox 2255 2384 2284 2422; x_wconf 88' lang='lat' dir='ltr'><strong>a</strong></span> <span class='ocrx_word' id='word_1_361' title='bbox 2324 2370 2505 2435; x_wconf 89' lang='lat' dir='ltr'><strong>malis,</strong></span> <span class='ocrx_word' id='word_1_362' title='bbox 2564 2369 2844 2439; x_wconf 74' lang='lat' dir='ltr'><strong>peperisti,</strong></span> <span class='ocrx_word' id='word_1_363' title='bbox 2872 2384 2904 2421; x_wconf 90' lang='grc' dir='ltr'><strong>ο</strong></span> <span class='ocrx_word' id='word_1_364' title='bbox 2938 2368 3199 2422; x_wconf 89' lang='lat' dir='ltr'><strong>inviolata</strong></span> <span class='ocrx_word' id='word_1_365' title='bbox 3238 2367 3421 2438; x_wconf 74' lang='lat' dir='ltr'><strong>Virgo.</strong></span> 
     </span>
    </p>
   </div>
   <div class='ocr_carea' id='block_1_64' title="bbox 1857 2462 2488 2516">
    <p class='ocr_par' dir='ltr' id='par_1_64' title="bbox 1857 2462 2488 2516">
     <span class='ocr_line' id='line_1_64' title="bbox 1857 2462 2488 2516; baseline -0.002 0"><span class='ocrx_word' id='word_1_366' title='bbox 1857 2476 2050 2516; x_wconf 88' lang='lat' dir='ltr'><strong>carens</strong></span> <span class='ocrx_word' id='word_1_367' title='bbox 2076 2462 2222 2515; x_wconf 90' lang='lat' dir='ltr'><strong>omni</strong></span> <span class='ocrx_word' id='word_1_368' title='bbox 2255 2462 2488 2516; x_wconf 86' lang='lat' dir='ltr'><strong>macula.</strong></span> 
     </span>
    </p>
   </div>
   <div class='ocr_carea' id='block_1_65' title="bbox 1932 2548 3428 2622">
    <p class='ocr_par' dir='ltr' id='par_1_65' title="bbox 1932 2548 3428 2622">
     <span class='ocr_line' id='line_1_65' title="bbox 1932 2548 3428 2622; baseline 0.001 -16"><span class='ocrx_word' id='word_1_369' title='bbox 1932 2550 2062 2606; x_wconf 89' lang='lat' dir='ltr'><strong>Sine</strong></span> <span class='ocrx_word' id='word_1_370' title='bbox 2090 2552 2192 2605; x_wconf 91' lang='lat' dir='ltr'><strong>viri</strong></span> <span class='ocrx_word' id='word_1_371' title='bbox 2222 2553 2412 2621; x_wconf 84' lang='lat' dir='ltr'><strong>copula</strong></span> <span class='ocrx_word' id='word_1_372' title='bbox 2456 2552 2712 2622; x_wconf 86' lang='lat' dir='ltr'><strong>peperisti</strong></span> <span class='ocrx_word' id='word_1_373' title='bbox 2759 2549 2928 2604; x_wconf 89' lang='lat' dir='ltr'><strong>Deum</strong></span> <span class='ocrx_word' id='word_1_374' title='bbox 2968 2548 3200 2605; x_wconf 78' lang='lat' dir='ltr'><strong>Verbum</strong></span> <span class='ocrx_word' id='word_1_375' title='bbox 3232 2566 3428 2621; x_wconf 85' lang='lat' dir='ltr'><strong>corpo-</strong></span> 
     </span>
    </p>
   </div>
   <div class='ocr_carea' id='block_1_66' title="bbox 1859 2645 3426 2715">
    <p class='ocr_par' dir='ltr' id='par_1_66' title="bbox 1859 2645 3426 2715">
     <span class='ocr_line' id='line_1_66' title="bbox 1859 2645 3426 2715; baseline -0.003 -14"><span class='ocrx_word' id='word_1_376' title='bbox 1859 2656 2061 2711; x_wconf 90' lang='lat' dir='ltr'><strong>ratum,</strong></span> <span class='ocrx_word' id='word_1_377' title='bbox 2107 2646 2499 2709; x_wconf 82' lang='lat' dir='ltr'><strong>ocastissima,</strong></span> <span class='ocrx_word' id='word_1_378' title='bbox 2553 2661 2715 2714; x_wconf 89' lang='lat' dir='ltr'><strong>supra</strong></span> <span class='ocrx_word' id='word_1_379' title='bbox 2762 2660 2979 2699; x_wconf 91' lang='lat' dir='ltr'><strong>omnem</strong></span> <span class='ocrx_word' id='word_1_380' title='bbox 3032 2645 3176 2698; x_wconf 81' lang='lat' dir='ltr'><strong>verhi</strong></span> <span class='ocrx_word' id='word_1_381' title='bbox 3222 2650 3426 2715; x_wconf 83' lang='lat' dir='ltr'><strong>cogita-</strong></span> 
     </span>
    </p>
   </div>
   <div class='ocr_carea' id='block_1_67' title="bbox 1863 2738 3429 2808">
    <p class='ocr_par' dir='ltr' id='par_1_67' title="bbox 1863 2738 3429 2808">
     <span class='ocr_line' id='line_1_67' title="bbox 1863 2738 3429 2808; baseline -0.003 -14"><span class='ocrx_word' id='word_1_382' title='bbox 1863 2740 2136 2808; x_wconf 85' lang='lat' dir='ltr'><strong>tionisque</strong></span> <span class='ocrx_word' id='word_1_383' title='bbox 2214 2740 2792 2807; x_wconf 83' lang='lat' dir='ltr'><strong>comprehensionem;</strong></span> <span class='ocrx_word' id='word_1_384' title='bbox 2878 2739 3020 2793; x_wconf 82' lang='lat' dir='ltr'><strong>unde</strong></span> <span class='ocrx_word' id='word_1_385' title='bbox 3084 2752 3182 2807; x_wconf 92' lang='lat' dir='ltr'><strong>pro</strong></span> <span class='ocrx_word' id='word_1_386' title='bbox 3246 2738 3429 2793; x_wconf 76' lang='lat' dir='ltr'><strong>debito</strong></span> 
     </span>
    </p>
   </div>
   <div class='ocr_carea' id='block_1_68' title="bbox 1862 2831 3426 2902">
    <p class='ocr_par' dir='ltr' id='par_1_68' title="bbox 1862 2831 3426 2902">
     <span class='ocr_line' id='line_1_68' title="bbox 1862 2831 3426 2902; baseline -0.002 -15"><span class='ocrx_word' id='word_1_387' title='bbox 1862 2841 1913 2887; x_wconf 90' lang='lat' dir='ltr'><strong>te</strong></span> <span class='ocrx_word' id='word_1_388' title='bbox 1946 2831 2223 2902; x_wconf 80' lang='lat' dir='ltr'><strong>Virginem</strong></span> <span class='ocrx_word' id='word_1_389' title='bbox 2276 2832 2669 2901; x_wconf 87' lang='lat' dir='ltr'><strong>gloriﬁcamus,</strong></span> <span class='ocrx_word' id='word_1_390' title='bbox 2712 2848 2774 2886; x_wconf 85' lang='lat' dir='ltr'><strong>ac</strong></span> <span class='ocrx_word' id='word_1_391' title='bbox 2818 2831 2940 2901; x_wconf 84' lang='lat' dir='ltr'><strong>jure</strong></span> <span class='ocrx_word' id='word_1_392' title='bbox 2984 2831 3198 2884; x_wconf 82' lang='lat' dir='ltr'><strong>beatam</strong></span> <span class='ocrx_word' id='word_1_393' title='bbox 3246 2833 3426 2899; x_wconf 83' lang='lat' dir='ltr'><strong>appel-</strong></span> 
     </span>
    </p>
   </div>
   <div class='ocr_carea' id='block_1_69' title="bbox 1861 2922 2057 2976">
    <p class='ocr_par' dir='ltr' id='par_1_69' title="bbox 1861 2922 2057 2976">
     <span class='ocr_line' id='line_1_69' title="bbox 1861 2922 2057 2976; baseline 0.005 -1"><span class='ocrx_word' id='word_1_394' title='bbox 1861 2922 2057 2976; x_wconf 89' lang='lat' dir='ltr'><strong>lamus.</strong></span> 
     </span>
    </p>
   </div>
   <div class='ocr_carea' id='block_1_70' title="bbox 1932 3014 3424 3089">
    <p class='ocr_par' dir='ltr' id='par_1_70' title="bbox 1932 3014 3424 3089">
     <span class='ocr_line' id='line_1_70' title="bbox 1932 3014 3424 3089; baseline 0.002 -21"><span class='ocrx_word' id='word_1_395' title='bbox 1932 3014 2245 3069; x_wconf 86' lang='lat' dir='ltr'><strong>Laudamus</strong></span> <span class='ocrx_word' id='word_1_396' title='bbox 2278 3023 2347 3078; x_wconf 92' lang='lat' dir='ltr'><strong>te,</strong></span> <span class='ocrx_word' id='word_1_397' title='bbox 2373 3028 2405 3068; x_wconf 93' lang='grc' dir='ltr'><strong>ο</strong></span> <span class='ocrx_word' id='word_1_398' title='bbox 2436 3015 2601 3069; x_wconf 88' lang='lat' dir='ltr'><strong>libera</strong></span> <span class='ocrx_word' id='word_1_399' title='bbox 2629 3017 2695 3068; x_wconf 70' lang='lat' dir='ltr'><strong>ali</strong></span> <span class='ocrx_word' id='word_1_400' title='bbox 2725 3016 2871 3068; x_wconf 88' lang='lat' dir='ltr'><strong>omni</strong></span> <span class='ocrx_word' id='word_1_401' title='bbox 2908 3016 3047 3081; x_wconf 84' lang='lat' dir='ltr'><strong>labe,</strong></span> <span class='ocrx_word' id='word_1_402' title='bbox 3086 3034 3179 3085; x_wconf 90' lang='lat' dir='ltr'><strong>per</strong></span> <span class='ocrx_word' id='word_1_403' title='bbox 3205 3034 3367 3089; x_wconf 90' lang='lat' dir='ltr'><strong>quam</strong></span> <span class='ocrx_word' id='word_1_404' title='bbox 3394 3033 3424 3071; x_wconf 89' lang='lat' dir='ltr'><strong>a</strong></span> 
     </span>
    </p>
   </div>
   <div class='ocr_carea' id='block_1_71' title="bbox 1863 3106 3427 3179">
    <p class='ocr_par' dir='ltr' id='par_1_71' title="bbox 1863 3106 3427 3179">
     <span class='ocr_line' id='line_1_71' title="bbox 1863 3106 3427 3179; baseline 0 -16"><span class='ocrx_word' id='word_1_405' title='bbox 1863 3108 2214 3176; x_wconf 86' lang='lat' dir='ltr'><strong>corruptione</strong></span> <span class='ocrx_word' id='word_1_406' title='bbox 2239 3106 2504 3167; x_wconf 87' lang='lat' dir='ltr'><strong>barathri,</strong></span> <span class='ocrx_word' id='word_1_407' title='bbox 2537 3118 2589 3159; x_wconf 91' lang='lat' dir='ltr'><strong>et</strong></span> <span class='ocrx_word' id='word_1_408' title='bbox 2616 3124 2642 3157; x_wconf 85' lang='lat' dir='ltr'><strong>a</strong></span> <span class='ocrx_word' id='word_1_409' title='bbox 2679 3108 2879 3159; x_wconf 86' lang='lat' dir='ltr'><strong>malitia</strong></span> <span class='ocrx_word' id='word_1_410' title='bbox 2910 3109 3105 3173; x_wconf 86' lang='lat' dir='ltr'><strong>hostis,</strong></span> <span class='ocrx_word' id='word_1_411' title='bbox 3135 3126 3241 3179; x_wconf 90' lang='lat' dir='ltr'><strong>qua</strong></span> <span class='ocrx_word' id='word_1_412' title='bbox 3274 3110 3427 3179; x_wconf 90' lang='lat' dir='ltr'><strong>prius</strong></span> 
     </span>
    </p>
   </div>
   <div class='ocr_carea' id='block_1_72' title="bbox 1867 3197 3075 3271">
    <p class='ocr_par' dir='ltr' id='par_1_72' title="bbox 1867 3197 3075 3271">
     <span class='ocr_line' id='line_1_72' title="bbox 1867 3197 3075 3271; baseline 0 -17"><span class='ocrx_word' id='word_1_413' title='bbox 1867 3200 2146 3271; x_wconf 81' lang='lat' dir='ltr'><strong>tyrannice</strong></span> <span class='ocrx_word' id='word_1_414' title='bbox 2180 3201 2580 3268; x_wconf 86' lang='lat' dir='ltr'><strong>premebamur,</strong></span> <span class='ocrx_word' id='word_1_415' title='bbox 2621 3197 2830 3251; x_wconf 85' lang='lat' dir='ltr'><strong>liberati</strong></span> <span class='ocrx_word' id='word_1_416' title='bbox 2866 3215 3075 3254; x_wconf 87' lang='lat' dir='ltr'><strong>sumus.</strong></span> 
     </span>
    </p>
   </div>
   <div class='ocr_carea' id='block_1_73' title="bbox 1934 3274 3427 3360">
    <p class='ocr_par' dir='ltr' id='par_1_73' title="bbox 1934 3274 3427 3360">
     <span class='ocr_line' id='line_1_73' title="bbox 1934 3274 3427 3360; baseline -0.001 -15"><span class='ocrx_word' id='word_1_417' title='bbox 1934 3288 2385 3360; x_wconf 76' lang='lat' dir='ltr'><strong>incorporearum</strong></span> <span class='ocrx_word' id='word_1_418' title='bbox 2433 3289 2754 3359; x_wconf 81' lang='lat' dir='ltr'><strong>angelorum</strong></span> <span class='ocrx_word' id='word_1_419' title='bbox 2805 3290 2946 3342; x_wconf 86' lang='lat' dir='ltr'><strong>acies</strong></span> <span class='ocrx_word' id='word_1_420' title='bbox 2991 3299 3041 3343; x_wconf 91' lang='lat' dir='ltr'><strong>te</strong></span> <span class='ocrx_word' id='word_1_421' title='bbox 3072 3274 3427 3355; x_wconf 81' lang='lat' dir='ltr'><strong>venerantur,</strong></span> 
     </span>
    </p>
   </div>
   <div class='ocr_carea' id='block_1_74' title="bbox 1863 3382 3431 3455">
    <p class='ocr_par' dir='ltr' id='par_1_74' title="bbox 1863 3382 3431 3455">
     <span class='ocr_line' id='line_1_74' title="bbox 1863 3382 3431 3455; baseline -0.001 -17"><span class='ocrx_word' id='word_1_422' title='bbox 1863 3399 1898 3438; x_wconf 95' lang='lat' dir='ltr'><strong>o</strong></span> <span class='ocrx_word' id='word_1_423' title='bbox 1955 3384 2314 3455; x_wconf 79' lang='lat' dir='ltr'><strong>Deigenitrix,</strong></span> <span class='ocrx_word' id='word_1_424' title='bbox 2367 3398 2476 3437; x_wconf 90' lang='lat' dir='ltr'><strong>una</strong></span> <span class='ocrx_word' id='word_1_425' title='bbox 2525 3398 2651 3437; x_wconf 91' lang='lat' dir='ltr'><strong>cum</strong></span> <span class='ocrx_word' id='word_1_426' title='bbox 2695 3382 3068 3452; x_wconf 81' lang='lat' dir='ltr'><strong>apostolorum</strong></span> <span class='ocrx_word' id='word_1_427' title='bbox 3120 3386 3311 3443; x_wconf 85' lang='lat' dir='ltr'><strong>choro,</strong></span> <span class='ocrx_word' id='word_1_428' title='bbox 3366 3399 3431 3437; x_wconf 86' lang='lat' dir='ltr'><strong>ac</strong></span> 
     </span>
    </p>
   </div>
   <div class='ocr_carea' id='block_1_75' title="bbox 1865 3474 3433 3549">
    <p class='ocr_par' dir='ltr' id='par_1_75' title="bbox 1865 3474 3433 3549">
     <span class='ocr_line' id='line_1_75' title="bbox 1865 3474 3433 3549; baseline -0.003 -17"><span class='ocrx_word' id='word_1_429' title='bbox 1865 3490 2162 3549; x_wconf 77' lang='lat' dir='ltr'><strong>martyrum</strong></span> <span class='ocrx_word' id='word_1_430' title='bbox 2198 3476 2355 3531; x_wconf 88' lang='lat' dir='ltr'><strong>turha</strong></span> <span class='ocrx_word' id='word_1_431' title='bbox 2403 3494 2416 3532; x_wconf 90' lang='lat'><strong>:</strong></span> <span class='ocrx_word' id='word_1_432' title='bbox 2454 3476 2700 3531; x_wconf 92' lang='lat' dir='ltr'><strong>omnium</strong></span> <span class='ocrx_word' id='word_1_433' title='bbox 2735 3474 2938 3545; x_wconf 86' lang='lat' dir='ltr'><strong>quippe</strong></span> <span class='ocrx_word' id='word_1_434' title='bbox 2976 3491 3153 3545; x_wconf 81' lang='lat' dir='ltr'><strong>regem</strong></span> <span class='ocrx_word' id='word_1_435' title='bbox 3187 3474 3433 3529; x_wconf 79' lang='lat' dir='ltr'><strong>iueﬂ&#39;abi—</strong></span> 
     </span>
    </p>
   </div>
   <div class='ocr_carea' id='block_1_76' title="bbox 1866 3570 2301 3641">
    <p class='ocr_par' dir='ltr' id='par_1_76' title="bbox 1866 3570 2301 3641">
     <span class='ocr_line' id='line_1_76' title="bbox 1866 3570 2301 3641; baseline -0.011 -14"><span class='ocrx_word' id='word_1_436' title='bbox 1866 3573 1989 3627; x_wconf 89' lang='lat' dir='ltr'><strong>liter</strong></span> <span class='ocrx_word' id='word_1_437' title='bbox 2019 3570 2301 3641; x_wconf 88' lang='lat' dir='ltr'><strong>peperisti.</strong></span> 
     </span>
    </p>
   </div>
   <div class='ocr_carea' id='block_1_77' title="bbox 1939 3657 3433 3730">
    <p class='ocr_par' dir='ltr' id='par_1_77' title="bbox 1939 3657 3433 3730">
     <span class='ocr_line' id='line_1_77' title="bbox 1939 3657 3433 3730; baseline -0.007 -11"><span class='ocrx_word' id='word_1_438' title='bbox 1939 3663 2040 3719; x_wconf 86' lang='lat' dir='ltr'><strong>Per</strong></span> <span class='ocrx_word' id='word_1_439' title='bbox 2075 3663 2297 3718; x_wconf 86' lang='lat' dir='ltr'><strong>verbum</strong></span> <span class='ocrx_word' id='word_1_440' title='bbox 2335 3660 2589 3730; x_wconf 78' lang='lat' dir='ltr'><strong>peperisti</strong></span> <span class='ocrx_word' id='word_1_441' title='bbox 2640 3657 2875 3714; x_wconf 83' lang='lat' dir='ltr'><strong>Verbum</strong></span> <span class='ocrx_word' id='word_1_442' title='bbox 2918 3657 3118 3723; x_wconf 86' lang='lat' dir='ltr'><strong>Patris,</strong></span> <span class='ocrx_word' id='word_1_443' title='bbox 3150 3672 3182 3711; x_wconf 92' lang='grc' dir='ltr'><strong>ο</strong></span> <span class='ocrx_word' id='word_1_444' title='bbox 3233 3657 3433 3727; x_wconf 85' lang='lat' dir='ltr'><strong>puella,</strong></span> 
     </span>
    </p>
   </div>
   <div class='ocr_carea' id='block_1_78' title="bbox 1866 3746 3437 3825">
    <p class='ocr_par' dir='ltr' id='par_1_78' title="bbox 1866 3746 3437 3825">
     <span class='ocr_line' id='line_1_78' title="bbox 1866 3746 3437 3825; baseline -0.006 -16"><span class='ocrx_word' id='word_1_445' title='bbox 1866 3756 2011 3825; x_wconf 88' lang='lat' dir='ltr'><strong>quod</strong></span> <span class='ocrx_word' id='word_1_446' title='bbox 2042 3754 2205 3808; x_wconf 84' lang='lat' dir='ltr'><strong>verbo</strong></span> <span class='ocrx_word' id='word_1_447' title='bbox 2235 3753 2433 3806; x_wconf 73' lang='lat' dir='ltr'><strong>uelum</strong></span> <span class='ocrx_word' id='word_1_448' title='bbox 2468 3760 2778 3819; x_wconf 87' lang='lat' dir='ltr'><strong>terramque</strong></span> <span class='ocrx_word' id='word_1_449' title='bbox 2805 3750 3011 3804; x_wconf 82' lang='lat' dir='ltr'><strong>creavit</strong></span> <span class='ocrx_word' id='word_1_450' title='bbox 3041 3765 3054 3801; x_wconf 87' lang='lat'><strong>:</strong></span> <span class='ocrx_word' id='word_1_451' title='bbox 3080 3756 3133 3801; x_wconf 89' lang='lat' dir='ltr'><strong>et</strong></span> <span class='ocrx_word' id='word_1_452' title='bbox 3167 3746 3437 3815; x_wconf 78' lang='lat' dir='ltr'><strong>gloriﬁcas</strong></span> 
     </span>
    </p>
   </div>
   <div class='ocr_carea' id='block_1_79' title="bbox 1868 3839 3434 3913">
    <p class='ocr_par' dir='ltr' id='par_1_79' title="bbox 1868 3839 3434 3913">
     <span class='ocr_line' id='line_1_79' title="bbox 1868 3839 3434 3913; baseline -0.008 -10"><span class='ocrx_word' id='word_1_453' title='bbox 1868 3849 2022 3909; x_wconf 84' lang='lat' dir='ltr'><strong>illud.</strong></span> <span class='ocrx_word' id='word_1_454' title='bbox 2068 3864 2101 3902; x_wconf 92' lang='grc' dir='ltr'><strong>ο</strong></span> <span class='ocrx_word' id='word_1_455' title='bbox 2134 3846 2468 3911; x_wconf 83' lang='lat' dir='ltr'><strong>castissima,</strong></span> <span class='ocrx_word' id='word_1_456' title='bbox 2502 3847 2627 3897; x_wconf 86' lang='lat' dir='ltr'><strong>dum</strong></span> <span class='ocrx_word' id='word_1_457' title='bbox 2663 3843 2863 3913; x_wconf 65' lang='lat' dir='ltr'><strong>praebet</strong></span> <span class='ocrx_word' id='word_1_458' title='bbox 2893 3843 3115 3895; x_wconf 88' lang='lat' dir='ltr'><strong>verbum</strong></span> <span class='ocrx_word' id='word_1_459' title='bbox 3161 3840 3288 3903; x_wconf 90' lang='lat' dir='ltr'><strong>illis,</strong></span> <span class='ocrx_word' id='word_1_460' title='bbox 3341 3839 3434 3908; x_wconf 90' lang='lat' dir='ltr'><strong>qui</strong></span> 
     </span>
    </p>
   </div>
   <div class='ocr_carea' id='block_1_80' title="bbox 1868 3935 2623 4010">
    <p class='ocr_par' dir='ltr' id='par_1_80' title="bbox 1868 3935 2623 4010">
     <span class='ocr_line' id='line_1_80' title="bbox 1868 3935 2623 4010; baseline -0.012 -15"><span class='ocrx_word' id='word_1_461' title='bbox 1868 3957 2013 3995; x_wconf 86' lang='lat' dir='ltr'><strong>nunc</strong></span> <span class='ocrx_word' id='word_1_462' title='bbox 2044 3941 2194 4010; x_wconf 62' lang='lat' dir='ltr'><strong>spure</strong></span> <span class='ocrx_word' id='word_1_463' title='bbox 2230 3938 2459 3992; x_wconf 87' lang='lat' dir='ltr'><strong>credunt</strong></span> <span class='ocrx_word' id='word_1_464' title='bbox 2497 3935 2623 3989; x_wconf 80' lang='lat' dir='ltr'><strong>sibi.</strong></span> 
     </span>
    </p>
   </div>
   <div class='ocr_carea' id='block_1_81' title="bbox 1940 4021 3436 4097">
    <p class='ocr_par' dir='ltr' id='par_1_81' title="bbox 1940 4021 3436 4097">
     <span class='ocr_line' id='line_1_81' title="bbox 1940 4021 3436 4097; baseline -0.009 -14"><span class='ocrx_word' id='word_1_465' title='bbox 1940 4029 2078 4085; x_wconf 86' lang='lat' dir='ltr'><strong>Ecce</strong></span> <span class='ocrx_word' id='word_1_466' title='bbox 2133 4029 2596 4097; x_wconf 76' lang='lat' dir='ltr'><strong>diviuiloquorum</strong></span> <span class='ocrx_word' id='word_1_467' title='bbox 2656 4038 2818 4078; x_wconf 86' lang='lat' dir='ltr'><strong>voces</strong></span> <span class='ocrx_word' id='word_1_468' title='bbox 2868 4021 3029 4075; x_wconf 90' lang='lat' dir='ltr'><strong>ﬁnem</strong></span> <span class='ocrx_word' id='word_1_469' title='bbox 3086 4026 3436 4087; x_wconf 86' lang='lat' dir='ltr'><strong>acceperunt,</strong></span> 
     </span>
    </p>
   </div>
   <div class='ocr_carea' id='block_1_82' title="bbox 1871 4110 3435 4193">
    <p class='ocr_par' dir='ltr' id='par_1_82' title="bbox 1871 4110 3435 4193">
     <span class='ocr_line' id='line_1_82' title="bbox 1871 4110 3435 4193; baseline -0.01 -15"><span class='ocrx_word' id='word_1_470' title='bbox 1871 4123 2118 4193; x_wconf 88' lang='lat' dir='ltr'><strong>pariente</strong></span> <span class='ocrx_word' id='word_1_471' title='bbox 2156 4132 2207 4175; x_wconf 91' lang='lat' dir='ltr'><strong>te</strong></span> <span class='ocrx_word' id='word_1_472' title='bbox 2256 4115 2837 4188; x_wconf 88' lang='lat' dir='ltr'><strong>supersuhstautialem</strong></span> <span class='ocrx_word' id='word_1_473' title='bbox 2884 4111 3201 4173; x_wconf 90' lang='lat' dir='ltr'><strong>Dominum,</strong></span> <span class='ocrx_word' id='word_1_474' title='bbox 3234 4111 3301 4163; x_wconf 91' lang='lat' dir='ltr'><strong>ab</strong></span> <span class='ocrx_word' id='word_1_475' title='bbox 3329 4110 3435 4163; x_wconf 84' lang='lat' dir='ltr'><strong>illis</strong></span> 
     </span>
    </p>
   </div>
   <div class='ocr_carea' id='block_1_83' title="bbox 1868 4201 3435 4274">
    <p class='ocr_par' dir='ltr' id='par_1_83' title="bbox 1868 4201 3435 4274">
     <span class='ocr_line' id='line_1_83' title="bbox 1868 4201 3435 4274; baseline -0.011 -3"><span class='ocrx_word' id='word_1_476' title='bbox 1868 4216 2201 4271; x_wconf 88' lang='lat' dir='ltr'><strong>declaratum</strong></span> <span class='ocrx_word' id='word_1_477' title='bbox 2231 4227 2293 4265; x_wconf 89' lang='lat' dir='ltr'><strong>ac</strong></span> <span class='ocrx_word' id='word_1_478' title='bbox 2315 4211 2775 4270; x_wconf 89' lang='lat' dir='ltr'><strong>demonstratum,</strong></span> <span class='ocrx_word' id='word_1_479' title='bbox 2809 4219 2842 4258; x_wconf 91' lang='grc' dir='ltr'><strong>ο</strong></span> <span class='ocrx_word' id='word_1_480' title='bbox 2877 4204 2987 4257; x_wconf 88' lang='lat' dir='ltr'><strong>Deo</strong></span> <span class='ocrx_word' id='word_1_481' title='bbox 3020 4203 3354 4274; x_wconf 85' lang='lat' dir='ltr'><strong>gratissima,</strong></span> <span class='ocrx_word' id='word_1_482' title='bbox 3383 4201 3435 4253; x_wconf 88' lang='lat' dir='ltr'><strong>in</strong></span> 
     </span>
    </p>
   </div>
   <div class='ocr_carea' id='block_1_84' title="bbox 1869 4294 3437 4365">
    <p class='ocr_par' dir='ltr' id='par_1_84' title="bbox 1869 4294 3437 4365">
     <span class='ocr_line' id='line_1_84' title="bbox 1869 4294 3437 4365; baseline -0.012 0"><span class='ocrx_word' id='word_1_483' title='bbox 1869 4309 2097 4365; x_wconf 81' lang='lat' dir='ltr'><strong>salutem</strong></span> <span class='ocrx_word' id='word_1_484' title='bbox 2138 4304 2379 4358; x_wconf 87' lang='lat' dir='ltr'><strong>ﬁdelium</strong></span> <span class='ocrx_word' id='word_1_485' title='bbox 2423 4299 2779 4354; x_wconf 89' lang='lat' dir='ltr'><strong>clamantium</strong></span> <span class='ocrx_word' id='word_1_486' title='bbox 2837 4313 2851 4350; x_wconf 88' lang='lat'><strong>:</strong></span> <span class='ocrx_word' id='word_1_487' title='bbox 2888 4295 3219 4358; x_wconf 86' lang='lat' dir='ltr'><strong>Benedicite,</strong></span> <span class='ocrx_word' id='word_1_488' title='bbox 3253 4294 3437 4347; x_wconf 89' lang='lat' dir='ltr'><strong>omnia</strong></span> 
     </span>
    </p>
   </div>
   <div class='ocr_carea' id='block_1_85' title="bbox 1869 4392 2587 4471">
    <p class='ocr_par' dir='ltr' id='par_1_85' title="bbox 1869 4392 2587 4471">
     <span class='ocr_line' id='line_1_85' title="bbox 1869 4392 2587 4471; baseline -0.015 -16"><span class='ocrx_word' id='word_1_489' title='bbox 1869 4403 2033 4471; x_wconf 83' lang='lat' dir='ltr'><strong>opera‘</strong></span> <span class='ocrx_word' id='word_1_490' title='bbox 2062 4396 2296 4461; x_wconf 77' lang='lat' dir='ltr'><strong>Domini;</strong></span> <span class='ocrx_word' id='word_1_491' title='bbox 2333 4392 2587 4446; x_wconf 91' lang='lat' dir='ltr'><strong>Domino.</strong></span> 
     </span>
    </p>
   </div>
   <div class='ocr_carea' id='block_1_86' title="bbox 1946 4472 3438 4559">
    <p class='ocr_par' dir='ltr' id='par_1_86' title="bbox 1946 4472 3438 4559">
     <span class='ocr_line' id='line_1_86' title="bbox 1946 4472 3438 4559; baseline -0.015 -12"><span class='ocrx_word' id='word_1_492' title='bbox 1946 4489 2106 4559; x_wconf 65' lang='grc'><strong>154</strong></span> <span class='ocrx_word' id='word_1_493' title='bbox 2142 4483 2465 4554; x_wconf 75' lang='lat' dir='ltr'><strong>Archangeli</strong></span> <span class='ocrx_word' id='word_1_494' title='bbox 2497 4496 2631 4535; x_wconf 86' lang='lat' dir='ltr'><strong>voce</strong></span> <span class='ocrx_word' id='word_1_495' title='bbox 2676 4479 2744 4533; x_wconf 89' lang='lat' dir='ltr'><strong>ad</strong></span> <span class='ocrx_word' id='word_1_496' title='bbox 2780 4487 2835 4532; x_wconf 88' lang='lat' dir='ltr'><strong>te</strong></span> <span class='ocrx_word' id='word_1_497' title='bbox 2866 4491 2989 4529; x_wconf 87' lang='lat' dir='ltr'><strong>cum</strong></span> <span class='ocrx_word' id='word_1_498' title='bbox 3029 4473 3227 4545; x_wconf 88' lang='lat' dir='ltr'><strong>gaudio</strong></span> <span class='ocrx_word' id='word_1_499' title='bbox 3256 4472 3438 4527; x_wconf 73' lang='lat' dir='ltr'><strong>excla-</strong></span> 
     </span>
    </p>
   </div>
   <div class='ocr_carea' id='block_1_87' title="bbox 198 4563 1761 4658">
    <p class='ocr_par' dir='ltr' id='par_1_87' title="bbox 198 4577 1761 4649">
     <span class='ocr_line' id='line_1_87' title="bbox 198 4577 1761 4649; baseline -0.001 -18"><span class='ocrx_word' id='word_1_500' title='bbox 198 4577 436 4645; x_wconf 84' lang='grc' dir='ltr'>αγγέλου</span> <span class='ocrx_word' id='word_1_501' title='bbox 461 4594 476 4609; x_wconf 68' lang='grc' dir='ltr'><strong><em>υ</em></strong></span> <span class='ocrx_word' id='word_1_502' title='bbox 520 4579 709 4649; x_wconf 84' lang='grc' dir='ltr'>Χαῖρε,</span> <span class='ocrx_word' id='word_1_503' title='bbox 739 4580 771 4644; x_wconf 86' lang='grc' dir='ltr'><strong>ἡ</strong></span> <span class='ocrx_word' id='word_1_504' title='bbox 806 4577 951 4649; x_wconf 79' lang='grc' dir='ltr'>χαρά</span> <span class='ocrx_word' id='word_1_505' title='bbox 975 4578 1083 4630; x_wconf 90' lang='grc' dir='ltr'><strong>τῶν</strong></span> <span class='ocrx_word' id='word_1_506' title='bbox 1102 4577 1369 4645; x_wconf 82' lang='grc' dir='ltr'>ἀγγέλων,</span> <span class='ocrx_word' id='word_1_507' title='bbox 1394 4579 1502 4630; x_wconf 91' lang='grc' dir='ltr'><strong>τῶν</strong></span> <span class='ocrx_word' id='word_1_508' title='bbox 1533 4578 1761 4630; x_wconf 83' lang='grc' dir='ltr'>ἀποστό-</span> 
     </span>
    </p>
   </div>
   <div class='ocr_carea' id='block_1_88' title="bbox 1866 4563 3440 4658">
    <p class='ocr_par' dir='ltr' id='par_1_88' title="bbox 1875 4563 3440 4645">
     <span class='ocr_line' id='line_1_88' title="bbox 1875 4563 3440 4645; baseline -0.013 -10"><span class='ocrx_word' id='word_1_509' title='bbox 1875 4596 2090 4635; x_wconf 89' lang='lat' dir='ltr'><strong>mamus</strong></span> <span class='ocrx_word' id='word_1_510' title='bbox 2119 4596 2133 4631; x_wconf 86' lang='lat'><strong>:</strong></span> <span class='ocrx_word' id='word_1_511' title='bbox 2160 4593 2191 4630; x_wconf 93' lang='grc' dir='ltr'><strong>ο</strong></span> <span class='ocrx_word' id='word_1_512' title='bbox 2228 4574 2409 4645; x_wconf 82' lang='lat' dir='ltr'><strong>Virgo.</strong></span> <span class='ocrx_word' id='word_1_513' title='bbox 2444 4572 2654 4636; x_wconf 82' lang='lat' dir='ltr'><strong>Gaude,</strong></span> <span class='ocrx_word' id='word_1_514' title='bbox 2706 4569 2957 4639; x_wconf 77' lang='lat' dir='ltr'><strong>gaudium</strong></span> <span class='ocrx_word' id='word_1_515' title='bbox 2994 4565 3334 4635; x_wconf 81' lang='lat' dir='ltr'><strong>angelorum,</strong></span> <span class='ocrx_word' id='word_1_516' title='bbox 3366 4563 3440 4615; x_wconf 85' lang='lat' dir='ltr'><strong>ti-</strong></span> 
     </span>
    </p>
   </div>
   <div class='ocr_carea' id='block_1_89' title="bbox 198 4674 1768 4747">
    <p class='ocr_par' dir='ltr' id='par_1_89' title="bbox 198 4674 1768 4747">
     <span class='ocr_line' id='line_1_89' title="bbox 198 4674 1768 4747; baseline -0.001 -19"><span class='ocrx_word' id='word_1_517' title='bbox 198 4676 310 4729; x_wconf 83' lang='grc' dir='ltr'><strong>λων</strong></span> <span class='ocrx_word' id='word_1_518' title='bbox 344 4676 404 4729; x_wconf 89' lang='grc' dir='ltr'><strong>τὸ</strong></span> <span class='ocrx_word' id='word_1_519' title='bbox 443 4677 848 4747; x_wconf 87' lang='grc' dir='ltr'>σεμνολόγημα,</span> <span class='ocrx_word' id='word_1_520' title='bbox 902 4676 995 4729; x_wconf 73' lang='grc' dir='ltr'>καὶ</span> <span class='ocrx_word' id='word_1_521' title='bbox 1042 4674 1339 4746; x_wconf 82' lang='grc' dir='ltr'>προφητῶν</span> <span class='ocrx_word' id='word_1_522' title='bbox 1372 4674 1432 4727; x_wconf 88' lang='grc' dir='ltr'><strong>τὸ</strong></span> <span class='ocrx_word' id='word_1_523' title='bbox 1467 4674 1731 4744; x_wconf 84' lang='grc' dir='ltr'>κήρυγμα</span> <span class='ocrx_word' id='word_1_524' title='bbox 1753 4712 1768 4738; x_wconf 90' lang='grc'><strong>,</strong></span> 
     </span>
    </p>
   </div>
   <div class='ocr_carea' id='block_1_90' title="bbox 199 4768 1246 4841">
    <p class='ocr_par' dir='ltr' id='par_1_90' title="bbox 199 4768 1246 4841">
     <span class='ocr_line' id='line_1_90' title="bbox 199 4768 1246 4841; baseline -0.001 -20"><span class='ocrx_word' id='word_1_525' title='bbox 199 4769 297 4821; x_wconf 76' lang='grc' dir='ltr'>καὶ</span> <span class='ocrx_word' id='word_1_526' title='bbox 332 4768 441 4821; x_wconf 90' lang='grc' dir='ltr'><strong>τῶν</strong></span> <span class='ocrx_word' id='word_1_527' title='bbox 478 4768 769 4841; x_wconf 88' lang='grc' dir='ltr'>μαρτύρων</span> <span class='ocrx_word' id='word_1_528' title='bbox 800 4768 860 4821; x_wconf 81' lang='grc' dir='ltr'><strong>τὸ</strong></span> <span class='ocrx_word' id='word_1_529' title='bbox 894 4768 1246 4837; x_wconf 82' lang='grc' dir='ltr'>στεφάνωμα.</span> 
     </span>
    </p>
   </div>
   <div class='ocr_carea' id='block_1_91' title="bbox 212 4899 1771 4971">
    <p class='ocr_par' dir='ltr' id='par_1_91' title="bbox 212 4899 1771 4971">
     <span class='ocr_line' id='line_1_91' title="bbox 212 4899 1771 4971; baseline 0.011 -21"><span class='ocrx_word' id='word_1_530' title='bbox 212 4900 311 4951; x_wconf 81' lang='grc' dir='ltr'>Ἐκ</span> <span class='ocrx_word' id='word_1_531' title='bbox 362 4899 467 4953; x_wconf 82' lang='grc' dir='ltr'>τοῦ</span> <span class='ocrx_word' id='word_1_532' title='bbox 508 4901 772 4959; x_wconf 74' lang='grc' dir='ltr'>Κανόνοε·</span> <span class='ocrx_word' id='word_1_533' title='bbox 810 4904 896 4967; x_wconf 84' lang='grc' dir='ltr'><strong>είς</strong></span> <span class='ocrx_word' id='word_1_534' title='bbox 916 4901 1058 4967; x_wconf 82' lang='grc' dir='ltr'>τοὺς</span> <span class='ocrx_word' id='word_1_535' title='bbox 1088 4900 1292 4971; x_wconf 73' lang='grc' dir='ltr'>ἁγίους</span> <span class='ocrx_word' id='word_1_536' title='bbox 1323 4899 1771 4971; x_wconf 63' lang='grc' dir='ltr'>μάρττιῬαςΣύ·</span> 
     </span>
    </p>
   </div>
   <div class='ocr_carea' id='block_1_92' title="bbox 274 4968 1772 5059">
    <p class='ocr_par' dir='ltr' id='par_1_92' title="bbox 274 4968 1772 5059">
     <span class='ocr_line' id='line_1_92' title="bbox 274 4968 1772 5059; baseline 0 -37"><span class='ocrx_word' id='word_1_537' title='bbox 274 4974 432 5059; x_wconf 33' lang='grc' dir='ltr'><strong>λανπ</strong></span> <span class='ocrx_word' id='word_1_538' title='bbox 468 4973 803 5025; x_wconf 74' lang='grc' dir='ltr'>Σιλουανὸν</span> <span class='ocrx_word' id='word_1_539' title='bbox 844 4973 943 5024; x_wconf 74' lang='grc' dir='ltr'><strong>καί</strong></span> <span class='ocrx_word' id='word_1_540' title='bbox 996 4968 1144 5037; x_wconf 64' lang='grc' dir='ltr'><strong>τούξ</strong></span> <span class='ocrx_word' id='word_1_541' title='bbox 1177 4970 1300 5024; x_wconf 83' lang='grc' dir='ltr'><strong>σὺν</strong></span> <span class='ocrx_word' id='word_1_542' title='bbox 1326 4968 1575 5037; x_wconf 68' lang='grc' dir='ltr'>ἀὺτοῐς,</span> <span class='ocrx_word' id='word_1_543' title='bbox 1627 4968 1772 5038; x_wconf 72' lang='grc' dir='ltr'><strong>ὴμέ-</strong></span> 
     </span>
    </p>
   </div>
   <div class='ocr_carea' id='block_1_93' title="bbox 270 5058 453 5111">
    <p class='ocr_par' dir='ltr' id='par_1_93' title="bbox 270 5058 453 5111">
     <span class='ocr_line' id='line_1_93' title="bbox 270 5058 453 5111; baseline 0 -19"><span class='ocrx_word' id='word_1_544' title='bbox 270 5058 349 5111; x_wconf 80' lang='grc' dir='ltr'>ρᾳ</span> <span class='ocrx_word' id='word_1_545' title='bbox 391 5058 425 5091; x_wconf 65' lang='grc' dir='ltr'><strong>Α</strong></span> <span class='ocrx_word' id='word_1_546' title='bbox 438 5077 453 5092; x_wconf 94' lang='grc'><strong>.</strong></span> 
     </span>
    </p>
   </div>
   <div class='ocr_carea' id='block_1_94' title="bbox 284 5153 1773 5225">
    <p class='ocr_par' dir='ltr' id='par_1_94' title="bbox 284 5153 1773 5225">
     <span class='ocr_line' id='line_1_94' title="bbox 284 5153 1773 5225; baseline 0 -18"><span class='ocrx_word' id='word_1_547' title='bbox 284 5154 703 5225; x_wconf 80' lang='grc' dir='ltr'>’Υπερύμνητον</span> <span class='ocrx_word' id='word_1_548' title='bbox 751 5154 885 5207; x_wconf 85' lang='grc' dir='ltr'>Θεὸν</span> <span class='ocrx_word' id='word_1_549' title='bbox 935 5155 1190 5223; x_wconf 71' lang='grc' dir='ltr'>ἀρρήτως</span> <span class='ocrx_word' id='word_1_550' title='bbox 1230 5154 1455 5217; x_wconf 84' lang='grc' dir='ltr'>τέτοκας</span> <span class='ocrx_word' id='word_1_551' title='bbox 1492 5153 1671 5224; x_wconf 70' lang='grc' dir='ltr'>σάρκα</span> <span class='ocrx_word' id='word_1_552' title='bbox 1708 5154 1773 5207; x_wconf 81' lang='grc' dir='ltr'>ὲκ</span> 
     </span>
    </p>
   </div>
   <div class='ocr_carea' id='block_1_95' title="bbox 204 5244 1769 5316">
    <p class='ocr_par' dir='ltr' id='par_1_95' title="bbox 204 5244 1769 5316">
     <span class='ocr_line' id='line_1_95' title="bbox 204 5244 1769 5316; baseline -0.006 -16"><span class='ocrx_word' id='word_1_553' title='bbox 204 5246 299 5300; x_wconf 78' lang='grc' dir='ltr'>σοῦ</span> <span class='ocrx_word' id='word_1_554' title='bbox 350 5246 655 5315; x_wconf 82' lang='grc' dir='ltr'>φορέσαντα</span> <span class='ocrx_word' id='word_1_555' title='bbox 701 5244 769 5296; x_wconf 76' lang='grc' dir='ltr'><strong>δι’</strong></span> <span class='ocrx_word' id='word_1_556' title='bbox 822 5244 1157 5314; x_wconf 81' lang='grc' dir='ltr'>ἀγαθότητα,</span> <span class='ocrx_word' id='word_1_557' title='bbox 1207 5246 1560 5316; x_wconf 83' lang='grc' dir='ltr'>ὑπερύμνητε</span> <span class='ocrx_word' id='word_1_558' title='bbox 1609 5246 1769 5313; x_wconf 69' lang='grc' dir='ltr'>ἁγνήν</span> 
     </span>
    </p>
   </div>
   <div class='ocr_carea' id='block_1_96' title="bbox 201 5337 1775 5408">
    <p class='ocr_par' dir='ltr' id='par_1_96' title="bbox 201 5337 1775 5408">
     <span class='ocr_line' id='line_1_96' title="bbox 201 5337 1775 5408; baseline -0.001 -17"><span class='ocrx_word' id='word_1_559' title='bbox 201 5340 327 5392; x_wconf 77' lang='grc' dir='ltr'>ὅθεν</span> <span class='ocrx_word' id='word_1_560' title='bbox 360 5342 417 5391; x_wconf 82' lang='grc' dir='ltr'>ὲν</span> <span class='ocrx_word' id='word_1_561' title='bbox 440 5340 645 5406; x_wconf 84' lang='grc' dir='ltr'>φωναῖς</span> <span class='ocrx_word' id='word_1_562' title='bbox 675 5337 1111 5408; x_wconf 80' lang='grc' dir='ltr'>εὐχαριστηρίοις</span> <span class='ocrx_word' id='word_1_563' title='bbox 1158 5337 1561 5407; x_wconf 80' lang='grc' dir='ltr'>ύμνολογοῦμέν</span> <span class='ocrx_word' id='word_1_564' title='bbox 1592 5354 1650 5389; x_wconf 92' lang='grc' dir='ltr'>σε</span> <span class='ocrx_word' id='word_1_565' title='bbox 1682 5337 1775 5389; x_wconf 75' lang='grc' dir='ltr'>καὶ</span> 
     </span>
    </p>
   </div>
   <div class='ocr_carea' id='block_1_97' title="bbox 207 5429 1388 5503">
    <p class='ocr_par' dir='ltr' id='par_1_97' title="bbox 207 5429 1388 5503">
     <span class='ocr_line' id='line_1_97' title="bbox 207 5429 1388 5503; baseline -0.002 -18"><span class='ocrx_word' id='word_1_566' title='bbox 207 5431 605 5503; x_wconf 76' lang='grc' dir='ltr'>μακαρίζομεν,</span> <span class='ocrx_word' id='word_1_567' title='bbox 642 5429 718 5494; x_wconf 84' lang='grc' dir='ltr'><strong>ὡς</strong></span> <span class='ocrx_word' id='word_1_568' title='bbox 750 5429 915 5483; x_wconf 83' lang='grc' dir='ltr'>πάλαι</span> <span class='ocrx_word' id='word_1_569' title='bbox 954 5430 1388 5500; x_wconf 72' lang='grc' dir='ltr'>προεφήτευσας.</span> 
     </span>
    </p>
   </div>
   <div class='ocr_carea' id='block_1_98' title="bbox 274 5608 1776 5682">
    <p class='ocr_par' dir='ltr' id='par_1_98' title="bbox 274 5608 1776 5682">
     <span class='ocr_line' id='line_1_98' title="bbox 274 5608 1776 5682; baseline -0.006 -12"><span class='ocrx_word' id='word_1_570' title='bbox 274 5614 472 5681; x_wconf 81' lang='grc' dir='ltr'>Εὐρών</span> <span class='ocrx_word' id='word_1_571' title='bbox 522 5632 580 5668; x_wconf 91' lang='grc' dir='ltr'>σε</span> <span class='ocrx_word' id='word_1_572' title='bbox 620 5614 731 5667; x_wconf 89' lang='grc' dir='ltr'><strong>τῶν</strong></span> <span class='ocrx_word' id='word_1_573' title='bbox 763 5612 1011 5682; x_wconf 82' lang='grc' dir='ltr'>ἀγγέλων</span> <span class='ocrx_word' id='word_1_574' title='bbox 1039 5610 1430 5680; x_wconf 79' lang='grc' dir='ltr'>καθαρωτέραν</span> <span class='ocrx_word' id='word_1_575' title='bbox 1473 5609 1640 5663; x_wconf 79' lang='grc' dir='ltr'>ὑπέδυ</span> <span class='ocrx_word' id='word_1_576' title='bbox 1678 5608 1776 5675; x_wconf 84' lang='grc' dir='ltr'>τὴν</span> 
     </span>
    </p>
   </div>
   <div class='ocr_carea' id='block_1_99' title="bbox 204 5700 1775 5777">
    <p class='ocr_par' dir='ltr' id='par_1_99' title="bbox 204 5700 1775 5777">
     <span class='ocr_line' id='line_1_99' title="bbox 204 5700 1775 5777; baseline -0.006 -16"><span class='ocrx_word' id='word_1_577' title='bbox 204 5708 452 5777; x_wconf 77' lang='grc' dir='ltr'>γαστέρα</span> <span class='ocrx_word' id='word_1_578' title='bbox 505 5724 599 5759; x_wconf 92' lang='grc' dir='ltr'><strong>σου</strong></span> <span class='ocrx_word' id='word_1_579' title='bbox 644 5706 742 5777; x_wconf 79' lang='grc' dir='ltr'>τὴν</span> <span class='ocrx_word' id='word_1_580' title='bbox 788 5706 949 5773; x_wconf 87' lang='grc' dir='ltr'>ἁγίαν</span> <span class='ocrx_word' id='word_1_581' title='bbox 1002 5706 1029 5756; x_wconf 84' lang='grc' dir='ltr'>ὁ</span> <span class='ocrx_word' id='word_1_582' title='bbox 1085 5702 1199 5772; x_wconf 79' lang='grc' dir='ltr'><strong>φῶς</strong></span> <span class='ocrx_word' id='word_1_583' title='bbox 1254 5701 1417 5753; x_wconf 82' lang='grc' dir='ltr'>οἰκῶν</span> <span class='ocrx_word' id='word_1_584' title='bbox 1462 5700 1775 5771; x_wconf 84' lang='grc' dir='ltr'>ἀπρόσιτον,</span> 
     </span>
    </p>
   </div>
   <div class='ocr_carea' id='block_1_100' title="bbox 206 5792 1775 5866">
    <p class='ocr_par' dir='ltr' id='par_1_100' title="bbox 206 5792 1775 5866">
     <span class='ocr_line' id='line_1_100' title="bbox 206 5792 1775 5866; baseline -0.003 -16"><span class='ocrx_word' id='word_1_585' title='bbox 206 5800 464 5863; x_wconf 74' lang='grc' dir='ltr'>θεοτόκε,</span> <span class='ocrx_word' id='word_1_586' title='bbox 495 5803 589 5851; x_wconf 76' lang='grc' dir='ltr'>καὶ</span> <span class='ocrx_word' id='word_1_587' title='bbox 629 5797 786 5866; x_wconf 75' lang='grc' dir='ltr'>ὤφθη</span> <span class='ocrx_word' id='word_1_588' title='bbox 832 5796 1115 5866; x_wconf 82' lang='grc' dir='ltr'>ἄνθρωπος</span> <span class='ocrx_word' id='word_1_589' title='bbox 1153 5796 1216 5847; x_wconf 79' lang='grc' dir='ltr'>ἐκ</span> <span class='ocrx_word' id='word_1_590' title='bbox 1254 5792 1349 5847; x_wconf 79' lang='grc' dir='ltr'><strong>σού</strong></span> <span class='ocrx_word' id='word_1_591' title='bbox 1383 5792 1775 5865; x_wconf 86' lang='grc' dir='ltr'>σαρκούμενος,</span> 
     </span>
    </p>
   </div>
   <div class='ocr_carea' id='block_1_101' title="bbox 209 5888 1227 5959">
    <p class='ocr_par' dir='ltr' id='par_1_101' title="bbox 209 5888 1227 5959">
     <span class='ocr_line' id='line_1_101' title="bbox 209 5888 1227 5959; baseline -0.001 -16"><span class='ocrx_word' id='word_1_592' title='bbox 209 5893 266 5943; x_wconf 79' lang='grc' dir='ltr'>ὲν</span> <span class='ocrx_word' id='word_1_593' title='bbox 295 5890 413 5944; x_wconf 71' lang='grc' dir='ltr'>δυσὶ</span> <span class='ocrx_word' id='word_1_594' title='bbox 440 5893 558 5954; x_wconf 78' lang='grc' dir='ltr'>ταῖς</span> <span class='ocrx_word' id='word_1_595' title='bbox 590 5889 783 5958; x_wconf 71' lang='grc' dir='ltr'>φύσεσι</span> <span class='ocrx_word' id='word_1_596' title='bbox 812 5888 1227 5959; x_wconf 74' lang='grc' dir='ltr'>γνωριζόμενος.</span> 
     </span>
    </p>
   </div>
   <div class='ocr_carea' id='block_1_102' title="bbox 1875 4658 3445 4732">
    <p class='ocr_par' dir='ltr' id='par_1_102' title="bbox 1875 4658 3445 4732">
     <span class='ocr_line' id='line_1_102' title="bbox 1875 4658 3445 4732; baseline -0.013 -6"><span class='ocrx_word' id='word_1_597' title='bbox 1875 4672 2023 4726; x_wconf 90' lang='lat' dir='ltr'><strong>tulus</strong></span> <span class='ocrx_word' id='word_1_598' title='bbox 2080 4666 2415 4723; x_wconf 88' lang='lat' dir='ltr'><strong>honoriﬁcus</strong></span> <span class='ocrx_word' id='word_1_599' title='bbox 2467 4662 2866 4732; x_wconf 90' lang='lat' dir='ltr'><strong>apostolorum,</strong></span> <span class='ocrx_word' id='word_1_600' title='bbox 2927 4658 3260 4728; x_wconf 62' lang='lat' dir='ltr'><strong>pracouium</strong></span> <span class='ocrx_word' id='word_1_601' title='bbox 3317 4668 3445 4708; x_wconf 83' lang='lat' dir='ltr'><strong>nro-</strong></span> 
     </span>
    </p>
   </div>
   <div class='ocr_carea' id='block_1_103' title="bbox 1874 4766 2893 4836">
    <p class='ocr_par' dir='ltr' id='par_1_103' title="bbox 1874 4766 2893 4836">
     <span class='ocr_line' id='line_1_103' title="bbox 1874 4766 2893 4836; baseline -0.014 -17"><span class='ocrx_word' id='word_1_602' title='bbox 1874 4766 2183 4836; x_wconf 86' lang='lat' dir='ltr'><strong>phetarum,</strong></span> <span class='ocrx_word' id='word_1_603' title='bbox 2222 4768 2635 4829; x_wconf 83' lang='lat' dir='ltr'><strong>martyrumque</strong></span> <span class='ocrx_word' id='word_1_604' title='bbox 2669 4767 2893 4807; x_wconf 74' lang='lat' dir='ltr'><strong>corona.</strong></span> 
     </span>
    </p>
   </div>
   <div class='ocr_carea' id='block_1_104' title="bbox 1876 4879 3443 4965">
    <p class='ocr_par' dir='ltr' id='par_1_104' title="bbox 1876 4879 3443 4965">
     <span class='ocr_line' id='line_1_104' title="bbox 1876 4879 3443 4965; baseline -0.014 -11"><span class='ocrx_word' id='word_1_605' title='bbox 1876 4900 1961 4954; x_wconf 77' lang='lat' dir='ltr'><strong>Ea:</strong></span> <span class='ocrx_word' id='word_1_606' title='bbox 1992 4899 2204 4956; x_wconf 86' lang='lat' dir='ltr'><strong>Canone</strong></span> <span class='ocrx_word' id='word_1_607' title='bbox 2230 4898 2285 4950; x_wconf 79' lang='lat' dir='ltr'><strong>in</strong></span> <span class='ocrx_word' id='word_1_608' title='bbox 2321 4896 2454 4965; x_wconf 79' lang='lat' dir='ltr'><strong>[esto</strong></span> <span class='ocrx_word' id='word_1_609' title='bbox 2484 4891 2584 4946; x_wconf 89' lang='lat' dir='ltr'><strong>SS.</strong></span> <span class='ocrx_word' id='word_1_610' title='bbox 2630 4889 2796 4965; x_wconf 62' lang='lat' dir='ltr'><strong>Sync,</strong></span> <span class='ocrx_word' id='word_1_611' title='bbox 2831 4884 3159 4965; x_wconf 37' lang='lat' dir='ltr'><strong>etASylvam&#39;,</strong></span> <span class='ocrx_word' id='word_1_612' title='bbox 3191 4890 3239 4936; x_wconf 79' lang='lat' dir='ltr'><strong>et</strong></span> <span class='ocrx_word' id='word_1_613' title='bbox 3273 4879 3443 4934; x_wconf 79' lang='lat' dir='ltr'><strong>socio-</strong></span> 
     </span>
    </p>
   </div>
   <div class='ocr_carea' id='block_1_105' title="bbox 2368 4958 2946 5025">
    <p class='ocr_par' dir='ltr' id='par_1_105' title="bbox 2368 4958 2946 5025">
     <span class='ocr_line' id='line_1_105' title="bbox 2368 4958 2946 5025; baseline -0.012 -8"><span class='ocrx_word' id='word_1_614' title='bbox 2368 4982 2482 5017; x_wconf 80' lang='lat' dir='ltr'><strong>rum</strong></span> <span class='ocrx_word' id='word_1_615' title='bbox 2524 4958 2705 5025; x_wconf 39' lang='lat' dir='ltr'><strong>mari.)</strong></span> <span class='ocrx_word' id='word_1_616' title='bbox 2742 4960 2828 5012; x_wconf 80' lang='lat' dir='ltr'><strong>die</strong></span> <span class='ocrx_word' id='word_1_617' title='bbox 2856 4958 2946 5011; x_wconf 81' lang='lat'><strong>50.</strong></span> 
     </span>
    </p>
   </div>
   <div class='ocr_carea' id='block_1_106' title="bbox 1948 5132 3446 5216">
    <p class='ocr_par' dir='ltr' id='par_1_106' title="bbox 1948 5132 3446 5216">
     <span class='ocr_line' id='line_1_106' title="bbox 1948 5132 3446 5216; baseline -0.013 -14"><span class='ocrx_word' id='word_1_618' title='bbox 1948 5145 2302 5216; x_wconf 85' lang='lat' dir='ltr'><strong>Superiorem</strong></span> <span class='ocrx_word' id='word_1_619' title='bbox 2330 5139 2479 5194; x_wconf 90' lang='lat' dir='ltr'><strong>omni</strong></span> <span class='ocrx_word' id='word_1_620' title='bbox 2517 5136 2678 5191; x_wconf 91' lang='lat' dir='ltr'><strong>laude</strong></span> <span class='ocrx_word' id='word_1_621' title='bbox 2713 5134 2881 5189; x_wconf 89' lang='lat' dir='ltr'><strong>Deum</strong></span> <span class='ocrx_word' id='word_1_622' title='bbox 2922 5132 3264 5185; x_wconf 89' lang='lat' dir='ltr'><strong>incarnatum</strong></span> <span class='ocrx_word' id='word_1_623' title='bbox 3294 5143 3361 5183; x_wconf 78' lang='lat' dir='ltr'><strong>ex</strong></span> <span class='ocrx_word' id='word_1_624' title='bbox 3392 5136 3446 5182; x_wconf 89' lang='lat' dir='ltr'><strong>te</strong></span> 
     </span>
    </p>
   </div>
   <div class='ocr_carea' id='block_1_107' title="bbox 1876 5220 3446 5311">
    <p class='ocr_par' dir='ltr' id='par_1_107' title="bbox 1876 5220 3446 5311">
     <span class='ocr_line' id='line_1_107' title="bbox 1876 5220 3446 5311; baseline -0.015 -15"><span class='ocrx_word' id='word_1_625' title='bbox 1876 5249 2102 5311; x_wconf 82' lang='lat' dir='ltr'><strong>propter</strong></span> <span class='ocrx_word' id='word_1_626' title='bbox 2151 5250 2306 5291; x_wconf 90' lang='lat' dir='ltr'><strong>suam</strong></span> <span class='ocrx_word' id='word_1_627' title='bbox 2352 5231 2673 5291; x_wconf 87' lang='lat' dir='ltr'><strong>bonitatem,</strong></span> <span class='ocrx_word' id='word_1_628' title='bbox 2720 5224 3065 5279; x_wconf 69' lang='lat' dir='ltr'><strong>inell‘ahiliter</strong></span> <span class='ocrx_word' id='word_1_629' title='bbox 3102 5220 3380 5291; x_wconf 88' lang='lat' dir='ltr'><strong>peperisti,</strong></span> <span class='ocrx_word' id='word_1_630' title='bbox 3410 5235 3446 5273; x_wconf 92' lang='grc' dir='ltr'><strong>ο</strong></span> 
     </span>
    </p>
   </div>
   <div class='ocr_carea' id='block_1_108' title="bbox 1879 5313 3447 5391">
    <p class='ocr_par' dir='ltr' id='par_1_108' title="bbox 1879 5313 3447 5391">
     <span class='ocr_line' id='line_1_108' title="bbox 1879 5313 3447 5391; baseline -0.013 -4"><span class='ocrx_word' id='word_1_631' title='bbox 1879 5342 2030 5387; x_wconf 84' lang='lat' dir='ltr'><strong>casta</strong></span> <span class='ocrx_word' id='word_1_632' title='bbox 2078 5329 2225 5384; x_wconf 88' lang='lat' dir='ltr'><strong>omni</strong></span> <span class='ocrx_word' id='word_1_633' title='bbox 2275 5325 2432 5381; x_wconf 90' lang='lat' dir='ltr'><strong>laude</strong></span> <span class='ocrx_word' id='word_1_634' title='bbox 2479 5320 2777 5391; x_wconf 87' lang='lat' dir='ltr'><strong>superior:</strong></span> <span class='ocrx_word' id='word_1_635' title='bbox 2830 5331 3001 5387; x_wconf 86' lang='lat' dir='ltr'><strong>quare</strong></span> <span class='ocrx_word' id='word_1_636' title='bbox 3046 5330 3168 5369; x_wconf 91' lang='lat' dir='ltr'><strong>cum</strong></span> <span class='ocrx_word' id='word_1_637' title='bbox 3218 5313 3447 5368; x_wconf 90' lang='lat' dir='ltr'><strong>vocibus</strong></span> 
     </span>
    </p>
   </div>
   <div class='ocr_carea' id='block_1_109' title="bbox 1880 5406 3445 5497">
    <p class='ocr_par' dir='ltr' id='par_1_109' title="bbox 1880 5406 3445 5497">
     <span class='ocr_line' id='line_1_109' title="bbox 1880 5406 3445 5497; baseline -0.013 -19"><span class='ocrx_word' id='word_1_638' title='bbox 1880 5424 2177 5497; x_wconf 71' lang='lat' dir='ltr'><strong>gratiarum</strong></span> <span class='ocrx_word' id='word_1_639' title='bbox 2220 5416 2453 5473; x_wconf 90' lang='lat' dir='ltr'><strong>actionis</strong></span> <span class='ocrx_word' id='word_1_640' title='bbox 2501 5424 2550 5469; x_wconf 90' lang='lat' dir='ltr'><strong>te</strong></span> <span class='ocrx_word' id='word_1_641' title='bbox 2584 5412 2892 5473; x_wconf 85' lang='lat' dir='ltr'><strong>laudamus,</strong></span> <span class='ocrx_word' id='word_1_642' title='bbox 2940 5408 3285 5474; x_wconf 87' lang='lat' dir='ltr'><strong>dicimusque</strong></span> <span class='ocrx_word' id='word_1_643' title='bbox 3313 5406 3445 5459; x_wconf 87' lang='lat' dir='ltr'><strong>hea-</strong></span> 
     </span>
    </p>
   </div>
   <div class='ocr_carea' id='block_1_110' title="bbox 1882 5498 3338 5587">
    <p class='ocr_par' dir='ltr' id='par_1_110' title="bbox 1882 5498 3338 5587">
     <span class='ocr_line' id='line_1_110' title="bbox 1882 5498 3338 5587; baseline -0.016 -14"><span class='ocrx_word' id='word_1_644' title='bbox 1882 5530 2015 5582; x_wconf 91' lang='lat' dir='ltr'><strong>tam,</strong></span> <span class='ocrx_word' id='word_1_645' title='bbox 2048 5511 2506 5587; x_wconf 85' lang='lat' dir='ltr'><strong>quemadmodum</strong></span> <span class='ocrx_word' id='word_1_646' title='bbox 2540 5508 2669 5564; x_wconf 90' lang='lat' dir='ltr'><strong>olim</strong></span> <span class='ocrx_word' id='word_1_647' title='bbox 2725 5515 2779 5560; x_wconf 94' lang='lat' dir='ltr'><strong>tu</strong></span> <span class='ocrx_word' id='word_1_648' title='bbox 2830 5505 2945 5573; x_wconf 88' lang='lat' dir='ltr'><strong>ipsa</strong></span> <span class='ocrx_word' id='word_1_649' title='bbox 2976 5498 3338 5570; x_wconf 89' lang='lat' dir='ltr'><strong>prophetasti.</strong></span> 
     </span>
    </p>
   </div>
   <div class='ocr_carea' id='block_1_111' title="bbox 1953 5584 3446 5674">
    <p class='ocr_par' dir='ltr' id='par_1_111' title="bbox 1953 5584 3446 5674">
     <span class='ocr_line' id='line_1_111' title="bbox 1953 5584 3446 5674; baseline -0.017 -13"><span class='ocrx_word' id='word_1_650' title='bbox 1953 5584 2181 5674; x_wconf 26' lang='lat' dir='ltr'><strong>lllevqui</strong></span> <span class='ocrx_word' id='word_1_651' title='bbox 2222 5603 2398 5657; x_wconf 91' lang='lat' dir='ltr'><strong>lucem</strong></span> <span class='ocrx_word' id='word_1_652' title='bbox 2442 5597 2654 5652; x_wconf 81' lang='lat' dir='ltr'><strong>habitat</strong></span> <span class='ocrx_word' id='word_1_653' title='bbox 2693 5590 3147 5655; x_wconf 83' lang='lat' dir='ltr'><strong>inacccssibilem,</strong></span> <span class='ocrx_word' id='word_1_654' title='bbox 3198 5601 3323 5640; x_wconf 90' lang='lat' dir='ltr'><strong>cum</strong></span> <span class='ocrx_word' id='word_1_655' title='bbox 3366 5584 3446 5638; x_wconf 85' lang='lat' dir='ltr'><strong>in-</strong></span> 
     </span>
    </p>
   </div>
   <div class='ocr_carea' id='block_1_112' title="bbox 1884 5678 3447 5761">
    <p class='ocr_par' dir='ltr' id='par_1_112' title="bbox 1884 5678 3447 5761">
     <span class='ocr_line' id='line_1_112' title="bbox 1884 5678 3447 5761; baseline -0.015 -9"><span class='ocrx_word' id='word_1_656' title='bbox 1884 5699 2119 5754; x_wconf 86' lang='lat' dir='ltr'><strong>venisset</strong></span> <span class='ocrx_word' id='word_1_657' title='bbox 2149 5705 2220 5761; x_wconf 90' lang='lat' dir='ltr'><strong>te,</strong></span> <span class='ocrx_word' id='word_1_658' title='bbox 2254 5709 2287 5747; x_wconf 92' lang='lat' dir='ltr'><strong>o</strong></span> <span class='ocrx_word' id='word_1_659' title='bbox 2314 5691 2565 5760; x_wconf 90' lang='lat' dir='ltr'><strong>Deipara.</strong></span> <span class='ocrx_word' id='word_1_660' title='bbox 2598 5686 2807 5757; x_wconf 80' lang='lat' dir='ltr'><strong>angelis</strong></span> <span class='ocrx_word' id='word_1_661' title='bbox 2841 5682 3194 5743; x_wconf 89' lang='lat' dir='ltr'><strong>sanctiorem,</strong></span> <span class='ocrx_word' id='word_1_662' title='bbox 3234 5678 3447 5747; x_wconf 83' lang='lat' dir='ltr'><strong>ingres-</strong></span> 
     </span>
    </p>
   </div>
   <div class='ocr_carea' id='block_1_113' title="bbox 1885 5770 3447 5847">
    <p class='ocr_par' dir='ltr' id='par_1_113' title="bbox 1885 5770 3447 5847">
     <span class='ocr_line' id='line_1_113' title="bbox 1885 5770 3447 5847; baseline -0.015 0"><span class='ocrx_word' id='word_1_663' title='bbox 1885 5807 1980 5847; x_wconf 89' lang='lat' dir='ltr'><strong>sus</strong></span> <span class='ocrx_word' id='word_1_664' title='bbox 2011 5798 2095 5845; x_wconf 90' lang='lat' dir='ltr'><strong>est</strong></span> <span class='ocrx_word' id='word_1_665' title='bbox 2127 5788 2179 5841; x_wconf 92' lang='lat' dir='ltr'><strong>in</strong></span> <span class='ocrx_word' id='word_1_666' title='bbox 2207 5796 2423 5841; x_wconf 90' lang='lat' dir='ltr'><strong>uterum</strong></span> <span class='ocrx_word' id='word_1_667' title='bbox 2460 5792 2638 5846; x_wconf 91' lang='lat' dir='ltr'><strong>tuum,</strong></span> <span class='ocrx_word' id='word_1_668' title='bbox 2667 5788 2721 5835; x_wconf 88' lang='lat' dir='ltr'><strong>et</strong></span> <span class='ocrx_word' id='word_1_669' title='bbox 2750 5779 2914 5832; x_wconf 86' lang='lat' dir='ltr'><strong>homo</strong></span> <span class='ocrx_word' id='word_1_670' title='bbox 2950 5774 3126 5829; x_wconf 81' lang='lat' dir='ltr'><strong>factus</strong></span> <span class='ocrx_word' id='word_1_671' title='bbox 3149 5780 3230 5827; x_wconf 88' lang='lat' dir='ltr'><strong>est</strong></span> <span class='ocrx_word' id='word_1_672' title='bbox 3261 5770 3447 5827; x_wconf 86' lang='lat' dir='ltr'><strong>incar-</strong></span> 
     </span>
    </p>
   </div>
   <div class='ocr_carea' id='block_1_114' title="bbox 1888 5868 3164 5948">
    <p class='ocr_par' dir='ltr' id='par_1_114' title="bbox 1888 5868 3164 5948">
     <span class='ocr_line' id='line_1_114' title="bbox 1888 5868 3164 5948; baseline -0.016 -9"><span class='ocrx_word' id='word_1_673' title='bbox 1888 5896 2047 5940; x_wconf 89' lang='lat' dir='ltr'><strong>natus</strong></span> <span class='ocrx_word' id='word_1_674' title='bbox 2075 5898 2140 5939; x_wconf 73' lang='grc' dir='ltr'>ει</span> <span class='ocrx_word' id='word_1_675' title='bbox 2173 5890 2244 5948; x_wconf 89' lang='lat' dir='ltr'><strong>te,</strong></span> <span class='ocrx_word' id='word_1_676' title='bbox 2269 5879 2321 5936; x_wconf 91' lang='lat' dir='ltr'><strong>in</strong></span> <span class='ocrx_word' id='word_1_677' title='bbox 2344 5877 2559 5935; x_wconf 85' lang='lat' dir='ltr'><strong>duabus</strong></span> <span class='ocrx_word' id='word_1_678' title='bbox 2588 5874 2799 5931; x_wconf 84' lang='lat' dir='ltr'><strong>naturis</strong></span> <span class='ocrx_word' id='word_1_679' title='bbox 2830 5868 3164 5926; x_wconf 84' lang='lat' dir='ltr'><strong>notilicatus.</strong></span> 
     </span>
    </p>
   </div>
  </div>
