3996 6608
599 427 733 491 1159
1725 436 1784 495 S.
1825 436 2145 496 JOSEPHI
2189 437 2749 522 [IYMNOGRAIPIII
3649 451 3750 517 1100

667 538 1052 592 Miraculorum
1106 539 1350 593 omnium
1399 538 1895 595 eminentissinnun
1929 553 2010 596 est
2062 544 2166 597 mi-
2200 554 2241 603 Α

2200 554 2241 603 Λ
2275 527 2283 535 ’
2340 544 2650 614 Θαυματων
2689 541 2959 614 ὑπερέχον
2993 541 3206 612 πέφυκε
3233 543 3293 598 τὸ
3328 547 3383 599 ὲν
3422 551 3495 602 σοὶ
3529 559 3756 628 γενόμενος,

597 632 840 686 racnlnm
892 631 1096 686 factum
1151 633 1202 686 in
1239 640 1288 687 te
1329 650 1341 687 :
1388 633 1588 688 etenim
1647 643 1843 703 printer
1881 645 2174 690 consuetas

2277 637 2485 708 οαὓμα’
2526 638 2774 707 νομίμων
2802 637 2913 706 γὰρ
2945 635 3172 690 ἄνευθεν
3191 635 3289 708 τῆς
3316 638 3510 708 φύσεως
3540 647 3616 700 τὸν
3639 667 3753 720 νομο.

601 736 811 780 ησιυηε
848 725 1012 794 leges,
1045 726 1415 795 legislatorem
1465 725 1749 780 Christum
1779 727 2056 796 peperisti,
2082 727 2177 798 qui

2276 730 2436 800 δότην
2468 729 2703 800 Χριστὸν
2729 728 3064 790 ἀποτίκτεις,
3099 725 3194 797 τὴν
3214 729 3318 782 τῶν
3347 737 3659 807 προπατόρων
3685 759 3760 796 π]-

601 820 904 888 primorum
952 827 1242 888 parentum
1290 819 1789 890 transgressionem
1839 819 2100 884 abolevit,
2145 835 2179 873 0

1630 834 1789 874 onem
1839 819 2100 884 abolevit,
2145 835 2179 873 ο
2283 820 2511 893 ράϐασιν
2542 820 2761 886 λύοντα,
2795 821 3204 891 παναμώμητε.

600 905 1127 959 immaculatissima.

675 996 749 1050 Te
783 1005 943 1050 antea
972 996 1266 1066 descripsit
1310 995 1478 1050 David
1513 1005 1754 1050 montem
1791 997 2134 1067 coagulatam
2159 1040 2174 1064 ,

2350 1003 2418 1054 Σὲ
2444 1001 2472 1054 ὁ
2501 1001 2668 1054 Δαὸὶδ
2697 999 3098 1070 προδιέγραψεν
3139 1000 3262 1071 ὄρος
3300 1004 3648 1074 τετυρωμένον,
3674 1009 3759 1080 δρος

602 1101 840 1143 montem
881 1091 970 1144 Dei
1007 1091 1218 1154 nostri,
1253 1099 1496 1144 montem
1529 1090 1806 1160 pinguem.
1843 1088 1897 1143 lu
1938 1099 1988 1144 te
2011 1091 2176 1158 enim,

2278 1094 2372 1146 τοῦ
2407 1092 2540 1145 Θεοῦ
2577 1092 2756 1163 ἡμῶν,
2791 1090 2916 1162 ὅρος
2946 1092 3089 1146 πῖον·
3120 1091 3178 1145 ὲν
3206 1092 3287 1145 σοὶ
3314 1093 3435 1164 γὰρ,
3465 1093 3601 1164 κόρη,
3635 1097 3759 1163 ἔγνω·

599 1194 634 1233 o
669 1179 874 1249 puella.
917 1190 1062 1234 notae
1104 1180 1258 1234 factm
1287 1192 1417 1235 sunt
1447 1180 1592 1235 illius
1634 1182 1752 1243 viae.
1797 1181 1926 1234 dum
1959 1194 2176 1234 carnem

2285 1183 2546 1255 ρίσθησαν
2589 1183 2783 1238 τούτου
2827 1183 2883 1236 αἱ
2927 1185 3141 1254 πορεῖαι
3182 1182 3356 1253 σάρκα
3393 1183 3762 1255 πτωχεύσαντος,

603 1289 668 1326 ex
707 1284 758 1326 te
785 1273 1178 1340 emcndicavit,
1209 1287 1420 1342 nosque
1450 1273 1514 1326 ad
1542 1273 1827 1344 pristinam
1859 1272 2179 1341 dignitatem

1886 1272 2179 1341 liguitatem
2282 1277 2378 1331 καὶ
2409 1276 2544 1347 πρὸς
2572 1277 2632 1330 τὸ
2659 1277 2884 1348 ἀρχαῖον
2915 1278 3062 1348 ἡμᾶς
3093 1277 3464 1344 ὲπανάξαντος.

599 1366 840 1420 reduxit.

672 1457 810 1510 Cum
833 1456 1029 1511 Faclor
1052 1466 1102 1511 te
1135 1458 1390 1512 decoram
1421 1456 1826 1526 pulchritudine
1857 1453 2179 1520 invenisset,

2365 1465 2588 1537 Ὠραίαν
2637 1482 2696 1518 σε
2738 1465 2923 1518 κάλλει
2963 1467 2990 1519 ὁ
3036 1464 3271 1536 Ποιητὴς
3308 1465 3599 1535 εὑράμενος,
3623 1468 3671 1520 ἐν
3708 1469 3762 1522 σοι

605 1549 659 1602 in
709 1557 758 1601 te
789 1549 973 1617 posuit
1019 1549 1437 1602 tabernaculum
1477 1564 1662 1610 suum,
1696 1557 1749 1601 et
1777 1546 2061 1618 speciosus
2089 1561 2182 1599 su-

2281 1558 2583 1628 ὲσκήνωσε,
2623 1556 2716 1609 καὶ
2743 1556 2960 1624 ὼραίως
2992 1556 3134 1626 ὑπὲρ
3168 1556 3407 1618 ἅπαντας
3433 1557 3564 1618 υἱοὺς
3586 1558 3675 1610 τῶν
3697 1576 3761 1626 γη-

603 1655 701 1708 per
731 1654 921 1693 omnes
996 1640 1136 1693 filios
1181 1639 1579 1708 terrigenarum
1627 1639 1879 1707 apparuit
1918 1651 2181 1706 corpora-

2282 1649 2456 1718 γενῶν
2488 1649 2642 1720 ῶςρθη
2676 1645 3129 1718 σωματούμενος,
3166 1647 3400 1715 παναγία
3431 1648 3644 1717 Παρθὲνε
3670 1667 3761 1702 παν·

605 1741 716 1793 tus,
761 1747 792 1785 ο
828 1730 1178 1785 sanctissima
1223 1728 1411 1800 Virgo,
1461 1731 1607 1784 ornni
1643 1731 1801 1784 laude
1831 1729 2179 1799 dignissima.
2285 1741 2514 1812 ύμνητε.
2630 1752 2636 1758 ·

678 1825 924 1878 Dissolve
952 1823 1110 1878 funes
1143 1836 1490 1893 peccatorum
1518 1837 1763 1877 meorum
1787 1820 2183 1877 intercessione

2181 1846 2183 1868 ί
2355 1833 2531 1887 Λῦσόν
2564 1851 2664 1904 μου
2699 1832 2798 1896 τὰς
2831 1832 3018 1902 σειρὰς
3062 1829 3172 1883 τῶν
3202 1831 3540 1900 πταισμάτων
3566 1833 3621 1901 τῇ
3652 1847 3759 1900 pssi-

604 1926 720 1982 tua,
758 1930 790 1970 o
818 1929 968 1972 casta
995 1958 1010 1982 ,
1047 1924 1103 1970 et
1134 1915 1329 1986 colliga
1365 1930 1449 1969 me
1481 1913 1721 1984 perfecte
1751 1914 2021 1969 charitate
2050 1910 2181 1966 boni

2215 1956 2255 2010 Β
2283 1926 2408 1996 τεία
2439 1943 2554 1990 σου,
2587 1926 2750 1993 ἁγνὴ,
2782 1924 2878 1978 καὶ
2909 1927 2975 1994 τῇ
3009 1923 3199 1995 ἀγάπῃ
3242 1921 3456 1985 τελείως
3493 1920 3577 1974 τοῦ
3617 1922 3763 1991 ἀγαθοῦ

605 2007 727 2060 Filii
761 2008 837 2060 tni
879 2023 893 2060 :
927 2021 1051 2059 nam
1072 2006 1125 2058 in
1145 2006 1262 2060 dies
1283 2006 1499 2076 longius
1531 2004 1753 2059 discedo
1778 2004 1845 2059 ab
1873 2019 1938 2059 eo
1961 2019 2056 2074 per
2085 2003 2181 2057 de-

2215 2003 2250 2010 —
2288 2017 2417 2071 Υἱοῦ
2457 2033 2550 2070 σου
2580 2017 2906 2087 πρόσδησον,
2942 2016 3352 2086 μακρυνόμενον
3378 2013 3494 2067 καθ’
3520 2013 3710 2081 ἑκάστην
3729 2013 3766 2078 ἐξ

606 2101 812 2153 formes
839 2098 1146 2166 cupidines.
1509 2125 1521 2138 ·
1981 2143 1987 2150 -
2283 2107 2449 2162 αὑτοῦ
2477 2107 2544 2162 δι’
2576 2107 2778 2180 ἡδονῶν
2808 2107 3046 2161 ἀτόπων.

677 2213 844 2266 Parce
886 2211 1042 2274 mihi.
1069 2209 1164 2280 qui
1211 2209 1406 2263 iterum
1455 2214 1720 2261 venturus
1750 2221 1809 2260 es
1842 2222 1967 2261 cum
2011 2207 2183 2276 gloria

2352 2222 2541 2276 Φεῖσαί
2573 2240 2698 2294 μου,
2726 2221 2753 2272 ὁ
2782 2221 2992 2292 μέλλων
3014 2223 3070 2274 ὲν
3097 2219 3226 2293 δόξῃ
3258 2219 3411 2273 πάλιν
3435 2217 3657 2288 ἔρχεσθαι
3675 2217 3764 2270 Θεί⁸

605 2306 908 2359 divinitatis
947 2304 1199 2375 judicare
1249 2304 1436 2355 orbem
1509 2316 1802 2365 terrarum,
1859 2316 1892 2352 o
1929 2300 2181 2368 omnipo-

2283 2333 2445 2386 τητος
2480 2318 2662 2384 κρῖναι
2691 2313 2789 2383 τὴν
2811 2313 3160 2383 οἰκουμένην,
3190 2309 3568 2380 παντοδύναμε,
3593 2309 3767 2370 ἱκεσίαις

607 2407 728 2451 tcus
762 2394 1013 2460 Domine,
1057 2393 1213 2464 155
1247 2409 1341 2462 per
1378 2392 1806 2446 intercessiones
1850 2392 2021 2454 illius,
2062 2407 2184 2462 qua:

2283 2411 2383 2479 τῆς
2409 2407 2807 2478 ἀπειράνδρως,
2835 2406 3101 2467 Δέσποτα,
3135 2404 3399 2473 τεκούσης
3423 2419 3498 2466 σε,
3527 2401 3610 2454 καὶ
3639 2401 3695 2471 μὴ
3717 2405 3769 2458 si;

608 2486 857 2542 nesciens
881 2486 1056 2539 virum
1085 2485 1292 2554 peperit
1337 2494 1389 2538 te
1418 2500 1431 2536 :
1457 2493 1511 2537 et
1542 2499 1609 2537 ne
1642 2483 1698 2537 in
1737 2484 1915 2554 ignem
1957 2484 2183 2553 dcjicias

2122 2499 2183 2540 35
2285 2503 2396 2575 πῦρ
2429 2502 2720 2574 ἐκπέμψῃς
2752 2518 2821 2572 με
2854 2497 3306 2570 κατεγνωσμένον
3336 2496 3699 2568 ἁμαρτήμασιν.

607 2593 716 2640 me,
754 2577 824 2630 ob
861 2585 1081 2645 peccata
1115 2577 1486 2644 desperatum.

683 2733 765 2788 Ea;
798 2732 1012 2790 Canone
1043 2733 1096 2786 in
1132 2731 1266 2802 [esto
1309 2729 1369 2786 S.
1401 2730 1683 2784 Euducimi
1707 2732 1867 2800 justi,
1902 2734 1987 2787 die
2017 2734 2107 2789 '51.

2300 2747 2402 2800 Ἐκ
2439 2744 2547 2798 τοῦ
2577 2743 2848 2805 Καγόνος
2885 2742 2972 2805 εἰς
3006 2739 3112 2792 τὸν
3141 2737 3323 2790 ὅσιον
3358 2731 3452 2788 καί
3482 2731 3682 2784 δίκαιον
3699 2728 3773 2778 Εὐ·

2671 2881 2678 2887 _
2759 2813 3030 2880 δόκιμον,
3063 2809 3256 2878 ἡμέρᾳ
3283 2807 3384 2860 λα’.

679 2962 962 3032 Tanquam
993 2962 1294 3017 animatum
1333 2962 1426 3017 Dei
1472 2961 1799 3028 thalamum,
1842 2972 1896 3017 ct
1931 2961 2181 3017 lintribu-

2366 2974 2454 3038 Ὧς
2494 2972 2746 3027 παστάδα
2789 2970 3030 3042 ἔμψυχον
3060 2965 3200 3021 Θεοῦ
3242 2965 3334 3019 καὶ
3377 2959 3688 3031 θυμιατήριον
3710 2953 3772 3006 τοῦ

610 3054 722 3108 lum
759 3052 1021 3122 spiritalis
1052 3052 1342 3120 vitalisque
1391 3052 1669 3116 carbonis,
1704 3052 1996 3121 Deiparam
2039 3069 2183 3107 seni-

2320 3069 2473 3140 δητοῦ
2504 3069 2598 3122 καὶ
2629 3041 2942 3136 φωτοφόρου
2974 3061 3270 3133 ἄνθρακος,
3305 3057 3404 3127 τὴν
3430 3050 3771 3123 ἁειμακάρισον
3867 3057 3884 3070 ⁵

611 3153 707 3208 per
733 3141 1106 3195 beatissimam
1142 3142 1360 3212 hymnis
1385 3142 1748 3206 celebremus,
1778 3141 2142 3197 vociferantes
2166 3159 2178 3195 :

2283 3164 2684 3234 ἀνυμνήσωμεν
2719 3159 2979 3212 Θεοτόκον
3013 3154 3441 3226 κραυγάζοντες·
3470 3147 3636 3216 Χαῖρε,
3664 3143 3690 3210 ἡ
3715 3140 3771 3190 αῖ-

609 3234 743 3299 Ave,
773 3248 937 3287 causa
965 3235 1221 3289 salutaris
1249 3235 1686 3290 rcstaurationis.

2211 3300 2251 3323 ρ
2285 3256 2374 3308 τία
2405 3254 2504 3323 τῆς
2537 3250 2917 3322 σωτηριώδους
2945 3248 3327 3312 ἀναπλάσεως.

676 3323 814 3378 Cum
875 3341 1029 3380 esscs
1103 3327 1309 3393 angelis
1373 3326 1780 3391 honorabilior,
1862 3300 2254 3396 angelorumc

2211 3300 2256 3356 ρ’
3029 3300 3338 3407 τιμιωτέρα
3361 3333 3447 3386 τὸν
3478 3330 3680 3394 Κτίστην
3699 3323 3772 3375 τετυ

613 3415 928 3471 Creatorem
971 3425 1064 3470 tuo
1109 3422 1318 3488 gremio
1359 3419 1551 3481 tulisti,
1597 3434 1661 3472 ac
1702 3420 1978 3489 peperisti,
2016 3433 2049 3472 ο
2084 3417 2178 3470 Dei

2286 3437 2533 3506 ἀγγέλων
2569 3436 2638 3506 τῇ
2683 3436 2749 3504 σῇ
2775 3434 2928 3503 νηδύϊ
2961 3431 3273 3492 ὲῦἀστασας
3304 3426 3398 3481 καὶ
3429 3424 3655 3483 τέτοκας,
3688 3416 3773 3468 Bac-

610 3518 784 3560 mater
842 3509 898 3561 in
959 3509 1390 3578 redemptionem
1439 3511 1723 3564 hominum
1775 3511 2182 3566 concinentium

2289 3533 2483 3601 μῆτορ,
2521 3527 2729 3599 βροτῶν
2775 3528 2855 3588 είς
2885 3525 3154 3594 λύτρωσιν
3196 3523 3306 3574 τῶν
3338 3514 3680 3590 μελῳδούντων
3704 3521 3771 3560 σοι·

610 3598 705 3651 tibi
755 3615 769 3651 :
810 3597 929 3653 Non
974 3609 1058 3654 est
1108 3609 1355 3668 sanctus,
1392 3618 1425 3658 0
1460 3604 1833 3671 immaculata,
1876 3612 2070 3674 praeter
2109 3615 2181 3668 te,

2109 3615 2181 3668 ίθν
2430 3597 2597 3688 ἐστιν,
2622 3622 2878 3691 ἄχραντε,
2912 3616 3065 3685 ἅγιος
3093 3615 3236 3685 πλήν
3268 3630 3383 3677 σου,
3417 3609 3665 3664 Δέσποινα.

608 3685 858 3744 Domina.

684 3781 727 3834 υ
756 3780 907 3834 omni
933 3781 1091 3834 laude
1117 3781 1440 3850 dignissima
1478 3779 1642 3851 Virgo
1673 3793 1932 3852 perpetua
1955 3826 1969 3850 ,
2000 3794 2056 3838 tu
2092 3799 2186 3854 pe.

2357 3804 2683 3872 Πανύμνητε
2709 3799 2800 3854 τὸν
2829 3799 2940 3854 ἄνω
2966 3793 3329 3866 στρατηγίαις
3363 3787 3665 3861 ὑμνούμενον
3684 3780 3774 3834 Θεὸν

610 3873 797 3942 peristi
827 3873 1023 3943 Deum,
1055 3889 1180 3928 vere
1201 3876 1475 3928 hominem
1510 3874 1736 3940 factum,
1769 3891 1931 3946 quem
1961 3878 2183 3946 superni

2286 3895 2606 3964 ἀπεκύησας
2635 3891 2920 3961 ἄνθρωπον
2949 3889 3120 3950 ὄντως
3150 3887 3465 3965 γενόμενον,
3496 3883 3549 3934 ὃν
3574 3877 3686 3944 ὑπὲρ
3708 3872 3779 3924 τῶν

611 3967 841 4019 laudant
886 3969 1186 4021 exercitus.
1233 3964 1499 4021 Eumdem
1547 3983 1648 4037 pro
1685 3968 1857 4022 servis
1901 3971 2009 4022 tuis
2052 3985 2184 4038 sup-

2123 3985 2184 4038 P’
2286 3990 2486 4044 δούλων
2514 4005 2607 4041 σου
2633 3983 3018 4039 ἐκδυσωποῦσα
3053 3981 3128 4053 μὴ
3158 3979 3370 4050 παύσῃ.
3400 3971 3701 4044 ἁειπάρθινε.

609 4059 824 4127 pliciter
851 4073 1081 4114 exorare
1109 4077 1176 4114 ne
1201 4076 1410 4115 cesses.
1987 4058 1995 4067 ’

683 4173 866 4235 lli-um.
905 4176 997 4243 qui
1031 4190 1099 4229 ex
1135 4186 1184 4230 te
1219 4177 1540 4232 incarnatus
1577 4187 1680 4242 est,
1719 4193 1752 4233 o
1782 4175 1949 4247 Virgo
1994 4178 2181 4245 Mater,

2368 4187 2540 4258 ’Υπὲρ
2571 4187 2729 4257 ήμῶν
2756 4185 2848 4238 τὸν
2878 4187 2941 4238 ὲκ
2970 4183 3064 4237 σού
3100 4181 3478 4253 σαρκωοέντα,
3505 4167 3781 4244 Παρθενομῆ·

611 4282 828 4336 semper
873 4270 1167 4338 deprecare
1211 4287 1310 4340 pro
1354 4273 1510 4327 nobis
1558 4273 1905 4328 laudantibus
1952 4285 2024 4336 te,
2065 4286 2184 4328 uta

2285 4299 2405 4352 τορ,
2437 4282 2666 4335 πάντοτε
2690 4277 3054 4332 δυσώπειτῶν
3084 4293 3141 4329 σε
3164 4275 3496 4346 ὑμνούντων,
3525 4268 3604 4323 τοῦ
3629 4266 3779 4362 imput-

611 4360 966 4427 passionibus
1026 4370 1082 4414 ct
1136 4364 1393 4430 periculis
1472 4365 1789 4429 mortiferis,
1837 4381 1867 4418 a
1911 4366 2070 4421 malis
2119 4383 2185 4422 ac

2220 4359 2221 4362 η
2288 4375 2447 4444 θῆναι
2490 4374 2553 4424 ὲκ
2601 4371 2791 4424 παθῶν
2823 4372 2918 4423 καὶ
2959 4368 3244 4433 κινδύνων,
3281 4362 3618 4436 ψυχοφθόρων
3649 4359 3780 4409 κακῶν

610 4453 1094 4522 tribulationibus,
1123 4456 1192 4509 ab
1220 4469 1422 4512 aeterna
1463 4459 1706 4524 flamina,
1747 4476 1812 4515 ac
1843 4474 2002 4529 pmua
2051 4462 2186 4515 libe-

2287 4469 2380 4521 καὶ
2408 4466 2658 4537 ολίψεων,
2690 4465 2783 4518 καὶ
2823 4463 3185 4532 αἰωνιξούσης
3216 4459 3416 4531 φλογὸς
3440 4455 3529 4511 καὶ
3558 4451 3777 4506 κολάσεως·

607 4563 720 4599 I'Clll
729 4564 811 4602 ιη’.

679 4639 863 4693 Electa
913 4655 945 4694 a
1001 4643 1110 4695 Deo
1161 4640 1336 4706 fuisti,
1389 4653 1572 4714 utpote
1627 4645 2061 4715 speciosissima,
2148 4663 2182 4702 o
2218 4641 2257 4694 Ι)

2218 4641 2258 4694 Ῐ)
2367 4651 2628 4723 Ἐκλεκτὴ
2665 4649 2744 4720 τῷ
2786 4646 2907 4717 Θεῷ
2948 4645 3358 4716 ὲχρημὰτισας,
3394 4643 3468 4706 ὡς
3509 4633 3778 4723 ὼραιπάτητ

609 4731 816 4802 Virgo,
872 4734 1124 4804 factaque
1172 4751 1234 4791 es
1286 4739 1528 4804 ejusdem
1581 4743 1741 4794 sedes
1793 4755 1857 4796 ac
1899 4743 2182 4810 possessio

2284 4746 2485 4818 χωρίον
2519 4721 2834 4813 εὐρύχωρον
2879 4740 3096 4803 τούτου,
3149 4737 3434 4808 Παρθένε,
3468 4733 3696 4804 γέγονας.
3721 4721 3781 4776 καὶ

611 4827 1036 4897 spatiosissima,
1075 4840 1127 4883 et
1177 4829 1472 4892 thalamus,
1505 4841 1558 4884 et
1603 4836 1851 4898 lucerna,
1883 4846 1935 4888 et
1970 4849 2180 4888 mensa.

1693 4849 1851 4898 erua,
1883 4846 1935 4888 ct
1970 4849 2180 4888 mensa.
2287 4838 2500 4901 παστὰς
2535 4837 2628 4890 καὶ
2661 4835 2851 4905 λυχνία
2877 4834 2971 4888 καὶ
2994 4831 3265 4904 τράπεζα.

681 4921 859 4986 illum,
911 4937 1072 4991 quem
1133 4924 1413 4993 peperisti,
1479 4927 1773 4994 deprecare
1840 4943 2080 4997 semper,
2149 4943 2182 4980 ο

2362 4931 2459 4984 Ὃν
2493 4929 2701 4993 ἔτεκες,
2749 4928 3048 4990 Δέσποινα,
3077 4925 3164 4978 ἀεὶ
3183 4923 3449 4986 δυσὼπει,
3492 4914 3697 4975 δουλείας
3718 4910 3782 4980 ῥυ-

608 5009 796 5082 Virgo,
834 5023 890 5067 ut
918 5014 1113 5068 liberet
1142 5029 1228 5067 me
1259 5031 1289 5068 a
1313 5015 1581 5069 servitute
1607 5018 1928 5086 passionum
1956 5022 2183 5073 damna-

2287 5022 2481 5092 σθῆναί
2516 5039 2584 5090 με
2614 5019 2802 5073 παθῶν
2831 5037 2890 5072 τε
2922 5019 3324 5090 κατακρίσεως,
3368 5017 3458 5072 καὶ
3485 5013 3574 5084 τῆς
3594 5000 3785 5076 συνεκού-

609 5109 775 5163 tionis
798 5149 812 5174 ,
853 5123 883 5162 a
919 5109 1070 5177 gravi
1106 5108 1308 5164 duritie
1350 5126 1472 5179 qua:
1503 5112 1712 5165 detinet
1743 5126 1850 5174 uie,
1879 5122 1934 5165 et
1979 5113 2048 5166 ab
2078 5117 2182 5166 im-

2289 5132 2386 5180 σης
2424 5131 2491 5184 με
2541 5113 2718 5181 δεινῆς
2769 5113 3105 5182 πωρώσεως,
3137 5113 3231 5163 καὶ
3265 5112 3364 5182 τῆς
3416 5105 3521 5162 τῶν
3563 5099 3784 5157 θλιϐόντων

609 5202 764 5271 perio
787 5209 999 5268 eorum,
1028 5203 1121 5271 qui
1161 5217 1376 5272 semper
1408 5203 1672 5256 tribulant
1702 5217 1811 5269 me,
1853 5220 1886 5258 ο
1909 5201 2019 5258 Deo
2050 5203 2184 5259 cha-

1722 5217 1811 5269 ne,
1853 5220 1886 5258 ο
1909 5201 2019 5258 Deo
2050 5203 2184 5259 clta-
2289 5222 2354 5275 με
2382 5203 2468 5257 ἀεὶ
2493 5204 2870 5274 ἐπικρατείας,
2905 5201 3300 5273 Θεοχαρίτωτε.

608 5295 849 5350 riSsima.

675 5414 806 5467 Adae
826 5411 1136 5477 Formator,
1190 5429 1257 5467 ex
1313 5412 1678 5484 sanguinibus
1724 5411 1854 5477 tuis,
1919 5426 1954 5465 ο
2001 5423 2181 5477 casta,

2369 5407 2426 5462 '0
2460 5405 2552 5460 τοῦ
2600 5405 2773 5476 Ἀδὰμ
2802 5404 3143 5476 Δημιουργὸς
3175 5402 3234 5468 ἐξ
3268 5401 3514 5470 αἱμάτων
3539 5410 3640 5458 σου,
3664 5381 3783 5494 ἁγνὴν

607 5506 874 5563 formatus
926 5517 1030 5572 est,
1084 5509 1334 5577 lacteqne
1382 5517 1475 5561 tuo
1528 5507 1798 5568 nutritus,
1850 5506 1942 5576 qui
1998 5508 2177 5559 nutrit

2286 5501 2724 5572 δημιουργεῖται,
2771 5500 2867 5552 καὶ
2914 5499 3440 5568 γαλακτοτροφεῐται
3481 5492 3508 5544 ὁ
3549 5490 3785 5582 διατρέξτων

606 5616 771 5657 omne
803 5602 947 5673 quod
991 5601 1182 5671 spirat,
1216 5617 1250 5653 ο
1296 5600 1520 5670 Deipara
1553 5599 1752 5669 Virgo;
1799 5599 1942 5654 unde
1970 5607 2027 5654 to
2063 5610 2183 5654 tan-

2287 5597 2467 5648 πᾶσαν
2517 5591 2704 5661 πνοὴν,
2736 5590 2978 5661 Παρθένε
3028 5589 3255 5642 Θετστόκε
3282 5627 3300 5652 ,
3349 5588 3469 5641 ὃθεν
3514 5583 3582 5646 ὡς
3618 5578 3726 5630 Θεοῦ
3748 5584 3783 5621 σε

609 5713 772 5769 quam
811 5695 1163 5769 DeiMatrcm
1193 5695 1585 5768 glorificamus.

2285 5685 2584 5756 δοξάζομεν
2615 5685 2868 5756 Μητέρα.

679 5811 842 5866 Lucis
882 5811 1247 5866 illuminantis
1277 5824 1365 5864 om
1380 5825 1475 5864 nes
1520 5808 1891 5863 habitaculum
1920 5817 1973 5862 et
2004 5807 2183 5861 taber-

2353 5803 2532 5862 Φωτδς
2563 5802 2885 5872 ἐνδιαίτημα
2913 5801 3005 5854 τιῦ
3038 5801 3240 5861 πάντας
3267 5794 3701 5863 καταυγάσαντος.
3725 5793 3785 5874 κ²ξ

610 5907 862 5961 naculum
891 5897 1044 5976 ejus,
1084 5916 1140 5959 et
1183 5921 1319 5975 pons
1349 5915 1399 5959 et
1426 5905 1571 5959 scala
1605 5903 1656 5956 in
1701 5902 1983 5958 excelsum
2021 5910 2179 5956 ιρι-ιν-

2287 5893 2461 5964 σκηνὴ
2491 5893 2842 5966 καΟωρὰΟης,
2875 5895 3266 5965 Θεοχαρίτωτε,
3301 5892 3516 5960 γέφυρα
3537 5887 3618 5939 καὶ
3645 5876 3787 5943 xiii“;
