3996 6648
284 552 419 619 1161

1734 543 2104 606 ΜΑΒΙΛΙΕ.

3393 526 3526 591 1169.

277 670 415 737 πρὸς
442 666 578 735 ὕψος
602 666 729 729 τοὺς
756 666 1010 737 γηγενεῖς
1042 664 1343 732 ἁνάγουσα,
1372 663 1531 731 κόρη,
1562 663 1643 715 διό
1670 679 1727 715 σε
1762 679 1856 729 γε·

1985 673 2137 728 genas
2195 654 2470 710 deducens
2522 646 2846 721 apparuisti,
2904 644 3063 715 156
3120 659 3153 711 o
3201 643 3380 712 puella
3424 643 3532 695 υ(το

280 757 546 827 ραίρομεν
574 757 668 812 καὶ
694 756 903 821 πιστῶς
932 772 993 809 σε
1024 753 1422 824 μακαρίζομεν.

751 953 906 1006 MHN
946 951 1366 1007 ΔΥΓΟΥΣΤΟΣ.

292 1064 393 1119 Ἐκ
422 1064 527 1118 τοῦ
554 1066 821 1135 Κανόνος
845 1069 931 1130 εἰς
959 1067 1072 1132 τὴν
1094 1064 1507 1135 κατακομιδὴν,
1528 1066 1633 1118 τοῦ
1660 1065 1853 1135 τιμζου

331 1134 599 1203 σταυροῦ
631 1135 749 1188 ἀπὸ
779 1136 886 1189 τοῦ
923 1133 1472 1204 σκευοφυλακείου,
1505 1133 1699 1204 ’ἡμέρᾳ
1730 1133 1803 1188 α’.

352 1249 582 1317 Ἔλεγεν
623 1250 657 1318 ἠ
708 1249 981 1317 πάναγνος
1032 1248 1314 1302 κλαίουσαι
1347 1246 1477 1300 Ὅτε
1526 1265 1623 1313 σε,
1665 1247 1854 1302 τέκνον

278 1342 605 1411 ἀπορρήτως
632 1340 839 1404 ἔτεκον,
869 1340 1064 1403 ὠδῖνας
1086 1339 1306 1409 ἔφυγον,
1339 1341 1433 1393 καὶ
1459 1339 1576 1404 πῶς
1612 1339 1729 1393 νυνὶ
1758 1340 1852 1410 ὅλη

277 1433 481 1487 ὀδυνῶν
511 1432 914 1504 πεπλήρωμαι;
966 1432 1079 1504 ὁρῶ
1124 1432 1234 1502 γάρ
1291 1450 1351 1485 σε
1395 1434 1747 1503 κρεμάμενον
1779 1433 1853 1495 ὡς

280 1524 588 1595 κακοῦργον
616 1526 674 1576 ὲν
701 1523 862 1595 ξύλῳ,
893 1524 993 1595 τὴν
1021 1527 1125 1595 γῆν
1158 1523 1400 1594 ἀσχέτως
1439 1524 1818 1594 κρεμάσαντα.

350 1704 786 1776 Νενεκρωμένην
832 1704 932 1776 τὴν
963 1706 1118 1776 Ζωὴν
1148 1706 1240 1759 ἐπὶ
1273 1704 1511 1776 σταυροῦ
1552 1704 1851 1776 θεωροῦσα,

280 1798 380 1851 καὶ
423 1799 498 1868 μὴ
524 1798 767 1869 φέρουσα
792 1798 900 1851 τῶν
928 1798 1254 1868 σπλάγχνων
1284 1799 1377 1852 τὸν
1408 1798 1591 1864 πόνον,
1621 1798 1856 1851 ἐδονεῖτο

282 1892 316 1958 ή
347 1890 521 1959 σεμνὴ
552 1890 827 1961 Παρθένος
861 1891 1270 1959 άνακράζουσαο
1295 1892 1362 1945 Οῐ
1386 1907 1496 1961 μοι,
1527 1891 1623 1944 Υῖέ
1649 1908 1775 1960 μου,
1802 1891 1854 1944 τε

282 1998 370 2034 σοι
394 1980 570 2051 δῆμος
600 1981 817 2052 ἀνόμων
848 1983 1191 2052 πεποίηκεν;

360 2071 722 2142 Παρθενικῆς,
760 2071 983 2138 Τέκνον,
1033 2074 1099 2125 ὲκ
1152 2073 1367 2143 μήτρας
1414 2088 1475 2125 σε
1519 2072 1726 2137 ἔτεκον,
1767 2076 1863 2125 καὶ

279 2163 468 2234 ὁρῶσα
492 2162 634 2233 ξύλῳ
652 2162 745 2216 νῦν
769 2164 1139 2233 κρεμάμενον,
1162 2162 1424 2233 ὲπαπορῶ
1446 2165 1539 2217 καὶ
1563 2164 1624 2216 ού
1654 2164 1864 2233 συνορῶ

284 2254 421 2323 ῦψος
455 2253 779 2324 μυστηρίου,
814 2254 910 2307 καὶ
949 2254 1109 2324 βάθος
1148 2252 1357 2306 πολλῶν
1408 2255 1697 2324 κριμὰτων
1744 2271 1861 2318 σου,

283 2347 318 2415 ή
352 2346 625 2415 πάναγνος
656 2346 787 2399 ἐϐόα
810 2385 825 2410 ,
856 2345 923 2417 ἡν
966 2347 1173 2414 φωναῖς
1217 2345 1503 2413 ἀσιγήτοις
1529 2346 1601 2409 ὡς
1636 2346 1865 2415 Μητέρα

1990 2353 2297 2408 udiciorum
2352 2362 2571 2406 tuorum
2608 2371 2621 2405 :

280 2437 421 2491 Θεοῦ
465 2436 865 2509 μακαρίζομεν.

371 2609 462 2664 Ἐν
492 2605 714 2677 σταυρῷ
742 2606 1031 2678 καθορῶσα
1078 2609 1170 2662 τὸν
1203 2608 1269 2663 δι’
1298 2609 1613 2684 ἁγαθότητα
1640 2612 1706 2665 ἐκ
1746 2611 1865 2675 σοῦ,

286 2701 622 2771 πανάμωμε,
646 2699 787 2770 ὑπὲρ
819 2700 945 2753 νοῦν
982 2701 1269 2771 τεχθέντα,
1300 2701 1561 2775 tamen;
1586 2704 1656 2757 τὰ
1692 2703 1867 2756 σπλά-

286 2809 432 2863 γχνα
480 2792 576 2845 καὶ
616 2791 819 2860 ἔλεγες*
869 2791 936 2845 Οῐ
974 2809 1088 2863 μοι,
1124 2793 1268 2847 θεῖον
1314 2794 1539 2849 τέκνονι
1578 2795 1695 2857 πῶς
1724 2796 1872 2866 ὑπὲρ

288 2883 509 2936 πάντων
542 2880 831 2947 ὀδυνᾶσαι,
866 2882 1161 2952 προσκυνῶ
1202 2898 1298 2936 σου
1346 2882 1408 2936 τὸ
1469 2880 1863 2953 εῦσπλαγχνον,

291 2973 491 3046 Κύριε.

361 3064 664 3137 Νηστεύειν
705 3066 878 3138 ἡμᾶς,
920 3066 1083 3136 ἁγνὴ,
1118 3065 1320 3129 κακίας
1348 3066 1530 3135 πάσης
1565 3064 1866 3136 ὲνίσχυσον,

290 3158 391 3212 καὶ
433 3156 655 3227 φαύλων
701 3158 798 3212 καὶ
833 3157 1092 3228 πονηρῶν
1140 3156 1441 3227 ἀπέχεσθαι
1478 3155 1733 3227 πράξεων
1781 3157 1869 3211 ἀεὶ

1963 749 2331 814 charissima;
2362 747 2483 802 ideo
2511 755 2562 799 te
2599 757 2944 805 veneramur,
2981 750 3186 794 etcum
3221 738 3324 792 lide
3358 738 3520 792 beati-

1964 840 2213 896 ﬂeamus.

2400 948 2653 1003 MENSIS
2692 948 3093 1003 AUGUSTUS.

1962 1065 2047 1119 Ea:
2085 1065 2296 1120 Canone
2327 1067 2381 1118 in
2419 1063 2841 1117 Translationem
2886 1074 3085 1116 sancta:
3115 1066 3287 1117 crucis
3324 1080 3356 1115 a
3393 1062 3532 1126 loco,

2185 1137 2235 1189 in
2261 1152 2363 1205 quo
2398 1151 2555 1189 sacra
2586 1151 2712 1188 vasa
2757 1148 3117 1198 asservantur,
3153 1136 3236 1188 die
3269 1135 3319 1188 1.

2035 1248 2256 1304 Dicebat
2304 1248 2616 1303 castissima
2670 1264 2795 1302 cum
2850 1247 2976 1303 fletu
3007 1266 3020 1303 :
3057 1249 3192 1304 Cum
3246 1257 3316 1315 te,
3346 1263 3378 1303 ο
3408 1247 3534 1313 Fili,

1963 1340 2309 1396 ineﬂ‘abiliter
2362 1341 2569 1410 peperi,
2623 1340 2843 1394 dolores
2901 1358 3005 1394 non
3054 1342 3251 1395 sensi:
3294 1350 3348 1395 et
3397 1356 3535 1410 quo-

1965 1432 2124 1487 modo
2155 1448 2298 1487 nunc
2322 1441 2434 1487 tota
2463 1432 2743 1486 doloribus
2777 1433 2934 1500 plena
2976 1433 3137 1487 sum?
3174 1433 3346 1487 Video
3388 1433 3535 1488 enim

1965 1535 2015 1577 te
2057 1539 2410 1593 suspensum,
2448 1532 2706 1594 tanquam
2744 1522 3113 1578 facinorosum
3156 1526 3208 1577 in
3258 1525 3427 1593 ligno,
3463 1533 3535 1586 te,

1965 1615 2208 1685 inquam,
2241 1616 2336 1684 qui
2370 1626 2568 1669 terram
2602 1616 2654 1669 vi
2691 1615 3048 1683 insuperabili
3072 1616 3427 1683 suspentlisti.

2033 1706 2170 1761 Cum
2204 1708 2373 1761 vitam
2421 1707 2477 1761 in
2512 1723 2674 1762 cruce
2718 1717 2989 1761 mortuam
3036 1710 3342 1760 veneranda
3376 1706 3538 1776 Virgo

1965 1800 2294 1866 intueretur,
2339 1816 2449 1855 non
2481 1802 2765 1856 sustinens
2796 1801 3063 1855 viscerum
3089 1800 3353 1862 dolerem,
3390 1816 3530 1852 mm-

1964 1892 2311 1955 movebatur,
2357 1902 2522 1962 atque
2564 1893 2951 1947 exclamabat:
2990 1891 3086 1944 Hei
3131 1892 3289 1957 mihi,
3346 1890 3541 1946 Filiam

1965 1986 2286 2055 (inquiens),
2321 1986 2449 2054 quid
2491 1986 2585 2039 tibi
2620 1984 2750 2038 fecit
2782 1984 3020 2055 populus
3052 1984 3410 2053 iniquorum?

2032 2078 2109 2132 Ex
2142 2089 2296 2133 utero
2329 2078 2588 2148 Virginali
2644 2080 2826 2147 peperi
2862 2089 2931 2135 te.
2969 2094 3001 2130 0
3036 2077 3155 2139 Fili.
3185 2087 3239 2132 et
3284 2094 3429 2133 nunc
3464 2081 3539 2131 vi-

1965 2170 2100 2225 dens
2148 2180 2199 2223 te
2250 2170 2302 2222 in
2338 2170 2487 2239 ligno
2537 2184 2892 2237 suspensum.
2931 2182 3134 2237 anceps
3191 2168 3394 2231 haereo,
3446 2184 3541 2220 nec

1966 2262 2212 2332 intelligo
2288 2262 2634 2316 altitudinem
2697 2259 2963 2331 mysterii,
3018 2270 3071 2314 et
3122 2260 3542 2328 profunditatem

2678 2351 2759 2405 sic
2816 2350 3161 2405 exclamabat
3210 2351 3544 2413 castissima,

1966 2459 2132 2513 quam
2171 2444 2591 2499 incessabilibus
2616 2446 2842 2499 vocibus
2876 2452 3133 2512 tanquam
3168 2442 3261 2497 Dei
3320 2441 3544 2497 Matrem

1968 2533 2367 2588 bcatilicamus.

2050 2624 2188 2681 Cum
2227 2627 2507 2695 aspiceres
2533 2626 2588 2679 in
2621 2641 2787 2681 cruce
2830 2625 3008 2689 illum.
3061 2625 3152 2694 qui
3193 2635 3413 2695 propter
3448 2626 3543 2679 bo-

1970 2716 2195 2771 nitatem
2252 2733 2408 2771 suam
2456 2733 2523 2773 ex
2581 2726 2652 2777 te.
2712 2732 2744 2770 ο
2794 2717 3325 2777 immaculatissima,
3386 2734 3547 2786 supra

1971 2808 2171 2861 mentis
2209 2806 2534 2877 conceptum
2583 2821 2744 2863 natus
2786 2816 2891 2873 est,
2936 2806 3426 2861 commovebantur
3464 2808 3547 2858 vi-

1969 2914 2125 2953 scera
2178 2910 2293 2964 tua,
2349 2916 2413 2954 ac
2447 2900 2665 2956 dicebas
2702 2919 2715 2954 :
2758 2900 2849 2953 llci
2894 2899 3049 2959 mihi,
3100 2898 3283 2953 divina
3334 2900 3542 2966 proles;

1969 2994 2245 3062 quomodo
2272 3008 2367 3061 pro
2387 2993 2643 3047 omnibus
2665 2993 2851 3046 dolore
2869 2992 3116 3045 alliccris.
3139 2990 3342 3055 Adorc,
3362 2988 3547 3046 Domi-

1971 3099 2060 3147 ne,
2088 3082 2335 3135 intimam
2361 3084 2794 3138 misericordiam
2830 3094 3000 3137 tuam.

2044 3172 2118 3226 Da
2169 3173 2328 3229 nobis
2357 3175 2523 3237 vires,
2556 3192 2589 3228 ο
2628 3184 2803 3239 casta,
2836 3185 2897 3229 ut
2928 3177 2998 3230 ab
3033 3180 3183 3233 omni
3217 3177 3429 3234 malitia
3459 3175 3542 3245 je-

290 3249 696 3319 ὲνδυνάμωσον,
754 3249 1064 3320 προστασία
1114 3250 1337 3304 πάντων
1399 3249 1510 3302 τῶν
1564 3248 1866 3320 ἀνθρώπων

1985 3281 2263 3333 mutemus;
2293 3276 2346 3322 et
2368 3268 2663 3321 corrobora
2695 3283 2794 3320 nos
2824 3280 2883 3321 ut
2914 3284 2942 3321 a
2976 3271 3155 3338 pravis
3185 3288 3249 3326 ac
3280 3269 3549 3341 perversis

291 3338 730 3412 χρηματίζουσα.

370 3521 507 3586 Νοός
544 3539 645 3591 μου
672 3520 773 3593 τὴν
800 3520 1063 3576 στένωσιν
1087 3523 1155 3592 τῇ
1183 3524 1250 3593 σῇ
1279 3519 1548 3592 πρεσϐείᾳ
1576 3520 1868 3583 πλάτυνον,

292 3612 585 3677 Δέσποινα,
623 3612 656 3682 ἡ
705 3611 1021 3666 πενὼσασα
1067 3612 1254 3676 πάσας
1308 3612 1409 3675 τὰς
1449 3610 1727 3681 μεθοδεὶας
1776 3610 1873 3664 τοῦ

296 3702 710 3773 πολεμήτορος,
750 3703 847 3757 καὶ
883 3704 951 3757 δι’
992 3702 1113 3757 ὁδοῦ
1167 3720 1234 3773 με
1281 3701 1469 3756 στενοῦ
1504 3702 1873 3756 κατευόδωσον

298 3792 436 3864 πρὸς
461 3794 776 3865 πλατυσμδν
805 3794 902 3865 τῆς
925 3794 1071 3866 ζωῆς
1102 3794 1362 3865 βαδίζειν,
1395 3796 1584 3866 Μῆτερ
1609 3794 1766 3848 Θεοῦ.

374 3975 487 4030 Νῦν
519 3977 593 4041 ὡς
630 3977 816 4049 ἀρνίον
844 3978 1052 4033 ἄκακον
1090 3980 1381 4051 καθορῶσα
1405 3980 1751 4050 κρεμάμενον
1782 3984 1877 4035 καὶ

299 4068 408 4121 ὑπὸ
438 4068 656 4137 ἀνόμων
682 4070 761 4140 τῷ
792 4070 1011 4142 σταυρῷ
1058 4074 1424 4141 πηγνύμενον,
1456 4071 1552 4124 Υιέ
1595 4089 1698 4141 μου
1740 4090 1876 4143 προ-

302 4161 531 4232 άναρχε,
562 4161 656 4216 καὶ
685 4162 940 4232 ὀδυρμοῖς
980 4146 1381 4232 συγκόπτομαι,
1412 4165 1504 4217 καὶ
1530 4166 1649 4226 ταῖς
1679 4182 1875 4235 μητριο

302 4254 431 4316 καῖς
465 4252 904 4325 περιπατοῦμαι
938 4254 1173 4320 ὀδύναις,
1219 4256 1254 4325 ἡ
1297 4256 1571 4324 πάναγνος
1611 4256 1769 4319 ἐϐόα,
1809 4258 1876 4326 ἢν

302 4346 510 4413 φωναῖς
555 4344 839 4415 ἀσιγήτοις
879 4344 1157 4417 ὑμνοῦμεν
1202 4345 1510 4418 θεοφρόνως
1558 4347 1638 4409 εἰς
1666 4347 1878 4409 πάντας

301 4440 429 4498 τοὺς
461 4434 685 4499 αἰῶνας.

377 4636 589 4707 Φθορᾶς
619 4652 679 4690 σι
721 4635 843 4707 δίχα
876 4636 1076 4693 τέτοκα
1127 4638 1192 4691 ὲκ
1226 4638 1485 4710 γαστρὸς,
1521 4640 1628 4712 πρὸ
1664 4640 1877 4694 αἰώνων

1898 3380 1942 3455 c
1972 3357 2184 3411 actibus
2208 3356 2364 3427 157
2381 3372 2594 3426 semper
2617 3358 3015 3427 abstineamus,
3046 3378 3168 3415 cum
3200 3363 3276 3417 sis
3303 3361 3547 3415 omnium

1981 3449 2263 3503 hominum
2302 3452 2682 3519 patrocinium.

2050 3538 2221 3592 Dilata
2268 3540 2466 3594 mentis
2494 3556 2631 3595 mea:
2670 3542 2978 3611 angustiam
3013 3540 3405 3597 intercessione
3436 3552 3548 3604 tua,

1980 3643 2013 3680 ο
2043 3627 2298 3693 Domina,
2334 3645 2457 3698 quae
2495 3629 2548 3686 in
2586 3633 2867 3701 angustias
2898 3632 3152 3701 redegisti
3181 3642 3236 3687 et
3262 3631 3547 3686 coarctain

1982 3719 2275 3774 insidiosas
2311 3720 2426 3775 vias
2464 3721 2670 3787 hostis;
2724 3732 2774 3774 et
2810 3737 2906 3791 per
2948 3727 3088 3776 viam
3134 3732 3419 3793 angustam
3469 3721 3553 3776 fac

1983 3828 2071 3867 me
2119 3812 2347 3868 feliciter
2380 3814 2650 3881 incedere,
2691 3823 2751 3868 ut
2791 3815 2855 3869 ad
2892 3815 3233 3869 latitudinem
3282 3817 3401 3868 vitae
3432 3830 3551 3882 pcr-

1981 3904 2220 3967 vcniam,
2252 3918 2285 3955 o
2322 3903 2413 3956 Dei
2449 3903 2636 3957 Mater.

2053 3993 2206 4047 Nunc
2263 4001 2518 4060 tanquam
2582 3994 2793 4062 Aguum
2848 3993 3190 4046 innocentem
3254 3992 3444 4044 videns
3499 4002 3552 4044 te

1984 4099 2334 4151 suspensum,
2367 4092 2420 4136 ct
2459 4084 2528 4136 ab
2568 4083 2771 4150 iniquis
2797 4083 2947 4138 cruci
2979 4082 3269 4144 aliixum,o
3300 4079 3399 4134 Fili
3438 4082 3551 4145 mi,

1983 4175 2131 4227 omni
2163 4173 2430 4243 principio
2458 4189 2673 4237 carens,
2699 4183 2862 4243 atque
2897 4173 3081 4228 omnia
3114 4172 3463 4235 antecedens,
3500 4181 3554 4224 et

1985 4266 2195 4320 ﬂetibus
2224 4266 2570 4336 querelisque
2602 4266 2885 4331 conficior,
2912 4274 2965 4320 et
2990 4264 3274 4319 doloribus
3293 4264 3554 4317 maternis

1984 4359 2315 4415 circutnrlor.
2342 4358 2420 4412 lta
2465 4358 2774 4413 castissima
2822 4357 3184 4420 exclamabat,
3217 4371 3378 4426 Quam
3416 4356 3552 4407 irre-

1986 4450 2185 4519 quietis
2206 4450 2451 4514 vocibus,
2477 4450 2660 4504 divina
2693 4466 2817 4503 cum
2856 4448 3144 4503 orudentia
3187 4448 3472 4501 laudamus
3501 4446 3554 4498 in

1986 4543 2168 4596 omnia
2195 4541 2412 4596 saecula.

2057 4630 2188 4684 Sine
2220 4632 2575 4700 corruptione
2608 4629 2790 4700 peperi
2823 4638 2875 4685 te
2904 4646 2967 4684 ex
3000 4639 3178 4695 utero,
3206 4644 3365 4698 quem
3397 4624 3557 4681 Pater

306 4730 495 4801 Πατὴρ
527 4729 587 4783 ὃν
613 4729 925 4799 ἐγέννησεν,
957 4731 1052 4784 καὶ
1075 4729 1192 4793 πῶς
1214 4729 1419 4799 φθορᾶς
1446 4731 1721 4802 ἄνθρωποι
1742 4749 1866 4785 σπαα

1988 4734 2113 4778 ante
2160 4723 2355 4779 saecula
2411 4725 2690 4794 generavit
2728 4743 2740 4777 :
2789 4735 2845 4778 et
2890 4724 3168 4799 quomodo
3206 4730 3555 4791 corruptores

310 4819 563 4889 ράττουσι
589 4835 672 4886 σε,
700 4820 816 4886 Υἱὲ,
843 4819 937 4873 καὶ
966 4818 1066 4891 τὴν
1098 4819 1339 4891 πλευράν
1364 4820 1653 4891 ὀρύττουσι
1686 4821 1876 4893 λόγχῃ,

309 4910 404 4963 καὶ
432 4909 531 4973 τὰς
560 4911 749 4982 χεῖρας
772 4910 869 4963 σὺν
893 4912 1004 4973 τοῖς
1030 4911 1190 4965 ποσὶν
1217 4911 1437 4981 ὴλοῦσιν
1462 4912 1877 4984 άπανθρώπως;

310 5001 346 5070 ἡ
387 5001 660 5070 πάναγνος
690 5002 841 5069 ἐϐόα,
868 5001 935 5074 ἣν
967 5002 1205 5069 ἐπαξίως
1236 5004 1631 5073 μεγαλύνοαεν.

1986 4817 2237 4871 homines
2267 4832 2411 4871 nunc
2452 4825 2506 4871 te
2542 4817 2863 4879 dilacerant,
2893 4832 2926 4870 ο
2953 4816 3077 4882 Fili,
3124 4830 3189 4869 ac
3229 4815 3372 4868 latus
3403 4823 3553 4867 tuum

1987 4909 2171 4963 lancea
2208 4908 2541 4977 perfodiunt,
2578 4922 2881 4977 manusque
2927 4923 3052 4961 cum
3100 4906 3327 4975 pedibus
3358 4903 3554 4957 crude-

1989 5000 2108 5053 liter
2132 4998 2397 5067 adigunt?
2427 4997 2519 5051 Sic
2550 4999 2859 5052 castissima
2883 4996 3242 5060 exclamabat,
3270 5010 3431 5064 quam
3456 5007 3556 5047 nos

1989 5104 2087 5159 pro
2116 5090 2379 5159 dignitate
2418 5089 2852 5169 ntagnilieamus.

1261 5205 1347 5260 Ea:
1374 5206 1586 5261 Canam
1609 5207 1663 5259 in
1682 5204 1784 5261 SS.
1810 5205 2015 5269 Septem
2032 5222 2243 5274 pueros,
2270 5206 2353 5259 die
2376 5204 2412 5257 2
2436 5203 2601 5273 (66”).

384 5314 481 5369 Ille
506 5320 600 5385 qui
631 5324 823 5385 suapte
850 5326 1042 5371 natura
1077 5333 1251 5388 purus
1277 5327 1382 5382 est,
1426 5333 1550 5373 cum
1592 5318 1887 5373 invenisset

311 5415 390 5472 te,
444 5422 480 5460 ο
542 5407 876 5474 castissima,
938 5409 1196 5465 omnibus
1260 5410 1530 5464 creaturis
1586 5409 1886 5479 puriorem,

312 5499 638 5553 inhabitavit
656 5499 709 5553 in
728 5508 801 5561 te,
824 5499 1032 5566 volens,
1058 5508 1314 5569 tanquam
1343 5499 1624 5553 hominum
1653 5508 1886 5565 amator,

310 5592 597 5647 eliminare
613 5593 849 5662 culpam,
878 5608 1001 5662 qua:
1021 5592 1345 5647 habitaverit
1367 5592 1421 5646 in
1446 5591 1672 5646 Adamo.

2064 5317 2273 5371 Novum
2326 5317 2587 5372 infantem
2639 5316 2914 5387 peperisti,
2966 5330 2999 5368 0
3040 5313 3226 5383 Virgo,
3272 5313 3366 5383 qui
3403 5327 3559 5366 mun»

1994 5410 2125 5464 dum
2156 5410 2269 5477 jam
2303 5410 2396 5464 diu
2431 5410 2583 5464 senio
2623 5406 2954 5469 confectum,
2991 5407 3173 5461 divina
3216 5404 3440 5460 scicntia
3475 5421 3560 5459 ro-

1995 5501 2247 5566 novavit;
2278 5510 2563 5571 propterea
2594 5512 2647 5556 te
2676 5499 3064 5570 glorificamus.

2068 5590 2332 5659 Dissolve,
2387 5607 2420 5646 ο
2469 5592 2653 5662 Virgo,
2711 5593 2907 5646 anima:
2970 5606 3103 5644 mea:
3155 5587 3413 5643 duritiem
3454 5604 3468 5640 :
3506 5594 3562 5641 et

381 5682 525 5736 Cum
564 5698 651 5738 me
699 5699 765 5737 ex
811 5685 1016 5739 divinis
1068 5685 1427 5754 sanguinibus
1475 5683 1583 5739 tuis
1638 5682 1891 5738 Christus
1992 5681 2229 5737 concede
2275 5682 2410 5737 mihi
2454 5692 2700 5753 prompte
2737 5698 2802 5737 ac
2835 5682 3061 5737 faciliter
3096 5681 3296 5737 divinis
3329 5679 3452 5735 Filii
3481 5679 3563 5734 tui

314 5783 577 5843 tanquam
634 5776 1019 5830 vestimentum
1084 5777 1439 5845 suscepisset,
1500 5792 1533 5832 0
1591 5775 1887 5841 inviolata,
1986 5777 2376 5832 sanctionibus
2410 5777 2813 5845 obtemperare,
2849 5785 3011 5844 atque
3039 5774 3329 5830 inhaerere.

314 5867 447 5921 oiim
480 5868 741 5922 nudatum
782 5869 967 5938 gratiae
999 5870 1241 5923 vestibus
1272 5868 1469 5922 induit.

397 5981 535 6053 (65⁵)
568 5980 728 6035 Deest
759 5983 811 6036 in
846 5981 1087 6037 Menaeis.

607 6075 878 6134 PATROL.
914 6076 1031 6134 (in.
1082 6074 1203 6137 CV.

2065 5868 2328 5926 Mortiliea
2374 5870 2556 5925 carnis
2592 5883 2724 5923 meae
2755 5867 2954 5923 fastum
2990 5883 3052 5923 ac
3086 5866 3368 5931 ferociam,
3402 5878 3435 5919 ο
3463 5878 3566 5935 pu-

3154 6070 3230 6129 37
