3996 6616
448 514 582 582 i767

1581 523 1639 583 S.
1682 520 1995 584 JOSEPHI
2038 522 2597 588 HYMNOGRAPHI

3546 524 3682 592 1168

447 630 796 701 cuurpmbuta
844 644 925 692 es,
966 643 999 684 ο
1038 629 1411 695 immaculata,
1441 629 1612 685 Deum
1664 632 1811 687 enim
1863 647 2025 703 supra

2133 634 2225 688 τὸν
2253 635 2414 690 τόκον
2449 636 2524 699 ὡς
2545 633 2760 707 άληθῶς
2791 633 3036 706 ἐδείχθης
3064 651 3081 667 ·
3110 633 3203 687 τὸν
3230 633 3362 688 Θεὸν
3390 632 3500 704 γὰρ
3549 634 3685 704 ὑπὲρ

429 723 670 779 rationis
691 732 910 792 captum
934 722 1209 792 peperisti,
1230 722 1323 793 qui
1346 732 1570 778 sanctos
1593 733 1860 795 martyres
1896 733 2020 795 post

443 815 746 871 confectum
778 824 1052 869 certamen
1083 816 1394 872 coronavit.

515 904 790 960 Habitavit
816 905 869 959 in
896 916 966 969 te,
1001 920 1033 959 ο
1074 903 1327 973 Deipara,
1362 906 1626 961 Dominus
1660 906 1768 971 ille,
1790 907 1881 977 qui
1918 906 2020 961 ha—

432 1001 579 1055 bit-at
601 1000 654 1053 in
685 999 859 1062 cmlis.
892 1006 1057 1069 atque
1096 1013 1125 1052 a
1159 999 1318 1053 nobis
1347 1014 1564 1053 onmem
1595 997 1840 1054 fraudem
1870 1013 2022 1053 erro-

339 1163 357 1171 _
443 1104 667 1159 remque
686 1088 1009 1143 eliminavit.

514 1177 798 1247 iFanquam
842 1178 1109 1247 speciosa,
1138 1178 1445 1246 speciosum
1479 1177 1759 1247 peperisti,
1789 1192 1823 1231 o
1858 1177 2020 1247 Virgo

444 1269 614 1325 Mater
643 1269 928 1334 inviolata,
960 1269 1052 1338 qui
1095 1270 1536 1338 speciosissimos
1570 1268 1699 1323 fecit
1730 1279 2017 1342 martyres,

429 1362 536 1431 equi
592 1372 908 1416 constanter
953 1361 1393 1425 decertavcrunt,
1468 1370 1632 1430 atque
1683 1361 2019 1430 impietatem

444 1454 852 1507 deminuerunt.

506 1546 651 1611 Quis
678 1557 828 1599 tuum
852 1548 1027 1601 valeat
1057 1547 1332 1616 explicare
1360 1544 1701 1616 mysterium,
1730 1560 1763 1596 ο
1794 1543 2019 1599 Domina

428 1640 710 1709 'Deipara?
746 1639 954 1694 Etenim
995 1655 1158 1708 supra
1194 1640 1420 1693 rationis
1475 1637 1852 1707 orationisque
1890 1652 2022 1692 con-

445 1743 684 1801 ceptum,
722 1732 885 1785 Deum
922 1730 1266 1786 ineﬂabiliter
1296 1730 1575 1799 peperisti.

514 1822 721 1877 Praeter
755 1830 963 1875 natura:
998 1822 1165 1888 leges,
1199 1836 1384 1875 verum
1432 1820 1821 1891 legis-latorem,
1854 1835 1887 1872 ο
1918 1819 2021 1872 im-

430 1912 895 1976 maculatissima,
923 1912 1179 1981 peperisti
1216 1927 1231 1963 :
1280 1923 1441 1979 quem
1473 1908 1697 1977 supplex
1730 1922 1916 1968 exora.
1962 1916 2021 1960 ut

2124 727 2281 795 λόγον
2315 727 2520 792 ἔτεκες,
2551 729 2645 783 τὸν
2676 729 2802 792 τοὺς
2836 729 3024 798 ἁγίους
3056 728 3337 799 μάρτυρας
3390 724 3685 796 ἐνηθληκό-

2120 835 2221 882 τας
2251 817 2691 887 στεφανώσαντα.

2206 908 2522 976 Ἐνοίκησεν
2552 909 2644 960 ἐπὶ
2669 909 2752 962 σοὶ
2780 911 2808 962 ὁ
2828 908 2993 962 οίκῶν
3014 906 3143 970 τοὺς
3165 908 3432 979 οὐρανοὺς
3480 905 3687 976 Κύριος

2121 997 2216 1051 καὶ
2243 999 2302 1065 ἐξ
2341 998 2502 1070 ἡμῶν
2554 998 2772 1054 ἅπασαν
2826 1001 3059 1071 πλάνην,
3103 998 3359 1064 Θεοτόκε,
3403 996 3685 1067 ἑξῴκισεν.

2200 1175 2291 1238 '0;
2319 1175 2498 1245 ὡραία
2544 1176 2863 1249 άπεκύησας
2890 1179 2983 1233 τὸν
3009 1179 3232 1251 ὡραῖον,
3262 1174 3688 1252 Παρθενομῆτορ

2119 1268 2375 1338 ἅχραντε,
2406 1267 2498 1321 τὸν
2528 1268 2898 1339 ὡραιοτάτους
2932 1269 3189 1334 δείξαντα
3232 1269 3357 1332 τοὺς
3405 1266 3689 1337 μάρτυρας

2122 1359 2363 1429 στερρῶς
2380 1357 2811 1429 ιναθλήσαντας,
2836 1362 2930 1415 καὶ
2959 1360 3058 1433 τὴν
3088 1360 3278 1415 άθεῒαν
3306 1359 3647 1431 μειώσαντας
3672 1358 3687 1411 i

2192 1537 2289 1600 Τίς
2313 1537 2537 1592 δύναται
2584 1538 2647 1592 τὸ
2678 1538 2770 1593 σὸν
2798 1537 3131 1609 ἑρμηνεῦσαι
3164 1537 3484 1607 μυστήριον,
3530 1529 3578 1590 ὧ
3606 1535 3695 1588 Δέο

2124 1645 2320 1684 σποινα
2338 1631 2587 1684 Θεοτόκε·
2605 1632 2746 1703 ὑπὲρ
2764 1631 2888 1684 νοῦν
2916 1630 3025 1700 γὰρ
3048 1631 3143 1684 καὶ
3161 1629 3318 1697 λόγον
3356 1628 3492 1681 Θεὸν
3514 1628 3693 1698 θρά-

2124 1737 2263 1783 στως
2294 1721 2541 1786 τέτοκας.

2190 1810 2458 1881 Νομίμων
2483 1811 2803 1883 ἀπεκύησας
2840 1812 2983 1882 δίχα,
3019 1812 3352 1881 πανάμωμε,
3382 1811 3477 1863 τὸν
3515 1809 3694 1879 άληθῆ

2123 1899 2441 1971 νομοθέτην,
2481 1902 2541 1955 όν
2587 1902 2835 1956 δυσώπει
2890 1903 3039 1972 νόμῳ
3086 1902 3181 1971 τῆς
3242 1899 3515 1972 ἁμαρτίας
3594 1900 3696 1971 τὴν

442 2006 643 2060 anima:
696 2017 849 2070 meae,
883 2003 1087 2072 peccati
1117 2000 1325 2072 legibus
1365 1999 1635 2066 obnoxiae,
1675 1999 2017 2065 misereatur,

2133 1989 2304 2061 ψυχήν
2344 2007 2447 2061 μου
2478 1992 2854 2067 τροπουμένην
2901 1993 3168 2063 οἰκτεῖραι
3220 1994 3315 2044 καὶ
3358 1990 3532 2043 σῶσαί
3591 2006 3683 2060 με.

447 2106 501 2150 et
524 2095 695 2150 salvet
725 2108 830 2148 me.

519 2187 802 2257 Tanquam
838 2184 995 2241 cmlis
1040 2184 1220 2249 latior,
1246 2198 1286 2238 eo
1325 2192 1496 2246 casta,
1528 2181 1789 2248 Verbum,
1820 2181 1967 2252 quod
1989 2196 2021 2235 a

432 2278 593 2332 Anulla
613 2293 671 2332 re
697 2275 1198 2345 comprehenditur,
1223 2289 1391 2344 supra
1419 2288 1581 2341 quam
1604 2282 1783 2326 mente
1810 2270 2023 2341 concipi

447 2369 642 2439 possit,
664 2366 974 2437 suscepisti,
1005 2380 1038 2418 o
1067 2374 1178 2420 tota
1216 2363 1610 2429 immaculata;
1641 2362 1786 2431 quod
1824 2361 2022 2416 ambu-

450 2463 625 2515 lantes
654 2475 750 2529 per
782 2459 925 2512 viam
964 2456 1121 2527 162
1162 2454 1632 2527 augustissimam,
1666 2452 1734 2509 ad
1776 2453 2023 2510 latitudi-

450 2568 575 2609 nem
609 2551 805 2608 divinaa
834 2548 959 2605 vitae
988 2548 1255 2619 perducit.

520 2644 565 2702 0
586 2645 751 2714 Virgo
775 2653 960 2698 sancta
979 2656 1100 2712 quas
1118 2639 1288 2695 Deum
1312 2647 1725 2708 supersanctum
1747 2638 2021 2708 peperisti,

451 2737 543 2810 qui
568 2736 739 2807 gratia
768 2741 987 2789 sanctos
1015 2742 1279 2802 martyres
1309 2745 1439 2786 suos
1469 2730 1773 2794 coronavit,
1798 2732 1945 2785 salva
1972 2739 2027 2784 et

452 2829 731 2886 sanctiﬂca
753 2843 872 2889 nos,
903 2827 997 2897 qui
1022 2824 1205 2880 animo
1228 2834 1488 2895 prompto
1513 2834 1674 2893 atque
1700 2825 1867 2879 alacri
1893 2838 2027 2879 cou-

448 2922 718 2979 cinimus:
752 2920 1086 2985 Benedicite,
1110 2918 1293 2973 omnia
1321 2916 1840 2988 opera,Dominum.

520 3009 772 3065 lllumina
805 3024 926 3074 nos,
959 3024 994 3064 ο
1029 3008 1214 3077 Virgo,
1238 3017 1431 3076 tuque:
1460 3006 1637 3060 lucem
1672 3004 2025 3060 inaccessibi-

440 3104 557 3158 lem
584 3102 875 3172 peperisti;
903 3100 1049 3169 reple
1076 3114 1177 3153 nos
1200 3098 1403 3161 laetitia,
1431 3097 1707 3166 animique
1723 3097 2022 3160 alacritate,

443 3211 516 3252 .ac
551 3195 732 3249 divina
775 3192 1021 3258 scientia,
1056 3192 1183 3247 dum
1216 3200 1267 3244 te
1303 3206 1440 3259 puro
1468 3187 1631 3243 corde
1677 3188 1925 3259 religiose
1960 3202 2027 3243 ac

454 3288 748 3357 prudenter
768 3288 981 3341 beatam
1015 3283 1370 3354 appellamus.

2207 2171 2294 2236 '0;
2340 2171 2655 2243 πλατυτέρα
2701 2171 2812 2225 τῶν
2870 2172 3134 2243 οὐρανῶν,
3178 2170 3343 2240 ἁγνὴ,
3380 2168 3695 2233 ὑποδέδεξαι

2123 2263 2295 2332 Λόγον
2332 2263 2582 2334 μηδαμοῦ
2630 2264 2976 2334 χωρούμενον
3002 2262 3141 2332 ὑπὲρ
3174 2264 3320 2326 νοῦν,
3353 2259 3696 2327 στενωτάτην

2124 2356 2249 2417 τοὺς
2303 2354 2587 2418 ὁδεύοντας
2639 2355 2779 2421 ὁδὸν,
2821 2357 3153 2424 πανάμωμε,
3186 2354 3319 2424 πρὸς
3377 2352 3696 2421 πλατυσμὸν

2124 2448 2413 2517 εἰσάγοντα
2434 2449 2581 2513 Θείας
2614 2448 2781 2519 ζωῆς.

2130 2716 2133 2717 ν
2216 2649 2377 2717 Ἀγία
2403 2649 2667 2721 Παρθένε,
2682 2649 2714 2719 ὴ
2731 2647 2863 2701 Θεὸν
2877 2647 2967 2700 τὸν
2984 2646 3278 2717 ὑπεράγιον
3308 2644 3692 2714 ἀποκυήσασα,

2128 2737 2216 2791 τὸν
2246 2739 2670 2806 στεφανώσαντα
2692 2738 2873 2809 χάριτι
2893 2738 3019 2800 τοὺς
3040 2737 3231 2804 ἁγίους
3260 2736 3449 2788 τούτου
3484 2735 3695 2805 μάρτυ·

2132 2844 2253 2896 ρας,
2304 2828 2494 2889 σῶσον,
2523 2827 2752 2896 ἁγίασον
2799 2828 2946 2897 ἡμᾶς
2999 2825 3294 2896 προθύμως
3341 2824 3645 2893 μὲλποντας
3680 2839 3697 2853 ⁸

2130 2912 2441 2981 Εὑλογείτε,
2474 2916 2652 2968 πάντα
2684 2915 2752 2968 τὰ
2777 2916 2936 2985 ἔργα,
2971 2913 3193 2983 Κύριον.

2206 3006 2445 3061 Φώτισον
2477 3009 2622 3078 ἡμᾶς
2652 3009 2687 3079 ἡ
2714 3006 2945 3061 τεκοῦσα
2980 3006 3096 3075 φῶς
3128 3003 3521 3075 τὸὰπρόσιτον,
3546 3003 3697 3072 Hap-

2132 3099 2274 3163 θένε,
2331 3097 2611 3169 ἔμπλησον
2644 3098 2791 3169 ἡμᾶς
2842 3095 3206 3167 εὐφροσύνης,
3270 3096 3365 3149 καὶ
3408 3093 3695 3165 θυμηδίας,

2131 3191 2229 3246 καὶ
2263 3188 2414 3253 θείας
2451 3188 2707 3257 γνώσεως
2730 3190 2859 3253 τοὺς
2904 3187 3125 3259 καθαρᾷ
3159 3185 3357 3257 καρδίᾳ
3395 3201 3456 3238 σε
3482 3183 3699 3237 εὐσεϐο-

2132 3283 2343 3354 φρόνως
2378 3281 2802 3353 μακαρίζοντας.

446 3348 537 3434 iis:
571 3379 781 3433 Conone
810 3380 867 3433 in
921 3348 1149 3446 festos.
1194 3372 1432 3443 Myronis
1490 3374 1762 3442 martyris,
1793 3372 1877 3426 die
1935 3372 2023 3427 i7.

2144 3348 2241 3429 i‘x
2268 3348 2390 3429 τοῦ*
2406 3348 2675 3440 Κανόνας
2701 3377 2793 3463 είς
2812 3373 2920 3463 τόν
2943 3372 3115 3463 ἄητον
3130 3372 3399 3444 μάρτυρα
3420 3372 3695 3440 Μύρωνα,

514 3536 649 3589 Sola
693 3533 858 3586 Deum
897 3530 1157 3600 nuptialis
1189 3529 1290 3585 tori
1332 3528 1515 3582 nescia
1558 3527 1835 3597 peperisti,
1867 3541 2029 3597 quem

453 3627 827 3681 decertatorcs
879 3632 1148 3694 martyres
1188 3621 1448 3687 confessi,
1483 3622 1718 3676 similem
1754 3623 1910 3678 nobis
1947 3622 2026 3676 fa-

452 3727 629 3783 ctum,
648 3716 951 3771 seductoris
970 3724 1122 3771 astus
1141 3714 1325 3770 irritos
1350 3713 1723 3777 reddiderunt,
1753 3730 1786 3768 ο
1806 3712 2029 3771 Domina

449 3807 677 3861 intacta.

527 3896 829 3969 lmpietatis
873 3905 1037 3967 atque
1082 3896 1418 3954 inﬁdelitatis
1459 3903 1650 3955 morbo
1688 3901 2029 3957 laborantem

453 4000 677 4040 omnem
731 3994 1058 4048 creaturam,
1098 3994 1173 4050 tu,
1214 4000 1247 4039 ο
1308 3985 1494 4059 Virgo,
1544 3986 1714 4045 Deum
1760 3990 2029 4045 medicum

455 4078 613 4131 enin
638 4075 1031 4130 admirabiliter
1046 4076 1327 4132 curavisti.
1340 4074 1631 4148 Propterea
1651 4080 1853 4149 gratias
1866 4096 2028 4150 agen-

452 4176 539 4221 tes
570 4166 635 4221 ad
659 4175 709 4221 te
739 4168 1040 4221 clamamus
1077 4178 1094 4217 :
1132 4162 1300 4220 Nemo
1338 4177 1422 4221 est
1446 4169 1564 4223 sine
1595 4169 1805 4223 macula
1831 4178 2032 4240 praater

458 4267 533 4323 te,
559 4272 592 4309 ο
625 4256 852 4311 Domina
876 4255 1008 4327 (67).

529 4347 783 4417 Magnum
815 4361 878 4401 ac
906 4347 1242 4401 tremendum
1286 4356 1473 4417 partus
1517 4349 1590 4403 tui
1620 4350 1963 4421 mysterium,
1995 4367 2028 4405 ο

457 4449 607 4493 casta
627 4480 642 4504 ,
671 4450 896 4508 stupore
925 4438 1169 4507 percellit
1204 4454 1422 4494 omnem
1452 4451 1709 4504 mentem,
1730 4441 1856 4509 quia
1887 4439 2028 4498 Deus

458 4545 525 4585 ex
554 4538 612 4585 te
641 4529 805 4586 homo
830 4529 943 4585 ﬁeri
977 4530 1079 4586 sibi
1128 4530 1455 4599 complacuit
1483 4540 1703 4601 pr0pter
1731 4531 2027 4588 bonitatem

462 4637 646 4690 suam,
671 4622 725 4676 in
750 4620 981 4677 salutem
1009 4635 1074 4676 ac
1098 4622 1546 4677 restaurationem
1570 4621 1781 4678 mundi.

532 4686 712 4775 Illum,
742 4716 833 4782 qui
862 4727 929 4766 ex
970 4722 1021 4767 te
1062 4712 1379 4767 incarnatus
1424 4722 1508 4768 est
1531 4714 1695 4768 verbo
1740 4712 2023 4779 ineﬂ'abili,
2050 4686 2105 4747 Ῑ)

461 4818 563 4873 pro
605 4802 760 4857 nobis
809 4803 1121 4873 deprecare,
1170 4817 1203 4856 ο
1236 4802 1539 4868 benedicta,
1582 4811 1641 4856 ut
1670 4804 1738 4856 ab
1771 4802 2025 4857 omnibus

466 4893 714 4949 hostibus
742 4905 851 4948 tam
887 4891 1211 4957 visibiiibus,
1249 4908 1412 4963 quam
1444 4892 1807 4948 invisibilibus
1829 4892 2026 4947 libere-

464 5000 588 5038 mur
618 4999 716 5039 nos
756 4986 848 5055 qui
876 4997 925 5040 te
955 4994 1162 5040 castam
1199 4984 1480 5054 Deiparam
1516 4985 1958 5054 pronuntiamus,
1989 5000 2023 5037 o

460 5073 720 5131 immunis
749 5073 818 5129 ab
836 5074 983 5129 omni
1012 5074 1134 5129 labe
1158 5073 1297 5145 (68).

536 5231 651 5304 (67)
691 5229 764 5304 Ut
786 5230 921 5304 nihil
953 5228 1819 5304 proconceptioneimmaculata
1849 5230 2030 5304 mani?

462 5298 679 5365 festiue,
721 5303 793 5357 ita
840 5298 979 5356 nihil
1033 5302 1141 5355 dici
1192 5298 1368 5370 potest
1412 5300 1695 5356 illustrius.
1724 5298 1858 5354 Nam
1891 5300 2025 5370 quid

463 5372 730 5426 illustrius
776 5380 941 5439 atque
988 5369 1302 5439 expressius
1330 5369 1468 5441 _istis
1517 5371 1697 5441 verbis
1731 5390 1743 5426 :
1781 5389 1801 5421 ι
1858 5369 2028 5441 Nemo

463 5450 546 5496 est
575 5441 693 5494 sine
718 5442 930 5494 macula
954 5451 1148 5509 prazter
1170 5450 1242 5503 te,
1269 5455 1302 5494 o
1328 5439 1586 5494 Domina?
1612 5460 1630 5492 ›
1666 5439 1877 5507 Quibus
1908 5454 2026 5493 ver-

461 5510 549 5564 bis
589 5513 812 5564 omnino
850 5509 1146 5564 alIirmatur
1191 5509 1474 5579 Deiparam
1519 5511 1686 5565 solam
1722 5512 1863 5565 inter
1903 5525 2022 5564 om-

464 5592 564 5632 nes
595 5589 876 5634 creaturas
931 5579 1103 5634 fuisse
1146 5582 1263 5635 sine
1303 5580 1533 5634 macula.
1582 5582 1689 5634 Aut
1729 5583 1871 5635 enim
1917 5580 2020 5633 ista

467 5651 525 5718 ξ.
562 5644 783 5716 .losephi
813 5651 1111 5704 auctoritas
1141 5660 1224 5704 est
1263 5649 1506 5718 neganda
1538 5652 1619 5703 vel
1656 5651 2021 5704 concedenda.

463 5714 580 5767 Non
628 5714 893 5794 neganda,
925 5735 1054 5788 ergo
1088 5714 1451 5794 concedenda.
1489 5719 1810 5794 Huiusmodi
1843 5730 2021 5773 autem

464 5789 786 5859 auctoritate
825 5804 1107 5850 concessa,
1139 5790 1284 5859 nulla
1326 5789 1430 5841 alia
1478 5790 2021 5859 explicationeopus

460 5863 547 5906 est
578 5854 641 5905 ad
676 5859 1112 5933 cognoscendum
1135 5875 1209 5933 ex
1251 5858 1469 5926 Josephi
1506 5854 1704 5925 mente,
1738 5859 1800 5915 B.
1848 5854 2024 5933 Virgi-

470 5936 595 5978 nem
627 5926 797 5979 solam
824 5928 946 5984 sine
970 5929 1181 5982 macula
1213 5936 1530 5996 conceptam
1558 5945 1701 5988 esse.

2844 3442 2949 3497 ἐοα
2979 3442 3065 3497 ιζ’.

2844 3444 2875 3496 ἐ
2979 3462 2994 3495 ι
3030 3444 3065 3497 ’.

2204 3536 2356 3607 Μόνη
2392 3534 2523 3590 Θεὸν
2562 3444 2958 3608 άπειροζέἔμῗυῖ
2999 3444 3269 3606 ἓκύησας,
3296 3534 3356 3589 ὃν
3404 3534 3698 3605 ἀθλοφόροι

2137 3633 2414 3705 μάρτυρες
2453 3632 2889 3703 ὁμολογήσαντες
2924 3633 3057 3701 ἡμῖν
3099 3630 3459 3700 ὁμοιωθέντα,
3488 3631 3698 3699 κατήρ-

2133 3740 2310 3792 γησαν
2329 3723 2428 3794 τὴν
2449 3723 2677 3793 πλάνην,
2697 3722 2933 3792 ἄχραντε
2958 3722 3248 3774 Δέσποινα.

2201 3897 2481 3952 Νοσοῦσαν
2512 3896 2672 3967 ἁθεῖα
2691 3897 2790 3965 τὴν
2818 3897 3001 3952 πᾶσαν
3038 3894 3217 3948 κτίσιν
3253 3894 3387 3947 Θεὸν
3415 3892 3694 3961 κυοφορή-

2133 4008 2274 4046 σασα
2325 3989 2545 4060 ίατῆρα,
2589 3988 2855 4059 Παρθένε,
2907 3988 3279 4059 ὲθεράπευσας
3326 3985 3650 4057 παραδόξως
3678 4000 3692 4014 °

2131 4082 2583 4155 εὐχαριστοῦντές
2616 4098 2699 4133 σοι
2746 4080 2827 4133 διὸ
2856 4079 3261 4151 κραυγάζομεν,
3296 4077 3373 4140 ὡς
3398 4076 3517 4132 Οὐκ
3544 4077 3694 4129 ἐστιν

2131 4175 2359 4246 ἄμωμος
2391 4172 2532 4241 πλὴν
2557 4172 2674 4233 σοῦ,
2712 4172 2996 4225 Δέσποινα.

2201 4353 2275 4406 Τὸ
2300 4351 2445 4423 μέγα
2474 4351 2565 4403 καὶ
2613 4349 2839 4421 φρικτὸν
2887 4348 3184 4421 μυστήριον
3216 4348 3315 4418 τῆς
3342 4345 3558 4418 λοχείας
3604 4363 3693 4400 σου

2131 4445 2502 4515 καταπλήττει
2540 4443 2740 4507 πᾶσαν,
2774 4440 2936 4509 ἁγνὴ,
2978 4439 3208 4502 ἔννοιαν,
3240 4440 3323 4492 ὅτι
3374 4439 3510 4501 Θεὸς
3542 4440 3695 4491 ἐναν-

2131 4534 2418 4607 θρωπῆσαι
2454 4534 2519 4587 ὲκ
2555 4532 2649 4586 σοῦ
2701 4530 2997 4602 ἀγαθότητι
3032 4532 3347 4599 εὐδόκησεν,
3382 4531 3465 4594 είς
3510 4545 3689 4600 σωτη-

2135 4626 2254 4700 ρίαν
2282 4624 2487 4696 κόσμου
2513 4624 2607 4676 καὶ
2638 4622 2963 4677 ἀνάπλασιν.

2218 4716 2389 4787 ’Υπὲρ
2434 4714 2592 4785 ἡμῶν
2638 4714 2733 4767 τὸν
2790 4717 2855 4767 ἐκ
2908 4713 3001 4767 σοῦ
3057 4711 3412 4783 σαρκωθέντα
3474 4712 3696 4784 ἀρρήτῳ

2130 4808 2278 4879 λόγῳ
2316 4808 2575 4871 δυσώπει,
2624 4805 2987 4875 εὐλογημένη,
3012 4805 3161 4867 ὅπως
3213 4802 3509 4875 ῥυσθῶμεν
3561 4806 3692 4873 ὁρω-

2134 4901 2312 4971 μένων
2342 4900 2436 4952 καὶ
2485 4898 2704 4950 πάντων
2734 4896 2983 4967 ἀοράτων
3010 4894 3243 4967 ἐχθρῶν,
3276 4894 3611 4965 πανάμωμε,
3640 4895 3690 4945 οί

2131 4992 2190 5044 σὲ
2223 4990 2482 5044 Θεοτόκον
2509 4987 2678 5058 ἁγνὴν
2694 4988 3174 5057 καταγγέλλοντες.

2211 5230 2334 5304 (68)-
2363 5226 2506 5304 Ergo
2564 5226 2827 5304 immunis
2887 5224 3061 5304 etia_m_
3104 5225 3173 5280 ab
3207 5222 3492 5304 .originall
3526 5220 3700 5304 labe,

2211 5247 2323 5304 (υδὶ
2365 5247 2436 5281 ΒΓ
2473 5247 2506 5284 ο
2564 5247 2827 5282 tmmums
2887 5247 3051 5280 Cllalll
3104 5247 3173 5280 au
3236 5247 3492 5293 orlgmau
3549 5247 3700 5286 nuc,

2135 5300 2376 5370 alioquin
2404 5247 2472 5353 ag
2514 5300 2681 5371 omni
2700 5297 2820 5371 labe
2849 5311 2957 5350 non
2989 5294 3179 5350 fuisset
3207 5294 3491 5371 immunis.
3526 5289 3703 5371 Probe

2133 5363 2372 5427 Joan'nes
2396 5370 2463 5423 de
2501 5368 2716 5438 Agaciis
2749 5366 3154 5438 doctusauctor
3182 5372 3235 5418 et
3262 5363 3611 5438 perantiquus
3646 5363 3703 5414 in

2137 5441 2393 5495 Tractatu
2439 5439 2501 5492 de
2530 5430 3129 5504 cbnceplioneii’irginis
3179 5430 3320 5502 apud
3362 5430 3700 5504 Novarinum

2133 5512 2186 5565 in
2230 5510 2427 5565 Umbra
2487 5500 2732 5577 Virginea
2772 5521 2828 5560 n.
2860 5500 3016 5559 209E
3048 5523 3067 5577 ι
3102 5500 3702 5577 Sicut,_inquit,_'_l£va

2133 5581 2235 5635 fuit
2277 5578 2472 5633 similis
2530 5567 2660 5648 Adae
2715 5578 2778 5648 ad
2824 5575 3257 5648 corruptionem,
3299 5573 3381 5648 ita
3407 5567 3496 5623 'B.
3534 5567 3702 5648 Virgo

2131 5650 2300 5704 Maria
2334 5649 2525 5703 similis
2573 5646 2673 5701 fuit
2716 5644 2932 5698 Christo
2969 5644 3033 5696 ad
3080 5644 3500 5713 reparationem,
3534 5649 3583 5691 et
3615 5644 3701 5690 sic

2130 5733 2352 5786 necesse
2400 5719 2503 5771 fuit
2536 5726 2595 5770 ut
2626 5722 2837 5786 essetqa
2870 5720 3098 5786 peccato
3144 5712 3597 5786 immunis,_sicut
3640 5716 3700 5784 et

2128 5792 2243 5859 ipse
2266 5781 2539 5842 Christus.
2574 5805 2593 5837 ι
2620 5784 2709 5859 Sic
2734 5784 2840 5859 ille.
2870 5781 3207 5859 Non_l'ii_isset
3233 5792 3412 5859 autem
3438 5781 3699 5859 immunis

2126 5848 2196 5914 ab
2231 5858 2379 5913 omni
2424 5859 2562 5920 labe,
2594 5857 2739 5910 sicut
2774 5855 2901 5923 ipse
2943 5852 3218 5923 Christus,
3250 5853 3296 5910 si
3340 5848 3549 5921 peccati
3576 5848 3698 5900 ori-

2126 5930 2320 6000 ginalis
2352 5929 2469 5983 labe
2490 5927 2679 5982 fuisset
2702 5922 2924 5979 inlecta.
