3996 6618
336 552 472 618 ιῑδο

1790 554 2154 614 MARIALE.

3442 542 3583 607 1170

401 662 574 733 Νόμοι
626 662 687 715 ὲν
715 661 799 715 σοὶ
828 660 1183 727 καινίζονται,
1212 660 1479 732 Παρθένε,
1514 664 1609 731 τῆς,
1643 662 1855 730 φύσεως
1881 679 1894 692 ·

2073 659 2289 713 Naturae
2327 659 2472 729 leges
2497 658 2548 712 in
2583 665 2634 712 te
2660 656 3011 718 iunovantur,
3053 667 3086 707 ο
3122 651 3287 722 Virgo
3320 669 3341 705 ι
3377 652 3585 705 etenim

334 754 475 825 ὑπὲρ
498 754 610 823 γὰρ
640 753 802 822 φύσιν
827 770 921 807 σου
953 753 1045 807 τὸν
1065 755 1133 827 τῇ
1169 751 1330 821 φύσει
1354 753 1740 824 ἀκατάληπτον
1773 753 1904 805 Θεὸν

341 846 690 916 Ἐμμανουὴλ
757 845 1077 917 παραδόξως
1132 845 1405 911 τέτοκας,
1451 848 1532 908 είς
1586 845 1745 917 ἡμῶν
1796 846 1905 899 τῶν

329 938 539 991 πιστῶν
566 939 952 1010 ἀναγέννησιν.

402 1030 616 1099 Χωρίον
646 1029 780 1083 Θεοῦ
805 1033 900 1085 καί
931 1031 1196 1086 παλάτιον
1223 1031 1458 1103 τερπνὸν
1484 1032 1580 1085 καὶ
1609 1030 1753 1096 θεῖος
1777 1031 1903 1102 θρό-

334 1138 441 1186 νος,
475 1117 607 1189 ὲνιῷ
631 1123 865 1188 καθίσας
887 1124 1227 1196 ἡτοιμάσατο
1260 1126 1396 1178 πᾶσι
1429 1125 1700 1194 καθέδραν
1734 1124 1900 1195 οὐρά-

326 1226 461 1275 νιον,
498 1209 707 1279 ὤφθης,
740 1212 985 1281 παναγία
1020 1212 1265 1285 Παρθένε
1290 1230 1306 1246 ⁸
1339 1213 1427 1268 διὰ
1452 1213 1612 1267 τοῦτό
1644 1230 1727 1267 σοι
1760 1213 1901 1285 κρά-

327 1300 494 1371 ζομεν
516 1314 534 1331 '
563 1301 919 1374 Εὐλογημένη
951 1306 986 1375 ἡ
1021 1304 1156 1360 Θεὸν
1195 1307 1359 1377 σαρκὶ
1390 1306 1663 1377 κυήσασα.

395 1479 601 1549 Νυγεὶς
636 1480 717 1551 τῷ
739 1481 883 1553 βέλει
919 1482 1013 1537 τοῦ
1044 1483 1240 1556 ἐχθροῦ
1272 1484 1373 1556 τὴν
1404 1485 1607 1557 ψυχὴν,
1638 1487 1901 1552 ὁλοτελῶς

327 1570 793 1641 ὲτραυματίσθην,
838 1574 934 1627 καὶ
981 1574 1180 1629 ἀνίατα
1220 1574 1415 1647 πάσχω
1438 1578 1510 1648 ’ἡ
1539 1577 1628 1631 τὸν
1670 1577 1901 1650 Σωτῆρα

327 1661 567 1729 Χριαὺν
597 1663 854 1735 ἀρρήτως
911 1664 1173 1732 τεκοῦσα,
1209 1667 1556 1739 πανάμωμε,
1600 1669 1751 1723 ῖασαί
1809 1687 1899 1739 με,

329 1752 525 1818 σῶσον,
550 1753 706 1818 ἐλπὶς
719 1755 1184 1827 ἀπηλπισμένων.

393 1844 584 1915 Φωνὴν
619 1844 832 1917 βοῶμέν
865 1864 948 1900 σοι
983 1850 1187 1914 πάντες
1214 1851 1310 1904 τοῦ
1340 1852 1597 1921 ἀγγέλου,
1630 1854 1899 1925 Παρθένε,

325 1933 592 1987 παλάτιον
622 1937 718 1989 καὶ
752 1936 910 2009 θρόνε
940 1939 1034 1993 τοῦ
1065 1940 1201 1994 Θεοῦ
1220 1958 1235 1972 ·
1267 1943 1439 2014 Χαῖρε
1464 1944 1533 1997 δι’
1570 1941 1639 2015 ἦς
1661 1944 1899 2016 ἠξιώθη-

2010 764 2064 804 ιιι
2099 766 2264 822 supra
2293 760 2541 805 naturam
2566 748 2822 821 peperisti
2853 745 3249 801 admirabiliter
3266 743 3585 798 Emmanuel

2013 844 2198 906 Deum,
2240 845 2391 914 quia
2444 854 2639 898 natura
2678 838 3067 911 comprehendi
3101 853 3209 892 non
3269 846 3466 906 potest,
3525 845 3585 890 ut

2008 952 2109 991 nos
2131 936 2317 992 ﬁdeles
2341 944 2708 1006 regeneraret.

2080 1028 2246 1099 [legio
2270 1043 2333 1082 ac
2364 1027 2639 1097 possessio
2675 1025 2787 1090 Dei,
2809 1025 3067 1094 illiusque
3100 1019 3579 1092 palatiumjucun-

2004 1119 2157 1185 dum,
2210 1119 2364 1190 163
2419 1134 2482 1173 ac
2521 1119 2752 1171 thronus
2794 1115 3034 1180 divinus,
3070 1114 3122 1167 in
3163 1129 3272 1183 quo
3315 1111 3579 1170 residens,

2005 1209 2259 1263 omnibus
2290 1209 2564 1264 ccelestem
2599 1208 2782 1263 sedem
2808 1208 3158 1281 praeparavit,
3190 1204 3513 1275 apparuisti,
3544 1216 3578 1255 ο

2005 1299 2171 1370 Virgo
2199 1300 2579 1365 sanctissima;
2610 1300 2732 1355 ideo
2749 1299 2816 1353 ad
2853 1308 2905 1353 te
2932 1300 3268 1353 clamamus:
3294 1296 3586 1350 Benedicta

2005 1405 2087 1457 tu,
2123 1411 2245 1467 qua:
2276 1395 2444 1451 Deum
2473 1398 2527 1450 in
2560 1410 2725 1450 carne
2756 1395 3016 1465 genuisti.

2072 1486 2373 1542 Percussus
2399 1487 2454 1541 in
2477 1486 2665 1539 anima
2691 1484 2870 1540 hostili
2896 1484 3102 1552 jacul‘o,
3136 1490 3281 1537 totus
3325 1481 3568 1549 undique

2001 1577 2317 1632 vulneratus
2358 1592 2505 1641 sum,
2551 1588 2604 1631 et
2636 1576 2966 1632 incurabiles
3008 1575 3188 1645 patior
3219 1574 3439 1627 dolores
3478 1582 3577 1626 :tu

2002 1685 2037 1725 ο
2065 1670 2380 1739 purissima,
2405 1684 2525 1739 quae
2555 1666 2891 1723 Salvatorem
2918 1667 3202 1722 Christum
3230 1663 3578 1719 inel‘fabiliter

2006 1763 2284 1833 peperisti,
2311 1778 2466 1826 sana,
2490 1769 2545 1817 et
2592 1762 2740 1815 salva
2782 1777 2887 1823 me,
2914 1776 2947 1815 ο
2982 1775 3107 1829 spes
3131 1760 3568 1827 desperatorum.

2072 1854 2350 1921 Angelicis
2408 1855 2636 1909 vocibus
2689 1854 2757 1908 ad
2824 1863 2875 1907 te
2942 1853 3244 1907 clamamus
3297 1864 3509 1914 omnes,
3547 1864 3583 1903 ο

2003 1940 2187 2013 Virgo,
2209 1943 2487 2012 palatium,
2520 1956 2583 1997 ac
2618 1942 2850 1996 thronus
2898 1939 2992 1995 Dei
3029 1957 3043 1993 :
3080 1938 3264 2003 Salve,
3290 1954 3323 1993 ο
3360 1948 3417 1993 ιιι
3483 1953 3580 2006 per

328 2040 432 2093 μεν
482 2025 725 2097 οὐρανῶν
774 2027 1069 2098 βασιλείας,
1119 2032 1171 2083 οί
1225 2033 1396 2087 πάλαι
1456 2035 1802 2100 ἀπωσθέντες
1829 2039 1896 2109 τῇ

2015 2049 2163 2104 luam
2214 2034 2367 2105 digni
2408 2033 2533 2090 facti
2559 2049 2751 2090 sumus
2784 2034 3046 2089 caelorum
3092 2047 3283 2102 regno,
3311 2031 3402 2100 qui
3445 2031 3576 2084 olim

325 2117 523 2187 φθορᾷ,
539 2117 635 2170 καί
652 2118 713 2171 τὸ
732 2119 926 2185 κάλλος
940 2121 1001 2175 τὸ
1019 2122 1234 2193 πρῶτον
1252 2126 1500 2197 ἀφρόνως
1516 2127 1901 2195 ἀπολέσαντες.

342 2335 444 2390 Ἐκ
481 2339 589 2394 τοῦ
608 2341 872 2407 Κανόνος
902 2343 988 2417 εἰς
1006 2342 1151 2417 τοὺς
1170 2344 1383 2417 ἁγίους
1405 2345 1713 2417 μάρτυρας
1739 2350 1905 2405 Φλῶ-

687 2428 804 2480 ρον
834 2411 933 2466 καί
960 2411 1226 2483 Λαῦρον,
1246 2411 1436 2485 ἠμέρᾲ
1460 2411 1551 2489 ιη’.

401 2546 740 2616 Παρθενικῆς
767 2546 876 2602 ἀπὸ
904 2548 1141 2619 γαστρὸς
1171 2548 1538 2621 ὲόλάστησας,
1584 2552 1712 2624 ῥίζα
1765 2554 1894 2610 ἀπόο

322 2653 503 2701 τιστε,
548 2637 638 2689 τὸν
674 2640 979 2710 φυτουργὸν
1002 2641 1222 2697 πάντων
1268 2643 1555 2716 ἄνθρωπον
1590 2647 1900 2718 γενόμενον,

324 2729 423 2782 καὶ
454 2729 604 2801 πάθη
638 2732 1030 2802 ὑπομείναντα,
1058 2735 1119 2790 ὃν
1140 2735 1435 2801 ποθοῦντες
1449 2739 1499 2791 οί
1527 2738 1662 2793 θεῖοι
1694 2740 1903 2805 πιστῶς

325 2820 631 2891 ἐνήθλησαν
679 2824 974 2897 μάρτυρες,
1004 2827 1241 2899 άχραντε
1279 2827 1527 2901 Παρθένε
1559 2830 1900 2904 πανύμνητε.

411 3000 784 3073 ’Δπειρόγαμε
838 3002 1002 3074 κόρη,
1026 3003 1096 3057 δι’
1141 2999 1210 3077 ἦς
1248 3005 1381 3076 ἡμῖν
1423 3004 1633 3077 ἔλαμψε
1660 3007 1834 3078 Λόγος
1870 3008 1899 3063 6

324 3091 584 3147 ἐπέκεινα
631 3096 813 3166 πάσης
858 3096 1035 3166 ἀρχῆς
1071 3097 1383 3168 νοούμενος,
1418 3099 1559 3163 σῶζε
1598 3099 1698 3173 τὴν
1741 3101 1900 3154 πόλιν

330 3199 446 3247 σου,
462 3184 554 3237 καὶ
574 3188 755 3240 πᾶσαν
778 3188 872 3242 πό)
886 3207 933 3242 ιν
958 3191 1053 3244 καὶ
1082 3191 1267 3263 χώραν
1292 3193 1477 3264 πάσης
1501 3194 1915 3266 περιστάσεως,

329 3274 717 3347 θεοχαρίτωτε.

418 3467 506 3532 Ὠς
540 3470 785 3543 καθαρὰν
821 3474 933 3529 τῶν
955 3478 1159 3546 γενεῶν
1205 3479 1507 3546 ἐξελέξατο,
1538 3480 1793 3549 Θεοτόκε,
1838 3485 1899 3536 σὲ

337 3558 437 3627 τὴν
476 3560 859 3633 Ἀειπάρθενον
890 3567 920 3619 ὀ
959 3568 1335 3642 πλαστουργδς
1370 3572 1590 3626 πάντων
1619 3573 1714 3627 καὶ
1742 3572 1894 3637 Θεὸς,

327 3648 425 3701 καὶ
446 3650 546 3721 τὴν
574 3652 675 3719 σὴν
698 3656 941 3729 γαστέρα
971 3660 1235 3716 παλάτιον
1257 3663 1640 3736 ἀπειργάσατο
1669 3665 1902 3734 suam.

326 3754 418 3791 τον
452 3741 480 3792 ὁ
509 3741 671 3809 μόνος
704 3745 968 3813 Βασιλεὺς
999 3750 1109 3805 τῶν
1141 3752 1381 3823 αίώνων,
1410 3756 1505 3810 καὶ
1529 3755 1595 3809 ὲκ
1639 3756 1735 3810 σοῦ
1785 3760 1899 3823 τοῖς

328 3829 637 3902 ἀνθρώποις
673 3838 942 3908 ἐπεφάνη.

400 3942 475 4035 Τὸ
528 3947 635 4016 πρὸ
714 3951 933 4007 πάντων
977 3954 1189 4010 αἰώνων
1220 3999 1236 4023 ,
1288 3958 1425 4031 κόρη
1452 4001 1468 4026 ,
1530 3961 1899 4035 ἀποκείμενον

336 4032 481 4102 μέγα
532 4042 852 4113 μυστήριον,
876 4044 1011 4115 ὅπερ
1038 4047 1139 4101 οὐκ
1166 4048 1412 4121 ἐγνώσθη
1446 4053 1663 4121 γενεαῖς
1690 4032 1899 4124 προλα-

328 4124 573 4194 σούσαις,
607 4134 937 4206 πανάμωμε,
963 4138 1051 4191 διὰ
1084 4140 1178 4193 σου
1206 4140 1403 4214 ἐφάνη,
1434 4144 1611 4212 Λόγος
1660 4146 1897 4217 Πατρδς,

327 4217 358 4268 ὁ
388 4219 493 4289 πρὸ
518 4220 730 4279 αἰώνων
762 4229 1070 4299 σαρκωθεὶς
1116 4232 1211 4286 καὶ
1252 4235 1545 4305 γενόμενος
1575 4236 1887 4309 ἄνθρωπος.

392 4405 675 4464 Νοσοῦσάν
697 4429 798 4482 μου
839 4415 937 4487 τὴν
962 4416 1141 4492 ψυχὴν
1172 4424 1237 4494 τῇ
1264 4423 1510 4497 ἁμαρτίᾳ
1532 4426 1896 4497 θεράπευσον,

324 4494 417 4548 τὸν
438 4498 623 4572 ἰατρὸν
636 4505 742 4557 τῶν
770 4507 960 4579 ψυχῶν
990 4513 1262 4583 κυήσασα,
1296 4516 1562 4587 πάναγνε,
1594 4520 1653 4573 ὃν
1676 4523 1725 4575 οἱ
1766 4521 1900 4577 θεῖοι

326 4590 606 4664 μάρτυρες
621 4596 1133 4672 καθομολογοῦντες,
1155 4606 1331 4678 ίατροὶ
1349 4610 1539 4665 παθῶν
1555 4613 1894 4686 ἐδείχθησαν.

405 4769 494 4834 Ὠς
513 4774 665 4844 ῥόδον
704 4777 965 4834 κοιλάδων
1002 4798 1059 4836 σε
1087 4783 1181 4838 τοῦ
1208 4784 1349 4855 βίου,
1382 4786 1558 4859 Κόρη,
1584 4789 1716 4854 Θεὸς
1738 4791 1894 4847 ἐκλέ-

321 4878 504 4930 γεται,
539 4868 634 4920 καὶ
680 4867 737 4922 ὲν
766 4872 848 4924 σοὶ
888 4876 1226 4947 κατοικήσας
1280 4879 1447 4950 σαρκὶ
1485 4881 1757 4951 προῆλθεν
1807 4884 1898 4937 εὑ-

319 4954 554 5047 ωδιάζον
570 4960 715 5027 ἡμᾶς
737 4960 1071 5031 θεογνωσίας
1093 4971 1304 5035 πνοαῖς,
1334 4974 1744 5047 παναμώμητε,
1767 4978 1894 5042 τοὺς

318 5045 582 5102 Θεοτόκον
611 5052 699 5104 ἀεί
734 5070 792 5106 σε
817 5057 1239 5128 ὁμολογοῦντας.

407 5230 708 5306 ’Δγιωτέρα
777 5238 1032 5309 πέφυκας
1098 5243 1211 5297 τῶν
1259 5245 1532 5314 ἀγγέλων,
1594 5248 1846 5320 κυήσασα
1878 5290 1895 5318 ,

318 5323 474 5394 Κόρη
508 5328 768 5397 παναγία,
796 5331 905 5386 τῶν
944 5333 1117 5401 ἁγίων
1140 5335 1330 5403 Ἀγιον
1362 5338 1432 5391 δι’
1458 5335 1641 5393 οἶκτον
1670 5343 1899 5413 γενόμε-

316 5433 409 5469 νον
439 5418 745 5491 ἄνθρωπον,
787 5422 975 5495 ὥσπερ
1017 5428 1516 5503 ἐσμὲν,ἀφὺρτως,
1552 5434 1725 5488 σῶσαι
1772 5437 1898 5501 τοὺς

316 5511 471 5582 αὐτῷ
498 5514 847 5583 ἀναὸοιῖιντας
876 5521 1190 5588 ἀπαύστως
1218 5524 1282 5579 Οί
1332 5526 1523 5591 παῖδες
1541 5568 1557 5594 ,
1599 5530 1895 5601 εὐλογεῖτε,

319 5602 512 5676 ἱερεῖς,
547 5608 889 5682 ὑπερυψοῦτε
912 5614 1138 5687 Κύριον.

390 5790 599 5862 Φρικτή
656 5810 748 5847 σου
803 5796 835 5866 ἠ
899 5797 1104 5867 λοχεία,
1141 5800 1333 5871 Μῆτερ
1400 5802 1541 5874 ἁγνή
1577 5820 1591 5835 ο
1644 5804 1896 5873 οὐρανῶν

317 5878 433 5951 γὰρ
466 5881 526 5934 ὂν
569 5884 761 5954 τρέμει
805 5886 875 5940 τὰ
916 5889 1195 5959 τάγματα,
1236 5892 1409 5961 Λόγον
1439 5893 1574 5946 Θεοῦ
1611 5894 1897 5967 ἄνθρωπον

318 5972 617 6043 γενόμενον
660 5979 751 6032 ἐπὶ
815 5982 917 6052 γῆς
985 5982 1279 6053 ὑπερφυῶς
1326 5984 1567 6056 ἐκύησας
1603 6027 1617 6050 ,
1660 5988 1895 6055 μείνασα

2004 2134 2223 2195 propter
2244 2125 2650 2197 corruptionem
2680 2124 2869 2195 procul
2895 2123 3094 2193 repulsi
3124 2138 3364 2185 eramus,
3389 2131 3443 2177 ct
3464 2124 3579 2191 pri-

2006 2232 2155 2271 mum
2188 2216 2437 2271 decorem
2468 2217 2792 2286 insipienter
2824 2216 3207 2270 amiseramus.

2007 2352 2091 2407 Ea:
2118 2352 2329 2410 Conone
2368 2354 2425 2408 in
2465 2353 2598 2423 festo
2767 2351 2944 2475 1F810ri,
2985 2360 3033 2408 et
3058 2349 3226 2406 Lauri
3262 2358 3580 2419 martyrum,

2686 2440 2735 2476 te
2839 2462 2853 2476 .

2686 2440 2735 2477 ιε
2767 2440 2853 2476 ιδ.

2074 2556 2120 2612 Λ
2159 2555 2421 2626 Virginali
2455 2555 2664 2627 gremio
2699 2554 2999 2626 protulisti,
3045 2568 3079 2608 ο
3106 2553 3261 2608 radix
3301 2568 3579 2621 nunquam

2003 2648 2249 2719 irrigata,
2306 2649 2668 2719 plautatorcm
2721 2647 2993 2712 omnium,
3024 2645 3299 2701 hominem
3352 2644 3578 2706 laetum,

2003 2741 2350 2811 passionibus
2382 2740 2679 2795 tolerandis
2720 2739 3046 2800 obnoxium,
3095 2738 3255 2809 cujus
3286 2753 3473 2792 amore
3500 2737 3584 2791 al-

2002 2832 2125 2887 lecti
2150 2832 2319 2887 divini
2343 2843 2630 2906 martyres,
2656 2835 2887 2890 ﬁdeliter
2905 2835 3119 2889 decerta
3130 2841 3352 2898 verunt,
3371 2848 3403 2888 ο
3424 2832 3585 2902 Virgo

2002 2923 2342 2992 intemerata,
2374 2928 2524 2982 omni
2553 2928 2711 2983 laude
2750 2928 3096 2983 celebranda.

2072 3015 2329 3086 Opuella,
2362 3019 2623 3089 nuptialis
2654 3019 2879 3074 thalami
2903 3020 3112 3081 nescia,
3137 3032 3233 3088 per
3250 3032 3414 3088 quam
3442 3016 3582 3074 Ver-

2000 3108 2154 3171 bum.
2190 3109 2339 3178 quod
2362 3111 2617 3178 superius
2643 3111 2792 3165 omni
2822 3110 3094 3180 principio
3120 3110 3458 3179 intelligitur,
3482 3123 3581 3163 no-

2000 3199 2085 3256 bis
2118 3199 2319 3268 illuxit,
2348 3202 2554 3257 salvam
2577 3204 2849 3258 civitatem
2878 3215 3043 3267 tuam,
3064 3216 3392 3271 omnemque
3414 3201 3577 3255 aliam

2001 3294 2275 3350 civitatem
2313 3308 2377 3349 ac
2406 3294 2676 3365 regionem
2702 3295 2771 3349 ab
2786 3296 2935 3349 omni
2963 3295 3353 3349 circumstante
3373 3293 3572 3349 adver-

1924 3390 1967 3447 C
2001 3386 2183 3451 sitate,
2211 3400 2245 3441 ο
2284 3384 2395 3441 Deo
2422 3387 2764 3442 charissima.

2070 3478 2299 3533 Creator
2314 3478 2559 3533 omnium
2590 3495 2654 3533 ac
2675 3479 2834 3544 Deus,
2861 3489 2912 3533 te
2937 3487 3195 3549 tanquam
3225 3478 3484 3533 mundam
3511 3492 3577 3533 ex

1999 3572 2253 3627 omnibus
2284 3572 2724 3640 generationibus
2745 3572 2906 3641 elegit
2931 3614 2945 3637 ,
2976 3586 3193 3641 semper
3229 3572 3515 3641 virginem,
3542 3586 3576 3627 ο

2002 3659 2258 3730 Deipara:
2292 3672 2552 3733 tuumque
2586 3672 2828 3717 ventrem
2862 3663 3123 3733 palatium
3154 3663 3283 3718 fecit
3306 3664 3575 3720 immacu-

2000 3751 2171 3807 latum
2217 3753 2369 3809 solus
2394 3752 2508 3808 Rex
2556 3754 2906 3818 saeculorum,
2952 3763 3007 3808 et
3042 3770 3104 3809 ex
3155 3764 3207 3809 te
3262 3755 3576 3813 hominibus

2000 3845 2272 3914 apparuit.

2071 3956 2323 4027 Magnum
2354 3958 2693 4028 mysterium,
2727 3966 2853 4013 ante
2881 3960 3065 4014 omnia
3112 3960 3310 4016 srecrda
3337 3960 3571 4015 abscon-

2000 4047 2203 4111 ditum,
2236 4048 2381 4117 quod
2407 4064 2749 4119 nequaquam
2781 4051 3059 4120 cognitum
3091 4050 3191 4104 fuit
3215 4067 3245 4105 a
3269 4053 3571 4121 generatim

2001 4139 2160 4192 nibus
2209 4139 2677 4208 praecedentibus,
2735 4155 2833 4208 per
2888 4150 2979 4204 tc,
3018 4155 3051 4192 ο
3096 4140 3527 4211 inculpatissima
3554 4180 3569 4205 ,

2002 4230 2407 4286 manifestatum
2455 4241 2572 4286 est:
2605 4231 2842 4286 Verbum
2900 4231 3059 4303 164
3104 4232 3312 4287 scilicet
3351 4231 3566 4298 Patris,

2002 4325 2142 4392 quod
2161 4334 2277 4378 erat
2301 4330 2427 4377 ante
2449 4323 2645 4378 saecula
2662 4366 2677 4391 ,
2703 4324 3069 4388 incarnatum,
3094 4335 3147 4379 et
3165 4326 3328 4380 homo
3345 4325 3569 4382 factum.

2074 4413 2447 4483 Aigrotautem
2521 4416 2759 4484 peccatis
2811 4417 3049 4470 animam
3100 4432 3297 4484 meam,
3363 4421 3571 4475 medica

2002 4522 2165 4561 manu
2194 4522 2343 4570 cura,
2383 4522 2416 4561 o
2444 4507 2773 4575 castissima,
2810 4517 2865 4560 tu
2890 4523 3011 4576 quae
3044 4508 3351 4563 animarum
3386 4512 3563 4565 medi-

2001 4613 2124 4654 Cum
2173 4598 2428 4669 genuisti,
2483 4614 2645 4669 quem
2693 4599 2865 4654 divini
2893 4608 3160 4671 martyres
3215 4603 3565 4666 conﬁtentes,

1922 4722 1977 4784 Β
2004 4691 2196 4746 medici
2235 4692 2549 4762 passionum
2574 4690 2700 4747 facti
2726 4702 2873 4748 sunt.

2071 4782 2352 4853 Tanquam
2404 4799 2588 4840 rosam
2634 4786 2987 4851 convallium,
3028 4796 3080 4843 te
3116 4787 3261 4845 Deus
3292 4790 3453 4861 elegit
3482 4806 3550 4847 ex

1998 4873 2129 4936 vita,
2165 4889 2198 4928 o
2227 4874 2433 4944 puella;
2455 4891 2687 4945 cumque
2715 4876 2768 4930 in
2797 4890 2846 4931 te
2877 4877 3257 4943 inhabitasset,
3276 4881 3570 4937 secundum

1997 4982 2215 5020 carnem
2252 4970 2537 5038 processit,
2574 4968 2765 5023 amans
2794 4969 3126 5025 suavissimo
3164 4971 3362 5026 divinae
3391 4974 3572 5028 scien-

1998 5061 2087 5115 tiae
2111 5061 2276 5113 halitu
2311 5078 2431 5128 nos,
2461 5062 2552 5130 qui
2583 5071 2635 5116 te
2666 5060 2950 5130 Deiparam
2973 5078 3190 5133 semper
3221 5067 3568 5131 conﬁtemur,

2000 5166 2030 5206 ο
2062 5152 2372 5221 purissima.

2071 5243 2324 5298 Sanctior
2351 5243 2560 5315 angelis
2577 5242 2802 5312 fuisti,o
2826 5244 3002 5314 puella
3031 5246 3405 5315 sanctissima,
3434 5246 3577 5302 San-

2000 5342 2147 5389 ctum
2170 5346 2488 5391 sanctorum
2520 5336 2703 5401 enixa,
2726 5347 2944 5408 prOpter
2965 5338 3568 5410 suammisericordiam

2000 5427 2274 5483 hominem
2297 5428 2522 5493 fartum,
2558 5430 2750 5500 quales
2773 5447 2873 5485 nos
2900 5446 3112 5497 sumus,
3142 5431 3262 5486 sine
3294 5430 3403 5485 ulla
3445 5447 3568 5500 pcr-

2000 5521 2277 5587 mistionc,
2318 5531 2373 5576 ut
2412 5522 2643 5577 salvaret
2669 5538 2789 5589 eos,
2813 5522 2906 5592 qui
2963 5522 3297 5577 incessanter
3334 5523 3571 5578 clamant

2000 5615 2076 5669 illi
2111 5632 2123 5669 :
2166 5612 2347 5677 Pueri,
2396 5614 2747 5679 benedicite;
2789 5616 3119 5677 sacerdotes,
3163 5613 3568 5684 superexaltate

2000 5707 2289 5760 Dominum

2067 5798 2405 5853 Tremendus
2452 5808 2535 5853 est
2568 5809 2757 5867 partus
2782 5807 2927 5863 tuus,
2960 5813 2992 5852 0
3019 5807 3165 5852 casta
3199 5808 3409 5863 mater;
3436 5796 3569 5849 Ver-

1998 5894 2127 5949 bum
2160 5894 2303 5945 enim
2341 5892 2457 5958 Dei,
2490 5890 2632 5961 quod
2652 5893 2912 5947 crclorum
2943 5890 3087 5945 acies
3114 5889 3566 5949 contremiscunt.

2002 5984 2277 6038 hominem
2323 5984 2549 6048 factum,
2585 5983 2638 6038 in
2678 5994 2842 6049 terra,
2874 5998 3036 6053 supra
3081 5993 3290 6036 natura}
3321 5980 3569 6033 ordinem
